  <div class='ocr_page' id='page_1' title='image "/cluster/home/n/w/nwhite01/storage/ocr_20150623/146/hvd.32044019208347/640.png"; bbox 0 0 4036 6558; ppageno 0'>
   <div class='ocr_carea' id='block_1_1' title="bbox 243 480 3484 578">
    <p class='ocr_par' dir='ltr' id='par_1_1' title="bbox 243 480 3484 578">
     <span class='ocr_line' id='line_1_1' title="bbox 243 480 3484 578; baseline 0.005 -19"><span class='ocrx_word' id='word_1_1' title='bbox 243 502 379 562; x_wconf 52' lang='lat' dir='ltr'><strong>iens</strong></span> <span class='ocrx_word' id='word_1_2' title='bbox 1143 480 1742 571; x_wconf 66' lang='lat' dir='ltr'><strong>ECCLESIASTlCiE</strong></span> <span class='ocrx_word' id='word_1_3' title='bbox 1781 508 2166 573; x_wconf 67' lang='lat' dir='ltr'><strong>HISTORIAE</strong></span> <span class='ocrx_word' id='word_1_4' title='bbox 2201 515 2349 578; x_wconf 87' lang='lat' dir='ltr'><strong>LlB.</strong></span> <span class='ocrx_word' id='word_1_5' title='bbox 2389 515 2547 578; x_wconf 84' lang='lat' dir='ltr'><strong>xw.</strong></span> <span class='ocrx_word' id='word_1_6' title='bbox 3346 505 3484 573; x_wconf 73' lang='lat'><strong>1266</strong></span> 
     </span>
    </p>
   </div>
   <div class='ocr_carea' id='block_1_2' title="bbox 228 617 3488 695">
    <p class='ocr_par' dir='ltr' id='par_1_2' title="bbox 228 617 3488 695">
     <span class='ocr_line' id='line_1_2' title="bbox 228 617 3488 695; baseline 0.003 -32"><span class='ocrx_word' id='word_1_7' title='bbox 228 629 351 664; x_wconf 73' lang='lat' dir='ltr'><strong>rum</strong></span> <span class='ocrx_word' id='word_1_8' title='bbox 395 630 526 667; x_wconf 64' lang='grc' dir='ltr'>υτςεο</span> <span class='ocrx_word' id='word_1_9' title='bbox 570 634 583 670; x_wconf 89' lang='lat'><strong>:</strong></span> <span class='ocrx_word' id='word_1_10' title='bbox 626 617 736 672; x_wconf 78' lang='lat' dir='ltr'><strong>Deo</strong></span> <span class='ocrx_word' id='word_1_11' title='bbox 785 620 1122 693; x_wconf 78' lang='lat' dir='ltr'><strong>autem-ipsi</strong></span> <span class='ocrx_word' id='word_1_12' title='bbox 1165 622 1415 679; x_wconf 87' lang='lat' dir='ltr'><strong>volentes</strong></span> <span class='ocrx_word' id='word_1_13' title='bbox 1457 638 1561 681; x_wconf 90' lang='lat' dir='ltr'><strong>nos</strong></span> <span class='ocrx_word' id='word_1_14' title='bbox 1618 640 1813 695; x_wconf 87' lang='lat' dir='ltr'><strong>parcre</strong></span> <span class='ocrx_word' id='word_1_15' title='bbox 1851 627 2129 683; x_wconf 84' lang='lat' dir='ltr'><strong>convenit.</strong></span> <span class='ocrx_word' id='word_1_16' title='bbox 2204 628 2301 686; x_wconf 92' lang='lat' dir='ltr'><strong>Sin</strong></span> <span class='ocrx_word' id='word_1_17' title='bbox 2346 645 2434 685; x_wconf 88' lang='lat' dir='ltr'><strong>me</strong></span> <span class='ocrx_word' id='word_1_18' title='bbox 2482 627 2549 684; x_wconf 86' lang='lat' dir='ltr'><strong>ad</strong></span> <span class='ocrx_word' id='word_1_19' title='bbox 2597 641 2815 683; x_wconf 88' lang='lat' dir='ltr'><strong>sacrum</strong></span> <span class='ocrx_word' id='word_1_20' title='bbox 2849 625 3165 683; x_wconf 86' lang='lat' dir='ltr'><strong>obeundum</strong></span> <span class='ocrx_word' id='word_1_21' title='bbox 3234 622 3488 678; x_wconf 81' lang='lat' dir='ltr'><strong>ministe-</strong></span> 
     </span>
    </p>
   </div>
   <div class='ocr_carea' id='block_1_3' title="bbox 228 709 3487 791">
    <p class='ocr_par' dir='ltr' id='par_1_3' title="bbox 228 709 3487 791">
     <span class='ocr_line' id='line_1_3' title="bbox 228 709 3487 791; baseline 0.003 -33"><span class='ocrx_word' id='word_1_22' title='bbox 228 709 377 759; x_wconf 66' lang='lat' dir='ltr'><strong>rium</strong></span> <span class='ocrx_word' id='word_1_23' title='bbox 407 723 522 762; x_wconf 66' lang='lat' dir='ltr'><strong>non</strong></span> <span class='ocrx_word' id='word_1_24' title='bbox 567 710 807 769; x_wconf 69' lang='lat' dir='ltr'><strong>admittit</strong></span> <span class='ocrx_word' id='word_1_25' title='bbox 855 714 1020 782; x_wconf 87' lang='lat' dir='ltr'><strong>Deus,</strong></span> <span class='ocrx_word' id='word_1_26' title='bbox 1054 714 1125 772; x_wconf 83' lang='lat' dir='ltr'><strong>ab</strong></span> <span class='ocrx_word' id='word_1_27' title='bbox 1159 715 1282 787; x_wconf 86' lang='lat' dir='ltr'><strong>ipso</strong></span> <span class='ocrx_word' id='word_1_28' title='bbox 1314 718 1499 775; x_wconf 91' lang='lat' dir='ltr'><strong>statim</strong></span> <span class='ocrx_word' id='word_1_29' title='bbox 1549 718 1710 775; x_wconf 91' lang='lat' dir='ltr'><strong>initio</strong></span> <span class='ocrx_word' id='word_1_30' title='bbox 1758 721 1812 775; x_wconf 89' lang='lat' dir='ltr'><strong>in</strong></span> <span class='ocrx_word' id='word_1_31' title='bbox 1850 735 1936 776; x_wconf 90' lang='lat' dir='ltr'><strong>me</strong></span> <span class='ocrx_word' id='word_1_32' title='bbox 1970 738 2084 778; x_wconf 91' lang='lat' dir='ltr'><strong>rem</strong></span> <span class='ocrx_word' id='word_1_33' title='bbox 2153 723 2555 778; x_wconf 83' lang='lat' dir='ltr'><strong>divinissimam</strong></span> <span class='ocrx_word' id='word_1_34' title='bbox 2600 722 2885 778; x_wconf 73' lang='lat' dir='ltr'><strong>veritatem</strong></span> <span class='ocrx_word' id='word_1_35' title='bbox 2930 723 3105 791; x_wconf 58' lang='lat' dir='ltr'><strong>ips-am</strong></span> <span class='ocrx_word' id='word_1_36' title='bbox 3170 714 3487 788; x_wconf 60' lang='lat' dir='ltr'><strong>compleeth</strong></span> 
     </span>
    </p>
   </div>
   <div class='ocr_carea' id='block_1_4' title="bbox 227 805 3491 888">
    <p class='ocr_par' dir='ltr' id='par_1_4' title="bbox 227 805 3491 888">
     <span class='ocr_line' id='line_1_4' title="bbox 227 805 3491 888; baseline 0.004 -40"><span class='ocrx_word' id='word_1_37' title='bbox 227 815 408 868; x_wconf 66' lang='lat' dir='ltr'><strong>neque</strong></span> <span class='ocrx_word' id='word_1_38' title='bbox 446 820 549 871; x_wconf 77' lang='lat' dir='ltr'><strong>per</strong></span> <span class='ocrx_word' id='word_1_39' title='bbox 583 805 636 858; x_wconf 90' lang='lat' dir='ltr'><strong>id</strong></span> <span class='ocrx_word' id='word_1_40' title='bbox 670 809 816 876; x_wconf 84' lang='lat' dir='ltr'><strong>quod</strong></span> <span class='ocrx_word' id='word_1_41' title='bbox 858 807 938 862; x_wconf 83' lang='lat' dir='ltr'><strong>illi</strong></span> <span class='ocrx_word' id='word_1_42' title='bbox 1002 810 1239 866; x_wconf 80' lang='lat' dir='ltr'><strong>maxime</strong></span> <span class='ocrx_word' id='word_1_43' title='bbox 1288 820 1581 882; x_wconf 75' lang='lat' dir='ltr'><strong>repugnat,</strong></span> <span class='ocrx_word' id='word_1_44' title='bbox 1629 813 1972 869; x_wconf 83' lang='lat' dir='ltr'><strong>mendacium</strong></span> <span class='ocrx_word' id='word_1_45' title='bbox 2045 816 2277 881; x_wconf 73' lang='lat' dir='ltr'><strong>scilicet,</strong></span> <span class='ocrx_word' id='word_1_46' title='bbox 2325 816 2666 872; x_wconf 80' lang='lat' dir='ltr'><strong>iunctionem</strong></span> <span class='ocrx_word' id='word_1_47' title='bbox 2734 816 2910 888; x_wconf 80' lang='lat' dir='ltr'><strong>ipsius</strong></span> <span class='ocrx_word' id='word_1_48' title='bbox 2976 813 3258 881; x_wconf 87' lang='lat' dir='ltr'><strong>suscipere</strong></span> <span class='ocrx_word' id='word_1_49' title='bbox 3309 810 3491 864; x_wconf 89' lang='lat' dir='ltr'><strong>decet.</strong></span> 
     </span>
    </p>
   </div>
   <div class='ocr_carea' id='block_1_5' title="bbox 228 894 3494 982">
    <p class='ocr_par' dir='ltr' id='par_1_5' title="bbox 228 894 3494 982">
     <span class='ocr_line' id='line_1_5' title="bbox 228 894 3494 982; baseline 0.003 -35"><span class='ocrx_word' id='word_1_50' title='bbox 228 894 333 949; x_wconf 64' lang='grc' dir='ltr'><strong>1³.ιο</strong></span> <span class='ocrx_word' id='word_1_51' title='bbox 369 896 547 965; x_wconf 79' lang='lat' dir='ltr'><strong>igitur</strong></span> <span class='ocrx_word' id='word_1_52' title='bbox 595 910 652 953; x_wconf 88' lang='lat' dir='ltr'><strong>ut</strong></span> <span class='ocrx_word' id='word_1_53' title='bbox 689 901 1004 958; x_wconf 82' lang='lat' dir='ltr'><strong>scholastici</strong></span> <span class='ocrx_word' id='word_1_54' title='bbox 1036 904 1155 961; x_wconf 68' lang='lat' dir='ltr'><strong>haec</strong></span> <span class='ocrx_word' id='word_1_55' title='bbox 1204 904 1401 970; x_wconf 88' lang='lat' dir='ltr'><strong>sciant,</strong></span> <span class='ocrx_word' id='word_1_56' title='bbox 1450 914 1508 962; x_wconf 91' lang='lat' dir='ltr'><strong>et</strong></span> <span class='ocrx_word' id='word_1_57' title='bbox 1556 906 1624 961; x_wconf 88' lang='lat' dir='ltr'><strong>ad</strong></span> <span class='ocrx_word' id='word_1_58' title='bbox 1693 907 1846 962; x_wconf 88' lang='lat' dir='ltr'><strong>illum</strong></span> <span class='ocrx_word' id='word_1_59' title='bbox 1889 910 2149 964; x_wconf 80' lang='lat' dir='ltr'><strong>referant.</strong></span> <span class='ocrx_word' id='word_1_60' title='bbox 2190 929 2209 963; x_wconf 75' lang='grc' dir='ltr'><strong>ι</strong></span> <span class='ocrx_word' id='word_1_61' title='bbox 2249 908 2517 982; x_wconf 89' lang='lat' dir='ltr'><strong>Syuesius</strong></span> <span class='ocrx_word' id='word_1_62' title='bbox 2546 909 2769 982; x_wconf 85' lang='lat' dir='ltr'><strong>quidem</strong></span> <span class='ocrx_word' id='word_1_63' title='bbox 2835 909 2957 962; x_wconf 66' lang='lat' dir='ltr'><strong>hare</strong></span> <span class='ocrx_word' id='word_1_64' title='bbox 2997 905 3265 970; x_wconf 72' lang='lat' dir='ltr'><strong>scribens,</strong></span> <span class='ocrx_word' id='word_1_65' title='bbox 3300 911 3494 972; x_wconf 81' lang='lat' dir='ltr'><strong>aperte</strong></span> 
     </span>
    </p>
   </div>
   <div class='ocr_carea' id='block_1_6' title="bbox 227 989 3497 1072">
    <p class='ocr_par' dir='ltr' id='par_1_6' title="bbox 227 989 3497 1072">
     <span class='ocr_line' id='line_1_6' title="bbox 227 989 3497 1072; baseline 0.002 -32"><span class='ocrx_word' id='word_1_66' title='bbox 227 989 647 1046; x_wconf 64' lang='lat' dir='ltr'><strong>sacerdotalem</strong></span> <span class='ocrx_word' id='word_1_67' title='bbox 676 991 1000 1063; x_wconf 80' lang='lat' dir='ltr'><strong>dignitatem</strong></span> <span class='ocrx_word' id='word_1_68' title='bbox 1035 1003 1323 1052; x_wconf 81' lang='lat' dir='ltr'><strong>aversatus</strong></span> <span class='ocrx_word' id='word_1_69' title='bbox 1365 1006 1472 1061; x_wconf 88' lang='lat' dir='ltr'><strong>est,</strong></span> <span class='ocrx_word' id='word_1_70' title='bbox 1499 995 1593 1053; x_wconf 86' lang='lat' dir='ltr'><strong>sed</strong></span> <span class='ocrx_word' id='word_1_71' title='bbox 1629 1007 1809 1053; x_wconf 86' lang='lat' dir='ltr'><strong>tamen</strong></span> <span class='ocrx_word' id='word_1_72' title='bbox 1852 1014 2072 1055; x_wconf 84' lang='lat' dir='ltr'><strong>sacrum</strong></span> <span class='ocrx_word' id='word_1_73' title='bbox 2141 1017 2344 1057; x_wconf 89' lang='lat' dir='ltr'><strong>munus</strong></span> <span class='ocrx_word' id='word_1_74' title='bbox 2404 1016 2526 1057; x_wconf 85' lang='lat' dir='ltr'><strong>.non</strong></span> <span class='ocrx_word' id='word_1_75' title='bbox 2574 1001 2790 1072; x_wconf 74' lang='lat' dir='ltr'><strong>effugit.</strong></span> <span class='ocrx_word' id='word_1_76' title='bbox 2842 998 2969 1055; x_wconf 59' lang='lat' dir='ltr'><strong>Haec</strong></span> <span class='ocrx_word' id='word_1_77' title='bbox 3010 1012 3113 1069; x_wconf 80' lang='lat' dir='ltr'><strong>ego</strong></span> <span class='ocrx_word' id='word_1_78' title='bbox 3154 1012 3222 1053; x_wconf 92' lang='lat' dir='ltr'><strong>eo</strong></span> <span class='ocrx_word' id='word_1_79' title='bbox 3264 994 3497 1051; x_wconf 86' lang='lat' dir='ltr'><strong>consilio</strong></span> 
     </span>
    </p>
   </div>
   <div class='ocr_carea' id='block_1_7' title="bbox 228 1083 3498 1165">
    <p class='ocr_par' dir='ltr' id='par_1_7' title="bbox 228 1083 3498 1165">
     <span class='ocr_line' id='line_1_7' title="bbox 228 1083 3498 1165; baseline 0.003 -31"><span class='ocrx_word' id='word_1_80' title='bbox 228 1083 319 1136; x_wconf 79' lang='lat' dir='ltr'><strong>hic</strong></span> <span class='ocrx_word' id='word_1_81' title='bbox 350 1086 565 1156; x_wconf 67' lang='lat' dir='ltr'><strong>adieci,</strong></span> <span class='ocrx_word' id='word_1_82' title='bbox 597 1090 819 1143; x_wconf 81' lang='lat' dir='ltr'><strong>utscite</strong></span> <span class='ocrx_word' id='word_1_83' title='bbox 850 1090 1129 1159; x_wconf 82' lang='lat' dir='ltr'><strong>possimus</strong></span> <span class='ocrx_word' id='word_1_84' title='bbox 1154 1105 1278 1162; x_wconf 61' lang='lat' dir='ltr'><strong>quas</strong></span> <span class='ocrx_word' id='word_1_85' title='bbox 1332 1091 1485 1147; x_wconf 89' lang='lat' dir='ltr'><strong>varie</strong></span> <span class='ocrx_word' id='word_1_86' title='bbox 1548 1107 1649 1163; x_wconf 90' lang='lat' dir='ltr'><strong>per</strong></span> <span class='ocrx_word' id='word_1_87' title='bbox 1705 1092 2134 1160; x_wconf 82' lang='lat' dir='ltr'><strong>dispensationis</strong></span> <span class='ocrx_word' id='word_1_88' title='bbox 2201 1098 2471 1153; x_wconf 88' lang='lat' dir='ltr'><strong>rationem</strong></span> <span class='ocrx_word' id='word_1_89' title='bbox 2522 1096 2767 1153; x_wconf 82' lang='lat' dir='ltr'><strong>Ecclesia</strong></span> <span class='ocrx_word' id='word_1_90' title='bbox 2808 1095 3007 1165; x_wconf 79' lang='lat' dir='ltr'><strong>egerit,</strong></span> <span class='ocrx_word' id='word_1_91' title='bbox 3054 1109 3164 1148; x_wconf 85' lang='lat' dir='ltr'><strong>non</strong></span> <span class='ocrx_word' id='word_1_92' title='bbox 3211 1092 3302 1147; x_wconf 89' lang='lat' dir='ltr'><strong>illa</strong></span> <span class='ocrx_word' id='word_1_93' title='bbox 3349 1091 3498 1160; x_wconf 81' lang='lat' dir='ltr'><strong>leges</strong></span> 
     </span>
    </p>
   </div>
   <div class='ocr_carea' id='block_1_8' title="bbox 226 1184 3498 1265">
    <p class='ocr_par' dir='ltr' id='par_1_8' title="bbox 226 1184 3498 1265">
     <span class='ocr_line' id='line_1_8' title="bbox 226 1184 3498 1265; baseline 0.002 -33"><span class='ocrx_word' id='word_1_94' title='bbox 226 1192 416 1237; x_wconf 81' lang='lat' dir='ltr'><strong>certas</strong></span> <span class='ocrx_word' id='word_1_95' title='bbox 448 1191 727 1265; x_wconf 83' lang='lat' dir='ltr'><strong>statuens,</strong></span> <span class='ocrx_word' id='word_1_96' title='bbox 772 1184 871 1240; x_wconf 87' lang='lat' dir='ltr'><strong>sed</strong></span> <span class='ocrx_word' id='word_1_97' title='bbox 934 1196 1101 1256; x_wconf 86' lang='lat' dir='ltr'><strong>prout</strong></span> <span class='ocrx_word' id='word_1_98' title='bbox 1141 1197 1356 1259; x_wconf 79' lang='lat' dir='ltr'><strong>tempus</strong></span> <span class='ocrx_word' id='word_1_99' title='bbox 1384 1188 1571 1254; x_wconf 86' lang='lat' dir='ltr'><strong>ferret,</strong></span> <span class='ocrx_word' id='word_1_100' title='bbox 1610 1204 1733 1260; x_wconf 68' lang='lat' dir='ltr'><strong>quas</strong></span> <span class='ocrx_word' id='word_1_101' title='bbox 1792 1189 2052 1247; x_wconf 88' lang='lat' dir='ltr'><strong>decerent</strong></span> <span class='ocrx_word' id='word_1_102' title='bbox 2111 1203 2167 1248; x_wconf 89' lang='lat' dir='ltr'><strong>et</strong></span> <span class='ocrx_word' id='word_1_103' title='bbox 2229 1195 2516 1249; x_wconf 84' lang='lat' dir='ltr'><strong>commoda</strong></span> <span class='ocrx_word' id='word_1_104' title='bbox 2543 1201 2728 1249; x_wconf 81' lang='lat' dir='ltr'><strong>essent</strong></span> <span class='ocrx_word' id='word_1_105' title='bbox 2769 1193 2994 1247; x_wconf 87' lang='lat' dir='ltr'><strong>faciens.</strong></span> <span class='ocrx_word' id='word_1_106' title='bbox 3032 1189 3157 1245; x_wconf 68' lang='lat' dir='ltr'><strong>limo</strong></span> <span class='ocrx_word' id='word_1_107' title='bbox 3193 1188 3260 1244; x_wconf 85' lang='lat' dir='ltr'><strong>de</strong></span> <span class='ocrx_word' id='word_1_108' title='bbox 3291 1186 3498 1243; x_wconf 72' lang='lat' dir='ltr'><strong>eximio</strong></span> 
     </span>
    </p>
   </div>
   <div class='ocr_carea' id='block_1_9' title="bbox 228 1275 3500 1355">
    <p class='ocr_par' dir='ltr' id='par_1_9' title="bbox 228 1275 3500 1355">
     <span class='ocr_line' id='line_1_9' title="bbox 228 1275 3500 1355; baseline 0.003 -30"><span class='ocrx_word' id='word_1_109' title='bbox 228 1275 579 1344; x_wconf 71' lang='lat' dir='ltr'><strong>philosopho</strong></span> <span class='ocrx_word' id='word_1_110' title='bbox 613 1277 867 1348; x_wconf 81' lang='lat' dir='ltr'><strong>Synesio.</strong></span> <span class='ocrx_word' id='word_1_111' title='bbox 914 1279 1070 1335; x_wconf 80' lang='lat' dir='ltr'><strong>Multi</strong></span> <span class='ocrx_word' id='word_1_112' title='bbox 1120 1295 1249 1336; x_wconf 89' lang='lat' dir='ltr'><strong>vero</strong></span> <span class='ocrx_word' id='word_1_113' title='bbox 1274 1290 1539 1351; x_wconf 67' lang='lat' dir='ltr'><strong>prmterea</strong></span> <span class='ocrx_word' id='word_1_114' title='bbox 1569 1282 1664 1338; x_wconf 88' lang='lat' dir='ltr'><strong>alii</strong></span> <span class='ocrx_word' id='word_1_115' title='bbox 1695 1286 1812 1338; x_wconf 81' lang='lat' dir='ltr'><strong>tum</strong></span> <span class='ocrx_word' id='word_1_116' title='bbox 1847 1284 2222 1355; x_wconf 82' lang='lat' dir='ltr'><strong>philosophati</strong></span> <span class='ocrx_word' id='word_1_117' title='bbox 2280 1297 2428 1355; x_wconf 87' lang='lat' dir='ltr'><strong>sunt,</strong></span> <span class='ocrx_word' id='word_1_118' title='bbox 2476 1286 2733 1342; x_wconf 87' lang='lat' dir='ltr'><strong>doctrina</strong></span> <span class='ocrx_word' id='word_1_119' title='bbox 2778 1285 2942 1340; x_wconf 87' lang='lat' dir='ltr'><strong>simul</strong></span> <span class='ocrx_word' id='word_1_120' title='bbox 3008 1293 3063 1339; x_wconf 90' lang='lat' dir='ltr'><strong>et</strong></span> <span class='ocrx_word' id='word_1_121' title='bbox 3098 1284 3304 1338; x_wconf 88' lang='lat' dir='ltr'><strong>virtute</strong></span> <span class='ocrx_word' id='word_1_122' title='bbox 3341 1279 3500 1336; x_wconf 88' lang='lat' dir='ltr'><strong>cele-</strong></span> 
     </span>
    </p>
   </div>
   <div class='ocr_carea' id='block_1_10' title="bbox 229 1368 435 1422">
    <p class='ocr_par' dir='ltr' id='par_1_10' title="bbox 229 1368 435 1422">
     <span class='ocr_line' id='line_1_10' title="bbox 229 1368 435 1422; baseline 0.01 -2"><span class='ocrx_word' id='word_1_123' title='bbox 229 1368 359 1422; x_wconf 84' lang='lat' dir='ltr'><strong>bres</strong></span> <span class='ocrx_word' id='word_1_124' title='bbox 422 1384 435 1422; x_wconf 73' lang='grc' dir='ltr'><strong>ε</strong></span> 
     </span>
    </p>
   </div>
   <div class='ocr_carea' id='block_1_11' title="bbox 227 1470 459 1523">
    <p class='ocr_par' dir='ltr' id='par_1_11' title="bbox 227 1470 459 1523">
     <span class='ocr_line' id='line_1_11' title="bbox 227 1470 459 1523; baseline -0.009 0"><span class='ocrx_word' id='word_1_125' title='bbox 227 1470 432 1523; x_wconf 65' lang='lat' dir='ltr'><strong>scirem</strong></span> <span class='ocrx_word' id='word_1_126' title='bbox 446 1507 459 1521; x_wconf 95' lang='lat'><strong>.</strong></span> 
     </span>
    </p>
   </div>
   <div class='ocr_carea' id='block_1_12' title="bbox 509 1372 1819 1441">
    <p class='ocr_par' dir='ltr' id='par_1_12' title="bbox 509 1372 1819 1441">
     <span class='ocr_line' id='line_1_12' title="bbox 509 1372 1819 1441; baseline 0.006 -19"><span class='ocrx_word' id='word_1_127' title='bbox 509 1386 747 1437; x_wconf 82' lang='lat' dir='ltr'><strong>quorum</strong></span> <span class='ocrx_word' id='word_1_128' title='bbox 812 1372 1064 1428; x_wconf 92' lang='lat' dir='ltr'><strong>omnium</strong></span> <span class='ocrx_word' id='word_1_129' title='bbox 1135 1374 1473 1429; x_wconf 82' lang='lat' dir='ltr'><strong>mentionem</strong></span> <span class='ocrx_word' id='word_1_130' title='bbox 1539 1375 1819 1441; x_wconf 88' lang='lat' dir='ltr'><strong>facerem,</strong></span> 
     </span>
    </p>
   </div>
   <div class='ocr_carea' id='block_1_13' title="bbox 832 1632 1256 1701">
    <p class='ocr_par' dir='ltr' id='par_1_13' title="bbox 832 1632 1256 1701">
     <span class='ocr_line' id='line_1_13' title="bbox 832 1632 1256 1701; baseline 0 -13"><span class='ocrx_word' id='word_1_131' title='bbox 832 1633 1087 1689; x_wconf 60' lang='lat' dir='ltr'><strong>ueras.</strong></span> <span class='ocrx_word' id='word_1_132' title='bbox 1114 1632 1256 1701; x_wconf 70' lang='grc' dir='ltr'><strong>Νςν.</strong></span> 
     </span>
    </p>
   </div>
   <div class='ocr_carea' id='block_1_14' title="bbox 233 1771 1825 1843">
    <p class='ocr_par' dir='ltr' id='par_1_14' title="bbox 233 1771 1825 1843">
     <span class='ocr_line' id='line_1_14' title="bbox 233 1771 1825 1843; baseline -0.001 -16"><span class='ocrx_word' id='word_1_133' title='bbox 233 1775 379 1841; x_wconf 55' lang='grc' dir='ltr'>Περὶ</span> <span class='ocrx_word' id='word_1_134' title='bbox 430 1774 947 1830; x_wconf 52' lang='lat' dir='ltr'><strong>Divinas-taret?</strong></span> <span class='ocrx_word' id='word_1_135' title='bbox 978 1774 1087 1830; x_wconf 79' lang='grc' dir='ltr'>τοῦ</span> <span class='ocrx_word' id='word_1_136' title='bbox 1119 1776 1190 1829; x_wconf 79' lang='grc' dir='ltr'>ἐν</span> <span class='ocrx_word' id='word_1_137' title='bbox 1245 1773 1429 1843; x_wconf 79' lang='grc' dir='ltr'>Ῥώμῃ</span> <span class='ocrx_word' id='word_1_138' title='bbox 1452 1771 1825 1839; x_wconf 75' lang='grc' dir='ltr'>βασιλεύονο</span> 
     </span>
    </p>
   </div>
   <div class='ocr_carea' id='block_1_15' title="bbox 309 1843 1825 1913">
    <p class='ocr_par' dir='ltr' id='par_1_15' title="bbox 309 1843 1825 1913">
     <span class='ocr_line' id='line_1_15' title="bbox 309 1843 1825 1913; baseline -0.001 -16"><span class='ocrx_word' id='word_1_139' title='bbox 309 1858 451 1909; x_wconf 83' lang='grc' dir='ltr'>τος⁸</span> <span class='ocrx_word' id='word_1_140' title='bbox 491 1847 592 1901; x_wconf 79' lang='grc' dir='ltr'>καὶ</span> <span class='ocrx_word' id='word_1_141' title='bbox 652 1848 784 1913; x_wconf 75' lang='grc' dir='ltr'>περὶ</span> <span class='ocrx_word' id='word_1_142' title='bbox 847 1844 955 1900; x_wconf 80' lang='grc' dir='ltr'>τοῦ</span> <span class='ocrx_word' id='word_1_143' title='bbox 1002 1847 1221 1912; x_wconf 75' lang='grc' dir='ltr'>ἔθνους</span> <span class='ocrx_word' id='word_1_144' title='bbox 1269 1843 1388 1898; x_wconf 74' lang='grc' dir='ltr'><strong>τῶν</strong></span> <span class='ocrx_word' id='word_1_145' title='bbox 1444 1846 1710 1908; x_wconf 71' lang='grc' dir='ltr'>Γότθων,</span> <span class='ocrx_word' id='word_1_146' title='bbox 1738 1843 1825 1907; x_wconf 80' lang='grc' dir='ltr'>εἰς</span> 
     </span>
    </p>
   </div>
   <div class='ocr_carea' id='block_1_16' title="bbox 308 1916 1824 1982">
    <p class='ocr_par' dir='ltr' id='par_1_16' title="bbox 308 1916 1824 1982">
     <span class='ocr_line' id='line_1_16' title="bbox 308 1916 1824 1982; baseline 0.001 -15"><span class='ocrx_word' id='word_1_147' title='bbox 308 1917 481 1969; x_wconf 74' lang='grc' dir='ltr'>πόσα</span> <span class='ocrx_word' id='word_1_148' title='bbox 544 1916 876 1982; x_wconf 69' lang='grc' dir='ltr'>διῄρηνται,</span> <span class='ocrx_word' id='word_1_149' title='bbox 928 1916 1027 1970; x_wconf 78' lang='grc' dir='ltr'>καὶ</span> <span class='ocrx_word' id='word_1_150' title='bbox 1062 1918 1277 1980; x_wconf 81' lang='grc' dir='ltr'>ποίους</span> <span class='ocrx_word' id='word_1_151' title='bbox 1324 1916 1517 1982; x_wconf 80' lang='grc' dir='ltr'>ἔσχον</span> <span class='ocrx_word' id='word_1_152' title='bbox 1563 1916 1824 1982; x_wconf 73' lang='grc' dir='ltr'>τόπουςή</span> 
     </span>
    </p>
   </div>
   <div class='ocr_carea' id='block_1_17' title="bbox 309 1981 1828 2054">
    <p class='ocr_par' dir='ltr' id='par_1_17' title="bbox 309 1981 1828 2054">
     <span class='ocr_line' id='line_1_17' title="bbox 309 1981 1828 2054; baseline -0.001 -18"><span class='ocrx_word' id='word_1_153' title='bbox 309 1986 399 2038; x_wconf 82' lang='grc' dir='ltr'>ἐτι</span> <span class='ocrx_word' id='word_1_154' title='bbox 436 1986 509 2038; x_wconf 61' lang='grc' dir='ltr'>δὲ</span> <span class='ocrx_word' id='word_1_155' title='bbox 543 1981 646 2038; x_wconf 66' lang='grc' dir='ltr'>καὶ</span> <span class='ocrx_word' id='word_1_156' title='bbox 698 1986 832 2051; x_wconf 64' lang='grc' dir='ltr'>περὶ</span> <span class='ocrx_word' id='word_1_157' title='bbox 879 1986 1241 2054; x_wconf 61' lang='grc' dir='ltr'>Βονιέεατίου</span> <span class='ocrx_word' id='word_1_158' title='bbox 1300 1983 1399 2038; x_wconf 77' lang='grc' dir='ltr'><strong>καὶ</strong></span> <span class='ocrx_word' id='word_1_159' title='bbox 1427 1981 1673 2039; x_wconf 27' lang='grc' dir='ltr'>ίἈετίου</span> <span class='ocrx_word' id='word_1_160' title='bbox 1728 1981 1828 2054; x_wconf 74' lang='grc' dir='ltr'>καὶ</span> 
     </span>
    </p>
   </div>
   <div class='ocr_carea' id='block_1_18' title="bbox 313 2053 1827 2123">
    <p class='ocr_par' dir='ltr' id='par_1_18' title="bbox 313 2053 1827 2123">
     <span class='ocr_line' id='line_1_18' title="bbox 313 2053 1827 2123; baseline -0.001 -15"><span class='ocrx_word' id='word_1_161' title='bbox 313 2057 631 2121; x_wconf 59' lang='grc' dir='ltr'>Ἀσπηίος</span> <span class='ocrx_word' id='word_1_162' title='bbox 688 2055 805 2107; x_wconf 78' lang='grc' dir='ltr'><strong>τῶν</strong></span> <span class='ocrx_word' id='word_1_163' title='bbox 862 2053 1254 2123; x_wconf 75' lang='grc' dir='ltr'>στρατηγῶν·</span> <span class='ocrx_word' id='word_1_164' title='bbox 1312 2054 1411 2107; x_wconf 77' lang='grc' dir='ltr'>καὶ</span> <span class='ocrx_word' id='word_1_165' title='bbox 1461 2054 1540 2120; x_wconf 85' lang='grc' dir='ltr'>ὡς</span> <span class='ocrx_word' id='word_1_166' title='bbox 1596 2055 1629 2121; x_wconf 74' lang='grc' dir='ltr'><strong><em>ἠ</em></strong></span> <span class='ocrx_word' id='word_1_167' title='bbox 1675 2053 1827 2123; x_wconf 79' lang='grc' dir='ltr'>πρὸς</span> 
     </span>
    </p>
   </div>
   <div class='ocr_carea' id='block_1_19' title="bbox 305 2122 1661 2194">
    <p class='ocr_par' dir='ltr' id='par_1_19' title="bbox 305 2122 1661 2194">
     <span class='ocr_line' id='line_1_19' title="bbox 305 2122 1661 2194; baseline 0 -16"><span class='ocrx_word' id='word_1_168' title='bbox 305 2126 584 2193; x_wconf 64' lang='grc' dir='ltr'>ἑσπέραν</span> <span class='ocrx_word' id='word_1_169' title='bbox 610 2127 794 2191; x_wconf 72' lang='grc' dir='ltr'>Λιϐύη</span> <span class='ocrx_word' id='word_1_170' title='bbox 827 2128 944 2180; x_wconf 81' lang='grc' dir='ltr'><strong>ὑπὸ</strong></span> <span class='ocrx_word' id='word_1_171' title='bbox 979 2122 1368 2191; x_wconf 56' lang='grc' dir='ltr'>Οιλαιοδήλους</span> <span class='ocrx_word' id='word_1_172' title='bbox 1401 2123 1661 2194; x_wconf 75' lang='grc' dir='ltr'>ἐγένετο.</span> 
     </span>
    </p>
   </div>
   <div class='ocr_carea' id='block_1_20' title="bbox 309 2246 1827 2333">
    <p class='ocr_par' dir='ltr' id='par_1_20' title="bbox 309 2246 1827 2333">
     <span class='ocr_line' id='line_1_20' title="bbox 309 2246 1827 2333; baseline 0 -18"><span class='ocrx_word' id='word_1_173' title='bbox 309 2261 769 2323; x_wconf 71' lang='grc' dir='ltr'>Οὐαλεντινιανὸς</span> <span class='ocrx_word' id='word_1_174' title='bbox 817 2262 872 2318; x_wconf 75' lang='grc' dir='ltr'>δὲ</span> <span class='ocrx_word' id='word_1_175' title='bbox 903 2264 932 2316; x_wconf 82' lang='grc' dir='ltr'>ὁ</span> <span class='ocrx_word' id='word_1_176' title='bbox 976 2261 1276 2325; x_wconf 76' lang='grc' dir='ltr'>Πλακιδίας</span> <span class='ocrx_word' id='word_1_177' title='bbox 1316 2262 1419 2333; x_wconf 75' lang='grc' dir='ltr'>μὲν</span> <span class='ocrx_word' id='word_1_178' title='bbox 1459 2263 1597 2326; x_wconf 76' lang='grc' dir='ltr'>υἱὸς,</span> <span class='ocrx_word' id='word_1_179' title='bbox 1636 2246 1827 2333; x_wconf 75' lang='grc' dir='ltr'>Θεοδο-</span> 
     </span>
    </p>
   </div>
   <div class='ocr_carea' id='block_1_21' title="bbox 241 2354 1830 2428">
    <p class='ocr_par' dir='ltr' id='par_1_21' title="bbox 241 2354 1830 2428">
     <span class='ocr_line' id='line_1_21' title="bbox 241 2354 1830 2428; baseline 0.001 -23"><span class='ocrx_word' id='word_1_180' title='bbox 241 2358 363 2406; x_wconf 67' lang='grc' dir='ltr'>σῖσυ</span> <span class='ocrx_word' id='word_1_181' title='bbox 398 2355 457 2407; x_wconf 81' lang='grc' dir='ltr'>δὲ</span> <span class='ocrx_word' id='word_1_182' title='bbox 485 2356 740 2425; x_wconf 76' lang='grc' dir='ltr'>γαμϐρὸς</span> <span class='ocrx_word' id='word_1_183' title='bbox 778 2356 870 2409; x_wconf 76' lang='grc' dir='ltr'><strong>ἐπὶ</strong></span> <span class='ocrx_word' id='word_1_184' title='bbox 913 2357 980 2426; x_wconf 81' lang='grc' dir='ltr'>τῇ</span> <span class='ocrx_word' id='word_1_185' title='bbox 1013 2354 1248 2425; x_wconf 75' lang='grc' dir='ltr'>θυγατρὶ</span> <span class='ocrx_word' id='word_1_186' title='bbox 1278 2356 1531 2428; x_wconf 73' lang='grc' dir='ltr'>Εὐδοξίᾳ,</span> <span class='ocrx_word' id='word_1_187' title='bbox 1570 2356 1638 2424; x_wconf 71' lang='grc' dir='ltr'>ἢν</span> <span class='ocrx_word' id='word_1_188' title='bbox 1676 2355 1830 2426; x_wconf 82' lang='grc' dir='ltr'>αὐτῷ</span> 
     </span>
    </p>
   </div>
   <div class='ocr_carea' id='block_1_22' title="bbox 240 2445 1829 2518">
    <p class='ocr_par' dir='ltr' id='par_1_22' title="bbox 240 2445 1829 2518">
     <span class='ocr_line' id='line_1_22' title="bbox 240 2445 1829 2518; baseline 0.001 -20"><span class='ocrx_word' id='word_1_189' title='bbox 240 2445 483 2498; x_wconf 69' lang='grc' dir='ltr'>Εὖδοκία</span> <span class='ocrx_word' id='word_1_190' title='bbox 511 2447 728 2513; x_wconf 78' lang='grc' dir='ltr'>ἐγέννα,</span> <span class='ocrx_word' id='word_1_191' title='bbox 763 2448 860 2500; x_wconf 81' lang='grc' dir='ltr'>καὶ</span> <span class='ocrx_word' id='word_1_192' title='bbox 889 2446 987 2516; x_wconf 84' lang='grc' dir='ltr'>τῆς</span> <span class='ocrx_word' id='word_1_193' title='bbox 1017 2447 1280 2518; x_wconf 79' lang='grc' dir='ltr'><strong>ἑσπερίου</strong></span> <span class='ocrx_word' id='word_1_194' title='bbox 1318 2447 1525 2517; x_wconf 79' lang='grc' dir='ltr'><strong>λήξεως</strong></span> <span class='ocrx_word' id='word_1_195' title='bbox 1560 2447 1829 2518; x_wconf 78' lang='grc' dir='ltr'>αὐτοκρά-</span> 
     </span>
    </p>
   </div>
   <div class='ocr_carea' id='block_1_23' title="bbox 232 2534 1828 2608">
    <p class='ocr_par' dir='ltr' id='par_1_23' title="bbox 232 2534 1828 2608">
     <span class='ocr_line' id='line_1_23' title="bbox 232 2534 1828 2608; baseline 0.005 -24"><span class='ocrx_word' id='word_1_196' title='bbox 232 2550 376 2602; x_wconf 81' lang='grc' dir='ltr'>τωρ,</span> <span class='ocrx_word' id='word_1_197' title='bbox 412 2534 629 2604; x_wconf 73' lang='grc' dir='ltr'>οὐδαμῆ</span> <span class='ocrx_word' id='word_1_198' title='bbox 666 2535 765 2604; x_wconf 79' lang='grc' dir='ltr'>μὲν</span> <span class='ocrx_word' id='word_1_199' title='bbox 804 2535 912 2589; x_wconf 81' lang='grc' dir='ltr'>τῶν</span> <span class='ocrx_word' id='word_1_200' title='bbox 954 2535 1285 2608; x_wconf 83' lang='grc' dir='ltr'>Ἐκκλησίας</span> <span class='ocrx_word' id='word_1_201' title='bbox 1325 2536 1496 2604; x_wconf 82' lang='grc' dir='ltr'>ὑγιῶν</span> <span class='ocrx_word' id='word_1_202' title='bbox 1539 2536 1828 2605; x_wconf 80' lang='grc' dir='ltr'><strong>δογμάτων</strong></span> 
     </span>
    </p>
   </div>
   <div class='ocr_carea' id='block_1_24' title="bbox 231 2625 1829 2699">
    <p class='ocr_par' dir='ltr' id='par_1_24' title="bbox 231 2625 1829 2699">
     <span class='ocr_line' id='line_1_24' title="bbox 231 2625 1829 2699; baseline 0.001 -20"><span class='ocrx_word' id='word_1_203' title='bbox 231 2625 494 2690; x_wconf 75' lang='grc' dir='ltr'><strong>ἐξέκλινε</strong></span> <span class='ocrx_word' id='word_1_204' title='bbox 524 2666 538 2689; x_wconf 87' lang='grc'><strong>,</strong></span> <span class='ocrx_word' id='word_1_205' title='bbox 583 2628 701 2680; x_wconf 81' lang='grc' dir='ltr'>λίαν</span> <span class='ocrx_word' id='word_1_206' title='bbox 731 2628 790 2680; x_wconf 74' lang='grc' dir='ltr'>δὲ</span> <span class='ocrx_word' id='word_1_207' title='bbox 836 2628 1057 2699; x_wconf 75' lang='grc' dir='ltr'>καὶτῆς</span> <span class='ocrx_word' id='word_1_208' title='bbox 1100 2629 1363 2693; x_wconf 81' lang='grc' dir='ltr'>εὐσεϐοῦς</span> <span class='ocrx_word' id='word_1_209' title='bbox 1395 2630 1695 2699; x_wconf 74' lang='grc' dir='ltr'><strong>θρησκείας</strong></span> <span class='ocrx_word' id='word_1_210' title='bbox 1737 2631 1829 2683; x_wconf 85' lang='grc' dir='ltr'><strong>ἀν-</strong></span> 
     </span>
    </p>
   </div>
   <div class='ocr_carea' id='block_1_25' title="bbox 234 2717 1830 2794">
    <p class='ocr_par' dir='ltr' id='par_1_25' title="bbox 234 2717 1830 2794">
     <span class='ocr_line' id='line_1_25' title="bbox 234 2717 1830 2794; baseline 0.003 -24"><span class='ocrx_word' id='word_1_211' title='bbox 234 2719 542 2771; x_wconf 61' lang='grc' dir='ltr'>τίποιεῖτο.</span> <span class='ocrx_word' id='word_1_212' title='bbox 590 2718 713 2771; x_wconf 76' lang='grc' dir='ltr'><strong>Ἐπὶ</strong></span> <span class='ocrx_word' id='word_1_213' title='bbox 746 2717 935 2788; x_wconf 81' lang='grc' dir='ltr'>μέντοι</span> <span class='ocrx_word' id='word_1_214' title='bbox 978 2720 1078 2790; x_wconf 78' lang='grc' dir='ltr'>τὴν</span> <span class='ocrx_word' id='word_1_215' title='bbox 1114 2719 1325 2775; x_wconf 76' lang='grc' dir='ltr'>δίαιταν</span> <span class='ocrx_word' id='word_1_216' title='bbox 1355 2720 1525 2794; x_wconf 78' lang='grc' dir='ltr'>πολλῇ</span> <span class='ocrx_word' id='word_1_217' title='bbox 1567 2722 1633 2794; x_wconf 79' lang='grc' dir='ltr'>τῇ</span> <span class='ocrx_word' id='word_1_218' title='bbox 1678 2720 1830 2775; x_wconf 81' lang='grc' dir='ltr'>ἀδια-</span> 
     </span>
    </p>
   </div>
   <div class='ocr_carea' id='block_1_26' title="bbox 240 2809 1829 2884">
    <p class='ocr_par' dir='ltr' id='par_1_26' title="bbox 240 2809 1829 2884">
     <span class='ocr_line' id='line_1_26' title="bbox 240 2809 1829 2884; baseline 0.005 -25"><span class='ocrx_word' id='word_1_219' title='bbox 240 2809 411 2880; x_wconf 69' lang='grc' dir='ltr'>ιρορῖᾳ</span> <span class='ocrx_word' id='word_1_220' title='bbox 448 2809 653 2879; x_wconf 68' lang='grc' dir='ltr'>ἐχρῆτο</span> <span class='ocrx_word' id='word_1_221' title='bbox 680 2826 696 2843; x_wconf 73' lang='grc' dir='ltr'><strong>ο</strong></span> <span class='ocrx_word' id='word_1_222' title='bbox 729 2809 942 2882; x_wconf 82' lang='grc' dir='ltr'>συχνῶς</span> <span class='ocrx_word' id='word_1_223' title='bbox 971 2812 1078 2881; x_wconf 81' lang='grc' dir='ltr'><strong>γὰρ</strong></span> <span class='ocrx_word' id='word_1_224' title='bbox 1114 2810 1309 2881; x_wconf 85' lang='grc' dir='ltr'>γόησιν</span> <span class='ocrx_word' id='word_1_225' title='bbox 1348 2812 1578 2883; x_wconf 82' lang='grc' dir='ltr'><strong>ὁμιλῶν,</strong></span> <span class='ocrx_word' id='word_1_226' title='bbox 1608 2829 1829 2884; x_wconf 81' lang='grc' dir='ltr'>φαρμα-</span> 
     </span>
    </p>
   </div>
   <div class='ocr_carea' id='block_1_27' title="bbox 244 2902 1831 2975">
    <p class='ocr_par' dir='ltr' id='par_1_27' title="bbox 244 2902 1831 2975">
     <span class='ocr_line' id='line_1_27' title="bbox 244 2902 1831 2975; baseline 0.004 -23"><span class='ocrx_word' id='word_1_227' title='bbox 244 2902 431 2964; x_wconf 66' lang='grc' dir='ltr'>κείαις</span> <span class='ocrx_word' id='word_1_228' title='bbox 479 2902 691 2974; x_wconf 73' lang='grc' dir='ltr'>ἔχαιρε.</span> <span class='ocrx_word' id='word_1_229' title='bbox 725 2903 835 2957; x_wconf 68' lang='grc' dir='ltr'><strong>Καὶ</strong></span> <span class='ocrx_word' id='word_1_230' title='bbox 884 2902 1004 2973; x_wconf 74' lang='grc' dir='ltr'>δῆθ’</span> <span class='ocrx_word' id='word_1_231' title='bbox 1045 2903 1152 2956; x_wconf 71' lang='grc' dir='ltr'>ὑπὸ</span> <span class='ocrx_word' id='word_1_232' title='bbox 1190 2902 1453 2960; x_wconf 79' lang='grc' dir='ltr'><strong>τοιούτων</strong></span> <span class='ocrx_word' id='word_1_233' title='bbox 1491 2904 1588 2958; x_wconf 68' lang='grc' dir='ltr'>καὶ</span> <span class='ocrx_word' id='word_1_234' title='bbox 1627 2904 1831 2975; x_wconf 76' lang='grc' dir='ltr'>ἑτέρων</span> 
     </span>
    </p>
   </div>
   <div class='ocr_carea' id='block_1_28' title="bbox 245 2974 1910 3066">
    <p class='ocr_par' dir='ltr' id='par_1_28' title="bbox 245 2974 1910 3066">
     <span class='ocr_line' id='line_1_28' title="bbox 245 2974 1910 3066; baseline 0.005 -23"><span class='ocrx_word' id='word_1_235' title='bbox 245 2992 445 3048; x_wconf 80' lang='grc' dir='ltr'>παθῶν</span> <span class='ocrx_word' id='word_1_236' title='bbox 471 2991 820 3063; x_wconf 58' lang='grc' dir='ltr'>ὀχλούμενος,</span> <span class='ocrx_word' id='word_1_237' title='bbox 855 2993 917 3048; x_wconf 80' lang='grc' dir='ltr'><strong>οὐ</strong></span> <span class='ocrx_word' id='word_1_238' title='bbox 953 2995 1114 3066; x_wconf 84' lang='grc' dir='ltr'>μόνον</span> <span class='ocrx_word' id='word_1_239' title='bbox 1137 2995 1528 3066; x_wconf 73' lang='grc' dir='ltr'>Βρετταννῖαν,</span> <span class='ocrx_word' id='word_1_240' title='bbox 1546 2995 1832 3052; x_wconf 80' lang='grc' dir='ltr'>Ἱσπανίαν</span> <span class='ocrx_word' id='word_1_241' title='bbox 1867 2974 1910 3035; x_wconf 68' lang='grc' dir='ltr'><strong><em>Β</em></strong></span> 
     </span>
    </p>
   </div>
   <div class='ocr_carea' id='block_1_29' title="bbox 248 3085 1834 3162">
    <p class='ocr_par' dir='ltr' id='par_1_29' title="bbox 248 3085 1834 3162">
     <span class='ocr_line' id='line_1_29' title="bbox 248 3085 1834 3162; baseline 0.005 -25"><span class='ocrx_word' id='word_1_242' title='bbox 248 3104 308 3138; x_wconf 83' lang='grc' dir='ltr'><strong>τε</strong></span> <span class='ocrx_word' id='word_1_243' title='bbox 340 3085 463 3155; x_wconf 68' lang='grc' dir='ltr'>ἅμα</span> <span class='ocrx_word' id='word_1_244' title='bbox 491 3087 587 3139; x_wconf 78' lang='grc' dir='ltr'>καὶ</span> <span class='ocrx_word' id='word_1_245' title='bbox 621 3087 853 3151; x_wconf 86' lang='grc' dir='ltr'>Γαλλίας</span> <span class='ocrx_word' id='word_1_246' title='bbox 872 3089 971 3157; x_wconf 82' lang='grc' dir='ltr'>τῆς</span> <span class='ocrx_word' id='word_1_247' title='bbox 1005 3088 1181 3159; x_wconf 80' lang='grc' dir='ltr'>ἀρχῆς</span> <span class='ocrx_word' id='word_1_248' title='bbox 1211 3091 1318 3161; x_wconf 79' lang='grc' dir='ltr'>πρὸ</span> <span class='ocrx_word' id='word_1_249' title='bbox 1348 3089 1580 3161; x_wconf 81' lang='grc' dir='ltr'><strong>βραχέος</strong></span> <span class='ocrx_word' id='word_1_250' title='bbox 1603 3090 1834 3162; x_wconf 80' lang='grc' dir='ltr'>ἀφαιρε-</span> 
     </span>
    </p>
   </div>
   <div class='ocr_carea' id='block_1_30' title="bbox 249 3177 1835 3253">
    <p class='ocr_par' dir='ltr' id='par_1_30' title="bbox 249 3177 1835 3253">
     <span class='ocr_line' id='line_1_30' title="bbox 249 3177 1835 3253; baseline 0.006 -26"><span class='ocrx_word' id='word_1_251' title='bbox 249 3177 447 3240; x_wconf 68' lang='lat' dir='ltr'><strong>Baiani;</strong></span> <span class='ocrx_word' id='word_1_252' title='bbox 498 3179 889 3234; x_wconf 83' lang='grc' dir='ltr'>ἀνασώσασθαι</span> <span class='ocrx_word' id='word_1_253' title='bbox 941 3180 1197 3251; x_wconf 69' lang='grc' dir='ltr'>ἴσχυσενθ</span> <span class='ocrx_word' id='word_1_254' title='bbox 1245 3181 1384 3236; x_wconf 79' lang='grc' dir='ltr'>ἀλλὰ</span> <span class='ocrx_word' id='word_1_255' title='bbox 1429 3181 1565 3253; x_wconf 81' lang='grc' dir='ltr'>πρὸς</span> <span class='ocrx_word' id='word_1_256' title='bbox 1609 3182 1835 3247; x_wconf 81' lang='grc' dir='ltr'>ταύταις</span> 
     </span>
    </p>
   </div>
   <div class='ocr_carea' id='block_1_31' title="bbox 252 3269 1834 3345">
    <p class='ocr_par' dir='ltr' id='par_1_31' title="bbox 252 3269 1834 3345">
     <span class='ocr_line' id='line_1_31' title="bbox 252 3269 1834 3345; baseline 0.004 -25"><span class='ocrx_word' id='word_1_257' title='bbox 252 3272 350 3321; x_wconf 71' lang='grc' dir='ltr'>καὶ</span> <span class='ocrx_word' id='word_1_258' title='bbox 385 3269 487 3339; x_wconf 77' lang='grc' dir='ltr'>τὴν</span> <span class='ocrx_word' id='word_1_259' title='bbox 516 3271 785 3341; x_wconf 80' lang='grc' dir='ltr'>ἐσπερὶαν</span> <span class='ocrx_word' id='word_1_260' title='bbox 819 3273 1001 3327; x_wconf 77' lang='grc' dir='ltr'>πᾶσαν</span> <span class='ocrx_word' id='word_1_261' title='bbox 1033 3272 1266 3343; x_wconf 85' lang='grc' dir='ltr'>Λιϐύην,</span> <span class='ocrx_word' id='word_1_262' title='bbox 1294 3275 1328 3345; x_wconf 84' lang='grc' dir='ltr'>ἢ</span> <span class='ocrx_word' id='word_1_263' title='bbox 1371 3273 1436 3344; x_wconf 84' lang='grc' dir='ltr'>δὴ</span> <span class='ocrx_word' id='word_1_264' title='bbox 1467 3273 1577 3329; x_wconf 85' lang='grc' dir='ltr'><strong>τῶν</strong></span> <span class='ocrx_word' id='word_1_265' title='bbox 1604 3275 1834 3344; x_wconf 83' lang='grc' dir='ltr'>Ἀφρων</span> 
     </span>
    </p>
   </div>
   <div class='ocr_carea' id='block_1_32' title="bbox 252 3363 1835 3438">
    <p class='ocr_par' dir='ltr' id='par_1_32' title="bbox 252 3363 1835 3438">
     <span class='ocr_line' id='line_1_32' title="bbox 252 3363 1835 3438; baseline 0.004 -25"><span class='ocrx_word' id='word_1_266' title='bbox 252 3363 533 3428; x_wconf 77' lang='grc' dir='ltr'>καλεῖται,</span> <span class='ocrx_word' id='word_1_267' title='bbox 568 3363 1021 3433; x_wconf 79' lang='grc' dir='ltr'><strong>προσαπώλεσεν,</strong></span> <span class='ocrx_word' id='word_1_268' title='bbox 1068 3365 1177 3418; x_wconf 77' lang='grc' dir='ltr'>ἔτει</span> <span class='ocrx_word' id='word_1_269' title='bbox 1224 3365 1705 3438; x_wconf 73' lang='grc' dir='ltr'>πεντεκαιδεκάτῳ</span> <span class='ocrx_word' id='word_1_270' title='bbox 1734 3367 1835 3437; x_wconf 81' lang='grc' dir='ltr'>τῆς</span> 
     </span>
    </p>
   </div>
   <div class='ocr_carea' id='block_1_33' title="bbox 253 3455 1835 3531">
    <p class='ocr_par' dir='ltr' id='par_1_33' title="bbox 253 3455 1835 3531">
     <span class='ocr_line' id='line_1_33' title="bbox 253 3455 1835 3531; baseline 0.005 -24"><span class='ocrx_word' id='word_1_271' title='bbox 253 3457 474 3508; x_wconf 75' lang='grc' dir='ltr'>ἐκείνου</span> <span class='ocrx_word' id='word_1_272' title='bbox 517 3455 715 3525; x_wconf 79' lang='grc' dir='ltr'>ἀρχῆς,</span> <span class='ocrx_word' id='word_1_273' title='bbox 762 3457 942 3517; x_wconf 64' lang='lat' dir='ltr'><strong>alsia;</strong></span> <span class='ocrx_word' id='word_1_274' title='bbox 976 3458 1337 3529; x_wconf 69' lang='grc' dir='ltr'>ήγησαμένης</span> <span class='ocrx_word' id='word_1_275' title='bbox 1369 3459 1602 3514; x_wconf 81' lang='grc' dir='ltr'>τοιᾶσδε.</span> <span class='ocrx_word' id='word_1_276' title='bbox 1666 3460 1835 3531; x_wconf 84' lang='grc' dir='ltr'>Στρα-</span> 
     </span>
    </p>
   </div>
   <div class='ocr_carea' id='block_1_34' title="bbox 253 3547 1836 3622">
    <p class='ocr_par' dir='ltr' id='par_1_34' title="bbox 253 3547 1836 3622">
     <span class='ocr_line' id='line_1_34' title="bbox 253 3547 1836 3622; baseline 0.001 -21"><span class='ocrx_word' id='word_1_277' title='bbox 253 3547 416 3616; x_wconf 87' lang='grc' dir='ltr'>τηγὼ</span> <span class='ocrx_word' id='word_1_278' title='bbox 445 3547 540 3603; x_wconf 85' lang='grc' dir='ltr'><strong>δύο</strong></span> <span class='ocrx_word' id='word_1_279' title='bbox 572 3549 745 3622; x_wconf 70' lang='grc' dir='ltr'>ἤστην</span> <span class='ocrx_word' id='word_1_280' title='bbox 774 3550 831 3603; x_wconf 79' lang='grc' dir='ltr'>ὲν</span> <span class='ocrx_word' id='word_1_281' title='bbox 863 3550 1443 3604; x_wconf 86' lang='grc' dir='ltr'>Κωνσταντινουπόλει</span> <span class='ocrx_word' id='word_1_282' title='bbox 1464 3567 1480 3583; x_wconf 79' lang='grc' dir='ltr'><strong><em>ο</em></strong></span> <span class='ocrx_word' id='word_1_283' title='bbox 1515 3551 1836 3621; x_wconf 73' lang='grc' dir='ltr'>Βονιιρὰτιος</span> 
     </span>
    </p>
   </div>
   <div class='ocr_carea' id='block_1_35' title="bbox 255 3639 1836 3714">
    <p class='ocr_par' dir='ltr' id='par_1_35' title="bbox 255 3639 1836 3714">
     <span class='ocr_line' id='line_1_35' title="bbox 255 3639 1836 3714; baseline 0.003 -23"><span class='ocrx_word' id='word_1_284' title='bbox 255 3640 355 3694; x_wconf 74' lang='grc' dir='ltr'>καὶ</span> <span class='ocrx_word' id='word_1_285' title='bbox 397 3639 609 3703; x_wconf 78' lang='grc' dir='ltr'>Ἀέτιος</span> <span class='ocrx_word' id='word_1_286' title='bbox 647 3639 858 3703; x_wconf 78' lang='grc' dir='ltr'>τούτοις</span> <span class='ocrx_word' id='word_1_287' title='bbox 890 3641 922 3711; x_wconf 82' lang='grc' dir='ltr'>ή</span> <span class='ocrx_word' id='word_1_288' title='bbox 954 3639 1149 3708; x_wconf 82' lang='grc' dir='ltr'>κλῆσις</span> <span class='ocrx_word' id='word_1_289' title='bbox 1171 3656 1187 3672; x_wconf 71' lang='grc' dir='ltr'><strong>ο</strong></span> <span class='ocrx_word' id='word_1_290' title='bbox 1239 3639 1334 3704; x_wconf 79' lang='grc' dir='ltr'>οὒς</span> <span class='ocrx_word' id='word_1_291' title='bbox 1376 3641 1655 3704; x_wconf 79' lang='grc' dir='ltr'>Θεοδόσιος</span> <span class='ocrx_word' id='word_1_292' title='bbox 1685 3643 1836 3714; x_wconf 84' lang='grc' dir='ltr'>βασι-</span> 
     </span>
    </p>
   </div>
   <div class='ocr_carea' id='block_1_36' title="bbox 255 3731 1836 3806">
    <p class='ocr_par' dir='ltr' id='par_1_36' title="bbox 255 3731 1836 3806">
     <span class='ocr_line' id='line_1_36' title="bbox 255 3731 1836 3806; baseline 0.001 -21"><span class='ocrx_word' id='word_1_293' title='bbox 255 3736 388 3797; x_wconf 80' lang='grc' dir='ltr'>λεὺς</span> <span class='ocrx_word' id='word_1_294' title='bbox 448 3732 883 3803; x_wconf 81' lang='grc' dir='ltr'>Οὑαλεντινιανῷ</span> <span class='ocrx_word' id='word_1_295' title='bbox 938 3734 1292 3806; x_wconf 74' lang='grc' dir='ltr'>αἰτησαμένῳ</span> <span class='ocrx_word' id='word_1_296' title='bbox 1319 3735 1400 3798; x_wconf 81' lang='grc' dir='ltr'><strong>εἰς</strong></span> <span class='ocrx_word' id='word_1_297' title='bbox 1445 3731 1670 3805; x_wconf 83' lang='grc' dir='ltr'>Ῥώμην</span> <span class='ocrx_word' id='word_1_298' title='bbox 1700 3734 1836 3789; x_wconf 78' lang='grc' dir='ltr'><strong>ἀπέ-</strong></span> 
     </span>
    </p>
   </div>
   <div class='ocr_carea' id='block_1_37' title="bbox 261 3824 1836 3898">
    <p class='ocr_par' dir='ltr' id='par_1_37' title="bbox 261 3824 1836 3898">
     <span class='ocr_line' id='line_1_37' title="bbox 261 3824 1836 3898; baseline -0.001 -17"><span class='ocrx_word' id='word_1_299' title='bbox 261 3828 499 3882; x_wconf 83' lang='grc' dir='ltr'>στειλεν.</span> <span class='ocrx_word' id='word_1_300' title='bbox 540 3827 695 3881; x_wconf 68' lang='grc' dir='ltr'>Ἐπεὶ</span> <span class='ocrx_word' id='word_1_301' title='bbox 719 3826 775 3880; x_wconf 79' lang='grc' dir='ltr'>δὲ</span> <span class='ocrx_word' id='word_1_302' title='bbox 801 3827 1107 3895; x_wconf 60' lang='grc' dir='ltr'>Βσνιφατέῳ</span> <span class='ocrx_word' id='word_1_303' title='bbox 1139 3828 1220 3889; x_wconf 79' lang='grc' dir='ltr'>εἰς</span> <span class='ocrx_word' id='word_1_304' title='bbox 1243 3824 1419 3898; x_wconf 78' lang='grc' dir='ltr'>ἀρχὴν</span> <span class='ocrx_word' id='word_1_305' title='bbox 1447 3827 1480 3897; x_wconf 82' lang='grc' dir='ltr'><strong>ή</strong></span> <span class='ocrx_word' id='word_1_306' title='bbox 1506 3826 1645 3897; x_wconf 82' lang='grc' dir='ltr'>πρὸς</span> <span class='ocrx_word' id='word_1_307' title='bbox 1671 3826 1836 3880; x_wconf 74' lang='grc' dir='ltr'>ἑσπέ-</span> 
     </span>
    </p>
   </div>
   <div class='ocr_carea' id='block_1_38' title="bbox 261 3918 1837 3993">
    <p class='ocr_par' dir='ltr' id='par_1_38' title="bbox 261 3918 1837 3993">
     <span class='ocr_line' id='line_1_38' title="bbox 261 3918 1837 3993; baseline -0.003 -15"><span class='ocrx_word' id='word_1_308' title='bbox 261 3939 363 3993; x_wconf 88' lang='grc' dir='ltr'><strong>ραν</strong></span> <span class='ocrx_word' id='word_1_309' title='bbox 381 3919 681 3992; x_wconf 79' lang='grc' dir='ltr'>ἐκληροῦτο</span> <span class='ocrx_word' id='word_1_310' title='bbox 709 3920 910 3990; x_wconf 86' lang='grc' dir='ltr'>Λιϐύη,</span> <span class='ocrx_word' id='word_1_311' title='bbox 932 3922 1166 3991; x_wconf 73' lang='grc' dir='ltr'>μετρίως</span> <span class='ocrx_word' id='word_1_312' title='bbox 1190 3920 1435 3989; x_wconf 77' lang='grc' dir='ltr'>ἐνεγκεῖν</span> <span class='ocrx_word' id='word_1_313' title='bbox 1452 3918 1601 3974; x_wconf 81' lang='grc' dir='ltr'>τοῦτ’</span> <span class='ocrx_word' id='word_1_314' title='bbox 1631 3920 1837 3986; x_wconf 77' lang='grc' dir='ltr'>Ἀἐτιος</span> 
     </span>
    </p>
   </div>
   <div class='ocr_carea' id='block_1_39' title="bbox 254 4007 1833 4084">
    <p class='ocr_par' dir='ltr' id='par_1_39' title="bbox 254 4007 1833 4084">
     <span class='ocr_line' id='line_1_39' title="bbox 254 4007 1833 4084; baseline -0.001 -16"><span class='ocrx_word' id='word_1_315' title='bbox 254 4009 499 4084; x_wconf 79' lang='grc' dir='ltr'>οὐχοῖός</span> <span class='ocrx_word' id='word_1_316' title='bbox 550 4030 607 4066; x_wconf 88' lang='grc' dir='ltr'><strong>τε</strong></span> <span class='ocrx_word' id='word_1_317' title='bbox 647 4007 736 4084; x_wconf 80' lang='grc' dir='ltr'><strong>ἦν.</strong></span> <span class='ocrx_word' id='word_1_318' title='bbox 791 4012 1055 4084; x_wconf 78' lang='grc' dir='ltr'>Κέντροις</span> <span class='ocrx_word' id='word_1_319' title='bbox 1099 4011 1281 4067; x_wconf 81' lang='grc' dir='ltr'>τοίνυν</span> <span class='ocrx_word' id='word_1_320' title='bbox 1333 4010 1535 4080; x_wconf 83' lang='grc' dir='ltr'>φθόνου</span> <span class='ocrx_word' id='word_1_321' title='bbox 1585 4010 1833 4084; x_wconf 77' lang='grc' dir='ltr'>βληθεὶς,</span> 
     </span>
    </p>
   </div>
   <div class='ocr_carea' id='block_1_40' title="bbox 256 4102 1837 4174">
    <p class='ocr_par' dir='ltr' id='par_1_40' title="bbox 256 4102 1837 4174">
     <span class='ocr_line' id='line_1_40' title="bbox 256 4102 1837 4174; baseline 0 -16"><span class='ocrx_word' id='word_1_322' title='bbox 256 4105 518 4174; x_wconf 81' lang='grc' dir='ltr'>διαϐολὴν</span> <span class='ocrx_word' id='word_1_323' title='bbox 573 4104 771 4173; x_wconf 77' lang='grc' dir='ltr'>ἐκείνῳ</span> <span class='ocrx_word' id='word_1_324' title='bbox 812 4103 1212 4174; x_wconf 74' lang='grc' dir='ltr'>συνὲῤῥαπτεν,</span> <span class='ocrx_word' id='word_1_325' title='bbox 1267 4103 1343 4165; x_wconf 87' lang='grc' dir='ltr'>ὡς</span> <span class='ocrx_word' id='word_1_326' title='bbox 1398 4102 1485 4173; x_wconf 69' lang='grc' dir='ltr'><strong>εἴη</strong></span> <span class='ocrx_word' id='word_1_327' title='bbox 1531 4102 1837 4173; x_wconf 76' lang='grc' dir='ltr'>ἀνταρσίαν</span> 
     </span>
    </p>
   </div>
   <div class='ocr_carea' id='block_1_41' title="bbox 258 4192 1835 4267">
    <p class='ocr_par' dir='ltr' id='par_1_41' title="bbox 258 4192 1835 4267">
     <span class='ocr_line' id='line_1_41' title="bbox 258 4192 1835 4267; baseline -0.001 -18"><span class='ocrx_word' id='word_1_328' title='bbox 258 4198 363 4265; x_wconf 82' lang='grc' dir='ltr'>μὲν</span> <span class='ocrx_word' id='word_1_329' title='bbox 401 4196 667 4267; x_wconf 79' lang='grc' dir='ltr'>μελετῶν,</span> <span class='ocrx_word' id='word_1_330' title='bbox 698 4197 799 4247; x_wconf 61' lang='grc' dir='ltr'>οᾶκ</span> <span class='ocrx_word' id='word_1_331' title='bbox 838 4195 1018 4262; x_wconf 74' lang='grc' dir='ltr'>ἀγαθὰ</span> <span class='ocrx_word' id='word_1_332' title='bbox 1056 4194 1114 4248; x_wconf 80' lang='grc' dir='ltr'>δὲ</span> <span class='ocrx_word' id='word_1_333' title='bbox 1146 4195 1241 4247; x_wconf 79' lang='grc' dir='ltr'>καὶ</span> <span class='ocrx_word' id='word_1_334' title='bbox 1274 4195 1387 4258; x_wconf 84' lang='grc' dir='ltr'>τοῖς</span> <span class='ocrx_word' id='word_1_335' title='bbox 1419 4192 1692 4266; x_wconf 78' lang='grc' dir='ltr'>κρατοῦσι</span> <span class='ocrx_word' id='word_1_336' title='bbox 1716 4193 1835 4248; x_wconf 83' lang='grc' dir='ltr'>δια-</span> 
     </span>
    </p>
   </div>
   <div class='ocr_carea' id='block_1_42' title="bbox 257 4284 1838 4359">
    <p class='ocr_par' dir='ltr' id='par_1_42' title="bbox 257 4284 1838 4359">
     <span class='ocr_line' id='line_1_42' title="bbox 257 4284 1838 4359; baseline 0 -17"><span class='ocrx_word' id='word_1_337' title='bbox 257 4289 571 4359; x_wconf 77' lang='grc' dir='ltr'>νοούμενος.</span> <span class='ocrx_word' id='word_1_338' title='bbox 624 4289 732 4341; x_wconf 72' lang='grc' dir='ltr'><strong>Καὶ</strong></span> <span class='ocrx_word' id='word_1_339' title='bbox 770 4286 941 4340; x_wconf 78' lang='grc' dir='ltr'>ταῦτα</span> <span class='ocrx_word' id='word_1_340' title='bbox 977 4286 1078 4356; x_wconf 76' lang='grc' dir='ltr'>μὲν</span> <span class='ocrx_word' id='word_1_341' title='bbox 1117 4288 1183 4358; x_wconf 78' lang='grc' dir='ltr'><strong>τῇ</strong></span> <span class='ocrx_word' id='word_1_342' title='bbox 1230 4285 1323 4340; x_wconf 79' lang='grc' dir='ltr'>τοῦ</span> <span class='ocrx_word' id='word_1_343' title='bbox 1366 4284 1637 4356; x_wconf 81' lang='grc' dir='ltr'>βασιλέως</span> <span class='ocrx_word' id='word_1_344' title='bbox 1666 4287 1838 4359; x_wconf 77' lang='grc' dir='ltr'>μητρὶ</span> 
     </span>
    </p>
   </div>
   <div class='ocr_carea' id='block_1_43' title="bbox 258 4378 1842 4452">
    <p class='ocr_par' dir='ltr' id='par_1_43' title="bbox 258 4378 1842 4452">
     <span class='ocr_line' id='line_1_43' title="bbox 258 4378 1842 4452; baseline -0.001 -16"><span class='ocrx_word' id='word_1_345' title='bbox 258 4383 524 4452; x_wconf 61' lang='grc' dir='ltr'>Πλακιὸἱξι</span> <span class='ocrx_word' id='word_1_346' title='bbox 560 4384 742 4449; x_wconf 71' lang='grc' dir='ltr'>κρύιρα</span> <span class='ocrx_word' id='word_1_347' title='bbox 763 4380 975 4450; x_wconf 78' lang='grc' dir='ltr'>εἰσῆγε,</span> <span class='ocrx_word' id='word_1_348' title='bbox 1016 4378 1231 4449; x_wconf 79' lang='grc' dir='ltr'>καὶτῆς</span> <span class='ocrx_word' id='word_1_349' title='bbox 1260 4379 1435 4452; x_wconf 78' lang='grc' dir='ltr'>ἀρχῆς</span> <span class='ocrx_word' id='word_1_350' title='bbox 1470 4381 1683 4435; x_wconf 68' lang='grc' dir='ltr'>ἐκεῖνον</span> <span class='ocrx_word' id='word_1_351' title='bbox 1708 4379 1842 4451; x_wconf 84' lang='grc' dir='ltr'>μεθ-</span> 
     </span>
    </p>
   </div>
   <div class='ocr_carea' id='block_1_44' title="bbox 261 4467 1841 4547">
    <p class='ocr_par' dir='ltr' id='par_1_44' title="bbox 261 4467 1841 4547">
     <span class='ocr_line' id='line_1_44' title="bbox 261 4467 1841 4547; baseline 0 -19"><span class='ocrx_word' id='word_1_352' title='bbox 261 4477 417 4547; x_wconf 77' lang='grc' dir='ltr'>ιστᾷν</span> <span class='ocrx_word' id='word_1_353' title='bbox 466 4475 896 4527; x_wconf 68' lang='grc' dir='ltr'>συνεϐούλευεν·</span> <span class='ocrx_word' id='word_1_354' title='bbox 946 4471 1141 4543; x_wconf 70' lang='grc' dir='ltr'>ἐκεινῳ</span> <span class='ocrx_word' id='word_1_355' title='bbox 1186 4470 1232 4525; x_wconf 79' lang='grc' dir='ltr'>δ’</span> <span class='ocrx_word' id='word_1_356' title='bbox 1269 4467 1425 4536; x_wconf 82' lang='grc' dir='ltr'>αὖθις</span> <span class='ocrx_word' id='word_1_357' title='bbox 1471 4470 1634 4545; x_wconf 76' lang='grc' dir='ltr'>ἕτερα</span> <span class='ocrx_word' id='word_1_358' title='bbox 1700 4472 1841 4544; x_wconf 83' lang='grc' dir='ltr'>γρά-</span> 
     </span>
    </p>
   </div>
   <div class='ocr_carea' id='block_1_45' title="bbox 259 4560 1841 4636">
    <p class='ocr_par' dir='ltr' id='par_1_45' title="bbox 259 4560 1841 4636">
     <span class='ocr_line' id='line_1_45' title="bbox 259 4560 1841 4636; baseline 0.002 -18"><span class='ocrx_word' id='word_1_359' title='bbox 259 4584 378 4635; x_wconf 83' lang='grc' dir='ltr'><strong>φων</strong></span> <span class='ocrx_word' id='word_1_360' title='bbox 405 4568 701 4636; x_wconf 75' lang='grc' dir='ltr'>εἰσηγεῖτο,</span> <span class='ocrx_word' id='word_1_361' title='bbox 728 4562 998 4635; x_wconf 76' lang='grc' dir='ltr'>μηδαμῶς</span> <span class='ocrx_word' id='word_1_362' title='bbox 1029 4560 1252 4618; x_wconf 78' lang='grc' dir='ltr'>ἑλέσθαι</span> <span class='ocrx_word' id='word_1_363' title='bbox 1281 4561 1462 4616; x_wconf 75' lang='grc' dir='ltr'>ὀπίσω</span> <span class='ocrx_word' id='word_1_364' title='bbox 1496 4562 1695 4629; x_wconf 73' lang='grc' dir='ltr'>ἐλθεῖν,</span> <span class='ocrx_word' id='word_1_365' title='bbox 1722 4566 1841 4635; x_wconf 77' lang='grc' dir='ltr'>εῐγε</span> 
     </span>
    </p>
   </div>
   <div class='ocr_carea' id='block_1_46' title="bbox 257 4656 1844 4731">
    <p class='ocr_par' dir='ltr' id='par_1_46' title="bbox 257 4656 1844 4731">
     <span class='ocr_line' id='line_1_46' title="bbox 257 4656 1844 4731; baseline 0.001 -21"><span class='ocrx_word' id='word_1_366' title='bbox 257 4659 402 4725; x_wconf 74' lang='grc' dir='ltr'>δόξει</span> <span class='ocrx_word' id='word_1_367' title='bbox 434 4660 547 4721; x_wconf 81' lang='grc' dir='ltr'>τοῖς</span> <span class='ocrx_word' id='word_1_368' title='bbox 569 4657 867 4729; x_wconf 77' lang='grc' dir='ltr'>κρατοῦσιν</span> <span class='ocrx_word' id='word_1_369' title='bbox 897 4656 1062 4711; x_wconf 79' lang='grc' dir='ltr'>αὐτὸν</span> <span class='ocrx_word' id='word_1_370' title='bbox 1089 4656 1555 4729; x_wconf 74' lang='grc' dir='ltr'>μεταστέλλεσθαι</span> <span class='ocrx_word' id='word_1_371' title='bbox 1576 4672 1594 4688; x_wconf 73' lang='grc'><strong>⁸</strong></span> <span class='ocrx_word' id='word_1_372' title='bbox 1619 4658 1844 4731; x_wconf 86' lang='grc' dir='ltr'>διαϐλη-</span> 
     </span>
    </p>
   </div>
   <div class='ocr_carea' id='block_1_47' title="bbox 262 4742 1840 4818">
    <p class='ocr_par' dir='ltr' id='par_1_47' title="bbox 262 4742 1840 4818">
     <span class='ocr_line' id='line_1_47' title="bbox 262 4742 1840 4818; baseline 0.001 -20"><span class='ocrx_word' id='word_1_373' title='bbox 262 4747 423 4816; x_wconf 73' lang='grc' dir='ltr'>θῆναι</span> <span class='ocrx_word' id='word_1_374' title='bbox 460 4746 590 4815; x_wconf 82' lang='grc' dir='ltr'>γὰρ,</span> <span class='ocrx_word' id='word_1_375' title='bbox 622 4746 717 4798; x_wconf 68' lang='grc' dir='ltr'>καὶ</span> <span class='ocrx_word' id='word_1_376' title='bbox 755 4744 1071 4816; x_wconf 74' lang='grc' dir='ltr'>πανουργίᾳ</span> <span class='ocrx_word' id='word_1_377' title='bbox 1112 4742 1229 4799; x_wconf 83' lang='grc' dir='ltr'><strong>τῶν</strong></span> <span class='ocrx_word' id='word_1_378' title='bbox 1264 4744 1619 4816; x_wconf 84' lang='grc' dir='ltr'>κρατούντων</span> <span class='ocrx_word' id='word_1_379' title='bbox 1666 4746 1840 4818; x_wconf 82' lang='grc' dir='ltr'>ἀνάγ-</span> 
     </span>
    </p>
   </div>
   <div class='ocr_carea' id='block_1_48' title="bbox 261 4834 1841 4910">
    <p class='ocr_par' dir='ltr' id='par_1_48' title="bbox 261 4834 1841 4910">
     <span class='ocr_line' id='line_1_48' title="bbox 261 4834 1841 4910; baseline 0.004 -21"><span class='ocrx_word' id='word_1_380' title='bbox 261 4854 364 4906; x_wconf 81' lang='grc' dir='ltr'><strong>κην</strong></span> <span class='ocrx_word' id='word_1_381' title='bbox 389 4834 531 4891; x_wconf 82' lang='grc' dir='ltr'>εἶναι</span> <span class='ocrx_word' id='word_1_382' title='bbox 559 4834 952 4906; x_wconf 77' lang='grc' dir='ltr'>διαφθαρῆναι.</span> <span class='ocrx_word' id='word_1_383' title='bbox 986 4836 1053 4888; x_wconf 85' lang='lat' dir='ltr'><strong>&quot;A</strong></span> <span class='ocrx_word' id='word_1_384' title='bbox 1092 4834 1156 4906; x_wconf 80' lang='grc' dir='ltr'>δὴ</span> <span class='ocrx_word' id='word_1_385' title='bbox 1183 4836 1493 4907; x_wconf 75' lang='grc' dir='ltr'>γράμματα</span> <span class='ocrx_word' id='word_1_386' title='bbox 1536 4838 1618 4901; x_wconf 74' lang='grc' dir='ltr'>εἰς</span> <span class='ocrx_word' id='word_1_387' title='bbox 1646 4841 1841 4910; x_wconf 78' lang='grc' dir='ltr'>χεῖρας</span> 
     </span>
    </p>
   </div>
   <div class='ocr_carea' id='block_1_49' title="bbox 260 4920 1840 4999">
    <p class='ocr_par' dir='ltr' id='par_1_49' title="bbox 260 4920 1840 4999">
     <span class='ocr_line' id='line_1_49' title="bbox 260 4920 1840 4999; baseline 0.004 -20"><span class='ocrx_word' id='word_1_388' title='bbox 260 4928 443 4982; x_wconf 84' lang='grc' dir='ltr'>λαϐὼν</span> <span class='ocrx_word' id='word_1_389' title='bbox 471 4928 819 4997; x_wconf 83' lang='grc' dir='ltr'>Βονιφάτιος,</span> <span class='ocrx_word' id='word_1_390' title='bbox 849 4926 945 4981; x_wconf 83' lang='grc' dir='ltr'>καὶ</span> <span class='ocrx_word' id='word_1_391' title='bbox 974 4920 1063 4982; x_wconf 74' lang='grc' dir='ltr'>οἷα</span> <span class='ocrx_word' id='word_1_392' title='bbox 1092 4926 1227 4999; x_wconf 84' lang='grc' dir='ltr'>παρ’</span> <span class='ocrx_word' id='word_1_393' title='bbox 1254 4927 1451 4999; x_wconf 79' lang='grc' dir='ltr'>ἀνδρὸς</span> <span class='ocrx_word' id='word_1_394' title='bbox 1475 4927 1631 4997; x_wconf 79' lang='grc' dir='ltr'>φίλου</span> <span class='ocrx_word' id='word_1_395' title='bbox 1656 4947 1716 4983; x_wconf 87' lang='grc' dir='ltr'><strong>τε</strong></span> <span class='ocrx_word' id='word_1_396' title='bbox 1741 4932 1840 4985; x_wconf 77' lang='grc' dir='ltr'>καὶ</span> 
     </span>
    </p>
   </div>
   <div class='ocr_carea' id='block_1_50' title="bbox 260 5001 1837 5093">
    <p class='ocr_par' dir='ltr' id='par_1_50' title="bbox 260 5001 1837 5093">
     <span class='ocr_line' id='line_1_50' title="bbox 260 5001 1837 5093; baseline 0.001 -19"><span class='ocrx_word' id='word_1_397' title='bbox 260 5022 507 5092; x_wconf 76' lang='grc' dir='ltr'>γνησίως</span> <span class='ocrx_word' id='word_1_398' title='bbox 554 5020 703 5088; x_wconf 81' lang='grc' dir='ltr'>μάλα</span> <span class='ocrx_word' id='word_1_399' title='bbox 732 5001 951 5091; x_wconf 68' lang='grc' dir='ltr'>ἔχοντός</span> <span class='ocrx_word' id='word_1_400' title='bbox 984 5019 1289 5085; x_wconf 84' lang='grc' dir='ltr'>πιστεύσας</span> <span class='ocrx_word' id='word_1_401' title='bbox 1338 5020 1547 5087; x_wconf 80' lang='grc' dir='ltr'>αὐτοῖς,</span> <span class='ocrx_word' id='word_1_402' title='bbox 1585 5022 1837 5093; x_wconf 79' lang='grc' dir='ltr'>οὐδαμῶς</span> 
     </span>
    </p>
   </div>
   <div class='ocr_carea' id='block_1_51' title="bbox 263 5113 1840 5186">
    <p class='ocr_par' dir='ltr' id='par_1_51' title="bbox 263 5113 1840 5186">
     <span class='ocr_line' id='line_1_51' title="bbox 263 5113 1840 5186; baseline 0.003 -18"><span class='ocrx_word' id='word_1_403' title='bbox 263 5117 510 5185; x_wconf 79' lang='grc' dir='ltr'>ὑπήκουε</span> <span class='ocrx_word' id='word_1_404' title='bbox 563 5114 664 5184; x_wconf 78' lang='grc' dir='ltr'>τῆς</span> <span class='ocrx_word' id='word_1_405' title='bbox 701 5115 876 5186; x_wconf 82' lang='grc' dir='ltr'>ἀρχῆς</span> <span class='ocrx_word' id='word_1_406' title='bbox 927 5113 1253 5185; x_wconf 79' lang='grc' dir='ltr'>ἀποστῆναι,</span> <span class='ocrx_word' id='word_1_407' title='bbox 1316 5114 1524 5186; x_wconf 74' lang='grc' dir='ltr'>καίπερ</span> <span class='ocrx_word' id='word_1_408' title='bbox 1575 5115 1840 5183; x_wconf 81' lang='grc' dir='ltr'>πολλάκις</span> 
     </span>
    </p>
   </div>
   <div class='ocr_carea' id='block_1_52' title="bbox 264 5207 1838 5279">
    <p class='ocr_par' dir='ltr' id='par_1_52' title="bbox 264 5207 1838 5279">
     <span class='ocr_line' id='line_1_52' title="bbox 264 5207 1838 5279; baseline 0.002 -17"><span class='ocrx_word' id='word_1_409' title='bbox 264 5211 372 5262; x_wconf 81' lang='grc' dir='ltr'><strong>ὑπὸ</strong></span> <span class='ocrx_word' id='word_1_410' title='bbox 426 5209 520 5263; x_wconf 79' lang='grc' dir='ltr'><strong>τοῦ</strong></span> <span class='ocrx_word' id='word_1_411' title='bbox 575 5207 843 5279; x_wconf 82' lang='grc' dir='ltr'>βασιλέως</span> <span class='ocrx_word' id='word_1_412' title='bbox 895 5207 1414 5279; x_wconf 82' lang='grc' dir='ltr'>μεταστελλόμενος.</span> <span class='ocrx_word' id='word_1_413' title='bbox 1468 5207 1750 5264; x_wconf 81' lang='grc' dir='ltr'>Ἐντεῦθεν</span> <span class='ocrx_word' id='word_1_414' title='bbox 1787 5212 1838 5265; x_wconf 75' lang='grc' dir='ltr'>οἱ</span> 
     </span>
    </p>
   </div>
   <div class='ocr_carea' id='block_1_53' title="bbox 265 5298 1837 5374">
    <p class='ocr_par' dir='ltr' id='par_1_53' title="bbox 265 5298 1837 5374">
     <span class='ocr_line' id='line_1_53' title="bbox 265 5298 1837 5374; baseline -0.001 -18"><span class='ocrx_word' id='word_1_415' title='bbox 265 5303 509 5373; x_wconf 82' lang='grc' dir='ltr'>βασιλεῖς</span> <span class='ocrx_word' id='word_1_416' title='bbox 558 5298 648 5355; x_wconf 76' lang='grc' dir='ltr'>οἷα</span> <span class='ocrx_word' id='word_1_417' title='bbox 696 5299 879 5370; x_wconf 82' lang='grc' dir='ltr'>πιστῷ</span> <span class='ocrx_word' id='word_1_418' title='bbox 909 5299 1006 5353; x_wconf 80' lang='grc' dir='ltr'>καὶ</span> <span class='ocrx_word' id='word_1_419' title='bbox 1051 5298 1195 5371; x_wconf 77' lang='grc' dir='ltr'>εὔνῳ</span> <span class='ocrx_word' id='word_1_420' title='bbox 1248 5303 1318 5355; x_wconf 72' lang='grc' dir='ltr'>τὰ</span> <span class='ocrx_word' id='word_1_421' title='bbox 1369 5300 1610 5370; x_wconf 80' lang='grc' dir='ltr'>μάλιστα</span> <span class='ocrx_word' id='word_1_422' title='bbox 1645 5302 1837 5374; x_wconf 77' lang='grc' dir='ltr'>Ἀετίῳ</span> 
     </span>
    </p>
   </div>
   <div class='ocr_carea' id='block_1_54' title="bbox 265 5391 1839 5467">
    <p class='ocr_par' dir='ltr' id='par_1_54' title="bbox 265 5391 1839 5467">
     <span class='ocr_line' id='line_1_54' title="bbox 265 5391 1839 5467; baseline 0.001 -19"><span class='ocrx_word' id='word_1_423' title='bbox 265 5397 582 5466; x_wconf 82' lang='grc' dir='ltr'>προσεῖχον,</span> <span class='ocrx_word' id='word_1_424' title='bbox 612 5394 678 5447; x_wconf 72' lang='grc' dir='ltr'>ἐκ</span> <span class='ocrx_word' id='word_1_425' title='bbox 723 5391 922 5447; x_wconf 83' lang='grc' dir='ltr'>πολλοῦ</span> <span class='ocrx_word' id='word_1_426' title='bbox 950 5393 1052 5464; x_wconf 83' lang='grc' dir='ltr'>τὴν</span> <span class='ocrx_word' id='word_1_427' title='bbox 1080 5392 1294 5447; x_wconf 65' lang='grc' dir='ltr'>ἐκείνου</span> <span class='ocrx_word' id='word_1_428' title='bbox 1330 5392 1660 5464; x_wconf 81' lang='grc' dir='ltr'>δυσμένειαν</span> <span class='ocrx_word' id='word_1_429' title='bbox 1706 5413 1839 5467; x_wconf 85' lang='grc' dir='ltr'>προ-</span> 
     </span>
    </p>
   </div>
   <div class='ocr_carea' id='block_1_55' title="bbox 267 5483 1836 5559">
    <p class='ocr_par' dir='ltr' id='par_1_55' title="bbox 267 5483 1836 5559">
     <span class='ocr_line' id='line_1_55' title="bbox 267 5483 1836 5559; baseline -0.001 -18"><span class='ocrx_word' id='word_1_430' title='bbox 267 5486 594 5559; x_wconf 82' lang='grc' dir='ltr'>μηνύσαντι,</span> <span class='ocrx_word' id='word_1_431' title='bbox 623 5485 721 5541; x_wconf 77' lang='grc' dir='ltr'>καὶ</span> <span class='ocrx_word' id='word_1_432' title='bbox 742 5484 807 5556; x_wconf 81' lang='grc' dir='ltr'>δὴ</span> <span class='ocrx_word' id='word_1_433' title='bbox 841 5483 940 5539; x_wconf 75' lang='grc' dir='ltr'>σὺν</span> <span class='ocrx_word' id='word_1_434' title='bbox 972 5484 1169 5557; x_wconf 72' lang='grc' dir='ltr'>ἐκείνῳ</span> <span class='ocrx_word' id='word_1_435' title='bbox 1194 5484 1295 5556; x_wconf 76' lang='grc' dir='ltr'>τὴν</span> <span class='ocrx_word' id='word_1_436' title='bbox 1335 5485 1481 5541; x_wconf 85' lang='grc' dir='ltr'>κατὰ</span> <span class='ocrx_word' id='word_1_437' title='bbox 1509 5486 1836 5558; x_wconf 81' lang='grc' dir='ltr'>Βονιφατίου</span> 
     </span>
    </p>
   </div>
   <div class='ocr_carea' id='block_1_56' title="bbox 261 5574 1840 5646">
    <p class='ocr_par' dir='ltr' id='par_1_56' title="bbox 261 5574 1840 5646">
     <span class='ocr_line' id='line_1_56' title="bbox 261 5574 1840 5646; baseline 0 -14"><span class='ocrx_word' id='word_1_438' title='bbox 261 5579 411 5641; x_wconf 78' lang='grc' dir='ltr'>ὅπως</span> <span class='ocrx_word' id='word_1_439' title='bbox 468 5576 711 5646; x_wconf 82' lang='grc' dir='ltr'>ἀποϐαίη</span> <span class='ocrx_word' id='word_1_440' title='bbox 764 5575 1037 5641; x_wconf 82' lang='grc' dir='ltr'>συσκευὴν</span> <span class='ocrx_word' id='word_1_441' title='bbox 1097 5574 1347 5645; x_wconf 75' lang='grc' dir='ltr'>ὕφαινον.</span> <span class='ocrx_word' id='word_1_442' title='bbox 1408 5576 1731 5646; x_wconf 84' lang='grc' dir='ltr'>Τηνικαῦτα</span> <span class='ocrx_word' id='word_1_443' title='bbox 1779 5579 1840 5632; x_wconf 78' lang='grc' dir='ltr'>δὲ</span> 
     </span>
    </p>
   </div>
   <div class='ocr_carea' id='block_1_57' title="bbox 1856 1620 1906 1675">
    <p class='ocr_par' dir='ltr' id='par_1_57' title="bbox 1856 1620 1906 1675">
     <span class='ocr_line' id='line_1_57' title="bbox 1856 1620 1906 1675; baseline 0 0"><span class='ocrx_word' id='word_1_444' title='bbox 1856 1620 1906 1675; x_wconf 73' lang='grc' dir='ltr'>Α</span> 
     </span>
    </p>
   </div>
   <div class='ocr_carea' id='block_1_58' title="bbox 1900 1378 3500 1453">
    <p class='ocr_par' dir='ltr' id='par_1_58' title="bbox 1900 1378 3500 1453">
     <span class='ocr_line' id='line_1_58' title="bbox 1900 1378 3500 1453; baseline -0.003 -20"><span class='ocrx_word' id='word_1_445' title='bbox 1900 1378 2006 1434; x_wconf 90' lang='lat' dir='ltr'><strong>nisi</strong></span> <span class='ocrx_word' id='word_1_446' title='bbox 2070 1397 2157 1437; x_wconf 90' lang='lat' dir='ltr'><strong>mc</strong></span> <span class='ocrx_word' id='word_1_447' title='bbox 2231 1383 2391 1453; x_wconf 82' lang='lat' dir='ltr'><strong>longe</strong></span> <span class='ocrx_word' id='word_1_448' title='bbox 2447 1381 2517 1437; x_wconf 87' lang='lat' dir='ltr'><strong>ab</strong></span> <span class='ocrx_word' id='word_1_449' title='bbox 2578 1382 2833 1438; x_wconf 88' lang='lat' dir='ltr'><strong>instituto</strong></span> <span class='ocrx_word' id='word_1_450' title='bbox 2898 1379 3279 1451; x_wconf 80' lang='lat' dir='ltr'><strong>digressurum</strong></span> <span class='ocrx_word' id='word_1_451' title='bbox 3378 1388 3500 1431; x_wconf 83' lang='lat' dir='ltr'><strong>esse</strong></span> 
     </span>
    </p>
   </div>
   <div class='ocr_carea' id='block_1_59' title="bbox 2522 1626 2922 1685">
    <p class='ocr_par' dir='ltr' id='par_1_59' title="bbox 2522 1626 2922 1685">
     <span class='ocr_line' id='line_1_59' title="bbox 2522 1626 2922 1685; baseline 0.003 -1"><span class='ocrx_word' id='word_1_452' title='bbox 2522 1626 2749 1685; x_wconf 77' lang='lat' dir='ltr'><strong>CAPUT</strong></span> <span class='ocrx_word' id='word_1_453' title='bbox 2788 1626 2922 1685; x_wconf 80' lang='lat' dir='ltr'><strong>LVI.</strong></span> 
     </span>
    </p>
   </div>
   <div class='ocr_carea' id='block_1_60' title="bbox 1935 1759 3509 1836">
    <p class='ocr_par' dir='ltr' id='par_1_60' title="bbox 1935 1759 3509 1836">
     <span class='ocr_line' id='line_1_60' title="bbox 1935 1759 3509 1836; baseline -0.006 -14"><span class='ocrx_word' id='word_1_454' title='bbox 1935 1766 2011 1822; x_wconf 78' lang='lat' dir='ltr'><strong>De</strong></span> <span class='ocrx_word' id='word_1_455' title='bbox 2075 1766 2469 1831; x_wconf 80' lang='lat' dir='ltr'><strong>Valentiniano,</strong></span> <span class='ocrx_word' id='word_1_456' title='bbox 2523 1759 2843 1836; x_wconf 50' lang='lat' dir='ltr'><strong>qiti&#39;Romw</strong></span> <span class='ocrx_word' id='word_1_457' title='bbox 2884 1763 3187 1836; x_wconf 75' lang='lat' dir='ltr'><strong>imperavit.</strong></span> <span class='ocrx_word' id='word_1_458' title='bbox 3245 1760 3319 1815; x_wconf 85' lang='lat' dir='ltr'><strong>De</strong></span> <span class='ocrx_word' id='word_1_459' title='bbox 3355 1767 3509 1832; x_wconf 81' lang='lat' dir='ltr'><strong>gente</strong></span> 
     </span>
    </p>
   </div>
   <div class='ocr_carea' id='block_1_61' title="bbox 2004 1834 3511 1906">
    <p class='ocr_par' dir='ltr' id='par_1_61' title="bbox 2004 1834 3511 1906">
     <span class='ocr_line' id='line_1_61' title="bbox 2004 1834 3511 1906; baseline -0.007 -12"><span class='ocrx_word' id='word_1_460' title='bbox 2004 1838 2314 1894; x_wconf 80' lang='lat' dir='ltr'><strong>Gouhorum</strong></span> <span class='ocrx_word' id='word_1_461' title='bbox 2341 1854 2359 1892; x_wconf 93' lang='lat'><strong><em>:</em></strong></span> <span class='ocrx_word' id='word_1_462' title='bbox 2389 1839 2445 1892; x_wconf 74' lang='lat' dir='ltr'><strong>in</strong></span> <span class='ocrx_word' id='word_1_463' title='bbox 2478 1834 2610 1906; x_wconf 72' lang='lat' dir='ltr'><strong>quas</strong></span> <span class='ocrx_word' id='word_1_464' title='bbox 2650 1834 3125 1906; x_wconf 79' lang='lat' dir='ltr'><strong>nationes_divisa,</strong></span> <span class='ocrx_word' id='word_1_465' title='bbox 3171 1839 3221 1885; x_wconf 80' lang='lat' dir='ltr'><strong>ct</strong></span> <span class='ocrx_word' id='word_1_466' title='bbox 3261 1847 3387 1906; x_wconf 59' lang='lat' dir='ltr'><strong>quia</strong></span> <span class='ocrx_word' id='word_1_467' title='bbox 3435 1839 3511 1884; x_wconf 82' lang='lat' dir='ltr'><strong>te-</strong></span> 
     </span>
    </p>
   </div>
   <div class='ocr_carea' id='block_1_62' title="bbox 2003 1902 3508 1974">
    <p class='ocr_par' dir='ltr' id='par_1_62' title="bbox 2003 1902 3508 1974">
     <span class='ocr_line' id='line_1_62' title="bbox 2003 1902 3508 1974; baseline -0.007 -12"><span class='ocrx_word' id='word_1_468' title='bbox 2003 1910 2219 1963; x_wconf 80' lang='lat' dir='ltr'><strong>nuerint</strong></span> <span class='ocrx_word' id='word_1_469' title='bbox 2265 1909 2401 1963; x_wconf 82' lang='lat' dir='ltr'><strong>loca.</strong></span> <span class='ocrx_word' id='word_1_470' title='bbox 2453 1902 2724 1961; x_wconf 68' lang='lat' dir='ltr'><strong>Praeterea</strong></span> <span class='ocrx_word' id='word_1_471' title='bbox 2774 1906 2838 1958; x_wconf 84' lang='lat' dir='ltr'><strong>de</strong></span> <span class='ocrx_word' id='word_1_472' title='bbox 2884 1904 3181 1974; x_wconf 25' lang='lat' dir='ltr'><strong>Bonifacio‘.</strong></span> <span class='ocrx_word' id='word_1_473' title='bbox 3238 1902 3399 1974; x_wconf 45' lang='lat' dir='ltr'><strong>Aetio</strong></span> <span class='ocrx_word' id='word_1_474' title='bbox 3451 1908 3508 1974; x_wconf 68' lang='lat' dir='ltr'><strong>et</strong></span> 
     </span>
    </p>
   </div>
   <div class='ocr_carea' id='block_1_63' title="bbox 2003 1970 3507 2048">
    <p class='ocr_par' dir='ltr' id='par_1_63' title="bbox 2003 1970 3507 2048">
     <span class='ocr_line' id='line_1_63' title="bbox 2003 1970 3507 2048; baseline -0.007 -15"><span class='ocrx_word' id='word_1_475' title='bbox 2003 1980 2210 2048; x_wconf 80' lang='lat' dir='ltr'><strong>Aspare</strong></span> <span class='ocrx_word' id='word_1_476' title='bbox 2240 1980 2496 2033; x_wconf 85' lang='lat' dir='ltr'><strong>ducibus:</strong></span> <span class='ocrx_word' id='word_1_477' title='bbox 2518 1988 2568 2035; x_wconf 76' lang='lat' dir='ltr'><strong>et</strong></span> <span class='ocrx_word' id='word_1_478' title='bbox 2600 1984 2657 2030; x_wconf 83' lang='lat' dir='ltr'><strong>ut</strong></span> <span class='ocrx_word' id='word_1_479' title='bbox 2680 1975 2846 2048; x_wconf 71' lang='lat' dir='ltr'><strong>Libya</strong></span> <span class='ocrx_word' id='word_1_480' title='bbox 2871 1970 3213 2030; x_wconf 74' lang='lat' dir='ltr'><strong>occidentalis</strong></span> <span class='ocrx_word' id='word_1_481' title='bbox 3248 1970 3507 2027; x_wconf 79' lang='lat' dir='ltr'><strong>Vandalis</strong></span> 
     </span>
    </p>
   </div>
   <div class='ocr_carea' id='block_1_64' title="bbox 2002 2050 2857 2119">
    <p class='ocr_par' dir='ltr' id='par_1_64' title="bbox 2002 2050 2857 2119">
     <span class='ocr_line' id='line_1_64' title="bbox 2002 2050 2857 2119; baseline -0.001 -16"><span class='ocrx_word' id='word_1_482' title='bbox 2002 2050 2213 2104; x_wconf 76' lang='lat' dir='ltr'><strong>subdita</strong></span> <span class='ocrx_word' id='word_1_483' title='bbox 2241 2050 2427 2119; x_wconf 82' lang='lat' dir='ltr'><strong>fuerit.</strong></span> <span class='ocrx_word' id='word_1_484' title='bbox 2855 2082 2857 2085; x_wconf 67' lang='grc' dir='ltr'><strong>ι</strong></span> 
     </span>
    </p>
   </div>
   <div class='ocr_carea' id='block_1_65' title="bbox 2004 2239 3511 2326">
    <p class='ocr_par' dir='ltr' id='par_1_65' title="bbox 2004 2239 3511 2326">
     <span class='ocr_line' id='line_1_65' title="bbox 2004 2239 3511 2326; baseline -0.007 -21"><span class='ocrx_word' id='word_1_485' title='bbox 2004 2250 2177 2307; x_wconf 87' lang='lat' dir='ltr'><strong>Porro</strong></span> <span class='ocrx_word' id='word_1_486' title='bbox 2203 2248 2623 2307; x_wconf 79' lang='lat' dir='ltr'><strong>Valentinianus</strong></span> <span class='ocrx_word' id='word_1_487' title='bbox 2647 2245 2904 2326; x_wconf 60' lang='lat' dir='ltr'><strong>Placidia;</strong></span> <span class='ocrx_word' id='word_1_488' title='bbox 2934 2244 3081 2300; x_wconf 82' lang='lat' dir='ltr'><strong>filius</strong></span> <span class='ocrx_word' id='word_1_489' title='bbox 3119 2251 3180 2299; x_wconf 89' lang='lat' dir='ltr'><strong>et</strong></span> <span class='ocrx_word' id='word_1_490' title='bbox 3206 2239 3511 2297; x_wconf 84' lang='lat' dir='ltr'><strong>Theodosii</strong></span> 
     </span>
    </p>
   </div>
   <div class='ocr_carea' id='block_1_66' title="bbox 1935 2331 3513 2415">
    <p class='ocr_par' dir='ltr' id='par_1_66' title="bbox 1935 2331 3513 2415">
     <span class='ocr_line' id='line_1_66' title="bbox 1935 2331 3513 2415; baseline -0.009 -16"><span class='ocrx_word' id='word_1_491' title='bbox 1935 2358 2104 2415; x_wconf 76' lang='lat' dir='ltr'><strong>gener</strong></span> <span class='ocrx_word' id='word_1_492' title='bbox 2138 2344 2287 2412; x_wconf 88' lang='lat' dir='ltr'><strong>(nam</strong></span> <span class='ocrx_word' id='word_1_493' title='bbox 2333 2341 2636 2396; x_wconf 76' lang='lat' dir='ltr'><strong>Eudoxiam</strong></span> <span class='ocrx_word' id='word_1_494' title='bbox 2673 2339 2841 2394; x_wconf 84' lang='lat' dir='ltr'><strong>filiam</strong></span> <span class='ocrx_word' id='word_1_495' title='bbox 2871 2337 3014 2408; x_wconf 86' lang='lat' dir='ltr'><strong>ejus,</strong></span> <span class='ocrx_word' id='word_1_496' title='bbox 3047 2350 3212 2405; x_wconf 88' lang='lat' dir='ltr'><strong>quam</strong></span> <span class='ocrx_word' id='word_1_497' title='bbox 3243 2333 3293 2388; x_wconf 91' lang='lat' dir='ltr'><strong>ei</strong></span> <span class='ocrx_word' id='word_1_498' title='bbox 3328 2331 3513 2388; x_wconf 79' lang='lat' dir='ltr'><strong>Eudo-</strong></span> 
     </span>
    </p>
   </div>
   <div class='ocr_carea' id='block_1_67' title="bbox 1935 2422 3520 2506">
    <p class='ocr_par' dir='ltr' id='par_1_67' title="bbox 1935 2422 3520 2506">
     <span class='ocr_line' id='line_1_67' title="bbox 1935 2422 3520 2506; baseline -0.008 -16"><span class='ocrx_word' id='word_1_499' title='bbox 1935 2435 2018 2491; x_wconf 89' lang='lat' dir='ltr'><strong>cia</strong></span> <span class='ocrx_word' id='word_1_500' title='bbox 2050 2441 2335 2506; x_wconf 77' lang='lat' dir='ltr'><strong>genuerat,</strong></span> <span class='ocrx_word' id='word_1_501' title='bbox 2368 2433 2425 2487; x_wconf 90' lang='lat' dir='ltr'><strong>in</strong></span> <span class='ocrx_word' id='word_1_502' title='bbox 2470 2430 2828 2486; x_wconf 88' lang='lat' dir='ltr'><strong>matrimonio</strong></span> <span class='ocrx_word' id='word_1_503' title='bbox 2869 2426 3107 2496; x_wconf 82' lang='lat' dir='ltr'><strong>habuit),</strong></span> <span class='ocrx_word' id='word_1_504' title='bbox 3144 2422 3520 2479; x_wconf 81' lang='lat' dir='ltr'><strong>Occidentalis</strong></span> 
     </span>
    </p>
   </div>
   <div class='ocr_carea' id='block_1_68' title="bbox 1937 2516 3517 2599">
    <p class='ocr_par' dir='ltr' id='par_1_68' title="bbox 1937 2516 3517 2599">
     <span class='ocr_line' id='line_1_68' title="bbox 1937 2516 3517 2599; baseline -0.008 -16"><span class='ocrx_word' id='word_1_505' title='bbox 1937 2527 2155 2599; x_wconf 83' lang='lat' dir='ltr'><strong>imperii</strong></span> <span class='ocrx_word' id='word_1_506' title='bbox 2188 2527 2436 2582; x_wconf 86' lang='lat' dir='ltr'><strong>habenas</strong></span> <span class='ocrx_word' id='word_1_507' title='bbox 2502 2524 2785 2588; x_wconf 88' lang='lat' dir='ltr'><strong>obtinens,</strong></span> <span class='ocrx_word' id='word_1_508' title='bbox 2834 2520 3266 2590; x_wconf 79' lang='lat' dir='ltr'><strong>haudquaquam</strong></span> <span class='ocrx_word' id='word_1_509' title='bbox 3304 2533 3333 2571; x_wconf 90' lang='lat' dir='ltr'><strong>a</strong></span> <span class='ocrx_word' id='word_1_510' title='bbox 3363 2516 3517 2572; x_wconf 84' lang='lat' dir='ltr'><strong>sanis</strong></span> 
     </span>
    </p>
   </div>
   <div class='ocr_carea' id='block_1_69' title="bbox 1937 2605 3515 2687">
    <p class='ocr_par' dir='ltr' id='par_1_69' title="bbox 1937 2605 3515 2687">
     <span class='ocr_line' id='line_1_69' title="bbox 1937 2605 3515 2687; baseline -0.008 -14"><span class='ocrx_word' id='word_1_511' title='bbox 1937 2617 2196 2673; x_wconf 67' lang='lat' dir='ltr'><strong>Ecclesia:</strong></span> <span class='ocrx_word' id='word_1_512' title='bbox 2245 2615 2597 2687; x_wconf 77' lang='lat' dir='ltr'><strong>dogmatibus</strong></span> <span class='ocrx_word' id='word_1_513' title='bbox 2656 2611 2938 2675; x_wconf 88' lang='lat' dir='ltr'><strong>descivit,</strong></span> <span class='ocrx_word' id='word_1_514' title='bbox 2998 2609 3235 2664; x_wconf 89' lang='lat' dir='ltr'><strong>verioris</strong></span> <span class='ocrx_word' id='word_1_515' title='bbox 3290 2605 3515 2677; x_wconf 83' lang='lat' dir='ltr'><strong>pietatis</strong></span> 
     </span>
    </p>
   </div>
   <div class='ocr_carea' id='block_1_70' title="bbox 1937 2699 3513 2782">
    <p class='ocr_par' dir='ltr' id='par_1_70' title="bbox 1937 2699 3513 2782">
     <span class='ocr_line' id='line_1_70' title="bbox 1937 2699 3513 2782; baseline -0.01 -15"><span class='ocrx_word' id='word_1_516' title='bbox 1937 2721 2101 2782; x_wconf 85' lang='lat' dir='ltr'><strong>atque</strong></span> <span class='ocrx_word' id='word_1_517' title='bbox 2130 2707 2412 2778; x_wconf 82' lang='lat' dir='ltr'><strong>religionis</strong></span> <span class='ocrx_word' id='word_1_518' title='bbox 2443 2722 2571 2763; x_wconf 87' lang='lat' dir='ltr'><strong>acer</strong></span> <span class='ocrx_word' id='word_1_519' title='bbox 2601 2713 2864 2761; x_wconf 87' lang='lat' dir='ltr'><strong>sectator.</strong></span> <span class='ocrx_word' id='word_1_520' title='bbox 2889 2702 3048 2770; x_wconf 84' lang='lat' dir='ltr'><strong>Quod</strong></span> <span class='ocrx_word' id='word_1_521' title='bbox 3077 2710 3262 2756; x_wconf 85' lang='lat' dir='ltr'><strong>autem</strong></span> <span class='ocrx_word' id='word_1_522' title='bbox 3295 2699 3351 2753; x_wconf 93' lang='lat' dir='ltr'><strong>in</strong></span> <span class='ocrx_word' id='word_1_523' title='bbox 3378 2712 3513 2753; x_wconf 82' lang='lat' dir='ltr'><strong>con-</strong></span> 
     </span>
    </p>
   </div>
   <div class='ocr_carea' id='block_1_71' title="bbox 1938 2797 3513 2870">
    <p class='ocr_par' dir='ltr' id='par_1_71' title="bbox 1938 2797 3513 2870">
     <span class='ocr_line' id='line_1_71' title="bbox 1938 2797 3513 2870; baseline -0.01 -11"><span class='ocrx_word' id='word_1_524' title='bbox 1938 2802 2233 2859; x_wconf 85' lang='lat' dir='ltr'><strong>suetudine</strong></span> <span class='ocrx_word' id='word_1_525' title='bbox 2267 2811 2325 2857; x_wconf 89' lang='lat' dir='ltr'><strong>et</strong></span> <span class='ocrx_word' id='word_1_526' title='bbox 2373 2800 2486 2856; x_wconf 85' lang='lat' dir='ltr'><strong>vita</strong></span> <span class='ocrx_word' id='word_1_527' title='bbox 2515 2799 2838 2870; x_wconf 79' lang='lat' dir='ltr'><strong>quotidiana</strong></span> <span class='ocrx_word' id='word_1_528' title='bbox 2876 2797 3088 2851; x_wconf 86' lang='lat' dir='ltr'><strong>nullum</strong></span> <span class='ocrx_word' id='word_1_529' title='bbox 3128 2803 3345 2850; x_wconf 89' lang='lat' dir='ltr'><strong>certum</strong></span> <span class='ocrx_word' id='word_1_530' title='bbox 3393 2806 3513 2848; x_wconf 63' lang='lat' dir='ltr'><strong>sero</strong></span> 
     </span>
    </p>
   </div>
   <div class='ocr_carea' id='block_1_72' title="bbox 1938 2886 3511 2960">
    <p class='ocr_par' dir='ltr' id='par_1_72' title="bbox 1938 2886 3511 2960">
     <span class='ocr_line' id='line_1_72' title="bbox 1938 2886 3511 2960; baseline -0.008 -8"><span class='ocrx_word' id='word_1_531' title='bbox 1938 2905 2096 2952; x_wconf 88' lang='lat' dir='ltr'><strong>varet</strong></span> <span class='ocrx_word' id='word_1_532' title='bbox 2151 2894 2398 2959; x_wconf 89' lang='lat' dir='ltr'><strong>modum,</strong></span> <span class='ocrx_word' id='word_1_533' title='bbox 2452 2892 2756 2960; x_wconf 84' lang='lat' dir='ltr'><strong>multisque</strong></span> <span class='ocrx_word' id='word_1_534' title='bbox 2798 2897 3052 2944; x_wconf 89' lang='lat' dir='ltr'><strong>uteretur</strong></span> <span class='ocrx_word' id='word_1_535' title='bbox 3091 2886 3511 2957; x_wconf 87' lang='lat' dir='ltr'><strong>impostoribus,</strong></span> 
     </span>
    </p>
   </div>
   <div class='ocr_carea' id='block_1_73' title="bbox 1939 2977 3509 3061">
    <p class='ocr_par' dir='ltr' id='par_1_73' title="bbox 1939 2977 3509 3061">
     <span class='ocr_line' id='line_1_73' title="bbox 1939 2977 3509 3061; baseline -0.008 -15"><span class='ocrx_word' id='word_1_536' title='bbox 1939 3000 2107 3061; x_wconf 89' lang='lat' dir='ltr'><strong>atque</strong></span> <span class='ocrx_word' id='word_1_537' title='bbox 2125 2987 2597 3044; x_wconf 88' lang='lat' dir='ltr'><strong>incantationibus</strong></span> <span class='ocrx_word' id='word_1_538' title='bbox 2620 2983 2912 3056; x_wconf 81' lang='lat' dir='ltr'><strong>gauderet,</strong></span> <span class='ocrx_word' id='word_1_539' title='bbox 2930 2990 2988 3037; x_wconf 89' lang='lat' dir='ltr'><strong>et</strong></span> <span class='ocrx_word' id='word_1_540' title='bbox 3019 2982 3145 3037; x_wconf 87' lang='lat' dir='ltr'><strong>aliis</strong></span> <span class='ocrx_word' id='word_1_541' title='bbox 3171 2977 3509 3051; x_wconf 81' lang='lat' dir='ltr'><strong>ejuscemodi</strong></span> 
     </span>
    </p>
   </div>
   <div class='ocr_carea' id='block_1_74' title="bbox 1939 3071 3514 3150">
    <p class='ocr_par' dir='ltr' id='par_1_74' title="bbox 1939 3071 3514 3150">
     <span class='ocr_line' id='line_1_74' title="bbox 1939 3071 3514 3150; baseline -0.01 -8"><span class='ocrx_word' id='word_1_542' title='bbox 1939 3086 2091 3142; x_wconf 80' lang='lat' dir='ltr'><strong>vitiis</strong></span> <span class='ocrx_word' id='word_1_543' title='bbox 2115 3083 2470 3140; x_wconf 86' lang='lat' dir='ltr'><strong>transversim</strong></span> <span class='ocrx_word' id='word_1_544' title='bbox 2511 3090 2790 3150; x_wconf 79' lang='lat' dir='ltr'><strong>ageretur,</strong></span> <span class='ocrx_word' id='word_1_545' title='bbox 2828 3077 2995 3148; x_wconf 77' lang='lat'><strong>576</strong></span> <span class='ocrx_word' id='word_1_546' title='bbox 3029 3090 3141 3131; x_wconf 91' lang='lat' dir='ltr'><strong>non</strong></span> <span class='ocrx_word' id='word_1_547' title='bbox 3185 3074 3362 3130; x_wconf 88' lang='lat' dir='ltr'><strong>solum</strong></span> <span class='ocrx_word' id='word_1_548' title='bbox 3392 3071 3514 3127; x_wconf 89' lang='lat' dir='ltr'><strong>Bri-</strong></span> 
     </span>
    </p>
   </div>
   <div class='ocr_carea' id='block_1_75' title="bbox 1943 3164 3512 3245">
    <p class='ocr_par' dir='ltr' id='par_1_75' title="bbox 1943 3164 3512 3245">
     <span class='ocr_line' id='line_1_75' title="bbox 1943 3164 3512 3245; baseline -0.011 -8"><span class='ocrx_word' id='word_1_549' title='bbox 1943 3179 2210 3245; x_wconf 86' lang='lat' dir='ltr'><strong>tanniam,</strong></span> <span class='ocrx_word' id='word_1_550' title='bbox 2241 3174 2562 3245; x_wconf 79' lang='lat' dir='ltr'><strong>ilispaniam</strong></span> <span class='ocrx_word' id='word_1_551' title='bbox 2605 3182 2660 3229; x_wconf 91' lang='lat' dir='ltr'><strong>et</strong></span> <span class='ocrx_word' id='word_1_552' title='bbox 2688 3172 2917 3237; x_wconf 86' lang='lat' dir='ltr'><strong>Gallias,</strong></span> <span class='ocrx_word' id='word_1_553' title='bbox 2949 3184 3073 3240; x_wconf 69' lang='lat' dir='ltr'><strong>quas</strong></span> <span class='ocrx_word' id='word_1_554' title='bbox 3115 3165 3356 3237; x_wconf 83' lang='lat' dir='ltr'><strong>imperio</strong></span> <span class='ocrx_word' id='word_1_555' title='bbox 3387 3164 3512 3237; x_wconf 85' lang='lat' dir='ltr'><strong>ejus</strong></span> 
     </span>
    </p>
   </div>
   <div class='ocr_carea' id='block_1_76' title="bbox 1940 3255 3510 3337">
    <p class='ocr_par' dir='ltr' id='par_1_76' title="bbox 1940 3255 3510 3337">
     <span class='ocr_line' id='line_1_76' title="bbox 1940 3255 3510 3337; baseline -0.009 -10"><span class='ocrx_word' id='word_1_556' title='bbox 1940 3272 2206 3337; x_wconf 61' lang='lat' dir='ltr'><strong>adempta:</strong></span> <span class='ocrx_word' id='word_1_557' title='bbox 2260 3267 2502 3332; x_wconf 82' lang='lat' dir='ltr'><strong>fuerant,</strong></span> <span class='ocrx_word' id='word_1_558' title='bbox 2565 3277 2901 3334; x_wconf 87' lang='lat' dir='ltr'><strong>recuperare</strong></span> <span class='ocrx_word' id='word_1_559' title='bbox 2952 3276 3067 3317; x_wconf 88' lang='lat' dir='ltr'><strong>non</strong></span> <span class='ocrx_word' id='word_1_560' title='bbox 3121 3259 3349 3329; x_wconf 89' lang='lat' dir='ltr'><strong>potuit,</strong></span> <span class='ocrx_word' id='word_1_561' title='bbox 3411 3255 3510 3313; x_wconf 82' lang='lat' dir='ltr'><strong>sed</strong></span> 
     </span>
    </p>
   </div>
   <div class='ocr_carea' id='block_1_77' title="bbox 1940 3347 3515 3433">
    <p class='ocr_par' dir='ltr' id='par_1_77' title="bbox 1940 3347 3515 3433">
     <span class='ocr_line' id='line_1_77' title="bbox 1940 3347 3515 3433; baseline -0.009 -17"><span class='ocrx_word' id='word_1_562' title='bbox 1940 3362 2166 3433; x_wconf 88' lang='lat' dir='ltr'><strong>Libyam</strong></span> <span class='ocrx_word' id='word_1_563' title='bbox 2196 3360 2363 3415; x_wconf 87' lang='lat' dir='ltr'><strong>etiam</strong></span> <span class='ocrx_word' id='word_1_564' title='bbox 2399 3372 2620 3413; x_wconf 91' lang='lat' dir='ltr'><strong>omnem</strong></span> <span class='ocrx_word' id='word_1_565' title='bbox 2661 3363 2718 3410; x_wconf 89' lang='lat' dir='ltr'><strong>et</strong></span> <span class='ocrx_word' id='word_1_566' title='bbox 2765 3354 3008 3409; x_wconf 86' lang='lat' dir='ltr'><strong>Africam</strong></span> <span class='ocrx_word' id='word_1_567' title='bbox 3053 3350 3320 3422; x_wconf 86' lang='lat' dir='ltr'><strong>perdidit,</strong></span> <span class='ocrx_word' id='word_1_568' title='bbox 3348 3347 3515 3420; x_wconf 88' lang='lat' dir='ltr'><strong>quin-</strong></span> 
     </span>
    </p>
   </div>
   <div class='ocr_carea' id='block_1_78' title="bbox 1941 3440 3513 3522">
    <p class='ocr_par' dir='ltr' id='par_1_78' title="bbox 1941 3440 3513 3522">
     <span class='ocr_line' id='line_1_78' title="bbox 1941 3440 3513 3522; baseline -0.009 -13"><span class='ocrx_word' id='word_1_569' title='bbox 1941 3454 2158 3511; x_wconf 88' lang='lat' dir='ltr'><strong>decimo</strong></span> <span class='ocrx_word' id='word_1_570' title='bbox 2191 3452 2408 3522; x_wconf 87' lang='lat' dir='ltr'><strong>imperii</strong></span> <span class='ocrx_word' id='word_1_571' title='bbox 2440 3449 2529 3505; x_wconf 90' lang='lat' dir='ltr'><strong>sui</strong></span> <span class='ocrx_word' id='word_1_572' title='bbox 2578 3462 2748 3515; x_wconf 88' lang='lat' dir='ltr'><strong>anno,</strong></span> <span class='ocrx_word' id='word_1_573' title='bbox 2797 3446 2869 3502; x_wconf 90' lang='lat' dir='ltr'><strong>ob</strong></span> <span class='ocrx_word' id='word_1_574' title='bbox 2898 3460 3123 3501; x_wconf 83' lang='lat' dir='ltr'><strong>causam</strong></span> <span class='ocrx_word' id='word_1_575' title='bbox 3175 3440 3513 3516; x_wconf 87' lang='lat' dir='ltr'><strong>hujusmodi.</strong></span> 
     </span>
    </p>
   </div>
   <div class='ocr_carea' id='block_1_79' title="bbox 1942 3534 3516 3610">
    <p class='ocr_par' dir='ltr' id='par_1_79' title="bbox 1942 3534 3516 3610">
     <span class='ocr_line' id='line_1_79' title="bbox 1942 3534 3516 3610; baseline -0.009 -8"><span class='ocrx_word' id='word_1_576' title='bbox 1942 3545 2061 3602; x_wconf 91' lang='lat' dir='ltr'><strong>Duo</strong></span> <span class='ocrx_word' id='word_1_577' title='bbox 2093 3545 2221 3601; x_wconf 80' lang='lat' dir='ltr'><strong>belli</strong></span> <span class='ocrx_word' id='word_1_578' title='bbox 2272 3547 2443 3600; x_wconf 86' lang='lat' dir='ltr'><strong>duces</strong></span> <span class='ocrx_word' id='word_1_579' title='bbox 2486 3538 2973 3610; x_wconf 79' lang='lat' dir='ltr'><strong>ConstantinOpoli</strong></span> <span class='ocrx_word' id='word_1_580' title='bbox 3006 3537 3259 3603; x_wconf 85' lang='lat' dir='ltr'><strong>fuerunt,</strong></span> <span class='ocrx_word' id='word_1_581' title='bbox 3295 3534 3516 3591; x_wconf 87' lang='lat' dir='ltr'><strong>Bonifa-</strong></span> 
     </span>
    </p>
   </div>
   <div class='ocr_carea' id='block_1_80' title="bbox 1941 3626 3515 3705">
    <p class='ocr_par' dir='ltr' id='par_1_80' title="bbox 1941 3626 3515 3705">
     <span class='ocr_line' id='line_1_80' title="bbox 1941 3626 3515 3705; baseline -0.008 -11"><span class='ocrx_word' id='word_1_582' title='bbox 1941 3639 2065 3695; x_wconf 89' lang='lat' dir='ltr'><strong>cius</strong></span> <span class='ocrx_word' id='word_1_583' title='bbox 2115 3647 2172 3693; x_wconf 90' lang='lat' dir='ltr'><strong>et</strong></span> <span class='ocrx_word' id='word_1_584' title='bbox 2228 3636 2424 3691; x_wconf 88' lang='lat' dir='ltr'><strong>Aetius</strong></span> <span class='ocrx_word' id='word_1_585' title='bbox 2455 3675 2471 3701; x_wconf 91' lang='lat'><strong>,</strong></span> <span class='ocrx_word' id='word_1_586' title='bbox 2512 3650 2654 3705; x_wconf 89' lang='lat' dir='ltr'><strong>quos</strong></span> <span class='ocrx_word' id='word_1_587' title='bbox 2693 3632 3041 3689; x_wconf 87' lang='lat' dir='ltr'><strong>Theodosius</strong></span> <span class='ocrx_word' id='word_1_588' title='bbox 3085 3631 3391 3701; x_wconf 87' lang='lat' dir='ltr'><strong>imperator</strong></span> <span class='ocrx_word' id='word_1_589' title='bbox 3443 3626 3515 3682; x_wconf 90' lang='lat' dir='ltr'><strong>ad</strong></span> 
     </span>
    </p>
   </div>
   <div class='ocr_carea' id='block_1_81' title="bbox 1942 3721 3515 3797">
    <p class='ocr_par' dir='ltr' id='par_1_81' title="bbox 1942 3721 3515 3797">
     <span class='ocr_line' id='line_1_81' title="bbox 1942 3721 3515 3797; baseline -0.008 -11"><span class='ocrx_word' id='word_1_590' title='bbox 1942 3729 2413 3790; x_wconf 83' lang='lat' dir='ltr'><strong>Valentinianum,</strong></span> <span class='ocrx_word' id='word_1_591' title='bbox 2444 3727 2539 3796; x_wconf 89' lang='lat' dir='ltr'><strong>qui</strong></span> <span class='ocrx_word' id='word_1_592' title='bbox 2576 3726 2682 3781; x_wconf 88' lang='lat' dir='ltr'><strong>hoc</strong></span> <span class='ocrx_word' id='word_1_593' title='bbox 2726 3726 2987 3797; x_wconf 85' lang='lat' dir='ltr'><strong>petierat,</strong></span> <span class='ocrx_word' id='word_1_594' title='bbox 3017 3723 3191 3779; x_wconf 85' lang='lat' dir='ltr'><strong>misit.</strong></span> <span class='ocrx_word' id='word_1_595' title='bbox 3233 3721 3373 3778; x_wconf 85' lang='lat' dir='ltr'><strong>Cum</strong></span> <span class='ocrx_word' id='word_1_596' title='bbox 3413 3735 3515 3775; x_wconf 89' lang='lat' dir='ltr'><strong>au-</strong></span> 
     </span>
    </p>
   </div>
   <div class='ocr_carea' id='block_1_82' title="bbox 1942 3798 3588 3888">
    <p class='ocr_par' dir='ltr' id='par_1_82' title="bbox 1942 3798 3588 3888">
     <span class='ocr_line' id='line_1_82' title="bbox 1942 3798 3588 3888; baseline -0.009 -9"><span class='ocrx_word' id='word_1_597' title='bbox 1942 3830 2055 3879; x_wconf 85' lang='lat' dir='ltr'><strong>tem</strong></span> <span class='ocrx_word' id='word_1_598' title='bbox 2097 3819 2384 3877; x_wconf 84' lang='lat' dir='ltr'><strong>Bonifacio</strong></span> <span class='ocrx_word' id='word_1_599' title='bbox 2414 3818 2789 3874; x_wconf 86' lang='lat' dir='ltr'><strong>Occidentalis</strong></span> <span class='ocrx_word' id='word_1_600' title='bbox 2827 3817 2997 3888; x_wconf 84' lang='lat' dir='ltr'><strong>Libya</strong></span> <span class='ocrx_word' id='word_1_601' title='bbox 3039 3815 3326 3887; x_wconf 82' lang='lat' dir='ltr'><strong>provincia</strong></span> <span class='ocrx_word' id='word_1_602' title='bbox 3367 3812 3517 3870; x_wconf 85' lang='lat' dir='ltr'><strong>obti-</strong></span> 
     </span>
    </p>
   </div>
   <div class='ocr_carea' id='block_1_83' title="bbox 1941 3903 3516 3988">
    <p class='ocr_par' dir='ltr' id='par_1_83' title="bbox 1941 3903 3516 3988">
     <span class='ocr_line' id='line_1_83' title="bbox 1941 3903 3516 3988; baseline -0.006 -19"><span class='ocrx_word' id='word_1_603' title='bbox 1941 3915 2131 3988; x_wconf 73' lang='lat' dir='ltr'><strong>gisset,</strong></span> <span class='ocrx_word' id='word_1_604' title='bbox 2187 3912 2384 3970; x_wconf 82' lang='lat' dir='ltr'><strong>Aetius</strong></span> <span class='ocrx_word' id='word_1_605' title='bbox 2430 3910 2488 3966; x_wconf 88' lang='lat' dir='ltr'><strong>id</strong></span> <span class='ocrx_word' id='word_1_606' title='bbox 2532 3925 2692 3981; x_wconf 64' lang='lat' dir='ltr'><strong>aequo</strong></span> <span class='ocrx_word' id='word_1_607' title='bbox 2737 3909 2926 3964; x_wconf 87' lang='lat' dir='ltr'><strong>animo</strong></span> <span class='ocrx_word' id='word_1_608' title='bbox 2958 3908 3107 3964; x_wconf 89' lang='lat' dir='ltr'><strong>ferre</strong></span> <span class='ocrx_word' id='word_1_609' title='bbox 3146 3921 3259 3962; x_wconf 88' lang='lat' dir='ltr'><strong>non</strong></span> <span class='ocrx_word' id='word_1_610' title='bbox 3288 3903 3516 3976; x_wconf 89' lang='lat' dir='ltr'><strong>potuit:</strong></span> 
     </span>
    </p>
   </div>
   <div class='ocr_carea' id='block_1_84' title="bbox 1943 3999 3521 4070">
    <p class='ocr_par' dir='ltr' id='par_1_84' title="bbox 1943 3999 3521 4070">
     <span class='ocr_line' id='line_1_84' title="bbox 1943 3999 3521 4070; baseline -0.008 -5"><span class='ocrx_word' id='word_1_611' title='bbox 1943 4008 2041 4065; x_wconf 87' lang='lat' dir='ltr'><strong>sed</strong></span> <span class='ocrx_word' id='word_1_612' title='bbox 2091 4007 2312 4063; x_wconf 66' lang='lat' dir='ltr'><strong>invidiae</strong></span> <span class='ocrx_word' id='word_1_613' title='bbox 2359 4004 2601 4061; x_wconf 88' lang='lat' dir='ltr'><strong>stimulis</strong></span> <span class='ocrx_word' id='word_1_614' title='bbox 2651 4013 2834 4070; x_wconf 84' lang='lat' dir='ltr'><strong>actus,</strong></span> <span class='ocrx_word' id='word_1_615' title='bbox 2865 4001 3198 4058; x_wconf 90' lang='lat' dir='ltr'><strong>calumniam</strong></span> <span class='ocrx_word' id='word_1_616' title='bbox 3249 3999 3521 4055; x_wconf 82' lang='lat' dir='ltr'><strong>adversus</strong></span> 
     </span>
    </p>
   </div>
   <div class='ocr_carea' id='block_1_85' title="bbox 1941 4096 3521 4163">
    <p class='ocr_par' dir='ltr' id='par_1_85' title="bbox 1941 4096 3521 4163">
     <span class='ocr_line' id='line_1_85' title="bbox 1941 4096 3521 4163; baseline -0.009 -4"><span class='ocrx_word' id='word_1_617' title='bbox 1941 4115 2071 4159; x_wconf 91' lang='lat' dir='ltr'><strong>eum</strong></span> <span class='ocrx_word' id='word_1_618' title='bbox 2118 4097 2495 4163; x_wconf 88' lang='lat' dir='ltr'><strong>concinnavit,</strong></span> <span class='ocrx_word' id='word_1_619' title='bbox 2539 4097 2607 4153; x_wconf 91' lang='lat' dir='ltr'><strong>ad</strong></span> <span class='ocrx_word' id='word_1_620' title='bbox 2643 4096 3011 4153; x_wconf 86' lang='lat' dir='ltr'><strong>rebellionem</strong></span> <span class='ocrx_word' id='word_1_621' title='bbox 3071 4107 3201 4149; x_wconf 90' lang='lat' dir='ltr'><strong>eum</strong></span> <span class='ocrx_word' id='word_1_622' title='bbox 3242 4098 3521 4162; x_wconf 87' lang='lat' dir='ltr'><strong>spectare,</strong></span> 
     </span>
    </p>
   </div>
   <div class='ocr_carea' id='block_1_86' title="bbox 1942 4184 3519 4265">
    <p class='ocr_par' dir='ltr' id='par_1_86' title="bbox 1942 4184 3519 4265">
     <span class='ocr_line' id='line_1_86' title="bbox 1942 4184 3519 4265; baseline -0.006 -16"><span class='ocrx_word' id='word_1_623' title='bbox 1942 4191 2486 4265; x_wconf 83' lang='lat' dir='ltr'><strong>imperatoribusque</strong></span> <span class='ocrx_word' id='word_1_624' title='bbox 2512 4205 2708 4261; x_wconf 90' lang='lat' dir='ltr'><strong>parum</strong></span> <span class='ocrx_word' id='word_1_625' title='bbox 2747 4188 2919 4245; x_wconf 83' lang='lat' dir='ltr'><strong>fidum</strong></span> <span class='ocrx_word' id='word_1_626' title='bbox 2961 4202 3108 4252; x_wconf 88' lang='lat' dir='ltr'><strong>esse,</strong></span> <span class='ocrx_word' id='word_1_627' title='bbox 3165 4184 3519 4243; x_wconf 89' lang='lat' dir='ltr'><strong>criminatus.</strong></span> 
     </span>
    </p>
   </div>
   <div class='ocr_carea' id='block_1_87' title="bbox 1944 4277 3520 4356">
    <p class='ocr_par' dir='ltr' id='par_1_87' title="bbox 1944 4277 3520 4356">
     <span class='ocr_line' id='line_1_87' title="bbox 1944 4277 3520 4356; baseline -0.006 -14"><span class='ocrx_word' id='word_1_628' title='bbox 1944 4286 2059 4343; x_wconf 87' lang='lat' dir='ltr'><strong>Hoc</strong></span> <span class='ocrx_word' id='word_1_629' title='bbox 2090 4288 2170 4343; x_wconf 90' lang='lat' dir='ltr'><strong>sic</strong></span> <span class='ocrx_word' id='word_1_630' title='bbox 2192 4286 2333 4342; x_wconf 91' lang='lat' dir='ltr'><strong>clam</strong></span> <span class='ocrx_word' id='word_1_631' title='bbox 2360 4283 2509 4356; x_wconf 82' lang='lat' dir='ltr'><strong>apud</strong></span> <span class='ocrx_word' id='word_1_632' title='bbox 2540 4282 2896 4354; x_wconf 89' lang='lat' dir='ltr'><strong>imperatoris</strong></span> <span class='ocrx_word' id='word_1_633' title='bbox 2927 4290 3160 4337; x_wconf 90' lang='lat' dir='ltr'><strong>matrem</strong></span> <span class='ocrx_word' id='word_1_634' title='bbox 3193 4277 3520 4341; x_wconf 85' lang='lat' dir='ltr'><strong>Placidiam,</strong></span> 
     </span>
    </p>
   </div>
   <div class='ocr_carea' id='block_1_88' title="bbox 1948 4370 3522 4448">
    <p class='ocr_par' dir='ltr' id='par_1_88' title="bbox 1948 4370 3522 4448">
     <span class='ocr_line' id='line_1_88' title="bbox 1948 4370 3522 4448; baseline -0.006 -14"><span class='ocrx_word' id='word_1_635' title='bbox 1948 4387 2010 4434; x_wconf 92' lang='lat' dir='ltr'><strong>ut</strong></span> <span class='ocrx_word' id='word_1_636' title='bbox 2039 4376 2326 4448; x_wconf 88' lang='lat' dir='ltr'><strong>provincia</strong></span> <span class='ocrx_word' id='word_1_637' title='bbox 2369 4375 2419 4433; x_wconf 88' lang='lat' dir='ltr'><strong>ei</strong></span> <span class='ocrx_word' id='word_1_638' title='bbox 2459 4375 2803 4431; x_wconf 89' lang='lat' dir='ltr'><strong>adimeretur</strong></span> <span class='ocrx_word' id='word_1_639' title='bbox 2847 4374 3112 4439; x_wconf 87' lang='lat' dir='ltr'><strong>suadens,</strong></span> <span class='ocrx_word' id='word_1_640' title='bbox 3145 4373 3283 4445; x_wconf 74' lang='lat' dir='ltr'><strong>egit.</strong></span> <span class='ocrx_word' id='word_1_641' title='bbox 3337 4370 3522 4440; x_wconf 83' lang='lat' dir='ltr'><strong>Atque</strong></span> 
     </span>
    </p>
   </div>
   <div class='ocr_carea' id='block_1_89' title="bbox 1916 4462 3521 4541">
    <p class='ocr_par' dir='ltr' id='par_1_89' title="bbox 1916 4462 3521 4541">
     <span class='ocr_line' id='line_1_89' title="bbox 1916 4462 3521 4541; baseline -0.004 -14"><span class='ocrx_word' id='word_1_642' title='bbox 1916 4462 2170 4527; x_wconf 30' lang='lat' dir='ltr'><strong>‘interim</strong></span> <span class='ocrx_word' id='word_1_643' title='bbox 2203 4470 2371 4527; x_wconf 88' lang='lat' dir='ltr'><strong>etiam</strong></span> <span class='ocrx_word' id='word_1_644' title='bbox 2404 4469 2564 4541; x_wconf 76' lang='lat' dir='ltr'><strong>longe</strong></span> <span class='ocrx_word' id='word_1_645' title='bbox 2593 4469 2700 4526; x_wconf 86' lang='lat' dir='ltr'><strong>alia</strong></span> <span class='ocrx_word' id='word_1_646' title='bbox 2734 4468 2803 4525; x_wconf 88' lang='lat' dir='ltr'><strong>ad</strong></span> <span class='ocrx_word' id='word_1_647' title='bbox 2847 4469 3002 4523; x_wconf 90' lang='lat' dir='ltr'><strong>illum</strong></span> <span class='ocrx_word' id='word_1_648' title='bbox 3029 4466 3293 4539; x_wconf 85' lang='lat' dir='ltr'><strong>scripsit:</strong></span> <span class='ocrx_word' id='word_1_649' title='bbox 3323 4464 3521 4521; x_wconf 86' lang='lat' dir='ltr'><strong>videli-</strong></span> 
     </span>
    </p>
   </div>
   <div class='ocr_carea' id='block_1_90' title="bbox 1942 4560 3521 4634">
    <p class='ocr_par' dir='ltr' id='par_1_90' title="bbox 1942 4560 3521 4634">
     <span class='ocr_line' id='line_1_90' title="bbox 1942 4560 3521 4634; baseline -0.004 -15"><span class='ocrx_word' id='word_1_650' title='bbox 1942 4574 2033 4619; x_wconf 90' lang='lat' dir='ltr'><strong>cet</strong></span> <span class='ocrx_word' id='word_1_651' title='bbox 2081 4577 2152 4618; x_wconf 90' lang='lat' dir='ltr'><strong>ne</strong></span> <span class='ocrx_word' id='word_1_652' title='bbox 2207 4562 2520 4634; x_wconf 87' lang='lat' dir='ltr'><strong>provincia,</strong></span> <span class='ocrx_word' id='word_1_653' title='bbox 2571 4561 2619 4618; x_wconf 86' lang='lat' dir='ltr'><strong>si</strong></span> <span class='ocrx_word' id='word_1_654' title='bbox 2665 4560 2950 4632; x_wconf 85' lang='lat' dir='ltr'><strong>principes</strong></span> <span class='ocrx_word' id='word_1_655' title='bbox 2986 4573 3116 4617; x_wconf 86' lang='lat' dir='ltr'><strong>eum</strong></span> <span class='ocrx_word' id='word_1_656' title='bbox 3172 4565 3521 4623; x_wconf 88' lang='lat' dir='ltr'><strong>revocarent,</strong></span> 
     </span>
    </p>
   </div>
   <div class='ocr_carea' id='block_1_91' title="bbox 1943 4651 3522 4723">
    <p class='ocr_par' dir='ltr' id='par_1_91' title="bbox 1943 4651 3522 4723">
     <span class='ocr_line' id='line_1_91' title="bbox 1943 4651 3522 4723; baseline -0.003 -12"><span class='ocrx_word' id='word_1_657' title='bbox 1943 4654 2264 4711; x_wconf 90' lang='lat' dir='ltr'><strong>decederet.</strong></span> <span class='ocrx_word' id='word_1_658' title='bbox 2324 4654 2577 4710; x_wconf 63' lang='lat' dir='ltr'><strong>Drlatum</strong></span> <span class='ocrx_word' id='word_1_659' title='bbox 2626 4654 2777 4709; x_wconf 80' lang='lat' dir='ltr'><strong>enim</strong></span> <span class='ocrx_word' id='word_1_660' title='bbox 2827 4667 2956 4709; x_wconf 85' lang='lat' dir='ltr'><strong>cum</strong></span> <span class='ocrx_word' id='word_1_661' title='bbox 3002 4651 3150 4723; x_wconf 87' lang='lat' dir='ltr'><strong>apud</strong></span> <span class='ocrx_word' id='word_1_662' title='bbox 3193 4651 3318 4707; x_wconf 91' lang='lat' dir='ltr'><strong>illos</strong></span> <span class='ocrx_word' id='word_1_663' title='bbox 3368 4665 3522 4716; x_wconf 89' lang='lat' dir='ltr'><strong>esse,</strong></span> 
     </span>
    </p>
   </div>
   <div class='ocr_carea' id='block_1_92' title="bbox 1943 4744 3522 4819">
    <p class='ocr_par' dir='ltr' id='par_1_92' title="bbox 1943 4744 3522 4819">
     <span class='ocr_line' id='line_1_92' title="bbox 1943 4744 3522 4819; baseline -0.003 -14"><span class='ocrx_word' id='word_1_664' title='bbox 1943 4749 2444 4819; x_wconf 80' lang='lat' dir='ltr'><strong>necessitatemque</strong></span> <span class='ocrx_word' id='word_1_665' title='bbox 2495 4748 2576 4803; x_wconf 91' lang='lat' dir='ltr'><strong>illi</strong></span> <span class='ocrx_word' id='word_1_666' title='bbox 2631 4762 2753 4803; x_wconf 88' lang='lat' dir='ltr'><strong>eam</strong></span> <span class='ocrx_word' id='word_1_667' title='bbox 2806 4746 3156 4813; x_wconf 85' lang='lat' dir='ltr'><strong>incumbere,</strong></span> <span class='ocrx_word' id='word_1_668' title='bbox 3206 4755 3270 4801; x_wconf 92' lang='lat' dir='ltr'><strong>ut</strong></span> <span class='ocrx_word' id='word_1_669' title='bbox 3331 4744 3522 4800; x_wconf 86' lang='lat' dir='ltr'><strong>fraude</strong></span> 
     </span>
    </p>
   </div>
   <div class='ocr_carea' id='block_1_93' title="bbox 1942 4836 3521 4912">
    <p class='ocr_par' dir='ltr' id='par_1_93' title="bbox 1942 4836 3521 4912">
     <span class='ocr_line' id='line_1_93' title="bbox 1942 4836 3521 4912; baseline -0.004 -15"><span class='ocrx_word' id='word_1_670' title='bbox 1942 4856 2136 4897; x_wconf 88' lang='lat' dir='ltr'><strong>eorum</strong></span> <span class='ocrx_word' id='word_1_671' title='bbox 2180 4840 2527 4912; x_wconf 88' lang='lat' dir='ltr'><strong>pereundum</strong></span> <span class='ocrx_word' id='word_1_672' title='bbox 2580 4841 2688 4897; x_wconf 87' lang='lat' dir='ltr'><strong>sibi</strong></span> <span class='ocrx_word' id='word_1_673' title='bbox 2721 4849 2893 4906; x_wconf 86' lang='lat' dir='ltr'><strong>esset,</strong></span> <span class='ocrx_word' id='word_1_674' title='bbox 2929 4840 3242 4896; x_wconf 85' lang='lat' dir='ltr'><strong>afﬁrmavit.</strong></span> <span class='ocrx_word' id='word_1_675' title='bbox 3295 4836 3521 4892; x_wconf 85' lang='lat' dir='ltr'><strong>Litteris</strong></span> 
     </span>
    </p>
   </div>
   <div class='ocr_carea' id='block_1_94' title="bbox 1943 4928 3518 5003">
    <p class='ocr_par' dir='ltr' id='par_1_94' title="bbox 1943 4928 3518 5003">
     <span class='ocr_line' id='line_1_94' title="bbox 1943 4928 3518 5003; baseline -0.004 -14"><span class='ocrx_word' id='word_1_676' title='bbox 1943 4934 2147 4990; x_wconf 89' lang='lat' dir='ltr'><strong>talibus</strong></span> <span class='ocrx_word' id='word_1_677' title='bbox 2183 4933 2507 4989; x_wconf 83' lang='lat' dir='ltr'><strong>Bonifacius</strong></span> <span class='ocrx_word' id='word_1_678' title='bbox 2555 4932 2829 5003; x_wconf 84' lang='lat' dir='ltr'><strong>acceptis,</strong></span> <span class='ocrx_word' id='word_1_679' title='bbox 2878 4930 3060 4997; x_wconf 81' lang='lat' dir='ltr'><strong>Aetio,</strong></span> <span class='ocrx_word' id='word_1_680' title='bbox 3094 4944 3258 5000; x_wconf 88' lang='lat' dir='ltr'><strong>quem</strong></span> <span class='ocrx_word' id='word_1_681' title='bbox 3290 4928 3396 4983; x_wconf 85' lang='lat' dir='ltr'><strong>sibi</strong></span> <span class='ocrx_word' id='word_1_682' title='bbox 3434 4943 3518 4983; x_wconf 82' lang='lat' dir='ltr'><strong>vc-</strong></span> 
     </span>
    </p>
   </div>
   <div class='ocr_carea' id='block_1_95' title="bbox 1940 5020 3518 5094">
    <p class='ocr_par' dir='ltr' id='par_1_95' title="bbox 1940 5020 3518 5094">
     <span class='ocr_line' id='line_1_95' title="bbox 1940 5020 3518 5094; baseline -0.004 -13"><span class='ocrx_word' id='word_1_683' title='bbox 1940 5041 2065 5082; x_wconf 89' lang='lat' dir='ltr'><strong>rum</strong></span> <span class='ocrx_word' id='word_1_684' title='bbox 2115 5036 2172 5081; x_wconf 91' lang='lat' dir='ltr'><strong>et</strong></span> <span class='ocrx_word' id='word_1_685' title='bbox 2214 5025 2388 5081; x_wconf 86' lang='lat' dir='ltr'><strong>lidum</strong></span> <span class='ocrx_word' id='word_1_686' title='bbox 2420 5025 2660 5081; x_wconf 90' lang='lat' dir='ltr'><strong>amicum</strong></span> <span class='ocrx_word' id='word_1_687' title='bbox 2713 5038 2839 5081; x_wconf 85' lang='lat' dir='ltr'><strong>esse</strong></span> <span class='ocrx_word' id='word_1_688' title='bbox 2874 5023 3128 5094; x_wconf 82' lang='lat' dir='ltr'><strong>putabat,</strong></span> <span class='ocrx_word' id='word_1_689' title='bbox 3159 5020 3437 5078; x_wconf 85' lang='lat' dir='ltr'><strong>credidit:</strong></span> <span class='ocrx_word' id='word_1_690' title='bbox 3467 5028 3518 5075; x_wconf 89' lang='lat' dir='ltr'><strong>et</strong></span> 
     </span>
    </p>
   </div>
   <div class='ocr_carea' id='block_1_96' title="bbox 1942 5110 3511 5189">
    <p class='ocr_par' dir='ltr' id='par_1_96' title="bbox 1942 5110 3511 5189">
     <span class='ocr_line' id='line_1_96' title="bbox 1942 5110 3511 5189; baseline -0.004 -17"><span class='ocrx_word' id='word_1_691' title='bbox 1942 5119 2198 5189; x_wconf 85' lang='lat' dir='ltr'><strong>quamvis</strong></span> <span class='ocrx_word' id='word_1_692' title='bbox 2243 5117 2447 5188; x_wconf 78' lang='lat' dir='ltr'><strong>saepius</strong></span> <span class='ocrx_word' id='word_1_693' title='bbox 2485 5117 2556 5173; x_wconf 86' lang='lat' dir='ltr'><strong>ab</strong></span> <span class='ocrx_word' id='word_1_694' title='bbox 2596 5117 2939 5189; x_wconf 86' lang='lat' dir='ltr'><strong>imperatore</strong></span> <span class='ocrx_word' id='word_1_695' title='bbox 2977 5123 3295 5181; x_wconf 86' lang='lat' dir='ltr'><strong>revocatus,</strong></span> <span class='ocrx_word' id='word_1_696' title='bbox 3335 5110 3511 5166; x_wconf 88' lang='lat' dir='ltr'><strong>baud-</strong></span> 
     </span>
    </p>
   </div>
   <div class='ocr_carea' id='block_1_97' title="bbox 1940 5205 3510 5283">
    <p class='ocr_par' dir='ltr' id='par_1_97' title="bbox 1940 5205 3510 5283">
     <span class='ocr_line' id='line_1_97' title="bbox 1940 5205 3510 5283; baseline -0.004 -17"><span class='ocrx_word' id='word_1_697' title='bbox 1940 5226 2215 5281; x_wconf 88' lang='lat' dir='ltr'><strong>quaquam</strong></span> <span class='ocrx_word' id='word_1_698' title='bbox 2245 5219 2427 5267; x_wconf 83' lang='lat' dir='ltr'><strong>tamen</strong></span> <span class='ocrx_word' id='word_1_699' title='bbox 2462 5220 2524 5283; x_wconf 87' lang='lat' dir='ltr'><strong>nt</strong></span> <span class='ocrx_word' id='word_1_700' title='bbox 2554 5209 2901 5281; x_wconf 81' lang='lat' dir='ltr'><strong>provinciam</strong></span> <span class='ocrx_word' id='word_1_701' title='bbox 2933 5207 3295 5278; x_wconf 87' lang='lat' dir='ltr'><strong>relinqueret,</strong></span> <span class='ocrx_word' id='word_1_702' title='bbox 3317 5205 3510 5276; x_wconf 76' lang='lat' dir='ltr'><strong>iussio-</strong></span> 
     </span>
    </p>
   </div>
   <div class='ocr_carea' id='block_1_98' title="bbox 1941 5299 3519 5373">
    <p class='ocr_par' dir='ltr' id='par_1_98' title="bbox 1941 5299 3519 5373">
     <span class='ocr_line' id='line_1_98' title="bbox 1941 5299 3519 5373; baseline -0.004 -15"><span class='ocrx_word' id='word_1_703' title='bbox 1941 5303 2106 5359; x_wconf 86' lang='lat' dir='ltr'><strong>nibus</strong></span> <span class='ocrx_word' id='word_1_704' title='bbox 2157 5303 2280 5373; x_wconf 82' lang='lat' dir='ltr'><strong>ejus</strong></span> <span class='ocrx_word' id='word_1_705' title='bbox 2334 5304 2542 5373; x_wconf 81' lang='lat' dir='ltr'><strong>paruit.</strong></span> <span class='ocrx_word' id='word_1_706' title='bbox 2596 5302 2950 5372; x_wconf 85' lang='lat' dir='ltr'><strong>Quapropter</strong></span> <span class='ocrx_word' id='word_1_707' title='bbox 2998 5300 3282 5372; x_wconf 82' lang='lat' dir='ltr'><strong>principes</strong></span> <span class='ocrx_word' id='word_1_708' title='bbox 3335 5299 3519 5366; x_wconf 81' lang='lat' dir='ltr'><strong>Actio,</strong></span> 
     </span>
    </p>
   </div>
   <div class='ocr_carea' id='block_1_99' title="bbox 1943 5391 3519 5465">
    <p class='ocr_par' dir='ltr' id='par_1_99' title="bbox 1943 5391 3519 5465">
     <span class='ocr_line' id='line_1_99' title="bbox 1943 5391 3519 5465; baseline -0.004 -15"><span class='ocrx_word' id='word_1_709' title='bbox 1943 5406 2199 5465; x_wconf 89' lang='lat' dir='ltr'><strong>tanquam</strong></span> <span class='ocrx_word' id='word_1_710' title='bbox 2228 5395 2439 5459; x_wconf 80' lang='lat' dir='ltr'><strong>homini</strong></span> <span class='ocrx_word' id='word_1_711' title='bbox 2473 5395 2582 5451; x_wconf 78' lang='lat' dir='ltr'><strong>ﬁdo</strong></span> <span class='ocrx_word' id='word_1_712' title='bbox 2617 5403 2675 5453; x_wconf 86' lang='lat' dir='ltr'><strong>et</strong></span> <span class='ocrx_word' id='word_1_713' title='bbox 2709 5393 3000 5459; x_wconf 81' lang='lat' dir='ltr'><strong>benevelo,</strong></span> <span class='ocrx_word' id='word_1_714' title='bbox 3031 5392 3136 5464; x_wconf 88' lang='lat' dir='ltr'><strong>qui</strong></span> <span class='ocrx_word' id='word_1_715' title='bbox 3172 5391 3383 5447; x_wconf 83' lang='lat' dir='ltr'><strong>dudum</strong></span> <span class='ocrx_word' id='word_1_716' title='bbox 3419 5391 3519 5445; x_wconf 87' lang='lat' dir='ltr'><strong>ho-</strong></span> 
     </span>
    </p>
   </div>
   <div class='ocr_carea' id='block_1_100' title="bbox 1939 5484 3516 5552">
    <p class='ocr_par' dir='ltr' id='par_1_100' title="bbox 1939 5484 3516 5552">
     <span class='ocr_line' id='line_1_100' title="bbox 1939 5484 3516 5552; baseline -0.003 -10"><span class='ocrx_word' id='word_1_717' title='bbox 1939 5487 2121 5542; x_wconf 70' lang='lat' dir='ltr'><strong>sﬁlem</strong></span> <span class='ocrx_word' id='word_1_718' title='bbox 2151 5487 2299 5545; x_wconf 90' lang='lat' dir='ltr'><strong>illius</strong></span> <span class='ocrx_word' id='word_1_719' title='bbox 2328 5488 2577 5542; x_wconf 84' lang='lat' dir='ltr'><strong>animum</strong></span> <span class='ocrx_word' id='word_1_720' title='bbox 2627 5485 2946 5552; x_wconf 87' lang='lat' dir='ltr'><strong>indicasset,</strong></span> <span class='ocrx_word' id='word_1_721' title='bbox 2990 5484 3268 5548; x_wconf 80' lang='lat' dir='ltr'><strong>faverunt,</strong></span> <span class='ocrx_word' id='word_1_722' title='bbox 3301 5491 3356 5539; x_wconf 89' lang='lat' dir='ltr'><strong>et</strong></span> <span class='ocrx_word' id='word_1_723' title='bbox 3387 5499 3516 5540; x_wconf 86' lang='lat' dir='ltr'><strong>cum</strong></span> 
     </span>
    </p>
   </div>
   <div class='ocr_carea' id='block_1_101' title="bbox 1940 5574 3518 5646">
    <p class='ocr_par' dir='ltr' id='par_1_101' title="bbox 1940 5574 3518 5646">
     <span class='ocr_line' id='line_1_101' title="bbox 1940 5574 3518 5646; baseline -0.003 -10"><span class='ocrx_word' id='word_1_724' title='bbox 1940 5595 2009 5636; x_wconf 88' lang='lat' dir='ltr'><strong>eo</strong></span> <span class='ocrx_word' id='word_1_725' title='bbox 2061 5589 2253 5636; x_wconf 86' lang='lat' dir='ltr'><strong>contra</strong></span> <span class='ocrx_word' id='word_1_726' title='bbox 2299 5579 2638 5636; x_wconf 88' lang='lat' dir='ltr'><strong>Bonifacium</strong></span> <span class='ocrx_word' id='word_1_727' title='bbox 2680 5580 2865 5634; x_wconf 91' lang='lat' dir='ltr'><strong>dolum</strong></span> <span class='ocrx_word' id='word_1_728' title='bbox 2900 5586 3156 5633; x_wconf 77' lang='lat' dir='ltr'><strong>texuere.</strong></span> <span class='ocrx_word' id='word_1_729' title='bbox 3204 5574 3276 5631; x_wconf 82' lang='lat' dir='ltr'><strong>Ea</strong></span> <span class='ocrx_word' id='word_1_730' title='bbox 3311 5586 3518 5646; x_wconf 84' lang='lat' dir='ltr'><strong>tempe-</strong></span> 
     </span>
    </p>
   </div>
   <div class='ocr_carea' id='block_1_102' title="bbox 264 5666 1836 5764">
    <p class='ocr_par' dir='ltr' id='par_1_102' title="bbox 264 5666 1836 5739">
     <span class='ocr_line' id='line_1_102' title="bbox 264 5666 1836 5739; baseline -0.001 -15"><span class='ocrx_word' id='word_1_731' title='bbox 264 5670 438 5724; x_wconf 83' lang='grc' dir='ltr'>πολλά</span> <span class='ocrx_word' id='word_1_732' title='bbox 473 5686 534 5722; x_wconf 87' lang='grc' dir='ltr'><strong>τε</strong></span> <span class='ocrx_word' id='word_1_733' title='bbox 565 5670 662 5721; x_wconf 74' lang='grc' dir='ltr'>καὶ</span> <span class='ocrx_word' id='word_1_734' title='bbox 698 5667 934 5737; x_wconf 78' lang='grc' dir='ltr'>μέγιστα</span> <span class='ocrx_word' id='word_1_735' title='bbox 972 5667 1010 5720; x_wconf 83' lang='grc' dir='ltr'><strong><em>Γ</em></strong></span> <span class='ocrx_word' id='word_1_736' title='bbox 1012 5666 1207 5722; x_wconf 83' lang='grc' dir='ltr'>οτθικὰ</span> <span class='ocrx_word' id='word_1_737' title='bbox 1233 5666 1365 5737; x_wconf 69' lang='grc' dir='ltr'>ἔθνη</span> <span class='ocrx_word' id='word_1_738' title='bbox 1406 5667 1550 5721; x_wconf 86' lang='grc' dir='ltr'>κατὰ</span> <span class='ocrx_word' id='word_1_739' title='bbox 1575 5667 1637 5721; x_wconf 73' lang='grc' dir='ltr'><strong>τὸ</strong></span> <span class='ocrx_word' id='word_1_740' title='bbox 1664 5671 1836 5739; x_wconf 72' lang='grc' dir='ltr'>πέραν</span> 
     </span>
    </p>
   </div>
   <div class='ocr_carea' id='block_1_103' title="bbox 1939 5666 3516 5764">
    <p class='ocr_par' dir='ltr' id='par_1_103' title="bbox 1944 5666 3516 5740">
     <span class='ocr_line' id='line_1_103' title="bbox 1944 5666 3516 5740; baseline -0.002 -16"><span class='ocrx_word' id='word_1_741' title='bbox 1944 5678 2086 5725; x_wconf 88' lang='lat' dir='ltr'><strong>state</strong></span> <span class='ocrx_word' id='word_1_742' title='bbox 2140 5669 2397 5740; x_wconf 69' lang='lat' dir='ltr'><strong>plurima:</strong></span> <span class='ocrx_word' id='word_1_743' title='bbox 2459 5670 2822 5739; x_wconf 79' lang='lat' dir='ltr'><strong>iuaxiimeque</strong></span> <span class='ocrx_word' id='word_1_744' title='bbox 2874 5666 3146 5723; x_wconf 73' lang='lat' dir='ltr'><strong>Gotthiczn</strong></span> <span class='ocrx_word' id='word_1_745' title='bbox 3210 5676 3402 5738; x_wconf 74' lang='lat' dir='ltr'><strong>gentes</strong></span> <span class='ocrx_word' id='word_1_746' title='bbox 3463 5668 3516 5721; x_wconf 89' lang='lat' dir='ltr'><strong>in</strong></span> 
     </span>
    </p>
   </div>
   <div class='ocr_carea' id='block_1_104' title="bbox 262 5758 1836 5834">
    <p class='ocr_par' dir='ltr' id='par_1_104' title="bbox 262 5758 1836 5834">
     <span class='ocr_line' id='line_1_104' title="bbox 262 5758 1836 5834; baseline 0 -19"><span class='ocrx_word' id='word_1_747' title='bbox 262 5765 358 5815; x_wconf 76' lang='grc' dir='ltr'>τοῦ</span> <span class='ocrx_word' id='word_1_748' title='bbox 387 5763 603 5834; x_wconf 85' lang='grc' dir='ltr'>Ἴστρου</span> <span class='ocrx_word' id='word_1_749' title='bbox 647 5761 749 5815; x_wconf 66' lang='grc' dir='ltr'>ἀνὰ</span> <span class='ocrx_word' id='word_1_750' title='bbox 779 5762 845 5814; x_wconf 77' lang='grc' dir='ltr'>τὲι</span> <span class='ocrx_word' id='word_1_751' title='bbox 884 5760 1193 5830; x_wconf 72' lang='grc' dir='ltr'>ὑπερϐόρεοι</span> <span class='ocrx_word' id='word_1_752' title='bbox 1240 5758 1382 5831; x_wconf 82' lang='grc' dir='ltr'>μέρη</span> <span class='ocrx_word' id='word_1_753' title='bbox 1428 5761 1704 5832; x_wconf 87' lang='grc' dir='ltr'>πανταχοῦ</span> <span class='ocrx_word' id='word_1_754' title='bbox 1730 5763 1836 5815; x_wconf 89' lang='grc' dir='ltr'>διε-</span> 
     </span>
    </p>
   </div>
   <div class='ocr_carea' id='block_1_105' title="bbox 265 5852 1838 5925">
    <p class='ocr_par' dir='ltr' id='par_1_105' title="bbox 265 5852 1838 5925">
     <span class='ocr_line' id='line_1_105' title="bbox 265 5852 1838 5925; baseline -0.001 -15"><span class='ocrx_word' id='word_1_755' title='bbox 265 5860 529 5911; x_wconf 78' lang='grc' dir='ltr'>σκέδαστο</span> <span class='ocrx_word' id='word_1_756' title='bbox 558 5873 569 5885; x_wconf 88' lang='grc'>·</span> <span class='ocrx_word' id='word_1_757' title='bbox 605 5861 679 5909; x_wconf 52' lang='grc' dir='ltr'><strong>ιιι</strong></span> <span class='ocrx_word' id='word_1_758' title='bbox 714 5874 775 5906; x_wconf 74' lang='grc' dir='ltr'><strong>τ-.</strong></span> <span class='ocrx_word' id='word_1_759' title='bbox 829 5874 917 5921; x_wconf 60' lang='grc' dir='ltr'><strong>μγ.</strong></span> <span class='ocrx_word' id='word_1_760' title='bbox 941 5872 1061 5905; x_wconf 66' lang='grc' dir='ltr'>ιςια</span> <span class='ocrx_word' id='word_1_761' title='bbox 1098 5854 1230 5925; x_wconf 78' lang='grc' dir='ltr'>παρ’</span> <span class='ocrx_word' id='word_1_762' title='bbox 1253 5854 1483 5917; x_wconf 75' lang='grc' dir='ltr'>ἐκείνοις</span> <span class='ocrx_word' id='word_1_763' title='bbox 1519 5852 1682 5923; x_wconf 82' lang='grc' dir='ltr'>λόγου</span> <span class='ocrx_word' id='word_1_764' title='bbox 1710 5856 1838 5909; x_wconf 82' lang='grc' dir='ltr'>πολ-</span> 
     </span>
    </p>
   </div>
   <div class='ocr_carea' id='block_1_106' title="bbox 265 5947 1834 6008">
    <p class='ocr_par' dir='ltr' id='par_1_106' title="bbox 265 5947 1834 6008">
     <span class='ocr_line' id='line_1_106' title="bbox 265 5947 1834 6008; baseline 0.006 -11"><span class='ocrx_word' id='word_1_765' title='bbox 265 5949 356 6003; x_wconf 60' lang='grc' dir='ltr'><strong>ι.οά</strong></span> <span class='ocrx_word' id='word_1_766' title='bbox 390 5948 513 6007; x_wconf 76' lang='grc' dir='ltr'>ἄξια</span> <span class='ocrx_word' id='word_1_767' title='bbox 561 5949 803 6008; x_wconf 58' lang='grc' dir='ltr'>τέσσαρά.</span> <span class='ocrx_word' id='word_1_768' title='bbox 858 5954 985 6002; x_wconf 72' lang='grc' dir='ltr'>εισι.</span> <span class='ocrx_word' id='word_1_769' title='bbox 1028 5948 1256 6007; x_wconf 76' lang='grc' dir='ltr'>ταύταις</span> <span class='ocrx_word' id='word_1_770' title='bbox 1298 5947 1662 6005; x_wconf 58' lang='grc' dir='ltr'>ὠνομασμένοι</span> <span class='ocrx_word' id='word_1_771' title='bbox 1714 5952 1834 6007; x_wconf 71' lang='grc' dir='ltr'>ταῖς</span> 
     </span>
    </p>
   </div>
   <div class='ocr_carea' id='block_1_107' title="bbox 1942 5758 3517 5834">
    <p class='ocr_par' dir='ltr' id='par_1_107' title="bbox 1942 5758 3517 5834">
     <span class='ocr_line' id='line_1_107' title="bbox 1942 5758 3517 5834; baseline -0.003 -16"><span class='ocrx_word' id='word_1_772' title='bbox 1942 5764 2364 5834; x_wconf 80' lang='lat' dir='ltr'><strong>septentrionali</strong></span> <span class='ocrx_word' id='word_1_773' title='bbox 2407 5772 2563 5833; x_wconf 85' lang='lat' dir='ltr'><strong>parte</strong></span> <span class='ocrx_word' id='word_1_774' title='bbox 2614 5762 2683 5817; x_wconf 87' lang='lat' dir='ltr'><strong>ad</strong></span> <span class='ocrx_word' id='word_1_775' title='bbox 2741 5762 2941 5817; x_wconf 85' lang='lat' dir='ltr'><strong>lstrum</strong></span> <span class='ocrx_word' id='word_1_776' title='bbox 2995 5758 3199 5831; x_wconf 87' lang='lat' dir='ltr'><strong>passim</strong></span> <span class='ocrx_word' id='word_1_777' title='bbox 3251 5760 3517 5828; x_wconf 70' lang='lat' dir='ltr'><strong>dispersu</strong></span> 
     </span>
    </p>
   </div>
   <div class='ocr_carea' id='block_1_108' title="bbox 1941 5851 3515 5927">
    <p class='ocr_par' dir='ltr' id='par_1_108' title="bbox 1941 5851 3515 5927">
     <span class='ocr_line' id='line_1_108' title="bbox 1941 5851 3515 5927; baseline -0.006 -16"><span class='ocrx_word' id='word_1_778' title='bbox 1941 5867 2119 5911; x_wconf 87' lang='lat' dir='ltr'><strong>erant.</strong></span> <span class='ocrx_word' id='word_1_779' title='bbox 2156 5856 2301 5910; x_wconf 85' lang='lat' dir='ltr'><strong>inter</strong></span> <span class='ocrx_word' id='word_1_780' title='bbox 2334 5872 2474 5927; x_wconf 88' lang='lat' dir='ltr'><strong>quas</strong></span> <span class='ocrx_word' id='word_1_781' title='bbox 2515 5855 2809 5927; x_wconf 69' lang='lat' dir='ltr'><strong>prcecipua:</strong></span> <span class='ocrx_word' id='word_1_782' title='bbox 2852 5861 3091 5927; x_wconf 83' lang='lat' dir='ltr'><strong>quatuor</strong></span> <span class='ocrx_word' id='word_1_783' title='bbox 3116 5851 3331 5923; x_wconf 88' lang='lat' dir='ltr'><strong>judicio</strong></span> <span class='ocrx_word' id='word_1_784' title='bbox 3368 5853 3515 5919; x_wconf 81' lang='lat' dir='ltr'><strong>ipsa-</strong></span> 
     </span>
    </p>
   </div>
   <div class='ocr_carea' id='block_1_109' title="bbox 1943 5939 3510 6009">
    <p class='ocr_par' dir='ltr' id='par_1_109' title="bbox 1943 5939 3510 6009">
     <span class='ocr_line' id='line_1_109' title="bbox 1943 5939 3510 6009; baseline -0.005 -7"><span class='ocrx_word' id='word_1_785' title='bbox 1943 5965 2061 6003; x_wconf 88' lang='lat' dir='ltr'><strong>rum</strong></span> <span class='ocrx_word' id='word_1_786' title='bbox 2087 5948 2334 6005; x_wconf 85' lang='lat' dir='ltr'><strong>celebres</strong></span> <span class='ocrx_word' id='word_1_787' title='bbox 2388 5949 2577 6005; x_wconf 76' lang='lat' dir='ltr'><strong>fuere.</strong></span> <span class='ocrx_word' id='word_1_788' title='bbox 2623 5947 2813 6005; x_wconf 75' lang='lat' dir='ltr'><strong>Cottlai</strong></span> <span class='ocrx_word' id='word_1_789' title='bbox 2865 5947 3104 6007; x_wconf 76' lang='lat' dir='ltr'><strong>scilicet.</strong></span> <span class='ocrx_word' id='word_1_790' title='bbox 3151 5939 3510 6009; x_wconf 78' lang='lat' dir='ltr'><strong>Visscgottlti,</strong></span> 
     </span>
    </p>
   </div>
  </div>
