4036 6538
406 432 532 490 127i

1627 424 2045 490 NICEPIIORI
2079 424 2426 488 CALLISTI

3521 417 3664 482 1272

399 542 631 610 irrupit,
690 541 912 608 Aetius,
971 557 1136 612 quem
1196 553 1358 599 antea
1410 541 1673 605 diximus.
1727 542 1964 612 primum

2074 545 2415 616 κατερράγη,
2470 543 2499 596 ό
2556 539 2960 613 προειρημένος
3030 538 3238 600 Ἀέτιος
3279 535 3381 606 τῆς
3431 535 3662 607 Ῥώμης

401 637 587 691 Romae
621 635 906 705 dignitatis
952 637 1136 692 locum
1187 645 1385 694 tenens
1411 677 1426 702 ,
1459 645 1516 692 et
1561 636 1782 692 barbati
1818 637 1968 692 inso-

400 726 621 780 lentiam
655 741 768 780 non
805 727 1012 794 ferens,
1061 729 1128 782 ad
1159 729 1438 784 Alaricum
1470 727 1700 784 Calliam
1730 727 1972 782 admini-

339 829 359 846 “
400 827 690 884 stt-antem,
742 821 996 889 quamvis
1029 822 1317 886 Romanis,
1359 837 1461 892 pro
1509 836 1576 876 eo
1609 830 1772 891 atque
1804 836 1972 892 supra

399 907 664 972 diximus,
711 909 1022 978 inimicum,
1082 927 1141 968 se
1193 915 1428 969 contulit
1471 932 1486 968 :
1539 915 1858 984 magnisque
1915 922 1974 968 et

400 1002 568 1056 Variis
617 1003 906 1074 promissis
965 1005 1202 1060 barbaro
1258 1007 1554 1076 persuasit,
1613 1017 1673 1060 ut
1720 1005 1972 1076 ingentes

400 1095 548 1148 vires
576 1109 708 1150 suas
742 1110 866 1149 cum
898 1096 1078 1167 copiis
1109 1098 1226 1153 suis
1268 1099 1648 1170 coniungeret.
1693 1098 1880 1167 Itaque
1902 1113 1971 1153 ex

399 1185 700 1253 improviso
729 1185 955 1240 Attilam
993 1188 1132 1242 ultra
1183 1189 1493 1245 Danubium
1540 1199 1721 1246 castra
1757 1191 1971 1246 haben-

400 1291 508 1336 tem
536 1297 850 1352 aggressus.
875 1283 1150 1353 ingentem
1172 1282 1375 1338 caedem
1407 1283 1482 1354 (I)
1515 1283 1665 1349 fecit,
1692 1283 1972 1354 multaque

399 1371 682 1432 hominum
725 1376 896 1430 millia
937 1380 1237 1431 interemit.
1267 1376 1368 1434 Ubi
1398 1377 1564 1431 etiam
1585 1376 1969 1447 (2)Attilas(5)

399 1466 556 1536 Itasta
587 1467 877 1524 confossus
908 1468 1140 1534 interiit,
1183 1469 1346 1523 sicuti
1376 1478 1432 1524 et
1469 1469 1586 1539 ipse
1612 1469 1864 1526 Alaricus
1887 1486 1974 1524 sa-

396 1561 530 1629 gitta
564 1561 706 1617 ictus
740 1561 1021 1616 occubuit.
1057 1561 1132 1616 Ita
1169 1576 1274 1632 Ope
1313 1561 1498 1617 divina
1532 1578 1599 1617 eo
1632 1573 1880 1633 tempore
1917 1574 1975 1620 et

362 1641 368 1646 ’
397 1662 556 1707 vetus
587 1664 643 1708 et
685 1669 825 1708 nova
869 1655 1043 1709 Roma
1077 1654 1409 1710 Gotthorum
1448 1655 1809 1726 impressione
1840 1657 1976 1712 libe-

397 1755 513 1799 ruta
547 1755 653 1800 est.
688 1745 752 1802 Et
784 1745 1160 1802 Ccusericltus
1204 1747 1356 1802 solus
1387 1747 1708 1804 nationibus
1747 1749 1829 1805 eis
1869 1750 1974 1805 im-

396 1839 837 1908 peraviLVerum
863 1840 1151 1896 enimvero
1175 1840 1398 1911 plurimi
1425 1858 1644 1913 quoque
1673 1844 1765 1899 alii
1793 1854 1974 1902 motus

395 1931 499 1986 sub
545 1931 859 1987 Theodosio
900 1933 956 1987 in
990 1935 1216 1988 Oriente
1259 1941 1314 1988 ct
1356 1911 1654 1991 Occidente
1686 1936 1972 2002 exstitere,
2005 1911 2048 1967 Β

395 2038 535 2090 quos
567 2024 924 2079 terrestribus
963 2033 1019 2080 et
1063 2025 1350 2081 navalibus
1383 2027 1555 2096 copiis
1589 2029 1882 2098 oppressit.
1928 2030 1974 2082 A

397 2116 582 2172 I’ersis
616 2131 836 2186 quoque
869 2132 1120 2188 utagnam
1168 2118 1316 2172 illaut
1353 2133 1516 2187 quam
1561 2120 1854 2174 retulimtts
1887 2136 1974 2176 re-

397 2210 637 2279 portavit
670 2210 959 2264 victoriam
994 2227 1008 2265 :
1043 2210 1249 2279 quibus
1273 2211 1439 2265 etiam
1470 2226 1595 2266 cum
1640 2211 1971 2282 legationem

396 2299 464 2353 ad
498 2315 556 2354 se
585 2300 886 2366 misissent,
921 2315 1110 2370 pacem
1143 2301 1436 2356 concessit.
1471 2300 1589 2367 Quo
1617 2301 1762 2357 bello
1798 2303 1974 2359 Arda-

397 2405 564 2444 zanes
594 2389 765 2446 i'et-sa
798 2398 855 2444 et
895 2390 1246 2445 Arcobindus
1275 2388 1513 2446 Guttltus
1555 2390 1820 2462 singulari
1857 2408 1973 2448 cer-

399 2483 605 2537 tamine
655 2484 959 2554 congressi,
1001 2482 1251 2550 praelium
1297 2481 1573 2538 diremere
1603 2501 1616 2539 :
1650 2493 1706 2539 et
1737 2484 1973 2542 Gotthus

397 2573 618 2629 I‘et‘sam
663 2573 719 2628 in
755 2589 912 2644 a-quo
943 2588 1138 2644 campo
1181 2590 1327 2645 equo
1362 2574 1692 2633 insidentem
1732 2590 1787 2634 et
1820 2591 1974 2634 cata-

397 2668 692 2737 pitractum
721 2666 851 2720 vicit
909 2676 966 2720 et
995 2667 1219 2722 occidit.
1248 2667 1321 2722 Ea
1367 2683 1469 2738 pax
1504 2669 1570 2724 ad
1614 2669 1838 2741 longum
1871 2670 1973 2726 du-

396 2760 543 2815 rat'it
569 2769 808 2829 tempus,
844 2773 1018 2830 usque
1052 2760 1121 2816 ad
1156 2759 1544 2816 duodecimum
1582 2763 1840 2819 videlicet
1867 2763 1972 2820 im-

397 2854 534 2924 perii
562 2853 837 2910 Anastasii
867 2869 1096 2908 anttutn.
1128 2853 1202 2908 De
1229 2853 1436 2924 quibus
1463 2855 1630 2910 rebus
1658 2871 1781 2910 cum
1811 2857 1970 2913 multi

395 2949 486 3003 alii
523 2948 890 3018 scripserunt,
917 2956 1030 3001 tum
1060 2946 1346 3017 eleganter
1373 2961 1467 3003 eas
1493 2947 1546 3002 in
1577 2951 1969 3020 compendium

396 3040 606 3112 redegi;
644 3039 967 3096 Eustathius
994 3037 1430 3111 Epiphattiensis
1467 3039 1766 3112 (4)5yl'l18.
1807 3041 1972 3114 580

395 3134 489 3204 qtti
537 3134 702 3189 etiam
744 3133 954 3190 Amidae
985 3133 1447 3203 expugnationem
1489 3132 1804 3204 descripsit.
1850 3136 1969 3202 Quo

2073 637 2142 691 τὰ
2171 636 2364 707 πρῶτα
2408 637 2733 706 φερόμενος,
2778 635 2877 687 καλ⁸
2908 631 3009 703 τὴν
3035 631 3196 701 ῦδριν
3225 630 3324 684 τοῦ
3368 628 3662 700 βαρϐάρου

2076 729 2154 800 μὴ
2208 726 2473 798 ἐνεγκὼν,
2527 727 2666 797 πρὸς
2723 725 2817 780 τὸν
2849 725 2958 779 τῶν
3008 721 3257 778 Γαλλιῶν
3307 721 3662 792 κατάρχοντα

2087 822 2406 892 ’Δλλάριχον
2479 822 2814 891 ἀφικνεῖται,
2890 818 3097 885 καίπερ
3190 815 3486 884 Ῥωμαίοις
3579 815 3666 876 είς

2072 917 2273 988 ἔχθραν
2292 917 2426 970 ὅντα
2460 912 2541 981 οἷς
2567 917 2837 988 πρότερον
2899 911 3250 981 διελάϐομεν.
3291 911 3486 980 Ὅμως
3523 907 3664 960 πολ-

2073 1011 2196 1073 λαῖς
2222 1009 2318 1064 καὶ
2345 1009 2622 1081 διαφόροις
2653 1005 3016 1076 ἐπαγγελίαις
3061 1005 3263 1066 πείσας
3301 1004 3395 1056 τὸν
3450 1000 3662 1071 βάρϐα-

2076 1120 2193 1176 ρον,
2261 1102 2483 1172 στρατῷ
2550 1102 2788 1170 γενναίῳ
2838 1099 3016 1168 τούτῳ
3083 1095 3660 1165 συστρατευσάμενος,

2073 1194 2278 1264 αῐφνης
2329 1193 2422 1262 τῷ¹
2473 1193 2690 1263 Ἀττίλᾳ
2751 1191 2930 1270 πέραν
2996 1191 3218 1261 Ἴστρου
3287 1186 3660 1256 ἐσκηνωμένῳ

2077 1286 2503 1342 συνεπιτίθεταιο
2528 1288 2622 1340 καὶ
2650 1287 2818 1340 πολὺν
2855 1285 3051 1354 ἐκείνῳ
3115 1285 3276 1352 φόνον
3325 1281 3523 1344 ἐποίει,
3581 1279 3664 1340 ὡς

2074 1379 2278 1445 πολλὰς
2322 1379 2570 1450 χιλιάδας
2591 1378 2983 1448 διαφθαρῆναι.
3035 1374 3213 1429 Ἔνθα
3246 1374 3314 1444 δὴ
3344 1377 3441 1428 καὶ
3480 1369 3664 1425 ’Δττί-

2073 1472 2169 1536 λας
2233 1472 2416 1526 αὐτῶν
2467 1471 2650 1541 δόρατι
2696 1470 2982 1539 κεντηθεὶς
3030 1467 3320 1537 διεφθάρη·
3374 1465 3512 1520 ἀλλὰ
3548 1463 3660 1534 μὴν

2075 1567 2172 1620 καὶ
2216 1567 2380 1632 αὐτὸς
2451 1566 2774 1636 Ἀλλάριχος
2830 1564 2972 1634 τόξῳ
3002 1579 3015 1622 ε,
3033 1560 3278 1634 βληθείς.
3340 1560 3452 1612 Καὶ
3511 1556 3660 1610 οὕτω

2074 1659 2211 1714 Θεοῦ
2239 1662 2475 1730 νεύμασι
2507 1659 2584 1730 τῷ
2608 1661 2732 1713 τότε
2759 1659 2795 1730 ἡ
2823 1675 2885 1712 τε
2944 1657 3153 1710 παλαιὰ
3179 1654 3274 1708 καὶ
3334 1653 3431 1706 νέα
3460 1650 3657 1720 Ῥώμη

2075 1756 2177 1822 τῆς
2217 1752 2326 1807 τῶν
2379 1753 2593 1807 Γότθων
2659 1754 2838 1823 ὁρμῆς
2891 1749 3317 1818 ἀπηλλάττοντο,
3365 1743 3656 1813 Γιξερίχου

2075 1843 2204 1895 τῶνυ
2248 1842 2421 1896 ἐθνῶν
2457 1845 2696 1898 τουτωνὶ
2755 1840 3228 1912 μοναρχήσαντος.
3292 1836 3551 1890 Πλεῖσται
3596 1833 3656 1885 δὲ

2075 1935 2168 1986 καὶ
2197 1932 2356 1988 ἄλλαι
2389 1933 2793 1996 ἐπαναστάσεις
2829 1931 2923 1984 ἐπὶ
2967 1928 3253 1984 Θεοδοσίου
3311 1927 3567 1994 ἐγένοντο
3598 1925 3657 1975 ἐν

2073 2044 2132 2081 τε
2169 2027 2280 2099 ἐῴᾳ
2319 2028 2412 2082 καὶ
2436 2029 2671 2098 ὲσπερῖᾳ
2707 2030 2773 2097 τῇ
2811 2025 2986 2095 λήξει,
3034 2023 3102 2083 ἃς
3151 2019 3371 2075 καθεῖλε
3442 2014 3656 2084 πεζικῷ

2073 2121 2168 2174 καὶ
2194 2122 2354 2194 νηΐτῃ
2390 2121 2630 2192 στρατῷ.
2670 2121 2780 2174 Καὶ
2829 2119 2966 2189 πρὸς
2992 2118 3211 2186 Πέρσας
3246 2114 3302 2166 δὲ
3328 2117 3429 2180 τὴν
3475 2109 3649 2179 μεγά-

2073 2211 2172 2283 λην
2201 2213 2421 2282 ἐκείνην
2446 2215 2620 2284 ῆρατο
2647 2216 2826 2284 νίκη-ιο
2850 2210 2932 2274 οἷς
2968 2211 3062 2263 καὶ
3107 2200 3656 2278 συμπρεσϐευσαμέ·

2074 2322 2206 2370 νοις,
2240 2305 2338 2376 τὴν
2368 2308 2591 2377 είρήνην
2633 2305 3022 2378 άπεχαρίζετο,
3063 2301 3394 2373 Ἀρδαζάνου
3437 2298 3654 2365 Πέρσου

2074 2396 2171 2451 καλ⁵
2199 2396 2400 2451 Γότθου
2434 2397 2778 2468 Ἀρεοϐίνδου
2818 2395 3130 2468 μονομαχία
3182 2393 3282 2464 τὴν
3309 2392 3487 2461 μάχην
3539 2388 3659 2440 διο)-

2073 2490 2370 2556 λυσάντων,
2402 2490 2496 2546 τοῦ
2537 2491 2734 2544 Γότθου
2767 2489 3115 2558 κατακράτος
3135 2487 3220 2540 τὸν
3252 2485 3470 2555 Πέρσην
3491 2481 3657 2551 νική-

2073 2581 2271 2645 σαντός
2297 2597 2356 2634 σε
2396 2581 2492 2635 καὶ
2543 2581 2828 2643 ἀνελόντος
2867 2582 2924 2633 ἐν
2982 2580 3170 2647 πεδίῳ,
3225 2577 3466 2645 ἔφιππον
3520 2573 3656 2624 ὄντα

2074 2675 2170 2727 καὶ
2217 2672 2464 2729 ἔνοπλον.
2524 2675 2597 2729 Ἦ
2630 2675 2726 2728 καὶ
2768 2673 2931 2745 μέχρι
2977 2671 3178 2726 πολλοῦ
3227 2669 3497 2742 προῆλθεν
3517 2667 3655 2737 ἄχρι

2071 2766 2493 2821 δυοκαιδεκάτου
2547 2767 2702 2830 ἔτους
2762 2763 3145 2819 Ἀναστασίου.
3203 2765 3273 2816 ’Δ
3322 2761 3389 2832 δὴ
3430 2759 3655 2822 πολλοῖς

2076 2862 2177 2930 μὲν
2211 2860 2510 2933 ἱστόρηται,
2544 2861 2913 2930 ἐπιτέτμηται
2961 2859 3018 2912 δὲ
3065 2858 3209 2929 μάλα
3252 2855 3482 2925 κομψῶς
3549 2853 3654 2907 καὶ⁵

2071 2955 2357 3026 Εὑσταθίῳ
2386 2953 2465 3026 τῷ
2489 2956 2548 3020 ἐξ
2578 2952 2935 3024 Ἐπιφανείας
2963 2951 3041 3023 τῷ
3085 2951 3263 3022 Σύρῳ,
3289 2949 3350 3014 ὃς
3403 2951 3499 3003 καὶ
3545 2946 3653 3018 τὴν

2071 3045 2297 3118 ’Δμίδης
2329 3047 2536 3103 ἅλωσιν
2605 3044 3008 3117 συνεγράψατοο
3052 3045 3113 3098 ἐν
3180 3035 3225 3110 ᾧ
3281 3043 3653 3112 συνήκμασαν

2071 3141 2403 3204 Κλαυδιανός
2432 3157 2492 3195 τε
2521 3142 2617 3196 καὶ
2640 3141 2822 3211 Κῦρος
2851 3139 2903 3193 oi
2926 3136 3173 3208 ποιηταί.
3233 3137 3416 3208 Κῦρον
3449 3137 3506 3189 δὲ
3555 3137 3654 3190 λό-

399 3238 650 3296 tempore
718 3225 1058 3283 Claudianus
1117 3235 1174 3281 et
1215 3224 1392 3297 Cyrus
1463 3235 1638 3295 poeta:
1699 3226 1960 3284 ﬂoruere.

2074 3250 2167 3304 γος
2201 3233 2314 3304 ἔχει
2351 3234 2448 3289 καὶ
2488 3235 2580 3288 τδν
2609 3234 2913 3305 ὑπέρτατον
2940 3234 3049 3288 τῶν
3081 3231 3347 3305 ὑπάρχων
3374 3231 3652 3302 ἀναϐῆναι

395 3321 600 3390 Cyrum
636 3336 769 3376 vero
799 3319 944 3376 fama
975 3330 1061 3376 est
1106 3334 1382 3375 summum
1426 3320 1593 3376 etiam
1632 3319 1969 3390 praefectum

2074 3326 2283 3394 θρόνον·
2327 3327 2383 3393 ὃς
2415 3330 2510 3382 καὶ
2543 3328 2642 3398 τῆς
2671 3328 2842 3396 αὐλῆς
2873 3327 3097 3404 ἐλέγετο
3142 3327 3392 3398 ὕπαρχος
3441 3327 3648 3398 πρότεοο

395 3415 666 3470 Ιιυιιοτοηι
695 3412 955 3485 gessisse.
990 3412 1084 3483 qui
1109 3411 1401 3484 pra‘fectus
1434 3413 1572 3469 aulae
1601 3423 1764 3470 antea
1788 3414 1969 3470 dictus

394 3519 534 3574 erat,
566 3516 622 3562 et
654 3505 1091 3563 Occidentalium
1123 3505 1408 3575 copiarum
1455 3508 1566 3560 dux
1597 3506 1802 3573 fuerat.
1834 3509 1971 3566 Car-

394 3601 619 3668 thagine
646 3614 677 3654 a
724 3595 987 3654 Vandalis
1032 3608 1216 3666 capta,
1247 3613 1376 3652 cum
1409 3598 1782 3655 Gensericitus
1831 3600 1968 3656 Bar-

395 3697 564 3750 baros
590 3707 690 3749 eos
714 3699 954 3762 regeret.
991 3689 1234 3746 Plurima
1257 3704 1423 3760 porro
1449 3701 1506 3746 et
1531 3692 1815 3764 magniﬁca
1837 3695 1970 3750 δέάί-

394 3784 518 3845 Iicia
563 3784 620 3840 in
675 3781 812 3838 urbe
862 3781 1172 3852 imperante
1220 3764 1300 3836 et-
1328 3781 1458 3837 alibi
1517 3783 1819 3854 imperator
1866 3786 1969 3844 iste

393 3873 707 3933 construxit
735 3873 854 3949 (5).,
892 3870 1324 3932 et-AIexandriae
1378 3873 1676 3933 maximum
1705 3876 1966 3949 templum

395 3969 596 4028 erexit.

963 4083 1190 4144 CAPUT
1229 4085 1411 4144 LVIII.

397 4199 473 4253 De
509 4199 650 4253 obitu
679 4197 948 4271 Theodosii
964 4199 1220 4271 juniort's,
1252 4209 1309 4253 ut
1340 4200 1396 4253 in
1439 4209 1774 4254 monumento
1800 4200 1969 4271 patris

463 4271 566 4343 sui
591 4271 660 4323 sit
705 4269 964 4343 sepultus,
1006 4270 1062 4323 in
1094 4269 1431 4326 celeberrimo
1485 4269 1808 4326 sanctorum
1832 4273 1971 4343 Apo-

368 4386 375 4404 ,
461 4339 720 4395 stolarum
753 4339 972 4412 templo.

365 4429 381 4532 ξ
468 4452 537 4508 Et
587 4468 713 4509 cum
760 4452 948 4507 obitus
991 4451 1114 4522 eius
1148 4449 1644 4523 appropinquaret,
1687 4451 1967 4523 Ephesum

367 4544 570 4614 ivenit,
601 4547 790 4603 divum
834 4546 1103 4602 Joannem
1140 4546 1296 4600 illum
1343 4545 1610 4616 virginem
1646 4554 1704 4600 et
1737 4561 1970 4617 evange-

399 4623 582 4695 listam
615 4637 991 4693 Itonoraturus
1019 4653 1035 4691 :
1077 4637 1456 4706 templumque
1489 4637 1637 4691 illius
1665 4637 1968 4707 ingressus,

397 4731 641 4788 orationi
685 4743 810 4784 sese
838 4726 1093 4784 dedidit:
1147 4728 1200 4784 in
1252 4741 1360 4798 qua
1410 4729 1600 4796 etiam,
1634 4728 1762 4800 quis
1811 4731 1863 4786 ei
1913 4729 1972 4787 in

372 4825 638 4898 ,imperio
669 4823 928 4895 ,Romano
961 4835 1326 4878 successurus
1358 4831 1530 4890 esset,
1573 4822 1793 4880 edoceri
1832 4838 1892 4879 se
1942 4839 1972 4880 ο

397 4920 512 4976 Deo
548 4915 731 4990 petiit.
765 4915 922 4983 Quod
957 4914 1048 4970 ubi
1084 4930 1182 4985 per
1213 4914 1486 4970 visionem
1521 4915 1572 4970 ei
1615 4915 1760 4972 Deus
1789 4925 1976 4972 osten-

396 5015 500 5082 dit,
538 5009 1074 5081 Constantinopolim
1121 5009 1314 5065 rediit.
1353 5010 1468 5066 Nec
1514 5009 1587 5067 ita
1636 5012 1814 5068 multo
1847 5021 1971 5084 post

397 5107 644 5166 exercitu
669 5120 738 5162 ex
765 5103 914 5162 bello
944 5100 1215 5160 adversus
1242 5103 1470 5160 Attilam
1498 5187 1504 5192 ι
1535 5115 1692 5177 gesto
1726 5119 1971 5175 reverso,

474 5286 553 5358 (l)
587 5284 646 5342 In
700 5285 912 5357 campis
980 5279 1356 5341 Catalaunicis
1414 5282 1532 5340 sive
1587 5282 1973 5346 Gottaianicis.

397 5358 882 5499 «ng‘ti’ertamen
917 5431 984 5499 et;
1009 5423 1262 5499 praelium
1290 5424 1417 5491 hoc,
1447 5426 1602 5496 cujus
1638 5437 1760 5496 post
1794 5428 1978 5484 homi-

395 5497 546 5559 num
592 5499 912 5552 memoriam
944 5497 1121 5552 simile
1151 5497 1363 5551 nullum
1413 5501 1709 5566 reperitur,
1757 5499 1977 5554 circiter

396 5585 598 5628 ttuttam
627 5569 736 5623 diei
768 5568 955 5638 horam
983 5576 1222 5637 coeptum
1246 5578 1349 5622 est.
1381 5567 1445 5621 Et
1467 5567 1726 5638 utrinque
1750 5581 1972 5624 centum

398 5641 682 5710 octoginta
741 5636 1251 5710 milliaqltominunt
1314 5638 1588 5710 cecidere,
1637 5636 1974 5696 ‘Gottituruut

397 5708 716 5790 rege—caeso,
741 5720 796 5790 et
826 5708 990 5762 Attila
1010 5710 1215 5779 fugato.
1257 5709 1487 5763 Romani
1519 5709 1682 5764 Aetio
1716 5711 1856 5766 duce
1893 5715 1976 5766 vi-

398 5799 543 5837 cere.
579 5782 776 5850 (Di:tc.)

473 5854 551 5921 (3)
579 5852 779 5907 Altilas
808 5850 1008 5907 deinde
1035 5851 1244 5905 Viribus
1284 5851 1648 5920 recuperatis,
1668 5852 1974 5921 Aquileiam

402 5926 752 5997 expugnavit,
782 5921 1078 5982 IIuttet'iatn
1104 5920 1468 5978 Valentiniani
1500 5920 1814 5992 germanattt
1843 5940 1976 5979 uxo-

2074 3438 2188 3492 ρον,
2215 3421 2310 3474 καὶ
2339 3421 2448 3475 τῶν
2473 3421 3052 3493 ἐσπερίων-δυνάμεων
3076 3423 3453 3493 καθηγήσατο,
3485 3425 3650 3494 Καρ-

2072 3512 2294 3582 χηδόνος
2330 3511 2436 3565 ὑπὸ
2477 3513 2752 3567 Βανδίλων
2786 3513 3190 3585 κρατηθείσης,
3215 3513 3503 3585 Γιζερίχου
3534 3515 3651 3567 τῶν

2073 3601 2366 3674 βαρϐάρων
2398 3605 2732 3677 ἡγουμένου.
2773 3605 3046 3668 Πλείστας
3078 3605 3139 3658 δὲ
3189 3608 3287 3659 καὶ
3317 3608 3650 3678 περιφανεῖς

2069 3695 2537 3767 οἰκοδομίας,,ἀνά
2563 3715 2622 3751 τε
2655 3699 2756 3768 τὴν
2781 3696 3029 3769 βασιλίδα
3067 3699 3166 3753 καὶ
3198 3697 3460 3768 ἀλλαχοῦ,
3490 3700 3518 3751 ὁ
3551 3697 3651 3768 βα-

2073 3784 2254 3850 σιλεὺς
2278 3780 2438 3852 οὗτος
2466 3786 2680 3858 ἧγειρε·
2710 3788 2807 3844 καὶ
2852 3792 2920 3860 τῇ
2951 3787 3312 3860 Ἀλεξάνδρου
3371 3789 3430 3843 δέ
3482 3789 3650 3860 μέγι-

2073 3894 2198 3936 στον
2226 3879 2422 3949 ἀνίστη
2461 3880 2624 3960 νεών.

2637 4091 2890 4150 ΚΕΦΑΛ.
2917 4089 3048 4150 NH'.

2072 4205 2214 4276 Περὶ
2268 4206 2379 4276 τῆς
2428 4203 2717 4274 τελευτῆς
2747 4203 3076 4261 Θεοδοσίου
3107 4204 3216 4276 τοῦ
3269 4205 3435 4271 νόου,
3463 4207 3545 4275 ὡς
3576 4209 3649 4264 ἐν

2141 4278 2216 4344 τῇ
2245 4275 2556 4348 omnim;
2605 4277 2834 4348 πατρὸς
2859 4277 3048 4330 αὑτοῦ
3076 4275 3289 4348 ἐτάφη,
3332 4278 3412 4344 τῷ
3434 4294 3650 4348 περιω-

2141 4349 2309 4419 νύμφ
2333 4347 2450 4412 νεῷ
2472 4346 2591 4400 τῶν
2616 4345 2806 4418 ἁγίων
2823 4345 3238 4402 Ἀποστόλων.

2144 4463 2286 4534 Ἤδη
2337 4463 2397 4517 δέ
2444 4462 2546 4531 τῆς
2601 4461 2863 4531 τελευτῆς
2920 4461 3253 4534 ἐγγιζούσης
3305 4464 3481 4536 αὐτῷ,
3565 4467 3653 4530 είς

2077 4558 2311 4625 Ἔφεσον
2342 4552 2480 4628 ἧκεν
2525 4555 2751 4626 Ἰωάννῃ
2806 4553 2885 4625 τῷ
2915 4555 3173 4628 παρθένῳ
3219 4559 3313 4610 καὶ
3359 4558 3651 4628 εὐαγγελι-

2077 4652 2176 4720 στῇ
2223 4648 2650 4720 συνταξόμενος.
2697 4647 2807 4702 Καὶ
2837 4648 2926 4701 τὸν
2970 4647 3181 4704 ἐκείνου
3242 4649 3380 4704 νεὼν
3433 4654 3650 4720 εἰσιὼν,

2075 4740 2360 4811 προσευχῇ
2386 4737 2582 4792 ἑαυτὸν
2610 4735 2806 4789 ἐδίδου·
2837 4731 2950 4810 ἐνῇ
2989 4738 3084 4790 καὶ⁵
3116 4737 3267 4799 ὅστις
3331 4737 3452 4808 μετ’
3476 4740 3649 4792 αὐτὸν

2074 4835 2175 4904 τὴν
2251 4832 2550 4902 Ῥωμαίων
2597 4829 2772 4902 ἀρχὴν
2829 4830 3022 4895 ίθυνεῐ,
3088 4831 3261 4885 ἐδεῖτο
3305 4834 3500 4900 μαθεῖν
3547 4835 3650 4887 τοῦ

2077 4923 2233 4978 Θεοῦ.
2267 4923 2377 4977 Καὶ
2429 4919 2684 4992 δήτοῦτο
2741 4919 2880 4974 Θεοῦ
2934 4921 2994 4973 ἐν
3021 4920 3258 4990 ὁράματι
3316 4923 3652 4992 χρήσαντος,

2077 5017 2322 5088 ἐπανῆκε
2354 5018 2421 5088 τῇ
2456 5014 2894 5069 Κωνσταντίνου.
2956 5013 3068 5069 Καὶ
3125 5014 3266 5084 μετὰ
3306 5015 3510 5085 μικρὸν
3553 5017 3655 5069 τοῦ

2077 5109 2312 5184 στρατοῦ
2339 5111 2404 5165 ἐκ
2441 5111 2541 5182 τῆς
2597 5109 2736 5183 πρὸς
2792 5107 3040 5165 ’Δττίλαν
3077 5107 3260 5180 μάχης
3313 5109 3658 5181 ἐπαναστρέ-

2080 5303 2195 5343 rem
2252 5286 2356 5344 sibi
2413 5285 2552 5358 dari
2596 5287 2913 5358 postulavit.
2971 5289 3152 5358 Atque
3208 5287 3435 5358 insuper
3486 5285 3655 5339 aliam

2077 5358 2375 5414 lldiconem
2409 5357 2633 5413 nomine
2655 5357 2854 5413 duxit:
2886 5357 3152 5427 novisque
3175 5357 3386 5426 nuptiis
3411 5358 3654 5425 crapulae

2077 5441 2134 5500 et
2187 5429 2315 5484 vino
2352 5429 2676 5500 indulgens,
2736 5429 2794 5483 in
2859 5427 3162 5484 Pannoniis
3215 5438 3469 5481 mortuus
3544 5436 3656 5482 est.

2079 5498 2274 5567 (Cass,
2302 5499 2475 5567 Diae.)

2152 5570 2229 5640 (4)
2269 5565 2591 5624 Eustathius
2614 5567 3036 5639 Epipltaniensis
3089 5567 3478 5640 compendium
3504 5635 3514 5640 _
3542 5565 3658 5640 sile

2079 5634 2369 5710 Epitomen
2393 5634 2732 5710 Chronicuin'
2753 5655 2948 5694 novem
2982 5640 3143 5693 tomis
3164 5634 3432 5710 condidit,
3467 5635 3538 5710 ab
3561 5634 3656 5690 ΔΕ-

2081 5707 2182 5767 nea
2225 5726 2395 5779 Usqttc
2423 5709 2490 5763 ad
2547 5710 2896 5765 Anastasium
2932 5710 3337 5779 imperatorem.
3381 5707 3584 5776 (Suid.)

2157 5782 2232 5853 (5)
2271 5782 2385 5835 Sub
2429 5781 2742 5853 Theodosio
2771 5780 3011 5837 Venetiae.
3037 5779 3238 5836 mediis
3271 5780 3325 5833 in
3361 5779 3520 5849 aquis
3559 5780 3643 5831 lia-

2083 5851 2248 5909 bituri
2275 5861 2488 5922 coeptae.
2515 5851 2756 5924 (Εςηειι.)
