3962 6562
418 435 552 500 19.73

1298 432 1902 496 ECCLESIASTICB
1933 431 2327 496 HISTORIA;
2366 435 2516 498 LIB.
2560 436 2720 500 XIV.

3511 425 3649 492 1274

407 553 626 623 ψαντος,
672 551 951 615 Θεοδόσιος
1001 551 1098 620 τῆς
1133 551 1340 612 πόλεως
1373 547 1592 617 ἐξῆλθεν
1612 546 1970 613 ίππάσασθαι,

2085 546 2226 604 urbe
2248 563 2506 621 egressus
2534 557 2640 614 est,
2683 553 2742 602 ut
2785 543 3126 618 equitatione
3158 551 3217 600 et
3249 542 3542 601 venatione
3589 557 3648 596 se

411 643 507 697 καὶ⁸
557 642 832 710 κυνηγίοις
871 641 1066 695 ἑαυτὸν
1110 641 1344 695 ἀνεῖναι.
1377 639 1469 692 Ἐν
1498 635 1580 703 οἷς
1627 638 1672 692 δ’
1707 636 1976 700 ἱππάζετο

408 734 501 787 τοῦ
533 735 701 787 ἵππου
749 733 1161 804 ὲκσφαιρισθεὶς
1185 775 1198 799 ,
1235 733 1304 786 τὰ
1334 731 1493 802 ιπερὶ
1538 731 1632 784 τὸν
1686 729 1976 794 σπόνδυλον

411 826 726 894 πλήττεταιο
771 825 866 878 καὶ
920 825 1270 887 κατακλιθεὶς
1318 823 1603 892 λεκτικίῳ,
1645 823 1821 893 εἰσῄει
1876 821 1975 890 τὴν

409 920 586 972 πόλιν.
637 919 792 970 Ἐπεὶ
821 917 878 970 δὲ
913 917 1119 988 ᾔσθετο
1145 915 1347 979 ἀπιὼν,
1417 917 1474 968 ὲν
1520 915 1818 984 ἀπορρήτῳ
1876 913 1974 982 τὴν

407 1013 639 1082 ἀδελφὴν
678 1012 1011 1084 Πουλχερίαν
1060 1010 1587 1081 μεταστειλάμενος,
1652 1009 1783 1078 περὶ
1817 1007 1975 1074 Μαρ-

407 1107 593 1159 κιανοῠ
621 1103 715 1158 τοῦ
742 1105 852 1157 ἀπὸ
882 1103 1185 1174 τριϐούνων
1229 1105 1365 1172 αὐτῇ
1422 1102 1713 1169 διελέγετο,
1760 1102 1833 1163 ὠς
1864 1101 1974 1170 ἄρα

407 1192 560 1262 φίλον
601 1192 688 1261 εἴη
731 1190 851 1260 Θεῷ
881 1190 1000 1260 μετ’
1031 1191 1198 1244 αὐτὸν
1249 1191 1459 1242 ἐκεῖνον
1519 1189 1622 1258 τὴν
1679 1188 1974 1254 Ῥωμαίων

406 1285 582 1356 ἀρχὴν
617 1283 861 1337 διοικεῖν.
908 1283 1020 1336 Καὶ
1050 1283 1078 1334 ό
1109 1281 1208 1352 μὶν
1256 1279 1407 1334 ταῦτ’
1459 1280 1663 1345 εἰπὼν,
1695 1281 1972 1334 ἐτελεύτα.

410 1377 532 1430 Ἔτι
563 1376 610 1428 δ’
637 1375 1009 1444 ἀγνοουμένης
1036 1374 1132 1444 τῆς
1157 1371 1512 1435 ἀποδιώσιως
1549 1371 1627 1442 τῷ
1660 1371 1974 1443 κρατοῦντι,

400 1468 494 1522 τὸν
541 1468 862 1537 Μαρκιανὸν
918 1466 1224 1537 Πουλχερία
1273 1466 1618 1536 ποιησαμένη
1684 1463 1976 1536 μετάπεμ-

404 1578 560 1624 πτον,
617 1559 786 1630 ἄνδρα
823 1559 1148 1630 σωφροσύνῃ
1199 1560 1292 1612 καὶ
1342 1558 1638 1627 σεμνότητι
1685 1557 1802 1628 βίου
1856 1557 1978 1610 δια-

403 1655 614 1724 πρεπῆ,
643 1653 739 1706 καὶ
770 1653 918 1721 γήρᾳ
956 1652 1059 1722 ἤδη
1097 1651 1503 1720 κοσμούμενον,
1549 1651 1680 1720 περὶ
1720 1652 1819 1718 τῆς
1873 1649 1974 1718 ἀρ-

403 1747 506 1815 χῆς
538 1744 834 1798 ἐκοινοῦτο·
869 1745 978 1797 Καὶ
1019 1743 1110 1807 σὲ,
1155 1743 1341 1813 φησίν,
1375 1741 1485 1809 ἐγὼ
1502 1741 1613 1796 τῶν
1660 1741 1838 1796 ἄλλων
1872 1739 1972 1810 τῆς

404 1834 711 1903 συγκλήτου
741 1832 932 1902 ἄρχειν
951 1830 1258 1901 προκρίνω.
1283 1829 1472 1900 Ὄρκῳ
1523 1828 1706 1883 τοίνυν
1737 1829 1975 1898 ἀσφαλι-

2079 651 2373 694 recrearet.
2407 639 2586 709 Atque
2619 642 2762 693 inter
2788 637 3146 707 equitandum
3187 652 3332 706 equo
3363 636 3647 704 delapsus,

2077 731 2247 800 spina:
2299 731 2612 787 vertebram
2666 728 2892 785 luxavit.
2943 730 3292 798 Quapropter
3339 727 3534 781 lectica
3590 725 3644 778 in

2080 823 2268 878 urbem
2307 825 2512 878 relatus
2543 832 2648 878 est.
2686 825 2864 892 Atque
2914 821 3004 876 ubi
3053 836 3110 877 se
3157 821 3488 875 moriturum
3522 835 3644 874 esse

2078 914 2275 979 Sensit,
2308 929 2434 968 cum
2480 913 2766 969 Pulcheria
2799 928 2992 969 sorore
3035 923 3252 968 secreto
3301 912 3368 966 ad
3411 927 3472 967 se
3516 927 3647 966 evo-

2078 1015 2220 1069 Cata,
2255 1005 2322 1060 de
2376 1007 2643 1060 Martiano
2689 1023 2756 1060 cx
2803 987 3044 1060 tribunis
3095 1005 3314 1059 locutus
3366 1013 3494 1060 est:
3533 1004 3643 1058 Deo

2077 1105 2291 1166 gratum
2342 1098 2714 1167 placitumque
2752 1114 2871 1152 esse
2910 1097 3120 1152 dicens.
3174 1105 3232 1149 nt
3276 1097 3366 1150 ille
3412 1106 3535 1165 post
3583 1109 3642 1148 se

2079 1189 2380 1244 Romanam
2412 1190 2826 1246 administraret
2864 1189 3154 1244 ditionem.
3194 1189 3260 1243 Et
3295 1189 3386 1243 ille
3417 1188 3639 1258 quidem

2076 1296 2200 1334 cmn
2249 1281 2363 1335 ha-c
2415 1281 2643 1336 dixisset
2701 1290 2951 1336 mortuus
2996 1291 3101 1337 est.
3152 1281 3408 1336 Nondum
3459 1289 3645 1334 autem

2077 1370 2430 1439 imperatoris
2460 1383 2638 1427 morte
2661 1385 2961 1442 comperta,
2991 1372 3284 1428 Pulclteria
3313 1371 3644 1426 Martianum

2078 1465 2337 1528 accersit,
2371 1465 2553 1519 virum
2601 1468 2965 1536 temperantia
3005 1475 3062 1520 et
3110 1465 3380 1535 gravitate
3425 1479 3643 1518 morum

2077 1557 2424 1625 pra-clarum,
2460 1565 2514 1611 et
2555 1557 2709 1612 senio
2736 1557 2846 1627 jam
2887 1556 3287 1621 venerandum,
3325 1565 3380 1610 et
3414 1555 3644 1610 consilio

2073 1646 2141 1700 de
2195 1647 2409 1715 imperii
2465 1647 2816 1702 successione
2872 1663 2996 1702 cum
3057 1663 3124 1703 eo
3185 1648 3594 1704 communicato
3626 1687 3642 1712 ,

2076 1737 2235 1808 581
2277 1738 2374 1803 Te,
2413 1738 2614 1808 inquit,
2644 1753 2745 1808 ego
2777 1754 2843 1793 ex
2874 1748 3068 1794 senatu
3103 1741 3250 1794 omni
3288 1756 3400 1810 prae
3428 1741 3642 1796 caeteris

2073 1829 2307 1897 imperio
2344 1828 2571 1899 dignum
2605 1829 2813 1900 judico.
2847 1829 3087 1885 Proinde
3113 1830 3476 1902 jurisjurandi
3508 1832 3643 1886 reli-

404 1927 637 1996 σάμενος
666 1924 740 1988 ὡς
763 1925 862 1977 οὐκ
893 1923 959 1976 ἂν
982 1921 1272 1976 ὶπίδουλον
1317 1921 1442 1990 ἐμοὶ
1464 1921 1566 1990 τῆς
1610 1920 1756 1987 ζωῆς
1786 1937 1844 1973 τε
1877 1919 1970 1973 καὶ

2075 1922 2236 1990 gione
2282 1920 2631 1990 interposita,
2685 1933 2737 1976 te
2786 1921 2910 1976 vita:
2963 1932 3020 1978 et
3072 1924 3355 1994 potestati,
3409 1925 3644 1980 maxime

399 2021 500 2089 τῆς
521 2018 698 2088 ἀρχῆς
748 2019 843 2071 καλ⁵
871 2015 1108 2086 μάλιστα
1161 2015 1258 2083 τῆς
1316 2013 1622 2084 παρθενίας
1670 2014 1967 2084 φρονήσῃς,

401 2113 470 2185 ἢν
514 2110 578 2162 ὲκ
611 2107 732 2162 νέου
789 2108 1063 2176 ἀνεθέμην
1111 2105 1252 2177 Θεῷ,
1304 2104 1551 2174 λάμὸανε
1605 2105 1706 2176 τὴν
1773 2107 1971 2176 ἀρχήν.

399 2203 510 2261 Τοῦ
542 2203 600 2258 δέ
641 2203 694 2272 γ’
738 2203 813 2266 ὡς
869 2201 1042 2254 ἐδόκει
1077 2202 1145 2270 τῇ
1196 2197 1431 2268 βασιλίδι
1483 2195 1822 2268 πράξαντος,
1875 2198 1971 2251 τὸν

401 2297 750 2367 πατριάρχην
797 2293 1106 2348 Ἀνατόλιον
1133 2292 1314 2360 (οὗτος
1350 2291 1456 2360 γὰρ
1489 2289 1628 2360 μετὰ
1673 2290 1972 2345 Φλαϐιανὺν

401 2387 689 2456 ἐγεγόνει),
729 2383 1196 2455 μεταστειλαμένη
1227 2383 1322 2434 καὶ
1363 2381 1462 2451 τὴν
1497 2379 1802 2449 σύγκλητον
1832 2381 1971 2434 ᾶπα-

401 2497 525 2543 σαν,
545 2479 686 2532 κατὰ
707 2478 767 2530 τὸ
787 2476 1078 2546 Ἒΰδομον,
1097 2474 1319 2544 βασιλέα
1349 2473 1636 2542 Ῥωμαίων
1657 2471 1820 2534 εὐθὺς
1841 2473 1972 2543 ἀνη-

400 2575 618 2644 γόρευε.
650 2569 926 2632 Θεοδόσιος
965 2567 1010 2620 δ’
1039 2567 1098 2630 ἐξ
1137 2565 1308 2634 αὐτῆς
1340 2566 1398 2617 ὲν
1451 2567 1518 2636 τῇ
1555 2562 1790 2634 πατρῴᾳ
1826 2562 1968 2635 θήκῃ

401 2666 687 2726 ἐτέθαπτο,
715 2661 934 2715 κατὰτὸ
975 2659 1152 2724 δεξιὸν
1191 2656 1447 2728 ὑπερῷον
1496 2656 1593 2709 τοῦ
1647 2656 1756 2709 τῶν
1806 2655 1972 2710 Ἀπο-

402 2759 603 2813 στόλων
645 2755 811 2826 σηκοῦ
841 2756 896 2806 ὲν
929 2752 1058 2820 λίθῳ
1097 2751 1378 2820 Ῥωμαίῳ,
1416 2743 1460 2818 ᾧ
1497 2749 1700 2820 δηλαδὴ
1729 2748 1966 2820 ὑπερῴῳ

398 2850 476 2917 τῷ
511 2849 610 2920 ῐσῳ
637 2848 770 2917 λίθῳ
810 2846 903 2899 καὶ⁹
937 2846 966 2898 ὁ
999 2845 1182 2914 πατὴρ
1244 2843 1553 2914 Ἀρκάδιος,
1583 2843 1674 2896 καὶ
1703 2843 1735 2914 ἠ
1791 2844 1972 2913 μήτηρ

400 2940 644 3004 Εὐδοξία,
669 2938 765 2990 καὶ
815 2939 842 2989 ό
873 2936 1094 2996 πάππος
1141 2933 1310 2988 αὑτοῦ
1337 2934 1616 2997 Θεοδόσιος
1677 2935 1971 3002 κατετέθη-

401 3051 522 3086 σαν.
569 3032 658 3083 Ἐν
681 3030 734 3082 δὲ
761 3028 838 3098 τῷ
867 3027 1200 3097 καταντικρὺ
1249 3026 1344 3079 καὶ
1393 3024 1675 3097 ἀριστερῷ
1735 3023 1969 3095 ὑπερῴῳ

401 3125 496 3178 τοῦ
559 3122 704 3176 θείου
755 3120 1020 3190 τεμένους
1085 3117 1373 3182 Ἰουλιανός
1431 3135 1491 3171 τε
1556 3120 1654 3172 καὶ
1708 3117 1968 3181 Ἰοσιανὺς

399 3221 629 3271 κεῖνται.
662 3213 904 3283 Τελευτᾷ
932 3210 988 3265 δὲ
1019 3213 1046 3264 ό
1079 3209 1337 3281 βασιλεὺς
1365 3209 1671 3276 Θεοδόσιος,
1706 3210 1842 3264 ἑτῶν
1869 3224 1967 3279 γι-

399 3310 620 3378 νόμενος
643 3305 760 3366 ἑνὸς
813 3305 906 3356 καὶ
961 3303 1324 3371 πεντήκονταο
1379 3301 1473 3372 ἀφ’
1502 3295 1578 3356 ὧν
1626 3303 1696 3356 τὰ
1747 3301 1840 3356 δύο
1871 3303 1966 3356 καὶ

399 3399 808 3469 τεσσαράκοντα
839 3395 1210 3449 εὐσεῦἐστατα
1257 3393 1446 3466 ἦρξεν,
1495 3395 1624 3467 ὅρον
1681 3394 1965 3466 βασιλείας

398 3493 489 3545 τὸν
519 3489 632 3562 βίον
684 3487 781 3542 καὶ
831 3487 930 3556 τὴν
992 3486 1168 3558 ἀρχὴν
1215 3487 1475 3556 ἄντικρυς
1530 3486 1960 3553 καταλελοιπώς.

401 3581 649 3650 ιιεριέχει
671 3578 726 3631 δὲ
755 3578 852 3631 καὶ
884 3581 916 3647 ἡ
941 3577 1194 3646 παροῦσα
1230 3577 1804 3649 τεσσαρεσκαιδεκάτη
1870 3597 1964 3650 μοι

397 3671 508 3724 τῶν
539 3669 794 3739 ἱστοριῶν
825 3668 1022 3741 χρόνον
1064 3669 1202 3724 ὲτῶν
1244 3669 1655 3740 τεσσαράκοντα
1709 3672 1846 3742 πρὸς
1873 3671 1969 3725 δυ-

401 3763 508 3815 σιν’
551 3760 790 3832 ὁπηνίκα
847 3760 1053 3831 κόσμου
1103 3760 1201 3830 μὲν
1233 3759 1353 3824 ἔτος
1378 3760 1568 3832 ,εῷξεπ
1611 3761 1720 3814 ἀπὸ
1770 3763 1828 3816 δὲ
1866 3763 1969 3834 τῆς

402 3851 554 3914 θείας
605 3850 698 3904 τοῦ
747 3851 953 3920 Κυρίου
1010 3851 1322 3924 γεννήσεως
1375 3852 1826 3924 τετρακοσιοστὸν
1872 3855 1968 3910 καὶ

401 3943 695 4016 ἑξηκοστὸν
722 3944 1066 4015 δπεραίνετο.

469 4195 548 4270 (l)
565 4192 882 4254 Secundum
923 4194 1229 4254 neotericos
1255 4192 1420 4251 4431.

2073 2023 2256 2072 autem
2290 2013 2593 2084 virginitati
2631 2029 2786 2075 meae,
2823 2030 2985 2084 quam
3015 2030 3045 2069 a
3075 2017 3254 2085 prima
3303 2015 3642 2072 adolesentia

2074 2104 2186 2159 Deo
2212 2108 2552 2172 consecravi,
2581 2123 2688 2161 non
2721 2107 3114 2162 insidiaturum
3157 2125 3299 2176 esse,
3350 2109 3644 2180 imperium

2074 2195 2252 2266 ipsum
2292 2212 2448 2268 cape.
2480 2197 2771 2269 Postquam
2815 2200 2906 2255 ille
2950 2201 3098 2270 quod
3143 2201 3385 2270 Augusta
3428 2199 3648 2254 volebat

2078 2291 2310 2361 peregit,
2347 2293 2664 2362 patriarcha
2695 2293 2972 2358 Anatolio,
3000 2293 3094 2364 qui
3133 2294 3391 2349 Flaviano
3423 2308 3645 2348 succes-

2073 2393 2243 2447 serat,
2272 2392 2329 2437 et
2357 2385 2618 2439 universo
2643 2393 2836 2438 senatu
2865 2386 3181 2440 convocatis
3211 2385 3278 2440 ad
3313 2385 3641 2453 Septimum,

2072 2473 2257 2526 statim
2294 2489 2419 2528 eum
2469 2474 2862 2544 imperatorem
2897 2476 3128 2530 creavit.
3161 2475 3506 2531 Theodosius
3539 2489 3644 2530 au-

2075 2573 2182 2619 tem
2219 2576 2410 2636 postea
2453 2582 2579 2620 mox
2629 2569 2682 2622 in
2733 2577 2964 2637 paterno
2999 2577 3355 2623 monumento
3409 2565 3646 2623 Romani

2073 2657 2271 2727 lapidis
2301 2662 2578 2729 repositus
2615 2671 2721 2723 est,
2753 2662 2807 2716 in
2837 2664 3027 2717 dextra
3061 2663 3280 2718 sublimi
3323 2675 3640 2719 sanctorum

2071 2751 2460 2822 Apostolorum
2500 2753 2690 2823 templi
2740 2754 2995 2822 porticu:
3035 2754 3090 2808 in
3120 2770 3226 2824 qua
3275 2755 3514 2824 porticu,
3547 2773 3641 2811 eo-

2071 2843 2309 2914 demque
2345 2845 2547 2914 lapide,
2594 2855 2749 2915 pater
2778 2861 3000 2916 quoque
3036 2847 3330 2910 Arcadius,
3377 2858 3433 2902 et
3467 2858 3641 2904 mater

2071 2937 2340 3003 Eudoxia,
2393 2952 2609 2992 necnon
2655 2954 2794 2993 avus
2838 2938 3185 2995 Theodosius
3234 2940 3322 2995 siti
3373 2953 3520 2995 sunt.
3580 2943 3640 3000 in

2072 3026 2296 3082 sinistra
2343 3037 2551 3091 autem,
2579 3045 2700 3098 qua:
2743 3044 2809 3084 ex
2855 3031 3086 3084 adverso
3114 3041 3197 3084 est
3235 3033 3450 3101 porticu
3499 3038 3640 3089 sacri

2071 3119 2190 3188 ejus
2221 3118 2709 3186 lempli,Julianus
2744 3130 2801 3176 et
2829 3121 3154 3177 Jovinianns
3201 3125 3364 3191 jacet.
3399 3123 3644 3181 Mortuus

2073 3216 2158 3262 est
2186 3209 2484 3278 imperator
2521 3211 2869 3268 Theodosius
2919 3229 3094 3270 annos
3142 3215 3538 3286 quinquaginta
3589 3230 3646 3271 et

2076 3310 2244 3352 unum
2276 3310 2439 3355 natus
2467 3316 2482 3354 :
2521 3317 2588 3356 ex
2620 3303 2822 3372 quibus
2872 3304 3231 3374 quadraginta
3260 3315 3313 3359 et
3343 3307 3482 3359 dnos
3529 3322 3638 3359 ma-

2071 3389 2216 3445 xima
2249 3406 2375 3446 cum
2412 3393 2614 3462 pietate
2670 3395 2983 3465 imperavit,
3018 3397 3092 3451 ita
3145 3405 3205 3451 ut
3243 3399 3402 3452 vitam
3450 3399 3564 3467 ipse
3590 3409 3645 3454 οε

2068 3484 2382 3552 posteritati
2399 3485 2930 3542 administrationem
2957 3503 3111 3543 suam
3143 3499 3402 3559 tanquam
3425 3491 3660 3561 imperii»

2072 3575 2303 3631 formam
2339 3578 2646 3647 reliquerit.
2669 3579 3066 3651 Complectitur
3110 3583 3358 3638 decimus
3415 3594 3644 3653 quar:us

2070 3667 2174 3724 iste
2200 3669 2342 3725 liber
2374 3685 2550 3726 annos
2583 3672 2946 3744 quadraginta
2993 3675 3301 3740 duos,cum
3359 3689 3390 3729 a
3437 3675 3644 3731 mundo

2073 3757 2301 3814 condito
2336 3759 2636 3830 quinquies
2669 3762 2992 3818 millesimus
3019 3765 3529 3834 noningentesimus
3557 3777 3642 3817 sev

2071 3851 2380 3918 xagesimus
2406 3851 2634 3921 quintus
2659 3851 2759 3923 μ),
2777 3867 2806 3906 a
2831 3852 3015 3908 divina
3043 3862 3229 3910 autem
3257 3852 3470 3907 Domini
3503 3852 3644 3906 nati-

2072 3941 2243 3998 vitate
2275 3944 2852 4028 quadringentesimus
2883 3955 2941 4004 et
2979 3947 3351 4020 sexagesimus
3385 3955 3640 4019 ageretur

2073 4051 2274 4094 annus.
