3950 6206
313 240 389 308 49
1172 261 1778 330 ΕΟΟΙΕΒΙΛΞΤΙΟἘ
1824 272 1904 333 HI

2014 272 2221 335 oms;
2264 277 2411 341 LIB.
2458 278 2627 340 VIII.
3501 273 3572 336 50

909 364 1163 422 ΚΕΦᾹΛ.
1196 372 1302 426 l.-\'.

317 450 611 542 Περί
635 454 787 542 ὑπὲρ
848 456 1086 542 ἈριιίίουΔ
1122 467 1400 542 ςυκόδων
1422 484 1435 496 °
1489 470 1585 522 καὶ
1629 473 1759 542 περὶ
1787 474 1896 542 τῆς

393 523 508 647 :gr
531 523 913 648 ιέὶξζιουμὼνίην⁷
949 532 1362 605 διαλασούσης
1414 523 1897 611 συγχύσεως-ὀίΞᾶ

467 614 529 647 υτ
616 636 629 648 .

397 706 635 763 Τοιαῦτα
663 714 759 765 καὶ
815 708 965 771 οὗτοι
1017 718 1264 791 ἔγραφον
1313 727 1448 796 πρὸς
1476 728 1570 782 τὸν
1630 731 1770 785 κατᾶ
1798 731 1896 801 τῆς

316 799 586 893 ἀληθείας
610 807 961 878 ὁπλιζόμενοι
982 812 1241 882 πόλεμον.
1277 818 1365 881 Ὡς
1383 819 1439 872 δὲ
1463 821 1632 876 πολλὰ
1661 799 1901 893 γράφον·-

316 907 414 954 τες
438 892 641 963 ἥκιστα
677 901 886 954 πείθειν
918 902 1011 955 τὸν
1055 906 1408 978 Ἀλέξανδρον
1438 909 1604 981 εἶχον,
1636 892 1899 984 χαλεπαί-

321 1002 516 1052 νοντες
561 986 702 1060 ἦσαν
744 992 819 1057 ὡς
856 995 1200 1068 ὑϐρισμένοι*
1252 1004 1348 1055 καὶ
1393 1006 1630 1077 σπουδὴν
1659 1007 1899 1062 ἐτίθεντο

317 1076 392 1129 τὺ
423 1077 633 1149 Ἆρείου
670 1084 935 1152 κρατῦναι
970 1086 1171 1158 δόγμα.
1220 1092 1334 1145 Καὶ
1364 1094 1428 1163 δὴ
1462 1096 1520 1147 ἐν
1550 1076 1612 1165 τῇ
1654 1097 1899 1153 Βιθυνῶν

320 1169 515 1241 τὸτῆς
549 1174 806 1241 ἀσεϐείας
856 1182 1332 1253 συγκροτήσαντες
1369 1187 1755 1261 ἐργαστήριον,
1788 1194 1899 1255 τοῖς

322 1261 437 1315 ἀνά
458 1263 557 1333 τὴν
601 1268 939 1341 οίκουμένην
989 1274 1039 1326 ot
1086 1274 1217 1346 περὶ
1262 1276 1527 1332 Εὑσέϐιον
1572 1282 1899 1345 ἐπισκόποις

320 1353 602 1439 ἔγραψαν,
639 1359 858 1430 Ἀρειόν
888 1379 946 1417 τε
970 1364 1067 1418 καὶ
1093 1366 1222 1432 τοὺς
1264 1370 1388 1439 μετ’
1416 1372 1582 1425 αὑτοῦ
1613 1380 1898 1437 κοινωνίας

318 1445 555 1539 άξεοῦνο
607 1448 751 1507 εἶναι
786 1456 896 1526 γὰρ
945 1459 1131 1521 αὐτοῖς
1187 1460 1512 1536 ἐρρωμένην
1534 1466 1636 1537 τὴν
1684 1470 1811 1539 περὶ
1842 1469 1903 1522 τὸ

317 1536 507 1612 δόγμα
541 1542 722 1609 δόξαν·
751 1549 847 1603 καὶ
877 1548 1235 1623 Ἀλέξανδρον
1274 1552 1333 1606 δέ
1358 1558 1546 1610 ⁴ταυτδ
1577 1536 1736 1611 τοῦτο
1760 1536 1902 1628 iopa-

324 1648 425 1687 σαι
483 1638 958 1705 παρασκευάζειν.
1020 1642 1110 1707 Ὠς
1142 1642 1202 1699 δέ
1233 1646 1390 1701 οὐδὲν
1437 1642 1602 1721 ἦττον
1627 1650 1689 1703 τὸ
1732 1651 1902 1706 σποῦ⁴

320 1721 517 1792 δασμα
545 1728 699 1798 παρὰ
752 1730 980 1803 γνώμην
1029 1735 1332 1803 ἐξέϐαινεν,
1391 1716 1743 1814 Ἀλεξάνδρου
1786 1746 1898 1809 τοῖς
1925 1716 1975 1776 Β

318 1816 479 1882 ἅπαξ
506 1819 631 1874 κατ’
689 1822 906 1893 ’Δρείου
939 1825 1287 1899 δεδογμένοις
1337 1832 1689 1903 ἐμμένοντος,
1738 1841 1903 1893 ἀπει-

320 1908 449 2001 πὼν
490 1913 744 2001 ξΔρειος.
805 1919 1107 1990 πρεσϐείαν
1146 1921 1365 1977 ἔστελλε
1414 1927 1667 2001 Παυλίνῳ
1699 1948 1760 1985 τε
1806 1932 1903 1988 καὶ

320 1998 574 2073 Εὑσεϐξῳ
618 2002 696 2074 τῷ
730 2005 1041 2076 Παμφίλου,
1078 2011 1173 2064 καὶ
1219 2013 1544 2088 Πατροφίλῳ
1590 1998 1668 2089 τῷ
1698 2020 1901 2074 Σκυθο-

322 2090 563 2161 πόλεως,
598 2097 693 2150 καὶ
723 2102 852 2170 περὶ
872 2100 1117 2165 ἐκείνως
1143 2106 1477 2176 συστήματι,
1503 2111 1901 2183 ἐπιτετράφῦαι

317 2185 380 2237 oi
416 2187 512 2239 καὶ
547 2190 660 2254 τοῖς
697 2192 837 2262 ἀμφ’
865 2194 1053 2259 αὑτὸν.
1090 2198 1181 2251 τὸν
1226 2202 1360 2271 περὶ
1391 2202 1555 2257 αὑτὸν
1599 2205 1674 2268 ὡς
1708 2206 1904 2278 πρότε-

324 2296 428 2349 ρον
484 2281 867 2351 ἐκκλησιάζειν
914 2286 1047 2340 λαὸν
1069 2329 1083 2351 ,
1119 2282 1210 2344 οἷα
1254 2292 1320 2363 δή
1357 2295 1452 2348 καὶ
1479 2294 1579 2366 τήν
1621 2294 1732 2349 τῶν
1768 2316 1903 2370 πρε-

321 2371 611 2445 σϐυτέρων
639 2375 795 2441 τάξιν
831 2377 896 2432 ἐκ
916 2379 1117 2435 πολλοῦ
1146 2380 1364 2455 ἔχοντα,
1392 2385 1548 2451 ἔθους
1574 2388 1638 2441 ἐκ
1668 2390 1901 2447 uelato?)

322 2466 715 2535 κρατήσαντος
765 2470 861 2524 ἕνα
916 2472 1019 2543 μὲν
1044 2471 1185 2528 εἶναι
1224 2476 1318 2530 τὸν
1367 2479 1509 2534 κατὰ
1534 2481 1756 2535 πάντων
1785 2484 1905 2537 ἐπί-

326 2575 561 2626 σκοπον,
584 2564 710 2627 τοὺς
736 2564 795 2618 δέ
826 2567 1240 2639 πρεσϐυτέρους
1297 2570 1435 2634 ίδίας
1465 2572 1566 2635 τὰς
1604 2574 1903 2645 ἐκκλησίαις

324 2652 505 2722 ἔχειν,
541 2657 635 2708 καὶ
669 2656 759 2710 τὸν
793 2657 920 2712 λαὸν
956 2662 1136 2714 ἐκεῖσε
1174 2664 1511 2731 συνάγοντας
1545 2664 1902 2721 ἐκδιδάσκειν.

325 2747 401 2799 Oi
431 2746 486 2799 δέ
516 2746 894 2820 δέχονταιτήν
942 2753 1267 2824 πρεσϐείανο
1322 2757 1418 2809 καὶ
1465 2756 1525 2810 ἐν
1574 2758 1903 2831 Παλαιστίνῃ

329 2832 459 2903 μεθ’
488 2835 692 2906 ἐτέρων
719 2841 1026 2910 γενόμενοι,
1058 2843 1157 2912 τήν
1204 2844 1420 2915 Ἀρείου
1450 2847 1670 2917 αἴτησιν
1700 2849 1908 2920 ἐκπλη-

332 2924 565 2995 ροῦσιν,
606 2929 902 3001 ἐγγράφως
940 2932 1331 3005 διαταξάμενοι
1387 2940 1645 3008 συνάγειν
1700 2941 1800 3011 μὲν
1829 2942 1905 3007 ὡς

2597 385 2821 444 CAPUT
2875 386 2970 442 XI.

2006 476 2080 531 De
2113 478 2325 548 synodi:
2354 494 2446 547 pro
2464 479 2585 531 Ario
2617 481 2827 542 coactis,
2853 488 2903 533 et
2929 481 2992 533 de
3017 478 3167 532 turba
3201 486 3250 531 et
3275 477 3583 547 confusione

2284 563 2403 615 qua’
2430 551 2603 603 orbem
2628 557 2841 620 praptcr
2858 551 3042 605 Arium
3084 550 3296 605 invasit.

2077 724 2227 779 Tata
2282 734 2338 779 et
2393 725 2477 779 isti
2528 727 2904 795 scripserunt,
2965 726 3232 781 adversus
3288 728 3578 783 veritatem

2004 817 2205 872 bellum
2240 817 2610 873 instituentes.
2642 820 2937 887 Postquam
2971 832 3149 874 autem
3187 820 3282 875 diu
3314 821 3577 875 multum-

2003 925 2109 979 que
2142 911 2483 976 scribentes,
2527 912 2859 981 persuadere
2892 912 3204 966 Alexandro
3244 914 3390 981 quod
3431 914 3579 966 vole-

2004 1002 2132 1056 bant
2176 1017 2289 1055 non
2335 1012 2601 1070 potuere,
2652 1002 2881 1070 perinde
2928 1014 3093 1073 atque
3154 1003 3352 1073 injuria
3395 1003 3577 1058 allecti

2000 1102 2215 1159 essent,
2269 1108 2413 1164 aegre
2463 1094 2517 1149 id
2578 1093 2850 1160 ferentes,
2892 1111 3091 1165 magno
3121 1096 3306 1151 studio
3362 1095 3415 1150 in
3475 1096 3580 1150 hoc

2002 1186 2310 1241 incubuere
2337 1196 2398 1240 ut
2420 1186 2537 1240 Arii
2567 1186 2760 1257 dogma
2787 1187 3089 1242 obtineret.
3123 1187 3189 1242 Et
3222 1188 3276 1241 in
3306 1187 3580 1258 Bithynia:

2002 1278 2262 1346 primaria
2292 1279 2427 1334 urbe
2449 1318 2465 1342 ,
2499 1279 2801 1348 impietatis
2840 1278 3087 1334 instituta
3116 1278 3330 1335 oliicina
3352 1319 3368 1343 ,
3409 1279 3580 1335 Euse-

2002 1369 2128 1425 bius
2163 1369 2229 1425 ad
2262 1369 2557 1441 plerosque
2588 1372 2742 1427 orbis
2778 1371 3077 1427 Christiani
3112 1372 3405 1443 episcopos
3430 1372 3580 1427 litte-

2002 1477 2091 1516 ras
2117 1462 2290 1528 dedit,
2322 1470 2380 1517 ut
2411 1463 2601 1517 Arium
2638 1473 3052 1532 sectatoresque
3080 1463 3199 1535 ejus
3232 1463 3299 1518 ad
3331 1478 3578 1518 commu.

2001 1554 2222 1611 nionem
2242 1555 2621 1611 admitterent.
2644 1554 2736 1611 Sic
2753 1554 2901 1610 enim
2926 1555 3197 1619 l'uturunt,
3221 1567 3280 1611 ut
3300 1557 3575 1624 ingentem

2003 1645 2070 1702 de
2093 1645 2346 1717 dogmate
2368 1655 2844 1715 consequerentur
2873 1644 3122 1714 gloriam,
3152 1650 3207 1698 et
3238 1643 3573 1708 Alexandro,

2004 1749 2063 1794 ut
2106 1738 2250 1793 idem
2311 1737 2537 1805 laceret,
2583 1748 2838 1792 auctores
2879 1736 3092 1792 tierent.
3129 1736 3292 1807 554
3321 1736 3389 1791 Ut
3439 1752 3574 1791 vero

2002 1831 2177 1886 nihilo
2204 1831 2377 1902 magis
2400 1838 2641 1901 emptum
2666 1845 2857 1885 eorum
2885 1844 2951 1885 ex
2978 1828 3251 1883 sententia
3283 1828 3571 1897 processit,

2002 1924 2147 1994 quod
2176 1924 2482 1980 Alexander
2504 1926 2559 1979 in
2591 1924 2675 1981 eis
2709 1939 2832 1994 quae
2861 1923 3026 1979 semel
3056 1922 3415 1983 decrevisset,
3446 1937 3576 1976 con-

2003 2026 2211 2072 stanter
2242 2026 2648 2088 perseveraret,
2677 2016 2967 2085 desperata
2997 2030 3059 2070 ea
3096 2031 3153 2069 re
3188 2014 3352 2069 Arius
3401 2015 3576 2067 inter-

2003 2110 2228 2166 nuntios
2271 2110 2338 2165 ad
2370 2109 2694 2165 Paulinum.
2729 2116 2785 2162 et
2825 2106 3122 2163 Eusebium
3181 2106 3479 2175 Pamphili,
3521 2114 3577 2159 et

2002 2203 2378 2273 Patropltilum
2408 2199 2949 2272 Scythopolitanum,
2979 2209 3036 2254 et
3060 2198 3127 2253 ad
3160 2199 3378 2253 illorum
3412 2197 3579 2252 colle-

2001 2294 2152 2364 gium
2200 2293 2377 2355 misit.
2424 2301 2486 2347 ut
2535 2293 2639 2348 sibi
2698 2291 3178 2360 sectatoribusque
3237 2289 3350 2345 suis
3393 2290 3576 2359 [epuli

2002 2384 2087 2441 sui
2117 2386 2172 2440 in
2200 2383 2434 2440 ecclesia
2468 2384 2723 2455 cogendi,
2761 2382 2929 2438 sicuti
2967 2390 3128 2435 antea
3164 2380 3444 2442 fecissent,
3483 2394 3579 2447 po-

2004 2487 2173 2535 testas
2221 2478 2407 2542 tleret,
2458 2484 2692 2547 petens:
2723 2476 2927 2546 quippe
2976 2474 3071 2538 qui
3114 2473 3280 2544 longo
3315 2473 3431 2540 ipse
3464 2474 3575 2542 jam

2006 2580 2252 2641 tempore
2291 2569 2543 2625 ordinem
2582 2569 2880 2638 locumque
2919 2582 3080 2621 suum
3119 2566 3263 2621 inter
3293 2565 3581 2635 presbyte-

2007 2679 2099 2719 ros
2148 2663 2398 2723 haberet.
2456 2672 2513 2716 et
2562 2677 2630 2719 ex
2687 2657 3094 2717 consuetudine
3148 2657 3378 2728 antiqua
3433 2670 3580 2711 unus

2004 2755 2227 2826 quidem
2272 2755 2529 2810 omnibus
2579 2759 2843 2825 praesset
2887 2751 3180 2821 episcopus
3207 2791 3221 2814 ,
3275 2746 3577 2819 presbyteri

2006 2856 2187 2901 autem
2233 2860 2361 2901 suas
2404 2845 2507 2915 ipsi
2550 2854 2806 2914 regerent
2838 2842 3139 2906 ecclesias,
3192 2850 3356 2911 atque
3400 2839 3454 2894 in
3496 2839 3581 2893 eis

2006 2936 2267 3005 ponulum
2305 2944 2693 3008 congregatum
2736 2950 2836 3006 pro
2865 2935 3134 2990 concione
3174 2935 3455 2988 docerent.
3495 2932 3577 2985 illi

327 3021 605 3093 πρότερον
643 3026 891 3097 Ἄρειον,
936 3028 1271 3102 Ἀλεξάνδρῳ
1307 3047 1371 3102 γε
1403 3032 1512 3104 μὴν
1539 3034 1862 3088 ὑποκεῖσθαι
1888 3051 1902 3065 ο

2010 3030 2340 3100 legationem
2396 3028 2638 3084 hominis
2685 3029 3031 3098 suscipiunt,
3082 3038 3137 3083 et
3182 3042 3306 3084 cum
3356 3028 3480 3083 aliis
3522 3031 3577 3081 in

324 3114 545 3170 δεῖσθαι
588 3117 647 3172 δὲ
694 3121 791 3172 καὶ
822 3119 1124 3175 ἀντιϐολεῖν
1166 3124 1266 3194 τῆς
1307 3126 1521 3179 ἐκείνου
1556 3128 1905 3198 κατατυγχά-

326 3220 451 3257 νειν
475 3205 700 3277 είρήνης
723 3223 780 3261 τε
820 3211 913 3273 καὶ
945 3206 1215 3274 ἑνὼσεως.
1250 3212 1357 3264 Καὶ
1405 3212 1537 3284 άλλη
1568 3214 1614 3268 δ’
1654 3216 1711 3269 ἐν
1736 3214 1904 3283 Αίγύ-

327 3298 704 3366 πτφσύνοδος
736 3299 877 3372 ὑπὲρ
896 3303 1107 3356 τούτων
1132 3304 1441 3359 συνίστατο.
1482 3307 1826 3377 Συνέπραττε
1845 3308 1903 3363 δὲ

326 3392 489 3461 αὐτῷ
516 3397 610 3450 καὶ
646 3395 905 3460 Μελίτιος
942 3397 1037 3450 καὶ
1085 3399 1133 3451 ot
1170 3400 1298 3471 περὶ
1336 3400 1521 3467 αὐτὸν,
1559 3403 1609 3455 oi
1639 3402 1736 3471 τῆς
1782 3402 1904 3456 Ἐκ-

327 3484 569 3554 κλησίις
620 3485 729 3557 πρὸ
774 3484 1011 3557 βραχέος
1050 3489 1386 3559 σχισθέντες,
1420 3493 1514 3545 καὶ
1556 3495 1622 3547 τὰ
1668 3494 1904 3562 μέγιστα

331 3576 811 3646 συνελαμϐάνοντο
846 3577 963 3646 ,ἆτε
990 3581 1171 3650 δήκαὶ
1201 3575 1351 3637 οὗτοι
1373 3586 1559 3649 κακῶς
1581 3587 1716 3657 πρὸς
1756 3588 1906 3641 Ἀλέο

328 3667 565 3737 ξανδρον
590 3669 950 3739 διακείμενοι.
1003 3672 1097 3736 Τίς
1136 3672 1193 3726 δὲ
1219 3674 1248 3727 6
1289 3675 1547 3740 Μελίτιος
1587 3676 1738 3741 οὖτος
1763 3678 1907 3748 φθά-

327 3779 505 3832 νομεν
538 3762 843 3834 είρηκότες.
890 3764 1021 3829 Τοῖς
1057 3765 1114 3820 δὲ
1152 3767 1275 3821 κατ’
1322 3769 1601 3838 Δίγυπτον
1647 3771 1741 3825 καὶ
1784 3775 1906 3837 ταίς

329 3855 660 3924 ἁπανταχοῦ
715 3856 1033 3928 ἐκκλησίαις
1053 3858 1453 3933 διασπαρείσης
1488 3865 1586 3932 τῆς
1616 3863 1902 3933 αἱρέσεως,

329 3947 455 4018 ἔρις
490 3945 547 4000 ἐν
578 3947 834 4009 ἑκάστοις
878 3949 1091 4020 ἄμαχος
1143 3952 1487 4024 άνηγείρετο.
1536 3953 1595 4008 '0
1629 3955 1685 4007 δὲ
1731 3956 1908 4019 κοινὸς

326 4039 497 4110 ὖχλος
524 4039 725 4110 κρίνων
752 4035 819 4111 ἦν
851 4039 917 4095 τὰ
949 4041 1196 4097 τοιαῦτω
1233 4045 1331 4097 καὶ
1368 4045 1459 4098 ἐπ’
1495 4047 1702 4118 ἀγορᾶς
1739 4048 1910 4119 προῦ-

328 4150 541 4201 κειντο,
588 4133 699 4186 τῶν
747 4134 849 4203 μὲν
897 4136 1097 4201 τοῖσδε,
1142 4137 1252 4190 τῶν
1287 4138 1335 4190 δ’
1361 4138 1593 4203 ἐκείνοις
1622 4142 1908 4207 προστιθε-

333 4227 522 4297 μένων
552 4228 643 4280 καὶ
678 4228 1134 4298 ἐπικλινομένων.
1175 4229 1466 4299 Τραγῳδία
1498 4247 1557 4283 τε
1600 4233 1690 4283 καὶ
1733 4231 1908 4299 γέλως

328 4320 599 4389 ἄντικρυς
644 4321 713 4374 τά
750 4317 1009 4391 δρώμενα
1058 4317 1229 4394 ἦσαν.
1275 4324 1350 4377 Οὐ
1382 4323 1491 4391 γὰρ
1539 4323 1907 4393 ἀλλόγλωσσοι

2011 3122 2297 3179 Palaestina
2325 3122 2750 3185 convenientes,
2790 3121 3227 3192 petitionemque
3255 3120 3377 3191 ejus
3404 3120 3580 3175 adim-

2013 3218 2269 3289 plentes,
2319 3216 2605 3273 decretum
2649 3218 2703 3271 in
2738 3214 3001 3285 scriptum
3048 3212 3335 3268 referunt:
3388 3213 3578 3268 Arium

2011 3312 2257 3383 quidem,
2282 3319 2340 3365 ut
2362 3318 2546 3376 antea,
2568 3318 2871 3366 conventus
2899 3323 3096 3377 cogere
3118 3322 3314 3377 posse:
3344 3306 3582 3361 Alexan-

2011 3406 2111 3459 dro
2143 3415 2323 3459 autem
2354 3403 2633 3459 subditum
2664 3417 2815 3463 esse,
2851 3401 3248 3471 deprecarique
3280 3410 3334 3455 vt
3370 3401 3580 3469 suppli-

2010 3513 2140 3554 care
2167 3497 2253 3561 ei,
2296 3512 2407 3566 quo
2439 3496 2491 3550 in
2535 3495 2768 3565 gratiam
2812 3494 3185 3563 ultionemque
3231 3494 3352 3563 ejus
3389 3507 3581 3561 perve-

2014 3595 2134 3647 nire
2166 3602 2366 3661 posset.
2398 3588 2623 3644 debere.
2655 3587 2764 3643 Sed
2795 3598 2851 3643 et
2883 3587 2983 3640 alia
3011 3602 3228 3655 quoque
3262 3587 3313 3638 in
3352 3584 3581 3655 {Egypto

2013 3681 2258 3755 synodus
2286 3681 2387 3734 hac
2416 3680 2482 3733 de
2514 3694 2570 3734 re
2600 3689 2740 3731 acta.
2774 3677 2907 3731 Ario
2945 3675 3186 3730 Mclitius
3210 3676 3376 3730 etiam
3407 3685 3579 3729 secta-

2016 3786 2271 3845 Ioresque
2307 3773 2551 3844 ejusdem
2581 3771 2854 3833 faverunt,
2895 3784 3134 3838 eumque
3170 3768 3401 3822 maxime
3429 3769 3584 3840 juve-

2016 3875 2183 3921 runt:
2217 3864 2307 3935 qui
2332 3874 2389 3919 et
2416 3862 2521 3932 ipsi
2547 3878 2657 3917 non
2687 3862 2759 3915 ita
2789 3859 3001 3931 pridem
3030 3859 3097 3913 ab
3131 3859 3370 3913 ECclesia
3401 3858 3582 3912 desci-

2015 3968 2246 4025 verant,
2289 3967 2343 4011 et
2380 3957 2522 4011 male
2567 3969 2694 4025 erga
2733 3952 3365 4008 Alexandrumenimati
3400 3962 3583 4006 erant.

2014 4054 2149 4122 Quis
2176 4061 2361 4107 autem
2388 4048 2629 4104 Melitius
2655 4048 2754 4102 istc
2783 4046 2971 4109 fuerit,
2995 4048 3103 4117 jam
3129 4054 3289 4099 antea
3318 4044 3580 4099 diximus.

2016 4146 2285 4202 Caeterum
2323 4141 2516 4195 Ineresi
2552 4141 2654 4195 hac
2688 4153 2783 4208 per
2814 4135 3103 4207 Egyptum
3135 4143 3190 4189 et
3217 4134 3347 4189 alibi
3379 4135 3582 4204 passim

2016 4240 2071 4294 in
2103 4236 2353 4294 ecclesiis
2379 4235 2627 4303 vulgata,
2672 4230 2960 4286 dissidium
2993 4230 3197 4299 ubique
3238 4228 3584 4298 implacabile

2018 4332 2314 4387 excitatum
2365 4335 2469 4382 est.
2520 4325 2584 4379 Et
2616 4325 2811 4393 vulgus
2852 4323 3122 4393 judicium
3160 4336 3347 4375 earum
3399 4335 3581 4376 rerum

331 4416 456 4475 ταῖς
480 4413 802 4484 ἐκκλησίαις
850 4415 1281 4487 ἐπεστράτευον,
1327 4414 1443 4470 ἀλλ’
1469 4418 1771 4488 ὁμοδίαιτοι
1813 4421 1904 4474 καὶ

2015 4419 2120 4476 sibi
2148 4417 2420 4475 sumebat.
2472 4416 2751 4486 Agebatur
2803 4415 2870 4469 de
2920 4414 3006 4468 liis
3060 4412 3278 4483 publice
3331 4412 3384 4464 in
3440 4411 3583 4469 foro,

331 4506 610 4573 ὁμόφυλοι
661 4506 784 4560 κατ’
822 4506 1074 4577 ἀλλήλων
1118 4506 1443 4571 ὡπλίζοντο,
1473 4511 1590 4572 ταῖς
1638 4509 1904 4578 γλώσσαις

2012 4514 2137 4568 aliis
2163 4512 2231 4567 ad
2258 4512 2422 4575 hanc,
2444 4510 2568 4563 aliis
2591 4507 2655 4561 ad
2686 4507 2832 4561 illam
2859 4514 3071 4575 partem
3098 4502 3265 4557 animi
3295 4502 3585 4556 aﬂ'ectione

334 4593 431 4651 οἷα
460 4600 649 4669 δόρασι
683 4598 980 4670 χρώμενοι·
1020 4601 1112 4652 καὶ
1142 4600 1234 4653 ὑπ’
1272 4600 1521 4670 ἀλλήλων
1558 4602 1904 4671 κατησϐίοντς

2016 4603 2437 4660 inclinantibus.
2477 4603 2665 4669 anue
2699 4613 2888 4653 rerum
2934 4596 3103 4651 iacies
3144 4596 3313 4649 risum
3365 4609 3587 4661 prorsus

335 4694 586 4747 ἕκαστοι.
614 4692 705 4757 Είς
736 4691 993 4745 τοσοῦτον
1013 4691 1058 4744 δ’
1080 4692 1309 4755 ἀτοπίας
1333 4692 1542 4763 προέϐη
1576 4695 1637 4746 τὸ
1661 4696 1916 4764 πρᾶγμα,

2017 4701 2395 4770 tragicumque
2426 4695 2703 4765 praebebat
2732 4691 3135 4761 spectaculum.
3167 4686 3451 4757 Siquidem
3477 4702 3585 4739 non

336 4784 418 4846 ὡς
449 4784 684 4852 δημοσία
731 4787 789 4835 ἐν
835 4783 1177 4853 καταγέλωτι
1239 4783 1308 4836 τὰ
1356 4783 1447 4837 τοῦ
1488 4786 1904 4855 Χριστιανισμοί

2020 4790 2295 4862 peregrini
2333 4798 2388 4843 et
2436 4787 2661 4840 advena:
2712 4781 2987 4837 Ecclesias
3032 4781 3455 4851 oppugnabant,
3490 4779 3585 4834 sed

337 4880 649 4931 ἐκκεῖσθαι.
669 4876 953 4940 Νεανικῶς
973 4876 1082 4947 γὰρ
1099 4876 1637 4947 διαπληκτιζόμενοι,
1660 4878 1915 4947 πρέσϐεις

338 4965 616 5026 ἔστελλον,
652 4967 839 5019 ὁποῖον
885 4965 994 5018 τῶν
1046 4967 1232 5036 μερῶν
1268 4965 1492 5036 μείζονα
1540 4967 1915 5037 περιαοροίσει

339 5061 436 5115 τὶν
461 5058 741 5126 σύλλογον.
768 5058 1079 5127 Γράμματα
1124 5057 1170 5111 δ’
1220 5059 1442 5112 ἐναντία
1479 5059 1611 5129 παρ’
1662 5058 1917 5123 ἑκάστοις

341 5155 684 5219 ἐπέμποντο.
715 5149 788 5213 ὡς
815 5151 1043 5202 πλεῖστα
1068 5152 1159 5203 καὶ
1198 5149 1543 5221 Ἀλέξανδρον
1568 5152 1663 5205 καὶ
1694 5152 1915 5219 Ἀρειον

342 5247 465 5306 ταῖς
498 5244 789 5312 σφετέραις
834 5242 1019 5306 δόξαις
1072 5244 1420 5311 συναγαγείν·
1470 5243 1544 5305 ὡς
1589 5242 1649 5308 ἐξ
1685 5243 1915 5297 ἐκείνων

345 5342 443 5389 καὶ
472 5336 571 5399 τᾶς
601 5334 725 5403 ἐξῇς
756 5335 999 5406 αἱρέσεις
1051 5332 1371 5406 ’Λρειανῶν,
1425 5334 1796 5407 Εὐνομιανῶν,
1822 5336 1917 5390 tul

344 5433 491 5487 ὅσων
519 5429 717 5495 ἄλλων,
764 5429 866 5500 τὴν
912 5429 1185 5501 πρόφασιν
1235 5429 1334 5500 τῆς
1388 5430 1701 5493 συστάσεως
1746 5430 1915 5503 ἐσχη-

346 5524 522 5580 κέναι.

2016 4885 2166 4938 cives
2201 4896 2263 4935 ac
2295 4876 2528 4933 tribules
2555 4876 2876 4946 quotidiana
2917 4872 3316 4927 consuetudine
3350 4872 3493 4924 inter
3527 4886 3585 4922 se

2019 4973 2320 5043 conjuncti.
2359 4971 2563 5024 bellum
2596 4967 2913 5021 intestinum
2939 4965 3226 5033 gerebant,
3255 4962 3458 5031 linguis
3486 4977 3586 5032 pro

2020 5066 2193 5121 hastis
2230 5072 2481 5126 utentes,
2524 5067 2577 5113 et
2611 5058 2824 5127 seipsos
2869 5056 3106 5111 invicem
3149 5055 3490 5109 mordentes.
3526 5054 3585 5109 in

2017 5172 2137 5211 eam
2170 5169 2301 5209 sane
2328 5151 2711 5221 indignitatem
2741 5164 2827 5200 res
2854 5147 3051 5213 evasit,
3082 5155 3142 5200 ut
3175 5146 3394 5215 publice
3421 5144 3587 5200 Chri-

2019 5246 2340 5300 stianismus
2380 5239 2447 5294 ad
2490 5240 2669 5293 locum
2709 5247 2765 5291 et
2799 5238 3101 5292 ludibrium
3128 5235 3387 5290 omnibus
3415 5250 3586 5303 expo-

2023 5339 2161 5392 situs
2206 5344 2373 5387 esset.
2425 5331 2754 5387 Juveniliter
2808 5344 3043 5397 namque
3097 5329 3241 5382 inter
3285 5343 3344 5382 se
3394 5329 3591 5382 decer-

2025 5439 2240 5492 tantes,
2301 5426 2603 5496 legationes
2662 5420 3213 5483 circuunnittebant,
3284 5430 3403 5473 utra
3466 5436 3592 5489 pars

2026 5524 2285 5594 majorem
2327 5518 2394 5573 ad
2424 5535 2481 5571 se
2512 5516 2857 5586 pertraheret
2888 5515 3168 5569 hominum
3199 5512 3585 5580 frequentiam.

347 5616 415 5673 Et
465 5617 886 5689 quamplurima:
942 5615 1226 5686 epistola,
1287 5614 1433 5670 inter
1480 5631 1545 5670 se
1634 5618 1947 5683 contrariae,
1991 5617 2192 5687 passim
2248 5611 2609 5666 mittebantur
2684 5609 2753 5663 ab
2808 5609 2891 5662 eis
2941 5607 3036 5678 qui
3086 5606 3170 5659 vel
3216 5605 3585 5659 Alexandrum

348 5711 432 5766 τρι
480 5711 673 5766 Arium
723 5710 1081 5781 opinionibus
1158 5711 1271 5765 suis
1318 5711 1574 5765 assentiri
1624 5711 1940 5780 cupiebant.
1982 5710 2142 5782 555
2185 5710 2338 5765 Unde
2385 5706 2681 5772 deincepst
2730 5717 2851 5771 quau
2928 5711 3132 5755 3001"!!!
3168 5708 3297 5752 sum
3349 5698 3589 5752 “3370‘”

354 5806 714 5869 Ari.rnorum,
752 5803 1250 5872 Ennomianorum,
1293 5812 1348 5859 et
1383 5802 1430 5860 si
1460 5818 1579 5867 qua:
1606 5813 1735 5858 sunt
1770 5804 1908 5864 alite.
1952 5804 2163 5859 dissi'lii
2196 5813 2245 5857 et
2284 5796 2709 5857 conﬂictationis
2737 5793 3083 5850 occasionem
3114 5804 3419 5859 sumpsere.
