3950 6206
364 363 453 430 109

931 483 1184 542 ΚΕΦΑΔ.
1214 483 1344 542 ΚΘ’.

373 571 463 638 Ὧς
489 573 526 641 ἡ
553 573 655 629 τοῦ
686 574 995 648 ,ϐασιλέως
1029 577 1228 648 μήτηρ
1281 572 1496 648 Ἑλένη
1529 581 1615 644 είς
1657 579 1918 648 Ἰεροσό-

433 595 463 638 ς
489 595 526 641 η
553 595 655 629 του
686 595 995 642 ,βασιλεως
1055 595 1228 646 ιητηρ
1299 595 1496 646 auem
1529 595 1615 644 εις
1662 595 1916 648 νιεροσο-

426 645 924 719 λινιιατενοιιένη.
987 595 1095 702 τάν
1121 648 1283 719 ρεῖον
1312 642 1450 718 εὗρε
1500 652 1786 719 σταυρὸν,
1821 651 1916 703 καί

429 721 495 769 τὰ
523 715 616 769 ἐπ’
649 715 810 783 αὐτῷ
839 716 1250 788 πεπραγμένα.

427 833 685 895 Διάκονος
711 832 768 887 δὲ
801 834 910 887 τῶν
942 832 1039 888 τοῦ
1079 831 1349 905 βασιλέως
1390 832 1740 905 γραμμάτων
1767 837 1799 901 ἡ
1830 837 1921 889 τὸν

359 923 609 978 τοσοῦτον
653 924 888 979 τεκοῦσα
928 925 1022 978 τοῦ
1065 924 1328 996 βασιλέως
1369 929 1574 998 μήτηρ.
1609 930 1640 998 ὴ
1673 928 1922 999 μακαρία

371 1015 579 1084 Ἑλένη,
605 1015 842 1085 ἐγένετο.
869 1017 962 1088 Τῷ
986 1019 1092 1086 γὰρ
1117 1019 1267 1088 αύτῷ
1287 1020 1384 1088 τῆς
1418 1020 1638 1074 συνόδου
1670 1021 1780 1076 ἔτει
1801 1021 1921 1075 κατ’

361 1110 485 1179 ὄναρ
516 1110 978 1181 χρηματισθείσα,
1011 1111 1176 1181 εὐχῆς
1221 1114 1383 1183 χάριν
1417 1115 1511 1167 καὶ
1547 1115 1783 1184 ἱστορίας
1821 1131 1917 1168 κα-

360 1202 548 1257 τελαδε
583 1204 651 1256 τὰ
699 1202 1068 1274 Ἰεροσόλυμα,
1100 1205 1225 1259 οὗτε
1273 1207 1365 1260 τὸν
1409 1209 1512 1277 τῆς
1557 1207 1677 1262 ὁδοῦ
1728 1208 1918 1273 κόπον,

360 1291 477 1347 οὔτε
511 1293 622 1364 μὴν
657 1296 728 1348 τὰ
762 1295 855 1349 τοῦ
908 1299 1092 1367 γήρως
1137 1295 1605 1369 ύπολογισαμένη.
1649 1300 1782 1370 Περὶ
1812 1302 1919 1371 γὰρ

358 1386 416 1437 τὸ
460 1389 640 1456 τέρμα
687 1387 791 1457 τῆς
839 1387 1010 1459 αὐτῆς
1045 1389 1275 1455 ἀφίκετο
1311 1390 1516 1460 βιοτῆς.
1563 1392 1702 1444 Δίαν
1737 1392 1920 1447 δὲκαὶ

355 1478 489 1550 αῦτη
528 1485 658 1551 περὶ
695 1483 757 1535 τὸ
799 1482 1145 1552 Χριστιανῶν
1186 1483 1431 1549 εὐλαϐῶς
1463 1486 1702 1539 διέκειτο
1731 1488 1913 1550 σέϐας.

359 1572 486 1642 ΙΙερὶ
519 1572 774 1628 πλείστου
805 1577 852 1630 δ’
879 1571 946 1648 ἦν
978 1577 1119 1649 αὐτῇ
1148 1577 1209 1631 τὸ
1245 1579 1340 1631 τοῦ
1372 1580 1608 1648 σταυροῦ
1643 1581 1802 1647 ξύλον
1827 1583 1918 1634 εύ-

353 1670 486 1736 ρείν,
515 1669 610 1720 καὶ
639 1667 699 1721 τὸ
730 1668 1018 1742 ξωηφόρον
1070 1671 1265 1742 μνῆμα
1287 1672 1550 1743 Χριστοῦ.
1576 1675 1683 1727 Καὶ
1727 1675 1917 1746 δυσχε-

352 1760 458 1829 ρῶς
488 1759 612 1830 μὲν,
637 1760 884 1832 εύρίσκει
916 1763 962 1815 δ’
1002 1759 1099 1817 οῦν
1138 1766 1313 1836 ὅμως,
1360 1766 1436 1827 ὡς
1473 1767 1571 1836 μέν
1605 1784 1751 1831 τινες
1781 1767 1917 1837 ἔφα-

1262 361 1852 428 ECCLESIASTICE
1894 364 2280 427 HISTORIA!
2322 364 2462 428 L-IB.
2501 365 2666 431 VIII.

3482 372 3599 440 Ilo

2574 485 2800 543 CAPUT
2843 485 3031 544 XXIX.

2021 576 2084 632 Ut
2115 580 2450 658 imperatoris
2500 589 2672 636 mater
2724 580 2928 658 Helena
2984 582 3362 658 Hierosolymis
3404 588 3585 658 fuerit,

2088 659 2135 728 et
2163 651 2230 702 ibi
2265 667 2469 728 erucem
2507 663 2745 728 sanctam
2771 656 3045 720 invenerit,
3073 665 3122 709 et
3153 651 3269 728 quin
3294 651 3437 714 circa
3466 651 3585 717 caui

2089 720 2439 775 inventionem
2473 725 2576 776 sint
2615 737 2755 781 acta.

2092 833 2320 889 Litteris
2347 851 2513 906 porro
2543 837 2623 892 eis
2671 839 3017 909 perferendis
3050 854 3224 898 mater
3258 830 3370 915 ipsa
3407 848 3583 920 impe-

2021 925 2222 978 ratoris
2255 929 2414 980 beata
2448 927 2674 994 Helena,
2703 944 2824 998 quas
2853 931 3006 985 illum
3040 934 3203 988 talem
3239 938 3450 1006 genuit,
3488 943 3584 993 :ul-

2021 1015 2270 1070 ministra
2320 1017 2464 1072 luit:
2507 1020 2628 1090 ipso
2669 1035 2907 1091 namque
2940 1026 3132 1095 synodi
3171 1037 3376 1085 coacta:
3416 1049 3582 1094 attnu,

2022 1108 2075 1160 in
2108 1111 2317 1164 somnis
2347 1114 2570 1168 oraculo
2605 1115 2909 1180 admonita,
2947 1122 3284 1187 precationis
3316 1141 3468 1197 erga),
3502 1129 3553 1182 In

2019 1212 2323 1270 eorumque
2357 1216 2639 1259 sacrorum
2673 1212 3190 1275 cognoscendorum
3231 1217 3424 1281 gratia,
3465 1218 3587 1271 Ilie-

2020 1293 2295 1363 rosolyma
2342 1295 2618 1364 petierat:
2657 1313 2837 1369 neque
2869 1317 2926 1356 se
2954 1317 3016 1357 ea
3051 1305 3106 1358 in
3141 1320 3196 1359 re
3239 1308 3322 1361 vel
3368 1310 3584 1365 itinetis

2019 1384 2292 1450 laborem,
2325 1389 2410 1442 vel
2462 1393 2766 1446 senectutis
2819 1393 3127 1451 molestiam
3185 1404 3446 1456 remorari
3500 1418 3584 1458 est

2019 1490 2196 1545 passa.
2235 1476 2315 1531 A'd
2367 1489 2674 1534 extremum
2715 1484 2863 1536 enim
2898 1485 3010 1554 jam
3063 1486 3186 1540 vitae
3234 1503 3581 1558 pervenerat,

2017 1581 2072 1623 et.
2102 1570 2169 1623 de
2204 1571 2369 1625 rebus
2404 1583 2566 1642 atque
2598 1574 2866 1644 religione
2899 1573 3339 1635 Christianorum
3374 1585 3460 1654 pic
3492 1588 3584 1639 atl-

2017 1663 2241 1715 modum
2303 1665 2598 1720 sentiebat.
2676 1668 2904 1723 Plurimi
2969 1686 3128 1740 porro
3191 1674 3466 1742 faciebat,
3525 1691 3583 1732 ιιι

2019 1753 2200 1808 crucis
2236 1754 2444 1824 lignum
2495 1764 2551 1810 et
2599 1756 2873 1813 viviﬂcum
2921 1758 3129 1816 Christi
3165 1777 3579 1822 monumentum

351 1866 470 1916 σαν,
511 1851 701 1924 ἀνδρὸς
748 1854 1006 1924 Ἐδραίου
1058 1859 1555 1928 καταμηνύσαντος
1598 1861 1690 1916 τὸν
1732 1861 1909 1934 χῶρον

2020 1844 2316 1902 inveniret.
2367 1847 2435 1902 Et
2472 1852 2831 1918 quantumvis
2880 1853 3200 1924 dilliculter,
3231 1869 3472 1917 attamen
3518 1881 3580 1917 ea

349 1941 410 1997 ίκ
434 1960 585 2009 τινος
627 1945 891 2018 πατρῴας
939 1948 1162 2018 γραφῆς
1189 1965 1206 1982 ο
1235 1951 1297 2003 τὸ
1329 1951 1376 2002 δ’
1409 1950 1628 2020 ἀληθὲς,
1661 1949 1738 2016 ὡς
1779 1942 1914 2022 ιγῷο

347 2047 469 2101 μαι,
497 2032 637 2088 Θεοῦ
668 2037 914 2104 σημείοις
945 2037 1008 2107 δή
1039 2054 1148 2090 τισι
1182 2040 1275 2091 καὶ
1301 2037 1572 2107 ὀνείρασιν
1599 2039 1916 2107 ὑποδείξαν-

343 2139 452 2188 τος,
498 2123 790 2197 ᾘρημενῳ
835 2128 944 2198 γὰρ
975 2128 1094 2199 eaq»
1119 2130 1256 2198 δῆλα
1304 2131 1562 2202 καθιστᾷν
1603 2131 1671 2186 τὰ
1705 2131 1824 2188 θείά
1854 2150 1915 2187 τε

343 2222 433 2269 καὶ
467 2218 782 2290 ἀπόρρητα,
839 2219 1039 2289 ἣκιστα
1091 2221 1300 2277 δεῖσθαι
1345 2223 1445 2293 τῆς
1497 2222 1557 2289 ἐξ
1603 2223 1912 2296 ἀνθρώπων

345 2311 656 2377 μηνύσεως.
713 2313 868 2368 Κατά
908 2314 1013 2386 γὰρ
1054 2315 1151 2386 τὴν
1179 2318 1272 2369 τού
1313 2319 1645 2387 κρατοῦντος
1679 2323 1914 2390 πρόστα-

341 2402 444 2469 ξιν,
473 2403 572 2458 τοῦ
620 2405 850 2476 εναγοῦς
882 2411 1094 2464 ἐκείνου
1141 2411 1574 2483 καθαιρουμένου
1629 2415 1782 2478 ναοῦ.
1819 2417 1912 2470 καὶ

336 2496 432 2549 τοῦ
459 2496 717 2568 χώματος
747 2502 1172 2571 ἐκφορουμὲνου,
1210 2503 1364 2557 ἔνθεν
1406 2506 1507 2575 μὲν
1548 2506 1609 2560 τδ
1643 2507 1788 2577 ίερδν
1812 2509 1912 2576 τῆς

336 2588 726 2656 ’Δναστάσεως
747 2594 922 2649 ἐκείνο
952 2596 1146 2666 ἄντρον
1176 2597 1450 2668 ἐφαίνετο,
1480 2603 1628 2673 τρεῖς
1652 2601 1697 2655 δ’
1725 2603 1783 2655 ἑν
1813 2603 1912 2671 μὲ-

340 2696 425 2752 ρει
461 2685 688 2757 σταυροὶ
730 2685 897 2757 χύδην
947 2688 1354 2761 διερῤιμμίνοι,
1402 2692 1498 2746 καὶ
1547 2696 1700 2758 σανὶς
1747 2695 1913 2766 ἑτέρα

337 2773 530 2847 λευκὴ,
634 2777 861 2848 βασιλέα
902 2781 1008 2835 τῶν
1055 2783 1326 2838 Ἰουδαίων
1364 2787 1592 2856 γράφων
1630 2789 1910 2857 διαφόροις

339 2869 670 2941 γράμμασιν
696 2871 724 2924 δ
760 2871 989 2937 Πιλᾶτος
1041 2873 1182 2946 ὑπὲρ
1207 2875 1453 2947 κεφαλῆς
1475 2877 1664 2942 ἐτίθεις
1693 2881 1750 2932 ὲν
1781 2877 1912 2932 εῖδει

335 2961 542 3033 στήλης
613 2961 841 3032 βασιλέα
886 2964 994 3020 τῶν
1057 2967 1326 3022 Ἰουδαίων
1378 2970 1470 3024 τὸν
1530 2969 1912 3040 σταυρωθέντα

332 3053 653 3125 κηρύττων.
691 3055 799 3109 Καί
821 3074 884 3126 γε
904 3057 1290 3130 διερρυηκότος
1322 3062 1416 3116 τοῦ
1445 3063 1795 3135 γράμματος,
1819 3067 1912 3119 καὶ

331 3145 431 3211 τῆς
471 3144 690 3211 σανίδος
718 3147 795 3210 ὼς
843 3150 1033 3221 ἔτυχεν
1086 3152 1448 3224 ἐρριμμένης,
1483 3156 1727 3226 ἐργώδης
1761 3157 1839 3211 ἔτι
1878 3159 1909 3228 η
1939 3193 1982 3257 C

333 3236 430 3292 τοῦ
460 3237 614 3293 θείου
643 3237 800 3306 ξύλου
821 3239 1040 3314 εὕρεσις
1075 3246 1453 3314 κατεφαίνετο,
1480 3249 1574 3300 καὶ
1606 3247 1716 3301 τῶν
1746 3265 1910 3302 σταυ-

334 3333 447 3401 ρὼν
475 3329 900 3405 διεσπαρμένων
926 3335 1288 3409 συγχυθείσης
1318 3341 1418 3417 τῆς
1441 3341 1670 3407 τάξεως.
1703 3343 1768 3396 Τί
1797 3345 1907 3415 γὰρ

331 3423 429 3478 καὶ
463 3426 583 3488 τοῖς
607 3425 797 3496 ῥίψασι
833 3427 996 3482 πάλαι
1032 3429 1176 3484 κατά
1227 3431 1412 3503 χώραν
1453 3432 1626 3489 ταῦτα
1655 3437 1772 3506 ἑᾷν,
1795 3437 1907 3501 τοῖς

336 3520 690 3588 σταυρωταῖς
719 3523 809 3573 τὸν
841 3519 1073 3579 θάνατον
1112 3523 1201 3578 διὰ
1235 3525 1294 3580 τὸ
1336 3526 1615 3582 Σάσδατον
1644 3528 1908 3582 ἐπισπεύ-

330 3607 568 3676 δουσινς
596 3609 773 3675 ἄλλως
801 3626 861 3665 τε
899 3615 993 3668 καὶ
1022 3615 1125 3668 ούκ
1155 3615 1362 3685 ἀγαθὸν
1408 3618 1735 3688 ἡγουμένοις
1777 3621 1908 3689 περὶ

328 3700 606 3772 σταυροὺς
636 3698 955 3771 διατρίϐειν,
983 3703 1194 3774 ἀνδρῶν
1221 3705 1313 3758 καὶ
1339 3705 1508 3759 ταῦτα
1539 3709 1631 3780 βίᾳ
1653 3709 1908 3781 τελευτη-

332 3793 576 3857 σάντων,
622 3791 752 3847 ἀλλο
777 3792 910 3867 ἄλλῃ
960 3796 1214 3868 ἔρριψαν.
1277 3799 1654 3871 Ἀμφηρίστου
1697 3803 1756 3857 δὲ
1807 3805 1907 3873 τῆς

327 3882 622 3956 ζητήσεως
643 3882 836 3955 οὔσης,
862 3887 920 3939 ὲν
951 3887 1209 3960 ἀθυμίαις
1231 3890 1266 3962 ἠ
1296 3890 1388 3943 τοῦ
1416 3891 1682 3962 βασιλέως
1710 3889 1779 3965 ἦν
1805 3895 1910 3964 μή.

326 3992 459 4048 τηρ,
515 3980 616 4033 καὶ
662 3981 1041 4049 καταμηνύειν
1099 3983 1272 4038 ἐδεῖτο
1314 3984 1450 4040 Θεοῦ
1479 4001 1494 4018 ·
1557 3987 1652 4042 καὶ
1684 3987 1806 4042 ελυέ
1840 4005 1906 4057 γε

326 4072 525 4143 τρόπῳ
545 4070 757 4144 τοιῷδε,
782 4071 1106 4141 ὑποδεικνὺς
1129 4077 1190 4131 τὸ
1217 4075 1393 4144 ξύλον,
1423 4072 1468 4150 ᾧ
1493 4080 1552 4132 τὸ
1573 4079 1906 4134 Δεσποτικδν

327 4163 731 4232 προσπελάσαν
768 4162 946 4237 σῶμα,
991 4165 1087 4221 τοῦ
1133 4166 1280 4222 θείου
1323 4170 1555 4238 αἵματος
1585 4171 1685 4241 τὴν
1715 4170 1905 4226 λιϐάδα

325 4253 558 4322 ἐδέξατο
588 4257 1028 4329 καταρρέουσαν.
1080 4259 1224 4332 Γυνὴ
1267 4263 1374 4332 γάρ
1404 4278 1487 4328 τις
1516 4263 1623 4319 τῶν
1639 4261 1700 4318 εὖ
1749 4281 1909 4334 γεγο-

328 4351 528 4414 νότων,
565 4349 789 4422 χαλεπῷ
824 4353 987 4406 πάθει
1031 4353 1427 4424 κατισχομένη,
1473 4354 1543 4409 τὰ
1572 4353 1778 4427 ἔσχατα
1806 4358 1918 4412 κά-”

329 4459 548 4513 μνουσα
586 4438 676 4515 ἦν,
710 4439 850 4518 ἐφ’ᾗ
885 4445 1167 4516 Μακάριος
1197 4447 1417 4516 σύναμσ.
1447 4446 1636 4520 Ἑλένῃ
1675 4451 1906 4515 καὶτοῖς

2022 1935 2243 1992 tandem
2291 1937 2524 2006 invenit,
2569 1951 2628 1996 ut
2673 1942 2896 2011 quidem
2946 1948 3193 2002 nonnulli
3231 1950 3442 2018 dixere,
3484 1952 3581 2006 Ju-

2015 2028 2134 2085 da:o
2179 2029 2402 2087 homine
2433 2048 2500 2088 ex
2548 2044 2772 2104 paterna
2804 2039 3041 2106 quadam
3089 2045 3448 2101 annotatione
3499 2063 3584 2100 re-

2016 2120 2236 2192 gionem
2292 2120 2596 2189 indicante,
2650 2139 2709 2180 re
2763 2140 2892 2180 vera
2944 2137 3152 2189 autem.
3218 2140 3278 2184 ut
3320 2131 3578 2200 equidem

2017 2221 2174 2284 puto.
2210 2211 2318 2267 Deo
2351 2215 2523 2285 signis
2565 2216 2896 2286 quibusdam
2933 2228 2988 2274 ct
3019 2221 3325 2278 visionibus
3357 2237 3581 2280 noctur-

2016 2303 2101 2359 nis
2144 2306 2490 2362 ostendente.
2536 2307 2673 2363 Cum
2707 2308 2855 2363 enim
2909 2309 3023 2366 Deo
3062 2313 3242 2368 visum
3276 2326 3443 2379 esset.
3495 2336 3580 2372 res

2016 2393 2234 2450 divinas
2258 2406 2313 2451 et
2336 2397 2579 2453 occultas
2604 2399 2659 2453 in
2686 2398 2865 2453 lucem
2891 2399 3161 2470 proferre,
3190 2404 3413 2460 minime
3442 2422 3581 2476 Opus

2014 2484 2120 2542 fuit
2139 2488 2392 2546 humanis
2427 2489 2671 2547 indiciis.
2694 2493 2992 2551 Enimvero
3018 2496 3369 2566 imperatoris
3397 2501 3575 2568 jussu,

2013 2580 2389 2636 contaminato
2424 2580 2518 2638 illo
2560 2584 2764 2656 templo
2796 2586 3002 2654 diruto,
3039 2604 3347 2660 aggereque
3378 2607 3579 2663 expor-

2017 2680 2151 2739 tato,
2181 2688 2246 2729 ex
2283 2689 2351 2730 eo
2398 2675 2521 2732 loco
2569 2691 2785 2732 sacrum
2824 2679 2954 2735 illud
2994 2680 3449 2740 Resurrectionis
3483 2703 3579 2741 au-

2017 2771 2160 2817 trum
2189 2765 2424 2833 exstitit,
2458 2777 2513 2822 et
2544 2777 2656 2824 tres
2706 2773 2938 2840 sparsim
2969 2773 3210 2842 disjectas
3251 2791 3444 2832 cruces
3482 2794 3496 2834 :
3525 2790 3583 2834 t‘l.

2017 2855 2204 2910 tabula
2237 2868 2498 2927 praeterea
2543 2860 2666 2915 alba
2697 2862 2948 2929 inventa,
2992 2865 3047 2920 in
3080 2880 3188 2938 qua
3223 2868 3463 2926 diversis
3497 2871 3582 2926 li.-

2019 2952 2152 3003 tcris
2201 2949 2406 3006 Pilatus
2455 2966 2634 3022 regem
2678 2952 2996 3010 .lttdtcorutn
3043 2961 3367 3029 scripserat.
3405 2978 3579 3035 eaque

2014 3051 2181 3108 supra
2209 3050 2375 3108 caput
2406 3038 2615 3096 Christi
2661 3044 2928 3101 collocata
2963 3048 3017 3103 in
3047 3064 3258 3107 morem
3285 3054 3575 3111 columnae.

2013 3129 2339 3184 cruciﬁxum
2381 3132 2532 3188 illum
2571 3135 2884 3191 Iudaeorum
2937 3155 3120 3210 regem
3169 3157 3292 3200 esse
3338 3149 3581 3217 promul-

2013 3233 2185 3292 gatat.
2231 3221 2500 3279 Caeterum
2550 3226 2697 3297 quod
2743 3229 2943 3286 littera
2987 3231 3362 3302 dillluxcrant,
3412 3247 3470 3293 et
3504 3249 3555 3295 ta

2012 3315 2138 3370 bula
2190 3327 2397 3372 temere
2437 3320 2583 3390 jacta
2625 3323 2865 3393 jacehat,
2900 3323 3140 3382 diﬂicilis
3183 3329 3366 3387 adhuc
3404 3333 3576 3390 divini

2010 3405 2145 3476 ligni
2195 3408 2444 3468 inventio
2492 3421 2633 3477 erat,
2675 3416 2822 3484 quod
2872 3416 3069 3474 ordine
3116 3421 3347 3477 confuso
3380 3439 3578 3481 cruces

2011 3499 2252 3567 disjectas
2294 3500 2534 3559 fuerant.
2570 3504 2712 3572 Quid
2758 3524 2994 3579 namque
3037 3525 3320 3580 curarent,
3357 3517 3453 3586 qui
3502 3521 3574 3574 ita

2009 3590 2133 3647 illas
2168 3601 2374 3649 temere
2401 3595 2756 3667 disjecerant,
2795 3610 2855 3655 ut
2879 3601 3002 3657 loco
3041 3618 3144 3659 suo
3171 3622 3450 3680 quamque
3491 3627 3574 3665 re-

2011 3682 2328 3752 linquerent
2348 3685 2370 3739 ?
2390 3689 2667 3758 praecipue
2697 3705 2822 3746 cum
2857 3695 3059 3752 milites
3088 3709 3319 3755 mortem
3346 3717 3574 3776 propter

2011 3774 2312 3832 Sabbatum
2329 3777 2789 3852 depmperarent,
2809 3785 2973 3861 594
3002 3788 3284 3862 iidemque
3309 3774 3570 3864 praeterea

2011 3870 2413 3942 inauspicatum
2461 3891 2584 3932 esse
2631 3878 2944 3949 crederent,
3006 3883 3076 3938 ad
3120 3900 3315 3943 cruces
3367 3893 3571 3946 morari

2010 3964 2280 4031 virorum,
2312 3968 2407 4038 qui
2443 3983 2542 4039 per
2572 3971 2680 4027 vim
2711 3972 2920 4031 illatam
2954 3979 3153 4034 mortui
3179 3992 3406 4039 essent:
3439 3999 3576 4054 qua-

2007 4066 2236 4128 propter
2283 4059 2391 4114 alia
2431 4061 2539 4118 alio
2573 4064 2838 4136 projects.
2877 4066 3015 4124 Cum
3048 4085 3181 4142 ergo
3231 4072 3442 4132 incerta
3490 4080 3576 4131 in-

2007 4150 2238 4220 quisitio
2300 4162 2483 4221 esset,
2545 4155 2711 4224 dubia
2763 4160 2933 4215 animi
2995 4161 3344 4234 imperatoris
3399 4181 3576 4226 mater

2006 4242 2181 4300 Deum
2212 4245 2522 4304 obsecravit
2571 4259 2633 4304 ut
2677 4250 2727 4306 ei
2759 4251 3023 4310 iudicium
3057 4255 3230 4313 ﬁeret.
3262 4260 3442 4332 Atque
3484 4263 3576 4320 ille

2007 4337 2424 4410 ambiguitatem
2487 4343 2724 4412 quodam
2779 4345 3035 4403 dissolvit
3100 4351 3300 4417 modo,
3360 4355 3571 4425 lignntn

2006 4430 2397 4490 demonstrans
2437 4434 2503 4490 ad
2549 4438 2696 4506 quod
2729 4437 3070 4497 Dominieum
3118 4443 3342 4499 allixum
3373 4462 3580 4518 corpus

322 4537 470 4607 ἀμφ’
500 4537 670 4592 αὐτὸν
695 4535 819 4612 ἧκε·
847 4539 1116 4609 σύμϐολόν
1148 4556 1204 4593 τε
1236 4540 1430 4608 ἐδίδου,
1454 4542 1512 4605 ὃς
1543 4543 1610 4599 ἂν
1631 4543 1906 4610 ἐπιτεθεὶς

2015 4523 2213 4589 luerat,
2257 4533 2315 4581 et
2346 4526 2494 4598 quod
2538 4527 2711 4584 divini
2759 4532 3048 4604 sanguinis
3090 4535 3291 4590 stillam
3331 4537 3581 4596 deﬂuen-

322 4633 436 4685 τῶν
465 4633 729 4703 σταυρῶν
765 4634 865 4705 τὴν
912 4635 1228 4704 κάμνουσαν
1283 4637 1646 4693 ἀπαλλάττειν
1702 4639 1900 4710 ἀθρόον

321 4727 463 4797 εχοι,
498 4723 700 4780 τοῦτον
729 4721 869 4780 εἶναι
901 4728 991 4780 τὸν
1026 4727 1120 4781 τοῦ
1165 4729 1367 4800 Κυρίου
1399 4731 1651 4800 σταυρόν.
1687 4733 1797 4788 Καὶ
1836 4732 1901 4805 δὴ

325 4820 654 4891 εὐχόμενος.
696 4821 836 4872 κατά
865 4820 961 4873 ἕνα
1006 4821 1115 4873 τῶν
1147 4823 1399 4893 σταυρῶν
1427 4826 1709 4894 προσῆγεν
1733 4825 1902 4894 ἀρξά-

328 4928 517 4981 μενος.
579 4909 699 4963 Τῶν
725 4909 904 4963 τοίνυν
950 4910 1046 4964 δύο
1089 4909 1356 4965 τεθέντων
1407 4912 1560 4965 οὐδὲν
1593 4905 1754 4982 ἧττον
1792 4916 1903 4977 τοῖς

328 5000 470 5064 ῑσοις
497 4997 571 5073 ἧν
597 5004 630 5073 ἡ
662 5001 824 5072 γυνὴ,
852 5002 1228 5072 ἀπολεγομένη
1255 5001 1357 5072 ἤδη
1389 5003 1449 5054 τὸ
1477 5002 1597 5074 (av:
1647 5003 1732 5065 Ὠς
1753 5004 1810 5056 δὲ
1841 5006 1902 5057 τὸ

327 5100 563 5169 γνήσιον
628 5094 1004 5166 προσεπέλασε
1058 5095 1248 5160 ξύλον,
1302 5096 1564 5166 ἐξαπίνης
1588 5096 1895 5166 ἀνέϐλεψε·

326 5189 427 5244 καὶ
495 5189 600 5254 τὰς
659 5189 920 5259 δυνάμεις
971 5189 1299 5260 ἐρρωμένως
1344 5188 1667 5258 ἀθροίσασα,
1723 5206 1899 5258 παρα-

327 5281 523 5353 χρῆμα
552 5281 652 5351 τῆς
687 5281 979 5351 στρωμνῆς
1009 5281 1352 5350 ἀπεπήδησε.
1380 5282 1612 5347 Λέγεται
1633 5281 1678 5333 δ’
1709 5281 1901 5335 ἔπειτα

327 5378 426 5428 καὶ
451 5375 639 5446 νεκρῷ
672 5375 1016 5430 παντάπασιν
1057 5373 1379 5428 επιτεθέντα
1427 5375 1518 5425 τὸν
1559 5375 1700 5426 θεῖον
1739 5391 1902 5427 σταυ-

328 5469 425 5541 ρὸν
453 5468 758 5526 ἀναϐιῶναι
786 5468 850 5522 ὲκ
899 5466 995 5522 τοῦ
1029 5467 1250 5522 αὐτίκα.
1284 5467 1394 5520 Καὶ
1435 5465 1625 5521 τοῦτον
1671 5471 1770 5538 μὲν
1810 5469 1899 5520 τὸν

323 5565 535 5635 τρόπον
587 5563 649 5617 τὸ
698 5561 988 5615 θεσπέσιον
1054 5558 1297 5630 ἐμφανὲς
1359 5558 1687 5628 γεγενῆσθαι
1744 5558 1901 5625 ξύλον

327 5657 643 5728 ἱστόρηται.
681 5649 756 5711 Ob
793 5653 960 5725 μέρος
986 5653 1046 5708 τὸ
1077 5654 1324 5706 πλεῖστον
1354 5656 1385 5723 ἡ
1415 5651 1532 5706 θεία
1573 5650 1763 5722 Ἑλένη
1801 5653 1900 5722 ἀρ-

327 5751 475 5820 γυρᾷ
510 5747 906 5816 περικλείσασα
935 5747 1098 5818 θήκῃ,
1137 5745 1213 5815 τῷ
1246 5745 1533 5812 ὲπισκόπῳ
1565 5745 1643 5806 εἰς
1679 5745 1899 5814 μνήμην

395 5867 474 5928 (ι)
516 5861 748 5917 Ruﬁnus
781 5860 836 5916 in
877 5859 1074 5917 Errles.
1114 5861 1352 5925 historia,
1395 5873 1512 5929 cap.
1553 5859 1583 5910 7
1614 5867 1670 5912 et
1701 5855 1756 5910 8.

2009 4623 2120 4670 tem
2155 4629 2470 4687 exceperat.
2497 4619 2692 4676 Mulier
2727 4622 2977 4692 quaedam
3005 4625 3238 4683 honesto
3270 4628 3396 4685 loco
3420 4643 3574 4700 nata,

1976 4752 1978 4754 τ
2008 4708 2159 4779 gravi
2189 4723 2455 4781 oppressa
2492 4715 2709 4781 morbo,
2740 4724 2990 4772 extremo
3035 4718 3322 4776 laborabat
3349 4722 3577 4793 pericu-

2008 4802 2062 4858 lo
2087 4821 2103 4860 :
2131 4805 2198 4860 ad
2232 4803 2377 4861 hanc
2409 4805 2678 4863 Macarius
2713 4824 2820 4864 una
2853 4825 2976 4866 cum
3012 4811 3216 4869 Helena
3248 4816 3569 4872 comitibus-

2007 4912 2117 4967 que
2151 4897 2274 4970 ejus
2303 4899 2472 4967 venit,
2510 4910 2566 4958 et
2610 4901 2826 4972 signum
2858 4903 2953 4960 ille
2984 4904 3161 4972 dedit,
3196 4924 3316 4978 qua:
3341 4925 3406 4964 cx
3446 4926 3579 4968 cru-

2007 4992 2166 5048 cibus
2223 4993 2346 5049 istis
2395 4993 2615 5051 feminze
2661 5005 2882 5068 aegrota
2935 4998 3192 5070 imposita
3259 5001 3574 5071 periculum

2008 5091 2237 5145 omnino
2262 5090 2583 5156 discuteret,
2604 5106 2725 5147 eam
2747 5091 2954 5149 CbriSti
2983 5109 3203 5150 crucem
3225 5111 3366 5152 esse.
3394 5098 3575 5167 Atque

2010 5183 2326 5249 precatione
2375 5184 2515 5238 facta
2544 5224 2559 5248 ,
2609 5199 2830 5241 crucem
2868 5187 3176 5256 quamlibet
3216 5191 3446 5245 scorsim
3483 5192 3577 5247 ille

2015 5274 2290 5329 adhibuit.
2316 5277 2380 5330 Et
2404 5277 2619 5332 duabus
2648 5279 2881 5335 admotis
2914 5281 3013 5350 ll),
3054 5283 3107 5336 in
3141 5283 3336 5338 eodem
3373 5285 3577 5340 nihilo-

2009 5363 2193 5420 minus
2228 5366 2424 5421 mulier
2455 5369 2778 5426 discrintiue
2812 5373 3038 5437 mansit,
3078 5373 3204 5429 vitae
3227 5375 3340 5444 jam
3380 5375 3576 5446 despe-

2009 5467 2172 5523 ratte;
2226 5468 2286 5512 ut
2333 5470 2517 5515 autem
2565 5477 2757 5518 verum
2791 5464 2840 5519 ei
2889 5466 3152 5536 imposuit
3186 5467 3394 5535 lignum
3425 5509 3439 5528 ,
3476 5484 3573 5522 su-

2009 5548 2126 5605 bito
2189 5552 2282 5608 illa
2337 5555 2600 5625 respexit,
2646 5557 2970 5629 viribusque
3022 5560 3254 5616 ﬁrmiter
3300 5560 3570 5624 collectis,

2009 5643 2152 5701 lecto
2184 5645 2369 5701 statim
2402 5648 2646 5704 exsiluit.
2685 5650 2884 5704 Dicunt
2914 5667 3156 5721 quoque,
3205 5660 3394 5724 postea
3427 5667 3574 5708 tuur-
3683 5721 3687 5725 Δ

2011 5746 2104 5791 tuo
2159 5751 2386 5808 prorsus
2435 5755 2656 5796 crucem
2709 5740 3045 5811 impositam,
3085 5745 3140 5798 in
3197 5745 3364 5799 vitam
3414 5743 3569 5798 illum
