3950 6206
328 313 427 380 115

1541 321 1957 385 NICEPHORI
1998 326 2084 383 CA
2097 323 2339 385 LLlSTl

3479 313 3580 379 illi

396 434 557 506 597
575 435 846 492 Caeterum
866 437 920 493 in
947 438 1138 494 urbem
1163 449 1406 496 sanctam
1425 456 1663 504 reversa.
1689 445 1740 498 in
1770 443 1899 500 Sion

2078 442 2247 496 Πάλιν
2277 442 2326 495 δὲ
2363 440 2496 513 πρὸς
2550 439 2648 511 τὴν
2679 439 2844 510 ἁγίαν
2889 437 3278 511 ὑποστρέψασα
3319 437 3492 498 πόλιν,
3521 437 3580 488 ἐν

327 528 730 597 amplissimum
773 531 934 600 longe
980 531 1197 602 lateque
1237 535 1546 589 construxit
1588 537 1894 608 templum,

327 618 382 672 in
410 620 566 690 cujus
596 622 806 692 postico
829 622 1052 679 domum
1082 625 1480 693 circumelusit,
1512 628 1566 682 in
1601 644 1731 699 qua,
1764 628 1896 685 fori-

329 713 431 767 bus
462 714 683 781 clausis,
721 725 943 786 propter
977 727 1181 772 metum
1240 718 1579 788 Judaeorum,
1640 722 1893 793 discipuli

327 804 548 861 fuerant
573 809 923 878 congregati:
961 810 1014 863 in
1051 825 1157 878 qua
1186 812 1349 866 etiam
1377 827 1531 867 sacra
1581 828 1738 870 ccena
1771 829 1897 884 per-

327 909 469 960 acta,
489 913 752 968 sacraque
786 903 985 971 pedum
1009 902 1165 967 lotio,
1189 918 1290 958 nec
1321 920 1430 960 non
1457 904 1695 976 Spiritus
1723 908 1896 963 sancti

329 990 383 1044 in
414 992 699 1047 cmnarulo
729 993 1018 1058 adventus,
1062 995 1114 1050 in
1138 1011 1244 1062 qua
1268 997 1480 1065 primus
1531 1013 1751 1068 quoque
1779 1000 1898 1055 hie-

331 1085 526 1138 rarcha
561 1093 616 1138 et
650 1089 945 1156 episcopus
969 1087 1208 1144 Jacobus
1227 1092 1577 1148 renuntiatus
1606 1103 1711 1149 est.
1748 1093 1807 1148 ln
1832 1111 1900 1150 eo

332 1177 536 1244 templo
560 1191 863 1231 marmorea
904 1193 1122 1249 quoque
1150 1178 1250 1233 fuit
1304 1181 1580 1244 columna,
1614 1182 1683 1238 ad
1732 1198 1898 1254 quam

330 1285 457 1322 eum
491 1268 722 1339 ﬂagellis
755 1269 1082 1338 caederetur,
1138 1273 1391 1344 alligatus
1421 1284 1505 1329 est
1532 1273 1803 1331 Salvator.
1841 1276 1900 1330 In

331 1361 487 1430 cujus
519 1372 672 1431 parte
704 1363 950 1426 sinistra.
979 1363 1090 1418 divi
1129 1365 1409 1435 prophetae
1462 1367 1686 1423 Davidis
1717 1368 1899 1438 sepul-

330 1468 483 1506 rrum
500 1452 787 1524 magnifice
815 1455 869 1510 in
899 1455 1124 1510 sublimi
1149 1457 1643 1514 collocatum.Sion
1683 1462 1798 1529 ipsa
1832 1460 1897 1514 ad

328 1546 624 1600 australem
659 1547 814 1602 urbis
863 1557 950 1603 cst
983 1549 1087 1604 sita
1127 1559 1361 1619 partem.
1397 1555 1742 1622 superiorem
1780 1554 1900 1624 ejus

328 1637 522 1693 sortita
551 1639 855 1708 regionem,
876 1640 1240 1711 passibusque
1267 1643 1414 1697 mille
1433 1659 1461 1697 a
1482 1643 1686 1701 Christi
1719 1660 1898 1700 resur-

328 1730 594 1785 rectionis
622 1732 742 1786 loco
785 1731 973 1786 distat.
1004 1732 1071 1787 Et
1105 1733 1158 1788 in
1193 1735 1396 1805 palatio
1442 1735 1683 1808 Caiphae,
1738 1739 1900 1795 Petro

2005 540 2070 607 τῇ
2108 537 2242 590 Σιὼν
2276 537 2538 607 μέγιστον
2562 537 2641 600 είς
2674 536 2849 606 μῆκος
2881 534 2977 589 καὶ
3019 534 3220 594 πλάτος
3250 531 3578 603 ἐκτρέχοντα

2003 623 2154 683 οἷκον
2184 631 2402 700 ἀνίστη·
2437 628 2497 682 οῦ
2529 629 2587 682 ὲν
2619 628 2718 698 μὲν
2755 628 2870 692 τοῖς
2915 627 3139 681 ὄπισθεν
3188 625 3376 696 μέρεσι
3408 626 3467 677 το
3494 625 3575 675 οῖς

2004 740 2158 794 κημα
2189 722 2588 795 περιέκλεισεν,
2622 720 2748 775 ἔνθα
2778 715 2920 793 ἦσαν
2951 719 3286 790 συνηγμένοι
3333 717 3441 771 τῶν
3488 716 3580 767 θυ-

2005 816 2114 888 ρῶν
2145 816 2552 885 κεκλεισμένων
2582 815 2671 868 διὰ.
2717 812 2811 868 τὸν
2836 812 2944 868 τῶν
3011 811 3287 866 Ἰουδαίων
3337 808 3503 879 φόϐον
3530 807 3580 860 οῖ

2006 909 2268 979 μαθηταὶ,
2298 908 2354 961 ὲν
2378 901 2421 977 ᾧ
2445 906 2537 961 καὶ
2563 909 2590 961 ό
2609 908 2752 971 θεῖος
2777 906 2990 968 δεῖπνος
3018 904 3256 974 ἐγένετο,
3291 902 3319 955 δ
3342 918 3402 955 τε
3434 901 3579 960 θεῖος

2002 1002 2222 1072 νιπτὴρ,
2253 1001 2347 1057 καὶ
2382 1001 2413 1070 ἡ
2447 998 2541 1053 τοῦ
2579 999 2739 1068 άγίου
2794 996 3111 1067 Πνεύματος
3142 994 3370 1057 κάθοδος
3411 994 3470 1045 έν
3498 990 3578 1062 τῷ

2003 1095 2259 1166 ὑπερῴῳ·
2299 1093 2394 1147 καὶ
2427 1092 2645 1164 πρῶτος
2677 1092 2941 1164 ίεράρχης
2991 1086 3344 1158 άνεκηρὺχθη
3389 1087 3580 1141 Ἰάκω-

2002 1186 2119 1252 ϐοςο
2147 1187 2283 1241 ὅπου
2305 1186 2372 1255 δὴ
2401 1186 2495 1240 καὶ
2517 1187 2546 1239 ό
2577 1183 2888 1256 πορφυροῦς
2913 1178 2981 1254 ἦν
3014 1181 3182 1244 κίων,
3210 1180 3340 1234 ἔνθα
3372 1195 3580 1251 προσε-

2005 1278 2130 1348 δὲθη
2190 1277 2606 1348 φραγγελωθεὶς
2650 1281 2676 1330 ό
2733 1277 2944 1347 Σωτήρ.
2993 1266 3069 1329 Οῦ
3117 1276 3232 1336 τοῖς
3276 1272 3580 1339 εὐωνύμοις

2004 1371 2197 1443 μέρεσι
2223 1371 2313 1424 τοῦ
2348 1369 2480 1424 ναοῦ
2517 1372 2546 1424 ό
2573 1369 2666 1423 τοῦ
2699 1369 2842 1422 θείου
2891 1369 3177 1438 προφήτου
3206 1365 3370 1418 Δαυῗδ
3412 1363 3585 1431 τάφος

2005 1464 2444 1536 μεγαλοπρεπῶς
2480 1462 2694 1534 ῖδρυται
2745 1465 2810 1532 τῇ
2848 1461 3192 1531 προσκομιδῇ
3229 1458 3332 1526 τῆς
3378 1458 3588 1525 ἀναφο-

2003 1558 2125 1628 ρᾶς.
2167 1556 2233 1608 Ἢ
2262 1554 2321 1609 δὲ
2356 1554 2495 1608 Σιὼν
2532 1554 2668 1625 πρὸς
2703 1554 2859 1608 νότον
2912 1554 3029 1606 ἐστὶ
3071 1553 3170 1622 τῆς
3220 1549 3454 1612 πόλεως,
3490 1546 3585 1600 τὸν

2004 1650 2497 1721 ὑπερανεστηκότα
2544 1647 2727 1719 χῶρον
2771 1646 2976 1717 ταύτης
2999 1643 3265 1714 λαχοῦσα.
3316 1639 3509 1697 Μίλιον
3539 1638 3586 1693 δ’

2005 1745 2062 1800 ἐν
2092 1745 2259 1816 διέχει
2289 1743 2428 1798 Σιὼν
2473 1744 2573 1813 τῆς
2617 1744 2712 1797 τοῦ
2757 1740 2994 1814 Χριστοῦ
3048 1739 3425 1804 ἀναστάσεως.
3467 1738 3586 1793 Κάν

328 1823 704 1890 apostolorum
767 1823 1002 1896 principi
1064 1828 1328 1898 templum
1398 1829 1544 1885 aliud
1595 1832 1902 1888 constituit.

2013 1840 2070 1909 τῇ
2102 1837 2236 1907 αὐλῇ
2268 1837 2321 1891 δὲ
2353 1835 2445 1890 τοῦ
2500 1836 2727 1905 Καῖάφα
2781 1835 2976 1904 Πέτρῳ
3024 1831 3103 1902 τῷ
3140 1830 3424 1902 κορυφαίῳ
3475 1830 3586 1884 τῶν

328 1915 508 1985 Atque
532 1917 586 1972 in
615 1917 769 1974 fovea
803 1919 1080 1986 Jeretnia',
1105 1931 1162 1978 et
1187 1921 1254 1977 ad
1289 1921 1494 1979 fontem
1517 1924 1610 1996 qui
1644 1925 1791 1982 Siloe
1818 1925 1907 1989 die

329 2009 500 2077 citur,
521 2011 749 2066 miriﬁca
772 2015 1082 2069 construxit
1111 2029 1300 2086 opera.
1331 2015 1615 2074 Postremo
1635 2027 1689 2074 et
1715 2034 1903 2089 agrum

335 2099 482 2169 figuli
521 2103 777 2168 apparari
810 2105 1048 2167 curavit,
1089 2106 1142 2160 in
1195 2107 1534 2162 advenarum
1588 2108 1796 2164 scilicet
1849 2117 1906 2164 et

332 2195 747 2266 peregrinorum
779 2200 1138 2268 sepulturam.
1192 2196 1296 2255 Sed
1328 2210 1382 2256 et
1438 2197 1534 2256 lilii
1564 2199 1905 2255 Constantini

337 2290 629 2350 instinctu.
652 2293 719 2347 ad
745 2293 1001 2349 arborem
1029 2294 1294 2362 Mambre,
1315 2311 1436 2366 qua:
1465 2310 1613 2350 nunc
1641 2294 1906 2350 Terebin-

335 2384 718 2452 tbusdicitur,
750 2387 1066 2457 quindecim
1118 2388 1312 2443 stadiis
1374 2389 1661 2444 meridiem
1713 2403 1907 2444 versus

332 2477 570 2532 vicinam
613 2479 823 2535 habens
849 2480 1088 2546 llebron,
1116 2480 1512 2554 Hierosolymis
1535 2491 1718 2538 autem
1749 2481 1911 2544 circi:

339 2581 423 2626 ter
452 2570 692 2625 ducenta
732 2580 786 2624 et
814 2571 1210 2643 quinquaginta
1243 2571 1418 2627 stadia
1450 2571 1630 2638 abest,
1660 2571 1752 2627 ubi
1778 2587 1905 2627 vera

333 2674 596 2734 certaque
617 2663 758 2719 fama
777 2673 881 2726 est,
904 2680 1011 2720 una
1029 2679 1154 2721 cum
1180 2665 1387 2736 angelis
1405 2675 1594 2720 contra
1613 2665 1906 2722 Sodomam

335 2757 616 2820 euntibus,
649 2768 704 2812 ct
729 2757 928 2813 Filium
956 2757 1048 2814 Dei
1087 2758 1436 2828 hospitaliter
1462 2767 1745 2830 acceptum
1786 2775 1908 2814 esse

339 2851 410 2905 ab
434 2850 730 2916 Abraham,
751 2852 819 2906 ab
842 2867 1018 2922 eoque
1044 2852 1208 2907 lsaaci
1237 2853 1673 2921 procreationem
1697 2867 1910 2908 annun-

337 2945 547 3011 tiatant,
567 2949 864 3001 maximum
890 2944 1410 3016 ornatissimumque
1429 2945 1691 3016 templum
1711 2946 1907 3004 erexit.

335 3036 685 3093 lntellexerat
729 3038 878 3093 enim
930 3037 1326 3095 Constantinus
1382 3039 1486 3093 sub
1540 3054 1605 3094 ea
1656 3040 1853 3095 arbore
1884 3079 1902 3107 ,

335 3137 557 3186 veteres
599 3126 801 3186 Grecae
852 3130 1266 3202 superstitionis
1315 3146 1440 3188 aras
1493 3132 1904 3199 construxisse,

337 3222 546 3282 Graecis
573 3226 860 3284 sacriﬁciis
883 3228 1008 3283 istic
1030 3237 1284 3300 operatos
1311 3243 1460 3291 esse,
1481 3228 1665 3284 vinum
1687 3227 1907 3293 libasse,

339 3319 503 3373 thura
540 3320 867 3387 adolevisse,
902 3319 1120 3387 bovem,
1154 3321 1367 3377 hircum
1401 3331 1457 3378 et
1494 3323 1694 3393 gallum
1739 3324 1910 3378 sacri-

343 3410 558 3476 ﬁcasse,
589 3415 844 3469 lucernas
876 3428 1136 3469 accensas
1163 3417 1286 3470 oleo
1335 3413 1519 3470 infuso
1556 3415 1907 3486 apposuisse.

342 3505 621 3574 placentas
655 3505 956 3563 obtulisse:
1007 3506 1272 3577 quosdam
1340 3509 1503 3562 etiam
1564 3521 1821 3560 nummos
1857 3514 1913 3561 et

342 3599 482 3652 varii
534 3600 753 3666 generis
785 3609 1062 3672 unguenta
1105 3602 1156 3654 in
1189 3600 1431 3657 vicinum
1466 3609 1689 3670 puteum
1727 3601 1913 3669 conje-

342 3692 507 3756 cisse,
538 3693 610 3746 ita
636 3701 696 3747 ut
720 3708 904 3747 rerum
929 3694 1302 3762 conjectarum
1339 3692 1546 3764 ingenti
1575 3693 1733 3762 c0pia
1769 3707 1913 3761 aqua

345 3782 559 3839 inutilis
613 3784 686 3840 sit
716 3783 952 3840 reddita.
987 3785 1143 3852 Quod
1177 3800 1308 3842 sane
1344 3783 1694 3843 Constantini
1724 3784 1913 3842 uxoris

344 3884 542 3940 mater,
577 3891 699 3931 cum
735 3875 870 3932 istac
894 3878 1175 3943 transiret,
1204 3877 1408 3943 visum,
1438 3893 1644 3950 genero
1699 3879 1801 3950 ipsi
1833 3893 1918 3934 re-

349 3969 646 4024 nuntiavit.
680 3971 1157 4028 Animadverterat
1200 3971 1350 4027 enim
1404 3973 1593 4028 azstivo
1649 3983 1916 4043 tempore,

345 4062 452 4117 luci
490 4062 722 4126 incolas,
756 4063 1166 4136 longinquiores
1183 4063 1348 4120 etiam
1385 4063 1728 4132 Palaestinos,
1756 4064 1917 4122 Ρὴω·

353 4155 504 4209 niccs
526 4164 583 4209 et
613 4153 846 4222 Arabes,
883 4170 1098 4210 annuas
1124 4155 1292 4211 terias
1321 4153 1376 4210 in
1406 4170 1472 4211 ea
1504 4154 1728 4226 regione
1764 4171 1922 4227 pera-

350 4262 501 4316 gere.
532 4247 600 4302 Et
624 4249 702 4318 (l)
723 4259 1029 4305 conventus
1053 4248 1452 4320 celebritasque
1475 4264 1540 4307 ea
1566 4258 1722 4322 grata
1743 4250 1922 4305 fuerat

349 4339 516 4412 598
544 4341 803 4398 omnibus
828 4360 841 4398 :
868 4343 1067 4400 Iudaeis
1096 4345 1319 4414 quidem
1352 4342 1499 4414 quod
1553 4343 1923 4414 patriarcham

348 4435 680 4504 generisque
710 4435 792 4490 sui
835 4436 1134 4506 principem
1183 4436 1459 4508 jactarent
1505 4434 1922 4500 Abrahamum;

2009 1924 2268 1998 μαθητῶν
2318 1923 2447 1980 ναὸν
2491 1923 2681 1994 ἕτερον
2726 1922 2973 1994 ήγειρεν.
3025 1921 3125 1973 Ἐν
3154 1936 3213 1973 τε
3268 1918 3347 1990 τῷ
3393 1918 3585 1991 λάκκῳ

2020 2018 2287 2091 Ἰερεμίου
2335 2019 2429 2072 καὶ
2477 2019 2536 2072 ἐν
2561 2020 2627 2088 τῇ
2659 2018 2814 2086 πηγῇ
2858 2015 2893 2086 ἢ
2935 2012 3030 2067 τοῦ
3086 2012 3307 2083 Σιλωὰμ
3341 2011 3582 2083 εἴρηται,

2008 2112 2284 2183 πολυτελῆ
2311 2111 2379 2166 τὰ
2411 2110 2550 2183 ἔργα
2599 2109 2806 2166 έποίει.
2845 2109 3013 2172 Τέλος
3057 2107 3111 2162 δὲ
3146 2107 3243 2160 καὶ
3294 2106 3388 2161 τδν
3416 2105 3586 2174 ἀγρὸν

2008 2205 2102 2260 τοῦ
2134 2205 2428 2277 κεραμέως
2450 2203 2930 2274 μετασκευάσασα,
2961 2200 3319 2270 πολυάνδριον
3343 2199 3583 2268 ἔπραττε

2007 2305 2122 2366 τοῖς
2152 2301 2323 2367 ξένοις
2353 2300 2602 2372 δηλονότι
2637 2300 2838 2370 ταφήν.
2868 2299 3134 2362 Σπουδαῖς
3171 2297 3227 2351 δὲ
3275 2293 3369 2350 τοῦ
3395 2293 3584 2357 παιδὸς

2009 2392 2423 2448 Κωνσταντίνου
2477 2391 2580 2445 κάν
2630 2393 2696 2460 τῇ
2749 2389 2875 2459 δρυῖ
2908 2393 2975 2462 τῇ
3025 2389 3254 2461 Μαυρῆ,
3311 2389 3435 2460 ἥτις
3490 2385 3586 2439 νῦν

2008 2485 2333 2557 Τερέϐινθος
2359 2485 2597 2553 λέγεται,
2622 2483 2734 2537 άπὸ
2759 2481 2818 2536 ιε’
2850 2483 2951 2554 μὲν
2986 2482 3217 2536 σταδίων
3245 2481 3464 2551 γείτονα
3489 2479 3584 2546 τὴν

2009 2579 2237 2650 Χεϐρὼν
2268 2578 2464 2650 ἔχουσα
2500 2578 2635 2648 πρὸς
2675 2575 3053 2648 μεσημϐρίαν,
3093 2574 3491 2645 Ἰεροσολύμων
3521 2571 3586 2643 δὴ

2007 2674 2274 2731 διεστῶτα
2323 2673 2501 2742 ’ἀμφὶ
2551 2672 2800 2726 διακόσια
2851 2671 2945 2724 καὶ
2994 2669 3335 2740 πεντήκοντα
3375 2664 3584 2729 στάδια,

2008 2766 2137 2821 ῑνθα
2174 2767 2332 2835 λόγος
2361 2764 2508 2818 ἐστὶν
2558 2764 2764 2835 ἀληθὴς
2797 2763 3016 2834 σύναμα
3050 2764 3161 2820 τοῖς
3187 2761 3330 2815 κατὰ
3361 2759 3586 2830 Σοδομι-

2008 2860 2121 2915 τῶν
2154 2859 2324 2914 ίοῧσιν
2358 2859 2614 2927 ἀγγέλοις
2645 2859 2740 2912 καὶ
2771 2858 2860 2911 τὸν
2887 2857 3014 2911 Υίδν
3045 2855 3139 2911 τοῦ
3160 2854 3298 2909 Θεοῦ
3324 2853 3584 2918 ἐπιξενω-

2010 2951 2170 3023 θῆναι
2218 2950 2296 3024 τῷ
2352 2951 2627 3022 Ἀϐραάμ,
2685 2951 2778 3005 καὶ
2826 2951 2927 3019 τὴν
2959 2948 3054 3002 τοῦ
3097 2948 3282 3002 Ἰσαάκ
3333 2950 3586 3016 γέννησιν

2011 3040 2466 3111 ἑπαγγείλασθαι.
2497 3043 2624 3095 ναδν
2661 3042 2921 3110 μέγιστον
2957 3038 3049 3092 καὶ
3093 3037 3587 3110 περικαλλέστατον

2012 3135 2355 3205 ἀνεδείματοο
2396 3136 2492 3190 καὶ
2526 3135 2635 3205 γὰρ
2686 3131 2874 3205 μαθὼν
2919 3127 2987 3205 ἦν
3041 3131 3447 3194 Κωνσταντῖνος
3482 3129 3588 3183 ὑπὸ

1962 3221 1982 3245 ⁴
2011 3230 2076 3300 τῇ
2098 3226 2238 3299 δρυῒ,
2264 3226 2481 3298 βωμοὺς
2513 3226 2862 3297 Ἑλληνικοὺς
2888 3228 3016 3286 τοὺς
3046 3223 3216 3278 πάλαι
3237 3221 3583 3294 ἱδρύσασθαι,

2010 3322 2107 3376 καὶ
2140 3321 2334 3386 θυσίας
2374 3319 2698 3390 Ἑλληνικὰς
2735 3321 2914 3372 ἐκεῖσε
2965 3317 3261 3383 τελεῖσθαι,
3306 3316 3484 3379 οἴνους
3529 3332 3584 3368 τε

2012 3412 2284 3475 σπένδειν,
2313 3413 2408 3466 καὶ
2440 3411 2691 3474 λιϐάνους
2742 3409 3009 3471 ἐπιθύειν,
3045 3409 3139 3463 καὶ
3171 3407 3299 3478 βοῦν
3335 3408 3430 3461 καὶ
3457 3408 3589 3479 τρά-

2010 3523 2106 3574 γον
2132 3508 2228 3559 καὶ
2263 3505 2603 3576 ἀλεκτρυόνα
2627 3518 2639 3532 ⁸
2680 3503 2907 3573 λύχνους
2951 3519 3009 3554 τε
3045 3499 3256 3555 ἐτίθουν
3303 3499 3587 3571 ἡμμένους

2012 3599 2325 3669 ἐπιχέοντες
2354 3597 2554 3663 ἔλαιον,
2601 3595 2697 3648 καὶ
2735 3597 2954 3648 πόπανα
3006 3593 3286 3663 προσῆγον
3311 3609 3324 3623 ο
3364 3585 3507 3662 ἦσαν
3532 3590 3587 3645 δι

2009 3689 2060 3744 οἳ
2092 3692 2185 3743 καὶ
2216 3691 2528 3759 νομίσματα
2561 3687 2655 3742 καὶ
2679 3687 2828 3758 μύρα
2856 3688 3090 3756 διάφορα
3114 3685 3257 3739 κατὰ
3280 3683 3378 3737 τοῦ
3406 3686 3586 3738 ἐκεῖσε

2014 3783 2245 3853 φρέατος
2278 3781 2519 3846 ἔϐαλλον,
2558 3781 2632 3843 ὡς
2671 3777 2920 3834 ἐντεῦθεν
2966 3779 3186 3850 ἀχρεῖον
3223 3778 3288 3830 τὸ
3322 3776 3467 3849 ὕδωρ
3498 3777 3586 3846 γί-

2013 3874 2203 3928 νεσθαι
2230 3876 2295 3944 τῇ
2327 3873 2548 3944 ποικίλῃ
2601 3869 2866 3941 μετουσίᾳ.
2914 3869 3022 3923 τῶν
3070 3868 3476 3939 ῥιπτουμένων.
3526 3867 3592 3922 Ἥ

2013 3968 2111 4038 τῆς
2142 3964 2554 4019 Κωνσταντίνου
2591 3963 2647 4017 δὲ
2676 3962 2925 4033 γαμετῆς
2975 3963 3160 4032 μήτηρ
3188 3962 3252 4012 ὲκ
3283 3958 3379 4011 τοῦ
3411 3959 3561 4030 παρή
3585 3988 3598 4000 -

2018 4075 2230 4124 κοντος,
2260 4055 2594 4126 θεασαμένη,
2625 4052 2705 4124 τῷ
2727 4051 2966 4124 γαμϐρῷ
2989 4052 3049 4106 τὸ
3079 4051 3357 4123 δρώμενον
3397 4051 3600 4122 ἠγγελ-

2016 4153 2128 4219 λεν,
2161 4151 2282 4223 ὥρᾳ
2313 4150 2508 4221 θέρους
2555 4149 2680 4212 τοὺς
2730 4148 3060 4217 έπιχωρξους
3114 4145 3301 4199 ίδοῦσα
3350 4145 3600 4207 καὶτοὺς

2020 4245 2353 4317 προσωτέρω
2371 4241 2784 4302 Παλαιστινοίις,
2801 4239 3054 4302 Φοίνικάς
3071 4255 3131 4291 τε
3159 4240 3253 4292 καὶ
3282 4239 3337 4290 Ἀ
3350 4237 3597 4308 ραϐίους,

2022 4341 2123 4413 τὴν
2168 4339 2385 4409 ἐτήσιον
2433 4335 2510 4407 τῷ
2556 4334 2720 4405 χώρῳ
2767 4332 3002 4402 ἄγοντας
3041 4332 3260 4404 ἑορτήν.
3304 4332 3438 4384 ΙΙᾰσι
3491 4333 3600 4399 γὰρ

2026 4434 2327 4504 ἐπέραστος
2360 4425 2487 4500 ἦνή
2521 4429 2851 4497 πανήγυρις·
2894 4425 3170 4488 Ἰουδαίοις
3207 4426 3328 4495 μὲν,
3359 4425 3444 4478 ὃτι
3498 4441 3600 4476 πα-

349 4529 554 4584 Grzecis
580 4545 730 4593 vero,
757 4539 979 4599 propter
1013 4531 1328 4600 angelorum
1361 4530 1415 4586 in
1451 4545 1577 4587 eum
1617 4530 1796 4586 locum
1825 4529 1910 4584 adt

2026 4527 2294 4597 τριάρχην
2324 4521 2530 4592 ηὖχουν
2560 4522 2654 4573 τὸν
2691 4517 2961 4590 Ἁϐραάμ,
2994 4516 3223 4587 Ἕλλησι
3269 4515 3322 4570 δὲ
3346 4555 3360 4578 .
3389 4514 3480 4569 διὰ
3508 4515 3602 4586 τὴν

353 4629 608 4676 Ventum:
638 4619 968 4678 Christianis
1005 4636 1192 4692 porro,
1215 4622 1359 4692 quod
1391 4621 1503 4680 Deo
1531 4622 1740 4678 dilecto
1768 4622 1846 4676 illi
1867 4620 1919 4676 id

352 4715 672 4786 praedictum
707 4717 902 4779 fuerat,
945 4716 1091 4786 quod
1149 4715 1336 4772 multis
1362 4725 1550 4787 postea
1594 4715 1810 4772 sarculis
1854 4715 1924 4772 de

359 4808 576 4879 Virgine
607 4808 854 4863 futurum
897 4809 1096 4864 fuerat.
1125 4808 1244 4876 Qua
1298 4822 1359 4863 re
1380 4806 1778 4864 Constantinus
1822 4820 1922 4863 co-

351 4901 501 4970 gnita
523 4937 539 4965 ,
593 4901 872 4972 episcopis
900 4899 1205 4959 PaL-estinis
1233 4903 1370 4959 vitio
1416 4900 1688 4966 vertebat,
1721 4901 1776 4954 in
1810 4897 1926 4970 pri-

355 4992 566 5063 misque
598 4990 892 5049 Eusebium
920 4993 1188 5064 Pamphili
1218 4993 1641 5066 perstringebat,
1661 4994 1808 5066 quod
1841 4992 1925 5049 sic

354 5095 461 5139 tam
488 5094 737 5142 sanctum
759 5087 940 5142 locum
972 5087 1368 5158 despexissent.
1419 5086 1605 5158 Itaque
1647 5087 1924 5159 episcopis

353 5177 647 5233 l‘htenicize
673 5179 950 5234 mandavit
986 5189 1046 5234 ut
1096 5197 1162 5236 ex
1222 5181 1354 5253 ipsis
1405 5181 1780 5237 fundamentis
1819 5195 1926 5235 ara:

349 5273 758 5333 evertercntur,
815 5269 1109 5325 simulacra
1142 5271 1267 5341 igne
1317 5271 1800 5337 comburerentur,
1860 5286 1926 5325 ac

354 5360 618 5428 templum
654 5362 913 5419 ibitanta:
944 5365 1291 5436 antiquitatis
1341 5366 1554 5420 nomini
1590 5365 1927 5432 conveniens

353 5462 756 5516 exstrueretur.
784 5456 837 5511 in
882 5472 994 5528 quo
1023 5457 1273 5513 divinum
1306 5474 1510 5514 numen
1540 5458 1802 5514 Ecclesiae
1833 5475 1922 5513 re-

356 5557 518 5614 cepto
547 5546 598 5599 in
621 5546 728 5601 ritu
759 5549 1058 5615 coleretur,
1083 5549 1347 5620 locusque
1381 5550 1449 5607 de
1482 5559 1682 5606 (επιετο
1725 5567 1753 5603 a
1792 5564 1924 5604 con-

359 5638 720 5694 taminatione
744 5642 893 5697 omni
927 5642 1066 5698 liber
1105 5653 1270 5700 esset.
1307 5642 1462 5711 Quod
1519 5643 1563 5699 si
1620 5643 1743 5713 quis
1771 5644 1924 5697 dein-

2029 4620 2139 4675 τῶν
2165 4618 2416 4688 ἀγγέλων
2457 4613 2534 4685 τῷ
2568 4613 2733 4686 χώρῳ
2769 4610 3102 4683 έπιδημίανο
3142 4611 3492 4682 Χριστιανοῖς
3519 4609 3598 4672 δὲ,

2028 4719 2225 4787 ὅτιπερ
2254 4715 2335 4785 τῷ
2380 4711 2622 4783 θεοφιλεῖ
2663 4709 2858 4778 ἐκείνῳ
2885 4709 3290 4781 προεμήνυσεν,
3319 4707 3348 4761 δ
3383 4705 3600 4768 πολλοῖς

2031 4811 2244 4882 χρόνοις
2290 4811 2345 4872 ὲς
2377 4804 2606 4876 ὓστερον
2639 4804 2704 4858 έκ
2750 4800 3024 4872 παρθένου
3045 4802 3221 4854 ποιεῖν
3252 4799 3500 4869 ἔμελλεν.
3535 4799 3602 4851 ’Δ

2030 4900 2095 4972 δὴ
2148 4899 2450 4968 πυθόμενος
2499 4893 2933 4955 Κωνσταντῖνος,
2982 4890 3092 4943 τῶν
3143 4890 3200 4941 έν
3259 4886 3594 4972 Παλαιστίνη

2029 4970 2347 5044 ἐπισκόπων
2387 4983 2727 5056 κατῃτιᾶτο·
2780 4980 2879 5034 καὶ
2939 4978 3140 5050 μᾶλλον
3199 4973 3464 5029 Εὑσεὸίου
3510 4970 3602 5026 τοῦ

2033 5077 2320 5148 Παμφίλου
2343 5075 2680 5146 καθήπτετο,
2704 5070 2850 5126 οὕτω
2879 5072 2946 5124 τά
2981 5070 3110 5139 περὶ
3139 5068 3234 5121 τὸν
3257 5068 3412 5134 ἅγιον
3439 5067 3606 5134 ὑπερ-

2031 5171 2243 5232 ιδόντας
2293 5169 2482 5222 τόπον.
2545 5163 2652 5218 Καί
2682 5161 2734 5232 γ’
2770 5163 2990 5216 ἐκέλευε
3053 5162 3166 5223 τοῖς
3217 5159 3312 5228 τῆς
3344 5157 3601 5227 Φιινίκης

2030 5262 2358 5325 ἐπισκόποις
2389 5263 2451 5314 ὲκ
2481 5257 2700 5330 βάθρων
2739 5255 2839 5327 μὲν
2880 5253 3166 5326 καθαιρεῖν
3199 5255 3322 5315 τοὺς
3363 5253 3600 5321 βωμοὺς,

2032 5358 2169 5428 πυρὶ
2199 5355 2253 5408 δὲ
2286 5354 2353 5407 τά
2412 5353 2578 5420 ξόανα
2631 5350 2884 5421 δαπανᾷν
2907 5364 2919 5378 ⁸
2967 5349 3122 5416 ἄξιον
3155 5347 3210 5401 δὲ
3271 5350 3498 5415 τέμενος
3530 5343 3603 5414 ’ᾧ

2035 5450 2372 5522 περιωνύμῳ
2425 5449 2527 5517 τῆς
2575 5447 2671 5499 τοῦ
2721 5446 2888 5498 τόπου
2912 5441 3273 5515 ἀρχαιότητος
3319 5439 3600 5508 καθιστᾷν,

2034 5546 2130 5601 καὶ
2178 5544 2239 5596 τὸ
2300 5545 2442 5596 θεῖον
2474 5543 2654 5594 ἐκεῖσε
2688 5539 2829 5593 κατά
2864 5536 2925 5590 τδ
2955 5536 3055 5606 τῆς
3107 5533 3441 5600 Ἐκκλησίας
3485 5533 3602 5592 ἔθος

2037 5638 2390 5710 θρησκεύειν,
2443 5636 2536 5689 καὶ
2589 5633 2686 5688 τοῦ
2743 5632 2932 5688 λοιποῦ
2986 5630 3267 5702 ἐλεύθερον
3313 5629 3403 5682 τὸν
3441 5625 3601 5679 τόπον

431 5823 507 5894 (1)
558 5825 894 5881 Sozomcnus
953 5823 1151 5879 Ecclcs.
1211 5825 1386 5880 Hister
1468 5825 1560 5880 lib.
1618 5842 1673 5888 ll,
1730 5840 1829 5893 cap
1909 5820 1941 5876 4
1980 5830 2033 5876 ct
2069 5819 2118 5873 5.
