4090 6208
471 482 575 545 235

1702 480 2121 541 ΝΠῘΕΙἮΠΒΙ
2159 480 2505 541 CALLIS'I‘I

3620 478 3728 542 $36

472 608 653 653 tamen
689 611 759 651 an
805 610 915 650 non
961 594 1174 651 occulta
1212 594 1393 650 verbis
1435 591 1553 663 ejus
1582 593 1853 648 sententia
1896 609 2045 662 qum-

2150 595 2298 661 παρά
2338 592 2435 662 τὴν
2479 591 2607 661 ὑγιῆ
2643 590 2748 643 τῶν
2786 590 3017 662 Γραφῶν
3050 589 3220 660 ὀρθὴν
3263 588 3445 644 πίστιν
3484 591 3729 647 διδάσκει

472 689 617 758 piam
665 687 815 741 insit.
858 685 937 740 Ad
975 684 1136 739 tinem
1171 700 1336 754 porro
1368 684 1483 739 haec
1522 685 1772 755 adjecere
1801 701 1813 737 :
1844 702 1862 735 ι
1898 682 2047 737 lee

472 782 641 852 igitur
686 779 1000 834 obtinentes
1038 777 1163 833 ﬁdei
1212 777 1667 848 persuasionem,
1713 791 1897 831 coram
1934 775 2047 831 Deo

468 881 525 926 et
575 872 801 928 Christo
854 871 1011 941 ipso,
1063 886 1282 925 omnem
1336 869 1652 924 hmreticam
1706 884 2046 939 pravamque

469 966 819 1021 anathemate
848 964 1164 1035 jugulamus
1188 964 1527 1034 opinionem.
1568 963 1637 1017 Et
1671 963 1717 1016 si
1747 962 1876 1033 quis
1905 976 2044 1018 eon-

471 1068 551 1111 tra
585 1072 775 1112 sanam
821 1065 1141 1127 reetamque
1184 1056 1599 1125 Scripturarum
1648 1054 1811 1110 {idem
1854 1053 2042 1120 docet,

467 1148 661 1203 dicens
692 1157 788 1203 aut
830 1157 1045 1216 tempus
1089 1157 1182 1203 aut
1225 1147 1487 1203 saeculum
1533 1146 1817 1213 esse,,‘vel
1850 1147 2041 1211 fuisse,

466 1251 762 1309 antequam
808 1239 981 1295 Filius
1028 1238 1123 1295 Dei
1172 1239 1371 1304 fuerit,
1422 1239 1714 1294 anathema
1760 1240 1851 1293 sit.
1891 1239 1957 1293 Et
1998 1238 2042 1293 si

465 1332 590 1400 quis
619 1330 755 1384 dicit
789 1330 980 1384 Filium
1022 1340 1332 1384 creaturam
1357 1370 1369 1389 ,
1408 1330 1638 1397 perinde
1674 1337 1841 1397 atque
1878 1342 2041 1382 unam

466 1426 706 1494 aliquam
738 1434 1118 1478 creaturarum
1145 1442 1157 1477 :
1191 1434 1287 1477 aut
1310 1421 1586 1493 genimen,
1618 1420 1848 1491 perinde
1875 1429 2043 1490 atque

465 1531 636 1571 unum
687 1516 909 1586 aliquod
958 1515 1335 1587 geniminum,
1370 1523 1425 1568 et
1470 1528 1580 1568 non
1626 1512 1790 1568 sicuti
1842 1511 2045 1567 divina:

467 1611 768 1680 Scriptura:
799 1609 868 1665 de
897 1609 1174 1679 prmdictis
1214 1608 1475 1662 onmihus
1514 1607 1807 1677 prodidere
1840 1606 2039 1662 sentit:

465 1711 563 1759 aut
590 1704 635 1759 si
663 1706 787 1772 quis
819 1701 967 1757 aliud
1000 1701 1163 1755 docet
1198 1701 1279 1755 vel
1310 1699 1634 1764 annuntiat,
1672 1707 2039 1769 praeterquam

464 1795 610 1865 quod
649 1794 1001 1864 accepimus,
1049 1793 1339 1847 anathema
1386 1792 1478 1846 sit.
1512 1791 1624 1846 Nos
1666 1792 1813 1846 enim
1856 1788 2042 1844 omnia

464 1903 588 1957 qua:
621 1903 687 1941 ex
716 1886 888 1941 sacris
907 1884 1133 1939 Litteris
1160 1902 1190 1940 a
1224 1884 1510 1955 prophetis
1542 1894 1597 1938 ct
1630 1883 1896 1953 apostolis
1932 1893 2041 1934 tra—

2149 685 2355 753 λέγων,
2389 686 2421 757 ἤ
2454 686 2644 756 καιρὶν
2675 685 2706 756 ἦ
2740 686 2914 739 αξῶνα
2946 681 3085 739 εἶναι
3116 684 3149 752 ἢ
3180 684 3464 752 γεγονέναι
3497 688 3602 755 πρὸ
3630 684 3727 737 τοῦ

2146 779 2238 833 τὸν
2274 777 2398 833 Υίὸν
2431 777 2525 832 τοῦ
2559 778 2698 832 Θεοῦ
2733 777 2900 846 εῖναι,
2934 779 3191 848 ἀνάθεμα
3224 779 3381 833 ἔστω.
3420 779 3531 832 Καὶ
3562 779 3613 831 εί
3641 795 3729 840 τις

2146 871 2293 939 λέγει
2340 872 2434 924 τὸν
2480 871 2608 926 Υἱδν
2654 871 2859 943 κτίσμα
2903 872 2978 933 ὡς
3024 871 3083 925 ἓν
3149 870 3255 924 τῶν
3306 874 3646 940 κτισμάτων,
3692 870 3728 939 ἦ

2146 963 2399 1035 γέννημα
2448 964 2524 1026 ὡς
2549 964 2610 1017 ἓν
2633 964 2745 1018 τῶν
2767 963 3148 1033 γεννημάτων,
3174 964 3264 1017 καὶ
3297 963 3372 1033 μὴ
3397 964 3472 1027 ὡς
3499 965 3554 1017 at
3584 963 3728 1015 θεῖαι

2146 1055 2362 1125 Γραφαὶ
2390 1056 2806 1127 παραδεδώκασι
2834 1057 2941 1110 τῶν
2969 1057 3391 1127 προειρημένων
3416 1055 3623 1109 ἕκαστα
3647 1069 3661 1081 ⁸
3691 1053 3727 1125 ἢ

2144 1146 2199 1197 εί
2226 1164 2306 1207 tt;
2337 1146 2469 1199 ἄλλο
2498 1146 2741 1199 διδάσκει
2769 1147 2802 1216 ἢ
2831 1145 3244 1214 εὐαγγελίζεται
3278 1145 3407 1215 παρ’
3429 1145 3457 1197 6
3487 1142 3730 1214 παρελά-

2147 1237 2313 1307 ϐομεν
2344 1254 2357 1267 ·
2387 1238 2632 1307 ἀνάθεμα
2661 1238 2823 1293 ἔστω.
2861 1240 3052 1308 Ἡμεῖς
3085 1240 3193 1308 γάρ
3225 1239 3358 1291 πᾶσι
3388 1240 3497 1301 τοῖς
3527 1239 3589 1291 ἐκ
3618 1237 3727 1291 τῶν

2146 1328 2307 1385 θιίων
2346 1331 2582 1402 Γραφῶν
2621 1332 3083 1402 παραδεδομένοις
3121 1332 3227 1384 ὑπό
3264 1347 3323 1383 τε
3363 1331 3474 1383 τῶν
3512 1345 3728 1401 προφη-

2143 1420 2251 1474 τῶν
2284 1422 2380 1475 καὶ
2422 1422 2737 1474 ἀποστόλων
2771 1421 3043 1491 ἀληθινῶς
3088 1438 3150 1474 τε
3192 1422 3288 1476 καὶ
3336 1422 3593 1492 ἐμφανῶς
3628 1424 3727 1474 καὶ

2145 1516 2476 1585 πιστεύομεν
2502 1516 2596 1569 καὶ
2619 1515 3051 1585 ἀκολουθοῦμεν.
3087 1535 3107 1567 ι
3147 1518 3237 1568 Ἐν
3263 1516 3438 1588 ταύτῃ
3462 1516 3517 1569 δὲ
3542 1519 3607 1585 τῇ
3636 1519 3730 1567 ὲκ·-

2145 1608 2315 1675 θέσει,
2342 1609 2617 1679 ἄτρεπτόν
2641 1626 2699 1661 τε
2730 1610 2823 1662 καὶ
2853 1607 3217 1662 ἀναλλοίωτον
3244 1609 3342 1678 τὴν
3372 1609 3603 1679 θεότητα
3629 1608 3727 1661 τοῦ

2148 1702 2279 1754 Υίοῦ
2322 1704 2778 1772 ἀποφηνάμενοι,
2819 1703 3009 1756 εἰκόνα
3053 1719 3111 1755 τε
3156 1702 3582 1773 ἀπαράλλακτον
3626 1702 3729 1771 τῆς

2144 1792 2332 1862 θεῖκῆς
2367 1792 2557 1853 οὐσίας
2592 1792 2686 1843 καὶ
2722 1790 2922 1862 βουλῆς
2957 1792 3051 1843 καὶ
3082 1791 3368 1861 δυνάμεως
3404 1793 3499 1846 καὶ
3529 1791 3687 1857 δόξης
3710 1830 3728 1854 ο

2148 1886 2242 1937 καὶ
2287 1886 2630 1954 πρωτότοκον
2666 1885 2846 1954 πάσης
2891 1885 3141 1951 κτίσεως,
3177 1885 3278 1937 οὐκ
3318 1880 3420 1938 οἵδ’
3443 1886 3590 1947 ὅπως
3629 1884 3730 1937 καὶ

464 1979 579 2033 dita
613 1987 763 2043 sunt,
797 1992 927 2031 vere
961 1986 1130 2045 atque
1164 1986 1355 2045 aperte
1378 1982 1435 2030 et
1462 1974 1741 2030 credimus
1770 1983 1826 2028 et
1851 1974 2038 2043 sequi-

2148 1977 2431 2049 όμοούσιον
2446 1976 2609 2029 αὐτὸν
2628 1977 2807 2030 είπείν
2828 1978 2904 2045 τῷ
2929 1978 3107 2048 "arpi.
3132 1979 3539 2049 παρῃτήσαντο.
3567 1979 3733 2048 Ἐκήο

468 2087 613 2125 mur.
648 2089 668 2122 ι
696 2069 762 2125 In
787 2069 891 2124 hac
920 2067 1153 2122 formula
1181 2084 1304 2123 cum
1333 2066 1733 2122 immutabilem
1764 2075 1820 2122 et
1846 2066 2044 2121 inalte—

466 2163 691 2219 rabilem
726 2161 848 2216 Filii
883 2161 1249 2225 divinitatem,
1286 2161 1691 2231 imagincmque
1737 2175 1845 2215 non
1885 2158 2042 2214 ἀίσσ-

465 2268 681 2311 rcntem
711 2270 741 2307 a
768 2255 955 2308 divina
983 2252 1296 2309 substantia
1325 2261 1381 2307 et
1415 2252 1650 2307 consilio
1678 2262 1735 2308 et
1766 2261 2041 2323 potestate

465 2359 522 2404 ct
574 2348 787 2418 gloria,
840 2354 1006 2416 atque
1056 2345 1485 2416 primogenitum
1534 2346 1714 2400 omnis
1771 2354 2043 2401 creatura:

464 2442 613 2496 clare
637 2440 922 2497 dixerint:
957 2442 1145 2494 nescio
1172 2439 1450 2509 quomodo
1481 2438 1646 2495 etiam
1678 2439 2044 2494 consubstan-

404 2576 407 2577 ν
466 2534 655 2587 tialem
695 2533 879 2602 ipsum
929 2531 1076 2585 Patri
1125 2529 1315 2585 dicere
1356 2529 1807 2584 detrectaverint.
1847 2528 2044 2600 Vulga—

466 2634 597 2681 runt
640 2641 773 2680 sane
818 2623 1074 2694 quidam,
1125 2623 1286 2679 tidem
1325 2623 1485 2677 talem
1538 2624 1620 2677 sic
1663 2638 1722 2677 se
1764 2622 2045 2678 invenisse

465 2723 748 2787 scriptam,
777 2727 831 2772 et
858 2732 888 2771 a
926 2716 1168 2770 Luciano
1201 2725 1545 2784 conceptam,
1582 2716 1676 2785 qui
1708 2716 2045 2771 Nicomedia:

466 2812 730 2880 martyrio
751 2808 1074 2873 decertavit,
1099 2811 1218 2862 viro
1249 2807 1460 2871 divino,
1492 2808 1624 2862 etin
1652 2810 1824 2863 sacris
1844 2808 2043 2864 litteris

469 2919 636 2974 supra
680 2910 911 2957 caeteros
956 2901 1209 2970 apprime
1253 2898 1516 2955 erudito:
1552 2900 1950 2969 amplitudine,
1982 2909 2044 2954 ut

467 2997 723 3069 equidem
751 3004 903 3066 puto.
929 2996 1213 3066 martyris,
1231 2992 1608 3048 celebritatem
1632 2992 1814 3062 potius
1833 2994 2044 3062 scripto

466 3105 571 3144 suo
605 3090 987 3150 vendicanles,
1019 3102 1184 3156 quam
1216 3102 1343 3140 vera
1376 3084 1643 3139 dicentes.
1673 3084 1834 3155 681
1874 3082 2045 3139 Inter-

466 3181 571 3236 fuit
613 3193 797 3236 autem
843 3180 1081 3234 concilio
1124 3179 1255 3233 huic
1306 3177 1598 3243 Eusebius,
1645 3179 1739 3245 qui
1776 3192 1842 3231 ex
1883 3176 2049 3230 Nico-

2148 2070 2343 2138 ρυττόν
2382 2086 2445 2138 γε
2494 2069 2602 2140 μὴν
2642 2066 2742 2139 τὴν
2782 2070 3041 2137 τοιαύτην
3083 2070 3291 2136 πίστιν,
3327 2070 3503 2134 οὕτως
3543 2071 3729 2136 εὑρεῖν

2145 2163 2542 2233 γεγραμμένην
2570 2162 2676 2215 ὑπὸ
2703 2159 2989 2233 Λουκιανῷ
3017 2164 3347 2231 γραφεῖσαν,
3373 2163 3433 2226 ὃς
3456 2163 3602 2217 κατὰ
3626 2163 3731 2233 τὴν

2146 2254 2520 2323 Νικομήδειαν
2550 2253 2973 2326 ἐμαρτύρησεν,
3006 2254 3166 2323 ἀνδρὶ
3199 2252 3361 2324 θείῳ.
3394 2254 3490 2309 καὶ
3519 2256 3615 2317 τὰς
3652 2256 3732 2308 ίε-

2148 2348 2247 2418 ράς
2278 2347 2501 2417 Γραφάς
2530 2345 2688 2417 εἴπερ
2716 2363 2797 2410 τις
2828 2346 3269 2418 ἁκριδωσαμένῳ
3293 2363 3306 2378 ·
3338 2341 3492 2416 οἶμαι
3507 2328 3598 2418 ’τῷ
3630 2349 3729 2403 τοῦ

2150 2441 2429 2511 μάρτυρος
2476 2437 2751 2510 ἀξιώματι
2803 2438 3166 2508 σεμνύνοντες
3210 2441 3277 2495 τὰ
3324 2441 3521 2505 οἰκεῖα,
3580 2442 3729 2512 ἥπερ

2145 2532 2319 2601 ἀληθῆ
2350 2532 2627 2601 λέγοντες.
2658 2535 2888 2603 Μετεῖχε
2920 2534 2977 2586 δὲ
3008 2535 3106 2602 τῆς
3141 2534 3363 2588 συνόδου
3387 2534 3592 2603 ταύτης
3621 2536 3730 2589 Εὐ-

2149 2624 2359 2689 σέϐιος,
2388 2628 2417 2677 6
2446 2627 2509 2677 ἐκ
2539 2625 2587 2678 Ν
2595 2626 2914 2697 ικομηδείας
2945 2630 3026 2688 είς
3057 2629 3148 2680 τὸν
3177 2627 3277 2699 τῆς
3306 2630 3726 2683 Κωνσταντίνου

2148 2716 2341 2789 θρόνον
2388 2718 2737 2788 μετατεθείς·
2788 2722 2881 2773 καί
2917 2720 3174 2783 ’Λκάκιος
3218 2723 3248 2774 6
3291 2720 3386 2774 τοῦ
3435 2720 3727 2789 Παμφίλου

2148 2810 2410 2864 Εύσεδίου
2440 2811 2534 2863 καὶ
2563 2810 2658 2863 τοῦ
2690 2811 2884 2880 θρόνου
2917 2813 3009 2864 καὶ
3033 2814 3132 2881 τῆς
3164 2813 3409 2875 παιδείας
3437 2813 3687 2886 διᾴδοχος
3707 2830 3725 2845 ⁸

2146 2900 2490 2969 Πατρόφιλός
2520 2917 2578 2954 τε
2612 2904 2639 2953 6
2673 2900 3062 2966 Σκυθοπόλεως
3086 2919 3098 2931 ·
3130 2903 3224 2956 καὶ
3254 2905 3283 2956 6
3313 2903 3409 2973 τῆς
3446 2906 3586 2957 κατὰ
3622 2905 3731 2958 Πέ-

2149 2992 2333 3063 ρινθον
2371 2991 2696 3061 Ἡρακλείας
2730 2993 3004 3065 Θεόδωρος
3034 3011 3047 3024 ο
3086 2995 3376 3067 ἐλλόγιμος
3410 2996 3467 3050 δὲ
3497 2998 3525 3048 6
3558 2997 3723 3067 ἀνὴρ,

2146 3079 2219 3141 ὡ,
2261 3081 2357 3133 καὶ
2396 3079 2493 3152 τὴν
2533 3081 2640 3133 τῶν
2684 3082 3035 3151 Εύαγγελξων
3074 3083 3372 3153 ἑρμηνείαν
3414 3085 3730 3155 ὑπαγορεῦ-

2149 3191 2240 3227 σαι
2264 3189 2278 3203 ’
2313 3175 2405 3227 καὶ
2439 3177 2465 3227 6
2496 3175 2868 3244 Γερμανικίας
2912 3175 3182 3243 Εὑδόξιος,
3226 3176 3284 3241 6;
3318 3180 3458 3246 μετά
3484 3179 3703 3233 Μακεδὸ

469 3276 738 3333 mediensi
758 3278 824 3329 ad
843 3274 1508 3344 Constantinopolitanam
1532 3274 1718 3329 sedem
1750 3282 1832 3327 est
1865 3280 2045 3326 trans-

2148 3286 2261 3321 νιον
2293 3267 2389 3337 τῆς
2424 3267 2839 3323 Κωνσταντίνου
2872 3270 2962 3323 τὸν
2993 3269 3181 3340 θρόνον
3211 3272 3387 3326 διεῖπε
3411 3288 3426 3303 ο
3458 3272 3553 3326 καὶ
3582 3273 3733 3343 Γρηο

469 3372 649 3435 latus;
681 3367 915 3424 Aeacius
959 3367 1179 3423 Eusebii
1228 3367 1501 3438 Pamphili
1556 3366 1739 3420 throni
1780 3366 1934 3435 juxta
1989 3374 2046 3419 et

466 3463 803 3521 eruditionis
851 3476 1172 3524 successor;
1231 3458 1586 3529 Patmphilus
1636 3456 2044 3528 Scythopolita-

466 3570 606 3622 nus;
656 3552 980 3608 Theodorus
1026 3550 1378 3607 Heracleotes
1426 3565 1522 3605 seu
1565 3548 1914 3609 Perinthius.
1959 3549 2044 3599 vir

468 3649 765 3720 praeclarus
785 3688 798 3712 ,
827 3645 916 3715 qui
963 3644 1389 3715 Evangeliorum
1420 3640 1797 3713 exiiositiones
1830 3638 2041 3703 edidit;

471 3741 754 3795 Euiloxius
793 3736 1298 3801 Germanicieusis,
1348 3734 1442 3804 qui
1493 3743 1615 3802 post
1664 3731 2044 3785 Macedonium

465 3830 1134 3900 Constantinopolitanam
1180 3826 1479 3881 Eeclesiam
1513 3825 1878 3894 gubernavit:
1911 3822 2046 3877 Gre-

468 3928 697 3998 gorius,
756 3939 918 3994 quem
972 3922 1232 3977 Ecclesiae
1282 3919 1668 3974 Alexandrina:
1724 3920 2044 3986 episcopum

2149 3361 2354 3431 γόριος,
2398 3361 2458 3424 6;
2509 3362 2783 3434 ἐψηφίσθη
2830 3366 2894 3435 τῇ
2934 3364 3376 3437 ’Δλεξανδρέωνο
3422 3366 3473 3419 οἶ
3516 3368 3585 3420 τὰ
3635 3369 3731 3422 ίσα

2149 3456 2347 3520 πάντες
2375 3457 2663 3528 ἐφρόνουν.
2701 3456 2865 3539 Ἀλλά
2894 3456 3001 3528 γὰρ
3027 3459 3123 3512 καὶ
3147 3460 3363 3522 Διάνιος
3388 3462 3418 3513 6
3443 3461 3542 3533 τῆς
3573 3462 3735 3517 Καπ-

2149 3546 2402 3602 παδοκῶν
2426 3550 2763 3620 Καισαρείας
2787 3550 3105 3613 ἐπίσκοπος,
3130 3551 3223 3603 καὶ
3245 3551 3517 3622 Γεώργιος
3538 3553 3565 3602 ὀ
3588 3551 3736 3605 Δαο-

2146 3641 2354 3705 δικείας
2386 3643 2482 3711 τῆς
2524 3644 2723 3712 Συρίας
2750 3656 2767 3674 ο
2792 3642 2978 3695 πολλοί
3012 3659 3071 3695 τε
3114 3645 3210 3697 καὶ
3246 3644 3420 3707 ἄλλοι,
3444 3644 3734 3715 διασήμων

2148 3732 2354 3801 θρόνων
2386 3735 2673 3787 ἐπίσκοποι
2708 3735 2804 3787 καὶ
2841 3736 3306 3807 μητροπολιτικὰς
3342 3737 3498 3801 ἀξίας
3522 3741 3734 3808 ἠμφιε-

2150 3829 2340 3898 σμένοι
2366 3846 2383 3862 ο
2417 3828 2557 3897 πλὴν
2594 3827 2813 3881 Ἰουλίου
2842 3830 2936 3881 τοῦ
2972 3828 3190 3899 Ῥώμης
3212 3873 3225 3895 ,
3255 3831 3351 3884 κα)⁸
3383 3830 3474 3883 τοῦ
3506 3832 3604 3901 τῆς
3637 3834 3737 3885 Αί-

2146 3920 2268 3984 λίας
2300 3920 2587 3992 Μαξίμου,
2619 3921 2683 3974 δι’
2704 3919 2770 3984 ἃς
2804 3922 2988 3993 μικρῷ
3021 3922 3259 3992 πρόσθεν
3289 3924 3465 3987 αἰτίας
3498 3925 3737 3997 είρήκα-

469 4021 936 4088 designaverant,
969 4018 1064 4084 qui
1100 4028 1296 4067 omnes
1329 4012 1523 4067 eadem
1559 4010 1910 4065 sentiebant:
1948 4008 2045 4063 sed

468 4122 523 4168 et
556 4112 785 4167 Diauius
806 4111 1063 4164 Caesareae
1092 4106 1503 4177 Cappadocum,
1534 4112 1586 4159 et
1611 4103 1877 4174 Georgius
1905 4102 2046 4155 ΙΑοο

2104 4020 2105 4023 “
2151 4033 2271 4086 μεν.
2303 4013 2425 4067 Ἐπὶ
2447 4014 2505 4067 δὲ
2532 4016 2663 4067 πᾶσι
2686 4013 2896 4078 τούτοις
2921 4016 3013 4067 καὶ
3035 4015 3294 4078 Εὐσέϐιος
3318 4016 3347 4069 6
3370 4016 3733 4088 Ἐμεσσηνός.

2148 4110 2244 4171 Τίς
2271 4108 2326 4160 δὲ
2351 4102 2526 4173 οὗτος,
2554 4106 2655 4179 ήδη
2681 4106 2812 4175 ἐρῶ.
2844 4102 3017 4170 Οὗτος
3042 4108 3101 4173 ἐξ
3131 4109 3389 4179 Ἐδέσσης
3415 4110 3514 4181 τῆς
3546 4110 3738 4181 Ὀσρο-

468 4204 640 4259 diceaa
668 4200 932 4272 Syrorum
967 4199 1234 4268 episcopi,
1269 4197 1473 4265 aliique
1514 4192 1700 4265 plures
1744 4192 2044 4263 insignium

2148 4196 2296 4269 ηνῶν
2328 4197 2646 4265 γεννηθεὶς,
2683 4196 3019 4268 εὐπατρίδης
3053 4191 3121 4267 ἦν
3147 4214 3160 4228 ·
3195 4200 3263 4252 τὰ
3296 4198 3352 4252 δὲ
3390 4200 3511 4268 ιερὰ
3548 4204 3739 4274 γράμ-

472 4298 799 4351 throuorum
848 4290 1272 4360 metropolitaua
1322 4287 1593 4359 dignitate
1640 4286 1857 4355 praediti
1902 4285 2045 4339 anti-

2153 4306 2296 4358 ματα
2324 4288 2659 4354 παιδευθεὶς,
2684 4287 2874 4341 ἔπειτα
2902 4289 2996 4341 καὶ
3018 4288 3086 4342 τὰ
3118 4288 3386 4360 Ἐλλήνων
3412 4291 3733 4364 ἐξεδιδάχθη

466 4389 662 4444 stites:
706 4394 905 4455 pr:eter
947 4383 1153 4437 Julium
1201 4379 1388 4434 Romae
1432 4386 1487 4432 et
1539 4375 1840 4431 Maximum
1889 4372 2045 4429 Elia:

2148 4382 2260 4442 τοῖς
2310 4381 2488 4433 ἐκεῖσε
2535 4379 2882 4443 διδασκάλοις
2931 4382 3220 4452 φοιτήσας.
3263 4383 3352 4445 Ἐς
3403 4381 3640 4454 ὕστερον
3686 4383 3736 4438 δ’

469 4482 780 4553 episcopos,
804 4477 896 4547 qui
926 4477 995 4531 ob
1027 4489 1123 4529 eas
1150 4488 1288 4543 quas
1314 4472 1479 4542 paulo
1508 4479 1636 4523 ante
1664 4468 2045 4523 recensuimus

2151 4472 2398 4541 Εὐσεδίῳ
2423 4471 2521 4525 τοῦ
2553 4472 2845 4542 Παμφίλου
2878 4476 3252 4541 συγγεγονὼς,
3278 4475 3372 4527 καὶ
3404 4476 3735 4549 Πατροφίλῳ

469 4587 665 4628 causas
701 4586 806 4625 non
839 4568 1069 4622 ati'uere.
1102 4564 1184 4619 Ad
1217 4563 1341 4617 illos
1379 4562 1545 4617 etiam
1578 4558 1856 4613 Eusebius
1884 4557 2045 4611 Eme-

2150 4566 2227 4635 τῷ
2268 4566 2659 4629 Σκυθοπόλεως
2701 4563 3019 4634 ὲπισκόπῳ,
3057 4568 3125 4620 τὰ
3165 4566 3266 4635 τῆς
3310 4568 3458 4629 θείας
3500 4569 3738 4639 ἠκρίϐου

471 4680 639 4719 simus
666 4661 919 4717 accessit.
956 4660 1031 4712 De
1058 4672 1149 4721 eo,
1181 4655 1274 4725 qui
1311 4654 1499 4717 fuerit,
1532 4666 1680 4707 nunc
1710 4650 1913 4705 dicam.
1947 4647 2045 4703 Hic

2154 4660 2193 4711 Γ
2199 4658 2401 4730 ραφῆς.
2430 4659 2509 4729 Τῇ
2542 4658 2586 4709 δ’
2627 4657 2904 4729 Ἀντιόχου
2939 4657 3284 4728 προσϐαλὼν,
3304 4659 3465 4728 ἡνίκα
3501 4677 3741 4732 κατηγο-

470 4756 693 4813 Edessa:
721 4754 1092 4810 Osroenorum
1129 4749 1291 4803 claris
1328 4746 1647 4817 parentibus
1680 4743 1919 4813 genitus,
1959 4756 2045 4795 sa.

472 4869 595 4907 cras
642 4850 883 4919 primum
918 4847 1130 4900 litteras
1152 4884 1165 4906 ,
1210 4853 1397 4911 postea
1428 4840 1594 4895 etiam
1631 4838 1851 4892 Graecas
1877 4836 2045 4892 disci-

473 4946 684 5013 plinas,
729 4942 799 4995 ab
830 4940 950 5009 ejus
980 4938 1085 4992 loci
1124 4932 1402 5005 magistris
1431 4931 1642 4987 didicit.
1685 4929 1894 4986 Deinde
1925 4942 2047 4983 eum

473 5035 717 5092 Eusebio
760 5028 1031 5097 Pamphili
1076 5024 1408 5081 familiarius
1448 5036 1645 5093 agens,
1689 5030 1855 5089 atque
1885 5020 2051 5074 etiam

468 5143 596 5181 eum
628 5123 948 5194 Patrophilo
980 5118 1353 5191 Seythopolita
1378 5156 1392 5179 ,
1425 5114 1745 5171 accuratius
1791 5114 1846 5166 in
1878 5112 2052 5166 sacris

470 5228 557 5274 est
599 5217 856 5273 eruditus
901 5214 1122 5268 litteris.
1176 5196 1525 5264 Antiochiam
1561 5208 1752 5271 venit,
1799 5220 1921 5259 cum
1975 5203 2051 5257 ibi

474 5308 795 5365 Eustathius
816 5303 894 5374 (l)
924 5312 1148 5373 propter
1176 5302 1387 5354 crimen
1418 5298 1469 5352 ei
1502 5299 1831 5351 intentatum
1858 5310 1888 5349 a
1911 5294 2054 5362 Cyro

472 5402 541 5454 de
573 5399 745 5470 gradu
780 5399 1027 5467 dejectus
1059 5404 1182 5447 est:
1217 5405 1380 5461 atque
1415 5404 1540 5443 cum
1572 5402 1895 5442 successore
1928 5387 2051 5457 ejus

478 5492 801 5560 liuphronio
848 5489 1056 5544 eisdem
1106 5488 1159 5540 in
1209 5485 1420 5539 aedibus
1454 5483 1585 5553 egit.
1643 5481 2052 5537 Sacerdotalem

476 5592 663 5636 autem
689 5581 1011 5653 dignitatem
1034 5579 1389 5648 deprecatus,
1414 5576 1633 5631 scholas
1656 5573 2055 5629 Alexandrinas

476 5673 870 5743 frequentat-it.
914 5671 1106 5741 Ibique
1150 5679 1424 5740 quantum
1454 5682 1593 5737 opus
1633 5675 1751 5722 crat
1784 5667 2058 5721 exercita-

550 5805 624 5872 (l)
657 5805 811 5874 Apud
865 5805 1148 5859 Socratem
1208 5815 1292 5860 est
1344 5805 1439 5858 lib.
1493 5819 1552 5867 ιι,
1589 5818 1688 5871 cap
1734 5803 1799 5864 9,
1846 5802 2055 5872 Συνέϐη

480 5874 775 5928 Εὐστάθιον
815 5878 917 5928 ὑπὸ
951 5878 1117 5943 κ’ύρου
1148 5876 1600 5945 κατηγορηθέντα
1632 5874 1723 5925 τού
1754 5874 2057 5943 Βερῤοιέως

476 5945 875 6018 καθαιρεθῆναι
925 5948 996 6009 ὡς
1038 5944 1454 6010 mammam.
1515 5944 1697 5998 Eram:
1746 5955 1801 5997 ut
1857 5946 2060 5997 Eusta-

2157 4754 2277 4823 ρίας
2306 4750 2599 4815 Εὑστάθιος
2634 4753 2875 4815 ὑποστὰς
2905 4752 3009 4803 ὑπο
3046 4753 3229 4822 Κύρου
3261 4753 3595 4824 καθῄρηται,
3618 4758 3737 4808 Εὐ-

2154 4843 2358 4913 φρονίῳ
2389 4843 2467 4911 τῷ
2503 4842 2621 4911 μετ’
2647 4846 2854 4896 ἐκεῖνον
2883 4845 3196 4912 ὁμωρόφιος
3226 4840 3313 4915 ἦν.
3352 4847 3741 4915 Ιιαραιτούμε-

2154 4953 2241 4998 νος
2262 4936 2317 4987 δὲ
2344 4935 2612 5006 ἱερᾶσθαι,
2632 4936 2741 4997 τοῖς
2765 4938 2887 4989 κατ’
2912 4936 3318 5007 Ἀλεξάνδρειαν
3335 4938 3740 5004 διδασκαλείοις

2153 5028 2363 5095 ἐφοίτα.
2403 5028 2692 5096 Ἀσκηθεὶς
2718 5027 2774 5079 δὲ
2807 5026 3061 5081 κάκεῖθεν
3090 5028 3213 5080 ὅσον
3243 5029 3433 5099 ἐχρῆν,
3458 5030 3739 5096 ἐπανῆκεν

2155 5116 2311 5183 αὖθις
2363 5122 2442 5182 είς
2479 5120 2858 5189 Ἀντιόχειανο
2908 5124 3003 5173 καὶ
3060 5120 3398 5192 σοδνδιέτριῦε
3459 5123 3737 5195 ﬂuuii-up

2156 5212 2595 5280 ἐπισκοπὴσαντι
2656 5210 2774 5280 μετ’
2813 5212 3133 5279 Εὐφρόνιυν.
3183 5212 3334 5265 Ἐπεὶ
3394 5213 3450 5265 δὲ
3512 5214 3742 5271 σύνοδ.ν

2155 5302 2335 5354 ἐκεῖσε
2382 5303 2642 5365 Εὐσέϐιος
2686 5305 2711 5354 6
2757 5303 2855 5372 τῆς
2901 5304 3318 5357 Κωνσταιτίνου
3362 5305 3611 5372 συνίστα,
3656 5310 3739 5371 είς

2155 5393 2244 5443 τὸν
2278 5394 2373 5462 τῆς
2416 5394 2831 5464 Ἀλεξανδρείας
2878 5394 3067 5464 θρόνον
3103 5394 3294 5448 τοῦτον
3329 5395 3589 5465 ἐψήφιζε.
3633 5401 3743 5451 Καὶ

2156 5486 2265 5555 γὰρ
2292 5484 2428 5556 ᾤετο
2458 5486 2638 5551 λέγειν
2668 5488 2839 5540 δεινὸν
2868 5487 3025 5551 ὄντα,
3051 5487 3148 5541 καὶ
3173 5488 3265 5541 τὸν
3292 5489 3407 5559 βίον
3436 5490 3615 5554 καλῶς
3646 5495 3746 5543 καὶ

2158 5578 2376 5644 dinei);
2404 5578 2746 5646 δεξάγοντα,
2775 5579 2970 5632 θᾶττον
2994 5581 3328 5647 Αἰγυπτίους
3359 5584 3744 5653 μεταρρυθμί-

2159 5687 2247 5723 σαι
2278 5674 2376 5740 τῆς
2409 5673 2537 5741 περὶ
2574 5674 2893 5727 Ἀθανάσιον
2927 5673 3183 5744 σχέσεως.
3221 5675 3309 5738 Ὠς
3339 5675 3395 5728 δὲ
3423 5676 3525 5746 τὴν
3554 5677 3743 5733 τοιαύ-

2159 5804 2293 5882 tltias
2312 5804 2502 5884 a__Cyro
2523 5805 2768 5884 Berrfraeo
2793 5819 3072 5884 accusatus
3097 5819 3356 5879 tanquam
3379 5808 3745 5884 Sabellizatu,

2159 5877 2215 5927 in
2248 5877 2482 5931 ordinem
2514 5880 2801 5933 damnatus
2838 5879 3177 5951 redigeretur.
