4090 6208
415 420 524 483 237

1374 413 1978 501 ECCLESIASTlC/E
2018 410 2411 472 HISTORUE
2451 408 2597 470 LIB.
2647 407 2748 467 IX.

3555 399 3657 465 238

411 545 514 598 την
546 526 834 580 ἀπεώσατο
868 523 1235 595 λειτουργίαν,
1269 525 1536 591 οἰόμενο·,
1564 525 1701 595 ὅπερ
1733 524 1826 576 καὶ
1860 524 1988 593 άλη-

2102 530 2217 586 tus,
2266 519 2614 576 Antiochiam
2663 518 2864 572 rediit:
2909 526 2965 573 et
3018 532 3142 573 cum
3185 516 3426 575 Placito.
3474 517 3571 586 qui
3607 516 3660 566 in

413 619 506 683 θὲς
547 615 651 690 ἦν,
699 616 976 687 εὐπρεπὲς
1023 617 1282 686 εὑρήσειν
1329 618 1483 686 μῖσος
1534 616 1684 685 παρὰ
1730 616 1838 669 τῶν
1883 617 1982 685 τῆς

423 711 864 782 ’Δλεξανδρείας,
898 709 970 780 μή
998 726 1118 763 τινα
1147 707 1333 776 έτερον
1359 709 1483 761 ἀντὶ
1512 707 1835 761 Ἀθανασίου
1863 710 1987 761 ἀνε-

411 801 664 874 χομένων
707 803 868 872 ὁρᾷν,
914 801 995 864 είς
1027 799 1274 870 Ἐμεσαν
1316 800 1636 870 μετεχώρει.
1681 800 1986 870 Γρηγὸριος

409 893 490 955 δέ,
537 895 620 957 είς
664 894 761 963 τὴν
800 891 1157 961 Ἀλεξάνδρου
1204 890 1625 961 προεὸισάξετο.
1668 890 1990 960 Διαϐληθεὶς

408 986 457 1039 δ’
483 988 541 1038 ἐν
574 987 838 1057 Ἑμέσσῃ.
870 986 943 1048 ὡς
977 984 1063 1054 εῐη
1093 983 1154 1036 τὸ
1183 984 1280 1052 τῆς
1313 983 1702 1054 ἀστρονομίας,
1735 983 1763 1037 ὃ
1796 986 1985 1036 ἀποτε-

409 1076 745 1146 λεσματικὺν
774 1077 1038 1145 καλεῖται,
1064 1077 1268 1147 μετιὼν
1301 1076 1465 1147 μέρος
1486 1117 1502 1142 ,
1533 1077 1710 1147 φυγάς
1742 1078 1820 1139 εἰς
1851 1075 1989 1128 Λαο-

407 1170 620 1222 δίκειαν
660 1169 791 1239 πρὸς
833 1169 1110 1241 Γεώργιον
1142 1170 1234 1222 τὴν
1268 1170 1448 1222 ἐκεῖσε
1493 1169 1793 1222 ἐπίσκοπον
1829 1167 1988 1237 ἥκει,

409 1264 628 1331 ἑταῖρον
659 1265 722 1316 ὲκ
755 1263 985 1319 παλαιοῦ
1015 1262 1168 1318 ὄντα.
1206 1261 1268 1316 ⁸0
1297 1262 1341 1316 δ’
1365 1262 1445 1326 είς
1482 1261 1813 1332 ’Δντιόχειαν
1845 1259 1994 1328 αὑτῷ

409 1354 688 1408 συνελθὼν
730 1355 867 1426 πρὸς
911 1355 1198 1424 Πλάκητον
1243 1353 1339 1408 καὶ
1379 1353 1729 1425 Νάρκισσον,
1771 1354 1851 1416 είς
1892 1353 1993 1423 τὴν

419 1445 778 1518 Ἐμεσσηνῶν
804 1445 962 1513 αὖθις
989 1447 1089 1518 τὴν
1121 1446 1256 1501 ἰδίαν
1282 1447 1632 1516 ἀποκατέστη
1663 1445 1991 1516 ἐπισκοπὴν.

409 1537 520 1595 Ἤν
544 1541 603 1593 δὲ
633 1541 778 1611 μάλα
805 1542 900 1596 καὶ
927 1539 1141 1611 βασιλεῖ
1163 1539 1532 1610 Κωνσταντίῳ
1557 1539 1956 1610 κεχαρισμένος
1979 1555 1994 1570 ·

410 1629 652 1697 ἐπήγετο
709 1630 816 1700 γὰρ
872 1629 1035 1682 αὑτὸν
1095 1629 1232 1698 πρὸς
1289 1626 1507 1699 Πέρσας
1568 1627 1779 1696 μέλλων
1832 1642 1997 1698 στρα-

409 1722 598 1774 τεύειν
617 1737 633 1754 ο
665 1724 929 1792 τεράστια
960 1720 1070 1790 γὰρ
1102 1720 1273 1773 πολλά
1299 1721 1362 1773 τὸ
1392 1719 1535 1772 Θδῖον
1562 1719 1630 1771 δι’
1653 1719 1818 1773 αὐτοῦ
1845 1720 1998 1788 ἐνερ-

2086 615 2410 685 episcopatu
2461 613 2785 682 Euphronio
2829 613 3131 677 successit,
3165 611 3290 666 fuit.
3337 610 3453 674 llic,
3497 611 3666 664 Eusc-

2087 707 2212 763 bius
2283 705 2942 773 Constantinopolitanus
3007 719 3130 759 cum
3189 705 3458 773 synodum
3523 701 3669 755 cele-

2089 798 2308 860 braret,
2359 797 2746 852 Alexandrina:
2796 797 2911 852 sedi
2963 798 3108 850 hunc
3147 795 3463 849 destinavit.
3509 795 3666 860 Quod

2089 889 2236 944 enim
2263 897 2319 944 et
2360 888 2674 957 eloquentia
2729 888 2997 956 polleret.
3033 896 3088 943 et
3137 887 3278 940 bene
3325 885 3668 955 honesteque

2089 981 2337 1048 viveret,
2369 979 2527 1034 brevi
2567 980 2611 1034 is
2639 978 2923 1050 rEgyptios
2957 978 3024 1033 ab
3057 993 3246 1031 amore
3278 987 3334 1032 et
3364 978 3666 1038 desiderio,

2092 1086 2203 1142 quo
2252 1073 2306 1125 in
2359 1070 2718 1125 Athanasium
2770 1069 3125 1134 ferebantur,
3167 1069 3506 1124 abducturus
3546 1085 3668 1122 esse

2092 1164 2528 1219 existimabatur.
2581 1163 2714 1218 Eam
2772 1163 3113 1218 [unctionem
3173 1163 3267 1216 ubi
3330 1161 3666 1231 repudiavit,

2094 1254 2149 1309 id
2185 1255 2332 1325 quod
2358 1271 2448 1311 res
2483 1263 2604 1311 erat
2633 1270 2818 1311 secum
2848 1263 3133 1324 reputans,
3161 1254 3368 1323 justam
3402 1254 3667 1307 nimirum

2095 1363 2222 1416 erga
2244 1362 2303 1403 se
2327 1348 2440 1402 odii
2462 1362 2684 1404 causam
2712 1347 2871 1402 facile
2897 1346 3299 1401 Alexandrinos
3324 1355 3667 1416 reperturos,

2096 1441 2191 1509 qui
2218 1441 2386 1494 alium
2413 1442 2689 1494 neminem
2721 1455 2822 1510 pro
2849 1439 3147 1493 Athanasio
3172 1453 3401 1494 cernere
3427 1438 3669 1492 sustine-

2098 1543 2220 1588 rent
2253 1534 2576 1603 episcOpum
2601 1573 2618 1598 ,
2663 1532 2916 1587 Emesam
2960 1541 3044 1586 est
3096 1532 3336 1587 missus:
3374 1529 3672 1602 Gregorius

2098 1635 2280 1682 autem
2313 1625 2702 1680 Alexandriam
2728 1625 3019 1681 deductus.
3054 1624 3147 1678 ille
3168 1624 3443 1678 calumnia
3467 1624 3672 1676 Emesre

2098 1718 2396 1786 expetitus,
2430 1716 2584 1788 quasi
2631 1718 2751 1788 ejus
2781 1717 2954 1787 partis
2985 1717 3338 1771 astronomia
3378 1731 3502 1787 qua:
3533 1716 3676 1784 Apo-

412 1815 556 1878 τεῒν,
583 1812 661 1876 ὥς
691 1831 824 1883 φησι
859 1811 1127 1880 Γεὼργιος
1159 1814 1186 1865 ὁ
1218 1811 1538 1875 Λαοδικεὺς,
1565 1809 1658 1862 τὸν
1684 1809 1801 1880 βίον
1828 1808 1996 1862 αὑτοῦ

2103 1809 2443 1864 telesmalica
2475 1809 2702 1874 dicitur,
2737 1811 3018 1879 responsis
3047 1809 3260 1864 scilicet
3283 1810 3480 1865 dandis
3511 1824 3680 1862 oceu-

412 1875 845 1976 συνταξάμενος.
888 1875 1110 1975 Καίτιερ
1148 1903 1206 1956 δὲ
1248 1902 1491 1966 τοιοῦτος
1529 1899 1641 1966 ὢν,
1681 1875 1779 1964 τὰς
1819 1902 1995 1967 άρκυς

2102 1913 2222 1973 pata
2245 1945 2258 1968 ,
2296 1903 2570 1957 studiosus
2605 1912 2769 1965 esset,
2801 1902 2968 1971 682
3020 1901 3346 1957 Laodiceam
3397 1903 3465 1957 ad
3509 1902 3680 1957 Geor-

411 1999 522 2049 τῶν
554 1997 836 2068 φθονερῶν
866 1996 927 2050 οὐ
959 1996 1144 2067 διέδρα
1164 2033 1180 2058 ,
1212 1994 1483 2047 εἰωθότων
1509 1994 1621 2056 τοῖς
1653 1993 1840 2055 καλοτς
1872 1994 1995 2045 ἐπι-

2102 1996 2247 2066 gium
2283 1995 2526 2068 episcopi
2563 1995 2727 2051 isthic
2767 2009 2994 2049 munere
3026 1995 3343 2065 fungentem
3371 2036 3386 2060 ,
3436 2005 3677 2050 veterem

413 2091 693 2168 φύεσθαις
745 2089 952 2161 μέμψιν
990 2090 1099 2159 γὰρ
1147 2089 1308 2167 έσχεν
1349 2086 1422 2150 ὡς
1469 2085 1669 2157 ιπίσης
1718 2085 1995 2156 magna.)

412 2183 625 2251 φρονεῖ.
657 2164 792 2235 Τότε
827 2197 888 2248 γε
927 2179 1054 2250 μὴν,
1088 2179 1165 2242 ὼς
1196 2164 1434 2250 εἴρηται,
1468 2179 1583 2239 τοῖς
1625 2178 1683 2230 έν
1717 2177 2001 2247 Δίτιοχείᾳ,

413 2273 610 2327 καθξστ
621 2291 716 2326 ατο
734 2274 1048 2343 σύμψηφος.
1067 2274 1200 2345 Περὶ
1222 2273 1324 2341 μὲν
1338 2268 1432 2325 οὖν
1447 2270 1520 2324 Εὐ
1531 2270 1711 2324 σεσίου
1729 2269 1964 2322 τοσαῦτα
1982 2287 1995 2301 ·

415 2369 448 2437 ή
489 2368 547 2419 δὲ
591 2371 651 2418 ἐν
685 2366 992 2436 Ἀντιοχείᾳ
1033 2364 1253 2428 σύνοδος
1284 2363 1512 2417 τοιαῦτα
1556 2362 1850 2434 πράξασα,
1885 2362 1996 2415 διε-

415 2477 598 2514 ΑυΞτΟ.

2100 2088 2342 2142 amicum
2386 2087 2667 2159 profugit:
2708 2098 2764 2144 et
2805 2104 2929 2142 cum
2980 2088 3174 2144 eodem
3217 2090 3562 2144 Antiochiam
3611 2090 3679 2144 ad

2103 2180 2370 2234 Placitum
2399 2192 2451 2234 et
2476 2180 2798 2236 Narcissum
2838 2179 3144 2251 profectus,
3179 2182 3309 2236 inde
3339 2182 3682 2253 apudEme-

2103 2285 2269 2326 senos
2318 2269 2373 2324 in
2417 2272 2800 2341 episcopatum
2856 2288 3014 2327 suum
3067 2274 3363 2329 restitutus
3407 2283 3511 2329 est.
3560 2275 3683 2329 Fuit

2105 2373 2289 2417 autem
2346 2371 2403 2417 et
2455 2363 2782 2419 Constantio
2822 2366 3159 2440 imperatori
3209 2349 3534 2436 pergratus,
3586 2366 3681 2434 qui

2105 2472 2230 2512 eum
2293 2470 2479 2511 secum
2549 2456 2815 2512 adversus
2881 2457 3077 2512 Persas
3144 2456 3354 2513 bellum
3423 2470 3685 2528 gesturus

415 2553 575 2607 duxit
605 2553 707 2622 (l).
745 2551 912 2607 Multa
949 2567 1190 2621 namque
1232 2551 1481 2605 divinum
1517 2565 1717 2604 numen
1787 2549 2037 2620 prodigia
2079 2566 2176 2620 per
2246 2551 2423 2620 ipsum
2469 2550 2747 2614 edidisse,
2788 2549 3144 2607 Laodic‘ensis
3207 2551 3375 2606 refert
3414 2551 3683 2621 Georgius

416 2650 509 2717 qui
555 2648 720 2701 \itam
762 2647 881 2717 ejus
914 2644 1272 2713 conscripsit.
1317 2645 1381 2700 Et
1413 2643 1664 2714 quamvis
1697 2653 1884 2698 tantus
1951 2645 2034 2698 vir
2071 2644 2266 2710 fuerit,
2303 2658 2415 2697 non
2457 2654 2638 2698 tamen
2711 2644 3028 2699 invidorum
3053 2685 3066 2706 ,
3098 2645 3191 2715 qui
3223 2645 3472 2702 honestis
3503 2650 3683 2703 itum;-

419 2759 551 2798 nere
583 2741 733 2796 soliti
761 2750 914 2806 sunt,
943 2741 1172 2810 laqueos
1199 2740 1413 2810 cﬂugit.
1451 2739 1739 2810 Objectum
1769 2743 1916 2793 enim
1981 2740 2032 2793 ei
2073 2749 2179 2802 est,
2249 2738 2394 2808 quod
2438 2738 2491 2792 in
2534 2737 2729 2793 eadem
2767 2747 2917 2794 esset
2950 2753 3075 2793 eum
3109 2738 3351 2795 Sabellio
3382 2745 3680 2798 sententia.

417 2836 559 2892 Tum
604 2851 741 2892 sane
784 2833 1043 2906 quidem.
1091 2833 1172 2889 uti
1218 2833 1356 2899 dixi,
1405 2832 1707 2889 Antiochiae
1752 2832 1992 2889 decretis
2032 2831 2301 2888 faciendis
2333 2846 2458 2888 cum
2539 2831 2664 2888 aliis
2712 2831 3039 2904 suifragator
3084 2832 3360 2890 interfuit.
3413 2835 3538 2891 llrec
3609 2838 3679 2892 de

418 2929 684 2985 Eusebio.
721 2929 795 2985 .Et
827 2928 1074 3000 synodus
1113 2927 1461 2985 Antiochena
1497 2927 1663 2982 rebus
1697 2926 1770 2981 ita
1806 2927 1993 2997 gestis,
2035 2927 2213 2982 soluta
2243 2935 2350 2983 est.
3308 2921 3311 2923 ’

1021 3073 1271 3128 ΚΕΦΑΛ.
1315 3075 1404 3141 ς’.

415 3163 518 3235 Ὧς
557 3167 917 3224 Ἀθανασίου
978 3167 1400 3234 ἐκϐληθέντος,
1457 3171 1792 3237 Γρητόριος
1842 3169 1995 3238 μετα

490 3238 925 3308 στρατιωτικῆς
954 3239 1267 3308 φάλαγγος
1299 3240 1414 3306 τὴν
1468 3241 1811 3307 ἐκκλησίαν
1851 3257 1994 3294 κατ-

489 3309 676 3380 έσχε·
710 3309 809 3362 καὶ
850 3313 985 3377 περὶ
1029 3311 1291 3363 Ἰουλίου
1316 3310 1422 3362 τοῦ
1464 3310 1692 3379 Ῥώμης
1742 3311 1992 3364 ἐπισκό-

490 3393 645 3434 που·
681 3380 781 3434 καί
819 3381 902 3444 ὡς
923 3380 1266 3447 ἐχαλέπηνε
1297 3380 1431 3448 περὶ
1459 3380 1839 3436 'Adarurn'ov.

493 3494 698 3559 Κακῶς
741 3495 786 3548 δ’
815 3497 872 3549 έν
916 3496 1146 3559 ἐκείνοις
1183 3499 1301 3559 τοῖς
1341 3496 1554 3567 χρόνοις
1601 3499 1692 3550 καὶ
1729 3499 1798 3550 τὰ
1840 3499 1995 3552 κοινά

418 3588 653 3642 διέκειτο
695 3588 1000 3657 πράγματα
1026 3605 1039 3618 ·
1083 3589 1329 3658 Φράγγοι
1377 3592 1484 3658 γὰρ
1527 3589 1681 3653 ἔθνος
1719 3589 1996 3660 δύσμαχον

417 3679 530 3735 τῶν
571 3680 711 3752 πρὸς
752 3678 996 3748 ἑσπέραν
1020 3681 1367 3751 -κατὲτρεχον
1403 3681 1660 3738 Γαλατῶν
1696 3683 1997 3752 έπιμᾶλλον

415 3772 701 3846 δῃοῦντες.
748 3774 828 3824 Τὰ
875 3773 932 3824 δὲ
979 3774 1114 3841 πρὶς
1158 3773 1232 3827 ἔω
1276 3774 1554 3845 ἀρχόμενα
1601 3776 1705 3828 ὑπὸ
1753 3775 1997 3845 σεισμῶν

419 3869 630 3937 ἀγρίων
665 3865 1103 3920 ἀνετινάσσοντο.
1143 3866 1210 3920 Ἦ
1240 3866 1286 3918 δ’
1322 3868 1597 3938 Ἀντιόχου
1635 3869 1870 3938 μάλιστα
1903 3870 1999 3924 καὶ

420 3961 504 4022 είς
533 3959 782 4012 ἐνιαυτὸν
813 3959 936 4011 ὅλον
967 3957 1172 4012 ἐσείετο
1197 3973 1212 3987 ·
1243 3960 1482 4029 ὁπηνίκα
1514 3961 1610 4013 σὺν
1642 3959 1824 4030 πολλῷ
1859 3959 1998 4029 πλή-

420 4053 506 4105 θει
551 4051 905 4123 στρατιωτῶν
929 4093 943 4117 ,
979 4052 1142 4104 πέντε
1185 4051 1422 4122 χιλιάδες
1463 4048 1602 4124 ἦσαν
1637 4053 1730 4104 τὸν
1765 4053 1999 4122 ἀριθμὸν

420 4135 496 4196 ὧν
525 4143 777 4208 ἐξηγεῖτο
807 4141 1090 4210 Συριανὸς.
1125 4142 1218 4193 καὶ
1244 4139 1548 4209 Γρηγόριος
1573 4143 1638 4194 έκ
1661 4144 1762 4211 τῆς
1797 4141 1999 4195 Ἀντιό-

420 4253 518 4308 χου
550 4235 650 4306 τὴν
677 4235 1027 4304 Ἀλεξάνδρου
1070 4234 1389 4287 κατέλαὸεν.
1421 4234 1485 4286 Ἡ
1521 4233 1577 4286 δὲ
1618 4235 1849 4303 στρατιὰ
1893 4252 2000 4288 πα·-

423 4330 646 4401 ριίπετό
668 4328 741 4389 οἱ,
763 4328 838 4389 ὡς
863 4326 930 4380 ἂν
953 4325 1202 4396 ἀσφαλὴς
1227 4328 1259 4397 ή
1287 4326 1491 4389 είσοδος
1520 4328 1611 4380 καὶ
1634 4327 2000 4392 ἀστασίαστος

421 4422 573 4494 αὐτῷ
602 4421 844 4491 γένοιτο,
876 4419 1102 4493 ἀρρήτῳ
1130 4418 1282 4490 πόθῳ
1311 4418 1405 4473 τοῦ
1438 4419 1678 4490 πλήθους
1711 4421 2000 4493 ἐντετηκό-
2035 4442 2075 4497 D

422 4531 515 4577 τος
553 4515 633 4574 είς
668 4513 1007 4568 Ἀθανάσιον.
1045 4513 1120 4565 Οὐ
1167 4512 1338 4584 μικρὰ
1376 4513 1433 4566 δὲ
1473 4512 1566 4566 καὶ
1605 4515 1655 4566 οἱ
1694 4514 1754 4577 ἐξ
1787 4513 2001 4584 Ἀρείου

426 4609 606 4661 ἐκεῖσε
638 4605 787 4670 ὅντες
819 4607 1114 4679 σννήροντο
1146 4607 1286 4659 κατά
1316 4622 1380 4676 γε
1411 4605 1566 4658 τοῦτο
1595 4606 1657 4657 τὸ
1692 4606 1881 4676 μέρος,
1909 4608 2004 4659 καὶ

425 4701 576 4761 ὅπως
608 4697 926 4758 Ἀθανάσιος
956 4696 1237 4766 δξελαθείη
1268 4696 1742 4761 διασκοπούμενοι.
1783 4699 2006 4752 Ἐδεδὶε-

429 4809 534 4846 σαν
568 4791 676 4861 γάρ
719 4791 794 4860 μὴ
834 4791 1139 4844 στασιάσαν
1173 4790 1232 4842 rb
1270 4790 1496 4859 πλῆθος,
1532 4791 1721 4854 κακῶς
1761 4792 2002 4856 ἐκείνους

425 4883 683 4938 διάθοιτο.
714 4885 780 4934 '0
814 4883 881 4950 δὴ
911 4882 1008 4936 καὶ
1041 4881 1360 4945 Ἀθανάσιος
1396 4883 1749 4953 ὑπειδόμενος
1770 4927 1784 4947 ,
1823 4886 2004 4955 ἡρέμα

429 4974 646 5044 φεύγει.
682 4973 954 5045 Ἐσπέρας
994 4974 1104 5044 γὰρ
1146 4974 1249 5044 ἤδη
1294 4975 1751 5044 καταλαὸούσης,
1800 4978 1887 5030 ἐπ’
1917 4980 2006 5029 ἐκ·

427 5066 664 5137 κλησίας
699 5062 790 5138 ἦν,
833 5065 1199 5137 προσδοκίμου
1248 5064 1522 5131 συνάξεῳς
1564 5064 1751 5134 aiis-qq.
1797 5064 1905 5136 Τῆς
1947 5068 2004 5121 δὲ

430 5159 696 5230 στρατιᾶς
730 5157 872 5212 κατά
906 5155 1162 5226 φάλαγγα
1196 5155 1481 5225 εὐκόσμως
1513 5157 1878 5224 διαλαϐοὐσης
1908 5157 2007 5229 τὴν

430 5249 754 5319 ἐκκλησίαν,
798 5250 1006 5311 ἐκεῖνος
1048 5250 1213 5318 εὐχὴν
1259 5248 1502 5314 τελέσας,
1543 5250 1640 5317 τῆς
1685 5250 2005 5321 ψαλμιμδίας

427 5339 685 5392 ἐκέλευεν
708 5326 960 5409 Ἐχεσθαι.
994 5341 1054 5392 Οἱ
1088 5339 1144 5391 δὲ
1179 5339 1514 5408 στρατιῶται
1542 5342 1680 5404 τέως
1710 5341 2003 5411 ἡσύχαζον,

428 5435 505 5496 ὡς
544 5435 647 5484 οὐκ
687 5431 944 5500 εὔκαιρον
982 5430 1042 5483 ὃν
1085 5431 1321 5499 οίὸμενοι
1362 5431 1674 5496 ἐπιθέσθαι,
1716 5433 2008 5501 συμφώνου

434 5525 704 5596 μελῳδίας
741 5526 1135 5596 ὲξηχουμένης.
1181 5525 1270 5577 Ἐν
1315 5524 1487 5595 τούτῳ
1529 5524 1572 5576 δ’
1603 5511 1784 5594 ἡρέμα
1829 5526 2007 5579 λαθὼν

444 5615 767 5680 Ἀθανάσιος
787 5657 802 5680 ,
834 5620 892 5670 ὲν
919 5617 999 5686 τῷ
1030 5617 1240 5679 ⁴πάντας
1264 5613 1353 5668 διὰ
1384 5618 1513 5684 μιᾶς
1545 5615 1764 5682 ἐξάγειν
1795 5615 1970 5683 πύλης
1992 5657 2005 5680 ,

429 5709 490 5760 έν
520 5710 673 5780 μέσῳ
700 5708 810 5762 τῶν
835 5707 1274 5780 ψαλμῳδούντων
1304 5706 1546 5776 ἀδλαῦὴς
1571 5705 1881 5771 διεσώζετο,
1913 5707 2008 5759 καὶ

2712 3073 2942 3131 CAPUT
2986 3071 3075 3128 Vl.

2106 3169 2170 3224 Ut
2219 3168 2511 3224 Athanasio
2542 3171 2742 3239 ejecta,
2780 3167 3062 3239 Gregorius
3105 3167 3326 3239 militari
3386 3187 3548 3225 manu
3587 3173 3683 3225 ui-

2173 3251 2328 3309 ραειη
2404 3237 2678 3295 εςσίεείαηι
2751 3238 3044 3308 occuparit.
3112 3237 3190 3290 De
3242 3237 3386 3295 Julia
3444 3241 3680 3295 Romano

2173 3314 2428 3434 episcopo,
2457 3311 2714 3381 quomoda
2757 3311 2806 3364 is
2855 3309 3138 3365 Athanasii
3179 3325 3363 3367 casum
3405 3328 3546 3384 agre
3601 3324 3686 3366 tu-

2195 3393 2318 3434 erit.

2175 3495 2250 3548 Ea
2301 3508 2432 3548 vero
2486 3503 2816 3564 tempestate
2865 3510 2956 3554 res
3002 3497 3170 3557 etiam
3216 3498 3456 3569 publica
3502 3498 3684 3558 infeli-

2101 3589 2240 3644 citer
2285 3589 2703 3643 administrata.
2754 3588 2952 3646 Franci
2993 3592 3174 3659 enim,
3222 3608 3358 3663 gens
3399 3592 3684 3660 bellicosa,

2101 3678 2332 3733 Galliam
2358 3678 2756 3733 occidentalem
2785 3692 3208 3751 percurrentes,
3244 3686 3478 3739 maxime
3505 3697 3686 3740 vasta-

2101 3781 2255 3825 runt.
2289 3773 2346 3824 ln
2382 3769 2608 3826 Oriente
2635 3779 2818 3826 autem
2848 3773 2969 3828 loca
3004 3773 3265 3845 pleraque
3299 3777 3462 3833 saevis
3494 3786 3684 3833 terrae-

2105 3863 2346 3917 motibus
2387 3873 2517 3917 sunt
2551 3878 2858 3921 concussa:
2899 3867 3195 3923 Antiochia
3237 3885 3370 3924 vero
3411 3872 3678 3936 maxime;

2104 3952 2322 4025 integro
2355 3971 2590 4025 namque
2619 3971 2765 4011 anno
2793 3958 2846 4012 id
2879 3961 3111 4028 pertulit
3131 3962 3358 4017 malum.
3388 3960 3508 4029 Quo
3541 3972 3682 4018 tem-

2106 4059 2237 4113 pore
2259 4061 2384 4100 cum
2413 4061 2605 4116 magna
2640 4048 2874 4102 militum
2899 4064 3068 4105 manu
3102 4052 3367 4124 (quinque
3397 4052 3679 4107 hominum

2106 4141 2272 4194 millia
2323 4154 2526 4206 erant,
2569 4157 2708 4212 quos
2758 4140 3029 4214 Syrianns
3079 4144 3336 4215 ducebat)
3379 4144 3682 4218 Gregorius

2107 4234 2398 4289 Antiochia
2430 4235 2818 4294 Alexandriam
2850 4244 2940 4291 est
2973 4238 3275 4307 profectus.
3308 4237 3508 4294 Milites
3548 4255 3681 4310 pro-

2106 4337 2291 4396 pterea
2340 4342 2467 4382 eum
2516 4326 2728 4393 secuti,
2783 4338 2848 4384 ut,
2893 4339 3011 4386 tuto
3057 4338 3112 4387 et
3163 4331 3372 4402 absque
3405 4332 3679 4388 seditione

2107 4419 2257 4473 omni
2301 4418 2514 4498 ingredi
2545 4434 2666 4474 eam
2702 4420 2897 4475 urbem
2936 4431 3139 4491 posset.
3175 4421 3495 4480 Incredibili
3525 4429 3675 4481 enim

2105 4527 2233 4580 erga
2279 4511 2638 4567 Athanasium
2678 4512 2960 4570 desiderio
3008 4515 3306 4572 multitudo
3334 4519 3674 4577 ’tenebatur.

2105 4603 2223 4659 Non
2253 4620 2450 4674 parum
2483 4615 2663 4661 tamen
2698 4608 2883 4664 Ariani
2915 4625 3172 4679 quoque.
3208 4611 3303 4679 qui
3333 4612 3676 4670 Alexandriae

2106 4707 2283 4760 erant,
2307 4695 2587 4766 quomodo
2610 4697 2945 4754 Athanasius
2966 4701 3277 4772 exigeretur
3295 4699 3675 4773 dispicientes.

2109 4789 2210 4842 hac
2244 4790 2298 4848 in
2326 4797 2486 4857 parte
2519 4786 2869 4858 profuerunt.
2916 4791 3242 4847 Metuebant
3277 4793 3425 4848 enim
3463 4793 3564 4858 illi,
3608 4810 3679 4848 ne

2109 4883 2346 4935 tumultu
2386 4881 2438 4933 in
2473 4882 2630 4949 plebe
2663 4881 2934 4942 excitato.
2978 4884 3120 4937 male
3155 4884 3226 4939 ab
3263 4899 3325 4945 ea
3357 4887 3678 4956 acciperen-
3787 4914 3794 4922 -

2114 4985 2220 5027 tur.
2269 4975 2423 5040 Quod
2471 4985 2529 5029 et
2581 4978 2756 5045 ipsum
2805 4975 3142 5030 Athanasius
3181 4978 3424 5042 veritus,
3471 4981 3677 5034 sensim

2112 5067 2377 5137 fugiebat.
2409 5065 2605 5124 Serum
2636 5069 2746 5138 jam
2781 5069 2887 5122 diei
2920 5079 3061 5133 erat,
3091 5081 3145 5123 et
3186 5070 3300 5141 ipse
3334 5071 3387 5127 in
3419 5073 3676 5137 ecclesia,

2109 5159 2254 5227 quod
2296 5159 2519 5231 synaxis
2548 5170 2600 5214 et
2639 5170 2944 5216 conventus
2978 5163 3034 5217 in
3067 5164 3487 5232 exspectatione
3509 5177 3676 5225 esset.

2109 5249 2277 5304 rebus
2317 5251 2494 5305 sacris
2536 5249 2881 5310 intendebat.
2930 5251 2996 5306 Et
3042 5267 3237 5308 mnus
3274 5255 3387 5324 jam
3418 5255 3677 5310 militaris

2108 5341 2397 5398 ecclesiam
2432 5357 2530 5411 per
2560 5342 2875 5412 manipulos
2908 5346 3102 5400 ordine
3130 5361 3232 5400 suo
3267 5360 3634 5416 occupaverat
3661 5365 3675 5401 :

2110 5449 2235 5487 cum
2289 5433 2378 5487 ille
2431 5435 2748 5502 precatione
2798 5446 3051 5504 peracta,
3099 5437 3459 5504 psalmodiam
3506 5441 3682 5493 conti-

2109 5540 2282 5578 nuare
2307 5525 2483 5596 jubet.
2514 5525 2683 5599 683
2714 5526 2911 5581 Milites
2942 5527 3117 5596 quieti
3154 5537 3268 5582 tum
3295 5539 3489 5593 erant,
3527 5531 3674 5599 quod

2113 5617 2560 5686 intempestivum
2604 5618 2869 5686 impetum
2922 5619 2978 5673 in
3019 5633 3142 5673 eum
3179 5619 3357 5676 facere
3394 5621 3685 5675 existima-’

2111 5719 2274 5775 rent,
2335 5723 2460 5762 cum
2522 5718 2799 5764 concentu
2861 5725 2970 5765 uno
3028 5711 3271 5768 carmina
3325 5719 3668 5768 resonarcnt.

507 5871 587 5942 (i)
624 5871 838 5927 Socrat.
882 5869 1068 5936 habet,
1105 5865 1352 5922 adversm
1381 5864 1668 5921 Barbaros.
1698 5865 1776 5921 Ex
1807 5866 2075 5938 Eutropio
2104 5864 2323 5920 videtur
2357 5881 2480 5922 esse
2511 5865 2805 5937 legendum
2847 5867 3090 5924 Porinos.
