4042 6200
399 277 502 344 ΞΜ

1621 271 1669 334 Ν
1684 270 2046 332 lCEPIIORl
2088 267 2438 331 CALLlS’I’I

3554 268 3668 334 992

395 392 686 449 excutiens
713 390 866 461 legit.
904 387 1111 443 Deinde
1141 385 1374 442 Tarsum
1403 383 1470 440 ad
1499 384 1827 445 Antonium.
1858 381 1966 436 Lu-

2075 382 2263 452 ζεκιὴλ
2297 380 2594 452 διδαχθεὶς,
2651 378 2897 452 ἀκρασίᾳ
2931 377 3198 450 γλώττης,
3235 381 3330 434 καὶ
3363 380 3443 458 τῷ
3473 381 3666 441 δυσσε-

396 490 558 546 ciano
589 485 818 554 martyri
862 495 1075 545 notum.
1111 483 1286 538 venit.
1323 482 1367 537 A
1403 495 1513 552 quo
1542 478 1864 550 Apostolum
1895 476 1978 531 di-

396 594 578 645 scens,
619 578 753 635 satis
788 577 879 633 dio
915 592 1040 633 cum
1083 591 1173 642 eo.
1222 589 1348 633 cum
1380 572 1565 632 adhuc
1606 573 1659 630 lu
1692 569 1975 645 presbyte-

399 685 586 726 rorum
635 668 830 722 ordine
871 675 1038 728 esset.
1098 665 1322 724 mansit.
1368 664 1473 721 Ubi
1522 678 1654 718 vero
1701 661 1977 716 Antonius

394 763 638 835 episcopi
675 761 1013 816 iunctionem
1038 761 1306 830 suscepit.
1337 772 1520 827 neque
1545 757 1654 828 jam
1683 755 1973 816 doctrinm.

394 844 503 925 qua
542 856 765 910 Aetiqu
809 853 1123 918 erudiebat,
1157 866 1355 905 vacare
1404 856 1616 920 posset.
1653 847 1744 902 ille
1786 846 1979 901 Antio-

399 949 584 1001 chiam
631 957 718 1002 est
758 962 1035 1001 reversus.
1081 944 1148 997 Et.
1190 943 1265 997 ibi
1306 958 1431 998 cum
1470 958 1500 996 a
1529 942 1760 996 Leontio
1795 941 1977 995 adhuc

396 1041 722 1113 presbytero
757 1039 1004 1106 (Luciani
1047 1039 1303 1109 martyris
1331 1047 1386 1090 ct
1433 1036 1524 1090 hic
1552 1035 1777 1090 habitus
1801 1044 1978 1088 secta-

397 1133 506 1202 tor)
543 1134 862 1203 prophetas.
898 1142 1063 1200 atque
1102 1131 1154 1183 in
1201 1130 1395 1200 primis
1427 1129 1775 1183 Ezechielem
1811 1127 1976 1182 doce-

396 1233 568 1289 retur,
633 1233 859 1294 propter
903 1224 1102 1293 linguze
1134 1221 1638 1292 intemperantiam,
1673 1231 1724 1275 et
1756 1229 1977 1275 senten-

400 1321 488 1372 tia:
535 1320 896 1385 impietatem,
944 1319 1071 1371 inde
1107 1333 1299 1372 rursus
1333 1327 1420 1372 est
1453 1317 1738 1387 expulsus.
1787 1315 1974 1385 Itaque

399 1412 755 1482 sophisticam
799 1429 1088 1478 exercens,
1136 1421 1192 1465 et
1226 1411 1529 1467 certamine
1573 1425 1699 1465 cum
1748 1409 1829 1464 eis
1879 1408 1974 1479 qui

393 1503 530 1557 clari
561 1519 630 1558 eo
673 1503 856 1557 studio
892 1513 1052 1557 erant
1084 1503 1472 1572 congrediens,
1511 1501 1628 1555 loca
1662 1501 1832 1555 multa
1868 1501 1976 1553 cir-

392 1600 608 1652 t-nmiit.
659 1598 851 1650 I‘ostt'a
900 1612 1031 1650 vero
1080 1604 1136 1649 et
1180 1595 1448 1650 medicam
1494 1602 1669 1649 artem
1718 1603 1974 1649 accurate

390 1684 603 1745 didicit.
657 1689 878 1759 Sopolis
931 1689 984 1742 itt
1043 1689 1138 1742 tali
1181 1687 1472 1756 disciplina
1510 1686 1708 1742 doctor
1741 1687 1793 1742 ei
1844 1686 1966 1751 fuit,

389 1787 476 1839 vir
525 1785 580 1862 in
631 1799 700 1838 eo
764 1783 954 1838 studio
1023 1782 1230 1837 nemini
1279 1783 1576 1836 secundus.
1628 1782 1748 1852 Ipse
1797 1781 1964 1836 etiam

389 1880 582 1936 Aetius
626 1879 868 1948 optimus
905 1879 957 1932 in
997 1892 1066 1933 eo
1110 1877 1352 1940 habitus.
1400 1877 1645 1948 gratuito
1693 1889 1967 1946 pauperes

388 1975 621 2029 curavit.
652 1972 809 2040 Quod
847 1973 892 2027 si
923 1971 1222 2036 aliquando
1243 1981 1446 2042 egeret.
1478 1980 1645 2025 noctu
1669 1971 1737 2025 ad
1773 1986 1967 2042 quem-

387 2060 534 2138 piam
583 2068 716 2123 artis
762 2082 876 2122 sua:
927 2067 1167 2137 peritum
1197 2105 1212 2128 .
1260 2081 1330 2119 ne
1387 2064 1630 2120 interdiu
1687 2079 1718 2118 a
1766 2064 1967 2119 studiis

388 2161 699 2233 potioribus
731 2160 1124 2226 abduceretur,
1173 2159 1361 2215 adibat
1392 2176 1406 2213 :
1440 2171 1496 2213 et
1535 2174 1776 2225 aurum,
1816 2159 1964 2228 quod

386 2257 734 2311 accuratiore
790 2262 907 2309 arte
972 2252 1371 2307 elaborandum
1427 2261 1610 2317 esset,
1676 2251 1898 2323 petebat
1947 2268 1963 2306 :

387 2358 554 2422 atque
593 2364 763 2420 opere
794 2348 1050 2404 celeriter
1077 2348 1341 2416 perfecto,
1373 2354 1430 2400 et
1453 2346 1523 2400 ab
1554 2346 1803 2416 ejusdem
1831 2346 1965 2401 artis

383 2443 583 2513 opilice
630 2439 882 2496 mercede
913 2449 1160 2510 accepta,
1193 2440 1361 2492 vitam
1409 2439 1687 2493 toleravit.
1729 2437 1965 2493 Leontio

386 2551 521 2592 vero
547 2533 616 2589 ad
655 2535 1036 2604 episcopatum
1073 2532 1480 2587 Antiochenum
1514 2544 1732 2598 evecto,
1769 2534 1964 2588 Aetius

384 2632 456 2686 ab
475 2646 544 2685 eo
567 2629 837 2683 diaconus
861 2626 1199 2697 designatus,
1231 2637 1286 2681 et
1311 2625 1379 2682 ad
1404 2641 1605 2681 munus
1634 2627 1688 2679 in
1728 2627 1963 2683 ecclesia

381 2721 618 2777 docendi
643 2721 892 2776 delectus
916 2729 1021 2774 est.
1055 2720 1125 2774 At
1154 2719 1271 2789 ipse
1298 2718 1647 2772 diaconatum
1679 2720 1964 2790 suscipere

383 2815 620 2877 veritus.
649 2813 885 2869 docendi
917 2811 1259 2867 iunctionem
1287 2829 1395 2866 non
1433 2813 1647 2883 reiecit.
1678 2812 1854 2883 Atque
1883 2813 1960 2868 ibi

382 2909 521 2965 satis
548 2908 640 2962 diu
671 2917 942 2972 versatus,
980 2906 1367 2961 Alexandriam
1397 2907 1566 2968 venit.
1600 2907 1960 2961 Athanasium

380 3008 831 3072 oppugnaturus,
875 2997 1244 3053 Vehementer
1298 3012 1536 3066 namque
1595 2995 1663 3050 de
1722 2998 1962 3053 consub-

2079 475 2164 528 δεῖ
2196 474 2290 528 τοῦ
2335 475 2710 546 φρονήματος,
2761 473 2975 529 ἐκεῖθεν
3011 474 3140 531 ἐλαύ
3177 490 3320 534 ttat.
3361 476 3471 533 Καὶ
3517 491 3671 542 σοφιο

2081 569 2288 620 στεύων
2317 567 2479 638 διῄει,
2509 569 2588 630 εἰς
2621 567 2857 638 ἅμιλλαν
2881 568 3058 635 λόγων
3080 570 3193 630 τοῖς
3215 567 3346 636 περὶ
3371 568 3529 622 τοῦτο
3555 569 3636 621 δει

2080 663 2189 724 νοῖς
2211 662 2688 731 συμπλεκίμενος.
2726 663 2819 727 Εἰς
2848 662 3020 734 ἄκρον
3051 661 3099 713 δ’
3131 662 3327 714 ἔπειτα
3358 662 3460 733 τὴν
3496 667 3667 732 ἰατρι-

2079 753 2182 820 κὴν
2218 753 2448 825 ἤσκητο.
2481 753 2727 816 Σώπολις
2775 755 2823 806 δ’
2855 749 2924 824 ἦν
2959 754 3112 824 αὐτῷ
3146 754 3243 807 τοῦ
3281 755 3604 824 μαθήματος
3637 756 3666 808 δ

2077 845 2427 910 διδάσκαλος,
2462 848 2602 918 ἀνὴρ
2638 849 2696 900 ἐν
2729 849 2984 918 τῇτέχνῃ
3020 847 3246 918 μηδενὸς
3280 848 3419 918 ἔχων
3444 849 3512 900 τὰ
3540 848 3663 902 δεύο

2078 942 2501 1011 τερα.Ἀριστος
2533 940 2578 991 δ’
2607 943 2667 994 ἐν
2696 940 2875 1011 ταύτῃ
2913 942 3104 1007 φανεὶς
3131 940 3227 992 καὶ
3270 940 3501 1006 Ἀέτιος,
3535 940 3664 1009 ἆμι-

2078 1036 2206 1088 σθον
2255 1036 2486 1104 παρεῖχε
2535 1036 2647 1098 τοῖς
2689 1033 2970 1103 δεομένοις
3005 1036 3105 1102 τὴν
3147 1033 3470 1104 θεραπείαν.
3501 1035 3565 1089 Ei
3603 1033 3659 1087 δέ

2079 1141 2183 1176 που
2216 1123 2306 1176 καί
2333 1142 2480 1188 τινος
2509 1125 2620 1179 τῶν
2647 1124 2966 1193 ἀναγκαίων
2995 1125 3217 1192 ἐδέησεν
3243 1123 3415 1196 αὐτῷ.
3445 1123 3660 1196 νύκτωρ

2078 1221 2232 1287 παρά
2269 1236 2375 1273 τινι
2409 1219 2520 1272 τῶν
2561 1221 2876 1290 ὁμοτέχνων
2925 1222 3150 1290 φοιτῶν,
3199 1220 3289 1274 ἵνα
3321 1221 3398 1291 μὴ
3442 1221 3656 1290 ἡμέρας

2076 1315 2187 1367 τῶν
2227 1312 2664 1384 σπουδαιοτέρων
2707 1315 3000 1381 ἀπάγοιτο,
3031 1314 3155 1368 ὅσον
3194 1315 3289 1368 τοῦ
3319 1316 3546 1386 χρυσίου
3569 1331 3658 1368 τε·

2077 1407 2418 1479 χνικωτέρας
2448 1407 2618 1460 ἐδεῖτο
2642 1408 2847 1477 χειρός.
2876 1406 3050 1461 Τοῦτο
3078 1407 3133 1463 δὲ
3160 1409 3268 1480 ἄρα
3295 1409 3654 1484 ῖξιργαζόμι·

2077 1515 2169 1564 νος
2199 1500 2418 1565 θᾶττον,
2455 1501 2605 1570 παρὰ
2643 1500 2738 1553 τοῦ
2774 1502 3071 1576 ὁμοτέχνου
3112 1503 3204 1558 τὸν
3247 1503 3443 1576 μισθὸν
3474 1502 3664 1576 ἐκομί-

2078 1594 2224 1661 ζετο,
2260 1594 2359 1647 καὶ
2394 1595 2486 1649 τὸν
2525 1594 2719 1650 ἑαυτοῦ
2755 1594 2870 1668 βίον
2898 1599 3136 1670 συνεῖχε.
3173 1597 3427 1652 Λεοντίου
3465 1596 3520 1654 δέ
3569 1596 3663 1653 τὸν

2077 1689 2178 1757 τῆς
2210 1689 2550 1760 Ἀντιοχείας
2581 1689 2770 1762 θρόνον
2804 1689 3254 1766 κληρωσαμένου.
3285 1694 3314 1746 ὀ
3335 1693 3547 1760 ’Δάτιος
3579 1695 3663 1762 είς

2071 1783 2354 1837 διακονίαν
2394 1785 2594 1856 ἐκείνῳ
2642 1784 3053 1857 προχειρίζεται
3077 1802 3090 1816 ο
3124 1788 3218 1838 καὶ
3245 1787 3335 1839 ἐπ’
3365 1786 3660 1856 ἐκκλησίας

2069 1871 2344 1927 διδάσκειν
2379 1873 2778 1943 προύτρέπετο.
2818 1875 2879 1927 ’0
2906 1874 2963 1928 δὲ
2993 1875 3131 1945 πρξς
3163 1875 3263 1943 μὲν
3290 1875 3352 1928 τι
3385 1875 3661 1932 διακονεῖν

2071 1967 2393 2039 ὑπεστάληο
2444 1969 2505 2021 τὸ
2553 1969 2610 2021 δὲ
2665 1968 2939 2022 διδάσκειν
2993 1969 3297 2038 άνεδέεεὊ.
3342 1969 3550 2024 Ἱκανὸν
3600 1971 3660 2025 δὲ

2069 2059 2360 2131 διατρίψας
2383 2062 2578 2132 χρόνον
2599 2063 2778 2115 ἐκεῖσε
2795 2063 2886 2116 ἐπὶ
2919 2063 3018 2133 τὴν
3044 2061 3459 2133 Ἀλεξάνδρειαν
3482 2081 3662 2136 παρα-

2067 2151 2281 2219 γίνεται
2318 2156 2697 2208 άντιπνεῠσων
2731 2154 2896 2224 δῆθεν
2940 2156 3255 2227 Ἀθανασίῳ
3281 2173 3292 2186 ·
3337 2157 3508 2222 πολὺς
3550 2161 3661 2232 γάρ

2065 2242 2136 2319 ἦν
2159 2247 2300 2317 ὑπὲρ
2330 2248 2424 2301 τοῦ
2449 2250 2738 2319 ὁμοουσίου
2763 2251 2925 2320 ῥέων.
2965 2251 3124 2319 ῐίαρά
3150 2269 3314 2305 τινων
3347 2251 3427 2317 δὲ,
3463 2237 3660 2316 καὶέίς

2067 2343 2375 2414 ἐπισκοπὴν
2421 2342 2886 2413 προϐαλλομένων
2929 2345 3117 2409 αὐτὸν,
3169 2346 3433 2414 ἀπηξίου.
3485 2345 3659 2420 Πρενὴ

2070 2438 2172 2508 μὲν
2211 2431 2306 2490 οὖν
2355 2437 2555 2491 Ἀέτιον
2607 2439 2720 2500 τοῖς
2777 2437 2836 2501 ἐξ
2878 2439 3092 2508 Ἀρείου
3137 2440 3428 2509 συμμίξαι,
3468 2441 3516 2492 εί
3564 2440 3662 2494 καὶ

2066 2534 2177 2594 τοῖς
2208 2531 2265 2583 τὸ
2310 2530 2600 2598 ὁμοοῦσιον
2632 2531 3000 2602 πρεσϐεύουσι
3027 2532 3366 2602 διεφέροντο,
3401 2533 3522 2586 ἀλλ’
3555 2530 3652 2587 οὖν

2067 2624 2245 2693 εὐχῶν
2266 2626 2359 2677 καί
2390 2621 2576 2691 ὓμνων
2601 2628 2693 2676 καὶ
2725 2623 3137 2695 βουλευμάτων,
3167 2628 3260 2680 καὶ
3293 2627 3482 2696 σχεδδν
3518 2628 3656 2681 πάν-

2067 2731 2200 2776 των,
2251 2713 2572 2766 ἐκοινώνουν
2631 2715 2905 2785 ἀλλήλοις,
2937 2715 3080 2785 πλὴν
3127 2720 3230 2789 τῆς
3261 2718 3532 2788 μυστικῆς
3565 2718 3660 2772 θυι

2067 2809 2210 2872 σίας.
2255 2808 2497 2861 Ἐκιίνου
2530 2809 2588 2861 δὲ
2619 2809 2842 2879 πρώτου
2869 2811 2970 2878 τῆς
3001 2811 3334 2875 διαστάσεως
3367 2813 3656 2882 ἄρξαντος,

2065 2902 2222 2970 λόγος
2270 2902 2367 2973 τὴν
2397 2902 2680 2974 ὁμόφρονα
2720 2904 3046 2973 συναγωγὴν
3087 2907 3296 2970 πάντας
3323 2908 3447 2969 τοὺς
3476 2908 3624 2960 τοιού
3643 2937 3658 2950 ο

2068 3013 2201 3058 τους
2235 3016 2266 3065 ᾳ
2283 2995 2425 3060 ιλίας
2449 2998 2548 3050 καὶ
2568 2997 2862 3065 συνηθείας
2888 2997 3559 3070 δεσμοὶςδιαῤῥήξαντας,
3581 3003 3662 3064 είς

385 3092 628 3147 stantiali
676 3090 1072 3162 propugnando
1124 3089 1289 3160 718
1339 3089 1670 3176 Athanasius
1722 3090 1852 3160 egit.
1898 3091 1963 3144 Et

2071 3089 2367 3144 ἀντίπαλον
2384 3092 2491 3152 τοῖς
2522 3090 2696 3152 ἄλλως
2718 3089 3008 3157 δοξάζουσι
3037 3093 3275 3161 μάλιστα
3305 3094 3661 3162 παρασκευά-

385 3202 512 3240 cum
539 3201 570 3240 a
592 3186 925 3255 quibusdam
961 3184 1030 3238 ad
1051 3183 1429 3254 episcopatum
1467 3184 1658 3238 Aetius
1687 3184 1961 3254 reeipien-

384 3281 517 3335 dum
567 3279 815 3336 delectus
856 3267 1040 3343 esset.
1073 3275 1396 3348 dignitatem
1444 3290 1566 3330 eam
1605 3277 1959 3345 contempsit.

384 3374 530 3428 Sane
591 3383 886 3441 antequam
939 3369 1133 3426 Aetius
1191 3367 1260 3423 ad
1329 3367 1562 3424 Arianes
1623 3368 1958 3432 defecisset.

387 3467 604 3522 tametsi
636 3467 714 3522 illi
755 3465 826 3520 ab
865 3464 1155 3535 ὁμοούσιον
1200 3463 1658 3520 consubstantiale
1701 3463 1962 3533 proﬁten-

388 3562 536 3617 tibus
564 3560 929 3626 dissidebant,
960 3557 1322 3614 nihilominus
1353 3568 1534 3612 tamen
1569 3571 1779 3625 preces.
1809 3556 1963 3627 hym-

384 3668 506 3716 nos.
539 3652 767 3708 consilia
799 3660 856 3705 et
887 3665 978 3704 res
1003 3663 1174 3720 prope
1214 3662 1409 3703 omnes
1440 3663 1567 3702 cum
1596 3648 1680 3702 eis
1711 3661 1959 3702 commu-

383 3744 666 3806 nieabant.
705 3745 940 3814 mystico
979 3741 1253 3798 duntaxat
1284 3741 1557 3796 sacrilicio
1594 3750 1847 3810 cn-epto.
1880 3739 1958 3793 Ex

378 3854 491 3908 quo
526 3846 712 3892 autem
761 3838 852 3891 ille
884 3837 1097 3907 primus
1142 3835 1516 3890 secessionem
1553 3833 1735 3888 facere
1768 3833 1955 3902 cmpit.

380 3933 646 3988 omnibus
697 3933 1102 3988 consentientis
1150 3942 1501 3996 conventus,
1559 3931 1852 3994 amicitiae.
1902 3940 1960 3986 et

380 4025 809 4082 consuetudinis
840 4025 1080 4083 vinculis
1115 4025 1315 4095 ruptis,
1349 4026 1403 4078 in
1450 4024 1712 4079 adversas
1750 4025 1832 4079 eis
1864 4025 1958 4093 qui

382 4125 438 4176 in
468 4121 573 4175 alia
613 4128 801 4174 essent
846 4118 1111 4188 Opinione
1146 4117 1382 4171 maxime
1415 4127 1598 4187 partes
1637 4132 1736 4188 per
1770 4117 1962 4171 l'actio—

380 4226 507 4266 nem
536 4209 839 4279 transiere.
890 4208 1028 4262 Tum
1073 4222 1206 4262 vero
1251 4217 1308 4262 et
1347 4207 1651 4262 Eunomins
1685 4207 1826 4262 Aetii
1876 4223 1961 4261 sa-

379 4304 603 4375 pientia:
632 4303 774 4358 fama
810 4301 1105 4366 adductus,
1135 4314 1202 4354 ex
1235 4299 1580 4369 Cappadocia
1609 4299 1956 4355 Antiochiam

380 4397 663 4468 proiectus
695 4404 800 4461 est,
853 4401 910 4449 et
964 4393 1224 4448 Secundo
1273 4409 1332 4448 se
1371 4390 1446 4447 ibi
1477 4393 1765 4463 conjunxit
1801 4409 1814 4445 :
1862 4393 1956 4462 qui

2074 3199 2166 3234 σαι
2197 3183 2542 3251 καταστῆναι
2574 3185 2773 3254 μοῖραν
2795 3199 2810 3216 ⁸
2845 3185 2967 3238 τότε
2994 3185 3052 3239 δὲ
3083 3187 3179 3240 καὶ
3218 3187 3483 3257 Εὑνόμιος
3517 3189 3660 3242 κατὰ

2073 3279 2255 3330 πίστιν
2283 3277 2380 3348 τῆς
2418 3279 2630 3331 Ἀετίου
2674 3278 2865 3347 σοφίας
2922 3280 3009 3343 είς
3045 3279 3381 3352 Ἀντιόχειαν
3407 3283 3471 3334 ἐκ
3502 3282 3663 3335 Καττ-

2071 3368 2337 3432 παδοκίας
2378 3368 2660 3439 Σεκούνδῳ
2715 3371 3025 3440 συνέμιξεν.
3074 3373 3138 3424 '0
3165 3372 3224 3426 δὲ
3267 3373 3430 3426 αὐτὸν
3467 3373 3661 3444 Ἀετίῳ

2072 3464 2430 3534 συνέστησεν,
2475 3465 2536 3517 ἐν
2576 3463 2961 3536 Ἀλεξανδρεία
3012 3467 3350 3539 διατρίϐοντι
3391 3468 3496 3524 ἐτι.
3553 3470 3664 3522 Καὶ

2071 3557 2346 3627 συνήστην
2394 3556 2601 3628 ἄμφωο
2631 3560 2660 3610 ὁ
2691 3557 2792 3626 μὲν
2839 3559 3137 3625 διδάσκων,
3173 3561 3204 3614 ὀ
3251 3561 3309 3616 δὲ
3343 3563 3454 3624 τοῖς
3493 3562 3664 3632 ἱεροῖς

2073 3648 2398 3720 μαθήμασιν
2453 3649 2882 3719 ἐνασκούμενος.
2939 3652 3225 3724 Γνὼριμος
3281 3654 3337 3707 δὲ
3397 3657 3665 3725 ὀἈέτιος

2068 3745 2161 3797 καὶ
2193 3745 2384 3812 Γάλλῳ
2405 3746 2649 3813 ἐγεγόνει
2671 3745 2749 3815 τῷ
2771 3746 3032 3816 Καίσαρι,
3059 3749 3228 3803 πολὺν
3246 3752 3342 3821 τῆς
3363 3751 3665 3824 θρησκείας

2067 3836 2228 3904 λόγον
2261 3837 2598 3906 ποιουμένῳ,
2643 3838 2743 3892 καὶ
2790 3841 2903 3902 τοῖς
2953 3843 3082 3914 περὶ
3114 3841 3309 3909 λόγους
3356 3844 3537 3913 ίεροὺς
3567 3850 3664 3902 καί⁵

2068 3932 2367 4000 ἐκκλησίας
2417 3933 2739 4003 ἐσχολακὸσι
2790 3937 3062 4006 χαίροντι.
3107 3939 3213 3992 Καὶ
3262 3942 3329 4010 τῇ
3386 3939 3662 4010 προφάσει

2066 4023 2179 4077 τῶν
2218 4024 2480 4078 τοιούτων
2525 4025 2822 4091 διαλέξιων
2861 4027 3022 4082 τοῦτο
3052 4029 3110 4085 τὸ
3168 4027 3308 4096 εἶδος
3358 4034 3665 4104 άσκηθῆναι

2066 4117 2179 4168 τῶν
2227 4117 2425 4185 λόγων,
2480 4119 2568 4173 ἵνα
2617 4119 2820 4188 μᾶλλον
2860 4121 3069 4195 ἀρέσκῃ
3095 4138 3109 4150 ·
3165 4123 3388 4190 ἐλέγετο
3427 4129 3534 4198 γὰρ
3569 4130 3665 4180 καὶ

2065 4212 2156 4265 διά
2186 4213 2300 4264 τῶν
2345 4213 2756 4281 Ἀριστοτέλους
2800 4216 3145 4287 μαθημάτων
3176 4217 3354 4272 ἐλθεῖν
3376 4236 3390 4250 ο
3429 4224 3522 4273 καί
3546 4225 3664 4286 τοῖς

2066 4305 2242 4358 ταῦτα
2291 4305 2612 4360 διδάσκουσι
2704 4311 2962 4378 φοιτῆσαι
3017 4311 3142 4364 κατ’
3210 4310 3657 4384 Ἀλεξάνδρειαν·

2067 4396 2184 4448 ἀλλ’
2211 4399 2286 4461 εις
2316 4398 2520 4469 ἔχθραν
2549 4400 2739 4472 Γάλλῳ
2770 4404 3054 4469 καταστάς
3087 4405 3162 4465 ὡς
3192 4406 3268 4478 μὴ
3298 4408 3481 4472 καλῶς
3507 4410 3662 4474 {aii-

380 4489 534 4545 illum
571 4487 732 4542 Aetio
779 4487 1124 4542 Alexandria:
1164 4488 1348 4542 adhuc
1392 4487 1634 4557 degenti.
1684 4505 1963 4544 commen-

2071 4491 2198 4556 ζων,
2264 4492 2516 4547 κελεύσει
2571 4495 2787 4549 ἐκείνου
2828 4500 3077 4571 κατεάγη
3132 4501 3197 4554 ἂν
3239 4503 3303 4556 ἐκ
3347 4504 3496 4557 δυεῖν
3543 4510 3661 4559 τοῖν

379 4581 556 4636 davit.
587 4583 766 4651 Atque
800 4581 888 4634 hic
910 4580 1050 4636 alter
1075 4581 1234 4635 alteri
1267 4581 1591 4644 obstrictus.
1624 4582 1712 4636 ille
1743 4583 1966 4652 quidem

381 4673 609 4739 docens,
649 4675 738 4728 hic
767 4686 954 4727 autem
995 4673 1236 4738 discens.
1280 4673 1335 4728 in
1384 4675 1560 4728 sacris
1603 4689 1833 4746 uterque
1868 4676 1968 4730 de-

381 4767 618 4822 sudabat
666 4767 959 4822 doctrinis.
1018 4768 1211 4823 Aetius
1265 4766 1422 4822 Gallo
1479 4785 1701 4839 quoque
1766 4771 1967 4825 (la-sui

382 4870 548 4916 notus
577 4861 678 4914 fuit
710 4877 725 4916 :
764 4862 854 4916 cui
904 4876 1029 4916 cum
1063 4861 1256 4930 religio
1287 4876 1618 4930 magnopere
1648 4878 1816 4925 curae,
1850 4873 1966 4918 tum

384 4955 487 5009 viri
521 4956 617 5024 qui
659 4957 832 5008 sacris
862 4952 1094 5009 Litteris
1127 4964 1182 5009 et
1213 4954 1464 5008 ecclesiis
1498 4965 1782 5022 navarent,
1815 4957 1968 5012 eliari

387 5047 564 5101 fuere.
599 5043 951 5116 Quapropter
986 5046 1175 5099 talium
1207 5045 1665 5099 dissertationum
1697 5061 1883 5112 causa,
1914 5047 1968 5101 in

387 5146 494 5199 hoc
517 5158 737 5213 quoque
771 5155 976 5210 genere
1026 5137 1492 5208 disputationum,
1527 5148 1586 5192 ut
1632 5139 1707 5193 illi
1755 5143 1971 5210 gratior

385 5245 570 5302 esset,
617 5250 676 5289 se
726 5234 1002 5287 exercuit.
1060 5232 1250 5286 Dictus
1286 5231 1434 5285 enim
1487 5243 1566 5287 est
1619 5233 1965 5290 Aristotelica

383 5343 605 5400 quoque
635 5342 803 5396 opera
841 5325 1161 5396 pellegissc,
1193 5334 1250 5378 et
1278 5324 1343 5377 ad
1373 5339 1470 5377 eos
1503 5324 1596 5393 qui
1665 5325 1791 5377 talfa
1843 5325 1972 5381 Ale-

387 5419 634 5477 xaudria:
663 5419 928 5473 docerent
965 5417 1369 5486 l'requentasse.
1409 5418 1684 5472 Cat-terum
1731 5422 1875 5486 quod
1912 5422 1966 5476 itt

383 5513 520 5569 Galli
557 5512 744 5566 odium
790 5521 1015 5581 propter
1059 5524 1375 5580 perversam
1428 5526 1586 5565 suam
1643 5513 1965 5581 opinionem

387 5602 676 5667 inciderat,
700 5602 859 5671 jussu
892 5601 1040 5654 illius
1068 5610 1366 5669 utrumque
1389 5603 1439 5657 ei
1472 5616 1598 5656 crus
1627 5603 1965 5673 perfractum

385 5694 606 5756 luisset.
640 5692 744 5746 nisi
793 5690 1064 5746 Leontius
1097 5691 1476 5748 Antiochenus
1500 5692 1845 5749 dissuasione
1870 5711 1969 5749 sua

382 5786 864 5843 condemnationis
901 5784 1175 5840 calculum
1203 5787 1525 5842 amovisset.
1563 5786 1766 5845 Verum
1792 5793 1970 5843 cnim-

2075 4584 2309 4649 σκελοῖν,
2355 4587 2402 4638 εί
2441 4586 2518 4658 μὴ
2553 4588 2580 4640 ὁ
2608 4587 2710 4658 τῆς
2748 4587 3081 4660 Ἀντιοχείας
3108 4592 3362 4656 Λεόντιος
3401 4598 3664 4665 μεταπεί-

2073 4693 2198 4740 σας,
2217 4677 2318 4747 τὴν
2339 4679 2815 4744 καταδικάζουσαν
2845 4684 3029 4736 ἀνεῖλε
3051 4684 3256 4754 ψῆφον.
3289 4689 3403 4742 Καὶ
3429 4691 3506 4750 είς
3530 4690 3661 4742 θέαν

2070 4769 2148 4840 τῷ
2181 4769 2369 4841 Γάλλῳ
2403 4773 2722 4842 γενόμενος,
2754 4774 2909 4842 φίλος
2945 4777 3002 4830 ἐν
3034 4781 3147 4841 τοῖς
3179 4781 3419 4846 μάλιστα
3463 4784 3656 4848 ἐγεγόο

2070 4880 2171 4925 νει,
2222 4867 2317 4917 καὶ
2353 4867 2491 4936 πρὸς
2540 4866 2832 4922 Ίουλιανὺν
2885 4871 3090 4942 ἐστάλη
3164 4873 3451 4943 πολλάκις,
3491 4878 3654 4947 quin

2075 4956 2210 5025 πρὸς
2227 4956 2586 5029 Ἑλληνισμδν
2604 4963 2919 5015 ἀποκλίνειν
2939 4966 3149 5019 ἐκεῖνον
3166 4969 3491 5036 ἐμάνθανεν,
3514 4971 3654 5025 ὥστε

2071 5051 2167 5105 τοῦ
2219 5053 2319 5122 τῆς
2372 5053 2628 5118 ἀσεϐείας
2663 5057 2960 5112 ἀνελκῦσαι
2991 5060 3293 5132 βαράθρου.
3339 5066 3414 5117 Οὐ
3457 5067 3565 5136 μὴν
3597 5068 3654 5121 et

2072 5143 2208 5197 ἀλλὰ
2240 5146 2334 5197 καὶ
2366 5146 2474 5198 τῶν
2515 5147 2677 5200 θείων
2721 5149 3061 5220 μαθημάτων
3106 5158 3134 5206 ὁ
3167 5155 3361 5218 Palla;
3395 5158 3653 5212 διδάσια-

2069 5233 2160 5286 λον
2200 5236 2290 5288 τὸν
2326 5235 2532 5290 Ἀέτιον
2571 5241 2828 5295 ἐποιεῖτο.
2867 5243 2999 5313 Περὶ
3035 5244 3138 5313 μὲν
3192 5242 3288 5299 οὖν
3315 5246 3526 5302 Ἀετίου
3566 5269 3659 5303 το-

2073 5327 2250 5382 σαῦτα
2274 5345 2290 5359 °
2329 5330 2480 5394 ὅπως
2538 5332 2724 5401 μέντοι
2764 5335 3072 5406 ίερωσὺνης
3119 5339 3318 5410 τυχὼν,
3363 5343 3424 5394 οὐ
3460 5346 3686 5412 μικρὸν,

2076 5421 2243 5492 μέρος
2279 5425 2388 5485 τοῖς
2431 5423 2712 5493 ἀνομοίοις
2745 5430 2839 5478 καὶ
2869 5427 3231 5498 ἐτεροουσίοις
3268 5433 3487 5499 ἐγένετο
3513 5449 3529 5464 ο
3563 5439 3659 5488 καὶ

2070 5515 2147 5577 ὡς
2188 5517 2494 5587 καθῃρέθη,
2526 5524 2621 5572 καὶ
2648 5519 2727 5582 είς
2760 5520 2975 5592 ἐξορίαν
3003 5525 3254 5595 ἀπήχθη,
3305 5527 3564 5597 Εὑνόμιος
3601 5531 3656 5584 δὲ

2072 5606 2186 5657 ἀντ’
2213 5607 2426 5660 ἐκείνου
2455 5607 2636 5678 πολλῷ
2661 5609 2860 5680 χείρων
2888 5614 3147 5685 κατέστη,
3173 5617 3273 5687 τὴν
3300 5620 3466 5672 αὐτοῦ
3496 5638 3659 5672 συκο-

2071 5699 2291 5763 φαντῶν
2322 5699 2560 5770 φατρίαν
2601 5701 2698 5754 καὶ
2735 5705 2866 5773 περὶ
2898 5705 3067 5761 αὐτοῦ
3118 5709 3408 5780 Εὑνομίου,
3455 5714 3656 5782 μικρὸν

2071 5790 2300 5863 ὔστερον
2348 5794 2505 5860 λέξω.
2541 5795 2861 5865 Τηνικαῦτα
2909 5800 2966 5853 δὲ
2999 5802 3093 5855 καὶ
3120 5805 3259 5858 κατὰ
3294 5808 3392 5863 τὴν
3422 5806 3520 5865 τὶῖς
3547 5807 3652 5859 Συ-
