4042 6200
367 227 472 297 323

1539 232 1959 302 NiCEi‘ﬂOill
2000 236 2346 301 CALIJSTI

3509 238 3618 309 394

369 345 617 419 quamvis
656 344 721 404 ad
780 346 945 405 breve
973 353 1191 421 tempus
1241 345 1497 402 humanae
1544 349 1794 419 objcctus
1846 360 1934 405 est

2055 350 2156 405 me
2186 352 2236 405 εί
2265 367 2361 405 και
2393 350 2591 422 βραχεῖ
2611 349 2791 423 χρόνῳ
2832 352 2898 423 τῇ
2931 350 3053 405 κατ’
3105 348 3425 423 ἀνθρώπους
3469 352 3618 407 δοκι-

371 440 759 512 explorationi,
820 450 1003 497 tamen
1038 440 1286 499 debitum
1353 440 1425 499 ab
1476 456 1539 501 ea
1591 457 1714 512 quae
1757 442 1942 495 omnia

370 532 598 604 respicit
658 532 1012 590 Providentia
1076 532 1202 590 tulit
1266 530 1564 593 calculum.
1661 532 1942 588 voluntate

371 624 465 681 Dei
507 624 586 695 (ί)
617 635 676 681 et
700 623 908 697 judicio
938 634 1129 682 nostro
1161 625 1335 697 patria
1371 625 1534 683 simul
1569 633 1627 681 et
1659 626 1896 683 ecclesia
1925 665 1938 688 .

374 720 534 789 cujus
574 718 901 787 praefectura
931 718 1120 773 divino
1148 719 1197 777 ei
1235 727 1372 777 nutu
1408 719 1661 791 contigit,
1694 728 1939 794 recepta.

373 811 545 881 Quem
565 826 783 883 mnum
807 811 933 877 fuit.
972 820 1034 869 ut
1061 812 1331 870 sententia
1359 823 1728 873 consentanea
1754 822 1942 873 nostra

375 918 598 983 quoque
635 903 949 961 inuitaretur
1003 904 1412 962 mansuetudo:
1450 905 1707 966 videlicet
1737 914 1795 963 ut
1824 921 1945 963 out-

377 997 465 1054 nia
498 1014 622 1068 qua:
648 998 883 1050 antehac
914 1007 1105 1052 contra
1133 1012 1230 1051 eos
1252 998 1346 1067 qui
1382 1013 1507 1055 cum
1546 999 1664 1065 ipso
1690 1013 1943 1053 commu-

378 1090 545 1144 nioue
601 1092 682 1141 usi
716 1101 919 1152 essent,
983 1092 1201 1144 decreta
1248 1101 1397 1155 sunt,
1452 1105 1601 1145 nunc
1669 1092 1946 1151 oblitione

377 1186 795 1248 oblitterentur,
856 1185 1212 1254 suspicioque
1262 1184 1530 1239 adversus
1579 1201 1706 1239 eum
1768 1187 1948 1245 omnis

379 1279 643 1347 deinceps
677 1278 1009 1332 intercidat:
1043 1288 1097 1332 et
1146 1280 1481 1346 immanitas,
1516 1295 1678 1347 quam
1741 1280 1946 1335 dudum

374 1374 627 1442 quicum
677 1387 744 1426 eo
771 1372 925 1427 fuere
954 1372 1142 1427 clerici
1198 1372 1461 1439 habuere,
1518 1388 1619 1443 pro
1669 1390 1737 1430 eo
1786 1382 1949 1443 atque

378 1465 560 1529 decet.
590 1465 790 1519 litteris
820 1466 970 1520 hisee
995 1467 1375 1520 conﬁrmetur.
1407 1465 1550 1532 Quin
1578 1477 1634 1519 et
1667 1466 1802 1519 illud
1849 1481 1951 1519 no-

381 1568 513 1612 atrae
571 1572 697 1627 erga
758 1572 884 1611 eum
948 1558 1275 1628 benignitati
1330 1560 1527 1614 merito
1585 1559 1947 1620 adiiciendum

2050 444 2224 514 μασὶα
2251 443 2555 514 ὐπεόλήθη,
2594 444 2748 513 ὅμως
2791 442 2893 515 τὴν
2931 442 3297 513 ὀφειλομένην
3338 446 3489 515 παρά
3517 445 3619 513 τῆς

2048 535 2390 606 παν-τειρόρου
2426 535 2690 607 Προνοίας
2722 536 3075 606 ἀπηνέγκατο
3093 535 3297 607 ψῆφον,
3325 536 3617 590 ἀπολαϐὼν

2046 627 2302 698 βουλήσει
2357 626 2453 681 τοῦ
2515 630 2827 699 κρείττονος
2855 629 2951 681 καὶ
3001 628 3184 702 κρίσει
3236 629 3484 705 ἡμετέρᾳ
3516 630 3618 697 τὴν

2048 719 2285 793 πατρίδα
2313 718 2450 792 ὁμοῦ
2484 721 2578 778 καὶ
2610 719 2711 794 τὴν
2741 719 3093 791 Ἐκκλησίαν,
3134 715 3203 799 ἧς
3230 719 3362 796 θείῳ
3385 721 3616 793 νεύματι

2050 812 2365 887 προστάτης
2399 811 2689 883 ἐτύγχανε.
2721 810 2910 881 Τούτῳ
2932 812 3001 869 τὰ
3033 812 3303 871 ἀκόλουθα
3336 813 3444 871 εδει
3467 816 3617 887 napi

2047 903 2146 973 τῆς
2176 905 2453 974 ἡμετέρας
2493 904 2735 980 ὑπάρξαι
2788 906 3125 979 πραότητος·
3163 904 3305 963 ὥστε
3340 904 3520 964 πάντα
3554 907 3621 964 τά

2053 993 2164 1060 πρὸ
2190 992 2381 1045 τούτου
2415 992 2557 1045 κατὰ
2595 994 2705 1045 τῶν
2755 993 3430 1065 αὐτῷικεκοινωνηκότων
3490 994 3624 1068 dipt-

2053 1086 2226 1160 σμένα
2264 1085 2358 1137 νῦν
2385 1070 2662 1159 ἀμνηστίᾳ
2679 1085 3154 1157 παραδοθήσεσθαι
3172 1102 3186 1121 ⁸
3210 1087 3392 1147 πᾶσάν
3408 1103 3469 1145 τι
3494 1087 3622 1147 ὕποε

2049 1178 2183 1251 ψίαν
2213 1178 2312 1249 τὴν
2348 1178 2471 1235 κατ’
2524 1178 2689 1231 αὐτοῦ
2748 1177 3012 1248 σχολάσαι
3063 1179 3157 1233 τοῦ
3188 1178 3406 1239 λοιποῠι
3433 1185 3533 1255 τήν
3560 1198 3619 1239 τι

2053 1268 2304 1324 ἀτέλειαν
2348 1266 2418 1343 ἦς
2449 1269 2646 1341 ἔτυχον
2691 1270 2863 1324 πάλαι
2919 1272 2970 1324 oi
3016 1271 3132 1347 ἅμα
3169 1272 3319 1346 αὐτῷ
3367 1273 3621 1347 κληρικοὶ

2054 1361 2266 1429 τούτοις
2297 1361 2666 1437 βεδαιωθῆναι
2699 1364 3109 1433 προσηκόντως.
3150 1365 3314 1419 ’Δλλὰ
3371 1366 3480 1435 μὴν
3526 1369 3620 1420 καὶ.

2051 1453 2212 1508 τοῦτο
2244 1457 2312 1525 τῇ
2338 1456 2417 1516 είς
2456 1454 2621 1508 αὐτὸν
2648 1456 2835 1526 χάριτι
2860 1444 3245 1528 προστεθῆναι
3298 1458 3624 1512 ἐδικαιὼσα-

2058 1558 2160 1611 μεν
2184 1556 2199 1573 ⁶
2230 1539 2370 1595 ὥστε
2417 1543 2624 1606 πάντας
2673 1545 2797 1606 τοὺς
2832 1545 2930 1599 τοῦ
2986 1546 3135 1617 ἱεροῦ
3183 1548 3488 1615 καταλόγου
3534 1565 3621 1616 για

379 1667 503 1707 csse
526 1650 917 1722 judicavimus.
951 1660 1010 1704 ut
1039 1652 1305 1717 universi,
1349 1653 1446 1722 qui
1471 1652 1524 1706 in
1564 1651 1701 1706 sacri
1737 1651 1946 1706 ordinis

2058 1635 2326 1694 νὼςκειν.
2384 1636 2689 1690 ἐνδιδόσθαι
2735 1638 2798 1691 τὸ
2848 1640 3053 1708 ᾶφοὸον
3104 1642 3241 1694 πᾶσι
3296 1644 3413 1705 τοῖς
3465 1642 3620 1712 αὖτῷ

375 1744 500 1798 albo
520 1751 670 1806 sunt,
703 1750 1036 1812 cognoscant
1066 1742 1418 1798 securitatem
1479 1742 1765 1797 adauctam
1816 1756 1939 1797 esse

373 1834 655 1900 omnibus.
688 1838 781 1906 qui
816 1838 867 1891 ei
929 1837 1083 1892 fuere
1121 1839 1427 1907 conjuncti.
1477 1837 1751 1907 episcOpis
1780 1836 1941 1890 simul

371 1938 431 1985 et
454 1930 693 1985 clericis.
728 1928 955 1984 Certum
996 1945 1129 1985 vero
1157 1931 1590 2002 uniuscujusque
1624 1942 1786 1985 recta:
1811 1945 1938 1984 sen-

375 2025 562 2080 tentia!
603 2022 872 2078 indicium
904 2023 1031 2089 erit,
1056 2023 1102 2078 si
1132 2038 1257 2077 cum
1308 2023 1415 2078 hoc
1469 2025 1655 2078 uuitus
1712 2024 1945 2094 conjun-

379 2128 619 2187 cwsque
657 2116 848 2172 fuerit.
882 2116 1210 2188 Quicunque
1242 2117 1385 2172 enim
1411 2118 1620 2172 meliori
1647 2117 1857 2187 judicio
1890 2125 1944 2169 et

375 2208 629 2281 opinioni
656 2210 865 2265 addicti
913 2212 1356 2264 communionem
1397 2210 1570 2279 ipsius
1605 2210 1941 2278 sequendam

375 2304 484 2361 sibi
515 2303 839 2375 delegerint,
869 2319 968 2360 eos
1004 2321 1197 2360 omnes
1225 2305 1292 2359 ad
1328 2305 1773 2371 similitudinem,
1820 2320 1942 2373 qum

378 2408 484 2447 nos
518 2393 807 2461 praevenit,
834 2392 1217 2463 providentiae,
1253 2395 1354 2448 hac
1379 2405 1589 2455 nostra.
1616 2395 1711 2449 Dei
1746 2396 1942 2448 volun-

380 2492 492 2537 tate
514 2482 764 2538 exhibita
796 2484 970 2553 gratia
999 2494 1053 2536 et
1102 2483 1443 2551 benignitate
1504 2484 1715 2554 perfrui
1770 2486 1939 2553 jussi-

374 2590 520 2629 mus.
546 2573 731 2629 Victor
764 2572 1160 2627 Constantinus
1182 2571 1455 2626 Maximus
1515 2572 1717 2642 popqu
1747 2572 1940 2625 catho-

378 2668 499 2723 licae
537 2665 795 2722 Ecclesia:
826 2665 1232 2720 Alexandrinm.
1264 2663 1442 2730 Quum
1467 2666 1521 2717 in
1565 2666 1730 2719 rebus
1764 2664 1941 2717 omni-

374 2763 482 2819 bus
505 2760 791 2832 proposita
827 2759 988 2814 nobis
1028 2761 1095 2813 sit
1125 2767 1328 2817 vestra,
1367 2772 1489 2825 qua:
1529 2772 1594 2809 ex
1626 2768 1772 2809 recta
1802 2757 1943 2827 juris

377 2855 674 2925 legumque.
700 2852 1104 2907 constitutione
1136 2850 1407 2918 provenit,
1448 2847 1681 2903 felicitas
1703 2889 1718 2909 ,
1743 2861 1798 2901 et.
1832 2864 1940 2902 non

379 2948 721 3017 ignoremus,
754 2946 888 3000 satis
918 2945 1009 2998 diu
1070 2943 1313 3012 episcopi
1346 2957 1445 2996 vos
1467 2940 1711 2997 caruisse
1762 2944 1945 3012 provi-

2060 1729 2583 1799 προστεθειμένοις,
2636 1730 2748 1782 εἴτε
2797 1731 3121 1796 ἐπισκόποις
3159 1733 3272 1788 εἴτε
3316 1736 3619 1805 κληρικοῖς.

2066 1819 2273 1876 Ἰκανδν
2294 1822 2351 1876 δὲ
2376 1824 2664 1895 γνώρισμα
2686 1826 2782 1894 τῆς
2803 1825 3035 1879 ἑκάστου
3057 1826 3226 1897 ὀρθῆς
3250 1830 3622 1901 προαιρέσεως

2056 1912 2213 1969 ῑσται
2234 1917 2267 1987 ἡ
2293 1917 2431 1987 πρὸς
2462 1919 2654 1971 τοῦτον
2678 1919 3057 1980 ἓνωσις.”οσοι
3081 1921 3190 1990 γὰρ
3205 1922 3272 1975 ἂν
3288 1923 3387 1992 τῆς
3408 1923 3625 1977 καλλίοο

2062 2024 2151 2071 νος
2171 2006 2308 2076 ὁμοῦ
2335 2008 2569 2079 κρίσεώς
2592 2026 2649 2063 τε
2672 2010 2766 2062 καὶ
2789 2012 2984 2080 μοίρας
3000 2012 3284 2082 γενόμενοι
3309 2014 3410 2086 τὴν
3432 2014 3622 2070 τούτου

2055 2099 2286 2153 ἕλωνται
2310 2101 2614 2165 κοινωνίαν,
2632 2101 2854 2164 τούτους
2876 2102 3081 2167 πάντας
3102 2106 3473 2179 ἐκελεύσαμεν
3496 2107 3622 2166 καθ’

2058 2193 2359 2264 ὁμοιότητα
2388 2195 2488 2264 τῆς
2524 2193 2810 2264 φθασάσης
2844 2197 3125 2268 προνοίας,
3150 2200 3245 2253 καὶ
3273 2200 3375 2271 τῆς
3408 2200 3503 2256 νῦν
3532 2200 3624 2269 ὐφ’

2058 2285 2218 2355 ἡμῶν
2236 2286 2400 2355 βουλὴ
2409 2303 2489 2339 σει
2507 2286 2600 2339 τοῦ
2617 2287 2924 2359 κρείττονος
2944 2291 3388 2364 παρασχεθείσης
3402 2294 3623 2365 χάριτος

2057 2378 2371 2431 ἀπολαύειν.
2396 2378 2440 2433 Ν
2449 2380 2640 2451 ικητὴς
2664 2382 3041 2444 Κωνστάντιος
3060 2385 3331 2453 Μέγιστος
3351 2386 3621 2450 Σεϐαστίις

2057 2469 2133 2537 τῷ
2156 2468 2273 2540 λαῷ
2310 2470 2407 2539 τῆς
2445 2470 2569 2524 κατ’
2602 2472 3017 2544 Ἀλεξάνδρειαν
3052 2476 3351 2549 καθολικῆς
3389 2478 3622 2548 Ἐκκλη-

2059 2561 2201 2624 σίας.
2231 2561 2441 2616 Σκοπὸν
2490 2563 2800 2635 ποιούμενοι
2840 2568 2940 2635 τὴν
2990 2568 3265 2639 ὑμετέραν
3319 2571 3379 2623 ὲν
3412 2572 3625 2627 ἅπασιν

2057 2655 2339 2724 εὐνομίαν,
2371 2656 2571 2719 εἰδότες
2606 2673 2666 2709 τε
2712 2657 2789 2722 ὡς
2833 2660 2927 2712 ἐπὶ
2975 2661 3112 2714 πολὺ
3145 2662 3245 2729 τῆς
3272 2662 3369 2718 τοῦ
3404 2666 3623 2720 Emam-

2064 2746 2289 2810 ποῦντος
2337 2750 2594 2818 προνοίας
2644 2750 2962 2820 ὲστέρησθε,
3005 2752 3322 2810 ’Δθανάσιον
3378 2756 3470 2813 τὸν
3501 2756 3624 2812 hri-

2058 2855 2284 2905 σκοπον,
2311 2840 2479 2911 ἄνδρα
2503 2842 2617 2905 τοῖς
2640 2842 2775 2896 πᾶσι
2799 2844 2893 2898 διά
2921 2861 2982 2898 τε
3013 2843 3111 2912 τὴν
3127 2846 3439 2916 προσοῦσαν
3467 2850 3617 2923 όρθὸ-

2056 2949 2197 3002 τητα
2220 2932 2316 2986 καὶ
2336 2932 2427 2986 διὰ
2456 2934 2557 3005 τὴν
2584 2935 2791 2988 οἰκείαν
2817 2937 3110 3007 εὐτροπίαν
3132 2940 3433 3011 γνώριμον,
3462 2942 3625 2998 πάλιν

377 3041 607 3096 deutia:
670 3038 1032 3094 Athanasium
1084 3036 1411 3100 antistitem,
1488 3035 1670 3088 virum
1729 3044 1946 3105 propter

2061 3024 2197 3090 πρὸς
2232 3025 2376 3094 ὑμᾶς
2427 3026 2748 3080 ἀποστεῖλαι
2780 3029 3202 3101 ὲδικαιῶσαμεν.
3226 3032 3432 3087 Τοῦτον
3462 3038 3625 3107 συνὴ-

379 3132 599 3189 insitam
636 3132 741 3185 sibi
772 3129 897 3184 ﬁdei
930 3129 1303 3184 sinceritatem
1345 3142 1671 3196 morumque
1706 3128 1943 3181 nativam

380 3222 713 3294 probitatem
732 3219 1055 3276 hominibus
1086 3219 1343 3273 Omnibus
1373 3227 1703 3287 spectatum,
1727 3232 1945 3285 aequum

377 3332 503 3370 esse
534 3314 812 3378 duximus,
839 3322 899 3368 ut
921 3311 988 3367 ad
1007 3327 1108 3366 vos
1152 3314 1582 3366 remitteremus.
1620 3309 1783 3381 739
1811 3311 1946 3364 Eum

382 3410 460 3464 ita
491 3419 552 3463 ut
583 3406 935 3463 consuetudo
966 3405 1074 3461 l'ert
1104 3419 1161 3461 et
1186 3405 1368 3468 decet,
1396 3404 1785 3474 suscipientes,
1826 3420 1951 3473 pre.-

342 3518 345 3521 '
380 3500 625 3572 cumque
639 3500 707 3556 ad
740 3501 911 3556 Deum
932 3509 1241 3555 vestrarum
1272 3499 1579 3570 adjutorem
1608 3498 1952 3553 constituen-

382 3602 489 3658 tes.
522 3610 648 3665 quae
684 3604 740 3649 et
772 3594 928 3649 vobis
951 3592 1229 3661 congruit,
1285 3601 1344 3646 et
1370 3590 1530 3645 nobis
1586 3600 1809 3658 accepta
1846 3601 1950 3657 est,

383 3686 742 3741 concordiam
776 3692 834 3740 et
872 3698 1086 3755 pacem,
1107 3684 1263 3755 juxta
1301 3684 1563 3739 Ecclesiae
1588 3684 1948 3742 sanctionem.

384 3779 602 3849 prolixe
632 3792 855 3833 servare
892 3778 1160 3832 'studetc.
1221 3775 1444 3831 Minime
1503 3778 1649 3831 enim
1700 3777 1948 3831 omnium

383 3871 665 3932 convenit,
689 3869 1019 3924 discordiam
1051 3869 1290 3936 aliquant
1323 3875 1419 3921 aut
1448 3867 1776 3923 seditionem
1806 3868 1951 3921 inter

383 3977 487 4018 vos
514 3962 807 4026 concitari,
835 3961 891 4015 in
924 3962 1030 4016 ista
1081 3972 1393 4030 temporum
1434 3970 1749 4015 nostrorum
1808 3970 1953 4013 trau-

381 4054 681 4127 quillitate.
735 4054 913 4124 Atque
968 4067 1089 4107 eam
1139 4052 1364 4123 quidem
1438 4052 1950 4106 incommoditatem

387 4148 587 4203 abesse
620 4162 653 4202 a
689 4147 847 4202 vobis
878 4147 1109 4202 omnino
1142 4145 1419 4200 volumus.
1453 4145 1511 4199 ln
1543 4147 1955 4215 precationibus

379 4256 541 4307 vero,
572 4249 635 4295 ut
668 4255 736 4297 eo
756 4256 923 4310 quem
953 4240 1196 4294 diximus
1224 4252 1450 4295 auctore
1490 4249 1547 4294 et
1572 4238 1831 4309 adjutore
1861 4255 1951 4293 se-

380 4334 517 4388 dulo
545 4341 786 4399 utentes,
811 4332 1014 4388 divinis
1040 4331 1207 4387 rebus
1235 4347 1387 4386 more
1417 4341 1637 4401 recepto
1662 4333 1951 4395 iusistatis,

379 4442 483 4480 vos
533 4425 941 4480 admonemus:
1008 4434 1069 4478 ut
1109 4425 1206 4478 tali
1276 4424 1588 4478 animorum
1630 4436 1949 4479 vestrorum

380 4519 668 4589 proposito
688 4517 755 4571 ad
786 4517 1172 4572 universorum
1228 4528 1356 4571 vota
1391 4526 1710 4571 transeunte
1736 4534 1801 4571 ex
1825 4534 1957 4587 geu-

382 4608 535 4662 tibus
563 4609 734 4662 etiam
769 4607 862 4679 qui
897 4607 1081 4662 adhuc
1126 4608 1395 4662 idolorum
1452 4610 1630 4672 errori
1689 4618 1820 4662 sunt
1856 4609 1958 4661 int-

382 4700 597 4771 plicati,
631 4701 698 4754 ad
749 4703 1086 4756 sacrosancti
1121 4699 1379 4756 sacriﬁcii
1417 4704 1791 4772 cognitionem
1830 4719 1955 4771 per-

383 4792 597 4858 venire,
631 4794 987 4848 Alexandriui
1019 4794 1358 4857 charissimi,
1418 4804 1717 4849 maturent.
1771 4796 1951 4861 Quare

382 4902 482 4939 vos
526 4886 727 4940 iterum
776 4887 1158 4953 admouemus,
1186 4897 1241 4942 ut
1295 4889 1348 4940 in
1413 4886 1480 4941 iis
1531 4904 1652 4955 quae
1713 4888 1951 4941 diximus

381 4978 713 5049 persistatis,
748 4978 1065 5047 episcopum
1098 4994 1228 5031 vero
1254 5018 1269 5041 ,
1307 4978 1401 5032 Dei
1460 4979 1633 5047 ipsius
1690 4990 1828 5032 nutu
1892 4989 1950 5031 et

379 5070 654 5125 sententia
691 5080 879 5124 nostra
905 5069 973 5124 ad
997 5085 1095 5123 vos
1131 5072 1383 5127 missum.
1442 5070 1679 5123 libenter
1715 5069 1947 5137 rccipiu-

382 5168 474 5225 tis.
526 5174 693 5230 atque
726 5177 854 5215 eum
893 5177 959 5216 ex
1018 5162 1203 5216 animo
1254 5163 1731 5231 complectemlum
1793 5163 1948 5216 vobis

380 5267 505 5307 esse
532 5253 886 5308 existimetis.
923 5253 978 5307 Id
1007 5254 1155 5323 quod
1187 5262 1245 5308 et
1268 5269 1364 5307 vos
1392 5254 1574 5315 decet,
1599 5262 1655 5307 et
1685 5270 1948 5307 mansue-

387 5347 564 5400 tudini
599 5357 803 5400 nostra:
829 5345 1194 5403 comenil.Ut
1221 5347 1369 5399 enim
1405 5350 1675 5399 tumnitus
1706 5356 1763 5400 et
1800 5348 1950 5401 sedi-

384 5435 554 5489 tionis
584 5436 927 5489 occasionem
953 5450 1172 5488 omucm
1203 5451 1395 5488 eorum
1450 5439 1542 5503 qui
1574 5437 1825 5491 consulto
1854 5437 1951 5491 de-

384 5525 591 5581 teriora
620 5534 801 5595 ctepta
828 5536 1236 5593 consectantur,
1267 5527 1713 5594 prmeiderezuus,
1732 5529 1938 5599 judici-

456 5708 533 5777 ιι)
560 5705 762 5762 Christi
796 5707 982 5776 gratia.
1021 5706 1173 5760 Socr.

2056 3115 2166 3178 θως
2201 3118 2300 3171 καὶ
2322 3118 2714 3186 προσηκόντως
2748 3119 3162 3190 ὑποδεξάμενοι,
3205 3125 3300 3180 καὶ
3329 3128 3453 3190 ταῖς
3488 3130 3625 3198 πρὶς

2055 3208 2149 3262 τὸν
2179 3208 2312 3262 Θεδν
2344 3211 2530 3278 εὐχαῖς
2566 3210 2762 3281 βοηθὸν
2791 3216 3263 3286 προστησάμενοι,
3284 3219 3384 3289 τὴν
3409 3220 3537 3291 ὑμῖν
3563 3239 3623 3275 τε

2057 3301 2372 3369 πρέπουσαν
2420 3303 2513 3355 καὶ
2561 3305 2695 3375 ἡμῖν
2724 3305 2954 3377 ἀρετὴν,
2984 3309 3240 3376 ὁμόνοιαν
3270 3315 3365 3366 καὶ
3399 3314 3625 3384 εἱρὴνην

2054 3393 2201 3445 κατὰ
2228 3395 2323 3446 τὸν
2353 3393 2455 3465 τῆς
2491 3395 2827 3467 Ἐκκλησίας
2862 3397 3067 3472 θεσμὸν
3098 3401 3298 3474 διαρκῆ
3333 3405 3624 3474 φυλάττειν

2058 3488 2400 3543 σπουδάσατε
2420 3506 2435 3523 ο
2459 3478 2583 3543 οὐδὲ
2614 3492 2724 3562 γὰρ
2769 3491 2996 3562 εὔλογόν
3041 3496 3163 3548 ἑστι
3208 3495 3478 3568 διχονοιάν
3508 3516 3624 3553 τινα

2052 3581 2089 3651 ἡ
2121 3582 2312 3636 στάσιν
2345 3582 2404 3635 έν
2453 3583 2583 3653 ύμῖν
2615 3585 2930 3656 κινηθῆναι,
2992 3588 3326 3644 ὑπεναντίαν
3373 3592 3476 3661 τῆς
3516 3595 3625 3646 τῶν

2056 3676 2343 3746 ἡμετέρων
2368 3677 2580 3748 καιρῶν
2610 3678 2924 3750 εὐμοιρίας.
2948 3680 3059 3735 Καὶ
3092 3681 3253 3739 τοῦτο
3283 3684 3386 3755 μὶν
3411 3688 3623 3742 ἀπεῖνει

2054 3769 2150 3838 ἀφ’
2184 3770 2215 3822 ὐ
2224 3769 2341 3838 μῶν
2369 3770 2652 3835 παντελῶς
2672 3770 2983 3843 βουλόμεθα
3004 3789 3021 3805 ο
3048 3775 3112 3829 τδ
3131 3776 3187 3832 δέ
3207 3793 3272 3844 γε
3296 3780 3418 3841 ταῖς
3438 3780 3623 3851 εὐχαῖς

2058 3861 2204 3931 ὑμᾶς
2242 3862 2481 3934 διαρκῶς
2522 3864 2691 3935 αὐτῷ,
2719 3864 2797 3929 ὡς
2834 3866 3184 3938 προείρηται,
3221 3873 3503 3944 προστάτῃ
3532 3876 3622 3926 καὶ

2056 3954 2338 4027 ὲπικούρῳ
2357 3957 2702 4027 χρωμένους,
2717 3957 2854 4029 πρδς
2872 3959 2933 4012 τί,
2947 3958 3092 4015 θεῖον
3107 3961 3366 4032 ἐμμένειν
3384 3966 3623 4037 συνήθως

2061 4046 2450 4119 παραινοῦμεν
2471 4065 2488 4083 ο
2518 4048 2594 4113 ὡς
2627 4049 2695 4103 ἂν
2717 4052 2817 4120 τῆς
2847 4052 3105 4123 τοιαύτης
3130 4055 3287 4124 ὑμῶν
3317 4058 3623 4128 προθέσεως

2056 4143 2138 4203 είς
2171 4143 2271 4205 τὰς
2327 4134 2598 4198 ἁπάντων
2622 4144 2785 4215 εὐχάς
2816 4146 3231 4222 διαϐαινούσης,
3271 4154 3367 4205 καὶ
3411 4155 3478 4208 lx
3516 4155 3625 4209 τῶν

2058 4234 2231 4290 ἐθνῶν
2257 4235 2309 4288 οί
2346 4237 2415 4307 τῇ
2439 4236 2551 4290 τῶν
2597 4237 2833 4293 εἰδώλων
2887 4240 3065 4315 πλάνῃ
3096 4243 3177 4297 ἔτι
3204 4246 3302 4299 καὶ
3332 4246 3428 4301 νῦν
3456 4265 3623 4319 προσ·

2060 4328 2387 4398 ανέχοντες,
2422 4328 2518 4382 ἐπὶ
2562 4328 2664 4401 τὴν
2717 4332 2813 4401 τῆς
2869 4333 3023 4404 ἱερᾶς
3076 4336 3267 4402 θυσίας
3329 4339 3623 4409 ἐπίγνωσιν

2060 4420 2364 4485 σπεύδοιεν,
2412 4419 2786 4492 Ἀλεξανδρεῖς
2810 4424 3292 4495 προσφιλέστατοι.
3334 4431 3444 4485 Καὶ
3472 4428 3624 4496 αὖθις

2053 4512 2149 4566 οὖν
2200 4510 2578 4584 παραινοῦμεν
2608 4517 2720 4578 τοῖς
2754 4520 3174 4588 προειρημένοις
3215 4523 3499 4591 ἐμμένειν.
3524 4526 3624 4577 Τθν

2052 4605 2111 4657 δὲ
2133 4605 2435 4659 ἐπίσκοπον
2462 4604 2630 4677 ψήφῳ
2660 4608 2755 4659 τοῦ
2802 4610 3114 4676 κρείττονος
3145 4615 3237 4667 καὶ
3283 4617 3349 4687 τῇ
3384 4617 3623 4688 ἡμετέρᾳ

2052 4696 2251 4769 γνώμῃ
2294 4696 2734 4769 ἀπεσταλμένον,
2789 4700 2962 4771 ἡδέως
3012 4702 3275 4769 δέξασθεν
3326 4713 3422 4762 καὶ
3474 4712 3624 4782 πάσῃ

2052 4785 2260 4857 ψυχικῇ
2284 4787 2480 4860 γνώμη
2514 4790 2800 4845 ἀσπαστὸν
2847 4793 3151 4867 ἡγήσασθε.
3188 4798 3363 4854 Τοῦτο
3394 4804 3503 4871 γάρ
3531 4809 3622 4858 καὶ

2060 4880 2189 4949 ὑμῖν
2230 4882 2453 4958 πρέπει,
2497 4885 2592 4937 καὶ
2630 4887 2695 4955 τῇ
2749 4887 2997 4959 ἡμετέρᾳ
3031 4892 3299 4963 πραότητι
3331 4898 3625 4967 προσήκειν

2060 4976 2425 5045 συνέστηκεν.
2466 4976 2639 5048 ’Υπὲρ
2689 4979 2801 5049 γάρ
2843 4981 2939 5034 τοῦ
2991 4984 3176 5039 πᾶσαν
3208 4989 3481 5059 ἁνασοόὴν
3530 4995 3624 5044 καὶ

2062 5066 2305 5129 στάσεως
2340 5068 2617 5139 πρόφασιν
2673 5073 3098 5145 περιαιρεθῆναι
3153 5078 3266 5131 τῶν
3300 5081 3623 5153 ἐθελοκακές

2058 5161 2362 5230 χρωμένων
2396 5163 2506 5226 τοῖς
2534 5162 2666 5233 παρ’
2701 5165 2831 5234 ὑμῖν
2853 5166 3135 5233 δικασταῖς
3156 5170 3247 5225 διὰ
3282 5176 3625 5245 γραμμάτων

2061 5257 2503 5326 προσετάξαμεν,
2532 5258 2781 5323 ἅπαντας
2806 5258 2900 5324 οὓς
2935 5261 3002 5315 ἂν
3033 5263 3353 5328 στασιώδεις
3374 5271 3625 5336 καταμά-

2058 5349 2225 5413 θοιεν,
2249 5352 2315 5419 τῇ
2343 5351 2453 5401 τῶν
2477 5350 2659 5420 νόμων
2681 5351 3011 5407 ὑποϐάλλειν
3039 5357 3275 5429 ικδικίᾳ.
3315 5359 3623 5430 ’Δμφότιρτ

2058 5440 2241 5491 τοίνυν
2299 5442 2656 5511 συνορῶντες,
2722 5445 2819 5498 καὶ
2869 5447 2971 5515 τὴν
3035 5451 3315 5521 ἡμετέραν
3350 5455 3488 5523 μετὰ
3526 5454 3625 5506 ταῦ

2063 5533 2376 5603 κρείττονος
2414 5536 2669 5607 γνώμην,
2700 5542 2796 5593 καὶ
2845 5542 2936 5596 τδν
2980 5544 3120 5616 ὑπὲρ
3173 5546 3329 5617 ὐμῶν
3384 5549 3480 5602 καὶ
3524 5545 3625 5617 τῆς
