4090 6208
515 333 623 398 333

1438 328 2049 391 ECCl.ESlASTlC.E
2090 332 2484 396 lllSTOllI.‘E
2520 338 2670 398 LIB.
2713 337 2815 399 IX.

3666 339 3778 406 334-

514 455 689 516 Osatv,
726 450 950 519 ἀτάκτῳ
981 446 1130 520 ῥύμῃ
1162 446 1377 511 θέοντες
1415 449 1754 516 συνεχέοντο.
1789 448 1883 501 καὶ
1926 449 2087 502 κατέ-

2194 466 2426 521 corpore
2480 463 2654 516 caret,
2715 463 2886 517 ratus,
2947 453 3113 508 miser
3167 449 3428 523 coniecit.
3506 451 3765 523 Epirraim

517 560 719 599 πιπτον
763 543 1026 611 ἀκόσμως
1079 540 1596 611 ἀποδιδράσκοντες.
1645 538 1925 612 Σαδώριος
1958 542 2003 595 δ’
2030 544 2095 597 ἐκ

517 634 731 707 μικρῶν
777 634 875 703 τὴν
913 632 1156 702 μεγάλην
1188 632 1325 685 Θεοῦ
1360 633 1679 703 συμμαχίαν
1731 634 2093 705 μεμαθηκὼς,

516 728 613 784 καὶ
661 727 833 780 πολλά
863 725 1070 799 δράσας
1115 727 1181 795 τῇ
1220 726 1448 796 τοιαύτῃ
1494 727 1782 798 στρατείᾳ,
1821 727 1970 797 ὅμως
2010 728 2095 783 αι-

519 822 720 892 σχύνης
752 820 1009 892 ἔμπλεως
1043 818 1256 872 ἐκεῖθεν
1287 820 1644 890 ἀνέστρεφεν,
1677 820 1858 892 ἑαυτῴ
1893 821 2096 891 μᾶλλον

512 919 574 971 οὐ
628 916 807 988 νίκην,
859 915 975 971 ἀλλ’
1030 910 1203 988 ἦτταν
1252 916 1845 988 πραγματευσάμενος.
1909 917 2001 973 Ἐν
2036 918 2095 973 δὲ

515 1010 593 1081 τῷ
616 1010 752 1080 πρὸς
774 1010 889 1065 Ἕω
913 1008 1168 1080 Περσικῷ
1193 1008 1416 1080 πολέμῳ
1440 1008 1774 1079 διατρεϐοντι
1806 1010 2097 1066 Κωνσταν-

510 1105 634 1175 τίῳ,
675 1104 1009 1174 Μαγνιντιος
1043 1103 1101 1157 ὲν
1142 1101 1382 1176 Ἐσπέρα
1410 1100 1675 1173 τύραννος
1715 1101 1857 1176 ηρϐη
1884 1119 1899 1135 ο
1928 1102 1987 1167 ὃς
2020 1103 2085 1174 δὴ

510 1198 603 1251 τὸν
637 1196 866 1267 βασιλέα
916 1195 1255 1250 Κώνσταντα
1307 1196 1371 1249 ὲκ
1412 1195 1679 1266 συσκευῆς
1711 1195 1925 1265 ἀναιρεῖ
1966 1197 2096 1266 περὶ

512 1291 807 1357 Γαλατίαν,
842 1289 934 1343 καὶ
961 1291 1060 1357 τὴν
1103 1288 1197 1342 ὑπ’
1227 1288 1377 1359 αύτῷ
1412 1290 1729 1360 ἀρχομένην
1772 1288 1863 1359 ὑφ’
1894 1290 2092 1344 ἑαυτοῦ

515 1386 775 1437 ποιεῖται.
823 1382 902 1435 Δι’
948 1375 1010 1435 οὗ
1042 1380 1310 1451 ἐμφύλιος
1361 1382 1509 1451 μάχη
1550 1382 1857 1435 συνίστατο.
1900 1381 2008 1435 Τοῦ
2039 1382 2095 1435 δὲ

510 1477 608 1546 τὴν
635 1477 877 1545 ἄκρατον
932 1473 1118 1545 ῥύμην
1158 1472 1388 1526 δείσασα
1436 1473 1792 1528 Κωνσταντία
1836 1472 1930 1527 τοῦ
1960 1490 2097 1542 κρα-

508 1567 725 1631 τοῦντος
759 1570 790 1638 ἡ
825 1567 1025 1635 ἀδελφὴ
1051 1605 1067 1631 ,
1107 1564 1438 1635 Βρετανίωνι
1484 1568 1579 1618 τὸν
1613 1564 1895 1636 βασιλικὸν
1935 1584 2095 1637 περι-

507 1660 692 1730 τίθησι
729 1662 1017 1728 στέφανον,
1049 1660 1146 1712 δια)⁵
1178 1658 1537 1713 ἀνθίστασθαι
1578 1659 1657 1728 τῷ
1692 1659 1943 1732 τυράννῳ
1976 1660 2095 1713 ἐκέ-

508 1753 685 1807 λευεν.
726 1752 790 1805 Ὀ
835 1750 1027 1822 μαθὼν
1059 1752 1088 1804 ὁ
1124 1752 1530 1819 Κωνστάντιος,
1565 1752 1661 1807 καὶ
1705 1754 1767 1808 τὸ
1810 1752 2092 1823 βασιλικὸν

506 1845 748 1916 διάδημα
797 1844 1066 1915 ἔπεμπεν.
1114 1844 1277 1899 Ἀλλὰ
1330 1844 1426 1900 καὶ
1475 1837 1630 1906 οὗτος
1664 1845 1979 1917 ἑνηδυνθεὶς
2019 1848 2085 1915 τῇ

508 1938 676 2008 ἀρχῇ,
706 1936 972 2006 τύραννος
1001 1937 1057 1988 ἐν
1089 1936 1306 2008 Σιρμίῳ
1354 1936 1676 1991 καθίστατο.
1712 1938 1821 1991 Ναὶ
1854 1938 1963 2008 μὴν
1993 1940 2088 1994 καὶ

508 2033 650 2086 κατὰ
687 2029 909 2102 Ῥώμην
938 2030 1155 2102 ταραχὴ
1185 2030 1245 2084 ού
1292 2031 1489 2102 μετρία
1518 2031 1754 2101 προσῆν,
1798 2031 2089 2087 Νεπωτια-

508 2123 625 2188 νοῦ,
656 2123 733 2188 ὃς.
776 2122 1096 2194 ἀδελφιδοῦς
1131 2118 1197 2195 ἦν
1228 2124 1646 2178 Κωνσταντίνου
1685 2123 1780 2178 τοῦ
1835 2124 2089 2196 βασιλεύ-

511 2231 729 2278 σαντος,
786 2213 890 2283 τῆς
948 2214 1133 2267 ικεῖσε
1193 2214 1647 2283 ἀντιποιουμένου
1718 2216 1930 2286 ἀρχῆς,
1989 2216 2089 2269 οὐκ

507 2306 710 2378 ἀγεννῆ
738 2306 989 2371 νεολαίας
1019 2308 1083 2360 ὲκ
1105 2306 1424 2377 δορυφόρων
1465 2307 1792 2379 μονομάχων
1827 2310 2090 2380 στρατιὰν

508 2400 935 2472 ἑπισυρομένου.
977 2399 1142 2455 Ἀλλὰ
1172 2399 1362 2452 τοῦτον
1399 2398 1498 2470 μὲν
1524 2401 1627 2455 ούκ
1656 2400 1751 2455 ἐπὶ
1782 2401 1920 2456 πολὺ
1950 2418 2085 2475 κρα-

508 2494 756 2565 τήσαντα
809 2495 857 2547 oi
892 2493 1024 2565 περὶ
1066 2492 1411 2561 Μαγνέντιον
1459 2492 1720 2547 ῑκτιινον.
1753 2494 2088 2562 Μαγνέντιος

507 2586 567 2643 δὲ
596 2586 668 2641 τὰ
712 2586 849 2659 πρὸς
883 2586 1037 2640 δύσιν
1066 2584 1280 2641 ἅπαντα
1314 2586 1459 2659 δῃῶν
1489 2588 1589 2641 οὐκ
1613 2588 1755 2641 ἀνίει
1777 2602 1791 2617 ⁸
1825 2587 1997 2652 οὕτως
2033 2590 2090 2643 ὲν

508 2680 703 2753 βραχεῖ
726 2679 805 2750 τῷ
833 2678 1011 2751 χρόνῳ
1039 2677 1279 2733 τοσαῦτα
1307 2678 1581 2752 συνερρύη
1604 2680 1787 2739 κακά.
1820 2681 1982 2744 Ἐτος
2004 2683 2090 2735 τέ-

505 2791 703 2846 ταρτον
730 2773 777 2827 δ’
804 2769 874 2847 ἦν
915 2772 1056 2845 μετὰ
1081 2772 1150 2827 τὰ
1184 2771 1243 2826 ὲν
1276 2772 1515 2847 Σαρδικῇ
1538 2776 1605 2845 τῇ
1639 2773 1909 2845 ικκλησίᾳ
1935 2776 2093 2841 γενό-

422 2875 427 2879 ’
506 2886 667 2941 μενα.
690 2866 1072 2931 Κωνστάντιος
1105 2865 1163 2920 δὶ
1192 2865 1549 2937 αὐτοκράτωρ
1581 2866 1722 2920 κατὰ
1756 2867 1856 2938 τὴν
1912 2866 2089 2937 Ἐῴαν

503 2962 761 3034 δειχθεὶς,
795 2961 892 3015 καὶ
914 2960 975 3013 τὸ
1004 2960 1107 3029 τῆς
1150 2960 1396 3030 ἑσπέρας
1430 2959 1632 3031 κράτος
1674 2958 2088 3029 περιζώσασθαι

503 3054 732 3111 ισπευδι
756 3070 769 3086 ⁶
796 3057 891 3110 καὶ
916 3055 1053 3126 πρὸς
1078 3054 1171 3108 τὸν
1200 3053 1309 3107 τῶν
1340 3051 1614 3124 ἑσπερίων
1634 3051 1919 3124 τυράννων
1953 3051 2082 3106 καο-

2199 551 2417 608 antem,
2480 544 2574 613 qui
2627 544 2773 607 apud
2830 542 2998 613 Syros
3059 542 3304 613 optimus
3356 541 3461 598 fuit
3513 543 3771 613 scriptor,

2199 651 2363 691 muro
2387 653 2714 700 conscenso,
2750 637 2844 695 ubi
2868 637 3330 692 innumerabilem
3356 637 3500 692 illam
3526 637 3770 693 hostium

2200 730 2615 787 multitudinem
2647 734 2820 797 vidit,
2879 732 3147 787 Jacobum
3200 731 3297 802 qui
3362 740 3478 786 tum
3532 731 3644 795 ibi,
3713 742 3773 785 ut

2199 823 2406 877 dictum
2430 832 2535 887 est,
2558 822 2877 894 episcopum
2907 822 3126 891 agebat,
3159 823 3389 894 rogavit,
3426 832 3486 877 ut
3506 823 3795 896 eyniplies.

2197 926 2256 971 et
2301 915 2511 972 culices
2543 915 2729 970 Persis
2779 915 3146 970 immitteret:
3187 914 3390 986 quibus
3449 915 3551 980 illi,
3602 917 3769 972 etiam

2199 1025 2294 1077 per
2347 1008 2572 1063 minima
2613 1008 2870 1065 animalia
2915 1010 3085 1067 Deum
3119 1011 3201 1067 eis
3245 1010 3463 1065 abunde
3500 1009 3768 1064 auxilium

2198 1101 2366 1166 ferre,
2402 1112 2831 1174 cognoscerent.
2880 1101 2945 1158 Et
2975 1119 3129 1166 ecce.
3157 1103 3321 1159 simul
3344 1119 3468 1157 cum
3506 1102 3621 1173 ipsa
3650 1118 3773 1171 pre-

2199 1193 2438 1259 catione,
2494 1195 2954 1251 animalculorum
3015 1211 3212 1251 aereus
3270 1194 3547 1249 exercitus
3607 1192 3772 1246 nubis

2198 1284 2373 1340 instar
2410 1287 2700 1343 confertim
2745 1289 2799 1342 in
2847 1288 2974 1344 illos
3008 1288 3234 1354 involat,
3274 1295 3331 1342 et
3364 1288 3417 1341 in
3447 1284 3775 1356 elephanto--

2202 1392 2325 1431 rnm
2361 1377 2748 1449 proboscides,
2779 1395 2902 1450 qua)
2938 1380 3103 1436 veluti
3138 1380 3288 1435 tibiae
3314 1380 3536 1435 directae
3565 1378 3775 1433 emine-

2195 1469 2350 1532 bant,
2406 1486 2791 1541 equorumque
2835 1481 2892 1526 et
2935 1472 3568 1543 aliorumjumentorum
3610 1484 3773 1523 aures

2195 1574 2254 1618 et
2310 1578 2471 1618 nares
2529 1564 2717 1621 irruit.
2763 1564 2844 1619 Illi
2893 1580 3026 1620 vero
3081 1564 3541 1620 animalculorum
3575 1576 3770 1618 eormn

2196 1670 2307 1710 non
2360 1655 2600 1711 ferentes
2654 1672 3035 1726 congressum,
3078 1656 3235 1712 nullo
3287 1665 3506 1713 servato
3549 1655 3766 1721 ordine,

2199 1761 2325 1801 cum
2354 1747 2561 1818 impetu
2594 1748 2976 1803 discurrentes
3019 1749 3343 1815 miscentur,
3379 1750 3769 1821 fugientesque

2194 1840 2430 1910 turpiter
2458 1839 2781 1896 concidunt.
2816 1840 2887 1897 At
2913 1841 3149 1912 Sapores
3193 1858 3261 1897 ex
3311 1843 3477 1897 rebus
3518 1842 3767 1896 minimis

2191 1933 2431 1989 maximo
2464 1934 2559 1989 Dei
2591 1933 2845 1989 subsidio
2867 1935 3116 2005 cognito,
3150 1949 3279 1990 cum
3316 1935 3486 1989 multa
3516 1949 3613 2005 per
3644 1949 3767 1989 eam

2191 2030 2606 2101 expeditionem
2671 2038 2962 2094 tentasset,
3025 2045 3152 2086 eum
3216 2030 3424 2100 probro
3474 2036 3659 2086 tamen
3712 2040 3771 2083 et

2192 2124 2494 2195 ignominia
2544 2124 2673 2180 inde
2732 2123 3011 2189 disceSsit,
3068 2122 3226 2181 clade
3275 2122 3382 2180 sibi
3441 2123 3546 2195 ipsi
3582 2125 3768 2195 potius

2189 2231 2356 2286 quam
2393 2215 2624 2271 victoria
2652 2228 2829 2288 parta.
2875 2215 3202 2273 Constantio
3232 2225 3417 2271 autem
3448 2216 3595 2271 bello
3632 2215 3769 2272 Per-

2191 2314 2306 2367 sico
2366 2311 2421 2366 in
2476 2310 2703 2367 Oriente
2764 2320 3060 2382 occupato,
3102 2309 3449 2382 Magnentius
3508 2310 3560 2365 in
3611 2309 3772 2364 Occi~

2192 2405 2357 2461 dente
2389 2403 2735 2475 tyrannidem
2766 2403 3013 2475 arripuit}
3051 2403 3146 2473 qui
3192 2404 3576 2472 imperatorem
3625 2400 3768 2457 Cun-

2193 2507 2432 2553 stantem
2470 2496 2613 2567 apud
2644 2495 2851 2551 Gallias
2907 2512 3005 2566 per
3052 2495 3283 2550 insidias
3328 2495 3631 2553 intercurrit.
3668 2496 3769 2550 im-

2191 2586 2515 2658 periumque
2569 2587 2716 2641 illius
2766 2586 2868 2641 sibi
2920 2585 3186 2640 sublidit.
3231 2583 3387 2641 Unde
3419 2585 3607 2641 civilis
3635 2584 3765 2640 belli

2190 2696 2356 2736 causa
2388 2681 2621 2736 exstitit.
2656 2679 2829 2752 llujus
2866 2695 3103 2751 namque
3138 2681 3494 2751 impotentem
3519 2679 3763 2736 animum

2189 2775 2365 2829 verita
2416 2773 2764 2843 imperatoris
2817 2787 2974 2829 soror
3027 2771 3345 2831 Constantia
3379 2775 3500 2844 (Ι).
3543 2774 3767 2830 Britan-

2193 2863 2345 2919 nioni
2399 2863 2691 2934 imperiale
2749 2863 3012 2936 imposuit
3062 2864 3348 2931 diadema,
3397 2880 3635 2936 eumque
3665 2867 3766 2921 ad-

2193 2974 2388 3014 versus
2419 2966 2715 3031 tyrannum
2743 2957 2948 3014 ducere
2973 2957 3158 3029 jussit.
3193 2958 3349 3027 Quod
3383 2958 3767 3017 ubiConstan-

2194 3052 2305 3107 tius
2328 3051 2610 3121 cognovit,
2662 3058 2718 3107 et
2771 3052 2888 3122 ipse
2916 3051 3273 3121 imperatoris
3307 3053 3549 3124 insignia
3580 3055 3765 3113 eidem

504 3147 774 3214 ωπλίζετο
835 3146 1095 3218 πόλεμον.
1134 3146 1268 3200 Τότε
1299 3145 1344 3201 δ’
1381 3144 1702 3210 Ἀθανάσιος
1732 3146 1828 3197 καὶ
1859 3143 2081 3200 σύνοδον

2190 3144 2335 3200 misit
2372 3144 2473 3216 (2).
2508 3144 2620 3200 Sed
2647 3153 2705 3200 et
2734 3143 2827 3200 bic
2855 3143 3159 3214 imperandi
3183 3143 3413 3202 libidine
3439 3158 3761 3218 corruptus,

505 3244 567 3296 ιν
608 3240 992 3315 Ἀλεξανδρείᾳ
1037 3237 1355 3309 Αἰγυπτίων
1409 3236 1672 3310 ἀθροίσας
1728 3236 2078 3304 ἐπισκόπων,

500 3333 572 3387 τὰ
596 3333 656 3387 ἐν
685 3332 925 3404 Σαρδικῇ
956 3332 1052 3385 καὶ
1099 3328 1437 3402 Παλαιστίνῃ
1476 3328 1609 3398 περὶ
1635 3326 1803 3383 αὑτοῦ
1848 3328 2077 3395 δόξαντα

2190 3349 2403 3405 quoque
2426 3350 2535 3389 non
2562 3333 2859 3390 mediocris
2880 3334 3154 3391 tumultus
3177 3334 3302 3402 l‘uit,
3341 3338 3485 3407 quod
3508 3337 3767 3411 Nepotia-

502 3423 706 3496 κυροῦν
737 3428 831 3480 καὶ
859 3422 1290 3494 ἐπιψηφίζεσθαι
1330 3420 1735 3493 παρεσκεύαζε.

2190 3443 2318 3491 nus,
2361 3426 2637 3497 Eutropia
2668 3424 2978 3482 Constantii
3023 3429 3232 3484 sororis
3274 3426 3439 3492 illius.
3464 3430 3763 3501 imperium

501 3516 607 3574 sibi
651 3516 706 3572 in
744 3517 879 3573 urbe
915 3518 1233 3583 vindicans,
1269 3517 1464 3572 fortem
1532 3532 1598 3570 ex
1634 3516 2046 3585 gladiatoribus
2088 3520 2419 3576 satellitibus
2485 3519 2785 3575 exercitum
2841 3531 3211 3579 contraxerat.
3240 3519 3375 3578 Eum
3412 3532 3595 3580 tamen
3652 3542 3765 3582 non

502 3613 600 3670 diu
653 3629 838 3669 rerum
890 3615 1159 3686 potitum,
1196 3614 1547 3686 Magnentius
1583 3615 1663 3683 (5)
1735 3616 1951 3670 necavit
1985 3633 2000 3669 τ
2074 3616 2171 3687 qui
2209 3618 2328 3672 loca
2372 3617 2556 3672 omnia
2598 3618 2651 3672 in
2707 3616 2823 3687 ipso
2861 3616 3159 3675 Occidente
3189 3629 3405 3676 vastare
3442 3636 3551 3677 non
3589 3622 3764 3680 inter-

504 3713 677 3769 misit.
714 3711 955 3768 Tantum
988 3714 1145 3768 brevi
1178 3722 1431 3784 tempore
1513 3710 1785 3766 malorum
1864 3720 1949 3767 est
2022 3714 2452 3770 accumulatum.
2514 3714 2647 3769 Erat
2700 3715 2747 3769 is
2792 3724 3021 3784 quartus
3078 3731 3106 3768 a
3160 3714 3479 3775 Sardicensi
3552 3722 3764 3792 synodo

503 3824 704 3865 annus.
740 3808 1098 3866 Constantius
1148 3826 1338 3883 pono,
1385 3807 1480 3880 qui
1559 3807 1771 3864 Orienti
1818 3810 2117 3881 imperator
2172 3811 2481 3868 declaratus
2537 3812 2736 3874 fuerat.
2791 3812 3150 3870 Occidentem
3236 3829 3456 3885 quoque
3504 3818 3762 3887 potestati

503 3917 617 3957 suae
659 3902 936 3973 subjicere
988 3905 1299 3970 contendit,
1347 3904 1665 3976 bellumque
1728 3904 1994 3960 adversus
2067 3913 2384 3977 tyrannum,
2420 3906 2513 3977 qui
2578 3906 2652 3960 ibi
2685 3907 3061 3977 grassabatur,
3135 3906 3446 3963 adornavit.
3498 3908 3578 3964 Eo
3622 3918 3763 3964 tein-

505 4011 641 4067 pore
672 3995 1007 4052 Athanasius
1054 3998 1440 4069 episcoporum
1481 3997 1859 4071 digyptiorum
1937 4000 2208 4072 synodum
2262 3999 2604 4056 Alexandria:
2652 3997 2879 4072 coegit:
2954 3999 3010 4055 in
3064 4018 3172 4073 qua
3237 4019 3364 4073 (μιω
3434 4007 3505 4058 de
3552 4018 3621 4059 eo
3669 4008 3756 4060 vel

2190 3240 2243 3292 in
2279 3237 2627 3310 tyrannidem
2659 3238 2805 3309 apud
2840 3235 3105 3294 Sirmium
3143 3238 3349 3310 erupit.
3384 3238 3545 3313 745
3580 3241 3767 3299 Roma:
3868 3248 3875 3257 '

507 4088 753 4145 Sardiae
778 4090 860 4145 vel
892 4090 946 4144 in
986 4091 1275 4147 Palmstina
1318 4092 1541 4151 decreta
1571 4102 1786 4161 essent,
1821 4094 2321 4165 comprobarentur
2353 4106 2520 4165 atque
2546 4092 3047 4153 conﬁrmarentur.

1086 4215 1342 4269 ΚΕΦΑΛ.
1383 4213 1509 4269 ΚΘ’.

516 4331 613 4397 Ὠς
667 4331 855 4385 πάλιν
916 4328 1034 4384 τῶν
1088 4327 1414 4400 Ἀρειανῶν
1466 4329 1817 4385 ἐπιθέσεσιν
1851 4334 1907 4385 ol
1941 4330 2077 4398 περὶ

577 4400 1385 4471 Ἀθανάσιονέξηλιιύνοντο,
1405 4400 1504 4456 καὶ
1523 4403 1706 4466 αὐτὸς
1721 4400 1884 4471 φυγῇ
1902 4401 2078 4471 ἐχρή-

2735 4214 2965 4273 CAPUT
3006 4212 3201 4270 XXIX.

2190 4324 2256 4381 Ut
2274 4341 2483 4379 rursum
2518 4327 2836 4381 Arianorum
2866 4342 3025 4396 apem
3057 4326 3376 4381 Athanasius
3398 4327 3466 4380 sit
3488 4332 3757 4397 expulsus.

2254 4398 2464 4467 ipseque
2490 4414 2546 4451 se
2579 4398 2718 4467 fugae
2736 4399 3052 4453 commiserit
3086 4413 3100 4451 :
3134 4406 3183 4469 et
3214 4408 3269 4451 ut
3295 4400 3465 4469 denuo
3505 4399 3758 4469 Georgius

577 4448 925 4527 sats-"1;;
952 4448 1276 4538 Εἷὲἷᾶρὶὶιέ
1304 4448 1628 4540 mas;
1642 4448 2075 4539 ’ἆᾶτῆέὶθῖἧϊς

2252 4448 3063 4541 assidentum.sanam;
3090 4448 3757 4541 ⁷Ᾰὶεῷἐιὴᾱέιῖὶὶὲεᾳῖιῖἕὶἱῇζ

578 4543 1055 4612 Ἀλεξάνδρειαν,
1071 4543 1170 4598 καὶ
1186 4545 1374 4612 μυρία
1397 4543 1549 4597 κακὰ
1570 4542 2078 4611 Ἀλεξανδρεῦσιν

573 4616 882 4684 ἐπήγαγεν
900 4630 912 4643 ·
943 4613 1023 4680 ὡς
1042 4615 1112 4668 ἐν
1139 4613 1222 4679 τῷ
1250 4614 1384 4682 περὶ
1410 4615 1612 4683 φυγῆς
1641 4616 1802 4683 λόγῳ
1833 4615 2077 4682 ἱστόρη-

575 4702 691 4740 σεν
730 4685 1102 4752 Ἀθανάσιος.

573 4798 836 4864 Βασιλεὺς
865 4798 921 4853 δὲ
960 4800 1080 4861 ταῖς
1104 4798 1203 4869 τῆς
1241 4798 1540 4853 ἀντιπάλου
1581 4796 1850 4868 αἱρέσεως
1882 4793 2079 4848 ὑποθέ-

502 4910 657 4948 σεσιν
701 4893 1017 4964 ἐπιτραπεὶς.
1050 4892 1373 4962 διάστροφος
1408 4894 1509 4961 τὴν
1551 4889 1779 4959 γνώμην
1824 4887 2035 4954 ἐγίνετο
2058 4902 2071 4917 ·

502 4986 768 5039 ὑπέθεντο
808 4985 918 5055 γὰρ
944 4983 1019 5047 ὡς
1050 4984 1137 5055 εἴη
1170 4986 1445 5053 Αιγυπτον
1467 4983 1561 5036 καὶ
1584 4981 1793 5053 Λιϐύην
1824 4980 2074 5050 συγχέων

500 5075 656 5139 αὖθις
702 5075 732 5128 ὁ
773 5074 1112 5138 Ἀθανάσιος.
1174 5073 1564 5145 Προσετίθεντό
1612 5090 1677 5141 γε
1728 5073 1833 5142 μὴν
1892 5070 2076 5125 καὶτὸ

505 5165 581 5238 μὴ
611 5166 705 5219 ἐπὶ
735 5167 853 5230 ταῖς
895 5166 1338 5235 καθηκουσάσαις
1370 5164 1519 5232 αύτῴ
1557 5164 1869 5234 παροικίαις
1897 5176 2076 5231 χειρο-

501 5264 681 5327 τονίας
711 5264 967 5317 ποιῆσαν
999 5262 1093 5317 καὶ
1121 5261 1185 5315 τὸ
1218 5261 1500 5332 μέγιστον,
1526 5260 1600 5322 ὡς
1628 5260 1711 5313 ὅτι
1739 5256 1896 5317 οὗτος
1926 5251 2074 5323 αύτῷ

570 5444 648 5514 (l)
680 5443 759 5497 Ad
795 5443 1070 5515 Illyricum
1112 5454 1294 5500 autem
1334 5444 1522 5500 Sirmii
1565 5458 1594 5515 α
1634 5440 1902 5515 militibus
1933 5438 2077 5515 alios

498 5508 763 5585 tyrannus
797 5508 995 5579 lectus,
1030 5533 1225 5571 nomen
1283 5516 1361 5571 illi
1395 5524 1513 5571 erat
1563 5511 1917 5569 Britanionis.
1948 5508 2075 5580 (So-

495 5592 633 5639 erat.
671 5586 761 5655 ubi
798 5596 1010 5655 supra.)

569 5656 647 5733 (εἰ)
675 5654 898 5733 Veniam
935 5658 1142 5727 petenti
1168 5661 1329 5733 facile
1360 5657 1532 5733 dedit.
1561 5656 1803 5733 (Egnat_._)
2011 5724 2043 5733 Η

568 5726 647 5797 t5)
686 5724 979 5789 Constans,
1036 5734 1101 5782 ad
1148 5731 1375 5785 delicias
1422 5724 1701 5795 delapsus,
1753 5724 2067 5794 Magnentii,

494 5795 591 5866 qui
630 5795 841 5852 'comes
886 5802 1141 5854 ordinum
1200 5803 1479 5872 Augustae,
1534 5798 1840 5854 Germaniae
1894 5797 2066 5859 urbis,

2254 4540 2366 4593 uita
2418 4540 2563 4594 mala
2615 4539 2954 4593 conciliarit:
2994 4539 3437 4608 quemadmodum
3487 4557 3551 4595 ea
3588 4541 3651 4595 de
3690 4539 3761 4597 re

2250 4609 2305 4681 in
2343 4612 2583 4664 oratione
2614 4611 2679 4663 de
2709 4612 2835 4681 fuga
2880 4626 2977 4664 sua
3019 4610 3347 4664 Athanasius
3388 4612 3641 4679 scriptum
3670 4629 3759 4666 re-

2251 4679 2427 4750 liquit.

2258 4799 2559 4869 Imperator
2600 4808 2782 4853 autem
2839 4798 3179 4853 adversantis
3228 4806 3392 4855 secta:
3437 4798 3753 4869 importuna

2184 4892 2575 4948 sollicitatione
2614 4891 2969 4945 transversim
3004 4900 3181 4954 actus,
3227 4891 3473 4961 priorem
3521 4896 3755 4950 mutavit

2178 4984 2537 5041 sententiam.
2588 4984 2991 5054 Suggesserant
3052 4984 3200 5038 enim
3256 4984 3330 5051 ei,
3389 4985 3751 5042 Athanasium

2179 5091 2399 5131 rursum
2431 5073 2724 5145 Egyptum
2760 5088 2817 5130 et
2846 5066 3076 5147 Liby'am
3118 5074 3361 5130 turbare.
3412 5077 3754 5137 Addiderant

2177 5165 2367 5228 etiam,
2419 5165 2474 5218 in
2524 5165 2784 5235 paraeciis
2831 5182 2952 5236 qua:
2998 5165 3409 5236 iurisdictionis
3461 5168 3583 5237 ejus
3641 5154 3750 5225 non

2178 5266 2387 5322 essent,
2443 5261 2736 5328 episcopos
2791 5266 2848 5313 ct
2898 5257 3252 5330 presbyteros
3305 5258 3641 5331 designasse.
3689 5266 3753 5318 lzt

2176 5449 2314 5509 erat,
2346 5437 2587 5500 insidiis,
2620 5436 2765 5490 haud
2820 5438 2981 5507 longe
3028 5438 3095 5491 ab
3129 5438 3424 5505 Hispaniis,
3460 5439 3513 5493 in
3547 5440 3751 5509 oppido

2178 5507 2403 5567 llclene,
2441 5509 2657 5563 occisus
2699 5519 2802 5562 est.
2838 5509 3096 5576 Eutrup.,
3143 5512 3233 5579 qui
3283 5507 3752 5577 Angustam—Au-

2176 5580 2546 5648 gnstodunutn
2581 5590 2851 5634 nominat.
2889 5609 2958 5618 -—-
2980 5580 3350 5648 Nepotianum
3375 5582 3463 5635 die
3486 5584 3749 5637 vicesimo

2176 5662 2368 5703 octavo
2405 5649 2751 5723 Magnentius
2789 5652 3059 5723 oppressit
3095 5668 3108 5703 :
3147 5660 3392 5723 et_caput
3430 5652 3549 5723 ejus
3578 5655 3749 5712 hastu:

2180 5725 2427 5787 inlisum,
2465 5720 2517 5776 in
2557 5722 2691 5776 urbe
2728 5722 3054 5776 circulatunt
3084 5730 3189 5777 εει.
3220 5720 3390 5776 Idem.
