4090 6208
377 349 482 412 339

1594 350 2021 417 NICEPHORI
2062 352 2413 417 CALLISTI

3520 346 3627 410 340

378 462 525 532 quod
568 461 750 521 fuerat
796 478 826 516 a
877 463 1121 535 tyrannis
1154 463 1479 520 excitatum.
1517 463 1583 521 Et
1614 466 1945 537 imperatore

2053 465 2177 520 κατ’
2210 468 2363 522 οὐδὲν
2409 466 2737 541 λειπόμενον
2762 465 2874 522 τῶν
2907 464 3011 520 ὑπὸ
3051 466 3166 532 τοῖς
3212 465 3498 537 τυράννοις
3532 480 3624 534 γε-

379 565 499 611 arte
549 556 952 621 circumvento,
998 559 1396 615 constitutione
1447 559 1587 631 ejus,
1631 562 1852 631 rapinas
1892 568 1950 613 et

380 647 723 719 direptiones
752 664 901 714 suas,
926 665 1063 720 quas
1090 649 1147 704 in
1177 650 1432 706 ecclesiis
1463 666 1724 723 peragere
1755 651 1948 707 decre-

379 749 556 807 verat,
598 741 970 797 conﬁrmavit.
1027 742 1577 799 Circumferebantur
1631 761 1731 814 per
1786 744 1950 802 urbes

380 833 730 903 imperatoris
768 835 985 890 litterae.
1039 835 1289 891 Militaris
1329 854 1523 893 manus
1569 839 1947 895 sanctionibus

380 924 766 979 subserviebat
793 945 805 980 :
836 937 891 982 et
918 942 1024 981 non
1055 929 1230 984 solum
1260 930 1531 992 ecclesiis.
1560 946 1751 985 verum
1782 933 1947 987 etiam

380 1016 614 1071 urbibus
651 1017 786 1087 ipsis
826 1018 1187 1088 pellebantur,
1225 1023 1318 1091 qui
1367 1022 1539 1077 Paulo
1581 1022 1856 1089 favebant,
1892 1032 1949 1078 et

376 1109 439 1163 τὸ
497 1109 820 1180 ὁμοούσιον,
854 1114 1350 1180 consubstantiale,
1386 1115 1811 1187 proﬁtebantur.
1870 1117 1949 1173 Ac

380 1206 617 1270 primum
652 1205 875 1276 quidem
908 1210 1350 1278 persecutionem
1384 1219 1593 1265 tantum
1639 1211 1904 1281 urgebant
1932 1230 1944 1265 :

379 1297 581 1354 deinde
618 1315 751 1355 vero
797 1301 1186 1356 necessitatem
1225 1317 1448 1374 quoque
1488 1304 1849 1376 ejuscemodi,
1890 1316 1950 1361 ut

380 1406 505 1445 eum
542 1391 650 1446 illis
690 1394 1187 1459 communicarent.
1228 1395 1309 1451 eis
1346 1397 1719 1467 imponebant,
1756 1397 1845 1453 cui
1879 1398 1946 1452 ad

379 1478 646 1533 saevitiam
685 1496 809 1535 eam
859 1482 997 1536 nihil
1040 1482 1280 1550 deesset,
1305 1501 1428 1556 quae
1470 1486 1602 1541 olim
1642 1488 1723 1544 eis
1757 1488 1850 1560 qui
1881 1490 1948 1544 ad

384 1568 655 1625 idolorum
699 1573 971 1629 sacriﬁcia
1008 1575 1189 1632 adacti
1219 1587 1370 1640 sunt,
1414 1579 1563 1647 illata
1599 1579 1800 1637 fuerat.
1828 1581 1948 1637 Non

378 1664 528 1717 enim
577 1664 983 1737 proscriptione
1036 1680 1247 1725 tantum
1298 1685 1389 1727 res
1437 1671 1730 1744 agebatur,
1766 1675 1859 1730 sed
1893 1681 1949 1730 et

380 1756 757 1823 publicationo
796 1772 961 1831 atque
1001 1762 1313 1833 direptione
1351 1765 1649 1835 bonorum,
1681 1777 1948 1839 praterea

379 1849 584 1920 ﬂagris,
634 1852 983 1919 verberibus,
1024 1858 1273 1927 variique
1332 1858 1548 1929 generis
1611 1859 1948 1915 cruciatibus

378 1952 435 1996 et
459 1942 684 1999 exsiliis.
720 1944 873 2001 Multi
908 1947 1079 2018 plagis
1109 1950 1343 2004 confecti
1379 1952 1660 2008 interiere.
1695 1952 1831 2007 Aliis
1857 1953 1948 2025 jus

378 2034 626 2094 civitatis
663 2038 1005 2112 ademptum.
1044 2041 1277 2110 Quidam
1314 2045 1369 2100 in
1402 2045 1582 2101 fronte
1613 2048 1759 2102 notis
1797 2063 1948 2106 com-

381 2128 590 2197 puncti,
633 2138 693 2185 ut
736 2131 986 2203 dignosci
1041 2143 1301 2206 tanquam
1356 2136 1647 2209 stigmatici
1700 2152 1945 2210 possent.

376 2219 574 2277 Clades
600 2238 663 2278 ea
699 2225 767 2280 ad
797 2226 976 2282 cmdes
1002 2229 1167 2283 etiam
1204 2234 1497 2300 processit.
1536 2232 1785 2304 Namque
1819 2249 1945 2291 cum

380 2312 571 2369 multis
631 2315 757 2371 aliis
781 2326 836 2372 et
865 2318 1177 2375 Marcianus
1214 2323 1577 2394 etMartyrius
1598 2340 1722 2381 cum
1754 2340 1947 2397 magna

379 2404 724 2463 fortitudinis
765 2408 929 2465 laude
974 2422 1105 2467 sunt
1154 2414 1383 2481 mortui,
1416 2417 1509 2486 qui
1547 2416 1844 2472 familiares
1888 2426 1946 2473 et

377 2498 579 2554 scriba:
614 2500 779 2561 Pauli
825 2501 1066 2560 fuerant.
1124 2505 1233 2561 Eos
1286 2507 1638 2565 Macedonius
1686 2510 1945 2581 prmfecto

377 2589 636 2654 tradidit,
680 2592 893 2649 crimen
944 2595 1077 2650 illud
1132 2597 1450 2668 obiectans,
1497 2600 1645 2672 quod
1698 2602 1944 2659 seditiosi

375 2692 581 2747 essent,
622 2693 677 2740 et
722 2686 1019 2757 plurimum
1068 2691 1192 2760 opis
1232 2692 1301 2747 ad
1346 2692 1705 2766 Hermogenis
1740 2695 1944 2753 caedem

376 2778 767 2836 contulissent.
804 2781 1008 2839 Horum
1045 2784 1355 2844 Marcianus
1387 2787 1765 2846 subdiaconus
1798 2788 1905 2848 (sit

373 2868 675 2944 Martyrius
704 2883 886 2932 autem
917 2878 1122 2947 psaltes
1151 2895 1245 2936 seu
1272 2889 1487 2947 cantor,
1522 2882 1944 2955 divinarumque

380 2961 797 3036 Scripturarnm
824 2970 1017 3027 lector.
1038 2973 1363 3044 Sepulcrum
1393 2992 1585 3032 eorum
1611 2989 1763 3034 extra
1792 2979 1945 3036 urbis

376 3070 595 3111 murum
650 3069 735 3114 est
785 3061 990 3116 celebri
1041 3063 1169 3119 lano
1222 3067 1507 3135 clausum,
1555 3071 1703 3139 quod
1754 3068 1943 3126 fanum

2053 561 2391 631 γενημένων.
2426 561 2604 635 Τέχνη
2629 561 2689 616 δέ
2725 562 3126 634 μετερχόμενος
3157 561 3251 617 τὸν
3291 560 3622 632 κρατοῦντα.

2050 648 2128 721 τῷ
2155 650 2367 705 ἐκείνου
2399 651 2550 724 νόμῳ
2576 652 2799 723 ἐκύρου,
2831 652 2932 706 ὅσα
2963 651 3164 723 ληίζων
3195 652 3296 717 τάς
3324 650 3620 722 ἐκκλησίας

2050 746 2145 799 καὶ
2190 744 2716 817 ἀνδραποδιζόμενος
2765 746 3028 817 πράττειν
3061 747 3266 819 ᾑρεῖτο.
3328 745 3439 799 Καὶ
3482 742 3624 799 κατά

2052 839 2236 903 πόλεις
2297 839 2558 910 βασιλικά
2610 841 2882 908 ἐφίπτατο
2936 840 3292 910 γράμματαο
3350 837 3444 891 καὶ
3502 838 3623 909 χεὶρ

2052 932 2420 1004 στρατιωτικὴ
2444 935 2555 996 τοῖς
2580 932 2994 1001 θεσπιζομένοις
3021 930 3468 1001 καθυπουργεῑτο
3485 946 3498 959 ·
3526 932 3624 986 καὶ

2049 1026 2108 1079 οὑ
2140 1026 2303 1097 μόνον
2333 1025 2442 1080 τῶν
2478 1026 2809 1096 ἐκκλησιῶν,
2844 1025 2980 1080 ἁλλά
3003 1029 3099 1082 καὶ
3128 1025 3234 1079 τῶν
3262 1025 3471 1079 πόλεων
3497 1020 3623 1091 ἐξη-

2048 1117 2326 1181 λαύνοντο,
2357 1119 2471 1173 ὅσοι
2516 1119 2583 1191 δὴ
2613 1120 2682 1173 τὰ
2718 1118 2934 1173 Παύλου
2970 1118 3293 1191 φρονοῦντες
3325 1115 3491 1191 ἦσαν.
3525 1117 3623 1172 καὶ

2050 1213 2118 1264 τὰ
2158 1211 2250 1264 τοῦ
2282 1213 2570 1277 ὁμοουσίου
2617 1211 2970 1282 ἐπρέσϐευον.
3010 1212 3117 1265 Καὶ
3165 1211 3234 1266 τά
3287 1211 3386 1282 μέν
3424 1211 3616 1284 πρῶτα

2048 1303 2264 1357 διώκειν
2296 1304 2459 1373 μόνον
2504 1302 2835 1367 ἐσπούδαζον
2858 1318 2876 1334 ⁶
2912 1304 3102 1359 ἔπειτα
3136 1304 3193 1359 δέ
3238 1306 3334 1359 καὶ
3369 1306 3617 1375 ἀνάγκην

2050 1396 2330 1467 προσῆγον
2368 1396 2510 1450 ὥστε
2544 1397 2825 1450 κοινωνεῖν
2854 1396 3042 1460 αὑτοῖς
3067 1412 3080 1427 ·
3115 1399 3210 1451 καὶ
3236 1396 3517 1470 τοιαύτην,
3541 1397 3619 1464 ὡς

2051 1491 2220 1563 μηδὲν
2250 1491 2582 1547 ἀποδέουσαν
2610 1487 2752 1545 εῖναι
2790 1492 2905 1555 τοῖς
2929 1491 3099 1547 πάλαι
3133 1490 3346 1557 ξοάνοις
3375 1490 3621 1547 ἐπιθύειν

2047 1585 2510 1657 ἠναγκασμένοις,
2543 1586 2619 1640 Oti
2654 1586 2762 1657 γὰρ
2787 1585 3006 1658 ἐξορίας
3036 1586 3214 1656 μόνον,
3238 1586 3373 1641 ἀλλά
3399 1587 3496 1641 καὶ
3522 1586 3618 1657 δη-

2050 1675 2275 1747 μεύσεις
2308 1677 2404 1730 καὶ
2459 1676 2678 1731 οἰκείων
2711 1676 3040 1746 ἀπαγωγὰς,
3101 1676 3375 1747 μάστιγάς
3413 1693 3475 1731 τε
3522 1677 3617 1731 ἐπὶ

2048 1767 2280 1835 τούτοις,
2334 1769 2516 1833 αἰκίας
2545 1786 2605 1824 τε
2655 1769 2753 1824 καὶ
2782 1769 3037 1834 ποικίλας
3093 1768 3299 1839 ἐπῆγον
3344 1769 3617 1840 βασάνους

2051 1863 2144 1917 καὶ
2175 1863 2413 1933 ἐξορίας.
2462 1863 2551 1928 Ὠς
2582 1865 2676 1918 καὶ
2722 1863 2957 1927 πολλοὺς
2991 1863 3096 1918 ὑπδ
3131 1863 3350 1932 πληγῶν
3392 1863 3619 1933 διαφθα-

2049 1957 2212 2028 ρῆναι
2238 1972 2253 1989 ·
2284 1956 2467 2020 ἄλλοις
2498 1957 2556 2010 δέ
2581 1956 2948 2027 ἀφαιρεθῆναι
2974 1956 3036 2009 τὸ
3082 1956 3500 2009 πολιτεύεσθαι·
3534 1972 3617 2009 τι·

2047 2050 2146 2113 νὰς
2176 2050 2231 2103 δὲ
2264 2050 2360 2103 καὶ
2400 2049 2543 2104 κατὰ
2569 2048 2677 2104 τῶν
2711 2049 2979 2120 μετώπων
3020 2049 3314 2120 μαστιγίας
3341 2049 3617 2117 γενέσθαι,

2047 2142 2116 2196 ἵν’
2148 2142 2413 2214 ἐπίσημοι
2468 2135 2580 2196 εἷεν
2610 2141 2765 2207 ὄντες
2807 2140 3063 2197 τοιοῦτοι.
3114 2142 3187 2196 Τὸ
3215 2142 3272 2197 δέ
3303 2141 3475 2195 κακὸν
3518 2142 3617 2197 καὶ

2049 2236 2212 2305 μέχρι
2243 2234 2420 2305 φόνων
2444 2234 2661 2307 προῄει.
2686 2235 2793 2289 Σὺν
2821 2235 3037 2298 πολλοῖς
3065 2235 3173 2307 γὰρ
3192 2236 3285 2289 καὶ
3313 2234 3496 2299 ἀλλοις
3522 2234 3617 2288 καὶ

2045 2328 2369 2399 Μαρκιανὸς
2411 2328 2508 2383 καὶ
2559 2326 2878 2399 Μαρτὺριος
2924 2327 3187 2397 ἀνδρείως
3238 2327 3529 2391 ἀπέθανον,
3565 2326 3618 2381 οἶ

2046 2420 2284 2475 σύνοικοι
2317 2420 2412 2474 καὶ
2441 2421 2901 2490 ὑπογραμματεῖς
2932 2420 3366 2491 χρηματίζοντες
3395 2419 3615 2489 Παύλῳ,

2049 2513 2154 2567 ὑπὸ
2197 2513 2533 2570 Μακεδονίου
2595 2512 2673 2584 τῷ
2733 2512 2966 2584 ὑπάρχῳ
3012 2513 3386 2583 προὺδόϐησαν
3433 2512 3616 2565 αἰτίαν

2048 2608 2291 2677 σχόντες.
2337 2605 2412 2669 ὡς
2443 2606 2638 2677 εἴησαν
2687 2603 3027 2668 στασιώδεις,
3074 2606 3167 2657 καὶ
3219 2607 3283 2675 τῇ
3335 2604 3618 2673 ἀναιρέσει

2055 2699 2422 2772 Ἑρμογένους
2480 2697 2581 2752 οὑκ
2630 2698 2891 2768 ἐλάχιστα
2944 2695 3371 2768 συμϐαλόμενοι.
3404 2692 3515 2749 ἿΙν
3571 2693 3617 2748 δ’

2047 2796 2069 2849 l.
2103 2794 2289 2863 ἕτερος
2340 2792 2441 2862 μὲν
2475 2791 2850 2855 ὑποδιάκονος,
2875 2789 3086 2862 ψάλτης
3126 2790 3182 2843 δὲ
3217 2790 3243 2841 ὀ
3275 2786 3615 2857 Μαρτὺριος,

2046 2886 2143 2941 καλ⁸
2196 2888 2295 2950 τὰς
2329 2885 2480 2949 θείας
2532 2883 2930 2953 ἀναγινώσκειν
2981 2882 3316 2951 τεταγμένος
3366 2880 3614 2952 Γραφὰς.

2044 2976 2144 3035 Ὧν
2169 2979 2197 3034 ὁ
2223 2979 2393 3048 τάφος
2438 2978 2547 3050 πρὸ
2571 2978 2668 3032 τοῦ
2696 2977 2913 3048 τείχους
2943 2978 3062 3031 ἐστὶ
3104 2976 3201 3044 τῆς
3236 2974 3464 3037 πόλεως,
3492 2973 3617 3025 ἐπί·-

2048 3090 2225 3145 σημον
2251 3072 2550 3145 περιϐεϐλη
2561 3070 2721 3143 μένος
2745 3066 2916 3135 οῐκον,
2945 3071 3041 3126 ἅτε
3071 3069 3135 3141 δὴ
3159 3067 3455 3140 μαρτύρων
3481 3066 3622 3136 μνῆο

374 3158 679 3223 martyrum
723 3166 1137 3211 monumentum
1184 3168 1348 3215 esset.
1392 3161 1450 3215 Id
1495 3160 1736 3218 Joannes
1765 3162 1942 3234 Chry-

2053 3180 2127 3233 μα
2159 3161 2559 3232 καθεστηκότα.
2598 3162 2695 3214 Ὃν
2720 3157 2869 3214 οῐκον
2900 3160 3153 3229 Ἰωάννης
3182 3160 3210 3211 ὁ
3239 3158 3336 3226 τὴν
3367 3156 3616 3225 γλῶτταν

373 3251 653 3300 sostomus
681 3247 892 3312 primus
914 3260 1238 3307 construere
1265 3254 1451 3322 erepit,
1475 3254 1714 3310 Sicinius
1743 3255 1944 3313 deinde

374 3334 609 3390 absolvit
646 3356 657 3390 :
696 3339 788 3408 qui
827 3350 1016 3409 postea
1052 3345 1212 3397 ambo
1258 3344 1513 3400 Ecclesiae
1554 3345 1945 3403 Constantino-

373 3429 638 3498 politana:
686 3433 976 3501 praefuere.
1029 3436 1192 3509 749
1248 3439 1413 3494 Recte
1460 3440 1607 3494 enim
1657 3449 1943 3511 putarunt,

375 3521 575 3592 dignos
605 3539 726 3581 esse
774 3526 980 3582 lienore
1024 3541 1346 3602 martyrum,
1380 3537 1474 3602 qui
1514 3534 1743 3605 gloriam
1774 3551 1804 3589 a
1838 3534 1946 3589 Deo

373 3622 659 3675 consecuti
719 3632 926 3687 essent,
967 3641 1094 3679 eum
1147 3627 1459 3683 daemonum
1517 3631 1943 3699 ejiciendorum,

375 3718 495 3767 tum
538 3712 818 3770 variorum
866 3717 1100 3773 aliorum
1153 3721 1781 3782 morborumcontactu
1830 3741 1948 3780 mo.

376 3805 630 3859 numenti
681 3808 1073 3865 sanandorum.
1123 3810 1309 3882 Itaque
1360 3813 1514 3870 locus
1566 3814 1613 3869 is
1656 3816 1947 3873 damnatus

376 3905 578 3959 antea,
628 3900 1181 3973 apparitionibusque
1234 3904 1660 3963 simulacrorum
1715 3910 1946 3965 horren-

375 3986 503 4057 dus,
532 3990 785 4061 expiatus
821 3996 889 4048 ab
933 3996 1015 4050 eis
1062 4008 1145 4052 est
1192 4008 1248 4052 et
1281 4011 1568 4070 purgatus.
1603 4001 1670 4057 Et
1702 4002 1950 4059 Macedo-

375 4082 507 4139 nius
540 4085 764 4155 quidem
815 4088 933 4143 hase
964 4090 1043 4144 sic
1078 4090 1132 4145 in
1166 4090 1410 4147 Orientis
1442 4094 1672 4150 urbibus
1701 4098 1946 4166 gerebat.

378 4176 561 4234 Urbes
610 4196 741 4235 vero
795 4180 1112 4240 Occidentis
1169 4193 1226 4239 et
1276 4186 1500 4242 Grreciae
1555 4188 1623 4243 ad
1670 4188 1947 4262 Illyricum

378 4286 556 4342 usque
624 4273 762 4327 nihil
798 4276 1068 4343 ejusmodi
1103 4279 1380 4348 pertulere
1418 4298 1431 4335 :
1464 4281 1610 4351 quod
1647 4284 1949 4340 concordes

376 4375 581 4432 essent,
622 4377 679 4423 et
711 4368 823 4437 jam
875 4371 1001 4424 inde
1033 4371 1101 4425 ab
1132 4371 1292 4426 initio
1324 4372 1558 4429 Nicen-nae
1608 4375 1800 4448 synodi
1849 4377 1946 4431 dc-

377 4467 528 4512 creta
555 4468 872 4514 constanter
893 4462 1213 4516 retinerent.
1235 4461 1507 4520 Caeterum
1535 4465 1757 4531 Paulus,
1783 4469 1944 4523 sicuti

376 4560 540 4606 antea
574 4567 792 4622 quoque
827 4553 1031 4609 dictum
1053 4564 1158 4621 est,
1189 4554 1390 4613 Cncusi
1429 4559 1711 4620 exsulans.
1751 4561 1945 4629 impio-

380 4656 503 4696 rnm
562 4641 851 4699 hominum
913 4647 1240 4704 crudelitate
1299 4666 1395 4720 per
1456 4653 1945 4722 strangulationcm

378 4737 545 4792 vitam
598 4739 739 4794 ﬁniit
785 4740 885 4812 (1).
924 4741 1121 4798 Obitus
1172 4745 1294 4815 ejus
1342 4746 1677 4800 Athanasius
1724 4764 1946 4818 quoque

377 4831 433 4883 in
485 4830 802 4888 defensione
852 4834 991 4905 iuga:
1039 4852 1151 4891 sua:
1201 4838 1455 4891 meminit
1504 4838 1657 4895 hisee
1704 4839 1889 4894 verbis
1930 4858 1944 4895 :

384 4942 402 4971 ε
442 4922 951 4996 Constantinopolis
980 4929 1129 4983 enim
1174 4931 1497 5001 episcopum
1534 4933 1783 5002 paulum,
1819 4950 1943 4989 cum

376 5018 657 5081 prosecuti
706 5030 890 5073 essent
943 5031 1000 5076 et
1054 5023 1417 5091 invenissent,
1455 5026 1738 5095 propalam
1778 5026 1947 5081 suﬁ'o-

376 5114 614 5165 catulum
660 5124 929 5169 curarunt
974 5114 1028 5169 in
1068 5117 1269 5186 oppido
1304 5116 1549 5178 Cucuso,
1584 5118 1841 5174 carniﬁce
1879 5120 1945 5173 ad

376 5204 585 5258 (aedem
652 5222 772 5260 cam
822 5209 905 5263 nsi
954 5207 1209 5279 Philippo
1255 5211 1349 5279 qui
1397 5209 1577 5265 fuerat
1620 5210 1945 5281 praefectus;

379 5307 502 5352 erat
532 5315 771 5369 namque
804 5300 1028 5355 harrcsis
1060 5316 1252 5356 eorum
1289 5302 1702 5373 antesignanus,
1733 5312 1790 5359 et
1820 5320 1947 5375 pra-

376 5407 571 5445 vorum
621 5392 981 5447 consiliorum
1030 5392 1375 5448 administer.
1417 5413 1436 5446 ι
1496 5392 1619 5450 llaec
1669 5395 1747 5450 sic
1801 5395 1943 5450 fere-

376 5482 599 5539 bantur.

452 5694 527 5763 (i)
556 5694 631 5749 De
660 5692 806 5749 caede
834 5693 984 5748 Pauli
1026 5692 1122 5746 lib.
1163 5708 1232 5754 tv,
1264 5708 1386 5761 cap.
1409 5693 1466 5756 ἱ),
1501 5692 1718 5747 Sozotn.
1749 5711 1761 5745 :
1798 5692 1941 5747 Pau-

382 5763 460 5820 lus
495 5767 561 5817 ad
585 5766 824 5818 exsilium
853 5774 1161 5834 perpetuum
1187 5765 1653 5824 condemnatum!
1680 5764 1938 5818 (Incusum

379 5835 643 5893 Armenia:
694 5841 996 5906 deportatus
1056 5847 1127 5890 est
1166 5852 1183 5890 :
1223 5834 1307 5888 ubi
1359 5837 1521 5888 etiam
1568 5836 1727 5889 vitam
1778 5836 1936 5901 finiit,

2048 3253 2281 3325 χρυσοῦς
2326 3254 2636 3324 οίκοδομεῖν
2698 3254 2915 3324 πρῶτος
2965 3250 3203 3304 ὲπέΕαλε
3234 3268 3250 3283 σ
3288 3250 3522 3311 Σισίνιος
3569 3245 3620 3301 δ’

2046 3347 2235 3400 ἔπειτα
2270 3346 2569 3409 ἐξετέλεσε.
2606 3346 2716 3400 Καὶ
2750 3346 2916 3415 ἄμφω
2945 3344 3002 3397 δὲ
3039 3345 3134 3412 τῆς
3174 3345 3620 3396 Κωνσταντινου-

2047 3441 2257 3506 πόλεως
2296 3440 2628 3511 Ἐκκλησίας
2657 3439 2797 3511 μετὰ
2825 3438 3002 3493 ταῦτα
3026 3440 3321 3509 ἡγήσαντο.
3354 3436 3477 3488 Δεῖν
3507 3434 3616 3501 γὰρ

2046 3535 2231 3597 αὐτοῖς
2261 3533 2404 3589 ἔδοξε
2429 3535 2522 3589 καὶ
2550 3532 2715 3602 τιμῆς
2743 3529 3029 3596 ἀξιοῦσθαι
3057 3528 3427 3600 μαρτυρικῆς,
3458 3526 3615 3593 δόξαν

2048 3623 2496 3694 κληρωσαμένοις
2528 3622 2634 3675 ἀπὸ
2658 3622 2817 3682 θεοῦ,
2849 3620 3110 3690 δαίμονάς
3142 3636 3201 3672 τε
3226 3618 3498 3678 ἐλαύνειν.
3522 3619 3617 3670 καὶ

2048 3718 2213 3780 ἄλλας
2248 3716 2441 3779 νόσους
2474 3715 2727 3778 ποικίλας
2773 3712 2959 3768 ἰᾶσθαι
2988 3717 3054 3784 τῇ
3088 3712 3224 3777 θίξει
3262 3711 3356 3764 τοῦ
3396 3716 3621 3782 μνήμα-

2047 3827 2136 3869 τος
2161 3823 2176 3838 ⁶
2205 3806 2506 3877 καταδίκης
2548 3807 2594 3861 δ’
2629 3808 2758 3861 ὄντα
2787 3808 2965 3877 χῶρον
3014 3806 3071 3859 τὸ
3116 3808 3405 3875 πρότερον,
3440 3804 3619 3857 δεινὸν

2048 3904 2107 3955 δὲ
2136 3903 2231 3957 καὶ
2265 3902 2516 3970 φάσμασι
2553 3901 2928 3965 κατειδὼλοις,
2964 3902 3103 3973 προς
3138 3900 3321 3954 αὐτῶν
3345 3899 3619 3969 κεκαθάρ-

2050 3995 2162 4049 θαι.
2197 3993 2438 4048 Τοιαῦτα
2480 3995 2577 4065 μὲν
2626 3996 2762 4048 κατὰ
2796 3995 2895 4059 τὰς
2935 3993 3076 4064 ἑῴας
3120 3994 3303 4055 πόλεις
3338 3994 3444 4048 ὑπὸ
3497 3995 3618 4048 Μα-

2050 4088 2294 4143 κεδονίου
2345 4090 2685 4158 ἐπράττετοο
2715 4090 2767 4141 αἱ
2821 4088 2865 4141 δ’
2916 4090 3020 4143 ἀνά
3078 4089 3178 4158 τὴν
3223 4087 3501 4159 Ἑσπέραν
3520 4085 3619 4139 καὶ

2060 4179 2291 4232 Ἐλλάδα
2350 4179 2447 4233 καὶ
2499 4178 2629 4248 ἄχρι
2684 4178 2749 4249 δὴ
2784 4182 2879 4231 καὶ
2940 4177 3107 4233 αὑτοῦ
3160 4180 3254 4232 τοῦ
3317 4178 3618 4248 Ἰλλυρικοῦ

2048 4273 2339 4344 ἀπείρατοι
2400 4273 2808 4341 μεμενήκεσαν,
2857 4271 3139 4342 σύμφωνοι
3178 4273 3310 4343 πρὸς
3354 4272 3619 4343 ἀλλήλους

2049 4367 2225 4425 οὖσαι.
2260 4366 2357 4420 καὶ
2380 4365 2473 4419 τὸν
2507 4365 2745 4420 ἔκπαλαι
2779 4365 2904 4435 ὅρον
2930 4365 3029 4435 τῆς
3062 4367 3117 4417 ἐν
3151 4364 3355 4435 Νικαίᾳ
3400 4366 3618 4419 συνόδου

2051 4460 2440 4530 κρατύνουσαι.
2486 4457 2542 4511 Ὀ
2571 4457 2628 4511 δὲ
2674 4456 2904 4520 Παῦλος,
2936 4456 3009 4519 ὠς
3041 4457 3133 4510 καὶ
3165 4456 3434 4527 πρότερον
3466 4457 3623 4526 εἴρη-

2051 4569 2162 4617 ται,
2208 4554 2266 4605 ἐν
2308 4552 2374 4622 τῇ
2412 4549 2710 4619 Κουκουσῷ
2758 4549 3046 4619 ὑπερόριος
3092 4548 3357 4617 γεγονὼς,
3411 4551 3624 4621 ἀγχόνῃ

2049 4642 2125 4711 τῷ
2158 4642 2404 4712 σφετέρῳ
2437 4641 2713 4711 ὡμοιρόρῳ
2761 4642 3127 4712 χρησαμένων
3157 4643 3267 4695 τῶν
3318 4642 3620 4707 δυτσεόὦν,

2049 4737 2282 4791 ἁπεὸίω.
2315 4736 2428 4803 Τῆς
2461 4735 2506 4788 δ’
2553 4734 2717 4788 αὑτοῦ
2750 4735 3005 4805 τελευτῆς
3054 4736 3148 4788 καὶ
3202 4735 3525 4798 Ἀθανάσιος
3557 4737 3619 4789 ἐν

2049 4831 2127 4899 τῷ
2154 4827 2303 4899 αὑτῷ
2323 4831 2421 4898 τῆς
2441 4830 2619 4897 φυγῆς
2643 4827 3026 4899 ἀπολογητικῷ
3048 4829 3455 4897 ἐμνημόνευσεν
3477 4826 3623 4881 οὕτω

2051 4923 2277 4991 φάσκων
2298 4935 2312 4949 ⁸
2361 4938 2381 4972 ε
2427 4918 2534 4973 Τὸν
2563 4920 2670 4989 γὰρ
2699 4921 2798 4990 τῆς
2831 4919 3456 4981 Κωνσταντινουπόλεως
3502 4917 3624 4971 ἐπί-

2049 5032 2253 5069 σκοπον
2301 5011 2514 5068 Παῦλον
2556 5014 2848 5079 διώξαντες
2887 5015 2983 5067 καὶ
3018 5015 3289 5083 εὑρόντες,
3325 5012 3620 5083 προφανῶς

2050 5107 2420 5176 ἀποπνιγῆναι
2480 5108 2813 5175 πεποιήκασι
2866 5108 2930 5175 τῇ
2975 5105 3241 5177 λεγομένῃ
3295 5103 3619 5173 Κουκουσῷ,

2049 5202 2244 5272 δήμιον
2274 5198 2567 5271 ἐσχηκότες
2599 5201 2677 5262 είς
2707 5198 2869 5252 τοῦτο
2894 5198 3161 5253 Φίλιππον
3206 5198 3298 5251 τὸν
3328 5199 3619 5266 γενόμενον

2053 5294 2313 5366 ἐπαρχον.
2345 5289 2455 5346 Ἶῐν
2482 5292 2590 5362 γὰρ
2623 5291 2837 5360 καὶτῆς
2870 5292 3136 5361 αἱρέσεως
3169 5290 3348 5342 αὐτῶν
3382 5289 3624 5361 προστά-

2048 5403 2169 5455 της,
2200 5385 2292 5437 καὶ
2313 5382 2421 5435 τῶν
2436 5382 2692 5453 πονηρῶν
2728 5378 3112 5452 βουλευμάτων
3129 5376 3427 5449 ὑπηρέτης.
3455 5393 3476 5429 ε
3508 5374 3623 5430 Καὶ

2046 5482 2114 5533 τὰ
2148 5478 2248 5548 μὲν
2273 5470 2372 5528 ὧδε
2403 5473 2651 5544 ἐφέρετο.

2047 5693 2293 5746 morbone
2347 5694 2542 5754 dicam,
2569 5710 2637 5746 an
2689 5692 2736 5746 vi
2791 5692 2838 5744 ei
2885 5687 3141 5762 adhibita,
3169 5698 3278 5762 uo_u_
3320 5682 3450 5762 satis
3486 5682 3619 5762 scio.

2050 5762 2223 5816 Fama
2262 5774 2400 5817 certe
2450 5764 2600 5817 hodie
2646 5776 2845 5833 quoque
2891 5760 3106 5822 obtinet,
3150 5774 3183 5810 ιι
3227 5753 3621 5810 Macedonian“

2050 5835 2235 5905 laqueo
2264 5834 2659 5907 strangulatum
2683 5849 2811 5888 esse.
