4128 6216
445 350 554 415 3⁵19

1666 365 2086 429 NlCEPilORl
2126 369 2474 431 CALLISTI

3588 370 3694 435 380

449 469 673 539 quidem
712 488 955 542 pressam
990 490 1381 547 servaverant,
1421 490 1533 536 tum
1578 499 1706 538 vero
1749 488 1801 541 iu
1839 488 2016 541 lucem

2123 488 2281 562 μένῃ.
2309 490 2423 543 Καὶ
2451 489 2547 545 νῦν
2577 505 2641 560 γε
2684 488 2775 544 διὰ
2816 488 2965 545 τοῦτ’
2997 488 3159 543 αύτὸν
3195 488 3352 560 ἥκειν
3386 487 3480 541 ἐπὶ
3509 490 3685 552 ταῦτ’,

447 560 826 631 proferebant.
879 565 1010 622 Eam
1062 569 1298 627 maxime
1346 573 1655 642 probabant
1702 575 2021 635 Germinius

445 666 503 712 et
544 656 856 714 Auxentius
880 701 893 727 ,
942 671 995 717 et
1028 660 1194 720 Caius
1226 674 1285 722 et
1318 666 1696 739 Demophilus.
1745 671 1819 727 Ea
1856 672 2019 741 lecta,

447 748 667 816 plurimi
700 751 843 806 nihil
875 769 1014 823 opus
1043 770 1164 812 esse
1192 773 1332 812 nova
1364 756 1491 816 fidei
1525 760 1758 819 formula
1788 778 1856 819 eo
1884 775 2022 818 tem-

452 856 584 910 pore
628 842 1011 914 aﬂirmabant,
1068 856 1361 907 contentos
1408 866 1467 908 se
1506 868 1627 909 esse
1675 854 2021 925 professione

448 931 690 987 Nicaeae.
736 932 795 989 in
846 938 1135 1005 pnesentia
1185 950 1479 1012 propterea
1524 941 1582 998 in
1626 944 1809 1001 locum
1848 963 2019 1003 unum

449 1024 799 1092 convenisse,
830 1026 875 1081 si
906 1028 1037 1098 quid
1074 1040 1333 1087 novatum
1366 1043 1533 1100 esset,
1557 1048 1616 1093 ut
1651 1036 1707 1094 id
1740 1038 2022 1097 inhibere-

450 1126 561 1173 tur.
598 1118 667 1175 Et
702 1132 985 1195 utcunque
1020 1141 1084 1181 ea
1116 1141 1239 1198 qua
1287 1138 1401 1186 tum
1447 1131 1588 1189 lecta
1619 1146 1840 1203 essent,
1882 1137 2018 1194 nihil

453 1209 723 1267 haberent
765 1228 1035 1271 novarum
1069 1232 1251 1276 rerum
1281 1239 1293 1277 :
1329 1229 1389 1278 ut
1428 1221 1671 1280 dicerent
1706 1238 1884 1284 tamen
1920 1244 2019 1286 eos

451 1303 544 1372 qui
577 1303 844 1376 scriptum
894 1308 945 1362 id
979 1314 1453 1381 composuissent,
1489 1327 1652 1387 atque
1694 1330 1754 1375 ut
1796 1320 1872 1375 illi
1916 1321 2017 1393 ipsi

449 1392 563 1448 Arii
600 1394 820 1466 dogma,
853 1399 1056 1470 quippe
1090 1402 1236 1471 quod
1271 1406 1462 1461 turbas
1500 1407 1704 1478 ubique
1746 1409 1801 1465 in
1836 1392 2017 1470 eccle-

448 1485 545 1540 siis
587 1487 880 1544 concitarit
908 1531 923 1553 ,
974 1492 1314 1550 anathemati
1358 1497 1598 1568 primum
1647 1500 2015 1572 subiicerent,

452 1578 730 1647 petebant.
757 1579 859 1638 Ubi
888 1583 1087 1641 Valens
1113 1595 1169 1643 et
1197 1586 1515 1647 Gcrminius
1544 1595 1864 1662 petitionem
1896 1612 2014 1652 eam

453 1671 848 1741 repudiarunt,
904 1676 979 1731 illi
1032 1677 1295 1737 formulas
1345 1683 1732 1741 haereticorum
1780 1700 1836 1744 et
1882 1689 2014 1746 item

450 1762 725 1819 Numnam
764 1767 815 1820 in
854 1768 1095 1824 medium
1131 1772 1381 1839 proferre
1409 1776 1649 1848 jussere,
1679 1785 1741 1833 ut
1771 1778 1873 1836 illae
1893 1783 2015 1851 qui-

2126 581 2229 644 ίν’,
2278 582 2332 635 εἰ
2380 598 2434 635 τι
2464 581 2844 653 νεωτερίζοιτο
2889 581 3012 635 κατ’
3050 581 3308 645 ἐκείνων,
3367 581 3686 651 επίσχιυσιν.

2124 677 2185 730 Εί
2215 676 2272 730 δὲ
2302 677 2442 738 τέως
2489 676 2647 730 οὐδέν
2686 693 2738 730 τι
2790 673 3061 747 νεώτερον
3108 675 3294 745 έχουσι
3336 673 3405 729 τὰ
3453 674 3688 739 ἀνεγνω-

2125 770 2334 836 σμένα,
2388 767 2526 823 ἀλλὰ
2578 768 2720 831 τίνες
2779 768 2828 821 οί
2892 765 3212 835 συνθέμενοι
3263 764 3363 834 τὴν
3425 765 3686 834 γραφὴν,

2120 862 2303 934 ᾔτουν·
2340 860 2391 916 οἳ
2422 862 2488 933 δὴ
2513 860 2728 931 πρῶτον
2763 860 2822 914 τὸ
2855 858 3069 931 Ἀρείου
3102 858 3280 928 δόγμα
3312 858 3689 912 ύποδαλλέτω-

2121 968 2218 1004 σαν
2241 952 2565 1020 ἀναθέματι’
2594 945 2687 1005 οἷα
2713 950 2943 1022 θόρυόον
2966 951 3089 1013 ταῖς
3119 947 3435 1019 ἁπανταχοῦ
3486 948 3687 1018 ἔκκλη·

2122 1046 2266 1102 σίαις
2315 1046 2633 1114 ἔμπλῆσαν.
2670 1044 2793 1099 Τῶν
2844 1044 2901 1099 δὲ
2952 1045 3085 1116 περὶ
3120 1043 3402 1098 Οὐάλεντα
3435 1043 3531 1098 καὶ
3558 1042 3689 1110 Γερ-

2122 1140 2300 1210 μίνιον
2337 1138 2668 1205 διαδράντων
2709 1136 2810 1208 τὴν
2852 1136 3087 1206 αίτησιν,
3148 1135 3244 1199 τὰς
3279 1135 3532 1198 ἐκθέσεις
3578 1133 3687 1186 τῶν

2120 1230 2391 1301 αἱρέσεων
2446 1227 2544 1285 καὶ
2596 1230 2697 1301 τῆς
2740 1229 2797 1284 ὲν
2835 1226 3039 1301 Νικαίᾳ
3083 1228 3175 1282 ἐπὶ
3234 1226 3396 1297 μέσον
3434 1226 3688 1279 ἐκέλευον

2120 1321 2373 1391 ἄγεσθαι,
2403 1322 2481 1387 ὡς
2528 1322 2596 1379 ἄν
2624 1338 2689 1390 γε
2732 1323 2940 1375 ἐκεῖναι
2982 1318 3082 1392 μὲν
3117 1320 3455 1390 ὶκκήρυκτοι
3482 1318 3687 1387 γένων-

2118 1431 2229 1478 ται,
2273 1411 2332 1466 τὸ
2365 1411 2531 1483 κῦρος
2578 1411 2637 1467 δὲ
2672 1412 2770 1466 καὶ
2798 1408 2955 1475 αὖθις
3002 1412 3122 1475 τοῖς
3164 1412 3221 1465 ιν
3249 1409 3459 1482 Νικαίᾳ
3488 1408 3686 1478 ἐπιψη-

2119 1504 2361 1575 φισθείηο
2391 1504 2488 1559 καὶ
2537 1501 2635 1560 τοῦ
2669 1503 2858 1558 λοιποῦ
2907 1504 3038 1575 περὶ
3089 1502 3330 1565 πίστεως
3385 1501 3462 1573 μὴ
3508 1505 3685 1556 κινεῖν

2116 1597 2298 1666 λόγον,
2356 1598 2497 1669 μήτε
2552 1597 2663 1671 μὴν
2712 1596 2969 1661 συνόδους
3012 1597 3213 1653 αίτετν.
3272 1597 3518 1667 Ἀπόχρη
3577 1593 3686 1664 γάρ

2119 1690 2370 1761 στέργειν
2421 1689 2491 1744 τὰ
2535 1690 2647 1753 τοῖς
2694 1691 2976 1759 πατράσιν
3007 1689 3246 1743 ἔκπαλαι
3276 1687 3527 1756 δύξαντα.
3563 1687 3685 1739 Τῶν

2116 1782 2163 1836 δ’
2197 1780 2418 1836 ἀτόπων
2463 1781 2532 1835 ἂν
2563 1782 2647 1855 εἴη
2679 1781 2777 1837 νῦν
2808 1784 2991 1837 πίστιν
3023 1785 3362 1853 συγγράφειν
3387 1821 3402 1846 ,
3433 1780 3526 1833 καὶ
3560 1779 3688 1851 άρῖι

450 1854 574 1910 dem
623 1857 895 1916 damnata:
932 1864 1318 1933 rejicerentur,
1364 1869 1475 1925 hanc
1507 1886 1637 1928 vero
1680 1874 2011 1931 auctoritate

2121 1876 2452 1944 ἀρχομένους
2512 1874 2811 1942 πιστεύειν,
2865 1874 2967 1945 τὴν
3016 1876 3079 1929 ἐκ
3112 1873 3346 1928 παλαιοῦ
3393 1872 3687 1940 παράδοσιν

447 1949 634 2005 denuo
663 1961 718 2007 et
750 1952 1028 2027 suffragiis
1058 1958 1251 2031 synodi
1282 1962 1722 2022 confirmaretur.
1754 1967 1821 2023 Et
1853 1979 1914 2024 ut
1946 1971 2015 2024 de

451 2051 652 2097 cmtero
682 2059 860 2115 neque
888 2046 1191 2118 disputatio
1225 2049 1296 2108 de
1332 2050 1438 2108 fide
1468 2065 1803 2123 moveretur,
1838 2073 2017 2130 neque

454 2138 698 2206 synodus
730 2150 1030 2210 peteretur,
1062 2155 1382 2201 sanxerunt.
1423 2147 1686 2205 Suilicere
1717 2151 1863 2207 enim
1895 2169 2018 2223 quin

456 2244 484 2281 υ
529 2229 829 2303 majoribus
876 2234 1085 2290 dudmn
1135 2240 1433 2296 constituta
1480 2253 1707 2299 essent:
1756 2261 1819 2301 ea
1863 2262 2018 2302 eom-

455 2322 611 2392 plecti
667 2335 918 2394 posteros
965 2328 1168 2386 debere
1210 2352 1223 2387 :
1284 2340 1342 2387 et
1392 2349 1655 2404 perquam
1713 2339 2015 2394 absurdum

450 2429 596 2481 esse,
626 2433 774 2473 nunc
805 2417 1026 2474 demum
1062 2422 1224 2479 ﬁdem
1257 2426 1609 2483 conscribere
1641 2444 1759 2493 eos,
1796 2431 1886 2501 qui
1917 2448 2018 2486 nu-

448 2522 547 2578 per
570 2508 863 2566 admodum
893 2515 1119 2571 credere
1152 2517 1486 2587 coepissent:
1518 2527 1574 2575 et
1608 2530 1857 2577 veterum
1903 2535 2015 2579 tra-

449 2600 714 2658 ditionem
775 2604 1030 2674 abolere,
1085 2624 1183 2679 per
1212 2625 1377 2681 quam
1438 2619 1495 2666 et
1552 2611 1655 2684 ipsi
1713 2624 1770 2671 et
1830 2626 2017 2685 patres

440 2686 639 2752 eorum
684 2700 951 2757 ecclesias
992 2705 1429 2774 gubernassent,
1482 2725 1547 2764 ex
1596 2710 1800 2781 quibus
1834 2713 2017 2783 plures

453 2791 730 2863 martyriis
755 2801 809 2847 ct
835 2794 999 2851 obitze
1025 2797 1391 2856 confessionis
1417 2802 1637 2858 coronis
1659 2804 2015 2861 condecorati

455 2884 712 2939 flliSsenl.
747 2885 813 2941 Et
845 2887 881 2942 ii
908 2888 1133 2957 quidem
1165 2891 1243 2948 sic
1272 2892 1416 2948 dicta
1449 2897 1746 2961 sententia,
1778 2898 2019 2967 antiqui-

453 2985 543 3030 tus
574 2977 812 3034 decretis
847 2991 1026 3047 stare,
1069 2983 1321 3056 nihilque
1354 3001 1557 3043 novum
1591 2988 1853 3046 inducere
1884 3007 2017 3046 cou-

451 3070 753 3126 stituerunt
782 3090 794 3126 :
830 3073 905 3128 illi
957 3086 1167 3144 autem,
1199 3077 1400 3135 Valens
1435 3081 1649 3137 scilicet
1702 3091 1758 3138 et
1790 3083 2014 3156 reliqui,

453 3178 593 3232 quos
640 3165 802 3233 paulo
844 3178 969 3223 ante
1015 3170 1449 3242 nominavimus,
1495 3184 1686 3230 contra
1728 3177 1833 3233 nisi
1866 3187 2011 3233 sunt.
2043 3198 2089 3258 ο

455 3256 812 3329 Summopere
880 3276 1113 3333 namque
1169 3266 1612 3332 contenderunt,
1664 3277 1724 3325 ut
1778 3271 2020 3343 synodus

455 3367 648 3407 recens
680 3359 1040 3425 compositam
1071 3356 1258 3415 Sirmii
1292 3359 1417 3416 fidei
1449 3359 1739 3417 formulam
1768 3379 2018 3435 compro-

457 3448 633 3501 baret.
668 3446 902 3503 Tantum
931 3459 1115 3506 autem
1147 3452 1322 3517 abest,
1358 3452 1629 3512 utPatres
1663 3456 1716 3511 id
1752 3456 2015 3524 facerent,

455 3546 512 3591 ut
535 3540 697 3594 etiam
734 3539 1028 3610 Ursicium,
1056 3544 1364 3612 Valentem,
1395 3562 1698 3620 eorumque
1724 3552 2020 3620 complices

453 3631 818 3689 damnationis
870 3638 1145 3693 sententia
1195 3641 1630 3696 exauctorariut.
1674 3642 1739 3697 Et
1779 3644 2020 3714 synodus

454 3724 848 3793 professionem
880 3728 1158 3785 Nicmnam
1188 3732 1421 3803 amplius
1455 3734 1618 3790 etiam
1653 3736 2017 3793 confirmavit.

456 3815 536 3869 illi
571 3828 754 3873 autem
789 3821 1196 3879 damnationem
1227 3842 1369 3897 aegre
1399 3825 1661 3892 ferentes,
1695 3829 1759 3884 ad
1786 3829 2021 3900 impera-

456 3920 628 3965 torem
682 3912 999 3983 confugere.
1055 3917 1225 3971 Porro
1272 3920 1516 3990 synodus
1569 3937 1632 3977 ea
1685 3939 1795 3979 non
1842 3924 2020 3979 solum

455 4003 702 4062 formulae
743 4008 958 4064 illorum
998 4011 1408 4081 praefationem.
1453 4015 1547 4070 sed
1586 4017 1758 4086 ipsam
1797 4033 2020 4090 quoque

456 4098 743 4158 formulam
809 4106 1186 4176 reprehendit,
1246 4111 1405 4181 cujus
1468 4111 1635 4167 verba
1694 4122 1856 4169 erant
1901 4114 2017 4183 (l):

467 4209 491 4245 ε
514 4192 828 4266 Composita
852 4209 933 4253 est
954 4199 1089 4257 fides
1120 4202 1386 4259 catholica
1418 4204 1471 4258 in
1495 4206 1786 4275 prxsentia
1814 4207 2021 4263 domini

454 4288 635 4342 nostri
667 4286 974 4347 Constantii
1008 4295 1258 4363 perpetui
1294 4295 1547 4367 Augusti,
1584 4299 1872 4353 consulatu
1909 4298 2022 4356 cla-

456 4378 803 4435 rissimorum
850 4382 1126 4448 virorum,
1164 4385 1368 4451 Flavii,
1416 4387 1637 4444 Eusebii
1680 4397 1737 4445 et
1783 4388 2019 4461 ilypatii,

454 4469 800 4539 Sirmii,ante
832 4474 1089 4530 aiKalen.
1117 4477 1245 4533 Jun.
1273 4499 1290 4532 ι
1315 4480 1475 4550 775
1495 4481 1569 4537 Ac
1585 4481 1820 4539 deinde:
1852 4484 2021 4540 «Cre-

2118 1968 2353 2029 ἀθετεῖν,
2375 1967 2443 2021 δι’
2487 1960 2556 2041 ἦς
2593 1969 2761 2038 ἡμεῖς
2790 1984 2850 2022 τε
2882 1967 2980 2021 καὶ
3007 1967 3056 2022 οί
3087 1966 3195 2037 πρὸ
3243 1965 3402 2037 ἡμῶν
3451 1966 3548 2030 τὰς
3595 1966 3689 2017 ὲκ-

2116 2060 2349 2129 κλησίας
2393 2061 2645 2133 ἤγομεν,
2713 2054 2789 2115 ῶν
2837 2061 2888 2113 ei
2941 2060 3165 2124 πλείους
3217 2059 3537 2131 μαρτυρίοις
3590 2058 3691 2111 καὶ
3743 2112 3759 2118 _

2118 2150 2230 2210 τοῖς
2289 2148 2389 2218 τῆς
2456 2147 2755 2219 ὁμολογίας
2811 2151 3103 2219 στεφάνοις
3166 2148 3687 2220 κατεκοσμήθησαν.

2119 2242 2182 2293 Οἱ
2216 2240 2319 2312 μὶν
2371 2235 2467 2296 οὖν
2516 2241 2745 2295 τοιαῦτα
2778 2243 3056 2311 λέγοντες,
3088 2243 3147 2296 ἐν
3182 2243 3293 2306 τοῖς
3336 2240 3568 2295 ἔκπαλαι
3598 2241 3688 2295 δε-

2117 2333 2400 2404 δογμένοις
2463 2335 2648 2406 μένειν
2711 2335 2938 2405 ἠξίουν,
2992 2334 3089 2389 καὶ
3150 2336 3225 2406 μή
3263 2350 3316 2389 τι
3371 2334 3690 2404 πρόσφατον

2119 2426 2440 2495 ἐπεισάγειν
2461 2443 2475 2457 ·
2517 2428 2718 2480 ἐκεῖνοι
2751 2426 2806 2479 δὲ
2835 2468 2850 2493 ,
2892 2429 2942 2481 οί
2974 2426 3109 2499 περὶ
3150 2426 3426 2480 Οὐάλεντα
3461 2424 3688 2496 δηλαδὴ,

2118 2518 2454 2585 ἀντέϐαινον,
2503 2522 2596 2573 καὶ
2653 2520 2754 2591 τὴν
2818 2520 3007 2583 αὐτοῖς
3051 2517 3453 2589 προϐληθεῑσαν
3504 2517 3693 2570 πίστιν

2122 2615 2373 2683 στέργειν
2420 2612 2868 2685 προσεσιάζοντο.
2934 2613 3089 2667 Ἐπεὶ
3144 2612 3191 2666 δ’
3235 2612 3334 2665 οὐκ
3382 2609 3690 2673 ἐπείθοντο,

2122 2705 2480 2777 καθῃροῦντο.
2538 2706 2602 2759 Ἢ
2655 2706 2712 2761 δὲ
2765 2706 2984 2770 σύνοδος
3014 2704 3117 2777 τὴν
3169 2705 3226 2758 ιν
3262 2703 3693 2777 Νικαίαπίστιν

2124 2798 2328 2868 μᾶλλον
2379 2799 2680 2872 ἐκύρωσεν.
2737 2801 2802 2854 Oi
2838 2799 2895 2855 δὲ
2931 2798 3185 2872 χαλεπῶς
3237 2799 3336 2869 τὴν
3363 2796 3691 2866 καθαίρεσιν

2120 2887 2458 2955 ἐνεγκόντες,
2499 2891 2579 2952 εἰς
2622 2888 2852 2960 βασιλέα
2903 2889 3223 2961 ἀνέτρεχον.
3261 2888 3326 2943 Ἡ
3374 2889 3433 2942 δὲ
3468 2888 3690 2951 σύνοδος

2120 2979 2311 3047 ᾐτιᾶτο
2349 2978 2625 3049 μὴμόνον
2676 2978 2777 3051 τὴν
2837 2988 3176 3052 προγραφὴν
3236 2980 3334 3052 τῆς
3387 2977 3689 3045 ἐκθέσεως,

2122 3069 2258 3123 ἀλλὰ
2294 3072 2389 3123 καὶ
2419 3070 2591 3143 αὐτὴν
2617 3072 2838 3144 ἐκείνην
2891 3074 2992 3145 τὴν
3040 3071 3281 3129 ἔκθεσιν.
3322 3072 3520 3139 Ἔλεγε
3553 3072 3685 3142 γάρ’

2128 3180 2148 3216 ι
2193 3161 2446 3234 Ἐξετέθη
2495 3164 2752 3237 πίστιςή
2806 3164 3076 3237 καθολικὴ
3129 3165 3221 3219 ἐπὶ
3275 3165 3553 3237 παρουσία
3586 3166 3686 3219 τοῦ

2121 3256 2384 3310 δεσπότου
2439 3258 2597 3328 ἡμῶν
2648 3258 3033 3313 Κωνσταντίου
3095 3258 3316 3313 αίωνίου
3368 3257 3685 3327 Αὐγούστου

2123 3354 2180 3404 ἑν
2204 3351 2440 3423 ὑπατείᾳ
2467 3350 2701 3405 Φλαόίου
2732 3352 2828 3405 καὶ
2857 3350 3118 3406 Εὐσεόίου
3153 3352 3249 3406 καὶ
3286 3352 3547 3410 ’Υπατίου
3576 3352 3687 3415 τῶν

2121 3444 2526 3515 λαμπροτάτων
2567 3446 2624 3499 ὲν
2658 3445 2869 3517 Σιρμίῳ
2906 3449 2973 3517 τῇ
3006 3445 3143 3518 πρὸς
3173 3445 3369 3502 ινδεκα
3393 3444 3686 3501 Καλανδῶν

2135 3536 2393 3592 Ἰουνίων.
2429 3556 2449 3591 ι
2479 3540 2588 3593 Καὶ
2618 3538 2886 3607 καθεξῆςο
2921 3538 3298 3608 ιΠιστεύομεν
3332 3540 3412 3603 είς
3454 3540 3547 3592 ἕνα
3591 3537 3685 3592 τὸν

2125 3629 2287 3699 μόνον
2336 3630 2433 3684 καὶ
2478 3629 2730 3701 ἀληθινὸν
2763 3629 2900 3684 Θεὸν
2930 3631 3149 3700 Πατέρα
3186 3631 3625 3701 παντοκράτορα.
3660 3648 3680 3680 ι

2124 3724 2261 3793 Περὶ
2291 3723 2347 3776 δὲ
2372 3724 2525 3787 τέλος
2555 3724 2651 3777 καὶ
2679 3722 2835 3776 ταῦτ’
2856 3723 3041 3791 ἔλεγον
3067 3738 3081 3752 ·
3123 3741 3142 3777 ι
3181 3722 3255 3777 Τὸ
3282 3722 3336 3776 δὲ
3369 3723 3541 3792 ὄνομα
3587 3720 3688 3787 τῆς

2122 3813 2328 3882 οὐσίας,
2366 3815 2454 3868 δια
2487 3815 2545 3869 τὸ
2579 3814 2949 3886 ἁπλούστερον
2998 3815 3104 3871 ύπδ
3144 3813 3253 3869 τῶν
3296 3814 3558 3884 Πατέρων
3601 3829 3692 3865 τε-

2124 3906 2363 3972 θεῖσθαι,
2397 3906 2768 3978 ἀγνοούμενον
2801 3906 2858 3959 δὲ
2891 3905 2996 3961 ὑπὸ
3036 3907 3145 3962 τῶν
3186 3907 3354 3972 λαῶν,
3393 3905 3693 3961 σκάνδαλον

2126 4001 2317 4073 φέρειν
2343 4000 2467 4055 ’διὰ
2510 4000 2572 4054 τὸ
2624 4001 2766 4071 μήτε
2806 3999 2904 4064 τὰς
2942 4000 3167 4071 Γραφὰς
3198 3998 3356 4054 τοῦτο
3385 3998 3689 4070 περιέχειν,

2124 4094 2290 4165 ἤρεσε
2344 4094 2503 4147 τοῦτο
2555 4092 3000 4166 περιαιρεθῆναι,
3049 4093 3146 4147 καὶ
3187 4093 3472 4156 παντελῶς
3522 4094 3692 4165 μηδε-

2129 4186 2255 4257 μίαν
2307 4187 2530 4259 μνήμην
2573 4187 2762 4251 οὐσίας
2818 4188 2910 4242 ἐπὶ
2964 4185 3102 4241 Θεοῦ
3149 4185 3294 4242 εἶναι
3342 4188 3439 4243 τοῦ
3474 4187 3692 4251 λοιποῦ,

2122 4281 2211 4336 διὰ
2239 4284 2297 4336 τὸ
2324 4282 2422 4345 τὰς
2448 4281 2597 4345 θείας
2633 4281 2859 4353 Γραφὰς
2898 4282 3161 4355 μηδαμῶς
3194 4282 3326 4355 περὶ
3362 4283 3574 4353 [ἰατρὸς
3597 4282 3694 4336 καὶ

2123 4375 2257 4429 Υίοῦ
2317 4374 2502 4439 οὐσίας
2550 4375 2885 4445 μεμνῆσθαι.
2947 4376 3175 4447 Ὅμοιον
3230 4374 3290 4428 δὲ
3320 4373 3555 4443 λέγομεν
3602 4373 3694 4428 τὸν

2124 4467 2252 4521 re»
2294 4466 2370 4538 τῷ
2424 4468 2600 4538 Πατρὶ
2650 4468 2792 4521 κατὰ
2833 4468 3032 4533 πάντα,
3062 4467 3138 4530 ὡς
3188 4467 3243 4520 αἱ
3280 4467 3435 4535 ἅγιαι
3474 4465 3693 4536 Γραφαὶ

453 4563 636 4618 dimus
682 4567 733 4620 in
779 4582 949 4623 unum
992 4570 1166 4625 solum
1211 4581 1266 4627 et
1309 4587 1500 4628 verum
1546 4576 1753 4641 Deum,
1802 4576 2019 4633 Patrem

2127 4560 2348 4630 λέγουσί
2378 4578 2437 4614 τε
2480 4562 2575 4615 καὶ
2612 4560 2947 4616 διδάσκουσι.
2993 4578 3012 4613 ι
3044 4558 3256 4613 Γελοίον
3294 4560 3403 4629 γὰρ
3444 4559 3696 4630 ἐνόμιζον

452 4658 911 4727 omnipotentem,
947 4673 1249 4719 creatorem
1289 4677 1346 4721 et
1373 4666 1715 4723 Conditorem
1748 4672 2013 4728 omnium.

452 4747 658 4803 Nomen
694 4754 949 4809 essentia:
989 4770 1086 4825 per
1116 4756 1529 4828 simplicitatem
1562 4774 1590 4813 a
1625 4759 1886 4817 Patribus
1920 4778 2019 4833 po-

2126 4656 2216 4708 τὸν
2252 4655 2351 4723 μὲν
2386 4653 2613 4725 βασιλέα
2657 4650 2873 4706 αἰώνιον
2896 4648 3207 4721 ὀνομάζειν,
3237 4653 3328 4703 τὸν
3353 4649 3410 4703 δὲ
3437 4649 3529 4704 τοῦ
3556 4648 3693 4703 Θεοῦ

2127 4748 2254 4803 Υἱδν
2283 4749 2359 4818 μὴ
2400 4748 2578 4801 θέλειν
2609 4748 2781 4801 ἀΐδιον
2812 4744 2999 4799 καλεῖν
3019 4786 3034 4811 ,
3064 4743 3159 4799 καὶ
3184 4743 3348 4815 ῥητὸν
3374 4742 3566 4814 χρόνον
3590 4741 3699 4811 τῆς

454 4841 647 4907 situm,
679 4860 789 4900 non
825 4847 1163 4904 intellectum
1193 4866 1325 4905 vero
1349 4868 1379 4906 a
1414 4854 1650 4922 populis,
1680 4855 1940 4910 seandalo
1965 4867 2019 4912 et

2124 4843 2344 4914 γραφῆς
2377 4842 2581 4912 ταύτης
2619 4840 2965 4911 προτάττειν
2996 4836 3222 4907 διαϐολὴ
3260 4835 3367 4906 γὰρ
3425 4836 3696 4943 ἄντικρυς

456 4932 791 4993 offendicqu
819 4949 926 4995 est.
975 4941 1041 4996 Et
1071 4944 1331 5012 quoniam
1375 4944 1678 5016 Scriptura:
1710 4946 1763 5002 id
1798 4963 2019 5019 quoque

2126 4940 2299 4993 ὲδΰκει
2352 4935 2450 5003 τῆς
2482 4934 2717 4997 πίστεως
2780 4932 2889 4987 τῶν
2942 4930 3417 5003 προγενεστέρων
3447 4930 3696 4999 μάλιστα

461 5042 570 5082 nou
614 5029 849 5097 habent,
902 5031 1160 5102 placitum
1190 5045 1276 5090 est
1309 5034 1363 5090 id
1410 5036 1639 5103 tollere,
1671 5049 1728 5092 et
1756 5038 2017 5109 deinceps

2123 5037 2169 5090 δ’
2196 5033 2518 5094 Ἀθανάσιος
2570 5032 2630 5083 ὲν
2676 5030 2880 5094 αἰτίαις
2939 5027 3131 5096 ἐτίθει,
3165 5026 3242 5090 ῶς
3306 5043 3410 5135 που
3463 5024 3697 5135 γρὲφων

461 5122 663 5176 nullam
695 5126 919 5180 omnino
941 5129 1197 5184 essentia:
1230 5129 1285 5183 in
1316 5128 1427 5185 Deo
1450 5130 1629 5187 facere
1659 5133 2015 5196 mentionem,

2125 5132 2259 5200 προς
2312 5126 2436 5189 τοὺς
2490 5125 2728 5188 οἰκείους
2782 5122 3123 5193 ἀπήγγελλε.
3162 5119 3492 5227 Παρεθέμην
3526 5117 3569 5170 δ’
3624 5117 3695 5171 ἂν

455 5224 746 5285 propterea
791 5220 936 5289 quod
984 5219 1186 5275 divina:
1231 5220 1527 5290 Scriptores
1571 5223 1749 5278 Patris
1795 5233 1851 5279 et
1896 5224 2019 5279 Filii

2128 5224 2221 5277 ml.
2249 5221 2347 5290 τὴν
2378 5219 2765 5288 ἐξελέγχουσαν
2795 5214 3080 5283 επιστολὴν
3104 5253 3118 5275 ,
3159 5213 3208 5265 εί
3244 5212 3319 5283 μὴ
3364 5212 3426 5264 τὸ
3458 5225 3696 5317 προσκο-

455 5310 777 5365 substantia:
803 5326 1027 5381 prorsus
1059 5327 1167 5368 non
1198 5315 1521 5371 meminere.
1552 5314 1798 5372 Similem
1834 5329 2015 5373 autem

460 5401 722 5422 ,κν-,μη
874 5420 882 5422 _
1122 5407 1133 5419 .
1212 5406 1245 5422 ..
1290 5408 1302 5420 .
1514 5410 1524 5421 .
1611 5410 1643 5422 _.
1874 5411 1907 5422 ..
1980 5411 1990 5422 .

2125 5315 2216 5388 ρὲς
2246 5316 2338 5367 τοῦ
2381 5314 2537 5381 λύγου
2564 5309 2786 5382 φεύγων
2823 5306 2957 5375 ἐγὼ,
2999 5306 3095 5359 ἐπὶ
3121 5304 3351 5376 ζήτησιν
3380 5307 3505 5365 τοὺς
3540 5302 3698 5370 φιλο-

2205 5409 2226 5422 Α
2268 5412 2287 5422 ι.
2484 5407 2496 5421 ι
2591 5406 2634 5422 0,
2741 5402 2797 5422 As,
2838 5403 2893 5422 ι..
2931 5399 3110 5422 2.---1-..
3147 5397 3390 5422 E..-.__.".-
3424 5396 3691 5422 -3-Α..ἱ....

457 5401 657 5457 Filium
683 5405 830 5461 Patri
861 5420 958 5475 per
987 5407 1171 5461 omnia
1193 5406 1453 5470 dicimus.
1482 5410 1643 5464 sicuti
1674 5424 1842 5465 sacra:
1874 5411 2019 5466 Scri-

2124 5409 2319 5481 μαθεῖς
2366 5406 2700 5478 προύτρέπω
2733 5402 2802 5456 τά
2834 5403 2894 5454 ὲν
2928 5399 3116 5469 ἐκείνῃ
3144 5399 3390 5460 δυνατῶς
3422 5399 3695 5467 εξρημένα

454 5507 591 5552 tura:
622 5507 677 5553 et
706 5500 899 5555 dicunt
933 5511 987 5557 et
1020 5501 1244 5558 docent.
1285 5523 1301 5555 ι
1342 5504 1657 5559 Ridiculum
1696 5521 1860 5574 porro
1894 5505 2017 5574 cpi.-

2121 5500 2480 5571 )ιαταμαθεῖν.
2516 5498 2580 5552 Ol
2631 5496 2729 5566 μὲν
2776 5494 2871 5549 οῦν
2905 5491 3331 5563 καθαιρεθέντες
3366 5492 3423 5596 ἐς
3456 5486 3693 5596 Eae-3ft;

457 5595 634 5665 scopis
666 5596 839 5650 risum
874 5604 976 5663 est,
1013 5596 1401 5667 imperatorem
1438 5596 1659 5668 quidem
1696 5606 2015 5667 perpetuum

2124 5596 2432 5666 ἀνέτρεχον,
2464 5593 2851 5663 ἐπιφερόμενοι
2876 5588 2973 5643 καὶ
3002 5586 3100 5658 τὴν
3125 5585 3365 5640 ἔκθεσινλ
3395 5583 3430 5653 ή
3470 5580 3528 5635 δὲ
3556 5580 3691 5634 σύν-

526 5785 603 5857 (l)
662 5784 1150 5843 Condemnationis
1209 5785 1623 5857 ejus_cau_sam
1721 5780 2049 5857 pnecipuam
2119 5778 2287 5836 fuisse
2359 5779 2611 5835 Socrates
2673 5772 2888 5840 scribit,
2954 5771 3101 5844 quod
3169 5769 3430 5827 Ariauum
3492 5767 3692 5836 dogma

461 5850 833 5914 .»\i-i:mi7.:mtes
872 5858 1131 5913 damnare
1165 5850 1465 5921 noluerint,
1498 5854 1639 5909 libro
1677 5850 1734 5917 ιι,
1766 5868 1886 5921 cup.
1921 5850 2008 5904 57.
