4072 6212
334 335 446 401 381

1298 354 1903 421 ECCLESIASTICE
1945 364 2332 429 HISTORle
2376 371 2527 434 LIB.
2574 373 2681 434 IX.

3498 382 3607 448 382

336 457 485 525 οδος,
520 459 697 517 εἴκοσι
741 466 848 520 τῶν
883 466 1204 525 ἐπισκόπων
1236 472 1712 550 διαπεμψάμενοι,
1740 480 1902 553 γράμ

2031 499 2128 540 seu
2162 494 2431 542 aeternum
2468 492 2753 549 nominare
2779 536 2792 559 ,
2829 494 3023 551 Filium
3059 504 3242 555 autem
3276 498 3367 555 Dei
3399 502 3601 573 sempio

335 564 528 646 μασιν
551 554 777 621 οίκείοις
798 561 869 613 τά
901 562 1186 631 συμδάντα
1215 565 1293 639 τῷ
1314 566 1532 639 βασιλεῖ
1548 573 1916 646 κατεμήνυον·

329 639 374 695 ἃ
420 645 570 701 τόνδε
599 654 881 725 περιεῖχον
918 655 1013 711 τὸν
1042 658 1209 713 τόπον
1231 678 1245 691 ’

2030 588 2245 633 ternum
2280 596 2476 637 vocare
2506 584 2649 638 nolle
2678 603 2690 639 :
2726 598 3052 659 certumque
3085 599 3300 661 tempus
3330 592 3457 649 huic
3489 591 3602 647 for-

2029 668 2191 725 mulae
2237 672 2361 729 ﬁdei
2403 675 2707 748 pra‘ﬁgere,
2738 680 3029 736 manifesta
3064 700 3285 754 quoque
3323 686 3599 740 ealumuia

325 751 407 790 ea
433 739 683 811 iudicata
722 757 809 804 est
848 750 1116 809 adversus
1152 754 1419 826 majorum
1462 757 1648 816 ﬁdem.
1716 761 2126 834 Maxime‘fvero
2193 779 2314 820 eam
2350 739 2684 826 Athanasius
2708 774 3032 831 criminatus
3061 739 3167 839 est.
3195 739 3267 832 lut
3298 768 3499 833 alicubi
3530 778 3597 832 ad

333 849 478 943 suos
502 838 751 896 scribens
777 844 1038 903 ostendit.
1067 848 1134 903 Et
1164 849 1516 909 inseruissem
1549 853 1640 911 hic
1664 856 2090 913 confutatoriam
2157 860 2278 926 eius
2343 844 2629 931 epistOlam
2652 903 2667 927 ,
2744 870 2847 924 nisi
2897 872 3164 928 orationis
3227 872 3595 943 prolixitatem

333 925 604 1001 fugiens,
633 936 895 995 studiosis
922 956 1044 1031 eam
1116 944 1540 1015 inquirendam,
1587 958 1753 1022 atque
1794 967 1861 1007 cx
1917 966 1981 1007 ea
2020 967 2135 1006 rem
2181 968 2399 1008 omnem
2442 959 2914 1026 cognoscendam,
2964 925 3352 1037 relinquerem.
3414 965 3591 1020 Exau-

325 1026 541 1080 ctorati
578 1026 690 1095 illi,
724 1030 882 1087 sicuti
917 1020 1062 1099 dixi,
1100 1035 1392 1092 formulam
1460 1020 1676 1097 secan
1701 1042 1962 1109 ferentes,

2004 1044 2072 1099 ad
2106 1044 2487 1111 imperatorem
2519 1050 2832 1123 confugere.
2868 1054 3019 1113 Cone
3041 1058 3174 1114 lium
3214 1044 3365 1122 vero,
3394 1059 3583 1115 decem

322 1117 405 1224 ad
473 1132 602 1174 eum
666 1116 857 1196 legatis
900 1130 1213 1204 episcopis,
1264 1132 1464 1191 litteris
1518 1148 1738 1207 quoque
1793 1151 1907 1193 rem
1948 1147 2127 1194 actam
2177 1139 2511 1209 declaravit,
2562 1160 2684 1213 «inae
2770 1149 2823 1202 in
2869 1149 3011 1205 hanc
3050 1138 3053 1141 λ
3095 1151 3323 1208 l‘ornram
3370 1155 3591 1224 scripta:

318 1208 560 1267 Inerant
593 1230 609 1245 ·

869 1403 872 1407 ν
947 1344 1194 1401 ΚΕΦΔΔ.
1234 1348 1324 1403 Μ’.

336 1448 1253 1556 ’E“‘"°‘i.€2i¢.€'_feezeate
1293 1470 1570 1556 ξυνδρειυ
1597 1476 1916 1531 “mm-

690 1528 795 1596 τΙῳ
817 1528 1156 1603 πεμφθεῖὰά
1178 1528 1260 1605 τῷ
1275 1541 1551 1605 βασιλεῖ.

408 1656 432 1691 ι
480 1640 587 1697 Ἕκ
617 1659 677 1697 τε
707 1645 806 1717 τῆς
859 1646 953 1703 τοῦ
988 1649 1140 1713 ὶΘεοῦ
1187 1652 1489 1723 κελεύσεως
1546 1658 1642 1714 καὶ
1691 1660 1785 1715 τοῦ
1813 1660 1913 1733 τῆς

313 1730 619 1798 εὐσεδείας
657 1739 1090 1809 προστάγματος
1146 1744 1215 1799 τά
1272 1747 1444 1804 πάλαι
1470 1730 1909 1820 δογματισθέντά

314 1826 669 1897 γεγενῆσθαι
708 1834 1064 1906 πιστεύομεν.
1131 1839 1224 1904 Είς
1252 1841 1362 1913 γὰρ
1396 1841 1681 1915 Ἀρίμινον
1706 1846 1770 1900 ἐκ
1799 1863 1907 1900 πα·
1941 1822 1984 1879 Β

317 1921 441 1976 σῶν
468 1923 582 1978 τῶν
616 1926 754 1996 πρὸς
780 1927 937 1983 δύσιν
956 1929 1174 1986 πόλεων
1210 1935 1294 1999 είς
1342 1937 1512 1991 ταυτδ
1556 1940 1756 2003 πάντες
1790 1937 1911 1994 ἐπί-

315 2026 532 2066 σκοποι
562 2014 930 2087 συνήλθομεν,
962 2020 1051 2076 ἶνα
1078 2023 1171 2077 καὶ
1199 2023 1233 2094 ἠ
1265 2027 1452 2091 πίστις
1487 2031 1585 2101 τῆς
1609 2031 1908 2101 καθολικῆς

328 2102 676 2176 Ἑκκλησίας
706 2110 1013 2184 γνωρισθῇ,
1045 2114 1141 2169 καὶ
1170 2117 1220 2170 οί
1277 2117 1530 2174 τάναντία
1580 2123 1907 2193 φρονοῦντες

311 2196 549 2266 ἔκδηλοι
578 2201 870 2269 γένωνται.
918 2203 1006 2270 Ὦς
1032 2208 1143 2280 γὰρ
1171 2210 1520 2269 ἐπιπλεῖστον
1549 2213 1907 2270 διασκοποῦν-

311 2308 414 2355 τες
449 2292 796 2367 εὑρήκαμεν,
828 2298 1062 2369 ἀρεστὸν
1114 2302 1290 2376 ἐφάνη
1317 2305 1414 2377 τὴν
1451 2307 1636 2364 πίστιν
1669 2310 1769 2381 τὴν
1808 2312 1904 2367 ἔκ·

314 2384 497 2440 παλαι
558 2386 950 2457 διαμένουσαν,
1006 2394 1074 2463 ἠν
1120 2397 1218 2451 καὶ
1261 2399 1311 2452 oi
1357 2401 1637 2471 προφῆται
1678 2404 1773 2456 καὶ
1836 2404 1905 2459 τὰ

316 2475 642 2567 εὐαγγέλια
690 2484 785 2537 καὶ
839 2486 890 2539 oi
924 2486 1214 2543 ἀπόστολοι
1259 2490 1349 2545 διὰ
1378 2492 1473 2545 τοῦ
1504 2494 1713 2560 Κυρίου
1745 2496 1904 2567 ἡμῶν

327 2565 519 2638 Ἰησοῦ
547 2570 789 2642 Χριστοῦ
810 2575 1108 2648 ἐκήρυξαν,
1130 2579 1225 2634 τοῦ
1247 2579 1345 2636 καὶ
1372 2582 1471 2653 τῆς
1499 2585 1598 2649 σῆς
1622 2565 1904 2656 βασιλείας

314 2660 598 2732 φρουροῦ,
638 2664 861 2733 καὶτῆς
896 2667 997 2739 σῆς
1029 2672 1258 2741 ῥώσεως
1297 2675 1631 2744 προστάτου,
1660 2676 1745 2730 ίνα
1772 2677 1902 2731 ταύρ-

310 2765 421 2823 την
446 2755 826 2827 κατασχόντες
855 2758 1210 2833 φυλάξωμεν,
1254 2765 1347 2819 καὶ
1393 2766 1778 2835 φυλάττοντες,
1810 2772 1905 2839 μέ·

312 2860 411 2914 χρι
450 2846 653 2911 τῦους
677 2849 1053 2926 διατηριῖῳεν.
1088 2858 1327 2917 ’Δτοπον
1358 2862 1468 2933 γὰρ
1514 2865 1606 2917 καὶ
1638 2863 1901 2935 ἀθέμιτον

310 2935 522 3008 ἐφάνη,
547 2938 658 2995 τῶν
685 2941 863 3014 ὀρθῶς
886 2947 982 3000 καὶ
1009 2947 1234 3014 δικαίως
1254 2951 1580 3024 ὡρισμένων
1606 2971 1660 3007 τι
1697 2956 1900 3026 μεταλ-

310 3029 561 3102 λάττειν,
590 3037 688 3091 καὶ
717 3036 826 3092 τῶν
861 3039 920 3094 ἐν
943 3040 1154 3116 Νικαίᾳ
1195 3047 1353 3116 κοινῇ
1397 3048 1537 3116 μετά
1568 3046 1662 3101 τοῦ
1693 3047 1903 3116 ἐνδοξο-

2614 1354 2842 1413 CAPUT
2895 1356 3005 1414 XL.

2021 1466 2260 1542 Ερίειοία
2302 1471 2648 1533 Ariminemis
2682 1472 2894 1555 concilii
2925 1472 3239 1530 Constantio
3278 1478 3595 1548 imperatori

2725 1561 2903 1599 1111880.

2096 1675 2115 1711 ι
2161 1656 2226 1713 Ει
2254 1657 2349 1716 Dei
2379 1660 2681 1733 jussupet
2726 1660 2950 1733 pietatis
2995 1671 3101 1718 tua:
3144 1664 3425 1731 mandato,
3456 1678 3593 1739 quas

2019 1750 2328 1822 antiquitus
2383 1753 2687 1818 constituta
2735 1764 2894 1820 sunt,
2939 1755 3239 1813 credimus.
3276 1758 3589 1815 Ariminum

2014 1856 2248 1913 namque
2289 1858 2357 1899 ex
2405 1839 3029 1923 omnibusIOccidentis
3077 1849 3308 1905 urbibus
3345 1850 3587 1921 episropi

2010 1950 2208 1991 omnes
2244 1937 2300 1992 in
2330 1936 2513 1994 locum
2548 1933 2804 1997 eumdem
2834 1942 3220 2007 convenimus,
3253 1953 3314 1998 ut
3342 1944 3505 2000 simul
3534 1953 3590 2000 et

2012 2026 2148 2085 ﬁdes
2197 2020 2471 2093 Ecclesia:-
2515 2031 2803 2104 catholicae
2860 2047 3323 2106 cognosceretur,
3382 2048 3438 2092 et
3491 2038 3586 2108 qui

2010 2120 2173 2176 aliter
2214 2123 2774 2192 sentiuntmanil‘esti
2824 2124 3041 2199 ﬁerent.
3092 2127 3270 2197 Atque
3321 2128 3416 2183 ubi
3467 2144 3583 2182 rem

2010 2229 2230 2269 omnem
2282 2214 2376 2272 diu
2425 2216 2772 2288 multumque
2821 2220 3324 2288 consideravimus,
3379 2221 3587 2278 facien-

2008 2308 2139 2361 dum
2170 2321 2291 2363 esse
2318 2308 2713 2378 comperimus,
2744 2317 2804 2363 ut
2827 2325 2949 2379 quae
2980 2309 3115 2367 ﬁdes
3147 2312 3456 2384 antiquitus
3483 2313 3585 2368 ob-

2008 2396 2178 2462 tinet,
2218 2406 2273 2453 et
2308 2415 2472 2470 quam
2510 2400 2792 2469 propheta:
2820 2411 2873 2457 et
2907 2401 3203 2471 Evangelia
3250 2413 3306 2459 et
3349 2407 3582 2476 apostoli

2009 2506 2110 2561 per
2156 2492 2446 2548 Dominum
2494 2502 2742 2548 nostrum
2794 2493 2981 2551 Jesum
3032 2496 3311 2554 Christum
3363 2499 3581 2570 imperii

2006 2584 2085 2639 tui
2117 2584 2439 2651 custodem,
2471 2584 2912 2659 valetudiuiSque
2945 2589 3108 2644 etiam
3148 2601 3410 2654 tutorem,
3442 2608 3571 2663 pro-

2009 2679 2359 2749 ntulgaruut,
2391 2695 2511 2737 eam
2545 2695 2573 2736 a
2607 2681 2912 2754 majoribus
2943 2692 3223 2753 acceptam
3269 2698 3581 2746 servemus.

2004 2780 2061 2825 et
2105 2782 2377 2828 servatam
2423 2772 2492 2827 ad
2543 2773 2708 2829 ﬁnem
2764 2789 2940 2846 usque
2984 2775 3386 2833 custodiamus.
3418 2778 3585 2850 776

2008 2864 2075 2918 Et
2117 2863 2417 2920 absurdum
2464 2866 2852 2938 aerariumque
2894 2884 3015 2925 esse
3060 2871 3411 2941 putavimus.
3459 2887 3581 2941 qua:

2007 2969 2157 3015 recte
2187 2971 2244 3016 et
2273 2962 2519 3033 legitime
2551 2963 2876 3027 constituta,
2904 2973 2961 3019 et
2986 2962 3181 3019 Nicatae
3211 2966 3581 3021 communiter

2006 3069 2111 3108 una
2171 3069 2297 3110 cum
2349 3055 2751 3126 gloriosissimo
2809 3066 3037 3127 parente
3095 3066 3191 3115 tuo
3244 3056 3580 3129 imperatore

306 3127 485 3183 τάτου
548 3144 647 3185 σου
714 3131 924 3202 πατρὸς
982 3137 1080 3188 καὶ
1137 3134 1411 3206 βασιλέως
1479 3140 1897 3194 Κωνσταντίνου

2002 3147 2370 3205 Constantino
2394 3150 2701 3207 deliberata
2744 3163 2909 3219 sunt,
2940 3166 3006 3206 ex
3053 3152 3136 3209 eis
3170 3127 3385 3207 mutare
3420 3152 3581 3222 quid-

308 3220 711 3295 ἐσκεμμένων,⁶
743 3220 818 3279 ὦν
841 3226 875 3297 ἡ
898 3226 1219 3283 διδασκαλία
1236 3233 1331 3285 καὶ
1355 3231 1415 3285 τὸ
1440 3234 1698 3306 φρόνημα
1715 3235 1899 3307 διῆλθέ

2004 3256 2167 3311 quam
2198 3259 2211 3296 :
2241 3257 2478 3312 quorum
2531 3242 2781 3299 doctrina
2836 3252 2894 3299 et
2943 3244 3214 3300 sententia
3268 3243 3337 3299 ad
3385 3259 3579 3302 omnes

304 3330 372 3369 τε
401 3316 501 3370 καὶ
533 3317 819 3392 ἐκηρύχθη
848 3320 929 3386 είς
954 3322 1135 3386 πάσας
1166 3323 1473 3397 ἀνθρώπων
1514 3328 1686 3393 ἀκοάς
1715 3346 1770 3382 τε
1802 3330 1896 3384 καὶ

306 3409 585 3479 διανοίας,
639 3413 764 3485 ἥτις
823 3415 1127 3475 ἀντίπαλος
1184 3420 1323 3491 μόνη
1394 3420 1489 3475 καὶ
1538 3422 1742 3496 ὀλετὴρ
1800 3426 1898 3496 τῆς

324 3506 549 3578 ’Δρείου
606 3509 878 3581 αἱρέσεως
932 3511 1147 3584 ὑπῆρξε
1172 3528 1187 3543 ·
1225 3514 1296 3569 δι’
1329 3510 1394 3589 ἧς
1426 3518 1491 3572 οὐ
1535 3517 1699 3588 μόνον
1731 3519 1894 3589 αὐτὴ,

308 3599 451 3654 ἀλλὰ
490 3600 590 3655 καὶ
648 3602 704 3655 αἱ
762 3603 954 3659 λοιπαὶ
1010 3606 1257 3677 αἱρέσεις
1286 3609 1716 3682 καθῃρέθησαν⁶
1769 3604 1895 3685 ἐνῇ

302 3690 487 3758 ὄντως
514 3693 605 3749 καὶ
626 3694 687 3750 τδ
717 3697 1045 3768 προσθεῖναί
1062 3717 1134 3764 τι,
1169 3700 1467 3772 σφαλερὸν,
1493 3705 1590 3757 καὶ
1612 3704 1671 3757 τδ
1698 3704 1896 3774 ἀφελέ-

307 3784 463 3852 σθαι,
496 3785 847 3843 ἐπικίνδυνον
904 3789 1165 3863 ὑπάρχει.
1212 3792 1304 3857 Ὠς
1330 3794 1491 3866 εἰπερ
1516 3796 1611 3849 καὶ
1662 3795 1895 3866 θάτερον

302 3877 549 3943 γίνοιτο,
585 3875 745 3931 ἔσται
770 3880 885 3943 τοῖς
915 3881 1131 3952 ἐχθροῖς
1162 3883 1319 3938 άδεια
1372 3890 1551 3940 ποιεῖν
1576 3887 1721 3959 άπερ
1775 3885 1893 3959 βού-

304 3968 511 4024 λοιντο.
550 3969 717 4027 Ὅθεν
751 3974 1062 4047 Οὑρσάκιὸς
1095 3993 1155 4029 τε
1195 3979 1286 4031 καὶ
1317 3978 1556 4050 Οὐάλης,
1580 3980 1769 4051 ἐπειδὴ
1796 3983 1893 4036 καὶ
1925 4001 1938 4011 ·

2002 3334 2248 3387 omnium
2283 3333 2570 3388 hominum
2605 3349 2771 3389 aures
2796 3345 2856 3390 et
2882 3334 3097 3390 animos
3133 3334 3350 3405 vulgata
3385 3349 3581 3406 perve-

2000 3426 2117 3489 nit,
2170 3440 2295 3496 quae
2352 3441 2459 3481 una
2518 3424 2635 3481 Arii
2696 3426 2948 3482 luercsim
3019 3428 3351 3497 expugnavit
3411 3436 3577 3497 atque

2000 3518 2310 3573 exstinxit:
2361 3533 2461 3590 per
2507 3534 2672 3589 quam
2725 3534 2833 3574 non
2873 3519 3049 3575 solum
3089 3534 3155 3575 ea
3200 3517 3351 3589 ipsa.
3395 3518 3491 3575 sed
3518 3530 3576 3573 et

1998 3612 2227 3682 reliqua:
2280 3612 2518 3669 lirereses
2570 3622 2699 3669 sunt
2749 3628 2997 3669 eversas:
3050 3615 3137 3667 cui
3196 3615 3423 3668 omnino
3478 3611 3562 3668 vel

1998 3704 2201 3761 addere
2240 3704 2541 3777 quidquam
2578 3720 2689 3759 non
2733 3712 2912 3760 tutum
2939 3744 2954 3768 ,
2995 3703 3081 3759 vel
3125 3705 3368 3760 adimere
3406 3702 3574 3759 etiam

1996 3797 2365 3867 periculosum
2415 3806 2516 3853 est.
2572 3797 2753 3868 Atque
2794 3798 2839 3853 si
2886 3797 3216 3853 alterutrum
3254 3797 3306 3852 in
3337 3811 3400 3852 ea
3438 3795 3573 3851 ﬁat:

1995 3892 2217 3948 licentia
2262 3892 2597 3948 adversariis
2642 3892 2837 3958 detur,
2884 3903 2945 3947 ut
2974 3890 3119 3960 quod
3162 3891 3348 3953 libeat,
3390 3890 3574 3945 facere

1993 3983 2078 4040 eis
2118 3984 2305 4040 liceat.
2360 3985 2596 4040 Proinde
2632 3983 2897 4041 Ursacius
2943 3994 3110 4055 atque
3159 3984 3386 4051 Valens,
3424 3982 3571 4054 quod

303 4064 546 4123 ἔκπαλαι
579 4070 798 4141 μέτοχοί
827 4087 887 4125 τε
934 4076 1032 4126 καὶ
1085 4073 1398 4146 σύμφρονες
1433 4075 1531 4131 τοῦ
1554 4075 1887 4149 Ἀρειανείου

2002 4077 2313 4149 iamdudum
2346 4078 2743 4150 suifragatores
2785 4088 2843 4132 et
2890 4077 3193 4149 participes
3235 4078 3423 4133 Ariani
3468 4078 3573 4131 do-

303 4160 581 4235 δόγματος
645 4159 792 4236 ἦσαν
850 4164 1282 4238 καθεστηκότες,
1313 4170 1407 4222 καὶ
1457 4169 1559 4240 τῆς
1612 4170 1890 4242 ἡμετέρας

305 4258 601 4321 κοινωνίας
630 4257 993 4329 χωρισθέντες
1016 4257 1432 4332 ἀπεφάνθησαν.
1467 4255 1572 4326 Ἧς
1596 4262 1684 4317 ἵνα
1718 4263 1883 4334 μετάο

312 4367 539 4423 σχωσιν,
571 4352 658 4423 ἐφ’
685 4345 768 4415 οἷς
792 4351 1026 4417 ἑαυτοὺς
1072 4352 1516 4425 συνεγνώκεισαν
1561 4356 1888 4430 πλημμελήο

307 4461 534 4511 σαντας,
564 4444 854 4515 μετανοίας
883 4461 945 4499 τε
970 4447 1063 4500 καὶ
1090 4445 1427 4517 συγγνώμης
1450 4449 1639 4517 ἠξίουν
1662 4454 1850 4522 τυχεῖν
1870 4469 1884 4485 ·

1993 4173 2192 4243 gmatis
2211 4170 2436 4235 fuerint,
2472 4188 2501 4227 a
2532 4174 2922 4229 communione
2950 4183 3141 4228 nostra
3172 4174 3382 4228 exclusi
3414 4184 3568 4228 sunt.

1992 4264 2074 4321 Ad
2133 4281 2295 4336 quam
2351 4275 2533 4321 tamen
2586 4266 2814 4323 admissi
2878 4276 3040 4336 sunt,
3096 4276 3455 4338 posteaquam
3509 4283 3569 4323 se

1989 4373 2208 4416 errasse
2254 4370 2678 4428 cognoverunt,
2728 4372 2897 4432 atque
2949 4370 3008 4416 ut
3059 4361 3127 4416 ad
3184 4364 3565 4441 pcenitentiam

1990 4450 2434 4517 admitterentur,
2483 4467 2540 4508 et
2588 4470 2744 4510 noxae
2794 4455 3029 4525 gratiam
3062 4466 3565 4526 consequerentur,

306 4534 380 4602 ὡς
436 4537 535 4590 καὶ
584 4536 655 4589 τά
690 4533 947 4606 ἐγγραφα
978 4534 1047 4589 τά
1097 4535 1236 4606 ὑπὲρ
1276 4538 1502 4592 ἐκείνων
1539 4541 1884 4612 γεγενημένα

2002 4554 2337 4600 araverunt:
2388 4544 2440 4599 id
2491 4546 2637 4615 quod
2686 4546 2955 4618 scriptum
3007 4562 3201 4605 eorum
3248 4525 3562 4606 attestatur.

305 4630 602 4702 μαρτυρεῖ.
645 4628 725 4682 Δι’
746 4622 821 4684 ὧν
851 4630 1109 4682 ἁπάντων
1132 4630 1301 4698 φειδὼ
1333 4632 1630 4705 γεγένηται
1660 4635 1884 4692 καὶτῶν

1992 4636 2341 4709 Quapropter
2373 4648 2435 4692 ut
2479 4640 2535 4693 iu
2579 4641 2812 4710 gratiam
2862 4643 3262 4712 reciperentur,
3306 4654 3362 4698 et
3404 4644 3562 4698 venia

304 4722 673 4795 ἐγκλημάτων
696 4717 1137 4793 συγγνώμη.Ἦν
1153 4724 1209 4777 δὲ
1230 4727 1258 4778 ὁ
1278 4726 1467 4798 καιρὸς
1492 4727 1616 4781 καθ’
1635 4727 1695 4783 δν
1711 4730 1885 4783 ταῦτα

2002 4733 2072 4786 eis
2097 4731 2425 4786 delictorum
2459 4732 2704 4798 daretur,
2733 4733 3117 4791 obtinuerunt.
3155 4734 3380 4791 Factum
3418 4735 3472 4790 id
3500 4752 3564 4790 ro

305 4820 633 4891 ἐπράττετο,
655 4818 745 4872 ὅτε
776 4820 834 4873 ἐν
857 4815 1175 4889 Μεδιολάνῳ
1215 4820 1275 4873 th
1304 4821 1584 4892 συνέδριον
1625 4823 1728 4894 τῆς
1761 4841 1885 4877 συν-

305 4908 425 4966 όδου
463 4912 846 4981 συνεκροτεῖτο
869 4927 883 4942 ·
923 4910 1332 4982 συμπαρόντων
1366 4912 1423 4967 δέ
1458 4915 1553 4969 καὶ
1605 4916 1715 4969 τῶν
1749 4932 1883 4986 πρεο

1990 4833 2260 4896 tcmpore,
2297 4840 2421 4880 cum
2458 4824 2749 4881 Mediolani
2785 4826 3029 4897 synodus
3064 4838 3149 4882 est
3180 4836 3394 4893 coacta,
3431 4843 3554 4898 prc-

1988 4916 2229 4991 sbytcris
2273 4933 2496 4988 quoque
2551 4919 2810 4974 Romanae
2858 4918 3117 4975 Ecclesiae
3171 4921 3559 4990 pI‘J'SCIIIiblN.

306 5002 586 5074 σευτέρων
619 5001 722 5070 τῆς
751 5001 1040 5070 Ῥωμαίων
1060 5000 1418 5073 Ἐκκλησίας,
1439 5006 1740 5074 ἐγνωκότες
1764 5007 1883 5078 ἅμα

2002 5008 2203 5065 Norunt
2232 5010 2334 5076 illi,
2367 5026 2494 5065 eum
2541 5012 2637 5083 qui
2668 5011 2835 5067 etiam
2879 5020 3002 5082 post
3034 5011 3247 5068 obitum
3294 5013 3562 5068 mcumria

306 5097 391 5149 xci
425 5095 519 5151 τδν
556 5096 694 5164 μετὰ
718 5095 982 5166 τελευτὴν
1028 5094 1177 5160 ἄξιον
1215 5097 1438 5167 μνήμης
1466 5100 1883 5156 Κωνσταντῖνον

2002 5103 2186 5176 lignus
2221 5113 2346 5171 est,
2385 5104 2808 5161 Constantinum
2849 5108 2999 5161 omni
3031 5107 3138 5163 adh
3166 5106 3277 5161 bita
3309 5108 3562 5175 exquisi-

311 5191 447 5259 μετὰ
479 5189 662 5259 πάσης
707 5187 1001 5259 ἀκριϐείας
1030 5191 1127 5243 καὶ
1160 5188 1463 5255 ἐξετάσεως
1509 5191 1608 5264 την
1640 5209 1881 5265 συγγρα-

308 5287 501 5351 φεῖσαν
529 5283 716 5338 πίστιν
742 5283 1118 5338 ἐκτεθεικότα.
1150 5280 1373 5355 Ἐπειδὴ
1402 5283 1459 5337 δέ
1484 5284 1561 5348 ὡς
1582 5285 1642 5354 ἐξ
1669 5286 1881 5358 ἀνθρώ-

1985 5199 2126 5254 tiore
2152 5214 2283 5255 cura
2324 5209 2379 5255 et
2408 5199 2760 5273 diligentiore
2804 5202 3250 5273 investigalionv,
3281 5202 3404 5255 ﬁdei
3438 5217 3561 5270 pro-

1987 5292 2304 5360 fessionem,
2342 5308 2464 5363 qua:
2494 5293 2641 5349 edita
2673 5304 2781 5356 est.
2827 5295 3160 5365 publicasse.
3194 5295 3556 5363 Posteaquam

268 5376 271 5378 ’
307 5390 423 5430 πων
460 5376 680 5444 ἐγένετο
708 5375 1053 5446 βαπτισθεὶς,
1084 5377 1180 5429 καὶ
1236 5374 1371 5445 πρὸς
1398 5376 1495 5447 τὴν
1519 5378 1880 5450 ὀφειλομένην

2002 5396 2167 5441 intem
2207 5385 2519 5455 baptizatus
2568 5386 2679 5451 ille,
2718 5388 2865 5443 inter
2913 5389 3163 5443 homines
3202 5405 3325 5444 esse
3369 5390 3554 5453 desiit,

308 5468 531 5542 εἰρήνην
583 5465 974 5539 ἀνεχώρησεν·
1000 5466 1203 5521 ἄτοπον
1238 5461 1379 5520 εἶναι
1417 5468 1536 5537 μετ’
1576 5470 1786 5527 ἐκεῖνόν
1824 5487 1877 5523 τι

2002 5489 2035 5532 ξι
2062 5481 2128 5533 ad
2163 5479 2403 5536 debitam
2438 5480 2541 5535 sibi
2569 5482 2809 5551 quietem
2842 5483 3139 5536 translatus
3173 5492 3278 5548 est,
3309 5484 3555 5551 ineptum

307 5563 674 5633 καινατομείν,
728 5561 827 5614 καὶ
852 5560 1145 5624 τοσούτους
1179 5560 1365 5629 ἁγίους
1411 5560 1754 5633 δμολογητάς
1781 5563 1878 5616 καὶ

2002 5587 2099 5627 ⁵850
2147 5570 2358 5637 sciunt,
2397 5589 2549 5628 nova:
2582 5574 2885 5644 quidquam
2924 5576 2999 5629 rci
3042 5577 3343 5639 invehere,
3386 5586 3439 5629 ct
3476 5584 3509 5627 ιι
3538 5588 3560 5633 ι

312 5654 618 5728 μάρτυρας,
674 5654 804 5717 τοὺς
855 5655 948 5708 καὶ
980 5653 1077 5707 τοῦ
1125 5654 1397 5727 δόγματος
1429 5657 1785 5726 συγγραφέας
1815 5675 1875 5712 τε

2002 5673 2198 5720 auctos
2243 5663 2431 5721 Patres
2478 5666 2823 5723 coniessores
2866 5676 2927 5721 et
2978 5677 3245 5739 martyres
3281 5667 3562 5737 dogmatis

309 5751 399 5805 καὶ
435 5748 669 5821 εὑρετὰς
694 5748 1012 5821 ὑπεριδεῖν*
1052 5749 1278 5815 οἵτινες
1334 5751 1475 5805 κατὰ
1513 5752 1604 5804 τὸν
1644 5753 1875 5808 πα>.αι“ν

2003 5757 2152 5827 psius
2187 5767 2439 5813 auctores
2475 5768 2640 5830 atque
2690 5759 3016 5816 inventores
3067 5759 3351 5829 despicere
3388 5775 3401 5811 :

308 5840 748 5916 τῆςἚκκλησίσς
777 5841 983 5914 θεσμὸν
1006 5840 1103 5914 τῆς
1133 5840 1429 5913 καθολικῆς
1461 5838 1702 5906 ἅπαντες
1743 5860 1873 5917 φρτ-

3454 5765 3561 5828 qui

1977 5849 2198 5923 quidem
2241 5848 2453 5920 Patres,
2485 5852 2638 5925 juxta
2678 5864 2919 5913 veterem
2962 5853 3217 5913 Ecclesia:
3262 5852 3563 5914 catholica:
