4072 6212
573 387 682 463 399

1796 386 2220 449 NICEPIIORI
2259 387 2601 448 CALLISTI

3711 385 3811 453 400

575 499 896 564 resurrexit,
933 507 990 555 et
1021 507 1276 571 receptus
1309 506 1394 555 est
1433 496 1493 554 in
1527 497 1694 555 cmlos
1719 539 1734 561 .
1770 506 1832 554 ut
1864 498 2053 554 sedeat
2093 497 2138 552 in

2257 499 2443 552 πίστιν
2477 497 2608 552 ἄλλο
2641 513 2694 550 τι
2747 494 3130 568 κηρῦσσοντας
3174 498 3491 566 ἀλλοτρίους
3539 495 3676 554 εἶναι
3718 501 3812 570 τῆς

575 595 771 650 dextra
803 595 1005 657 Patris,
1030 602 1299 661 venturus
1332 609 1554 649 rursum
1584 593 1637 648 in
1669 593 1843 663 gloria
1885 592 1953 649 ad
1990 593 2141 663 judi-

572 687 809 741 candum
847 687 998 740 vivos
1027 694 1083 741 et
1129 695 1393 739 mortuos.
1428 685 1721 740 Credimus
1763 693 1945 739 autem
1995 696 2053 740 et
2086 685 2142 741 in

573 779 836 850 Spiritum
873 785 1150 841 sanctum,
1207 791 1371 846 quem
1419 775 1763 831 Paracletum
1816 776 2142 841 nominavit,

572 882 629 928 et
692 871 991 926 missurum
1040 884 1103 924 se
1153 877 1277 938 post
1333 881 1497 924 suum
1529 867 1834 924 discessum
1879 869 2144 937 apostolis

573 965 848 1038 promisit,
883 963 1043 1019 sicuti
1094 972 1150 1017 et
1185 963 1336 1017 misit
1359 962 1610 1018 Salvator
1632 971 1690 1017 et
1733 961 2003 1016 Dominus
2046 977 2145 1015 no-

572 1073 688 1115 ster
727 1075 742 1112 :
772 1075 870 1128 per
905 1073 1066 1124 quem
1096 1065 1152 1110 ct
1179 1054 1486 1110 sanctiﬁcat
1535 1054 1589 1108 in
1624 1054 1868 1109 Ecclesia
1903 1054 2141 1109 creden-

576 1161 695 1214 tes,
745 1160 801 1205 et
862 1147 1167 1218 baptizatos
1201 1144 1255 1198 in
1291 1145 1517 1200 nomine
1560 1145 1742 1200 Patris
1789 1154 1846 1199 et
1898 1144 2021 1200 Filii
2087 1151 2144 1198 et

574 1245 819 1315 Spiritus
842 1241 1038 1297 sancti.
1078 1240 1179 1307 Qui
1216 1254 1347 1294 vero
1382 1247 1582 1309 prmter
1627 1238 1768 1292 hanc
1797 1236 1961 1292 ﬁdem
1989 1236 2141 1291 aliud

572 1337 875 1408 quidquam
935 1333 1256 1405 pra-dicant,
1303 1344 1397 1386 eos
1447 1328 1516 1384 ab
1564 1329 1811 1386 Ecclesia
1871 1329 2143 1386 catholica

571 1447 692 1484 esse
722 1429 987 1484 alienos.»
1029 1427 1156 1480 lliec
1187 1432 1271 1480 est
1309 1423 1490 1478 Acacii
1533 1421 1792 1478 formula.
1832 1420 1931 1478 Cui
1974 1421 2142 1478 etiam

572 1519 830 1577 factionis
872 1518 993 1585 ejus
1040 1516 1284 1571 fautores
1340 1514 1566 1584 triginta
1605 1512 1717 1569 duo
1765 1514 1841 1568 illi
1893 1512 2144 1568 subscri-

570 1627 750 1680 psere.
774 1608 854 1665 Ad
887 1625 1051 1679 quam
1078 1606 1425 1676 Sophronius
1465 1605 1745 1675 Paphlago
1774 1605 2142 1675 Pompeiopo-

571 1704 778 1758 litanus
807 1702 1103 1771 episcopus
1126 1706 1317 1768 aperte
1345 1698 1460 1751 haec
1486 1695 1653 1750 verba
1682 1696 1886 1750 dixisse
1912 1695 2094 1750 fertur
2124 1709 2139 1746 :

569 1795 624 1850 Si
660 1794 907 1864 quotidie
950 1792 1290 1846 voluntatem
1329 1804 1485 1844 suam
1525 1802 1806 1857 exponere
1831 1829 1848 1853 ,
1884 1787 2004 1842 fidei
2033 1785 2146 1841 lor-

568 1890 772 1947 mulam
822 1887 992 1942 edere
1047 1892 1154 1947 est,
1215 1881 1481 1938 destituet
1513 1896 1616 1935 nos
1657 1880 1913 1936 veritatis
1961 1879 2140 1951 ipsius

569 1978 868 2038 certitudo.
896 1974 1245 2048 Sophronius
1265 1972 1489 2044 quidem
1547 1971 1650 2027 hoe
1697 1978 1816 2026 tum
1874 1973 1956 2027 sic
2003 1985 2139 2025 voce

571 2089 765 2142 magna
792 2071 968 2129 dixit:
1002 2068 1170 2141 788
1207 2081 1308 2138 ego
1340 2081 1468 2120 vero
1495 2062 1804 2120 censuerim
1830 2106 1848 2130 ,
1887 2063 1930 2117 si
1965 2071 2021 2118 et
2046 2067 2139 2133 qui

568 2175 696 2222 ante
735 2179 833 2221 eos
886 2163 1062 2224 fuere.
1091 2173 1148 2217 et
1179 2161 1270 2230 qui
1302 2173 1399 2214 eos
1437 2167 1566 2213 sunt
1615 2156 1816 2220 secuti.
1847 2156 2038 2211 itidem
2073 2157 2140 2210 de

568 2259 788 2315 Nicaena
819 2256 946 2310 fidei
973 2252 1314 2325 professione
1329 2249 1660 2321 cegitassent
1687 2257 1849 2318 atque
1877 2247 2137 2318 egissent,

569 2355 847 2409 sincerum
894 2347 1150 2404 Ecclesia:
1189 2346 1382 2416 dogma
1420 2353 1870 2404 conservaturos,
1907 2351 1965 2396 et
1998 2340 2140 2394 deli-

569 2449 820 2500 ramenta
859 2439 1042 2494 omnia
1079 2436 1236 2506 longe
1266 2449 1296 2489 a
1338 2434 1510 2490 sacris
1543 2432 1804 2487 Ecclesiae
1842 2434 2012 2503 septis
2044 2430 2140 2486 ab«

568 2536 755 2591 futura
789 2530 986 2587 fuisse.
1019 2528 1096 2583 Ae
1148 2538 1264 2582 tum
1314 2524 1541 2596 quidem
1572 2539 1697 2580 eum
1731 2523 1890 2578 alteri
1933 2523 2140 2580 alteros

565 2630 913 2686 accusantes,
950 2617 1185 2690 plurima
1214 2625 1267 2672 et
1300 2616 1572 2671 dixissent
1594 2622 1650 2671 et
1680 2615 1985 2680 audissent,
2008 2631 2140 2670 con-

565 2732 755 2774 sessus
777 2723 865 2768 est
893 2712 1126 2768 solutus.
1154 2709 1364 2776 Quarto
1399 2722 1693 2778 congressu
1724 2707 1890 2763 multa
1909 2707 2139 2762 futiliter

569 2810 758 2882 nugati
791 2814 944 2862 sunt.
995 2804 1059 2860 Et
1088 2803 1324 2858 Aeacius
1370 2800 1508 2856 nihil
1551 2799 1795 2863 obstare,
1839 2803 1971 2871 quin
2033 2801 2137 2856 alia

571 2903 705 2959 fides
728 2902 1009 2963 ederetur,
1044 2894 1415 2952 contendebat
1443 2934 1458 2958 ,
1492 2893 1935 2964 quandoquidem
1968 2893 2134 2949 semel

565 2996 786 3051 Nicana
823 2991 1057 3046 formula
1106 2996 1314 3042 mutata
1384 2995 1569 3050 esset;
1621 3001 1730 3040 non
1775 2986 1968 3054 semel,
2027 2985 2139 3040 imo

567 3101 760 3143 verum
791 3084 1012 3154 saepius.
1047 3081 1126 3137 Ad
1161 3095 1283 3152 qute
1333 3078 1587 3135 Eleusius
1619 3077 1924 3150 Cyzicenus
1954 3097 1967 3134 :
2013 3077 2138 3134 "mc

569 3177 832 3250 synodus.
866 3173 1030 3237 dixit,
1083 3179 1268 3227 coacta
1317 3178 1421 3233 est,
1475 3185 1582 3224 non
1640 3178 1700 3224 ut
1734 3168 1978 3225 addiscat
2016 3184 2139 3239 qua:

571 3271 726 3342 prius
756 3284 867 3324 non
896 3265 1178 3329 didicerit,
1202 3278 1379 3333 neque
1407 3271 1465 3316 ut
1494 3261 1863 3331 probatiorem
1896 3262 2138 3317 inveniat

576 3362 763 3426 fidem,
796 3376 957 3430 quam
1007 3373 1070 3413 ea
1093 3365 1177 3411 est
1210 3371 1330 3425 qua:
1360 3371 1387 3408 a
1425 3354 1692 3410 Patribus
1719 3354 2024 3409 Antiochia:
2053 3363 2138 3409 est

572 3453 934 3526 promulgata.
991 3450 1127 3505 Nam
1177 3449 1230 3501 in
1283 3447 1402 3516 ejus
1454 3445 1867 3501 definitionibus
1910 3459 2135 3499 assensu

568 3545 989 3618 conquiescens,
1015 3540 1266 3612 quamvis
1298 3538 1445 3591 aliud
1481 3537 1779 3608 quidquam
1810 3537 1879 3592 ab
1910 3553 1972 3592 ea
2004 3538 2138 3592 eda-

567 3651 680 3703 tur,
720 3657 828 3695 non
868 3648 1050 3692 tamen
1101 3649 1344 3705 unquam
1383 3632 1531 3687 illam
1578 3632 1868 3702 relinquet.
1904 3631 2002 3686 Cui
2036 3645 2139 3703 ego

568 3735 800 3792 obvians
849 3732 1081 3786 dixerim
1118 3727 1446 3795 :Qnomodo
1490 3726 1735 3788 tandem,
1779 3724 1962 3780 Eleusi
2018 3740 2140 3796 pes-

565 3826 725 3883 sime.
755 3824 847 3892 qui
898 3819 1203 3875 Antiochiae
1250 3816 1564 3888 congregati
1613 3816 1790 3879 fuere,
1820 3815 2008 3871 Patres
2047 3833 2140 3872 vo-

565 3917 692 3972 eas?
711 3915 881 3970 Multo
910 3913 1058 3968 enim
1091 3911 1265 3982 magis
1287 3911 1480 3964 Patres
1500 3914 1553 3962 te
1587 3909 1874 3963 nominare
1897 3923 1992 3964 eos
2008 3923 2139 3963 eon-

563 4006 839 4071 veniebat,
893 4005 986 4074 qui
1039 4004 1234 4058 Nicaea
1285 4000 1680 4057 convenientes
1709 4039 1726 4066 ,
1765 4016 1870 4054 una
1902 4015 2038 4057 voce
2073 4002 2135 4055 τὸ

563 4098 870 4169 δμοούσεον,
889 4095 1359 4163 οοιιειιὺςιαηιίσίρ,
1381 4095 1828 4165 promulgarunt:
1844 4109 1969 4150 eum
1991 4098 2137 4166 quod

566 4200 814 4261 tempore
843 4197 971 4245 sunt
1005 4189 1356 4251 vetustiores,
1386 4194 1500 4239 tum
1529 4185 1678 4254 quod
1707 4187 1799 4256 qui
1829 4187 2138 4243 Antiochiae

564 4282 742 4339 coacti
774 4291 922 4342 sunt.
946 4280 1014 4336 alr
1039 4281 1148 4335 illis
1177 4292 1456 4334 sacrorum
1484 4294 1773 4334 munerum
1799 4279 2137 4336 funetionem

564 4382 921 4442 acceperunt.
951 4371 1110 4436 Quod
1129 4371 1174 4426 si
1214 4371 1304 4426 isti
1352 4381 1537 4441 patres
1582 4385 1716 4427 suos
1742 4373 2137 4443 reproharunt,

565 4463 872 4535 parricidas
899 4464 1084 4532 potius
1105 4477 1271 4531 quam
1320 4452 1511 4518 Patres
1547 4476 1643 4518 eos
1674 4462 1846 4518 dicas.
1873 4463 2008 4531 Quis
2036 4465 2139 4520 ita-

2251 592 2549 660 καθολικῆς
2592 591 2942 662 Ἐκκλησίας.
3003 612 3023 647 ι
3056 593 3122 647 Ἦ
3159 595 3260 665 μὲν
3305 588 3399 647 οὖν
3438 593 3698 647 Ἀκακίου
3729 592 3815 645 ἐκ·

2245 684 2392 748 δοσις
2418 665 2558 755 αὕτη
2583 700 2597 714 ⁶
2621 685 2688 754 ἢν
2721 684 2820 738 σὺν
2850 685 3002 756 αὑτῷ
3031 686 3124 740 καὶ
3149 686 3200 739 οἰ
3229 686 3360 757 περὶ
3390 686 3553 740 αὐτὸν
3576 684 3669 739 δύο
3687 682 3814 753 πρὸς

2244 777 2362 837 τοῖς
2398 773 2699 844 τριάκοντα
2733 776 3176 846 καθυπιγραψαν
3196 791 3213 806 ’
3244 776 3382 846 πρὸς
3414 778 3479 848 ἣν
3514 775 3814 845 Σιιιφρόνιος

2247 869 2275 919 δ
2308 867 2617 935 Παφλαγὼν
2649 868 2746 936 τὴν
2770 867 3062 939 Πομπηΐου
3088 870 3491 939 ἐπιτροπεύων,
3515 868 3812 937 διαρρήδην

2246 962 2433 1020 αὑταῖς
2479 959 2690 1023 λέξεσιν
2734 959 2908 1022 οὕτως
2963 962 3141 1014 εἰπεῖν
3188 961 3448 1030 λέγεται·
3479 961 3542 1013 Εἰ
3587 960 3646 1011 τὺ
3684 959 3814 1012 ἰδίαν

2247 1050 2485 1113 ἑκάστης
2515 1050 2728 1121 ἡμέρας
2761 1050 3076 1104 ἐκτίθεσθαι
3106 1051 3363 1121 βούλησιν
3404 1049 3640 1111 πίστεώς
3673 1052 3814 1100 ἐστιν

2247 1143 2483 1208 ἔκθεσις,
2517 1144 2787 1211 ἐπιλείψει
2815 1145 2964 1214 ἡμᾶς
3008 1145 3040 1212 ἡ
3073 1145 3173 1211 τῆς
3220 1144 3483 1208 ἀληθείας
3535 1141 3811 1211 ἁκρίίῐεισ.

2257 1231 2320 1286 Ὀ
2356 1233 2453 1302 μὲν
2497 1232 2591 1286 οὖν
2647 1230 2961 1301 Παφλαγὼν
2994 1232 3302 1300 Σωφρόνιος
3349 1229 3522 1283 ταῦτα
3561 1229 3812 1299 τηνικάδε

2245 1325 2476 1396 ἐϐόησεν
2494 1341 2510 1354 ο
2535 1323 2647 1394 ἐγὼ
2694 1326 2748 1376 ῖέ
2801 1341 2947 1394 φημι
2976 1325 3051 1386 ὼς
3075 1323 3129 1376 εί
3150 1339 3214 1392 γε
3229 1323 3278 1376 οἱ
3312 1322 3417 1391 πρὸ
3441 1320 3620 1381 αὐτῶν
3650 1322 3743 1376 καὶ
3767 1319 3816 1372 el

2247 1418 2367 1486 μετ’
2406 1413 2654 1478 ἐκείνους
2707 1416 2884 1471 τοιάδε
2937 1416 3070 1486 περὶ
3114 1417 3214 1486 τῆς
3251 1415 3311 1467 ἐν
3341 1413 3547 1484 Nm“?
3581 1415 3814 1474 πίστεως

2243 1510 2340 1563 καὶ
2367 1508 2669 1560 διενοοῦντο
2713 1510 2807 1562 καὶ
2847 1508 3139 1579 ἔπραττον,
3180 1507 3473 1573 ἀκίϐδηλον
3523 1507 3589 1558 ἂν
3631 1507 3686 1558 τ’.
3720 1506 3816 1572 τῆς

2256 1600 2584 1668 Ἐκκλησὶας
2637 1601 2819 1669 δόγμα
2851 1600 3234 1671 διατετήρητο,
3273 1600 3367 1652 καὶ
3406 1601 3559 1652 πᾶσα
3591 1601 3818 1666 ἐρεσχε-

2245 1693 2337 1748 λία
2367 1689 2436 1762 ἦν
2472 1694 2536 1746 ἂν
2571 1693 2680 1745 τῶν
2719 1693 2882 1747 θείων
2917 1693 3224 1765 περιϐόλων
3276 1693 3519 1764 μακράν.
3557 1692 3663 1744 Καὶ
3695 1694 3818 1744 τότε

2248 1784 2353 1855 μὲν
2401 1787 2492 1838 τὸν
2529 1785 2788 1854 σύλλογον
2843 1787 3017 1851 ἔλυον,
3080 1786 3306 1838 πλεῖστα
3360 1785 3494 1850 πρὸς
3555 1782 3817 1852 ἀλλήλους

2174 1861 2212 1916 Β
2246 1881 2375 1947 περὶ
2407 1877 2515 1930 τῶν
2537 1880 3035 1950 κατηγορουμένων
3066 1878 3312 1940 εἰπόντες
3344 1894 3402 1931 τε
3435 1881 3532 1931 καὶ
3553 1877 3821 1930 ἀκούσαν-

2241 1985 2362 2032 τες·
2389 1971 2453 2040 τῇ
2489 1969 2546 2023 δὲ
2573 1970 2810 2040 τετάρτῃ
2861 1968 3178 2024 συνελεύσει
3232 1969 3400 2038 πολλὴ
3437 1970 3726 2037 ἀδολεσχία
3767 1969 3821 2020 ὕε-
3876 1993 3878 1995 >

2246 2063 2488 2130 φαίνετο.
2521 2063 2585 2115 Ὀ
2623 2062 2670 2115 δ’
2708 2063 2968 2126 Ἀκάκιος
3025 2065 3334 2135 ἰσχυρίζετο
3377 2064 3544 2132 μηδὲν
3579 2060 3727 2116 εἶναι
3762 2064 3820 2116 τὸ

2243 2154 2498 2226 ἐμποδὼν
2535 2155 2733 2226 ἐτὲραν
2785 2156 2968 2209 πίστιν
3005 2158 3272 2223 εἰσάγειν,
3317 2158 3438 2209 ἐπεὶ
3489 2157 3754 2222 καθάπαξ
3787 2160 3818 2224 ή

2243 2249 2299 2300 ἐν
2326 2247 2530 2319 Νικαέᾳ
2579 2249 2764 2312 πίστις
2807 2249 3176 2319 μετεποιὴθησ
3213 2251 3306 2303 καὶ
3333 2251 3430 2321 οὐχ
3466 2251 3633 2318 ἅπαξ,
3681 2252 3821 2305 ἀλλὰ

2240 2339 2306 2411 δὴ
2342 2341 2435 2394 καὶ
2467 2340 2750 2402 πολλάκις.
2790 2342 2932 2413 Πρίς
2963 2343 3018 2394 δὲ
3058 2344 3232 2398 ταῦτα
3271 2345 3540 2407 Ἐὶεὺσιες
3577 2345 3605 2396 ὁ
3649 2346 3823 2409 Κυζί-

2238 2449 2363 2496 κου,
2404 2433 2471 2484 ΊΙ
2517 2431 2635 2497 νῦν,
2673 2433 2833 2502 φησὶ,
2868 2434 3084 2498 σύνοδος
3138 2437 3429 2506 ἡθροίσθη,
3459 2437 3558 2508 οὐχ
3588 2438 3676 2490 ἵνα
3706 2437 3821 2509 γνῷ

2238 2523 2276 2577 ἆ
2301 2524 2376 2594 μὴ
2397 2522 2524 2594 ἔσχε
2559 2523 2810 2593 μαθοῦσα
2841 2527 3127 2596 πρότερον,
3167 2529 3276 2582 οὐδ’
3313 2528 3399 2583 ἵνα
3427 2531 3816 2602 δοκιμωτέραν

2241 2617 2427 2669 πίστιν
2482 2616 2708 2688 ἐξεύρῃ,
2748 2617 2883 2689 παρ’
2912 2621 2978 2690 ἢν
3034 2622 3092 2671 ἐν
3135 2622 3442 2694 Ἀντιοχείᾳ
3503 2627 3658 2693 παρὰ
3711 2625 3819 2678 τῶν

2244 2707 2504 2780 Πατέρων
2538 2708 2755 2780 εἰλήφει
2774 2726 2790 2741 ⁶
2811 2711 2924 2774 τοῖς
2950 2713 3059 2783 γὰρ
3078 2713 3301 2767 ἐκείνων
3328 2715 3477 2786 ὅροις
3499 2716 3816 2786 στοιχοῦσα,

2239 2799 2342 2854 οὐκ
2380 2799 2468 2868 ἂν,
2503 2801 2556 2854 εἴ
2579 2818 2631 2854 τι
2665 2801 2757 2857 καὶ
2788 2801 3036 2871 γένηται,
3081 2803 3289 2873 ταύτης
3340 2805 3614 2877 ἀποσταίη
3657 2807 3815 2862 ποτέ.

2240 2890 2385 2963 Πρὸς
2430 2892 2498 2963 ἢν
2526 2891 2637 2961 ἐγὼ
2679 2892 2962 2957 ἀπαντῶν.
2997 2895 3142 2961 Πῶς,
3185 2889 3232 2950 ὦ
3283 2897 3502 2952 κάκιστ’
3543 2899 3817 2966 Ἐλεύσιε,

2241 2984 2409 3053 φαίην
2459 2986 2550 3050 ἂν,
2609 2987 2862 3057 Πατέρας
2912 2987 3044 3051 τοὺς
3088 2989 3149 3041 ἐν
3219 2990 3521 3062 Ἀντιοχείᾳ
3585 2993 3814 3060 καλςίςς

2242 3075 2430 3144 υολλῷ
2457 3076 2564 3148 γὰρ
2589 3078 2835 3146 κρεῖττον
2877 3078 3118 3140 ἐκείνους
3164 3081 3368 3148 μᾶλλον
3403 3084 3589 3137 καλεῖν
3611 3101 3675 3137 σε
3710 3087 3819 3140 Πα-

2243 3168 2409 3236 τέρας
2430 3169 2503 3231 οἶ,
2523 3167 2584 3221 ἐν
2613 3169 2822 3241 Notati;
2866 3172 3289 3241 συνδραμόντες,
3320 3175 3620 3245 ὁμοφώνως
3656 3177 3719 3230 rb
3763 3178 3818 3230 ὀ-

2244 3260 2497 3330 μοούσιον
2526 3262 2870 3331 ἁνεκήρυξαν
2889 3277 2904 3292 ·
2931 3266 3014 3318 ὅτι
3049 3282 3110 3334 γε
3146 3268 3240 3319 καὶ
3268 3271 3379 3330 τοῖς
3411 3271 3621 3337 χρόνοις
3643 3271 3818 3342 ὕπερ-

2239 3355 2513 3422 τεροῦσιν,
2573 3359 2666 3409 καὶ
2712 3351 2796 3420 οἷς
2855 3357 2905 3410 οἰ
2962 3359 3020 3412 ἐν
3055 3358 3360 3429 Ἀντιοχείᾳ
3417 3362 3668 3426 ἐλθόντες
3724 3363 3819 3416 ὑπ’

2239 3447 2470 3500 ἐκείνων
2516 3448 2676 3520 ἔσχον
2734 3450 2796 3504 τὸ
2853 3452 3133 3521 ἱερᾶσθαι.
3203 3453 3266 3506 Εί
3333 3453 3380 3508 δ’
3430 3457 3627 3510 ἐκεῖνοι
3689 3459 3819 3518 τοὺς

2239 3539 2453 3592 ἑαυτῶν
2498 3539 2747 3609 Πατέρας
2779 3543 3076 3611 ἠθέτησαν,
3107 3545 3432 3615 πατραλοῖαι
3469 3549 3694 3616 μᾶλλον,
3724 3551 3822 3602 καὶ

2238 3628 2299 3682 οὗ
2326 3629 2591 3702 Πατέρες,
2611 3632 2864 3713 κληθεῖεν
2881 3633 2965 3688 ἄν.
3001 3635 3106 3688 Καὶ
3135 3635 3250 3698 πῶς
3280 3637 3344 3691 ἄν
3373 3655 3458 3702 τις
3485 3638 3672 3693 ἕποιτο
3702 3644 3819 3704 τοις

2240 3722 2543 3791 τοιούτοιςς
2579 3725 2640 3778 Εἰ
2663 3724 2709 3778 δ’
2732 3726 2995 3795 ἀδόκιμος
3041 3728 3268 3782 ἐκείνων
3298 3730 3332 3802 ἡ
3362 3731 3568 3795 πίστις.
3601 3736 3726 3789 οὐδὲ
3783 3737 3818 3805 η

2241 3819 2549 3887 χειροτονία
2614 3818 2835 3882 πάντως
2892 3820 2948 3872 ἐν
2979 3824 3360 3888 ἀμφιλέκτως.
3416 3823 3479 3878 Εἰ
3539 3825 3647 3896 γὰρ
3710 3831 3821 3899 πρὸ

2239 3909 2466 3963 ἐκείνων
2511 3911 2573 3964 τὸ
2613 3912 2768 3981 ἴιγιον
2801 3913 3026 3983 Πνεῦμα
3069 3916 3170 3968 οὐκ
3199 3912 3426 3984 εἷχον,ὂ
3474 3921 3718 3990 μάλιστα
3747 3925 3818 3992 τῇ

2241 4003 2487 4056 ἐπιθέσει
2516 4003 2738 4074 ἔρχεται
2784 4006 2895 4058 τῶν
2926 4009 3153 4078 χειρῶν,
3185 4010 3295 4062 οὐδ’
3328 4010 3476 4065 οὗτοι
3507 4015 3730 4080 πάντως
3757 4016 3820 4069 ἐν

2242 4095 2473 4166 ἱερεῦσι.
2509 4096 2636 4161 Πῶς
2664 4098 2772 4169 γὰρ
2804 4097 2870 4152 ἂν
2896 4099 2993 4152 καὶ
3028 4100 3214 4154 λαῆεῑν
3241 4095 3391 4173 εῐχον
3419 4106 3568 4175 παρὰ
3595 4107 3710 4161 τῶν
3741 4107 3818 4178 μὴ

2239 4185 2498 4251 καθάπαξ
2528 4186 2840 4253 λαϐόντωνς
2875 4187 3063 4243 Ταῦτα
3093 4191 3195 4259 μὲν
3222 4192 3289 4248 ἄν
3324 4211 3409 4257 τις
3452 4198 3590 4267 πρὸς
3623 4198 3823 4253 Ἐλεύ-

2242 4295 2356 4332 σιον
2385 4279 2645 4344 ἀντιστὰς
2676 4281 2824 4336 sine:
2850 4295 2866 4312 '
2919 4283 3022 4352 τῆς
3074 4283 3130 4336 δὲ
3162 4285 3454 4354 διαλέξεως
3492 4290 3816 4359 γινομένης,

2239 4373 2320 4434 εἰς
2353 4370 2581 4442 ζήτησιν
2603 4372 2799 4444 ἐτέραν
2833 4373 3200 4431 καθίσταντοο
3230 4379 3321 4431 καὶ
3348 4380 3469 4434 ἐπεὶ
3502 4383 3567 4453 τῇ
3600 4383 3824 4438 ἐκδόσει

2240 4465 2425 4535 ὅμοιον
2452 4464 2664 4536 ἔφησαν
2835 4468 3009 4538 [largi
3058 4470 3151 4523 τὸν
3203 4471 3350 4537 λ’ἱδν,
3397 4473 3824 4529 διεπυνθάνοντο

562 4574 670 4629 que
701 4559 836 4613 tales
873 4558 1019 4612 viros
1052 4554 1359 4624 sequatur?
1398 4553 1466 4609 Et
1507 4554 1726 4609 illorum
1772 4555 1907 4612 fides
1952 4559 1997 4612 si
2044 4572 2136 4612 re-

2243 4555 2352 4609 τῶν
2381 4560 2512 4625 περὶ
2545 4553 2826 4622 Ἀκάκιον,
2884 4563 3027 4613 κατὰ
3061 4561 3111 4613 τί
3143 4563 3330 4633 ὅμοιον
3376 4567 3453 4634 τῷ
3489 4567 3661 4640 Πατρὶ
3720 4569 3822 4622 τὸν

563 4650 732 4718 proba
763 4658 870 4713 est,
911 4661 1014 4702 nec
1039 4646 1315 4701 ordinatio
1336 4660 1526 4700 eorum
1559 4648 1787 4717 prersus
1809 4664 1914 4702 non
1954 4661 2134 4719 potest

565 4744 622 4798 in
659 4741 890 4797 dubium
928 4738 1132 4796 vocari.
1177 4739 1422 4806 Namque
1449 4737 1493 4793 si
1522 4747 1649 4793 ante
1682 4738 1818 4794 istos
1851 4741 1927 4795 illi
1960 4741 2136 4813 Spiri-

562 4843 678 4890 tum
709 4843 963 4888 sanetum
987 4846 1097 4884 non
1143 4829 1411 4892 habuere,
1446 4830 1539 4900 qui
1586 4845 1683 4901 per
1723 4831 2131 4903 impositionem

561 4941 823 4983 manuum
877 4923 1111 4978 maxime
1159 4922 1335 4986 venit,
1373 4937 1552 4992 neque
1604 4923 1693 4977 isti
1726 4927 1952 4980 omnino
1990 4929 2137 4983 inter

558 5019 848 5090 episcopos
889 5024 947 5072 et
979 5013 1297 5070 sacerdotes
1330 5014 1621 5068 censendi.
1672 5014 1958 5083 Quomodo
1984 5022 2133 5075 enim

559 5110 882 5182 dignitatem
928 5108 1091 5162 talem
1141 5108 1214 5162 ab
1261 5107 1342 5162 eis
1391 5107 1645 5177 accipere
1677 5117 2002 5179 potuerunt,
2039 5115 2132 5181 qui

559 5204 707 5258 illaut
737 5215 1018 5270 nunquam
1049 5198 1395 5254 habuerint?
1422 5199 1580 5254 llisee
1619 5199 1803 5255 verbis
1839 5203 2130 5272 quisquam

557 5304 750 5350 contra
804 5291 1086 5346 Eleusium
1114 5289 1301 5343 venire
1356 5290 1645 5358 pOIIIiSSel.
1685 5290 1858 5346 Porro
1888 5293 2136 5361 disputa-

559 5386 707 5437 tione
727 5379 1135 5451 progrediente,
1152 5377 1221 5432 ad
1241 5380 1597 5450 quaestionem
1623 5378 1784 5449 aliam
1805 5396 2134 5450 pervenere.

559 5479 627 5534 Et
682 5478 944 5548 quoniam
1003 5475 1058 5528 in
1109 5473 1343 5529 formula
1403 5473 1638 5528 similem
1687 5473 1936 5529 dixerant
1983 5476 2131 5530 Patri

559 5571 785 5634 Filium,
839 5567 1024 5623 Aeacii
1079 5566 1247 5622 factio
1294 5566 1626 5636 interrogata
1656 5575 1766 5631 est,
1808 5583 2040 5637 quanam
2076 5587 2133 5624 re

560 5659 794 5716 similem
843 5660 991 5715 Patri
1049 5659 1250 5714 Filium
1306 5658 1742 5727 profiterentur?
1778 5659 1956 5727 Atque
2017 5661 2128 5722 illa,

560 5754 844 5807 voluntate
875 5750 1012 5816 sola,
1048 5765 1155 5805 non
1181 5757 1363 5804 autem
1409 5749 1739 5814 substantia,
1771 5750 2003 5804 similem
2058 5753 2137 5803 di-

560 5854 718 5902 eeute
743 5882 761 5910 ,
788 5843 880 5899 alii
905 5853 1118 5914 omnes,
1148 5842 1313 5898 etiam
1346 5841 1647 5899 substantia
1679 5841 1914 5898 similem
1946 5843 2133 5898 dicen—

2243 4651 2373 4704 Υἰδν
2403 4649 2753 4720 ὁμολογοῦσι.
2789 4650 2912 4706 Τῶν
2956 4652 3010 4706 δέ
3044 4657 3183 4707 κατᾶ
3220 4655 3479 4725 βούλησιν
3531 4661 3717 4728 μόνον,
3755 4664 3819 4714 οὐ

2243 4743 2352 4813 μὴν
2373 4742 2431 4796 δέ
2462 4742 2559 4795 καὶ
2589 4742 2732 4796 κατὰ
2760 4743 2859 4813 τὴν
2885 4745 3075 4798 οὺσίιν
3106 4747 3248 4814 ἔχειν
3270 4749 3332 4801 τὺ
3355 4751 3565 4820 ὅμοιον.
3591 4753 3638 4804 οἰ
3659 4751 3822 4807 ἁλλοι

2236 4835 2442 4898 πάντες
2475 4835 2568 4889 καὶ
2599 4837 2745 4890 κατά
2769 4838 2873 4907 τὴν
2899 4837 3092 4894 οὐσίαν
3121 4841 3312 4910 ὅμοιον
3345 4845 3691 4913 ἰσχυρίζοντο
3723 4846 3822 4899 λέ-

2237 4943 2376 4996 γειν.
2407 4925 2522 4979 Καὶ
2545 4926 2675 4997 περὶ
2708 4926 2902 4980 τούτου
2929 4928 3044 4997 ἔρις
3079 4929 3311 5003 πλείστη
3339 4932 3408 4987 δι’
3435 4935 3566 5005 ὅλης
3593 4935 3821 5006 ἡμέρας

2237 5019 2470 5087 ἐγίνετο.
2515 5019 2849 5090 Ἐξήλιγχόν
2876 5037 2938 5074 τε
2969 5024 3063 5076 καὶ
3113 5024 3281 5078 αὖτ”ν
3331 5026 3589 5082 ’Δκάκιον
3614 5029 3695 5093 ὡς
3727 5031 3823 5103 εἴη

2235 5110 2510 5179 διαφόρως
2540 5111 2759 5183 γράψας
2790 5113 2850 5165 ἐν
2897 5114 3009 5177 τοῖς
3038 5115 3206 5169 αὐτοῦ
3233 5115 3437 5186 λόγοις,
3469 5118 3564 5183 οὓς
3594 5121 3693 5175 καὶ
3721 5124 3822 5176 lx-

2233 5203 2488 5268 δέδωκεν,
2537 5205 2725 5274 ὅμοιον
2770 5207 2912 5262 κατὰ
2975 5209 3152 5262 πάντα
3194 5209 3274 5280 τῷ
3321 5213 3492 5282 “arpi
3538 5213 3630 5267 τὸν
3682 5215 3822 5270 Υἰδν

2237 5293 2432 5357 εἰπὼν,
2481 5296 2577 5350 καὶ
2609 5296 2811 5367 ὁμοίως
2849 5297 3097 5363 δοξάζειν
3155 5301 3361 5364 αὐτοῖς.
3413 5306 3525 5359 Καὶ
3557 5305 3653 5361 νῦν
3696 5309 3822 5373 πῶς

2239 5387 2401 5456 ἀρνῇ,
2438 5387 2646 5456 ελεγον,
2682 5389 2742 5441 τὸ
2790 5389 2915 5443 κατ’
2942 5390 3136 5445 οὐσίαν
3185 5393 3414 5462 ὄμοιονς
3455 5395 3514 5449 ’0
3541 5398 3620 5461 δὲ,
3669 5400 3819 5454 Οὔτε

2237 5480 2355 5540 νέος
2386 5496 2493 5541 τις,
2519 5481 2645 5531 οὔτε
2680 5497 2764 5542 τις
2802 5481 2910 5532 τῶν
2935 5482 3183 5552 ἀρχαίων
3217 5485 3324 5537 ἀπὸ
3356 5489 3819 5558 συγγραμμάτων

2237 5569 2467 5631 εὐθύνας
2519 5572 2665 5640 ἔσχε.
2700 5574 2808 5625 Καὶ
2861 5572 3037 5643 ἔριδος
3078 5576 3343 5647 πλείστης
3394 5581 3817 5649 ἁναπτομὲνης,

2237 5662 2389 5723 τέλος
2417 5666 2445 5716 ὁ
2476 5665 2717 5727 Κυζίκου
2761 5664 3058 5731 Ἐλεύσιος,
3099 5668 3162 5719 Εἰ
3190 5669 3291 5737 μὲν
3347 5670 3646 5732 Βασίλειος,
3677 5669 3818 5741 εφη,

2237 5755 2271 5825 ἢ
2305 5756 2530 5828 Μάρκος
2591 5758 2712 5810 τινὰ
2747 5758 2869 5810 καθ’
2909 5762 3138 5825 ἑαυτοὺς
3191 5764 3531 5832 πεπραχότες
3580 5765 3749 5827 εἰσὶν,
3784 5767 3819 5835 ἢ

2239 5848 2330 5900 ἐπί
2363 5866 2500 5901 τισιν
2535 5849 2683 5916 litat;
2735 5852 2987 5923 ἀλληλοις
3043 5855 3530 5925 ἀντεγκαλοῦντες,
3564 5855 3726 5908 οὐδὲν
3757 5859 3828 5912 τὸ
