4072 6212
409 259 513 327 459

1634 263 2054 325 NiCEPllOlll
2103 262 2451 326 CALLISTI

3545 254 3650 320 460

408 380 524 433 lare
576 375 759 434 debet.
842 376 1140 434 Felicitatis
1196 378 1358 444 loco,
1430 377 1534 435 viri
1591 380 1976 447 Alexandrini,

2084 380 2248 452 ip:th
2272 381 2401 452 ὑμῖν
2427 379 2635 434 ἔννοιαν
2677 375 2967 444 ἁποσώζω.
3006 378 3081 433 Τὸ
3111 376 3219 449 γὰρ
3262 374 3361 449 τῆς
3399 373 3650 443 ἐξουσίας

407 473 614 525 dtu-exe
674 471 927 541 potestis,
978 470 1125 541 quod
1181 470 1447 528 delictum
1486 473 1593 531 hoc
1634 484 1880 531 vestrum
1919 476 1975 529 in

409 561 633 631 imperii
660 564 765 617 mei
796 571 1043 633 tempora
1074 563 1262 618 incidit
1295 583 1308 619 :
1338 564 1429 634 qui
1463 573 1688 636 propter
1719 580 1983 621 reveren-

413 658 542 710 tiam
604 670 735 726 erga
777 654 969 723 Deum,
1016 665 1072 711 et
1118 666 1346 728 propter
1401 640 1785 729 cognominem
1840 658 1975 713 tnihi

409 749 766 815 avunculum,
800 748 895 818 qui
933 747 1171 821 Egypto
1208 760 1265 806 et
1312 751 1434 805 urbi
1466 762 1661 805 ves-tne
1708 767 1832 806 cum
1869 751 1975 805 im~

398 839 567 910 .pcrio
597 841 837 911 praefuit,
867 841 1172 897 fraternam
1217 857 1344 913 erga
1400 858 1497 897 vos
1530 842 1972 899 benevolentiam

409 943 702 985 conservo.
731 929 851 986 Non
877 933 1025 986 enim
1060 932 1323 1004 populum
1357 934 1595 1004 aliquem
1618 934 1821 989 audere
1845 951 1975 989 con-

412 1025 587 1089 venit,
620 1015 962 1094 potestatein"
1006 1041 1301 1093 summam,
1362 1042 1487 1096 qua:
1541 1028 1825 1083 contemni
1867 1044 1976 1083 non

411 1117 597 1183 debet,
626 1128 683 1173 et
715 1119 1066 1175 senrimtem
1093 1119 1590 1192 sinceritatemque
1620 1123 1840 1193 imperii
1880 1123 1978 1178 ob-

411 1212 573 1277 tinet,
610 1212 901 1281 despicere
934 1228 1046 1267 :ne
1096 1212 1463 1268 temeritatem
1518 1224 1748 1278 tantam,
1816 1216 1977 1270 sicuti

411 1320 630 1374 gravem
685 1305 925 1376 aliquem
997 1307 1275 1370 morbum,
1342 1307 1625 1363 acerbiore
1678 1324 1976 1379 repurgare

412 1415 551 1467 opus
588 1399 663 1455 sit
705 1400 975 1455 remedio.
1021 1398 1270 1457 Exhibeo
1303 1411 1487 1456 autem
1525 1411 1579 1456 et
1613 1418 1862 1474 propono
1888 1419 1981 1458 vo-

2080 474 2555 544 ἁκαταφρόνητον,
2586 476 2682 530 καὶ
2725 474 2785 527 τὸ
2840 473 3218 544 ἀπηνέστερον
3266 472 3362 525 καὶ
3403 468 3650 540 καθαρὸν

2076 569 2180 641 τῆς
2212 567 2411 639 ἀρχῆς,
2440 566 2630 621 οὓποτ’
2672 568 2739 621 ἂν
2778 567 2954 636 δήμου
2990 566 3260 633 περιιδεῖν
3283 564 3538 633 τόλμημα
3574 563 3649 632 μὴ

2036 727 2045 737 ,
2078 662 2333 735 καθάπερ
2387 662 2604 733 νόσημα
2638 659 2897 731 χαλεπὸν,
2956 658 3271 732 πικροτέρῳ
3311 654 3649 728 διακαθᾶραι

2078 760 2378 829 φαρμάκῳ.
2409 756 2448 808 [1
2459 757 2714 825 ροσφὲρω
2742 754 2800 808 δι
2832 752 2944 821 ἐγὼ
2972 753 3102 824 ὑμῖν
3125 752 3191 806 δι’
3220 752 3405 824 ἇσπερ
3423 750 3651 822 ἔναγχος

2080 848 2221 919 ἔφην
2269 847 2468 912 αἰτίας,
2506 849 2570 900 τὸ
2636 847 3104 919 προσηνέστατον,
3168 843 3497 916 παραίνεσιν
3552 844 3650 898 καὶ

2082 941 2274 1012 λόγους
2301 956 2313 970 ·
2348 941 2434 1012 ἐφ’
2460 934 2535 995 ὧν
2566 934 2628 994 εὖ
2667 936 2765 993 οἷδ’
2792 941 2875 993 ὅτι
2911 936 3279 1007 πεισθήσεσθε
3314 937 3541 1009 μᾶλλον,
3569 933 3649 988 εῖο

2078 1051 2186 1104 περ
2218 1034 2365 1100 ἐστὶ,
2421 1032 2677 1105 καθάπερ
2734 1031 2943 1099 ἀκούω,
2992 1031 3054 1085 τὸ
3085 1030 3316 1103 ἀρχαῖον
3338 1028 3603 1098 Ἕλληνες
3627 1042 3647 1061 ·

2076 1128 2126 1181 εί
2167 1126 2351 1180 καὶτὰ
2382 1125 2478 1179 νῦν
2499 1125 2589 1179 ἐπὶ
2637 1124 2739 1196 τῆς
2793 1123 3076 1194 εὐγενείας
3127 1123 3347 1191 ἐκείνης
3408 1119 3637 1175 ὕπεστιν

2078 1221 2209 1291 ὑμῖν
2237 1219 2517 1289 ἀξιόλογος
2550 1218 2646 1274 καὶ
2689 1218 2936 1289 γενναῖος
2969 1216 3028 1270 ἐν
3076 1219 3143 1289 τῇ
3180 1214 3391 1286 διανοίᾳ
3416 1214 3651 1277 καὶτοῖς

2078 1312 2517 1382 ἐπιτηδεύμασιν
2547 1313 2575 1366 ό
2623 1311 2939 1382 χαρακτήρ.
2974 1310 3302 1381 Προτεθητω
3333 1310 3447 1374 τοῖς
3498 1306 3651 1378 ἐμοῖς

2079 1406 2325 1468 πολίταις
2368 1402 2802 1475 Ἀλεξανδρεῦσι.
2838 1420 2858 1455 s

416 1496 523 1558 his,
555 1494 627 1549 ob
659 1509 751 1549 eas
785 1509 925 1564 quas
959 1494 1120 1550 modo
1156 1495 1270 1550 dixi
1310 1511 1531 1559 causas,
1560 1511 1825 1568 perquam
1898 1498 2111 1570 placide
2172 1500 2620 1556 cohortationem
2680 1508 2737 1554 et
2770 1496 2964 1563 verba,
2998 1496 3204 1568 quibus
3256 1510 3355 1550 vos
3384 1497 3651 1568 (satsclo)

410 1589 919 1662 pchUiithbimilli:
954 1589 1253 1661 siquidem,
1307 1600 1366 1646 ut
1416 1591 1605 1657 audio,
1660 1592 1730 1647 ab
1765 1593 1979 1665 origine
2016 1593 2190 1651 Graeci
2260 1594 2415 1659 estis,
2457 1603 2623 1666 atque
2688 1606 2838 1649 nunc
2867 1590 3035 1648 etiam
3070 1606 3138 1647 es
3166 1591 3338 1647 veteri
3369 1590 3458 1645 illa
3492 1588 3653 1643 uobi-

419 1690 576 1743 litate
634 1690 689 1744 in
741 1687 944 1743 animis
999 1688 1310 1760 studiisque
1355 1690 1554 1745 vestris
1626 1690 1893 1762 impressa
1941 1701 2027 1748 est
2066 1693 2297 1766 insignis
2348 1692 2531 1765 aliqua
2610 1701 2665 1748 et
2708 1704 2974 1765 generosa
3022 1687 3258 1747 indoles.
3306 1687 3655 1758 Proponatur

410 1786 628 1842 civibus
652 1784 793 1841 meis
821 1782 1227 1842 Alexandrinis.
1269 1802 1289 1832 ι

484 1881 592 1953 22
647 1879 741 1937 Sic
791 1879 1092 1950 imperator
1133 1880 1341 1952 scripto
1372 1881 1477 1938 isto
1507 1895 1614 1937 non
1642 1882 1980 1939 Christianis

2158 1880 2271 1935 Kal.
2322 1881 2350 1933 ό
2407 1878 2509 1947 μὲν
2542 1875 2798 1948 βασιλεὺς
2828 1871 3057 1931 τοιαῦτα
3103 1872 3356 1945 γράφων,
3393 1871 3535 1927 ἔοικε
3577 1874 3655 1946 μὴ

413 1972 588 2043 magis
642 1986 807 2042 quam
862 1970 1237 2027 Alexandrino
1290 1972 1515 2043 populo,
1574 1988 1797 2029 causam
1855 1976 1977 2047 ejus

412 2064 579 2121 raedis
615 2064 893 2120 ascribere
924 2063 1162 2119 videtur.
1199 2065 1276 2119 De
1313 2064 1517 2121 Iuliani
1561 2077 1768 2131 autem,
1814 2068 1978 2138 cuius

418 2157 583 2213 modo
631 2156 1010 2221 meminimus,
1055 2154 1290 2219 Saevitia,
1342 2157 1458 2211 haec
1507 2157 1779 2213 feruntur.
1838 2158 1975 2215 Cum

416 2251 465 2305 is
495 2248 755 2305 Ecclesia:
797 2247 1159 2303 Antiochenae
1211 2248 1475 2305 mundum
1516 2260 1682 2320 atque
1720 2260 1976 2306 ornatum

416 2341 702 2413 permagni
734 2341 899 2413 pretii
930 2340 1176 2402 auferre.
1199 2349 1257 2397 et
1290 2341 1671 2413 imperialibus
1704 2343 1980 2400 thesauris

412 2434 642 2500 inferre,
691 2452 756 2490 ac
805 2436 1010 2507 templa
1045 2437 1471 2508 orationumque
1501 2436 1697 2492 domos
1724 2435 1982 2492 ﬁdelibus

413 2525 671 2581 claudere
720 2527 1111 2583 constituisset
1157 2546 1169 2580 :
1221 2528 1404 2582 clerus
1461 2525 1682 2598 quidem
1735 2527 1981 2597 reliquus

383 2619 678 2692 profugit,
722 2619 878 2675 solus
915 2628 1098 2675 autem
1133 2618 1523 2675 Theodoretus
1562 2620 1639 2690 (l)
1692 2620 1979 2690 presbyter

414 2711 494 2769 ibi
532 2712 853 2783 permansit.
900 2711 1055 2767 lluuc
1089 2712 1237 2785 quod
1285 2728 1570 2768 sacrorum
1616 2712 1979 2768 denariorum

415 2818 605 2863 custos
654 2817 827 2872 esset,
884 2814 942 2863 et
988 2806 1236 2863 indicare
1285 2822 1374 2873 ea,
1421 2806 1467 2864 si
1510 2808 1714 2871 vellet,
1770 2814 1978 2878 posset,

415 2898 677 2970 quodque
724 2898 776 2952 vi
833 2898 1055 2955 admota
1109 2898 1166 2954 id
1214 2898 1397 2955 facere
1455 2900 1646 2963 nollet,
1696 2910 1978 2969 arreptum

414 2990 718 3045 crudeliter
744 2987 1114 3054 escruciavit,
1154 2998 1211 3045 et
1256 2998 1538 3061 postremo
1562 2989 1743 3062 gladio
1772 2991 1978 3046 intere-

417 3084 518 3138 mit
553 3100 567 3137 :
604 3098 731 3139 cum
770 3083 996 3153 quidem
1026 3081 1093 3139 ad
1122 3083 1383 3154 quaelibet
1414 3082 1684 3138 intentata
1732 3082 1837 3138 sibi
1868 3093 1982 3139 tor-

419 3187 605 3234 menta
634 3190 917 3248 generosa:
966 3177 1169 3233 mentis
1220 3191 1547 3247 responsum
1598 3177 1865 3241 dedisset,
1925 3186 1982 3233 et

2084 1973 2439 2044 Χριστιανοῖς
2473 1970 2679 2040 μᾶλλον
2732 1969 2766 2041 ἢ
2804 1968 2880 2039 τῷ
2920 1970 3079 2039 δήμῳ
3118 1966 3220 2035 τῆς
3258 1965 3657 2038 Ἀλεξανδρέων

2085 2067 2184 2138 τὴν
2216 2066 2398 2119 αἰτίαν
2446 2062 2764 2118 ἀνατ.θεί;’
2812 2062 2943 2133 περὶ
2999 2060 3058 2114 δέ
3097 2059 3194 2130 τῆς
3238 2061 3507 2128 ἀπηνείας
3557 2059 3653 2114 τοῦ

2088 2156 2488 2227 προειρημένου
2508 2151 2799 2207 Ἰουλιανοῦ
2831 2152 2927 2205 καὶ
2956 2151 3081 2205 τάδε
3113 2150 3247 2219 φασί
3274 2166 3288 2181 ’
3326 2149 3653 2220 βουλομένου

2084 2252 2195 2320 γὰρ
2221 2247 2384 2301 αὑτοῦ
2422 2249 2509 2300 τὸν
2564 2249 2766 2316 κόσμον
2812 2247 2912 2314 τῆς
2959 2242 3283 2315 Ἀντιοχέων
3322 2244 3655 2314 Ἐκκλησίας

2086 2341 2356 2412 πολυτελῆ
2391 2357 2454 2410 γε
2485 2340 2615 2393 ὄντα
2666 2337 3008 2409 μεταθεῖναι,
3055 2336 3152 2390 καὶ
3199 2337 3314 2399 τοῖς
3349 2334 3656 2406 βασιλικοῖς

2087 2434 2383 2506 θησαυροῖς
2410 2434 2651 2497 ἐντάξαι.
2675 2432 2773 2485 καὶ
2803 2431 2928 2493 τοὺς
2948 2428 3272 2500 εὐκτηρίους
3290 2428 3347 2482 6's
3367 2426 3476 2481 τῶν
3491 2430 3657 2482 οίκων

2086 2529 2197 2591 τοῖς
2237 2527 2446 2587 πιστοῖς
2474 2523 2825 2585 ἀποκλεῖσαι,
2855 2523 2984 2586 τοὺς
3020 2521 3119 2592 μὲν
3161 2520 3357 2584 ἄλλους
3383 2519 3489 2573 τῶν
3525 2519 3658 2591 κλη-

2087 2622 2260 2693 pixth
2288 2617 2500 2673 ἀπιδεῖν
2519 2657 2535 2682 ,
2574 2621 2734 2687 μόνον
2764 2616 2822 2670 δέ
2856 2614 3207 2688 θεοδὼρητον
3232 2614 3323 2669 τὸν
3350 2613 3654 2686 πρεσδύτεο

2092 2729 2184 2784 ρον
2222 2710 2297 2781 μὴ
2330 2709 2545 2764 ἐὶέσθαι
2574 2710 2672 2779 τὴν
2705 2706 3082 2779 ὑποχώρησιν.
3117 2705 3319 2760 Τοῦτον
3352 2704 3407 2758 δέ
3439 2702 3653 2775 φύλακα

2087 2805 2219 2860 δντα
2247 2804 2354 2857 τῶν
2384 2802 2689 2875 κειμηλίων
2722 2800 2819 2855 καὶ
2850 2797 3240 2871 καταμηνύσαι
3283 2798 3457 2852 ταῦτα
3500 2797 3655 2851 δυνά-

2092 2914 2256 2968 μενον
2276 2937 2292 2965 ,
2317 2896 2441 2949 ἐπεὶ
2465 2894 2541 2966 μὴ
2566 2893 2715 2948 τοῦθ’
2744 2894 2931 2966 ᾑρεῖτο
2972 2891 3382 2961 ἐκϐιαζόμενος,
3412 2893 3491 2954 είς
3546 2892 3654 2961 xei-

2092 3005 2188 3059 ρας
2210 2985 2415 3053 λαϐὼν,
2463 2985 2686 3059 ᾐκίζετο
2735 2983 2982 3056 ἀπηνῶς.
3018 2982 3189 3047 Τέλος
3220 2982 3280 3037 δέ
3322 2983 3418 3039 καὶ
3445 2982 3537 3037 τὸν
3566 2981 3657 3036 διὰ

2090 3081 2280 3153 ξίφους
2313 3079 2491 3152 ἐπῆγε
2519 3079 2771 3144 θάνατον,
2800 3076 3057 3147 γενναίαν
3083 3076 3170 3146 ἐφ’
3204 3074 3412 3149 ἑκάστη
3436 3072 3657 3147 βασάνῳ

2088 3183 2189 3251 τὴν
2221 3178 2515 3248 ἀπόκρισιν
2548 3175 2968 3249 προϊσχόμενον,
3004 3171 3273 3245 ἀνδρείως
3299 3188 3359 3224 τε
3397 3170 3541 3242 ὑπὲρ
3559 3166 3654 3223 τοῦ

417 3268 496 3326 ita
532 3278 595 3324 ut
620 3268 803 3325 virum
832 3268 1017 3332 decet.
1064 3284 1164 3340 pro
1192 3269 1447 3340 dogmate
1494 3269 1852 3325 decertassct.
1887 3270 1980 3327 Ju-

2085 3273 2351 3344 δόγματος
2379 3270 2864 3342 διαγωνιζόμενον.
2891 3266 2977 3322 Τὰ
3005 3266 3065 3323 δέ
3099 3264 3271 3337 σκεύη
3298 3263 3654 3335 ληϊσάμενος,

415 3363 602 3419 liatttts
628 3376 784 3417 sacra
817 3376 944 3418 vasa
982 3360 1219 3433 direpta,
1256 3372 1313 3416 et
1353 3363 1472 3417 solo
1507 3363 1671 3427 illisa,
1716 3379 1811 3433 per
1843 3364 1985 3419 ludi-

420 3456 602 3511 brium
640 3454 761 3511 risit
797 3472 811 3508 :
848 3464 1017 3529 atque
1062 3456 1154 3512 ubi
1204 3472 1327 3528 qua}
1372 3457 1546 3512 voluit
1594 3457 1984 3529 blasphemans

419 3551 474 3607 in
502 3549 780 3608 Christum
811 3550 974 3617 dixit,
1002 3552 1222 3608 tandem
1265 3552 1657 3608 contumeliam
1695 3564 1981 3617 aucturus,

417 3657 587 3715 super
638 3644 722 3700 eis
774 3644 1049 3701 consedit.
1111 3642 1363 3701 Vindicta
1417 3655 1601 3700 autem
1656 3646 1844 3701 statim
1900 3654 1986 3701 est

417 3737 734 3792 subsecuta.

1002 3847 1229 3908 caper
1263 3809 1401 3907 VIII.

425 3940 497 3996 De
527 3939 770 4007 Eusebio,
804 3940 1031 3996 Natalia
1058 3950 1106 3996 et
1155 3938 1367 3996 Zenone
1396 3941 1672 4012 Iratribus,
1706 3941 1796 4010 qui
1828 3938 1986 3999 Gaza:

491 4013 805 4083 martyrium
831 4014 1191 4067 sustinuerunt
1221 4028 1241 4068 :
1278 4015 1421 4066 etde
1458 4021 1642 4069 sancto
1685 4013 1985 4081 Hilarioue,

492 4083 870 4141 miraculorum
900 4084 1117 4139 euitare.

490 4192 950 4266 Quandoquidem
1001 4211 1071 4251 eo
1117 4211 1239 4253 sum
1285 4199 1541 4253 oratione
1582 4206 1894 4268 provectus,
1929 4205 1989 4253 ut

419 4287 644 4358 Georgii
708 4297 767 4343 et
827 4289 1166 4346 Theodoreti
1213 4290 1421 4346 caedem
1479 4291 1985 4357 commcmorarim,

419 4381 653 4435 aliarum
691 4395 915 4451 quoque
950 4383 1292 4438 mentionem
1341 4383 1524 4439 facere
1573 4385 1750 4439 visum
1799 4395 1905 4453 est,
1934 4395 1990 4441 ct

422 4492 475 4528 Itt
502 4476 695 4547 primis
718 4474 966 4542 Eusebii,
992 4476 1339 4550 Nestabiti),
1368 4488 1424 4533 et
1448 4478 1689 4536 Zenonis
1709 4478 1941 4535 fratrum
1971 4496 1986 4534 :

2086 3366 2181 3419 καὶ
2215 3365 2293 3436 τῷ
2323 3364 2511 3435 ἐδάφει
2558 3362 2698 3417 αὐτὰ
2737 3361 3208 3435 προσαρῤἁσσων,
3252 3355 3493 3422 ἐτώθαζε
3515 3371 3531 3388 ο
3562 3358 3654 3409 καὶ

2087 3459 2428 3531 βλασφημῶν
2470 3458 2573 3512 ὅσα
2607 3473 2673 3528 γε
2704 3450 2773 3528 ἦν
2823 3454 3160 3528 βουλομένῳ,
3200 3451 3459 3526 Χριστὸν,
3502 3449 3653 3513 suo;

2086 3554 2339 3620 ἐπαύξων
2374 3554 2473 3627 τὴν
2509 3551 2688 3627 ὕδριν,
2713 3550 2802 3607 ἐπ’
2835 3550 3017 3607 αὐτῶν
3044 3548 3293 3617 ἐκάθιζε.
3330 3549 3441 3606 Καὶ
3467 3549 3502 3620 η
3527 3545 3653 3619 δίκη

2086 3648 2250 3716 εὐθὺς
2280 3648 2487 3711 είπετο.

2693 3814 2943 3905 ascita.
2976 3846 3057 3905 H'.

2088 3945 2231 4016 Περὶ
2266 3945 2386 3999 τῶν
2424 3944 2496 4000 ἐν
2544 3941 2703 4013 Γάζῃ
2735 3940 3275 4016 μαρτυρησᾴντωῃ,
3333 3941 3659 4016 Ερσεσίου,

2158 4010 2491 4080 Νεστάὄου,
2546 4010 2976 4081 aufidum-07c
3026 4010 3148 4068 τῶν
3190 4010 3506 4081 ἀδελφῶν·
3557 4013 3656 4081 καί

2159 4090 2290 4158 περὶ
2314 4087 2422 4141 τοῦ
2455 4086 2629 4157 ἁγίου
2668 4080 3014 4156 Ἰλαρίωνος
3041 4082 3150 4139 τοῦ
3171 4080 3656 4153 Θαυματουργοῦ.

2172 4203 2327 4257 Ἐπεὶ
2353 4201 2410 4258 δέ
2436 4203 2516 4267 εἰς
2549 4198 2710 4255 τοῦτο
2754 4197 3064 4270 προήχθην,
3100 4198 3197 4251 καὶ
3243 4197 3345 4270 τὴν
3373 4196 3655 4269 Γεωργίου

2090 4298 2185 4354 καὶ
2206 4297 2571 4368 Θεωδωρήτου
2605 4295 2889 4367 ἀναίρεσιν
2916 4291 3196 4364 διεξῆλθον
3219 4330 3234 4356 ,
3266 4291 3493 4362 εὔλογον
3516 4290 3659 4347 εἷναί

2062 4393 2067 4397 ’
2093 4410 2183 4464 μοι
2204 4392 2355 4446 δοκεῖ
2386 4394 2482 4447 καὶ
2509 4389 2689 4446 ἄλλων
2727 4389 2954 4461 μνήμην
2991 4385 3351 4459 ποιήσασθαι,
3382 4386 3475 4440 καὶ
3524 4386 3661 4458 μᾶλ-

2090 4490 2181 4544 λον
2213 4488 2477 4544 Εὑσεῦίου
2512 4486 2608 4542 καὶ
2640 4484 2928 4541 Νεστάὄου
2957 4481 3053 4539 καὶ
3081 4482 3330 4554 Ζήνωνος
3356 4483 3470 4537 τῶν
3499 4481 3660 4538 ἀδελ⁸

418 4582 562 4637 quos
590 4566 909 4624 Gazteorum
946 4570 1186 4642 populus
1214 4570 1282 4627 de
1313 4572 1643 4643 templorum
1697 4574 1980 4629 eversione

422 4668 471 4682 Α·
505 4659 703 4682 ΙἾ-μ-..
735 4662 1150 4682 Α----μ-ιξι2Α,-2-
1189 4664 1401 4682 ,ι-Ιξιρ-
1434 4681 1439 4682 ,
1463 4679 1476 4682 -
1530 4681 1535 4682 ,
1564 4680 1608 4682 ,Α
1666 4680 1677 4682 _
1725 4676 1736 4682 -
1882 4681 1886 4682 ,
1946 4665 1956 4678 ι

2093 4583 2210 4652 φῶν
2233 4597 2246 4613 ο
2268 4578 2363 4644 οὓς
2390 4582 2418 4635 ό
2441 4579 2555 4635 τῶν
2583 4578 2832 4644 Γαζαίων
2858 4576 3049 4648 δῆμος,
3082 4576 3180 4631 ἐπὶ
3205 4576 3523 4647 καθαιρέσει
3547 4577 3660 4631 τῶν

417 4668 476 4716 ct
504 4659 705 4716 Graecae
731 4662 1154 4733 superstitionis
1183 4664 1486 4723 abolitione
1520 4676 1829 4734 accusatos,
1879 4665 1990 4736 pri-

420 4769 573 4810 mum
627 4754 680 4809 in
731 4756 896 4812 domo
952 4758 1192 4828 quadam
1251 4757 1357 4813 sub
1410 4760 1662 4815 custodia
1715 4760 1983 4826 habuere,

416 4846 621 4904 t'eittde
665 4848 851 4919 ﬂagris
903 4864 1078 4906 cassos
1134 4851 1348 4906 carceri
1399 4852 1768 4908 incluserunt.
1828 4853 1985 4908 Post-

420 4943 643 5000 m‘idum
672 4958 800 5000 cum
828 4944 923 4999 diu
955 4946 1300 5019 multumque
1339 4947 1391 5001 in
1428 4947 1643 5002 theatro
1696 4949 1990 5004 discurris-

419 5046 575 5103 sent,
628 5046 720 5102 et,
777 5038 922 5108 quod
985 5040 1181 5110 vulgus
1229 5040 1413 5095 facere
1469 5044 1783 5106 consuevit,
1841 5042 1986 5100 alius

420 5131 590 5185 alium
637 5132 991 5195 concitasset,
1042 5132 1325 5187 loribundi
1371 5133 1426 5187 in
1472 5149 1750 5190 carcerem
1798 5137 1980 5192 irrue-

422 5231 572 5286 ruttt,
621 5233 679 5278 et
728 5225 879 5279 viros
933 5224 1058 5280 inde
1108 5226 1413 5295 productos
1455 5227 1843 5283 crudelissime
1882 5245 1982 5285 ne-

423 5328 640 5382 carunt,
685 5318 990 5388 prsccipitcs
1022 5332 1187 5390 atque
1219 5328 1447 5390 supinos
1478 5324 1785 5385 trahentes,
1816 5332 1984 5393 atque

422 5407 489 5462 ad
518 5424 644 5463 saxa
677 5410 953 5464 illidentes
988 5427 1002 5465 :
1034 5418 1089 5465 ct
1119 5411 1209 5465 alii
1240 5411 1499 5475 fustibus,
1544 5411 1635 5465 alii
1681 5412 1982 5481 lapidibus,

422 5500 515 5555 alii
565 5518 687 5572 qua:
736 5518 859 5557 sors
908 5504 1128 5571 obtulit,
1180 5504 1305 5560 telis
1365 5505 1489 5559 aliis
1537 5506 1978 5560 divcrhcrantes.

419 5594 689 5650 Dicuntur
720 5598 984 5655 mulieres
1009 5614 1229 5669 quoque
1261 5615 1290 5653 a
1317 5598 1561 5654 laniﬁcio
1593 5612 1980 5665 excurrctites,

494 5765 566 5836 (ί)
597 5763 757 5835 Apud
784 5762 1001 5819 Sozam.
1034 5763 1328 5819 Theodorus
1364 5763 1696 5822 nominatur.

2094 4674 2276 4746 ίερῶν,
2324 4674 2420 4729 καὶ
2471 4671 2707 4743 ἀφανείᾳ
2754 4670 2849 4725 τοῦ
2888 4668 3252 4742 Ἑλληνισμοῦ
3309 4669 3653 4743 αἰτιώμενοι,

2091 4766 2338 4837 συνεῖχον
2368 4764 2436 4818 τὰ
2465 4762 2659 4835 πρῶτα
2693 4761 2782 4816 ἐπ’
2824 4758 2974 4816 οἴκου
3009 4759 3457 4832 φυλαττομένους
3477 4800 3494 4822 .
3534 4755 3658 4815 εἶτα

2087 4859 2153 4931 δὴ
2186 4861 2281 4914 καὶ
2314 4857 2585 4931 μάστιγας
2610 4855 2917 4922 ἐπιθέντες,
2947 4854 3312 4927 δεσμωτηρίῳ
3336 4854 3656 4926 καθείργον.

2093 4953 2328 5007 Ἔπειτα
2364 4950 2457 5006 ἐπὶ
2514 4949 2746 5021 θεάτρου
2792 4947 3023 5003 πλεῖστα
3069 4949 3536 5021 καταδραμόντες,
3566 4942 3659 5003 aii

2092 5063 2154 5116 γε
2192 5046 2363 5117 δῆμος
2402 5043 2549 5114 φιλεῖ
2592 5044 2880 5115 πράττειν,
2922 5040 3187 5112 ἀλλήλους
3236 5040 3657 5112 παραθήξαντες

2093 5136 2269 5209 θυμοῦ
2298 5138 2548 5210 πλήρεις,
2572 5137 2633 5191 τὸ
2654 5138 3027 5207 δεσμωτήριον
3059 5134 3385 5189 κατέλαϐον·
3414 5134 3504 5187 καὶ
3530 5136 3657 5197 τοὺς

2092 5229 2315 5301 ἄνδρας,
2345 5228 2553 5282 ἐκεῖθεν
2582 5228 2965 5298 ἐξαγαγόντες,
2986 5226 3249 5297 ὠμότατα
3272 5225 3655 5296 διεχρήσαντο,

2092 5325 2322 5394 πρηνεῖς
2352 5322 2444 5377 καὶ
2489 5322 2715 5386 ὑπτίους
2747 5320 3022 5387 ῑλκοντες,
3066 5320 3163 5375 καὶ
3205 5317 3657 5390 προσρηγνύντες

2088 5420 2202 5482 τιῐς
2255 5417 2460 5480 λίθοις·
2518 5419 2614 5472 καὶ
2651 5417 2702 5470 οῖ
2762 5416 2861 5489 μέν
2893 5412 3095 5481 ξύλοις.
3136 5414 3186 5466 οί
3216 5412 3271 5467 δὲ
3308 5411 3497 5475 λίθοις,
3533 5410 3585 5464 ei
3610 5406 3660 5463 δ’

2092 5510 2242 5564 ἄλλοι
2269 5510 2395 5566 ἄλλο
2422 5527 2475 5563 τι
2499 5512 2526 5564 ὅ
2549 5526 2601 5566 τι
2620 5508 2775 5582 τύχοι
2792 5508 3309 5581 κρατῶν,παίοντες.
3328 5504 3573 5574 Ἐλέγετό
3594 5519 3659 5573 γε

2095 5606 2201 5676 μὴν
2228 5608 2323 5659 καὶ
2371 5608 2640 5674 γυναῖκας
2666 5605 2774 5657 τῶν
2807 5603 2974 5659 ἱστῶν
2998 5602 3249 5671 ἐξιούσας
3280 5605 3401 5668 ταῖς
3435 5599 3657 5673 κερκίσι

2163 5765 2239 5837 (2)
2273 5764 2605 5823 Theodorct.
2636 5766 2803 5824 habet
2835 5764 3168 5825 Nectarium.
