4128 6216
488 297 592 360 5Ξ3

1705 289 2141 356 NICEPIIORI
2180 284 2527 352 CALLISTI

3657 275 3758 342 524

483 413 935 489 frequentissima
983 418 1168 478 esset,
1225 409 1466 483 ingredi.
1511 406 1576 462 Et
1623 406 1943 463 advenienti
1998 404 2061 461 ei.

2180 402 2274 458 τοῦ
2307 403 2413 457 νεὼ
2448 404 2676 466 στάντα,
2710 399 2806 472 τὴν
2837 400 3042 456 εἴσοδον
3078 395 3428 468 διατειχίζειν
3456 390 3628 465 αὖτῷ,
3661 398 3757 461 φά-

484 513 778 572 hierarcha
812 510 879 565 ad
919 507 1108 578 templi
1141 506 1481 563 vestibulum
1522 514 1731 565 astans,
1763 502 2076 570 ingressum

482 603 804 678 praeclusit:
855 617 914 657 se
959 615 1060 670 pro
1107 595 1247 652 virili
1290 613 1388 652 sua
1433 595 1712 651 aﬂirmans
1755 609 1867 648 non
1920 607 2075 648 coni-

483 701 822 759 Inissurum,
853 707 908 749 ut
941 693 1006 748 ad
1048 707 1265 764 gregem
1300 691 1488 761 lupum
1538 688 1941 760 ingredientem
1993 687 2077 741 iti-

484 803 734 850 tueatur.
784 789 965 859 Atque
999 787 1089 841 ille
1120 787 1304 842 statim
1340 784 1564 857 quidem
1608 792 1792 853 empto
1828 779 2074 846 destitit;

480 886 803 956 episcojium
837 890 1022 936 autem
1055 881 1297 950 primum
1331 879 1400 933 de
1435 885 1584 932 tanta
1615 874 1848 930 audacia
1884 873 2077 928 erimi-

481 991 645 1036 natus
697 989 833 1034 est:
883 974 1086 1031 deinde
1137 972 1449 1029 sacrificare
1497 970 1666 1026 etiam
1725 968 2075 1024 dmmonibus

475 1076 674 1146 jussit,
722 1086 841 1127 eam
881 1081 1045 1124 unam
1086 1067 1459 1140 expiationem
1496 1063 1864 1130 criminisque
1894 1061 2073 1116 aboli-

481 1178 687 1224 tionem
709 1207 724 1228 .
756 1176 811 1220 et
844 1164 1193 1221 subsecuturi
1228 1160 1461 1215 honoris
1489 1169 1541 1213 et
1577 1157 1766 1229 glorias
1801 1155 2070 1210 concilia-

481 1265 690 1318 tionem
715 1259 835 1314 fore
860 1257 1217 1312 denuntians.
1243 1252 1342 1309 Cui
1379 1251 1608 1322 Babyias
1635 1246 1845 1321 ingenti
1880 1247 2070 1302 animo

478 1353 768 1412 resistens.
796 1348 1041 1420 martyrii
1069 1361 1332 1402 coronam
1367 1346 1599 1414 recepit.
1632 1342 1766 1413 Ejus
1794 1351 1908 1395 tum
1940 1355 2066 1395 ossa

478 1447 667 1504 Gallus
695 1444 1002 1499 transtulit.
1032 1439 1197 1509 Quod
1239 1439 1334 1494 ubi
1367 1447 1453 1494 est
1481 1437 1710 1501 factum,
1736 1435 2068 1490 daemonium

479 1540 687 1597 deinde
717 1537 940 1593 oracula
983 1552 1093 1590 non
1127 1533 1326 1591 edidit.
1370 1530 1436 1585 Et
1473 1530 1631 1585 multi
1673 1529 1898 1601 quidem
1937 1544 2069 1598 pro-

476 1641 667 1704 pterea
697 1630 750 1684 id
783 1627 1114 1684 consiluisse
1161 1625 1576 1686 existimarunt,
1607 1621 1754 1691 quod
1784 1620 2070 1676 sacrificiis

476 1735 534 1782 et
558 1724 712 1781 cultu
741 1737 809 1777 eo
845 1735 1006 1790 quem
1033 1726 1193 1774 antea
1220 1718 1312 1773 ille
1343 1716 1737 1777 exhibuerant,
1768 1713 2065 1784 spoliatum

475 1827 644 1874 esset.
681 1815 884 1872 Verum
919 1828 1034 1868 rem
1065 1811 1230 1867 aliter
1256 1825 1316 1866 se
1351 1809 1556 1865 habere
1583 1815 1931 1878 compertum
1957 1815 2063 1860 est.

491 1912 551 1968 In
577 1924 742 1967 causa
771 1907 919 1962 enim
950 1920 1079 1962 vere
1108 1915 1230 1960 erat
1271 1905 1326 1960 in
1368 1901 1571 1959 vicinia
1603 1901 1895 1971 quiescens
1926 1916 2069 1954 mar-

478 2016 587 2080 tyr,
627 2005 726 2076 qui
775 2017 899 2057 eam
937 2016 1054 2056 rem
1087 2015 1194 2056 non
1238 1997 1524 2068 permisit,
1556 2008 1799 2065 emptum
1837 1995 1981 2050 illius
2013 1995 2065 2049 vi

479 2102 688 2172 majore
745 2097 1074 2168 prohibens.
1130 2092 1247 2149 Sub
1300 2091 1521 2148 Juliano
1577 2093 1746 2156 enim,
1810 2106 1935 2146 cum
1997 2090 2064 2145 ad

473 2194 789 2251 satietatem
834 2203 1008 2259 usque
1041 2186 1314 2259 sanguine
1344 2194 1400 2241 et
1438 2185 1678 2240 victimis
1717 2185 2064 2248 expleretur.

477 2302 588 2341 non
621 2283 807 2340 minus
839 2293 1050 2336 mutum
1079 2277 1206 2333 iuit.
1247 2279 1312 2330 lit
1337 2286 1620 2347 postremo
1659 2275 1760 2346 ipsi
1789 2275 1864 2330 illi
1893 2275 2067 2346 impe-

479 2377 654 2434 ratori
699 2376 767 2431 de
797 2383 1001 2430 eventu
1055 2371 1292 2428 Persica:
1336 2370 1708 2440 capeditionis
1755 2370 2064 2424 daemonem

475 2472 789 2532 consulenti
860 2470 1028 2541 (cum
1080 2467 1402 2539 frequenter
1458 2481 1527 2521 eo
1580 2465 1856 2528 venisset,
1913 2463 2061 2533 quod

481 2567 759 2624 medendis
797 2563 994 2620 hostiis
1042 2561 1446 2621 delectaretur,
1485 2567 1540 2612 et
1590 2557 1760 2611 multo
1797 2556 2063 2626 sanguine

481 2660 739 2737 Pythium
789 2657 1194 2725 veneraretur).
1245 2668 1467 2710 causam
1517 2653 1636 2722 ejus
1671 2650 1872 2732 silentii
1922 2647 2064 2704 imii-

475 2757 644 2812 cavit.
693 2753 797 2810 Ubi
853 2765 1091 2822 namque
1137 2749 1401 2820 templum
1453 2747 1774 2815 ingressus,
1808 2744 2059 2810 oraculo,

475 2864 601 2921 quae
634 2848 752 2904 \isa
783 2856 991 2912 essent,
1027 2844 1186 2900 fidem
1219 2845 1341 2912 ejus
1374 2842 1712 2912 periclitans,
1755 2836 2064 2910 magnificis

476 2940 735 2996 mactatis
791 2939 1033 2994 victimis
1103 2936 1356 2993 Julianus
1414 2934 1702 3006 preposuit
1750 2952 1764 2987 :
1833 2933 2060 3002 insuper

475 3052 698 3110 quoque
739 3034 931 3106 petiit,
982 3049 1050 3088 ne
1086 3031 1262 3095 deus,
1305 3031 1374 3086 de
1425 3030 1628 3100 quibus
1679 3028 1846 3084 rebus
1882 3026 2064 3096 inqui-

2184 513 2382 551 σκοντα
2421 499 2523 551 ὅσα
2564 514 2628 566 γε
2671 497 2898 557 δυνατὸς
2935 495 3046 563 εἴη.
3087 493 3161 564 μὴ
3204 490 3563 563 περιόψεσθαι
3605 490 3757 542 λύκον

2179 590 2258 664 τῷ
2303 592 2543 663 ποιμνίῳ
2588 589 3095 662 παρεισῗυόμενον,
3143 587 3238 640 καὶ
3280 587 3372 639 τὸν
3422 585 3524 655 μὲν
3567 585 3757 638 αὐτίκα

2178 687 2280 757 τῆς
2315 687 2492 757 ὁρμῆς
2529 683 2976 756 άνακρσυσθῆναι
3000 700 3015 713 ο
3053 681 3144 735 τὸν
3178 682 3221 734 δ’
3252 680 3553 735 ἐπίσκοπον
3589 679 3646 732 ἒν
3677 680 3754 731 σί-

2177 781 2321 846 τίαις
2374 779 2570 851 πρῶτα
2617 780 2787 833 ἐτίθει
2840 779 2938 849 τῆς
2987 777 3215 847 τόλμης.
3256 776 3488 831 Ἔπειτα
3541 775 3755 846 δαίμοσι

2179 876 2329 930 θύειν
2364 874 2585 929 ἐκέλευε
2609 891 2623 908 ⁸
2661 873 2832 943 μόνην
2865 872 2973 942 γὰρ
3007 866 3150 926 εἶναι
3183 870 3285 943 τὴν
3317 869 3601 937 ἑξοσὶωσιν
3631 870 3758 923 ταύ-

2176 986 2296 1034 την,
2326 967 2420 1022 τοῦ
2454 969 2800 1041 ἐγκλήματος
2829 967 3008 1036 λύσιν,
3038 967 3132 1020 καὶ
3161 966 3258 1038 τῆς
3287 967 3575 1020 είσέπειτα
3601 965 3758 1034 τιμῆς

2175 1080 2235 1116 τε
2264 1064 2359 1116 καὶ
2388 1063 2547 1132 δόξης
2574 1063 2858 1134 πρόξενον.
2889 1064 2993 1118 Τὸν
3018 1063 3074 1115 δὲ
3104 1063 3368 1130 γενναίως
3395 1061 3756 1128 ἀντιταξάμε-

2175 1175 2266 1212 νον
2301 1158 2390 1212 τὸν
2428 1157 2770 1228 μαρτυρικὸν
2805 1156 3185 1226 ἀναδήσασθαι
3229 1157 3493 1222 στέφανον
3521 1172 3534 1186 ·
3570 1148 3632 1207 οὗ
3664 1151 3759 1225 τὴν

2177 1252 2336 1323 θίϐην
2369 1254 2493 1306 τότε
2532 1255 2862 1324 μετήνεγκε.
2899 1252 3106 1305 Τούτου
3143 1249 3201 1305 δὲ
3236 1250 3569 1319 γενομένου.
3607 1245 3761 1313 λόγος

2177 1347 2253 1420 μὴ
2295 1346 2391 1401 τοῦ
2432 1347 2624 1401 λοιποῦ
2666 1347 2726 1400 τὸ
2767 1347 3049 1416 δαιμόνιον
3087 1346 3341 1417 χρησμὸν
3383 1342 3618 1399 ἀνελεῖν.
3657 1345 3764 1396 Καὶ

2174 1444 2351 1497 ἐδόκει
2393 1442 2494 1513 μὲν
2524 1444 2637 1505 τοῖς
2674 1441 2930 1505 πολλοῖς,
2967 1441 3043 1507 ὡς
3078 1440 3284 1494 θυσιῶν
3316 1439 3633 1511 ἀμοιρῆσαν
3669 1437 3764 1490 καὶ

2172 1538 2275 1606 τῆς
2320 1537 2450 1606 πρὶν
2497 1535 2795 1607 θεραπείας
2843 1530 3028 1608 ἧσπερ
3072 1535 3298 1604 ἠξίωτο,
3347 1535 3582 1604 σιωπᾷν.
3624 1529 3764 1585 ⁸Λλλ*

2172 1626 2415 1697 ἠλέγχθη
2451 1624 2608 1678 τοῦτο
2642 1624 2814 1689 οὕτως
2854 1629 2930 1694 μὴ
2967 1624 3111 1695 ἕχον.
3149 1624 3337 1678 Αἴτιον
3372 1625 3483 1692 γὰρ
3522 1617 3592 1689 ἦν
3628 1621 3766 1691 άλη-

2174 1719 2306 1782 θῶς,
2339 1719 2413 1784 ὡς
2447 1720 2777 1788 ὲγγειτόνων
2807 1716 3099 1788 σκηνώσεις
3133 1720 3161 1770 ό
3192 1717 3404 1789 μάρτυς
3433 1700 3494 1769 οὐ
3528 1715 3770 1787 ξυνεχώ-

2174 1830 2257 1882 ρει
2283 1812 2343 1865 τὸ
2372 1813 2534 1884 ἔργον
2561 1811 2793 1882 δυνάμει
2828 1811 3103 1884 κρείττονι
3129 1811 3436 1880 ἀπείργων,
3466 1811 3647 1862 ἐκεῖνο
3670 1807 3765 1862 τοῦ

2170 1909 2604 1976 ἐγχειρήματος.
2643 1907 2768 1961 Ἐπὶ
2813 1905 2922 1978 γὰρ
2959 1904 3254 1970 Ἰουλιανοῦ
3301 1907 3384 1968 είς
3425 1907 3590 1973 κόρον
3632 1904 3771 1959 ἀπ.-

2168 1999 2377 2054 λαῦσαν
2421 1999 2531 2054 τῶν
2581 2001 2831 2070 συνήθων
2877 2001 3150 2070 αἱμάτων,
3196 2001 3290 2055 καὶ
3335 1999 3562 2063 θυσιῶν,
3608 1999 3766 2052 οὐδὲν

2171 2095 2375 2167 μᾶλλον
2420 2094 2650 2148 ἄναυδον
2695 2091 2784 2165 ἦν.
2831 2095 2940 2150 Καὶ
2982 2093 3042 2148 τὸ
3085 2093 3321 2148 ὕστατον
3361 2096 3456 2148 καὶ
3504 2093 3659 2164 αὐτῷ
3704 2111 3769 2162 γε

2169 2191 2366 2260 ἐκείνῳ
2395 2189 2472 2260 τῷ
2509 2189 2723 2260 βασιλεῖ
2756 2190 3007 2260 χρησμὸν
3038 2189 3284 2246 αίτοῦντι
3317 2189 3414 2260 τῆς
3445 2189 3592 2242 κατᾶ
3628 2189 3773 2261 Περ-

2170 2282 2278 2336 σῶν
2321 2282 2511 2335 ἕνεκεν
2557 2282 2956 2352 ἐκστρατείας,
3000 2282 3187 2338 πυκνά
3231 2283 3341 2352 γὰρ
3383 2285 3563 2337 ἐκεῖσε
3611 2277 3771 2348 οὗτος

2169 2376 2537 2448 ὲπεχωρίαζε,
2572 2376 2872 2448 φιλοθύτης
2906 2395 2969 2448 γε
3006 2379 3106 2443 ῶν,
3141 2379 3238 2433 καὶ
3274 2377 3529 2449 ἀφθόνοις
3562 2379 3772 2450 αἵμασι

2174 2471 2444 2543 γεραίρων
2469 2471 2560 2526 τον
2589 2471 2810 2537 Πύθιον,
2831 2473 2894 2526 τὸ
2919 2471 3095 2526 αἴτιον
3119 2473 3219 2542 τῆς
3248 2474 3520 2546 προτέρας
3547 2473 3771 2543 σιωπῆς

2167 2565 2572 2635 κατεμήνυσεν.
2609 2563 2829 2636 Ἐπειδὴ
2858 2565 2967 2637 γὰρ
2991 2564 3067 2637 τῷ
3094 2564 3338 2637 μαντείῳ
3362 2567 3560 2635 πεῖραν
3589 2582 3769 2636 προσ-

2165 2656 2267 2727 ῆγε
2306 2658 2435 2728 περὶ
2470 2652 2545 2711 ὧν
2581 2659 2628 2711 οί
2665 2658 2818 2729 αὐτῷ
2852 2660 3069 2725 ἐδόκει,
3105 2659 3184 2732 τῷ
3221 2659 3352 2732 ἱερῷ
3388 2659 3768 2730 προσϐαλὼν.

2164 2752 2478 2823 φιλοτίμοις
2523 2751 2741 2818 θυσίαις
2778 2753 2956 2826 τιμῶν
2991 2753 3052 2808 τὸ
3095 2755 3376 2824 δαιμόνιον
3400 2795 3416 2820 ,
3454 2760 3554 2808 καὶ
3593 2753 3773 2808 ὶδεῖτο

2167 2847 2245 2918 μὴ
2279 2847 2504 2917 ἀμελεῖν
2538 2847 2723 2919 λέγειν
2761 2847 2893 2921 περὶ
2930 2844 3005 2902 ὧν
3039 2849 3237 2920 ἐκείνῳ
3271 2845 3338 2920 ἦν
3373 2847 3587 2919 σπουδὴ
3623 2847 3771 2919 ἔρω-

2164 2937 2284 3008 τᾷν.
2321 2937 2393 2989 Τὸ
2432 2937 2490 2991 δὲ
2529 2938 2848 3008 περιφανῶς
2888 2937 2989 3007 μὲν
3024 2939 3126 2992 οὐκ
3163 2938 3350 3009 ὶδήλου
3389 2937 3464 3010 μὴ
3496 2937 3772 2993 δύνασθαι

2165 3034 2515 3104 χρησμῳδεῖν
2540 3034 2620 3098 ὡς
2652 3034 2771 3098 ἔθος
2795 3035 2882 3088 διὰ
2913 3033 3162 3087 Βαϐύλαν
3186 3033 3277 3087 τὸν
3305 3035 3568 3105 μάρτυρα
3593 3051 3608 3065 ·
3649 3032 3774 3086 ἓτε-

478 3142 662 3194 reret,
726 3125 1069 3198 resjiondere
1127 3135 1485 3196 gravaretur;
1543 3132 1656 3175 tum
1715 3120 1805 3175 ille
1861 3127 2056 3189 aperte

2166 3145 2256 3200 ρον
2285 3129 2343 3182 δὲ
2371 3129 2577 3200 τρόπον
2608 3129 2762 3183 τοῦτο
2795 3131 3072 3200 ἐσήμανεν
3096 3145 3110 3159 ·
3144 3129 3376 3200 Νεκρῶν
3407 3127 3550 3198 γὰρ,
3585 3122 3771 3192 εἶπεν,

475 3225 700 3297 quidem
745 3238 857 3278 non
892 3219 1250 3293 significavit,
1291 3233 1351 3273 sc
1380 3231 1532 3271 more
1559 3231 1659 3271 suo
1697 3225 1921 3286 propter
1957 3213 2063 3269 Ba-

477 3319 660 3391 bylain
700 3323 997 3388 martyrem
1033 3330 1142 3368 non
1177 3311 1518 3382 respondere
1549 3329 1564 3366 :
1596 3307 1706 3381 64.
1738 3309 1834 3364 sed
1868 3310 1977 3364 alio
2007 3309 2059 3364 id

476 3412 643 3469 modo
683 3410 1009 3466 insinuavit.
1058 3407 1269 3464 Locum
1319 3405 1468 3462 enim
1520 3420 1647 3459 euui
1685 3405 1905 3475 plenum
1939 3420 2062 3460 esse

477 3506 848 3563 cadaveribus
887 3503 1054 3568 dixit,
1098 3511 1154 3558 et
1199 3509 1492 3572 propterea
1539 3515 1599 3555 se
1643 3501 1863 3554 oracula
1895 3499 2062 3554 cdere

482 3601 712 3656 minime
767 3614 952 3669 posse.
1011 3596 1078 3651 Et
1130 3603 1290 3652 erant
1350 3595 1427 3648 ibi
1480 3593 1638 3649 multi
1691 3594 1785 3647 alii
1835 3593 2059 3663 sepulti.

476 3697 682 3751 Verum
703 3693 959 3751 Julianus
980 3692 1236 3764 Babylain
1263 3701 1562 3761 martyrem
1588 3689 1762 3744 solum
1783 3690 2061 3757 responsis

477 3790 706 3845 obstare
729 3788 1008 3859 judicans.
1038 3783 1326 3840 confestim
1357 3783 1597 3838 loculum
1625 3781 1744 3852 ejus
1774 3780 2060 3836 transferri

471 3886 661 3955 jussit.
713 3881 1063 3952 QuaprOpter
1107 3876 1411 3935 Christiani
1464 3876 1862 3940 advenientes,
1913 3890 2061 3929 mar-

479 3989 654 4050 tyrem
687 3977 741 4032 in
778 3978 969 4030 urbem
999 3974 1067 4028 ad
1103 3973 1469 4046 quadraginta
1507 3971 1684 4026 stadia
1729 3971 2062 4033 intulerunt,

478 4075 568 4128 ubi
627 4074 930 4127 etiamnum
980 4072 1124 4124 situs
1175 4076 1302 4132 est,
1349 4068 1571 4121 nomine
1624 4080 1725 4120 suo
1780 4067 1904 4119 loco
1956 4064 2060 4134 ipsi

477 4167 678 4223 indito.
703 4163 804 4230 Qui
831 4177 964 4218 vero
987 4163 1229 4217 loculum
1257 4161 1511 4216 ferebant
1540 4176 1700 4215 senes
1723 4168 1780 4214 et
1800 4162 2057 4226 juvenes,

477 4260 683 4329 aliique
718 4258 950 4311 chorum
980 4271 1206 4326 gravem
1234 4265 1292 4310 et
1327 4253 1702 4308 venerandum
1734 4251 2058 4320 efficientes,

475 4354 623 4407 alius
647 4351 814 4406 alium
849 4349 907 4402 in
935 4350 1020 4404 via
1047 4350 1114 4403 ad
1144 4348 1389 4418 psalmos
1414 4346 1695 4402 canendus
1722 4347 2054 4410 invitarunt,

471 4444 575 4499 sub
623 4444 716 4498 illo
763 4441 990 4512 quidem
1044 4452 1342 4509 praetextu,
1385 4441 1542 4510 quasi
1591 4440 1851 4495 sudorem
1905 4439 2058 4493 labo-

473 4552 701 4606 remque
748 4536 851 4588 νισι
895 4534 1187 4588 levarent:
1235 4549 1295 4587 re
1342 4544 1526 4588 autem
1576 4531 1723 4602 ipsa,
1762 4533 1908 4602 quod
1949 4532 2053 4587 zeli

471 4629 673 4684 ardore
704 4628 1006 4690 ferrentur,
1043 4637 1103 4680 ut
1128 4626 1473 4695 imperatoris
1503 4627 1746 4697 ineptam
1784 4637 2057 4680 monstro-

471 4737 703 4791 sanque
753 4720 1074 4790 religionem
1139 4719 1636 4791 reprehenderent.
1693 4716 1756 4773 Et
1805 4720 2057 4775 cauendo

470 4816 743 4888 praeibam
766 4856 780 4880 ,
811 4815 904 4883 qui
937 4824 1114 4868 artem
1147 4829 1269 4868 eam
1301 4813 1616 4869 accuratius
1647 4813 2055 4869 addidicerant.

473 4914 620 4965 inter
652 4911 757 4964 ala
786 4921 968 4964 autem
1003 4909 1303 4964 multitudo
1339 4907 1447 4963 illis
1477 4907 1794 4973 succinens,
1823 4922 1878 4961 et
1907 4908 2054 4962 illam

469 5005 814 5060 carminibus
841 5004 1056 5058 addidit
1080 5013 1287 5073 partem
1311 5020 1325 5056 :
1360 5021 1379 5055 ι
1410 5002 1838 5058 Confundantur
1863 5016 2058 5057 omnes

469 5100 565 5170 qui
619 5101 858 5154 adorant
908 5098 1223 5169 sculptilis,
1278 5096 1582 5166 gloriantes
1636 5095 1693 5151 in
1745 5096 2057 5153 simulacris

479 5193 618 5249 suis.
669 5211 689 5244 ι
720 5191 860 5248 Tum
891 5206 1048 5255 sane,
1080 5193 1174 5261 qui
1211 5201 1370 5247 antea
1403 5190 1795 5262 philosophum
1833 5208 1893 5249 se
1928 5208 2054 5248 esse

471 5286 758 5357 professus
792 5281 971 5337 fuerat
1007 5282 1331 5348 imperator,
1367 5281 1530 5353 longe
1568 5285 1712 5340 alius
1741 5285 2054 5357 deprehen-

470 5397 584 5435 sus.
619 5379 699 5434 Ira
745 5391 982 5448 namque
1012 5388 1354 5442 commotus,
1391 5379 1617 5446 perinde
1649 5389 1813 5449 atque
1849 5382 2052 5452 injuria

468 5478 702 5532 aifectus
735 5484 919 5539 esset,
959 5473 1201 5544 afﬂigere
1235 5473 1583 5530 Christianos
1639 5475 1950 5544 constituit,
1995 5492 2050 5534 et

467 5570 664 5625 eadem
713 5568 979 5621 adversus
1034 5567 1156 5620 illos
1214 5566 1435 5632 facere,
1494 5584 1616 5637 qua:
1670 5569 2047 5627 Diocletianus

467 5664 712 5718 fecisset.
761 5661 916 5726 Quod
965 5676 1095 5714 vero
1137 5661 1402 5732 impetum
1449 5663 1720 5732 ejusmodi
1768 5665 2049 5735 expeditio

468 5757 712 5823 Persica,
745 5770 910 5825 quam
964 5756 1217 5824 urgebat,
1269 5768 1604 5821 moraretur,
1645 5757 1909 5822 Salustio,
1949 5761 2043 5829 qui

472 5865 584 5908 tum
638 5851 874 5924 pra-fecti
926 5850 1302 5920 magistratum
1353 5852 1614 5921 gerebat,
1666 5853 1950 5912 mandavit
1989 5864 2046 5911 ut

2164 3223 2193 3275 ὁ
2239 3223 2419 3294 χῶρος
2473 3224 2712 3293 μεστόςο
2763 3223 2856 3277 aut
2903 3224 2993 3278 διά
3036 3222 3198 3278 τοῦτο
3242 3221 3442 3294 ἥκιστα
3491 3220 3769 3276 δύνασθαι

2165 3319 2533 3390 χρησμῳδεῖν.
2573 3319 2770 3372 Πολλοὶ
2811 3318 2910 3388 μὲν
2945 3317 3039 3372 οὖν
3075 3321 3168 3373 καὶ
3209 3316 3362 3372 ἄλλοι
3403 3313 3546 3389 ἦσαν
3583 3317 3772 3370 basta:

2166 3411 2350 3483 νεκροί
2376 3429 2390 3444 ο
2423 3412 2451 3465 ὁ
2483 3412 2541 3466 δὲ
2576 3411 2870 3476 Ἰουλιανὸς
2909 3411 3209 3484 συμϐαλὼν
3241 3414 3334 3465 τὸν
3371 3412 3639 3484 μάρτυρα
3677 3413 3774 3483 μό-

2165 3524 2254 3560 νον
2292 3506 2542 3560 Βαϐύλαν
2575 3506 2828 3576 ἐμποδὼν
2863 3506 3231 3562 καθίστασθαι
3264 3509 3389 3571 ταῖς
3426 3510 3728 3577 μαντείαις
3751 3546 3768 3573 ,

2165 3602 2492 3672 προστάττει
2526 3601 2725 3657 αὐτίκα
2757 3601 2854 3671 τὴν
2886 3600 3046 3674 θίόην
3083 3601 3454 3670 μετατεθῆναι
3485 3602 3586 3655 τοῦ
3628 3603 3776 3671 μάρ-

2162 3712 2349 3765 τυρος.
2381 3695 2700 3766 Χριστιανοὶ
2733 3696 2775 3748 δ’
2803 3696 3052 3759 ἐλθόντες
3083 3696 3179 3747 ἐπὶ
3205 3694 3306 3757 τὴν
3336 3695 3517 3760 πόλιν,
3552 3697 3776 3767 ἤγαγον

2162 3791 2300 3844 ὡσεὶ
2339 3790 2531 3842 στάδια
2566 3790 2986 3861 τεσσαράκοντα
3014 3806 3027 3821 ο
3067 3788 3198 3843 ἔνθα
3232 3787 3295 3859 δὴ
3332 3787 3428 3843 νῦν
3467 3789 3498 3842 ὁ
3545 3791 3776 3858 μάρτυς

2163 3886 2377 3949 κεῖται,
2415 3882 2512 3954 τὴν
2545 3883 2755 3936 οἰκείαν
2789 3883 3166 3954 προσηγορίαν
3195 3883 3277 3954 τῷ
3309 3883 3463 3953 τόπῳ
3500 3883 3772 3955 θέμενος.

2163 3979 2227 4031 Οἱ
2257 3977 2315 4030 δὲ
2345 3978 2575 4043 ἄγοντες
2607 3977 2716 4031 νέοι
2745 3993 2802 4029 τε
2837 3979 2933 4030 καὶ
2963 3979 3221 4048 γέροντες
3240 4017 3255 4041 ,
3289 3979 3383 4032 καὶ
3414 3977 3598 4041 ἄλλως
3634 3996 3774 4048 σεμ-

2163 4071 2251 4134 νὸς
2283 4071 2433 4133 ὄντες
2466 4073 2559 4124 καὶ
2589 4071 2748 4141 χορὸς
2784 4069 3003 4141 τίμιος,
3035 4069 3307 4140 ἀλλήλους
3341 4071 3645 4126 ἀνέπειθον
3678 4073 3707 4126 δ
3737 4072 3774 4126 ἀ

2163 4167 2345 4237 ⁴πάσης
2385 4163 2681 4234 ψάλλοντες
2721 4164 2819 4234 τῆς
2860 4164 2982 4218 ὀδοῦ
3006 4180 3018 4194 ·
3069 4167 3340 4236 προφάσει
3385 4166 3488 4236 μὲν
3527 4168 3630 4220 τοῦ
3675 4168 3776 4221 τὸν

2163 4258 2343 4326 ίδρῶτ¹
2368 4258 2692 4330 ἀναψύχειν,
2726 4257 2786 4311 τὸ
2819 4258 2865 4310 δ’
2890 4259 3110 4330 ἀληθὲς,
3145 4259 3294 4332 ζήλῳ
3328 4262 3620 4333 ἐφέροντο,
3652 4264 3777 4328 ἐξε-

2162 4352 2449 4424 λέγχοντες
2481 4355 2543 4407 τὸ
2578 4353 2672 4408 τοῦ
2704 4355 3039 4425 κρατοῦντος
3076 4358 3205 4426 περὶ
3237 4354 3297 4410 τὸ
3325 4357 3481 4410 Θεῖον
3520 4359 3773 4411 ἀλλόκο-

2164 4464 2272 4500 τον.
2308 4447 2570 4518 Ἑξῆρχον
2594 4445 2696 4515 μὲν
2721 4446 2814 4501 οὖν
2837 4447 2929 4502 τοῦ
2961 4449 3180 4519 μέλους,
3205 4447 3256 4502 οἳ
3285 4467 3349 4503 πε
3363 4449 3414 4522 ρ“ι
3437 4449 3505 4502 τά
3527 4451 3776 4505 τοιαῦτα

2164 4540 2561 4612 ὴκριδωμένως
2598 4536 2744 4611 εῖχον
2770 4557 2784 4572 '
2822 4543 2920 4595 σὺν
2953 4541 3135 4606 ἄλλοις
3169 4542 3222 4596 δὲ
3255 4545 3315 4596 τὸ
3350 4543 3588 4614 πλῆθος,
3629 4546 3779 4616 ξύμ-

2165 4651 2342 4704 φωνον
2369 4637 2460 4687 καὶ
2481 4633 2642 4689 τοῦτο
2664 4633 2730 4706 δὴ
2755 4635 2815 4688 τὸ
2846 4635 3010 4707 μέρο;
3039 4635 3238 4706 ἑπῇδεν
3259 4652 3272 4667 ο
3311 4654 3330 4689 ι
3366 4638 3616 4711 ᾘσχύνθ
3633 4658 3778 4711 ηοαν

2164 4731 2366 4793 ’πάντες
2393 4733 2442 4783 oi
2471 4729 2910 4801 προσκυνοῦντες
2939 4732 3050 4794 τοῖς
3079 4731 3344 4799 γλυπτοῖς
3363 4775 3376 4797 ,
3401 4734 3451 4785 oi
3477 4733 3782 4804 εγκαυχὼο

2165 4842 2317 4895 μενοι
2346 4827 2402 4879 ὲν
2428 4829 2540 4890 τοῖς
2573 4825 2810 4890 εἰδώλοις
2840 4825 3042 4880 αὐτῶν.
3078 4845 3095 4876 ι
3130 4826 3267 4880 Τότε
3297 4827 3362 4899 δὴ
3387 4829 3415 4881 ὁ
3443 4829 3586 4897 πρὶν
3617 4832 3783 4898 φιλο-

2164 4924 2352 4989 σοφεῖν
2400 4920 2878 4991 ἐπαγγελλόμενος
2933 4921 3192 4993 βασιλεὺς
3243 4923 3604 4994 ἐξηλέγχετο.
3667 4930 3780 4982 Πε-

2163 5017 2390 5085 ριοργὴς
2417 5016 2526 5086 γὰρ
2555 5017 2849 5088 γενόμενος
2874 5017 2950 5081 ὡς
2982 5017 3333 5090 ὑϐρισμένος.
3360 5021 3555 5085 κακῶς
3590 5029 3782 5079 ποιεῖν

2161 5109 2348 5178 ᾑρεῖτο
2375 5108 2741 5178 Χριστιανούς
2763 5125 2777 5139 '
2809 5111 2904 5164 καὶ
2925 5110 3154 5165 τοιαῦτά
3179 5112 3226 5166 τ’
3248 5111 3340 5165 ἐπ’
3360 5113 3555 5180 αὐτοῖς
3591 5118 3784 5186 πράτ.

2159 5217 2298 5264 τειν,
2332 5196 2531 5271 οἷάπερ
2561 5203 2610 5256 οἱ
2645 5203 2774 5275 περὶ
2804 5205 3191 5275 Διοκλητιανὺν
3223 5208 3468 5262 ἐποίουν.
3511 5208 3686 5264 Ἐπεὶ
3717 5214 3781 5267 δὲ

2159 5295 2192 5364 ἡ
2222 5296 2358 5359 πρὸς
2385 5296 2599 5368 Πέρσας
2626 5297 2834 5367 σπουδὴ
2861 5299 2959 5369 τὴν
2984 5298 3161 5371 ορμὴν
3188 5301 3402 5354 ἐκείνου
3430 5303 3774 5373 ἀνέστελλε,

2159 5388 2473 5459 Σαλουστίῳ
2513 5391 2897 5456 ἐνεκελεύετο,
2935 5390 2993 5456 ὃς
3027 5395 3126 5464 τὴν
3161 5394 3404 5466 ἔπαρχον
3437 5401 3778 5467 τηνικαῦτα

2157 5483 2364 5535 διεῖπεν
2394 5483 2590 5555 ἀρχὴν,
2623 5484 2959 5539 συλλαϐόντα
2985 5486 3114 5551 τοὺς
3139 5487 3504 5559 διαφέροντας
3538 5494 3600 5545 ἐν
3631 5494 3780 5563 ψαλ-

2161 5574 2360 5646 μιρδίᾳ,
2389 5577 2658 5641 κολάζειν.
2693 5577 2752 5631 '0
2782 5579 2861 5643 δὲ,
2891 5581 3066 5634 καίτοι
3098 5582 3266 5646 πολὺς
3294 5586 3389 5653 τὴν
3423 5581 3778 5660 Ἑλληνικὴν

2156 5672 2456 5741 Θρησκείαν
2489 5673 2598 5740 ὢν,
2633 5673 2882 5744 οὐδαμῶς
2917 5675 3107 5748 ἐπῄνει
3136 5677 3199 5732 τὸ
3233 5678 3540 5749 βούλευμα.
3583 5684 3776 5737 Ἀντ-

2154 5766 2354 5817 τείνειν
2381 5765 2435 5817 δὲ
2466 5767 2562 5836 οὐχ
2593 5763 2703 5830 οἶος
2731 5785 2788 5822 τε
2819 5768 2893 5821 ὣν
2921 5773 3058 5842 προς
3088 5771 3457 5842 τοῦττίταγμα,
3490 5779 3564 5846 τῇ
3600 5779 3776 5832 ὑστε-

2149 5857 2276 5929 ραίᾳ
2308 5855 2534 5921 πολλοὺς
2567 5860 2670 5912 τῶν
2700 5860 3049 5933 Χριστιανῶν
3077 5864 3480 5936 συνελεῑιμδλνε,
3515 5873 3620 5925 καὶ
3657 5871 3770 5925 ὑπὸ
