4128 6216
502 466 609 531 533

1429 468 2035 529 ECClESiAb‘TlC/E
2077 467 2469 531 IIlSTORIEE
2509 470 2662 532 Llli.
2702 469 2775 530 Χ.

3650 462 3754 528 534

503 583 875 654 πεποιημένον
908 581 1097 651 ἀνίστη
1136 579 1357 651 Χριστῷ
1378 623 1392 645 ,
1424 580 1762 651 ἀμειϐομένη
1796 581 1887 633 τὸν
1922 583 2077 651 εὐερ-

2200 582 2363 637 ξτοιῑι
2398 590 2660 647 statuam,
2692 582 2932 652 aliquam
2964 585 3156 638 saltem
3180 578 3516 636 benefactori
3547 592 3648 633 suo
3677 576 3748 632 ob

505 679 671 747 γιτην
700 679 763 748 τῇ
795 675 889 730 τοῦ
927 674 1131 737 πάθους
1166 674 1456 745 ἀπαλλαγῇ
1483 690 1497 705 ⁸
1533 676 1692 746 χάριν
1724 674 1780 726 δὲ
1814 673 2079 745 πλείστην

503 769 873 840 τερπνότητος
902 770 1014 832 τοῖς
1048 769 1225 821 ἐκεῖσε
1263 767 1489 837 φοιτῶσι
1520 769 1748 838 παρεῖχε
1782 767 2075 837 θεώμενον.

502 861 616 933 Τῆς
656 862 700 916 δ’
725 862 929 925 εἰκόνος
962 860 1173 933 ταύτης
1211 860 1353 917 κατά
1386 864 1512 925 τοὺς
1550 862 1716 925 πόδας
1759 860 1957 931 βοτάνη
1995 879 2080 926 τις

503 954 771 1023 ἀνεφύετο
800 956 1125 1025 νοσημάτων
1153 956 1450 1022 παντοίων,
1482 956 1716 1026 μάλιστα
1747 956 1803 1009 δὲ
1836 958 1933 1027 τῆς
1960 955 2083 1025 φθι-

504 1048 660 1110 νὰδος
705 1049 865 1102 νόσου
911 1048 1385 1120 ἀλεξιφάρμακον.
1428 1049 1742 1121 Ἀμήχανον
1784 1048 1829 1103 δ’
1856 1045 1925 1118 ἦν
1968 1050 2081 1111 τοῖς

504 1142 966 1213 θεραπευομένοις
1009 1141 1071 1196 τὸ
1114 1142 1307 1209 αἴτιον,
1350 1144 1479 1214 περὶ
1519 1143 1775 1196 πλείστου
1822 1142 2084 1210 ποιουμέ-

505 1250 615 1297 νοις
643 1233 741 1304 τὴν
772 1233 1020 1306 ζήτησιν.
1059 1235 1338 1305 Ἐλελήθει
1370 1236 1480 1309 γάρ
1507 1236 1585 1307 τῷ
1616 1236 1795 1307 χρόνῳ
1815 1275 1830 1299 ,
1866 1237 1959 1290 καὶ
1989 1227 2082 1289 οὗ·

506 1343 651 1391 τινος
680 1327 772 1396 εφε
785 1343 844 1398 ρε
872 1327 969 1398 τὴν
1001 1328 1236 1400 μορφὴν,
1262 1328 1358 1384 καὶ
1384 1329 1418 1400 ἡ
1446 1327 1645 1400 πρᾶξις
1671 1328 1738 1383 δι’
1761 1329 1828 1401 ἢν
1856 1329 2086 1399 ἀνεστή-

506 1421 667 1475 λωτο.
698 1418 791 1490 Τῷ
821 1421 931 1490 γὰρ
964 1420 1234 1492 ὕπαιθρον
1261 1420 1358 1475 καὶ
1389 1421 1595 1493 γυμνὸν
1627 1422 1850 1477 ὲστάναι
1884 1421 2086 1491 στέγης

507 1512 566 1565 τὸ
609 1511 751 1567 θεῖον
789 1512 1036 1585 ἄγαλμα,
1079 1514 1180 1568 οὐκ
1224 1514 1508 1587 ἐλάχιστον
1550 1516 1645 1569 καὶ
1685 1516 1781 1570 τοῦ
1829 1513 2084 1586 σώματος

508 1603 847 1678 συνεχὼσθη.
875 1606 987 1662 Καὶ
1016 1607 1126 1680 γὰρ
1153 1606 1351 1679 δμὸροι
1380 1610 1487 1678 γῆν
1513 1609 1577 1662 ἐκ
1601 1607 1709 1661 τῶν
1736 1606 2087 1679 ὑψηλοτέρων

510 1697 707 1768 χώρων
758 1699 1148 1772 ἐπισυρόμενοι
1184 1700 1272 1756 ἀεὶ
1333 1703 1732 1772 προσετίθουν·
1781 1704 1870 1771 ὑφ’
1926 1698 1994 1777 ἦς
2052 1703 2086 1774 ἡ

510 1792 615 1846 τῶν
638 1794 843 1849 ἕκαστα
879 1794 1184 1865 δηλούντων
1224 1797 1633 1867 ὲγγραμμάτων
1660 1795 1862 1867 γνῶσις
1894 1796 2087 1866 ἄδηλος

509 1879 597 1955 ἦν.
662 1886 951 1957 Ζητήσεως
1003 1882 1098 1943 οῦν
1154 1903 1285 1942 ποτε
1343 1887 1545 1960 πολλῆς
1604 1890 1901 1961 γενομένης
1959 1893 2087 1962 περὶ

508 1978 606 2048 τῆς
637 1979 859 2050 χάριτος
902 1981 1000 2051 τῆς
1047 1981 1323 2053 φυομένης
1374 1982 1608 2050 ἐκεῖθεν,
1652 1984 1711 2039 τὸ
1746 1985 1845 2056 μὲν
1885 2001 2085 2055 συγκε-

508 2072 790 2142 χωσμένον
847 2073 1133 2144 ἀνώρυκτο
1166 2092 1179 2107 °
1246 2076 1317 2130 τὰ
1378 2076 1437 2131 δὲ
1496 2078 1804 2150 γράμματα
1857 2078 1918 2132 τδ
1988 2080 2088 2148 τῆς

514 2164 752 2235 ίστορέας
778 2165 1005 2237 ἀψευδὲς
1039 2170 1412 2242 κατεμήνυον,
1443 2173 1538 2226 καὶ
1569 2172 1663 2226 τοῦ
1697 2172 1887 2227 λοιποῦ
1921 2174 1953 2244 ἡ
1991 2173 2090 2244 μὲν

513 2258 621 2314 πόα
654 2258 837 2314 οὐκέτι
872 2259 989 2330 μετ’
1013 2263 1221 2318 ἐκεῖνον
1253 2262 1410 2334 ὤφθη
1446 2264 1538 2318 τὸν
1559 2266 1773 2336 χρόνον.
1807 2265 1929 2320 οὔτε
1952 2268 2089 2332 ἐκεῖ,

511 2350 629 2405 οὔτ’
654 2351 913 2423 ἀλλαχοῦ.
945 2354 1147 2410 Τοῦτον
1175 2356 1233 2411 δὲ
1279 2357 1372 2412 τὸν
1401 2357 1495 2413 τοῦ
1526 2359 1766 2431 Χριστοῦ
1796 2361 2093 2430 ἀνδριάντα

517 2444 764 2501 καθελὼν
798 2446 1107 2514 Ἰουλιανὸς,
1123 2448 1214 2505 τδν
1236 2449 1431 2506 ἑαυτοῦ
1448 2452 1524 2523 τῷ
1542 2453 1681 2508 κίονι
1704 2452 1949 2523 ἀνθισιᾷ.
1974 2453 2092 2527 Πῦρ

517 2540 563 2592 δ’
593 2540 855 2612 ἐξαπίνης
886 2542 1178 2614 οὐρανόθεν
1199 2545 1530 2603 ὲπεισπεσδν
1553 2548 1743 2619 βῖαιον,
1759 2549 1940 2621 τέμνει
1958 2551 2095 2605 κατά

517 2631 577 2683 τό
618 2633 811 2706 στῆθος
838 2635 900 2688 τὸ
944 2636 1167 2709 ἄγαλμα
1185 2654 1201 2672 ο
1231 2640 1326 2695 καὶ
1354 2640 1453 2712 τὴν
1480 2642 1724 2713 κεφαλὴν
1750 2642 1968 2714 σύναιμα
2014 2645 2095 2715 τῷ

518 2724 707 2794 αὐχένι
749 2726 1052 2793 ἀποσαλὸν.
1096 2730 1233 2787 καθὸ
1253 2733 1347 2787 καὶ
1369 2733 1429 2788 τὺ
1452 2735 1749 2807 διερρωγὸς
1769 2736 1845 2809 τῷ
1889 2739 2095 2809 στέρνῳ

520 2819 771 2889 ἐγένετο,
812 2822 906 2875 ἐπὶ
941 2824 1237 2893 πρόσωπον
1271 2828 1510 2899 πήγνυσι
1536 2846 1549 2859 '
1587 2832 1678 2883 καὶ
1715 2832 1793 2895 είς
1830 2831 1965 2885 πολὺ
2000 2832 2095 2886 τοῦ

520 2913 714 2983 χρόνου
765 2913 1037 2988 διέμεινε,
1084 2918 1186 2990 τὴν
1231 2919 1533 2993 κεραυνίαν
1576 2922 1803 2994 amem
1851 2925 2097 2995 ἐναργῶς

525 3007 838 3079 στηλιτεῦσν
865 3008 1024 3066 τοῦτο
1055 3010 1115 3066 τὺ
1150 3012 1394 3084 ἄγαλμα.
1427 3014 1532 3069 Τόν
1564 3032 1628 3085 γε
1668 3016 1775 3088 μὴν
1808 3018 2100 3088 ἀνδριάντα

522 3099 761 3169 Χριστοῦ
806 3104 1279 3176 μεταστησάμενοι
1313 3107 1613 3173 τηνικαῦτα
1655 3110 2003 3182 Χριστιανοὶ,
2040 3114 2099 3168 ἐν

521 3192 601 3265 τῷ
637 3196 740 3266 τῆς
784 3197 1080 3269 ἐκκλησίας
1121 3199 1417 3271 διακονικῷ
1461 3202 1665 3270 ἔθεντο,
1706 3206 1775 3260 τὰ
1819 3208 2100 3278 πρέποντα

2184 672 2474 742 depulsum
2507 674 2612 728 sibi
2645 689 2864 744 gravem
2900 673 3180 739 morbum,
3213 670 3392 726 cilicio
3420 686 3486 724 eo
3513 668 3745 740 gratiam

2185 767 2520 838 rependens.
2584 766 2778 822 Statua
2834 767 2948 837 ipsa
3000 766 3385 836 spectantibus
3443 762 3747 835 plurimum

2185 862 2423 933 praebuit
2473 863 2662 934 gratim
2718 871 2775 917 et
2831 858 3191 916 amoenitatis.
3247 858 3329 913 Ad
3385 858 3549 925 hujus
3581 854 3750 925 pedes

2187 955 2359 1010 herba
2415 964 2575 1009 enata
2638 964 2743 1021 est,
2810 953 3301 1024 prmscntissimum
3357 948 3750 1019 :cgritudinum

2186 1052 2458 1112 omnium,
2489 1050 2835 1118 potissimum
2866 1064 2996 1102 vero
3023 1045 3195 1101 tabidi
3219 1043 3396 1099 morbi
3423 1041 3751 1097 remedium.

2187 1143 2255 1198 Et
2284 1158 2410 1199 cum
2449 1142 2540 1213 qui
2568 1158 2629 1197 ca
2662 1142 3022 1206 curabantur,
3056 1153 3271 1195 sunnna
3303 1136 3590 1204 diligentia
3624 1147 3756 1188 cau-

2189 1252 2306 1293 sam
2339 1246 2504 1292 tanta:
2541 1235 2799 1291 efﬁcaciae
2841 1234 3210 1304 inquirerent,
3263 1229 3516 1285 invenire
3572 1236 3759 1281 tamen

2187 1347 2311 1390 eam
2348 1330 2576 1388 omnino
2602 1346 2710 1385 non
2753 1340 3004 1399 potuere.
3039 1325 3327 1397 Temporis
3351 1322 3500 1380 enim
3537 1321 3761 1377 diutur-

2188 1428 2362 1483 nitate
2416 1435 2474 1481 et
2534 1424 2815 1481 oblivione
2878 1420 3277 1482 interciderat,
3344 1419 3631 1490 cuiusnam
3689 1427 3756 1468 ea

2189 1534 2374 1583 statua
2427 1522 2659 1577 formam
2720 1519 2974 1581 referret,
3033 1526 3090 1571 et
3139 1516 3298 1586 cujus
3347 1514 3425 1568 rei
3466 1509 3643 1579 gratia
3683 1506 3757 1563 ibi

2189 1630 2336 1676 esset
2358 1619 2646 1674 collocata.
2676 1615 2829 1683 Quod
2859 1628 3095 1681 namque
3122 1609 3375 1664 divinum
3398 1604 3757 1662 simulacrum

2190 1714 2294 1771 sub
2328 1713 2421 1768 dio
2451 1719 2677 1770 astarct.
2718 1726 2824 1763 non
2856 1721 3047 1775 parum
3091 1718 3295 1773 corpus
3323 1700 3443 1771 ejus
3476 1698 3643 1757 etiam
3677 1704 3764 1749 est

2193 1808 2562 1865 immutatum,
2617 1812 2672 1856 et
2735 1798 2942 1853 imbres
2994 1811 3061 1849 ex
3102 1793 3243 1849 locis
3270 1788 3658 1862 superioribus
3691 1784 3761 1840 li-

2194 1915 2341 1955 mum
2365 1913 2553 1955 secum
2606 1894 2911 1956 trahentes,
2948 1900 3144 1944 statua:
3190 1887 3294 1957 ipsi
3350 1890 3703 1961 aggesscrant
3750 1896 3765 1934 :

2190 2008 2354 2064 qzam
2410 1990 2483 2047 ob
2539 2004 2761 2044 causam
2817 1985 3065 2055 eoguitio
3114 1997 3200 2047 ea,
3264 1995 3387 2050 qtae
3439 1993 3507 2033 ex
3564 1972 3766 2030 litteris

2192 2063 2377 2140 omnia
2437 2079 2816 2136 indicantibus
2874 2074 3178 2147 provenit,
3253 2072 3462 2125 incerta
3525 2063 3760 2121 reddita.

2192 2177 2464 2234 Carterum
2503 2188 2628 2227 cum
2663 2187 2795 2225 cura
2835 2179 2893 2223 et
2940 2164 3227 2235 diligentia
3286 2161 3492 2232 majore
3540 2171 3766 2230 proma-

2194 2285 2332 2326 nans
2361 2267 2489 2323 inde
2516 2267 2691 2339 gratia
2722 2263 3179 2333 investigaretur,
3213 2272 3363 2314 terra
3409 2256 3501 2311 illa
3536 2252 3760 2315 ell‘ossa,

2193 2364 2393 2420 litterae
2424 2372 2537 2415 tum
2571 2360 2791 2415 demutu
2827 2364 3183 2428 apparentes,
3234 2356 3347 2405 rem
3397 2349 3567 2419 ipsam
3609 2352 3764 2400 certo

2196 2457 2533 2512 indicarunt.
2585 2453 2652 2508 Et
2685 2451 2947 2520 deinceps
2986 2446 3157 2503 herba
3180 2461 3265 2513 ea,
3301 2443 3369 2499 ab
3401 2457 3469 2499 eo
3494 2450 3763 2509 tempore,

2196 2564 2376 2613 neque
2406 2562 2473 2601 eo
2508 2546 2628 2616 ipso
2660 2558 2840 2612 neque
2869 2541 2979 2594 alio
3011 2540 3135 2594 loco
3165 2545 3252 2593 cst
3287 2539 3607 2602 conspecta.
3655 2527 3761 2583 Sed

2196 2643 2344 2700 enim
2389 2639 2595 2696 Christi
2646 2645 2827 2693 statua
2871 2633 3125 2690 Julianus
3178 2628 3416 2700 deiecta,
3460 2638 3615 2679 suam
3647 2621 3769 2690 ipso

2198 2742 2252 2794 in
2292 2740 2475 2794 locum
2501 2737 2622 2807 ejus
2664 2732 2718 2787 in
2747 2731 3003 2789 columna
3031 2724 3342 2783 constituit.
3400 2722 3466 2777 Et
3503 2734 3635 2776 ecce
3667 2716 3766 2772 de-

2198 2840 2427 2903 repente
2459 2829 2604 2900 ignis
2630 2844 2657 2881 e
2684 2826 2828 2881 coelo
2871 2823 3175 2877 vehemens
3224 2817 3490 2887 dejectus,
3532 2809 3770 2869 simula-

2198 2942 2354 2983 crum
2414 2924 2561 2979 illius
2612 2922 2756 2975 circa
2816 2928 3008 2988 pectus
3038 2912 3310 2968 discidit:
3350 2917 3628 2979 caputque
3662 2918 3772 2960 una

2199 3039 2327 3078 cum
2370 3020 2516 3076 collo
2563 3016 2862 3087 dcjectum,
2927 3021 2981 3066 et
3035 3026 3063 3065 a
3125 3017 3347 3078 pectore
3381 3004 3682 3072 abruptum
3713 2997 3769 3054 in

2201 3115 2405 3172 faciem
2447 3110 2769 3183 prostravit.
2809 3106 2987 3175 Atque
3026 3103 3076 3158 id
3104 3104 3268 3172 longo
3303 3108 3489 3170 postea
3520 3104 3769 3165 tempore

2203 3216 2284 3268 sic
2316 3208 2557 3273 duravit,
2594 3204 2881 3276 fuliginem
2911 3215 3034 3257 eam
3072 3198 3322 3252 fulminis
3352 3201 3566 3264 aperte,
3599 3189 3774 3246 veluti

526 3289 958 3360 θεραπεύοντες,
998 3293 1186 3347 στάσει
1219 3311 1277 3349 τε
1319 3296 1626 3366 σεμνοτέρᾳ
1662 3298 1931 3369 τιμῶντες
1955 3315 1968 3329 ·
2003 3300 2098 3355 καὶ

2206 3322 2302 3377 per
2337 3300 2760 3371 inscriptionem
2817 3295 3093 3351 columna:
3142 3288 3399 3352 incisam,
3446 3285 3775 3342 testificaris.

524 3383 587 3433 τὸ
621 3382 739 3453 μεθ’
763 3384 955 3456 ἡδονῆς
984 3385 1061 3457 τῷ
1091 3386 1257 3459 χώρῳ
1287 3391 1479 3461 φοιτᾷν
1506 3404 1523 3420 ⁸
1553 3388 1815 3460 θεώμενοί
1843 3408 1903 3444 τε
1931 3390 1991 3445 τὸ
2024 3389 2100 3444 εί-

526 3474 651 3539 δος,
685 3477 780 3531 καὶ
809 3478 898 3531 τὸν
930 3479 1061 3550 περὶ
1090 3479 1151 3534 τὸ
1175 3481 1489 3552 ἀρχέτυπον
1518 3483 1684 3538 πόθον
1714 3483 2100 3556 ἐπιδεικνύμε-

526 3587 629 3625 νοι.
665 3570 790 3635 Τοῖς
823 3571 881 3626 δὲ
910 3571 1004 3628 τοῦ
1038 3574 1335 3640 δυσσεϐοῦς
1364 3574 1559 3631 τούτου
1593 3578 1841 3648 χρόνοις,
1878 3580 1939 3632 τδ
1973 3577 2104 3649 περὶ

526 3661 627 3734 τὴν
656 3664 907 3720 Πανεάδα
936 3662 1249 3737 Ἑλληνικὸν
1280 3666 1697 3738 ἀναφλεγέντες,
1730 3671 1828 3741 τῆς
1857 3671 2103 3736 στάσεως

528 3758 1000 3828 ἁνασπασάμενοι,
1053 3759 1149 3815 καὶ
1192 3762 1302 3816 τῶν
1348 3760 1530 3816 ποδῶν
1578 3762 1965 3833 ἑκδησάμενοι,
2017 3764 2105 3820 διὰ

533 3850 708 3919 μέσης
736 3844 875 3922 ἦγον
903 3852 1002 3921 τῆς
1037 3848 1317 3926 λεωφόρου
1338 3897 1353 3921 ,
1389 3857 1499 3910 πᾶν
1529 3852 1668 3922 εἶδος
1701 3856 1960 3922 ἀσεϐείας
1991 3858 2108 3913 δια-

532 3943 921 4015 πραττόμενοι.
956 3945 1029 4000 Τὸ
1068 3946 1169 4017 μὲν
1199 3947 1293 4002 οῦν
1324 3948 1454 4004 ἄλλο
1488 3948 1649 4020 σῶμα
1678 3951 1758 4014 είς
1793 3953 1961 4023 μέρος
1996 3950 2108 4007 διι.

534 4051 753 4088 σπασαν
772 4052 787 4066 ·
812 4038 911 4107 τὴν
932 4037 989 4091 δὲ
1017 4037 1260 4112 κεφαλὴν
1283 4038 1359 4110 τῷ
1387 4039 1651 4108 σύρεσθαι
1673 4044 1772 4113 τῆς
1798 4040 2111 4112 ὁλομελείας

531 4126 899 4198 διαζυγεῐσαν,
920 4131 1030 4184 τῶν
1053 4148 1195 4195 τινες
1218 4134 1331 4195 τοῖς
1353 4132 1653 4202 δρωμένοις
1678 4134 1753 4198 ὡς
1778 4133 1925 4199 είκὸς
1948 4135 2112 4188 ἐπαλ-

533 4220 797 4288 γούντων,
841 4222 1146 4295 λεληθότως
1186 4241 1246 4278 τε
1291 4226 1638 4292 ἀνελάὂοντο,
1683 4230 1778 4282 καὶ
1819 4228 1895 4294 ὥς
1936 4245 2000 4299 γε
2045 4224 2113 4301 ἦν

535 4315 719 4378 αὐτοῖς
748 4316 1007 4383 δυνατὸν,
1034 4318 1388 4374 διεσώσαντο.
1420 4318 1697 4387 Ὢταύτως
1729 4322 1787 4376 δὲ
1819 4324 1915 4377 καὶ
1944 4323 2115 4378 τᾶλλα

535 4406 631 4461 τοῦ
676 4407 930 4479 σώματος
972 4412 1381 4484 συλλεξάμενοι,
1416 4417 1484 4487 τῇ
1526 4415 1796 4489 ἐκκλησίᾳ
1838 4416 2113 4475 ἀνέθεντο.

535 4502 612 4557 Τό
642 4504 697 4558 δὲ
729 4508 1002 4576 φυόμενον
1032 4511 1130 4578 τῆς
1163 4507 1398 4580 βοτάνης
1429 4499 1607 4566 ὲκέῖνο
1633 4506 1766 4577 εἶδος
1802 4512 1979 4568 οὐδενὶ
2006 4513 2118 4568 τῶν

541 4597 744 4667 ίπιτρῶν
772 4598 806 4671 ἦ
839 4601 969 4671 περὶ
996 4602 1065 4655 τά
1094 4602 1322 4658 τοιαῦτα
1354 4605 1635 4677 ἐμπείρων
1664 4604 1825 4677 δῆλον
1854 4607 2113 4679 κατέστη.

2206 3401 2454 3455 Statuam
2485 3405 2667 3451 autem
2715 3389 2921 3447 Christi
2973 3384 3278 3444 Christiani
3315 3393 3431 3438 tum
3466 3380 3523 3435 in
3574 3379 3772 3433 Diaco-

2204 3494 2391 3549 nicum
2423 3489 2674 3546 ecclesiae
2719 3484 3151 3546 transtulerunt,
3181 3487 3237 3535 et
3267 3473 3624 3533 honoratiore
3654 3473 3775 3529 loco

2206 3584 2466 3659 positam,
2495 3581 2646 3638 cultu
2680 3575 3031 3634 convenienti
3070 3569 3346 3644 prosecuti
3377 3576 3529 3624 sunt.
3567 3565 3773 3621 Locum

2206 3692 2445 3749 namque
2473 3690 2600 3732 eum
2629 3674 2871 3729 libenter
2902 3670 3344 3739 frcquentantes,
3386 3671 3438 3716 et
3482 3659 3776 3729 imaginem

2166 3816 2169 3819 ι
2208 3773 2382 3845 ipsam
2423 3770 2820 3840 inspectantes,
2858 3762 3199 3819 desiderium
3242 3772 3403 3815 suum
3435 3765 3490 3810 et
3529 3765 3776 3808 amorem
3844 3798 3849 3803 .

2206 3880 2338 3937 erga
2399 3870 2598 3920 statua:
2671 3860 2845 3931 ipsius
2913 3856 3275 3925 archetypum
3341 3847 3779 3922 primariutnquc

2208 3958 2491 4029 exemplar
2546 3949 2925 4012 declararunt.
2989 3948 3147 4020 impii
3203 3962 3369 4018 porro
3425 3940 3783 4012 imperatoris

2210 4060 2373 4117 iStius
2403 4054 2764 4125 temporibus,
2802 4051 2896 4123 qui
2923 4046 3175 4105 Pancade
3200 4045 3377 4110 fuere,
3434 4041 3636 4097 Grzeca:
3683 4054 3781 4092 su-

2211 4149 2555 4224 perstitionis
2606 4154 2931 4209 sectatores,
2994 4140 3283 4201 concitati,
3341 4145 3579 4191 statuam
3633 4147 3780 4194 eam,

2213 4246 2379 4316 sicuti
2429 4242 2569 4310 dixi,
2625 4241 2747 4296 loco
2797 4253 2900 4294 suo
2961 4243 3188 4301 motam,
3237 4232 3466 4288 funibus
3515 4228 3583 4284 ad
3614 4227 3784 4299 pedes

2214 4339 2436 4400 vinctis,
2471 4352 2571 4408 per
2600 4334 2838 4390 mediam
2887 4343 3104 4386 traxere
3139 4328 3306 4391 viam,
3367 4325 3627 4397 omnique
3678 4325 3786 4379 im-

2215 4432 2431 4506 pietatis
2458 4444 2660 4504 genere
2695 4421 3255 4483 contumeliosissime
3281 4418 3539 4474 atl‘ecere.
3574 4416 3678 4487 71
3712 4415 3788 4470 lta

2219 4527 2300 4583 illi
2336 4524 2611 4595 reliquum
2664 4516 2921 4590 imaginis
2953 4528 3157 4584 corpus
3205 4510 3677 4571 comminuerunt,
3733 4516 3789 4561 et

2221 4626 2389 4691 caput
2443 4632 2474 4672 a
2528 4614 2796 4671 membris
2852 4611 2971 4666 suis
3036 4608 3317 4663 divulsum
3385 4604 3789 4660 distraxerunt.

539 4693 650 4747 Καί
678 4710 772 4763 μοι
794 4694 941 4748 δοκεῖ
968 4694 1139 4765 μηδὲν
1164 4692 1306 4751 εἶναι
1330 4671 1639 4769 θαῦμα-καὶ
1667 4671 1824 4766 ξένας
1851 4697 1992 4754 εῖναι
2017 4671 2098 4756 cdt.-

2224 4671 2380 4779 Qdod
2413 4723 2543 4765 sane
2576 4704 2854 4769 nonnulli,
2884 4702 2979 4773 qui
3014 4699 3216 4772 flagitio
3244 4705 3419 4763 tanto,
3474 4696 3549 4751 ita
3603 4704 3664 4749 ut
3698 4708 3797 4762 par

540 4786 864 4857 εὖεργεσίας
883 4787 1213 4861 ἀνθρώποις,
1237 4789 1575 4862 ξενοτρόπως
1596 4792 1730 4847 θεοῦ
1748 4792 1961 4857 τούτοις
1981 4796 2120 4869 ᾑρη-

545 4880 709 4950 μένου
737 4879 1025 4952 ἐπιδημεῖν
1045 4896 1060 4913 ο
1090 4882 1172 4937 ὅτι
1199 4899 1262 4953 γε
1294 4883 1390 4937 καὶ
1415 4883 1554 4939 ἄλλα
1581 4885 1810 4941 πλεῖστα
1839 4887 2118 4959 παράδοξα

543 4975 685 5028 κατά
725 4975 909 5047 χώρας
953 4976 1046 5031 καὶ
1087 4977 1283 5049 κώμας
1322 4979 1505 5049 μόνοις
1538 4983 1649 5042 τοῖς
1686 4982 2011 5053 ἐπιχωρίοις
2048 4982 2124 5048 ὡς

545 5067 692 5130 rixo;
742 5067 1011 5135 ἔγνωσται
1054 5072 1122 5142 τῇ
1167 5071 1228 5139 ἐξ
1272 5072 1503 5143 ἀρχαίου
1556 5075 1852 5146 παραδόσει
1900 5076 2124 5145 διεγνω-

546 5161 743 5230 σμένα.
777 5162 899 5217 ὀτι
931 5162 976 5217 δ’
1003 5163 1204 5235 ἀληθὲς
1236 5166 1296 5221 τὸ
1330 5167 1626 5238 λεγόμενον
1648 5209 1663 5235 ,
1698 5170 1870 5239 ἐγγὺς
1903 5173 1932 5226 ὁ
1966 5171 2124 5241 λόγος

545 5252 758 5323 δηλοῦν.

2224 4811 2366 4870 erat,
2400 4800 2713 4866 indoluere,
2741 4800 2882 4853 clam
2923 4794 3226 4855 sublatum,
3258 4791 3416 4845 sicuti
3471 4798 3794 4861 potuerunt,

2227 4901 2632 4954 conservarunt
2673 4908 2689 4947 :
2737 4890 3042 4959 itidemque
3073 4896 3130 4942 et
3163 4884 3299 4940 alias
3331 4885 3583 4953 corporis
3612 4889 3803 4952 partes

2228 4990 2491 5047 collectas
2529 4988 2584 5043 in
2614 4984 2849 5041 ecclesia
2907 4987 3304 5052 reposuerunt.
3362 4976 3583 5036 llerbre,
3635 4988 3801 5044 quam

2229 5080 2305 5135 ibi
2337 5091 2556 5134 enatam
2594 5077 2855 5140 diximus,
2892 5072 3107 5143 species
3145 5070 3279 5126 nulli
3312 5069 3397 5124 vel
3431 5068 3799 5125 medicorum,

2229 5172 2311 5227 vel
2345 5171 2577 5225 aliorum
2609 5168 2866 5240 peritiam
2918 5166 3107 5222 talium
3139 5180 3324 5220 rerum
3350 5160 3795 5216 consectantium
3874 5225 3877 5228 ἠ

2226 5268 2444 5336 cegnita
2469 5266 2594 5321 fuit.
2627 5264 2757 5318 Mihi
2785 5278 2915 5318 vero
2948 5262 3176 5316 minime
3207 5259 3522 5312 mirandum
3557 5258 3793 5316 videtur,

551 5362 697 5456 npva
726 5347 1325 5456 lioruinibusexhiberi
1354 5354 1644 5425 beneficia,
1692 5372 1840 5413 novo
1883 5358 2121 5414 subinde
2162 5361 2327 5415 modo
2365 5360 2476 5415 Deo
2536 5362 2657 5430 ipso
2724 5374 2821 5415 eos
2866 5360 3161 5415 invisente.
3222 5357 3357 5412 Nam
3414 5353 3521 5410 alia
3575 5366 3800 5420 quoque

555 5444 792 5511 plurima
836 5448 1126 5515 miracula,
1176 5466 1301 5520 quae
1355 5451 1411 5506 in
1461 5454 1633 5509 certis
1682 5454 1820 5510 vicis
1860 5469 1924 5509 ac
1991 5455 2315 5525 regionibus
2379 5467 2529 5520 sunt,
2560 5457 2695 5513 solis
2733 5454 2953 5519 incolis,
2985 5453 3148 5510 sicuti
3195 5460 3635 5508 consentaneum
3688 5458 3798 5512 est,

553 5552 623 5593 ex
654 5547 869 5596 vetusta
896 5542 1166 5615 majorum
1203 5544 1503 5604 traditione
1531 5558 1660 5605 nota
1694 5564 1838 5620 esse,
1882 5565 2005 5621 quae
2035 5550 2293 5621 sequitur
2323 5552 2584 5623 _narratio
2613 5550 2903 5607 verissime
2932 5549 3201 5610 declarat.
