4050 6244
481 481 581 546 55⁸1

1379 480 1980 545 ΕΕΕιΕΞΙΑΞΠΟίΕ
2016 480 2407 541 ΠὶδΊῸιίῌὲ
2450 483 2592 545 LlB.
2637 482 2707 546 Χ.

3626 477 3733 545 558

482 601 574 652 καὶ
597 597 735 653 Θεοῦ
772 598 895 652 Υἰὲον
931 596 1168 665 ποιοῦσι,
1205 597 1355 669 μάχῃ
1383 614 1438 651 τε
1467 596 1659 666 μακρᾷ
1691 595 1785 649 καὶ
1810 594 2052 663 ἐλέγχων

2174 594 2249 663 ιιιὶ
2287 595 2562 651 hominem
2604 598 2947 653 Palatstinum
2990 597 3159 651 Deum
3190 606 3243 651 et
3292 596 3385 651 Dei
3421 596 3618 651 Filium
3653 598 3733 651 Γει-

485 692 630 764 ἱσχύῖ
657 693 872 763 γέλωτα
896 693 1182 764 ἀποφήνας
1207 692 1301 745 καὶ
1326 690 1613 760 φλήναφον
1642 688 1709 740 τὰ
1738 686 2052 756 τιμώμενα,

481 789 791 859 σοφώτερος
827 790 883 842 ἐν
916 789 1028 852 τοῖς
1060 788 1247 851 αὐτοῖς
1276 785 1545 839 δέδεικται
1598 780 1691 836 τοῦ
1720 781 1923 852 Τυρίου
1958 780 2057 847 γὲο

482 898 689 954 ροντος.
720 882 911 945 Ἱλεως
945 882 1003 936 δὲ
1057 880 1213 943 οὗτος
1240 880 1269 932 ὁ
1317 878 1517 948 Τύριος
1567 872 1678 943 εἴη,
1713 871 1808 926 καὶ
1848 870 2057 942 δέχοιτο

482 976 723 1046 εὐμενῶς
750 975 813 1029 τὸ
849 974 1035 1046 ῥηθὲν,
1066 974 1140 1039 ὡς
1166 974 1232 1028 ἂν
1262 971 1365 1043 ὶδίῷ
1398 969 1734 1043 ἡττώμενος.
1767 984 1787 1019 ε

552 1164 664 1217 Καὶ
701 1165 728 1217 ὁ
764 1164 864 1234 μὲν
899 1160 1163 1232 σοφιστὴς
1198 1159 1370 1213 ταῦτα
1393 1174 1405 1189 ·
1439 1158 1550 1226 ἐγὼ
1581 1156 1639 1212 δὲ
1690 1157 1914 1227 ἄριστον
1962 1153 2058 1225 μὲν

486 1256 762 1328 σοφιστῶν
795 1254 913 1310 οἰδα
944 1256 1034 1309 τὸν
1067 1254 1259 1328 ἄνδρα,
1294 1254 1391 1307 καὶ
1411 1252 1661 1324 γλῶτταν
1692 1252 1907 1321 αὐχεῖν,
1938 1250 2058 1301 οῖιν

483 1352 590 1407 ἔδει
622 1350 798 1405 δεινὸν
835 1354 1042 1423 ῥήτορα
1066 1332 1370 1419 κεκτῆσθαι
1398 1364 1412 1379 ·
1446 1347 1588 1400 ὥστε
1626 1344 1901 1400 καὶτοῦτο
1930 1347 2059 1397 πᾶσι

484 1444 959 1517 διαμαρτύρομαι,
1000 1445 1075 1507 ώς
1110 1443 1159 1496 εἰ
1192 1442 1343 1511 αὖτῷ
1373 1439 1426 1511 γ’
1456 1440 1651 1512 ἐκείνῳ
1692 1436 1765 1509 μὴ
1794 1437 1892 1506 τῆς
1941 1436 2059 1506 ἴσης

485 1537 769 1594 ἐκοινώνει
799 1536 979 1609 δόξης,
1014 1536 1111 1590 καὶ
1146 1535 1321 1590 πλείω
1355 1537 1387 1604 ἢ
1419 1533 1742 1606 Χριστιανοὶ
1770 1529 1892 1585 κατ’
1918 1530 2062 1583 ὲκεί-

488 1649 580 1685 νου
616 1632 938 1703 εἰρήκεσαν,
974 1630 1071 1684 καὶ
1096 1621 1251 1694 οὗτος
1281 1629 1346 1681 ἂν
1378 1620 1500 1681 εἰπε
1531 1667 1546 1694 ,
1586 1626 1679 1680 καὶ
1717 1624 2062 1695 μεγαλοπρε-

491 1724 608 1788 πῶς
637 1726 704 1779 ἂν
738 1724 900 1789 αὐτὰ,
956 1723 1053 1780 ἅτε
1084 1722 1149 1793 δὴ
1183 1726 1445 1793 σοφιστὴς
1491 1719 1589 1785 ῶν,
1632 1717 1941 1789 διεξῆλθενο
1982 1717 2064 1771 ὅτι

489 1834 554 1888 γε
579 1825 677 1876 καὶ
706 1816 869 1883 ζῶντι
917 1816 1017 1885 μὲν
1045 1817 1414 1885 Κωνσταντίῳ
1448 1813 1712 1877 ἐπαίνους
1756 1811 1905 1877 ἔλεξε
1931 1849 1946 1874 ,
1976 1827 2065 1864 τε·

493 1910 815 1980 λευτήσαντι
848 1907 928 1973 δὲ,
960 1905 1165 1977 ψόγους
1226 1908 1574 1961 συνέταττεν.
1615 1903 1677 1957 Εἰ
1718 1902 1774 1958 δὲ
1804 1904 1899 1959 καὶ
1925 1902 2066 1973 Πορ-

494 1996 690 2071 φύριος
723 1996 961 2070 διάδημα
990 1996 1327 2067 περιέκειτο,
1362 1989 1519 2068 οἶμαι
1551 1993 1735 2066 πολλῷ
1764 1993 1829 2049 ἂν
1864 1992 2066 2065 σεμνύ-

495 2111 582 2149 ναι
611 2092 678 2148 τὰ
706 2091 923 2146 ἐκείνου
956 2090 1066 2144 τῶν
1096 2088 1414 2146 Ὶουλιανοῦ.
1455 2089 1519 2145 Εἰ
1549 2088 1606 2144 δὲ
1655 2089 1746 2143 καὶ
1776 2086 2067 2153 Ἰουλιανὸς

498 2186 816 2258 σοφίζεσθαι
844 2184 1027 2259 ἠθελε,
1058 2185 1153 2241 καὶ
1183 2185 1351 2241 αὖτδν
1382 2184 1452 2240 ἂν
1476 2184 1648 2239 κακὸν
1680 2182 1872 2256 εἴρηκε
1914 2200 2069 2254 σοφι-

499 2283 651 2352 στὴν,
681 2280 871 2352 ὥσπερ
909 2280 1050 2351 δῆτα
1106 2280 1204 2335 καὶ
1250 2277 1569 2348 Ἐκηόόλιον
1622 2272 1779 2343 οὗτος
1813 2277 2067 2341 Αιῦἀνιος

495 2374 557 2428 ὲν
588 2371 668 2443 τῷ
698 2371 972 2443 εἰρημένῳ
1014 2370 1343 2443 Ἑπηαφίῳ.
1379 2370 1531 2425 Ἐπεὶ
1558 2369 1603 2425 δ’
1631 2370 1839 2432 ἐκεῖνος
1874 2371 1968 2424 καὶ
1991 2368 2068 2435 ώς

494 2462 592 2533 τῆς
619 2460 789 2517 αὐτοῦ
818 2461 1095 2514 κοινωνῶν
1125 2459 1306 2530 δόξης,
1341 2460 1432 2513 καὶ
1457 2458 1531 2524 ώς
1560 2460 1735 2529 φίλος,
1767 2461 1817 2513 εἰ
1846 2458 1904 2513 δὲ
1941 2458 2066 2530 βού-

493 2554 598 2621 λει,
639 2555 732 2609 καὶ
760 2552 837 2620 ώς
866 2554 1160 2626 σοφιστὴς,
1193 2554 1292 2608 ὅσα
1327 2553 1378 2623 γ’
1412 2553 1586 2607 ἐδόκει
1630 2555 2065 2626 καταχαρίζεται

508 2646 804 2720 Ἰουλιανῷ.
839 2648 973 2719 φέρε
1000 2647 1068 2721 δὴ
1088 2649 1181 2703 καὶ
1206 2649 1368 2719 ἡμεῖς
1393 2646 1469 2712 ώς
1511 2647 1575 2703 ἂν
1607 2648 1791 2720 ἰσχύος
1828 2650 2064 2719 ἔχωμεν,

495 2742 883 2812 άντιλέξωμεν.
928 2739 1241 2796 Ἐπιθὲσθαι
1267 2739 1375 2814 γάρ
1405 2758 1538 2813 φησι
1575 2744 1696 2805 ταῖς
1725 2742 1934 2811 ﬂiam;
1968 2760 2071 2810 μαι

497 2836 634 2907 κρὰς
668 2844 766 2899 τὰς
796 2833 995 2901 νύκτας
1025 2833 1121 2888 τοῦ
1152 2834 1423 2906 χειμῶνος
1454 2832 1851 2907 ἐργαζομένου.
1883 2836 2067 2889 “Eone:

494 2929 551 2984 δὲ
580 2931 640 2984 τὸ
694 2927 981 2985 ἐπιθέσθαι
1010 2927 1230 3000 δηλοῦν,
1264 2928 1339 2993 ώς
1388 2928 1479 2984 διὰ
1542 2930 1780 3001 σπουδῆς
1828 2932 2069 2984 ἐποιεῖτο

492 3022 663 3095 ψόγον
701 3021 936 3094 γράψαι,
1000 3021 1189 3091 ὥσπερ
1217 3021 1353 3094 δῆτα
1387 3023 1640 3089 σοφισταὶ
1688 3023 1903 3077 ποιοῦσι
1942 3026 2067 3089 τοὺς

496 3114 652 3179 νέους
687 3114 1087 3186 γυμνάζοντες.
1113 3113 1271 3176 Εἰκὸς
1310 3113 1409 3184 μὲν
1440 3113 1550 3185 γὰρ
1594 3117 1690 3178 τὰς
1716 3113 1931 3186 βίϐλους
1962 3115 2071 3171 πά-

495 3207 584 3263 λαι
626 3207 955 3263 ἐπίστασθαι
1001 3201 1085 3271 οἷς
1144 3205 1455 3279 διηκόνητο.
1494 3207 1753 3263 Ἐπέθετο
1802 3208 1858 3265 δὲ
1917 3210 2069 3283 μάχῃ

2158 688 2332 755 ciunt,
2363 690 2570 759 ingenti
2602 692 2955 747 contentione
2992 701 3046 746 et
3082 692 3130 745 vi
3165 707 3260 747 eos
3288 690 3562 754 refutavit,
3605 692 3734 746 reli-

2158 780 2481 852 gionemque
2531 798 2647 837 eam
2686 784 2857 839 risum
2904 798 3133 852 prorsus
3163 793 3216 837 et
3256 798 3429 854 nugas
3461 798 3582 838 esse
3639 780 3739 836 de-

2157 874 2407 929 claravit.
2456 872 2573 940 Qua
2637 875 2692 931 in
2754 891 2813 931 re
2866 876 3254 946 sapientiorem
3303 892 3361 931 se
3394 875 3558 947 Tyrio
3605 893 3733 930 sene

2159 967 2433 1037 prcestitit.
2470 967 2577 1023 Sed
2612 970 2714 1024 hoe
2756 968 2892 1023 mihi
2942 969 3189 1041 ignoscat
3244 968 3442 1040 Tyrius
3494 968 3618 1031 iste,
3682 980 3737 1020 tt

2159 1061 2371 1132 placide
2410 1064 2514 1119 hoc
2546 1063 2750 1119 dictum
2786 1064 2966 1131 ferat,
3001 1064 3148 1135 quod
3178 1082 3204 1118 a
3236 1064 3345 1119 ﬁlio
3374 1067 3445 1119 sit
3472 1064 3670 1117 Victus.
3714 1084 3729 1113 ι

2236 1155 2360 1210 litec
2391 1158 2631 1227 sophista
2669 1157 2781 1213 ille.
2819 1159 2997 1230 Atque
3030 1172 3129 1229 ego
3154 1156 3375 1229 quidem
3407 1172 3529 1211 eum
3560 1160 3734 1209 \irum

2161 1250 2427 1321 Optimum
2462 1252 2629 1307 fuisse
2659 1251 2979 1322 sophistam,
3012 1260 3068 1307 et
3112 1251 3180 1305 ab
3211 1249 3527 1320 eloquentia
3564 1249 3735 1318 ῃιιιτις

2163 1357 2309 1397 ιιιιιιιι
2347 1344 2613 1412 potuisse,
2647 1356 2704 1399 ut
2742 1352 3015 1399 oratorem
3073 1345 3392 1415 egregium,
3422 1345 3558 1398 scio.
3592 1341 3738 1408 Qua-

2163 1448 2387 1511 pr0ptcr
2414 1439 2557 1509 apud
2588 1454 2777 1496 omnes
2801 1440 2965 1494 etiam
3011 1447 3310 1501 contestor,
3339 1436 3519 1501 illum,
3552 1438 3655 1490 nisi
3685 1442 3739 1491 in

2161 1533 2354 1589 eadem
2387 1548 2509 1589 cum
2536 1534 2776 1600 Juliano,
2811 1534 2865 1588 in
2909 1532 3194 1603 religione,
3236 1531 3431 1589 fuisset
3456 1532 3735 1604 opinione,

2164 1628 2320 1700 plura
2340 1628 2505 1683 etiam
2559 1627 2613 1682 in
2651 1626 2988 1697 illumqnam
3034 1625 3335 1681 Christiani
3386 1622 3646 1683 dixerint.
3686 1630 3741 1675 et

2165 1718 2384 1793 quidem
2417 1728 2476 1774 ut
2509 1718 2785 1774 hominem
2825 1718 3151 1791 sophistam,
3187 1714 3531 1788 splendidius
3561 1715 3742 1770 dictu-

2166 1828 2287 1869 rum
2311 1813 2519 1881 fuisse;
2550 1813 2811 1884 quoniam
2846 1821 2900 1867 et
2946 1811 3001 1867 in
3036 1810 3418 1871 Constantium
3465 1810 3738 1865 viventem

2168 1907 2389 1978 quidem
2410 1905 2689 1963 orationes
2716 1906 3047 1961 laudatorias
3087 1903 3416 1976 composuit,
3449 1902 3506 1959 in
3541 1901 3739 1957 delun-

2169 2010 2319 2058 ctum
2356 2011 2538 2058 autem
2572 2000 2872 2057 invectivas
2910 1999 3263 2070 conscripsit.
3292 1996 3370 2053 Ac
3412 1996 3459 2053 si
3494 1995 3742 2067 Porphy-

2169 2095 2287 2153 rius
2334 2095 2617 2166 imperiale
2658 2094 2988 2165 sumpsisset
3020 2093 3267 2149 diadema
3291 2134 3305 2154 ,
3337 2095 3541 2160 scripta
3596 2092 3739 2147 illius

2166 2188 2327 2258 longe
2352 2186 2553 2244 Iuliani
2584 2186 2758 2252 libris,
2787 2187 2925 2258 style
2947 2202 3010 2240 ea
3048 2187 3356 2251 celebrans,
3393 2197 3449 2240 ut
3481 2186 3737 2253 ιιι-ινιὶιιυηι

2167 2290 2320 2351 puto,
2357 2278 2703 2352 praetulisset.
2734 2278 2789 2334 Si
2814 2294 2943 2335 vero
2969 2277 3219 2334 Julianus
3253 2289 3423 2332 ut‘ttrztl
3471 2276 3744 2341 sophisti-

2169 2389 2289 2431 cam
2317 2371 2680 2436 exercuisset,
2712 2387 2837 2427 eum
2858 2371 3036 2443 ipsum
3058 2386 3277 2441 quoque
3311 2372 3609 2441 Sophistam
3630 2387 3739 2423 non

2169 2468 2372 2523 bonum
2429 2465 2597 2522 luisse
2658 2464 2932 2520 dixisset:
2974 2465 3136 2519 sicuti
3172 2464 3239 2519 de
3272 2463 3530 2518 Ecebolm
3593 2460 3740 2527 fecit,

2170 2560 2227 2615 in
2248 2559 2438 2617 eadem
2462 2559 2529 2613 de
2550 2557 2767 2614 Iuliano
2793 2555 3039 2612 oratione
3073 2553 3288 2610 funebri
3325 2571 3440 2607 sua.
3472 2552 3740 2608 Ceterum

2171 2668 2295 2707 eum
2350 2651 2439 2706 ille
2473 2649 2718 2723 ejusdem
2749 2647 3031 2706 SClllClltltU
3055 2663 3178 2704 cum
3202 2646 3419 2703 Juliauo
3447 2644 3739 2716 pa:ticeps,

2171 2745 2493 2817 amicusque
2525 2744 2665 2815 ejus,
2706 2752 2761 2800 et
2791 2745 2838 2800 si
2867 2742 3071 2800 addere
3101 2742 3254 2806 libet,
3284 2741 3552 2811 sophista.
3594 2756 3742 2813 qua:-

2169 2854 2388 2912 cunque
2420 2839 2472 2895 ci
2506 2839 2621 2897 visa
2666 2847 2829 2903 sunt,
2859 2836 3077 2893 Juliano
3110 2834 3365 2891 tribuerit
3405 2852 3418 2886 :
3489 2849 3586 2906 age
3643 2849 3743 2888 nos

2167 2951 2387 3010 quoque
2424 2932 2604 3007 quoad
2656 2947 2979 3005 possumus,
3007 2945 3132 2986 eum
3179 2929 3547 2986 confutcmus.
3582 2929 3744 2984 Ineu-

2168 3029 2354 3087 buisse
2376 3028 2523 3084 enim
2548 3027 2724 3091 illum,
2750 3025 2948 3098 inquit.
2970 3024 3127 3080 libris
3155 3023 3500 3096 longioribus
3544 3024 3744 3081 hiemis

2168 3126 2444 3180 noctibus.
2483 3121 2713 3180 Videtur
2749 3131 2931 3179 autem
2983 3136 3082 3191 per
3144 3122 3374 3176 verbum
3415 3121 3745 3177 incumbcndi

2169 3218 2501 3292 signiﬁcare,
2532 3216 2717 3273 studio
2757 3216 2832 3272 illi
2881 3214 3074 3282 fuisse,
3124 3214 3429 3272 invectivas
3456 3215 3703 3271 scribere
3728 3257 3742 3280 ,

498 3300 771 3373 σχολάζων
829 3302 1038 3373 μακρᾷ,
1096 3300 1212 3355 ἀλλ’
1250 3300 1352 3356 οὐκ
1409 3300 1655 3373 ιλέγχων
1686 3300 1855 3375 ἰσχύϊ,
1889 3304 1963 3370 ώς
2007 3307 2067 3361 σὺ

2176 3312 2340 3369 sicuti
2370 3312 2631 3382 sephista
2672 3310 2916 3367 studium
2961 3309 3237 3365 collocant
3283 3309 3338 3364 iu
3376 3309 3746 3365 adolescenti-

498 3394 640 3467 φής’
687 3393 945 3467 ἀσθενείᾳ
981 3395 1037 3449 δὲ
1083 3394 1354 3466 τάληθοῦς
1396 3394 1471 3458 ώς
1518 3394 1953 3467 φιλοσκώμμων,
1997 3399 2067 3460 τὰ

496 3488 678 3554 καλῶς
700 3488 1019 3561 ἡδρασμένα
1044 3488 1378 3560 ἐπεχείρησε
1404 3487 1709 3559 διασύρειν.
1749 3489 1808 3544 '0
1833 3492 1937 3562 γάρ
1960 3508 2066 3544 τινι

496 3585 633 3655 προς
666 3586 849 3656 μάχην
881 3584 999 3651 ἰὼν,
1022 3582 1092 3638 τὰ
1124 3584 1225 3653 μὲν
1246 3582 1690 3657 παρασκώπτων,
1717 3585 1785 3638 τα
1813 3585 1868 3639 δι
1897 3602 2065 3658 προσ-

493 3679 689 3742 τιθεὶς,
768 3676 863 3731 καὶ
892 3677 1056 3731 παντὶ
1097 3676 1285 3748 τρόπῳ
1310 3678 1412 3749 τὴν
1440 3678 1528 3746 ἐφ’
1556 3675 1772 3748 ἑκάστῳ
1807 3677 2068 3749 ἀλήθειαν

499 3770 939 3844 παρακρύπτων,
1001 3770 1297 3843 ψεύδεταιο
1354 3774 1452 3827 καὶ
1513 3772 1771 3843 ἀπεχθῶς
1829 3773 1968 3842 ἔχων
2006 3774 2067 3828 οὐ

496 3868 765 3939 πράττειν
811 3868 998 3937 μόνον,
1032 3866 1172 3921 ἀλλὰ
1221 3866 1316 3926 καὶ
1361 3865 1544 3935 λέγειν
1589 3866 1923 3931 σπουδάζειο
1975 3868 2071 3923 καὶ

500 3963 567 4015 τὰ
593 3960 742 4031 αὐτῷ
771 3963 820 4015 οἱ
873 3960 1148 4035 προσόντα
1181 3960 1362 4030 φαῦλα
1388 3961 1468 4032 τῷ
1513 3959 1694 4032 ἐχθρῷ
1730 3959 2072 4032 περιτιθέναι

500 4048 702 4120 μᾶλλον
725 4051 1022 4112 οἰκονομεῖ.
1051 4046 1194 4103 Ἀλλ’
1223 4049 1307 4103 ὃτι
1340 4050 1440 4118 μὲν
1471 4049 1565 4103 καὶ
1611 4050 1804 4120 ἄμφω,
1841 4048 2069 4103 Ἰουλια-

498 4145 587 4207 νός
619 4161 762 4217 φημι
794 4141 891 4198 καὶ
925 4140 1261 4216 [Ιορφύριος,
1293 4140 1355 4195 δν
1389 4140 1590 4211 Τύριον
1623 4141 1783 4197 καλεῖ
1810 4141 2068 4212 γέροντα,

500 4237 877 4307 φιλοσκώπται
919 4232 1082 4309 ἦσαν,
1125 4236 1235 4295 ἀπὸ
1263 4234 1373 4289 τῶν
1423 4234 1570 4289 ἰδίων
1612 4235 2071 4307 συγγραμμάτων

503 4330 690 4401 σαφῶς
717 4329 1085 4401 ἐπιδείξομεν.
1125 4328 1214 4387 Ἑν
1247 4328 1347 4399 μὲν
1376 4328 1484 4397 γὰρ
1510 4324 1576 4399 τῇ
1608 4328 2071 4401 ἐπιγεγραμμένη]

501 4424 650 4497 αὑτῷ
674 4426 990 4493 Φιλοσόςρῳ
1007 4422 1264 4493 Ἱστορίᾳ
1295 4423 1606 4495 Πορφύριος
1631 4425 1723 4477 τὸν
1749 4423 2074 4494 Σωκράτους

504 4518 616 4589 βίον
653 4518 731 4580 ὡς
773 4517 1015 4589 μάλιστα
1062 4516 1341 4589 διασύρει,
1399 4517 1640 4573 τοσαῦτα
1690 4517 2071 4588 συκοφαντῶν,

501 4613 582 4666 ὅτε
626 4612 692 4667 ἂν
735 4613 857 4667 οὐδὲ
883 4614 1112 4675 ’Ἄνυτος
1169 4612 1289 4666 οὐδὲ
1348 4612 1586 4672 Miluo;
1628 4612 1677 4664 οἰ
1738 4611 2074 4682 παρανόμων

2172 3407 2277 3462 bus
2324 3404 2672 3463 exercendis.
2727 3402 3171 3460 Consentaneum
3242 3415 3374 3458 vero
3423 3412 3529 3467 est,
3575 3402 3746 3457 libros

2174 3498 2312 3556 istos
2338 3514 2463 3556 eum
2495 3508 2655 3555 antea
2682 3502 2924 3563 novisse,
2973 3497 3174 3568 quibus
3205 3496 3465 3553 videlicet
3496 3497 3549 3552 in
3584 3513 3745 3554 sacro

2174 3590 2471 3662 aliquando
2502 3590 2810 3659 ministerio
2838 3605 2971 3648 usus
3007 3587 3195 3644 fuerit.
3228 3588 3292 3645 Et
3344 3588 3593 3646 incubuit
3638 3587 3750 3644 illis

2174 3686 2359 3744 studio
2374 3695 2430 3743 et
2445 3685 2798 3741 contentione
2815 3682 3183 3750 diuturniore,
3206 3681 3302 3738 sed
3332 3697 3429 3740 eos
3449 3682 3502 3738 vi
3526 3682 3747 3739 dicendi

2176 3796 2285 3838 non
2320 3779 2600 3851 redarguit
2622 3786 2677 3835 et
2703 3776 2925 3843 refellit,
2972 3785 3033 3833 ιιι
3082 3786 3137 3833 ιιι
3171 3776 3351 3844 dicis,
3398 3791 3593 3834 verum
3643 3778 3751 3832 im-

2177 3873 2475 3931 becillitate
2530 3872 2710 3943 potius
2744 3869 2967 3942 ingenii,
3002 3878 3061 3925 et
3106 3867 3321 3925 defectu
3372 3868 3640 3937 veritatis,
3690 3879 3752 3924 ut

2178 3966 2345 4022 homo
2371 3966 2602 4030 facetus,
2624 3974 2680 4020 et
2704 3961 3099 4020 scommatibus
3130 3961 3367 4017 libenter
3390 3962 3607 4027 ludens,
3629 3978 3752 4033 qme

2179 4061 2353 4131 probe
2395 4059 2619 4115 fundata
2670 4067 2840 4127 sunt,
2877 4059 3188 4115 convellere
3238 4066 3293 4112 et
3339 4056 3627 4115 traducere
3668 4066 3753 4112 est

2179 4159 2430 4208 conatus.
2458 4151 2595 4208 Nam
2624 4152 2717 4222 qui
2744 4165 2869 4206 cum
2901 4151 3010 4206 alio
3034 4150 3136 4205 hoc
3170 4164 3366 4221 pugnae
3390 4164 3593 4220 genere
3616 4163 3752 4204 eon-

2180 4246 2463 4319 greditur,
2520 4243 2769 4317 quaedam
2825 4243 3144 4301 adulterans
3204 4251 3367 4312 atque
3419 4241 3750 4313 depravans,

2182 4338 2430 4411 quaedam
2467 4337 2535 4394 de
2573 4352 2673 4395 suo
2719 4337 3020 4410 adjiciens‘,
3050 4338 3337 4408 modisque
3380 4337 3640 4393 omnibus
3694 4338 3750 4392 in

2183 4449 2242 4490 re
2271 4442 2328 4488 et
2347 4432 2619 4491 sententia
2644 4448 2862 4505 quaque
2887 4432 3178 4488 veritatem
3204 4434 3574 4504 supprimens,
3597 4447 3756 4489 men-

2185 4526 2315 4582 titur
2352 4539 2406 4581 et.
2452 4526 2590 4582 fallit
2623 4544 2637 4579 :
2696 4536 2858 4597 atque
2904 4528 3031 4583 odio
3070 4536 3126 4583 et
3165 4527 3469 4585 inimicitiis
3498 4527 3752 4595 infestus,

2184 4635 2293 4674 non
2328 4620 2509 4675 facere
2541 4620 2737 4686 solum,
2771 4619 2867 4675 sed
2906 4619 3072 4675 etiam
3118 4618 3303 4675 dicere
3339 4621 3612 4677 hostiliter
3641 4632 3758 4676 stu-

504 4710 712 4762 ῖκείνον
745 4705 1095 4777 γραψάμενοι
1137 4705 1433 4777 ἐνενόησαν
1456 4722 1469 4737 ο
1502 4706 1600 4760 καὶ
1626 4695 1802 4758 ταῦτα
1851 4704 2067 4774 Σωκρά-

2182 4711 2274 4768 det
2315 4712 2458 4784 ιε’]
2495 4729 2559 4771 ac
2591 4726 2936 4784 quaecunque
2962 4713 3068 4769 sibi
3103 4714 3291 4769 insunt
3327 4714 3489 4781 mala,
3531 4715 3756 4770 inimico

503 4816 604 4869 την
630 4799 693 4854 ὃν
720 4802 813 4857 ἐπὶ
849 4799 1178 4873 σωφροσύνῃ
1205 4801 1299 4854 καὶ
1332 4797 1654 4871 δικαιοσύνῃ
1691 4798 1786 4853 καὶ
1816 4800 1936 4862 ταῖς
1964 4797 2075 4851 λοι-

506 4897 631 4960 παῖς
659 4896 883 4967 ἀρεταῖς
931 4895 993 4949 οὗ
1042 4894 1268 4949 Πλάτων
1298 4894 1458 4965 μόνον
1502 4894 1592 4948 καὶ
1619 4892 1897 4962 Ξενοφῶν,
1936 4891 2076 4947 ἀλλὰ

505 4989 866 5052 καὶὸλοιπδς
918 4986 1029 5042 τῶν
1084 4987 1393 5058 φιλοσόφων
1446 4986 1653 5053 θίασος,
1706 4985 2074 5058 διαφερόντως

505 5082 888 5153 θαυμάσαντες
911 5083 985 5145 ώς
1017 5081 1266 5152 θεοφιλῆ,
1301 5082 1397 5135 καὶ
1421 5080 1495 5145 ώς
1530 5079 1717 5149 μεῖζον
1746 5079 1777 5149 ἦ
1808 5081 1951 5133 κατὰ
1977 5081 2073 5133 ἄνα

506 5176 725 5249 θρωπον
774 5175 1149 5246 φρονήσαντα,
1181 5173 1572 5229 ὲκδεδώκασιν.
1620 5174 1678 5229 '0
1711 5173 1769 5227 δὲ
1819 5173 2073 5244 παραϐά-

503 5287 601 5340 της
629 5270 720 5323 τὸν
745 5270 957 5339 πατέρα
981 5266 1255 5337 ζηλώσας,
1289 5265 1359 5322 τὰ
1390 5266 1481 5321 ῑσα
1508 5268 1590 5330 εἰς
1612 5268 1736 5331 τοὺς
1770 5266 1879 5338 πρὸ
1903 5266 2068 5322 αὑτοῦ

507 5359 793 5431 Καίσαρος
819 5360 1189 5431 διειργάσατο·
1216 5360 1351 5412 πᾶσι
1387 5359 1495 5430 γὰρ
1528 5359 1722 5430 μῶμον
1750 5360 2069 5429 ἐπαγαγών,

503 5454 622 5507 οὐδὲ
650 5452 741 5507 τοῦ
778 5452 1078 5521 φιλοσόφου
1110 5451 1372 5521 ἐφείσατο
1412 5450 1665 5524 Μάρκου.
1707 5452 1975 5508 Τοσοῦτον
2009 5469 2073 5522 γε

506 5550 617 5621 μὴν
648 5549 1063 5605 Κωνσταντίνου
1111 5547 1209 5604 τοῦ
1242 5548 1486 5619 μεγάλου
1540 5548 1634 5602 καὶ
1681 5550 2068 5604 Κωνσεαντίου

502 5643 596 5697 τοῦ
624 5642 742 5697 olei
772 5643 1125 5714 κατατρέχει,
1148 5641 1223 5706 ώς
1255 5645 1511 5712 συνάγειν
1535 5642 1653 5697 ἐνὸν
1697 5639 1861 5705 εἶναι,
1894 5644 1969 5713 μὴ
2004 5641 2071 5694 δι’

501 5733 633 5787 ἄλλο
653 5751 705 5788 τι
736 5734 957 5789 ἑλέσθαι
989 5734 1051 5788 τὸ
1085 5732 1397 5804 σύνταγμα,
1430 5734 1461 5805 ἢ
1487 5733 1575 5788 διὰ
1605 5733 1666 5787 τὸ
1708 5734 1922 5805 σκῶψαι
1944 5734 2073 5788 τού·

501 5843 625 5893 τους
649 5828 724 5893 ώς
758 5827 1031 5898 θεοφιλεῖς
1069 5828 1292 5900 ἄνδρας,
1324 5828 1418 5883 καὶ
1452 5828 1541 5885 ἐπ’
1574 5829 1796 5899 ἀρεταῖς
1834 5831 1930 5883 καὶ
1974 5829 2072 5881 ἀνι

506 5920 682 5991 δρίαις
713 5924 805 5977 καὶ
836 5924 903 5994 τῇ
949 5922 1143 5992 ἀληθεῖ
1176 5922 1465 5995 φιλοσοφίᾳ
1494 5922 1556 5976 τὸ
1583 5921 1868 5993 διαῦόητον
1908 5924 2072 5992 ἐσχη-

2183 4820 2248 4861 ea
2287 4822 2388 4863 suo
2411 4807 2694 4879 imponere
2729 4806 3035 4863 contendit.
3069 4806 3174 4863 Sed
3211 4806 3357 4863 enim
3393 4808 3540 4879 quod
3569 4808 3753 4873 ambo,

2182 4899 2431 4957 Julianus
2489 4901 2734 4971 inquam,
2786 4908 2843 4955 et
2895 4898 3277 4971 Porphyrius,
3330 4917 3494 4972 quem
3532 4901 3755 4973 Tyrium

2182 5007 2367 5049 senem
2401 5002 2580 5060 vocat,
2606 5008 2966 5051 scommatum
2995 5004 3406 5051 consectatores
3437 4994 3660 5062 fuerint,
3699 4997 3754 5051 id

2181 5097 2248 5139 ex
2270 5083 2428 5138 libris
2445 5098 2636 5138 eorum
2670 5094 2857 5154 aperte
2877 5086 3251 5143 ostendemus.
3300 5085 3358 5140 lu
3382 5084 3757 5157 Philosophica

2181 5177 2349 5241 enim,
2398 5190 2562 5247 quam
2610 5176 2683 5231 ita
2727 5177 3067 5250 Porphyrius
3116 5178 3422 5249 inscripsit,
3484 5177 3752 5244 Historia,

2183 5269 2384 5327 mirum
2431 5276 2517 5324 est
2565 5278 2908 5340 quantopere
2944 5271 3111 5326 vitam
3143 5270 3595 5342 philosolthorum
3658 5286 3753 5325 co-

2183 5359 2385 5432 ryphaei
2414 5359 2659 5418 Socratis
2693 5362 3003 5419 cavillando
3058 5374 3227 5429 taret,
3261 5373 3341 5418 tot
3373 5364 3427 5419 in
3464 5377 3589 5419 eum
3618 5378 3754 5421 cou-

2180 5450 2323 5506 tictis
2353 5452 2746 5524 syeOphantiis,
2782 5463 2916 5523 quot
2946 5470 3127 5525 neque
3150 5455 3363 5526 Anytus
3385 5495 3400 5519 ,
3429 5470 3607 5525 neque
3642 5455 3757 5512 Me-

2180 5542 2329 5607 litus,
2360 5545 2454 5613 qui
2487 5545 2663 5610 illum,
2712 5547 2858 5617 quod
2904 5561 2993 5602 res
3030 5563 3201 5604 novas
3237 5559 3428 5604 contra
3478 5548 3624 5619 leges
3660 5564 3759 5605 ve-

2182 5645 2326 5692 teres
2357 5637 2669 5705 induceret,
2700 5650 3055 5707 accusarunt,
3079 5656 3320 5710 unquam
3346 5641 3752 5711 excogitarunt.

2178 5731 2354 5802 Atque
2395 5732 2448 5786 id
2471 5732 2692 5804 quidem
2725 5733 2781 5788 in
2815 5732 3120 5799 Socratem,
3156 5748 3320 5803 quem
3360 5743 3583 5804 prepter
3616 5743 3760 5792 tem-

2181 5826 2506 5895 perantiam,
2534 5826 2828 5897 justitiam,
2863 5835 2919 5883 et
2969 5828 3210 5896 reliquas
3241 5826 3473 5882 virtutes
3522 5842 3631 5882 non
3664 5844 3760 5884 so-

2180 5918 2290 5973 lum
2350 5920 2499 5974 Plato
2553 5930 2609 5974 et
2660 5919 3009 5992 XenOpbon,
3052 5934 3241 5976 verum
3282 5921 3448 5977 etiam
3505 5920 3758 5992 reliquus
