4112 6224
443 419 551 485 559
1635 421 2058 486 NICEPIIORI
2096 422 2445 486 CALLlS'l'I
3596 419 3694 485 560

445 535 895 606 pliilosogihorum
920 546 1097 593 cretus
1123 535 1397 608 praecipue
1430 545 1681 599 miratus,
1726 546 1785 591 ut
1816 535 1923 590 diis
1946 535 1991 605 (l

2123 537 2308 597 κὸτας.
2350 534 2495 589 Ἀλλ’
2522 535 2603 589 ὅτι
2639 533 2737 606 μὲν
2793 533 3049 607 ὑϐρισταὶ
3103 534 3196 588 καὶ
3228 534 3395 605 ἄμφω
3427 529 3589 607 ἦσαν,
3634 536 3690 589 οὐ

440 630 690 689 charum.
714 640 769 683 ct
795 645 961 700 supra
998 629 1236 684 hominis
1256 638 1475 700 raptum
1512 629 1840 699 sapientem,
1864 644 1985 683 cum

2116 632 2199 687 δεῖ
2231 648 2321 700 μοι
2372 628 2636 683 πλειόνων
2659 649 2670 662 ·
2704 630 2919 700 ἀπύχρη
2951 630 3062 700 γὰρ
3097 628 3193 684 καὶ
3234 629 3411 684 ταῦτα
3439 632 3521 696 εἰς
3566 646 3689 697 γενο

443 718 790 785 mendaruut,
843 720 935 777 ille
991 722 1140 776 fecit.
1200 720 1597 793 Transgressor
1640 736 1770 775 vero
1801 730 1992 790 patron

2118 723 2276 779 ναεαν
2310 724 2658 794 παράστασιν
2684 721 2785 791 τῆς
2819 719 2986 775 αὑτοῦ
3037 722 3434 794 κακομηχάνου
3475 720 3687 793 ψυχῆς·

436 813 744 875 a-tnulatus,
780 815 920 869 idem
961 815 1044 871 eis
1086 816 1235 879 fecit,
1284 816 1488 885 quibus
1520 816 1807 876 successit,
1842 817 1995 885 impc.

2121 817 2463 888 μαρτυρήσει
2489 814 2546 869 δέ
2579 832 2669 885 μοι
2702 816 2817 878 τοῖς
2846 813 3031 883 λόγοις
3062 814 3262 886 μικρὸν
3293 814 3523 888 ὕστερον
3550 813 3642 869 καὶ
3667 815 3692 869 ὁ

439 904 738 961 ratorihus.
768 904 969 962 Omnes
993 922 1229 977 namque
1274 908 1642 975 reprehendit,
1667 920 1722 962 et
1748 923 1815 963 ne
1833 907 1995 962 Muret

2119 907 2434 977 Θαυμαστὸς
2474 905 2800 977 Γρηγόριος,
2836 904 2937 976 τὴν
2978 903 3143 974 φύσιν
3168 903 3338 960 αὐτοῦ
3368 903 3542 958 καὶτὸ
3565 899 3691 975 ἦθος

441 998 663 1065 quidem
714 999 1043 1072 philosopho
1095 1002 1367 1072 pepercit.
1417 1002 1568 1058 Adeo
1612 1016 1741 1057 sane
1776 1001 1830 1055 in
1865 1000 1995 1057 Cont

2118 1001 2316 1070 ἄριστα
2338 998 2674 1067 διαγράφων.

436 1094 740 1149 stantinum
777 1110 1030 1164 magnum
1058 1106 1112 1151 et
1149 1095 1531 1149 Constantium
1569 1094 1739 1149 lilium
1780 1096 1898 1163 ejus
1960 1104 2047 1150 est
2087 1093 2356 1154 invectus,
2390 1100 2447 1146 ut
2511 1091 2671 1146 facile
2725 1092 3048 1148 existimare
3076 1091 3261 1153 liceat,
3296 1107 3404 1147 non
3430 1091 3590 1147 aliam
3624 1087 3692 1145 ob

435 1204 655 1243 causam
683 1189 833 1243 illum
873 1190 1150 1245 scribendi
1204 1189 1446 1245 laborem
1484 1188 1811 1257 suscepisse,
1874 1204 2039 1259 quam
2080 1198 2141 1243 ut
2171 1188 2305 1241 istos
2367 1186 2753 1257 proscinderet
2806 1195 2997 1253 utpote
3031 1187 3178 1241 viros
3208 1184 3301 1241 Dei
3337 1196 3605 1247 amantes.
3640 1193 3695 1239 et

435 1283 528 1352 qui
563 1280 908 1347 fortitudine,
939 1282 1234 1337 virtutibus
1263 1281 1403 1345 aliis,
1459 1296 1514 1337 et
1549 1299 1676 1337 vera
1738 1282 2085 1352 philosophia
2124 1278 2344 1336 laudem
2395 1294 2645 1351 magnam
2698 1280 2981 1334 consecuti
3012 1290 3222 1336 essent.
3259 1280 3459 1335 Verum
3504 1279 3696 1335 ambos

434 1377 537 1429 hos
562 1374 960 1430 conviciatores
984 1374 1175 1439 fuisse,
1224 1376 1489 1445 ampliore
1513 1374 1839 1445 probatione
1865 1375 1998 1429 mihi
2039 1388 2179 1445 opus
2252 1387 2360 1428 non
2392 1383 2495 1428 est.
2561 1370 2848 1426 Sufficiunt
2884 1372 3031 1427 enim
3077 1372 3179 1428 ista
3201 1413 3217 1436 .
3248 1372 3316 1427 ad
3348 1384 3555 1428 certam
3590 1391 3700 1428 ma-

433 1473 726 1529 levolentis
754 1473 900 1527 illius
927 1472 1094 1526 animi
1127 1471 1583 1528 declarationem:
1609 1480 1665 1526 et
1700 1471 1861 1541 paulo
1885 1478 2007 1541 post
2049 1468 2233 1525 verbis
2294 1470 2413 1523 suis
2449 1465 2586 1522 mihi
2650 1464 3007 1524 admirandus
3044 1466 3138 1525 ille
3169 1466 3472 1539 Gregorius
3505 1466 3700 1525 suffra-

433 1569 675 1640 gabitur,
707 1569 800 1638 qui
862 1577 1113 1622 naturam
1166 1576 1221 1621 et
1277 1581 1457 1623 mores
1486 1576 1748 1638 apostatte
1807 1568 2015 1637 Optime
2051 1563 2325 1637 depinxit.

502 1664 672 1718 Porro
712 1662 857 1733 quod
893 1663 1057 1717 etiam
1103 1672 1229 1717 ante
1269 1660 1405 1716 istos
1444 1661 1702 1731 permulti
1739 1660 2007 1716 doctrinae

380 1746 389 1759 ”
433 1769 635 1813 nostra:
686 1756 970 1811 veritatem
1022 1757 1073 1811 vi
1121 1770 1440 1827 oppugnare
1468 1755 1713 1826 aggressi
1744 1764 1916 1820 sunt,
1972 1770 2004 1812 e

2189 1659 2316 1713 Ὀτι
2340 1657 2396 1713 δὲ
2423 1657 2520 1710 καὶ
2553 1658 2664 1729 πρὸ
2695 1656 2877 1713 αὐτῶν
2902 1657 3089 1714 πολλοὶ
3118 1656 3214 1715 τοῦ
3243 1659 3367 1715 καθ’
3400 1658 3547 1732 ἡμᾶς
3574 1659 3699 1730 δόγ-

2114 1769 2285 1822 ματος
2318 1750 2615 1821 βιάσασθαι
2634 1752 2732 1825 τὴν
2753 1752 3017 1823 ἀλήθειαν
3044 1752 3432 1825 ἐπεχείρησαν,
3449 1753 3574 1808 τινὰ
3596 1756 3701 1826 μιν

430 1851 635 1906 divinis
689 1849 928 1905 oraculis
981 1848 1229 1917 quaedam
1291 1857 1692 1920 pervertentes,
1753 1849 1995 1919 quadam

2110 1845 2219 1900 τῶν
2251 1846 2414 1901 θείων
2474 1846 2743 1918 χρησμῶν
2777 1846 3256 1917 παρατρέψαντες,
3322 1845 3457 1902 ἄλλα
3499 1845 3559 1901 δὲ
3602 1846 3701 1903 καὶ

430 1952 613 1999 autem
648 1943 714 1997 ad
754 1957 975 1997 sensum
1007 1957 1165 1996 suum
1220 1941 1630 2012 detorquentes,
1674 1956 1783 1995 non
1842 1939 2003 2010 pauci

429 2036 813 2099 ostenderunt,
850 2036 942 2106 qui
968 2051 1091 2091 eum
1141 2035 1247 2091 illis
1293 2033 1591 2103 congressi,
1626 2033 2005 2089 cavillationes

429 2147 623 2188 eorum
681 2130 993 2184 confutatus
1026 2129 1081 2184 in
1130 2127 1349 2198 publica
1406 2134 1759 2182 monumenta
1798 2126 2004 2181 retule-

432 2233 580 2278 runt.
643 2221 700 2275 In
755 2220 948 2292 primis
1004 2236 1135 2275 vero
1181 2220 1536 2276 doctissimus
1585 2219 1877 2290 Origenes,
1906 2219 2003 2289 qui

428 2317 593 2387 Intth
620 2322 746 2368 ante
778 2310 1054 2368 lulianum
1109 2326 1357 2383 tempore
1408 2312 1536 2376 fuit,
1570 2325 1913 2383 quaecunque
1948 2311 2001 2365 in

429 2410 601 2465 sacris
652 2408 878 2463 Litteris
914 2408 1100 2463 turbas
1153 2408 1339 2469 ciere,
1395 2414 1490 2461 aut
1530 2406 1764 2461 lectores
1814 2418 2001 2459 earum

428 2503 758 2575 perturbare
795 2503 908 2557 visa
931 2510 1080 2562 sunt,
1115 2500 1281 2571 probe
1312 2497 1587 2563 distinxit,
1633 2496 2003 2569 subjectisqne

428 2596 729 2652 contrariis
778 2594 1153 2665 argumentis,
1202 2603 1257 2649 ct
1293 2592 1431 2648 locis
1461 2592 1794 2662 quibusque,
1838 2592 2004 2647 itaut

427 2691 641 2754 debuit,
676 2689 989 2751 declaratis,
1024 2703 1214 2744 eorum
1250 2686 1345 2757 qui
1380 2701 1477 2741 eos
1506 2684 1645 2740 male
1665 2694 1720 2740 et
1749 2685 2001 2755 imperite

429 2787 768 2854 acciperent,
803 2798 974 2854 nugas
997 2783 1185 2853 longas
1204 2791 1257 2836 et
1275 2779 1600 2849 snphisticas
1624 2779 2003 2851 aggressiones

426 2876 648 2933 refellit.
694 2875 945 2930 Indicant
978 2874 1102 2936 hoc,
1131 2887 1251 2943 qua:
1291 2872 1337 2926 is
1376 2871 1442 2927 ad
1473 2870 1717 2926 Galatam
1770 2870 2000 2927 Marcel-

422 2968 539 3024 lum
590 2969 918 3036 composuit,
948 2976 1158 3037 etquae
1208 2964 1273 3019 ad
1321 2964 1683 3036 Porphyrium
1727 2963 1801 3034 (2)
1835 2978 1998 3033 quem

422 3066 687 3130 diximus,
721 3062 1028 3117 luculenter
1054 3058 1710 3131 rescripsit,88libellis
1739 3058 1808 3114 de
1832 3058 1999 3114 rebus

420 3153 763 3225 ejuscemodi
798 3154 983 3219 editis,
1000 3153 1202 3224 quibus
1221 3159 1447 3224 propter
1465 3153 1677 3223 copiam
1704 3151 1996 3207 verborum

2109 1941 2246 2011 πρὸς
2303 1943 2395 1995 τὸν
2446 1941 2581 1995 ίδιον
2635 1940 2840 1994 σκοπὸν
2895 1939 3280 2010 ἐκλασόμενοι,
3331 1938 3542 2009 ἔδειξαν
3595 1942 3701 2010 μὲν

2108 2034 2298 2088 πολλοὶ
2341 2035 2423 2097 είς
2486 2036 2816 2107 ἀντίρρησιν
2866 2035 3238 2098 καταστάντες
3283 2034 3540 2098 ἱκείνοις,
3603 2035 3702 2088 καὶ

2107 2126 2561 2197 στηλιτεύσαντες
2594 2126 2801 2199 ὲλέγχῳ
2829 2129 2899 2182 τά
2938 2127 3168 2182 ἐκείνων
3203 2128 3542 2199 σοφίσματα.
3582 2128 3703 2200 Πρδ

2106 2218 2162 2274 δὲ
2197 2218 2421 2273 πάντων
2455 2220 2483 2273 ὀ
2515 2217 2612 2293 τὴν
2658 2219 2864 2289 γνῶσιν
2905 2220 3074 2284 πολὺς
3123 2218 3441 2293 Ὠριγένης,
3491 2222 3703 2293 μακρῷ

2106 2312 2285 2384 χρόνῳ
2342 2313 2437 2367 καὶ
2468 2312 2579 2383 πρὸ
2625 2312 2919 2368 Ἰουλιανοῦ
2974 2313 3257 2383 γεγονώςο
3306 2313 3375 2369 τὰ
3423 2312 3704 2369 δοκοῦντα

2105 2405 2400 2476 ταράττειν
2420 2407 2541 2471 ταῖς
2575 2405 2748 2477 ίεραίς
2779 2405 2985 2476 βίϐλοις
3016 2405 3425 2480 διευκρινήσας,
3449 2405 3705 2461 ἀνθυπε-

2105 2497 2317 2570 νεγκών
2344 2516 2403 2554 τε
2432 2500 2525 2554 καὶ
2560 2500 2637 2565 ὡς
2668 2497 2848 2571 χρεὼν
2873 2500 3206 2571 σαφηνίσας,
3231 2499 3340 2555 τῶν
3371 2499 3573 2565 κακῶς
3599 2500 3705 2554 καὶ

2104 2591 2442 2663 ἀγνωμόνως
2474 2592 2701 2658 ταύταις
2741 2594 3134 2663 διακειμένων,
3162 2591 3261 2666 τὴν
3318 2593 3543 2664 μακράν
3567 2594 3700 2665 ὲρε-

2107 2686 2325 2757 σχελίσιν
2356 2688 2449 2741 καὶ
2484 2688 2583 2751 τὰς
2618 2688 2944 2757 σοφιστικὰς
2987 2688 3368 2759 ἐπιχειρήσεις
3402 2685 3702 2759 ὶξήλεγξε.

2103 2773 2356 2829 Δείκνυσι
2386 2772 2443 2829 at
2475 2773 2511 2830 ἃ
2543 2777 2679 2846 πρός
2707 2792 2766 2829 τε
2805 2775 2894 2829 τὸν
2923 2776 3171 2847 Γαλάτην
3198 2776 3532 2848 Μάρκελλον
3565 2796 3707 2832 συν-

2103 2867 2280 2935 έταξε,
2318 2869 2410 2922 καὶ
2450 2867 2484 2923 ἃ
2539 2868 2676 2941 πρὸς
2726 2870 2817 2924 τὸν
2863 2871 3160 2941 εἰρημένον
3216 2870 3534 2944 Πορφύριον
3571 2888 3708 2942 γεν-

2103 2964 2266 3028 ναίως
2297 2964 2558 3019 ἀντείπεο
2594 2964 2778 3036 βίϐλου
2805 2964 2889 3033 ἐφ’
2922 2964 3145 3038 ἑκάστῳ
3177 2964 3383 3020 τούτων
3425 2982 3710 3022 συντεταο

2100 3059 2235 3129 χὼς,
2271 3057 2371 3112 καὶ
2429 3058 2683 3128 ἀφώνους
2740 3058 3063 3131 ἁπελέγχων
3107 3061 3174 3131 τῇ
3223 3058 3332 3113 τῶν
3364 3058 3548 3129 λόγων
3594 3061 3708 3132 τῆς

2102 3150 2361 3221 ἀληθείας
2392 3150 2720 3223 περιουσίᾳ·
2752 3144 2837 3215 οἷς
2869 3152 2917 3205 εί
2950 3152 3049 3222 μὴ,
3074 3151 3148 3215 ὡς
3180 3151 3397 3225 ἔτυχεν,
3429 3155 3709 3229 ἐνέτυχεν

419 3247 674 3304 veritatis
697 3245 899 3313 efl‘eeit,
926 3256 985 3301 ut
1021 3246 1097 3301 illi
1145 3246 1292 3317 quod
1334 3254 1526 3301 contra
1576 3245 1850 3309 dicerent,
1886 3259 1995 3301 non

2113 3243 2424 3309 Ἰουλιανὸς,
2462 3245 2565 3301 οὐκ
2610 3243 2678 3299 ἂν
2720 3244 2866 3300 οὕτω
2901 3246 3219 3316 σοφίζεσθαι
3251 3248 3345 3302 καὶ
3380 3246 3710 3319 βλάσφημα

420 3337 712 3394 haberent.
760 3335 909 3405 Quos
945 3336 1117 3393 libros
1152 3336 1197 3393 si
1233 3352 1345 3393 non
1389 3336 1463 3392 ita
1513 3336 1718 3391 cursim
1747 3334 1997 3391 Julianus

418 3429 667 3503 legisset,
694 3444 979 3499 nunquam
1018 3431 1088 3485 ad
1131 3428 1510 3485 cavillationes
1544 3435 1597 3482 et
1628 3427 1999 3499 blaSpbemias

416 3522 746 3580 scribendas
778 3523 1038 3595 delapsus
1059 3531 1226 3579 esset.
1254 3521 1365 3579 Sed
1388 3523 1537 3577 enim
1566 3520 1785 3577 Juliano
1812 3520 1997 3578 studio

418 3619 611 3684 fuisse,
641 3628 697 3673 ut
728 3616 1123 3673 scommatihus
1159 3625 1217 3673 et
1260 3616 1553 3673 dicacitate
1587 3622 1855 3681 uteretur,
1884 3628 1996 3671 non

417 3711 563 3780 apud
603 3725 700 3765 eos
731 3710 826 3780 qui
855 3707 1089 3765 solidam
1107 3706 1324 3779 pietatis
1350 3707 1634 3763 veritatem
1670 3714 1725 3761 et
1761 3705 1995 3761 formam

420 3814 631 3870 tenent,
657 3803 753 3861 Sed
787 3803 1067 3873 simplices
1112 3813 1167 3859 et
1212 3803 1497 3870 imperitos
1526 3801 1796 3864 homines,
1829 3814 1898 3856 ex
1928 3814 1995 3856 eo

420 3898 557 3953 satis
588 3906 821 3953 constat.
866 3895 971 3953 Ubi
1015 3894 1161 3951 enim
1200 3909 1233 3949 e
1267 3893 1589 3964 Seripturis,
1652 3908 1995 3965 qurecunque

418 3992 702 4047 hominum
737 4004 908 4056 more,
952 3995 1115 4059 prout
1148 4003 1234 4042 res
1279 3985 1462 4042 ferunt
1486 4026 1500 4051 ,
1536 3985 1603 4041 ad
1646 3998 1864 4057 captum
1897 4002 1996 4042 no-

419 4100 619 4154 strum,
653 4086 722 4141 de
763 4084 893 4149 Deo,
919 4093 975 4139 ct
1019 4082 1290 4154 prtecipue
1335 4081 1403 4137 de
1428 4080 1632 4136 Christi
1661 4080 1992 4149 ceconomia,

418 4180 722 4249 salutisque
750 4185 954 4233 nostra;
998 4175 1480 4232 administratione
1524 4175 1667 4230 dicta
1694 4183 1847 4241 sunt,
1900 4174 1997 4231 de-

356 4320 359 4323 ,
417 4272 642 4343 cerpsit,
704 4282 761 4327 et
813 4272 934 4341 ejus
974 4268 1192 4341 generis
1244 4266 1390 4323 dicta
1443 4267 1693 4338 quaedam
1748 4266 1993 4339 collegit,

417 4365 621 4420 deinde
673 4363 825 4419 hisce
855 4358 1040 4417 verbis
1097 4360 1304 4415 infert:
1367 4378 1387 4412 ι
1430 4359 1637 4417 [lorum
1670 4360 1836 4431 igitur
1876 4374 1995 4415 om-

415 4460 594 4523 nium,
628 4456 735 4513 nisi
772 4458 911 4511 ratio
935 4454 1203 4526 quaepiam
1237 4462 1344 4517 est,
1371 4468 1626 4509 arcanam
1651 4453 1910 4524 aliquam,
1934 4461 1996 4509 ut

413 4567 517 4623 ego
548 4560 705 4622 puto,
761 4548 1285 4619 contemplationem
1328 4548 1540 4606 habens
1564 4589 1578 4613 ,
1628 4547 1828 4604 multas
1863 4546 1993 4603 libri

2100 3336 2337 3408 γράφειν
2370 3336 2709 3403 ὲξεκυλίετο.
2739 3337 2865 3395 Ὀτι
2919 3338 2978 3393 δὲ
3037 3339 3259 3410 σκῶψαι
3315 3340 3406 3395 διὰ
3441 3341 3710 3414 σπουδῆς

2101 3430 2255 3483 ἔθετο
2285 3427 2598 3497 Ἰουλιανὸς,
2629 3431 2692 3487 οὐ
2723 3431 2863 3503 πρὸς
2884 3432 3016 3497 τοὺς
3044 3433 3146 3504 τὴν
3176 3432 3356 3505 ἀληθῆ
3389 3436 3707 3505 μόρφωσιν

2099 3521 2199 3593 τῆς
2228 3519 2513 3587 εὐσεϐείας
2541 3525 2993 3597 περικειμένους,
3026 3524 3165 3579 ἀλλὰ
3197 3524 3336 3598 πρὸς
3381 3526 3512 3592 τοὺς
3552 3527 3717 3583 ἰδιώ-

2099 3631 2200 3679 τας
2234 3614 2331 3671 καὶ
2374 3614 2751 3688 ἁπλούστερον
2808 3616 3216 3690 διακειμένους,
3257 3618 3422 3689 δῆλον
3468 3622 3713 3675 ἐκεῖθέν

2098 3708 2239 3765 εστι.
2276 3707 2419 3766 Ὅσα
2456 3708 2568 3781 γὰρ
2616 3708 2717 3780 τῆς
2743 3710 2969 3782 Γραφῖπ
2998 3711 3370 3783 οἰκονομικῶς
3404 3712 3609 3784 ἀνθρω
3623 3732 3717 3768 πι-

2096 3800 2343 3873 κώτερον
2362 3803 2649 3868 τέτακται,
2671 3803 3061 3875 ἐκλαθόμενος,
3091 3805 3187 3859 καὶ
3215 3805 3449 3860 τοιαῦτα
3469 3806 3544 3877 δή
3572 3822 3715 3863 τινα

2098 3892 2473 3965 ἑπισυνείρας,
2526 3895 2722 3948 ἔπειτα
2772 3894 3050 3967 ἐπιφέρει,
3108 3896 3287 3966 λέγων
3327 3896 3425 3950 ἐπὶ
3477 3896 3712 3964 λέξεως

2097 3980 2273 4047 οὕτως
2297 4000 2312 4016 ο
2346 4002 2367 4038 ε
2402 3983 2623 4040 Τούτων
2654 3985 2838 4041 τοίνυν
2868 3984 3123 4054 ἕκαστον,
3155 3987 3204 4041 εί
3241 3986 3317 4061 μὴ
3343 3987 3511 4059 λόγος
3537 3990 3715 4047 ἔστιν

2097 4076 2412 4149 ἀπόρρητον
2438 4076 2580 4149 ἔχων
2623 4079 2746 4144 τινὰ
2780 4077 3042 4152 θεωρίαν,
3070 4081 3208 4152 ὅπερ
3245 4079 3357 4151 εγὼ
3384 4083 3713 4154 νενόμικα,

2073 4168 2312 4242 πολλῆς.
2346 4170 2610 4242 γέμουσιν
2652 4173 2702 4226 οἱ
2749 4171 2901 4243 λόγοι
2931 4173 3067 4246 περὶ
3106 4172 3200 4229 τοῦ
3238 4172 3376 4229 Θεοῦ
3423 4173 3715 4249 βλασφη-

2101 4266 2249 4336 μίας.
2293 4284 2312 4319 ι
2361 4265 2533 4320 Ταυτὶ
2582 4265 2685 4337 μὲν
2739 4268 2800 4322 ἐν
2842 4265 2920 4339 τῷ
2953 4267 3124 4341 τρίτῳ
3154 4268 3321 4324 αὑτοῦ
3353 4269 3507 4324 κατὰ
3559 4269 3718 4345 Χρι-

2099 4356 2333 4412 στιανῶν
2366 4356 2559 4431 βιθλίῳ
2607 4358 2864 4427 διέξεισιν
2891 4374 2906 4390 ⁶
2938 4360 2998 4415 ἐν
3029 4361 3089 4416 δὲ
3126 4359 3205 4432 τῷ
3234 4360 3380 4434 λόγῳ
3422 4360 3493 4417 δν
3548 4364 3719 4436 Περὶ

2098 4450 2405 4519 κυνισμοῦ
2436 4451 2765 4523 ἐπιγράφει,
2786 4450 3096 4522 φιλοσοφῶν
3123 4453 3273 4516 ὅπως
3301 4452 3386 4506 δεῖ
3413 4452 3723 4512 πλάττειν

2099 4544 2230 4607 τοὺς
2263 4544 2471 4613 μύθους
2505 4545 2632 4608 τοὺς
2692 4545 2883 4617 ίερεῖς,
2936 4546 3034 4601 καὶ
3058 4546 3237 4603 ταῦτά
3291 4553 3467 4619 φησιν
3488 4562 3509 4580 ο
3556 4566 3579 4603 ε
3613 4550 3727 4605 Δεῖ

416 4641 505 4695 isti
540 4640 607 4696 de
644 4641 754 4696 Deo
800 4638 1087 4693 continent
1133 4637 1524 4707 hlasphemias.
1562 4656 1580 4691 ι
1612 4636 1737 4694 H320
1764 4637 1991 4709 quidem

2101 4635 2367 4707 κρύπτειν
2399 4635 2497 4709 τὴν
2545 4640 2676 4708 περὶ
2725 4638 2834 4692 τῶν
2894 4637 3160 4694 τοιούτων
3200 4638 3510 4710 ἀλήθειαν⁸
3547 4642 3725 4715 φιλεῖ

412 4737 471 4787 ιιι
498 4732 661 4787 tertio
696 4746 796 4787 suo
825 4729 1023 4786 Contra
1061 4728 1391 4785 Christianos
1436 4728 1577 4785 libro
1607 4729 1775 4785 refert
1806 4729 1896 4785 :ln
1923 4743 1990 4786 eo

410 4836 598 4882 autem
629 4825 772 4880 libro
812 4838 974 4894 quem
1010 4821 1089 4878 De
1136 4822 1442 4896 Cynicismo
1489 4823 1793 4894 inscripsit,
1852 4839 1993 4895 quo-

416 4917 583 4975 modo
633 4916 927 4973 conveniat
977 4930 1164 4972 sacras
1193 4916 1397 4987 fingere
1425 4914 1639 4973 fabulas
1684 4916 1989 4987 disserens,

418 5014 533 5069 haec
559 5010 794 5067 scribit:
832 5027 851 5061 ι
887 5009 962 5064 De
990 5008 1156 5064 rebus
1186 5008 1525 5080 ejuscemodi
1565 5010 1851 5065 veritatem
1892 5025 1989 5068 oe-

415 5104 616 5161 cultari
671 5111 935 5174 oportet,
976 5102 1094 5157 vult
1145 5104 1297 5157 enim
1343 5111 1540 5157 natura
1588 5103 1877 5171 occultari,
1936 5112 1991 5159 et

412 5197 561 5270 quod
591 5197 657 5254 de
687 5198 914 5253 deorum
949 5195 1189 5253 essentia
1214 5195 1493 5250 occultum
1526 5205 1629 5262 est,
1668 5195 1835 5251 nudis
1863 5212 1989 5251 ver.

412 5292 501 5349 bis
555 5293 611 5346 in
669 5304 831 5344 aures
880 5289 1146 5359 impuras,
1179 5286 1377 5358 conjici
1418 5302 1526 5342 non
1575 5288 1832 5343 sustinet.
1861 5308 1879 5340 ι
1910 5289 1990 5344 Ex

412 5384 616 5455 quibus
650 5382 835 5439 verbis
858 5384 992 5436 satis
1043 5390 1299 5450 apparet,
1335 5380 1705 5449 suspicionem
1742 5396 1867 5436 eum
1893 5383 1991 5435 ob-

412 5478 615 5541 tinere,
656 5474 948 5547 mysticum
973 5472 1235 5543 quiddam
1269 5481 1326 5527 et
1355 5486 1617 5527 arcanum
1652 5488 1860 5526 sacrant
1906 5483 1989 5528 te-

413 5586 540 5642 gere
569 5568 934 5639 Seripturam.
984 5566 1221 5622 Videtur
1260 5579 1485 5636 quoque
1523 5565 1817 5637 indignari,
1877 5580 1989 5620 non

484 5730 562 5799 (l)
593 5727 846 5799 Justinus
899 5725 1267 5799 philosophus
1299 5735 1353 5780 et
1387 5733 1593 5795 martyr
1627 5723 1855 5786 Christi.
1890 5724 1994 5781 So-

414 5797 617 5856 cratem
642 5810 697 5853 et
720 5797 1052 5855 Heraclitum
1084 5801 1135 5851 in
1168 5797 1361 5851 eodem
1391 5801 1638 5866 catalogo
1668 5804 1985 5851 sanctorum

412 5889 537 5998 cuin
570 5871 841 5925 Abraham
870 5881 924 5926 et
958 5870 1069 5926 Elia
1094 5876 1364 5936 recenset,
1413 5877 1667 5936 tanquam
1708 5870 1855 5923 verbi
1894 5867 1987 5921 Dei

414 5959 476 5999 eu
507 5954 670 6000 tores.

414 5959 670 5999 ευιιοιεε.

2093 4732 2204 4805 γάρ
2244 4735 2276 4805 ἠ
2305 4734 2470 4804 φύσις
2503 4733 2853 4807 κρύπτεσθαι
2876 4751 2892 4768 ·
2923 4736 3021 4791 καὶ
3052 4736 3113 4791 τὸ
3159 4736 3577 4809 κεκρυμμένον
3605 4740 3727 4814 τῆς

2092 4825 2205 4881 τῶν
2230 4824 2370 4881 θεῶν
2395 4827 2585 4892 οὐσίας
2625 4826 2728 4881 οὐκ
2754 4827 3012 4900 ἀνέχεται
3039 4831 3269 4901 γυμνοῖς
3310 4828 3395 4894 είς
3424 4830 3729 4907 ὰκαθάρ-
3824 4850 3827 4853 λ

2093 4934 2219 4981 τους
2253 4916 2428 4984 ἀκοὰς
2451 4918 2748 4991 ῥίπτεσθαι
2779 4923 3049 4993 ῥήμασιν.
3093 4940 3113 4976 ι
3153 4922 3247 4989 Ἐξ
3274 4916 3350 4979 ὧν
3379 4920 3453 4995 δὴ
3502 4926 3731 4995 φαίνει-

2093 5028 2185 5066 ται
2224 5012 2282 5067 ἐν
2311 5012 2602 5079 ὑπονοίαις
2660 5011 2799 5069 εἶναι
2854 5014 3125 5087 μυστικόν
3149 5033 3205 5072 τι
3236 5016 3334 5073 καὶ
3356 5017 3731 5093 ἀπόρρητον

2092 5103 2366 5174 κρύπτειν
2404 5105 2505 5178 τὴν
2545 5105 2699 5161 θείαν
2732 5107 2981 5180 Γραφήν.
3016 5109 3201 5164 Ἔοικε
3232 5108 3292 5166 δι
3321 5110 3421 5167 καὶ
3476 5115 3729 5184 ἀγανα-

2094 5197 2268 5264 κτεῖν,
2295 5196 2380 5251 ὅτι
2424 5196 2506 5268 μὴ
2536 5200 2739 5265 πάντες
2789 5198 2891 5273 τὴν
2940 5201 3065 5273 ίσην
3098 5201 3357 5258 ὑπόνοιαν
3388 5207 3548 5278 περὶ
3586 5210 3737 5267 τού.

2092 5307 2202 5344 των
2232 5289 2457 5362 ἔχουσι’
2503 5295 2599 5349 καὶ
2646 5295 2757 5348 τῶν
2806 5293 3156 5367 Χριστιανῶν
3198 5300 3601 5372 κατατρέχειν
3635 5305 3734 5359 ιν-

2093 5381 2307 5448 τεῦθίν,
2352 5382 2446 5437 ἅτε
2474 5385 2538 5455 δὴ
2566 5385 2947 5457 ἁπλούστερον
2974 5387 3290 5458 δεχομένων
3320 5390 3389 5443 τὰ
3428 5393 3513 5465 ρή
3526 5412 3730 5463 ματα.

2108 5473 2307 5545 Ἐχρῆν
2339 5474 2395 5528 δὲ
2438 5477 2514 5546 μὴ
2544 5477 2687 5531 οὕτω
2732 5478 2822 5531 διά
2855 5480 2958 5549 τὴν
2988 5480 3101 5534 τῶν
3140 5480 3357 5535 πολλῶν
3383 5481 3732 5559 ἁπλότητα

2094 5563 2236 5617 κατὰ
2264 5563 2372 5619 τῶν
2409 5566 2571 5637 ἱερῶν
2601 5568 2985 5639 ὲκτυφωθῆναι
3034 5570 3293 5643 Γραιρῶν,
3326 5571 3487 5642 μηδὲ
3533 5578 3736 5652 μισῆ-

2166 5719 2247 5804 (Ξ)
2280 5721 2435 5804 fuit
2507 5723 2850 5804 Porphyrius
2918 5723 3334 5794 condiscipulus
3363 5796 3372 5804 _
3400 5726 3736 5803 Origenis,

2096 5794 2563 5874 aplttlf’iolinutn'
2599 5796 2946 5874 lllltlgl‘slrum,
2978 5805 3032 5852 et
3083 5811 3256 5867 usque
3309 5796 3374 5852 ad
3440 5794 3736 5873 tempora

2097 5864 2258 5921 l’robi
2290 5866 2420 5934 Imp.
2458 5865 2612 5919 vixit.
2648 5866 2804 5920 Suid.
