  <div class='ocr_page' id='page_1' title='image "/cluster/home/n/w/nwhite01/storage/ocr_20150623/146/mdp.39015078384776/290.png"; bbox 0 0 4050 6244; ppageno 0'>
   <div class='ocr_carea' id='block_1_1' title="bbox 389 344 499 411">
    <p class='ocr_par' dir='ltr' id='par_1_1' title="bbox 389 344 499 411">
     <span class='ocr_line' id='line_1_1' title="bbox 389 344 499 411; baseline 0 0"><span class='ocrx_word' id='word_1_1' title='bbox 389 344 499 411; x_wconf 79' lang='lat'><strong>565</strong></span> 
     </span>
    </p>
   </div>
   <div class='ocr_carea' id='block_1_2' title="bbox 965 459 1371 515">
    <p class='ocr_par' dir='ltr' id='par_1_2' title="bbox 965 459 1371 515">
     <span class='ocr_line' id='line_1_2' title="bbox 965 459 1371 515; baseline -0.005 0"><span class='ocrx_word' id='word_1_2' title='bbox 965 459 1217 515; x_wconf 68' lang='grc' dir='ltr'><strong>ΚΕΦΑΛ.</strong></span> <span class='ocrx_word' id='word_1_3' title='bbox 1250 459 1371 515; x_wconf 86' lang='grc' dir='ltr'><strong>ΛΖ⁹.</strong></span> 
     </span>
    </p>
   </div>
   <div class='ocr_carea' id='block_1_3' title="bbox 402 578 1960 649">
    <p class='ocr_par' dir='ltr' id='par_1_3' title="bbox 402 578 1960 649">
     <span class='ocr_line' id='line_1_3' title="bbox 402 578 1960 649; baseline -0.007 -11"><span class='ocrx_word' id='word_1_4' title='bbox 402 578 506 638; x_wconf 76' lang='grc' dir='ltr'>Ἐκ</span> <span class='ocrx_word' id='word_1_5' title='bbox 532 580 639 634; x_wconf 82' lang='grc' dir='ltr'><strong>τοῦ</strong></span> <span class='ocrx_word' id='word_1_6' title='bbox 675 578 958 649; x_wconf 73' lang='grc' dir='ltr'><strong>δευτέρου</strong></span> <span class='ocrx_word' id='word_1_7' title='bbox 990 578 1142 636; x_wconf 81' lang='grc' dir='ltr'>κατὰ</span> <span class='ocrx_word' id='word_1_8' title='bbox 1203 578 1541 635; x_wconf 74' lang='grc' dir='ltr'>Ἰουλιανοῦ</span> <span class='ocrx_word' id='word_1_9' title='bbox 1574 580 1960 649; x_wconf 16' lang='grc' dir='ltr'>γστηλιτευτιτ</span> 
     </span>
    </p>
   </div>
   <div class='ocr_carea' id='block_1_4' title="bbox 463 645 1955 721">
    <p class='ocr_par' dir='ltr' id='par_1_4' title="bbox 463 645 1955 721">
     <span class='ocr_line' id='line_1_4' title="bbox 463 645 1955 721; baseline -0.004 -17"><span class='ocrx_word' id='word_1_10' title='bbox 463 651 576 706; x_wconf 76' lang='grc' dir='ltr'><strong>κοῦ</strong></span> <span class='ocrx_word' id='word_1_11' title='bbox 629 652 818 721; x_wconf 69' lang='grc' dir='ltr'>λόγου</span> <span class='ocrx_word' id='word_1_12' title='bbox 844 645 1204 721; x_wconf 77' lang='grc' dir='ltr'>Τρηγορίου</span> <span class='ocrx_word' id='word_1_13' title='bbox 1239 649 1346 705; x_wconf 79' lang='grc' dir='ltr'><strong>τοῦ</strong></span> <span class='ocrx_word' id='word_1_14' title='bbox 1376 648 1776 721; x_wconf 72' lang='grc' dir='ltr'>Οεορρήμονος</span> <span class='ocrx_word' id='word_1_15' title='bbox 1822 645 1955 721; x_wconf 64' lang='grc' dir='ltr'>περί</span> 
     </span>
    </p>
   </div>
   <div class='ocr_carea' id='block_1_5' title="bbox 467 716 1960 791">
    <p class='ocr_par' dir='ltr' id='par_1_5' title="bbox 467 716 1960 791">
     <span class='ocr_line' id='line_1_5' title="bbox 467 716 1960 791; baseline -0.002 -17"><span class='ocrx_word' id='word_1_16' title='bbox 467 722 574 776; x_wconf 67' lang='lat' dir='ltr'><strong>tu&quot;-</strong></span> <span class='ocrx_word' id='word_1_17' title='bbox 622 716 832 790; x_wconf 64' lang='grc' dir='ltr'>ἤθους.</span> <span class='ocrx_word' id='word_1_18' title='bbox 882 716 981 775; x_wconf 74' lang='grc' dir='ltr'>καὶ</span> <span class='ocrx_word' id='word_1_19' title='bbox 1006 716 1256 791; x_wconf 69' lang='grc' dir='ltr'>τρόπον,</span> <span class='ocrx_word' id='word_1_20' title='bbox 1293 720 1394 774; x_wconf 69' lang='lat' dir='ltr'><strong>irai</strong></span> <span class='ocrx_word' id='word_1_21' title='bbox 1422 716 1823 791; x_wconf 59' lang='grc' dir='ltr'>διαπλάσεως,</span> <span class='ocrx_word' id='word_1_22' title='bbox 1859 716 1960 772; x_wconf 76' lang='grc' dir='ltr'>καί</span> 
     </span>
    </p>
   </div>
   <div class='ocr_carea' id='block_1_6' title="bbox 461 789 1763 862">
    <p class='ocr_par' dir='ltr' id='par_1_6' title="bbox 461 789 1763 862">
     <span class='ocr_line' id='line_1_6' title="bbox 461 789 1763 862; baseline 0 -17"><span class='ocrx_word' id='word_1_23' title='bbox 461 794 568 848; x_wconf 81' lang='grc' dir='ltr'><strong>τοῦ</strong></span> <span class='ocrx_word' id='word_1_24' title='bbox 602 794 865 848; x_wconf 74' lang='grc' dir='ltr'>θανάτου</span> <span class='ocrx_word' id='word_1_25' title='bbox 906 794 1005 847; x_wconf 77' lang='grc' dir='ltr'>καί</span> <span class='ocrx_word' id='word_1_26' title='bbox 1034 789 1230 862; x_wconf 66' lang='grc' dir='ltr'>ταφῆς</span> <span class='ocrx_word' id='word_1_27' title='bbox 1261 791 1366 847; x_wconf 83' lang='grc' dir='ltr'><strong>τοῦ</strong></span> <span class='ocrx_word' id='word_1_28' title='bbox 1405 789 1763 846; x_wconf 69' lang='grc' dir='ltr'>Ἰουλιανοῇ</span> 
     </span>
    </p>
   </div>
   <div class='ocr_carea' id='block_1_7' title="bbox 471 897 1959 975">
    <p class='ocr_par' dir='ltr' id='par_1_7' title="bbox 471 897 1959 975">
     <span class='ocr_line' id='line_1_7' title="bbox 471 897 1959 975; baseline -0.003 -16"><span class='ocrx_word' id='word_1_29' title='bbox 471 904 615 972; x_wconf 81' lang='grc' dir='ltr'><strong>Ἐγὼ</strong></span> <span class='ocrx_word' id='word_1_30' title='bbox 666 904 711 959; x_wconf 83' lang='grc' dir='ltr'><strong>δ’</strong></span> <span class='ocrx_word' id='word_1_31' title='bbox 766 907 954 969; x_wconf 77' lang='grc' dir='ltr'>ὁποῖος</span> <span class='ocrx_word' id='word_1_32' title='bbox 984 897 1054 975; x_wconf 79' lang='grc' dir='ltr'>ἦν</span> <span class='ocrx_word' id='word_1_33' title='bbox 1100 903 1394 966; x_wconf 76' lang='grc' dir='ltr'>Ἰουλιανὸς</span> <span class='ocrx_word' id='word_1_34' title='bbox 1420 901 1513 957; x_wconf 85' lang='grc' dir='ltr'><strong>τόν</strong></span> <span class='ocrx_word' id='word_1_35' title='bbox 1544 920 1601 957; x_wconf 88' lang='grc' dir='ltr'><strong>τε</strong></span> <span class='ocrx_word' id='word_1_36' title='bbox 1629 904 1834 973; x_wconf 78' lang='grc' dir='ltr'>τρόπον</span> <span class='ocrx_word' id='word_1_37' title='bbox 1864 904 1959 954; x_wconf 72' lang='grc' dir='ltr'>καὶ</span> 
     </span>
    </p>
   </div>
   <div class='ocr_carea' id='block_1_8' title="bbox 388 993 1960 1070">
    <p class='ocr_par' dir='ltr' id='par_1_8' title="bbox 388 993 1960 1070">
     <span class='ocr_line' id='line_1_8' title="bbox 388 993 1960 1070; baseline -0.005 -16"><span class='ocrx_word' id='word_1_38' title='bbox 388 999 449 1054; x_wconf 72' lang='grc' dir='ltr'>τὸ</span> <span class='ocrx_word' id='word_1_39' title='bbox 477 993 610 1070; x_wconf 70' lang='grc' dir='ltr'>ἦθος</span> <span class='ocrx_word' id='word_1_40' title='bbox 658 997 756 1052; x_wconf 76' lang='grc' dir='ltr'>καὶ</span> <span class='ocrx_word' id='word_1_41' title='bbox 808 996 911 1068; x_wconf 74' lang='grc' dir='ltr'>τὴν</span> <span class='ocrx_word' id='word_1_42' title='bbox 937 996 1135 1052; x_wconf 79' lang='grc' dir='ltr'>πλάσιν</span> <span class='ocrx_word' id='word_1_43' title='bbox 1155 998 1277 1063; x_wconf 72' lang='grc' dir='ltr'>ζτοῦ</span> <span class='ocrx_word' id='word_1_44' title='bbox 1311 999 1582 1068; x_wconf 74' lang='grc' dir='ltr'>σώματος,</span> <span class='ocrx_word' id='word_1_45' title='bbox 1626 998 1718 1050; x_wconf 66' lang='grc' dir='ltr'>καὶ</span> <span class='ocrx_word' id='word_1_46' title='bbox 1767 994 1960 1050; x_wconf 75' lang='grc' dir='ltr'>όποὲαν</span> 
     </span>
    </p>
   </div>
   <div class='ocr_carea' id='block_1_9' title="bbox 390 1089 1958 1162">
    <p class='ocr_par' dir='ltr' id='par_1_9' title="bbox 390 1089 1958 1162">
     <span class='ocr_line' id='line_1_9' title="bbox 390 1089 1958 1162; baseline -0.001 -19"><span class='ocrx_word' id='word_1_47' title='bbox 390 1090 516 1160; x_wconf 80' lang='grc' dir='ltr'>ἔσχε</span> <span class='ocrx_word' id='word_1_48' title='bbox 543 1092 639 1162; x_wconf 76' lang='grc' dir='ltr'>τὴν</span> <span class='ocrx_word' id='word_1_49' title='bbox 666 1090 952 1158; x_wconf 75' lang='grc' dir='ltr'>τελευτὴν,</span> <span class='ocrx_word' id='word_1_50' title='bbox 1001 1091 1100 1145; x_wconf 78' lang='grc' dir='ltr'><strong>καὶ</strong></span> <span class='ocrx_word' id='word_1_51' title='bbox 1126 1090 1201 1152; x_wconf 83' lang='grc' dir='ltr'>ὡς</span> <span class='ocrx_word' id='word_1_52' title='bbox 1225 1089 1499 1146; x_wconf 77' lang='grc' dir='ltr'><strong>ἀποθεοῦν</strong></span> <span class='ocrx_word' id='word_1_53' title='bbox 1537 1089 1730 1144; x_wconf 71' lang='grc' dir='ltr'>ἑαυτ“›ν</span> <span class='ocrx_word' id='word_1_54' title='bbox 1761 1089 1958 1152; x_wconf 78' lang='grc' dir='ltr'>είλετο,</span> 
     </span>
    </p>
   </div>
   <div class='ocr_carea' id='block_1_10' title="bbox 388 1182 1960 1255">
    <p class='ocr_par' dir='ltr' id='par_1_10' title="bbox 388 1182 1960 1255">
     <span class='ocr_line' id='line_1_10' title="bbox 388 1182 1960 1255; baseline 0.001 -19"><span class='ocrx_word' id='word_1_55' title='bbox 388 1184 490 1238; x_wconf 78' lang='grc' dir='ltr'><strong>οὐκ</strong></span> <span class='ocrx_word' id='word_1_56' title='bbox 513 1184 672 1238; x_wconf 70' lang='grc' dir='ltr'>ἄλλον</span> <span class='ocrx_word' id='word_1_57' title='bbox 695 1182 1012 1249; x_wconf 80' lang='grc' dir='ltr'>ἀξιόπιστον</span> <span class='ocrx_word' id='word_1_58' title='bbox 1046 1183 1358 1254; x_wconf 77' lang='grc' dir='ltr'>παρέξομαι</span> <span class='ocrx_word' id='word_1_59' title='bbox 1393 1182 1648 1255; x_wconf 81' lang='grc' dir='ltr'>μάρτυρα</span> <span class='ocrx_word' id='word_1_60' title='bbox 1671 1183 1705 1253; x_wconf 75' lang='grc' dir='ltr'><strong>ἢ</strong></span> <span class='ocrx_word' id='word_1_61' title='bbox 1734 1183 1827 1236; x_wconf 76' lang='grc' dir='ltr'>τὸν</span> <span class='ocrx_word' id='word_1_62' title='bbox 1857 1200 1960 1237; x_wconf 83' lang='grc' dir='ltr'><strong>πο·-</strong></span> 
     </span>
    </p>
   </div>
   <div class='ocr_carea' id='block_1_11' title="bbox 391 1259 1960 1350">
    <p class='ocr_par' dir='ltr' id='par_1_11' title="bbox 391 1259 1960 1350">
     <span class='ocr_line' id='line_1_11' title="bbox 391 1259 1960 1350; baseline 0.012 -23"><span class='ocrx_word' id='word_1_63' title='bbox 391 1275 491 1328; x_wconf 75' lang='grc' dir='ltr'>λὺν</span> <span class='ocrx_word' id='word_1_64' title='bbox 518 1275 613 1330; x_wconf 78' lang='grc' dir='ltr'>καὶ</span> <span class='ocrx_word' id='word_1_65' title='bbox 637 1276 812 1347; x_wconf 77' lang='grc' dir='ltr'>μέγαν</span> <span class='ocrx_word' id='word_1_66' title='bbox 845 1277 903 1331; x_wconf 70' lang='grc' dir='ltr'>ὲν</span> <span class='ocrx_word' id='word_1_67' title='bbox 934 1276 1187 1349; x_wconf 76' lang='grc' dir='ltr'>θεολογίᾳ</span> <span class='ocrx_word' id='word_1_68' title='bbox 1216 1276 1539 1350; x_wconf 83' lang='grc' dir='ltr'>Γρηγόριον,</span> <span class='ocrx_word' id='word_1_69' title='bbox 1570 1276 1718 1349; x_wconf 77' lang='grc' dir='ltr'>αὐτῷ</span> <span class='ocrx_word' id='word_1_70' title='bbox 1740 1296 1798 1334; x_wconf 80' lang='grc' dir='ltr'>τε</span> <span class='ocrx_word' id='word_1_71' title='bbox 1826 1259 1960 1345; x_wconf 65' lang='grc' dir='ltr'><strong>ἀυτ-</strong></span> 
     </span>
    </p>
   </div>
   <div class='ocr_carea' id='block_1_12' title="bbox 391 1371 1961 1444">
    <p class='ocr_par' dir='ltr' id='par_1_12' title="bbox 391 1371 1961 1444">
     <span class='ocr_line' id='line_1_12' title="bbox 391 1371 1961 1444; baseline 0.003 -22"><span class='ocrx_word' id='word_1_72' title='bbox 391 1372 712 1442; x_wconf 81' lang='grc' dir='ltr'>γενόμενον,</span> <span class='ocrx_word' id='word_1_73' title='bbox 743 1372 844 1427; x_wconf 79' lang='grc' dir='ltr'><strong>καὶ</strong></span> <span class='ocrx_word' id='word_1_74' title='bbox 903 1374 1123 1444; x_wconf 81' lang='grc' dir='ltr'>σύναμα</span> <span class='ocrx_word' id='word_1_75' title='bbox 1157 1373 1270 1437; x_wconf 77' lang='grc' dir='ltr'>τοῖς</span> <span class='ocrx_word' id='word_1_76' title='bbox 1336 1371 1730 1433; x_wconf 73' lang='grc' dir='ltr'><strong>διδασκαλείοις</strong></span> <span class='ocrx_word' id='word_1_77' title='bbox 1770 1373 1961 1442; x_wconf 71' lang='grc' dir='ltr'>φοιτή-</span> 
     </span>
    </p>
   </div>
   <div class='ocr_carea' id='block_1_13' title="bbox 393 1463 1962 1539">
    <p class='ocr_par' dir='ltr' id='par_1_13' title="bbox 393 1463 1962 1539">
     <span class='ocr_line' id='line_1_13' title="bbox 393 1463 1962 1539; baseline 0.001 -21"><span class='ocrx_word' id='word_1_78' title='bbox 393 1480 585 1533; x_wconf 81' lang='grc' dir='ltr'>σαντα,</span> <span class='ocrx_word' id='word_1_79' title='bbox 621 1468 715 1521; x_wconf 77' lang='grc' dir='ltr'>καὶ</span> <span class='ocrx_word' id='word_1_80' title='bbox 741 1467 818 1531; x_wconf 84' lang='grc' dir='ltr'>ὡς</span> <span class='ocrx_word' id='word_1_81' title='bbox 844 1468 947 1522; x_wconf 82' lang='grc' dir='ltr'>οὐκ</span> <span class='ocrx_word' id='word_1_82' title='bbox 968 1463 1070 1523; x_wconf 73' lang='grc' dir='ltr'><strong>οἶδ’</strong></span> <span class='ocrx_word' id='word_1_83' title='bbox 1095 1469 1148 1522; x_wconf 81' lang='grc' dir='ltr'>εί</span> <span class='ocrx_word' id='word_1_84' title='bbox 1180 1485 1265 1531; x_wconf 89' lang='grc' dir='ltr'><strong>τις</strong></span> <span class='ocrx_word' id='word_1_85' title='bbox 1291 1468 1479 1539; x_wconf 75' lang='grc' dir='ltr'>ἔτερος</span> <span class='ocrx_word' id='word_1_86' title='bbox 1508 1467 1578 1521; x_wconf 84' lang='grc' dir='ltr'>τὰ</span> <span class='ocrx_word' id='word_1_87' title='bbox 1599 1468 1722 1523; x_wconf 79' lang='grc' dir='ltr'>κατ’</span> <span class='ocrx_word' id='word_1_88' title='bbox 1752 1469 1962 1522; x_wconf 70' lang='grc' dir='ltr'>ἐκεῖνον</span> 
     </span>
    </p>
   </div>
   <div class='ocr_carea' id='block_1_14' title="bbox 391 1557 1963 1631">
    <p class='ocr_par' dir='ltr' id='par_1_14' title="bbox 391 1557 1963 1631">
     <span class='ocr_line' id='line_1_14' title="bbox 391 1557 1963 1631; baseline 0.001 -21"><span class='ocrx_word' id='word_1_89' title='bbox 391 1558 593 1623; x_wconf 72' lang='grc' dir='ltr'>εἰδότα,</span> <span class='ocrx_word' id='word_1_90' title='bbox 628 1560 722 1611; x_wconf 65' lang='grc' dir='ltr'><strong>καὶ</strong></span> <span class='ocrx_word' id='word_1_91' title='bbox 746 1558 822 1624; x_wconf 86' lang='grc' dir='ltr'><strong>ῶς</strong></span> <span class='ocrx_word' id='word_1_92' title='bbox 847 1558 1025 1631; x_wconf 75' lang='grc' dir='ltr'>χρεὼν</span> <span class='ocrx_word' id='word_1_93' title='bbox 1063 1560 1430 1625; x_wconf 76' lang='grc' dir='ltr'>διαπαίξαντά</span> <span class='ocrx_word' id='word_1_94' title='bbox 1460 1576 1519 1614; x_wconf 89' lang='grc' dir='ltr'><strong>τε</strong></span> <span class='ocrx_word' id='word_1_95' title='bbox 1552 1561 1646 1614; x_wconf 77' lang='grc' dir='ltr'>καὶ</span> <span class='ocrx_word' id='word_1_96' title='bbox 1675 1557 1963 1631; x_wconf 81' lang='grc' dir='ltr'>στηλιτεῦ-</span> 
     </span>
    </p>
   </div>
   <div class='ocr_carea' id='block_1_15' title="bbox 394 1650 1959 1725">
    <p class='ocr_par' dir='ltr' id='par_1_15' title="bbox 394 1650 1959 1725">
     <span class='ocr_line' id='line_1_15' title="bbox 394 1650 1959 1725; baseline -0.001 -20"><span class='ocrx_word' id='word_1_97' title='bbox 394 1667 585 1709; x_wconf 72' lang='grc' dir='ltr'>σιντα.</span> <span class='ocrx_word' id='word_1_98' title='bbox 605 1654 695 1707; x_wconf 84' lang='grc' dir='ltr'>Ἑν</span> <span class='ocrx_word' id='word_1_99' title='bbox 724 1652 856 1723; x_wconf 82' lang='grc' dir='ltr'>γοῦν</span> <span class='ocrx_word' id='word_1_100' title='bbox 882 1653 960 1723; x_wconf 85' lang='grc' dir='ltr'>τῷ</span> <span class='ocrx_word' id='word_1_101' title='bbox 986 1652 1231 1725; x_wconf 68' lang='grc' dir='ltr'>δευτᾶρῳ</span> <span class='ocrx_word' id='word_1_102' title='bbox 1268 1650 1699 1721; x_wconf 79' lang='grc' dir='ltr'>Στηλιτευτικῷ</span> <span class='ocrx_word' id='word_1_103' title='bbox 1729 1650 1959 1705; x_wconf 78' lang='grc' dir='ltr'>Ἰουλια-</span> 
     </span>
    </p>
   </div>
   <div class='ocr_carea' id='block_1_16' title="bbox 393 1741 1959 1820">
    <p class='ocr_par' dir='ltr' id='par_1_16' title="bbox 393 1741 1959 1820">
     <span class='ocr_line' id='line_1_16' title="bbox 393 1741 1959 1820; baseline 0 -21"><span class='ocrx_word' id='word_1_104' title='bbox 393 1745 488 1799; x_wconf 80' lang='grc' dir='ltr'><strong>νοῦ</strong></span> <span class='ocrx_word' id='word_1_105' title='bbox 546 1746 639 1800; x_wconf 73' lang='grc' dir='ltr'><strong>καὶ</strong></span> <span class='ocrx_word' id='word_1_106' title='bbox 695 1747 839 1803; x_wconf 84' lang='grc' dir='ltr'><strong>κατά</strong></span> <span class='ocrx_word' id='word_1_107' title='bbox 890 1741 1162 1820; x_wconf 80' lang='grc' dir='ltr'>Ἑλλήνων</span> <span class='ocrx_word' id='word_1_108' title='bbox 1214 1747 1392 1802; x_wconf 85' lang='grc' dir='ltr'>τοιάδε</span> <span class='ocrx_word' id='word_1_109' title='bbox 1423 1748 1554 1817; x_wconf 75' lang='grc' dir='ltr'>περὶ</span> <span class='ocrx_word' id='word_1_110' title='bbox 1586 1746 1779 1800; x_wconf 85' lang='grc' dir='ltr'>τούτου</span> <span class='ocrx_word' id='word_1_111' title='bbox 1816 1746 1959 1799; x_wconf 87' lang='grc' dir='ltr'><strong>κατά</strong></span> 
     </span>
    </p>
   </div>
   <div class='ocr_carea' id='block_1_17' title="bbox 394 1838 1963 1913">
    <p class='ocr_par' dir='ltr' id='par_1_17' title="bbox 394 1838 1963 1913">
     <span class='ocr_line' id='line_1_17' title="bbox 394 1838 1963 1913; baseline 0 -22"><span class='ocrx_word' id='word_1_112' title='bbox 394 1838 538 1905; x_wconf 77' lang='grc' dir='ltr'>λέξιν</span> <span class='ocrx_word' id='word_1_113' title='bbox 564 1841 733 1913; x_wconf 82' lang='grc' dir='ltr'>φησί·</span> <span class='ocrx_word' id='word_1_114' title='bbox 769 1860 788 1894; x_wconf 76' lang='grc' dir='ltr'><strong>ι</strong></span> <span class='ocrx_word' id='word_1_115' title='bbox 827 1840 1019 1896; x_wconf 83' lang='grc' dir='ltr'>Ταῦτα</span> <span class='ocrx_word' id='word_1_116' title='bbox 1057 1842 1170 1905; x_wconf 81' lang='grc' dir='ltr'>τοῖς</span> <span class='ocrx_word' id='word_1_117' title='bbox 1203 1843 1303 1913; x_wconf 67' lang='grc' dir='ltr'>μὲν</span> <span class='ocrx_word' id='word_1_118' title='bbox 1325 1840 1567 1912; x_wconf 77' lang='grc' dir='ltr'>ἄλλοιςή</span> <span class='ocrx_word' id='word_1_119' title='bbox 1621 1842 1787 1909; x_wconf 79' lang='grc' dir='ltr'>πεῖρα</span> <span class='ocrx_word' id='word_1_120' title='bbox 1818 1854 1963 1907; x_wconf 85' lang='grc' dir='ltr'>παρ-</span> 
     </span>
    </p>
   </div>
   <div class='ocr_carea' id='block_1_18' title="bbox 395 1931 1958 2007">
    <p class='ocr_par' dir='ltr' id='par_1_18' title="bbox 395 1931 1958 2007">
     <span class='ocr_line' id='line_1_18' title="bbox 395 1931 1958 2007; baseline 0.003 -23"><span class='ocrx_word' id='word_1_121' title='bbox 395 1931 616 2002; x_wconf 80' lang='grc' dir='ltr'>έστησε,</span> <span class='ocrx_word' id='word_1_122' title='bbox 641 1934 734 1987; x_wconf 73' lang='grc' dir='ltr'>καὶ</span> <span class='ocrx_word' id='word_1_123' title='bbox 760 1936 793 2007; x_wconf 80' lang='grc' dir='ltr'>ή</span> <span class='ocrx_word' id='word_1_124' title='bbox 817 1934 1107 1989; x_wconf 75' lang='grc' dir='ltr'><strong>δυναστεία</strong></span> <span class='ocrx_word' id='word_1_125' title='bbox 1139 1935 1525 2005; x_wconf 77' lang='grc' dir='ltr'>προσλαϐοῦσα</span> <span class='ocrx_word' id='word_1_126' title='bbox 1555 1935 1656 2006; x_wconf 85' lang='grc' dir='ltr'>τὴν</span> <span class='ocrx_word' id='word_1_127' title='bbox 1685 1935 1958 2003; x_wconf 73' lang='grc' dir='ltr'>ἐξουσίαν’</span> 
     </span>
    </p>
   </div>
   <div class='ocr_carea' id='block_1_19' title="bbox 392 2024 1961 2102">
    <p class='ocr_par' dir='ltr' id='par_1_19' title="bbox 392 2024 1961 2102">
     <span class='ocr_line' id='line_1_19' title="bbox 392 2024 1961 2102; baseline 0.002 -23"><span class='ocrx_word' id='word_1_128' title='bbox 392 2026 518 2095; x_wconf 62' lang='grc' dir='ltr'>ἔμοι</span> <span class='ocrx_word' id='word_1_129' title='bbox 549 2024 606 2080; x_wconf 73' lang='grc' dir='ltr'><strong>δὲ</strong></span> <span class='ocrx_word' id='word_1_130' title='bbox 634 2027 730 2079; x_wconf 73' lang='grc' dir='ltr'>καὶ</span> <span class='ocrx_word' id='word_1_131' title='bbox 759 2027 1051 2100; x_wconf 69' lang='grc' dir='ltr'>πόρρωθεν</span> <span class='ocrx_word' id='word_1_132' title='bbox 1067 2028 1269 2100; x_wconf 82' lang='grc' dir='ltr'><strong>τρόπον</strong></span> <span class='ocrx_word' id='word_1_133' title='bbox 1291 2027 1412 2083; x_wconf 79' lang='grc' dir='ltr'>τινὰ</span> <span class='ocrx_word' id='word_1_134' title='bbox 1441 2030 1670 2099; x_wconf 79' lang='grc' dir='ltr'>ἑωρᾶτο,</span> <span class='ocrx_word' id='word_1_135' title='bbox 1707 2030 1767 2096; x_wconf 73' lang='grc' dir='ltr'><strong>ἐξ</strong></span> <span class='ocrx_word' id='word_1_136' title='bbox 1792 2025 1853 2085; x_wconf 75' lang='grc' dir='ltr'>οὗ</span> <span class='ocrx_word' id='word_1_137' title='bbox 1884 2029 1961 2102; x_wconf 79' lang='grc' dir='ltr'>τῷ</span> 
     </span>
    </p>
   </div>
   <div class='ocr_carea' id='block_1_20' title="bbox 392 2119 1959 2197">
    <p class='ocr_par' dir='ltr' id='par_1_20' title="bbox 392 2119 1959 2197">
     <span class='ocr_line' id='line_1_20' title="bbox 392 2119 1959 2197; baseline 0.003 -25"><span class='ocrx_word' id='word_1_138' title='bbox 392 2119 547 2191; x_wconf 75' lang='grc' dir='ltr'>ἀνδρὶ</span> <span class='ocrx_word' id='word_1_139' title='bbox 581 2122 959 2191; x_wconf 73' lang='grc' dir='ltr'><strong>συνεγενόμην</strong></span> <span class='ocrx_word' id='word_1_140' title='bbox 1021 2120 1315 2195; x_wconf 76' lang='grc' dir='ltr'>Ἀθήνησιν</span> <span class='ocrx_word' id='word_1_141' title='bbox 1344 2141 1357 2155; x_wconf 93' lang='grc'><strong>·</strong></span> <span class='ocrx_word' id='word_1_142' title='bbox 1406 2120 1539 2197; x_wconf 78' lang='grc' dir='ltr'>ἦλθε</span> <span class='ocrx_word' id='word_1_143' title='bbox 1566 2124 1673 2195; x_wconf 81' lang='grc' dir='ltr'><strong>γὰρ</strong></span> <span class='ocrx_word' id='word_1_144' title='bbox 1711 2126 1959 2193; x_wconf 81' lang='grc' dir='ltr'>κάκεῖσε,</span> 
     </span>
    </p>
   </div>
   <div class='ocr_carea' id='block_1_21' title="bbox 394 2212 1961 2292">
    <p class='ocr_par' dir='ltr' id='par_1_21' title="bbox 394 2212 1961 2292">
     <span class='ocr_line' id='line_1_21' title="bbox 394 2212 1961 2292; baseline 0.003 -25"><span class='ocrx_word' id='word_1_145' title='bbox 394 2212 521 2284; x_wconf 75' lang='grc' dir='ltr'>ἄρτι</span> <span class='ocrx_word' id='word_1_146' title='bbox 554 2214 664 2268; x_wconf 87' lang='grc' dir='ltr'><strong>τῶν</strong></span> <span class='ocrx_word' id='word_1_147' title='bbox 719 2215 863 2270; x_wconf 89' lang='grc' dir='ltr'><strong>κατά</strong></span> <span class='ocrx_word' id='word_1_148' title='bbox 884 2217 978 2270; x_wconf 72' lang='grc' dir='ltr'><strong>τὸν</strong></span> <span class='ocrx_word' id='word_1_149' title='bbox 1006 2216 1238 2287; x_wconf 75' lang='grc' dir='ltr'>ἀδελφὸν</span> <span class='ocrx_word' id='word_1_150' title='bbox 1291 2216 1457 2271; x_wconf 78' lang='grc' dir='ltr'>αὑτοῦ</span> <span class='ocrx_word' id='word_1_151' title='bbox 1488 2218 1961 2292; x_wconf 83' lang='grc' dir='ltr'>νεωτερισθέντων</span> 
     </span>
    </p>
   </div>
   <div class='ocr_carea' id='block_1_22' title="bbox 394 2307 1961 2383">
    <p class='ocr_par' dir='ltr' id='par_1_22' title="bbox 394 2307 1961 2383">
     <span class='ocr_line' id='line_1_22' title="bbox 394 2307 1961 2383; baseline 0.003 -23"><span class='ocrx_word' id='word_1_152' title='bbox 394 2307 531 2378; x_wconf 78' lang='grc' dir='ltr'>πρὸς</span> <span class='ocrx_word' id='word_1_153' title='bbox 580 2307 830 2378; x_wconf 71' lang='grc' dir='ltr'>βασιλέα,</span> <span class='ocrx_word' id='word_1_154' title='bbox 883 2310 1043 2364; x_wconf 86' lang='grc' dir='ltr'>τοῦτο</span> <span class='ocrx_word' id='word_1_155' title='bbox 1071 2310 1204 2366; x_wconf 79' lang='grc' dir='ltr'>αὐτὸ</span> <span class='ocrx_word' id='word_1_156' title='bbox 1242 2312 1747 2383; x_wconf 77' lang='grc' dir='ltr'>παραιτησάμενος.</span> <span class='ocrx_word' id='word_1_157' title='bbox 1777 2311 1961 2377; x_wconf 86' lang='grc' dir='ltr'>Διττδς</span> 
     </span>
    </p>
   </div>
   <div class='ocr_carea' id='block_1_23' title="bbox 390 2400 1961 2492">
    <p class='ocr_par' dir='ltr' id='par_1_23' title="bbox 390 2400 1961 2492">
     <span class='ocr_line' id='line_1_23' title="bbox 390 2400 1961 2492; baseline 0.006 -38"><span class='ocrx_word' id='word_1_158' title='bbox 390 2400 448 2454; x_wconf 78' lang='grc' dir='ltr'><strong>δι</strong></span> <span class='ocrx_word' id='word_1_159' title='bbox 482 2401 651 2457; x_wconf 80' lang='grc' dir='ltr'>αὐτοῦ</span> <span class='ocrx_word' id='word_1_160' title='bbox 686 2404 789 2472; x_wconf 81' lang='grc' dir='ltr'>τῆς</span> <span class='ocrx_word' id='word_1_161' title='bbox 849 2405 1147 2491; x_wconf 66' lang='grc' dir='ltr'>ἐπιδημίας</span> <span class='ocrx_word' id='word_1_162' title='bbox 1189 2410 1218 2461; x_wconf 85' lang='grc' dir='ltr'>ὁ</span> <span class='ocrx_word' id='word_1_163' title='bbox 1258 2404 1458 2492; x_wconf 42' lang='grc' dir='ltr'>,λόγος’</span> <span class='ocrx_word' id='word_1_164' title='bbox 1490 2409 1518 2462; x_wconf 84' lang='grc' dir='ltr'><strong>ό</strong></span> <span class='ocrx_word' id='word_1_165' title='bbox 1551 2409 1653 2480; x_wconf 70' lang='grc' dir='ltr'>μὲν</span> <span class='ocrx_word' id='word_1_166' title='bbox 1681 2410 1961 2479; x_wconf 79' lang='grc' dir='ltr'>εὐπρεπέ-</span> 
     </span>
    </p>
   </div>
   <div class='ocr_carea' id='block_1_24' title="bbox 396 2492 1963 2566">
    <p class='ocr_par' dir='ltr' id='par_1_24' title="bbox 396 2492 1963 2566">
     <span class='ocr_line' id='line_1_24' title="bbox 396 2492 1963 2566; baseline 0.005 -21"><span class='ocrx_word' id='word_1_167' title='bbox 396 2508 613 2563; x_wconf 84' lang='grc' dir='ltr'>στερος,</span> <span class='ocrx_word' id='word_1_168' title='bbox 646 2492 771 2548; x_wconf 81' lang='grc' dir='ltr'>καθ’</span> <span class='ocrx_word' id='word_1_169' title='bbox 796 2495 1039 2566; x_wconf 76' lang='grc' dir='ltr'><strong>ἱστορίαν</strong></span> <span class='ocrx_word' id='word_1_170' title='bbox 1090 2496 1189 2566; x_wconf 80' lang='grc' dir='ltr'>τῆς</span> <span class='ocrx_word' id='word_1_171' title='bbox 1228 2497 1478 2563; x_wconf 78' lang='grc' dir='ltr'><strong>Ἑλλάδος</strong></span> <span class='ocrx_word' id='word_1_172' title='bbox 1523 2500 1618 2552; x_wconf 68' lang='grc' dir='ltr'>καὶ</span> <span class='ocrx_word' id='word_1_173' title='bbox 1638 2498 1746 2552; x_wconf 87' lang='grc' dir='ltr'><strong>τῶν</strong></span> <span class='ocrx_word' id='word_1_174' title='bbox 1782 2500 1963 2553; x_wconf 88' lang='grc' dir='ltr'>ἐκεῖσε</span> 
     </span>
    </p>
   </div>
   <div class='ocr_carea' id='block_1_25' title="bbox 396 2588 1961 2665">
    <p class='ocr_par' dir='ltr' id='par_1_25' title="bbox 396 2588 1961 2665">
     <span class='ocr_line' id='line_1_25' title="bbox 396 2588 1961 2665; baseline 0.005 -26"><span class='ocrx_word' id='word_1_175' title='bbox 396 2588 798 2660; x_wconf 78' lang='grc' dir='ltr'>παιδευτηρίων</span> <span class='ocrx_word' id='word_1_176' title='bbox 821 2603 837 2621; x_wconf 86' lang='grc'><strong><em>⁸</em></strong></span> <span class='ocrx_word' id='word_1_177' title='bbox 894 2593 921 2643; x_wconf 83' lang='grc' dir='ltr'>ὁ</span> <span class='ocrx_word' id='word_1_178' title='bbox 949 2590 1006 2644; x_wconf 80' lang='grc' dir='ltr'><strong>δὲ</strong></span> <span class='ocrx_word' id='word_1_179' title='bbox 1035 2591 1477 2665; x_wconf 65' lang='grc' dir='ltr'>ἀπορῤητότερος</span> <span class='ocrx_word' id='word_1_180' title='bbox 1530 2595 1621 2647; x_wconf 69' lang='grc' dir='ltr'><strong>καὶ</strong></span> <span class='ocrx_word' id='word_1_181' title='bbox 1654 2596 1714 2647; x_wconf 76' lang='grc' dir='ltr'><strong>οὐ</strong></span> <span class='ocrx_word' id='word_1_182' title='bbox 1749 2596 1961 2659; x_wconf 78' lang='grc' dir='ltr'>πολλοῖς</span> 
     </span>
    </p>
   </div>
   <div class='ocr_carea' id='block_1_26' title="bbox 396 2684 1960 2761">
    <p class='ocr_par' dir='ltr' id='par_1_26' title="bbox 396 2684 1960 2761">
     <span class='ocr_line' id='line_1_26' title="bbox 396 2684 1960 2761; baseline 0.006 -27"><span class='ocrx_word' id='word_1_183' title='bbox 396 2684 692 2755; x_wconf 75' lang='grc' dir='ltr'>γνώριμος,</span> <span class='ocrx_word' id='word_1_184' title='bbox 726 2684 867 2738; x_wconf 81' lang='grc' dir='ltr'>ὥστε</span> <span class='ocrx_word' id='word_1_185' title='bbox 891 2688 1004 2750; x_wconf 78' lang='grc' dir='ltr'>τοῖς</span> <span class='ocrx_word' id='word_1_186' title='bbox 1040 2688 1157 2741; x_wconf 72' lang='grc' dir='ltr'>ἐκεῖ</span> <span class='ocrx_word' id='word_1_187' title='bbox 1186 2688 1372 2753; x_wconf 55' lang='lat' dir='ltr'><strong>ﬁdem;</strong></span> <span class='ocrx_word' id='word_1_188' title='bbox 1408 2690 1501 2743; x_wconf 79' lang='grc' dir='ltr'>καὶ</span> <span class='ocrx_word' id='word_1_189' title='bbox 1527 2689 1806 2744; x_wconf 82' lang='grc' dir='ltr'>ἀπατεῶσι</span> <span class='ocrx_word' id='word_1_190' title='bbox 1830 2690 1960 2761; x_wconf 78' lang='grc' dir='ltr'>περὶ</span> 
     </span>
    </p>
   </div>
   <div class='ocr_carea' id='block_1_27' title="bbox 392 2779 1961 2857">
    <p class='ocr_par' dir='ltr' id='par_1_27' title="bbox 392 2779 1961 2857">
     <span class='ocr_line' id='line_1_27' title="bbox 392 2779 1961 2857; baseline 0.006 -28"><span class='ocrx_word' id='word_1_191' title='bbox 392 2780 499 2830; x_wconf 80' lang='grc' dir='ltr'><strong>τῶν</strong></span> <span class='ocrx_word' id='word_1_192' title='bbox 553 2779 679 2833; x_wconf 85' lang='grc' dir='ltr'>καθ’</span> <span class='ocrx_word' id='word_1_193' title='bbox 733 2781 928 2835; x_wconf 79' lang='grc' dir='ltr'>ἑαυτὸν</span> <span class='ocrx_word' id='word_1_194' title='bbox 986 2783 1369 2853; x_wconf 79' lang='grc' dir='ltr'>συγγενέσθαι,</span> <span class='ocrx_word' id='word_1_195' title='bbox 1436 2781 1593 2838; x_wconf 74' lang='grc' dir='ltr'>οὔπω</span> <span class='ocrx_word' id='word_1_196' title='bbox 1643 2786 1961 2857; x_wconf 73' lang='grc' dir='ltr'>παρῤηπίαν</span> 
     </span>
    </p>
   </div>
   <div class='ocr_carea' id='block_1_28' title="bbox 390 2874 1961 2948">
    <p class='ocr_par' dir='ltr' id='par_1_28' title="bbox 390 2874 1961 2948">
     <span class='ocr_line' id='line_1_28' title="bbox 390 2874 1961 2948; baseline 0.006 -24"><span class='ocrx_word' id='word_1_197' title='bbox 390 2874 619 2945; x_wconf 71' lang='grc' dir='ltr'>ἐχούσης</span> <span class='ocrx_word' id='word_1_198' title='bbox 653 2874 754 2947; x_wconf 75' lang='grc' dir='ltr'>τῆς</span> <span class='ocrx_word' id='word_1_199' title='bbox 786 2876 1065 2942; x_wconf 75' lang='grc' dir='ltr'>ἀσεϐείας.</span> <span class='ocrx_word' id='word_1_200' title='bbox 1121 2876 1257 2931; x_wconf 83' lang='grc' dir='ltr'><strong>Τότε</strong></span> <span class='ocrx_word' id='word_1_201' title='bbox 1282 2878 1462 2931; x_wconf 84' lang='grc' dir='ltr'>τοίνυν</span> <span class='ocrx_word' id='word_1_202' title='bbox 1497 2878 1560 2931; x_wconf 82' lang='grc' dir='ltr'><strong>οὐ</strong></span> <span class='ocrx_word' id='word_1_203' title='bbox 1605 2878 1808 2948; x_wconf 87' lang='grc' dir='ltr'>φαῦλος</span> <span class='ocrx_word' id='word_1_204' title='bbox 1850 2878 1961 2947; x_wconf 76' lang='grc' dir='ltr'><strong>ἐγὼ</strong></span> 
     </span>
    </p>
   </div>
   <div class='ocr_carea' id='block_1_29' title="bbox 390 2967 1957 3043">
    <p class='ocr_par' dir='ltr' id='par_1_29' title="bbox 390 2967 1957 3043">
     <span class='ocr_line' id='line_1_29' title="bbox 390 2967 1957 3043; baseline 0.005 -24"><span class='ocrx_word' id='word_1_205' title='bbox 390 2967 485 3020; x_wconf 85' lang='grc' dir='ltr'><strong>τοῦ</strong></span> <span class='ocrx_word' id='word_1_206' title='bbox 538 2969 731 3038; x_wconf 79' lang='grc' dir='ltr'>ἀνδρὸς</span> <span class='ocrx_word' id='word_1_207' title='bbox 770 2972 1035 3043; x_wconf 77' lang='grc' dir='ltr'>εἰκαστὴς</span> <span class='ocrx_word' id='word_1_208' title='bbox 1070 2968 1188 3026; x_wconf 77' lang='grc' dir='ltr'>οῖδα</span> <span class='ocrx_word' id='word_1_209' title='bbox 1228 2972 1544 3042; x_wconf 77' lang='grc' dir='ltr'>γενόμενος,</span> <span class='ocrx_word' id='word_1_210' title='bbox 1582 2972 1761 3026; x_wconf 86' lang='grc' dir='ltr'>καίτοι</span> <span class='ocrx_word' id='word_1_211' title='bbox 1797 2991 1860 3042; x_wconf 82' lang='grc' dir='ltr'><strong>γε</strong></span> <span class='ocrx_word' id='word_1_212' title='bbox 1896 2975 1957 3028; x_wconf 83' lang='grc' dir='ltr'><strong>οὐ</strong></span> 
     </span>
    </p>
   </div>
   <div class='ocr_carea' id='block_1_30' title="bbox 391 3056 1958 3136">
    <p class='ocr_par' dir='ltr' id='par_1_30' title="bbox 391 3056 1958 3136">
     <span class='ocr_line' id='line_1_30' title="bbox 391 3056 1958 3136; baseline 0.004 -21"><span class='ocrx_word' id='word_1_213' title='bbox 391 3062 500 3119; x_wconf 78' lang='grc' dir='ltr'><strong>τῶν</strong></span> <span class='ocrx_word' id='word_1_214' title='bbox 530 3062 590 3116; x_wconf 86' lang='grc' dir='ltr'><strong>εῦ</strong></span> <span class='ocrx_word' id='word_1_215' title='bbox 627 3067 954 3135; x_wconf 74' lang='grc' dir='ltr'><strong>πεφυκότων</strong></span> <span class='ocrx_word' id='word_1_216' title='bbox 1006 3070 1136 3136; x_wconf 79' lang='grc' dir='ltr'>περὶ</span> <span class='ocrx_word' id='word_1_217' title='bbox 1167 3056 1341 3121; x_wconf 86' lang='grc' dir='ltr'>ταῦτα</span> <span class='ocrx_word' id='word_1_218' title='bbox 1373 3061 1453 3132; x_wconf 75' lang='grc' dir='ltr'><strong>εἷς</strong></span> <span class='ocrx_word' id='word_1_219' title='bbox 1480 3066 1560 3122; x_wconf 83' lang='grc' dir='ltr'>ὥν</span> <span class='ocrx_word' id='word_1_220' title='bbox 1583 3084 1599 3100; x_wconf 73' lang='grc'><strong><em>⁸</em></strong></span> <span class='ocrx_word' id='word_1_221' title='bbox 1628 3069 1745 3124; x_wconf 83' lang='grc' dir='ltr'>ἀλλ’</span> <span class='ocrx_word' id='word_1_222' title='bbox 1784 3070 1958 3125; x_wconf 72' lang='grc' dir='ltr'>ἐποίει</span> 
     </span>
    </p>
   </div>
   <div class='ocr_carea' id='block_1_31' title="bbox 397 3155 2027 3244">
    <p class='ocr_par' dir='ltr' id='par_1_31' title="bbox 397 3155 2027 3244">
     <span class='ocr_line' id='line_1_31' title="bbox 397 3155 2027 3244; baseline 0.006 -35"><span class='ocrx_word' id='word_1_223' title='bbox 397 3172 466 3226; x_wconf 80' lang='grc' dir='ltr'><strong>με</strong></span> <span class='ocrx_word' id='word_1_224' title='bbox 505 3155 765 3227; x_wconf 78' lang='grc' dir='ltr'>μαντικὸν</span> <span class='ocrx_word' id='word_1_225' title='bbox 794 3160 828 3230; x_wconf 80' lang='grc' dir='ltr'><strong>η</strong></span> <span class='ocrx_word' id='word_1_226' title='bbox 850 3159 947 3214; x_wconf 88' lang='grc' dir='ltr'><strong>τοῦ</strong></span> <span class='ocrx_word' id='word_1_227' title='bbox 979 3159 1143 3231; x_wconf 72' lang='grc' dir='ltr'>ἤθους</span> <span class='ocrx_word' id='word_1_228' title='bbox 1195 3160 1509 3233; x_wconf 81' lang='grc' dir='ltr'>ἀνωμαλία,</span> <span class='ocrx_word' id='word_1_229' title='bbox 1542 3164 1639 3218; x_wconf 79' lang='grc' dir='ltr'>καὶ</span> <span class='ocrx_word' id='word_1_230' title='bbox 1668 3162 1731 3216; x_wconf 80' lang='grc' dir='ltr'><strong>τὸ</strong></span> <span class='ocrx_word' id='word_1_231' title='bbox 1770 3180 1962 3235; x_wconf 84' lang='grc' dir='ltr'>περιτ-</span> <span class='ocrx_word' id='word_1_232' title='bbox 1988 3189 2027 3244; x_wconf 56' lang='grc' dir='ltr'><strong>(τ</strong></span> 
     </span>
    </p>
   </div>
   <div class='ocr_carea' id='block_1_32' title="bbox 391 3248 1960 3327">
    <p class='ocr_par' dir='ltr' id='par_1_32' title="bbox 391 3248 1960 3327">
     <span class='ocr_line' id='line_1_32' title="bbox 391 3248 1960 3327; baseline 0.005 -25"><span class='ocrx_word' id='word_1_233' title='bbox 391 3248 486 3303; x_wconf 76' lang='grc' dir='ltr'><strong>τὸν</strong></span> <span class='ocrx_word' id='word_1_234' title='bbox 516 3248 613 3312; x_wconf 84' lang='grc' dir='ltr'>τῆς</span> <span class='ocrx_word' id='word_1_235' title='bbox 639 3250 948 3314; x_wconf 67' lang='grc' dir='ltr'>ἐκστάσεως</span> <span class='ocrx_word' id='word_1_236' title='bbox 974 3294 990 3319; x_wconf 89' lang='grc'><strong>,</strong></span> <span class='ocrx_word' id='word_1_237' title='bbox 1039 3254 1205 3326; x_wconf 73' lang='grc' dir='ltr'>εἰπερ</span> <span class='ocrx_word' id='word_1_238' title='bbox 1237 3253 1431 3325; x_wconf 77' lang='grc' dir='ltr'><strong>μάντις</strong></span> <span class='ocrx_word' id='word_1_239' title='bbox 1470 3255 1692 3327; x_wconf 81' lang='grc' dir='ltr'>ἀριστος</span> <span class='ocrx_word' id='word_1_240' title='bbox 1717 3256 1774 3318; x_wconf 75' lang='grc' dir='ltr'>ὃς</span> <span class='ocrx_word' id='word_1_241' title='bbox 1805 3256 1960 3310; x_wconf 80' lang='grc' dir='ltr'>είκάο</span> 
     </span>
    </p>
   </div>
   <div class='ocr_carea' id='block_1_33' title="bbox 397 3331 1960 3422">
    <p class='ocr_par' dir='ltr' id='par_1_33' title="bbox 397 3331 1960 3422">
     <span class='ocr_line' id='line_1_33' title="bbox 397 3331 1960 3422; baseline 0.006 -25"><span class='ocrx_word' id='word_1_242' title='bbox 397 3343 483 3407; x_wconf 81' lang='grc' dir='ltr'>ζει</span> <span class='ocrx_word' id='word_1_243' title='bbox 535 3344 739 3410; x_wconf 82' lang='grc' dir='ltr'>καλῶς.</span> <span class='ocrx_word' id='word_1_244' title='bbox 793 3331 1023 3411; x_wconf 82' lang='grc' dir='ltr'>Οὐδενὸς</span> <span class='ocrx_word' id='word_1_245' title='bbox 1052 3348 1162 3420; x_wconf 87' lang='grc' dir='ltr'><strong>γάρ</strong></span> <span class='ocrx_word' id='word_1_246' title='bbox 1206 3350 1385 3415; x_wconf 65' lang='grc' dir='ltr'>ἐδόκει</span> <span class='ocrx_word' id='word_1_247' title='bbox 1439 3368 1533 3422; x_wconf 92' lang='grc' dir='ltr'>μοι</span> <span class='ocrx_word' id='word_1_248' title='bbox 1567 3353 1799 3422; x_wconf 78' lang='grc' dir='ltr'>σημεῖον</span> <span class='ocrx_word' id='word_1_249' title='bbox 1820 3350 1960 3407; x_wconf 80' lang='grc' dir='ltr'>εἰναι</span> 
     </span>
    </p>
   </div>
   <div class='ocr_carea' id='block_1_34' title="bbox 394 3436 1962 3516">
    <p class='ocr_par' dir='ltr' id='par_1_34' title="bbox 394 3436 1962 3516">
     <span class='ocr_line' id='line_1_34' title="bbox 394 3436 1962 3516; baseline 0.004 -24"><span class='ocrx_word' id='word_1_250' title='bbox 394 3438 659 3510; x_wconf 78' lang='grc' dir='ltr'><strong>χρηστοῦ,</strong></span> <span class='ocrx_word' id='word_1_251' title='bbox 688 3440 861 3513; x_wconf 73' lang='grc' dir='ltr'><strong>αὐχὴν</strong></span> <span class='ocrx_word' id='word_1_252' title='bbox 886 3443 1132 3511; x_wconf 73' lang='grc' dir='ltr'>ἀπαγὴς,</span> <span class='ocrx_word' id='word_1_253' title='bbox 1182 3436 1325 3516; x_wconf 78' lang='grc' dir='ltr'>ὦμοι</span> <span class='ocrx_word' id='word_1_254' title='bbox 1354 3442 1687 3516; x_wconf 77' lang='grc' dir='ltr'><strong>παλλόμενοι</strong></span> <span class='ocrx_word' id='word_1_255' title='bbox 1711 3445 1807 3501; x_wconf 65' lang='grc' dir='ltr'><strong>καὶ</strong></span> <span class='ocrx_word' id='word_1_256' title='bbox 1829 3448 1962 3502; x_wconf 82' lang='grc' dir='ltr'>ἀνα-</span> 
     </span>
    </p>
   </div>
   <div class='ocr_carea' id='block_1_35' title="bbox 390 3535 1960 3613">
    <p class='ocr_par' dir='ltr' id='par_1_35' title="bbox 390 3535 1960 3613">
     <span class='ocr_line' id='line_1_35' title="bbox 390 3535 1960 3613; baseline 0.007 -27"><span class='ocrx_word' id='word_1_257' title='bbox 390 3535 751 3605; x_wconf 70' lang='grc' dir='ltr'>κοπτόμενοι,</span> <span class='ocrx_word' id='word_1_258' title='bbox 777 3536 1058 3608; x_wconf 78' lang='grc' dir='ltr'>ὀφθαλμὸς</span> <span class='ocrx_word' id='word_1_259' title='bbox 1104 3538 1433 3612; x_wconf 81' lang='grc' dir='ltr'>σοόούμενος</span> <span class='ocrx_word' id='word_1_260' title='bbox 1464 3541 1560 3596; x_wconf 78' lang='grc' dir='ltr'>καὶ</span> <span class='ocrx_word' id='word_1_261' title='bbox 1587 3542 1960 3613; x_wconf 79' lang='grc' dir='ltr'>περιφερόμε-</span> 
     </span>
    </p>
   </div>
   <div class='ocr_carea' id='block_1_36' title="bbox 389 3630 1962 3702">
    <p class='ocr_par' dir='ltr' id='par_1_36' title="bbox 389 3630 1962 3702">
     <span class='ocr_line' id='line_1_36' title="bbox 389 3630 1962 3702; baseline 0.007 -22"><span class='ocrx_word' id='word_1_262' title='bbox 389 3644 481 3693; x_wconf 88' lang='grc' dir='ltr'><strong>νος</strong></span> <span class='ocrx_word' id='word_1_263' title='bbox 532 3632 629 3683; x_wconf 84' lang='grc' dir='ltr'>καὶ</span> <span class='ocrx_word' id='word_1_264' title='bbox 683 3631 915 3701; x_wconf 74' lang='grc' dir='ltr'>μανικὸν</span> <span class='ocrx_word' id='word_1_265' title='bbox 970 3630 1216 3702; x_wconf 62' lang='grc' dir='ltr'>βλέπων,</span> <span class='ocrx_word' id='word_1_266' title='bbox 1267 3633 1426 3697; x_wconf 80' lang='grc' dir='ltr'>πόδες</span> <span class='ocrx_word' id='word_1_267' title='bbox 1477 3634 1844 3700; x_wconf 81' lang='grc' dir='ltr'>ἀστατσῦντες</span> <span class='ocrx_word' id='word_1_268' title='bbox 1868 3638 1962 3691; x_wconf 81' lang='grc' dir='ltr'>καὶ</span> 
     </span>
    </p>
   </div>
   <div class='ocr_carea' id='block_1_37' title="bbox 397 3723 1963 3803">
    <p class='ocr_par' dir='ltr' id='par_1_37' title="bbox 397 3723 1963 3803">
     <span class='ocr_line' id='line_1_37' title="bbox 397 3723 1963 3803; baseline 0.004 -25"><span class='ocrx_word' id='word_1_269' title='bbox 397 3723 848 3796; x_wconf 61' lang='grc' dir='ltr'>μετοκλάζοντες,</span> <span class='ocrx_word' id='word_1_270' title='bbox 884 3728 1098 3798; x_wconf 73' lang='grc' dir='ltr'>μυκτὴρ</span> <span class='ocrx_word' id='word_1_271' title='bbox 1132 3726 1291 3800; x_wconf 76' lang='grc' dir='ltr'>ὕϐριν</span> <span class='ocrx_word' id='word_1_272' title='bbox 1339 3728 1519 3784; x_wconf 74' lang='grc' dir='ltr'>πνέων</span> <span class='ocrx_word' id='word_1_273' title='bbox 1566 3730 1665 3786; x_wconf 74' lang='grc' dir='ltr'>καὶ</span> <span class='ocrx_word' id='word_1_274' title='bbox 1696 3734 1963 3803; x_wconf 79' lang='grc' dir='ltr'>περιφρό‹</span> 
     </span>
    </p>
   </div>
   <div class='ocr_carea' id='block_1_38' title="bbox 391 3819 1963 3897">
    <p class='ocr_par' dir='ltr' id='par_1_38' title="bbox 391 3819 1963 3897">
     <span class='ocr_line' id='line_1_38' title="bbox 391 3819 1963 3897; baseline 0.004 -23"><span class='ocrx_word' id='word_1_275' title='bbox 391 3836 572 3887; x_wconf 84' lang='grc' dir='ltr'>νησιν,</span> <span class='ocrx_word' id='word_1_276' title='bbox 626 3819 925 3894; x_wconf 79' lang='grc' dir='ltr'>προσώπου</span> <span class='ocrx_word' id='word_1_277' title='bbox 997 3824 1381 3895; x_wconf 79' lang='grc' dir='ltr'>σχηματισμοὶ</span> <span class='ocrx_word' id='word_1_278' title='bbox 1451 3825 1852 3897; x_wconf 70' lang='grc' dir='ltr'>καταγέλαστοι</span> <span class='ocrx_word' id='word_1_279' title='bbox 1901 3827 1963 3881; x_wconf 85' lang='grc' dir='ltr'>τὸ</span> 
     </span>
    </p>
   </div>
   <div class='ocr_carea' id='block_1_39' title="bbox 392 3914 1962 3995">
    <p class='ocr_par' dir='ltr' id='par_1_39' title="bbox 392 3914 1962 3995">
     <span class='ocr_line' id='line_1_39' title="bbox 392 3914 1962 3995; baseline 0.005 -28"><span class='ocrx_word' id='word_1_280' title='bbox 392 3915 460 3968; x_wconf 78' lang='grc' dir='ltr'><strong>αὐ</strong></span> <span class='ocrx_word' id='word_1_281' title='bbox 472 3914 529 3968; x_wconf 69' lang='grc' dir='ltr'>τὸ</span> <span class='ocrx_word' id='word_1_282' title='bbox 558 3915 908 3983; x_wconf 74' lang='grc' dir='ltr'>φρονοῦντες,</span> <span class='ocrx_word' id='word_1_283' title='bbox 937 3916 1174 3986; x_wconf 75' lang='grc' dir='ltr'><strong>γέλωτες</strong></span> <span class='ocrx_word' id='word_1_284' title='bbox 1200 3919 1458 3995; x_wconf 76' lang='grc' dir='ltr'><strong>ἀκρατεῖς</strong></span> <span class='ocrx_word' id='word_1_285' title='bbox 1493 3922 1590 3976; x_wconf 80' lang='grc' dir='ltr'>καὶ</span> <span class='ocrx_word' id='word_1_286' title='bbox 1633 3921 1962 3994; x_wconf 76' lang='grc' dir='ltr'>βρασματὼ-</span> 
     </span>
    </p>
   </div>
   <div class='ocr_carea' id='block_1_40' title="bbox 392 4004 1960 4083">
    <p class='ocr_par' dir='ltr' id='par_1_40' title="bbox 392 4004 1960 4083">
     <span class='ocr_line' id='line_1_40' title="bbox 392 4004 1960 4083; baseline 0.005 -25"><span class='ocrx_word' id='word_1_287' title='bbox 392 4004 525 4073; x_wconf 82' lang='grc' dir='ltr'>δεις,</span> <span class='ocrx_word' id='word_1_288' title='bbox 565 4008 778 4071; x_wconf 78' lang='grc' dir='ltr'><strong>νεύσεις</strong></span> <span class='ocrx_word' id='word_1_289' title='bbox 805 4008 900 4061; x_wconf 73' lang='grc' dir='ltr'><strong>καὶ</strong></span> <span class='ocrx_word' id='word_1_290' title='bbox 923 4007 1245 4074; x_wconf 83' lang='grc' dir='ltr'>ἀνανεύσεις</span> <span class='ocrx_word' id='word_1_291' title='bbox 1279 4011 1377 4065; x_wconf 84' lang='grc' dir='ltr'>σὺν</span> <span class='ocrx_word' id='word_1_292' title='bbox 1399 4008 1574 4065; x_wconf 75' lang='grc' dir='ltr'>οὐδενὶ</span> <span class='ocrx_word' id='word_1_293' title='bbox 1601 4012 1765 4083; x_wconf 84' lang='grc' dir='ltr'>λόγῳ,</span> <span class='ocrx_word' id='word_1_294' title='bbox 1800 4013 1960 4082; x_wconf 79' lang='grc' dir='ltr'>λόγος</span> 
     </span>
    </p>
   </div>
   <div class='ocr_carea' id='block_1_41' title="bbox 392 4104 1959 4178">
    <p class='ocr_par' dir='ltr' id='par_1_41' title="bbox 392 4104 1959 4178">
     <span class='ocr_line' id='line_1_41' title="bbox 392 4104 1959 4178; baseline 0.001 -20"><span class='ocrx_word' id='word_1_295' title='bbox 392 4105 680 4174; x_wconf 71' lang='grc' dir='ltr'>ἱστάμενος</span> <span class='ocrx_word' id='word_1_296' title='bbox 741 4106 837 4159; x_wconf 80' lang='grc' dir='ltr'>καὶ</span> <span class='ocrx_word' id='word_1_297' title='bbox 891 4104 1232 4173; x_wconf 78' lang='grc' dir='ltr'>κοπτόμενος</span> <span class='ocrx_word' id='word_1_298' title='bbox 1288 4105 1604 4177; x_wconf 83' lang='grc' dir='ltr'>πνεύματι,</span> <span class='ocrx_word' id='word_1_299' title='bbox 1660 4108 1959 4178; x_wconf 64' lang='grc' dir='ltr'>ἐρωτήσεις</span> 
     </span>
    </p>
   </div>
   <div class='ocr_carea' id='block_1_42' title="bbox 390 4198 1959 4269">
    <p class='ocr_par' dir='ltr' id='par_1_42' title="bbox 390 4198 1959 4269">
     <span class='ocr_line' id='line_1_42' title="bbox 390 4198 1959 4269; baseline 0.003 -16"><span class='ocrx_word' id='word_1_300' title='bbox 390 4201 618 4253; x_wconf 76' lang='grc' dir='ltr'>ἄτακτοι</span> <span class='ocrx_word' id='word_1_301' title='bbox 683 4200 778 4253; x_wconf 82' lang='grc' dir='ltr'><strong>καὶ</strong></span> <span class='ocrx_word' id='word_1_302' title='bbox 838 4198 1113 4265; x_wconf 73' lang='grc' dir='ltr'>ἀσύνετοί,</span> <span class='ocrx_word' id='word_1_303' title='bbox 1172 4199 1495 4269; x_wconf 84' lang='grc' dir='ltr'>ἀποκρίσεις</span> <span class='ocrx_word' id='word_1_304' title='bbox 1543 4202 1697 4255; x_wconf 72' lang='grc' dir='ltr'><strong>οὐδὲν</strong></span> <span class='ocrx_word' id='word_1_305' title='bbox 1751 4202 1959 4258; x_wconf 84' lang='grc' dir='ltr'>τούτων</span> 
     </span>
    </p>
   </div>
   <div class='ocr_carea' id='block_1_43' title="bbox 391 4289 1961 4363">
    <p class='ocr_par' dir='ltr' id='par_1_43' title="bbox 391 4289 1961 4363">
     <span class='ocr_line' id='line_1_43' title="bbox 391 4289 1961 4363; baseline 0.004 -17"><span class='ocrx_word' id='word_1_306' title='bbox 391 4292 669 4363; x_wconf 71' lang='grc' dir='ltr'>ἀμείνους,</span> <span class='ocrx_word' id='word_1_307' title='bbox 709 4289 970 4362; x_wconf 74' lang='grc' dir='ltr'>ἀλλήλαις</span> <span class='ocrx_word' id='word_1_308' title='bbox 1015 4292 1455 4362; x_wconf 75' lang='grc' dir='ltr'>ὲπεμόαίνουσαι</span> <span class='ocrx_word' id='word_1_309' title='bbox 1493 4294 1591 4349; x_wconf 80' lang='grc' dir='ltr'><strong>καὶ</strong></span> <span class='ocrx_word' id='word_1_310' title='bbox 1625 4296 1724 4349; x_wconf 81' lang='grc' dir='ltr'><strong>οὐκ</strong></span> <span class='ocrx_word' id='word_1_311' title='bbox 1767 4296 1961 4352; x_wconf 85' lang='grc' dir='ltr'>εὐστα-</span> 
     </span>
    </p>
   </div>
   <div class='ocr_carea' id='block_1_44' title="bbox 391 4386 1958 4461">
    <p class='ocr_par' dir='ltr' id='par_1_44' title="bbox 391 4386 1958 4461">
     <span class='ocr_line' id='line_1_44' title="bbox 391 4386 1958 4461; baseline 0.003 -18"><span class='ocrx_word' id='word_1_312' title='bbox 391 4386 526 4457; x_wconf 66' lang='grc' dir='ltr'>θεῖς,</span> <span class='ocrx_word' id='word_1_313' title='bbox 566 4388 690 4442; x_wconf 75' lang='grc' dir='ltr'><strong>οὐδὲ</strong></span> <span class='ocrx_word' id='word_1_314' title='bbox 734 4387 887 4455; x_wconf 77' lang='grc' dir='ltr'>τάξει</span> <span class='ocrx_word' id='word_1_315' title='bbox 946 4387 1232 4461; x_wconf 79' lang='grc' dir='ltr'>προϊοῦσαι</span> <span class='ocrx_word' id='word_1_316' title='bbox 1263 4388 1623 4451; x_wconf 78' lang='grc' dir='ltr'>παιδεύσεως.</span> <span class='ocrx_word' id='word_1_317' title='bbox 1688 4391 1750 4444; x_wconf 83' lang='lat' dir='ltr'><strong>Ti</strong></span> <span class='ocrx_word' id='word_1_318' title='bbox 1790 4390 1861 4446; x_wconf 77' lang='grc' dir='ltr'><strong>ἀν</strong></span> <span class='ocrx_word' id='word_1_319' title='bbox 1888 4394 1958 4447; x_wconf 71' lang='grc' dir='ltr'>τὰ</span> 
     </span>
    </p>
   </div>
   <div class='ocr_carea' id='block_1_45' title="bbox 294 4480 1958 4554">
    <p class='ocr_par' dir='ltr' id='par_1_45' title="bbox 294 4480 1958 4554">
     <span class='ocr_line' id='line_1_45' title="bbox 294 4480 1958 4554; baseline 0 -17"><span class='ocrx_word' id='word_1_320' title='bbox 294 4480 298 4484; x_wconf 76' lang='grc'><strong>’</strong></span> <span class='ocrx_word' id='word_1_321' title='bbox 389 4481 512 4537; x_wconf 77' lang='grc' dir='ltr'>κιθ⁹</span> <span class='ocrx_word' id='word_1_322' title='bbox 560 4483 790 4537; x_wconf 79' lang='grc' dir='ltr'>ἕκαστον</span> <span class='ocrx_word' id='word_1_323' title='bbox 845 4482 1158 4552; x_wconf 73' lang='grc' dir='ltr'>γράφοιμις</span> <span class='ocrx_word' id='word_1_324' title='bbox 1219 4482 1473 4537; x_wconf 87' lang='grc' dir='ltr'>Τοιοῦτον</span> <span class='ocrx_word' id='word_1_325' title='bbox 1507 4483 1615 4553; x_wconf 73' lang='grc' dir='ltr'>πρὸ</span> <span class='ocrx_word' id='word_1_326' title='bbox 1652 4484 1762 4539; x_wconf 83' lang='grc' dir='ltr'><strong>τῶν</strong></span> <span class='ocrx_word' id='word_1_327' title='bbox 1783 4485 1958 4554; x_wconf 69' lang='grc' dir='ltr'>ἔργων</span> 
     </span>
    </p>
   </div>
   <div class='ocr_carea' id='block_1_46' title="bbox 1908 4542 2038 4635">
    <p class='ocr_par' dir='ltr' id='par_1_46' title="bbox 1908 4542 2038 4635">
     <span class='ocr_line' id='line_1_46' title="bbox 1908 4542 2038 4635; baseline -0.015 0"><span class='ocrx_word' id='word_1_328' title='bbox 1908 4542 2038 4635; x_wconf 75' lang='grc' dir='ltr'><strong>ιιθ</strong></span> 
     </span>
    </p>
   </div>
   <div class='ocr_carea' id='block_1_47' title="bbox 387 4572 1873 4653">
    <p class='ocr_par' dir='ltr' id='par_1_47' title="bbox 387 4572 1873 4653">
     <span class='ocr_line' id='line_1_47' title="bbox 387 4572 1873 4653; baseline 0.003 -25"><span class='ocrx_word' id='word_1_329' title='bbox 387 4572 867 4649; x_wconf 74' lang='grc' dir='ltr'>ἑθεασά;ιην,οἴον</span> <span class='ocrx_word' id='word_1_330' title='bbox 906 4580 1000 4635; x_wconf 77' lang='grc' dir='ltr'><strong>ἐπὶ</strong></span> <span class='ocrx_word' id='word_1_331' title='bbox 1038 4579 1147 4633; x_wconf 89' lang='grc' dir='ltr'><strong>τῶν</strong></span> <span class='ocrx_word' id='word_1_332' title='bbox 1194 4578 1374 4649; x_wconf 75' lang='grc' dir='ltr'>ἔργων</span> <span class='ocrx_word' id='word_1_333' title='bbox 1425 4578 1722 4653; x_wconf 63' lang='grc' dir='ltr'>ἐγνώρισα.</span> <span class='ocrx_word' id='word_1_334' title='bbox 1764 4582 1873 4635; x_wconf 73' lang='grc' dir='ltr'><strong>Καὶ</strong></span> 
     </span>
    </p>
   </div>
   <div class='ocr_carea' id='block_1_48' title="bbox 389 4668 1957 4742">
    <p class='ocr_par' dir='ltr' id='par_1_48' title="bbox 389 4668 1957 4742">
     <span class='ocr_line' id='line_1_48' title="bbox 389 4668 1957 4742; baseline 0.003 -21"><span class='ocrx_word' id='word_1_335' title='bbox 389 4685 485 4739; x_wconf 84' lang='grc' dir='ltr'><strong>μοι</strong></span> <span class='ocrx_word' id='word_1_336' title='bbox 517 4668 776 4740; x_wconf 52' lang='grc' dir='ltr'>παρῆσάν</span> <span class='ocrx_word' id='word_1_337' title='bbox 824 4686 970 4734; x_wconf 86' lang='grc' dir='ltr'>τινες</span> <span class='ocrx_word' id='word_1_338' title='bbox 1009 4670 1120 4725; x_wconf 86' lang='grc' dir='ltr'><strong>τῶν</strong></span> <span class='ocrx_word' id='word_1_339' title='bbox 1175 4670 1483 4742; x_wconf 87' lang='grc' dir='ltr'>τηνικαῦτα</span> <span class='ocrx_word' id='word_1_340' title='bbox 1548 4672 1816 4725; x_wconf 88' lang='grc' dir='ltr'>συνόντων</span> <span class='ocrx_word' id='word_1_341' title='bbox 1862 4672 1957 4726; x_wconf 76' lang='grc' dir='ltr'>καὶ</span> 
     </span>
    </p>
   </div>
   <div class='ocr_carea' id='block_1_49' title="bbox 386 4759 1956 4836">
    <p class='ocr_par' dir='ltr' id='par_1_49' title="bbox 386 4759 1956 4836">
     <span class='ocr_line' id='line_1_49' title="bbox 386 4759 1956 4836; baseline 0.003 -21"><span class='ocrx_word' id='word_1_342' title='bbox 386 4763 757 4827; x_wconf 80' lang='grc' dir='ltr'>ἀκουσάντων,</span> <span class='ocrx_word' id='word_1_343' title='bbox 823 4762 1221 4835; x_wconf 75' lang='grc' dir='ltr'>ιμαρτύρησαν</span> <span class='ocrx_word' id='word_1_344' title='bbox 1278 4763 1381 4819; x_wconf 75' lang='grc' dir='ltr'><strong>ἄν·</strong></span> <span class='ocrx_word' id='word_1_345' title='bbox 1439 4759 1520 4828; x_wconf 81' lang='grc' dir='ltr'>οἷς</span> <span class='ocrx_word' id='word_1_346' title='bbox 1568 4764 1757 4836; x_wconf 72' lang='grc' dir='ltr'>ἐπειδὴ</span> <span class='ocrx_word' id='word_1_347' title='bbox 1782 4766 1956 4819; x_wconf 87' lang='grc' dir='ltr'>ταῦτα</span> 
     </span>
    </p>
   </div>
   <div class='ocr_carea' id='block_1_50' title="bbox 386 4850 1958 4929">
    <p class='ocr_par' dir='ltr' id='par_1_50' title="bbox 386 4850 1958 4929">
     <span class='ocr_line' id='line_1_50' title="bbox 386 4850 1958 4929; baseline 0.003 -23"><span class='ocrx_word' id='word_1_348' title='bbox 386 4852 724 4924; x_wconf 76' lang='grc' dir='ltr'>ἐθεασάμην,</span> <span class='ocrx_word' id='word_1_349' title='bbox 751 4853 916 4919; x_wconf 82' lang='grc' dir='ltr'>εὐθὺς</span> <span class='ocrx_word' id='word_1_350' title='bbox 947 4854 1323 4926; x_wconf 63' lang='grc' dir='ltr'>ἐφθεγξάμψ,</span> <span class='ocrx_word' id='word_1_351' title='bbox 1365 4850 1478 4911; x_wconf 73' lang='grc' dir='ltr'>οἷον</span> <span class='ocrx_word' id='word_1_352' title='bbox 1527 4858 1697 4913; x_wconf 77' lang='grc' dir='ltr'>κακὸν</span> <span class='ocrx_word' id='word_1_353' title='bbox 1741 4860 1772 4929; x_wconf 73' lang='grc' dir='ltr'>ἡ</span> <span class='ocrx_word' id='word_1_354' title='bbox 1821 4858 1958 4914; x_wconf 83' lang='grc' dir='ltr'><strong>Ῥω-</strong></span> 
     </span>
    </p>
   </div>
   <div class='ocr_carea' id='block_1_51' title="bbox 391 4944 1957 5021">
    <p class='ocr_par' dir='ltr' id='par_1_51' title="bbox 391 4944 1957 5021">
     <span class='ocr_line' id='line_1_51' title="bbox 391 4944 1957 5021; baseline 0.005 -23"><span class='ocrx_word' id='word_1_355' title='bbox 391 4944 572 5013; x_wconf 85' lang='grc' dir='ltr'>μαίων</span> <span class='ocrx_word' id='word_1_356' title='bbox 593 4945 666 5015; x_wconf 81' lang='grc' dir='ltr'><strong>τῆ</strong></span> <span class='ocrx_word' id='word_1_357' title='bbox 694 4946 923 5018; x_wconf 75' lang='grc' dir='ltr'>τρέφει·</span> <span class='ocrx_word' id='word_1_358' title='bbox 960 4946 1055 5003; x_wconf 59' lang='grc' dir='ltr'><strong>καί⁵</strong></span> <span class='ocrx_word' id='word_1_359' title='bbox 1086 4950 1525 5020; x_wconf 75' lang='grc' dir='ltr'>προαγορεύσας,</span> <span class='ocrx_word' id='word_1_360' title='bbox 1580 4952 1676 5005; x_wconf 75' lang='grc' dir='ltr'><strong>καὶ⁵</strong></span> <span class='ocrx_word' id='word_1_361' title='bbox 1697 4951 1957 5021; x_wconf 79' lang='grc' dir='ltr'>γενέσθαι</span> 
     </span>
    </p>
   </div>
   <div class='ocr_carea' id='block_1_52' title="bbox 384 5038 1957 5115">
    <p class='ocr_par' dir='ltr' id='par_1_52' title="bbox 384 5038 1957 5115">
     <span class='ocr_line' id='line_1_52' title="bbox 384 5038 1957 5115; baseline 0.004 -24"><span class='ocrx_word' id='word_1_362' title='bbox 384 5038 765 5108; x_wconf 69' lang='grc' dir='ltr'>ψευδόμαντις</span> <span class='ocrx_word' id='word_1_363' title='bbox 807 5040 1036 5111; x_wconf 74' lang='grc' dir='ltr'>ιμαυτῷ</span> <span class='ocrx_word' id='word_1_364' title='bbox 1066 5042 1447 5114; x_wconf 78' lang='grc' dir='ltr'>κατηυξάμην.</span> <span class='ocrx_word' id='word_1_365' title='bbox 1496 5045 1766 5113; x_wconf 81' lang='grc' dir='ltr'>Κρεῐσσον</span> <span class='ocrx_word' id='word_1_366' title='bbox 1790 5045 1896 5115; x_wconf 70' lang='grc' dir='ltr'>γὰρ</span> <span class='ocrx_word' id='word_1_367' title='bbox 1926 5047 1957 5115; x_wconf 80' lang='grc' dir='ltr'>ἦ</span> 
     </span>
    </p>
   </div>
   <div class='ocr_carea' id='block_1_53' title="bbox 386 5130 1959 5207">
    <p class='ocr_par' dir='ltr' id='par_1_53' title="bbox 386 5130 1959 5207">
     <span class='ocr_line' id='line_1_53' title="bbox 386 5130 1959 5207; baseline 0.005 -23"><span class='ocrx_word' id='word_1_368' title='bbox 386 5130 651 5187; x_wconf 76' lang='grc' dir='ltr'>τοιούτων</span> <span class='ocrx_word' id='word_1_369' title='bbox 685 5132 999 5206; x_wconf 82' lang='grc' dir='ltr'>πλησθῆναι</span> <span class='ocrx_word' id='word_1_370' title='bbox 1046 5138 1146 5206; x_wconf 76' lang='grc' dir='ltr'>τὴν</span> <span class='ocrx_word' id='word_1_371' title='bbox 1198 5136 1533 5207; x_wconf 69' lang='grc' dir='ltr'>οἰκουμένην</span> <span class='ocrx_word' id='word_1_372' title='bbox 1586 5139 1815 5193; x_wconf 81' lang='grc' dir='ltr'>κακῶν·</span> <span class='ocrx_word' id='word_1_373' title='bbox 1863 5138 1959 5192; x_wconf 71' lang='grc' dir='ltr'><strong>καὶ</strong></span> 
     </span>
    </p>
   </div>
   <div class='ocr_carea' id='block_1_54' title="bbox 386 5222 1954 5303">
    <p class='ocr_par' dir='ltr' id='par_1_54' title="bbox 386 5222 1954 5303">
     <span class='ocr_line' id='line_1_54' title="bbox 386 5222 1954 5303; baseline 0.004 -23"><span class='ocrx_word' id='word_1_374' title='bbox 386 5224 634 5282; x_wconf 86' lang='grc' dir='ltr'>τοιοῦτον</span> <span class='ocrx_word' id='word_1_375' title='bbox 661 5226 1007 5298; x_wconf 79' lang='grc' dir='ltr'>ἀναφανῆναι</span> <span class='ocrx_word' id='word_1_376' title='bbox 1036 5228 1223 5299; x_wconf 73' lang='grc' dir='ltr'>τέρας,</span> <span class='ocrx_word' id='word_1_377' title='bbox 1270 5222 1385 5283; x_wconf 77' lang='grc' dir='ltr'>οἷον</span> <span class='ocrx_word' id='word_1_378' title='bbox 1431 5228 1585 5285; x_wconf 73' lang='grc' dir='ltr'>οὔπω</span> <span class='ocrx_word' id='word_1_379' title='bbox 1639 5233 1911 5303; x_wconf 84' lang='grc' dir='ltr'>πρότερον</span> <span class='ocrx_word' id='word_1_380' title='bbox 1941 5247 1954 5263; x_wconf 90' lang='grc'>·</span> 
     </span>
    </p>
   </div>
   <div class='ocr_carea' id='block_1_55' title="bbox 388 5311 1957 5395">
    <p class='ocr_par' dir='ltr' id='par_1_55' title="bbox 388 5311 1957 5395">
     <span class='ocr_line' id='line_1_55' title="bbox 388 5311 1957 5395; baseline 0.006 -24"><span class='ocrx_word' id='word_1_381' title='bbox 388 5319 601 5375; x_wconf 78' lang='grc' dir='ltr'>πολλῶν</span> <span class='ocrx_word' id='word_1_382' title='bbox 631 5321 731 5391; x_wconf 70' lang='grc' dir='ltr'>μὶν</span> <span class='ocrx_word' id='word_1_383' title='bbox 759 5322 1123 5392; x_wconf 62' lang='grc' dir='ltr'>ἐπικλυσμῶν</span> <span class='ocrx_word' id='word_1_384' title='bbox 1169 5311 1605 5395; x_wconf 69' lang='grc' dir='ltr'>θρυλλουμένων,</span> <span class='ocrx_word' id='word_1_385' title='bbox 1634 5327 1848 5380; x_wconf 86' lang='grc' dir='ltr'>πολλῶν</span> <span class='ocrx_word' id='word_1_386' title='bbox 1900 5325 1957 5380; x_wconf 64' lang='grc' dir='ltr'><strong>δὲ</strong></span> 
     </span>
    </p>
   </div>
   <div class='ocr_carea' id='block_1_56' title="bbox 386 5414 1956 5488">
    <p class='ocr_par' dir='ltr' id='par_1_56' title="bbox 386 5414 1956 5488">
     <span class='ocr_line' id='line_1_56' title="bbox 386 5414 1956 5488; baseline 0.005 -22"><span class='ocrx_word' id='word_1_387' title='bbox 386 5414 739 5485; x_wconf 72' lang='grc' dir='ltr'>ἐμπρησμῶν</span> <span class='ocrx_word' id='word_1_388' title='bbox 772 5415 867 5469; x_wconf 68' lang='grc' dir='ltr'><strong>καὶ</strong></span> <span class='ocrx_word' id='word_1_389' title='bbox 895 5414 1162 5487; x_wconf 83' lang='grc' dir='ltr'>βρασμῶν</span> <span class='ocrx_word' id='word_1_390' title='bbox 1200 5417 1304 5485; x_wconf 75' lang='grc' dir='ltr'>γῆς</span> <span class='ocrx_word' id='word_1_391' title='bbox 1344 5420 1439 5472; x_wconf 77' lang='grc' dir='ltr'><strong>καὶ</strong></span> <span class='ocrx_word' id='word_1_392' title='bbox 1480 5419 1780 5488; x_wconf 76' lang='grc' dir='ltr'>χασμάτων</span> <span class='ocrx_word' id='word_1_393' title='bbox 1805 5437 1819 5453; x_wconf 80' lang='grc' dir='ltr'><strong><em>ο</em></strong></span> <span class='ocrx_word' id='word_1_394' title='bbox 1875 5420 1956 5474; x_wconf 81' lang='grc' dir='ltr'>ἔτι</span> 
     </span>
    </p>
   </div>
   <div class='ocr_carea' id='block_1_57' title="bbox 381 5507 1957 5581">
    <p class='ocr_par' dir='ltr' id='par_1_57' title="bbox 381 5507 1957 5581">
     <span class='ocr_line' id='line_1_57' title="bbox 381 5507 1957 5581; baseline 0.002 -17"><span class='ocrx_word' id='word_1_395' title='bbox 381 5509 445 5564; x_wconf 70' lang='grc' dir='ltr'><strong>δὲ</strong></span> <span class='ocrx_word' id='word_1_396' title='bbox 474 5510 568 5562; x_wconf 79' lang='grc' dir='ltr'>καὶ</span> <span class='ocrx_word' id='word_1_397' title='bbox 590 5507 803 5580; x_wconf 85' lang='grc' dir='ltr'>ἀνδρῶν</span> <span class='ocrx_word' id='word_1_398' title='bbox 828 5508 1187 5581; x_wconf 73' lang='grc' dir='ltr'>ἀπάνθρωποι</span> <span class='ocrx_word' id='word_1_399' title='bbox 1208 5512 1302 5563; x_wconf 79' lang='grc' dir='ltr'>καὶ</span> <span class='ocrx_word' id='word_1_400' title='bbox 1318 5509 1628 5580; x_wconf 76' lang='grc' dir='ltr'>θηριώδεις,</span> <span class='ocrx_word' id='word_1_401' title='bbox 1649 5510 1957 5567; x_wconf 80' lang='grc' dir='ltr'>ἀλλοκότων</span> 
     </span>
    </p>
   </div>
   <div class='ocr_carea' id='block_1_58' title="bbox 386 5602 1957 5678">
    <p class='ocr_par' dir='ltr' id='par_1_58' title="bbox 386 5602 1957 5678">
     <span class='ocr_line' id='line_1_58' title="bbox 386 5602 1957 5678; baseline 0.001 -21"><span class='ocrx_word' id='word_1_402' title='bbox 386 5620 447 5657; x_wconf 85' lang='grc' dir='ltr'><strong>τε</strong></span> <span class='ocrx_word' id='word_1_403' title='bbox 477 5602 572 5657; x_wconf 78' lang='grc' dir='ltr'>καὶ</span> <span class='ocrx_word' id='word_1_404' title='bbox 603 5604 873 5657; x_wconf 71' lang='grc' dir='ltr'>συνθέτων</span> <span class='ocrx_word' id='word_1_405' title='bbox 929 5602 1124 5673; x_wconf 83' lang='grc' dir='ltr'>φύσεις</span> <span class='ocrx_word' id='word_1_406' title='bbox 1171 5604 1675 5675; x_wconf 83' lang='grc' dir='ltr'>καινοτομηθείσαι.</span> <span class='ocrx_word' id='word_1_407' title='bbox 1738 5606 1957 5678; x_wconf 77' lang='grc' dir='ltr'>Ταύτης</span> 
     </span>
    </p>
   </div>
   <div class='ocr_carea' id='block_1_59' title="bbox 383 5695 1955 5770">
    <p class='ocr_par' dir='ltr' id='par_1_59' title="bbox 383 5695 1955 5770">
     <span class='ocr_line' id='line_1_59' title="bbox 383 5695 1955 5770; baseline 0.001 -19"><span class='ocrx_word' id='word_1_408' title='bbox 383 5716 468 5751; x_wconf 71' lang='grc' dir='ltr'><strong>τοι</strong></span> <span class='ocrx_word' id='word_1_409' title='bbox 498 5699 594 5751; x_wconf 64' lang='grc' dir='ltr'><strong>καὶ</strong></span> <span class='ocrx_word' id='word_1_410' title='bbox 621 5697 774 5760; x_wconf 78' lang='grc' dir='ltr'>τέλος</span> <span class='ocrx_word' id='word_1_411' title='bbox 798 5695 950 5761; x_wconf 78' lang='grc' dir='ltr'>ἄξιον</span> <span class='ocrx_word' id='word_1_412' title='bbox 970 5696 1325 5767; x_wconf 67' lang='grc' dir='ltr'>ἀπηνέγκατο</span> <span class='ocrx_word' id='word_1_413' title='bbox 1368 5700 1466 5768; x_wconf 81' lang='grc' dir='ltr'>τῆς</span> <span class='ocrx_word' id='word_1_414' title='bbox 1502 5698 1781 5763; x_wconf 79' lang='grc' dir='ltr'>ἀπονοίας.</span> <span class='ocrx_word' id='word_1_415' title='bbox 1841 5700 1955 5770; x_wconf 81' lang='grc' dir='ltr'><strong>Οὐχ</strong></span> 
     </span>
    </p>
   </div>
   <div class='ocr_carea' id='block_1_60' title="bbox 382 5780 1956 5860">
    <p class='ocr_par' dir='ltr' id='par_1_60' title="bbox 382 5780 1956 5860">
     <span class='ocr_line' id='line_1_60' title="bbox 382 5780 1956 5860; baseline 0 -22"><span class='ocrx_word' id='word_1_416' title='bbox 382 5780 465 5849; x_wconf 83' lang='grc' dir='ltr'>εἷς</span> <span class='ocrx_word' id='word_1_417' title='bbox 497 5783 554 5838; x_wconf 77' lang='grc' dir='ltr'><strong>δὲ</strong></span> <span class='ocrx_word' id='word_1_418' title='bbox 590 5788 719 5856; x_wconf 80' lang='grc' dir='ltr'>περὶ</span> <span class='ocrx_word' id='word_1_419' title='bbox 764 5782 958 5837; x_wconf 86' lang='grc' dir='ltr'>τούτου</span> <span class='ocrx_word' id='word_1_420' title='bbox 997 5782 1217 5852; x_wconf 80' lang='grc' dir='ltr'>λέγεται</span> <span class='ocrx_word' id='word_1_421' title='bbox 1256 5784 1454 5853; x_wconf 76' lang='grc' dir='ltr'>λόγος’</span> <span class='ocrx_word' id='word_1_422' title='bbox 1509 5785 1671 5849; x_wconf 82' lang='grc' dir='ltr'>ἄλλος</span> <span class='ocrx_word' id='word_1_423' title='bbox 1709 5785 1769 5839; x_wconf 79' lang='grc' dir='ltr'><strong>δὲ</strong></span> <span class='ocrx_word' id='word_1_424' title='bbox 1809 5786 1956 5860; x_wconf 75' lang='grc' dir='ltr'>ἄλλῳ</span> 
     </span>
    </p>
   </div>
   <div class='ocr_carea' id='block_1_61' title="bbox 388 5877 1955 5951">
    <p class='ocr_par' dir='ltr' id='par_1_61' title="bbox 388 5877 1955 5951">
     <span class='ocr_line' id='line_1_61' title="bbox 388 5877 1955 5951; baseline 0.002 -17"><span class='ocrx_word' id='word_1_425' title='bbox 388 5877 696 5934; x_wconf 83' lang='grc' dir='ltr'>συντίθεται</span> <span class='ocrx_word' id='word_1_426' title='bbox 719 5878 813 5934; x_wconf 74' lang='grc' dir='ltr'>καὶ</span> <span class='ocrx_word' id='word_1_427' title='bbox 842 5878 1207 5949; x_wconf 78' lang='grc' dir='ltr'>συμφέρεται,</span> <span class='ocrx_word' id='word_1_428' title='bbox 1233 5881 1339 5933; x_wconf 76' lang='grc' dir='ltr'><strong>τ.ἰ’.ν</strong></span> <span class='ocrx_word' id='word_1_429' title='bbox 1361 5895 1417 5933; x_wconf 87' lang='grc' dir='ltr'><strong>τε</strong></span> <span class='ocrx_word' id='word_1_430' title='bbox 1444 5882 1726 5951; x_wconf 74' lang='grc' dir='ltr'>παρόντων</span> <span class='ocrx_word' id='word_1_431' title='bbox 1753 5884 1955 5951; x_wconf 76' lang='grc' dir='ltr'>ὁμοίως</span> 
     </span>
    </p>
   </div>
   <div class='ocr_carea' id='block_1_62' title="bbox 1272 340 2626 410">
    <p class='ocr_par' dir='ltr' id='par_1_62' title="bbox 1272 340 2626 410">
     <span class='ocr_line' id='line_1_62' title="bbox 1272 340 2626 410; baseline -0.004 -2"><span class='ocrx_word' id='word_1_432' title='bbox 1272 342 1888 410; x_wconf 63' lang='grc' dir='ltr'><strong>ΕΟΟΙιΕὸἰΑΞΤΙΕίΕ</strong></span> <span class='ocrx_word' id='word_1_433' title='bbox 1932 340 2324 408; x_wconf 78' lang='lat' dir='ltr'><strong>HISTORI/E</strong></span> <span class='ocrx_word' id='word_1_434' title='bbox 2367 342 2516 404; x_wconf 87' lang='lat' dir='ltr'><strong>LIB.</strong></span> <span class='ocrx_word' id='word_1_435' title='bbox 2556 340 2626 403; x_wconf 86' lang='lat' dir='ltr'><strong>X.</strong></span> 
     </span>
    </p>
   </div>
   <div class='ocr_carea' id='block_1_63' title="bbox 3519 328 3621 396">
    <p class='ocr_par' dir='ltr' id='par_1_63' title="bbox 3519 328 3621 396">
     <span class='ocr_line' id='line_1_63' title="bbox 3519 328 3621 396; baseline -0.01 0"><span class='ocrx_word' id='word_1_436' title='bbox 3519 328 3621 396; x_wconf 79' lang='lat'><strong>566</strong></span> 
     </span>
    </p>
   </div>
   <div class='ocr_carea' id='block_1_64' title="bbox 2588 446 3111 508">
    <p class='ocr_par' dir='ltr' id='par_1_64' title="bbox 2588 446 3111 508">
     <span class='ocr_line' id='line_1_64' title="bbox 2588 446 3111 508; baseline -0.01 0"><span class='ocrx_word' id='word_1_437' title='bbox 2588 449 2816 508; x_wconf 64' lang='lat' dir='ltr'><strong>CAPUT</strong></span> <span class='ocrx_word' id='word_1_438' title='bbox 2849 446 3111 504; x_wconf 48' lang='lat' dir='ltr'><strong>XXXV&quot;.</strong></span> 
     </span>
    </p>
   </div>
   <div class='ocr_carea' id='block_1_65' title="bbox 2062 560 3618 632">
    <p class='ocr_par' dir='ltr' id='par_1_65' title="bbox 2062 560 3618 632">
     <span class='ocr_line' id='line_1_65' title="bbox 2062 560 3618 632; baseline -0.002 -14"><span class='ocrx_word' id='word_1_439' title='bbox 2062 563 2145 620; x_wconf 71' lang='lat' dir='ltr'><strong>Ea:</strong></span> <span class='ocrx_word' id='word_1_440' title='bbox 2179 566 2407 619; x_wconf 81' lang='lat' dir='ltr'><strong>secunda</strong></span> <span class='ocrx_word' id='word_1_441' title='bbox 2437 563 2675 632; x_wconf 71' lang='lat' dir='ltr'><strong>Gregorii</strong></span> <span class='ocrx_word' id='word_1_442' title='bbox 2704 562 2941 630; x_wconf 77' lang='lat' dir='ltr'><strong>Tlieologi</strong></span> <span class='ocrx_word' id='word_1_443' title='bbox 2961 563 3016 616; x_wconf 81' lang='lat' dir='ltr'><strong>in</strong></span> <span class='ocrx_word' id='word_1_444' title='bbox 3043 560 3318 616; x_wconf 75' lang='lat' dir='ltr'><strong>lulianum</strong></span> <span class='ocrx_word' id='word_1_445' title='bbox 3344 560 3618 626; x_wconf 71' lang='lat' dir='ltr'><strong>invectiva,</strong></span> 
     </span>
    </p>
   </div>
   <div class='ocr_carea' id='block_1_66' title="bbox 2130 633 3627 707">
    <p class='ocr_par' dir='ltr' id='par_1_66' title="bbox 2130 633 3627 707">
     <span class='ocr_line' id='line_1_66' title="bbox 2130 633 3627 707; baseline -0.002 -18"><span class='ocrx_word' id='word_1_446' title='bbox 2130 637 2195 690; x_wconf 87' lang='lat' dir='ltr'><strong>de</strong></span> <span class='ocrx_word' id='word_1_447' title='bbox 2218 637 2449 707; x_wconf 80' lang='lat' dir='ltr'><strong>ingenio,</strong></span> <span class='ocrx_word' id='word_1_448' title='bbox 2491 634 2749 701; x_wconf 76' lang='lat' dir='ltr'><strong>moribus,</strong></span> <span class='ocrx_word' id='word_1_449' title='bbox 2787 642 2933 704; x_wconf 80' lang='lat' dir='ltr'><strong>gestu</strong></span> <span class='ocrx_word' id='word_1_450' title='bbox 2963 633 3226 704; x_wconf 78' lang='lat' dir='ltr'><strong>corporis,</strong></span> <span class='ocrx_word' id='word_1_451' title='bbox 3266 640 3429 686; x_wconf 82' lang='lat' dir='ltr'><strong>morte</strong></span> <span class='ocrx_word' id='word_1_452' title='bbox 3472 641 3522 686; x_wconf 83' lang='lat' dir='ltr'><strong>et</strong></span> <span class='ocrx_word' id='word_1_453' title='bbox 3545 648 3627 686; x_wconf 78' lang='lat' dir='ltr'><strong>se-</strong></span> 
     </span>
    </p>
   </div>
   <div class='ocr_carea' id='block_1_67' title="bbox 2132 705 2601 778">
    <p class='ocr_par' dir='ltr' id='par_1_67' title="bbox 2132 705 2601 778">
     <span class='ocr_line' id='line_1_67' title="bbox 2132 705 2601 778; baseline 0 -19"><span class='ocrx_word' id='word_1_454' title='bbox 2132 705 2347 778; x_wconf 67' lang='lat' dir='ltr'><strong>pultura</strong></span> <span class='ocrx_word' id='word_1_455' title='bbox 2376 706 2601 761; x_wconf 74' lang='lat' dir='ltr'><strong>Iuliani.</strong></span> 
     </span>
    </p>
   </div>
   <div class='ocr_carea' id='block_1_68' title="bbox 2131 876 3626 955">
    <p class='ocr_par' dir='ltr' id='par_1_68' title="bbox 2131 876 3626 955">
     <span class='ocr_line' id='line_1_68' title="bbox 2131 876 3626 955; baseline -0.007 -15"><span class='ocrx_word' id='word_1_456' title='bbox 2131 883 2235 954; x_wconf 77' lang='lat'><strong>91</strong></span> <span class='ocrx_word' id='word_1_457' title='bbox 2263 884 2455 939; x_wconf 86' lang='lat' dir='ltr'><strong>Verum</strong></span> <span class='ocrx_word' id='word_1_458' title='bbox 2480 884 2625 955; x_wconf 85' lang='lat' dir='ltr'><strong>quali</strong></span> <span class='ocrx_word' id='word_1_459' title='bbox 2646 899 2859 939; x_wconf 78' lang='lat' dir='ltr'><strong>morum</strong></span> <span class='ocrx_word' id='word_1_460' title='bbox 2883 879 3279 938; x_wconf 72' lang='lat' dir='ltr'><strong>consuetudine</strong></span> <span class='ocrx_word' id='word_1_461' title='bbox 3305 889 3358 935; x_wconf 89' lang='lat' dir='ltr'><strong>et</strong></span> <span class='ocrx_word' id='word_1_462' title='bbox 3384 876 3626 947; x_wconf 83' lang='lat' dir='ltr'><strong>corporis</strong></span> 
     </span>
    </p>
   </div>
   <div class='ocr_carea' id='block_1_69' title="bbox 2061 973 3625 1047">
    <p class='ocr_par' dir='ltr' id='par_1_69' title="bbox 2061 973 3625 1047">
     <span class='ocr_line' id='line_1_69' title="bbox 2061 973 3625 1047; baseline -0.006 -13"><span class='ocrx_word' id='word_1_463' title='bbox 2061 989 2204 1034; x_wconf 84' lang='lat' dir='ltr'><strong>statu</strong></span> <span class='ocrx_word' id='word_1_464' title='bbox 2236 976 2486 1033; x_wconf 84' lang='lat' dir='ltr'><strong>Julianus</strong></span> <span class='ocrx_word' id='word_1_465' title='bbox 2514 976 2698 1042; x_wconf 81' lang='lat' dir='ltr'><strong>fuerit,</strong></span> <span class='ocrx_word' id='word_1_466' title='bbox 2748 975 3027 1047; x_wconf 90' lang='lat' dir='ltr'><strong>quomodo</strong></span> <span class='ocrx_word' id='word_1_467' title='bbox 3071 974 3240 1030; x_wconf 87' lang='lat' dir='ltr'><strong>vitam</strong></span> <span class='ocrx_word' id='word_1_468' title='bbox 3293 973 3515 1036; x_wconf 83' lang='lat' dir='ltr'><strong>ﬁnierit,</strong></span> <span class='ocrx_word' id='word_1_469' title='bbox 3570 981 3625 1026; x_wconf 90' lang='lat' dir='ltr'><strong>et</strong></span> 
     </span>
    </p>
   </div>
   <div class='ocr_carea' id='block_1_70' title="bbox 2061 1067 3621 1140">
    <p class='ocr_par' dir='ltr' id='par_1_70' title="bbox 2061 1067 3621 1140">
     <span class='ocr_line' id='line_1_70' title="bbox 2061 1067 3621 1140; baseline -0.006 -14"><span class='ocrx_word' id='word_1_470' title='bbox 2061 1071 2302 1140; x_wconf 85' lang='lat' dir='ltr'><strong>scipsum</strong></span> <span class='ocrx_word' id='word_1_471' title='bbox 2335 1072 2499 1125; x_wconf 86' lang='lat' dir='ltr'><strong>deum</strong></span> <span class='ocrx_word' id='word_1_472' title='bbox 2527 1070 2709 1125; x_wconf 80' lang='lat' dir='ltr'><strong>facere</strong></span> <span class='ocrx_word' id='word_1_473' title='bbox 2743 1070 2997 1134; x_wconf 88' lang='lat' dir='ltr'><strong>voluerit,</strong></span> <span class='ocrx_word' id='word_1_474' title='bbox 3042 1084 3154 1124; x_wconf 89' lang='lat' dir='ltr'><strong>non</strong></span> <span class='ocrx_word' id='word_1_475' title='bbox 3206 1067 3621 1137; x_wconf 88' lang='lat' dir='ltr'><strong>locupletiorem</strong></span> 
     </span>
    </p>
   </div>
   <div class='ocr_carea' id='block_1_71' title="bbox 2062 1159 3621 1233">
    <p class='ocr_par' dir='ltr' id='par_1_71' title="bbox 2062 1159 3621 1233">
     <span class='ocr_line' id='line_1_71' title="bbox 2062 1159 3621 1233; baseline -0.004 -16"><span class='ocrx_word' id='word_1_476' title='bbox 2062 1163 2335 1218; x_wconf 85' lang='lat' dir='ltr'><strong>adducere</strong></span> <span class='ocrx_word' id='word_1_477' title='bbox 2359 1171 2552 1218; x_wconf 89' lang='lat' dir='ltr'><strong>testem</strong></span> <span class='ocrx_word' id='word_1_478' title='bbox 2596 1178 2840 1233; x_wconf 88' lang='lat' dir='ltr'><strong>possum,</strong></span> <span class='ocrx_word' id='word_1_479' title='bbox 2873 1177 3036 1230; x_wconf 85' lang='lat' dir='ltr'><strong>quam</strong></span> <span class='ocrx_word' id='word_1_480' title='bbox 3078 1175 3334 1232; x_wconf 89' lang='lat' dir='ltr'><strong>magnum</strong></span> <span class='ocrx_word' id='word_1_481' title='bbox 3386 1159 3535 1214; x_wconf 92' lang='lat' dir='ltr'><strong>illum</strong></span> <span class='ocrx_word' id='word_1_482' title='bbox 3569 1160 3621 1211; x_wconf 87' lang='lat' dir='ltr'><strong>in</strong></span> 
     </span>
    </p>
   </div>
   <div class='ocr_carea' id='block_1_72' title="bbox 2062 1252 3622 1326">
    <p class='ocr_par' dir='ltr' id='par_1_72' title="bbox 2062 1252 3622 1326">
     <span class='ocr_line' id='line_1_72' title="bbox 2062 1252 3622 1326; baseline -0.001 -19"><span class='ocrx_word' id='word_1_483' title='bbox 2062 1253 2339 1324; x_wconf 81' lang='lat' dir='ltr'><strong>theOIOgia</strong></span> <span class='ocrx_word' id='word_1_484' title='bbox 2370 1253 2717 1326; x_wconf 79' lang='lat' dir='ltr'><strong>Gregorium,</strong></span> <span class='ocrx_word' id='word_1_485' title='bbox 2751 1255 2846 1326; x_wconf 87' lang='lat' dir='ltr'><strong>qui</strong></span> <span class='ocrx_word' id='word_1_486' title='bbox 2876 1270 3002 1311; x_wconf 84' lang='lat' dir='ltr'><strong>cum</strong></span> <span class='ocrx_word' id='word_1_487' title='bbox 3054 1255 3149 1309; x_wconf 89' lang='lat' dir='ltr'><strong>illo</strong></span> <span class='ocrx_word' id='word_1_488' title='bbox 3182 1252 3335 1317; x_wconf 82' lang='lat' dir='ltr'><strong>vixit,</strong></span> <span class='ocrx_word' id='word_1_489' title='bbox 3371 1252 3622 1309; x_wconf 89' lang='lat' dir='ltr'><strong>easdem-</strong></span> 
     </span>
    </p>
   </div>
   <div class='ocr_carea' id='block_1_73' title="bbox 2062 1344 3623 1420">
    <p class='ocr_par' dir='ltr' id='par_1_73' title="bbox 2062 1344 3623 1420">
     <span class='ocr_line' id='line_1_73' title="bbox 2062 1344 3623 1420; baseline -0.003 -20"><span class='ocrx_word' id='word_1_490' title='bbox 2062 1360 2172 1417; x_wconf 88' lang='lat' dir='ltr'><strong>que</strong></span> <span class='ocrx_word' id='word_1_491' title='bbox 2196 1345 2416 1402; x_wconf 83' lang='lat' dir='ltr'><strong>scholas</strong></span> <span class='ocrx_word' id='word_1_492' title='bbox 2447 1345 2841 1420; x_wconf 84' lang='lat' dir='ltr'><strong>t&#39;requentavit.</strong></span> <span class='ocrx_word' id='word_1_493' title='bbox 2872 1359 2927 1402; x_wconf 89' lang='lat' dir='ltr'><strong>et</strong></span> <span class='ocrx_word' id='word_1_494' title='bbox 2964 1362 3050 1402; x_wconf 84' lang='lat' dir='ltr'><strong>res</strong></span> <span class='ocrx_word' id='word_1_495' title='bbox 3079 1347 3198 1419; x_wconf 83' lang='lat' dir='ltr'><strong>ejus</strong></span> <span class='ocrx_word' id='word_1_496' title='bbox 3228 1344 3425 1401; x_wconf 86' lang='lat' dir='ltr'><strong>melius</strong></span> <span class='ocrx_word' id='word_1_497' title='bbox 3464 1361 3623 1414; x_wconf 89' lang='lat' dir='ltr'><strong>quam</strong></span> 
     </span>
    </p>
   </div>
   <div class='ocr_carea' id='block_1_74' title="bbox 2062 1438 3626 1513">
    <p class='ocr_par' dir='ltr' id='par_1_74' title="bbox 2062 1438 3626 1513">
     <span class='ocr_line' id='line_1_74' title="bbox 2062 1438 3626 1513; baseline -0.002 -19"><span class='ocrx_word' id='word_1_498' title='bbox 2062 1439 2206 1496; x_wconf 86' lang='lat' dir='ltr'><strong>alius</strong></span> <span class='ocrx_word' id='word_1_499' title='bbox 2241 1440 2530 1511; x_wconf 85' lang='lat' dir='ltr'><strong>quisquam</strong></span> <span class='ocrx_word' id='word_1_500' title='bbox 2566 1450 2884 1513; x_wconf 85' lang='lat' dir='ltr'><strong>perspectas</strong></span> <span class='ocrx_word' id='word_1_501' title='bbox 2912 1439 3126 1501; x_wconf 86' lang='lat' dir='ltr'><strong>habuit,</strong></span> <span class='ocrx_word' id='word_1_502' title='bbox 3152 1438 3497 1509; x_wconf 72' lang='lat' dir='ltr'><strong>feasdemque</strong></span> <span class='ocrx_word' id='word_1_503' title='bbox 3527 1453 3626 1502; x_wconf 83' lang='lat' dir='ltr'><strong>pro</strong></span> 
     </span>
    </p>
   </div>
   <div class='ocr_carea' id='block_1_75' title="bbox 2063 1527 3625 1602">
    <p class='ocr_par' dir='ltr' id='par_1_75' title="bbox 2063 1527 3625 1602">
     <span class='ocr_line' id='line_1_75' title="bbox 2063 1527 3625 1602; baseline -0.006 -15"><span class='ocrx_word' id='word_1_504' title='bbox 2063 1545 2129 1587; x_wconf 90' lang='lat' dir='ltr'><strong>eo</strong></span> <span class='ocrx_word' id='word_1_505' title='bbox 2162 1541 2327 1602; x_wconf 87' lang='lat' dir='ltr'><strong>atque</strong></span> <span class='ocrx_word' id='word_1_506' title='bbox 2356 1544 2453 1602; x_wconf 85' lang='lat' dir='ltr'><strong>par</strong></span> <span class='ocrx_word' id='word_1_507' title='bbox 2475 1531 2597 1599; x_wconf 83' lang='lat' dir='ltr'><strong>fuit,</strong></span> <span class='ocrx_word' id='word_1_508' title='bbox 2626 1531 2765 1595; x_wconf 88' lang='lat' dir='ltr'><strong>risit,</strong></span> <span class='ocrx_word' id='word_1_509' title='bbox 2783 1540 2945 1599; x_wconf 89' lang='lat' dir='ltr'><strong>atque</strong></span> <span class='ocrx_word' id='word_1_510' title='bbox 2995 1530 3048 1585; x_wconf 92' lang='lat' dir='ltr'><strong>in</strong></span> <span class='ocrx_word' id='word_1_511' title='bbox 3074 1527 3347 1585; x_wconf 80' lang='lat' dir='ltr'><strong>Invectivis</strong></span> <span class='ocrx_word' id='word_1_512' title='bbox 3371 1527 3484 1583; x_wconf 90' lang='lat' dir='ltr'><strong>suis</strong></span> <span class='ocrx_word' id='word_1_513' title='bbox 3511 1537 3625 1582; x_wconf 75' lang='lat' dir='ltr'><strong>tra-</strong></span> 
     </span>
    </p>
   </div>
   <div class='ocr_carea' id='block_1_76' title="bbox 2061 1621 3599 1697">
    <p class='ocr_par' dir='ltr' id='par_1_76' title="bbox 2061 1621 3599 1697">
     <span class='ocr_line' id='line_1_76' title="bbox 2061 1621 3599 1697; baseline -0.005 -16"><span class='ocrx_word' id='word_1_514' title='bbox 2061 1623 2234 1681; x_wconf 83' lang='lat' dir='ltr'><strong>duxit.</strong></span> <span class='ocrx_word' id='word_1_515' title='bbox 2272 1625 2437 1697; x_wconf 88' lang='lat' dir='ltr'><strong>Igitur</strong></span> <span class='ocrx_word' id='word_1_516' title='bbox 2464 1623 2520 1679; x_wconf 88' lang='lat' dir='ltr'><strong>in</strong></span> <span class='ocrx_word' id='word_1_517' title='bbox 2540 1623 2811 1681; x_wconf 86' lang='lat' dir='ltr'><strong>lnveetiva</strong></span> <span class='ocrx_word' id='word_1_518' title='bbox 2829 1622 3068 1679; x_wconf 87' lang='lat' dir='ltr'><strong>secunda</strong></span> <span class='ocrx_word' id='word_1_519' title='bbox 3106 1631 3296 1678; x_wconf 87' lang='lat' dir='ltr'><strong>contra</strong></span> <span class='ocrx_word' id='word_1_520' title='bbox 3321 1621 3599 1677; x_wconf 80' lang='lat' dir='ltr'><strong>Julianum</strong></span> 
     </span>
    </p>
   </div>
   <div class='ocr_carea' id='block_1_77' title="bbox 2061 1713 3621 1789">
    <p class='ocr_par' dir='ltr' id='par_1_77' title="bbox 2061 1713 3621 1789">
     <span class='ocr_line' id='line_1_77' title="bbox 2061 1713 3621 1789; baseline -0.004 -16"><span class='ocrx_word' id='word_1_521' title='bbox 2061 1725 2117 1774; x_wconf 89' lang='lat' dir='ltr'><strong>et</strong></span> <span class='ocrx_word' id='word_1_522' title='bbox 2142 1716 2345 1773; x_wconf 55' lang='lat' dir='ltr'><strong>Graue-aa</strong></span> <span class='ocrx_word' id='word_1_523' title='bbox 2373 1716 2652 1789; x_wconf 75' lang='lat' dir='ltr'><strong>religionis</strong></span> <span class='ocrx_word' id='word_1_524' title='bbox 2680 1725 2997 1781; x_wconf 76' lang='lat' dir='ltr'><strong>sectatores,</strong></span> <span class='ocrx_word' id='word_1_525' title='bbox 3031 1715 3097 1771; x_wconf 87' lang='lat' dir='ltr'><strong>de</strong></span> <span class='ocrx_word' id='word_1_526' title='bbox 3123 1730 3191 1771; x_wconf 93' lang='lat' dir='ltr'><strong>eo</strong></span> <span class='ocrx_word' id='word_1_527' title='bbox 3226 1717 3340 1789; x_wconf 48' lang='lat' dir='ltr'><strong>hgcc</strong></span> <span class='ocrx_word' id='word_1_528' title='bbox 3405 1713 3575 1769; x_wconf 80' lang='lat' dir='ltr'><strong>refert</strong></span> <span class='ocrx_word' id='word_1_529' title='bbox 3608 1730 3621 1767; x_wconf 95' lang='lat'>:</span> 
     </span>
    </p>
   </div>
   <div class='ocr_carea' id='block_1_78' title="bbox 1988 1807 3626 1881">
    <p class='ocr_par' dir='ltr' id='par_1_78' title="bbox 1988 1807 3626 1881">
     <span class='ocr_line' id='line_1_78' title="bbox 1988 1807 3626 1881; baseline 0 -18"><span class='ocrx_word' id='word_1_530' title='bbox 1988 1814 2038 1876; x_wconf 80' lang='grc' dir='ltr'><strong><em>Β</em></strong></span> <span class='ocrx_word' id='word_1_531' title='bbox 2072 1828 2089 1863; x_wconf 80' lang='grc' dir='ltr'><strong>ι</strong></span> <span class='ocrx_word' id='word_1_532' title='bbox 2118 1810 2295 1881; x_wconf 85' lang='lat' dir='ltr'><strong>Atque</strong></span> <span class='ocrx_word' id='word_1_533' title='bbox 2353 1808 2467 1866; x_wconf 70' lang='lat' dir='ltr'><strong>haec</strong></span> <span class='ocrx_word' id='word_1_534' title='bbox 2494 1810 2715 1881; x_wconf 79' lang='lat' dir='ltr'><strong>quidem</strong></span> <span class='ocrx_word' id='word_1_535' title='bbox 2748 1810 2868 1865; x_wconf 90' lang='lat' dir='ltr'><strong>aliis</strong></span> <span class='ocrx_word' id='word_1_536' title='bbox 2894 1807 3230 1879; x_wconf 77' lang='lat' dir='ltr'><strong>experientia</strong></span> <span class='ocrx_word' id='word_1_537' title='bbox 3285 1818 3342 1863; x_wconf 89' lang='lat' dir='ltr'><strong>et</strong></span> <span class='ocrx_word' id='word_1_538' title='bbox 3385 1809 3626 1878; x_wconf 84' lang='lat' dir='ltr'><strong>potentia</strong></span> 
     </span>
    </p>
   </div>
   <div class='ocr_carea' id='block_1_79' title="bbox 2063 1899 3626 1974">
    <p class='ocr_par' dir='ltr' id='par_1_79' title="bbox 2063 1899 3626 1974">
     <span class='ocr_line' id='line_1_79' title="bbox 2063 1899 3626 1974; baseline -0.003 -17"><span class='ocrx_word' id='word_1_539' title='bbox 2063 1912 2386 1974; x_wconf 76' lang='lat' dir='ltr'><strong>potesmtem</strong></span> <span class='ocrx_word' id='word_1_540' title='bbox 2435 1901 2627 1972; x_wconf 80' lang='lat' dir='ltr'><strong>adepta</strong></span> <span class='ocrx_word' id='word_1_541' title='bbox 2650 1900 2939 1958; x_wconf 88' lang='lat' dir='ltr'><strong>exhibuit:</strong></span> <span class='ocrx_word' id='word_1_542' title='bbox 2992 1899 3124 1955; x_wconf 90' lang='lat' dir='ltr'><strong>mihi</strong></span> <span class='ocrx_word' id='word_1_543' title='bbox 3161 1916 3290 1955; x_wconf 86' lang='lat' dir='ltr'><strong>vera</strong></span> <span class='ocrx_word' id='word_1_544' title='bbox 3349 1900 3626 1970; x_wconf 83' lang='lat' dir='ltr'><strong>quodam~</strong></span> 
     </span>
    </p>
   </div>
   <div class='ocr_carea' id='block_1_80' title="bbox 2062 1994 3626 2067">
    <p class='ocr_par' dir='ltr' id='par_1_80' title="bbox 2062 1994 3626 2067">
     <span class='ocr_line' id='line_1_80' title="bbox 2062 1994 3626 2067; baseline -0.003 -17"><span class='ocrx_word' id='word_1_545' title='bbox 2062 1996 2226 2050; x_wconf 89' lang='lat' dir='ltr'><strong>modo</strong></span> <span class='ocrx_word' id='word_1_546' title='bbox 2261 1994 2478 2067; x_wconf 87' lang='lat' dir='ltr'><strong>longius</strong></span> <span class='ocrx_word' id='word_1_547' title='bbox 2498 2004 2654 2051; x_wconf 80' lang='lat' dir='ltr'><strong>antea</strong></span> <span class='ocrx_word' id='word_1_548' title='bbox 2689 2004 2817 2051; x_wconf 87' lang='lat' dir='ltr'><strong>sunt</strong></span> <span class='ocrx_word' id='word_1_549' title='bbox 2844 1994 3085 2067; x_wconf 88' lang='lat' dir='ltr'><strong>cognita,</strong></span> <span class='ocrx_word' id='word_1_550' title='bbox 3123 2009 3186 2050; x_wconf 85' lang='lat' dir='ltr'><strong>ex</strong></span> <span class='ocrx_word' id='word_1_551' title='bbox 3216 2006 3330 2064; x_wconf 87' lang='lat' dir='ltr'><strong>quo</strong></span> <span class='ocrx_word' id='word_1_552' title='bbox 3380 2001 3626 2063; x_wconf 89' lang='lat' dir='ltr'><strong>tempore</strong></span> 
     </span>
    </p>
   </div>
   <div class='ocr_carea' id='block_1_81' title="bbox 2070 2086 3625 2157">
    <p class='ocr_par' dir='ltr' id='par_1_81' title="bbox 2070 2086 3625 2157">
     <span class='ocr_line' id='line_1_81' title="bbox 2070 2086 3625 2157; baseline -0.001 -15"><span class='ocrx_word' id='word_1_553' title='bbox 2070 2088 2305 2142; x_wconf 80' lang='lat' dir='ltr'><strong>Athenis</strong></span> <span class='ocrx_word' id='word_1_554' title='bbox 2328 2097 2451 2142; x_wconf 88' lang='lat' dir='ltr'><strong>cum</strong></span> <span class='ocrx_word' id='word_1_555' title='bbox 2488 2087 2712 2143; x_wconf 83' lang='lat' dir='ltr'><strong>homine</strong></span> <span class='ocrx_word' id='word_1_556' title='bbox 2738 2086 3022 2143; x_wconf 12' lang='lat' dir='ltr'><strong>t‘ui.sVenit</strong></span> <span class='ocrx_word' id='word_1_557' title='bbox 3050 2101 3285 2157; x_wconf 83' lang='lat' dir='ltr'><strong>namque</strong></span> <span class='ocrx_word' id='word_1_558' title='bbox 3313 2099 3379 2139; x_wconf 89' lang='lat' dir='ltr'><strong>eo</strong></span> <span class='ocrx_word' id='word_1_559' title='bbox 3407 2098 3625 2155; x_wconf 89' lang='lat' dir='ltr'><strong>quoque</strong></span> 
     </span>
    </p>
   </div>
   <div class='ocr_carea' id='block_1_82' title="bbox 2061 2177 3623 2251">
    <p class='ocr_par' dir='ltr' id='par_1_82' title="bbox 2061 2177 3623 2251">
     <span class='ocr_line' id='line_1_82' title="bbox 2061 2177 3623 2251; baseline -0.001 -18"><span class='ocrx_word' id='word_1_560' title='bbox 2061 2194 2171 2234; x_wconf 89' lang='lat' dir='ltr'><strong>non</strong></span> <span class='ocrx_word' id='word_1_561' title='bbox 2204 2180 2279 2235; x_wconf 89' lang='lat' dir='ltr'><strong>ita</strong></span> <span class='ocrx_word' id='word_1_562' title='bbox 2314 2180 2487 2235; x_wconf 85' lang='lat' dir='ltr'><strong>multo</strong></span> <span class='ocrx_word' id='word_1_563' title='bbox 2520 2190 2660 2250; x_wconf 86' lang='lat' dir='ltr'><strong>post,</strong></span> <span class='ocrx_word' id='word_1_564' title='bbox 2690 2195 2854 2251; x_wconf 81' lang='lat' dir='ltr'><strong>quam</strong></span> <span class='ocrx_word' id='word_1_565' title='bbox 2894 2180 3061 2235; x_wconf 78' lang='lat' dir='ltr'><strong>frater</strong></span> <span class='ocrx_word' id='word_1_566' title='bbox 3121 2178 3240 2247; x_wconf 88' lang='lat' dir='ltr'><strong>ejus</strong></span> <span class='ocrx_word' id='word_1_567' title='bbox 3289 2192 3459 2232; x_wconf 86' lang='lat' dir='ltr'><strong>novas</strong></span> <span class='ocrx_word' id='word_1_568' title='bbox 3504 2177 3623 2232; x_wconf 82' lang='lat' dir='ltr'><strong>fue-</strong></span> 
     </span>
    </p>
   </div>
   <div class='ocr_carea' id='block_1_83' title="bbox 2062 2270 3623 2342">
    <p class='ocr_par' dir='ltr' id='par_1_83' title="bbox 2062 2270 3623 2342">
     <span class='ocr_line' id='line_1_83' title="bbox 2062 2270 3623 2342; baseline -0.004 -17"><span class='ocrx_word' id='word_1_569' title='bbox 2062 2280 2146 2328; x_wconf 87' lang='lat' dir='ltr'><strong>rat</strong></span> <span class='ocrx_word' id='word_1_570' title='bbox 2180 2279 2371 2327; x_wconf 86' lang='lat' dir='ltr'><strong>contra</strong></span> <span class='ocrx_word' id='word_1_571' title='bbox 2412 2272 2797 2342; x_wconf 85' lang='lat' dir='ltr'><strong>imperatorem</strong></span> <span class='ocrx_word' id='word_1_572' title='bbox 2829 2285 2916 2326; x_wconf 88' lang='lat' dir='ltr'><strong>res</strong></span> <span class='ocrx_word' id='word_1_573' title='bbox 2941 2270 3187 2334; x_wconf 83' lang='lat' dir='ltr'><strong>Inolitus,</strong></span> <span class='ocrx_word' id='word_1_574' title='bbox 3230 2270 3448 2339; x_wconf 86' lang='lat' dir='ltr'><strong>culpam</strong></span> <span class='ocrx_word' id='word_1_575' title='bbox 3502 2283 3623 2322; x_wconf 83' lang='lat' dir='ltr'><strong>eam</strong></span> 
     </span>
    </p>
   </div>
   <div class='ocr_carea' id='block_1_84' title="bbox 2060 2360 3622 2435">
    <p class='ocr_par' dir='ltr' id='par_1_84' title="bbox 2060 2360 3622 2435">
     <span class='ocr_line' id='line_1_84' title="bbox 2060 2360 3622 2435; baseline -0.002 -17"><span class='ocrx_word' id='word_1_576' title='bbox 2060 2377 2091 2418; x_wconf 85' lang='lat' dir='ltr'><strong>a</strong></span> <span class='ocrx_word' id='word_1_577' title='bbox 2114 2378 2172 2419; x_wconf 86' lang='lat' dir='ltr'><strong>se</strong></span> <span class='ocrx_word' id='word_1_578' title='bbox 2197 2364 2481 2419; x_wconf 84' lang='lat' dir='ltr'><strong>amolicus.</strong></span> <span class='ocrx_word' id='word_1_579' title='bbox 2519 2363 2581 2419; x_wconf 84' lang='lat' dir='ltr'><strong>Et</strong></span> <span class='ocrx_word' id='word_1_580' title='bbox 2620 2364 2892 2435; x_wconf 89' lang='lat' dir='ltr'><strong>duplicem</strong></span> <span class='ocrx_word' id='word_1_581' title='bbox 2925 2378 3035 2434; x_wconf 71' lang='lat' dir='ltr'><strong>pra:</strong></span> <span class='ocrx_word' id='word_1_582' title='bbox 3065 2378 3122 2418; x_wconf 89' lang='lat' dir='ltr'><strong>se</strong></span> <span class='ocrx_word' id='word_1_583' title='bbox 3147 2360 3505 2435; x_wconf 81' lang='lat' dir='ltr'><strong>perfectionis</strong></span> <span class='ocrx_word' id='word_1_584' title='bbox 3526 2362 3622 2415; x_wconf 80' lang='lat' dir='ltr'><strong>At-</strong></span> 
     </span>
    </p>
   </div>
   <div class='ocr_carea' id='block_1_85' title="bbox 2061 2453 3622 2526">
    <p class='ocr_par' dir='ltr' id='par_1_85' title="bbox 2061 2453 3622 2526">
     <span class='ocr_line' id='line_1_85' title="bbox 2061 2453 3622 2526; baseline -0.004 -15"><span class='ocrx_word' id='word_1_585' title='bbox 2061 2457 2182 2512; x_wconf 75' lang='lat' dir='ltr'><strong>tica:</strong></span> <span class='ocrx_word' id='word_1_586' title='bbox 2218 2457 2341 2512; x_wconf 89' lang='lat' dir='ltr'><strong>tulit</strong></span> <span class='ocrx_word' id='word_1_587' title='bbox 2369 2473 2625 2513; x_wconf 88' lang='lat' dir='ltr'><strong>causam:</strong></span> <span class='ocrx_word' id='word_1_588' title='bbox 2664 2458 2890 2513; x_wconf 79' lang='lat' dir='ltr'><strong>alteram</strong></span> <span class='ocrx_word' id='word_1_589' title='bbox 2932 2454 3153 2526; x_wconf 83' lang='lat' dir='ltr'><strong>quidem</strong></span> <span class='ocrx_word' id='word_1_590' title='bbox 3220 2453 3622 2517; x_wconf 84' lang='lat' dir='ltr'><strong>honestiorem,</strong></span> 
     </span>
    </p>
   </div>
   <div class='ocr_carea' id='block_1_86' title="bbox 2062 2544 3626 2620">
    <p class='ocr_par' dir='ltr' id='par_1_86' title="bbox 2062 2544 3626 2620">
     <span class='ocr_line' id='line_1_86' title="bbox 2062 2544 3626 2620; baseline -0.001 -19"><span class='ocrx_word' id='word_1_591' title='bbox 2062 2555 2123 2601; x_wconf 87' lang='lat' dir='ltr'><strong>ut</strong></span> <span class='ocrx_word' id='word_1_592' title='bbox 2151 2546 2373 2603; x_wconf 70' lang='lat' dir='ltr'><strong>Graacite</strong></span> <span class='ocrx_word' id='word_1_593' title='bbox 2405 2562 2490 2603; x_wconf 89' lang='lat' dir='ltr'><strong>res</strong></span> <span class='ocrx_word' id='word_1_594' title='bbox 2508 2557 2885 2620; x_wconf 83' lang='lat' dir='ltr'><strong>cognosceret,</strong></span> <span class='ocrx_word' id='word_1_595' title='bbox 2913 2557 2969 2603; x_wconf 90' lang='lat' dir='ltr'><strong>et</strong></span> <span class='ocrx_word' id='word_1_596' title='bbox 3000 2547 3217 2603; x_wconf 78' lang='lat' dir='ltr'><strong>scholas</strong></span> <span class='ocrx_word' id='word_1_597' title='bbox 3245 2547 3452 2601; x_wconf 77' lang='lat' dir='ltr'><strong>Atticas</strong></span> <span class='ocrx_word' id='word_1_598' title='bbox 3474 2544 3626 2599; x_wconf 87' lang='lat' dir='ltr'><strong>vide-</strong></span> 
     </span>
    </p>
   </div>
   <div class='ocr_carea' id='block_1_87' title="bbox 2061 2638 3622 2709">
    <p class='ocr_par' dir='ltr' id='par_1_87' title="bbox 2061 2638 3622 2709">
     <span class='ocr_line' id='line_1_87' title="bbox 2061 2638 3622 2709; baseline -0.003 -16"><span class='ocrx_word' id='word_1_599' title='bbox 2061 2649 2175 2696; x_wconf 86' lang='lat' dir='ltr'><strong>ret:</strong></span> <span class='ocrx_word' id='word_1_600' title='bbox 2205 2642 2433 2694; x_wconf 85' lang='lat' dir='ltr'><strong>altcram</strong></span> <span class='ocrx_word' id='word_1_601' title='bbox 2469 2648 2654 2694; x_wconf 85' lang='lat' dir='ltr'><strong>autem</strong></span> <span class='ocrx_word' id='word_1_602' title='bbox 2684 2639 3060 2705; x_wconf 86' lang='lat' dir='ltr'><strong>occultiorem,</strong></span> <span class='ocrx_word' id='word_1_603' title='bbox 3117 2647 3173 2694; x_wconf 87' lang='lat' dir='ltr'><strong>et</strong></span> <span class='ocrx_word' id='word_1_604' title='bbox 3204 2638 3389 2709; x_wconf 86' lang='lat' dir='ltr'><strong>paucis</strong></span> <span class='ocrx_word' id='word_1_605' title='bbox 3417 2648 3622 2699; x_wconf 84' lang='lat' dir='ltr'><strong>notam,</strong></span> 
     </span>
    </p>
   </div>
   <div class='ocr_carea' id='block_1_88' title="bbox 2063 2732 3626 2802">
    <p class='ocr_par' dir='ltr' id='par_1_88' title="bbox 2063 2732 3626 2802">
     <span class='ocr_line' id='line_1_88' title="bbox 2063 2732 3626 2802; baseline -0.001 -15"><span class='ocrx_word' id='word_1_606' title='bbox 2063 2742 2121 2789; x_wconf 92' lang='lat' dir='ltr'><strong>ut</strong></span> <span class='ocrx_word' id='word_1_607' title='bbox 2148 2733 2469 2788; x_wconf 82' lang='lat' dir='ltr'><strong>sacriﬁculis</strong></span> <span class='ocrx_word' id='word_1_608' title='bbox 2502 2733 2575 2788; x_wconf 86' lang='lat' dir='ltr'><strong>ibi</strong></span> <span class='ocrx_word' id='word_1_609' title='bbox 2606 2745 2661 2788; x_wconf 91' lang='lat' dir='ltr'><strong>et</strong></span> <span class='ocrx_word' id='word_1_610' title='bbox 2693 2733 3078 2789; x_wconf 84' lang='lat' dir='ltr'><strong>seductoribus</strong></span> <span class='ocrx_word' id='word_1_611' title='bbox 3103 2732 3169 2787; x_wconf 92' lang='lat' dir='ltr'><strong>de</strong></span> <span class='ocrx_word' id='word_1_612' title='bbox 3206 2734 3371 2787; x_wconf 80' lang='lat' dir='ltr'><strong>rebus</strong></span> <span class='ocrx_word' id='word_1_613' title='bbox 3400 2732 3481 2786; x_wconf 88' lang='lat' dir='ltr'><strong>eis</strong></span> <span class='ocrx_word' id='word_1_614' title='bbox 3502 2732 3626 2802; x_wconf 91' lang='lat' dir='ltr'><strong>qui-</strong></span> 
     </span>
    </p>
   </div>
   <div class='ocr_carea' id='block_1_89' title="bbox 2059 2824 3628 2895">
    <p class='ocr_par' dir='ltr' id='par_1_89' title="bbox 2059 2824 3628 2895">
     <span class='ocr_line' id='line_1_89' title="bbox 2059 2824 3628 2895; baseline -0.001 -15"><span class='ocrx_word' id='word_1_615' title='bbox 2059 2825 2166 2880; x_wconf 83' lang='lat' dir='ltr'><strong>bus</strong></span> <span class='ocrx_word' id='word_1_616' title='bbox 2227 2826 2465 2881; x_wconf 83' lang='lat' dir='ltr'><strong>maxime</strong></span> <span class='ocrx_word' id='word_1_617' title='bbox 2517 2826 2795 2890; x_wconf 79' lang='lat' dir='ltr'><strong>studebat,</strong></span> <span class='ocrx_word' id='word_1_618' title='bbox 2831 2825 2991 2880; x_wconf 78' lang='lat' dir='ltr'><strong>daret</strong></span> <span class='ocrx_word' id='word_1_619' title='bbox 3045 2839 3286 2895; x_wconf 87' lang='lat' dir='ltr'><strong>operam,</strong></span> <span class='ocrx_word' id='word_1_620' title='bbox 3349 2824 3628 2894; x_wconf 67' lang='lat' dir='ltr'><strong>impietate</strong></span> 
     </span>
    </p>
   </div>
   <div class='ocr_carea' id='block_1_90' title="bbox 2062 2914 3625 2988">
    <p class='ocr_par' dir='ltr' id='par_1_90' title="bbox 2062 2914 3625 2988">
     <span class='ocr_line' id='line_1_90' title="bbox 2062 2914 3625 2988; baseline -0.003 -16"><span class='ocrx_word' id='word_1_621' title='bbox 2062 2926 2209 2972; x_wconf 84' lang='lat' dir='ltr'><strong>tanta</strong></span> <span class='ocrx_word' id='word_1_622' title='bbox 2238 2919 2479 2972; x_wconf 82' lang='lat' dir='ltr'><strong>nonduin</strong></span> <span class='ocrx_word' id='word_1_623' title='bbox 2513 2926 2760 2988; x_wconf 82' lang='lat' dir='ltr'><strong>apertam</strong></span> <span class='ocrx_word' id='word_1_624' title='bbox 2792 2918 3077 2973; x_wconf 87' lang='lat' dir='ltr'><strong>obtinente</strong></span> <span class='ocrx_word' id='word_1_625' title='bbox 3110 2918 3443 2973; x_wconf 86' lang='lat' dir='ltr'><strong>libertatem.</strong></span> <span class='ocrx_word' id='word_1_626' title='bbox 3488 2914 3625 2970; x_wconf 79' lang='lat' dir='ltr'><strong>Tum</strong></span> 
     </span>
    </p>
   </div>
   <div class='ocr_carea' id='block_1_91' title="bbox 2061 3006 3630 3078">
    <p class='ocr_par' dir='ltr' id='par_1_91' title="bbox 2061 3006 3630 3078">
     <span class='ocr_line' id='line_1_91' title="bbox 2061 3006 3630 3078; baseline -0.001 -16"><span class='ocrx_word' id='word_1_627' title='bbox 2061 3008 2226 3077; x_wconf 78' lang='lat' dir='ltr'><strong>igitur</strong></span> <span class='ocrx_word' id='word_1_628' title='bbox 2257 3024 2365 3063; x_wconf 88' lang='lat' dir='ltr'><strong>non</strong></span> <span class='ocrx_word' id='word_1_629' title='bbox 2418 3008 2619 3063; x_wconf 87' lang='lat' dir='ltr'><strong>malum</strong></span> <span class='ocrx_word' id='word_1_630' title='bbox 2645 3022 2752 3075; x_wconf 88' lang='lat' dir='ltr'><strong>me,</strong></span> <span class='ocrx_word' id='word_1_631' title='bbox 2778 3007 2901 3062; x_wconf 84' lang='lat' dir='ltr'><strong>viro</strong></span> <span class='ocrx_word' id='word_1_632' title='bbox 2929 3022 2997 3063; x_wconf 88' lang='lat' dir='ltr'><strong>eo</strong></span> <span class='ocrx_word' id='word_1_633' title='bbox 3035 3006 3435 3078; x_wconf 86' lang='lat' dir='ltr'><strong>cognoscendo,</strong></span> <span class='ocrx_word' id='word_1_634' title='bbox 3497 3015 3630 3062; x_wconf 72' lang='lat' dir='ltr'><strong>cou-</strong></span> 
     </span>
    </p>
   </div>
   <div class='ocr_carea' id='block_1_92' title="bbox 2056 3100 3626 3173">
    <p class='ocr_par' dir='ltr' id='par_1_92' title="bbox 2056 3100 3626 3173">
     <span class='ocr_line' id='line_1_92' title="bbox 2056 3100 3626 3173; baseline -0.002 -18"><span class='ocrx_word' id='word_1_635' title='bbox 2056 3100 2323 3173; x_wconf 76' lang='lat' dir='ltr'><strong>jcctorrm</strong></span> <span class='ocrx_word' id='word_1_636' title='bbox 2358 3115 2479 3157; x_wconf 85' lang='lat' dir='ltr'><strong>esse</strong></span> <span class='ocrx_word' id='word_1_637' title='bbox 2532 3102 2780 3157; x_wconf 74' lang='lat' dir='ltr'><strong>memini.</strong></span> <span class='ocrx_word' id='word_1_638' title='bbox 2834 3102 2899 3156; x_wconf 86' lang='lat' dir='ltr'><strong>Et</strong></span> <span class='ocrx_word' id='word_1_639' title='bbox 2931 3101 3180 3170; x_wconf 79' lang='lat' dir='ltr'><strong>quamvis</strong></span> <span class='ocrx_word' id='word_1_640' title='bbox 3203 3116 3309 3154; x_wconf 91' lang='lat' dir='ltr'><strong>non</strong></span> <span class='ocrx_word' id='word_1_641' title='bbox 3365 3114 3509 3153; x_wconf 85' lang='lat' dir='ltr'><strong>unus</strong></span> <span class='ocrx_word' id='word_1_642' title='bbox 3565 3112 3626 3153; x_wconf 74' lang='lat' dir='ltr'><strong>ex</strong></span> 
     </span>
    </p>
   </div>
   <div class='ocr_carea' id='block_1_93' title="bbox 2063 3192 3625 3263">
    <p class='ocr_par' dir='ltr' id='par_1_93' title="bbox 2063 3192 3625 3263">
     <span class='ocr_line' id='line_1_93' title="bbox 2063 3192 3625 3263; baseline -0.004 -14"><span class='ocrx_word' id='word_1_643' title='bbox 2063 3195 2144 3249; x_wconf 88' lang='lat' dir='ltr'><strong>eis</strong></span> <span class='ocrx_word' id='word_1_644' title='bbox 2167 3192 2369 3260; x_wconf 80' lang='lat' dir='ltr'><strong>essein,</strong></span> <span class='ocrx_word' id='word_1_645' title='bbox 2401 3193 2494 3263; x_wconf 89' lang='lat' dir='ltr'><strong>qui</strong></span> <span class='ocrx_word' id='word_1_646' title='bbox 2531 3196 2582 3248; x_wconf 92' lang='lat' dir='ltr'><strong>in</strong></span> <span class='ocrx_word' id='word_1_647' title='bbox 2617 3194 2707 3249; x_wconf 79' lang='lat' dir='ltr'><strong>tali</strong></span> <span class='ocrx_word' id='word_1_648' title='bbox 2753 3204 2871 3249; x_wconf 81' lang='lat' dir='ltr'><strong>arte</strong></span> <span class='ocrx_word' id='word_1_649' title='bbox 2900 3202 3028 3248; x_wconf 89' lang='lat' dir='ltr'><strong>sunt</strong></span> <span class='ocrx_word' id='word_1_650' title='bbox 3058 3192 3285 3262; x_wconf 80' lang='lat' dir='ltr'><strong>egregii,</strong></span> <span class='ocrx_word' id='word_1_651' title='bbox 3327 3201 3508 3245; x_wconf 81' lang='lat' dir='ltr'><strong>tamen</strong></span> <span class='ocrx_word' id='word_1_652' title='bbox 3537 3204 3625 3244; x_wconf 87' lang='lat' dir='ltr'><strong>me</strong></span> 
     </span>
    </p>
   </div>
   <div class='ocr_carea' id='block_1_94' title="bbox 2064 3272 3628 3358">
    <p class='ocr_par' dir='ltr' id='par_1_94' title="bbox 2064 3272 3628 3358">
     <span class='ocr_line' id='line_1_94' title="bbox 2064 3272 3628 3358; baseline -0.004 -17"><span class='ocrx_word' id='word_1_653' title='bbox 2064 3296 2241 3341; x_wconf 79' lang='lat' dir='ltr'><strong>vatem</strong></span> <span class='ocrx_word' id='word_1_654' title='bbox 2271 3284 2453 3341; x_wconf 82' lang='lat' dir='ltr'><strong>ell‘ecit</strong></span> <span class='ocrx_word' id='word_1_655' title='bbox 2481 3272 2850 3358; x_wconf 39' lang='lat' dir='ltr'><strong>inurum&#39;ejus</strong></span> <span class='ocrx_word' id='word_1_656' title='bbox 2876 3284 3294 3357; x_wconf 65' lang='lat' dir='ltr'><strong>inaequabilitas.</strong></span> <span class='ocrx_word' id='word_1_657' title='bbox 3328 3294 3384 3340; x_wconf 86' lang='lat' dir='ltr'><strong>et</strong></span> <span class='ocrx_word' id='word_1_658' title='bbox 3434 3293 3628 3353; x_wconf 90' lang='lat' dir='ltr'><strong>stupor</strong></span> 
     </span>
    </p>
   </div>
   <div class='ocr_carea' id='block_1_95' title="bbox 2063 3377 3623 3451">
    <p class='ocr_par' dir='ltr' id='par_1_95' title="bbox 2063 3377 3623 3451">
     <span class='ocr_line' id='line_1_95' title="bbox 2063 3377 3623 3451; baseline -0.003 -16"><span class='ocrx_word' id='word_1_659' title='bbox 2063 3381 2376 3435; x_wconf 63' lang='lat' dir='ltr'><strong>maximus:</strong></span> <span class='ocrx_word' id='word_1_660' title='bbox 2415 3379 2687 3450; x_wconf 81' lang='lat' dir='ltr'><strong>siquidem</strong></span> <span class='ocrx_word' id='word_1_661' title='bbox 2717 3380 2810 3451; x_wconf 92' lang='lat' dir='ltr'><strong>qui</strong></span> <span class='ocrx_word' id='word_1_662' title='bbox 2843 3378 2982 3434; x_wconf 89' lang='lat' dir='ltr'><strong>bene</strong></span> <span class='ocrx_word' id='word_1_663' title='bbox 3016 3378 3288 3450; x_wconf 71' lang='lat' dir='ltr'><strong>coniectat</strong></span> <span class='ocrx_word' id='word_1_664' title='bbox 3341 3387 3515 3444; x_wconf 84' lang='lat' dir='ltr'><strong>vates,</strong></span> <span class='ocrx_word' id='word_1_665' title='bbox 3574 3377 3623 3431; x_wconf 84' lang='lat' dir='ltr'><strong>is</strong></span> 
     </span>
    </p>
   </div>
   <div class='ocr_carea' id='block_1_96' title="bbox 2062 3468 3627 3543">
    <p class='ocr_par' dir='ltr' id='par_1_96' title="bbox 2062 3468 3627 3543">
     <span class='ocr_line' id='line_1_96' title="bbox 2062 3468 3627 3543; baseline -0.003 -16"><span class='ocrx_word' id='word_1_666' title='bbox 2062 3473 2388 3543; x_wconf 86' lang='lat' dir='ltr'><strong>perhibetur</strong></span> <span class='ocrx_word' id='word_1_667' title='bbox 2415 3473 2675 3543; x_wconf 90' lang='lat' dir='ltr'><strong>optimus.</strong></span> <span class='ocrx_word' id='word_1_668' title='bbox 2710 3472 2829 3528; x_wconf 84' lang='lat' dir='ltr'><strong>Non</strong></span> <span class='ocrx_word' id='word_1_669' title='bbox 2859 3471 2989 3528; x_wconf 89' lang='lat' dir='ltr'><strong>boui</strong></span> <span class='ocrx_word' id='word_1_670' title='bbox 3030 3486 3162 3527; x_wconf 84' lang='lat' dir='ltr'><strong>sane</strong></span> <span class='ocrx_word' id='word_1_671' title='bbox 3196 3470 3435 3525; x_wconf 88' lang='lat' dir='ltr'><strong>hominis</strong></span> <span class='ocrx_word' id='word_1_672' title='bbox 3485 3468 3627 3524; x_wconf 82' lang='lat' dir='ltr'><strong>indi-</strong></span> 
     </span>
    </p>
   </div>
   <div class='ocr_carea' id='block_1_97' title="bbox 2062 3564 3621 3632">
    <p class='ocr_par' dir='ltr' id='par_1_97' title="bbox 2062 3564 3621 3632">
     <span class='ocr_line' id='line_1_97' title="bbox 2062 3564 3621 3632; baseline -0.002 -11"><span class='ocrx_word' id='word_1_673' title='bbox 2062 3567 2146 3621; x_wconf 85' lang='lat' dir='ltr'><strong>cia</strong></span> <span class='ocrx_word' id='word_1_674' title='bbox 2177 3566 2309 3621; x_wconf 87' lang='lat' dir='ltr'><strong>mihi</strong></span> <span class='ocrx_word' id='word_1_675' title='bbox 2339 3580 2460 3622; x_wconf 86' lang='lat' dir='ltr'><strong>esse</strong></span> <span class='ocrx_word' id='word_1_676' title='bbox 2482 3565 2593 3621; x_wconf 87' lang='lat' dir='ltr'><strong>visa</strong></span> <span class='ocrx_word' id='word_1_677' title='bbox 2622 3575 2773 3632; x_wconf 84' lang='lat' dir='ltr'><strong>sunt,</strong></span> <span class='ocrx_word' id='word_1_678' title='bbox 2795 3568 2981 3622; x_wconf 78' lang='lat' dir='ltr'><strong>cervix</strong></span> <span class='ocrx_word' id='word_1_679' title='bbox 3012 3579 3122 3621; x_wconf 90' lang='lat' dir='ltr'><strong>non</strong></span> <span class='ocrx_word' id='word_1_680' title='bbox 3150 3564 3483 3628; x_wconf 82' lang='lat' dir='ltr'><strong>consistens,</strong></span> <span class='ocrx_word' id='word_1_681' title='bbox 3516 3564 3621 3619; x_wconf 90' lang='lat' dir='ltr'><strong>hu-</strong></span> 
     </span>
    </p>
   </div>
   <div class='ocr_carea' id='block_1_98' title="bbox 2064 3657 3624 3731">
    <p class='ocr_par' dir='ltr' id='par_1_98' title="bbox 2064 3657 3624 3731">
     <span class='ocr_line' id='line_1_98' title="bbox 2064 3657 3624 3731; baseline -0.001 -18"><span class='ocrx_word' id='word_1_682' title='bbox 2064 3659 2199 3714; x_wconf 84' lang='lat' dir='ltr'><strong>meri</strong></span> <span class='ocrx_word' id='word_1_683' title='bbox 2228 3674 2367 3730; x_wconf 91' lang='lat' dir='ltr'><strong>quos</strong></span> <span class='ocrx_word' id='word_1_684' title='bbox 2407 3658 2642 3715; x_wconf 83' lang='lat' dir='ltr'><strong>subinde</strong></span> <span class='ocrx_word' id='word_1_685' title='bbox 2668 3658 2905 3731; x_wconf 74' lang='lat' dir='ltr'><strong>iaetaret</strong></span> <span class='ocrx_word' id='word_1_686' title='bbox 2936 3673 3000 3715; x_wconf 87' lang='lat' dir='ltr'><strong>ac</strong></span> <span class='ocrx_word' id='word_1_687' title='bbox 3029 3658 3322 3715; x_wconf 85' lang='lat' dir='ltr'><strong>reduceret</strong></span> <span class='ocrx_word' id='word_1_688' title='bbox 3357 3657 3624 3713; x_wconf 87' lang='lat' dir='ltr'><strong>mobiles:</strong></span> 
     </span>
    </p>
   </div>
   <div class='ocr_carea' id='block_1_99' title="bbox 2062 3750 3623 3823">
    <p class='ocr_par' dir='ltr' id='par_1_99' title="bbox 2062 3750 3623 3823">
     <span class='ocr_line' id='line_1_99' title="bbox 2062 3750 3623 3823; baseline -0.002 -17"><span class='ocrx_word' id='word_1_689' title='bbox 2062 3751 2206 3807; x_wconf 86' lang='lat' dir='ltr'><strong>oculi</strong></span> <span class='ocrx_word' id='word_1_690' title='bbox 2244 3752 2542 3807; x_wconf 81' lang='lat' dir='ltr'><strong>errabundi</strong></span> <span class='ocrx_word' id='word_1_691' title='bbox 2574 3764 2631 3808; x_wconf 91' lang='lat' dir='ltr'><strong>et</strong></span> <span class='ocrx_word' id='word_1_692' title='bbox 2662 3755 2805 3823; x_wconf 89' lang='lat' dir='ltr'><strong>vagi,</strong></span> <span class='ocrx_word' id='word_1_693' title='bbox 2859 3751 3330 3822; x_wconf 79' lang='lat' dir='ltr'><strong>furibundumque</strong></span> <span class='ocrx_word' id='word_1_694' title='bbox 3362 3750 3623 3822; x_wconf 87' lang='lat' dir='ltr'><strong>quiddam</strong></span> 
     </span>
    </p>
   </div>
   <div class='ocr_carea' id='block_1_100' title="bbox 2061 3844 3629 3917">
    <p class='ocr_par' dir='ltr' id='par_1_100' title="bbox 2061 3844 3629 3917">
     <span class='ocr_line' id='line_1_100' title="bbox 2061 3844 3629 3917; baseline -0.001 -18"><span class='ocrx_word' id='word_1_695' title='bbox 2061 3855 2391 3904; x_wconf 81' lang='lat' dir='ltr'><strong>cernentes:</strong></span> <span class='ocrx_word' id='word_1_696' title='bbox 2427 3844 2536 3916; x_wconf 68' lang='lat'><strong>92</strong></span> <span class='ocrx_word' id='word_1_697' title='bbox 2587 3846 2751 3917; x_wconf 85' lang='lat' dir='ltr'><strong>pedes</strong></span> <span class='ocrx_word' id='word_1_698' title='bbox 2787 3846 3093 3909; x_wconf 85' lang='lat' dir='ltr'><strong>instabiles,</strong></span> <span class='ocrx_word' id='word_1_699' title='bbox 3125 3854 3180 3900; x_wconf 90' lang='lat' dir='ltr'><strong>et</strong></span> <span class='ocrx_word' id='word_1_700' title='bbox 3236 3844 3471 3912; x_wconf 78' lang='lat' dir='ltr'><strong>genibus</strong></span> <span class='ocrx_word' id='word_1_701' title='bbox 3523 3859 3629 3898; x_wconf 86' lang='lat' dir='ltr'><strong>nu-</strong></span> 
     </span>
    </p>
   </div>
   <div class='ocr_carea' id='block_1_101' title="bbox 2064 3939 3625 4010">
    <p class='ocr_par' dir='ltr' id='par_1_101' title="bbox 2064 3939 3625 4010">
     <span class='ocr_line' id='line_1_101' title="bbox 2064 3939 3625 4010; baseline -0.001 -17"><span class='ocrx_word' id='word_1_702' title='bbox 2064 3947 2272 3994; x_wconf 85' lang='lat' dir='ltr'><strong>tantes:</strong></span> <span class='ocrx_word' id='word_1_703' title='bbox 2301 3952 2466 3994; x_wconf 84' lang='lat' dir='ltr'><strong>nasus</strong></span> <span class='ocrx_word' id='word_1_704' title='bbox 2494 3940 2878 3996; x_wconf 84' lang='lat' dir='ltr'><strong>contumeliam</strong></span> <span class='ocrx_word' id='word_1_705' title='bbox 2897 3946 3342 4010; x_wconf 89' lang='lat' dir='ltr'><strong>etcontcmptum</strong></span> <span class='ocrx_word' id='word_1_706' title='bbox 3365 3939 3579 4008; x_wconf 83' lang='lat' dir='ltr'><strong>spirans</strong></span> <span class='ocrx_word' id='word_1_707' title='bbox 3609 3955 3625 3991; x_wconf 85' lang='lat'><strong>:</strong></span> 
     </span>
    </p>
   </div>
   <div class='ocr_carea' id='block_1_102' title="bbox 2065 4031 3626 4099">
    <p class='ocr_par' dir='ltr' id='par_1_102' title="bbox 2065 4031 3626 4099">
     <span class='ocr_line' id='line_1_102' title="bbox 2065 4031 3626 4099; baseline 0 -14"><span class='ocrx_word' id='word_1_708' title='bbox 2065 4032 2249 4090; x_wconf 82' lang='lat' dir='ltr'><strong>vultus</strong></span> <span class='ocrx_word' id='word_1_709' title='bbox 2279 4032 2643 4099; x_wconf 89' lang='lat' dir='ltr'><strong>deridiculus,</strong></span> <span class='ocrx_word' id='word_1_710' title='bbox 2676 4046 2730 4089; x_wconf 87' lang='lat' dir='ltr'><strong>et</strong></span> <span class='ocrx_word' id='word_1_711' title='bbox 2760 4034 2904 4089; x_wconf 85' lang='lat' dir='ltr'><strong>idem</strong></span> <span class='ocrx_word' id='word_1_712' title='bbox 2961 4033 3155 4088; x_wconf 75' lang='lat' dir='ltr'><strong>vitium</strong></span> <span class='ocrx_word' id='word_1_713' title='bbox 3187 4045 3375 4088; x_wconf 87' lang='lat' dir='ltr'><strong>secum</strong></span> <span class='ocrx_word' id='word_1_714' title='bbox 3404 4031 3626 4089; x_wconf 77' lang='lat' dir='ltr'><strong>ferens:</strong></span> 
     </span>
    </p>
   </div>
   <div class='ocr_carea' id='block_1_103' title="bbox 2065 4124 3625 4197">
    <p class='ocr_par' dir='ltr' id='par_1_103' title="bbox 2065 4124 3625 4197">
     <span class='ocr_line' id='line_1_103' title="bbox 2065 4124 3625 4197; baseline 0 -16"><span class='ocrx_word' id='word_1_715' title='bbox 2065 4126 2211 4183; x_wconf 89' lang='lat' dir='ltr'><strong>risus</strong></span> <span class='ocrx_word' id='word_1_716' title='bbox 2229 4125 2641 4193; x_wconf 84' lang='lat' dir='ltr'><strong>immoderatus,</strong></span> <span class='ocrx_word' id='word_1_717' title='bbox 2659 4133 2715 4181; x_wconf 90' lang='lat' dir='ltr'><strong>ct</strong></span> <span class='ocrx_word' id='word_1_718' title='bbox 2739 4141 2944 4197; x_wconf 88' lang='lat' dir='ltr'><strong>corpus</strong></span> <span class='ocrx_word' id='word_1_719' title='bbox 2964 4127 3236 4180; x_wconf 88' lang='lat' dir='ltr'><strong>cachinno</strong></span> <span class='ocrx_word' id='word_1_720' title='bbox 3265 4124 3625 4181; x_wconf 86' lang='lat' dir='ltr'><strong>concutiens:</strong></span> 
     </span>
    </p>
   </div>
   <div class='ocr_carea' id='block_1_104' title="bbox 2062 4219 3626 4283">
    <p class='ocr_par' dir='ltr' id='par_1_104' title="bbox 2062 4219 3626 4283">
     <span class='ocr_line' id='line_1_104' title="bbox 2062 4219 3626 4283; baseline -0.003 -6"><span class='ocrx_word' id='word_1_721' title='bbox 2062 4230 2231 4277; x_wconf 84' lang='lat' dir='ltr'><strong>nutus</strong></span> <span class='ocrx_word' id='word_1_722' title='bbox 2260 4220 2376 4275; x_wconf 84' lang='lat' dir='ltr'><strong>sive</strong></span> <span class='ocrx_word' id='word_1_723' title='bbox 2405 4232 2651 4275; x_wconf 89' lang='lat' dir='ltr'><strong>annuens</strong></span> <span class='ocrx_word' id='word_1_724' title='bbox 2678 4232 3071 4283; x_wconf 85' lang='lat' dir='ltr'><strong>scu.renuens,</strong></span> <span class='ocrx_word' id='word_1_725' title='bbox 3123 4219 3336 4273; x_wconf 90' lang='lat' dir='ltr'><strong>ratione</strong></span> <span class='ocrx_word' id='word_1_726' title='bbox 3388 4233 3585 4274; x_wconf 85' lang='lat' dir='ltr'><strong>carens</strong></span> <span class='ocrx_word' id='word_1_727' title='bbox 3611 4236 3626 4273; x_wconf 85' lang='lat'><strong>:</strong></span> 
     </span>
    </p>
   </div>
   <div class='ocr_carea' id='block_1_105' title="bbox 2063 4314 3626 4385">
    <p class='ocr_par' dir='ltr' id='par_1_105' title="bbox 2063 4314 3626 4385">
     <span class='ocr_line' id='line_1_105' title="bbox 2063 4314 3626 4385; baseline -0.004 -12"><span class='ocrx_word' id='word_1_728' title='bbox 2063 4320 2246 4373; x_wconf 71' lang='lat' dir='ltr'><strong>Sermo</strong></span> <span class='ocrx_word' id='word_1_729' title='bbox 2267 4316 2597 4381; x_wconf 76' lang='lat' dir='ltr'><strong>consistens,</strong></span> <span class='ocrx_word' id='word_1_730' title='bbox 2618 4326 2674 4371; x_wconf 91' lang='lat' dir='ltr'><strong>et</strong></span> <span class='ocrx_word' id='word_1_731' title='bbox 2693 4314 3062 4385; x_wconf 76' lang='lat' dir='ltr'><strong>respiratione</strong></span> <span class='ocrx_word' id='word_1_732' title='bbox 3108 4314 3400 4371; x_wconf 85' lang='lat' dir='ltr'><strong>concisus:</strong></span> <span class='ocrx_word' id='word_1_733' title='bbox 3454 4314 3626 4369; x_wconf 89' lang='lat' dir='ltr'><strong>inter-</strong></span> 
     </span>
    </p>
   </div>
   <div class='ocr_carea' id='block_1_106' title="bbox 2062 4406 3627 4481">
    <p class='ocr_par' dir='ltr' id='par_1_106' title="bbox 2062 4406 3627 4481">
     <span class='ocr_line' id='line_1_106' title="bbox 2062 4406 3627 4481; baseline -0.004 -16"><span class='ocrx_word' id='word_1_734' title='bbox 2062 4408 2371 4481; x_wconf 81' lang='lat' dir='ltr'><strong>rogationes</strong></span> <span class='ocrx_word' id='word_1_735' title='bbox 2402 4410 2801 4477; x_wconf 62' lang='lat' dir='ltr'><strong>incompositus,</strong></span> <span class='ocrx_word' id='word_1_736' title='bbox 2860 4420 2918 4463; x_wconf 89' lang='lat' dir='ltr'><strong>et</strong></span> <span class='ocrx_word' id='word_1_737' title='bbox 2951 4407 3183 4478; x_wconf 69' lang='lat' dir='ltr'><strong>ineptae:</strong></span> <span class='ocrx_word' id='word_1_738' title='bbox 3237 4406 3627 4476; x_wconf 85' lang='lat' dir='ltr'><strong>responsiones</strong></span> 
     </span>
    </p>
   </div>
   <div class='ocr_carea' id='block_1_107' title="bbox 2066 4496 3627 4566">
    <p class='ocr_par' dir='ltr' id='par_1_107' title="bbox 2066 4496 3627 4566">
     <span class='ocr_line' id='line_1_107' title="bbox 2066 4496 3627 4566; baseline -0.001 -12"><span class='ocrx_word' id='word_1_739' title='bbox 2066 4500 2241 4555; x_wconf 87' lang='lat' dir='ltr'><strong>nihilo</strong></span> <span class='ocrx_word' id='word_1_740' title='bbox 2273 4499 2380 4555; x_wconf 88' lang='lat' dir='ltr'><strong>illis</strong></span> <span class='ocrx_word' id='word_1_741' title='bbox 2414 4500 2689 4566; x_wconf 87' lang='lat' dir='ltr'><strong>meliores,</strong></span> <span class='ocrx_word' id='word_1_742' title='bbox 2748 4500 2868 4555; x_wconf 76' lang='lat' dir='ltr'><strong>alite</strong></span> <span class='ocrx_word' id='word_1_743' title='bbox 2900 4498 3022 4553; x_wconf 87' lang='lat' dir='ltr'><strong>aliis</strong></span> <span class='ocrx_word' id='word_1_744' title='bbox 3066 4497 3441 4563; x_wconf 87' lang='lat' dir='ltr'><strong>imminentes,</strong></span> <span class='ocrx_word' id='word_1_745' title='bbox 3494 4496 3627 4552; x_wconf 83' lang='lat' dir='ltr'><strong>sibi-</strong></span> 
     </span>
    </p>
   </div>
   <div class='ocr_carea' id='block_1_108' title="bbox 2064 4588 3624 4664">
    <p class='ocr_par' dir='ltr' id='par_1_108' title="bbox 2064 4588 3624 4664">
     <span class='ocr_line' id='line_1_108' title="bbox 2064 4588 3624 4664; baseline -0.004 -17"><span class='ocrx_word' id='word_1_746' title='bbox 2064 4604 2172 4664; x_wconf 88' lang='lat' dir='ltr'><strong>que</strong></span> <span class='ocrx_word' id='word_1_747' title='bbox 2208 4592 2433 4647; x_wconf 86' lang='lat' dir='ltr'><strong>minime</strong></span> <span class='ocrx_word' id='word_1_748' title='bbox 2464 4600 2800 4654; x_wconf 84' lang='lat' dir='ltr'><strong>constantes,</strong></span> <span class='ocrx_word' id='word_1_749' title='bbox 2838 4604 3014 4661; x_wconf 85' lang='lat' dir='ltr'><strong>neque</strong></span> <span class='ocrx_word' id='word_1_750' title='bbox 3054 4590 3122 4645; x_wconf 87' lang='lat' dir='ltr'><strong>ab</strong></span> <span class='ocrx_word' id='word_1_751' title='bbox 3156 4588 3503 4644; x_wconf 83' lang='lat' dir='ltr'><strong>institutione</strong></span> <span class='ocrx_word' id='word_1_752' title='bbox 3556 4588 3624 4641; x_wconf 87' lang='lat' dir='ltr'><strong>li-</strong></span> 
     </span>
    </p>
   </div>
   <div class='ocr_carea' id='block_1_109' title="bbox 2061 4679 3626 4752">
    <p class='ocr_par' dir='ltr' id='par_1_109' title="bbox 2061 4679 3626 4752">
     <span class='ocr_line' id='line_1_109' title="bbox 2061 4679 3626 4752; baseline -0.003 -13"><span class='ocrx_word' id='word_1_753' title='bbox 2061 4683 2351 4739; x_wconf 81' lang='lat' dir='ltr'><strong>beralioris</strong></span> <span class='ocrx_word' id='word_1_754' title='bbox 2391 4682 2659 4738; x_wconf 73' lang='lat' dir='ltr'><strong>doctrina:</strong></span> <span class='ocrx_word' id='word_1_755' title='bbox 2712 4682 3118 4752; x_wconf 90' lang='lat' dir='ltr'><strong>provenientes.</strong></span> <span class='ocrx_word' id='word_1_756' title='bbox 3176 4680 3280 4737; x_wconf 88' lang='lat' dir='ltr'><strong>Sed</strong></span> <span class='ocrx_word' id='word_1_757' title='bbox 3332 4679 3463 4749; x_wconf 89' lang='lat' dir='ltr'><strong>quid</strong></span> <span class='ocrx_word' id='word_1_758' title='bbox 3522 4692 3626 4749; x_wconf 89' lang='lat' dir='ltr'><strong>ego</strong></span> 
     </span>
    </p>
   </div>
   <div class='ocr_carea' id='block_1_110' title="bbox 2061 4771 3626 4847">
    <p class='ocr_par' dir='ltr' id='par_1_110' title="bbox 2061 4771 3626 4847">
     <span class='ocr_line' id='line_1_110' title="bbox 2061 4771 3626 4847; baseline -0.003 -16"><span class='ocrx_word' id='word_1_759' title='bbox 2061 4777 2277 4847; x_wconf 82' lang='lat' dir='ltr'><strong>singula</strong></span> <span class='ocrx_word' id='word_1_760' title='bbox 2306 4774 2763 4831; x_wconf 82' lang='lat' dir='ltr'><strong>commemorem?</strong></span> <span class='ocrx_word' id='word_1_761' title='bbox 2800 4773 2984 4829; x_wconf 86' lang='lat' dir='ltr'><strong>Talem</strong></span> <span class='ocrx_word' id='word_1_762' title='bbox 3022 4788 3149 4829; x_wconf 89' lang='lat' dir='ltr'><strong>eum</strong></span> <span class='ocrx_word' id='word_1_763' title='bbox 3199 4782 3325 4826; x_wconf 89' lang='lat' dir='ltr'><strong>ante</strong></span> <span class='ocrx_word' id='word_1_764' title='bbox 3377 4771 3626 4827; x_wconf 85' lang='lat' dir='ltr'><strong>actiones</strong></span> 
     </span>
    </p>
   </div>
   <div class='ocr_carea' id='block_1_111' title="bbox 2061 4862 3624 4940">
    <p class='ocr_par' dir='ltr' id='par_1_111' title="bbox 2061 4862 3624 4940">
     <span class='ocr_line' id='line_1_111' title="bbox 2061 4862 3624 4940; baseline -0.003 -18"><span class='ocrx_word' id='word_1_765' title='bbox 2061 4868 2183 4940; x_wconf 83' lang='lat' dir='ltr'><strong>ejus</strong></span> <span class='ocrx_word' id='word_1_766' title='bbox 2202 4882 2323 4924; x_wconf 78' lang='lat' dir='ltr'><strong>esse</strong></span> <span class='ocrx_word' id='word_1_767' title='bbox 2358 4866 2493 4934; x_wconf 81' lang='lat' dir='ltr'><strong>vidi,</strong></span> <span class='ocrx_word' id='word_1_768' title='bbox 2532 4866 2750 4938; x_wconf 84' lang='lat' dir='ltr'><strong>qualem</strong></span> <span class='ocrx_word' id='word_1_769' title='bbox 2779 4866 2835 4921; x_wconf 91' lang='lat' dir='ltr'><strong>in</strong></span> <span class='ocrx_word' id='word_1_770' title='bbox 2868 4864 3176 4927; x_wconf 86' lang='lat' dir='ltr'><strong>actionibus</strong></span> <span class='ocrx_word' id='word_1_771' title='bbox 3210 4864 3343 4935; x_wconf 85' lang='lat' dir='ltr'><strong>ipsis</strong></span> <span class='ocrx_word' id='word_1_772' title='bbox 3366 4862 3624 4934; x_wconf 78' lang='lat' dir='ltr'><strong>cognovi.</strong></span> 
     </span>
    </p>
   </div>
   <div class='ocr_carea' id='block_1_112' title="bbox 2061 4958 3624 5030">
    <p class='ocr_par' dir='ltr' id='par_1_112' title="bbox 2061 4958 3624 5030">
     <span class='ocr_line' id='line_1_112' title="bbox 2061 4958 3624 5030; baseline -0.003 -14"><span class='ocrx_word' id='word_1_773' title='bbox 2061 4961 2140 5016; x_wconf 81' lang='lat' dir='ltr'><strong>Ac</strong></span> <span class='ocrx_word' id='word_1_774' title='bbox 2156 4961 2200 5015; x_wconf 90' lang='lat' dir='ltr'><strong>si</strong></span> <span class='ocrx_word' id='word_1_775' title='bbox 2231 4960 2362 5015; x_wconf 85' lang='lat' dir='ltr'><strong>mihi</strong></span> <span class='ocrx_word' id='word_1_776' title='bbox 2390 4960 2667 5027; x_wconf 83' lang='lat' dir='ltr'><strong>adessent,</strong></span> <span class='ocrx_word' id='word_1_777' title='bbox 2694 4959 2789 5030; x_wconf 88' lang='lat' dir='ltr'><strong>qui</strong></span> <span class='ocrx_word' id='word_1_778' title='bbox 2828 4967 2941 5014; x_wconf 92' lang='lat' dir='ltr'><strong>tum</strong></span> <span class='ocrx_word' id='word_1_779' title='bbox 2970 4973 3184 5013; x_wconf 90' lang='lat' dir='ltr'><strong>mecum</strong></span> <span class='ocrx_word' id='word_1_780' title='bbox 3224 4958 3397 5023; x_wconf 83' lang='lat' dir='ltr'><strong>fuere,</strong></span> <span class='ocrx_word' id='word_1_781' title='bbox 3427 4966 3483 5010; x_wconf 86' lang='lat' dir='ltr'><strong>et</strong></span> <span class='ocrx_word' id='word_1_782' title='bbox 3537 4970 3624 5011; x_wconf 89' lang='lat' dir='ltr'><strong>me</strong></span> 
     </span>
    </p>
   </div>
   <div class='ocr_carea' id='block_1_113' title="bbox 2070 5051 3621 5124">
    <p class='ocr_par' dir='ltr' id='par_1_113' title="bbox 2070 5051 3621 5124">
     <span class='ocr_line' id='line_1_113' title="bbox 2070 5051 3621 5124; baseline -0.003 -16"><span class='ocrx_word' id='word_1_783' title='bbox 2070 5054 2318 5120; x_wconf 75' lang='lat' dir='ltr'><strong>audiere,</strong></span> <span class='ocrx_word' id='word_1_784' title='bbox 2341 5064 2500 5109; x_wconf 86' lang='lat' dir='ltr'><strong>testes</strong></span> <span class='ocrx_word' id='word_1_785' title='bbox 2523 5054 2600 5109; x_wconf 84' lang='lat' dir='ltr'><strong>illi</strong></span> <span class='ocrx_word' id='word_1_786' title='bbox 2623 5061 2829 5117; x_wconf 76' lang='lat' dir='ltr'><strong>essent,</strong></span> <span class='ocrx_word' id='word_1_787' title='bbox 2852 5062 3136 5124; x_wconf 86' lang='lat' dir='ltr'><strong>postquam</strong></span> <span class='ocrx_word' id='word_1_788' title='bbox 3167 5057 3265 5107; x_wconf 80' lang='lat' dir='ltr'><strong>iSIa</strong></span> <span class='ocrx_word' id='word_1_789' title='bbox 3291 5051 3621 5115; x_wconf 84' lang='lat' dir='ltr'><strong>vidi,statim</strong></span> 
     </span>
    </p>
   </div>
   <div class='ocr_carea' id='block_1_114' title="bbox 2062 5142 3623 5215">
    <p class='ocr_par' dir='ltr' id='par_1_114' title="bbox 2062 5142 3623 5215">
     <span class='ocr_line' id='line_1_114' title="bbox 2062 5142 3623 5215; baseline -0.004 -14"><span class='ocrx_word' id='word_1_790' title='bbox 2062 5160 2148 5201; x_wconf 90' lang='lat' dir='ltr'><strong>me</strong></span> <span class='ocrx_word' id='word_1_791' title='bbox 2175 5145 2429 5201; x_wconf 81' lang='lat' dir='ltr'><strong>dixisse:</strong></span> <span class='ocrx_word' id='word_1_792' title='bbox 2473 5148 2614 5201; x_wconf 88' lang='lat' dir='ltr'><strong>Deus</strong></span> <span class='ocrx_word' id='word_1_793' title='bbox 2658 5146 2819 5208; x_wconf 80' lang='lat' dir='ltr'><strong>bone,</strong></span> <span class='ocrx_word' id='word_1_794' title='bbox 2852 5156 3114 5215; x_wconf 84' lang='lat' dir='ltr'><strong>quantum</strong></span> <span class='ocrx_word' id='word_1_795' title='bbox 3156 5143 3357 5199; x_wconf 87' lang='lat' dir='ltr'><strong>malum</strong></span> <span class='ocrx_word' id='word_1_796' title='bbox 3422 5142 3623 5197; x_wconf 81' lang='lat' dir='ltr'><strong>Roma-</strong></span> 
     </span>
    </p>
   </div>
   <div class='ocr_carea' id='block_1_115' title="bbox 2060 5236 3621 5310">
    <p class='ocr_par' dir='ltr' id='par_1_115' title="bbox 2060 5236 3621 5310">
     <span class='ocr_line' id='line_1_115' title="bbox 2060 5236 3621 5310; baseline -0.001 -17"><span class='ocrx_word' id='word_1_797' title='bbox 2060 5249 2194 5293; x_wconf 87' lang='lat' dir='ltr'><strong>num</strong></span> <span class='ocrx_word' id='word_1_798' title='bbox 2223 5237 2372 5293; x_wconf 74' lang='lat' dir='ltr'><strong>fovet</strong></span> <span class='ocrx_word' id='word_1_799' title='bbox 2406 5237 2740 5310; x_wconf 86' lang='lat' dir='ltr'><strong>imperium?</strong></span> <span class='ocrx_word' id='word_1_800' title='bbox 2764 5237 3107 5308; x_wconf 65' lang='lat' dir='ltr'><strong>Prtedixiq’ue</strong></span> <span class='ocrx_word' id='word_1_801' title='bbox 3132 5236 3270 5291; x_wconf 86' lang='lat' dir='ltr'><strong>adeo</strong></span> <span class='ocrx_word' id='word_1_802' title='bbox 3296 5240 3418 5299; x_wconf 86' lang='lat' dir='ltr'><strong>ista,</strong></span> <span class='ocrx_word' id='word_1_803' title='bbox 3449 5245 3505 5290; x_wconf 89' lang='lat' dir='ltr'><strong>et</strong></span> <span class='ocrx_word' id='word_1_804' title='bbox 3533 5251 3621 5292; x_wconf 86' lang='lat' dir='ltr'><strong>me</strong></span> 
     </span>
    </p>
   </div>
   <div class='ocr_carea' id='block_1_116' title="bbox 2061 5327 3618 5400">
    <p class='ocr_par' dir='ltr' id='par_1_116' title="bbox 2061 5327 3618 5400">
     <span class='ocr_line' id='line_1_116' title="bbox 2061 5327 3618 5400; baseline -0.003 -16"><span class='ocrx_word' id='word_1_805' title='bbox 2061 5329 2255 5385; x_wconf 81' lang='lat' dir='ltr'><strong>falsum</strong></span> <span class='ocrx_word' id='word_1_806' title='bbox 2292 5339 2466 5385; x_wconf 84' lang='lat' dir='ltr'><strong>vatem</strong></span> <span class='ocrx_word' id='word_1_807' title='bbox 2496 5344 2617 5384; x_wconf 81' lang='lat' dir='ltr'><strong>esse</strong></span> <span class='ocrx_word' id='word_1_808' title='bbox 2647 5329 2849 5400; x_wconf 88' lang='lat' dir='ltr'><strong>optavi.</strong></span> <span class='ocrx_word' id='word_1_809' title='bbox 2901 5328 2966 5383; x_wconf 86' lang='lat' dir='ltr'><strong>Et</strong></span> <span class='ocrx_word' id='word_1_810' title='bbox 3018 5329 3213 5384; x_wconf 87' lang='lat' dir='ltr'><strong>melius</strong></span> <span class='ocrx_word' id='word_1_811' title='bbox 3267 5327 3513 5399; x_wconf 81' lang='lat' dir='ltr'><strong>profecto</strong></span> <span class='ocrx_word' id='word_1_812' title='bbox 3565 5327 3618 5381; x_wconf 90' lang='lat' dir='ltr'><strong>id</strong></span> 
     </span>
    </p>
   </div>
   <div class='ocr_carea' id='block_1_117' title="bbox 2058 5422 3623 5493">
    <p class='ocr_par' dir='ltr' id='par_1_117' title="bbox 2058 5422 3623 5493">
     <span class='ocr_line' id='line_1_117' title="bbox 2058 5422 3623 5493; baseline -0.002 -15"><span class='ocrx_word' id='word_1_813' title='bbox 2058 5422 2273 5491; x_wconf 84' lang='lat' dir='ltr'><strong>fuisset,</strong></span> <span class='ocrx_word' id='word_1_814' title='bbox 2304 5437 2466 5493; x_wconf 87' lang='lat' dir='ltr'><strong>quam</strong></span> <span class='ocrx_word' id='word_1_815' title='bbox 2498 5431 2556 5477; x_wconf 87' lang='lat' dir='ltr'><strong>ut</strong></span> <span class='ocrx_word' id='word_1_816' title='bbox 2588 5423 2667 5478; x_wconf 90' lang='lat' dir='ltr'><strong>sic</strong></span> <span class='ocrx_word' id='word_1_817' title='bbox 2699 5423 2851 5485; x_wconf 81' lang='lat' dir='ltr'><strong>orbis</strong></span> <span class='ocrx_word' id='word_1_818' title='bbox 2878 5435 3058 5478; x_wconf 83' lang='lat' dir='ltr'><strong>noster</strong></span> <span class='ocrx_word' id='word_1_819' title='bbox 3089 5424 3252 5477; x_wconf 84' lang='lat' dir='ltr'><strong>tantis</strong></span> <span class='ocrx_word' id='word_1_820' title='bbox 3309 5422 3623 5491; x_wconf 86' lang='lat' dir='ltr'><strong>opplerctur</strong></span> 
     </span>
    </p>
   </div>
   <div class='ocr_carea' id='block_1_118' title="bbox 2062 5514 3622 5586">
    <p class='ocr_par' dir='ltr' id='par_1_118' title="bbox 2062 5514 3622 5586">
     <span class='ocr_line' id='line_1_118' title="bbox 2062 5514 3622 5586; baseline -0.001 -16"><span class='ocrx_word' id='word_1_821' title='bbox 2062 5516 2237 5581; x_wconf 87' lang='lat' dir='ltr'><strong>malis,</strong></span> <span class='ocrx_word' id='word_1_822' title='bbox 2268 5526 2323 5571; x_wconf 90' lang='lat' dir='ltr'><strong>et</strong></span> <span class='ocrx_word' id='word_1_823' title='bbox 2353 5516 2457 5571; x_wconf 89' lang='lat' dir='ltr'><strong>tale</strong></span> <span class='ocrx_word' id='word_1_824' title='bbox 2488 5517 2540 5570; x_wconf 90' lang='lat' dir='ltr'><strong>in</strong></span> <span class='ocrx_word' id='word_1_825' title='bbox 2574 5531 2641 5571; x_wconf 90' lang='lat' dir='ltr'><strong>eo</strong></span> <span class='ocrx_word' id='word_1_826' title='bbox 2678 5516 2971 5572; x_wconf 78' lang='lat' dir='ltr'><strong>exsisteret</strong></span> <span class='ocrx_word' id='word_1_827' title='bbox 2998 5514 3309 5586; x_wconf 74' lang='lat' dir='ltr'><strong>portentum</strong></span> <span class='ocrx_word' id='word_1_828' title='bbox 3337 5526 3392 5570; x_wconf 91' lang='lat' dir='ltr'><strong>et</strong></span> <span class='ocrx_word' id='word_1_829' title='bbox 3431 5516 3622 5584; x_wconf 83' lang='lat' dir='ltr'><strong>prodi-</strong></span> 
     </span>
    </p>
   </div>
   <div class='ocr_carea' id='block_1_119' title="bbox 2058 5608 3623 5680">
    <p class='ocr_par' dir='ltr' id='par_1_119' title="bbox 2058 5608 3623 5680">
     <span class='ocr_line' id='line_1_119' title="bbox 2058 5608 3623 5680; baseline 0.002 -18"><span class='ocrx_word' id='word_1_830' title='bbox 2058 5608 2227 5680; x_wconf 81' lang='lat' dir='ltr'><strong>gium,</strong></span> <span class='ocrx_word' id='word_1_831' title='bbox 2254 5608 2414 5679; x_wconf 81' lang='lat' dir='ltr'><strong>quale</strong></span> <span class='ocrx_word' id='word_1_832' title='bbox 2458 5620 2614 5662; x_wconf 88' lang='lat' dir='ltr'><strong>antea</strong></span> <span class='ocrx_word' id='word_1_833' title='bbox 2644 5623 2955 5679; x_wconf 87' lang='lat' dir='ltr'><strong>nunquam:</strong></span> <span class='ocrx_word' id='word_1_834' title='bbox 2998 5624 3121 5663; x_wconf 82' lang='lat' dir='ltr'><strong>cum</strong></span> <span class='ocrx_word' id='word_1_835' title='bbox 3154 5608 3375 5679; x_wconf 77' lang='lat' dir='ltr'><strong>quidem</strong></span> <span class='ocrx_word' id='word_1_836' title='bbox 3440 5610 3623 5665; x_wconf 59' lang='lat' dir='ltr'><strong>mulier</strong></span> 
     </span>
    </p>
   </div>
   <div class='ocr_carea' id='block_1_120' title="bbox 2058 5701 3615 5771">
    <p class='ocr_par' dir='ltr' id='par_1_120' title="bbox 2058 5701 3615 5771">
     <span class='ocr_line' id='line_1_120' title="bbox 2058 5701 3615 5771; baseline 0.003 -15"><span class='ocrx_word' id='word_1_837' title='bbox 2058 5716 2324 5771; x_wconf 86' lang='lat' dir='ltr'><strong>aquarum</strong></span> <span class='ocrx_word' id='word_1_838' title='bbox 2351 5701 2581 5771; x_wconf 75' lang='lat' dir='ltr'><strong>vulgata:</strong></span> <span class='ocrx_word' id='word_1_839' title='bbox 2609 5703 2720 5757; x_wconf 90' lang='lat' dir='ltr'><strong>sint</strong></span> <span class='ocrx_word' id='word_1_840' title='bbox 2745 5703 3048 5762; x_wconf 78' lang='lat' dir='ltr'><strong>eluviones.</strong></span> <span class='ocrx_word' id='word_1_841' title='bbox 3068 5702 3250 5757; x_wconf 72' lang='lat' dir='ltr'><strong>multa:</strong></span> <span class='ocrx_word' id='word_1_842' title='bbox 3274 5701 3615 5771; x_wconf 84' lang='lat' dir='ltr'><strong>exustiones,</strong></span> 
     </span>
    </p>
   </div>
   <div class='ocr_carea' id='block_1_121' title="bbox 2059 5794 3617 5867">
    <p class='ocr_par' dir='ltr' id='par_1_121' title="bbox 2059 5794 3617 5867">
     <span class='ocr_line' id='line_1_121' title="bbox 2059 5794 3617 5867; baseline 0.004 -20"><span class='ocrx_word' id='word_1_843' title='bbox 2059 5794 2244 5849; x_wconf 75' lang='lat' dir='ltr'><strong>multa:</strong></span> <span class='ocrx_word' id='word_1_844' title='bbox 2295 5795 2706 5861; x_wconf 77' lang='lat' dir='ltr'><strong>concussiones,</strong></span> <span class='ocrx_word' id='word_1_845' title='bbox 2773 5805 2830 5850; x_wconf 91' lang='lat' dir='ltr'><strong>et</strong></span> <span class='ocrx_word' id='word_1_846' title='bbox 2888 5796 3068 5850; x_wconf 83' lang='lat' dir='ltr'><strong>hiatus</strong></span> <span class='ocrx_word' id='word_1_847' title='bbox 3122 5804 3301 5860; x_wconf 72' lang='lat' dir='ltr'><strong>terrae,</strong></span> <span class='ocrx_word' id='word_1_848' title='bbox 3348 5806 3617 5867; x_wconf 78' lang='lat' dir='ltr'><strong>praetcrea</strong></span> 
     </span>
    </p>
   </div>
   <div class='ocr_carea' id='block_1_122' title="bbox 2060 5885 3625 5953">
    <p class='ocr_par' dir='ltr' id='par_1_122' title="bbox 2060 5885 3625 5953">
     <span class='ocr_line' id='line_1_122' title="bbox 2060 5885 3625 5953; baseline 0.005 -12"><span class='ocrx_word' id='word_1_849' title='bbox 2060 5886 2344 5942; x_wconf 87' lang='lat' dir='ltr'><strong>hominum</strong></span> <span class='ocrx_word' id='word_1_850' title='bbox 2397 5885 2707 5943; x_wconf 66' lang='lat' dir='ltr'><strong>inhumana:</strong></span> <span class='ocrx_word' id='word_1_851' title='bbox 2736 5899 2789 5944; x_wconf 89' lang='lat' dir='ltr'><strong>et</strong></span> <span class='ocrx_word' id='word_1_852' title='bbox 2840 5889 2963 5944; x_wconf 73' lang='lat' dir='ltr'><strong>iura:</strong></span> <span class='ocrx_word' id='word_1_853' title='bbox 2995 5891 3223 5953; x_wconf 74' lang='lat' dir='ltr'><strong>species,</strong></span> <span class='ocrx_word' id='word_1_854' title='bbox 3274 5901 3625 5949; x_wconf 65' lang='lat' dir='ltr'><strong>inonstroste—</strong></span> 
     </span>
    </p>
   </div>
  </div>
