4050 6244
416 195 520 261 567

1603 212 2028 279 NICEPHORI
2071 219 2421 284 CALLlSTl

3562 225 3670 292 560

416 321 524 376 quc
546 316 601 361 et
627 309 800 364 mistm
826 326 967 366 novo
999 328 1223 384 prorsus
1258 325 1313 372 et
1337 319 1561 377 insolito
1595 323 1758 379 modo
1819 335 1979 379 natu-

2091 333 2151 399 τῇ
2181 331 2327 402 μάχῃ
2387 329 2481 386 καὶ
2513 329 2620 383 τῶν
2655 326 2928 385 ἆπᾶντων.
2986 331 3050 384 οί
3095 331 3196 402 μὲν
3233 333 3342 403 γὰρ
3373 333 3536 387 αὐτὸν
3560 337 3668 388 ὑπ”

415 412 510 452 νο.
533 399 734 455 Verum
763 403 985 475 dignum
1039 422 1261 480 quoque
1293 419 1440 468 tanta
1484 417 1748 472 vecordia
1785 428 1842 475 et
1875 421 1990 473 im-

417 500 755 562 portunitate
784 499 988 555 exitum
1022 503 1166 559 tulit.
1221 504 1297 561 De
1347 524 1460 579 quo
1510 525 1619 567 non
1651 529 1756 568 una
1814 525 1994 572 exstat

414 588 627 656 opinio,
663 591 810 659 quod
861 591 954 649 alii
1009 593 1157 650 aliud
1219 599 1407 656 dicant
1462 612 1517 659 et
1575 605 1989 676 circumferant,

420 686 530 731 tam
563 678 655 748 qui
683 695 877 751 pugna:
921 683 1219 752 affuerunt,
1253 705 1416 758 quam
1454 692 1548 761 qui
1580 694 1652 749 ab
1685 712 1748 750 ea
1777 696 1991 768 longius

417 770 736 828 abfueruut.
759 774 1017 842 Quidam,
1046 794 1077 833 a
1102 779 1283 838 Persis
1307 799 1432 838 eum
1460 785 1643 855 iaculo
1672 790 1992 847 confossqu

413 880 537 919 esse
565 866 779 933 dicunt,
818 884 943 923 cum
983 883 1188 928 temere
1219 875 1604 947 incompositis
1639 883 1987 938 excursioni-

414 956 545 1022 bus,
576 972 684 1012 non
719 958 836 1014 sine
860 961 1158 1018 stoliditate
1180 979 1327 1021 nunc
1356 967 1462 1022 huc
1490 951 1636 1024 nunc
1672 970 1802 1026 illuc
1833 988 1990 1042 pere—

421 1047 668 1115 quitans,
705 1057 976 1104 uteretur.
1007 1050 1146 1108 Sunt
1179 1056 1271 1124 qui
1305 1056 1409 1112 tale
1425 1059 1684 1128 quiddam
1707 1061 1774 1117 de
1793 1077 1858 1120 eo
1880 1079 1991 1120 me-

415 1148 655 1196 morant.
682 1140 739 1196 ln
770 1144 1044 1200 tumulum
1075 1163 1201 1201 eum
1233 1149 1525 1208 editiorem
1573 1156 1986 1221 conscendisse,

420 1243 479 1288 ut
509 1236 664 1303 quasi
692 1250 723 1291 c
756 1239 975 1307 specula
1004 1242 1306 1298 exercitum
1341 1244 1625 1313 lustraret,
1651 1259 1989 1320 etquantum

417 1340 486 1380 ex
505 1339 570 1380 eo
598 1327 744 1383 bello
782 1331 1063 1400 copiarum
1101 1345 1437 1405 superesset,
1475 1349 1857 1409 cognosceret.
1897 1343 1993 1399 At-

421 1433 528 1487 que
585 1433 713 1475 cum
743 1421 938 1494 ingens
973 1424 1048 1491 ei,
1085 1439 1290 1498 speque
1311 1428 1447 1485 adeo
1467 1446 1563 1486 sua
1589 1433 1825 1503 amplior
1853 1436 1992 1491 mul-

419 1511 600 1568 titudo
650 1528 774 1571 esse
810 1517 922 1572 visa
972 1529 1141 1586 esset,
1205 1523 1280 1576 ita
1329 1539 1457 1579 eum
1517 1525 1755 1583 dixisse:
1815 1527 1990 1596 Quam

415 1619 582 1675 grave
615 1605 862 1662 futurum
896 1618 999 1676 est,
1019 1613 1066 1668 si
1116 1629 1310 1671 omnes
1362 1616 1448 1672 isti
1502 1619 1558 1674 in
1614 1619 1990 1680 Romanorum

2102 417 2326 488 Περσῶν
2377 418 2802 487 κατηκοντίσθαι
2865 419 3028 486 φασὶν
3079 419 3342 484 ἀτάκτοις
3380 421 3670 490 ἐκδρομαῖς

2096 508 2403 578 χρώμενον,
2437 510 2529 562 καὶ
2566 508 2795 580 ᾇττοντα
2817 509 2945 580 τῇδε
2971 510 3197 564 κάκεῖσε
3226 516 3321 564 σὺν
3349 511 3629 585 ὲμπληξίᾳ
3653 529 3666 546 ·

2094 603 2145 653 οί
2176 601 2230 654 δὲ
2255 600 2499 658 τοιοῦτόν
2525 619 2647 655 τινα
2679 603 2765 655 ἐπ’
2789 603 2940 673 αὐτῷ
2968 601 3284 672 διηγοῦνται
3318 605 3478 673 λόγον
3499 621 3515 638 ο
3545 605 3672 661 Ἐπί

2092 707 2215 746 τινα
2256 692 2422 763 λόφον
2451 691 2561 747 τῶν
2604 692 2826 763 ὑψηλῶν
2879 693 3140 759 ἀνελθὼν,
3176 695 3252 758 ὡς
3284 699 3348 749 ἐκ
3379 697 3673 765 περιωπῆς

2093 785 2185 838 τὸν
2235 787 2467 859 στρατὸν
2527 785 2648 857 ut“
2704 786 2915 851 λαϐεῖν,
2949 786 3044 839 καὶ
3081 787 3204 850 δσος
3268 787 3572 859 ὑπελείφθη
3593 786 3673 858 τῷ

2097 877 2322 946 πολέμῳ
2359 877 2567 946 μαθεῖν.
2618 879 2837 950 Ἐπειδὴ
2864 879 2915 932 oi
2945 878 3180 948 φανῆναι
3215 880 3349 934 πολὺ
3381 879 3443 934 τὸ
3467 879 3670 952 πλῆθος

2095 968 2190 1024 καὶ
2215 970 2312 1040 τῆς
2343 970 2558 1034 ἐλπίδος
2595 971 3001 1045 ἀφθονώτερον,
3047 972 3139 1037 ’ος
3166 972 3586 1038 δεινὸν,είττεῖν,
3620 976 3670 1027 εί

2095 1061 2306 1124 πάντας
2343 1064 2409 1134 τῇ
2471 1063 2759 1133 Ῥωμαίων
2792 1067 2863 1136 τῇ
2914 1063 3130 1129 τούτοις
3178 1065 3528 1132 ἐπανάξομεν
3550 1078 3563 1096 ο
3593 1066 3675 1126 ὡς

2093 1155 2158 1209 ἄν
2190 1170 2273 1217 τις
2299 1153 2608 1224 βασκαίνων
2632 1156 2816 1217 αὐτοῖς
2841 1156 2942 1226 τῆς
2973 1157 3271 1227 σωτηρίας.
3314 1155 3433 1225 Ἐφ’
3465 1149 3510 1223 ᾧ
3546 1171 3678 1208 τινα

2093 1247 2205 1300 τῶν
2271 1247 2626 1317 στρατιωτῶν
2671 1249 3054 1319 χαλεπήναντα
3084 1249 3181 1302 καὶ
3229 1249 3290 1302 ού
3321 1248 3676 1318 κατασχόντα

2093 1339 2194 1410 τὴν
2221 1339 2414 1412 ὀργὴν,
2468 1356 2610 1394 ωσαι
2665 1341 2808 1396 κατὰ
2855 1341 2964 1394 τῶν
3021 1342 3351 1412 σπλάγχνων
3381 1340 3445 1395 τὸ
3493 1339 3674 1410 ξίφος.

2095 1433 2442 1503 “omnium
2495 1433 2595 1504 τῆς
2625 1433 2926 1505 σωτηρίας.
2994 1434 3087 1498 Ὠς
3123 1433 3181 1488 δὲ
3213 1434 3369 1489 ἄλλοι
3434 1418 3548 1487 τῶν
3580 1449 3676 1501 γε·

2095 1523 2361 1580 λοιαστῶν
2408 1525 2709 1598 βαρὸάρων
2768 1526 2894 1581 τινα
2940 1524 3103 1582 τοῦτο
3131 1529 3442 1598 τολμῆσαιο
3469 1524 3521 1579 οι
3554 1525 3673 1588 τοῖς

2096 1612 2458 1688 στρατιώταις
2479 1617 2739 1683 ἕπονται,
2763 1617 2944 1687 λύπης
2978 1634 3040 1672 τε
3065 1617 3401 1689 ψυχαγωγία
3449 1617 3546 1672 καὶ
3573 1615 3684 1671 πό-

416 1699 682 1756 ditionem
713 1703 1088 1761 reduceutur?
1111 1707 1230 1776 Quo
1253 1711 1374 1783 ejus
1395 1712 1590 1778 verbo,
1609 1722 1865 1786 tanquam
1881 1717 1987 1774 illis

2093 1687 2207 1773 τοις
2255 1707 2499 1780 ἥδυσμα.
2558 1710 2679 1764 Elui
2738 1709 2800 1765 ὃδ
2844 1709 2896 1764 οἱ
2932 1712 3028 1763 καὶ
3082 1687 3428 1781 Σαρακηνῶν
3457 1727 3579 1763 τινι
3611 1709 3683 1763 τδ

416 1791 650 1847 salutem
686 1793 986 1852 invidentis
1019 1798 1250 1857 militem
1274 1803 1572 1874 quemdam
1604 1808 1700 1876 qui
1727 1807 1780 1862 id
1827 1823 1988 1865 exce-

416 1884 519 1955 pit,
551 1894 911 1953 commotum,
956 1888 1104 1958 quod
1153 1892 1291 1948 iram
1330 1909 1444 1950 non
1500 1897 1793 1966 perferret,
1841 1902 1985 1958 nulla

417 1973 612 2030 salutis
643 1988 755 2032 suc
791 1980 1010 2036 ratione
1053 1981 1261 2051 habita,
1291 1999 1423 2041 ense
1458 1985 1603 2044 latus
1633 1990 1753 2060 ejus
1802 1993 1985 2061 perfo-

417 2063 566 2123 disse
600 2066 700 2139 (l).
731 2069 838 2126 Alii
866 2085 1036 2142 porro
1059 2073 1110 2129 id
1142 2089 1340 2132 ausum
1367 2093 1494 2135 esse
1521 2079 1732 2145 dicunt.
1756 2098 1824 2138 ex
1855 2083 1987 2139 Bar-

416 2155 876 2218 harisridiculum
914 2166 1210 2234 quemdam
1277 2185 1344 2226 cx
1399 2171 1482 2228 eis
1532 2171 1832 2240 hominem,
1891 2179 1986 2246 qui

415 2250 748 2320 exercitum,
768 2262 830 2309 ut
862 2256 912 2309 in
941 2272 1179 2314 tiimrore
1214 2261 1433 2330 solatio,
1465 2274 1519 2319 et
1547 2265 1601 2320 in
1631 2271 1987 2338 compotatio—

419 2341 585 2397 nihus
633 2343 875 2402 ludibrio
905 2348 1037 2413 sint,
1069 2353 1228 2422 sequi
1277 2354 1473 2410 solent.
1507 2356 1765 2414 Nonnulli
1818 2361 1984 2416 etiam

418 2431 590 2526 cedis
623 2437 743 2507 eius
765 2436 983 2494 laudent
1015 2441 1289 2499 Saracena
1313 2447 1528 2502 cuidam
1565 2451 1836 2507 tribuunt.
1877 2454 1987 2526 93

417 2525 620 2582 Verum
661 2539 941 2602 utcunque
999 2550 1058 2589 se
1112 2551 1198 2591 res
1254 2538 1476 2605 habeat,
1520 2541 1720 2598 vulnus
1768 2525 1987 2614 quidem

415 2629 569 2677 certe
604 2621 695 2678 ille
745 2624 949 2680 lethale
983 2630 1218 2699 at-ecpit,
1255 2633 1377 2686 orbi
1409 2636 1668 2689 universo
1702 2637 1883 2694 laatum
1935 2652 1986 2696 et

417 2714 681 2770 salutare.
715 2715 783 2772 Et
814 2721 923 2773 ictu
960 2736 1069 2776 uno
1095 2723 1396 2779 multorum
1453 2738 1729 2794 extorum,
1788 2733 1988 2801 quibus

416 2807 558 2863 male
587 2809 916 2877 crediderat,
941 2816 1202 2883 persolvit
1238 2832 1447 2885 pinnas.
1481 2819 1676 2875 Mirum
1705 2837 1837 2878 sane
1883 2838 1984 2888 est,

416 2903 700 2970 quomodo
735 2919 910 2961 vanus
947 2906 1064 2973 ille,
1091 2908 1186 2978 qui
1238 2925 1337 2980 per
1385 2913 1754 2982 aruspicinam
1805 2918 1985 2972 omnia

410 3009 474 3051 se
503 3010 666 3051 nosse
694 2999 925 3066 putavit,
952 3016 1118 3055 unum
1171 3002 1294 3067 hoc,
1322 3004 1533 3074 plagam
1593 3007 1803 3062 scilicet
1832 3019 1982 3062 exto-
2015 3037 2058 3093 ο

415 3104 538 3144 rum
560 3100 614 3144 et
639 3091 911 3147 viseerum
939 3107 1164 3149 suorum
1195 3111 1303 3150 non
1324 3100 1688 3168 perspexerit.
1713 3099 1984 3156 Caeterum

418 3184 553 3239 illud
582 3199 803 3256 quoque
833 3187 1075 3243 hominis
1111 3188 1314 3243 factum
1376 3191 1601 3246 minime
1652 3203 1987 3262 praetereun-

413 3277 547 3331 dum
582 3279 818 3343 videtur,
845 3281 991 3350 quod
1023 3281 1169 3336 in:er
1196 3283 1301 3336 alia
1339 3283 1506 3337 multa
1554 3286 1846 3340 maximum
1877 3286 1987 3340 da:-

415 3371 682 3425 moniaca:
713 3371 884 3440 ipsius
929 3377 1130 3428 tuentis
1180 3386 1268 3430 est
1323 3375 1610 3430 indicium.
1670 3377 1893 3433 Jacehat
1931 3380 1984 3432 in

417 3463 1157 3536 lluminislittore,graviter
1195 3483 1262 3522 ex
1320 3469 1552 3523 vulnere
1604 3469 1884 3534 laborans,
1931 3480 1988 3526 ct

413 3556 558 3624 quod
589 3557 789 3612 multos
810 3569 936 3612 ante
955 3575 1011 3612 se
1035 3559 1265 3629 gloriam
1291 3575 1412 3615 esse
1441 3573 1768 3619 consecutos
1795 3563 1984 3628 sciret,

414 3651 487 3704 ita
523 3661 582 3705 ut
617 3651 739 3720 plus
769 3666 931 3721 quam
965 3654 1221 3709 homines
1247 3663 1413 3724 atque
1438 3655 1578 3710 adeo
1606 3655 1684 3710 (lii
1708 3670 1828 3711 esse
1870 3671 1988 3711 cre-

411 3743 511 3798 diti
537 3744 668 3809 sint,
699 3755 988 3815 propterea
1015 3746 1162 3816 quod
1191 3758 1306 3804 arte
1333 3749 1594 3819 quapiam
1612 3766 1679 3806 ex
1699 3750 1985 3806 hominum

417 3836 868 3891 lttllthfUSlllJlall
905 3836 1156 3892 fuerint:
1193 3842 1535 3910 eiuscemodi
1566 3843 1757 3913 etipse
1810 3843 1986 3899 laudis

412 3939 578 3998 atque
606 3930 881 3999 opinionis
925 3946 1111 3985 amore
1177 3940 1389 4000 captus.
1440 3933 1602 3988 simul
1656 3935 1803 4004 quod
1858 3952 1983 3992 cum

415 4023 736 4093 Lujusmodi
767 4025 960 4077 mortis
989 4024 1207 4093 generis
1234 4034 1289 4078 et
1311 4027 1693 4096 turpitudinis,
1742 4029 1795 4082 in
1819 4044 1982 4098 quam

417 4133 516 4187 per
547 4116 917 4171 inconsultam
952 4117 1323 4171 temeritatem
1369 4117 1662 4185 inciderat,
1718 4120 1980 4190 puderet:

412 4209 546 4279 quid
582 4224 712 4279 rogo
745 4209 989 4273 molitur,
1018 4219 1074 4264 et
1103 4209 1233 4279 quid
1267 4212 1380 4281 agit
1411 4212 1434 4265 ?
1462 4228 1639 4284 neque
1668 4211 1815 4270 enim
1858 4230 1983 4271 cum

409 4309 521 4362 ιῐιιι
547 4306 716 4361 etiam
764 4305 1093 4376 improbitas
1130 4307 1517 4376 eXSIittg‘uilur.
1580 4307 1866 4378 Conjicet'e
1925 4323 1984 4363 se

2091 1802 2246 1864 κλέος
2283 1801 2444 1857 τοῦτο
2472 1802 2702 1860 διδόασι.
2760 1803 2909 1877 Πλὴν
2930 1806 3149 1876 δέχεται
3187 1806 3407 1875 πληγὴν
3439 1804 3676 1876 καιρίαν

2088 1890 2256 1955 ὅντως
2282 1892 2378 1946 καὶ
2402 1895 2570 1947 παντὶ
2590 1893 2671 1964 τῷ
2693 1893 2886 1964 κόσμῳ
2910 1895 3181 1964 σωτήριον
3201 1911 3215 1926 ·
3251 1894 3346 1947 καὶ
3369 1895 3468 1963 μιᾷ
3488 1892 3683 1964 τόλμῃ

2090 1984 2301 2038 πολλῶν
2330 1983 2656 2055 σπλάγχνων
2690 1985 3006 2039 άπαιτεῖται
3032 1986 3191 2056 δίκην
3229 1984 3417 2051 κακῶς
3437 2001 3674 2039 πιστευο

2089 2073 2316 2128 θέντων.
2355 2073 2420 2128 Ὀ
2466 2076 2560 2126 καὶ
2600 2073 2892 2143 θαυμάζω,
2926 2073 3047 2138 πῶς
3087 2074 3276 2128 πάντα
3311 2071 3682 2142 γινώσκεινὰ

2094 2165 2321 2237 μάταιος
2357 2165 2612 2220 ιντιιῦθιν
2644 2165 2921 2238 οἰόμενος,
2948 2164 3006 2219 ἓν
3035 2164 3216 2232 τοῦτο,
3243 2167 3345 2233 τὴν
3380 2162 3502 2218 καθ’
3532 2165 3674 2219 tuu-

2090 2261 2180 2313 τοῦ
2213 2259 2538 2331 σπλάγχνων
2588 2258 2807 2332 πληγὴν
2865 2258 3163 2329 ἠγνόησεν.
3225 2257 3489 2323 Ἀξιονᾶ
3527 2256 3675 2330 μηδὲ

2089 2353 2246 2408 τοῦτο
2275 2353 2664 2425 παραδραμεῖν
2692 2353 2785 2408 τοῦ
2806 2353 3021 2424 ἀνδρὸς,
3077 2353 3351 2424 μεγίστην
3382 2351 3481 2423 τῆς
3508 2351 3672 2406 ὲκεί-

2091 2465 2183 2502 νου
2237 2446 2668 2517 κακοδαιμονίας
2722 2446 2818 2500 ἐπὶ
2887 2446 3103 2509 πολλοῖς
3177 2444 3304 2516 ἔχον
3357 2443 3668 2511 ἀπόδειξιν.

2094 2539 2310 2593 Ἐκειτο
2344 2539 2441 2611 μὲν
2472 2541 2564 2593 ἐπὶ
2587 2543 2653 2610 τῇ
2683 2537 2816 2610 ὄχθῃ
2843 2536 2939 2591 τοῦ
2981 2537 3254 2610 ποταμοῦ,
3286 2541 3378 2591 καὶ
3410 2541 3672 2607 πονήρως

2088 2629 2200 2703 εἶχε
2234 2632 2329 2686 τοῦ
2385 2635 2727 2704 τραύματος.
2783 2632 3019 2694 Πολλοὺς
3079 2632 3135 2684 δὲ
3202 2631 3360 2694 είδὼς
3411 2630 3520 2684 τῶν
3561 2629 3674 2699 πρὸ

2089 2723 2255 2776 αὑτοῦ
2286 2723 2444 2793 δόξης
2472 2724 2814 2794 ὴξιωμένων,
2848 2722 2925 2782 ὡς
2953 2724 3020 2776 ἂν
3057 2724 3198 2796 ὑπὲρ
3253 2721 3544 2792 ἄνθρωπον
3579 2738 3673 2775 νο-

2095 2817 2359 2886 μισθεῖεν,
2393 2820 2610 2887 τέχναις
2631 2819 2776 2871 τισὶν
2814 2817 2874 2884 ἐξ
2905 2816 3216 2889 ἀνθρώπων
3240 2816 3670 2886 ἀφανισθέντας,

2090 2909 2184 2960 καὶ
2212 2907 2304 2959 δια
2333 2906 2493 2961 τοῦτο
2545 2905 2703 2968 θεοὺς
2740 2905 3124 2976 νομισθέντας,
3161 2905 3329 2979 ἔρωτι
3372 2904 3473 2976 τῆς
3498 2903 3675 2959 αὐτοῦ

2090 2996 2246 3071 δόξης
2272 2998 2552 3065 ἑαλωκὼς,
2616 2999 2714 3053 καὶ
2741 2998 2860 3071 ἅμα
2898 2998 2976 3068 τῷ
3031 3000 3223 3069 τρόπῳ
3272 2997 3375 3070 τῆς
3405 2996 3672 3068 τελευτῆς

2090 3089 2179 3143 διὰ
2210 3093 2271 3143 τὸ
2294 3092 2393 3160 τῆς
2421 3089 2681 3153 ἀϐουλίας
2731 3091 2923 3157 ἄδοξον
2953 3090 3372 3161 αίσχυνὸμενος,
3405 3090 3456 3145 τί
3486 3107 3672 3162 μηχα-

2091 3187 2249 3238 νᾶται
2273 3186 2366 3238 καὶ
2391 3185 2442 3237 τί
2481 3187 2660 3252 ποιεῖς
2718 3183 2843 3238 οὐδὲ
2874 3187 2984 3255 γάρ
3018 3185 3236 3258 τῶβίῳ
3270 3182 3670 3239 συναναλίσκι-

2089 3297 2178 3333 ται
2205 3281 2462 3350 πονηρία.
2504 3279 2690 3348 Ῥίψαι
2725 3280 2872 3334 κατὰ
2894 3279 2992 3332 τοῦ
3023 3277 3272 3349 ποταμοῦ
3317 3279 3581 3348 πειρᾶται
3609 3278 3671 3330 τὺ

2092 3372 2253 3443 σῶμα
2273 3389 2288 3404 ·
2320 3374 2412 3427 καὶ
2439 3372 2572 3446 πρὸς
2604 3372 2766 3427 τοῦτο
2794 3373 3000 3445 ἐχρῆτο
3028 3389 3140 3427 τισι
3167 3374 3274 3426 τῶν
3307 3371 3518 3425 πιστῶν
3543 3371 3673 3424 ἑαυ-

2089 3466 2168 3537 τῷ
2204 3469 2488 3538 συνεργοῖς
2515 3465 2610 3520 καὶ
2646 3464 2881 3536 μύσταις
2911 3465 3021 3519 τῶν
3053 3467 3410 3537 ἀπορρήτων.
3473 3464 3584 3519 Καὶ
3616 3465 3669 3516 τί

2097 3561 2171 3630 μὴ
2200 3560 2308 3614 τῶν
2347 3558 2646 3630 βασιλικῶν
2695 3559 2969 3630 εὐνούχων
2998 3577 3081 3624 τις
3125 3559 3184 3614 τὸ
3211 3559 3448 3630 πρᾶγμα
3478 3560 3668 3613 αἰσθό-

2093 3669 2274 3722 μενος,
2308 3657 2401 3708 καὶ
2429 3654 2541 3716 τοῖς
2570 3652 2753 3716 ἄλλοις
2777 3652 3202 3723 καταμηνύσας,
3246 3653 3398 3723 μίσει
3429 3651 3524 3705 τοῦ
3559 3668 3664 3705 και

2090 3747 2477 3815 κουργήματος
2508 3745 2607 3816 τὴν
2636 3745 2814 3816 ὁρμὴν
2844 3744 3166 3811 διεκώλυσε,
3200 3746 3309 3800 κᾶν
3348 3747 3522 3816 ἐφάνη
3551 3749 3665 3806 τοῖς

2091 3835 2336 3905 ἀνοήτοις
2359 3834 2492 3898 Θεὸς
2525 3835 2645 3898 νέος
2670 3835 2730 3900 ἐξ
2754 3838 3110 3906 ἀτυχήματος
3135 3852 3149 3870 ο
3179 3838 3248 3892 τὰ
3279 3837 3324 3891 δ’
3349 3837 3476 3907 ἑξῆς
3502 3841 3663 3907 μῖμοι

2088 3926 2314 3993 γελοίων
2348 3922 2485 3998 ἦγον
2517 3926 2699 3991 αὐτὸν,
2727 3930 2946 3993 καὶτοῖς
2970 3929 3076 3981 ἀπὸ
3099 3932 3196 4001 τῆς
3229 3931 3435 4001 σκηνῆς
3468 3931 3662 4000 αἴσχε-

2088 4038 2174 4074 σιν
2199 4021 2545 4091 ἑπομπεύετο
2577 4020 3019 4092 καταυλούμενός
3064 4038 3122 4075 τε
3157 4026 3254 4076 καὶ
3283 4021 3664 4096 κατορχούμεο

2089 4130 2198 4178 νος,
2221 4114 2314 4167 καὶ
2334 4114 2434 4186 τὴν
2458 4113 2688 4184 ἄρνησιν
2716 4117 2807 4168 καὶ
2828 4114 2925 4186 τὴν
2943 4109 3114 4186 ἧτταν
3134 4117 3229 4170 καὶ
3250 4115 3310 4169 τὸ
3329 4116 3486 4181 τέλος
3517 4117 3666 4169 ὀνει-

2088 4211 2390 4282 διζόμενος.
2429 4211 2539 4264 Καὶ
2562 4209 2616 4264 τί
2642 4210 2750 4281 γὰρ
2775 4211 2836 4264 οὐ
2863 4214 3091 4281 πάσχων
3139 4211 3331 4278 κακὸν,
3389 4211 3443 4267 τί
3465 4213 3523 4267 ὁὶ
3561 4213 3662 4267 οὐκ

2089 4305 2327 4366 ἀκούων,
2343 4299 2420 4366 οἷς
2441 4303 2488 4356 οί
2506 4301 2742 4357 τοιοῦτοι
2758 4303 3149 4366 νεανιεύονται.
3169 4304 3367 4377 τέχνην
3383 4306 3484 4378 τὴν
3501 4305 3661 4377 ὕϐριν

413 4418 464 4452 ιιι
490 4414 706 4455 amnem
760 4406 1022 4453 conatur:
1087 4398 1142 4452 in
1179 4409 1375 4470 ,cu-pto
1428 4411 1535 4454 tam
1595 4417 1800 4458 arcano
1858 4403 1984 4458 ﬁdis

2094 4397 2308 4468 ἔχοντες
2329 4412 2346 4462 ς
2373 4395 2528 4467 ῑωςή
2555 4395 2816 4466 Ταρσέων
2833 4395 2995 4452 αὐτὸν
3012 4396 3334 4468 ὑποδέχεται
3359 4399 3538 4464 πόλις,
3560 4401 3662 4454 οὐκ

407 4492 740 4560 quihusdam
796 4489 1166 4564 adjutorihus,
1210 4501 1266 4546 et
1309 4492 1537 4560 perinde
1583 4507 1748 4564 atque
1798 4495 1850 4548 in
1924 4511 1982 4550 re

406 4585 660 4656 quapiam
720 4584 928 4651 divina,
981 4585 1364 4641 sacerdotibus
1427 4602 1582 4640 usus.
1646 4588 1714 4642 Et
1773 4588 1878 4641 nisi
1912 4603 1980 4642 ex

408 4677 794 4748 imperialibus
825 4678 1099 4734 eunuchis
1131 4679 1359 4748 quidam
1391 4679 1628 4734 consilio
1685 4694 1751 4734 eo
1783 4679 1976 4750 depre-

406 4776 603 4835 henso,
652 4773 885 4842 aliisque
919 4782 1144 4844 propter
1177 4770 1365 4841 ﬂagitii
1427 4771 1614 4827 odium
1673 4774 1982 4828 communi-

406 4878 548 4929 cato,
584 4867 847 4936 impetum
882 4866 1044 4920 talem
1102 4864 1498 4934 prohibuisset,
1548 4865 1848 4919 exstitisset
1911 4881 1978 4920 ex

407 4975 472 5014 ca
501 4959 657 5012 clade
689 4958 832 5028 apud
868 4958 1153 5028 imperitos
1179 4957 1436 5012 homines
1473 4972 1648 5012 novus
1709 4958 1872 5012 Dens.
1917 4960 1984 5011 Et

406 5069 531 5122 qua:
557 5051 757 5108 deinde
786 5061 1130 5122 sequuntur:
1161 5061 1436 5106 mortuum
1468 5067 1593 5104 eum
1627 5051 1776 5105 mimi
1808 5062 1858 5104 et
1885 5051 1983 5104 ho-

406 5146 586 5200 mines
641 5144 883 5212 ridiculi,
911 5159 1036 5198 cum
1064 5146 1211 5198 omni
1265 5144 1480 5198 scenica
1520 5144 1768 5198 [utilitate
1810 5145 1983 5197 duxe-

2089 4488 2187 4543 ol8'
2211 4490 2358 4551 ὅπως
2392 4493 2486 4543 καὶ
2529 4488 2646 4542 ἀνθ’
2697 4489 2823 4541 ὅτου
2852 4488 2953 4558 τὴν
2981 4487 3139 4561 ὓϐριν
3163 4495 3368 4561 ταυτην
3402 4507 3665 4563 κατακριο

2090 4579 2266 4637 Θεῖσα.
2280 4580 2451 4634 Ἔνθα
2467 4582 2522 4634 δέ
2540 4582 2590 4634 οί
2617 4582 2838 4652 τέμενος
2855 4581 3049 4652 ἄτιμον
3067 4585 3162 4636 καὶ
3181 4584 3351 4654 τάφος
3378 4585 3662 4653 ἐξάγιστος

2092 4675 2187 4728 καί
2209 4675 2580 4743 ἀπόπτυστος,
2605 4675 2698 4728 καὶ
2720 4673 2840 4727 οὐδὲ
2865 4673 3054 4737 θεατὸς
3075 4674 3317 4729 εὐσεϐῶν
3346 4677 3559 4747 ὄψεσινο
3580 4678 3659 4740 ὡς

2086 4767 2147 4821 δὲ
2174 4767 2285 4837 ἐγώ
2310 4784 2456 4831 τινος
2476 4769 2707 4837 ἥκουσα,
2731 4768 2866 4838 μηδὲ
2881 4766 2959 4838 τῷ
2982 4768 3139 4838 τάφῳ
3169 4770 3661 4842 προσλαμόανόμε-

2092 4879 2204 4926 νος,
2222 4861 2336 4915 ἀλλ’
2355 4861 2460 4916 ὑπὸ
2485 4861 2586 4930 τῆς
2602 4862 2908 4931 πεισθείσης
2924 4859 2993 4914 δι’
3016 4862 3182 4915 αὑτοῦ
3201 4865 3303 4933 γῆς
3329 4865 3656 4934 ἀποσειόμε-

2090 4973 2177 5019 νος
2195 4956 2289 5008 καὶ
2318 4953 2795 5024 ἀναϐρασσὸμινος
2816 4970 2830 4983 ο
2866 4955 3153 5025 προοίμιον
3185 4955 3284 5023 τῆς
3304 4958 3486 5012 ἐκεῖσε
3509 4953 3658 5025 οἶμαι

2083 5049 2378 5111 κολάσεως.
2399 5048 2456 5102 '0
2479 5049 2575 5118 μὲν
2592 5044 2686 5100 οὖν
2703 5046 2844 5101 οὕτω
2868 5047 3219 5117 βασιλεύσας,
3243 5047 3388 5102 οὔτω
3414 5049 3470 5104 δὲ
3494 5065 3656 5121 στρα-

2081 5143 2348 5211 τηγήσας,
2387 5140 2527 5193 οὕτω
2550 5141 2646 5194 καὶ
2677 5140 2767 5192 τὸν
2796 5140 2914 5209 βίον
2947 5140 3190 5210 αίσχρῶς
3218 5139 3560 5194 καταλείπει.
3604 5157 3622 5190 ι

406 5247 557 5305 runt,
591 5239 863 5308 fultusque
895 5240 1011 5307 ejus
1034 5239 1309 5306 prosecuti
1339 5247 1491 5301 sunt,
1551 5239 1702 5292 tibiis
1764 5247 2046 5299 canentes,
2090 5246 2145 5290 et
2191 5237 2525 5301 saltitanlcs,
2601 5233 2987 5304 religionisque
3037 5234 3469 5304 ahjurationem,
3525 5232 3651 5289 belli

404 5333 640 5398 cladem,
669 5344 725 5387 et
755 5341 987 5388 mortem
1022 5335 1191 5402 ipsam
1222 5332 1481 5401 probrose
1541 5335 1590 5387 ei
1624 5333 1967 5402 objicientes.
2012 5332 2150 5399 Quid
2203 5333 2348 5388 enim
2418 5331 2543 5386 mali
2615 5347 2807 5401 passus
2846 5347 2953 5385 non
3016 5332 3133 5385 est?
3169 5329 3298 5400 quid
3364 5345 3495 5388 vero
3546 5344 3650 5385 non

404 5422 830 5478 audivitcarum
853 5439 1061 5487 rerum,
1098 5437 1234 5492 quas
1264 5437 1435 5492 genus
1492 5422 1546 5476 id
1624 5424 1904 5478 hominum
1959 5425 2277 5492 juveniliter
2341 5425 2548 5479 audet?
2598 5427 2744 5496 quod
2806 5425 3060 5495 iniuriam
3129 5439 3228 5494 pro
3279 5437 3394 5480 arte
3460 5425 3646 5479 habet:

477 5561 557 5631 (ι)
596 5563 749 5633 Apud
785 5564 1064 5619 Socratem
1098 5572 1201 5627 est,
1233 5563 1512 5619 lulianum
1537 5579 1682 5633 equo
1733 5564 1981 5619 insiden-

407 5643 628 5704 temact
660 5635 882 5702 quidem
934 5645 1160 5704 propter
1205 5652 1390 5688 rerum
1423 5637 1788 5689 secundarum
1821 5652 1974 5701 spem

403 5714 461 5760 et
493 5701 750 5760 liduciam
782 5701 1073 5774 inermem,
1096 5722 1220 5761 cum
1255 5709 1462 5762 circum
1491 5707 1758 5761 militares
1792 5710 1977 5776 copias

2088 5565 2461 5634 obequitaret.
2505 5580 2597 5620 eas
2638 5563 2705 5618 ad
2757 5562 3138 5618 fortitudinem
3197 5559 3553 5634 cohortando,
3583 5572 3646 5613 ex

2088 5632 2386 5703 Imprnviso
2439 5637 2590 5691 hasta
2628 5650 2947 5704 percussum
2981 5649 3101 5689 esse
3131 5650 3253 5705 quae
3287 5632 3567 5688 brachium
3595 5638 3650 5684 et

2087 5709 2228 5760 latus
2259 5708 2380 5778 ejus
2417 5707 2736 5778 perfuderit.
