4112 6224
459 317 565 378 537

1069 441 1320 498 ΚΕΦΑᾹ.
1354 445 1429 502 E'.

460 526 602 612 Περί
633 529 959 612 Ἐτίευσζου
984 533 1396 612 τοᾷ-Κυζῖκου,
1439 540 1537 594 καὶ
1580 543 1915 612 Εὐνομίσυο
1949 545 2038 600 ἔτι

530 597 880 726 fugatum
921 604 1185 674 Ἀτελιόυ
1209 609 1316 662 τοῦ
1337 597 1678 668 ἐπισκόπου
1700 597 1819 667 τῖὖν
1844 597 2042 670 Ναυα-

542 781 608 838 ’0
629 783 690 838 δέ
722 785 980 857 βασιλεὺς
1012 789 1232 864 Οὐάλης
1266 794 1572 865 τηνικαῦτα
1607 798 1688 868 τῷ
1719 801 1862 856 κατὰ
1893 801 2039 871 Προ-

459 877 656 968 κοπίου
690 879 914 954 πολέμῳ
944 884 1340 958 ἐνευτυχήσας,
1395 893 1540 945 κατά
1573 892 1674 960 τῆς
1705 894 2038 968 Ἐκκλησίας

411 1039 420 1047 ι
459 967 615 1036 αὖθις
648 973 944 1045 ὡπλίζετο,
993 981 1176 1036 πᾶσαν
1228 987 1529 1056 θρησκείαν
1578 989 1780 1062 Ἀρείῳ
1836 993 2035 1063 ἐπίσης

460 1069 679 1138 φρονεῖν
714 1070 863 1140 μάλα
898 1073 1326 1148 ἐκϐιαζόμενος·
1363 1080 1604 1150 μάλιστα
1632 1084 1690 1138 δὲ
1737 1085 2039 1158 ὑπερφυῶς

461 1162 605 1219 κατά
649 1165 761 1221 τῶν
793 1168 856 1224 ἐν
913 1170 1205 1245 Λαμψάκῳ
1255 1175 1626 1234 συνελθόντων
1674 1181 1932 1249 ὲπρίετο·
1975 1185 2038 1239 οὐ

463 1260 627 1329 μόνον
657 1261 742 1315 ὅτι
769 1263 898 1327 τοὺς
930 1263 1371 1337 ’Δρειανίξοντας
1397 1269 1511 1325 τῶν
1541 1272 1863 1329 ἐπισκόπων
1889 1276 2042 1331 ἀπώ-

459 1368 648 1422 σαντο,
679 1353 819 1411 ἀλλὰ
845 1355 942 1411 καὶ
962 1359 1066 1430 τὴν
1098 1361 1158 1414 ἐν
1184 1359 1455 1435 Ἀριμίνῳ
1475 1366 1575 1434 τῆς
1608 1369 1850 1433 πίστεως
1879 1369 2037 1425 ἔκθε·

460 1463 548 1500 σιν
571 1447 958 1522 ἀπεκήρυεαν.
1001 1453 1115 1509 Καὶ
1142 1455 1260 1526 δῆτ’
1293 1457 1356 1511 ἐκ
1385 1457 1628 1525 Νικαίας
1659 1462 1904 1532 ἀπάρας,
1941 1482 2040 1521 κα-

457 1540 802 1612 ταλαμϐάνει
831 1544 932 1616 τὴν
961 1547 1361 1622 Νικομήδειαν.
1389 1551 1637 1609 Ἐκεῖθεν
1691 1556 1748 1611 δέ
1789 1557 2036 1629 πέμψας,

460 1633 586 1700 ἄγει
608 1633 742 1706 παρ’
775 1637 956 1709 ἑαυτῷ
987 1639 1079 1693 τὸν
1109 1640 1354 1708 Κυζίκου
1399 1643 1703 1713 Ἐλεύσιον,
1729 1648 1789 1714 ὃς
1821 1652 1888 1722 τῇ
1917 1652 2037 1706 Μα-

456 1724 699 1784 κεδονίου
730 1731 926 1805 γνώμῃ
979 1733 1184 1803 μᾶλλον
1210 1737 1568 1807 προσέκειτοο
1630 1742 1728 1796 καὶ
1774 1743 2039 1814 σύλλογον

1411 331 2012 396 ECCLESIASTICE
2046 335 2433 402 HIS'I'ORL‘E
2472 345 2610 406 ΗΒ.
2659 349 2771 409 Xl.

2071 453 2118 509 Α

3624 354 3730 419 593

2749 462 2980 521 CAPUT
3012 464 3076 520 γ.

2149 547 2227 603 De
2260 551 2475 608 Είιιιιδίο
2527 554 2784 629 Cyziceno
2833 566 2882 611 et
2925 555 3232 624 Eunomia;
3275 559 3397 614 item
3434 566 3498 614 de
3549 559 3729 629 Agch'o

2631 627 2933 684 Nouatiauo
2966 633 3225 702 episcopo.

2218 807 2520 878 Itur-emtor
2562 808 2781 875 Valens,
2812 811 2960 866 bello
3002 821 3198 868 contra
3235 811 3566 880 Procopium
3603 826 3732 880 pro-

2148 915 2309 972 spere
2341 912 2495 973 gesto
2527 905 2730 964 elatus.
2760 904 3034 961 adversus
3077 905 3369 961 ecclesiam
3407 919 3601 958 rursus
3635 919 3730 956 ar-

2149 1011 2236 1048 ma
2272 998 2506 1064 paravit,
2537 997 2647 1051 vim
2696 999 3057 1071 religionibus
3099 999 3382 1062 omnibus,
3414 1008 3473 1052 ut
3516 1013 3575 1052 se
3614 996 3727 1051 Arii

2148 1088 2393 1160 dogmati
2438 1093 2956 1156 accommodarent,
3008 1092 3274 1147 inferens.
3323 1090 3554 1144 Maxime
3597 1104 3730 1143 vero
3770 1108 3778 1115 ι

2149 1191 2341 1236 contra
2406 1197 2502 1237 eos
2565 1182 2657 1253 qui
2722 1182 3011 1254 Lampsaci
3069 1193 3407 1239 conventum
3464 1192 3730 1254 egerant,

2149 1271 2461 1337 frendebat,
2493 1273 2639 1344 quod
2669 1289 2776 1328 non
2806 1275 2972 1328 modo
3001 1274 3218 1330 Arianis
3245 1274 3522 1345 episcopis
3553 1273 3733 1344 digni-

2150 1378 2320 1423 tatem
2352 1367 2730 1436 :Ibrogassent,
2763 1369 2858 1422 sed
2900 1369 3068 1424 etiam
3110 1367 3238 1424 fidei
3285 1368 3578 1423 formulam
3608 1365 3733 1421 Ari-

2146 1459 2281 1516 mini
2319 1460 2720 1532 promulgatam
2773 1461 3154 1517 damnassent.
3203 1461 3271 1518 Et
3314 1461 3495 1517 Νίσαια
3547 1458 3734 1528 profe-

2145 1563 2291 1620 ctus,
2318 1552 2695 1610 Nicomediam
2727 1553 2900 1625 venit.
2934 1561 3100 1624 atque
3129 1569 3197 1609 eo
3223 1554 3509 1610 Eleusium
3541 1550 3730 1623 Cyzici

2145 1647 2472 1719 episcOpum
2515 1646 2582 1703 ad
2615 1663 2677 1704 se
2707 1647 2929 1712 accivit,
2968 1647 3062 1718 qui
3097 1646 3404 1702 Macedonii
3437 1646 3733 1702 sententiae

2147 1741 2325 1813 magis
2371 1740 2631 1798 addictus
2685 1751 2827 1798 erat.
2884 1740 3344 1814 Congregatoque
3391 1740 3729 1794 Arianorum

471 1820 924 1897 Ἀρειανιζόντων
941 1827 1258 1884 ἐπισκόπων
1286 1832 1574 1905 ἀθροίσας,
1593 1840 1876 1894 κοινωνεῖν
1895 1840 2039 1894 ἐκεί-

2145 1838 2536 1909 episcOporum
2576 1845 2746 1902 cmtu,
2790 1846 2852 1892 ut
2890 1852 3020 1893 cum
3055 1836 3164 1891 illis
3193 1835 3442 1890 eamdem
3474 1847 3722 1888 commu-

458 1935 573 1983 νοις
606 1920 704 1988 τῆς
737 1921 982 1988 πίστεως
1013 1924 1269 1990 ἐϐιάζετο
1293 1943 1306 1960 ·
1332 1929 1362 1982 ό
1385 1927 1445 1983 δέ
1477 1929 1546 1984 τὰ
1575 1931 1676 2003 μὲν
1705 1931 1902 2004 πρῶτα
1920 1951 2045 2005 γεν-

458 2012 625 2078 ναίως
657 2009 775 2086 εἶχε
821 2018 918 2073 καὶ
959 2019 1226 2089 ἀνδρείως
1271 2022 1552 2078 ἀντέτεινε
1595 2023 1699 2096 τὴν
1748 2027 2042 2082 κοινωνίαν

455 2105 826 2180 ἀπαγορεύων
847 2124 864 2140 ·
905 2108 982 2175 ὡς
1027 2111 1074 2165 δ’
1109 2111 1407 2186 ὑπερόριον
1442 2117 1620 2171 ποιεῖν
1675 2117 1772 2172 καί
1803 2120 1872 2174 τὰ
1903 2137 2043 2194 προ-

457 2197 619 2253 σόντα
666 2203 717 2254 oi
747 2203 1106 2276 ἀφαιρεῖσθαι
1132 2207 1378 2279 ἠπείλει,
1405 2209 1614 2277 δείσας,
1643 2210 1790 2267 ἑκὼν
1821 2214 2042 2272 ἀέκοντί

453 2312 523 2366 γε
553 2296 715 2370 θυμῷ
751 2299 814 2353 τι
843 2303 1196 2374 προσταχθὲν
1244 2304 1328 2369 είς
1372 2304 1547 2378 πέρας
1570 2301 1677 2379 ἦγε
1701 2308 1780 2379 τῷ
1801 2306 2037 2381 βασιλεῖ.

455 2390 570 2447 Καὶ
625 2391 788 2455 εὐθὺς
833 2394 1132 2467 μεταμέλῳ
1184 2398 1429 2468 ἐχρῆτο,
1487 2400 1587 2454 καὶ
1635 2399 1734 2455 ἐπὶ
1792 2402 2039 2465 Κυζίκου

453 2478 770 2550 γενόμενος,
799 2483 1156 2554 ἐκκλησιάζει
1205 2487 1269 2542 τὺ
1301 2487 1512 2560 πλῆθος
1533 2528 1553 2558 ,
1579 2491 1680 2547 καὶ
1735 2494 1837 2564 τὴν
1863 2494 2044 2566 ἀμαρ-

455 2575 582 2630 τίαν
628 2578 918 2650 παρρησίᾳ
950 2578 1251 2651 ἐξήγγελλε
1274 2599 1290 2614 ·
1349 2584 1666 2655 προσετίθει
1706 2602 1773 2655 γε
1802 2588 1914 2660 μὴν
1945 2587 2044 2643 καὶ

453 2668 648 2742 ἓτερον
671 2672 976 2728 ἐπίσκοπον
1008 2676 1368 2733 ἐκκαλεῖσθαι
1390 2695 1408 2711 ο
1435 2666 1620 2756 ἐαυτῷ
1656 2681 1770 2753 γὰρ
1804 2683 1882 2757 μὴ
1907 2702 2042 2754 προ-

458 2767 650 2836 σήκειν
688 2765 784 2822 τοῦ
827 2766 1019 2825 λοιποῦ
1072 2770 1352 2840 ἱερᾶσθαι,
1386 2774 1488 2847 τὴν
1519 2780 1796 2851 σφετέραν
1849 2781 2042 2836 πίστιν

451 2860 862 2933 προδεδωκότα.
897 2863 1056 2921 Εὖνοι
1099 2867 1157 2922 δὲ
1187 2867 1255 2922 τὰ
1287 2869 1530 2944 μάλιστα
1561 2871 1711 2940 αξιτῷ
1735 2871 1893 2938 ὄντες
1924 2875 2041 2930 Κυ-

454 2953 713 3028 ζικηνοὶ,
750 2956 852 3029 τὴν
900 2959 1011 3032 γὰρ
1052 2959 1266 3020 ἐκείνου
1308 2963 1594 3019 πολιτείαν
1647 2965 1946 3038 κατάκρως
1978 2967 2043 3039 ᾑ-

454 3049 670 3114 δοῦντο.
701 3051 894 3125 ἕτερον
923 3055 1078 3126 ίερέα
1123 3056 1224 3129 οὐχ
1274 3056 1507 3125 εἴλοντο,
1535 3057 1663 3114 οὔτε
1702 3059 1811 3132 μὴν
1865 3059 2042 3132 ἑτέρῳ

2146 1945 2385 2000 nemque
2434 1930 2598 1986 fidem
2640 1930 3127 2001 complecteretur,
3179 1928 3497 2000 imperavit.
3558 1925 3730 1981 Porro

2145 2023 2404 2079 Eleusius
2461 2024 2703 2094 primum
2759 2037 3030 2095 generose
3095 2031 3154 2079 et
3213 2021 3435 2079 fortiter
3504 2020 3728 2076 illorum

2145 2108 2598 2173 communionem
2660 2125 2990 2186 aspernatus
3049 2116 3254 2172 restitit
3307 2135 3322 2172 :
3377 2114 3473 2170 ubi
3542 2120 3730 2168 autem

2144 2208 2449 2279 imperator
2480 2207 2738 2264 exsilium
2770 2209 2821 2263 ei
2857 2207 3248 2278 bonorumque
3301 2206 3729 2279 publicationem

2143 2305 2388 2358 minatus
2425 2310 2530 2370 est,
2568 2313 2717 2358 metu
2766 2301 3078 2374 perculsus,
3121 2301 3305 2358 libens
3350 2299 3599 2371 quidem,
3632 2297 3728 2354 sed

2144 2412 2254 2452 non
2307 2395 2503 2452 libenti
2557 2396 2767 2463 animo,
2805 2394 2954 2466 quod
3003 2396 3310 2466 imperator
3345 2394 3535 2467 jussit,
3575 2393 3728 2449 fecit.

2144 2488 2350 2546 Verum
2379 2489 2673 2547 confestim
2706 2489 3036 2562 pmnitentia
3068 2489 3292 2555 (luctus,
3317 2503 3443 2542 cum
3467 2485 3730 2560 Cyzicum

2144 2584 2408 2650 venisset,
2445 2583 2592 2655 apud
2629 2584 3046 2640 multitudinem
3089 2584 3144 2639 in
3185 2591 3463 2639 conventu
3503 2579 3730 2651 publico

2145 2686 2433 2750 peceatum
2467 2691 2627 2732 suum
2664 2676 2945 2748 propalam
2982 2686 3070 2732 est
3100 2673 3386 2732 confessus
3421 2692 3434 2728 :
3469 2672 3605 2729 illud
3641 2673 3730 2726 in-

2143 2785 2314 2842 super
2348 2769 2559 2826 addens
2591 2770 2689 2842 (i),
2728 2780 2788 2826 ut
2826 2770 2996 2827 alium
3045 2769 3148 2826 sibi
3194 2783 3480 2826 sacrorum
3522 2767 3733 2839 delige-

2143 2876 2270 2922 rent
2314 2866 2656 2933 antistitem;
2697 2866 2800 2923 sibi
2843 2866 2993 2923 enim
3039 2866 3303 2936 deinceps
3348 2865 3734 2936 episcopatu'n

2144 2975 2355 3033 gerere,
2393 2962 2541 3030 quod
2594 2962 2756 3017 fidem
2805 2976 2962 3016 suam
3015 2959 3342 3032 prodiderit,
3381 2960 3563 3014 minus
3601 2973 3733 3012 cou-

2145 3056 2360 3110 venire.
2402 3055 2570 3132 118
2613 3054 2868 3127 Cyziceni
2904 3063 3114 3119 autem,
3149 3055 3295 3125 quod
3343 3067 3560 3108 summa
3602 3066 3730 3106 eum

458 3143 823 3217 παρεχώρουν
874 3147 977 3218 τῆς
1011 3147 1388 3218 Ἐκκλησίαςο
1445 3149 1543 3206 ὕπ’
1591 3152 1746 3224 αύτῷ
1793 3151 1854 3208 δέ
1899 3149 2039 3222 ἦσαν

2147 3151 2660 3224 complecterentur
2710 3148 3138 3214 benevolentia,
3195 3158 3254 3206 et
3307 3147 3732 3204 conversatione

457 3240 787 3308 ταττόμενοι
815 3237 914 3317 τῆς
948 3240 1160 3307 οἰκείας
1191 3241 1353 3321 δόξης
1412 3243 1836 3315 μετατιθέμενοι
1882 3247 2041 3302 οὐδα-

463 3329 602 3402 μῶς.
642 3331 731 3398 Ὠς
757 3331 815 3386 δὲ
843 3333 1000 3387 ταῦτ’
1030 3334 1282 3401 Εύδόξιος
1303 3336 1468 3409 ιγνω,
1493 3339 1595 3408 τῆς
1632 3339 1929 3412 ’ᾼρειανῆς
1957 3341 2042 3394 ai-

459 3424 667 3495 ρέσεως
687 3428 747 3480 ἐν
776 3428 1347 3484 Κωνσταντινουπόλει
1383 3432 1767 3503 προεστηκὼς,
1796 3450 2040 3505 χειροτο-

453 3519 541 3583 vti
590 3519 778 3585 αὐτοῖς
828 3519 923 3575 τὸν
975 3519 1246 3593 Εὐνόμιον
1272 3538 1287 3554 ·
1326 3521 1468 3596 ᾤετο
1520 3526 1632 3595 γὰρ
1675 3526 1850 3582 δεινὸν
1907 3528 2040 3582 ὄντα

456 3613 668 3682 λέγειν,
700 3613 899 3671 θᾶττον
930 3616 1293 3689 μεταπείσειν
1330 3618 1701 3690 Κυζικηνοὺς,
1734 3622 1916 3676 πειθοῖ
1931 3640 2039 3677 τινι

453 3707 713 3782 δαιμονίᾳ
761 3709 900 3779 πρὸς
932 3709 1034 3782 τὴν
1067 3714 1344 3784 σφετέραν
1393 3697 1805 3786 ἐφελκύσασθαι
1857 3715 2039 3785 δόξαν.

469 3802 625 3866 Ἐπεὶ
651 3803 710 3859 δὲ
741 3805 822 3868 είς
853 3804 1096 3870 Κύζικον
1141 3800 1281 3879 ἧκεν
1314 3806 1608 3877 Εὑνὸμιος,
1645 3809 2040 3882 προστάγματι

458 3893 731 3966 βασιλέως
759 3896 870 3951 τῶν
906 3896 1009 3968 μιν
1039 3897 1346 3974 ἐκκλησιῶν
1369 3901 1668 3973 ἐκράτησε,
1708 3902 1802 3958 τοῦ
1843 3904 2040 3959 Ἐλευ-

460 3991 582 4046 οίου
629 3990 1020 4058 ἐξελαθέντοςο
1080 3994 1130 4048 oi
1180 3993 1228 4048 δ’
1280 3995 1477 4067 ἐκείνῳ
1532 3997 1874 4069 πειθόμενοι,
1934 3999 2042 4068 ἔξω

457 4087 660 4158 τειχῶν
687 4086 999 4155 γενόμενοι,
1033 4088 1144 4158 πρὸ
1170 4089 1273 4157 τῆς
1306 4087 1519 4155 πόλεως
1551 4092 1653 4155 τὰς
1707 4093 2040 4162 συναγωγὰς

457 4181 774 4251 ποιούμενοι
823 4181 1206 4252 ἐκκλησίαζον.
1239 4180 1405 4238 Ἀλλά
1461 4185 1590 4257 περὶ
1635 4185 1736 4252 μὲν
1769 4185 2041 4258 Εὑνομίου

458 4277 683 4346 καὶτῆς
714 4274 1012 4346 ἐπωνύμου
1057 4277 1238 4348 τούτῳ
1266 4277 1536 4348 αἱρέσεως
1571 4279 1772 4349 μικρὸν
1812 4281 2044 4352 ὕστερον

455 4371 602 4425 κατὰ
628 4370 816 4444 χώραν
849 4369 996 4440 ἐρῶ⁹
1029 4370 1093 4424 οὐ
1151 4370 1315 4442 μόνον
1335 4371 1392 4426 δὲ
1445 4371 1866 4438 Μακεδονιανοὶ,
1903 4375 2044 4431 ἀλλὰ

456 4465 552 4518 καὶ
579 4463 629 4517 oi
663 4464 727 4517 τὸ
772 4462 954 4532 δόγμα
981 4461 1091 4517 τῶν
1124 4466 1181 4516 ἐν
1204 4463 1412 4535 Νικαία
1465 4465 1840 4521 συνελθόντων
1872 4485 2045 4538 πρεσ-

2143 3245 2265 3318 ejus
2315 3245 2696 3316 maximopere
2731 3244 3172 3311 delectarentur,
3197 3243 3524 3315 episcopum
3559 3240 3729 3296 alium

2144 3353 2255 3393 non
2297 3349 2648 3409 receperunt,
2683 3354 2866 3410 neque
2906 3339 3000 3395 alii
3035 3336 3339 3393 Eeclesiam
3379 3335 3678 3406 regendam
3713 3351 3728 3388 :

2143 3433 2239 3490 sed
2298 3433 2402 3505 ipsi
2457 3433 2684 3492 Eleusio
2743 3433 2992 3500 subditi,
3057 3433 3390 3489 sententiam
3452 3430 3729 3501 permise-

2143 3535 2277 3584 runt
2309 3543 2467 3584 suam
2519 3527 2752 3585 minime
2804 3537 3044 3584 mutare.
3086 3526 3246 3594 Quod
3287 3527 3381 3581 ubi
3442 3524 3733 3581 Eudoxius

2140 3620 2360 3678 Arianae
2393 3630 2559 3676 sectae
2587 3620 3071 3692 Constantinopoli
3117 3620 3411 3691 praefectus
3445 3617 3728 3691 cegnovit,

2141 3714 2470 3784 episcopum
2505 3713 2612 3770 illis
2631 3712 2916 3770 ordinavit
2941 3711 3302 3769 Eunomium.
3330 3712 3552 3767 Putavit
3577 3727 3731 3766 nam.

2142 3823 2254 3890 que
2286 3807 2427 3872 fore,
2464 3815 2526 3862 ut
2571 3807 2619 3863 is
2660 3807 2983 3878 eloquentia
3029 3822 3134 3862 sua
3178 3806 3331 3862 brevi
3367 3821 3466 3876 per
3515 3805 3730 3860 felicem

2143 3901 2442 3973 quamdam
2489 3900 2862 3972 persuadendi
2914 3901 3024 3956 vim
3073 3898 3378 3971 Cyzicenos
3447 3897 3733 3954 demulsos

2143 3997 2212 4052 ad
2271 3996 2594 4067 Opinionem
2655 4010 2812 4052 suam
2873 3995 3244 4066 pertraheret.
3309 3994 3378 4050 Et
3435 4001 3729 4065 postquam

2144 4088 2458 4144 Eunomius
2479 4087 2739 4160 Cyzicum
2769 4089 2945 4153 venit,
2985 4087 3250 4143 ecclesias
3278 4086 3532 4156 quidem,
3563 4086 3730 4141 Eleu-

2143 4185 2230 4240 sio
2277 4183 2635 4253 imperatoris
2675 4181 2836 4254 jussu
2888 4180 3162 4252 expulso,
3227 4195 3434 4236 vacuas
3479 4181 3730 4251 recepit,

2145 4277 2304 4348 plebs
2322 4287 2536 4341 autem,
2569 4274 2790 4331 Eleusio
2817 4275 3152 4345 obsequens,
3181 4283 3338 4329 extra
3371 4272 3566 4330 urbem
3596 4289 3734 4332 cono

2145 4380 2348 4427 ventus
2383 4369 2606 4442 agebat.
2657 4368 2764 4426 Sed
2814 4369 2884 4425 de
2943 4368 3225 4424 Eunomio
3269 4377 3330 4423 et
3369 4368 3492 4439 ejus
3531 4368 3729 4424 ἣξει-(ξεί

2145 4481 2248 4522 suo
2274 4465 2399 4521 loco
2428 4465 2596 4536 paulo
2640 4473 2766 4534 post
2807 4462 3013 4518 dicam.
3045 4462 3251 4519 Verum
3279 4461 3573 4518 enimvero
3611 4479 3722 4517 non

456 4546 715 4623 ιεύοντες
743 4557 854 4612 τῶν
884 4557 1020 4612 ίσων
1059 4557 1252 4612 κακῶν
1281 4559 1426 4613 κατά
1458 4559 1561 4630 τὴν
1590 4561 2039 4616 Κωνσταντινού-

2145 4559 2312 4616 modo
2368 4557 2778 4622 Macedoniam,
2817 4558 2914 4614 sed
2973 4556 3142 4615 etiam
3196 4556 3483 4613 Nimirum
3529 4556 3728 4625 dogma

454 4653 618 4708 πολιν
647 4638 967 4724 ἐπειρῶντο.
997 4652 1228 4723 Ἐπίσης
1253 4654 1312 4708 δι
1339 4654 1525 4718 αὐτοῖς
1553 4659 1651 4710 καὶ
1674 4655 1726 4708 of
1749 4655 1820 4710 τά
1853 4655 2042 4711 Ναυά-

452 4767 551 4802 του
583 4746 934 4820 φρονοῦντες,
966 4747 1064 4803 ἀτε
1095 4748 1161 4820 δὴ
1200 4749 1300 4805 καὶ
1342 4743 1492 4806 οὗτοι
1521 4750 1588 4822 τῇ
1621 4749 1718 4804 τοῦ
1743 4751 2037 4822 όμοουσίου

449 4842 580 4913 δόξῃ
617 4842 1016 4912 προσκείμενοι
1037 4859 1052 4874 ο
1087 4837 1165 4899 ὧν
1192 4843 1260 4916 δὴ
1289 4844 1507 4908 καὶτὰς
1537 4844 1841 4916 ἐκκλησίας
1863 4851 2034 4917 ἀφαι-

456 4934 669 5008 ρεῖσθαι
695 4935 913 4991 ἐκέλευε
942 4935 1226 5007 βασιλεύς·
1253 4938 1382 5002 τοὺς
1405 4938 1463 4991 δὲ
1488 4938 1686 5003 ἄλλους
1712 4939 2035 4996 ἀποκλείειν

450 5029 555 5084 ούκ
589 5025 771 5101 εἶχενο
803 5029 906 5102 ἠδη
935 5031 1048 5102 γὰρ
1069 5032 1134 5084 ἐκ
1166 5031 1370 5085 πολλοῦ
1405 5032 1598 5099 ἀφεῖλε
1628 5033 2035 5099 Κωνστάντιος.

455 5117 570 5177 Τὸν
607 5121 653 5178 δ’
707 5123 1011 5178 ἐπίσκοπον
1064 5123 1291 5179 ἐκείνων
1337 5123 1606 5195 Ἀγέλιον,
1668 5123 1728 5191 δς
1779 5127 1892 5182 ἀπὸ
1925 5128 2040 5183 τῶν

456 5214 874 5270 Κωντταντίνου
906 5216 1116 5287 χρόνων
1139 5219 1238 5288 τῆς
1265 5218 1378 5273 τῶν
1412 5217 1777 5274 Ναυατιανῶν
1806 5218 2041 5294 Ἐκκλη-

457 5309 582 5374 cia;
639 5309 849 5380 ἠγεῖτο.
884 5311 982 5363 καὶ
1039 5309 1333 5383 ὑπερόριον
1387 5311 1669 5366 ἐποιεῖτο·
1718 5312 2038 5378 ἐλέγετοοδὲ

454 5396 633 5466 οὗτος,
663 5403 740 5467 ὡς
773 5404 1054 5470 Σωκράτει
1084 5403 1254 5469 δοκεῖ,
1291 5404 1616 5476 θαυμασίοις
1661 5406 1836 5478 βιοῦν.
1869 5407 1946 5460 Τό
1977 5422 2037 5459 τε

459 5501 570 5568 rip
600 5499 659 5552 ἐν
698 5497 994 5571 φιλοσοφίᾳ
1019 5501 1281 5569 μέγιστον
1307 5499 1594 5572 ἐκέκτητο,
1621 5489 1866 5573 κτήσεως
1888 5501 2036 5556 ἀπά-

458 5607 560 5667 σης
585 5594 681 5648 καὶ
705 5595 1012 5666 χρημάτων
1036 5594 1319 5669 ἐλεύθερος
1350 5594 1428 5649 ὢν
1449 5613 1462 5626 ·
1494 5597 1591 5650 καὶ
1618 5597 1654 5667 ἡ
1701 5596 1899 5668 ἀγωγὴ
1940 5598 2038 5652 τὸν

458 5687 698 5759 ἐργάτην
747 5689 995 5744 ἐδείκνυ·
1031 5691 1114 5744 ἑνὶ
1162 5691 1272 5762 γὰρ
1332 5692 1646 5764 χιτωνίσκῳ
1693 5693 2037 5762 σκεπόμενος

2148 4651 2578 4724 comprobantes
2627 4651 3112 4722 Constantinopoli
3152 4650 3362 4706 eisdem
3413 4649 3733 4706 alliciebat:-

2149 4757 2240 4804 tur
2270 4746 2432 4804 malis
2463 4765 2478 4803 :
2513 4762 2695 4815 neque
2733 4761 2801 4801 eo
2841 4745 3028 4801 minus
3071 4746 3237 4802 etiam
3278 4745 3600 4807 Novatiani,
3631 4747 3726 4816 qui

2145 4853 2204 4899 et
2240 4841 2350 4914 ipsi
2398 4841 2894 4899 consubstantialis
2934 4831 3343 4912 professionem
3390 4841 3731 4910 complecte-

2145 4937 2386 5005 bantur;
2438 4943 2784 5006 quapropter
2833 4935 2918 4991 eis
2964 4951 3192 5006 quoque
3240 4933 3510 4990 ecclesias
3557 4933 3729 4988 adimi

2147 5033 2454 5104 imperator
2512 5039 2874 5102 praeceperat.
2930 5028 3084 5085 Alios
3132 5039 3423 5100 prmterea,
3457 5045 3600 5100 quos
3630 5043 3730 5083 ex-

2147 5124 2420 5188 cluderet,
2461 5137 2572 5178 non
2620 5121 2891 5184 habebat;
2935 5135 3096 5176 antea
3139 5121 3290 5175 enim
3329 5120 3540 5176 dudum
3584 5121 3731 5178 Con-

2147 5219 2387 5275 stantius
2444 5216 2728 5273 brereticis
2789 5216 3022 5287 reliquis
3081 5217 3350 5272 ecclesias
3422 5218 3728 5288 eripuerat.
3812 5226 3815 5229 '

2147 5313 2398 5386 Agelium
2460 5327 2684 5384 quoque
2743 5315 3102 5385 episcopum.
3157 5315 3251 5384 qui
3299 5330 3328 5369 ιι
3377 5313 3728 5371 Constantini

2148 5407 2516 5481 temporibus,
2559 5408 2628 5462 ad
2673 5423 2805 5464 eum
2859 5425 3032 5478 usque.
3081 5409 3253 5474 diem,
3290 5409 3728 5466 Novatianorum

2143 5502 2399 5559 ecclesiis
2457 5512 2728 5573 praeerat,
2775 5504 2830 5557 in
2881 5505 3139 5559 exsilium
3187 5504 3387 5560 Valens
3435 5505 3569 5573 egit.
3624 5503 3730 5570 Qui

2145 5612 2313 5662 sane,
2365 5596 2834 5667 quemadmodum
2886 5597 3099 5654 Socrati
3152 5599 3396 5662 videtur,
3447 5597 3728 5652 admiran-

2145 5692 2272 5746 dam
2314 5691 2429 5762 egit
2473 5693 2664 5747 vitam.
2701 5691 2836 5748 Nam
2878 5692 2932 5747 in
2968 5708 3056 5758 eo,
3090 5694 3236 5763 quod
3281 5693 3335 5747 in
3379 5690 3726 5763 philosophia

529 5875 604 5948 (Ι)
641 5877 706 5935 Et
732 5875 897 5934 simul
927 5877 995 5935 de
1026 5881 1074 5935 vi
1116 5880 1224 5938 sibi
1255 5881 1404 5938 illata
1439 5890 1800 5953 conquestus.
1829 5880 1986 5937 Socr.
2033 5879 2130 5937 lib.
2173 5897 2250 5948 tv,
2284 5895 2407 5952 cap.
2442 5880 2492 5937 6.
