4112 6224
427 280 534 342 599

1668 304 2092 369 NICEPHORI
2132 308 2480 373 CALLISTI

3595 301 3702 373 600

421 393 722 497 maximum
754 406 858 462 est,
893 400 994 457 fuit
1025 421 1038 459 :
1072 411 1452 476 possessiones
1483 416 1634 472 enim
1681 421 1860 476 nullas
1915 437 2003 476 ne-

2118 424 2352 479 διετέλει
2377 466 2393 490 ,
2425 429 2535 488 τοῖς
2568 426 2719 497 ὅροις
2771 423 2869 479 τοῦ
2898 421 3238 490 Εὖαγγελῖου
3297 418 3546 490 στοιχῶν,
3602 418 3700 471 καὶ

421 495 531 549 que
561 483 864 554 quidquam
907 497 1157 559 pecuniae
1193 500 1404 557 habuit.
1442 504 1506 560 Et
1545 506 1668 562 vita:
1699 510 1820 580 ejus
1850 513 2011 580 insti-_

423 585 604 631 tutum
665 580 717 632 id
773 586 1009 641 maxime
1065 591 1386 651 declaravit.
1445 599 1616 656 Unica
1665 606 1812 658 enim
1854 616 2006 662 veste

419 681 719 767 contentus
751 674 888 744 fuit,
945 690 1001 735 et
1043 688 1378 757 erangelicis
1429 693 1671 750 decretis
1719 697 2003 767 insistens,

421 760 813 822 calceamentis
859 787 992 824 usus
1043 791 1151 831 non
1192 791 1296 834 est.
1343 781 1615 840 Caeterum
1673 805 1780 843 non
1833 760 2007 848 multo

421 863 573 921 post,
609 859 678 911 ab
711 862 907 916 exsilio
943 878 1260 938 revocatus,
1296 876 1567 932 ecclesias
1608 896 1734 935 suas
1773 885 2006 954 recepit,

418 955 475 998 et
525 949 701 1006 libere
754 954 806 1007 in
854 958 937 1011 eis
987 975 1295 1020 conventus
1338 970 1472 1038 egit.
1515 972 1670 1034 Quod
1719 985 1776 1028 ut
1824 949 2002 1043 fieret,

420 1037 735 1130 Marcianus
762 1048 986 1117 quidam
1020 1054 1222 1119 ellecit,
1258 1058 1341 1111 vir
1372 1060 1479 1114 vita
1513 1064 1675 1118 simul
1707 1077 1764 1119 et
1791 1067 2005 1123 doctri-

421 1148 491 1186 na
527 1135 824 1191 admodum
859 1155 1162 1211 spectatus,
1216 1151 1314 1218 qui
1349 1151 1557 1207 «ludum
1589 1157 1810 1224 quidem
1843 1177 2005 1215 suum

421 1227 475 1280 in
531 1229 884 1301 imperatoria
929 1241 1053 1292 aula
1113 1243 1439 1303 obtinuerat
1482 1250 1704 1317 locum,
1753 1264 1866 1309 tum
1909 1273 2008 1310 au—

420 1333 530 1376 tem
581 1331 725 1395 apud
779 1332 1111 1391 Novatianos
1148 1340 1203 1394 in
1246 1345 1699 1415 presbyterorum
1748 1348 2004 1404 ordinem

418 1432 736 1488 cooptatus,
779 1426 1133 1496 imperatoris
1178 1433 1317 1491 filias
1357 1437 1707 1494 Anastasiam
1743 1452 1799 1495 et
1834 1442 2007 1498 Caru-

416 1523 534 1563 satn
575 1520 948 1582 grammatica:
995 1536 1269 1595 praecepta
1319 1527 1579 1593 docebat,
1625 1534 1731 1588 sub
1765 1551 2003 1606 quarum

419 1606 646 1661 nomine
706 1610 924 1676 publica
988 1615 1206 1674 lavacra
1265 1619 1746 1697 Constantinopoli
1806 1629 2008 1686 Valens

418 1705 750 1758 construxit.
809 1705 970 1777 119
1020 1709 1152 1780 Ejus
1207 1715 1303 1768 viri
1351 1719 1526 1787 gratia
1571 1719 2003 1778 Novatianorum

2114 515 2486 587 ὑποδημάτων
2516 518 2638 588 δίχα
2656 517 2836 572 διόλου
2863 514 3130 580 ἐϐάδιζεν.
3165 515 3240 568 Οὐ
3267 511 3450 580 πολλῷ
3469 511 3526 563 δὲ
3549 508 3700 563 bore-

2119 627 2210 680 ρον
2248 611 2642 681 μετακληθεὶς,
2663 612 2762 673 τὶς
2789 609 2880 664 ὑπ’
2912 611 3075 663 αὐτὸν
3113 607 3418 678 ἐκκλησίας
3439 604 3697 672 κατέσχε,

2117 706 2209 756 καὶ
2263 704 2436 768 ἀδεῶς
2471 705 2828 774 ὲκκλησίαζε.
2872 704 3142 774 Πρόξενος
3186 700 3242 754 ὁὶ
3293 698 3503 752 τούτων
3547 692 3699 763 αὑτῷ

2113 797 2435 866 Μαρκιανός
2473 815 2526 849 τι
2563 799 2808 865 ἐγένετο,
2861 798 3004 867 ἀνὴρ
3045 795 3144 865 βίῳ
3172 795 3269 847 καὶ
3309 790 3457 860 λόγῳ
3484 789 3700 856 Θαυμα-

2114 888 2243 951 σίωὲ
2268 890 2451 952 συζῶν
2474 909 2487 921 ⁸
2527 892 2585 952 ὃς
2616 892 2784 945 πάλαι
2810 891 2910 959 μὲν
2953 891 3011 942 ἐν
3039 891 3151 950 τοῖς
3178 886 3505 954 ἁνακτὸροις
3531 899 3697 950 στρα-

2109 981 2263 1045 τείας
2295 983 2598 1051 ιπείληπτο
2621 1002 2634 1014 ο
2670 986 2791 1037 τότε
2842 984 2888 1036 δ’
2921 984 3172 1054 ἱερᾶσθαι
3207 980 3390 1050 λαχὼν
3417 977 3694 1031 Ναυατιαο
3741 995 3748 1000 ·

2110 1075 2242 1138 νοῖς,
2307 1075 2408 1136 τὰς
2470 1074 2739 1142 βασιλέως
2795 1073 3132 1143 θυγατέρας,
3178 1069 3546 1125 Ἀναστασίαν
3597 1069 3695 1120 καὶ

2110 1165 2408 1237 Καρῶσαν,
2446 1167 2637 1236 λόγους
2701 1166 3129 1237 γραμματικοὺς
3183 1163 3571 1230 ἐξεπαίδευενο
3615 1154 3692 1214 ὧν

2112 1257 2206 1311 καὶ
2269 1259 2338 1311 τὰ
2394 1259 2633 1330 δημόσια
2685 1263 2889 1330 λου-ττιὰ
2940 1263 3004 1329 τῇ
3066 1257 3481 1313 Κωνσταντίνου
3527 1271 3694 1307 κατα-

2114 1352 2486 1406 σκευασθέντα
2548 1354 2766 1423 Οὺάλης
2818 1354 3017 1409 ἐποίει.
3075 1353 3224 1406 Αἰδοῖ
3257 1351 3438 1404 τοίνυν
3470 1348 3693 1418 τάνδρὸς

2116 1447 2253 1515 πρὸς
2289 1447 2471 1515 ὀλίγον
2507 1448 2718 1522 αίητῶν
2777 1446 3140 1502 Ναυατιανῶν
3197 1445 3493 1516 ἐκκλησίαι
3541 1443 3691 1497 κλει-

2114 1542 2329 1595 σθεῖσαι
2385 1539 2543 1605 αὖθις
2609 1545 2895 1613 ὴνοίγοντο
2921 1557 2936 1575 ⁸
2974 1541 3035 1596 οὐ
3075 1542 3259 1611 μέντοι
3307 1540 3400 1593 καὶ
3429 1537 3574 1592 οὕτω
3598 1541 3698 1604 τῆς

2113 1637 2177 1687 ὲκ
2205 1637 2315 1688 τῶν
2348 1638 2654 1708 Ἀρειανῶν
2685 1637 2935 1711 ταραχῆς
2968 1635 3318 1690 παντάπασιν
3361 1628 3503 1706 ἦσαν
3547 1630 3700 1684 ἐλεύ-

2119 1725 2275 1796 θεροι
2301 1743 2313 1757 ⁸
2359 1729 2446 1781 διὰ
2481 1729 2670 1798 μίσους
2702 1731 2811 1800 γὰρ
2841 1725 2984 1800 ἦσαν
3018 1728 3224 1793 αὐτοῖς,
3257 1727 3453 1797 ὅτιπερ
3475 1724 3603 1786 τοὺς
3635 1725 3699 1774 τὸ

417 1792 687 1862 ecclesiae,
742 1798 810 1851 ad
865 1801 1036 1856 breve
1089 1812 1307 1875 tempus
1355 1809 1576 1876 clausae,
1614 1829 1831 1869 rursum
1880 1825 2003 1871 sunt

2113 1792 2291 1892 δϐτμι
2323 1821 2419 1884 τῆς
2447 1792 2507 1875 ἐν
2541 1792 2746 1896 Νικαία
2777 1792 3019 1887 πίστεως
3050 1792 3539 1893 ὑπερασπίζοντας
3560 1818 3699 1886 ἠγάο

419 1897 645 1955 αρθτιω.
683 1890 790 1944 Sed
823 1906 892 1946 ne
921 1910 989 1949 eo
1025 1896 1248 1966 quidem
1286 1913 1447 1971 pacto
1480 1921 1710 1975 prorsus
1743 1909 1811 1962 ab
1847 1910 2006 1963 Aria-

416 1992 618 2033 norum
673 1985 852 2040 Lurbis
909 1988 1065 2044 fuere
1123 1991 1396 2052 immunes
1451 2014 1464 2052 :
1510 1999 1604 2068 qui
1661 2000 1742 2054 eis
1800 2001 2003 2058 infensi

2117 1933 2234 1967 πων
2267 1916 2477 1987 σφόδρα
2500 1921 2596 1972 καὶ
2628 1918 2747 1970 ἐστε
2760 1935 2913 1990 ργον,
2942 1916 3145 1988 καίπερ
3174 1914 3295 1970 κατ’
3341 1911 3510 1984 ἄλλην
3537 1910 3702 1977 δόξαν

2116 2009 2359 2091 πλεῖστα.
2375 2011 2532 2079 διαφε
2545 2011 2786 2083 ρόμενοι.

416 2085 711 2152 prdpterca
741 2093 920 2146 erant,
993 2087 1141 2154 quod
1189 2089 1426 2148 Niczente
1473 2094 1596 2148 fidei
1637 2093 1910 2165 dogmatis
1981 2099 2300 2161 defensores
2350 2085 2509 2160 valde
2594 2121 2850 2164 amarent
2880 2117 2937 2164 et
2975 2106 3507 2180 compleCterentur,
3573 2099 3705 2158 aliis

418 2178 776 2249 Opinionibus
810 2181 1110 2250 plurimum
1139 2183 1210 2238 ab
1237 2185 1346 2241 illis
1375 2186 1732 2245 dissidentes.

1029 2306 1254 2367 CAPUT
1304 2311 1392 2367 Vl.

416 2395 962 2474 De‘Afaredonimzis,
1009 2411 1058 2456 et
1103 2403 1207 2458 τοῦ
1249 2407 1601 2474 ὁμοουσίου,
1655 2411 2006 2466 consubstanv

489 2469 658 2552 (iulis,
713 2472 1026 2539 cultoribus,
1065 2486 1112 2528 et
1153 2477 1215 2530 de
1253 2469 1518 2548 legatione
1547 2469 1756 2549 piorum
1781 2481 2000 2538 Romam

489 2557 675 2595 missu.

488 2635 740 2690 Eudoxio
783 2646 838 2691 et
886 2638 1253 2708 popularibus
1292 2642 1414 2713 ejus
1446 2644 1716 2701 adversus
1751 2661 1849 2702 eos
1902 2647 1996 2718 qui

417 2729 635 2784 sincere
687 2729 964 2787 Nicenam
1008 2733 1264 2791 colebant
1325 2736 1488 2792 Iidem
1546 2751 1780 2797 conatus
1829 2747 2003 2812 probe

416 2823 720 2880 succedere
755 2826 855 2884 visi
900 2837 1051 2883 sunt.
1098 2828 1232 2886 Nam
1276 2831 1334 2887 in
1366 2833 1601 2886 maxima
1639 2834 1872 2892 ditionis
1901 2837 2005 2893 V'a-

414 2918 584 2974 lentis
613 2929 788 2989 parte.
821 2931 878 2975 et
917 2924 1268 2992 potissimum
1309 2926 1365 2980 in
1399 2925 1786 2997 Hellesponto,
1829 2929 2005 2985 Thra-

417 3012 539 3071 cia.
585 3010 839 3084 Bithynia
877 3022 1045 3085 atque
1100 3017 1224 3073 aliis
1279 3018 1335 3073 in
1393 3021 1635 3077 circuitu
1692 3023 1892 3080 vicinis
1947 3036 2005 3081 et

2713 2319 2967 2375 ΚΕΦΑΛ.
3024 2315 3117 2386 ς’.

2110 2416 2250 2485 Περί
2277 2415 2396 2470 τῶν
2418 2409 2884 2485 Μακεδονιανῶν
2904 2411 3013 2485 καί
3041 2408 3177 2485 τῶν.
3204 2401 3696 2485 φρονούντων-τὸ

2180 2477 2508 2555 δμοούσιον
2529 2504 2543 2518 ·
2571 2486 2668 2540 καί.
2703 2480 2969 2552 περὶτῆς
2995 2485 3083 2549 εις
3116 2477 3352 2550 Ῥώμην
3371 2477 3698 2548 πρεσϐείας

2179 2558 2298 2613 τῶν
2325 2555 2615 2612 εὐσεϐῶν.

2176 2654 2286 2706 Καὶ
2312 2651 2450 2719 πρὸς
2482 2651 2582 2722 μὲν
2617 2650 2747 2712 τοὺς
2780 2648 3104 2719 ἀκραιφνῶς
3137 2648 3238 2714 τὴν
3267 2647 3327 2700 ὲν
3359 2645 3573 2715 Νικαίᾳ
3607 2642 3704 2696 σέ-

2110 2749 2306 2810 ϐοντας
2327 2747 2512 2799 πίστιν
2538 2746 2691 2817 παρὰ
2714 2747 2827 2808 τοῖς
2861 2746 2988 2814 περὶ
3009 2742 3260 2809 Εὐδόξιον
3287 2737 3696 2810 κατορθοῦσθαι

2112 2842 2289 2896 ἐδόκει
2342 2843 2404 2893 τὸ
2460 2837 2938 2907 σπουδαζόμενον·
2975 2837 3054 2907 τῷ
3085 2839 3194 2908 γὰρ
3244 2836 3488 2905 πλείστῳ
3527 2834 3692 2904 μέρει

2109 2939 2209 3007 τῆς
2239 2935 2602 3006 ἐπικρατείας
2625 2931 2950 2997 Οὐάλεντος,
2982 2933 3076 2988 καὶ
3119 2931 3353 3003 μάλιστα
3385 2929 3492 2984 ἀνά
3513 2945 3570 2981 τε
3597 2925 3694 2980 τὸν

2123 3031 2524 3101 Ἑλλήσποντον
2554 3031 2650 3085 καὶ
2682 3025 2909 3101 Θρᾴκην
2939 3027 3033 3080 καὶ
3069 3024 3350 3090 Βιθυνίαν,
3379 3023 3474 3078 καὶ
3501 3023 3585 3075 ἔτι
3623 3021 3694 3074 τὰ

419 3104 777 3160 ulterioribus
820 3107 986 3161 etiam
1031 3110 1216 3172 terris,
1246 3125 1427 3180 neque
1471 3112 1730 3179 ecclesiis
1769 3116 1880 3185 jam
1924 3115 2003 3171 illi

2113 3121 2300 3192 κύκλῳ
2334 3118 2542 3174 τούτων
2580 3118 2676 3173 καὶ
2700 3120 3060 3189 προσωτέρω.
3087 3116 3211 3171 οὔτε
3242 3114 3556 3187 ἐκκλησιῶν
3590 3109 3691 3185 ἦρι·

417 3199 718 3266 praefuere,
753 3216 933 3271 neque
963 3203 1258 3271 episcopos
1288 3217 1421 3258 suos
1454 3204 1718 3262 habuere.
1754 3209 2003 3264 Macedo-

417 3295 598 3346 niauis
641 3306 848 3358 autem,
882 3298 975 3366 qui
1027 3299 1284 3366 permulti
1337 3300 1391 3353 in
1431 3301 1659 3370 regione
1689 3317 1751 3357 ea
1789 3313 2000 3358 rectam

411 3388 526 3457 jam
575 3398 964 3445 consectantes
1023 3395 1358 3446 sententiam
1409 3404 1601 3457 erant,
1657 3412 1768 3449 non
1824 3398 2004 3451 minus

417 3480 630 3546 infesti,
668 3481 1047 3538 inhumaniter
1072 3493 1130 3537 et
1154 3484 1305 3554 ipsos
1335 3494 1465 3541 sunt
1491 3489 1793 3555 persecuti.
1824 3488 2003 3557 Atque

418 3575 508 3628 isti
541 3585 768 3644 propter
809 3578 1156 3632 imminentia
1201 3578 1341 3633 mala
1382 3581 1589 3649 oppido
1621 3580 1672 3633 in
1703 3593 1998 3650 angustum

420 3668 654 3734 redacti,
687 3670 777 3724 alii
821 3672 887 3725 ad
924 3673 1066 3728 alios
1093 3690 1193 3744 per
1228 3674 1393 3729 urbes
1434 3675 1638 3745 legatos
1669 3676 1873 3729 misere
1902 3692 1916 3728 :
1947 3684 2004 3729 et

420 3763 639 3818 tandem
693 3766 756 3819 ad
806 3764 1029 3820 fratrem
1070 3766 1313 3822 Valentis
1362 3769 1589 3822 Romam
1642 3768 1744 3823 sibi
1799 3769 1997 3840 confit.-

417 3857 704 3927 giendum,
736 3869 788 3912 et
844 3876 968 3913 cum
1017 3860 1243 3915 Liberio
1281 3861 1485 3930 potius,
1519 3863 1676 3930 cujus
1714 3862 1836 3916 fidei
1873 3877 2001 3931 pro-

419 3950 716 4005 fessionem
782 3954 1281 4022 amplectebantur,
1340 3970 1503 4025 quam
1560 3971 1686 4011 cum
1749 3956 2000 4012 Eudoxio

418 4047 942 4104 communicandum
972 4063 1095 4104 esse
1126 4061 1390 4104 statuere.
1429 4051 1614 4120 Itaque
1649 4050 1998 4106 Eus1athium

2111 3231 2207 3284 χον
2230 3229 2246 3245 ·
2286 3211 2637 3285 ἀφῃρημένοι
2668 3209 2727 3264 δδ
2756 3212 2852 3265 καὶ
2889 3210 2998 3263 τῶν
3033 3211 3288 3279 ἱερᾶσθαι
3346 3205 3562 3268 τούτοις
3597 3206 3691 3258 λα·

2111 3305 2318 3377 χόντων
2351 3299 2515 3375 ἦσαν.
2540 3301 2682 3373 Πρὸς
2714 3301 2776 3355 δὲ
2802 3301 2933 3363 τοὺς
2957 3300 3024 3354 τὰ
3060 3298 3400 3355 Μακεδονίου
3428 3294 3693 3368 φρονοῦν-

2109 3416 2236 3464 τας,
2301 3396 2697 3452 πολλαπλάσιοι
2747 3394 2856 3465 γὰρ
2888 3389 3030 3463 ἦσαν
3082 3390 3188 3446 ἀνὰ
3239 3389 3361 3445 τόδε
3396 3390 3458 3443 το
3520 3389 3693 3458 κλίμα

2107 3488 2262 3547 οὗτοι
2306 3491 2414 3544 τῶν
2447 3487 2586 3560 ὀρθὰ
2641 3490 2861 3557 φρονεῖν
2895 3484 3220 3559 ᾑρημένων,
3267 3483 3692 3554 χαλεπαίνοντες

2112 3585 2324 3645 τούτοις
2351 3581 2586 3653 σφόδρα.
2627 3577 3022 3651 ἀπανθρώπως
3070 3576 3319 3631 ἐδίωκον.
3379 3576 3443 3628 Oi
3481 3573 3539 3626 δὲ
3584 3573 3693 3627 τῶν

2110 3676 2480 3748 ἐπικειμένων
2515 3675 2709 3728 κακῶν
2747 3669 2826 3744 τῷ
2853 3672 2966 3726 δέει
2995 3668 3523 3741 στενοχωρούμενοι,
3557 3664 3696 3736 πρὸς

2109 3769 2376 3841 ἀλλήλους
2412 3769 2554 3822 κατὰ
2580 3768 2765 3829 πόλεις
2787 3762 3346 3835 διαπρεσϐευόμενοι,
3379 3759 3490 3815 δεῖν
3517 3756 3690 3813 ἐδοκί-

2115 3865 2291 3934 μαζον
2313 3861 2405 3914 ὲπί
2430 3878 2487 3913 τε
2511 3861 2603 3913 τὸν
2631 3860 2864 3928 ἀδελφὸν
2895 3857 3203 3918 Οὐάλεντος
3239 3852 3611 3924 καταφεύγειν
3636 3853 3696 3914 ἐς

2126 3955 2369 4025 Ῥώμην,
2401 3951 2644 4025 Λιϐερίῳ
2674 3969 2734 4006 τε
2768 3952 3075 4018 κοινωνεῖν,
3122 3949 3156 4022 ἢ
3189 3949 3302 4014 τοῖς
3350 3949 3482 4020 περὶ
3526 3944 3696 4002 E566-

2111 4051 2223 4116 ξιον
2253 4051 2354 4122 (α)-

419 4143 708 4210 Sebastize,
744 4149 832 4200 cui
885 4147 1183 4218 aliquoties
1227 4151 1483 4220 adempta
1535 4149 1718 4205 fuerat
1759 4150 2026 4220 dignitas,
2065 4161 2122 4205 et
2166 4150 2464 4221 Sylvanum
2501 4149 2658 4205 Tarsi
2699 4146 2929 4216 Ciliciae,
2991 4157 3156 4218 atque
3196 4145 3566 4217 Theophilum
3595 4143 3697 4200 Cao

417 4241 756 4298 stabalorum
793 4244 867 4315 (vl)
899 4246 1189 4315 episconos
1233 4246 1459 4300 Romam
1499 4248 1772 4319 legarunt,
1806 4249 1998 4318 eisque
2041 4249 2373 4303 mandarunt
2416 4257 2476 4302 ut
2517 4264 2585 4304 ne
2631 4263 2757 4304 cum
2797 4247 3021 4302 Liberio
3063 4247 3132 4302 de
3212 4245 3320 4301 [Ide
3397 4243 3698 4302 contende-

418 4353 578 4406 rent,
634 4343 727 4397 sed
786 4343 973 4412 potius
1032 4359 1157 4400 cum
1217 4345 1464 4400 Romana
1523 4349 2002 4402 communicarent
2077 4347 2363 4414 Ecclesia,
2438 4363 2502 4404 ac
2553 4345 3043 4403 consubstantialis
3093 4343 3494 4416 professionem
3545 4357 3698 4398 com-

417 4439 744 4509 probarent.
787 4441 867 4494 Illi
919 4458 1042 4496 cum
1103 4443 1305 4498 litteris
1355 4459 1568 4507 eorum,
1605 4446 1700 4515 qui
1759 4445 1830 4499 ab
1874 4446 2000 4499 aliis
2041 4445 2310 4502 Seleucia:
2358 4446 2628 4517 segregati
2709 4444 2956 4508 fuerant,
2996 4443 3051 4497 in
3121 4441 3332 4498 Italiam
3368 4456 3690 4512 pervenere,

418 4543 584 4603 atque
636 4534 713 4589 ibi
765 4539 1151 4604 imperatorem
1204 4536 1674 4605 Valentinianum,
1745 4552 2035 4610 propterea
2081 4543 2225 4610 quod
2294 4541 2350 4595 in
2379 4539 2554 4596 Gallia
2583 4538 2660 4610 (Ξ)
2689 4548 2882 4596 contra
2921 4537 3276 4593 Sauromatas
3304 4535 3508 4598 bellum
3540 4547 3694 4604 gere-

420 4641 526 4696 ret,
560 4647 671 4688 non
716 4634 992 4690 viderunt.
1043 4634 1180 4691 Cum
1233 4647 1418 4690 autem
1469 4638 1694 4693 Liberio
1775 4639 2043 4708 epistolas
2100 4655 2238 4710 quas
2289 4653 2479 4694 secum
2535 4638 2834 4694 attulerant
2905 4634 3191 4698 oIfei-rent.
3227 4635 3473 4704 recipere
3516 4631 3563 4686 is
3600 4645 3694 4685 eas

419 4728 656 4797 renuit,
705 4730 940 4786 Arianos
990 4746 1089 4785 eos
1132 4747 1287 4794 esse,
1339 4747 1443 4788 nec
1524 4733 1594 4787 ab
1645 4733 1885 4789 Ecclesia
1968 4750 2066 4788 sua
2107 4736 2329 4805 agnosci
2384 4749 2565 4804 posse,
2614 4733 2706 4803 qui
2758 4731 3033 4788 Nicaenam
3081 4728 3456 4785 abolevissent
3507 4726 3691 4790 fidem,

417 4825 630 4882 dicens.
680 4828 780 4884 Cui
835 4829 913 4884 illi
957 4830 1387 4900 responderunt,
1463 4847 1522 4885 se
1576 4847 1675 4900 per
1729 4832 2027 4903 legitimam
2086 4834 2471 4903 pmnitenliam
2539 4832 2604 4884 ad
2671 4830 2926 4884 veritatis
2997 4827 3373 4900 cognitionem
3427 4823 3690 4887 rediisse,

418 4926 752 4979 sententiam
800 4927 894 4979 τοῦ
944 4929 1199 4996 ἀνομοίου
1236 4929 1528 4998 ahjecisse,
1570 4939 1623 4984 et
1667 4930 1863 4984 Filium
1935 4946 2032 4999 per
2073 4931 2257 4985 omnia
2310 4929 2452 4982 Patri
2502 4930 2741 4984 similem
2811 4927 3092 4997 professos
3121 4940 3286 4980 esse:
3324 4923 3486 4992 120
3524 4921 3692 4975 nillil-

417 5035 526 5088 que
587 5021 655 5076 ab
707 5021 1019 5088 ὁμοουσίου,
1061 5023 1558 5088 consubstantiali,
1612 5025 1757 5078 κατὰ
1814 5027 1991 5079 πάντα

2113 5043 2248 5086 οιον,
2273 5025 2379 5078 hoc
2419 5037 2523 5088 est,
2570 5042 2664 5096 per
2697 5025 2878 5078 omnia
2911 5023 3171 5085 similem,
3199 5019 3426 5074 differre
3477 5016 3694 5084 Quibus

419 5115 606 5170 verbis
662 5113 886 5180 auditis,
929 5113 1184 5169 Liberius
1236 5117 1634 5184 professionem
1691 5133 1885 5170 eorum
1939 5117 1992 5170 iu
2037 5118 2306 5187 scriptum
2378 5118 2604 5171 relatam
2648 5116 2716 5168 ab
2761 5116 2843 5168 eis
2887 5114 3090 5184 exegit.
3120 5113 3298 5181 Atque
3330 5109 3408 5164 illi
3441 5109 3690 5164 libellum

416 5215 491 5276 ei,
533 5214 585 5265 in
619 5227 731 5282 quo
765 5213 930 5267 etiam
965 5213 1240 5268 Nicaeuam
1313 5214 1474 5272 tidem
1549 5215 1924 5276 inseruerunt,
1969 5217 2319 5272 obtulerunt.
2395 5216 2665 5287 Epistolas
2718 5215 2962 5284 quidem,
3007 5226 3146 5281 quas
3213 5225 3404 5265 secum
3453 5207 3692 5278 Smyrna

416 5323 484 5363 ex
519 5307 642 5362 Asia
674 5315 730 5360 et
783 5320 849 5362 ex
902 5305 1130 5371 Pisidia,
1170 5308 1398 5368 Isauria.
1451 5309 1777 5379 Pamphylia
1831 5319 1888 5364 et
1946 5309 2134 5380 Lycia,
2196 5312 2286 5365 ubi
2336 5320 2645 5364 conventus
2691 5315 2947 5376 egerant,
2982 5307 3243 5368 attulere,
3277 5310 3502 5372 propter
3563 5315 3694 5370 pro-

416 5405 686 5460 lixi'atem
730 5407 820 5463 hic
857 5424 964 5464 non
1011 5412 1265 5481 apposui.
1309 5410 1558 5465 Libellus
1624 5422 1831 5471 autem,
1905 5426 2068 5480 quem
2112 5409 2437 5465 Eustathius
2489 5424 2614 5463 cum
2670 5407 2896 5475 collegis
2951 5404 3068 5459 suis
3118 5401 3343 5457 Liberio
3392 5397 3567 5464 dedit,
3610 5397 3693 5453 sic

417 5501 584 5557 habet
612 5521 623 5556 :

2105 5621 2349 5679 Gratiani
2389 5620 2555 5674 rebus
2596 5617 2736 5672 infra
2766 5607 3123 5668 Almanoru’m
3159 5625 3362 5665 nomen
3393 5605 3686 5678 reperitur,

489 5626 564 5682 (ll
587 5625 791 5678 Cilicize
819 5626 930 5679 lucc
963 5629 1153 5682 civitas
1181 5638 1282 5682 est.
1320 5627 1527 5696 (ὅθεν.)
2105 5625 2349 5679 Gratiani
2389 5625 2555 5701 rebus
2596 5625 2736 5672 infra
2766 5625 3123 5692 Almanorum
3159 5626 3219 5664 nc

491 5698 566 5760 (:2)
612 5697 1008 5753 Et-t-lesiasticze
1071 5701 1315 5754 historia:
1376 5700 1678 5760 scriptores
1743 5701 1998 5756 videntur
2109 5707 2163 5749 ct
2193 5695 2499 5748 Gertnanne
2532 5707 2643 5745 uno
2673 5700 2840 5760 atque
2874 5696 3046 5741 allcro
3075 5689 3219 5738 1000-

491 5698 566 5763 (2)
612 5697 1008 5753 Et-t-lesiasticze
1071 5701 1315 5754 historia:
1376 5700 1678 5768 scriptores
1743 5701 1998 5756 videntur

417 5768 598 5824 Gallos
636 5779 689 5820 et
715 5770 1014 5824 Germanos
1051 5788 1149 5842 pro
1185 5772 1376 5824 eadem
1411 5782 1571 5841 gente
1618 5772 1896 5827 habuisse.
1943 5770 1999 5823 lu

486 5884 557 5945 la)
592 5883 687 5935 Hic
721 5881 882 5948 defuit
905 5889 1065 5937 terius
1089 5889 1285 5938 Gratus
1311 5887 1456 5951 hujus
1491 5887 1664 5952 capitis
1685 5894 1731 5943 et
1761 5887 2017 5939 duodecim
2040 5879 2358 5950 sequentium.
