4112 6224
387 364 490 430 601

1349 373 1957 437 ΕΕΟΙΕΞΙΑΞΤΙΟᾸΞ
1999 377 2390 440 ΙῙΙΞΤΗΞΗΕ
2434 380 2577 441 Llll.
2628 383 2733 442 Kl.

3563 384 3666 448 602

1839 515 2067 573 CAPUT
2111 518 2219 575 VII.

957 627 1268 699 Ὁμολογιά
1297 629 1417 685 τῶν
1445 632 1772 701 πρέσϐειον,
1812 635 2059 700 Λιϐερίφ
2091 637 2169 701 τῷ
2211 641 2526 701 timo-mimo
2578 638 2807 708 Ῥώμης
2836 638 3103 693 δοθεῖσα.

1200 754 1468 827 Confessio
1510 753 1802 826 legatorum
1852 754 2060 810 Liberio
2105 758 2351 827 episcapo
2400 758 2636 812 Ronmno
2677 760 2931 812 exhibita.

467 886 484 919 ι
524 864 757 922 Domino
792 864 952 921 fratri
986 874 1043 921 et
1074 868 1301 939 collegae
1336 868 1583 932 Liberio,
1618 869 1969 937 Eustathius,
2010 880 2052 934 Α
2082 870 2566 943 Constantinopoli
2614 889 2716 942 per
2755 888 3002 929 errorem
3049 874 3526 945 subscripserunt.
3574 878 3668 932 Est

387 973 449 1018 et
494 962 791 1034 Sylranus,
822 960 1165 1033 The0philus
1209 963 1446 1018 salutem
1495 964 1551 1021 iu
1592 964 1849 1020 Domino.
1891 964 1972 1018 Ad

389 1056 676 1112 evitandas
712 1054 936 1111 insanas
979 1054 1389 1119 haereticorum,
1421 1056 1515 1127 qui
1562 1073 1668 1111 non
1712 1056 1976 1113 desinunt

392 1149 655 1207 Ecclesia:
685 1148 972 1205 catholicas
1001 1148 1337 1205 oﬁ‘endicula
1366 1165 1575 1216 creare,
1605 1150 1972 1221 suspiciones,

389 1252 447 1298 et
488 1243 556 1300 ad
592 1259 783 1299 carum
820 1259 1043 1299 causam
1083 1255 1141 1299 et
1177 1245 1529 1300 occasionem
1575 1258 1796 1301 omnem
1834 1261 1974 1317 prte-

390 1338 683 1394 cidendam
708 1378 723 1401 .
775 1337 970 1410 synodi
1012 1337 1300 1408 Lampsaci
1350 1346 1407 1392 et
1450 1336 1714 1409 Smyrna.
1753 1349 1809 1396 et
1851 1338 1973 1394 aliis

395 1431 563 1486 variis
598 1431 653 1485 in
686 1430 826 1486 locis
852 1431 924 1485 ah
956 1431 1278 1486 orthodoxis
1315 1442 1372 1486 et
1411 1444 1561 1486 recte
1605 1432 1973 1488 sentientibus

389 1525 669 1596 episcopis
695 1524 989 1582 celebratae
1021 1524 1243 1581 decreta
1273 1525 1615 1595 proﬁtentes,
1643 1525 1785 1595 apud
1813 1525 1975 1582 boni-

393 1628 563 1675 tatem
609 1629 783 1684 tuam,
839 1627 895 1673 et
936 1617 1230 1674 universos
1279 1617 1450 1673 Italia:
1489 1619 1768 1688 tctiusque
1812 1616 1967 1674 Occi-

391 1714 576 1769 dentis
628 1712 918 1784 episcopos
973 1711 1251 1782 legatione
1305 1712 1607 1783 i'ungimur,
1656 1721 1712 1767 et
1758 1710 1973 1767 litteras

392 1807 677 1862 ail'erimus
724 1805 1051 1862 catholicam
1099 1820 1198 1861 nos
1246 1805 1410 1861 ﬁdem
1459 1819 1700 1871 servare,
1744 1819 1868 1876 quae
1915 1806 1970 1860 in

391 1911 582 1958 sancta
616 1899 837 1957 Nicmna
870 1901 1109 1971 synodo,
1140 1899 1244 1956 sub
1275 1899 1437 1955 beato
1470 1898 1835 1954 Constantino
1866 1897 1969 1953 im-

393 2003 670 2065 peratore.
702 2011 733 2050 a
766 1996 1030 2050 trecentis
1062 1994 1255 2050 decem
1299 2002 1357 2049 et
1397 2002 1525 2048 octo
1556 1991 1815 2049 Patribus
1846 2006 1975 2061 pro-

392 2090 633 2160 mulgata
680 2099 848 2169 atque
893 2089 1243 2149 conﬁrmata.
1281 2088 1551 2143 hactenus
1588 2088 1643 2142 in
1682 2096 1828 2143 statu
1868 2101 1971 2143 suo

394 2184 655 2238 inviolata
697 2192 864 2254 atque
916 2183 1143 2239 immota
1192 2182 1436 2247 duravit,
1471 2193 1634 2250 atque
1676 2182 1731 2238 in
1770 2196 1968 2254 perpe—

395 2287 544 2333 tuam
579 2276 846 2333 duratura
888 2286 975 2333 est
1011 2293 1025 2330 :
1062 2275 1115 2330 in
1156 2291 1264 2345 qua
1290 2276 1353 2328 τὸ
1389 2275 1702 2346 ὁμοούσιον,
1724 2262 1976 2331 consub-

392 2371 672 2437 stantiale,
700 2373 804 2428 rite
846 2371 1047 2442 pieque
1079 2381 1270 2426 contra
1298 2370 1414 2431 Arii
1449 2370 1859 2441 improbitatem
1892 2382 1977 2426 est

393 2467 782 2522 constitutum.
821 2465 1121 2537 Fidemque
1153 2481 1274 2523 eam
1306 2481 1406 2521 nos
1436 2482 1545 2521 una
1573 2480 1699 2521 cum
1729 2466 1809 2521 eis
1840 2480 1977 2536 quos
2019 2527 2022 2533 ,

395 2559 638 2615 diximus
674 2558 956 2631 episcopis
996 2572 1054 2616 et
1089 2574 1365 2621 servasse,
1399 2571 1456 2613 et
1484 2547 1660 2629 usque
1702 2559 1768 2613 ad
1813 2560 1977 2613 ﬁnem

395 2664 717 2711 servaturos
759 2668 905 2722 esse,
933 2653 1191 2709 manibus
1233 2652 1334 2723 ipsi
1374 2652 1578 2708 nostris
1616 2651 1974 2722 proﬁtentur;

396 2748 837 2807 condemnantes
885 2748 1104 2813 Arium,
1140 2746 1482 2817 impiamque
1525 2746 1839 2801 doctrinam
1891 2759 1979 2798 se-

397 2856 753 2916 ctatoresque
805 2844 1098 2916 ejusdem,
1158 2858 1376 2898 necnon
1438 2855 1659 2895 omnem
1717 2837 1980 2904 Sahellii,

398 2938 969 3009 Patripassianorum,
1017 2934 1351 2998 Marcionis,
1399 2931 1654 2996 Photini,
1705 2929 1979 2996 Marcelli,

398 3032 688 3103 ipsiusque
732 3030 884 3085 Pauli
932 3026 1282 3085 Samosateni
1333 3026 1609 3091 haeresim,
1648 3022 1984 3079 doctrinam-

396 3144 508 3199 que
541 3143 757 3192 eorum,
801 3141 1023 3182 necnon
1065 3141 1260 3181 omnes
1292 3114 1376 3180 eis
1409 3124 1811 3191 assentientes;
1850 3130 1905 3177 et
1939 3123 1982 3178 si

398 3236 522 3293 quae
562 3228 829 3293 praeterea
872 3227 1002 3276 sunt
1046 3219 1167 3274 alia:
1212 3228 1375 3273 sectae
1422 3226 1626 3272 sanctae
1674 3215 1825 3274 ﬁdei.
1863 3230 1985 3286 qua:

399 3316 488 3387 pie
518 3324 685 3385 atque
708 3312 981 3369 catholico
1016 3312 1214 3368 Nicaea:
1251 3326 1280 3365 a
1311 3311 1518 3365 sanctis
1548 3309 1808 3364 Patribus
1839 3324 1988 3364 com-

400 3412 579 3481 posita
614 3418 782 3480 atque
815 3407 1164 3478 promulgata
1181 3416 1284 3472 est,
1313 3409 1559 3461 adversae
1590 3414 1649 3459 et
1673 3403 1984 3468 contrariae,

398 3502 751 3558 anathemate
803 3515 1027 3571 quoque
1062 3500 1117 3555 in
1154 3497 1349 3570 primis
1388 3497 1661 3554 ferientes-
1690 3496 1986 3551 formulam

2077 978 2261 1019 autent
2297 966 2431 1019 ﬁdes
2462 976 2673 1032 nostra,
2710 979 2875 1039 atque
2915 985 3111 1024 eorum
3156 985 3394 1040 quorum
3439 973 3666 1026 nomine

2077 1058 2351 1130 legatione
2375 1059 2681 1132 fungimur,
2713 1063 2852 1118 ista:
2881 1062 3174 1120 Credimus
3203 1064 3257 1118 itt
3289 1076 3458 1118 unum
3492 1065 3663 1120 Deum

2079 1152 2297 1209 Patrem
2329 1155 2795 1226 omnipotentem,
2823 1158 3129 1212 visibilium
3163 1169 3220 1214 et
3247 1159 3496 1213 omnium
3524 1161 3667 1213 invi—

2074 1246 2320 1302 sibilium
2361 1248 2651 1305 factorem.
2693 1252 2758 1305 Et
2792 1253 2847 1307 in
2880 1267 3053 1306 unum
3077 1252 3422 1322 unigenitum
3468 1253 3662 1318 Deum,

2076 1341 2371 1397 Dominum
2412 1352 2666 1399 nostrum
2718 1344 2912 1401 Jesnm
2944 1343 3253 1410 Christum,
3297 1346 3501 1400 Filium
3547 1346 3668 1409 hri,

2076 1449 2143 1489 ex
2185 1433 2367 1497 Patre,
2410 1436 2517 1491 hoc
2560 1445 2669 1501 est,
2709 1453 2775 1493 ex
2818 1437 3129 1493 substantia
3177 1436 3358 1495 Patris
3396 1439 3667 1509 genitum,

2076 1523 2249 1578 Deum
2293 1527 2361 1581 de
2394 1527 2528 1587 Deo.
2565 1526 2754 1582 lumen
2798 1527 2869 1584 de
2906 1528 3141 1594 lumine,
3176 1529 3346 1583 Deum
3378 1546 3571 1585 verum
3601 1532 3672 1585 de

2078 1617 2191 1673 Deo
2223 1634 2374 1684 vero,
2409 1621 2684 1690 genitum,
2712 1638 2825 1677 non
2870 1621 3102 1687 factum,
3136 1624 3668 1679 consubstantialem

2079 1713 2246 1780 Patri,
2274 1728 2374 1785 per
2403 1730 2568 1785 quem
2600 1716 2784 1771 omnia
2816 1717 2959 1773 faeta
2990 1726 3143 1782 sunt,
3171 1733 3405 1789 quaeque
3436 1718 3489 1773 in
3525 1718 3670 1774 ecelo

2078 1816 2229 1870 sunt.
2277 1822 2512 1877 qua'que
2549 1807 2603 1863 in
2643 1818 2813 1864 terra.
2854 1809 2959 1877 Qui
3007 1821 3235 1881 propter
3270 1826 3371 1865 nos
3406 1811 3664 1867 homines

2075 1910 2133 1957 et
2168 1912 2395 1973 propter
2438 1912 2686 1959 nostram
2735 1904 2973 1961 salutem
3017 1904 3342 1965 descendit.
3388 1912 3445 1959 et
3486 1904 3665 1958 incar-

2078 2005 2260 2059 natus,
2290 2005 2349 2051 et
2378 1996 2542 2053 homo
2573 1996 2771 2065 factus,
2803 2007 2863 2052 et
2890 2014 3083 2063 passus
3110 2006 3214 2053 est.
3249 1997 3315 2052 Et
3355 1998 3667 2052 resurrexit

2080 2091 2243 2147 tertia
2276 2091 2388 2157 die,
2420 2100 2476 2146 et
2508 2090 2762 2148 ascendit
2806 2091 2861 2147 in
2894 2092 3088 2158 caelos,
3118 2102 3392 2146 venturus
3430 2091 3559 2146 inde
3603 2093 3669 2144 ad

2075 2170 2436 2256 iudicandum
2469 2184 2631 2239 vivos
2669 2192 2726 2240 ct
2758 2195 3034 2240 mortuos.
3067 2184 3216 2242 Etim
3243 2184 3514 2254 Spiritum
3548 2202 3675 2241 san-

2082 2287 2254 2334 ctum.
2287 2277 2395 2345 Qui
2428 2288 2613 2334 autem
2648 2279 2866 2341 dicunt.
2896 2280 3068 2334 iuiSsu
3109 2279 3414 2347 aliquando
3455 2295 3675 2349 tempus

2080 2388 2203 2428 cum
2226 2390 2334 2427 non
2353 2372 2540 2433 fuerit,
2560 2372 2818 2442 quodque
2844 2372 3163 2442 priusquam
3187 2372 3411 2444 genitus
3441 2373 3534 2438 sit,
3559 2388 3669 2426 non

2077 2464 2267 2530 fuerit,
2295 2477 2351 2520 et
2378 2466 2526 2535 quod
2555 2482 2621 2519 ex
2652 2482 2761 2519 non
2793 2465 3197 2521 exsistentihus
3228 2464 3410 2522 factus
3449 2465 3545 2527 sit,
3577 2473 3673 2517 aut

2080 2576 2149 2615 ex
2189 2561 2297 2614 alia
2347 2559 2661 2615 substantia
2697 2559 2784 2615 vel
2826 2559 3213 2626 subsistentia,
3244 2558 3329 2615 vel
3380 2557 3675 2614 mutationi

2080 2664 2140 2710 et
2184 2653 2502 2709 alteratioui
2548 2653 2853 2709 obnoxium
2896 2652 3096 2709 Filium
3133 2653 3227 2710 Dei
3270 2666 3412 2715 esse.
3447 2652 3678 2706 anathe-

2085 2760 2229 2802 mate
2268 2749 2485 2821 jugulat
2513 2749 2790 2804 catholica
2816 2757 2876 2803 et
2904 2748 3209 2827 apostolica
3246 2747 3521 2804 Ecclesia.
3564 2745 3676 2816 Ego

2083 2861 2214 2900 vero
2238 2844 2584 2912 Eustathius,
2608 2846 2907 2916 episcopus
2931 2844 3197 2901 Sehastiae
3222 2844 3397 2907 urbis,
3418 2852 3475 2896 et
3498 2842 3679 2897 Theo-

2082 2938 2305 3003 philus,
2358 2948 2415 2993 et
2474 2938 2783 3008 Sylvanus,
2842 2935 3271 3006 Lampsacenus,
3326 2932 3679 3006 Smyrnensis

2086 3033 2430 3100 aliarumque
2480 3029 2817 3101 synodorum
2867 3029 3052 3100 legati,
3093 3028 3238 3083 hanc
3286 3026 3410 3084 ﬁdei
3462 3025 3679 3094 prorss-

2087 3124 2299 3179 sionem
2331 3123 2590 3177 manibus
2620 3124 2828 3178 nostris
2868 3123 3266 3192 voluntateque
3308 3130 3501 3177 nostra
3531 3121 3674 3177 scri-

2086 3217 2322 3288 psimus.
2355 3214 2516 3284 Quod
2560 3215 2609 3271 si
2654 3215 2779 3285 quis
2825 3224 3027 3283 pneter
3070 3220 3216 3272 hanc
3261 3214 3674 3279 ﬁdem,.coutra

2066 3304 2190 3365 nos
2213 3318 2309 3363 aut
2335 3324 2433 3364 eos
2463 3326 2494 3362 a
2521 3308 2726 3379 quibus
2751 3307 2901 3363 missi
2933 3324 3151 3382 sumus,
3180 3308 3390 3379 aliquid
3418 3309 3676 3364 criminis

2088 3403 2380 3461 intendere
2417 3402 2681 3468 voluerit,
2717 3401 2785 3458 ad
2826 3418 3194 3475 quoscunque
3236 3402 3513 3459 sanctitati
3566 3413 3675 3457 tuae

2087 3498 2270 3552 visum
2309 3495 2476 3552 fuerit
2530 3498 2848 3567 episcOpos,
2879 3512 2983 3551 nos
3025 3505 3195 3568 atque
3229 3498 3358 3553 illos
3390 3511 3517 3551 cum
3551 3512 3681 3550 san-

398 3596 636 3652 Arimini
681 3596 905 3660 lectam,
933 3592 1176 3650 Nicena:
1211 3590 1425 3647 scilicet
1468 3590 1593 3646 ﬁdei
1632 3602 1859 3659 prorsus
1895 3603 1984 3643 re-
2011 3606 2055 3666 ρ
2090 3590 2302 3646 ctitatis
2327 3599 2434 3646 tuae
2462 3589 2666 3647 litteris
2697 3589 2919 3645 remitte
2948 3609 2961 3645 :
2995 3597 3056 3647 ut
3081 3605 3210 3647 cum
3233 3589 3377 3662 apud
3401 3605 3497 3644 eos
3526 3589 3681 3659 ipsos

400 3696 764 3761 pugnantem.
815 3686 917 3769 Cui
971 3686 1195 3758 quidem
1246 3684 1498 3741 formulae
1545 3681 1679 3738 Nica
1733 3681 1984 3737 Thracia:

399 3786 599 3850 allatae,
624 3783 876 3838 nonnulli
902 3781 1032 3839 dolo
1054 3781 1199 3837 malo
1224 3788 1282 3836 et
1308 3777 1560 3850 periurio
1585 3775 1981 3840 circumventi,

2088 3682 2307 3755 judices
2353 3695 2518 3737 causa
2568 3680 2808 3750 dicatur,
2848 3692 2961 3738 tum
3016 3683 3070 3738 in
3112 3697 3242 3738 eum
3284 3684 3380 3752 qui
3427 3682 3679 3739 criminis

2094 3774 2385 3830 convictus
2413 3771 2608 3839 fuerit,
2632 3773 2877 3847 legitime
2902 3775 3397 3833 animadvertatur.

1740 3948 1896 4019 121
1936 3945 2165 4005 CAPUT
2214 3945 2350 4001 vut.

1044 4073 1376 4143 Ἐπιστολὴ
1408 4074 1683 4142 Λιϐερίου
1734 4072 1858 4138 τοῖς
1887 4071 1958 4126 ἐν
1988 4070 2061 4140 τῇ
2099 4071 2222 4139 Ἔῳ
2255 4065 3015 4140 ἐπισκόποις-πεμφθεῖσα.

1368 4194 1613 4264 Epistula
1635 4194 1852 4258 Liberii,
1888 4194 2141 4262 episcopis
2176 4191 2525 4245 orientalibus
2557 4190 2744 4243 missa.

480 4330 597 4387 Hoc
652 4327 841 4389 libello
892 4324 1066 4382 veluti
1116 4320 1357 4394 quodam
1410 4320 1639 4390 pignore
1687 4314 1795 4373 sibi
1844 4314 1990 4371 obli-

409 4433 566 4499 gates
634 4419 889 4475 Liberius
945 4420 1013 4473 ad
1070 4411 1522 4472 communionem
1598 4407 1864 4473 admisit,
1921 4422 1988 4464 ac

402 4518 668 4587 deinceps
725 4529 851 4570 cum
913 4509 1233 4584 hujusmodi
1294 4506 1498 4562 litteris
1566 4518 1663 4561 eos
1726 4502 1983 4560 dimisit:

408 4631 428 4664 ι
476 4609 705 4665 Dilectis
750 4606 1020 4661 fratribus
1059 4614 1114 4659 et
1158 4602 1418 4672 collegis.
1466 4598 1706 4672 ilythio,
1752 4596 1986 4669 Cyrillo,

2093 4313 2205 4379 lite,
2236 4324 2291 4371 et
2325 4314 2526 4385 reliqui
2567 4310 2889 4369 Occidentis
2913 4309 3162 4386 episcopi
3203 4309 3438 4366 salutem
3484 4324 3683 4381 perpe-

2096 4418 2246 4464 tuam
2279 4406 2336 4462 in
2368 4405 2626 4462 Domino.
2650 4402 3069 4473 Optatissimum
3098 4400 3266 4458 nobis
3289 4403 3443 4473 pacis
3465 4411 3521 4459 et
3546 4418 3681 4458 con-

2092 4500 2295 4558 cordiae
2330 4499 2594 4572 gaudium
2621 4498 2825 4555 litterte
2858 4509 3078 4566 vestrae,
3110 4496 3239 4553 ﬁdei
3270 4496 3483 4554 lumine
3512 4496 3685 4552 retul-

2090 4606 2322 4668 gentes,
2376 4593 2582 4649 fratres
2636 4591 2857 4658 dilecti,
2918 4590 3270 4655 attulerunt.
3326 4606 3468 4660 quas
3520 4589 3685 4645 nobis

403 4700 774 4776 Hypererhio.
822 4700 1052 4764 ileroui,
1105 4696 1350 4768 Elpidio,
1397 4695 1674 4760 Maximo,
1722 4690 1984 4760 Eusebio,
2024 4729 2066 4785 υ
2096 4686 2554 4745 reverendissimi
2621 4685 2821 4742 fratres
2878 4695 2936 4742 et
2998 4685 3248 4757 episcopi
3326 4683 3680 4747 Eustathius.

403 4797 701 4867 Euearpio.
752 4795 1032 4859 Eortasio,
1070 4782 1281 4858 Nconi,
1332 4789 1653 4850 Eumathio.
1697 4786 1987 4850 Faustino,

402 4892 627 4955 Proeto,
673 4888 981 4951 Passinico,
1028 4889 1319 4952 Arsenieo,
1372 4885 1602 4951 Severo,
1647 4882 1987 4956 Didyntioni,

402 4985 715 5049 Britannia,
736 4983 1039 5047 Callicrati,
1063 4981 1348 5050 Damabio,
1388 4979 1636 5047 Edesio,
1658 4976 1989 5043 Eustochio.

403 5077 721 5144 Ambrosio,
776 5068 1347 5143 Celonio,Pardalio.
1403 5073 1747 5135 Macedonio,
1795 5071 1987 5136 Paulo,

406 5171 689 5236 Marcello,
727 5168 1008 5232 lleraclio,
1046 5169 1389 5231 Alexandro,
1429 5167 1648 5231 Adolio,
1685 5165 1988 5230 Marciano,

405 5265 696 5330 Sthenelo,
721 5263 947 5331 Joanni,
980 5261 1204 5328 Macari,
1229 5260 1507 5324 Charisio,
1545 5258 1806 5331 Sylvauo.
1841 5258 1990 5313 Pho-

407 5358 546 5427 tino,
588 5356 793 5421 Autho,
825 5353 1089 5418 Antonio,
1121 5352 1304 5414 Celso.
1335 5349 1716 5421 Euphranori,
1751 5348 1985 5415 Milesio,

407 5449 683 5515 Patricio,
736 5448 1068 5510 Severiano,
1122 5445 1388 5506 Eusebia,
1447 5443 1765 5515 Eumolpio,
1822 5440 1989 5497 Atha-

407 5546 585 5609 nasio,
622 5544 959 5614 Diophauto,
990 5541 1302 5603 Minodoro,
1339 5536 1532 5603 Diocii,
1566 5535 2004 5608 Chrysampclo,

409 5640 681 5711 Eugenio.
722 5636 1034 5701 Eustathio,
1075 5634 1380 5699 Callicrati,
1422 5634 1682 5697 Arsenio,
1712 5630 1983 5702 Eugenio,

412 5731 693 5804 Martyrio,
743 5731 1010 5791 llieratio.
1062 5729 1316 5793 Leontio,
1367 5726 1670 5795 Philagrio,
1709 5724 1901 5790 Lucio,
1935 5735 1988 5777 et

411 5824 689 5881 universis
740 5823 1019 5894 episcopis
1079 5820 1458 5875 Orientalzhus
1510 5818 1874 5883 orthodoxis,
1934 5828 1989 5872 et

413 5930 616 6002 rcctam
657 5919 818 5975 ﬁdem
855 5917 1230 5977 sectantibus,
1268 5914 1527 5969 Liberius
1557 5914 1851 5989 episcopus
1885 5912 1991 5966 ita-

2098 4782 2371 4855 Sylvanus
2427 4790 2597 4852 atque
2665 4777 3013 4851 Theophilus
3060 4778 3452 4835 reddiderunt.
3503 4781 3682 4847 Atque

2096 4892 2165 4931 eo
2191 4876 2431 4931 maxime
2463 4873 2714 4939 nomine,
2745 4873 2890 4940 quod
2924 4888 3145 4929 sensum
3176 4882 3230 4928 et
3261 4870 3680 4949 persuasionem

2100 4967 2227 5025 ﬁdei
2260 4978 2474 5031 vestrae,
2508 4961 2636 5023 cuin
2668 4967 2965 5024 tenuitatis
2999 4982 3135 5025 mea:
3160 4975 3325 5036 atque
3359 4966 3679 5020 Italicorum

2095 5060 2651 5131 Occidentaliumque
2671 5058 3063 5130 episcoporum
3097 5058 3345 5111 omnium
3378 5056 3678 5121 sententia,

2097 5153 2439 5209 concordare
2487 5153 2887 5209 conﬁrmarunt
2927 5160 2986 5207 et
3032 5160 3446 5206 asscverarunt.
3503 5151 3684 5218 Atque

2094 5265 2215 5306 eam
2277 5250 2449 5318 ipsum
2502 5248 2761 5304 novimus
2818 5248 3152 5303 catholicam
3207 5260 3266 5302 et
3311 5245 3676 5317 apostolicam

2090 5360 2218 5399 esse
2253 5345 2438 5411 ﬁdem,
2473 5359 2597 5412 qua:
2640 5342 2708 5399 ad
2755 5343 3036 5399 Nit-zeuarn
3074 5357 3251 5418 usque
3284 5340 3558 5412 synodum
3600 5341 3684 5394 iu-

2098 5451 2248 5509 tegra
2282 5447 2449 5509 atque
2484 5442 2709 5492 immota
2746 5448 2964 5492 servata
2993 5446 3077 5491 est
3114 5454 3125 5489 :
3162 5451 3326 5507 quam
3368 5435 3537 5491 etiam
3583 5432 3684 5487 Pu-

2095 5542 2206 5588 tres
2252 5531 2446 5587 Nicaea:
2498 5547 2621 5586 cum
2662 5530 2873 5602 ingenti
2919 5529 3148 5589 la'titia.
3186 5542 3293 5581 non
3335 5527 3513 5581 solum
3563 5540 3680 5579 ser-

2094 5642 2279 5691 mone,
2338 5641 2532 5679 verutn
2585 5625 2752 5679 etiam
2810 5623 3092 5691 scriptura
3147 5620 3565 5684 intercedente,
3620 5628 3682 5673 ut

2092 5723 2387 5796 vestigium
2423 5733 2479 5778 et
2508 5720 2812 5780 scintillam
2849 5735 3067 5773 omnem
3107 5719 3359 5774 absurdis
3397 5712 3678 5788 Opinionis

2094 5818 2537 5888 exstinguerent,
2565 5799 2692 5869 sunt
2725 5816 2981 5884 proicssi.
3014 5813 3143 5883 Ejus
3170 5808 3453 5877 c\’cmplar
3484 5820 3651 5863 neces

2093 5914 2242 5968 sario
2276 5913 2426 5975 hisce
2458 5911 2658 5967 litteris
2691 5908 3100 5976 suluicicndutn
3138 5920 3259 5964 esse
3286 5900 3569 5963 duximus,
3602 5910 3672 5951 ne
