4050 6244
439 250 549 316 603

1671 254 2094 315 NlCEi‘HORI
2134 256 2484 317 CALLIDTI

3606 257 3716 325 6M

443 381 630 439 postea
665 370 819 424 lm‘tlS
849 383 905 425 et
949 370 1341 441 opportunitas
1386 371 1670 428 hmrcticis
1700 372 1766 426 ad
1810 387 2026 426 Strnen-
2055 377 2105 432 Α
2131 373 2370 428 ctianem
2423 386 2660 430 vestram
2714 377 3127 441 scriberemus.
3172 389 3227 435 et
3267 379 3413 452 iusta
3465 390 3716 451 petentes

440 464 541 517 das
567 463 691 518 ﬁdei
729 465 961 520 insidias
993 467 1342 536 relinquatur
1370 483 1384 521 :
1415 467 1617 537 quibus
1646 465 1724 520 illi
1750 467 2024 535 improbi-

441 559 571 612 tatis
601 574 712 612 sna‘
742 558 1017 627 igniculos
1046 563 1355 616 excitantes
1377 601 1393 623 ,
1426 560 1720 616 discordia:
1765 559 2018 614 incendia

441 667 595 706 more
627 669 730 707 suo
764 655 999 709 dilatare
1032 656 1234 710 solent.
1275 654 1599 710 Eustathius
1637 670 1793 714 sane.
1828 654 2022 722 Sylva-

442 762 549 801 uus
584 757 749 815 atque
783 748 1163 817 Theophilus,
1206 751 1406 804 fratres
1450 749 1624 804 nostri
1671 748 2024 802 reverendis-

440 840 589 901 simi.
622 841 781 894 nobis
809 854 996 896 vestro
1021 843 1245 897 nomine
1273 853 1628 912 receperunt.
1660 842 2019 897 dilectionem

440 947 680 990 vestram
740 952 848 989 non
903 937 1092 992 minus
1136 952 1304 1006 atque
1355 938 1503 1005 ipsos
1540 938 1700 991 [idem
1749 938 2021 1006 ejusmodi

440 1043 662 1099 semper
683 1039 738 1085 et
767 1039 928 1084 antea
959 1046 1229 1092 servasse.
1255 1041 1312 1086 et
1338 1031 1403 1085 ad
1439 1032 1602 1086 tinem
1631 1046 1807 1100 usque
1838 1045 2024 1085 serva—

442 1134 626 1176 turam
671 1138 812 1182 esse.
850 1124 904 1178 in
955 1125 1176 1180 Nierena
1206 1126 1463 1180 videlicet
1511 1125 1647 1180 urbe
1681 1141 1710 1178 a
1763 1125 2027 1179 trecentis

441 1215 635 1270 decem
667 1226 725 1271 et
765 1227 893 1272 octo
941 1219 1219 1289 episcopis
1264 1218 1588 1273 orthodoxis
1629 1229 1682 1274 et
1719 1231 1869 1275 recte
1903 1233 2029 1272 sen-

446 1309 714 1365 tientibus
762 1313 1198 1378 comprobatam.
1245 1311 1379 1379 Qu.e
1412 1313 1560 1382 quod
1603 1322 1811 1369 certain
1847 1313 2029 1382 perie-

443 1415 702 1474 ctamque
728 1406 1121 1475 complectitur
1154 1407 1471 1472 veritatem,
1501 1423 1599 1462 ora
1633 1409 2024 1462 haereticorum

444 1498 696 1554 onmium
739 1502 925 1554 omnia
955 1500 1199 1554 obstruit
1243 1511 1411 1571 atque
1453 1502 1678 1556 evertit.
1723 1500 1846 1556 Non
1897 1516 2030 1556 casu

442 1593 594 1650 enim
646 1593 902 1657 fortuito.
955 1595 1051 1650 sed
1097 1595 1289 1649 divino
1335 1611 1568 1665 prorsus
1608 1607 1784 1661 nuttt,
1835 1606 2030 1652 contra

445 1689 563 1743 Arii
621 1690 892 1745 insaniam
949 1700 1138 1745 tantus
1185 1692 1578 1762 episcoporum
1630 1705 1902 1746 numerus
1946 1699 2034 1746 est

2127 466 2546 535 adjuvaremus.
2574 471 2878 538 praesertim
2910 485 3036 524 eum
3062 486 3128 525 ex
3160 471 3467 544 legatorum
3498 480 3710 527 vestro-

2131 576 2255 614 rum
2301 562 2743 624 asseveratione.
2781 562 3095 620 Orientales
3145 580 3249 620 vos
3286 566 3619 636 resipuisse,
3656 573 3716 620 et

2133 669 2260 707 cum
2292 653 2746 712 Occidentalibus
2777 666 2929 712 recte
2969 658 3344 714 sentientibus
3395 657 3714 715 consentire

2134 749 2592 806 intellexerimus.
2647 751 2953 808 Scribimus
2997 769 3129 822 ergo
3178 753 3373 816 vobis,
3407 762 3469 807 ut
3515 751 3716 807 noritis

2134 860 2259 898 cum
2294 845 2670 900 Ariminenses
2700 846 3076 917 blasphemias
3099 889 3115 910 ,
3150 863 3272 916 quae
3306 856 3421 902 tum
3458 861 3556 917 per
3585 862 3716 901 sur-

2140 939 2448 1008 reptionein
2483 949 2614 994 sunt
2639 940 2706 993 ali
2737 941 3058 996 auczoribus
3084 957 3272 996 earum
3302 956 3500 1010 magno
3529 939 3718 994 Eccle-

2139 1033 2236 1087 siae
2286 1033 2624 1090 detrimento
2667 1035 3139 1097 subintroduette.
3183 1034 3341 1105 122
3376 1031 3716 1090 anathemati

2135 1128 2438 1198 subjectas,
2465 1137 2580 1182 tum
2604 1127 2990 1184 Occidentales
3019 1130 3315 1184 universos
3347 1130 3403 1183 in
3437 1127 3717 1184 Nicatnam

2141 1221 2266 1277 ﬁdei
2317 1222 2718 1291 professionem
2771 1224 3150 1292 conspirasse.
3199 1221 3570 1291 Quamobrem
3621 1237 3724 1293 per

2139 1332 2238 1371 vos
2272 1319 2324 1371 id
2355 1315 2620 1371 omnibus
2652 1315 2886 1371 indicari
2920 1328 3164 1387 oportet,
3192 1317 3373 1387 utqui
3404 1315 3454 1370 vi
3479 1315 3721 1386 quadam

2137 1409 2351 1464 Seducti
2387 1416 2554 1479 atque
2587 1408 2700 1463 lzesi
2735 1419 2902 1471 sunt,
2939 1409 3162 1465 tandem
3197 1426 3230 1467 a
3262 1409 3510 1467 tenebris
3541 1407 3722 1465 ha-re-

2143 1499 2266 1556 ticis
2292 1501 2360 1555 ad
2386 1499 2636 1555 divinum
2665 1501 2958 1557 catholicte
2989 1501 3266 1558 libertatis
3297 1502 3482 1558 lumen
3514 1502 3722 1557 reverti

2141 1591 2377 1664 possint.
2415 1593 2474 1648 Si
2519 1593 2614 1660 qui
2659 1609 2792 1648 vero
2835 1593 3101 1663 deinceps
3145 1610 3422 1650 venenum
3473 1594 3726 1666 perfidbe

2143 1699 2440 1754 respuere,
2515 1697 2572 1740 et
2626 1686 2743 1741 Arii
2811 1685 3187 1757 blasphemias
3241 1702 3438 1743 omnes
3493 1688 3729 1744 abolere

445 1789 698 1841 coactus,
732 1793 944 1852 quanto
979 1783 1194 1838 scilicet
1234 1800 1469 1839 umnero
1501 1785 1700 1841 beatus
1729 1784 1824 1840 ille
1854 1785 2029 1840 Abra-
2066 1767 2107 1823 Β
2136 1778 2588 1849 anatheinatique
2632 1780 2910 1849 subjicere
2954 1780 3278 1846 noluerint,
3310 1781 3454 1843 Arii.
3485 1782 3728 1852 ejusque

450 1874 578 1928 ham
626 1885 708 1931 tot
749 1875 993 1930 hostium
1037 1877 1207 1931 millia
1249 1877 1355 1931 lide
1407 1877 1724 1933 debellavit.
1777 1877 1851 1933 Ea
1899 1877 2036 1932 lides

449 1985 576 2023 cum
607 1969 664 2025 in
701 1970 1062 2025 subsistentia
1093 1981 1150 2026 et
1181 1972 1408 2026 nomine
1438 1971 1536 2026 τοῦ
1563 1974 1876 2042 ὁμοουοίου.
1901 1988 2032 2026 con-

448 2064 854 2131 substantialis,
887 2065 1176 2130 consistat,
1203 2065 1435 2135 perinde
1458 2075 1624 2136 atque
1658 2064 2034 2120 munitissima

447 2159 705 2225 qua-dam
757 2166 814 2210 ct
864 2156 1312 2227 inexpugnabilis
1359 2174 1493 2220 arx,
1541 2157 1940 2227 impressiones
1980 2168 2036 2212 et

449 2250 739 2305 machinas
769 2252 1041 2321 malignas
1070 2253 1289 2307 Arianae
1321 2253 1570 2322 perﬁdia:
1601 2268 1818 2315 omnes,
1850 2255 1922 2307 ita
1954 2251 2032 2306 uti

449 2345 645 2410 decet,
687 2346 1022 2401 contemnit.
1068 2345 1137 2401 Et
1177 2350 1434 2417 quamvis
1466 2349 1716 2417 episcopi
1765 2346 2038 2403 Occiden-

455 2437 591 2490 tales
637 2453 806 2509 prope
848 2455 1043 2493 omues
1086 2441 1319 2495 Arimini
1366 2441 1751 2506 convenerint,
1783 2457 1908 2496 cum
1956 2441 2032 2496 ibi

450 2533 751 2586 concilium
784 2533 1120 2587 Arianorum
1160 2533 1433 2604 coegisset
1467 2535 1724 2589 vecordia
1748 2577 1761 2597 ,
1799 2546 1857 2589 ut
1895 2535 2033 2589 insi-

453 2624 611 2699 diosa
643 2624 879 2694 quadam
907 2626 1191 2689 suasione,
1226 2642 1320 2680 seu
1358 2625 1504 2696 quod
1543 2628 1730 2682 verius
1764 2641 1867 2689 ρει.
1911 2643 2036 2698 pro-

455 2720 579 2772 fana
615 2722 946 2776 auctoritate
977 2729 1034 2774 et
1068 2721 1344 2790 potentia,
1391 2722 1444 2774 id
1478 2721 1624 2790 quod
1662 2720 1718 2776 in
1758 2719 1882 2775 ﬁdei
1922 2722 2036 2776 l'or-

453 2815 600 2868 mula
639 2817 977 2869 tutissimmn
1016 2817 1504 2885 certissimumth
1553 2817 1791 2886 positum
1832 2817 2032 2878 luerat.

450 2909 760 2966 abolerent.
800 2919 896 2963 aut
943 2909 1166 2976 oblique
1211 2919 1517 2979 negarent,
1563 2909 1704 2965 nihil
1752 2921 1935 2965 tamen
1972 2928 2034 2964 ea

455 3003 664 3069 profluit
691 3004 987 3056 calliditas.
1016 3003 1149 3057 Nam
1184 3020 1378 3057 omnes
1405 3004 1518 3059 fere
1543 3007 1634 3075 qui
1660 3015 1773 3060 tum
1801 3004 2032 3060 Arimini

2138 1883 2510 1938 sectatorum.
2541 1883 2597 1928 et
2630 1886 2959 1928 ca‘terorum
2999 1876 3341 1942 serpentium
3377 1873 3729 1931 Sabelliauo-

2140 1982 2257 2021 rom
2279 2006 2298 2034 ,
2329 1967 2870 2038 Patripassianorum
2897 2008 2912 2032 ,
2953 1979 3123 2038 atque
3154 1967 3388 2023 aliarum
3425 1968 3728 2025 baresium

2137 2077 2196 2117 se
2226 2061 2546 2132 complices,
2583 2062 2651 2115 ab
2681 2061 3058 2116 ecclesiastica
3089 2057 3481 2118 communione
3508 2072 3566 2118 et
3589 2080 3732 2120 con-

2134 2156 2421 2227 jnnetione
2462 2156 2721 2211 exclusos
2754 2167 2810 2211 et
2854 2157 3068 2212 alienos
3100 2172 3226 2211 esse
3251 2197 3266 2220 ,
3301 2173 3425 2227 qua:
3458 2157 3728 2213 adulterii

2141 2249 2285 2303 lilios
2336 2265 2445 2304 non
2488 2250 2766 2314 admittit,
2806 2250 3008 2306 sciant.
3061 2251 3211 2307 Deus
3259 2267 3359 2305 vos
3411 2251 3732 2308 incolumes

2139 2353 2343 2405 Servet,
2370 2343 2566 2398 fratres
2593 2343 2802 2399 dilecti.
2840 2363 2858 2395 ι
2896 2343 3058 2400 llisce
3084 2345 3282 2402 litteris
3309 2344 3634 2400 Eustathius
3666 2356 3730 2402 et

2137 2436 2362 2508 collegm
2393 2437 2513 2509 ejus
2555 2437 2832 2506 acceptis,
2885 2440 2942 2491 in
2975 2436 3222 2494 Siciliam
3263 2438 3616 2508 traiecerunt.
3656 2437 3733 2493 Et

2140 2542 2430 2602 postquam
2495 2530 2570 2585 ibi
2629 2530 2944 2585 Siculorum
3001 2530 3390 2601 episcoporum
3453 2530 3730 2602 synodus.

2138 2640 2330 2679 eorum
2365 2624 2626 2680 instinctu
2656 2623 2957 2687 celebrata,
2981 2632 3146 2693 atque
3167 2623 3271 2692 ipsi
3296 2621 3389 2677 τοῦ
3411 2623 3730 2692 ὀμωυπίω,

2139 2719 2652 2782 consubstantialis,
2685 2719 2843 2772 tidem
2877 2717 3107 2788 professi
3142 2727 3296 2779 sunt,
3334 2716 3730 2786 Nicaznamque

2139 2812 2434 2868 formulam
2481 2813 2816 2868 auctoritate
2871 2829 2970 2867 sua
3019 2814 3443 2878 continuarunt,
3481 2812 3732 2882 acceptis

2143 2905 2215 2962 ibi
2247 2921 2472 2976 quoque
2514 2905 2762 2974 ejusdem
2808 2906 3103 2960 sententia:
3131 2905 3361 2966 litteris.
3405 2904 3471 2958 ad
3505 2919 3603 2960 eos
3628 2904 3730 2975 qui

2142 3016 2201 3054 se
2234 3002 2569 3071 legaverant,
2604 3011 2737 3056 sunt
2774 3000 3008 3056 reversi.
3041 3001 3223 3069 Atque
3257 2998 3335 3055 illi
3371 2999 3616 3055 redditas
3647 2999 3730 3053 ibi

453 3093 684 3147 inescati
735 3106 900 3162 atque
940 3094 1135 3149 framle
1169 3096 1382 3163 decepti
1420 3095 1676 3159 fuerant,
1714 3113 1861 3152 nunc
1896 3102 2032 3152 resi-
2059 3120 2104 3186 ο
2139 3102 2350 3156 litteras
2396 3098 2602 3153 Liberii
2630 3140 2644 3160 ,
2695 3097 2760 3150 ad
2811 3097 2977 3151 urbes
3030 3111 3278 3165 quasque
3327 3110 3424 3165 per
3473 3104 3742 3153 oratores

453 3190 756 3258 pisceutz-s,
790 3204 915 3242 eum
953 3188 1291 3242 anathemati
1326 3205 1517 3243 eorum
1550 3191 1643 3260 qui
1679 3191 1754 3245 ibi
1787 3207 2031 3246 conven-

455 3290 570 3332 tum
599 3296 780 3344 egere.
824 3279 949 3334 lidci
987 3280 1277 3335 formulam
1312 3283 1691 3353 snhjceeront,
1754 3297 1867 3342 tum
1907 3288 2034 3344 uui-

454 3373 654 3426 versali
680 3383 734 3426 et
763 3375 1079 3442 aposwlicac
1113 3375 1260 3437 lidei,
1300 3391 1422 3445 qua:
1449 3376 1644 3431 Μαι-ιε
1673 3379 1895 3434 decreta
1924 3392 2034 3444 est.

454 3463 934 3533 subscripserunt.
983 3465 1047 3518 Et
1080 3469 1366 3520 nobiscum
1409 3471 1885 3526 communicantes
1906 3513 1921 3537 ,
1951 3489 2032 3527 ar-

454 3557 805 3612 dentioribus
837 3560 1001 3613 etiam
1035 3561 1234 3614 animis
1268 3573 1460 3617 eotttra
1492 3563 1606 3618 Arii
1637 3563 1952 3619 doctrinam
1983 3575 2040 3621 et

454 3659 763 3729 discipulos
792 3663 914 3727 ejus
951 3658 1227 3713 feruntur.
1263 3664 1434 3725 Quam
1467 3677 1583 3716 rem
1624 3661 1696 3716 ita
1732 3662 2043 3732 deprehen-

457 3766 574 3803 sam
614 3766 757 3815 esse,
800 3754 892 3804 ubi
935 3763 1188 3806 oratores
1222 3756 1387 3805 etiam
1426 3755 1595 3808 vestri
1629 3762 2038 3821 cognoverunt.

455 3843 512 3901 i.i
558 3845 967 3914 subscniptione
1002 3863 1100 3900 sua
1149 3862 1247 3900 vos
1291 3864 1511 3917 quoque
1558 3848 1930 3915 addiderunt,
1983 3859 2040 3904 ct

457 3939 674 4002 Arium,
707 3951 762 3993 et
797 3956 918 4008 qua:
949 3956 978 3993 a
1015 3941 1386 3996 sectatoribus
1412 3943 1534 4010 eius
1570 3943 1804 3996 Arimini
1843 3956 2035 3997 conire

457 4035 733 4088 litt-aetnam
769 4033 930 4088 [idem
956 4045 1078 4087 acta
1107 4043 1257 4097 sunt,
1303 4036 1657 4088 anathemate
1695 4036 2032 4105 jugulantes.

454 4131 666 4194 Quibus
710 4145 840 4182 sane
873 4130 1048 4194 actis,
1095 4144 1196 4184 vos
1237 4132 1404 4186 etiam
1451 4131 1811 4202 jurisjurandi
1849 4148 2036 4186 sacra-

458 4234 644 4276 mento
712 4221 1065 4278 fraudulento
1125 4223 1534 4289 circumventi,
1599 4225 2038 4294 subscripsistis.

453 4319 806 4388 Quapropter
828 4317 1134 4373 convenire
1165 4318 1328 4374 nobis
1357 4318 1537 4373 visum
1563 4327 1672 4384 est,
1709 4329 1772 4373 ut
1801 4317 1870 4373 ad
1903 4317 2045 4373 dile-

2136 3193 2204 3248 ad
2254 3191 2754 3251 consubstantialis
2814 3189 2940 3244 tidci
2999 3198 3444 3260 propugnatores
3501 3190 3726 3256 misere,

2136 3289 2500 3343 Cohortantes
2539 3303 2660 3352 eos,
2705 3297 2764 3340 ut
2805 3284 3288 3340 consentientibus
3321 3285 3523 3338 animis
3565 3284 3730 3339 Tarsi

2136 3383 2345 3440 Cilicia:
2395 3385 2789 3446 convenirent,
2841 3380 2907 3434 ad
2947 3376 3110 3434 ﬁdem
3145 3377 3423 3433 Nicaanatn
3469 3394 3732 3449 compro-

2141 3475 2379 3531 bandam
2403 3515 2417 3535 .
2452 3485 2510 3529 et
2553 3489 2676 3543 qua:
2712 3481 2900 3542 postea
2940 3479 3148 3526 exortae
3190 3477 3342 3537 sunt,
3380 3484 3552 3538 nugas
3587 3469 3730 3523 abo-

2142 3570 2358 3626 lendas.
2391 3569 2452 3622 Et
2481 3569 2684 3622 laetum
2711 3566 2765 3619 id
2797 3567 2939 3619 forte
2966 3571 3134 3623 esset.
3169 3562 3274 3617 nisi
3300 3562 3394 3634 qui
3424 3564 3726 3632 plurimqu

2143 3661 2288 3731 apud
2334 3662 2728 3731 imperatorem
2770 3657 3011 3719 valebat.
3054 3653 3384 3722 obstitisset,
3439 3653 3733 3712 Eudoxius

2143 3756 2425 3819 videlicet,
2462 3755 2684 3810 Ariaua:
2715 3752 3000 3823 religionis
3031 3749 3350 3821 praefectus,
3387 3749 3482 3819 qui
3515 3752 3733 3822 synodo

2136 3865 2200 3903 ea
2255 3850 2456 3904 indicta
2512 3845 2682 3918 magis
2726 3849 2894 3901 etiam
2949 3852 3298 3910 commotus,
3345 3843 3553 3915 majora
3607 3845 3724 3898 illis

2141 3943 2329 3997 intulit
2387 3943 2741 3998 detrimenta.
2794 3941 2950 4009 Quod
3009 3955 3142 3994 vero
3195 3936 3572 3991 illacetloniatti
3629 3951 3730 4005 per

2145 4046 2396 4091 oratores
2415 4052 2545 4090 suos
2565 4052 2688 4090 cum
2715 4035 2936 4089 Liberio
2961 4031 3453 4094 eonunuuicarint,
3480 4040 3538 4083 et
3563 4030 3726 4083 tidem

2149 4128 2420 4184 Nicaenam
2453 4131 2836 4197 approbarint,
2868 4127 3111 4181 Sabinus
3142 4128 3256 4193 ipse
3281 4125 3336 4178 in
3366 4122 3724 4196 synodalium

2149 4221 2410 4278 Actorum
2441 4223 2794 4277 collectaneis
2823 4230 2908 4275 est
2935 4218 3242 4274 confessus.

1909 4466 2140 4525 CAPUT
2183 4469 2272 4525 IX.

1383 4589 1523 4656 Περὶ
1553 4584 1672 4639 τῶν
1697 4586 1766 4638 ἐν
1806 4586 2053 4666 Tudri)“;
2085 4592 2183 4641 καὶ
2235 4591 2424 4656 Καρίᾳ
2453 4585 2758 4642 συνόδων.

1487 4715 1561 4770 De
1593 4714 1806 4784 synodi:
1848 4711 2041 4783 Tyana:
2071 4723 2122 4768 et
2153 4716 2205 4768 in
2233 4713 2395 4768 Caria
2427 4716 2652 4768 coactis.

525 4843 727 4898 Eodem
775 4851 1026 4910 tempore
1076 4837 1375 4894 concilium
1427 4836 1628 4907 Tyana:
1675 4837 1745 4890 ab
1797 4834 2035 4889 Eusebio
2071 4837 2110 4891 D
2143 4832 2343 4902 gaudio
2365 4834 2710 4893 cxsilieutes.
2744 4830 2811 4885 ad
2846 4833 3135 4884 universas
3156 4828 3504 4900 scripserunt
3538 4826 3732 4883 Eccle-

450 4939 718 4989 (erarea:
758 4932 1150 5004 CappadOcize.
1186 4933 1491 4985 Athanasio
1524 4932 1773 4999 Ancyrm,
1813 4925 2035 4996 Pelagio

453 5029 763 5090 Laodicete,
796 5026 1018 5081 Zenone
1047 5025 1225 5084 Tarsi.
1259 5025 1428 5078 l-‘aulo
1468 5021 1698 5085 Butes-:12,
1732 5020 1926 5074 Otreio
1957 5023 2033 5089 (Ι)

455 5123 745 5188 ιλιίιυιιιιιιςιε,
791 5119 1059 5190 Gregorio
1089 5118 1349 5174 Nazianzi
1372 5156 1387 5182 ,
1419 5117 1652 5185 aliisque
1698 5113 1886 5166 multis
1918 5112 2040 5181 epi-

455 5218 660 5286 seopis,
693 5216 787 5284 qui
808 5212 904 5266 τοῦ
927 5213 1241 5282 ὀμοουσέθυ,
1268 5208 1777 5265 consubstantialis.
1808 5206 2038 5259 verbum

455 5309 790 5364 s:.-rvandum
832 5322 958 5364 esse
993 5307 1336 5370 Antiochi-.12,
1371 5303 1665 5358 Joviniano
1701 5303 2034 5372 imperante,

451 5403 841 5468 decreverant,
865 5401 1223 5456 celebratum.
1255 5400 1428 5454 Lecta:
1457 5397 1532 5452 ibi
1561 5396 1770 5451 Liberii
1799 5406 1856 5450 et
1881 5396 2042 5451 Occi-

457 5494 764 5551 dentalium
796 5497 1185 5567 episcoporum
1215 5493 1444 5556 litterae,
1479 5507 1618 5562 quas
1652 5505 1840 5546 secum
1873 5490 2038 5560 legati

458 5592 764 5663 Lampsaco
819 5593 1046 5646 ltomam
1095 5590 1246 5645 missi
1291 5589 1614 5644 attulerant.
1667 5588 2038 5655 Quamobrem

2140 4928 2285 4990 sias,
2335 4939 2394 4981 ut
2425 4929 2645 4982 decreta
2680 4928 3050 4980 Asiaticorum
3100 4927 3487 4992 episcoporum
3531 4931 3589 4976 et
3635 4921 3729 4977 Li-

2143 5023 2306 5088 berii,
2339 5025 2624 5085 Italorum,
2654 5021 2940 5080 Afrorum.
2973 5019 3260 5074 Gallorum
3297 5018 3729 5072 occidentalium

2140 5119 2390 5189 legerent
2418 5118 2721 5187 epistolas:
2750 5126 2807 5171 et
2839 5125 3053 5169 tantum
3089 5115 3226 5183 ipsis
3257 5111 3729 5168 consentientium

2143 5227 2471 5274 nium-rum,
2502 5211 2594 5281 qui
2631 5210 2792 5280 longe
2832 5209 3184 5264 Ariminense
3228 5206 3528 5261 concilium
3565 5221 3734 5276 supe-

2146 5306 2327 5367 rabat.
2359 5304 2810 5368 considerarent,
2836 5313 2894 5358 et
2918 5303 2986 5358 ad
3013 5301 3350 5358 sententiam
3382 5302 3731 5356 communio-

2147 5413 2383 5470 nemque
2407 5415 2601 5454 eorum
2628 5398 2957 5474 accederent
2984 5413 2997 5451 :
3035 5411 3252 5472 necnon
3283 5402 3344 5449 ut
3371 5395 3454 5449 eis
3479 5393 3727 5462 ejusdem

2148 5509 2205 5547 se.
2250 5509 2372 5549 esse
2416 5494 2710 5549 sententiae
2761 5492 2970 5548 litteris
3020 5491 3122 5562 ipsi
3173 5489 3290 5545 suis
3334 5487 3728 5544 rescriberem.

2151 5587 2505 5657 Seripserunt
2562 5595 2867 5657 praeterea,
2922 5595 2977 5639 ut
3031 5585 3098 5638 ad
3155 5584 3302 5638 diem
3362 5581 3726 5636 constitutum

535 5739 613 5798 (Ι)
645 5736 847 5790 Montio
883 5737 1050 5806 hujus
1093 5733 1255 5787 etiam
1315 5735 1372 5787 lit
1408 5733 1462 5786 in
1495 5733 1731 5803 q-tazlam
1796 5727 2092 5783 Theodosii
2134 5728 2556 5795 constitutione,
2601 5729 2654 5782 in
2701 5725 2764 5783 C.
2796 5722 3186 5780 Thcodosiano
3227 5721 3324 5775 lib.
3378 5719 3476 5774 ttlt.
3507 5717 3541 5772 l.
3601 5715 3729 5787 Ερίο

459 5811 645 5879 acupis,
677 5810 750 5864 Dc
791 5809 896 5862 lide
935 5828 962 5863 c
1001 5808 1139 5863 tliol.
