4050 6244
449 352 559 419 605

1411 361 2019 423 Εαλιιῑδιλδτῐεω
2056 362 2450 426 HISTORIA;
2492 368 2637 433 LIB.
2680 368 2789 429 Χῐ.

3610 368 3717 433 606

451 477 622 521 verno
649 465 830 523 adhuc
861 477 1111 540 tempore
1137 469 1370 526 Tarsum
1396 471 1604 528 Cilicia:
1630 472 2024 528 convenirent.
2058 481 2102 537 Α
2134 477 2301 531 veluti
2354 493 2476 546 qua-
2527 478 2755 536 Luciaui
2805 480 3057 553 martyris
3104 497 3228 537 esse
3288 482 3629 547 crederetur,
3656 492 3710 535 et

452 560 709 618 Sedcuitu
756 560 891 617 dum
962 562 1043 620 sic
1094 564 1165 620 de
1210 564 1468 621 Tarsensi
1521 566 1731 640 synodo
1782 566 2029 636 cogenda

450 653 659 726 agitur,
709 655 931 727 triginta
984 666 1045 714 et
1088 667 1332 728 quatuor
1376 659 1492 716 fere
1542 660 1728 715 Asiani
1781 658 2028 728 episcopi

452 744 760 802 Antiochiae
788 746 844 802 in
869 745 1032 805 Caria
1072 751 1494 813 convenientes,
1528 752 1772 806 studium
1804 750 2029 821 quidem

450 839 836 896 ecclesiastica:
850 841 1157 896 concordiae
1175 842 1479 898 sarciendae
1496 844 1790 898 laudarunt
1808 863 1819 896 :
1840 844 2038 910 ὀμθουο

454 932 595 996 trioa,
623 931 1135 997 consubstantialis,
1161 949 1293 989 vero
1319 950 1519 991 nomen
1543 935 1895 1005 repudiantes
1920 933 2037 988 ior-

455 1025 658 1081 mulam
708 1025 837 1083 ﬂdei
887 1025 1197 1083 Antiochia:
1242 1035 1300 1083 et
1342 1026 1612 1084 Seleucia:
1646 1029 2035 1098 compositam,

2134 582 2164 620 a
2196 569 2497 638 majoribus
2525 585 2717 624 eorum
2751 573 3000 641 periculo
3027 580 3085 627 et
3115 573 3320 628 sudore
3348 574 3521 627 multo
3556 588 3703 627 eont-

2135 662 2363 728 prnbata
2419 674 2604 730 esset,
2662 668 3083 722 conﬁrmarunt.
3144 668 3449 737 Imperator
3504 678 3713 731 autem,

2132 752 2387 808 Eudoxio
2420 757 2738 824 anniteute,
2787 760 3061 830 synodum
3104 762 3159 815 in
3206 761 3401 817 Cilicia
3445 762 3714 816 celebrari

2136 842 2450 900 institutam
2491 848 2800 916 prohibuit,
2837 850 3039 906 edictis
3074 868 3138 907 ea
3168 854 3237 908 de
3272 869 3440 909 causa
3469 862 3523 909 et
3555 868 3709 908 com-

2138 934 2549 994 minationibus
2580 939 2805 1011 publice
2839 943 3163 1015 prepositis.

1895 1197 2127 1256 CAPUT
2166 1198 2239 1256 Χ.

524 1314 665 1385 Περὶ
720 1314 829 1373 τοῦ
888 1318 1221 1386 τηνικαῦτα
1283 1321 1613 1392 γενομένου
1647 1321 1948 1401 meimei}:
1978 1322 2105 1401 _t_mi
2142 1325 2277 1401 asp!
2310 1327 2416 1401 τοῦ
2445 1326 2624 1397 ἁτίου
2664 1287 3052 1395 Ἀθανὰσίου,
3116 1331 3196 1399 ὡς
3222 1333 3408 1400 αὐτὸς
3448 1333 3633 1401 μόνος

1658 1396 1769 1449 οὐκ
1800 1393 2074 1464 ἐξηλάθη
2107 1396 2214 1451 τοῦ
2254 1399 2496 1467 θρόνου.

458 1504 536 1562 Ds
582 1524 646 1565 ea
702 1524 823 1582 qua
866 1519 975 1566 tum
1021 1523 1272 1583 grauata
1324 1521 1402 1569 est
1452 1513 1857 1587 persecutione:
1896 1522 1947 1567 et
1987 1514 2052 1596 de
2116 1529 2299 1570 saneto
2343 1518 2661 1585 Athanasio,
2712 1530 2770 1575 ut
2836 1522 2881 1576 is
2932 1519 3077 1577 solus
3129 1520 3251 1575 sede
3325 1537 3422 1574 sua
3486 1537 3590 1573 non
3636 1520 3704 1573 sit

1039 1619 1049 1628 .
1669 1606 1675 1612 -
1967 1596 2185 1654 ejectus.

532 1702 689 1776 123
712 1705 1127 1764 Provinciarutu
1153 1723 1377 1781 quoque
1400 1710 1732 1781 praesidibus
1751 1710 2035 1781 sigillatim

2148 1713 2458 1784 aliquorum
2511 1714 2934 1772 denuntiatione
2992 1716 3325 1777 secesserit,
3384 1713 3581 1768 eodem
3636 1730 3727 1767 rrs

459 1798 762 1860 mandavit.
808 1806 869 1855 tit
902 1814 972 1857 ex
1003 1802 1260 1857 ecclesiis
1290 1818 1389 1859 eos
1421 1803 1785 1859 deturbarent
1820 1803 2036 1873 episco-
2072 1784 2115 1843 Β
2144 1806 2363 1862 recidit.
2402 1807 2559 1875 Quod
2591 1809 2739 1863 enim
2787 1820 2895 1864 tam
2947 1808 3267 1863 necessario
3300 1819 3546 1876 tempore
3583 1807 3687 1861 insi
3718 1842 3719 1845 η

458 1901 592 1962 pos,
626 1891 722 1963 qui
769 1894 874 1949 sub
901 1891 1229 1951 Constantio
1259 1896 1652 1961 exauctorati,
1704 1895 2036 1967 dignitatem

459 1981 754 2055 pristinam
792 1987 897 2042 sub
936 1986 1161 2044 Iuliano
1196 1991 1564 2060 recepissent.
1616 1990 1721 2046 Per
1754 1989 2036 2061 ejusmodi

454 2076 765 2147 iussionem
810 2077 1055 2152 Ευριῆ
1083 2081 1253 2137 etiam
1285 2084 1644 2153 magistratus
1674 2082 2041 2137 Athanasium

457 2167 716 2228 ecclesiis
734 2170 899 2229 simul
928 2182 989 2230 et
1014 2174 1152 2230 urbe
1174 2173 1547 2231 Alexandrina
1576 2175 1784 2245 ejicere
1811 2184 2045 2231 conten-

458 2263 683 2321 derunt.
736 2262 859 2321 Non
909 2264 1051 2323 levis
1104 2267 1252 2323 enim
1301 2282 1461 2339 poma
1505 2267 1777 2340 imperiali
1836 2270 2044 2323 inserta

459 2364 582 2412 erat
611 2357 794 2414 edicto
818 2397 833 2423 ,
866 2358 1018 2431 quod
1055 2361 1334 2431 praelectis
1365 2361 1629 2416 omnibus
1653 2401 1668 2425 ,
1716 2370 1773 2417 et
1806 2362 1902 2433 qui
1938 2360 2046 2415 sub

461 2458 654 2507 eorum
684 2448 858 2524 signis
887 2458 946 2508 et
976 2459 1256 2522 potestate
1279 2462 1470 2511 essent
1498 2453 1767 2509 militibus
1797 2463 1854 2507 et
1883 2468 2048 2508 sena-

462 2542 711 2611 toribus,
759 2558 887 2601 cum
941 2543 1187 2617 iungentis
1233 2546 1489 2617 pecunia
1536 2547 1746 2609 multa,
1794 2546 2051 2618 corporis

460 2648 685 2709 quoque
728 2638 1079 2695 coercionem
1130 2636 1518 2696 denuntiabat.
1570 2640 1641 2695 At
1691 2640 2049 2697 Christianus

464 2730 702 2802 populus
751 2730 1093 2788 conveniens
1141 2730 1465 2803 prefectum
1509 2732 1764 2805 rogavit,
1812 2744 1873 2790 ut
1925 2736 2051 2804 epi-

462 2830 691 2895 scopum
726 2838 892 2882 eausa
944 2838 1054 2881 non
1096 2826 1232 2882 satis
1266 2825 1574 2883 deliberata
1622 2843 1732 2882 non
1768 2829 2048 2897 exigeret,

463 2916 559 2975 sed
596 2918 914 2975 accuratius
947 2918 1263 2976 litterarum
1305 2920 1680 2990 imperialium
1717 2920 2052 2975 sententiam

466 3010 869 3083 perpebderet,
915 3026 1038 3083 qua:
1087 3026 1184 3068 eos
1233 3022 1446 3068 tantum
1505 3014 1913 3083 proscriberet,
1954 3012 2052 3083 qni

465 3106 571 3163 sub
588 3105 915 3163 Constantio
932 3106 1363 3174 exsularejussi,
1390 3107 1495 3162 sub
1511 3106 1733 3162 Juliano
1761 3107 1830 3161 ab
1854 3106 2050 3162 exsilio
2075 3134 2120 3195 α

465 3198 677 3257 reversi
711 3206 917 3256 essent.
957 3200 1330 3256 Athanasium
1376 3216 1546 3271 porro
1588 3200 1694 3256 sub
1723 3199 2049 3257 Constantio

467 3293 693 3362 quidem
714 3290 891 3349 exsilii
916 3306 1084 3348 causa
1112 3293 1291 3349 solum
1318 3293 1552 3348 vertisse
1578 3292 1859 3360 dicebant,
1884 3304 2051 3365 atque

467 3383 538 3441 ab
573 3385 772 3442 eodem
823 3383 1116 3443 reductum
1165 3395 1333 3457 atque
1376 3386 1432 3441 in
1467 3386 1848 3457 episcopatum
1889 3403 2048 3443 suum

469 3477 790 3536 restitutum
817 3490 980 3535 esse:
1015 3476 1302 3557 lulianum
1337 3490 1554 3545 autem,
1598 3494 1724 3535 cum
1757 3496 1951 3537 omnes
1979 3481 2051 3537 ab

468 3572 664 3631 emilio
704 3574 1033 3639 revocat-et,
1071 3586 1246 3628 unum
1281 3573 1431 3628 hunc
1464 3585 1820 3643 persecutum
1854 3576 2048 3642 fuisse,

469 3682 633 3738 quem
667 3667 888 3723 tandem
918 3666 1248 3723 Iovinianus
1274 3667 1605 3723 restituerit.
1641 3667 1768 3724 Haec
1797 3683 1924 3724 cum
1960 3668 2050 3725 di-

471 3764 700 3825 certent,
755 3770 936 3831 neque
983 3760 1243 3831 prini‘ecto
1300 3763 1738 3832 persuaderent,
1794 3766 2052 3823 restitere

470 3866 678 3922 tamen,
708 3865 767 3912 et
798 3856 909 3911 Vim
950 3855 1069 3910 ﬁeri
1108 3872 1217 3911 non
1254 3858 1583 3926 permisere.
1616 3854 1891 3912 Caeterum
1923 3873 2051 3914 cum

474 3951 671 4021 vulgus
696 3948 941 4020 undique
976 3946 1316 4016 Conﬂueret,
1363 3960 1421 4007 et
1453 3950 1614 4007 turba
1648 3950 1844 4019 ingens
1886 3962 2051 4020 atque

473 4044 767 4107 tumultus,
797 4042 938 4096 adeo
961 4052 1024 4096 ut
1070 4042 1274 4096 seditio
1317 4053 1763 4111 exspectaretur,
1812 4044 1867 4097 in
1914 4044 2053 4099 urbe

468 4147 623 4194 esset
651 4155 665 4191 :
700 4137 995 4207 praefectus
1030 4143 1143 4191 rem
1185 4151 1305 4190 eam
1341 4136 1665 4208 imperatori
1700 4135 2050 4206 signiﬁcavit,

469 4233 831 4288 Athanasium
860 4231 935 4285 ibi
972 4245 1196 4285 manere
1229 4231 1577 4301 permittens.
1612 4230 1676 4284 Et
1704 4232 1901 4286 diebus
1929 4231 2053 4302 plu-

473 4327 631 4382 ribus
655 4324 891 4386 exactis,
914 4324 1118 4379 seditio
1141 4340 1207 4379 ea
1234 4325 1416 4395 sopita
1445 4327 1559 4396 jam
1581 4338 1705 4379 esse
1736 4325 2048 4391 videbatur,

468 4424 594 4475 cum
658 4421 990 4474 Athanasius
1042 4419 1257 4489 vesperi
1315 4420 1452 4474 urbe
1507 4419 1829 4489 egreditur,
1882 4427 1940 4473 et
1992 4420 2047 4473 in

2142 1897 2265 1955 dias
2289 1899 2392 1955 sibi
2420 1910 2657 1956 structas
2691 1902 3007 1968 prmviderit
3030 1912 3087 1956 et
3113 1901 3326 1962 vitarit,
3350 1900 3568 1953 consilii
3598 1914 3719 1952 esse

2144 1990 2324 2046 visum
2359 2002 2461 2056 est,
2494 1994 2641 2063 quod
2668 2002 2890 2062 captum
2926 1993 3229 2047 humanum
3265 1992 3582 2047 excederet.
3620 1991 3725 2043 .-\:ii

2145 2098 2281 2137 vero
2330 2082 2549 2149 dicunt,
2590 2100 2757 2147 eum,
2806 2088 2955 2156 quod
3005 2086 3150 2156 vulgi
3204 2086 3460 2139 insanum
3514 2094 3725 2137 motum

2144 2178 2536 2246 pmsenscrit,
2567 2187 2623 2232 et
2652 2178 2818 2232 simul
2854 2179 3067 2233 veritus
3094 2178 3199 2240 sit,
3233 2177 3277 2231 si
3305 2176 3437 2245 quid
3474 2173 3602 2230 inde
3631 2174 3729 2228 tle-

2147 2269 2390 2326 trimenti
2418 2271 2783 2346 provenisset,
2815 2286 2886 2326 ne
2909 2270 3026 2337 ipse
3058 2281 3261 2326 auctor
3289 2270 3417 2324 mali
3448 2269 3571 2338 ejus
3604 2284 3729 2322 esse

2147 2363 2465 2431 videretur,
2516 2373 2635 2419 toto
2674 2380 2743 2419 eo
2772 2373 3020 2436 tempore
3049 2365 3127 2433 (Ι)
3179 2365 3231 2418 in
3267 2373 3497 2435 paterno
3530 2378 3730 2415 monu-

2149 2466 2334 2511 mento
2360 2454 2667 2510 delituisse.
2704 2455 2885 2525 Atque
2914 2456 3005 2510 ille
3039 2455 3264 2525 quidem
3296 2456 3379 2510 sic
3402 2452 3645 2524 profugit
3674 2459 3732 2504 et

2148 2550 2332 2607 latuit.
2360 2550 2479 2605 Non
2505 2550 2670 2619 longe
2701 2560 2889 2605 autem
2915 2559 3038 2619 post
3064 2549 3369 2618 imperator
3397 2547 3593 2601 litteris
3616 2546 3732 2597 suis

2150 2659 2277 2700 eum
2310 2644 2625 2709 revocavit,
2661 2652 2717 2699 et
2745 2644 3044 2699 ecclesiam
3078 2641 3330 2699 obtinere
3357 2640 3541 2709 jussit.
3580 2636 3733 2692 8·τὶ-

2153 2744 2302 2805 ptum
2336 2736 2441 2790 hoc
2487 2746 2684 2805 prater
2712 2735 2886 2790 animi
2915 2735 3247 2791 sententiam
3294 2731 3582 2788 Valentem
3613 2728 3735 2785 edi-

2153 2828 2301 2884 disse
2345 2827 2563 2898 Opinor,
2604 2825 2689 2883 vel
2730 2827 2881 2897 quod
2927 2827 3217 2883 Athanasii
3262 2826 3493 2897 gloriam
3542 2838 3732 2879 secum

2155 2922 2269 2991 ipse
2300 2930 2606 2991 reputaret,
2644 2937 2709 2978 ac
2746 2921 3248 2992 reprehensionem
3287 2921 3409 2991 ejus
3440 2920 3519 2974 rei
3555 2936 3587 2975 a
3622 2918 3732 2974 Va-

2156 3014 2493 3077 lentiniano,
2543 3015 2640 3085 qui
2682 3015 2966 3071 Nicaanum
3017 3014 3301 3070 decretum
3348 3013 3733 3084 proﬁtebatur,

2154 3116 2503 3178 exspectaret
2531 3123 2546 3162 :
2593 3107 2680 3164 vel
2713 3111 2861 3180 quod
2910 3119 3117 3163 motum
3149 3124 3346 3163 eorum
3377 3106 3470 3177 qui
3506 3106 3730 3176 plurimi

2154 3202 2309 3258 illum
2338 3201 2661 3269 laudabant,
2702 3218 2773 3257 ne
2815 3219 2919 3273 per
2937 3218 3217 3258 novarum
3264 3217 3447 3257 rerum
3484 3200 3729 3255 studium

2153 3296 2461 3369 respublica
2505 3294 2711 3366 aliqttid
2734 3295 3051 3351 detrimenti
3094 3305 3342 3365 caperet,
3386 3305 3705 3363 suSpeetnrn

2152 3390 2403 3446 haberet.
2450 3388 2663 3459 Opinor
2708 3406 2931 3460 quoque
2979 3390 3198 3445 Arianae
3252 3388 3481 3444 haeresis
3528 3388 3732 3441 antesio

2151 3497 2388 3555 gnanos,
2423 3480 2496 3536 ita
2530 3492 2591 3537 ut
2621 3497 2720 3551 par
2747 3491 2891 3546 erat,
2920 3497 3030 3535 non
3059 3481 3359 3536 admodum
3378 3483 3490 3549 jam
3524 3480 3578 3533 iu
3606 3479 3730 3546 ejus

2152 3575 2255 3631 viri
2305 3574 2771 3645 proscriptionem
2829 3574 3132 3645 urgendam
3179 3572 3549 3629 incubuisse:
3588 3572 3724 3626 illud

2153 3668 2579 3740 perpendentes,
2623 3668 2668 3724 si
2714 3671 2853 3724 urbe
2896 3670 3215 3739 ejiceretur,
3256 3667 3373 3722 fore
3413 3679 3468 3721 ut
3506 3681 3727 3721 rursum

2155 3762 2588 3835 imperatoribus
2622 3763 2885 3818 molestus
2924 3762 3116 3827 fieret,
3156 3763 3617 3831 occasionemquc
3663 3776 3730 3815 ex

2151 3871 2217 3911 ea
2262 3870 2320 3910 re
2369 3856 2493 3910 illos
2535 3856 2906 3926 compellandi
2941 3857 3189 3915 haberet.
3241 3855 3633 3925 Valentemque
3677 3855 3733 3908 in

2153 3949 2487 4005 sententiam
2520 3965 2674 4003 suam
2707 3948 3033 4015 adduceret,
3072 3948 3517 4004 Valentinianum
3546 3959 3731 4002 autem

2155 4043 2261 4098 sibi
2311 4045 2749 4098 consentientem
2799 4041 2867 4096 ad
2921 4044 3058 4097 iram
3108 4043 3277 4098 etiam
3330 4051 3729 4096 commoveret.

2155 4135 2461 4191 Plurimum
2501 4152 2739 4205 namque
2769 4152 2897 4191 eum
2933 4144 3279 4202 metucruut,
3312 4135 3578 4190 virtutem
3612 4137 3735 4204 ejus

2156 4229 2210 4280 in
2243 4227 2413 4281 rebus
2438 4242 2559 4294 quae
2593 4228 2697 4280 sub
2736 4224 3067 4281 Constantio
3104 4226 3462 4290 acciderant,
3493 4231 3731 4295 experti.

2155 4318 2311 4372 Adeo
2339 4317 2486 4371 enim
2518 4328 2630 4371 tttttt
2659 4333 2884 4389 quoque
2917 4318 3270 4373 inimicorum
3301 4320 3534 4373 consilia
3563 4327 3620 4372 et
3650 4318 3734 4371 in-

2157 4411 2325 4465 sidias
2351 4410 2702 4481 propuleral,
2732 4420 2793 4465 ut
2816 4411 2866 4465 ei
2901 4411 2979 4465 illi
3010 4427 3118 4465 non
3147 4420 3371 4472 gravate
3400 4411 3649 4465 ecclesiis
3677 4410 3733 4463 in

472 4514 678 4583 praedio
725 4513 964 4583 quodam
1002 4488 1202 4569 latitat.
1253 4512 1472 4586 A‘Zgypti
1512 4488 1697 4567 autem
1732 4512 2046 4582 praefectus,
2081 4488 2124 4543 ί)
2151 4502 2388 4574 Αἰε)νιιιο
2435 4504 2719 4566 cederent,
2751 4512 2809 4559 et
2847 4520 2910 4559 ea
2943 4504 3013 4559 de
3056 4518 3223 4559 causa
3268 4504 3409 4574 ipse,
3454 4504 3545 4558 vix
3592 4505 3739 4556 Con-

469 4617 528 4661 et
558 4606 841 4676 cupiarum
875 4605 1195 4659 militarium
1226 4621 1351 4674 qua:
1385 4604 1459 4658 ibi
1490 4616 1653 4656 erant
1683 4604 1793 4657 dux
1849 4604 2048 4657 intem-

474 4708 628 4767 pesta
654 4708 818 4753 nocte
848 4701 901 4751 in
929 4697 1247 4757 ecclesiam.
1277 4700 1368 4752 ubi
1397 4698 1489 4752 ille
1516 4696 1859 4752 domicilium
1886 4708 2049 4749 suum

475 4791 734 4851 habebat,
773 4791 971 4856 venit,
1019 4801 1077 4845 et
1120 4791 1173 4844 itt
1224 4790 1560 4846 habitaculis
1590 4790 1756 4844 etiam
1798 4787 2053 4858 superio-

475 4886 630 4942 ribus
676 4884 968 4955 diligenter
1013 4899 1143 4939 cum
1198 4884 1397 4954 qtiterit
1436 4901 1451 4935 :
1484 4883 1579 4937 sed
1634 4883 1898 4951 opinione
1951 4895 2051 4934 sua

475 4979 803 5040 frustratus,
856 4994 917 5031 re
968 4976 1168 5033 infecta
1219 4976 1355 5031 abit.
1406 4975 1834 5031 Existintaverat
1881 4973 2051 5034 enim,

477 5067 626 5137 quod
678 5068 832 5138 plebs
878 5066 1103 5121 tandem
1158 5066 1364 5135 prioris
1415 5078 1631 5126 motus,
1666 5082 1774 5133 quo
1821 5065 2051 5118 excitata

477 5163 683 5226 fuerat,
722 5162 894 5215 oblita
930 5171 1096 5223 esset,
1127 5171 1184 5215 ct
1217 5177 1470 5215 somnum
1509 5174 1706 5213 omnes
1734 5166 2049 5227 earpercnl,

476 5255 637 5311 facile
686 5272 745 5308 se
777 5257 1128 5322 imperatoris
1182 5254 1452 5323 imperata
1505 5261 1942 5314 exsecuturum,
1996 5257 2054 5302 et

479 5350 672 5404 urbem
702 5349 821 5404 sine
843 5349 1116 5404 seditione
1142 5358 1387 5419 pacatam
1409 5354 1863 5402 conservaturum
1905 5357 2049 5396 esse.

478 5440 735 5496 Sedenim
797 5441 1109 5511 pra-iectus.
1153 5451 1209 5495 et
1248 5440 1345 5507 qui
1390 5454 1515 5493 cum
1560 5454 1628 5493 eo
1668 5446 1848 5493 erant.
1903 5432 2051 5504 quod

476 5532 839 5589 Athanasium
875 5549 982 5586 non
1021 5533 1386 5593 invenissent,
1421 5531 1577 5585 valde
1612 5538 1742 5585 sunt
1770 5526 2050 5581 admira'i.

478 5626 603 5683 Sive.
646 5628 796 5683 enim
839 5626 1012 5681 divini
1063 5626 1319 5681 Numinis
1359 5624 1564 5679 indicio
1592 5662 1605 5685 ,
1637 5639 1733 5677 seu
1767 5618 2051 5675 hominum

552 5764 628 5827 tl)
662 5762 942 5819 “ensibus
975 5772 1226 5832 quatuor.
1271 5760 1533 5823 (δοίη-ηε.)

2155 4598 2344 4653 stautii
2390 4598 2593 4653 litteris
2627 4597 3014 4669 acquiescens,
3038 4614 3106 4652 ex
3138 4599 3294 4653 Italia
3327 4598 3552 4652 rediret.
3588 4597 3733 4651 Cau-

2153 4708 2269 4747 sam
2313 4691 2575 4759 quidem,
2621 4693 2984 4762 quamobrcm
3018 4691 3353 4747 Athanasius
3396 4708 3506 4745 non
3543 4690 3732 4746 itidem

2158 4794 2215 4835 ut
2242 4783 2335 4836 alii
2371 4798 2438 4837 ex
2479 4782 2716 4838 ecclesia
2763 4784 2959 4853 pulsus
2988 4784 3100 4847 sit,
3149 4783 3294 4837 hanc
3323 4797 3445 4838 esse
3477 4783 3733 4852 conjicio.

2155 4874 2263 4927 Alii
2312 4888 2445 4929 vero
2489 4875 2734 4944 episcopi
2769 4883 2982 4930 tantum
3020 4891 3134 4929 non
3165 4877 3577 4946 persecutione,
3611 4892 3737 4943 quae

2160 4968 2267 5020 illis
2299 4984 2395 5035 βπ
2426 4977 2593 5027 esset,
2626 4983 2749 5036 qua!
2779 4967 2851 5020 ab
2876 4968 3188 5021 idololatris
3214 4968 3466 5021 excitate
3492 4970 3733 5030 inerant,

2158 5070 2288 5116 sant
2320 5062 2573 5129 expetiti.
2608 5059 2812 5116 Exsilia
2844 5061 2993 5116 enim
3020 5070 3076 5115 et
3108 5061 3527 5131 deportatioues
3558 5062 3611 5114 in
3638 5077 3736 5115 eos

2155 5157 2248 5225 qui
2286 5172 2392 5208 non
2439 5155 2631 5210 eadem
2674 5170 2801 5208 cum
2847 5155 3076 5210 Valente
3110 5157 3413 5214 sentirent.
3459 5155 3732 5209 decerne—

2158 5246 2385 5313 bantur,
2436 5260 2492 5301 et
2544 5263 2716 5303 sacrae
2758 5248 2907 5303 aedes
2948 5248 3016 5304 iis
3045 5249 3271 5319 quidem
3322 5248 3733 5311 adimelntntur,

2158 5340 2279 5394 aliis
2319 5352 2499 5394 autem
2546 5341 3053 5396 committebantur.
3098 5338 3366 5412 {Egyptns
3415 5354 3549 5393 Vero
3596 5337 3734 5391 dunt

2160 5431 2464 5486 Athanasio
2495 5435 2601 5487 rita
2635 5434 2988 5503 suppetebat,
3027 5433 3298 5489 malorum
3331 5431 3605 5503 ejusmodi
3637 5430 3739 5484 into

2162 5523 2344 5577 munis
2373 5532 2427 5578 ct
2458 5540 2658 5592 expers
2690 5524 2814 5578 luit.
