4050 6244
383 285 490 347 £07

1606 302 2026 364 NiCEPllOlil
2065 308 2419 371 CALLISTI

3546 321 3652 388 608

1837 418 2063 476 CAPUT
2121 421 2211 476 XI.

413 525 494 591 Ως
549 525 918 599 διῃρέθησαν
978 535 1033 585 οι
1082 533 1365 602 Ἀρειιινοὶ
1394 538 1521 617 zeal
1563 540 1966 617 ῌιίνρορμεανρίο
2003 544 2101 617 uql
2142 546 2279 613 περὶ
2342 549 2642 617 Εὐνομίου
2709 548 2809 603 καὶ
2849 550 3104 605 ’Λετὶουο
3159 551 3260 606 καὶ
3306 552 3425 607 ὅσα
3500 557 3651 611 κατὰ

1346 609 1458 674 τῆς
1490 609 1817 678 ὀρθοδόξου
1857 609 2257 683 ἐνεωτέρισαὶι
2295 609 2576 686 πίστεώς.

388 714 451 768 Ut
492 714 682 769 Ariani
707 722 756 768 et
782 713 1108 771 Ennomiani
1140 736 1232 789 per
1262 722 1541 811 dissidiulpt
1564 726 1669 778 sint
1696 725 1922 793 sejuncti
1948 740 1967 779 :
2013 736 2065 781 et
2094 728 2161 781 de
2194 734 2459 811 Eunomia
2484 743 2535 790 et
2570 735 2742 811 Aetio,
2788 746 2837 792 et
2866 755 2985 811 qua
3049 742 3090 796 ii
3148 752 3333 799 contra
3407 748 3652 800 orthodo-

1306 807 1434 846 xum
1467 794 1623 862 ﬁdem
1651 812 1906 849 novarum
1938 814 2113 855 rerum
2139 802 2315 856 studio
2344 805 2451 860 sint
2481 810 2680 863 conati.

459 903 620 975 124
658 903 770 959 5³⁸⁵³
817 906 959 960 idem
995 918 1213 976 lembus
1256 908 1563 963 Eunomius
1605 913 1676 966 ab
1710 913 1962 967 Eudoxio
1994 921 2041 976 Δ
2069 918 2186 975 Arii
2221 925 2493 979 sententia
2533 929 2925 996 permansisse.
2964 931 3262 1001 Postquam
3298 948 3434 987 vero
3461 933 3646 1006 Cyzici

380 1003 631 1064 secessit,
664 1012 720 1054 et
746 1003 983 1056 seorsim
1021 1019 1152 1056 suos
1188 1005 1292 1058 sibi
1325 1017 1636 1062 conventus
1665 1014 1799 1079 egit,
1835 1026 1966 1079 pro-

380 1107 567 1162 pterea
618 1097 765 1165 quod
821 1113 947 1170 cum
998 1099 1235 1167 saepius,
1306 1109 1365 1153 ut
1416 1110 1727 1173 praeceptor
1787 1104 1965 1174 ipsius

382 1187 574 1243 Aetius
617 1191 670 1242 in
716 1191 947 1260 gratiam
990 1201 1050 1248 et
1094 1196 1549 1251 communionem
1597 1201 1963 1269 reciperetur,

378 1281 691 1336 liudoxium
742 1296 1015 1351 regasset,
1065 1286 1118 1341 id
1178 1288 1480 1360 impetrare
1527 1307 1639 1347 non
1694 1296 1963 1363 potuerit.

378 1376 494 1433 Non
543 1378 672 1435 ideo
717 1388 900 1434 autem
946 1380 1166 1439 Aetium
1198 1394 1485 1441 aversatus
1529 1397 1617 1443 est
1658 1388 1963 1457 Eudoxius,

376 1472 524 1536 quod
558 1473 809 1529 ha:resim
850 1474 969 1546 ejus
994 1492 1218 1532 exosam
1261 1477 1515 1544 haberet,
1546 1495 1714 1549 quam
1753 1481 1965 1545 scilicet
2028 1480 2029 1483 “

376 1566 614 1619 maxime
652 1567 1078 1639 depraadicabat,
1117 1570 1213 1627 sed
1254 1572 1403 1644 quod
1443 1588 1646 1629 omnes
1676 1575 1772 1644 qui
1834 1590 1963 1630 cum

377 1656 630 1714 Eudoxio
657 1664 1083 1720 consentiebant
1130 1666 1202 1721 ab
1254 1668 1414 1722 Aetio
1448 1677 1640 1738 utpote
1687 1669 1964 1725 diversam

374 1750 446 1803 ab
483 1767 550 1805 eo
594 1755 900 1811 doctrinam
934 1767 1161 1813 tenente
1201 1759 1587 1816 abhorrerent.
1622 1762 1801 1832 Atque
1847 1764 1964 1819 haec

380 1843 494 1912 ipsa
520 1862 685 1903 causa
720 1850 845 1913 fuit,
872 1865 974 1907 cur
1008 1852 1154 1907 inter
1188 1852 1501 1908 Eudoxium
1536 1862 1595 1910 et
1624 1854 1962 1910 Eunomiutn

379 1938 654 1997 discessio
695 1944 873 1998 ﬂeret.
920 1946 1098 2000 Porro
1150 1946 1346 2003 Aetius
1392 1948 1701 2005 vehemens
1733 1959 1789 2004 et
1834 1965 1965 2005 acer

375 2033 598 2091 Arianae
632 2037 859 2094 haeresis
888 2050 1135 2094 assertor
1164 2050 1220 2097 et
1256 2053 1637 2112 propugnator
1669 2043 1807 2105 fuit.
1841 2052 1961 2099 arte

378 2128 681 2196 sophistica
717 2132 856 2187 bene
896 2135 1228 2189 instructus.
1262 2135 1528 2191 Eatndem
1562 2149 1749 2193 autem
1785 2140 1960 2195 haere-

376 2223 479 2275 sim
513 2223 687 2297 magis
719 2226 888 2279 etiam
927 2226 1239 2299 discipulus
1268 2229 1389 2300 ejus
1426 2231 1743 2288 Eunomius
1771 2232 1963 2288 defen-

374 2314 480 2383 dit,
530 2295 637 2383 vir,
682 2317 828 2386 quod
867 2295 1103 2375 Ruﬁnus
1145 2322 1256 2388 ait,
1298 2295 1361 2376 et
1402 2338 1638 2394 corpore
1684 2337 1742 2382 et
1774 2328 1958 2381 anima
1993 2295 2034 2352 Β

374 2406 668 2479 leprosos,
700 2422 867 2483 atque
910 2414 1053 2467 intra
1089 2425 1147 2470 et
1179 2426 1335 2471 extra
1380 2422 1577 2474 morbo
1625 2423 1778 2491 regio
1823 2422 1959 2475 infe-

372 2513 500 2558 ctus
548 2505 665 2576 (ι),
714 2505 831 2577 ipse
873 2522 1097 2577 quoque
1138 2523 1258 2565 arte
1301 2509 1588 2567 dialectica
1626 2525 1957 2584 praepotens.

372 2593 634 2652 llznresitn
664 2596 784 2669 ejus
833 2598 1059 2669 quidam
1106 2601 1178 2656 ab
1206 2602 1330 2672 ejus
1378 2604 1606 2660 nomine
1653 2608 1957 2675 appellant.

373 2685 479 2739 Alii
509 2684 617 2737 τῶν
655 2687 952 2758 ἀνομοίων,
1004 2690 1109 2746 hoc
1155 2702 1265 2754 est,
1300 2694 1685 2761 dissimilium,
1735 2711 1955 2754 vocant.

372 2776 521 2835 Sunt
549 2794 803 2836 auctores
841 2781 1104 2851 quidam,
1144 2785 1238 2852 qui
1267 2785 1603 2842 Eunominm
1638 2788 1806 2844 iSIum
1842 2791 1958 2859 pri-

372 2868 524 2928 mum
567 2890 763 2931 ausum
812 2876 983 2932 fuisse
1017 2878 1215 2934 dicunt
1250 2880 1576 2948 instituere,
1630 2894 1691 2936 ut
1735 2882 1958 2938 divinus

288 2962 291 2965 ’
371 2967 682 3036 baptismus
741 2972 1021 3029 mersioue
1076 2990 1185 3028 una
1244 2986 1655 3046 perageretur:
1722 2988 1780 3031 et
1833 2994 1956 3033 eam

371 3077 496 3131 qua:
522 3064 592 3119 ab
617 3065 885 3132 apostolis
914 3083 1011 3136 per
1043 3083 1239 3125 manus
1274 3082 1502 3139 accepta
1540 3070 1707 3126 hodie
1736 3087 1960 3142 quoque

373 3156 582 3227 ubique
614 3169 892 3223 servatur,
927 3162 1288 3219 traditionem
1322 3166 1661 3232 adulterare,
1699 3180 1755 3222 et
1786 3170 1957 3224 ritum

370 3250 543 3306 alium
572 3253 625 3306 iu
663 3254 898 3310 ecclesia
926 3256 1224 3328 Cyzicena,
1264 3261 1619 3316 accuratiore
1647 3262 1959 3320 sanctiore-

369 3358 477 3414 quc
508 3347 776 3415 gravitate
810 3350 1109 3405 novitatem
1150 3366 1306 3406 suam
1352 3352 1748 3424 obtegentem,
1799 3357 1959 3412 inve-

371 3439 542 3495 nisse.
584 3440 708 3496 Fuit
751 3456 968 3507 autem,
1003 3445 1165 3501 sicuti
1215 3446 1425 3502 dictum
1459 3459 1578 3514 est,
1611 3458 1668 3504 et
1700 3450 1962 3506 Sozome-

375 3548 478 3588 nus
532 3544 802 3601 testatur,
858 3538 1022 3609 cujus
1077 3540 1248 3595 verba
1312 3542 1599 3598 ascribere
1650 3544 1827 3609 libet,
1889 3546 1958 3599 ad

2069 1010 2363 1081 epismpus
2403 1014 2581 1072 factus
2628 1027 2812 1083 esset,
2856 1036 2887 1075 a
2935 1022 3087 1077 clero
3131 1038 3258 1076 eum
3309 1041 3448 1088 suo,
3503 1029 3648 1097 quod

2069 1118 2212 1157 nova
2267 1105 2583 1163 institueret
2638 1111 2934 1182 dogmata,
2980 1126 3297 1169 accusatum
3351 1132 3496 1172 esse.
3545 1119 3655 1172 En-

2069 1199 2295 1256 doxium
2351 1219 2558 1272 porro,
2609 1209 2703 1278 qui
2746 1217 2860 1264 tum
2906 1209 3388 1280 Constantinopoli
3437 1210 3653 1266 Ariana:

2070 1293 2267 1350 haeresi
2306 1299 2548 1368 prtefuit,
2584 1300 2739 1356 illum
2770 1304 3154 1367 accersivisse,
3181 1317 3348 1374 atque
3384 1314 3444 1357 ut
3471 1304 3647 1358 verba

2069 1388 2135 1442 ad
2167 1391 2430 1460 populum
2460 1392 2528 1447 de
2552 1393 2803 1450 doctrina
2829 1409 2926 1450 sua
2960 1396 3192 1460 faceret,
3223 1397 3274 1451 ei
3303 1396 3647 1466 permisisse.

2067 1480 2291 1537 Etcum
2340 1484 2479 1539 nihil
2520 1485 2576 1539 in
2610 1500 2678 1541 eo
2723 1485 3079 1552 damnasset,
3126 1502 3254 1541 eum
3291 1497 3353 1541 ut
3389 1486 3649 1558 Cyzicum

2069 1574 2277 1630 rediret
2305 1574 2654 1633 cohortatum
2678 1593 2801 1635 esse
2826 1596 2843 1634 :
2877 1580 3033 1635 illum
3065 1594 3200 1635 vero
3227 1579 3460 1645 dixisse,
3486 1595 3548 1636 se
3577 1578 3650 1634 de

2067 1680 2272 1724 caetero
2306 1684 2433 1725 cum
2465 1678 2546 1727 eis
2579 1672 2675 1740 qui
2709 1686 2771 1726 se
2801 1682 3124 1741 suSpeeturu
3162 1673 3431 1728 haberent
3452 1716 3467 1737 ,
3499 1673 3653 1727 futu-

2068 1778 2189 1817 rum
2216 1779 2325 1819 non
2351 1777 2494 1828 esse,
2525 1771 2966 1834 praetextumque
2999 1780 3129 1818 eum
3155 1762 3514 1819 discessionis
3538 1778 3654 1818 sua:

2066 1854 2430 1911 obtendisse:
2485 1871 2612 1911 cum
2668 1871 2863 1911 revera
2910 1873 3079 1911 causa
3129 1856 3218 1912 illa
3271 1866 3454 1921 esset,
3502 1857 3652 1926 quod

2067 1960 2460 2020 praaceptorem
2520 1965 2684 2005 suum
2749 1948 2971 2006 Aetium
3012 1959 3299 2021 receptum
3363 1967 3475 2007 non
3527 1966 3654 2007 esse

2065 2059 2209 2115 aegre
2248 2042 2457 2101 terret:
2498 2043 2895 2113 hominemque
2940 2043 2997 2098 in
3030 2052 3216 2115 empto
3250 2058 3353 2098 suo
3398 2059 3653 2114 perseve-

2066 2151 2220 2192 rasse
2242 2176 2257 2200 ,
2292 2147 2352 2191 et
2384 2135 2525 2191 nihil
2566 2136 2636 2192 de
2668 2136 2859 2205 priore
2893 2137 3160 2206 Opinione
3199 2152 3296 2192 sua
3343 2144 3651 2192 mutantem

2065 2229 2345 2299 privatum
2393 2228 2619 2283 vixisse.
2663 2227 2731 2283 Et
2783 2227 2902 2283 hac
2952 2227 3178 2297 quidem
3231 2229 3325 2282 alii
3379 2228 3449 2283 ad
3504 2229 3655 2283 hunc

2064 2319 2326 2384 modum,
2371 2318 2464 2373 alii
2516 2335 2644 2374 vero
2686 2317 2852 2374 aliter
2899 2320 3146 2375 tradunt.
3201 2319 3461 2376 Sedeuiin
3530 2321 3653 2378 sive

2064 2412 2376 2467 Eunomius
2420 2427 2521 2467 seu
2556 2411 2649 2467 alii
2701 2412 2929 2482 quidam
2985 2412 3345 2469 traditionem
3388 2414 3655 2485 baptismi

2066 2507 2407 2562 innovarunt
2431 2545 2445 2568 .
2477 2505 2581 2561 soli
2617 2505 2700 2561 illi
2735 2506 3049 2577 periculosa
3087 2506 3191 2563 ista
3228 2509 3443 2564 ratione
3477 2508 3655 2563 divini

2063 2602 2321 2672 baptismi
2352 2613 2611 2672 expertes
2641 2601 2777 2656 mihi
2807 2616 2839 2657 e
2877 2600 2989 2656 vita
3024 2602 3337 2657 excessisse
3368 2603 3651 2658 videntur.

2063 2695 2122 2751 Si
2149 2694 2297 2749 enim
2349 2696 2451 2765 ipsi
2501 2695 2572 2748 ab
2622 2693 2783 2748 initio
2835 2707 3058 2764 recepta
3104 2697 3510 2753 consuetudine
3554 2696 3656 2751 ba-

2065 2789 2279 2856 ptizati,
2302 2789 2541 2856 primum
2564 2788 2781 2857 seipsos
2822 2787 3167 2858 rebaptizare
3191 2803 3299 2843 non
3324 2797 3651 2859 potuerunt,

2064 2893 2159 2937 aut
2185 2882 2333 2951 quod
2358 2881 2412 2936 in
2437 2882 2573 2952 ipsis
2601 2897 2710 2936 non
2731 2880 2955 2946 accidit,
2982 2880 3146 2951 primi
3180 2881 3651 2939 introduxerunt:

2064 2977 2326 3046 quodque
2371 2990 2553 3045 neque
2593 2976 2698 3044 ipsi
2748 2990 2848 3045 per
2893 2990 2954 3030 se
3001 2976 3286 3042 habuere,
3322 2992 3506 3048 neque
3553 2991 3653 3047 per

2062 3069 2203 3125 alios
2231 3084 2519 3140 accepere,
2549 3070 2599 3122 id
2628 3070 2681 3122 in
2710 3069 2853 3124 alios
2885 3069 3255 3125 contulerunt
3280 3088 3296 3124 :
3330 3085 3457 3125 cum
3485 3086 3652 3141 super

2065 3165 2225 3219 initio
2254 3174 2310 3219 et
2344 3163 2703 3218 fundamento
2735 3162 2885 3234 quod
2919 3163 3231 3218 subsistere
3270 3175 3515 3234 nequeat
3540 3165 3647 3235 (ὅ).

2062 3268 2275 3325 suaque
2324 3253 2570 3323 ipsorum
2622 3253 2943 3323 arrogantia
2968 3293 2983 3317 ,
3016 3253 3216 3324 dogma
3251 3253 3357 3310 hoc
3403 3254 3656 3310 institue—

2063 3356 2233 3403 runt:
2269 3356 2385 3402 tum
2423 3362 2547 3417 quae
2580 3347 2684 3418 ipsi
2718 3362 2828 3401 non
2861 3355 3225 3417 acceperunt,
3256 3346 3380 3404 aliis
3414 3350 3655 3404 tradide-

2065 3449 2217 3506 runt,
2269 3438 2418 3509 quod
2465 3452 2599 3491 sane
2647 3436 2881 3491 stultum
2932 3451 2997 3491 ac
3042 3437 3305 3492 stolidum
3348 3448 3455 3493 est.
3510 3439 3650 3495 Illud

2062 3534 2212 3587 enim
2247 3546 2346 3587 sua
2395 3530 2563 3585 etiam
2600 3530 2848 3599 ipsorum
2895 3527 3248 3586 confessione
3284 3539 3519 3601 constat,
3554 3533 3652 3603 qui

369 3630 656 3686 orationes
693 3628 1019 3687 scribendas
1044 3647 1155 3687 non
1190 3635 1435 3704 ineptus,
1464 3638 1820 3693 contentiosa
1843 3639 1957 3694 dis-
1984 3664 2027 3719 ο
2065 3627 2182 3695 ipse
2229 3625 2487 3696 baptismi
2532 3623 2707 3679 Sacris
2733 3621 2986 3679 ί¹¹ίίί³ι¹³³
3032 3638 3145 3679 ¹¹⁰¹¹
3194 3624 3291 3719 Sil:
3335 3641 3465 3680 eum
3513 3626 3653 3681 an”

372 3719 600 3791 putandi
650 3738 854 3795 genere
910 3734 970 3779 et
1025 3725 1361 3797 syllogismis
1416 3729 1704 3798 gaudens;
1762 3733 1958 3799 quales

370 3824 675 3870 sectatores
721 3818 845 3883 ejus
894 3815 1079 3873 adhuc
1131 3820 1337 3874 multos
1390 3821 1580 3876 videre
1627 3830 1732 3877 cst.
1773 3842 1793 3875 ι
1830 3824 1954 3878 Non

370 3916 480 3961 tam
515 3908 665 3962 enim
713 3907 792 3964 illi
838 3909 1003 3964 vitam
1041 3910 1366 3976 honestam,
1401 3928 1585 3968 mores
1633 3926 1858 3971 sanctos
1899 3926 1959 3972 et

372 4001 664 4069 benignam
713 4017 843 4070 erga
881 4018 1086 4072 egenos
1133 4005 1611 4071 misericordiam,
1662 4010 1707 4063 si
1762 4009 1955 4064 eadem

371 4111 495 4149 cum
534 4095 670 4172 ipsis
704 4098 969 4163 sentiant,
1010 4113 1177 4168 quam
1214 4100 1261 4153 si
1292 4101 1420 4169 quis
1452 4102 1804 4159 contentiose
1832 4104 1952 4160 dis-

370 4206 585 4255 serere.
614 4202 671 4246 ct
702 4193 1037 4263 syllogismis
1064 4203 1233 4263 atque
1268 4195 1798 4254 ratiocinationibus
1831 4200 1958 4255 vin-

372 4299 502 4339 cere
531 4284 808 4350 videatur,
847 4288 1099 4345 laudant.
1136 4288 1300 4345 Tales
1330 4307 1568 4363 namque
1600 4294 1806 4363 pietate
1844 4310 1962 4348 rna-

367 4379 488 4447 jore
518 4393 685 4448 supra
723 4393 918 4434 omnes
950 4395 1072 4437 esse
1111 4382 1505 4439 existimantur
1532 4404 1545 4441 :
1579 4387 1744 4441 siculi
1774 4387 1957 4442 Theo-

374 4472 648 4541 phronius
696 4471 993 4543 Cappadox
1046 4485 1106 4530 et
1161 4474 1505 4546 Eutychius,
1568 4490 1736 4535 secta:
1793 4479 1964 4551 hujus

376 4566 633 4631 studiosi,
668 4567 762 4638 qui
790 4568 1098 4625 obtinentis
1128 4569 1295 4641 hujus
1319 4572 1540 4641 imperii
1576 4581 1827 4643 tempore
1851 4571 1957 4643 (Ξ),

372 4662 588 4729 δυσερεοε
641 4659 711 4715 ab
770 4660 1014 4717 Ecclesia
1078 4664 1482 4725 rescindentes.
1541 4679 1670 4720 cum
1728 4666 1963 4722 in‘aliis

374 4758 539 4808 rebus
572 4767 639 4807 ex
685 4754 939 4809 Eunomii
975 4758 1368 4825 epinioiiibus,
1412 4768 1526 4813 tum
1568 4760 1622 4814 in
1671 4775 1829 4816 sacro
1865 4762 1961 4816 ba-

373 4846 573 4917 ptismo
607 4862 697 4902 res
726 4862 901 4903 novas
940 4849 1323 4916 induxerunt,
1362 4867 1472 4906 non
1512 4853 1566 4907 in
1600 4851 1957 4920 Trinitatem,

373 4939 472 4996 sed
503 4941 557 4995 in
581 4938 787 4997 Christi
818 4954 1052 4998 mortem
1088 4947 1481 5014 baptizandum
1512 4962 1635 5002 esse
1667 4949 1959 5003 docentes.

2067 3721 2348 3790 baptizare
2394 3734 2501 3773 non
2552 3732 2755 3789 posse:
2794 3716 2889 3785 qui
2944 3731 3075 3771 vero
3107 3717 3427 3774 traditionis
3457 3735 3651 3775 eorum

2067 3830 2222 3869 more
2268 3812 2581 3883 baptizatus
2630 3826 2740 3866 non
2773 3810 2878 3873 sit,
2911 3825 3039 3865 eum
3084 3826 3184 3881 pro
3226 3828 3338 3866 non
3376 3813 3653 3884 baptizata

2066 3908 2137 3963 ab
2179 3908 2262 3962 eis
2292 3905 2506 3967 haberi.
2541 3915 2602 3960 ut
2643 3903 2739 3976 qui
2774 3919 2883 3959 non
2918 3903 3166 3975 legitime
3198 3914 3548 3960 sacramento
3582 3922 3650 3961 eo

2070 4002 2324 4057 initiatus
2355 4001 2449 4054 sit.
2482 3999 2784 4055 Testantur
2808 3998 2915 4053 hoc
2942 4001 3185 4068 ipsimet,
3209 3999 3340 4055 dum
3375 4017 3656 4071 quoscun-

2067 4112 2177 4167 que
2214 4096 2269 4150 in
2299 4094 2633 4150 sententiam
2667 4107 2825 4147 suam
2859 4105 3205 4163 pertraxere,
3239 4095 3459 4151 etiamsi
3491 4106 3654 4153 antea

2069 4192 2230 4246 statis
2275 4188 2566 4245 catholica:
2615 4186 2874 4242 Ecclesiae
2919 4189 3271 4244 caeremoniis
3322 4191 3479 4245 tincti
3517 4190 3653 4255 sint,

2068 4286 2437 4356 rebaptizant.
2483 4283 2616 4349 Quae
2660 4281 2881 4337 nevitas
2931 4296 3042 4335 non
3088 4296 3282 4350 parum
3326 4282 3652 4354 religionem

2070 4380 2346 4443 turbavit,
2390 4389 2446 4434 et
2491 4375 2984 4433 Christianismum
3017 4377 3656 4446 susciperevvolentibus

2069 4487 2297 4549 propter
2326 4474 2642 4543 dogmatum
2672 4470 3078 4525 dissensionem
3106 4468 3269 4527 valde
3303 4471 3541 4527 obstitit.
3581 4472 3656 4527 De

2071 4571 2343 4628 Eunomio
2375 4583 2541 4639 porro
2580 4575 2636 4622 et
2683 4567 2843 4622 Aetio
2888 4565 3022 4620 illud
3053 4564 3259 4621 addere
3284 4566 3443 4633 libet,
3476 4566 3655 4621 Euno-

2069 4668 2267 4722 miana:
2313 4662 2538 4717 ltznresis
2570 4668 2855 4715 auctorem
2907 4660 3150 4730 primum
3195 4660 3416 4714 Actium
3449 4660 3650 4731 Syrum

2069 4757 2281 4813 luisse:
2313 4765 2371 4811 et
2408 4753 2567 4825 125
2598 4753 2690 4824 qui
2731 4752 2889 4823 juxta
2933 4753 3049 4807 Arii
3080 4754 3413 4809 sententiam
3446 4752 3650 4810 Filium

2070 4854 2222 4909 Patri
2277 4850 2638 4921 inmqualetn,
2688 4858 3054 4919 creatumque
3101 4863 3263 4911 esse.
3320 4858 3377 4903 et
3423 4865 3487 4905 ex
3544 4865 3651 4904 non

2068 4946 2467 5003 exsistentibus
2495 4942 2775 4998 exstitisse
2804 4941 3071 4997 decrevit.
3106 4941 3172 4998 Et
3202 4943 3295 5011 qui
3333 4944 3652 5014 opinionem

374 5034 706 5090 Eunomium
758 5050 890 5092 Sane
954 5039 1122 5107 aliqui
1183 5038 1385 5093 dicunt
1439 5040 1575 5093 nihil
1636 5041 1738 5094 hac
1792 5043 1847 5095 in
1903 5057 1961 5096 re
1995 5024 2037 5077 ί)
2067 5058 2187 5098 eam
2224 5038 2639 5109 approbarunt,
2689 5035 2906 5091 Aetiani
2953 5036 3107 5103 prius
3157 5049 3285 5091 sunt
3323 5037 3477 5092 dicti.
3514 5038 3650 5091 Cum

374 5146 634 5198 navasse,
676 5130 774 5188 sed
807 5134 1280 5204 quetnadmodum
1315 5137 1385 5190 ab
1422 5135 1581 5189 initio
1616 5147 1882 5205 cwpcrat.
1911 5136 1967 5190 in

445 5274 524 5343 (ί)
557 5272 782 5344 Sozam.
820 5273 922 5328 lib.
957 5290 1033 5340 vi,
1064 5274 1303 5344 cap.26.

443 5344 521 5416 (’2)
552 5343 853 5399 Theodosii
880 5343 1143 5400 Junioris
1188 5348 1480 5415 imperium
1515 5344 1962 5415 intelligendum,

371 5416 438 5471 ad
487 5432 654 5484 quem
708 5416 1008 5471 Historiam
1059 5433 1214 5471 suam
1257 5419 1690 5473 ecclesiasticam
1744 5418 1967 5486 scripsit

371 5488 735 5550 Sozomenus,
783 5488 943 5558 cujus
988 5504 1051 5542 ea
1099 5498 1230 5543 sunt
1264 5494 1430 5544 verba
1475 5490 1573 5543 lib.
1608 5506 1682 5548 νι,
1717 5505 1839 5557 cap.
1871 5489 1961 5541 26.

371 5559 630 5633 Socrates
684 5570 975 5633 propterea
1012 5560 1346 5615 Eunomium
1394 5560 1594 5633 Cyzico
1640 5560 1956 5613 Constanti—

373 5630 615 5700 napolim
668 5631 734 5684 ad
781 5629 1088 5685 Eudoxium
1128 5648 1411 5688 reversum
1444 5629 1575 5686 esse
1615 5643 1669 5685 et
1717 5647 1841 5684 cum
1887 5645 1955 5683 eo

373 5702 640 5755 mansisse
671 5703 828 5768 dicit,
862 5705 1005 5772 quod
1030 5705 1285 5774 Cyziceni
1321 5721 1427 5758 non
1471 5704 1711 5759 terentes
1741 5702 1957 5768 ampul-

374 5773 547 5844 losam
586 5774 706 5844 ejus
735 5773 1102 5841 lOtjltﬂllli‘tttt,
1150 5777 1433 5831 hominem
1465 5777 1599 5828 urbe
1646 5777 1953 5843 cwgeriut.

389 5843 445 5898 In
481 5846 791 5916 prolixitatc
842 5850 987 5901 enim
1039 5848 1305 5901 orationis
1345 5848 1464 5916 ejus
1503 5858 1553 5901 ct
1608 5846 1954 5915 inmtiloquio

2075 5141 2301 5194 autem,
2355 5127 2823 5199 quemadmodum
2880 5137 3041 5183 antea
3092 5129 3372 5195 diximus,
3428 5130 3653 5200 quidam

2073 5274 2266 5342 ingens
2316 5269 2416 5323 fuit
2462 5270 2863 5342 sententiarum
2899 5266 3151 5342 penuria,
3189 5266 3406 5342 Etcum
3454 5268 3655 5339 longos

2071 5337 2489 5409 conscripsisset
2543 5340 2593 5392 in
2653 5339 2942 5406 epistolam
2994 5337 3147 5409 Pauli
3198 5340 3264 5392 ad
3316 5337 3655 5395 liom.com-

2075 5408 2398 5476 mentarios,
2452 5422 2635 5464 tunen
2690 5413 2733 5464 is
2782 5425 3015 5481 scopum
3056 5408 3204 5463 Pauli
3252 5419 3561 5481 pertingere
3601 5426 3659 5469 et

2076 5485 2293 5553 assequi
2330 5500 2433 5534 non
2466 5484 2709 5551 potuisso‘.
2742 5482 2967 5533 dicitur.
2993 5478 3118 5553 Lib.
3153 5496 3225 5542 tv,
3262 5498 3313 5553 e.
3359 5480 3415 5533 9.

2148 5551 2232 5624 (5}
2269 5554 2485 5607 'Eodem
2544 5560 2875 5620 argumento
2926 5551 3003 5604 uti
3065 5552 3411 5624 temporibus
3451 5553 3659 5608 nostris

2066 5622 2375 5697 possemus.
2411 5627 2462 5677 in
2499 5623 2808 5677 refutandis
2844 5625 2925 5675 eis
2955 5624 3047 5690 qui
3088 5638 3283 5676 manus
3316 5622 3437 5697 aliis
3473 5625 3653 5692 impo-

2066 5694 2199 5753 nere
2235 5698 2462 5760 audent,
2505 5710 2629 5749 eum
2681 5709 2799 5747 eam
2854 5704 3180 5762 potestatem
3231 5709 3343 5748 non
3395 5694 3656 5762 habeant,

2065 5779 2121 5825 et
2162 5768 2468 5824 consecrati
2503 5780 2730 5837 prorsus
2771 5780 2877 5820 non
2913 5764 3045 5818 sint.
