4050 6244
338 263 446 334 ﬁll

1564 271 1988 334 NICEPIIORI
2034 271 2382 335 αλιι,Ιὸτί

3517 266 3625 335 619

343 382 501 436 exire
527 384 584 435 et
612 376 808 450 procul
841 391 965 435 esse
1001 376 1261 451 jussisset
1302 393 1319 433 :
1351 392 1530 449 neque
1571 379 1929 449 Apollinaris,
1962 390 2003 442 Α
2039 396 2146 437 non
2179 380 2479 453 persuasit,
2512 395 2751 438 moerere
2780 390 3072 454 correptus
3096 380 3402 439 Ecelesiam
3434 380 3627 437 turba-

346 488 529 544 neque
554 474 677 543 ejus
702 482 882 545 pater,
922 489 1103 542 neque
1131 475 1296 528 etiam
1333 473 1477 527 alius
1511 474 1791 542 quispiam
1833 472 1931 542 qui

345 569 424 623 ibi
463 566 700 623 aderant
729 566 1203 628 Christianorum,
1239 579 1305 620 ex
1354 564 1637 619 auditorio
1678 564 1932 620 secessit.

348 662 404 716 ll
430 673 725 730 postquam
750 659 978 716 rescivit
998 659 1325 715 Theodotus
1348 658 1668 731 cpiscopus,
1703 663 1934 713 moleste

350 756 495 811 tulit.
532 755 597 810 lit
629 756 755 812 aliis
781 754 1007 826 quidem
1035 769 1103 809 ex
1126 753 1331 823 populo
1362 754 1720 825 aliquatenus
1738 752 1936 824 objur-

346 848 524 917 gatis.
583 849 817 919 gratiam
871 846 1061 903 delicti
1113 846 1247 901 fecit
1302 864 1318 902 :
1374 846 1741 916 Apollinarim
1794 859 1935 900 vero

355 953 663 1013 utrumque
691 957 815 997 cum
848 942 932 998 eis
969 941 1252 1013 propalam
1290 949 1579 1010 piceattttu
1608 939 1934 1008 obiecisset,

349 1035 421 1090 ab
464 1034 709 1091 Ecclesia
750 1034 1085 1107 segregavit.
1121 1035 1296 1090 Erant
1329 1035 1479 1088 enim
1526 1033 1745 1097 clerici,
1776 1042 1936 1104 pater

350 1129 575 1196 quidem
608 1129 924 1202 presbyter,
954 1128 1103 1184 lllius
1139 1144 1272 1183 vero
1293 1143 1581 1183 sacrarum
1613 1127 1938 1198 Scriptura-

352 1241 476 1280 rum
518 1224 702 1279 adltue
734 1226 931 1278 lector.
970 1222 1367 1277 Intercessc-rat
1397 1220 1609 1292 aliquid
1640 1224 1937 1294 temporis,

350 1327 412 1373 ct
443 1331 561 1383 eos,
595 1325 885 1389 postquam
919 1316 1177 1388 lacrymis
1220 1325 1277 1370 ct
1316 1314 1547 1387 jejuuiis
1578 1315 1789 1372 crimen
1834 1317 1938 1373 ad-

354 1411 585 1467 missum
617 1412 954 1482 pmnitentes
1002 1408 1401 1474 abolevissent,
1450 1407 1777 1466 Theodotus
1817 1427 1940 1467 rur-

351 1517 477 1557 sum
537 1502 595 1557 in
662 1501 897 1571 gratiam
959 1505 1194 1571 recepit.
1249 1497 1354 1555 Ubi
1419 1511 1606 1556 autem
1666 1501 1939 1577 Georgius

352 1596 738 1667 episcopatum
766 1603 854 1649 est
879 1595 1133 1664 adeptus,
1169 1603 1227 1646 et
1253 1593 1588 1662 Apollinaris
1611 1610 1737 1649 eum
1768 1597 1940 1654 Atha-

2039 476 2138 539 rit,
2187 486 2245 532 et
2297 475 2552 547 dogmate
2604 490 2753 531 novo
2792 474 3048 532 ltatresim
3098 490 3256 530 suam
3298 474 3626 535 introduxit.

2036 572 2221 641 quoad
2265 570 2449 639 putuit
2481 584 2495 622 :
2531 570 2856 640 compositis
2885 579 3008 625 arte
3040 569 3415 632 orationibus,
3442 568 3628 624 iuimi-

2022 679 2164 717 cum
2199 664 2494 726 ulciscens.
2530 672 2587 719 et
2617 663 2767 734 quod
2791 677 2853 720 se
2885 664 2940 717 in
2971 677 3256 719 sacrarum
3284 659 3620 717 Litterarum

2038 755 2293 810 doctrina
2327 755 2423 810 illo
2452 754 2901 826 prastautiorem
2927 760 3345 810 exauctorasset
3366 768 3624 824 arguens.

2037 849 2118 903 Ad
2156 850 2307 905 hunc
2335 850 2563 905 modum
2599 848 2817 905 scilicet
2844 847 3078 919 privatae
3102 846 3456 909 clericorum,
3488 855 3628 900 tem-

2037 961 2171 1017 pore
2198 943 2469 1016 quolbet,
2499 943 2825 1007 inimicitiae,
2850 942 3093 998 maxime
3118 940 3425 997 Ecclesiam
3453 938 3628 994 detrio

2041 1048 2230 1094 mento
2278 1037 2537 1101 aﬂ‘ecere,
2591 1046 2652 1093 et
2693 1037 3026 1107 religionem
3086 1037 3141 1089 in
3192 1042 3376 1091 sectas
3428 1033 3632 1089 multas

2037 1133 2384 1188 dit-secuere.
2427 1130 2484 1187 Id
2517 1130 2647 1187 inde
2676 1132 2816 1188 satis
2842 1130 3045 1201 liquet.
3074 1128 3131 1184 Si
3161 1127 3313 1201 enim
3342 1127 3532 1183 itidem
3572 1137 3632 1180 ut

2039 1223 2383 1283 Theodotus,
2422 1220 2695 1294 Georgius
2735 1234 2962 1292 quoque
3004 1217 3371 1291 penitentem
3420 1214 3635 1295 Apollio'

2038 1317 2220 1373 narim
2251 1314 2617 1388 suscepisset,
2662 1313 2895 1370 haeresis
2920 1327 3048 1384 quae
3075 1311 3149 1367 ab
3187 1325 3257 1367 eo
3289 1324 3497 1365 nomen
3532 1308 3632 1364 ba-

2042 1411 2155 1476 bet,
2201 1420 2265 1466 ut
2303 1424 2408 1482 ego
2454 1407 2685 1478 quidem
2733 1418 2905 1480 puto,
2946 1422 3060 1461 non
3095 1413 3365 1461 exstaret.
3404 1402 3631 1473 Ingenia

2040 1518 2282 1569 namque
2300 1502 2591 1558 hominum
2615 1502 2662 1556 si
2686 1499 2896 1573 despici
2925 1515 2988 1556 se
3007 1498 3256 1565 videant,
3279 1506 3628 1567 arrogantem

2040 1598 2328 1653 audaciam
2381 1596 2735 1668 concipiunt.
2779 1604 2840 1651 et
2883 1591 3258 1650 eontendendi
3304 1590 3492 1648 studio
3539 1601 3633 1646 res

355 1691 514 1745 nasio
564 1686 919 1745 latuiliariter
968 1687 1094 1750 l‘uit,
1145 1686 1617 1758 quemadmodum
1668 1689 1935 1759 diximus,
1973 1752 2010 1761 _
2043 1706 2215 1747 novas
2243 1689 2574 1747 moliuntur.
2604 1692 2675 1744 At
2705 1687 2753 1746 si
2782 1687 2840 1744 id
2871 1688 3020 1761 quod
3059 1702 3285 1759 aequum
3312 1696 3401 1743 est
3432 1698 3635 1743 conse—

353 1784 897 1841 exenmmunicatum
941 1797 1071 1839 cum
1104 1782 1348 1837 Ecclesia
1379 1783 1589 1853 exegit.
1633 1784 1815 1855 Atque
1845 1785 1940 1842 ille

355 1893 501 1950 saepe
530 1877 830 1951 Georgium
855 1878 1090 1943 dicitur,
1123 1886 1183 1931 ut
1217 1882 1273 1931 tn
1312 1877 1765 1934 comnumionem
1798 1878 1943 1936 reci-

356 1988 605 2048 peretur,
644 1975 1001 2048 deprecando
1027 1976 1374 2031 nbsecrassc.
1407 1971 1612 2044 verum
1648 1977 1744 2030 ubi
1780 1975 1834 2032 id
1864 1975 1943 2031 illi

2044 1796 2320 1858 qnuntur,
2362 1785 2432 1841 ad
2472 1783 2914 1842 moderationem
2938 1794 3000 1840 se
3031 1779 3188 1849 dant,
3225 1787 3286 1838 et
3328 1788 3481 1836 sorte
3529 1790 3632 1836 sua

2049 1878 2301 1936 contenti
2335 1886 2470 1935 sunt
2499 1878 2603 1951 (l).

1672 2140 1832 2213 ηπ
1866 2138 2094 2197 cum
2135 2137 2281 2196 xm.

439 2255 532 2322 'Dz,
572 2255 894 2323 Βασίλειος
921 2254 1022 2310 καὶ
1044 2257 1378 2329 Γρηγόριος
1418 2250 2549 2397 ἇμφὲἳήἀᾶζιὲιξὲσᾶῗςᾶκῶῗζ
2577 2250 2680 2308 καὶ
2730 2250 3190 2323 Ἄπολλιναρίου
3239 2249 3520 2323 ἔγραψαν
3540 2265 3557 2282 ⁸

433 2443 504 2501 Ut
536 2443 772 2502 Basilius
802 2454 853 2500 et
890 2444 1175 2520 Gregorius
1209 2456 1428 2518 uterque
1463 2444 1622 2501 libros
1663 2445 2005 2520 refractarios
2043 2455 2230 2520 contra
2263 2441 2584 2520 Brittanniam
2617 2451 2669 2498 et
2707 2440 3105 2515 Apollinarium
3134 2444 3484 2516 scripserint:
3511 2452 3565 2499 et

1297 2515 1415 2589 m-
1439 2522 1663 2575 istornm
1688 2517 2057 2572 haereticorum
2087 2516 2283 2588 fuerint
2319 2515 2621 2584 opiniones.

433 2637 788 2700 l'luuotuium,
833 2637 983 2710 quod
1028 2637 1311 2705 diximus,
1354 2634 1546 2692 eadem
1598 2651 1725 2691 cum
1780 2632 1943 2689 Aetio

356 2733 570 2791 sentire
598 2733 785 2805 negari
819 2746 930 2788 non
982 2741 1166 2803 potest
1196 2730 1298 2802 (2).
1334 2730 1469 2786 Nam
1492 2740 1548 2786 et
1577 2730 1695 2801 ipse
1721 2730 1945 2784 Aetium

357 2833 753 2897 praeeptorem
796 2823 1007 2893 jactat,
1057 2831 1115 2878 et
1160 2821 1217 2877 ld
1268 2819 1326 2877 in
1378 2821 1605 2894 scriptis
1653 2822 1772 2892 ipse
1827 2819 1948 2876 suis

2044 2632 2143 2689 sed
2189 2648 2220 2690 a
2261 2631 2539 2705 principio
2581 2633 2860 2690 carnalem
2905 2632 3057 2689 illam
3111 2643 3367 2690 naturam
3410 2632 3468 2690 in
3497 2633 3640 2692 Filio

2046 2726 2243 2784 fuisse.
2291 2730 2472 2799 Atque
2514 2741 2811 2798 perperam
2860 2737 3155 2797 acceptum
3204 2727 3418 2785 dictum
3463 2732 3638 2800 quod-

2051 2821 2181 2876 dam
2246 2820 2629 2892 evangelicum
2700 2829 2964 2891 tanquam
3024 2819 3407 2877 testimonium
3472 2832 3640 2879 tanta;

358 2922 550 2988 aperte
583 2925 840 2973 testatur.
890 2915 1262 2983 Apollinarem
1294 2932 1425 2972 vero
1484 2915 1653 2972 etiam
1683 2928 1951 2971 accusans
1976 2951 2026 3012 ϐ
2052 2914 2385 2972 absurditati
2434 2914 2751 2985 praetendit,
2797 2914 2990 2972 dicens
3028 2932 3046 2970 :
3092 2912 3262 2972 Nemo
3302 2919 3545 2973 ascendit
3584 2919 3642 2973 ἰιι

356 3011 660 3085 Gregorius
695 3011 962 3069 Naaianzi
999 3011 1318 3084 episcopus,
1355 3010 1410 3065 iu
1444 3009 1677 3081 epistola
1705 3009 1944 3079 quadam
1987 3007 2024 3012 “
2053 3008 2265 3074 caelum,
2297 3010 2404 3064 nisi
2440 3009 2532 3081 qui
2571 3025 2602 3066 ε
2631 3007 2762 3065 coelo
2797 3009 3091 3076 descendit,
3136 3010 3305 3067 Filius
3336 3013 3563 3069 hominis
3599 3015 3642 3070 '.

358 3108 430 3163 ad
473 3107 799 3163 Nectarium
836 3105 1468 3177 Constantitmpolitanzc
1505 3103 1765 3160 Ecclesiae
1796 3118 1945 3175 prae-

360 3201 562 3261 sidem.
601 3203 716 3257 lucc
736 3199 936 3257 scribit
968 3217 985 3255 :
1018 3218 1038 3252 ι
1059 3199 1128 3256 Et
1161 3199 1560 3256 detrimentum
1589 3198 1813 3270 quidem
1842 3211 1948 3252 no-

358 3305 563 3362 strum,
615 3292 766 3366 quod
817 3295 873 3350 in
910 3295 1037 3353 sinu
1085 3306 1278 3350 nostro
1320 3293 1591 3355 foretuus,
1638 3293 1948 3350 Eunomius

362 3387 593 3444 minime
630 3403 699 3443 eo
751 3385 902 3458 quod
950 3386 1187 3458 alicujus
1232 3386 1476 3454 nominis
1519 3390 1617 3450 slt,
1651 3394 1951 3443 contentus

360 3495 447 3542 est
479 3499 499 3540 :
526 3499 720 3539 verum
770 3480 878 3537 nisi
910 3496 1108 3538 omnes
1149 3496 1257 3536 una
1301 3494 1493 3536 secum
1539 3482 1595 3536 in
1638 3480 1946 3551 perniciem

364 3575 670 3645 pertraliat,
693 3573 970 3645 jacturam
1015 3570 1072 3627 id
1129 3586 1253 3628 esse
1288 3571 1522 3642 judicat.
1559 3570 1824 3628 Sedenim
1868 3580 1952 3626 to-

361 3668 591 3725 leranda
616 3669 737 3723 haec
759 3666 985 3737 quidem
1019 3674 1171 3722 sunt.
1194 3663 1355 3733 Quod
1386 3675 1573 3721 autem
1601 3666 1657 3719 lu
1689 3663 1953 3722 Ecclesia

361 3763 775 3820 calamitatibus
802 3777 1006 3817 censeo
1062 3767 1227 3833 longe
1281 3760 1694 3831 gravissimum,
1751 3759 1959 3833 Apolli-

362 3859 700 3916 naristarum
747 3864 833 3911 est
876 3854 1203 3926 impunitas.
1240 3852 1391 3921 Quos
1446 3853 1636 3910 nescio
1672 3857 1955 3926 quomodo

360 3952 634 4008 sanctitas
681 3958 775 4005 tua
823 3947 1077 4020 negligit,
1126 3946 1494 4003 concionandi
1533 3958 1955 4021 conventusque

366 4044 603 4116 cogendi
656 4042 941 4098 licentiam
992 4056 1153 4112 aequa
1209 4042 1502 4097 nobiscum
1566 4049 1843 4113 potestate
1895 4049 1957 4097 et

362 4139 641 4210 dignitate
667 4136 773 4193 sibi
806 4133 912 4206 ipsi
944 4142 1299 4204 usurpantes.
1329 4132 1411 4189 Tu
1445 4133 1698 4202 quidem,
1730 4134 1827 4206 qui
1857 4149 1958 4206 per

364 4231 553 4289 omnia
586 4245 817 4301 prorsus
855 4229 1014 4300 juxta
1045 4227 1142 4283 Dei
1176 4228 1411 4299 gratiam
1444 4226 1501 4282 in
1533 4226 1742 4284 divinis
1765 4227 1955 4283 erudi-

2060 3108 2140 3163 Ita
2174 3118 2235 3162 ut
2268 3107 2593 3179 priusquam
2632 3105 3009 3172 descenderit,
3038 3105 3160 3176 ipse
3183 3105 3359 3163 Filius
3389 3106 3634 3166 hominis

2058 3200 2232 3256 luerit
2276 3219 2290 3254 :
2335 3210 2394 3257 et
2436 3199 2812 3266 descenderit,
2849 3214 3007 3258 suam
3054 3199 3204 3255 illam
3239 3201 3498 3259 deferens
3529 3217 3653 3259 car-

2059 3312 2213 3361 nem,
2268 3311 2436 3368 quam
2491 3295 2545 3351 in
2593 3295 2738 3352 ctelo
2783 3293 3047 3352 habuerit
3089 3301 3543 3353 antesaecularent
3588 3307 3648 3355 et

2058 3390 2605 3455 consubstantiatam
2645 3388 2750 3463 (ι).
2779 3388 2844 3445 Et
2868 3403 3066 3455 rursus
3090 3391 3453 3462 apostolicam
3485 3393 3649 3450 aliam

2042 3484 2275 3558 ,ιιι-ιιΐιειιι
2298 3498 2492 3541 vocem
2519 3501 2535 3538 :
2562 3483 2872 3543 secundum
2915 3483 3197 3540 hominem
3231 3499 3263 3535 ο
3281 3488 3426 3542 coelo
3452 3501 3601 3545 esse.
3626 3507 3646 3540 ι

2062 3577 2271 3633 Deinde.
2302 3576 2546 3641 instituit
2573 3577 2858 3633 hominem
2886 3577 3043 3634 illtnu
3070 3579 3166 3650 qui
3202 3593 3235 3634 e
3264 3583 3407 3636 ccio
3441 3596 3656 3639 reuertt

2059 3683 2305 3737 mentem
2360 3685 2472 3728 non
2528 3670 2779 3735 habere,
2834 3672 2930 3737 sed
2976 3671 3325 3727 divinitatem
3373 3674 3653 3747 Unigeniti

2064 3777 2320 3832 naturam
2366 3765 2934 3835 mentisadimplerc,
2970 3774 3030 3822 ut
3059 3782 3182 3839 quae
3211 3770 3290 3838 (5)
3328 3784 3460 3840 pars
3494 3771 3654 3827 tertia

2048 3863 2323 3921 .ltumame
2350 3859 2848 3933 coagtuentationis
2892 3860 2965 3915 sit
3009 3860 3176 3929 facta,
3221 3863 3405 3927 anima
3441 3873 3500 3919 et
3533 3878 3654 3918 enr-

2045 3966 2203 4024 ;pore
2249 3950 2576 4008 humanitus
2625 3949 2775 4015 circa
2832 3967 2955 4007 eam
2998 3954 3425 4021 exsisteutibus,
3472 3967 3659 4013 mente

2064 4043 2175 4101 illis
2198 4043 2537 4110 decollante,
2566 4052 2626 4101 et
2656 4044 2832 4100 verbo
2856 4044 2949 4100 llei
2983 4046 3167 4100 locum
3190 4046 3314 4118 ejus
3339 4047 3655 4102 obtinente.

2065 4141 2250 4210 Atque
2281 4138 2543 4208 equidem
2591 4135 2841 4193 nondum
2881 4138 2991 4193 ltuc
3032 4153 3203 4210 grave
3250 4151 3339 4196 est
3367 4151 3660 4211 spectat-u-

2066 4230 2207 4287 lum.
2262 4229 2471 4287 Verum
2534 4227 2674 4285 illud
2704 4228 2974 4285 .omuium
3028 4230 3194 4302 longe
3242 4233 3658 4300 gravissimum,

365 4333 460 4380 tus
493 4341 556 4380 cs
590 4321 903 4396 mysteriis,
933 4335 1046 4377 non
1085 4330 1296 4378 tantum
1327 4337 1451 4393 qua:
1478 4321 1547 4378 ad
1581 4321 1954 4394 patrocinium
1985 4342 2030 4414 ρ
2058 4323 2211 4395 quod
2246 4323 2434 4396 ipsum
2487 4322 2841 4397 unigenitqu
2872 4324 3072 4390 Deum,
3104 4323 3348 4396 judicent
3385 4326 3656 4393 omnium,

362 4434 420 4471 ct
452 4418 833 4473 defensionem
883 4415 982 4471 Dei
1026 4414 1182 4472 verbi
1227 4425 1507 4488 spectant,
1546 4417 1646 4473 sed
1689 4431 1757 4473 ea
1789 4417 1958 4475 etiam

364 4527 489 4584 ιιιιειι
514 4511 587 4567 ab
627 4511 911 4567 liazreticis
937 4508 1212 4566 adversus
1233 4510 1514 4567 saniorem
1547 4510 1712 4568 tidem
1740 4513 1965 4585 excogi-

368 4614 483 4661 tata
518 4613 674 4670 sunt,
708 4613 886 4661 tenes.
918 4605 1177 4659 Attamen
1210 4619 1322 4660 non
1359 4603 1740 4676 importunum
1768 4604 1961 4672 luerit,

366 4717 398 4756 a
437 4701 712 4756 tenuitate
749 4713 877 4754 mea
919 4696 1388 4768 magniﬁcentiam
1431 4706 1581 4752 tuam
1632 4699 1831 4755 audire
1863 4699 1967 4755 ali-

364 4791 526 4865 quid.
574 4790 750 4847 lneidi
788 4791 841 4847 in
877 4790 1217 4861 Apollinaris
1264 4791 1542 4858 libellum,
1582 4795 1680 4864 qui
1730 4809 1954 4850 omnem

372 4884 694 4943 luereticam
727 4883 1145 4955 improbitatem
1181 4885 1345 4957 longe
1375 4897 1622 4957 supcrat.
1659 4888 1963 4945 Asseverat

368 4981 547 5046 cnim,
587 4994 812 5037 carnem
842 4980 1000 5051 juxta
1033 4978 1233 5037 salutis
1271 4992 1481 5038 nostra:
1521 4982 1965 5040 administratio-

349 5091 494 5148 .uem
537 5073 609 5129 ab
655 5073 945 5143 unigenito
988 5071 1131 5129 Filio
1175 5083 1390 5132 natura:
1437 5087 1641 5132 nostrae
1685 5088 1967 5134 transmu-

366 5167 551 5224 tundat
574 5169 785 5238 gratiae,
832 5182 944 5223 non
977 5169 1340 5225 adventitiam
1363 5171 1442 5239 (5)
1475 5182 1790 5245 susceptam
1819 5188 1971 5243 esse,

351 5385 355 5388 .
441 5310 460 5341 ⁸
491 5308 650 5364 Juau.
683 5325 763 5373 ιιι,
797 5311 881 5367 l5.

440 5455 519 5523 (1)
548 5455 608 5509 In
658 5452 851 5509 Gneco
900 5451 1200 5524 Nicepliori
1247 5450 1554 5524 exemplari
1605 5450 1824 5524 integer
1866 5453 1959 5511 bic

361 5526 651 5586 sesternio
705 5524 902 5579 deluit.
958 5523 1252 5596 lit-lectum
1297 5538 1443 5596 eum
1490 5523 1650 5595 juxta
1705 5523 1955 5596 capitum

363 5596 784 5677 simulationem
831 5611 901 5650 ex
963 5596 1092 5652 aliis
1140 5594 1535 5652 ecclesiasticis
1585 5594 1961 5665 scriptoribus

362 5669 606 5737 expleri.

439 5741 518 5811 ιὲι
549 5739 772 5797 Sozom.
809 5738 909 5794 lib.
942 5755 1020 5805 Vl,
1045 5755 1171 5811 cap.
1205 5738 1299 5793 27.

440 5809 521 5879 (5)
549 5811 638 5870 Μὴ
670 5813 992 5884 ἐπίκτητον.

2061 4419 2350 4476 auctorem
2392 4426 2454 4475 et
2498 4420 2701 4476 ducem
2755 4421 2902 4484 vitae,
2951 4427 3397 4475 et‘vastatorem
3437 4422 3659 4485 mortis,

2063 4513 2360 4569 mortalem
2393 4512 2641 4570 instituit
2674 4530 2693 4569 :
2728 4513 2814 4569 ita
2855 4521 2917 4569 ut
2946 4512 3261 4584 passionem
3297 4512 3393 4570 ille
3431 4515 3486 4569 in
3519 4513 3663 4570 divi-

2060 4608 2240 4665 nitate
2279 4621 2385 4663 sua
2432 4606 2769 4679 susceperit,
2801 4616 2861 4663 et
2894 4606 2952 4663 in
3000 4606 3261 4663 triduana
3298 4606 3391 4662 illa
3432 4606 3665 4663 mortiﬁ-

2061 4703 2285 4759 catione
2337 4701 2597 4773 corporis
2622 4742 2639 4769 ,
2693 4700 2859 4758 simul
2903 4703 3073 4758 etiam
3120 4716 3190 4757 ea
3239 4691 3369 4758 cum
3426 4714 3666 4773 corpore

2063 4806 2442 4861 comntortua,
2470 4805 2530 4853 et
2555 4795 2639 4853 sic
2668 4809 2701 4852 a
2732 4795 2898 4853 Patre
2926 4812 3150 4852 rursum
3191 4813 3221 4851 ιι
3251 4806 3445 4866 ,ιιιοι-ιο
3474 4811 3662 4853 resus-

2063 4893 2237 4949 citata
2286 4890 2384 4951 sit.
2436 4890 2674 4963 Reliqua
2725 4905 2854 4961 quae
2901 4890 3317 4963 impurtunitati
3377 4900 3542 4946 tanta:
3577 4893 3668 4945 ille

2067 4987 2283 5062 adjicit,
2330 4988 2559 5060 longum
2607 4997 2757 5045 esset
2808 5001 3127 5043 recensere.
3172 4986 3480 5057 Opinioues
3531 5001 3665 5042 sane

2072 5081 2416 5152 Apollinaris
2450 5090 2512 5138 et
2538 5081 2799 5139 Eunomii
2843 5081 3038 5153 quales
3082 5080 3317 5145 fuerint.
3344 5095 3413 5138 es
3446 5081 3518 5136 iis
3540 5092 3665 5152 quae

2076 5174 2229 5232 dicta
2273 5182 2428 5242 sunt,
2466 5175 2709 5247 quilibet
2736 5184 3061 5247 cognoscet.
3097 5173 3164 5231 Et
3214 5185 3276 5228 ut
3322 5173 3506 5231 facilis
3537 5188 3670 5230 con-

2145 5459 2221 5530 (ιι
2252 5455 2569 5527 Legendum
2596 5457 2656 5516 in
2679 5457 2875 5515 Greco
2902 5460 3353 5527 συνουσιωμένην
3374 5470 3475 5526 pro
3500 5473 3671 5512 συνω-

2070 5532 2371 5600 σιωμένην.

2142 5604 2223 5673 (5)
2253 5601 2440 5673 Μέρος
2486 5600 2583 5656 τοῦ
2618 5599 2970 5671 ἀνθρωπίνου
3017 5598 3408 5673 συγκρὲματος
3440 5600 3503 5673 το
3540 5615 3670 5668 τρι-

2075 5670 2270 5747 μόριον
2295 5670 2478 5747 om;
2530 5689 2592 5729 τι
2627 5670 2733 5727 ttat
2754 5674 3011 5743 σώματος
3051 5682 3198 5726 κατα
3225 5673 3297 5725 τὸ
3320 5670 3670 5741 ἀνθρώπινον

2073 5746 2208 5819 περὶ
2235 5746 2410 5803 nam
2436 5746 2633 5802 ὄντων.
