4112 6224
416 429 521 496 613

1363 431 1961 495 ECCLESIASTICE
2001 435 2386 497 HISTOiiI/E
2420 435 2562 496 LIB.
2608 434 2720 495 XI.

3545 417 3653 487 δη

414 550 626 614 jt'ctura
650 555 755 609 est,
791 546 1094 617 permultos
1124 545 1200 601 illi
1230 546 1299 601 ab
1326 546 1570 602 Ecclesia
1607 549 1899 603 universali
1930 550 1985 604 in
2020 558 2059 611 Α
2094 551 2373 613 transiret,
2421 549 2857 617 periclitabatur.
2915 547 2995 604 Ab
3042 547 3312 603 Eunomia
3341 552 3547 605 autem,
3581 555 3649 594 tte

419 655 611 694 eorum
647 640 980 693 sententiam
1029 640 1447 706 pertraxissent,
1492 638 1599 693 nisi
1634 639 1892 694 Basiliam
1927 650 1981 696 et

420 732 738 799 Gregorium
800 730 1153 800 Cappadoces
1215 730 1569 787 adversarios
1624 734 1984 795 invenissent,

421 828 515 896 qui
562 842 630 881 ex
693 824 942 896 professo
991 826 1162 879 multa
1219 824 1486 879 adversus
1532 841 1629 881 eos
1685 828 1985 896 scripsere.

424 919 721 975 Theodosii
749 928 1033 989 prieterea,
1063 917 1211 988 quod
1240 918 1405 987 paulo
1440 928 1562 988 post
1592 929 1841 973 secutum
1877 926 1985 982 est,

426 1015 715 1083 imperium
767 1022 1001 1068 conatus
1044 1028 1238 1068 eorum
1290 1011 1577 1080 repressit.
1642 1012 1777 1067 Nam
1818 1011 1991 1067 duces

426 1109 577 1174 ipsos
604 1107 892 1162 Itil‘reSIllm
929 1122 995 1162 ex
1032 1105 1419 1175 frequentibus
1444 1114 1497 1159 et
1524 1105 1811 1174 populosis
1837 1103 1993 1158 orbis

427 1221 460 1273 p
481 1202 681 1255 irtibus
716 1200 772 1255 in
806 1202 958 1255 solos
989 1199 1147 1254 locos
1182 1199 1468 1267 relegavit.
1509 1196 1788 1254 Obstitere
1820 1199 1988 1254 etiam

431 1295 657 1363 insuper
702 1293 813 1347 illis
843 1293 962 1362 ejus
998 1293 1178 1348 :etatis
1209 1289 1488 1346 monachi.
1537 1290 1811 1346 Mordicus
1837 1307 1995 1346 nant-

430 1400 538 1452 que
588 1385 804 1439 Niemna
862 1388 1145 1439 retinuere
1192 1385 1446 1449 decreta,
1495 1385 1589 1455 qui
1644 1386 1695 1439 in
1746 1385 1903 1455 Syria
1936 1392 1996 1441 et

428 1478 775 1547 Cappadocia
845 1478 1204 1546 ﬁnitimisque
1249 1478 1389 1533 locis
1442 1479 1801 1533 monasticam
1862 1487 1995 1535 sunt

432 1570 824 1640 philosophati.
858 1570 928 1625 Et
970 1570 1123 1639 regio
1160 1585 1225 1625 ea
1274 1586 1398 1640 qua:
1438 1584 1467 1623 ιι
1501 1568 1694 1626 Cilicia
1728 1574 1793 1625 ad
1832 1570 1999 1627 Phre-

439 1664 640 1719 nieiam
690 1679 865 1734 usque
914 1662 1113 1727 tendit,
1164 1677 1235 1718 ne
1271 1663 1323 1719 in
1372 1661 1620 1718 haeresim
1663 1663 2000 1732 Apollinaris

2091 643 2448 697 inlirerentur
2495 643 2681 712 populi
2733 659 2762 697 a
2813 642 3007 697 Cilicia
3048 650 3104 696 ct
3137 651 3320 695 monte
3351 639 3534 694 Tauro
3580 634 3647 689 ad

2090 734 2508 805 Hellespontum
2559 746 2616 791 et
2662 735 3194 806 Constantinopolim
3242 746 3416 803 usque
3474 737 3652 783 metus

2087 837 2226 883 erat.
2284 829 2398 882 Non
2456 830 2679 884 dillicile
2724 830 2872 884 enim
2926 830 3146 896 utrique
3197 835 3354 885 erat.
3404 823 3654 877 finitimis

2090 936 2310 989 quoque
2336 938 2552 981 eorum.
2579 923 2720 992 apud
2754 936 2896 990 quos
2924 920 3308 981 versabantur,
3343 925 3402 969 ut
3434 924 3651 969 sonten-

2094 1012 2224 1067 tiain
2262 1029 2415 1067 suam
2453 1024 2845 1084 sequerentur,
2878 1012 3236 1084 persuadere.
3269 1010 3415 1066 Idem
3447 1022 3578 1063 sane
3601 1015 3654 1059 et

2092 1106 2312 1159 Arianis
2339 1108 2588 1179 contigit.
2637 1108 2839 1178 Vulgus
2858 1110 3028 1173 enim,
3069 1105 3489 1163 monachorum.
3519 1115 3661 1170 quos

2093 1201 2498 1262 recensuinius.
2531 1203 2793 1257 virtutem
2844 1215 2900 1257 ct
2931 1217 3101 1271 opera
3150 1199 3505 1256 admiratum.
3534 1210 3659 1249 cuni

2098 1290 2248 1361 ipsos
2282 1304 2432 1349 recte
2477 1296 2684 1350 sentire
2716 1295 2970 1354 credidit.
3009 1305 3123 1349 tum
3170 1293 3330 1347 aliter
3373 1290 3664 1357 opinantes

2099 1396 2328 1457 propter
2369 1389 2740 1459 suspicionem
2791 1390 3019 1457 impune
3071 1395 3128 1440 et
3184 1384 3508 1439 adulterinae
3560 1381 3662 1435 do-

2100 1480 2291 1534 ctrina:
2333 1491 2645 1537 aversatum
2693 1489 2776 1535 est
2819 1481 3031 1536 :sicuti
3059 1477 3319 1550 Algyptii,
3368 1474 3666 1531 monachos

2104 1585 2236 1628 suos
2264 1583 2582 1645 sequentes,
2611 1575 2848 1630 Arianos
2869 1589 2970 1644 pro
2997 1572 3251 1628 hostibus
3279 1571 3549 1626 habuere.

1724 1828 1896 1901 ηε
1924 1826 2153 1886 CAPUT
2192 1827 2332 1887 xw.

435 1937 577 2008 Περὶ
607 1939 755 2022 τῆς-
785 1941 1089 2022 αιρέσεως.
1121 1941 1240 2022 τῷν
1293 1944 1894 2022 ’ᾼνρρωπρμςρςξιτῶῃ
1918 1948 2017 2001 καὶ
2057 1945 2185 2022 τῷν
2230 1949 2688 2022 Μασσαλζανῶν
2712 1966 2726 1981 ⁸
2762 1951 2846 2022 ἔτι
2872 1950 2940 2005 δὲ
2964 2020 2976 2022 Α
2997 1952 3093 2003 καὶ
3130 1949 3260 2018 περ)
3282 1947 3439 2022 τῶν-
3479 1948 3677 2004 Nava-

580 2011 834 2066 ttart'iir'
882 2012 971 2065 ὅτι
1000 2011 1093 2069 καὶ
1125 2011 1293 2070 οὗτοι
1346 2017 1436 2081 εις
1466 2011 1673 2070 πολλὰ
1698 2011 2064 2084 διῃρέθησαν
2102 2017 2200 2070 διὰ
2228 2021 2343 2084 τὴν
2374 2020 2701 2089 μετάθεσιν
2734 2021 2839 2088 τῆς
2884 2020 2989 2075 τοῦ
3018 2011 3235 2091 [Mala
3267 2019 3499 2087 ἑορτῆς.

514 2132 588 2188 De
625 2132 812 2189 Ita'resi
835 2129 2074 2207 Anthropomorpliitarttmetilfassalianoram;
2113 2143 2369 2207 pra’tegrea
2398 2137 2463 2188 de
2494 2134 2833 2196 Novatiauis.
2872 2137 3011 2205 quod
3039 2145 3086 2190 et
3117 2137 3239 2207 jam
3265 2138 3302 2190 ii
3336 2139 3387 2191 in
3412 2139 3605 2192 multas

1195 2213 1364 2259 sectas
1395 2204 1501 2258 sint
1534 2205 1686 2259 divisi
1717 2214 1931 2274 propter
1959 2204 2218 2271 feriarum
2256 2204 2475 2259 Pascha:
2500 2210 2862 2261 mutationem.

513 2325 586 2379 Ea
647 2334 809 2382 tctate
842 2324 1077 2379 Audiens
1134 2339 1354 2395 quoque
1403 2322 1651 2392 quidam,
1685 2332 1743 2379 et
1800 2335 2000 2395 genere
2033 2327 2074 2383 Β
2110 2329 2354 2389 tempore
2372 2321 2539 2375 etiam
2558 2322 3000 2377 Ilassaliauoruni
3025 2322 3100 2389 (l)
3123 2322 3675 2391 piillnlavitlimresis.

442 2433 501 2475 et
529 2420 713 2489 lingua
741 2420 935 2489 Syrus,
966 2418 1070 2471 fuit
1098 2433 1367 2473 novorum
1395 2417 1709 2485 dogmatum
1736 2417 2008 2471 inventor.

443 2510 578 2575 Qua:
637 2510 786 2563 enim
846 2510 984 2563 mala
1038 2508 1248 2563 dmlum
1305 2509 1666 2579 partui-ierat,
1714 2508 2012 2578 aliquando

448 2601 672 2655 tandem
709 2601 946 2670 peperit.
997 2600 1241 2656 Primum
1278 2615 1518 2670 namque
1560 2615 1687 2654 cum
1728 2614 2011 2670 perperam

448 2693 583 2748 illud
618 2693 998 2758 intellexisset,
1034 2692 1311 2748 Faciamus
1340 2693 1602 2748 hominem
1627 2694 1702 2748 ad
1726 2696 2013 2765 imaginem

446 2795 502 2839 et
518 2784 922 2841 similitudinem
940 2797 1200 2849 nostram,
1246 2785 1416 2840 Deum
1442 2784 1679 2842 lnnnana
1700 2801 1822 2844 95M?
1844 2787 2016 2850 ferina

450 2880 710 2948 opinatus
747 2891 856 2946 est,
893 2880 1262 2951 eamdemque
1293 2880 1601 2950 corporalia
1643 2882 1889 2938 membra
1922 2885 2020 2937 ha-

453 2977 583 3028 bere
605 2973 941 3028 existimavit
972 2992 985 3027 :
1020 2989 1189 3029 saera:
1216 2974 1523 3044 Scriptura;
1548 2978 1878 3032 sententiam
1908 2994 2017 3032 non

453 3067 588 3120 satis
640 3075 966 3129 assecutus,
1022 3082 1144 3136 quae
1207 3065 1382 3120 divini
1420 3068 1693 3124 Numinis
1753 3071 2020 3140 Operibus

454 3159 822 3214 humanarum
886 3160 1121 3229 partium
1179 3162 1445 3217 vocabula
1503 3164 1720 3227 tribuit,
1768 3167 2020 3235 quando-

456 3254 677 3323 quidem
707 3269 776 3308 eo
815 3254 1002 3317 modo,
1036 3256 1129 3325 qui
1170 3272 1257 3312 res
1288 3258 1604 3314 subtiliores
1645 3261 1930 3332 percipere
1967 3271 2024 3316 et

457 3352 651 3405 audire
681 3355 984 3416 nequeunt.
1011 3346 1228 3402 facilius
1250 3349 1539 3404 consilium
1566 3349 1658 3405 Dei
1687 3352 2020 3425 intelligunt.

456 3440 682 3496 Addidit
708 3440 910 3494 deinde
938 3439 1008 3494 ad
1036 3439 1375 3509 impietatem
1408 3456 1527 3495 eam
1556 3443 1864 3499 consimilia
1892 3446 2023 3500 alia.

460 3538 501 3586 Α
533 3532 787 3587 Manente
811 3534 957 3586 enim
990 3532 1043 3587 id
1079 3542 1385 3599 mutuatus,
1425 3536 1768 3591 conditorem
1803 3542 2026 3593 univer-

457 3626 641 3681 sitatis
686 3625 855 3695 huius
896 3625 1069 3679 Deum
1113 3641 1294 3695 neque
1334 3628 1514 3694 ignem
1562 3645 1737 3700 neque
1769 3633 2027 3686 tenebras

459 3733 676 3773 creasse
713 3710 1170 3772 docuit.'Verntii
1221 3717 1337 3771 haec
1379 3720 1626 3786 quidem,
1671 3730 1728 3772 et
1771 3736 2027 3790 qua-cnn-

458 3825 568 3876 que
600 3818 733 3863 sunt
752 3809 1046 3878 ejusmodi,
1072 3810 1167 3875 qui
1203 3808 1462 3862 factionis
1492 3811 1614 3876 ejus
1643 3819 1793 3874 stitit,
1821 3810 2023 3863 celant.

463 3893 733 3948 Dicuntur
759 3904 944 3947 autem
998 3910 1028 3947 a
1076 3893 1313 3963 publicis
1363 3895 1619 3948 Ecclesiae
1666 3896 2029 3948 conventibus

459 3986 759 4055 segregari,
791 3993 1094 4054 propterea
1115 3986 1261 4053 quod
1287 3986 1536 4040 nonnulli
1570 3988 1855 4057 pecuniam
1884 3986 2026 4053 apud

460 4094 563 4133 nos
610 4079 972 4134 exsecranda
1027 4078 1219 4132 fenore
1260 4080 1507 4143 lucent,
1583 4079 1837 4133 nonnulli
1899 4094 2027 4133 cum

462 4172 793 4228 mulieribus
838 4184 1015 4236 extra,
1068 4190 1177 4228 non
1230 4186 1291 4229 nt
1333 4175 1421 4227 lex
1470 4174 1741 4244 postulat,
1789 4176 2030 4247 eonjugii

462 4266 923 4320 consuetudinem
956 4267 1224 4321 habentes
1258 4267 1424 4335 impie
1464 4266 1667 4321 vivant.
1701 4264 1807 4333 Qui
1840 4284 1972 4322 vero
2002 4283 2031 4321 a

466 4354 672 4409 talibus
715 4356 1035 4410 rebussrnt
1081 4355 1270 4417 alieni,
1317 4355 1492 4410 libere
1519 4373 1644 4410 cum
1678 4359 1762 4413 eis
1790 4374 2037 4413 commu-

465 4447 675 4501 nicare.
726 4446 796 4502 At
848 4447 974 4501 ideo
1021 4448 1143 4501 illos
1183 4464 1285 4503 suo
1329 4450 1565 4518 quodam
1606 4465 1759 4505 more
1808 4455 1876 4505 ab
1913 4453 2037 4506 aliis

465 4548 749 4610 separatos
784 4542 971 4594 vivere
1004 4553 1242 4603 constat,
1269 4545 1418 4612 quod
1452 4542 1769 4611 dogmatum
1810 4559 2036 4599 suorum

466 4633 747 4688 occultent
777 4633 1175 4702 blasphemiam
1209 4646 1268 4689 et
1305 4636 1669 4704 impietatem.
1705 4637 1880 4692 Porro
1912 4636 2037 4692 ficta

471 4728 586 4781 lucc
615 4734 673 4780 ct
705 4727 1024 4781 assimulata
1060 4729 1327 4783 sanctitas
1370 4729 1699 4797 arrogantia:
1726 4738 1812 4783 est
1851 4730 2037 4799 plena,

468 4836 593 4890 qua-
640 4822 851 4876 Scilicet
898 4836 929 4876 a
962 4822 1213 4877 doctrina
1248 4821 1651 4877 Pharisaeorum
1697 4824 2035 4893 provenerit.

473 4914 608 4968 ham
634 4926 691 4969 ct
720 4915 797 4969 illi
824 4915 1325 4969 animarumsimul
1354 4925 1412 4971 et
1436 4931 1728 4985 corporum
1762 4918 2037 4972 medicum

471 5018 846 5072 accusarunt.
886 5009 954 5063 ad
1000 5020 1221 5063 sanctos
1269 5010 1549 5079 apostolos
1587 5009 1842 5064 dicentes
1875 5028 1891 5063 :
1930 5010 2039 5063 Cur
2073 5036 2116 5091 ο
2142 5012 2361 5066 venisse
2408 5011 2684 5080 cognovit.
2733 5025 2853 5063 eam
2905 5012 3072 5076 ejecit

470 5118 590 5155 cum
615 5102 911 5172 publicanis
941 5112 989 5154 et
1024 5103 1389 5171 peccatoribus
1412 5101 1581 5155 cibum
1602 5103 1761 5156 sumit
1786 5104 2041 5172 magister

471 5208 642 5249 vester
666 5193 731 5246 ’ἲ
780 5195 843 5248 Et
874 5211 969 5263 per
1004 5195 1327 5264 prophetam
1371 5195 1439 5248 de
1476 5195 1674 5248 talibus
1721 5195 2041 5251 hominibus

473 5292 609 5343 dicit
635 5290 777 5343 Deus
809 5289 950 5353 :Qni
975 5288 1177 5354 dicunt,
1219 5287 1394 5341 Purus
1425 5304 1561 5348 sum.
1593 5304 1658 5342 ne
1676 5304 1755 5342 me
1779 5292 2039 5360 attigeris,

474 5384 576 5435 iste
621 5384 796 5449 fumus
835 5382 1033 5450 furoris
1070 5383 1179 5433 ’νοιεί
1225 5389 1300 5434 εει
1358 5380 1399 5435 ¹.
1441 5381 1701 5435 Sedenitn
1745 5386 2040 5438 amentiam

476 5476 708 5528 istorum
741 5472 989 5527 refellere
1046 5472 1311 5541 temporis
1342 5473 1502 5527 istius
1528 5489 1639 5526 non
1671 5484 1775 5528 est.
1806 5474 2043 5528 Proinde

475 5568 548 5622 ad
594 5567 804 5636 reliqua
838 5566 1314 5619 commemoiainla
1352 5566 1796 5637 progrediantur.
1836 5565 2040 5621 Eodem

558 5685 571 5709 '
601 5680 792 5735 Matth.
818 5697 891 5751 is,
924 5682 1010 5734 ll.
1087 5682 1108 5713 ⁸
1150 5681 1250 5735 lsa.
1279 5700 1375 5748 LII,
1418 5684 1501 5739 ll.
1580 5684 1601 5713 ³
1623 5683 1778 5739 Joan.
1811 5698 1885 5750 rt,
1916 5682 2005 5737 55.

2118 2413 2386 2481 Εὐχήτας,
2417 2414 2522 2469 hoc
2553 2425 2635 2468 est
2658 2426 2980 2481 prccatores,
3021 2415 3122 2470 hos
3149 2416 3559 2483 cognominant,
3587 2415 3679 2484 qui

2112 2520 2234 2559 eam
2295 2521 2487 2561 vocem
2545 2507 2597 2561 in
2649 2506 2896 2562 Graec-um
2955 2508 3288 2563 transtulere
3348 2523 3680 2562 sermonem.

2117 2591 2333 2649 Habent
2364 2606 2548 2650 autem
2578 2598 2724 2653 aliud
2764 2614 2986 2668 quoque
3015 2615 3342 2669 cognomen,
3372 2615 3437 2654 ex
3469 2615 3526 2653 re
3566 2600 3684 2666 ipsa

2116 2695 2304 2739 natum
2338 2704 2354 2740 :
2390 2687 2797 2743 Ἐνθουσιασταί
2820 2693 2990 2753 enim,
3012 2692 3115 2746 hoc
3142 2701 3229 2745 est
3251 2691 3486 2745 Numine
3515 2689 3682 2746 alllati

2118 2779 2498 2845 nominantur,
2552 2783 2799 2837 dzemone
2849 2785 3107 2852 quopiam
3152 2786 3260 2838 vim
3311 2785 3364 2837 iu
3405 2784 3491 2839 eis
3529 2800 3683 2838 suam

2119 2884 2448 2936 exercente,
2481 2890 2643 2943 quam
2695 2892 2809 2929 rem
2847 2875 3087 2943 Spiritus
3118 2878 3293 2932 sancti
3344 2877 3689 2946 praesentiant

2122 2983 2243 3021 esse
2272 2968 2587 3037 opinantur.
2613 2970 2715 3036 Qui
2749 2986 2879 3023 vero
2912 2970 2965 3023 in
2992 2970 3095 3023 hoc
3124 2970 3257 3023 vitio
3293 2969 3514 3039 perfecti
3539 2977 3690 3032 sunt.

2125 3076 2388 3114 manuum
2425 3078 2564 3130 opus
2594 3078 2756 3115 oinne
2785 3072 2839 3114 et
2862 3062 3104 3117 laborem
3133 3063 3361 3131 perinde
3392 3074 3556 3130 atque:
3590 3062 3692 3114 iu.-

2126 3162 2458 3233 prolrtateni
2499 3171 2844 3215 aversantur.
2883 3161 3071 3229 Itaque
3107 3175 3300 3214 somno
3328 3159 3521 3221 dediti,
3546 3174 3695 3212 som-

2128 3253 2343 3307 niorum
2398 3253 2636 3306 visiones
2665 3263 2719 3304 ct
2747 3250 3063 3318 phantasias
3093 3248 3440 3316 prophetiam
3468 3254 3690 3299 vacant.

2129 3345 2290 3399 Istius
2324 3343 2547 3399 haeresis
2576 3345 2746 3395 duces
2789 3342 2943 3394 fuere
2984 3340 3220 3401 Dadoes,
3257 3338 3489 3398 Sabbas.
3531 3336 3696 3391 Adcl-

2127 3440 2313 3511 pliius.
2357 3440 2587 3491 Hermas
2638 3445 2693 3489 et
2725 3436 3045 3505 Symeones.
3080 3446 3243 3504 atque
3291 3441 3551 3499 irteterea
3577 3428 3695 3484 alii.

2127 3534 2229 3599 Qai
2259 3533 2479 3601 quidem
2524 3547 2581 3584 se
2633 3531 2698 3583 ab
2743 3526 3122 3583 ecclesiastiCa
3155 3524 3546 3580 communione
3587 3537 3697 3575 noti

2130 3627 2532 3682 abstinuerunt.
2569 3620 2705 3674 nihil
2737 3636 2962 3688 prorsus
2987 3619 3069 3673 vel
3103 3617 3362 3688 prodesse
3391 3615 3473 3668 vel
3503 3614 3702 3667 obesse

2131 3719 2372 3771 divin-nn
2404 3732 2585 3768 t'St‘allI
2617 3714 2888 3769 dicentes.
2919 3713 2994 3768 De
3023 3730 3129 3783 qua
3157 3711 3422 3767 Dominus
3445 3707 3703 3763 Christus

2134 3811 2314 3876 inquit
2343 3825 2355 3858 :
2390 3808 2492 3872 Qui
2524 3807 2810 3859 manduca!
2843 3821 3015 3858 meum
3049 3811 3350 3869 carnem,ct
3380 3802 3502 3855 bibit
3530 3814 3700 3851 meum

2128 3903 2462 3967 sanguinem,
2493 3901 2621 3953 tinet
2646 3900 2701 3954 in
2729 3909 2986 3955 aversum
3016 3908 3055 3954 ³.
3088 3901 3547 3955 Morbum'sutem
3576 3911 3703 3950 eum

2130 3995 2474 4065 supprimere
2502 3996 2693 4049 sedqu
2715 4004 3007 4053 conantur.
3033 4004 3089 4048 et
3112 3993 3367 4047 eumdem
3387 3990 3553 4046 etiam
3575 4004 3708 4044 con-

2133 4088 2261 4140 victi
2296 4087 2646 4156 impudenter
2682 4093 2985 4155 pernegant
3027 4102 3040 4136 :
3075 4095 3128 4141 et
3163 4084 3274 4139 illis
3302 4084 3396 4153 qui
3427 4084 3484 4137 in
3511 4083 3705 4138 eadem

2136 4191 2264 4232 sunt
2299 4180 2599 4249 opinione,
2641 4194 2807 4247 quam
2859 4179 2962 4248 ipsi
3006 4179 3189 4231 animo
3236 4176 3707 4246 complectuntur,

2136 4270 2376 4327 Ecclesia
2430 4270 2795 4325 interdicunt.
2851 4269 3075 4325 Letoins
3124 4284 3257 4324 sane
3300 4269 3707 4323 Melitinensem

2135 4367 2449 4432 gubernans
2480 4364 2804 4428 Ecclesiatu,
2839 4366 2923 4416 vir
2952 4364 3143 4433 divino
3172 4363 3370 4417 ardore
3403 4370 3705 4430 spectatus,

2136 4474 2260 4512 cum
2301 4456 2469 4509 multa
2513 4457 2844 4509 monasteria
2878 4472 2975 4508 seu
3018 4455 3202 4523 potius
3234 4453 3550 4523 pra'douttm
3582 4468 3710 4522 spe-

2138 4550 2327 4604 luncas
2360 4552 2688 4617 contagione
2723 4548 2901 4601 morbi
2938 4550 3060 4618 ejns
3094 4548 3296 4618 corripi
3330 4546 3545 4601 videret
3567 4585 3583 4608 .
3617 4562 3712 4600 eas

2139 4640 2406 4701 incendit.
2445 4651 2502 4694 et
2534 4643 2694 4709 lupos
2727 4640 2798 4694 ab
2830 4640 3015 4693 ovium
3046 4656 3210 4710 grege
3239 4638 3477 4709 depulit.
3515 4640 3707 4693 Itidem

2137 4742 2194 4786 ct
2225 4732 2678 4803 praeclarissimus
2708 4733 2800 4787 ille
2828 4732 3269 4801 Amphilochius.
3303 4736 3394 4799 qui
3434 4745 3713 4800 metropo-

2140 4827 2236 4881 liin
2269 4825 2557 4896 Lycaonia:
2594 4826 2719 4879 lidei
2758 4842 2872 4879 suae
2903 4825 3173 4880 creditam
3211 4825 3367 4885 rexit,
3406 4834 3461 4879 et
3491 4839 3709 4896 gentem

2143 4918 2456 4972 universam
2505 4917 2855 4988 gubernavit,
2891 4918 2983 4971 ubi
3036 4926 3245 4987 pestem
3281 4917 3441 4972 talem
3482 4933 3551 4973 eo
3581 4935 3711 4989 per-

3117 5027 3132 5063 :
3178 5018 3237 5063 et
3283 5027 3477 5079 greges
3516 5010 3611 5074 qui
3643 4998 3714 5065 ab

2145 5118 2213 5155 co
2237 5102 2625 5173 pascebantur,
2659 5101 2811 5155 clade
2843 5117 2906 5156 ea
2959 5101 3233 5157 Ιιὺο-τλνίι.
3278 5102 3450 5157 Porro
3491 5111 3547 5157 et
3592 5102 3711 5157 Fla-

2146 5196 2363 5256 vianus,
2394 5195 2598 5247 celebri
2633 5196 2771 5247 larua
2804 5198 2907 5256 vir,
2944 5205 3233 5265 postquam
3266 5195 3573 5253 Antiochiae
3594 5198 3714 5265 epi-

2148 5303 2348 5357 scopus
2389 5300 2473 5341 est
2522 5288 2718 5350 factus,
2769 5299 2823 5341 et
2873 5290 2927 5344 id
2978 5305 3153 5359 genus
3202 5290 3455 5344 homines
3506 5292 3717 5346 Edessa!

2151 5379 2358 5431 versari
2390 5379 2668 5447 cognovit,
2717 5396 2926 5434 veneno
2955 5395 3058 5435 suo
3091 5380 3356 5443 ﬁnitimus
3385 5381 3713 5444 inﬁcientes.

2151 5471 2549 5523 monachorum
2607 5470 2898 5527 sodalitate
2955 5475 3189 5544 quadam
3250 5474 3318 5528 ad
3372 5489 3470 5528 eos
3529 5476 3716 5537 inissa,

2151 5565 2501 5619 Antiochiam
2549 5580 2645 5619 eos
2694 5568 2981 5634 pertraxit,
3024 5578 3081 5620 et
3126 5567 3509 5638 aegritudinem
3560 5581 3716 5620 suam

548 5834 624 5903 (Ii
659 5833 1104 5889 Massalianorum
1159 5833 1413 5896 istorum,
1484 5830 1578 5900 qui
1609 5840 1664 5887 ct
1696 5829 1939 5886 Eucliita:
1983 5830 2099 5884 sive
2138 5826 2510 5884 EIHIIIISIZISIJ}
2562 5825 2844 5891 dicuntur,
2902 5829 3109 5883 iiietttio
3160 5828 3239 5892 lit,
3290 5825 3326 5879 l.
3386 5825 3612 5886 Ariani,
3663 5835 3721 5876 ut

473 5919 638 5971 sape:
