4050 6244
470 312 576 376 615

1696 313 2118 375 NllLEPllORI
2161 314 2503 376 CALLlS’i’l

3614 303 3717 368 616

472 437 837 500 pernegantes
879 428 947 483 ad
992 427 1142 483 hunc
1177 429 1398 482 modum
1440 427 1492 480 in
1530 427 1764 481 crimine
1799 427 1920 495 ipso
1954 425 2049 481 de-
2074 434 2121 490 Α
2151 442 2325 481 noxas
2379 428 2681 481 remittere.
2732 422 3014 498 Ejusmodi
3064 422 3279 478 litteras
3324 421 3379 475 in
3424 417 3720 492 provinciis

473 521 790 592 prehendit.
857 522 1228 576 Accusatores
1286 519 1435 573 enim
1500 532 1696 572 eorum
1760 517 1897 573 falsa
1954 533 2051 589 per

470 615 801 669 calumniam
844 614 1087 678 deferre,
1133 622 1191 667 et
1245 622 1413 666 testes
1468 611 1750 665 mendacia
1800 609 2049 679 proferre

472 708 633 762 dixit.
695 708 1027 775 Adelphium
1091 715 1277 759 autem
1346 703 1641 759 admodum
1692 703 1804 773 jam
1861 717 2048 758 senem

471 798 666 853 blande
714 798 1073 867 compellans,
1119 796 1364 849 assidere
1410 794 1515 849 sibi
1560 795 1727 864 jussit
1769 793 1880 849 :Et
1924 809 2048 858 nos,

472 889 673 958 inquit,
714 905 746 941 ο
794 904 982 950 senex,
1020 888 1111 956 qui
1157 890 1266 958 jam
1312 887 1478 940 vitam
1530 901 1701 956 prope
1743 887 2047 953 exegimus.

472 983 683 1036 t‘Cl‘llUS
715 997 839 1034 cum
874 980 1170 1033 humanam
1210 989 1463 1031 naturam
1496 976 1898 1045 perspeximus,
1932 984 2046 1028 tum

470 1075 918 1128 adversariorum
957 1072 1269 1125 themouum
1307 1068 1671 1139 cognovimus
1704 1068 2046 1132 molitiones,

471 1166 653 1234 reipsa
691 1181 912 1233 quoque
958 1165 1147 1233 gratia:
1179 1160 1752 1216 subministrationem
1801 1160 2048 1230 perdidi-

471 1262 672 1311 cimus.
703 1258 946 1313 Juvencs
977 1272 1162 1311 autem
1212 1257 1326 1319 isti,
1369 1256 1461 1327 qui
1499 1254 1693 1309 harum
1737 1269 1921 1307 rerum
1959 1269 2050 1311 ac-

468 1352 718 1405 curatius
773 1351 910 1405 nihil
972 1350 1332 1419 intelligunt,
1388 1365 1671 1403 sermones
1727 1350 2046 1420 spirituales

468 1444 663 1497 audire
724 1459 832 1497 non
890 1443 1191 1498 sustinent.
1248 1444 1598 1513 Quapropter
1655 1443 1789 1497 mihi
1846 1442 2045 1507 dicite,

466 1537 748 1607 quomodo
772 1551 872 1591 vos
899 1536 1203 1606 perhibetis
1224 1553 1350 1590 cum
1380 1536 1638 1605 spiritum
1666 1536 2043 1592 adversarium

460 1628 706 1690 cedere,
764 1637 878 1681 tum
940 1626 1178 1698 Spiritus
1234 1630 1407 1682 sancti
1464 1628 1697 1698 gratiam
1739 1627 2049 1684 advenire?

479 1720 668 1776 Verbis
725 1721 877 1775 hisee
935 1736 1104 1777 senex
1162 1722 1490 1787 demulsus,
1552 1738 1823 1777 venenum
1880 1739 2044 1779 onme

2152 517 2411 589 degentes
2462 515 2715 571 homines
2780 532 2904 571 cum
2971 515 3336 585 accepissent,
3390 510 3718 567 sententiam

2151 626 2342 664 earum
2369 621 2423 665 et
2446 610 2713 680 judicium
2749 611 2816 664 ad
2848 625 3030 665 mores
3055 624 3183 665 suos
3209 604 3713 662 accommodabat“.

2154 700 2222 758 Ut
2258 702 2405 756 enim
2464 702 2552 757 ille
2605 700 2956 771 signiﬁcavit,
3015 716 3125 754 non
3179 698 3551 752 admittendos
3596 709 3719 749 esse

2151 792 2218 845 ad
2283 793 2565 863 mysteria.
2618 793 2712 862 qui
2774 803 2895 861 post
2945 789 3275 859 baptismum
3328 795 3611 857 peccatum
3662 782 3715 835 in

2152 890 2383 934 mortem
2415 880 2814 934 admisissent:
2856 880 2978 933 aliis
3006 878 3228 950 quidem
3279 878 3479 933 acerba
3521 886 3579 928 et
3618 875 3721 927 iui-

2154 973 2330 1027 manis
2360 973 2588 1027 canonis
2622 973 2940 1044 hujusmodi
2971 973 3083 1027 visa
3142 981 3227 1027 est
3256 985 3377 1025 esse
3421 968 3721 1030 sententia,

2152 1062 2245 1118 alii
2295 1074 2513 1131 autem,
2571 1066 2715 1135 quod
2766 1066 2974 1135 justum
3024 1074 3082 1121 et
3122 1065 3189 1118 ad
3223 1064 3391 1118 vitam
3426 1074 3720 1128 moresque

2149 1153 2511 1225 corrigendos
2571 1158 3045 1212 accommodatum
3095 1170 3218 1211 esse
3274 1160 3571 1208 censerent
3617 1149 3719 1203 de~

2150 1258 2387 1313 cretum,
2431 1265 2726 1319 suscepere
2756 1251 2855 1321 (ἓ).
2907 1251 2981 1307 De
3026 1263 3138 1320 quo
3180 1263 3305 1303 cum
3338 1262 3438 1316 per
3464 1242 3725 1317 quaestio-

2150 1355 2276 1393 nem
2321 1340 2721 1411 ambigeretur,
2769 1343 2892 1397 alite
2939 1340 3182 1397 Cornelii
3229 1337 3473 1408 episcopi
3525 1343 3722 1405 super-

2149 1446 2353 1488 venere
2384 1433 2605 1497 litterae,
2653 1435 2888 1505 gratiam
2932 1435 3119 1491 delicti
3166 1433 3333 1489 etiam
3370 1431 3482 1485 illis
3505 1443 3725 1483 annun-

2153 1527 2374 1588 tiantcs,
2407 1528 2501 1597 qui
2537 1539 2659 1597 post
2694 1529 3030 1600 baptismum
3058 1536 3405 1600 peccassent.
3454 1525 3535 1579 Ad
3572 1523 3723 1578 hunc

2150 1618 2379 1672 modum
2410 1636 2534 1673 cum
2572 1623 2796 1690 utrique
2826 1623 3103 1676 contraria
3133 1622 3276 1676 inter
3303 1636 3361 1675 se
3393 1634 3490 1689 per
3512 1616 3725 1685 episto-

2149 1710 2231 1764 las
2264 1712 2594 1775 scriberent,
2625 1724 2680 1767 et
2727 1730 2848 1782 quae
2894 1713 3158 1769 dicebant
3204 1713 3515 1767 divinarum
3546 1710 3725 1765 Litte-

469 1828 830 1882 suppressum
884 1814 1177 1880 evomuit,
1247 1823 1305 1871 et
1362 1816 1572 1870 nullam
1632 1817 1921 1871 utilitatem
1973 1833 2039 1873 ex

2149 1816 2335 1857 rarum
2369 1806 2611 1860 oraculis
2638 1805 3024 1871 obtirmarent,
3053 1821 3155 1877 pro
3193 1804 3444 1859 moribus
3480 1801 3724 1873 quisque

468 1907 632 1978 129
663 1906 853 1960 divino
909 1906 1184 1977 baptismo
1221 1908 1289 1963 ad
1339 1924 1435 1964 eos
1479 1909 1573 1974 qui
1609 1924 1678 1963 eo
1729 1919 2040 1976 uterentur,

467 1996 758 2065 pervenire
791 1997 952 2051 dixit.
988 1996 1170 2053 Solam
1204 2009 1389 2053 autem
1436 2000 1743 2054 orationem
1790 1999 2041 2056 sedulam

465 2087 770 2141 daemonem
822 2089 878 2142 in
922 2089 1124 2145 animis
1174 2089 1521 2145 habitantem
1574 2090 1797 2161 ejicere.
1832 2091 2046 2146 Unum-

464 2196 740 2250 quemque
791 2181 938 2236 enim
995 2182 1091 2251 qui
1151 2194 1411 2265 nascatur
1462 2182 1742 2238 hominem
1797 2196 1830 2237 a
1865 2183 2044 2254 primo

464 2280 717 2339 parente,
777 2271 945 2326 sicuti
1001 2280 1279 2337 naturam,
1319 2274 1396 2327 ita
1453 2271 1770 2327 daemonum
1820 2288 2043 2344 quoque

467 2361 794 2414 servitutem
871 2362 1113 2416 trahere.
1197 2362 1411 2428 Quibus
1466 2365 1789 2434 precatione
1853 2366 2043 2420 sedula

464 2451 713 2512 exactis,
773 2452 1038 2523 deinceps
1091 2452 1361 2522 Spiritum
1427 2465 1683 2510 sanctum
1744 2455 2041 2520 advenire,

468 2542 821 2608 praesentiam
856 2556 1035 2608 suam,
1065 2545 1141 2598 ita
1168 2555 1227 2600 ut
1255 2546 1528 2600 sentiatur
1556 2555 1608 2600 et
1640 2549 2041 2615 conspiciatur,

466 2633 827 2695 iudicantem.
892 2652 1210 2705 corpusque
1249 2638 1322 2691 ab
1364 2637 1720 2693 atlcctionum
1771 2655 1866 2695 seu
1918 2657 2044 2710 per-

464 2728 785 2794 pessionum
822 2738 969 2782 metu
1010 2730 1363 2795 liberantem,
1400 2744 1455 2785 et
1486 2731 1726 2785 animam
1771 2734 1840 2787 ab
1879 2733 2040 2788 incli-

464 2820 686 2873 natione
727 2836 792 2874 ea
826 2838 949 2889 quae
994 2822 1050 2877 in
1090 2824 1338 2879 deterius
1375 2823 1502 2892 fert,
1537 2826 1611 2879 ita
1643 2827 2038 2895 vindicantem,

464 2923 524 2964 ut
557 2922 751 2982 postea
780 2929 959 2982 neque
992 2914 1333 2971 abstinentia
1373 2925 1430 2972 et
1470 2918 1681 2989 jejunio
1714 2934 1919 2991 corpus
1945 2937 2039 2977 ca-

463 3003 721 3073 stigante,
756 3020 939 3075 neque
972 3007 1227 3062 doctrina
1260 3024 1383 3078 qua:
1404 3008 1593 3067 frenos
1616 3012 1778 3068 nobis
1802 3014 2036 3086 injiciat,

2144 1897 2264 1952 suis
2296 1913 2417 1952 eam
2450 1899 2845 1968 comprobabat
2875 1900 3228 1961 sententiam,
3265 1899 3333 1952 ad
3361 1911 3526 1968 quant
3558 1908 3722 1951 antea

2142 1992 2310 2045 etiam
2347 1991 2643 2047 inclinatus
2666 1994 2836 2064 magis
2866 1994 3069 2047 fuerat.
3093 1992 3196 2059 Qui
3220 1995 3368 2046 enim
3393 1991 3724 2061 delinquere

2145 2094 2202 2138 et
2238 2099 2467 2155 peccare
2495 2086 2733 2140 libenter
2764 2087 2910 2141 soliti
2942 2100 3125 2149 erant,
3171 2086 3512 2159 ejuscemodi
3545 2088 3725 2139 venue

2145 2178 2506 2233 concessione
2564 2187 2678 2231 tum
2734 2190 2980 2249 accepta,
3039 2195 3141 2250 per
3198 2183 3470 2251 reliquum
3519 2181 3725 2236 deinde

2145 2270 2272 2323 vitae
2324 2279 2542 2340 tempus
2593 2286 2656 2325 ca
2714 2272 2767 2324 in
2819 2272 3036 2326 delictis
3087 2273 3347 2328 onmibus
3400 2273 3724 2330 utebantur.

2145 2361 2293 2417 Gens
2342 2378 2508 2432 porro
2568 2365 2846 2437 Phrygtnn
2888 2367 3107 2436 pepulis
3149 2367 3274 2422 aliis
3321 2372 3725 2438 temperantior

2148 2456 2597 2529 moderatiorque
2622 2474 2744 2514 esse
2771 2460 3008 2514 videtur.
3043 2460 3275 2517 Pen-aro
3299 2465 3447 2516 enim
3475 2462 3728 2534 Phryges

2140 2553 2351 2622 juraut.
2408 2551 2476 2607 Et
2523 2552 2806 2607 iracundia
2855 2554 3080 2623 quidem
3147 2556 3294 2625 apud
3363 2555 3595 2636 Scythas
3658 2569 3726 2611 et

2147 2640 2394 2696 Thraces
2452 2642 2768 2698 dominatur
2811 2660 2827 2699 :
2878 2644 3093 2699 libidini
3146 2654 3205 2700 et
3256 2646 3729 2716 concupiscentia:

2145 2734 2458 2790 Orientales
2482 2736 2674 2806 populi
2715 2736 2890 2808 magis
2917 2739 3228 2794 inserviunt
3259 2757 3274 2795 :
3304 2740 3722 2814 Paphlagonum

2145 2836 2331 2879 autem
2364 2836 2420 2882 et
2450 2828 2727 2901 Phrygum
2762 2846 2898 2900 gens
2935 2832 3005 2887 ad
3036 2842 3297 2889 neutrum
3342 2849 3527 2889 rerum
3579 2840 3724 2892 ista-

2148 2937 2271 2975 rum
2321 2937 2594 2992 prOpensa
2654 2935 2759 2980 est.
2822 2926 3012 2997 Neque
3061 2929 3209 2984 enim
3262 2928 3379 2985 ludi
3428 2929 3727 2988 Circenses

2144 3029 2325 3083 neque
2383 3016 2696 3085 spectacula
2757 3034 2908 3075 nunc
2983 3024 3127 3091 apud
3198 3037 3299 3079 eos
3355 3024 3722 3086 exhibentur.

461 3103 514 3147 et
567 3100 873 3167 coriiposite
913 3100 1198 3155 ambulare
1252 3101 1483 3168 doceat,
1508 3105 1578 3159 sit
1629 3119 1789 3174 Opus.
1850 3107 1913 3161 Et
1946 3109 2033 3163 cui
2067 3136 2111 3195 ο
2145 3110 2496 3182 Quapropter
2529 3112 2605 3185 illi
2637 3123 2801 3185 atque
2835 3114 2971 3171 item
3017 3117 3113 3172 alii
3148 3118 3396 3185 ejusdem
3429 3123 3722 3180 sententia:

462 3196 539 3241 ita
581 3188 822 3258 Spiritus
869 3201 1099 3245 sanctus
1149 3192 1467 3262 obveniret,
1512 3212 1639 3251 eum
1690 3212 1801 3252 nou
1860 3202 2038 3255 solum

462 3294 490 3333 ει
551 3284 804 3349 corporis
866 3283 1279 3339 titillationihus
1316 3286 1582 3352 liberari,
1643 3306 1835 3348 verum
1871 3294 2037 3349 etiam

461 3368 608 3424 ciare
672 3372 855 3426 futura
914 3376 1242 3442 prtevidere,
1306 3388 1362 3431 et
1406 3381 1735 3436 Trinitatem
1796 3386 2037 3440 divinam

462 3462 642 3518 Oculis
688 3466 803 3518 suis
854 3481 1102 3521 cernere.
1163 3467 1277 3522 lloc
1323 3481 1484 3540 pacto
1532 3474 1697 3530 divus
1744 3475 2040 3535 Flavianus

464 3553 663 3620 putide
702 3557 908 3613 etfosso
942 3559 1117 3625 fonte,
1150 3573 1207 3616 et
1255 3565 1426 3634 impio
1477 3568 1688 3622 nudato
1735 3568 1920 3634 latice,
1971 3572 2037 3626 ad

460 3647 741 3703 infelicem
779 3651 934 3706 illmn
978 3668 1168 3708 senem
1206 3656 1387 3725 inquit
1423 3674 1437 3712 :
1471 3658 1781 3716 lnveterate
1822 3665 2036 3720 dierum

461 3740 754 3805 malorum,
785 3744 1068 3814 redarguit
1098 3754 1150 3799 te
1178 3762 1241 3800 os
1275 3759 1455 3817 tuum,
1485 3768 1591 3806 non
1624 3767 1726 3823 ego
1757 3770 1773 3807 :
1809 3766 1861 3809 et
1890 3756 2039 3812 labia

459 3845 553 3886 ttta
595 3835 971 3891 testimonium
1008 3840 1417 3907 perhibuerunt
1441 3853 1634 3899 contra
1667 3856 1742 3900 te.
1780 3847 1847 3903 Et
1878 3859 2037 3920 peste

460 3925 550 3978 illa
586 3926 640 3980 in
670 3940 923 3998 apertum
962 3934 1197 3999 prolata,
1231 3928 1391 4003 Syria
1423 3946 1553 3990 sunt
1576 3939 1776 4004 exacti,
1802 3950 1856 3994 et
1878 3940 2039 3994 Pamv

457 4018 699 4088 phyliam
731 4022 1184 4091 conuuigrantes,
1215 4040 1336 4079 eam
1374 4041 1595 4098 quoque
1637 4031 1790 4086 clade
1834 4032 2037 4105 imple-

456 4123 681 4167 verunt.
731 4115 915 4185 Atque
973 4119 1088 4171 haec
1140 4118 1366 4186 quidem
1417 4120 1485 4174 de
1526 4123 1780 4177 absurdis
1831 4125 1951 4180 istis
1978 4135 2037 4179 et

458 4204 660 4271 ineptis
719 4206 1028 4263 haeresibus
1092 4210 1205 4265 sint
1268 4212 1439 4267 dicta.
1524 4214 1732 4268 Eodem
1788 4225 2035 4289 tempore

454 4294 749 4351 Novatiani
775 4299 853 4367 (1)
882 4315 1110 4369 quoque
1131 4303 1424 4375 Phrygiam
1454 4306 1781 4373 incolentes,
1811 4308 2034 4366 Pascha:

456 4388 602 4443 diem
640 4389 841 4444 festum
891 4405 1201 4454 mutavere.
1255 4395 1317 4451 Id
1373 4413 1539 4465 porro
1588 4415 1880 4469 exponam,
1936 4404 2029 4458 ubi

2147 3204 2281 3256 mihi
2312 3207 2485 3275 magis
2514 3207 2784 3264 inclinare
2812 3211 3075 3265 videntur
3101 3213 3171 3267 ad
3205 3229 3270 3268 ea
3293 3230 3418 3285 quae
3449 3231 3479 3270 a
3505 3216 3722 3275 Novato

2143 3299 2459 3367 praescripta
2512 3287 3060 3374 sonu—Praecipuum
3098 3320 3339 3378 namque
3392 3310 3543 3380 apud
3593 3313 3722 3369 illos

2143 3401 2403 3459 tanquam
2435 3392 2709 3461 piaculqu
2759 3405 2817 3450 et
2870 3397 3211 3453 abominatio
3259 3411 3347 3457 est
3392 3401 3715 3460 fornicatio.

2143 3478 2211 3535 Et
2239 3498 2370 3539 sane
2404 3484 2646 3556 Phryges
2686 3498 2741 3540 et
2775 3488 3155 3559 Paphlagones
3201 3492 3485 3549 moderate
3518 3496 3714 3567 magis,

2143 3592 2307 3646 quam
2336 3580 2472 3633 alias
2510 3594 2872 3651 quascunque
2901 3583 3160 3648 hzereses,
3196 3585 3386 3653 vivere
3428 3588 3716 3645 videmus.

2147 3668 2413 3725 Eaiudem
2464 3687 2687 3728 causam
2737 3689 2863 3729 esse
2911 3675 3111 3745 opinor
3164 3677 3249 3734 eis
3291 3681 3457 3735 etiam
3506 3682 3603 3751 qui
3656 3684 3711 3737 in

2141 3765 2584 3820 occidentalibus
2646 3767 2898 3836 partibus
2950 3768 3222 3837 habitant,
3272 3782 3328 3828 et
3370 3773 3564 3830 Novati
3618 3776 3718 3831 de-

2141 3868 2298 3912 creto
2359 3870 2577 3928 parent.
2654 3858 2829 3917 Porro
2880 3861 3128 3918 Novatus
3189 3867 3407 3922 etiamsi
3486 3879 3718 3940 propter

2138 3950 2386 4005 exactius
2435 3951 2559 4007 vitae
2614 3968 2789 4023 genus
2825 3969 2981 4009 suam
3032 3957 3137 4011 sibi
3186 3968 3393 4015 sectam
3451 3963 3713 4030 instituit,

2139 4055 2250 4096 non
2278 4040 2368 4096 ille
2398 4051 2578 4097 tamen
2608 4044 2911 4114 quidquam
2949 4047 3019 4101 de
3050 4046 3275 4105 Pascha:
3305 4051 3445 4108 festo
3478 4054 3570 4109 die
3598 4071 3720 4109 mu—

2141 4137 2297 4193 tavit.
2330 4136 2560 4207 Semper
2588 4154 2853 4210 namque,
2902 4141 3065 4196 sicuti
3105 4140 3492 4203 Occidentales
3527 4160 3715 4221 partes

2138 4228 2323 4284 facere
2381 4233 2557 4286 solita:
2612 4244 2794 4298 erant,
2852 4236 2910 4289 et
2964 4237 3080 4306 ipse
3118 4235 3339 4312 Pascha
3387 4243 3711 4301 celebravit.

2136 4319 2344 4376 Pascha
2397 4332 2582 4377 autem
2640 4325 2749 4380 illa:
2792 4328 3012 4397 semper
3072 4340 3244 4400 agunt
3290 4316 3405 4404 jam
3463 4336 3593 4391 inde
3641 4342 3713 4394 ab

2139 4411 2324 4478 initio,
2357 4426 2426 4468 ex
2474 4430 2586 4484 quo
2630 4416 2932 4476 Christiani
2982 4433 3113 4478 sunt
3166 4426 3320 4491 facti,
3369 4441 3497 4499 post
3538 4435 3713 4503 atqui-

455 4484 699 4550 primum
736 4486 953 4551 dixero,
982 4490 1343 4557 quamobrem
1378 4492 1620 4563 Phryges
1648 4504 1704 4549 et
1735 4495 2034 4567 l’apblago-
2065 4481 2110 4537 θ
2140 4507 2406 4563 noetium.
2441 4481 2541 4563 Hic
2574 4514 2924 4582 postmodum
2979 4517 3085 4572 sub
3115 4481 3713 4598 Valeriane

457 4589 560 4626 nes
610 4575 866 4631 Ecelesi-e
905 4594 1098 4633 eorum
1145 4588 1253 4635 tam
1308 4583 1543 4638 ﬁrmiter
1588 4587 1868 4643 retineant
1926 4590 2031 4642 hu-

448 4665 689 4731 jusmodi
736 4668 1069 4725 sanctiones.
1120 4672 1364 4728 Novatus
1399 4676 1693 4747 presbyter
1737 4660 2031 4747 prepterea

453 4757 524 4810 ab
584 4759 815 4817 ecclesia
870 4761 1115 4816 Rontana
1172 4766 1468 4831 discessit,
1529 4769 1675 4838 quod
1741 4768 2029 4828 Cornelius

452 4852 748 4919 episcopus
781 4868 880 4908 eos
905 4856 972 4908 ad
1004 4859 1448 4913 communionem
1482 4863 1804 4927 admiserat,
1848 4867 1941 4933 qui
1969 4866 2025 4918 in

455 4944 837 5010 persecutione
887 4947 956 5001 ab
1004 4948 1343 5016 imperatore
1391 4951 1560 5007 Decio
1612 4956 1871 5020 excitata,
1924 4958 2031 5012 diis

454 5031 925 5088 sacriﬁcaverant.
959 5036 1109 5091 llane
1135 5040 1305 5107 ipsam
1336 5041 1406 5095 ob
1432 5056 1654 5096 causam
1685 5057 2029 5116 segregatus.

453 5133 559 5176 eta
590 5113 1075 5184 con-sentientibus
1101 5131 1207 5185 sibi
1238 5134 1515 5203 episcopis
1546 5135 1613 5189 ad
1647 5113 2047 5207 episcopatum

445 5222 707 5283 evectus,
747 5222 1010 5276 omnibus
1045 5226 1252 5293 ubique
1283 5225 1546 5283 Ecclesiis
1575 5231 1823 5300 scripsit,
1862 5248 1930 5287 ne
1964 5234 2031 5288 ad

454 5311 713 5381 mysteria
770 5314 1123 5382 percipienda
1173 5332 1269 5371 eos
1312 5319 1403 5388 qui
1463 5322 1875 5378 sacriticassent
1935 5326 2028 5378 ad-

456 5413 742 5459 mitterent
777 5425 789 5458 ;
821 5408 915 5459 sed
952 5408 1101 5477 ipsos
1134 5411 1359 5480 quidem
1395 5414 1458 5467 ad
1496 5416 1879 5482 paenitentiam
1928 5433 2026 5473 co-

438 5493 832 5562 hortarentur,
866 5498 981 5555 Deo
1008 5513 1190 5557 autem
1231 5506 1406 5560 venia:
1440 5510 1853 5565 concessionem
1895 5525 2025 5580 per-

452 5585 756 5651 mitterent,
789 5590 881 5659 qui
921 5593 1071 5647 solus
1112 5594 1426 5653 facultatem
1463 5599 1691 5655 haberet
1743 5611 1802 5656 et
1836 5610 2026 5671 posset

525 5730 599 5809 (l)
631 5733 784 5809 Socr.
816 5733 911 5787 lib.
934 5751 1016 5809 iv,
1055 5751 1173 5809 cap.
1206 5739 1294 5791 ‘28.

2137 4598 2233 4667 qui
2280 4602 2724 4668 persecutionem
2776 4606 3044 4661 adversus
3068 4606 3423 4667 Christianos
3466 4618 3711 4671 concita-

2133 4697 2314 4753 verat,
2342 4694 2607 4762 martyrio
2632 4695 2801 4749 vitam
2829 4695 2992 4753 (iniit.
3022 4698 3126 4764 Qui
3163 4716 3289 4757 vero
3322 4702 3445 4773 ejus
3487 4708 3711 4763 nomine

2134 4784 2191 4836 in
2221 4783 2457 4854 Phrygia
2490 4798 2809 4856 censentur,
2835 4792 2908 4845 ab
2935 4790 3207 4850 institutis
3235 4804 3294 4852 et
3321 4801 3712 4857 communione

2133 4877 2253 4948 t-jus
2282 4894 2407 4932 cum
2439 4880 2543 4934 sibi
2578 4882 2713 4950 ipsis
2738 4882 3089 4956 indulgentes
3111 4886 3562 4959 degenerassent,
3605 4895 3709 4951 hoc

2136 4976 2380 5040 tempore
2407 4974 2661 5039 paschale
2696 4990 2920 5046 quoque
2966 4977 3167 5034 festum
3217 4992 3521 5039 mutarunt.
3564 4986 3709 5043 Cou-

2131 5058 2262 5113 cilio
2314 5060 2460 5115 enim
2520 5063 2573 5116 in
2628 5065 2768 5118 l’azo
2829 5067 2980 5134 vico,
3045 5069 3142 5124 ubi
3208 5070 3471 5143 Sangaris
3520 5079 3704 5134 amnis

2137 5150 2297 5221 13o
2334 5151 2515 5207 fontes
2543 5166 2697 5220 sunt,
2727 5169 2943 5219 coacto,
2970 5162 3130 5231 pauci
3154 5164 3379 5232 quidam
3403 5176 3461 5222 et
3482 5167 3705 5223 obscuri

2134 5259 2233 5311 per
2262 5245 2552 5316 Phrygiam
2601 5247 3037 5304 Novatianorum
3092 5255 3337 5325 episcopi
3367 5269 3705 5328 statuerunt,

2134 5339 2449 5395 Juda'orutn
2495 5358 2682 5415 azyma
2739 5346 3084 5405 observanda
3119 5363 3174 5405 et
3222 5369 3345 5407 cum
3376 5361 3460 5411 eLs
3495 5357 3704 5414 Pascha

2132 5434 2529 5489 celebrandum
2579 5453 2723 5493 esse.
2764 5438 2889 5495 [Lee
2932 5442 3039 5498 sibi
3088 5448 3402 5501 renuntiata
3448 5463 3572 5503 esse
3601 5450 3707 5505 So-

2132 5538 2313 5583 crates
2337 5528 2453 5600 (qui
2488 5532 2591 5585 hoc
2616 5531 2741 5588 loco
2772 5548 2882 5588 non
2914 5536 3216 5592 abhorrere
3267 5555 3326 5594 sc
3372 5555 3402 5594 a
3442 5539 3705 5597 Novatia-

2132 5636 2335 5676 norum
2365 5622 2635 5678 institutis
2660 5627 2838 5694 palam
2866 5642 2977 5698 prae
3007 5642 3065 5681 se
3097 5629 3225 5699 fert)
3259 5647 3286 5683 ει
3313 5645 3444 5686 sene
3467 5634 3703 5703 quodam

521 5790 602 5872 (2)
637 5803 760 5857 Ηευυ
808 5819 871 5858 cx
928 5790 1086 5862 Socr.
1121 5790 1408 5877 excerpta,
1456 5827 1619 5879 quem
1674 5811 1986 5868 Not'atiaua:
2026 5810 2251 5869 lueresis
2283 5819 2612 5864 sectatorem
2648 5806 2993 5877 Nicephorius
3025 5825 3148 5867 esse
3178 5814 3391 5868 censuit.
