4112 6224
459 386 566 453 M7

1393 393 1991 456 ECCLESIASTICE
2026 391 2416 457 HISTORIA!
2458 391 2606 457 LIB.
2647 389 2749 455 XI.

3607 382 3665 446 61
3677 385 3711 445 Β

462 502 659 559 scrihit
690 499 788 574 (l),
816 502 910 573 qui
953 516 1012 558 se
1070 502 1373 575 presbyteri
1425 505 1595 559 lilium
1646 503 1817 561 fuisse
1873 505 2030 572 dixit,
2062 524 2109 582 Α
2135 514 2222 560 cst
2250 520 2361 558 non
2392 502 2714 571 incclebris)
2744 497 3014 571 episcupi,
3054 513 3084 553 a
3110 496 3311 569 quibus
3338 504 3449 554 tum
3477 498 3712 552 maxime

461 612 706 667 quocum
781 596 1005 669 Synudo
1038 597 1088 650 ei
1135 596 1470 652 interfuerit.
1515 596 1657 653 Cum
1701 596 1924 667 quidem
1963 610 2032 651 eo
2138 596 2574 653 Novatiauorum
2633 592 2830 665 religio
2877 601 2961 647 est
3005 591 3412 647 administrata.
3465 589 3593 647 Haec
3633 590 3717 644 sic

464 702 573 741 non
600 688 963 743 convenerint
988 689 1071 742 vel
1093 687 1317 756 Agelius
1338 687 1812 757 Constantinopoli
1854 686 2034 743 Nova-

2140 697 2257 742 tum
2323 699 2470 743 acta.
2540 685 2735 741 Postea
2802 700 2939 740 vero
2988 683 3427 739 Novatianorum
3480 683 3717 739 ecclesia

465 778 741 831 tiauorum
796 777 1133 847 cpiscopus,
1188 777 1273 832 vel
1334 777 1604 834 Misimus
1653 778 1893 845 Niciere,
1945 778 2033 832 vel
2139 789 2367 852 propter
2391 793 2512 834 eam
2564 776 2838 851 synodum
2888 778 2943 831 in
2995 786 3185 848 partes
3218 774 3474 832 discessit
3507 790 3523 832 :
3554 777 3716 831 sicuti

462 870 630 925 etiam
665 868 995 927 Nicomedia:
1021 882 1119 928 aut
1155 871 1358 944 Cotyaei
1391 872 1468 941 (2)
1504 870 1658 941 (urbs
1687 886 1755 926 ea
1784 870 2033 943 Phrygia:
2141 886 2243 927 suo
2271 871 2393 927 loco
2427 870 2699 926 dicemus.

1891 1031 2120 1090 CAPUT
2160 1030 2279 1088 XV.

478 1129 592 1216 Ὡς.
664 1148 962 1221 Εὐδοξίου
1008 1150 1118 1206 τοῦ
1182 1149 1878 1221 Κωνστῃντζνουπόλεως
1956 1149 2482 1221 Σελευτήσαντος,
2541 1151 2597 1221 ot
2674 1150 2968 1221 Ἀρειονοᾶ
3033 1151 3403 1221 Δημόφιλονγ
3429 1148 3720 1218 προεϐάλ-

536 1222 757 1293 λοντος
794 1220 941 1275 atde
974 1221 1088 1293 τῆς
1121 1218 1451 1293 καθολικῆς
1518 1220 1903 1293 Ἑλικληονᾶις·Δ
1950 1216 2267 1291 Εὺὰγριον,
2331 1220 2672 1276 Εὺσταθίου
2719 1216 2829 1277 ἑοῦ
2883 1216 3249 1293 Ἀντιοχὲίὰς
3314 1216 3533 1276 τοῦτον
3593 1238 3719 1290 χει-

531 1290 994 1361 ροτονήσαντος
1013 1289 1044 1323 ”
1080 1292 1177 1346 καὶ
1216 1290 1336 1346 ὅσα
1356 1291 1453 1345 ἐπὶ
1486 1292 1720 1355 τούτοις
1750 1289 2004 1359 συνέϐη.

543 1401 610 1466 Ct
666 1408 908 1464 Eudoxio
949 1408 1538 1479 Constantinopolitano
1580 1408 1821 1475 episeopo
1874 1412 2103 1479 mortuo,
2148 1403 2340 1479 Ariani
2375 1400 2764 1479 DemOphilum,
2800 1400 3064 1479 Catholici
3088 1410 3283 1479 autem
3331 1401 3648 1476 Evagrism,

890 1479 1171 1537 Eustathio
1201 1472 1525 1533 Ant't'oclteno
1554 1472 1794 1547 episcopo
1819 1479 1957 1531 hunc
1983 1476 2265 1529 ordinante
2290 1472 2541 1544 elegerint
2575 1487 2594 1531 :
2618 1481 2669 1526 et
2692 1489 2808 1544 qui:
2828 1475 2908 1527 his
2935 1475 3260 1542 occiderint.

545 1596 653 1653 Sed
711 1603 774 1652 ut
816 1594 1102 1652 historiam
1157 1610 1556 1666 persequamur
1617 1597 1729 1666 (5),
1779 1608 1847 1651 eo
1894 1592 2042 1649 unde

2151 1601 2446 1647 revocatus
2475 1629 2492 1656 ,
2536 1598 2651 1646 tum
2712 1600 2900 1646 autem
2944 1590 3424 1664 Constantinopoli
3471 1596 3722 1665 privatus

471 1689 706 1759 digressi
730 1702 946 1755 sumus,
980 1689 1376 1744 revertendum
1407 1688 1566 1745 nobis
1590 1696 1696 1744 est.
1729 1687 2038 1759 Imperator
2080 1758 2083 1759 ν
2148 1684 2380 1749 latebat,
2407 1693 2469 1741 ut
2498 1699 2597 1740 sua
2628 1684 2825 1740 saltem
2872 1685 3165 1754 prasentia
3225 1686 3542 1756 ὁμοουσξου,
3583 1703 3722 1744 con-

485 1758 697 1838 valens
751 1778 1234 1846 Constantinopoli
1280 1779 1525 1844 solvens,
1569 1758 1917 1836 Antiochiam
1974 1775 2041 1833 ad
2076 1758 2117 1815 Β
2148 1773 2553 1839 substantialis,
2592 1774 2939 1844 professores
2962 1776 3339 1833 confirmaret.
3367 1776 3445 1833 lta
3488 1778 3721 1841 factum,

474 1873 742 1930 Orontem
769 1870 923 1928 adire
967 1872 1304 1942 properavit.
1363 1871 1431 1928 Et
1478 1887 1604 1929 cum
1663 1870 2043 1929 Nicomediam

472 1967 817 2040 pervenisset
847 1967 956 2039 (ι),
991 1965 1066 2021 ibi
1096 1965 1200 2022 hac
1227 1965 1295 2021 de
1325 1979 1491 2022 causa
1516 1965 1736 2022 restitit.
1763 1964 2048 2022 Eudosius

471 2063 693 2117 Ariona:
739 2071 910 2117 sectas
972 2058 1270 2129 episcopus
1327 2059 1509 2114 statim
1562 2068 1688 2129 post
1738 2057 2046 2114 discessum

475 2155 839 2229 imperatoris
870 2151 1348 2220 Constantinopoli
1374 2151 1483 2207 vita
1517 2151 1810 2208 defunctus
1845 2150 2045 2215 fuerat,

473 2248 768 2302 consulatu
827 2244 1198 2302 Valentiniani
1256 2251 1314 2299 et
1370 2242 1621 2297 Valentis
1681 2243 1867 2305 tertio,
1919 2257 2045 2297 cum

471 2341 698 2412 quidem
780 2338 998 2394 clavum
1088 2336 1353 2393 Ecclesiae
1421 2333 2048 2404 Constantinopolitanae

474 2437 635 2492 annis
683 2433 943 2489 undecim
991 2429 1249 2486 rexisset.
1321 2426 1455 2501 Ejus
1504 2431 1560 2485 in
1623 2429 1807 2485 locum
1855 2427 2047 2483 Ariani

475 2536 838 2598 surrogarunt
881 2523 1268 2595 Demophilum
1322 2521 1644 2594 quemdam.
1701 2521 2051 2579 Professores

475 2633 658 2678 autem
709 2618 1025 2693 ὸμοουσίου,
1056 2615 1569 2681 consnbslattlialis;
1597 2613 1948 2672 commodum
1990 2628 2051 2670 se

478 2724 741 2786 tempus,
816 2722 877 2768 ut
939 2711 1129 2767 sedem
1195 2706 1572 2781 episcopalem
1629 2712 2048 2776 recuperarent,

478 2817 673 2862 nactos
716 2820 843 2863 esse
891 2804 1019 2871 rati,
1046 2801 1339 2875 Evagrium
1389 2816 1503 2857 sua:
1533 2798 1791 2855 factionis
1818 2796 2048 2870 presby-

477 2913 660 2958 terum
684 2901 1008 2971 cpiscopum
1025 2897 1414 2970 desigmrunt.
1437 2892 1540 2951 Cui
1567 2905 1765 2949 manus
1788 2891 2049 2963 imposuit

478 2993 822 3058 Eustathius,
852 2992 1153 3062 episcopus
1183 2987 1487 3061 aliquando
1511 2985 1918 3051 Antiochenus,
1952 2986 2046 3058 qui

480 3084 820 3143 aluviniano
839 3083 1063 3155 quidem
1091 3087 1160 3139 ab
1181 3079 1380 3137 exsilio
1397 3094 1509 3136 non
1533 3079 1607 3135 ita
1626 3075 1842 3149 pridem
1867 3076 2048 3133 fuerat

2147 1867 2423 1923 utAriani
2475 1869 2923 1936 persecutionem
2970 1867 3238 1924 adversus
3286 1879 3507 1926 nostros
3559 1887 3719 1924 rvno.

2147 1969 2364 2017 varent.
2406 1958 2481 2015 Ea
2515 1974 2604 2015 res
2630 1974 2932 2031 postquam
2969 1960 3152 2017 estad
3182 1961 3490 2033 principem
3516 1964 3719 2024 delata.

2147 2055 2360 2109 veritus
2398 2051 2493 2108 ille
2540 2069 2610 2109 ne
2648 2051 2924 2109 seditione
2974 2060 3035 2110 et
3078 2054 3320 2110 tumultu
3378 2054 3572 2111 civitas
3605 2064 3723 2112 tur-

2149 2148 2402 2213 baretur,
2450 2146 2745 2203 militarem
2784 2162 3007 2204 manum
3046 2148 3369 2206 Nicomedia
3404 2149 3724 2206 Constanti-

2147 2240 2394 2312 nopolim
2426 2240 2599 2305 misit,
2634 2256 2761 2299 cum
2811 2241 3074 2299 mandato
3111 2243 3411 2315 ejusmodi,
3448 2254 3513 2300 ut
3548 2243 3719 2300 simul

2148 2344 2203 2389 et
2233 2334 2521 2391 ordinator
2542 2341 2599 2390 et
2624 2334 2917 2392 ordinatus
2938 2336 3530 2408 comprehenderetur,
3551 2346 3721 2409 atquo

2149 2427 2292 2483 alius
2320 2426 2431 2483 alio
2461 2427 2779 2485 exsulatum
2809 2428 3152 2486 mitteretur.
3189 2428 3519 2487 Eustathius
3546 2432 3720 2503 igitur

2148 2519 2372 2593 Bizyam
2412 2521 2520 2593 (5),
2550 2520 2700 2593 quod
2724 2520 2972 2579 Thracia:
3006 2521 3271 2595 oppidum
3304 2534 3417 2588 est,
3452 2525 3725 2596 Evagrius

2152 2616 2208 2671 in
2244 2615 2427 2670 locum
2477 2614 2648 2671 alium
2704 2615 3036 2686 deportatus
3073 2623 3180 2673 est.
3232 2616 3470 2673 Proinde
3507 2618 3721 2681 Ariani,

2151 2707 2298 2779 quod
2328 2706 2582 2779 plerique
2631 2723 2827 2764 omnes
2865 2709 2920 2764 in
2951 2709 3119 2766 rebus
3167 2711 3425 2768 secundis
3475 2711 3713 2777 faciunt,

2152 2804 2324 2873 magis
2348 2803 2630 2874 magisque
2656 2802 2901 2868 ell‘erari,
2927 2802 3267 2860 orthodoxos
3302 2814 3359 2861 et
3406 2815 3554 2861 recte
3597 2822 3725 2861 sen-

2152 2898 2357 2952 tientes
2416 2895 2713 2951 admodum
2766 2910 3009 2961 vexare,
3057 2898 3310 2961 caedere,
3366 2898 3726 2954 contumeliis

2152 2986 2394 3054 allicere,
2425 2989 2483 3043 in
2510 2987 2729 3044 vincula
2761 2988 3064 3058 conjicere,
3120 2990 3369 3060 pecuniis
3397 2989 3565 3047 etiam
3594 3005 3727 3062 spo-

2150 3079 2317 3148 liare,
2353 3079 2700 3137 intoleranda
2726 3081 2913 3136 omnia
2944 3081 3212 3140 adversus
3233 3098 3332 3141 eos
3360 3083 3564 3140 facere.

1911 3228 2144 3302 CAPUT
2179 3241 2327 3299 xvr.

485 3370 619 3439 Περὶ
645 3367 755 3438 τῆς
777 3366 1081 3440 ὠμότητος
1141 3362 1282 3440 τινῶνΔ
1338 3361 1676 3440 Ἆρειάνῶν,
1739 3362 1874 3440 μαι,
2051 3359 2295 3440 eodem
2353 3363 2506 3440 aeota
2555 3364 2679 3440 τὸν-
2724 3363 3099 3440 ’Ληακηνᾷν
3155 3365 3295 3440 τῆς-
3331 3368 3728 3439 Νικομηδείας

552 3431 790 3497 suam
818 3431 1222 3511 ’ὐιΰοήθὶοντα
1255 3433 1802 3502 ἐκκλησιαστικοὺς
1849 3432 1950 3488 ἐπὶ
2024 3432 2227 3502 μέσης
2260 3434 2582 3502 θαλάσσης
2611 3434 2735 3489 σὺν
2793 3431 2875 3500 τῷ
2898 3435 3091 3501 πλοίῳ
3159 3431 3303 3509 xii):
3366 3431 3727 3509 παραίιάλωζ

547 3514 684 3569 ἆγεν.

486 3629 562 3687 De
618 3630 929 3688 crudelitate
969 3631 1322 3693 Arianorum,
1395 3636 1447 3682 et
1508 3635 1567 3681 ut
1646 3622 1842 3681 Valens
1879 3626 2021 3680 circa
2083 3617 2758 3695 AstacenumANicomedia
2792 3627 3005 3695 portum
3047 3622 3314 3695 octoginta
3344 3624 3724 3687 ecclesiasticos

1180 3689 1327 3758 siros
1359 3714 1467 3754 una
1504 3713 1621 3754 cum
1654 3695 1863 3768 navigio
1911 3696 1967 3750 in
2013 3692 2183 3749 medio
2232 3692 2371 3746 stari
2406 3689 2518 3761 igni
2555 3690 2912 3745 combusserit.

558 3820 714 3901 131
757 3818 927 3876 Porro
957 3832 1081 3877 cum
1105 3816 1313 3875 nostris
1338 3815 1476 3873 dura
1519 3814 1635 3871 haec
1662 3822 1719 3868 et
1747 3811 1931 3883 gravia
1959 3824 2052 3901 es-
2078 3814 2123 3872 ο
2158 3815 2263 3869 ret,
2318 3821 2388 3861 ne
2445 3804 2642 3861 seditio
2694 3805 2751 3859 in
2804 3804 2968 3878 vulgo
2994 3805 3256 3876 oriretur,
3314 3813 3526 3871 veritus
3593 3826 3674 3873 est
3708 3838 3722 3874 :

481 3899 719 3976 seut,ad
743 3907 1052 3981 principem
1087 3917 1406 3979 preratores
1435 3904 1657 3971 misere,
1686 3904 1733 3959 si
1759 3916 1869 3974 quo
1889 3899 2055 3957 modo

490 4003 656 4057 linem
684 4013 944 4055 aerumna
964 3998 1086 4067 ejus
1118 3997 1373 4052 obtinere
1394 4002 1640 4066 possent.
1673 3991 1946 4048 Caeterum
1974 3988 2053 4043 illi

487 4095 753 4168 opinione
776 4107 876 4148 sua
904 4088 1205 4163 plurimum
1233 4096 1364 4143 sunt
1390 4086 1535 4153 falsi,
1561 4094 1625 4142 ut
1652 4086 1745 4155 qui
1778 4083 2055 4155 justitiam

494 4205 553 4243 se
588 4189 658 4241 ab
692 4187 900 4257 iniusto
939 4185 1340 4255 impetraturos
1364 4195 1486 4236 esse
1505 4179 1875 4252 speraverint.
1913 4178 2054 4234 Cum

490 4294 733 4350 namque
781 4276 966 4334 dilecti
1003 4289 1074 4331 ex
1116 4271 1496 4329 ecclesiastico
1535 4268 1732 4325 ordine
1771 4268 2055 4338 octoginta
2116 4268 2117 4271 “

488 4374 617 4440 viri,
660 4369 862 4442 quibus
887 4365 1111 4439 prtefuit
1152 4362 1419 4428 Urbasus,
1452 4360 1812 4423 Theodorus,
1853 4370 1909 4415 et
1940 4358 2056 4414 Me-

487 4468 780 4529 nedemus,
812 4459 1191 4519 Nicomediam
1232 4458 1536 4522 venissent,
1570 4468 1765 4527 preces
1813 4455 2058 4524 impera-

488 4560 600 4616 tori
639 4555 998 4621 obtulissent,
1052 4562 1112 4607 et
1154 4551 1224 4608 de
1264 4551 1318 4605 vi
1363 4550 1512 4606 tanta
1553 4547 1809 4621 quiritati
1842 4555 2053 4612 essent,

489 4652 812 4721 indignatos
841 4648 957 4710 ille.
983 4647 1037 4701 in
1066 4644 1363 4717 praesentia
1393 4642 1618 4714 quidem
1652 4642 1791 4697 iram
1815 4641 2055 4713 pressit:

488 4740 898 4798 deinde-autem
925 4735 1066 4792 clam
1108 4734 1358 4791 Modesto
1391 4733 1652 4805 praefecto
1685 4735 1967 4804 praecepit,
1997 4743 2058 4790 ut

487 4829 924 4902 comprehensos
954 4843 1053 4885 eos
1090 4837 1335 4882 necaret.
1370 4826 1635 4897 Simplicii
1665 4827 1786 4897 ejus
1833 4830 2055 4891 modus,

483 4923 619 4997 quia
663 4935 842 4978 novus
880 4930 940 4976 et
992 4919 1238 4975 insolens
1279 4933 1509 4988 prorsus
1541 4918 1669 4978 fuit.
1710 4918 2057 4988 posteritatis

490 5016 777 5073 memoriae
810 5021 896 5070 est
927 5012 1239 5069 mandatus.
1272 5009 1595 5077 Pratfeetns,
1635 5012 1684 5069 si
1730 5010 1883 5066 viros
1929 5010 2058 5065 reli-

483 5111 693 5182 giosos.
717 5106 814 5179 qui
842 5104 981 5161 nihil
1016 5094 1449 5170 commisissent,
1477 5103 1766 5173 propalam
1804 5102 2053 5172 perime-

560 5310 636 5387 il)
668 5315 888 5388 Sozam.
915 5316 1016 5374 lib.
1050 5331 1128 5388 vt.
1161 5330 1286 5388 cap.
1307 5314 1402 5388 24.

560 5382 826 5473 (1)§tmr.
871 5390 1034 5445 habet
1078 5382 1348 5469 Cotyn—itii.
1386 5384 1706 5459 Legendum
1752 5400 1821 5442 ex
1863 5382 2057 5451 Suida,

485 5458 882 5602 ϐοίὲῗὲοοηι.
910 5526 1007 5610 uti.
1048 5542 1125 5593 ιν.
1163 5541 1287 5596 cap.
1326 5526 1395 5581 tt
1423 5533 1481 5582 et
1507 5526 1599 5584 t5.

558 5599 636 5656 Ml
662 5599 880 5656 Sozam.
914 5599 1011 5653 ltb.
1042 5614 1117 5656 vr.
1153 5614 1276 5656 catt.
1319 5598 1406 5654 l5.

620 5598 880 5668 )Sozom.
914 5599 1011 5653 lib.
1042 5614 1117 5663 vr,
1153 5614 1276 5665 cap.
1319 5598 1406 5654 l5.

580 5670 638 5737 5)
675 5670 852 5743 Bizya
889 5684 995 5743 ars
1035 5668 1533 5743 regum_'l'hra_ci_2e,
1563 5668 1783 5743 apr'l‘erei
1837 5667 2055 5743 nefasto

482 5738 713 5803 camino
747 5738 918 5797 invisa
948 5740 1357 5797 hirundinibus.
1393 5739 1538 5795 Plin.
1573 5740 1671 5796 lib.
1704 5756 1778 5807 Iv,
1815 5754 1936 5809 cap.
1961 5738 2048 5793 ll.

556 5814 634 5883 (6)
678 5811 1155 5880 Constantinopoli
1213 5824 1398 5864 autem
1444 5810 1635 5883 Ariani
1690 5811 1878 5880 plures
1914 5811 2051 5883 pios

478 5881 892 5953 catholicosque
936 5886 1283 5953 presbyteros
1342 5882 1502 5947 navi,
1569 5882 1623 5936 in
1675 5897 1780 5952 qua
1833 5881 2045 5933 nullum

761 5979 1031 6038 ΡΑτιωι.
1061 5978 1173 6038 Gtt.
1209 5976 1440 6037 CXLVI

2157 3908 2498 3971 quapropter
2544 3913 2639 3955 eos
2696 3913 2757 3956 se
2817 3900 2872 3954 in
2926 3901 3185 3958 exsilium
3243 3906 3543 3964 missurum
3596 3927 3721 3967 esse

2159 3992 2504 4048 assimulavit
2526 3991 2628 4059 (6).
2648 3992 2709 4047 In
2739 4007 2847 4063 qua
2877 3992 2956 4048 illi
2987 3995 3266 4053 sententia
3288 4003 3502 4071 magnis
3524 4005 3727 4061 animis

2158 4085 2506 4158 acquievere.
2558 4085 2655 4142 Ille
2702 4088 2890 4143 navim
2935 4104 3054 4153 eos,
3112 4090 3283 4149 veluti
3327 4096 3506 4152 solum
3545 4102 3732 4157 exsilii

2157 4195 2322 4236 causa
2353 4194 2613 4236 versuros
2641 4182 3018 4240 conscendere
3036 4184 3226 4257 jussit,
3260 4197 3318 4245 et
3361 4192 3547 4248 nautis
3578 4208 3727 4264 prae-

2159 4274 2329 4344 cepit,
2374 4283 2437 4329 ut
2475 4274 2532 4331 in
2575 4274 2763 4332 medio
2810 4278 2945 4332 mari
2996 4293 3191 4336 navem
3233 4280 3624 4352 incenderent,
3668 4300 3730 4345 ιιι

2158 4381 2285 4424 cum
2313 4382 2381 4423 eo
2416 4367 2581 4423 modo
2625 4368 2700 4424 illi
2735 4369 3103 4437 interiissent,
3137 4375 3376 4445 sepulcri
3403 4392 3537 4434 cura
3571 4397 3731 4438 care-

2162 4468 2309 4516 rent.
2343 4459 2579 4516 Vcntum
2627 4468 2714 4517 est
2752 4462 2808 4517 in
2858 4464 3042 4520 sinum
3072 4466 3340 4534 medium,
3371 4470 3466 4541 qui
3497 4473 3727 4530 Astace-

2162 4567 2272 4608 nus
2304 4560 2580 4608 vocatur:
2616 4554 2693 4609 ibi
2731 4564 2917 4611 nautae
2966 4556 3234 4629 imperata
3276 4560 3551 4622 fecerunt.
3586 4568 3725 4624 Nam

2161 4645 2267 4717 ipsi
2314 4645 2544 4718 scapha,
2579 4663 2705 4719 qua:
2757 4664 2953 4706 navem
2988 4654 3347 4723 sequebatur,
3403 4673 3727 4729 conscensa,

2163 4736 2446 4809 navigium
2478 4738 2557 4810 (7)
2581 4740 2635 4794 in
2661 4755 2775 4810 quo
2801 4742 2906 4798 viri
2936 4742 3018 4798 illi
3052 4744 3422 4815 vehebantur,
3460 4750 3727 4810 incende-

2167 4840 2321 4886 runt.
2364 4830 2762 4888 Vehementius
2795 4841 2910 4889 tum
2954 4834 3288 4897 subsolanus
3314 4851 3513 4899 ventus
3536 4844 3725 4911 ﬂabat,

2165 4932 2224 4979 et
2252 4922 2484 4993 proinde
2507 4925 2665 4980 navis
2701 4939 2770 4979 eo
2793 4926 2962 4983 citius
2989 4926 3263 4987 ﬂammam
3302 4938 3577 5007 concepit.
3614 4938 3728 4996 Du-

2165 5015 2313 5073 ravit
2353 5032 2421 5071 ea
2462 5032 2639 5087 usque
2668 5018 2734 5072 ad
2773 5018 2960 5075 locum
2987 5020 3280 5095 B.thynite,
3304 5026 3399 5097 qui
3426 5028 3725 5088 Decidizus

2161 5116 2538 5180 nuncupatur,
2573 5111 2760 5180 ibique
2793 5127 2903 5167 una
2950 5128 3078 5170 eum
3126 5117 3237 5187 piis
3264 5118 3374 5177 illis
3405 5119 3728 5180 hominibus

2090 5316 2136 5375 ι)
2164 5321 2282 5393 erat
2304 5312 2738 5393 instrumentum
2758 5318 3061 5381 nauticum.
3076 5316 3477 5393 imposuerunt,
3492 5336 3725 5393 eamque

2167 5386 2578 5455 pelago,ventis
2609 5387 2877 5457 nudisque
2896 5397 3102 5445 temere
3128 5386 3407 5445 ferendam
3438 5386 3727 5451 commise-

2170 5467 2319 5529 runt.
2359 5458 2562 5529 Deinde
2614 5459 2908 5529 populares
2948 5458 3215 5529 quosdam
3262 5473 3393 5515 suos
3414 5460 3471 5516 in
3502 5465 3725 5529 navigio

2166 5526 2279 5579 alio
2315 5526 2658 5602 submisere,
2694 5526 2807 5597 qui
2846 5526 3044 5602 ignem
3120 5531 3198 5584 illi
3280 5530 3584 5602 injicereut.
3630 5526 3726 5591 Sic

2151 5598 2327 5650 sancti
2382 5599 2459 5653 illi
2495 5598 2618 5671 Aviri
2664 5612 2790 5671 cum
2842 5598 2965 5669 igne
3015 5609 3072 5655 et
3122 5615 3262 5671 aqua
3320 5598 3719 5669 conﬂictantes.

2152 5675 2434 5735 postremo
2492 5668 2741 5744 in_mari_
2798 5668 3403 5744 suhtn‘ersi,_ntartyrii
3459 5668 3721 5730 coronant

2153 5749 2501 5812 receperunt.
2530 5738 2831 5812 (Theudor.
2874 5757 2945 5803 tv,
2964 5756 3083 5808 cap.
3115 5741 3230 5812 ‘24.)

2221 5809 2298 5879 (7)
2333 5806 2586 5864 Socrates
2623 5810 2813 5865 navale
2842 5826 2967 5866 esse
3001 5806 3155 5869 dicit.

3213 5973 3287 6035 20
