4112 6224
591 375 710 437 ’619

1816 373 2240 463 Ntcsrnout
2280 373 2621 437 CALLIS’I‘i

3735 362 3842 430 620

602 490 658 544 in
694 490 882 545 littore
927 498 1012 546 est
1045 487 1356 560 absumpta.
1403 487 1663 546 Srdcnim
1692 489 1893 547 iactum
1928 500 2033 546 tam
2061 500 2177 547 tru-
2203 499 2250 558 Α
2280 489 2476 547 incola:
2507 489 2746 562 patriam
2786 485 2862 558 (l)
2922 485 3322 556 relinquerent,
3351 490 3409 538 et
3451 479 3846 538 Constantino-

598 582 884 638 euleutum
943 582 1187 638 vindicta
1206 590 1291 637 est
1320 593 1632 652 prosecuta.
1676 583 1868 640 Fames
1893 584 2165 656 siquidem

602 683 832 746 repente
867 684 1016 730 tanta
1065 683 1149 731 est
1196 673 1250 730 in
1306 672 1542 747 Phrygia
1573 687 1718 744 orta,
1750 686 1809 733 ut
1850 676 2168 733 necessario

2277 583 2445 654 polim
2478 598 2538 639 se
2580 592 2745 653 atque
2780 579 2848 636 ad
2889 579 3026 636 alias
3059 578 3309 635 diversas
3356 578 3669 648 provincias
3709 589 3845 632 cou-

2273 677 2508 734 ferrent.

1989 826 2219 885 CAPUT
2260 827 2426 885 XVII.

604 950 742 1020 napi
768 951 911 1009 ,ϐίου
952 950 1050 1007 καὶ
1088 951 1328 1021 ἀγωγῆς
1360 952 1457 1005 καὶ
1515 949 1789 1016 παιδείας
1817 948 1915 1021 καὶ
1944 946 2318 1021 ξσυμψυχίας
2364 943 2470 1021 tot?
2524 941 2790 1021 μεγςῌου
2835 943 3156 1021 {hquis/ou
3199 943 3296 999 καὶ
3342 942 3670 1013 Γρηγορίου
3732 933 3839 995 τοῦ

1132 1014 1464 1093 Θεὸλόγουο
1517 1023 1611 1077 καὶ
1655 1014 1816 1087 ὅπώς
1858 1019 1957 1073 ἐπὶ
1998 1014 2112 1084 τὴν
2161 1014 2467 1085 ἱέρατικὴν
2505 1014 2806 1085 καθέδραν
2836 1014 3227 1086 ἀνήχθησαν.

609 1147 682 1203 De
710 1138 839 1210 vita,
870 1144 1216 1205 institutione,
1248 1141 1453 1209 studiis,
1493 1149 1541 1194 rt
1563 1140 1749 1193 intima
1781 1138 2017 1259 amicitila
2049 1136 2228 1216 magni
2285 1131 2473 1258 Basilii
2495 1144 2541 1189 et
2580 1133 2821 1207 Gregorii
2852 1133 3093 1205 Theolagi
3118 1148 3136 1188 :
3207 1143 3257 1188 et
3282 1140 3338 1187 ut
3368 1132 3438 1187 ad
3458 1130 3842 1189 sacerdotalem

1905 1224 1979 1259 set
2001 1223 2082 1259 em
2109 1216 2211 1259 sint
2246 1221 2428 1259 nrovec
2459 1222 2498 1259 ι.

1905 1216 2082 1262 sedem
2109 1216 2211 1260 sint
2244 1216 2498 1272 provecta.

670 1337 810 1395 Cum
836 1348 970 1390 vero
1005 1331 1174 1387 multa
1205 1329 1366 1387 nobis
1389 1331 1456 1387 de
1482 1329 1687 1386 Basilio
1710 1324 1908 1397 Magno
1951 1335 2006 1379 et
2031 1323 2166 1381 Gre.

602 1431 757 1503 gorio
785 1426 1062 1497 Theologo
1087 1424 1320 1481 dicenda
1355 1427 1486 1490 sint,
1518 1438 1702 1495 operas
1732 1420 1969 1491 pretium
1995 1417 2171 1471 factu-

603 1538 723 1576 rum
758 1534 843 1575 me
868 1533 989 1574 esse
1027 1515 1238 1589 putavi,
1287 1516 1331 1572 si
1363 1528 1538 1586 pauca
1574 1510 1821 1584 quaedam
1863 1510 1933 1562 de
1977 1505 2171 1562 arctis-

602 1615 764 1680 sima,
816 1626 938 1683 qua:
992 1609 1162 1666 tantis
1216 1608 1352 1663 viris
1400 1609 1544 1661 inter
1594 1620 1651 1659 se
1691 1602 1797 1658 fuit
1830 1599 2071 1656 amicitia
2113 1605 2170 1653 et

602 1705 1022 1780 conjunctione,
1044 1701 1459 1775 pra-mitterem.
1479 1698 1635 1766 Quod
1657 1711 1788 1752 sane
1819 1710 1928 1750 non
1960 1692 2167 1748 rectius

2274 1324 2465 1379 datum
2521 1321 2773 1378 divinum
2806 1322 3060 1383 duceret.
3089 1327 3148 1377 et
3186 1321 3329 1377 alter
3368 1319 3604 1376 alterum
3636 1319 3704 1378 ad
3738 1320 3848 1376 vir-

2276 1427 2448 1473 tutem
2483 1428 2712 1474 acueret
2751 1429 2916 1488 atque
2953 1417 3242 1474 excitaret.
3277 1416 3344 1473 Et
3375 1416 3421 1471 si
3452 1432 3561 1471 non
3599 1416 3847 1472 insolens

2278 1513 2382 1567 hoc
2443 1512 2674 1566 verbum
2714 1520 2881 1579 esset,
2945 1511 3189 1584 regulam
3247 1521 3305 1568 et
3368 1512 3655 1577 amussim,
3722 1510 3848 1582 qui-

2277 1608 2383 1662 bus
2438 1622 2561 1678 qua.-
2613 1615 2762 1662 recta
2801 1617 2952 1674 sunt,
2988 1623 3178 1675 quave
3222 1607 3425 1663 minus.
3458 1606 3849 1678 explorantur,

2277 1700 2511 1757 alterum
2552 1703 2710 1758 alteri
2744 1702 2915 1757 fuisse
2933 1700 3217 1757 dicerem.
3249 1699 3545 1757 Sadalibns
3580 1715 3681 1757 nos
3706 1715 3849 1756 con-

600 1799 923 1868 certiusque
974 1794 1180 1859 fecero,
1213 1807 1377 1865 quam
1411 1789 1456 1847 si
1499 1789 1754 1861 Gregorii
1789 1786 1963 1858 ipsius
2000 1799 2065 1840 ea
2100 1784 2167 1839 de
2207 1840 2245 1894 μ
2270 1793 2557 1864 iunximus
2584 1809 2691 1848 non
2729 1793 3203 1862 itnpttdicissintis,
3238 1793 3333 1848 sed
3373 1792 3802 1850 modestissimis
3833 1809 3848 1848 :

602 1907 663 1947 re
701 1891 873 1948 verba
921 1887 1233 1960 protulero,
1294 1900 1418 1956 qua:
1477 1883 1533 1938 in
1590 1898 1653 1938 ea
1706 1879 1960 1935 oratione
2015 1887 2167 1940 sunt,

601 2000 770 2057 «piam
814 1982 861 2039 is
897 1982 966 2039 de
1010 1980 1215 2037 Basilio
1248 1978 1538 2033 funebrem
1571 1971 1924 2043 conscripsit.
1959 1990 1976 2022 ι
2012 1969 2172 2024 Tent-

601 2096 759 2154 pore,
794 2076 997 2149 inquit,
1048 2073 1403 2147 procedente,
1432 2070 1525 2125 tibi
1556 2070 1697 2126 alter
1733 2067 1888 2122 alteri
1919 2074 2169 2120 mutuum

599 2187 843 2229 amorem
882 2169 1109 2242 (factum
1163 2165 1218 2224 id
1270 2164 1520 2230 Athenis,
1574 2161 1664 2217 ubi
1713 2161 1880 2217 simul
1937 2170 2172 2229 uterque

602 2268 807 2324 litteris
834 2281 1061 2338 operam
1094 2264 1336 2333 navavit)
1385 2260 1676 2324 indicavit,
1709 2256 2172 2325 all‘ectioncmque

602 2374 724 2416 eam
773 2355 1138 2428 philosophia
1175 2354 1350 2426 gratia
1384 2360 1710 2423 conceptam
1753 2362 1875 2406 esse
1899 2346 2169 2408 constitit,

606 2461 723 2508 tum
748 2450 890 2507 alter
920 2449 1081 2505 alteri
1111 2448 1289 2504 factus
1310 2454 1395 2502 est
1419 2444 1630 2502 omnia.
1663 2441 1777 2501 Sub
1799 2457 1910 2497 uno
1934 2440 2174 2497 visimus

606 2550 755 2600 tecto
793 2539 1246 2606 contubernales,
1296 2546 1355 2594 et
1401 2546 1552 2592 arcta
1612 2537 1756 2592 inter
1799 2548 1899 2589 nos
1930 2531 2171 2588 devincti

605 2636 999 2710 conjunctione
1043 2633 1187 2689 idem
1236 2631 1607 2704 spectavimus
1656 2649 1669 2684 :
1714 2639 1771 2684 et
1819 2628 1959 2682 alter
2010 2625 2172 2680 alteri

603 2729 848 2784 animum
882 2726 1206 2799 flagrantem
1244 2733 1303 2780 et
1327 2730 1672 2778 constantem
1726 2718 2005 2790 prscstitit.
2039 2716 2175 2772 Cor-

604 2838 802 2894 porum
844 2836 1083 2892 namque
1131 2816 1507 2883 necessitudo,
1540 2816 1803 2887 quoniam
1853 2828 2034 2868 rerum
2073 2813 2176 2865 ﬂu-

604 2927 800 2969 xarnm
829 2924 934 2977 est,
968 2909 1118 2966 haud
1153 2909 1316 2965 aliter
1353 2924 1516 2978 quam
1548 2906 1704 2961 verni
1739 2904 1927 2966 ﬂores,
1958 2902 2172 2957 interit.

606 3008 796 3083 Neque
830 3006 1006 3072 enim,
1031 3004 1261 3062 materia
1292 3003 1415 3075 igne
1439 3009 1789 3071 consumpta,
1825 2998 2039 3053 ﬂamma
2076 2998 2177 3050 du-

607 3112 716 3166 rat.
749 3100 849 3158 sed
907 3115 1015 3157 una
1054 3114 1180 3153 eum
1229 3112 1288 3153 re
1335 3105 1578 3152 cremata
1611 3093 1891 3150 evanescit
1925 3111 1938 3147 :
1998 3105 2176 3160 ttciltte

2274 1904 2384 1942 non
2437 1885 2983 1953 contentiosissimis,
3043 1886 3139 1942 sed
3188 1886 3438 1958 pacificis
3477 1888 3740 1952 maxime,
3797 1899 3856 1943 et

2274 1981 2605 2052 quibuscum
2648 1993 2770 2035 esse
2813 1980 3167 2036 utilissimum
3214 1992 3323 2048 est,
3351 1981 3498 2050 quod
3550 1981 3851 2046 sciremus.

2275 2078 2494 2135 facilius
2539 2077 2670 2132 vitia
2707 2077 3035 2149 contagione
3079 2079 3358 2145 contrahi,
3388 2092 3552 2146 quam
3580 2076 3850 2132 virtutem

2275 2185 2401 2226 cum
2439 2168 2564 2223 aliis
2594 2167 3016 2223 communicari.
3050 2165 3510 2236 Quandoquidem
3533 2175 3591 2223 et
3615 2165 3853 2223 morbus

2279 2264 2331 2317 in
2367 2262 2507 2318 alios
2556 2261 2745 2325 citius,
2779 2276 2942 2331 quam
2973 2260 3230 2316 valetudo
3290 2260 3644 2317 translertur.
3673 2258 3857 2316 Disci-

2279 2357 2462 2428 plinas
2508 2371 2616 2413 non
2644 2355 3083 2423 iucundissimas
3123 2353 3297 2413 inanis
3329 2370 3494 2425 quam
3523 2353 3858 2410 honestissi-

2279 2467 2394 2507 mas
2425 2450 2729 2507 consectati
2761 2465 2973 2505 smnus.
3012 2448 3148 2505 Nam
3179 2463 3278 2521 per
3308 2464 3405 2505 eas
3439 2449 3522 2505 vel
3561 2447 3630 2505 ad
3670 2448 3862 2505 virtu-

2277 2553 2409 2606 tem,
2443 2544 2527 2599 vel
2574 2542 2644 2599 ad
2703 2543 2837 2598 vitia
2890 2539 3230 2614 eﬂinguntur
3279 2539 3687 2598 adolescentes.
3727 2542 3859 2597 [tua

2276 2644 2459 2692 autem
2515 2634 2679 2693 nobis
2723 2644 2885 2691 erant
2919 2645 3066 2691 notae
3095 2634 3194 2691 vite
3224 2650 3240 2690 :
3276 2634 3454 2691 altera
3488 2633 3640 2706 prior
3670 2643 3729 2690 et
3758 2637 3858 2689 ho-

2278 2730 2513 2796 neStior,
2535 2730 2708 2786 altera
2738 2729 3033 2803 posterior,
3052 2739 3109 2787 et
3133 2745 3245 2786 non
3274 2729 3522 2804 ejusdem
3542 2730 3854 2787 momenti:

2280 2825 2374 2879 illa
2408 2823 2475 2879 ad
2508 2839 2668 2881 sacra
2702 2825 2928 2897 templa,
2976 2835 3031 2882 et
3061 2825 3157 2897 qui
3188 2825 3243 2881 in
3276 2827 3362 2882 eis
3405 2832 3538 2880 sunt.
3568 2823 3852 2894 doctores,

2279 2917 2395 2974 hre
2441 2918 2509 2972 ad
2562 2917 2826 2989 profanos
2872 2920 3166 2991 magistros
3196 2918 3427 2975 ducens.
3470 2918 3742 2991 Reliquas
3773 2921 3855 2975 in-

2278 3011 2478 3067 sistere
2530 3012 2614 3068 cis
2658 3011 2973 3069 volentibus
3021 3011 3370 3084 reliquimus,
3416 3011 3675 3070 videlicet
3733 3014 3854 3071 dies

2282 3103 2473 3169 festos,
2528 3104 2764 3171 theatra,
2803 3105 3144 3178 spectacula,
3208 3114 3518 3162 conventus
3571 3106 3853 3177 publicos,

605 3195 881 3263 charitas,
940 3194 1035 3249 ubi
1077 3190 1286 3248 fomitis
1337 3189 1504 3244 ardor
1559 3186 1852 3262 emarcuit,
1905 3184 2176 3241 consistit.

2286 3199 2563 3254 convivia.
2616 3197 2764 3254 Nihil
2818 3198 2966 3255 enim
2997 3198 3384 3254 admirandum
3423 3208 3481 3255 et
3521 3200 3854 3271 pra‘ciarum

607 3290 842 3347 Divinos
882 3297 1066 3345 autem
1127 3297 1185 3343 et
1225 3285 1455 3356 pudicus
1502 3298 1681 3344 amor.
1726 3279 2175 3353 quandoquidem

610 3382 692 3438 rei
727 3381 901 3436 firma:
928 3387 985 3435 et
1019 3377 1237 3433 stabilis
1266 3384 1370 3443 est,
1398 3385 1686 3445 promeres
1722 3373 1863 3428 solet
1894 3387 2018 3428 esse
2044 3387 2180 3426 con-

608 3473 873 3533 stantior.
904 3471 971 3527 Et
1002 3480 1213 3542 quanto
1251 3471 1425 3540 Iltagis
1450 3477 1700 3522 anmatos
1736 3465 1814 3519 rei
1851 3463 2179 3521 desiderata:

610 3564 1082 3640 pulchritudinem
1126 3561 1507 3626 considerant,
1542 3568 1696 3613 tanto
1745 3556 1890 3613 inter
1938 3571 1998 3612 se
2041 3568 2179 3611 con-

606 3662 913 3731 iunguntur
966 3653 1164 3726 magis.
1220 3650 1345 3707 ll.ec
1391 3647 1649 3705 amicitia:
1680 3656 1884 3702 nostra:
1917 3644 2001 3700 lex
2034 3652 2179 3699 erat.

610 3757 791 3827 Atque
840 3766 968 3809 cum
1008 3751 1076 3805 ad
1128 3749 1279 3805 hunc
1322 3746 1548 3801 modum
1598 3744 1742 3799 inter
1795 3756 1897 3797 nos
1950 3739 2179 3796 animati

609 3864 895 3914 essemus,
951 3857 1007 3902 et
1064 3844 1202 3900 tales
1256 3843 1413 3897 firmo
1461 3840 1743 3905 thalamo,
1794 3846 1854 3893 ut
1905 3834 2179 3891 Pindarus

616 3944 832 4014 inquit,
890 3954 1092 3995 aureas
1141 3935 1431 3992 columnas
1498 3931 2038 3992 substruxissemus,
2103 3928 2179 3983 ita

614 4039 875 4106 deinceps
902 4029 1295 4104 processimus,
1326 4029 1436 4083 Deo
1463 4026 1630 4083 simul
1657 4035 1712 4081 et
1750 4024 2024 4081 desiderio
2058 4039 2180 4079 mu-

615 4138 711 4186 tuo
738 4122 1170 4198 opitulatoribus
1198 4119 1305 4176 usi.
1337 4118 1442 4175 Sed
1472 4116 1749 4189 quomodo
1777 4118 1894 4173 sine
1917 4116 2180 4190 lacryu-is

615 4219 1048 4280 necessitudinis
1082 4226 1246 4274 tanta:
1276 4213 1581 4271 recorder?
1610 4213 1812 4269 Eadem
1861 4224 1980 4267 erat
2016 4212 2177 4268 nobis

615 4318 697 4375 rei
744 4312 1216 4381 invidiosissime,
1248 4308 1514 4366 doctrinae
1545 4306 1778 4373 scilicet,
1814 4321 1943 4376 spes
1972 4321 2171 4376 propo-

615 4411 744 4468 sita.
780 4408 887 4464 Sed
942 4405 1150 4461 invidia
1208 4402 1366 4475 132
1423 4400 1620 4466 abfuit,
1660 4399 1937 4455 attitulatio
1988 4409 2175 4455 autem

616 4516 918 4575 utrumque
958 4499 1209 4556 exercuit
1235 4510 1255 4550 :
1293 4507 1347 4553 et
1375 4504 1651 4552 certamen
1685 4493 1845 4550 nobis
1875 4501 2014 4556 erat,
2064 4508 2173 4548 non

618 4606 742 4653 uter
779 4606 1029 4650 nostrum
1070 4591 1276 4661 primas
1298 4588 1489 4653 ferret,
1523 4604 1716 4643 verum
1747 4594 1870 4641 uter
1900 4585 2056 4640 alteri
2088 4600 2181 4641 eas

540 4752 543 4755 ,
617 4685 1145 4747 concederet.Alter
1174 4685 1323 4740 enim
1355 4681 1583 4736 alterius
1612 4680 1831 4735 laudem
1867 4691 1922 4736 ct
1954 4677 2181 4751 gloriam

617 4800 719 4855 pro
742 4798 841 4838 sua
873 4780 1132 4838 babebat.
1163 4780 1226 4833 lit
1255 4778 1309 4834 in
1347 4786 1578 4845 utroque
1602 4775 1714 4830 visa
1740 4785 1824 4829 est
1852 4791 2032 4829 kllillln
2075 4790 2183 4828 una

617 4878 730 4933 duo
762 4874 1125 4933 circumferre
1155 4886 1412 4944 corpora.
1443 4868 1600 4937 Quod
1633 4869 1679 4924 si
1705 4869 2041 4923 credendum
2069 4883 2179 4922 non

617 4980 706 5028 est
743 4968 1080 5033 dicentibus,
1138 4964 1323 5020 omnia
1363 4963 1417 5019 in
1467 4963 1729 5017 omnibus
1772 4978 1894 5017 esse
1938 4963 2041 5018 sita
2075 4979 2091 5016 :
2128 4971 2184 5016 at

617 5064 780 5120 nobis
813 5063 867 5118 id
903 5061 1097 5118 saltem
1128 5059 1407 5124 credatur,
1436 5056 1667 5112 altermn
1709 5057 1764 5112 in
1809 5056 1987 5111 altero
2015 5055 2180 5112 situm

619 5158 817 5221 tuisse,
866 5165 927 5210 et
979 5152 1216 5209 alterum
1261 5149 1333 5205 ab
1370 5148 1543 5203 altero
1572 5147 1917 5218 pependisse.
1953 5148 2183 5219 Utrique

620 5264 760 5318 opus
804 5263 974 5301 unum
1008 5241 1350 5316 prepositum
1382 5240 1508 5308 fuit,
1535 5241 1707 5296 virtus
1753 5240 1896 5310 ipsa,
1927 5253 1983 5295 ct
2016 5250 2075 5294 ut
2102 5242 2184 5294 vi-

622 5354 732 5399 tam
789 5354 1008 5396 omnem
1055 5336 1124 5393 ad
1175 5350 1328 5409 spem
1387 5333 1630 5390 loturam
1686 5333 2072 5403 dirigeremus,
2126 5344 2183 5388 et

623 5436 781 5506 prius
840 5432 967 5488 inde
1018 5430 1204 5487 animo
1258 5427 1686 5484 transferrentur
1733 5442 1895 5497 quam
1951 5441 2185 5496 corpore

622 5528 1059 5584 excederemus:
1097 5522 1165 5580 ad
1199 5523 1346 5594 quod
1376 5530 1709 5593 Spectantes,
1742 5522 1909 5574 vitam
1934 5532 1993 5578 et
2015 5521 2186 5577 aetio-

625 5634 751 5676 nem
784 5631 1004 5674 omnem
1035 5625 1279 5672 nostram
1314 5613 1387 5668 ita
1420 5614 1778 5675 instituimus,
1814 5622 1870 5666 ut
1900 5632 2000 5669 nus
2034 5631 2189 5669 mau-

690 5734 771 5805 (Ι)
814 5729 1343 5801 ConstantinOpolim
1389 5729 1645 5805 Socrates
1693 5730 1890 5785 scribit
1933 5729 2189 5800 frequen-

628 5801 894 5861 tissiinam
961 5805 1368 5859 multitudinem
1433 5801 1617 5864 alere,
1679 5812 1971 5871 propterea
2042 5807 2187 5872 quot

628 5891 776 5934 mare
811 5878 860 5932 ei
899 5890 1061 5932 mune
1111 5888 1284 5947 genus
1325 5882 1663 5930 commeatus
1710 5875 2022 5943 suppeditet
2076 5892 2086 5926 :
2134 5886 2188 5929 et

2212 4568 2259 4627 Ι)

2285 3306 2407 3346 esse.
2430 3289 2597 3355 duco,
2628 3292 2775 3361 quod
2795 3292 2860 3346 ad
2896 3292 3157 3346 virtutem
3188 3306 3300 3347 non
3330 3292 3605 3349 conducat
3626 3333 3642 3359 ,
3673 3307 3856 3364 neque

2284 3401 2381 3442 eos
2435 3387 2528 3450 qui
2576 3385 2762 3441 studio
2815 3386 2944 3456 ejus
2994 3394 3273 3452 tenentur,
3335 3387 3597 3444 meliores
3628 3388 3851 3443 reddat.

2284 3478 2463 3547 Atque
2499 3477 2623 3532 aliis
2654 3476 2878 3548 quidem
2909 3478 3013 3533 alia
3043 3486 3193 3543 sunt,
3227 3478 3314 3534 vel
3345 3494 3374 3534 a
3418 3487 3570 3549 patre
3602 3492 3854 3549 accepta,

2287 3573 2370 3629 vel
2400 3577 2563 3626 domo
2594 3587 2661 3627 ex
2704 3571 3049 3642 quotidianis
3094 3571 3296 3628 studiis
3321 3581 3382 3628 et
3409 3573 3730 3639 actionibus
3763 3592 3853 3630 re-

2288 3677 2503 3740 portata
2535 3666 2863 3739 cognomina
2889 3684 2904 3723 :
2944 3666 3105 3722 nobis
3133 3682 3265 3722 vero
3290 3666 3481 3738 ingens
3508 3680 3850 3726 momentum

2288 3758 2393 3813 fuit
2422 3768 2479 3813 et
2516 3772 2743 3820 nomen,
2774 3765 2835 3812 ut
2874 3753 3173 3812 Christiani
3208 3764 3265 3813 et
3293 3772 3542 3813 essemus
3582 3767 3639 3815 et
3668 3766 3850 3815 ηοιιιξο

2288 3867 2572 3906 naremur.
2640 3849 2871 3905 Athenm
2938 3847 3201 3921 equidem
3267 3850 3394 3906 aliis
3453 3866 3564 3906 non
3630 3867 3849 3923 parum.

2287 3949 2555 4011 quantum
2588 3938 2656 3994 ad
2686 3939 2900 3994 animos
2941 3940 3204 4010 pertinet,
3232 3951 3457 3997 nocent.
3489 3941 3625 3998 Nam
3652 3942 3705 3998 id
3740 3961 3850 3999 non

2286 4036 2494 4099 frustra
2524 4033 2599 4103 pii
2627 4031 2947 4102 opinantur,
2980 4030 3127 4102 quod
3161 4032 3282 4102 plus
3309 4032 3416 4087 illa:
3443 4049 3606 4104 quam
3637 4035 3849 4107 reliqua

2286 4126 2497 4183 Graecia
2555 4126 2718 4181 idolis
2772 4125 3084 4182 abundant.
3116 4126 3180 4181 Et
3215 4127 3463 4198 profecto
3498 4131 3719 4187 diilicile
3746 4147 3850 4191 ess.

2286 4237 2397 4276 non
2450 4221 2616 4275 simul
2664 4219 2907 4290 aliquem
2953 4230 3335 4276 transversum
3367 4223 3484 4292 rapi
3530 4222 3599 4278 ab
3633 4224 3850 4282 illorum

2287 4315 2669 4374 laudatoribus
2714 4324 2771 4370 et
2811 4315 3081 4385 patronis.
3118 4314 3291 4371 Nobis
3334 4331 3466 4370 vero
3503 4319 3597 4389 qui
3649 4322 3853 4376 animis

2284 4411 2459 4482 probe
2500 4409 2731 4465 munitis
2757 4420 2924 4477 atque
2955 4408 3205 4464 instructi
3237 4424 3508 4478 essemus,
3542 4413 3753 4468 nullum
3780 4414 3850 4470 ab

2287 4505 2400 4562 illis
2431 4504 2657 4559 obvenit
2700 4501 3119 4557 detrimentum.
3155 4501 3297 4568 Quin
3326 4519 3357 4558 e
3384 4505 3606 4564 diverso
3638 4509 3846 4578 potius,

2287 4597 2433 4670 quod
2466 4597 2691 4667 quidem
2724 4597 2877 4651 dictu
2925 4595 3179 4652 mirabile
3221 4609 3327 4666 est,
3379 4615 3445 4656 ea
3476 4616 3544 4656 ex
3578 4617 3638 4657 re
3674 4606 3844 4676 magis

2284 4693 2452 4747 etiam
2493 4693 2545 4745 in
2597 4689 2702 4745 fide
2747 4704 2940 4745 sumus
2976 4690 3311 4754 confirmati,
3360 4703 3657 4764 prepterca
3697 4699 3843 4767 quod

2283 4801 2530 4842 errorem
2561 4795 2618 4841 et
2641 4785 3014 4854 impuritatcm
3044 4800 3239 4840 eorum
3267 4790 3688 4856 cognoverimus
3715 4810 3729 4846 ;
3770 4792 3843 4847 ibi

2284 4882 2562 4937 daemones
2587 4879 2957 4949 despicientcs
2991 4878 3084 4935 ubi
3116 4878 3394 4936 daemones
3422 4894 3553 4938 sunt
3580 4883 3637 4940 in
3664 4886 3844 4941 admi-

2287 4974 2516 5028 raJone.
2551 4972 2616 5026 Et
2662 4972 2710 5026 si
2740 4972 2867 5038 quis
2903 4980 2989 5027 est
3021 4980 3117 5026 aut
3165 4973 3414 5028 creditur
3444 4989 3571 5031 esse
3616 4975 3841 5043 ﬂuvius,

2284 5066 2378 5135 qui
2439 5080 2535 5135 per
2590 5065 2925 5135 salsuginem
2971 5079 3215 5118 amaram
3261 5067 3429 5121 maris
3496 5066 3840 5125 dulcedinem

2283 5171 2440 5211 suam
2484 5154 2727 5211 retinens
2765 5154 2879 5209 linit
2910 5155 3053 5211 :‘ant
3085 5156 3343 5212 animans
3374 5156 3581 5227 aliqua,
3628 5174 3750 5230 quae
3786 5160 3840 5216 in

2287 5250 2431 5319 igne.
2459 5265 2488 5305 a
2534 5265 2645 5320 quo
2674 5250 2855 5304 omnia
2894 5258 3324 5316 consumantur,
3353 5250 3620 5308 subsilit:
3657 5253 3713 5308 id
3746 5267 3847 5307 nos

2288 5344 2432 5398 inter
2486 5342 2728 5412 aequales
2781 5358 2975 5396 omnes
3023 5340 3273 5412 profecto
3322 5341 3550 5401 fuimus.
3594 5343 3662 5401 Et
3698 5343 3842 5417 quod

2288 5434 2722 5506 pulcherrimum
2776 5447 2894 5500 est,
2952 5435 3216 5490 sodalitas
3257 5436 3510 5505 quaedam
3564 5437 3842 5494 nobiseum

2289 5543 2397 5582 non
2428 5528 2688 5596 ignobilis
2719 5527 2844 5592 fuit,
2879 5544 3000 5598 qua:
3031 5530 3099 5582 ab
3137 5528 3230 5583 illo
3284 5539 3542 5597 tanquam
3596 5529 3733 5585 duce
3765 5530 3840 5583 iu-

2290 5622 2624 5677 sumebatur
2683 5631 2847 5693 atque
2910 5625 3226 5693 regebatur,
3290 5623 3497 5678 eisdem
3559 5623 3835 5680 nobiscum

2291 5744 2553 5809 praetoria
2590 5752 2714 5809 etim
2748 5752 2886 5805 opus
2923 5735 3018 5798 sit,
3052 5734 3468 5809 Euviuol‘outo
3504 5736 3695 5809 ingens
3720 5732 3844 5809 ‘l'ru-

2293 5809 2463 5861 menti
2496 5805 2650 5877 copia
2689 5826 2755 5864 ro
2792 5810 3147 5862 subvchatur.
3185 5806 3327 5879 (L':b.
3368 5822 3443 5873 tv,
3471 5805 3593 5880 cap:
3614 5805 3737 5879 ~16.)
