4050 6244
449 418 548 484 621

1378 430 1971 510 Εεεῖλςδιλςιτιιμιε
2012 446 2393 509 iiiSTOitI.E
2435 446 2577 506 LIB.
2618 442 2724 504 Xt.

3575 432 3678 496 69?.

454 545 656 602 studiis
691 547 955 618 gaudens.
995 549 1255 617 Quamvis
1285 557 1498 623 pedites
1524 600 1537 622 ,
1586 561 1739 631 juxta
1782 564 2009 635 Lydium
2044 579 2082 624 Α
2120 564 2274 634 133
2322 564 2508 631 Itaque
2567 570 2858 629 postquam
2914 556 2966 609 in
3029 551 3430 623 philosophicis
3476 551 3680 606 litteris

455 656 701 709 currum,
736 643 886 700 illius
928 647 1141 703 scilicet
1170 664 1391 706 cursum
1415 663 1474 709 et
1517 671 1723 713 morem
1752 675 2011 714 currere-

453 750 595 792 mus.
639 735 797 794 Unde
827 740 1124 796 celebritas
1154 743 1402 813 quaedam
1429 748 1589 804 nobis
1617 753 1845 820 contigit
1865 752 2009 822 apud

451 830 744 900 magistros
774 840 830 887 et
861 835 1271 892 commilitones
1304 849 1547 903 nostros,
1581 855 1847 912 praeterea
1882 862 2012 901 vero

452 921 506 977 in
548 922 753 979 Cra-cia
787 926 962 991 enini,
995 929 1139 997 apud
1173 942 1271 984 eos
1305 932 1539 989 maxime
1569 938 1663 1006 qui
1698 937 1752 992 in
1779 953 1841 994 ea
1871 955 2012 1009 prat-

452 1018 611 1077 cipne
642 1017 772 1071 clari
811 1029 959 1073 sunt.
994 1018 1137 1086 Quin
1178 1023 1291 1094 jam
1333 1024 1473 1080 fama
1509 1042 1730 1099 quoque.
1769 1032 2011 1086 nominis

456 1109 623 1163 nostri
672 1110 811 1164 ultra
855 1109 1078 1169 Grazcias
1133 1112 1291 1180 fines,
1348 1116 1507 1172 sicuti
1559 1119 1663 1175 hoc
1711 1122 2009 1178 multorum

452 1216 705 1256 sermone
773 1202 1095 1268 ferebatur.
1167 1211 1459 1278 processit.
1527 1212 1700 1269 Tanta
1772 1228 2011 1288 namque

453 1308 844 1363 praceptorum
891 1308 1232 1364 nostrorum.
1275 1313 1480 1373 quanta
1524 1306 1864 1363 Athenarum
1895 1350 1909 1373 .
1956 1319 2011 1366 et

452 1394 600 1440 tanta
633 1397 841 1452 nostra,
871 1401 1077 1459 quanta
1108 1406 1504 1462 praeceptorum
1531 1399 1649 1454 laus
1683 1400 1801 1454 fuit.
1832 1403 2010 1472 Atque

449 1478 586 1532 adeo
618 1495 717 1549 per
746 1481 1057 1536 amicorum
1098 1485 1336 1556 insigne.
1369 1488 1531 1547 sicuti
1579 1492 1803 1554 fuimus.
1842 1495 1914 1549 ita
1954 1504 2011 1551 et

452 1570 626 1627 ltabiti
662 1588 890 1631 sumus:
932 1586 992 1631 ut
1031 1576 1171 1632 nihil
1208 1580 1389 1636 simile
1423 1582 1567 1652 apud
1595 1582 1814 1642 Gnecos
1840 1586 2010 1642 habe-

451 1674 573 1717 rent
617 1665 706 1719 vel
742 1664 968 1725 Orestes
1013 1678 1070 1724 et
1110 1668 1362 1742 Pylades,
1409 1675 1491 1730 vel
1534 1675 1863 1743 Molionidaa,
1901 1678 2011 1733 Ho-

451 1758 638 1813 merici
688 1759 946 1815 carminis
995 1763 1325 1820 miraculum
1354 1765 1455 1832 (Il.
1493 1786 1511 1819 ι
1554 1766 1680 1825 Haec
1714 1770 2010 1840 Gregorius

449 1849 518 1903 de
581 1864 679 1905 sua
740 1861 797 1908 et
846 1852 1030 1908 Basilii
1083 1853 1373 1927 disciplina
1413 1870 1469 1915 et
1517 1860 1780 1928 amicitia,
1842 1877 2007 1933 quam

451 1942 619 1997 etiam
672 1959 798 1998 cum
839 1946 1042 2017 scripta
1073 1948 1359 2020 pleraque,
1393 1956 1506 2007 tum
1542 1953 1786 2023 epistola:
1813 1970 2006 2013 eorum

448 2039 620 2107 magis
647 2038 949 2097 declarant.
992 2040 1104 2097 Hos
1142 2057 1278 2098 sane
1314 2045 1467 2101 viros
1506 2047 1551 2102 si
1595 2048 1720 2117 quis
1770 2048 1915 2103 inter
1947 2062 2009 2104 se

446 2134 723 2196 conlerre.
775 2135 1080 2206 vitamque.
1133 2152 1315 2194 mores
1373 2154 1430 2196 et
1494 2140 1751 2199 virtutem
1814 2157 2008 2198 eorum

447 2242 722 2296 exponere
741 2229 892 2295 velit,
914 2229 1145 2286 alterum
1169 2233 1329 2289 alteri
1354 2232 1613 2305 pmferre
1637 2233 2007 2292 addubitabit.

449 2319 573 2375 Fuit
600 2321 745 2374 enim
773 2323 919 2376 inter
940 2337 1061 2388 eos.
1090 2335 1148 2379 et
1180 2324 1307 2380 vitae
1330 2326 1648 2393 sanctioris,
1679 2336 1736 2382 et
1762 2329 2010 2398 profanas

446 2412 612 2467 sintul
649 2426 930 2483 sacraque
962 2413 1232 2470 doctrinae
1279 2417 1643 2472 concertatio.
1691 2417 1826 2472 Nam
1870 2420 2007 2474 ado-

449 2507 719 2563 lescentes
766 2506 969 2572 adhuc.
994 2507 1224 2564 Athenis
1268 2508 1496 2565 lliruerii
1548 2520 1603 2567 et
1652 2510 2006 2579 Proberesii,

450 2590 538 2671 qni
590 2612 703 2657 tum
745 2601 889 2657 inter
932 2600 1207 2674 sophistas
1249 2604 1511 2675 przecipui
1579 2615 1762 2670 erant.
1811 2606 2011 2663 deinde

451 2694 615 2749 etiam
676 2692 981 2749 Antiochia:
1036 2694 1094 2748 in
1142 2692 1301 2765 Syria
1351 2693 1565 2750 Libanii
1620 2695 1904 2753 auditores
1952 2708 2010 2754 et

447 2786 701 2858 discipuli
742 2796 912 2841 artem
946 2786 1277 2843 rhetoricam
1311 2802 1525 2842 summe
1571 2788 2007 2859 perdidicerunt.

448 2880 517 2937 Et
549 2896 695 2946 cum,
739 2880 886 2951 quod
927 2882 992 2935 ad
1021 2880 1383 2952 philosophiae
1414 2880 1596 2937 studia
1644 2882 1801 2939 valde
1831 2900 2009 2956 appo-

448 2976 539 3032 siti
569 2983 777 3038 essent.
802 2976 1027 3045 quidam
1078 2990 1176 3032 eos
1222 2975 1291 3030 ad
1339 2975 1502 3032 ludos
1546 2978 1901 3047 aperiendas.
1952 2988 2009 3034 et

448 3069 808 3139 sophisticam
867 3065 1036 3122 vitam
1093 3066 1611 3137 complectendam,
1670 3070 1765 3126 alii
1818 3080 2007 3126 autem

446 3163 519 3219 ad
557 3176 752 3220 causas
804 3161 860 3216 in
897 3160 1016 3217 foro
1050 3160 1293 3232 agendas
1342 3160 1791 3227 cohortarentur.
1823 3163 2008 3221 studio

2039 1911 2087 1973 B

2118 659 2255 712 satis
2305 654 2507 710 versati
2555 663 2739 716 erant,
2772 666 2836 704 ex
2868 648 3124 718 Origcnis
3154 657 3211 702 ct
3262 646 3524 707 aliorum.
3580 644 3676 712 qui

2120 752 2274 805 illum
2335 748 2423 803 vel
2478 752 2896 816 praecesserant.
2951 742 3034 795 vel
3094 740 3377 795 consecuti
3433 738 3679 796 fuerant.

2114 842 2289 902 libris.
2346 853 2624 895 sacrarum
2664 837 2990 891 Litterarum
3020 833 3346 889 sententiain
3394 831 3678 885 addidice-

2114 945 2263 989 rttut.
2298 933 2482 1004 Magna
2529 934 2675 986 enim
2722 940 2834 984 tum
2878 931 3010 982 orbe
3062 938 3178 982 tcto
3210 923 3464 993 Origeuis
3499 921 3673 992 gloria

2116 1028 2238 1082 fuit.
2280 1026 2333 1081 In
2386 1029 2504 1096 ejus
2549 1025 2712 1081 libris
2752 1039 2876 1076 cum
2925 1039 2981 1077 se
3023 1022 3418 1082 exercuissent,
3458 1017 3674 1071 Arionis

2114 1131 2338 1174 strenue
2387 1119 2731 1172 restiterunt.
2786 1114 2852 1169 Et
2904 1112 3033 1184 quia
3082 1112 3158 1166 illi
3215 1110 3580 1163 auctoritates
3621 1117 3676 1159 et

2117 1213 2432 1266 testimonia
2476 1226 2541 1265 ex
2581 1208 2831 1279 Origenis
2870 1206 3092 1275 scriptis
3143 1205 3209 1259 ad
3266 1203 3461 1274 dogma
3516 1217 3675 1255 suum

2112 1302 2582 1372 comprobandum
2640 1301 2967 1363 alferebant,
3026 1299 3128 1368 ipsi
3179 1312 3275 1351 cus
3331 1295 3673 1349 refelleruut.

2114 1411 2223 1450 non
2286 1396 2421 1450 satis
2479 1394 2736 1465 Origcnis
2799 1392 3133 1447 sententiam
3203 1399 3490 1445 assecntos
3555 1401 3676 1440 esse

2114 1487 2493 1543 ostendentes.
2551 1486 2709 1555 Apud
2762 1487 2967 1540 multos
3023 1482 3245 1554 quidem
3300 1492 3412 1535 tum
3463 1479 3675 1538 Ariani.

2113 1588 2278 1649 atque
2326 1576 2627 1631 Eunomius
2692 1582 2749 1630 et
2804 1574 2920 1644 ipse
2972 1572 3316 1637 Arianizans,
3372 1572 3428 1625 in
3482 1583 3679 1638 magno

2114 1671 2270 1725 fuere
2323 1668 2523 1740 pretio.
2578 1671 2648 1722 At
2712 1667 2788 1722 illi
2832 1675 3119 1736 postquam
3164 1661 3581 1732 cumGrcgorio
3623 1669 3679 1714 et

2109 1761 2311 1819 Basilio
2343 1763 2430 1817 vel
2482 1761 2704 1832 scriptis
2751 1760 2837 1817 vel
2866 1758 3335 1830 disputationibus
3367 1767 3501 1812 sunt
3537 1768 3676 1809 con-

2111 1856 2305 1929 gressi,
2329 1855 2533 1911 indocti
2564 1869 2792 1925 prorsus
2815 1868 2937 1910 esse
2963 1851 3229 1921 comperti
3258 1859 3409 1908 sunt.
3440 1849 3678 1907 Basilius

2116 1965 2149 2006 a
2201 1948 2420 2006 Meletio
2473 1948 2776 2004 Antiochiae
2820 1947 3082 2019 episcopo
3115 1945 3384 2001 diaconus
3432 1954 3675 2009 creatus.

2115 2051 2306 2113 postea
2344 2040 2537 2113 patriae
2569 2056 2684 2097 suae
2728 2039 2993 2097 Cmsarea:
3016 2039 3403 2111 Cappadocum
3442 2038 3678 2093 antistes

2116 2136 2317 2202 factus.
2352 2149 2478 2192 cum
2508 2149 2642 2191 cura
2672 2143 2729 2190 et
2776 2134 2883 2189 lide
2917 2134 3170 2191 ecclesiis
3201 2133 3676 2204 pmfuiLVeritus

2114 2231 2261 2286 enim
2294 2243 2363 2285 ne
2390 2242 2479 2285 res
2504 2230 2833 2285 Arianorum
2859 2222 3017 2284 novat
3066 2226 3225 2284 Ponti
3247 2228 3414 2284 etiam
3437 2225 3677 2283 ditioncs

2116 2328 2489 2393 occuparent.
2543 2322 2799 2379 celeriter
2849 2322 2918 2378 ad
2976 2336 3071 2378 eas
3128 2332 3312 2393 partes
3364 2320 3676 2393 percurrit.

2116 2423 2283 2485 atque
2333 2413 2733 2470 monachorum
2782 2413 2857 2471 ibi
2925 2414 3191 2473 exercitia
3245 2414 3563 2477 instituens.
3615 2421 3677 2469 ct

2115 2506 2409 2578 plerosque
2456 2521 2615 2564 sacra
2657 2507 2910 2565 doctrina
2944 2508 3232 2577 erudiens.
3266 2509 3322 2565 in
3368 2510 3474 2566 [ide
3505 2510 3673 2565 etiam

2117 2598 2444 2655 fluctuantes
2475 2601 2839 2657 confirmavit.
2883 2600 3148 2673 Gregorio
3178 2613 3384 2667 autem,
3422 2601 3518 2672 qui
3550 2601 3661 2658 Na-

2118 2692 2293 2747 zianzi
2327 2692 2593 2747 mediocri
2634 2692 2991 2763 Cappadocia:
3038 2693 3262 2764 oppido,
3307 2697 3451 2762 patri
3484 2710 3586 2751 suo
3621 2698 3678 2751 in

2116 2786 2434 2856 episcopatu
2480 2787 2764 2851 successit,
2809 2786 2953 2842 idem
3000 2788 3242 2844 Studium
3271 2788 3393 2845 fuit.
3421 2788 3675 2847 Circum-

2118 2881 2235 2934 iens
2296 2878 2446 2934 enim
2487 2888 2544 2934 et
2590 2879 2705 2948 ipse.
2751 2880 2948 2949 oppida
2988 2882 3273 2952 pleraque.
3314 2898 3411 2939 eos
3444 2883 3539 2954 qui
3610 2885 3666 2939 in

2120 2971 2380 3043 religione
2421 2971 2673 3027 imbecilli
2702 2980 2885 3037 erant,
2919 2972 3273 3028 confortavit.
3311 2974 3669 3033 Potissimum

2116 3080 2249 3121 vero
2291 3064 2817 3135 Constantinopolim
2873 3066 3218 3135 frequentius
3268 3067 3477 3136 visens,
3532 3082 3664 3127 son-

2119 3157 2300 3212 tentia'.
2327 3173 2441 3215 sua:
2469 3158 2864 3232 suifragatores
2896 3162 2949 3216 in
2977 3162 3229 3222 doctrina
3267 3168 3618 3228 confirmavit
3651 3193 3665 3225 :

453 3268 693 3329 utroque
722 3263 1064 3329 contempto,
1105 3254 1409 3314 solitariam
1438 3264 1570 3311 sunt
1599 3257 1769 3312 vitam
1807 3258 2007 3314 secuti.
2039 3287 2082 3345 ο
2113 3259 2170 3345 et
2205 3261 2391 3319 postea
2427 3251 2482 3307 in
2524 3266 2647 3345 eam
2678 3253 2867 3310 urbem
2898 3256 3137 3328 legitime
3179 3271 3463 3326 evocatus.
3495 3265 3673 3321 admi-

444 3442 694 3514 ὕστερον,
725 3442 998 3512 συνδρομῇ
1027 3437 1239 3494 πολλῶν
1270 3439 1461 3511 ἱερέων
1485 3438 1583 3510 τῆς
1616 3440 1800 3510 ἐκεῖσε
1818 3439 2016 3512 tu)":

448 3533 569 3597 σίας
602 3531 702 3601 τὴν
740 3533 1045 3602 ἐπισκοπὴν
1076 3530 1382 3603 ἐπετράπη.
1422 3528 1484 3584 Εἰ
1529 3529 1603 3602 μὴ
1639 3535 1746 3601 γὰρ
1781 3530 1943 3584 αὐτὴν
1978 3533 2012 3603 ἡ

448 3626 566 3679 (κισ.
613 3623 772 3697 χάρις
801 3625 977 3677 tum
1006 3622 1369 3693 παραῦἀλλειν
1403 3622 1595 3689 ἐκίνει,
1628 3621 1754 3693 μήτ’
1787 3624 2013 3675 tutand-

446 3735 551 3773 που
581 3719 707 3790 μήτ’
739 3717 1034 3786 ἐκκλησίας
1072 3714 1261 3785 οΰτης,
1286 3714 1503 3769 πάντων
1532 3713 1577 3768 δ’
1615 3713 2011 3785 ι>.αυνομὲνων,

445 3812 751 3868 ἐκινδύνευε
774 3811 959 3882 σχεδον
979 3809 1169 3881 μηκέτ’
1191 3805 1330 3863 εἶναι
1355 3811 1420 3880 τῇ
1444 3809 1850 3863 Κωνσταντινου
1872 3809 1930 3863 τὸ
1946 3810 2009 3879 τῇ

448 3906 504 3959 ὲν
549 3903 754 3973 Nimia.
801 3900 1035 3962 πίστεως
1072 3900 1267 3969 δόγμα.
1316 3899 1474 3953 Ἀλλὰ
1519 3901 1647 3970 περὶ
1687 3901 1787 3971 μὲν
1820 3898 2012 3952 τούτιηυ

445 4001 541 4053 καὶ
570 3997 725 4061 αὖθις
773 3996 913 4050 κατὰ
946 4000 1128 4066 χώραν
1165 3995 1395 4066 ἐροῦμεν
1424 4013 1439 4027 ·
1476 3996 1533 4050 τὸ
1565 3994 1619 4050 δέ
1649 4012 1711 4065 γε
1761 3994 1853 4048 νῦν
1888 3995 2016 4065 περὶ⁸

449 4093 722 4149 Βασιλιξου
747 4089 998 4160 διέξειμι.

1030 4205 1284 4261 ΚΕΦΔΛ.
1325 4203 1431 4260 IH'.

459 4300 553 4369 Ὠς
588 4302 736 4371 μετὰ
760 4300 1056 4356 Εὐσέϐιον
1086 4301 1407 4371 Βασίλειος
1441 4298 1559 4367 τὴν
1589 4298 2014 4371 Καππαδοκῶν

515 4369 813 4441 ἐπετράπη
838 4389 852 4403 ·
889 4371 991 4425 καὶ
1022 4372 1155 4441 περὶ
1185 4370 1296 4439 τῆς
1341 4371 1491 4439 πρὸς
1523 4369 1831 4425 Οὐάλεντα
1859 4371 2015 4439 ,παρ-

509 4448 733 4514 ριισίας
763 4442 973 4498 αὑτοῦ.

519 4562 762 4632 Διαφορά
810 4576 896 4621 τις
950 4555 1152 4627 συνέϐη
1193 4554 1270 4626 τῷ
1304 4555 1411 4627 πρὸ
1458 4553 1556 4608 τοῦ
1586 4555 1867 4609 Βασιλεεου
1912 4556 2014 4625 τῆς

2114 3341 2495 3400 nistrationem
2531 3342 2790 3402 Ecclesia:
2819 3346 2892 3401 ibi
2927 3351 3221 3407 multorum
3268 3354 3663 3427 episcoporum

2113 3448 2387 3490 concursu
2427 3446 2483 3492 et
2529 3436 2794 3510 suffragio
2823 3443 3086 3512 suscepit.
3131 3443 3290 3512 Quod
3340 3448 3447 3505 nisi
3480 3449 3669 3508 divina

2115 3530 2306 3597 gratia,
2345 3538 2405 3581 ut
2437 3530 2481 3584 is
2510 3546 2575 3586 eo
2601 3533 2837 3599 veniret,
2869 3547 3244 3605 procurasset,
3281 3542 3430 3611 quod
3463 3548 3661 3614 expul-

2114 3619 2192 3675 sis
2244 3619 2539 3687 omnibus.
2603 3639 2781 3695 neque
2848 3627 3143 3699 cpiscopus
3200 3648 3379 3703 neque
3432 3637 3668 3694 ecclesia

2118 3711 2191 3765 ibi
2242 3722 2422 3777 esset.
2453 3716 2758 3784 periculurn
2794 3729 2948 3777 certe
2978 3731 3031 3776 et
3067 3732 3243 3779 metus
3277 3723 3395 3781 fere
3436 3726 3633 3784 luisset
3662 3772 3678 3794 .

2117 3821 2186 3861 ne
2237 3804 2434 3862 deinde
2501 3807 2735 3865 Nician-ae
2808 3810 2929 3867 ﬁdei
2979 3814 3243 3871 doctrinae
3290 3815 3682 3877 Constantino-

2117 3898 2224 3967 poli
2286 3899 2435 3954 locus
2485 3900 2723 3956 deesset.
2778 3903 2884 3959 Sed
2938 3904 3037 3960 hac
3088 3906 3156 3961 de
3217 3922 3276 3963 re
3328 3920 3518 3979 postea
3575 3927 3678 3967 suo

2114 3992 2236 4047 loco
2291 3992 2490 4048 dicam.
2550 3994 2608 4050 In
2662 3995 2952 4066 praesentia
3003 3999 3289 4056 historiam
3344 4001 3414 4058 de
3471 4003 3672 4062 Basilio

2118 4103 2184 4157 pe
2193 4104 2442 4160 rseqnar.

2661 4202 2890 4260 CAPUT
2932 4204 3116 4261 XVIII.

2121 4293 2185 4352 Ut
2211 4306 2325 4365 post
2366 4294 2674 4370 Eusebianr
2697 4295 2897 4352 Basilio
2925 4298 3155 4355 Ecclesia
3198 4299 3573 4370 Cappadocum
3605 4309 3672 4359 sit

2185 4368 2474 4441 commisso
2497 4384 2516 4421 :
2558 4376 2607 4419 et
2639 4367 2705 4422 de
2736 4370 2927 4440 insigni
2958 4370 3074 4441 ejus
3119 4367 3366 4427 adversus
3404 4374 3676 4431 Valentem

2186 4440 2391 4493 dicendi
2416 4437 2675 4495 libertate.

2187 4554 2441 4619 Eusebio.
2475 4557 2718 4625 quiante
2745 4556 3001 4612 Ilasilium
3035 4559 3282 4615 ecclesia:
3312 4562 3676 4619 Csesariensis

459 4649 783 4721 Ἐκκλησίας
812 4646 1148 4718 καθηγεμόνι
1173 4647 1435 4717 Εὑσεὸίῳ,
1459 4645 1539 4701 Est
1560 4648 1618 4700 ιν
1638 4647 1908 4711 διακόνοις
1925 4664 2011 4700 τε-

2116 4650 2444 4717 gubernator
2478 4649 2601 4712 fuit.
2630 4650 2918 4706 dissidiunt
2972 4653 3244 4722 quoddam
3291 4671 3414 4710 cum
3476 4657 3676 4714 Basilio

446 4745 686 4809 λοῦντος.
718 4737 824 4797 Ἦν
856 4741 914 4794 δὲ
941 4743 970 4795 ὁ
999 4739 1252 4803 Εὑσέῦιος
1286 4742 1377 4792 καὶ
1402 4738 1571 4793 τᾶλλα
1600 4740 1700 4809 μὶν
1729 4739 2012 4804 ἐπαινετὸς

447 4843 475 4894 ὁ
514 4840 674 4909 ἀνὴρ,
710 4836 801 4889 καὶ
835 4835 942 4899 τοῖς
986 4834 1126 4904 ὑπὲρ
1148 4831 1427 4896 εὐσεϐείας
1466 4832 1730 4894 κινδύνοις
1778 4833 2013 4905 μάλιστα

446 4933 769 5005 διαπρέψας.
802 4929 875 4994 ὡς
911 4931 939 4983 ὁ
971 4927 1092 4982 τότε
1126 4926 1292 4992 ἔδειξα
1327 4926 1586 4997 διωγμός.
1625 4925 1735 4995 Τῆς
1774 4924 1864 4981 οὖν
1894 4926 2015 4980 δια.

447 5031 614 5101 φορᾶς
636 5025 956 5095 γενομένης,
986 5020 1261 5083 Basiliam;
1295 5022 1392 5089 μὲν
1418 5021 1513 5074 ἐπὶ
1533 5019 1622 5072 τὸν
1653 5019 1852 5074 Πόντον
1881 5017 2019 5089 ἐχώ-

448 5141 556 5197 ρει,
590 5122 813 5182 καὶτοῖς
840 5119 1017 5172 ἐκεῖσε
1045 5113 1349 5184 φιλοσόφως
1380 5112 1514 5177 ζῶσι
1546 5114 1710 5183 συνῆν
1731 5127 1745 5143 ·
1773 5113 1802 5165 ὁ
1826 5112 1884 5166 δὲ
1904 5111 2014 5165 τῶν

449 5217 771 5288 Καισαρέων
787 5213 979 5281 δῆμος,
1002 5211 1095 5262 καὶ
1121 5209 1322 5277 μᾶλλον
1347 5209 1462 5262 ὅσοι
1489 5205 1585 5259 τοῦ
1610 5206 1848 5275 πλήθους
1872 5201 2015 5277 ἦσαν

450 5310 749 5382 σοφώτεροι
768 5345 785 5372 ,
824 5303 892 5362 δι’
923 5302 1177 5365 ὑπονοίας
1204 5296 1353 5371 εἶχον
1377 5299 1662 5362 Εὐσέϐιον,
1694 5300 1787 5352 καὶ
1818 5299 2013 5352 ἀπολι-

448 5410 569 5461 πεῖν
597 5420 655 5457 τε
682 5401 841 5456 αὑτὸν
873 5396 1241 5459 ὶεουλεύοντο,
1277 5396 1371 5447 καὶ
1401 5393 1524 5447 κατ’
1560 5393 1696 5445 ἰδίαν
1722 5391 2019 5463 χωρισθέν-

446 5517 558 5564 τίς.
587 5501 687 5560 τὰς
721 5494 1044 5562 συναγωγὰς
1078 5489 1215 5561 δῆτα
1268 5487 1575 5551 ποιεῖσθαι,
1611 5486 1692 5539 ὅτι
1723 5485 1899 5555 φυγῆς
1930 5485 2016 5537 αι’..

449 5612 557 5656 τιος
586 5590 829 5659 ὶγεγόνει
858 5585 1013 5657 ἀνδρὶ
1035 5583 1275 5652 τοσούτῳ
1295 5582 1394 5651 τὴν
1416 5580 1618 5651 ἀρετὴν
1638 5579 1727 5632 καὶ
1758 5577 1904 5649 βιοῦν
1928 5578 2020 5633 lti-

448 5705 566 5755 γειν
594 5684 736 5753 ὑπὲρ
765 5685 1006 5743 ἃπαντας
1040 5676 1330 5746 εὐδοκίμῳ,
1365 5675 1457 5727 καὶ
1481 5672 1656 5727 ταῦτα
1689 5674 1907 5740 στίφους
1931 5688 2021 5724 το-

452 5779 655 5836 σούτων
684 5772 977 5849 αἱρετικῶν
996 5770 1361 5842 περιθέοντος.
1380 5768 1439 5820 '0
1478 5768 1574 5838 μὲν
1595 5761 1688 5820 οὖν
1715 5764 2017 5830 Βασίλειος,

528 5966 601 6035 (ι)
632 5961 848 6019 Sozom.
878 5956 1005 6013 eod.
1032 5972 1151 6025 cap.
1196 5956 1280 6010 Η.
1316 5952 1527 6007 Socrat.
1556 5948 1681 6004 cod.
1713 5961 1831 6017 cap.
1858 5945 1950 6001 ‘36.

2115 4743 2413 4798 etiamnum
2432 4743 2663 4798 diacono
2684 4744 3014 4800 intercessit.
3036 4745 3159 4800 Fuit
3188 4758 3371 4802 autem
3401 4747 3675 4806 Eusebius

2114 4851 2242 4894 cum
2262 4837 2384 4891 aliis
2414 4837 2468 4892 in
2506 4839 2672 4892 rebus
2697 4838 2779 4890 vir
2832 4853 3081 4905 magnus.
3112 4849 3225 4892 tum
3280 4840 3678 4896 certaminibus

2111 4941 2169 4986 et
2191 4930 2450 5001 periculis
2476 4944 2575 4999 pro
2601 4931 2803 4999 pietate
2848 4930 3148 4984 subeundis
3178 4932 3413 4985 maxime
3467 4946 3684 5003 specta-

2115 5034 2225 5080 tus.
2256 5023 2315 5078 id
2362 5025 2507 5094 quod
2533 5025 2654 5094 eius
2690 5023 2955 5094 temporis
3008 5023 3325 5092 persecutio
3359 5025 3679 5081 declaravit.

2116 5117 2408 5172 Dissidium
2459 5126 2643 5172 autem
2675 5131 2797 5171 cum
2826 5117 2908 5171 eis
2962 5116 3402 5184 intercessisset,
3452 5116 3686 5171 Basilius

2116 5214 2172 5267 in
2207 5212 2439 5267 Pontum
2465 5212 2711 5274 secessit.
2747 5220 2912 5279 atque
2947 5209 3020 5264 ibi
3069 5226 3192 5265 cum
3220 5210 3505 5266 monachis
3564 5215 3655 5281 phi

2113 5305 2396 5373 losophice
2450 5303 2759 5358 viventibus
2793 5303 2915 5358 fuit.
2960 5303 3120 5358 Plebs
3172 5312 3353 5359 autem
3382 5302 3684 5360 Caesarien-

2116 5400 2214 5463 sis.
2240 5407 2403 5466 atque
2425 5398 2481 5453 in
2511 5396 2706 5467 primis
2735 5398 2827 5467 qui
2856 5411 2919 5452 ea
2951 5406 3110 5451 erant
3137 5398 3501 5462 eordatiores.
3532 5401 3678 5467 quod

2120 5493 2416 5549 Eusebium
2448 5503 2764 5562 suspectum
2800 5492 3098 5555 habebant,
3130 5490 3286 5560 quasi
3334 5490 3473 5560 fugat
3519 5506 3685 5547 causa

2121 5594 2269 5641 esset
2288 5585 2388 5639 vt'ri
2412 5586 2569 5649 tanti,
2594 5585 2688 5654 qui
2721 5584 2920 5639 virtute
2946 5595 3001 5639 ct
3025 5584 3267 5639 moribus
3294 5592 3349 5636 et
3372 5584 3687 5652 eloquentia

2122 5679 2378 5734 omnibus
2409 5676 2528 5730 aliis
2558 5677 2758 5731 clarior
2786 5686 2950 5740 esset,
3008 5692 3075 5730 co
3110 5677 3383 5745 prmcipue
3444 5686 3690 5746 tempore

2122 5786 2231 5843 quo
2264 5771 2652 5825 haereticorum
2704 5770 2895 5840 ingens
2943 5767 3236 5824 multitudo
3292 5770 3681 5825 circumcursa»
