4050 6244
427 348 531 418 633

1349 359 1954 423 FCCLESIASTlC/E
1996 363 2380 427 lllh‘TJRlE
2426 364 2566 427 LIB.
2615 365 2720 425 XI.

3573 365 3678 432 631

425 481 512 523 τος
546 464 736 534 ἕψεται
768 484 778 494 ·
809 466 921 535 ιγὼ
947 467 1002 519 δὲ
1025 469 1122 532 τὰς
1140 468 1291 531 δίκας
1320 469 1479 523 δώσω
1538 473 1635 542 τῆς
1691 473 1790 542 σῆς
1845 475 1983 526 aut.

2106 474 2423 530 teriremus.
2475 473 2610 528 Cum
2645 476 2688 528 is
2715 489 2806 543 qm
2839 473 3018 530 exsilii
3051 475 3105 528 li'
3129 474 3298 529 cllum
3342 473 3411 530 ah
3437 471 3644 543 impera

428 559 650 626 ρέσεως.
693 576 712 611 ι
746 555 916 612 Ταῦτ’
949 557 1141 622 εἰπὼν,
1175 560 1319 614 κατά
1354 561 1576 631 πρώτην
1611 564 1869 634 εἰσῦολὴν
1898 565 1999 635 τῆς

423 648 637 713 νυκτὸς,
673 648 797 717 μεθ’
827 649 945 714 ἑνὸς
994 650 1208 703 οἰκέτου
1267 650 1450 719 ἐξιὼν,
1486 653 1646 722 μόνος
1699 654 1945 719 ὲδάδιζεν
1981 672 1995 688 ο

420 741 524 796 δ’δ’
545 743 730 796 εἰπετο
763 744 1203 812 προσκεφάλαιον
1259 744 1421 813 μόνον
1449 747 1542 813 καί
1604 746 1811 816 βιϐλίον
1841 749 1868 800 ὁ
1911 748 1999 800 οε-

424 835 616 904 ράπων
647 835 1067 906 ἐπιφερόμενος.
1116 836 1256 907 "po;
1289 837 1347 890 δὲ
1384 838 1482 908 τὴν
1530 838 1696 908 δχθην
1745 840 1840 892 τοῦ
1893 840 1998 892 Εὐ-

418 927 628 996 φράτου
669 926 958 995 γενόμενος
990 942 1006 960 ο
1036 928 1198 981 δίεισι
1227 928 1284 983 δὲ
1315 931 1343 982 ὁ
1381 930 1626 998 ποταμός
1648 931 1740 984 τὸν
1774 932 1997 1004 περισο-

417 1017 512 1071 λον
531 1017 626 1073 τοῦ
658 1022 851 1082 ἄστεος
885 1023 1179 1092 περιθέων,
1247 1024 1377 1076 ἔνθα
1405 1024 1500 1077 καὶ
1529 1024 1622 1078 τὸν
1657 1025 1825 1096 πόρον
1852 1027 1996 1097 ἔχειν

416 1108 684 1178 λέγεται·
743 1113 939 1177 ἱπιὸάς
1000 1113 1196 1179 άλιάδι,
1261 1118 1353 1169 ἐπὶ
1407 1116 1470 1170 τὸ
1525 1117 1700 1188 πέραν
1751 1117 1998 1173 ιλαύνειν

418 1201 538 1262 τοῖς
594 1201 812 1271 ἐρέταις
871 1203 1216 1257 ἑνεκελεύετο
1265 1205 1395 1275 περί
1436 1208 1531 1259 τὸν
1562 1246 1578 1271 ,
1632 1208 1691 1270 ὃς
1748 1209 1996 1265 καλεῖται

415 1290 665 1361 Ζεῦγμα.
700 1293 808 1348 Καὶ
835 1295 865 1348 ό
891 1295 991 1364 μὲν
1024 1295 1112 1366 ᾔει
1161 1296 1258 1350 τοῦ
1284 1298 1473 1371 πρόσω
1494 1314 1508 1330 ο
1554 1299 1890 1368 Σαμοσατεῐς
1940 1303 1996 1356 δὲ

413 1386 635 1458 γνόντες
663 1385 724 1438 τὸ
751 1386 960 1456 δρᾶμα,
990 1387 1250 1458 ὀδυρμοῖς
1300 1391 1394 1443 καὶ
1451 1390 1717 1460 δάκρυσιν
1764 1394 1994 1469 εἰχοντδ.

414 1479 531 1533 Καὶ
557 1479 753 1532 αὐτίκα
809 1478 1078 1549 πλήρηςό
1124 1480 1290 1553 πόρος
1352 1484 1462 1535 τῶν
1502 1484 1849 1552 ἐμπλεόντων
1904 1484 1993 1561 ἦν.

427 1572 519 1634 Ὠς
547 1571 605 1626 δὴ
637 1572 788 1641 μόλις
833 1575 1154 1636 κατέλαϐον.
1178 1575 1410 1630 ἐπιπολὺ
1445 1576 1506 1629 τὸ
1541 1576 1722 1646 ῥόθιον
1781 1580 1997 1649 διατρέ-

412 1662 1045 1742 χοντες,δεδακρυμένοι
1096 1668 1320 1729 πάντες,
1379 1665 1588 1720 πείοειν
1649 1670 1992 1742 ἐπεχείρουν,

412 1754 492 1822 μὴ
522 1756 634 1816 τοῖς
668 1753 853 1819 λύκοις
910 1757 1216 1828 προδιδόναι
1257 1757 1326 1809 τὰ
1379 1757 1650 1827 πρόϐατα.
1725 1760 1877 1814 Ἑπεί
1935 1761 1993 1815 δὲ

2111 573 2228 623 tore
2271 565 2566 629 all'erehat,
2617 566 2764 621 circa
2807 570 3198 633 crepusculum
3232 566 3581 630 advenisset,
3622 575 3682 620 ut

2109 659 2310 714 tacitus
2346 668 2526 722 esset,
2577 674 2910 727 culmumque
2941 659 3212 714 adventus
3257 661 3342 714 sui
3380 666 3678 727 premeret,

2102 765 2232 804 eum
2264 748 2549 804 admonuit
2582 749 2686 818 (l).
2727 768 2745 800 ι
2787 749 2842 805 Si
2871 748 3055 815 enim,
3095 749 3309 817 inquit,
3345 749 3449 802 hoc
3494 748 3683 802 tntilli-

2105 842 2242 896 tudo
2285 842 2606 902 resciverit,
2655 842 2854 903 ardore
2897 841 3000 895 zeli
3051 841 3321 902 excitata,
3371 849 3423 893 te
3455 840 3678 907 quidem

2104 933 2198 988 illa
2232 934 2417 988 statim
2463 931 2718 994 necabit,
2765 945 2850 984 me
2885 941 3068 984 autem
3120 929 3284 984 caulis
3334 930 3453 999 ejus
3486 944 3677 997 punias

2100 1025 2255 1080 luere
2300 1024 2598 1093 oportebit.
2636 1043 2653 1075 ι
2692 1021 2816 1079 Haec
2864 1021 2954 1076 ubi
3003 1022 3271 1082 dixisset.
3323 1020 3388 1076 ad
3438 1021 3668 1087 primam

2101 1118 2298 1179 facem,
2331 1117 2496 1172 unico
2525 1117 2764 1174 servulo.
2795 1115 2889 1184 qui
2921 1114 3155 1170 cervical
3185 1124 3394 1169 tantum
3421 1123 3477 1168 et
3509 1113 3667 1169 libelo

2100 1209 2213 1265 lum
2249 1224 2437 1264 secum
2489 1207 2731 1270 ferebat,
2768 1208 3098 1270 comitatus,
3136 1207 3288 1262 solus
3330 1222 3390 1261 se
3431 1206 3486 1260 in
3521 1205 3667 1260 viam

2099 1302 2293 1357 dedit:
2332 1310 2498 1369 atque
2535 1299 2628 1360 ubi
2674 1298 2743 1355 ad
2793 1299 3092 1369 Euphratis
3143 1297 3315 1367 ripam
3343 1300 3528 1362 venit,
3573 1300 3670 1368 qui

2103 1392 2256 1447 urbis
2283 1396 2404 1458 eius
2441 1392 2640 1447 muenia
2670 1392 3096 1460 praeterlabitur,
3133 1391 3227 1446 ubi
3259 1391 3426 1446 etiam
3457 1393 3670 1446 transi-

2101 1491 2217 1538 tum
2249 1484 2453 1539 habere
2479 1485 2697 1546 dicitur.
2726 1483 3077 1553 piscatoriam
3102 1483 3431 1539 conscendit
3459 1485 3669 1546 navim,

2099 1585 2155 1630 et
2191 1576 2423 1642 remiges
2470 1574 2524 1629 in
2573 1575 2748 1644 ripam
2797 1575 3024 1630 alteram
3071 1587 3198 1628 eum
3241 1572 3425 1629 locum
3473 1589 3671 1630 versus

2098 1667 2195 1736 qui
2244 1666 2480 1738 Zeugma
2523 1671 2878 1731 nominatur,
2926 1667 3204 1738 appellere
3252 1668 3439 1737 jussit.
3492 1669 3670 1735 Atque

2097 1758 2190 1814 ille
2234 1759 2455 1829 quidem
2499 1761 2579 1816 sic
2618 1769 2704 1816 est
2765 1760 3065 1829 prolectus.
3118 1760 3186 1816 At
3227 1760 3574 1817 Samosateni
3611 1777 3670 1815 re

412 1845 588 1899 πολλά
615 1847 865 1917 λέγοντες
881 1849 1096 1902 πείθειν
1121 1849 1221 1903 οὐκ
1250 1844 1401 1918 εἶχον
1431 1851 1513 1919 (τὸ
1542 1852 1650 1920 γὰρ
1705 1855 1983 1908 ἀποστολι-

2098 1853 2350 1922 cOgnita.
2399 1853 2454 1907 in
2495 1853 2750 1924 lacrymis
2793 1863 2850 1908 et
2892 1854 3046 1908 luctu
3091 1867 3246 1918 esse.
3288 1862 3344 1908 et
3375 1852 3666 1908 confestim

411 1940 716 1996 κόν-ἐκεῖνο
749 1943 1144 2012 προύὕάλλετο,
1188 1945 1384 2015 άρχαίς
1416 1948 1512 2000 καὶ
1551 1945 1824 2012 ἐξουσίαις
1863 1949 1995 2001 ὑπο-ο

409 2037 756 2106 τάσσεσθαιγ
788 2041 815 2091 ό
842 2038 942 2108 μὲν
969 2038 1128 2103 ἄλλος
1160 2039 1290 2093 ἄλλο
1331 2058 1383 2092 τι
1416 2043 1640 2111 χρυσίον
1681 2043 1776 2096 καὶ
1826 2044 1992 2113 ὲσίιῆ-

409 2144 479 2189 τα
501 2130 597 2184 καὶ
626 2130 844 2194 οἰκέτας
869 2130 945 2195 ὡς
974 2131 1068 2185 ἐπὶ
1088 2133 1246 2204 ξένης
1308 2132 1601 2204 άπαίροντι
1659 2136 1939 2206 προσῆγον
1971 2153 1988 2168 ⁸

408 2224 438 2284 ὸ
471 2221 530 2275 δὲ
567 2222 876 2292 τάναγκαῖα
926 2226 1079 2296 παρὰ
1117 2227 1224 2280 τῶν
1288 2228 1731 2298 γνωριμωτέρων
1785 2228 1994 2297 λαϐὼν,

407 2316 531 2378 ταῖς
569 2315 754 2384 εὐχαῖς
791 2333 847 2370 τε
883 2318 1218 2382 καθοπλίσας
1246 2322 1319 2383 ῶς
1346 2321 1450 2388 δεῖ,
1479 2323 1572 2375 καὶ
1636 2323 1746 2376 τῶν
1805 2341 1991 2394 παρα-

405 2403 709 2473 δεδομένων
739 2406 988 2478 άκρισῶς
1042 2407 1258 2477 ἔχεσθαι
1301 2412 1719 2482 παρεγγυήσας.
1759 2413 1854 2465 ἐπὶ
1893 2415 1989 2469 τὸν

413 2494 625 2570 Ἵστρον
653 2500 943 2557 διέεαινεν.
979 2503 1044 2556 Oi
1074 2502 1119 2556 δ’
1177 2504 1473 2573 ἀχθόμενοι
1497 2507 1560 2559 τὸ
1610 2507 1745 2560 ἄστυ
1805 2527 1990 2562 κατειο

412 2591 660 2660 ληφότες,
686 2592 896 2663 ἕτοιμοι
926 2593 1064 2664 πρὸς
1099 2594 1200 2664 τὴν
1257 2596 1365 2648 τῶν
1420 2596 1601 2651 λύκων
1660 2600 1988 2672 συμπλοκὴν

405 2678 550 2754 ἦσαν
582 2699 596 2714 ⁸
635 2686 798 2738 καλὸν
829 2685 940 2756 γάρ
970 2688 1064 2741 καὶ
1118 2687 1299 2740 αὐτῶν
1349 2690 1557 2743 ἐκεῖνον
1580 2693 1672 2744 τδν
1706 2693 1847 2761 ὑπὲρ
1888 2693 1986 2747 τοῦ

405 2776 577 2830 καλοῦ
609 2777 770 2848 ζῆλον
801 2779 1232 2850 ἰκδιηγήσασθαι
1267 2795 1283 2813 ο
1317 2780 1524 2838 ἀδικεῖν
1581 2785 1687 2852 γάρ
1752 2785 1981 2855 νομίσω,

403 2872 452 2921 εἰ
480 2869 562 2941 μὴ
589 2870 649 2926 τὸ
671 2870 874 2942 θερμὸν
901 2875 995 2926 καὶ
1023 2873 1328 2944 ἀκραιφνὲς
1377 2876 1559 2930 αὐτῶν
1604 2877 1704 2946 τῆς
1747 2877 1985 2943 πίστεως

401 2960 715 3033 παραδώσω
747 2963 814 3033 τῇ
851 2962 1063 3034 μνήμῃ.
1102 2963 1191 3027 Ὠς
1221 2964 1331 3036 γάρ
1356 2965 1405 3018 οἰ
1437 2964 1537 3035 τῆς
1588 2965 1805 3035 Ἀρείου
1839 2984 1982 3037 συμ-

404 3051 629 3120 μορίας,
663 3050 790 3115 ὅλας
817 3051 1116 3125 ἐκκλησίας
1167 3055 1277 3108 τῶν
1323 3056 1600 3123 ποιμένων
1657 3054 1986 3125 γυμνώσαν-

400 3158 514 3211 τες,
548 3144 644 3196 καὶ
664 3146 756 3198 ἰπὶ
783 3143 1076 3214 Σαμόσατα
1124 3144 1308 3215 ἕτερον
1357 3147 1473 3199 ἀντ’
1531 3147 1816 3213 Εὑσεὸίου,
1879 3149 1982 3202 Εὖτ

401 3236 593 3306 νόμιον
625 3234 822 3306 ὄνομα,
855 3239 1252 3307 άντεισήγαγον
1280 3253 1295 3269 ο
1328 3238 1502 3304 οὐδεὶς
1531 3241 1640 3293 τῶν
1702 3243 1981 3309 ἁπάντων,

399 3333 463 3384 οὐ
520 3330 712 3401 πένης,
767 3332 830 3385 οὐ
884 3331 1164 3396 πλούσιος,
1223 3335 1283 3387 οὑ
1336 3334 1471 3397 νέος,
1529 3334 1591 3386 οὑ
1649 3334 1980 3405 πρεσϐύτης,

402 3424 597 3487 ἁπλῶς
616 3425 793 3489 οὐδεὶς
815 3427 981 3493 φάναι
1029 3428 1110 3489 εἰς
1144 3426 1245 3497 τὴν
1283 3427 1581 3498 ἐκκλησίαν
1631 3429 1828 3501 εἰσῄει,
1876 3429 1987 3484 ὥσ..

403 3535 514 3592 περ
533 3516 602 3592 ἦν
635 3520 758 3584 ἔθος
787 3536 802 3554 ·
834 3522 992 3590 μόνος
1011 3519 1057 3573 δ’
1101 3521 1310 3586 ἐκεῖνος
1356 3522 1432 3593 τῷ
1485 3525 1824 3594 ἐπισκοπείῳ
1867 3525 1984 3594 διῆ-

403 3632 529 3684 γεν,
553 3615 767 3678 οὐδενὸς
798 3616 962 3670 αὑτὸν
989 3615 1106 3672 οὗθ’
1148 3618 1407 3689 δρῶντος.
1435 3615 1558 3671 οὔτε
1613 3620 1675 3671 τὸ
1719 3622 1982 3690 παράπαν

403 3709 568 3779 λόγον
623 3710 1024 3780 μεταδιδόντος.
1091 3713 1288 3767 Καίτοι
1357 3713 1524 3782 φασὶν
1588 3713 1752 3768 αὐτὸν
1804 3713 1982 3778 ἄλλως

398 3804 621 3874 ιπιεικῆ
651 3821 706 3858 τε
732 3803 862 3858 δντα
893 3806 988 3859 καὶ
1013 3806 1237 3876 μέτριον
1266 3821 1279 3836 ⁸
1311 3807 1408 3860 καὶ
1444 3805 1602 3860 τοῦτο
1623 3806 1974 3876 παρίστησιν.

412 3896 636 3971 Ἐπειδὴ
657 3899 765 3970 γάρ
791 3903 870 3962 εἰς
892 3900 1153 3969 δημόσιον
1178 3896 1281 3971 ἧκε
1332 3902 1579 3972 λουτρὸν,
1612 3901 1721 3954 τῶν
1751 3901 1980 3955 οἰκετῶν

399 3989 848 4060 ιτκλεισαμὲνων
878 3994 974 4056 τάς
1005 3991 1194 4061 Θύρας,
1224 3993 1431 4064 πλῆθος
1483 3995 1588 4065 πρὸ
1644 3993 1755 4047 τῶν
1799 3995 1979 4063 ϐυρῶν

402 4084 626 4138 δαπάναι
663 4083 874 4154 μαθὼν,
908 4085 1019 4147 τοῖς
1043 4085 1282 4146 οἰκέταις
1315 4082 1473 4150 αὖθις
1511 4089 1853 4142 ἀναπετάσαι
1878 4090 1978 4151 τὰς

401 4175 576 4246 θύρας
629 4176 724 4230 τοῦ
781 4176 1067 4246 βαλανείου
1110 4177 1474 4242 ἑνεκελεύετο.
1527 4181 1622 4234 καὶ
1669 4180 1835 4244 ἀδεῶς
1882 4181 1976 4235 τοῦ

399 4267 628 4339 λουτροῦ
654 4271 928 4324 κοινωνεῖν
959 4269 1036 4343 τῷ
1071 4270 1382 4343 βουλομένῳ
1424 4273 1715 4343 ἐπέτρεπε.
1752 4273 1825 4326 Τὸ
1860 4275 1977 4328 ίσον

397 4360 455 4414 δδ
487 4362 583 4416 καὶ
606 4363 665 4414 ὲν
688 4364 800 4427 τοῖς
823 4363 998 4426 Θόλοις
1035 4364 1182 4417 ἔνδον
1209 4365 1406 4420 ἐποίει.
1455 4365 1608 4418 Ἐπεὶ
1639 4365 1686 4419 δ’
1714 4367 1975 4440 εἰσῄεσάν

395 4469 545 4512 τινες
577 4458 670 4509 καὶ
700 4456 884 4526 κύκλῳ
925 4456 1272 4526 εἱστήκεσαν,
1304 4459 1670 4529 συμμετέχειν
1691 4459 1800 4512 τῶν
1847 4461 1974 4530 Οερ-

2095 1943 2357 2012 trajectus
2384 1944 2774 2015 navigantibus
2795 1943 3023 2014 repleri.
3050 1943 3153 2002 Ubi
3182 1961 3314 2001 vero
3337 1960 3466 2002 eum
3491 1947 3664 2002 multa

2093 2045 2247 2103 parte
2271 2033 2420 2088 ﬂuvii
2446 2050 2668 2089 emensa
2693 2043 2824 2088 sunt
2846 2033 3149 2100 consecuti,
3175 2035 3455 2104 plorantes
3472 2048 3666 2089 omnes

2091 2126 2323 2181 suadere
2351 2128 2400 2180 ei
2451 2126 2884 2188 contenderunt,
2933 2142 3002 2180 ne
3037 2126 3184 2197 lupis
3215 2139 3348 2182 oves
3378 2127 3662 2196 proderet.

2091 2221 2199 2276 Sed
2231 2233 2516 2292 postquam
2559 2223 2732 2277 multa
2761 2221 3010 2277 dicentes
3031 2261 3046 2280 .
3082 2235 3209 2275 eum
3242 2221 3295 2276 in
3326 2219 3664 2278 sententiam

2092 2329 2246 2381 suam
2308 2313 2579 2370 adducere
2650 2330 2758 2368 non
2820 2321 3117 2385 potuerunt
3176 2311 3325 2381 (nam
3396 2310 3665 2381 apostolic

2089 2424 2214 2463 cum
2289 2407 2424 2462 illud
2473 2409 2681 2463 dictqu
2734 2409 2816 2464 eis
2863 2407 3090 2478 objecit,
3144 2405 3560 2476 magistratibus
3605 2414 3662 2459 et

2091 2504 2458 2571 potestatibus
2501 2503 2755 2558 subditos
2797 2501 2984 2570 esse);
3047 2499 3190 2554 alius
3221 2498 3442 2569 quidem
3488 2497 3660 2564 aliud,

2087 2607 2283 2648 aurum
2328 2595 2539 2650 scilicet
2578 2603 2634 2648 et
2673 2602 2884 2648 vestem
2927 2601 2983 2645 et
3011 2589 3244 2646 famulos
3275 2589 3324 2642 ei
3371 2589 3425 2643 iu
3459 2598 3662 2644 terram

2090 2687 2327 2742 alienam
2359 2697 2416 2744 et
2450 2689 2809 2759 longinquam
2847 2682 3218 2756 proﬁciscenti
3260 2683 3499 2737 obtulit:
3543 2687 3662 2752 ipse

2087 2796 2219 2836 vero
2260 2781 2595 2838 necessariis
2633 2790 2844 2841 tantum
2886 2793 2917 2834 a
2955 2776 3404 2834 familiarissimis
3435 2778 3664 2848 quibusin

2086 2891 2196 2947 que
2224 2877 2465 2946 acceptis
2494 2875 2680 2940 rebus,
2712 2873 3026 2945 precatione
3049 2887 3144 2928 eos
3179 2874 3256 2928 ita
3288 2881 3344 2928 ut
3370 2871 3655 2932 convenit,

2087 2966 2351 3033 munivit,
2391 2978 2448 3024 et
2496 2975 2556 3031 ut
2593 2966 2898 3030 doctrinam
2948 2966 3206 3022 traditam
3259 2965 3553 3035 diligenter
3599 2971 3658 3016 et

2085 3071 2345 3116 accurate
2379 3060 2706 3126 retinerent,
2738 3060 2991 3116 hortatur.
3018 3067 3128 3126 est,
3161 3071 3218 3114 et
3246 3057 3327 3113 sic
3355 3057 3425 3111 ad
3454 3057 3656 3115 Istrum

2088 3169 2265 3225 usque
2319 3153 2620 3209 contendit.
2679 3151 2761 3212 llli
2816 3152 3023 3211 factum
3069 3150 3124 3206 id
3184 3165 3330 3217 mare
3386 3149 3654 3208 terentes.

2090 3245 2184 3300 ubi
2218 3247 2269 3300 in
2307 3245 2498 3301 urbem
2528 3253 2658 3299 sunt
2693 3241 2924 3306 reversi,
2958 3242 3136 3315 parati
3163 3250 3323 3297 erant
3350 3255 3476 3295 cum
3510 3238 3658 3310 lupis

2084 3355 2280 3395 manus
2324 3353 2642 3394 conserere.
2683 3335 2924 3406 Equum
2971 3336 3118 3391 enim
3152 3344 3260 3399 est,
3305 3344 3365 3387 ut
3390 3335 3651 3386 ardorem

2081 3441 2138 3486 et
2161 3431 2340 3486 zelum
2369 3445 2591 3502 quoque
2619 3444 2837 3496 eorum,
2870 3440 3092 3499 propter
3121 3442 3236 3482 rem
3271 3428 3557 3482 honestam
3596 3436 3653 3479 et

2083 3525 2404 3596 pulchram,
2445 3539 2737 3593 exponam.
2780 3522 2843 3578 Et
2885 3521 3129 3592 profecto
3168 3519 3426 3588 injuriam
3459 3519 3538 3574 eis
3566 3535 3655 3572 me

2082 3618 2264 3673 facere
2292 3617 2699 3687 existimarem,
2744 3614 2790 3673 si
2832 3629 2941 3670 non
2976 3613 3292 3685 ﬂagrantem
3339 3613 3558 3669 illorum
3595 3612 3650 3666 iu

2082 3711 2188 3764 ﬁde
2234 3710 2605 3768 sinceritatem
2639 3709 2921 3764 metnoriaa
2940 3706 3282 3778 posteritatis
3305 3706 3649 3762 mandarem.

2085 3803 2240 3881 14],
2272 3804 2410 3860 Nam
2441 3804 2559 3870 ubi,
2595 3801 2693 3874 qui
2733 3804 2851 3857 Arii
2896 3799 3156 3858 [actionis
3183 3809 3379 3862 erant.
3413 3799 3651 3865 pastori-

2077 3896 2184 3952 bus
2209 3911 2277 3950 ex
2306 3895 2558 3951 ecclesiis
2582 3893 2843 3950 omnibus
2893 3889 3161 3962 expulsis,
3191 3888 3479 3945 Samosata
3508 3900 3652 3959 quo-

2078 4004 2188 4060 que
2238 4003 2338 4059 pro
2389 3987 2633 4045 Eusebio
2683 3986 3015 4043 Euuomium
3066 3984 3357 4056 quemdam
3407 3980 3650 4038 adduxe-

2078 4091 2246 4147 runt,
2299 4098 2461 4139 nemo
2514 4081 2801 4136 hominum
2857 4079 3103 4135 omnium
3150 4077 3233 4132 vel
3279 4089 3524 4147 pauper,
3560 4077 3648 4132 vel

2076 4176 2363 4247 locuples,
2397 4176 2483 4244 vel
2521 4176 2765 4246 juvenis,
2798 4170 2884 4230 vel
2916 4186 3108 4240 senex,
3142 4181 3306 4242 atque
3337 4178 3400 4225 ut
3429 4166 3644 4239 simpli-

2077 4273 2214 4326 citer
2231 4267 2431 4336 dicam,
2455 4284 2618 4325 nemo
2639 4281 2889 4340 prorsus,
2914 4267 2988 4322 ita
3009 4279 3069 4321 ut
3085 4277 3205 4322 mos
3223 4273 3330 4329 est,
3354 4262 3642 4318 ecclesiam

2075 4374 2158 4419 est
2207 4367 2503 4442 ingressus.
2557 4364 2680 4434 lpse
2734 4377 2867 4416 vero
2915 4360 3069 4417 solus
3123 4360 3181 4416 in
3231 4358 3646 4428 episcopalibus

2075 4457 2287 4512 sedibus
2319 4464 2718 4520 versatusest,
2749 4455 2968 4510 nemine
3001 4469 3126 4508 eum
3162 4452 3508 4520 respiciente.
3543 4461 3642 4512 aut

398 4543 516 4610 μῶν
544 4542 754 4597 ὑδάτων
784 4544 1182 4615 προύτρέπετο.
1221 4545 1306 4609 Ὠς
1339 4547 1688 4617 δ’ίστάμενοι
1740 4550 1838 4602 καὶ
1887 4549 1968 4603 ἔτι

2086 4550 2439 4607 conveniente
2467 4565 2481 4604 :
2513 4564 2640 4603 cum
2671 4548 2898 4616 quidem
2929 4548 3013 4601 vir
3047 4545 3322 4601 humanus
3362 4555 3416 4599 et
3449 4545 3607 4599 mode

395 4643 554 4709 σιγὴν
583 4638 1001 4710 ἦσκουν,τιμὴν
1022 4638 1119 4710 τὴν
1172 4640 1363 4694 στάσιν
1416 4638 1722 4706 ὑπολαϐὼν,
1779 4642 1978 4698 θᾶττον

399 4731 718 4787 καταλιπὼν
751 4733 813 4787 τὸ
857 4732 1083 4803 θερμὸν,
1119 4732 1516 4802 ἀπηλλάττετο.
1570 4736 1631 4786 Ol
1668 4735 1724 4787 δὲ
1765 4752 1980 4805 συμμε-

393 4827 615 4898 τασχεῖν
645 4827 706 4880 τδ
734 4823 882 4897 ὕδωρ
908 4824 1001 4878 τοῦ
1031 4823 1125 4897 τῆς
1150 4825 1414 4896 αίρὲσεως
1437 4828 1605 4894 ἄγους
1629 4827 1974 4897 νομίσαντες,

397 4923 578 4973 εκείνο
615 4918 713 4990 μιν
744 4921 853 4982 τοίς
885 4918 1183 4989 ὑπονόμοις
1229 4919 1448 4990 ὲξέχεον
1476 4937 1489 4952 ⁸
1535 4920 1726 4989 ἓτερον
1782 4921 1840 4974 δὲ
1879 4937 1975 4974 κε-

399 5013 687 5082 ράσαντες,
741 5010 1092 5066 ἀπελούοντο.
1142 5012 1208 5066 '0
1252 5012 1318 5085 δὴ
1373 5013 1563 5083 μαθὼν
1612 5017 1642 5065 ὁ
1687 5014 1974 5084 Εὑνόμιος,

396 5103 561 5177 εὐθὺς
613 5105 716 5172 τὴν
772 5103 930 5157 πόλιν
979 5101 1176 5168 λιπὼν,
1232 5103 1414 5156 οἴκαδε
1460 5106 1568 5156 ἰετο
1602 5119 1617 5133 ο
1683 5102 1807 5158 λίαν
1856 5104 1966 5176 γάρ

395 5190 623 5262 ἀνόητον
655 5189 794 5262 ᾤετο
822 5191 978 5244 πόλει
1007 5189 1294 5261 δυσμενῶς
1316 5190 1514 5261 ἐχούσῃ
1541 5192 1732 5254 κοινῶς
1789 5208 1968 5262 παρα-

402 5285 586 5355 μένειν
604 5283 903 5355 αἱρεῖσθαι.
936 5283 1046 5337 Καὶ.
1082 5281 1230 5337 οὕτω
1262 5284 1360 5353 μὲν
1388 5287 1597 5347 ἐκεῖνος
1654 5284 1797 5337 ἑκὼν
1833 5287 1968 5338 άπε-

395 5377 562 5448 χώρει
581 5377 692 5432 τῶν
724 5377 1084 5447 Σαμοσάτων.
1109 5377 1174 5430 Οί
1193 5376 1239 5431 δ’
1283 5378 1553 5446 Ἀρειανοὶ
1582 5378 1773 5447 ἕτερον
1832 5394 1962 5448 προσ

394 5466 705 5536 ϐάλλονται,
762 5469 993 5524 Λούκιον
1046 5469 1238 5539 ὄνομα,
1296 5468 1460 5522 λύκον
1527 5470 1695 5533 ὄντως
1754 5473 1848 5524 καὶ
1901 5471 1962 5524 οὐ

392 5564 643 5633 ποιμένα.
669 5563 752 5616 Τά
777 5579 841 5632 γε
867 5564 975 5632 μὴν
1023 5564 1293 5632 πρόϐατα,
1344 5562 1550 5632 καίπερ
1596 5565 1828 5630 ποιμένα
1885 5562 1961 5632 μὴ

393 5656 627 5727 ἔχοντες,
653 5657 801 5727 ὅμως
835 5656 907 5710 τά
935 5657 1210 5726 ποιμένων
1269 5655 1463 5726 ἔδρων,
1523 5654 1724 5710 ἄσυλον
1770 5655 1960 5727 διατη-

462 5777 538 5845 (l)
568 5773 776 5829 Thcod.
810 5774 935 5830 eod.
962 5791 1084 5844 cap.
1119 5775 1206 5831 M.

2075 4655 2196 4700 stus
2235 4644 2407 4698 luisse
2433 4641 2617 4697 dictus
2647 4646 2736 4696 sit.
2773 4639 2931 4705 Quod
2963 4639 3088 4694 inde
3119 4640 3257 4694 satis
3297 4648 3481 4709 patet;
3513 4652 3641 4693 cum

2071 4737 2219 4791 enim
2274 4737 2328 4790 in
2375 4735 2660 4806 publicum
2708 4740 2949 4789 venisset
3000 4733 3298 4798 balneum,
3347 4743 3403 4787 et
3446 4730 3638 4791 famuli

2069 4829 2220 4884 fores
2266 4827 2474 4883 lavacri
2530 4827 2896 4891 clausissent,
2941 4825 3034 4882 ubi
3087 4840 3185 4894 pro
3229 4824 3440 4878 foribus
3493 4832 3640 4877 stare

2070 4922 2342 4993 plurimos
2385 4921 2642 4990 cognovit
2663 4959 2676 4982 ,
2721 4918 3023 4981 ministris,
3054 4926 3116 4970 ut
3141 4930 3236 4971 eas
3265 4917 3638 4979 recluderent,

2071 5013 2353 5084 praecepit,
2407 5023 2577 5082 atque
2609 5019 2669 5065 ut
2693 5010 3065 5064 communiter
3089 5019 3148 5062 et
3170 5008 3365 5072 libere,
3393 5010 3490 5078 qui
3521 5009 3637 5062 vel-

2070 5105 2220 5174 lent,
2263 5103 2537 5160 lavatione
2587 5111 2894 5166 uterentur,
2943 5100 3070 5155 illos
3114 5099 3440 5154 admonuit:
3487 5101 3633 5168 quod

2072 5197 2262 5252 itidem
2309 5197 2363 5253 in
2414 5195 2669 5251 interiori
2699 5195 2946 5248 conclavi
2980 5194 3131 5248 fecit.
3161 5194 3338 5261 Atque
3373 5197 3460 5247 ubi
3496 5211 3635 5246 ιιυιι-

2072 5289 2206 5344 nulli
2235 5287 2463 5358 ingressi
2489 5303 2617 5343 eum
2641 5289 3145 5343 circumsteterunt.
3189 5295 3249 5338 ut
3279 5302 3383 5338 una
3415 5301 3537 5337 cum
3564 5303 3632 5337 eo

2072 5381 2126 5435 in
2152 5381 2347 5435 calidis
2375 5381 2536 5451 aquis
2558 5379 2831 5440 lavarent,
2861 5392 2957 5432 eos
2977 5387 3065 5432 est
3085 5378 3423 5432 cohortatus.
3456 5375 3633 5431 Crte.

2071 5488 2194 5527 tum
2222 5489 2347 5528 cum
2378 5473 2453 5527 illi
2477 5475 2557 5527 sic
2582 5481 2790 5526 stantes
2821 5478 3080 5533 tacerent,
3109 5470 3375 5523 honorem
3397 5469 3638 5523 statione

2071 5565 2340 5636 ejusmodi
2372 5565 2564 5619 haberi
2592 5565 2695 5620 sibi
2731 5575 2904 5626 ratus,
2937 5562 3191 5618 celeriter
3221 5576 3392 5630 aquas
3424 5559 3636 5615 calidas

2069 5658 2330 5727 reliquit,
2367 5666 2423 5713 et
2452 5656 2606 5713 abiit.
2635 5657 2703 5713 At
2742 5656 2822 5711 illi
2855 5669 3025 5725 aquas
3063 5655 3184 5727 ejus
3207 5654 3482 5724 piaculum
3519 5651 3635 5712 ιδευ.

461 5848 538 5928 t2)
569 5848 707 5904 t'liu.
739 5846 832 5904 lib.
869 5861 920 5916 ν,
952 5862 1000 5902 c.
1036 5848 1128 5904 24.
1164 5847 1459 5907 Pulchrum
1501 5846 1811 5920 exemplum
1843 5847 1940 5920 τῆς
1980 5874 1983 5881 ι

2086 5846 2326 5921 θαρχίας.
