4050 6244
421 260 526 326 659

1637 271 2053 333 NlCEl’llORl
2102 275 2446 336 CALLlSTI

3572 274 3680 338 660

421 393 543 432 rum
569 377 732 432 altari
754 389 1082 451 peregerunt
1111 363 1287 454 impii.
1320 383 1456 440 Nam
1489 386 1653 442 veluti
1687 389 1740 442 in
1771 398 1990 457 proscc-

2105 392 2412 459 γυναικείαν
2463 391 2801 462 ποθήσαντα,
2837 393 3064 462 στίμμει
3098 390 3240 446 κατὰ
3264 391 3326 445 τδ
3353 393 3678 463 γεγραμμέ-

419 468 513 522 nio
547 467 805 525 ludorum
824 469 1246 538 dissolutorum,
1279 483 1338 530 ut
1364 492 1501 546 puer
1523 493 1715 533 sexum
1758 479 1988 535 masculi

419 563 742 634 abnegans,
791 573 848 620 et
905 566 1158 625 mulieris
1216 582 1520 640 expetens,
1574 573 1743 628 stibio
1796 575 1991 644 (sicuti

421 657 688 726 scriptum
719 660 828 728 est)
851 661 1029 716 oculis
1058 664 1368 731 perunctis,
1401 674 1454 719 et
1486 665 1612 720 fuco
1641 665 1781 720 facie
1814 667 1993 721 rubri~

419 761 561 814 cata,
604 755 1072 822 quemadmodum
1115 772 1240 828 qua:
1285 757 1432 828 apud
1464 774 1562 814 eos
1597 768 1727 815 sunt
1762 761 1994 816 simula-

416 859 534 909 cra,
565 845 754 901 habitu
786 848 1069 913 muliebri,
1109 852 1162 904 in
1204 851 1323 921 ipso
1361 854 1639 909 sanctiore
1679 855 1858 916 altari.
1899 856 1991 910 ubi

418 933 744 990 descensum
780 937 1020 1009 Spiritus
1047 943 1223 997 sancti
1258 942 1601 1006 invocamus,
1631 946 1993 999 conversione

419 1029 558 1082 scite
606 1029 660 1082 in
711 1031 902 1086 orbem
956 1033 1136 1098 facta,
1190 1035 1299 1091 huc
1349 1047 1515 1106 atque
1559 1037 1689 1093 illuc
1739 1038 1994 1094 manibus

423 1123 759 1191 gesticulans
806 1125 1054 1194 saltaret,
1087 1126 1392 1184 fecerunt:
1439 1134 1647 1201 prolixe
1697 1132 1992 1186 admodum

423 1213 692 1278 ridentes.
727 1227 894 1288 atque
936 1220 1181 1276 nefarias
1225 1237 1391 1278 voces
1424 1223 1710 1280 addentes.
1745 1224 1852 1279 Alii
1899 1240 1996 1279 au-

421 1319 531 1362 tem
570 1317 627 1362 et
669 1308 774 1364 hoc
817 1311 996 1380 ipsum
1044 1313 1247 1368 factum
1285 1330 1397 1370 non
1429 1318 1563 1371 satis
1595 1318 1661 1370 ad
1701 1317 1994 1372 obscenam

416 1402 788 1458 temeritatem
838 1421 962 1461 csse
1017 1417 1295 1477 putantes,
1348 1420 1403 1465 et
1457 1427 1580 1482 qua)
1625 1412 1733 1480 jam
1783 1421 1995 1482 patrata

419 1490 664 1561 fuerant,
693 1495 892 1552 decora
921 1500 1107 1568 potius
1130 1515 1295 1570 quam
1328 1501 1565 1559 nefanda
1592 1504 1994 1566 existimantes.

415 1601 488 1642 ex
536 1586 673 1656 ipsis
713 1593 1011 1660 quemdam
1054 1595 1293 1650 obscena
1335 1595 1583 1652 fceditate
1619 1595 1992 1663 notissimum,

417 1684 569 1735 ve~te
605 1680 875 1750 detracta,
913 1695 968 1740 ct
999 1687 1257 1758 pudenda
1303 1689 1471 1744 etiam
1521 1691 1773 1758 corporis
1816 1700 1994 1761 parte,

418 1785 587 1842 prout
621 1787 834 1833 natum
861 1778 970 1832 fert
1003 1781 1241 1847 habitus,
1265 1785 1493 1849 nudata,
1518 1787 1767 1840 ecclesia:
1798 1786 1998 1840 throno

417 1871 829 1942 imposuerunt,
866 1887 923 1932 et
974 1878 1181 1933 fmdum
1225 1891 1416 1934 contra
1456 1878 1738 1935 Christum
1773 1881 1998 1936 concio-

419 1975 669 2022 naturem
705 1972 1096 2040 appellarunt:
1127 1989 1252 2027 natu
1286 1989 1387 2044 pro
1417 1973 1623 2028 divinis
1652 1973 1840 2029 verbis
1875 1984 1995 2028 tur-

419 2057 725 2125 pitudineut
770 2064 1022 2133 protulit,
1059 2081 1160 2135 pro
1197 2067 1456 2122 oratione
1503 2066 1652 2135 gravi
1701 2076 1758 2120 et
1806 2075 1996 2122 sancta

2100 503 2191 538 νον
2241 487 2369 550 τοὺς
2405 486 2726 558 ὀφθαλμοὺς
2767 486 3216 558 διαχρισάμενον,
3255 486 3349 540 καὶ
3391 485 3553 555 φύκει
3582 487 3682 548 τὰς

2097 579 2250 649 ὄψεις
2298 579 2658 651 ἑρυθήναντα,
2689 580 2766 642 ὼς
2797 579 2869 634 τὰ
2897 578 3026 649 παρ’
3059 580 3244 644 αὐτοῖς
3286 581 3480 634 εἴδωλα
3517 578 3681 650 θηλυ-

2103 673 2294 742 μόρτῳ
2323 673 2400 743 τῷ
2425 673 2667 744 σχήματι
2695 673 2784 727 ἐπ’
2807 672 2974 729 αὐτοῦ
3002 673 3096 726 τοῦ
3118 673 3531 743 θυσιαστηρίου,
3553 671 3684 725 ἔνθα

2100 768 2327 822 κάθοδον
2361 767 2454 821 τοῦ
2507 768 2664 836 ἁγίου
2701 767 3018 837 Πνεύματος
3055 767 3489 837 ἐπικαλώμεθα,
3523 767 3686 821 εὐκύ-

2098 861 2210 931 κλῳ
2236 863 2302 932 τῇ
2344 864 2550 933 στροφῇ
2580 853 2683 914 ὧδε
2717 861 2940 914 κάκεῖσε
2968 860 3044 914 τὼ
3069 863 3220 932 χεῖρε
3262 859 3683 931 σχηματιζόμε-

2098 974 2208 1022 νον,
2245 956 2531 1028 ὀρχεῖσθαι
2564 954 2987 1027 παρεσκεύασαν
3012 973 3027 986 ο
3055 956 3230 1009 πλατὺ
3268 956 3367 1024 μιν
3393 955 3684 1022 γελῶντες,

2097 1050 2373 1119 ἀθέσμους
2407 1049 2465 1104 δὲ
2516 1049 2842 1118 ἐπαφιέντες
2894 1049 3102 1118 φωνάς.
3133 1049 3199 1102 Οἱ
3253 1047 3312 1102 δὲ
3369 1049 3535 1102 πάλιν
3585 1049 3680 1101 καὶ

2095 1143 2256 1198 τοῦτο
2271 1143 2407 1213 πρὸς
2439 1141 2663 1208 ἀταξίαν
2692 1143 3055 1214 ἡγησάμενοι,
3090 1143 3184 1195 καὶ
3205 1143 3271 1194 τὰ
3307 1139 3685 1210 παρῳχηκότα

2098 1238 2348 1306 εὐπρεπῆ
2383 1234 2582 1304 μᾶλλον
2604 1235 2749 1306 ἤπερ
2780 1235 2996 1304 ἄθεσμα
3021 1233 3391 1302 λογισάμενοι,
3413 1232 3470 1298 ἐξ
3504 1229 3687 1284 αὐτῶν

2098 1328 2198 1383 ἕνα
2233 1326 2661 1398 γνωριμώτατον
2691 1331 2746 1381 ὲν
2786 1328 3132 1398 αἰσχρότητι,
3177 1325 3317 1397 ὁμοῦ
3350 1326 3451 1394 τὴν
3478 1323 3685 1396 ἐσθῆτα

2099 1424 2192 1475 καὶ
2223 1421 2323 1492 τὴν
2352 1417 2486 1475 αίδὼ
2518 1422 2974 1491 γυμνωσάμενοι,
3003 1420 3077 1482 ὡς
3123 1421 3155 1491 ή
3197 1419 3360 1489 φύσις
3396 1416 3511 1487 ἔχει
3551 1418 3686 1488 σχήο

2102 1529 2292 1582 ματος,
2318 1511 2398 1583 τῷ
2429 1511 2530 1583 τῆς
2573 1513 2874 1582 ἐκκλησίας
2909 1512 3330 1574 ἐπιϐιϐάσαντες
3363 1511 3559 1581 θρόνῳ,
3589 1509 3687 1577 δη-

2103 1608 2346 1678 μηγόρον
2370 1604 2594 1677 αἰσχρδν
2639 1608 2786 1661 κατά
2823 1603 3066 1674 Χριστοῦ
3111 1600 3682 1674 προσαγορεύσαντες.

2112 1700 2260 1753 Ἀντί.
2288 1700 2400 1769 γὰρ
2421 1699 2582 1752 θείων
2617 1699 2880 1768 ῥημάτων
2911 1697 3250 1766 αἰσχρότητα
3284 1692 3681 1763 προύϐάλλετο,

2101 1793 2223 1846 ἀντὶ
2271 1791 2487 1862 σεμνῶν
2527 1791 2704 1860 λόγων
2744 1790 3055 1858 ἀσέλγειαν,
3091 1786 3208 1842 ἀντ’
3237 1786 3524 1849 εὐσεϐείας
3553 1784 3686 1838 ἀσέ-

2099 1886 2276 1949 ϐειαν,
2306 1885 2426 1938 ἀντὶ
2473 1882 2797 1953 ἐγκρατείας
2830 1884 3110 1954 πορνείαν,
3150 1881 3417 1952 μοιχείαν,
3453 1880 3686 1948 ἀρσενοο

2100 1976 2332 2041 κοιτίαν,
2371 1973 2600 2046 κλοπὴν,
2628 1974 2787 2028 πόσιν
2811 1974 2901 2029 καὶ
2932 1974 3137 2045 βρῶσιν
3163 1973 3244 2043 τῷ
3274 1971 3376 2042 βίῳ
3403 1969 3540 2042 πρὸς
3571 1968 3689 2032 τοῖς

2099 2067 2283 2132 ἄλλοις
2319 2066 2710 2140 εἰσηγούμενος
2743 2061 2884 2121 εἰναι
2915 2067 3182 2139 χρήσιμα.

420 2157 758 2227 impudicam
802 2161 1109 2228 lasciviam,
1148 2179 1250 2233 pro
1294 2164 1501 2235 pietate
1539 2165 1901 2235 impietatem,
1976 2180 2040 2220 ac
2080 2166 2446 2240 temperantia
2529 2164 2974 2232 fornicationem,
3013 2164 3372 2230 adulterium,
3415 2161 3690 2217 masculo-

422 2269 542 2307 rum
595 2257 976 2326 concubitum,
1018 2261 1252 2327 furtum,
1295 2263 1477 2319 cibum
1531 2273 1587 2318 et
1641 2277 1830 2333 potum
1883 2278 1993 2318 una
2034 2280 2161 2320 cum
2239 2266 2366 2322 aliis
2413 2264 2688 2338 ejusmodi
2740 2263 2809 2319 ad
2849 2264 3019 2319 vitam
3065 2262 3220 2319 utilia
3295 2271 3352 2319 et
3397 2259 3689 2317 commoda

419 2361 542 2401 esse
577 2350 808 2406 docens.

497 2459 516 2492 ε
555 2441 691 2497 Cum
725 2445 842 2501 haec
874 2447 947 2502 ita
981 2463 1040 2503 se
1088 2446 1373 2518 baberent,
1409 2462 1465 2508 et
1507 2467 1608 2524 ego
1651 2469 1716 2508 ex
1757 2454 1992 2510 ecclesia

421 2533 760 2601 secederem,
792 2541 1095 2610 (quomodo
1136 2546 1283 2600 enim
1321 2548 1372 2602 id
1419 2565 1526 2603 non
1576 2549 1836 2615 facerem,
1868 2566 1991 2606 cum

424 2628 788 2713 ibimilitaris
824 2635 978 2691 luror
1016 2637 1326 2704 obtineret,
1365 2641 1531 2712 158
1572 2658 1697 2696 cum
1734 2644 1891 2712 plebs
1925 2643 1992 2697 ad

421 2723 751 2781 dissolutam
813 2729 1092 2788 licentiam
1160 2734 1414 2799 venalis,
1479 2752 1605 2791 cum
1673 2737 1997 2807 largitiones

424 2820 802 2888 pecuniarum,
840 2839 965 2878 cum
1001 2826 1356 2882 ethnicorum
1403 2843 1500 2884 seu
1551 2829 1838 2898 gentilium
1887 2845 1999 2884 ma-

425 2926 529 2967 nus
559 2915 812 2970 maximis
852 2915 992 2973 nixae
1047 2919 1542 2986 pollicitationibus
1603 2921 1944 2991 regnarent?
1978 2915 2004 2993 Ῑ

424 3019 714 3061 successor
755 3024 912 3064 meus
957 3011 1010 3066 in
1047 3029 1167 3068 eam
1203 3022 1290 3069 est
1329 3016 1552 3081 missus,
1583 3014 1677 3085 qui
1709 3016 1998 3086 episcopa-

425 3111 540 3152 tum
593 3099 765 3156 veluti
823 3103 1112 3172 profanam
1163 3105 1494 3177 dignitatem
1548 3122 1685 3161 auro
1742 3107 1996 3173 redemit,

424 3188 631 3249 Lucius
674 3195 921 3264 quidam,
957 3199 1071 3269 lupi
1095 3199 1703 3273 (ltixouﬁmpt‘obitatis
1747 3212 1802 3258 et
1833 3202 2002 3258 actio-

426 3302 560 3341 num
610 3289 916 3357 Studiosus,
958 3308 1067 3346 non
1115 3302 1265 3349 recte
1306 3294 1667 3353 sentientium
1714 3298 2001 3366 episcoito-

431 3395 554 3433 rum
573 3381 830 3448 concilio,
852 3399 960 3439 non
979 3385 1354 3457 legitimorum
1374 3404 1746 3458 verarumque
1775 3393 1978 3445 clerico

429 3490 552 3528 rutn
585 3477 832 3542 calculis,
865 3494 977 3534 non
1021 3483 1208 3559 populi
1239 3482 1600 3561 ﬂagitatione,
1633 3487 1795 3541 sicuti
1828 3486 2007 3543 eccle-

429 3567 667 3624 siasticae
715 3569 1344 3642 produntsanctiones,
1379 3577 1576 3634 lectus.
1617 3577 1864 3634 Aderant
1908 3593 2006 3634 au-

429 3669 539 3715 tem
578 3660 630 3718 ei
677 3662 938 3736 (simplici
985 3683 1223 3737 namque
1263 3679 1318 3723 et
1359 3670 1505 3726 facili
1540 3672 1770 3727 introitu
1810 3671 2002 3726 urbem

429 3755 641 3824 ingredi
677 3773 786 3811 non
819 3760 1017 3826 potuit)
1053 3777 1162 3815 non
1197 3763 1436 3832 episcopi
1478 3764 1688 3834 aliqui,
1735 3779 1841 3820 nou
1879 3778 2004 3835 pre-

427 3845 660 3917 sbyteri,
700 3864 808 3903 non
857 3849 1105 3917 diaconi,
1151 3868 1261 3907 non
1313 3853 1499 3926 populi
1554 3864 1788 3911 caterva:
1828 3876 1842 3913 :
1895 3873 2003 3910 non

425 3958 551 3994 eum
585 3943 838 3997 monachi
873 3943 1102 4015 hymnos
1132 3955 1186 4001 et
1217 3948 1409 4004 laudes
1440 3965 1505 4003 ex
1537 3948 1841 4020 Scripturis
1873 3966 2005 4003 con-

426 4035 676 4095 cinentes
727 4037 1071 4107 produxere;
1113 4040 1206 4094 sed
1245 4042 1487 4097 Euzoius
1537 4045 1716 4108 aﬂuit,
1754 4045 1847 4113 qui
1897 4044 2002 4098 du-

341 4145 346 4149 ‘
427 4128 721 4195 dum,cum
745 4131 1011 4188 diaconus
1038 4144 1239 4190 nostra:
1267 4136 1428 4208 hujus
1457 4138 1802 4193 Alexandriae
1831 4149 2000 4202 esset.

429 4241 534 4280 una
569 4239 694 4279 cum
726 4226 858 4283 Ario
903 4226 959 4281 in
988 4239 1177 4286 sancta
1219 4241 1276 4285 et
1313 4247 1505 4301 magna
1534 4234 1746 4304 synodo
1783 4233 2000 4302 Nicaeae,

427 4317 624 4375 ordine
659 4331 865 4383 motus,
903 4323 1253 4390 praesidentia
1285 4340 1384 4380 sua
1419 4340 1566 4381 nunc
1599 4324 2000 4384 Antiochenam

429 4419 608 4466 vastat
661 4414 982 4482 ecclesiam;
1039 4424 1095 4470 et
1149 4419 1594 4475 comitateuslum
1649 4421 2001 4493 largitionum

2179 2477 2198 2511 ι
2234 2457 2452 2511 Τούτων
2479 2455 2536 2510 δὲ
2560 2441 2733 2520 οὕτως
2756 2452 3015 2527 ἐχόντων,
3047 2451 3228 2522 κάμοῦ
3256 2455 3355 2524 τῆς
3385 2452 3689 2525 ἐκκλησίας

2102 2550 2645 2621 ὑπαναχωρήσαντος
2677 2550 2819 2621 (πῶς
2850 2548 2961 2620 γὰρ
2989 2548 3134 2618 οὐχὶ,
3167 2549 3301 2601 ὅπου
3339 2545 3692 2618 στρατιωτῶν

2103 2642 2280 2710 ἔφοδοι
2301 2684 2314 2705 ,
2339 2643 2471 2696 ὅπου
2496 2642 2666 2711 δῆμος
2696 2642 2827 2712 πρὸς
2847 2639 3075 2706 ἀταξίαν
3098 2640 3487 2710 ἀργυρώνητος
3505 2680 3522 2706 ,
3547 2639 3688 2693 ὅπου

2102 2735 2409 2806 φιλοτιμίαι
2448 2735 2750 2806 χρημάτων
2801 2735 2897 2788 καὶ
2939 2732 3172 2788 ἐθνικῶν
3204 2733 3383 2805 πλήθη
3414 2733 3554 2803 μετὰ
3589 2747 3694 2804 με·-

2096 2831 2302 2899 γὶστων
2338 2825 2743 2899 ὑποσχέσεωνς)
2781 2827 3058 2900 ἡμέτερος
3093 2825 3256 2897 δῆθεν
3289 2825 3690 2881 ἀποστέλλεται

2097 2925 2365 2995 διάδοχος,
2397 2921 2626 2995 χρυσίον
2660 2922 2762 2993 τὴν
2793 2920 3106 2993 ἐπισκοπὴν
3131 2923 3206 2985 ὡς
3238 2921 3457 2990 ἀξίωμα
3488 2935 3690 2989 κοσμιο

2098 3018 2194 3074 κδν
2237 3019 2606 3091 ἡγησάμενος,
2645 3015 2873 3081 Δούκιός
2923 3033 3026 3082 τις,
3057 3013 3226 3068 λύκου
3262 3012 3362 3086 τὴν
3411 3011 3687 3085 πονηρίαν

2107 3111 2202 3166 καὶ
2235 3112 2335 3176 τὰς
2367 3110 2595 3183 πράξεις
2637 3111 2782 3180 ἔχειν
2817 3106 3192 3175 ἐσπουδακὼς,
3230 3109 3330 3162 οὐκ
3367 3107 3688 3162 ἐπισκόπων

2107 3207 2406 3279 ὀρθοδόξιιον
2434 3207 2658 3277 συνόδῳ,
2682 3206 2742 3258 οὐ
2764 3204 2931 3276 ψήφῳ
2954 3202 3234 3275 κληρικῶν
3265 3201 3561 3274 ἀληθινῶν,
3583 3200 3691 3257 οὐκ

2108 3303 2324 3370 αἰτήσει
2364 3298 2529 3361 λαῶν,
2567 3298 2642 3361 ὡς
2679 3297 2727 3351 oi
2774 3292 2876 3366 τῆς
2919 3292 3247 3366 Ἐκκλησίας
3300 3292 3689 3364 διαγορεύουσι

2109 3393 2322 3464 θεσμοί.
2374 3390 2467 3464 Τῷ
2513 3390 2578 3463 δὴ
2604 3388 2832 3460 τοιούτῳ
2865 3386 3104 3458 συνῆσαν
3133 3387 3301 3459 (ἁπλῇ
3330 3387 3440 3458 γὰρ
3491 3382 3689 3467 cladem

2107 3487 2205 3558 τῆς
2239 3484 2446 3550 πόλεως
2472 3481 2780 3538 ἐπιϐαίνειν
2805 3481 2906 3536 οὐκ
2939 3479 3196 3552 ὴδύνατο)
3228 3481 3329 3534 οἰκ
3367 3478 3686 3533 ἐπισκόπων

2106 3579 2274 3644 τινες,
2296 3577 2357 3633 οὐ
2387 3574 2800 3650 πρεσϐυτέρων,
2819 3573 2879 3630 ού
2909 3572 3199 3639 διακόνων,
3223 3575 3283 3628 ού
3308 3573 3455 3626 λαῶν
3479 3570 3685 3641 πλήθη,

2105 3674 2165 3729 οὐ
2201 3674 2447 3745 προῆγον
2490 3669 2680 3726 τοῦτον
2735 3667 3060 3743 μονάζοντες
3097 3667 3302 3740 ὕμνους
3341 3668 3406 3722 ἐκ
3451 3665 3690 3738 Γραφῶν

2107 3768 2532 3838 ἀναπέμποντες
2557 3782 2571 3796 ·
2607 3763 2724 3821 ἀλλ’
2773 3762 3010 3830 Εύζώῐος
3043 3756 3132 3834 ἦν,
3164 3761 3194 3815 ὁ
3224 3760 3414 3833 πρώην
3455 3756 3556 3829 μὶν
3587 3757 3691 3812 σὺν

2119 3863 2315 3935 Ἀρείῳ
2373 3861 2745 3933 καθαιρεθεὶς,
2803 3860 3052 3920 διάκονος
3095 3855 3172 3911 ὣν
3222 3856 3323 3926 τῆς
3367 3852 3494 3910 καίν
3537 3853 3690 3922 ἡμᾶς

2116 3957 2531 4028 ’Δλεξανδρείας
2565 3957 2625 4008 ὲν
2652 3956 2720 4024 τῇ
2750 3950 2892 4006 κατὰ
2918 3950 3152 4006 Νίκαιαν
3185 3948 3319 4022 ἁγία
3346 3947 3441 4002 καὶ
3471 3945 3689 4018 μεγάλῃ

2108 4055 2333 4122 συνόδῳ,
2368 4051 2497 4122 ἄρτι
2543 4048 2602 4104 δὲ
2640 4045 2949 4124 προστασία
2986 4045 3085 4119 τὴν
3116 4043 3438 4114 Ἀντιοχέων
3484 4040 3688 4111 λυμαι-

2109 4149 2328 4215 νόμενος
2355 4159 2369 4177 ο
2415 4144 2509 4198 καὶ
2538 4141 2568 4196 6
2597 4140 2708 4197 τῶν
2740 4145 3167 4212 κομητατησίων
3196 4139 3254 4192 δὲ
3311 4135 3688 4209 λαργιτιώνων

2108 4240 2307 4310 κόμης,
2339 4233 2695 4308 στρατιωτῶν
2723 4233 3067 4303 ἑπαγόμενος
3105 4233 3317 4303 πληθὺν
3347 4232 3589 4301 ἄμετρον
3609 4267 3625 4292 ,
3659 4229 3690 4280 ὀ

2105 4331 2163 4384 ὲν
2196 4331 2345 4402 πάσῃ
2372 4327 2598 4400 ἀσεϐείᾳ.
2617 4325 2704 4380 ἀεὶ
2719 4323 3141 4396 γνωριζόμενος,
3172 4325 3393 4392 Μάγνος
3417 4318 3687 4389 τοῦνομαο

2106 4424 2159 4484 ὃς
2208 4424 2267 4473 ὲν
2331 4413 2618 4474 Ἰουλιανοῦ
2655 4419 2867 4487 καιροῖς
2913 4413 3012 4488 τὴν
3053 4413 3337 4485 Βηρυτίων
3387 4410 3690 4482 ἐκκλησίαν

427 4518 635 4568 comes.
677 4506 772 4575 qui
821 4522 1009 4562 secum
1052 4507 1376 4566 immensam
1425 4513 1658 4568 militum
1691 4515 1999 4570 multitudi-

2109 4512 2424 4584 ἐμπρήσας,
2456 4510 2718 4565 Φοινίκων
2741 4509 2783 4562 δ’
2807 4507 2948 4579 αὕτη
2984 4507 3137 4570 πόλις
3165 4507 3459 4577 ἐπιφανὴς,
3489 4506 3550 4558 ὲν
3573 4505 3692 4567 τοῖς

431 4614 554 4654 item
591 4599 846 4666 adduxit,
877 4605 1030 4658 omni
1060 4619 1264 4675 genere
1297 4607 1597 4676 impietatis
1638 4623 1867 4682 semper,
1891 4609 2006 4664 σιο-

431 4706 563 4756 rus,
615 4693 840 4747 nomine
902 4695 1130 4764 Magnus
1169 4714 1184 4753 :
1227 4715 1350 4753 nam
1408 4701 1615 4755 Juliani
1668 4702 2010 4771 temporibus

429 4785 716 4839 ecclesiam
752 4785 956 4858 Beryti,
988 4805 1110 4860 qua:
1148 4791 1442 4847 Phoenicia:
1476 4793 1706 4864 insignis
1735 4794 1866 4850 urbs
1897 4803 2007 4858 est,

434 4879 715 4944 incendit,
775 4897 939 4954 quam
1000 4885 1104 4939 sub
1151 4885 1444 4940 .loviniano
1501 4887 1674 4941 beata:
1727 4886 2012 4945 memoriae

2115 4608 2207 4660 ἐπὶ
2239 4604 2335 4659 τοῦ
2361 4604 2458 4675 τῆς
2494 4601 2771 4674 μακαρίας
2813 4601 3034 4672 μνήμης
3065 4600 3329 4654 Ἰοϐιανοῦ
3374 4598 3590 4669 χρόνοις
3631 4598 3692 4661 ἐξ

2114 4697 2335 4752 οἰκείων
2376 4696 2686 4768 ἀνορθῶσαι
2742 4693 2949 4766 ταύτην
3000 4691 3454 4765 κατηναγκάσθη,
3507 4689 3693 4754 ὀλίγον

2117 4795 2213 4847 καὶ
2242 4792 2343 4864 τὴν
2393 4791 2635 4863 κεφαλὴν
2671 4788 2925 4863 τμηθεὶς,
2960 4793 3011 4844 εἰ
3061 4790 3138 4860 μὴ
3168 4787 3579 4857 φιλανθρωπίας
3628 4784 3693 4836 ἐκ

2117 4888 2319 4959 πολλῆς
2357 4887 2702 4958 περιδρομῆς
2734 4885 2893 4955 ἔτυχε
2926 4883 3235 4954 βασιλικῆς.

436 4977 684 5048 principe
711 4980 994 5049 impendio
1029 4981 1146 5051 ipse
1179 4997 1279 5037 suo
1313 4983 1609 5038 restituere
1658 4993 1745 5040 est
1809 4994 2067 5051 coactus;
2109 4984 2293 5056 capite
2350 4987 2516 5041 etiam
2560 4999 2729 5055 prope
2767 4981 2985 5053 plexus,
3018 4979 3120 5035 nisi
3165 4976 3352 5033 multis
3384 4977 3691 5047 deprecan-

434 5071 581 5126 tibus
612 5071 913 5141 imperator
941 5073 1378 5134 humanissimus
1408 5078 1456 5131 ei
1491 5079 1851 5148 pepercisset.

513 5187 531 5219 ι
567 5168 843 5224 Convenit
887 5186 1020 5241 ergo
1063 5187 1129 5228 ex
1177 5173 1283 5229 isto
1334 5182 1575 5228 vestrum
1625 5175 1846 5244 pietatis
1895 5185 2015 5232 stu-

433 5264 608 5327 tiilllll,
641 5265 788 5333 quod
823 5265 887 5320 ad
919 5268 1218 5325 vindictam
1251 5269 1522 5324 factorum
1557 5271 1783 5326 excitari
1816 5271 2006 5337 velim,

432 5359 772 5418 existimare.
805 5361 988 5429 qualia
1032 5373 1088 5417 et
1127 5373 1329 5431 quanta
1364 5363 1416 5417 in
1441 5363 1648 5418 Christi
1682 5363 2007 5429 Ecclesiam,

429 5467 497 5507 eo
532 5453 653 5517 ipso
697 5468 861 5522 quem
906 5454 1151 5509 diximus
1194 5467 1426 5526 tyranno
1459 5457 1622 5513 nobis
1659 5459 2008 5525 imminente,

428 5546 724 5600 (ontmissa
775 5546 887 5601 sint
930 5547 1154 5618 ﬂagitia.
1215 5550 1560 5619 Simulatque
1607 5553 1778 5612 enim,
1835 5551 1930 5621 qui
1979 5568 2008 5605 a

425 5640 635 5708 pietate
681 5650 864 5693 vestra
911 5649 967 5694 et
1007 5653 1157 5696 recte
1204 5644 1409 5713 ubique
1447 5643 1815 5699 sentientibus
1851 5646 2012 5700 Chri-

414 5731 625 5789 stianis
654 5743 823 5803 atque
858 5736 1134 5806 episeopis
1184 5739 1384 5806 smpitts
1418 5747 1501 5790 est
1548 5741 1863 5802 damnatus,
1896 5738 2008 5794 Lu-

415 5825 547 5893 cius
581 5823 635 5880 iu
670 5826 866 5886 urbem
907 5828 1074 5896 iustis
1119 5830 1186 5886 de
1216 5830 1413 5903 causis
1448 5831 1555 5889 sibi
1589 5831 1842 5889 infestam
1883 5847 2009 5901 per-

2194 5193 2212 5226 ι
2257 5170 2712 5237 Ἀναλογίσασθαι
2738 5166 2920 5220 τοίνυν
2957 5166 3021 5217 ἐκ
3062 5163 3256 5216 τούτου
3304 5163 3396 5216 τὸν
3426 5163 3694 5231 ὑμέτερον

2116 5267 2276 5336 ζῆλον
2317 5264 2607 5334 προσήκει,
2645 5261 2704 5314 ὃν
2757 5259 3100 5331 διεγερθῆναι
3146 5257 3281 5328 πρὸς
3311 5255 3555 5310 ἐκδικίαν
3585 5257 3693 5308 τῶν

2117 5360 2426 5428 γενομένων
2456 5355 2791 5426 παρακαλῶ,
2832 5347 2919 5405 υἷα
2946 5353 3037 5403 καὶ
3067 5350 3232 5420 ἡλίκα
3267 5351 3334 5404 τὰ
3373 5351 3693 5420 πλημμελησ

2115 5455 2277 5509 θέντα
2306 5450 2447 5504 κατὰ
2481 5449 2580 5516 τῆς
2634 5446 2873 5516 Χριστοῦ
2921 5443 3267 5508 Ἑκκλησέις,
3320 5441 3567 5494 τοιούτου
3597 5459 3693 5494 τυ-

2119 5550 2315 5619 ράννου
2353 5545 2446 5598 τοῦ
2482 5544 2886 5614 προειρημένου
2918 5537 3041 5592 καθ’
3073 5537 3233 5608 ⁴ἡμῶν
3263 5539 3690 5598 ἐπαναστάντος.

2117 5645 2273 5710 Ἅμα
2303 5643 2410 5711 γὰρ
2445 5643 2474 5694 ὁ
2507 5641 2656 5708 παρὰ
2683 5639 2782 5704 τῆς
2815 5636 3085 5705 ὑμετέρας
3115 5630 3426 5694 θεοσεϐείας
3462 5631 3556 5682 καὶ
3583 5630 3690 5682 τῶν

2115 5735 2432 5804 ἅπανταχοῦ
2469 5735 2767 5806 ὀρθοδὸξων
2795 5733 2892 5785 καὶ
2925 5732 3033 5783 τῶν
3081 5727 3398 5781 ἐπισκόπων
3429 5725 3690 5785 πολλάκις

2115 5829 2519 5898 ἁπαγορευθεὶς
2546 5828 2795 5892 Λούκιος,
2823 5829 2920 5891 τῆς
2951 5829 3085 5891 πρὸς
3111 5821 3272 5877 αὐτὸν
3299 5817 3550 5886 ἀπεχθῶς
3569 5817 3688 5872 δια·
