4050 6244
426 382 525 447 681

1347 381 1957 447 ECCLESIASTICB
1995 378 2388 444 HISTORIB
2423 380 2575 444 LlB.
2615 381 2728 445 Χῐ.

3589 374 3698 437 662

432 504 708 570 rapi-1|;
739 494 828 549 ἐπ’
863 480 1109 566 εύλόγοις
1137 497 1258 561 ταῖς
1297 495 1643 566 προφάσεσιν
1671 495 1880 566 ιπέστη
1915 497 2015 551 πόα

2128 495 2297 552 venit.
2332 495 2453 550 Non
2484 495 2632 550 enim
2663 496 2954 561 solum,,ut
2986 490 3209 548 infamis
3234 488 3325 547 ille
3364 485 3420 541 in
3462 484 3699 542 Psalmis

646 594 710 647 ού
742 593 852 664 γάρ
872 591 951 663 (l)
985 592 1170 663 μόνον,
1197 590 1274 655 ὡς
1304 592 1334 645 6
1362 590 1656 663 δύσφημος
1690 592 1751 647 ἀν
1766 591 2020 663 Ψαλμοῖς

430 690 620 759 ἄφρων
652 687 825 756 λέγει,
885 687 1001 740 Ούκ
1034 685 1152 741 ἔστι
1184 685 1318 751 Θεὸς
1364 686 1624 757 ἀληθινδς
1672 688 1702 741 6
1740 687 1981 758 Χριστος
2002 723 2021 752 ,

433 780 569 832 ἀλλὰ
602 779 832 843 καὶτοῖς
866 778 1271 850 ἐπιτηδεύμασι
1293 778 1560 852 διεφθάρη
1575 796 1591 811 ·
1612 777 1708 833 καὶ
1724 778 2022 850 διέφθειρε,

436 871 639 941 χαίρων
660 871 752 925 ἐπὶ
777 872 896 934 τατς
913 870 1290 942 βλασφημίαις
1315 874 1437 936 ταῖς
1474 871 1618 926 κατὰ
1650 871 1745 927 τοῦ
1768 871 2024 943 Σωτῆρος

430 613 557 658 tam;
577 609 592 623 ⁶

432 964 823 1034 πεμπομέναις
866 966 1021 1037 παρά
1036 965 1147 1019 τῶν
1165 968 1234 1038 τῇ
1260 967 1439 1021 κτίσει
1460 964 1837 1037 λατρευόντων
1868 967 2022 1038 πσρά

429 1060 521 1113 τὸν
547 1061 813 1114 κτίσαντα
834 1076 850 1092 ’
882 1057 1000 1125 πῶς
1032 1060 1142 1132 γάρ
1169 1060 1313 1130 οὐχὶ,
1356 1058 1493 1113 ὅπου
1543 1077 1610 1129 γε
1636 1058 2022 1130 παραπλήσιον

433 1151 699 1223 ’Ἓλλησιν
727 1151 870 1223 ἔχων
902 1153 964 1206 τὸ
994 1155 1274 1224 φρόνημα,
1300 1152 1604 1225 προσφάτῳ
1634 1153 1814 1227 τολμᾷ
1851 1155 1881 1207 6
1901 1152 2021 1208 ἁλι-

432 1246 624 1317 τήριος
674 1247 862 1301 σέϐειν
901 1246 1055 1319 Θεῷς
1100 1246 1219 1301 Ἐπ’
1246 1246 1407 1317 δψεσι
1442 1249 1555 1319 γὰρ
1594 1245 1763 1302 αὐτοῦ
1793 1246 2023 1310 τούτους

432 1342 561 1405 τοὺς
611 1339 867 1405 δπαίνους
905 1340 1191 1412 ἔπεμπονο
1236 1341 1433 1406 Καλῶς
1480 1338 1670 1413 ἦλθες,
1718 1343 2021 1409 ἀπίσκοπε,

433 1433 561 1490 Υξδν
590 1435 666 1505 μὴ
702 1437 897 1504 λέγων.
945 1437 1006 1491 '0
1039 1436 1285 1503 Σαράπις
1313 1451 1373 1490 σε
1403 1437 1576 1507 φιλῶν
1606 1438 1915 1506 εἰσήνεγκε,
1962 1437 2024 1492 τδ

434 1532 668 1602 πάτριον
712 1530 931 1584 είδωλον
986 1529 1201 1585 ἑαυτῶν
1245 1528 1627 1601 ὀνομάζοντες.
1660 1530 1871 1583 Δύτίκα
1913 1529 2024 1601 γάρ

436 1624 613 1692 ῥοπῆς
624 1622 744 1678 ούεε
754 1625 881 1691 μιᾶς
900 1622 1301 1695 παρελθούσης,
1317 1625 1348 1679 6
1366 1624 1761 1694 προειρημένος
1774 1624 2021 1692 Μάγνος,

433 1720 463 1770 ὁ
487 1717 586 1788 τῆς
609 1716 869 1780 ἀσεϐείας
901 1715 1056 1787 αὐτῷ
1082 1716 1341 1780 κοινωνὸς
1371 1716 1707 1788 ἀδιαίρετος,
1747 1718 1842 1771 καὶ
1869 1717 2027 1787 δορυ-

434 1812 598 1879 φόρος
628 1804 827 1878 πικρὸς
864 1812 957 1865 καὶ
995 1810 1289 1881 σατράπης
1316 1809 1626 1881 ὠμότατος,
1660 1808 2025 1880 συναθροίσας

441 1902 621 1957 καὶτὰ
637 1902 745 1956 ύπδ
765 1903 868 1973 τὴν
896 1902 1094 1957 ἑαυτοῦ
1120 1901 1380 1973 φροντίδα
1396 1903 1803 1974 ὲπανακείμενα
1818 1901 2026 1972 πλήθη.

438 1994 847 2062 πρεσΰυτερους
895 1996 991 2048 καὶ
1041 1994 1321 2057 διακόνους
1364 1993 1456 2047 τὸν
1476 1993 1713 2066 ἀριθμὸν
1741 1994 2027 2049 ἐννεακαί-

433 2081 567 2135 δῖκα
608 2081 1015 2152 συλλαϐόμενος
1044 2123 1058 2142 .
1088 2074 1164 2137 ὧν
1193 2099 1341 2148 τινες
1369 2084 1430 2137 τὸ
1464 2083 1824 2156 ὀγδοηκοστὸν
1857 2086 2028 2157 ὑπερ-

436 2172 740 2244 δεδήκασιν
794 2174 965 2244 ἐτος,,
990 2173 1067 2237 ὥς
1113 2174 1345 2240 ἁλόντας
1378 2175 1472 2231 ἐπὶ
1510 2177 1747 2250 μυσαρῷ
1780 2196 1884 2233 τινι
1931 2180 2029 2235 καὶ

439 2265 587 2333 νόμῳ
655 2263 949 2334 Ῥωμαῖων
1000 2266 1202 2338 ἔχθρῷ.
1256 2266 1516 2339 δημόσιον
1578 2271 1771 2339 ὁρίσας
1831 2274 2028 2342 κριτή-

440 2373 557 2427 ριον
584 2359 1003 2431 κατηνάγκαζεν
1029 2359 1154 2429 (οὐκ
1178 2360 1335 2426 είδὼς
1361 2363 1490 2426 τοὺς
1511 2363 1655 2437 ὑπὲρ
1682 2365 1784 2435 τῆς
1822 2366 2027 2435 ἀρετῆς

438 2445 787 2516 Χριστιανῶν
816 2449 1041 2521 νόμους)
1064 2450 1165 2521 τὴν
1191 2452 1451 2524 πατρῴαν
1478 2455 1630 2526 παρὰ
1653 2454 1761 2509 τῶν
1789 2457 2026 2511 ἀποστό-

446 2540 555 2592 iam
590 2541 680 2594 διὰ
709 2543 817 2596 τῶν
854 2543 1115 2614 ΙΙατέρων
1144 2544 1511 2601 ἀποδοθεῖσαν
1543 2549 1677 2619 ἡμῖν
1708 2551 2025 2619 προδιδόναι

440 2630 625 2686 πίστιν
645 2646 661 2664 ·
699 2634 963 2704 ἡδόμενον
992 2635 1087 2689 ἐπὶ
1116 2635 1294 2708 τούτῳ
1328 2639 1422 2691 καὶ
1443 2640 1535 2692 τδν
1565 2641 2027 2712 φιλανθρωπότα-

439 2739 533 2775 τον
556 2721 869 2793 Αὔγουστον
889 2728 1170 2783 Οὐάλεντα
1204 2731 1678 2802 διισχυριζόμενος
1696 2751 1708 2764 ’
1732 2735 2027 2806 Πείσθητε,

437 2815 690 2884 τάλανες,
721 2820 900 2889 λέγων
933 2821 1151 2895 μεγάλῃ
1179 2825 1244 2893 τῇ
1275 2826 1455 2894 φωνῇ,
1480 2823 1562 2894 τῷ
1592 2826 1702 2879 τῶν
1728 2825 2028 2897 ’Δρειανῶν

440 2918 775 2984 φρονήματι,
814 2914 1111 2986 πείσθητν
1152 2919 1609 2989 συγγνωμονήσει
1641 2920 1754 2991 γὰρ
1806 2923 1936 2993 ύμῖν
1967 2923 2027 2977 τὸ

438 3003 615 3072 θετον,
648 3005 755 3060 κᾶν
781 3006 957 3080 ἀληθῆ
980 3007 1174 3078 σέσητε
1205 3008 1529 3080 θρησκείαν,
1560 3013 1659 3066 οὐκ
1686 3013 2028 3087 αὐθαιρέτως

440 3097 578 3152 ἀ).ὶά
629 3099 770 3168 πρὸς
822 3102 1073 3172 ἀνάγκην
1116 3101 1275 3156 τοῦτο
1325 3101 1586 3174 πράξασι.
1640 3106 1718 3177 Τῇ
1779 3108 1878 3176 μὲν
1918 3110 2026 3181 γάρ

440 3189 654 3263 ἀνάγκη
707 3192 975 3261 ἀπολογία
1025 3191 1444 3265 περιλείπεταιο
1474 3196 1553 3267 τῷ
1607 3196 1665 3251 δὲ
1712 3198 2094 3272 αὐθαιρέτῳσ

439 3284 731 3338 ἀκολουθεῖ
775 3285 1081 3356 κατηγορία
1105 3302 1121 3317 ⁸
1162 3285 1242 3340 διὸ
1273 3285 1547 3351 τοιούτους
1579 3290 1877 3362 λογισμοὺς
1914 3294 2023 3365 πρὸ

436 3376 733 3448 ὀφθαλμῶν
790 3378 1089 3448 τιθέμενοι,
1147 3380 1316 3451 ἣκετε
1372 3382 1649 3452 πρόθυμοι
1712 3385 2024 3457 μελλησμδν

436 3471 772 3542 ἀποθέμενοι
787 3472 990 3536 πάντα,
1010 3473 1320 3546 τῷἎρείου
1342 3476 1752 3549 ὑπογράφοντες
1767 3480 2020 3550 δόγματι,

437 3559 471 3614 δ
504 3561 599 3614 νῦν
627 3561 889 3635 κηρύττει
916 3562 1180 3633 ὀνομαστί
1208 3564 1438 3625 Λούκιος
1471 3565 1649 3635 λέγων
1677 3582 1691 3599 ο
1724 3566 1784 3623 εὖ
1818 3570 2023 3636 ειδότες

436 3653 515 3718 ὥς
562 3656 1035 3728 πειθαρχοῦντες,
1067 3658 1330 3728 χρήματα
1362 3660 1457 3712 καὶ
1485 3658 1688 3730 πόρους
1720 3661 1817 3715 καὶ
1853 3664 2025 3732 γίρας

440 3748 593 3819 παρά
624 3747 889 3819 βασιλέως
909 3748 1082 3815 [Eur
1106 3750 1533 3823 ἀπαναινόμενοι
1561 3751 1641 3816 δὲ,
1667 3752 1901 3825 εἱρκτῆς
1929 3757 2025 3809 καὶ

442 3843 757 3915 στρεϐλῶν,
796 3847 889 3898 καὶ
924 3843 1197 3915 βασάνων,
1246 3852 1342 3899 καὶ
1390 3847 1697 3916 μαστίγων,
1726 3850 1824 3903 καὶ
1852 3848 2027 3921 δαμαο

441 3938 683 4009 στηρίων
712 3941 912 4008 πεῖραν
938 3936 1181 4010 λήψεσθε
1202 3955 1220 3970 ο
1253 3942 1558 4009 χρημάτων
1598 3939 1738 4011 όμοῦ
1759 3942 1856 3995 καὶ
1887 3959 2026 4014 κτη-

441 4032 637 4100 μάτων.
651 4031 1024 4102 στερηθέντες,
1044 4034 1139 4087 καὶ
1160 4032 1262 4102 τῆς
1280 4032 1540 4104 πατρίδος
1563 4035 2025 4103 μεταναστάντες,

440 4126 518 4186 εἰς
545 4122 816 4194 χαλεποὺς
854 4122 1076 4192 οἰκῆσαι
1113 4121 1313 4188 τόπους
1339 4124 1845 4197 κατακριθήσεσθε.
1882 4124 2026 4182 ’Δλλ’

438 4210 595 4281 οὗτος
628 4219 727 4289 μὲν
757 4219 783 4269 6
814 4219 1085 4284 γενναῖος,
1118 4215 1310 4290 ἀγάπῃ
1350 4216 1449 4289 τὴν
1480 4216 1716 4287 ἀπειλὴν
1744 4221 2024 4291 κεράσας,

441 4310 859 4378 μεταναστῆααι
902 4310 1001 4378 τῆς
1031 4307 1293 4370 εὐσεϐοῦς
1332 4307 1463 4372 τοὺς
1501 4310 1709 4375 πάντας
1741 4311 1833 4365 καί
1860 4314 2032 4383 πρού-

438 4404 669 4472 τρέπετο
692 4404 788 4456 καὶ
815 4401 1210 4470 κατηνάγκαζε
1247 4400 1478 4473 γνώμης
1499 4419 1513 4432 ο
1544 4402 1596 4455 oi
1615 4401 1671 4455 δὲ
1703 4404 2029 4475 πικρότερον

342 4507 351 4513 ’
440 4495 679 4567 βασάνου
710 4495 907 4560 τιάαης
929 4497 1028 4564 τὴν
1057 4497 1135 4559 είς
1169 4493 1461 4548 εὐσέϐειαν
1484 4495 1783 4564 προδοσὲαν
1813 4499 2027 4569 ἡγησά-

366 4618 369 4619 ν
442 4605 595 4655 μενοι
631 4587 769 4657 (ἔχει
804 4589 916 4657 γὰρ
942 4585 1135 4653 οὕτω),
1173 4585 1404 4640 τοιοῖσδε
1430 4586 1568 4657 πρὸς
1590 4585 1756 4639 αὐτὸν
1783 4591 2027 4656 ἁναγκα-
2059 4576 2101 4628 Ῑ)

438 4680 662 4747 ζῦμενοι
688 4681 1017 4751 ἀπήντησαν
1038 4681 1303 4751 ῥήμασιν,
1335 4678 1504 4749 ἀρετῇ
1526 4680 1624 4734 καὶ
1644 4681 1879 4751 γενναίῳ
1900 4699 2030 4754 φρο-

438 4772 643 4839 νήματι
669 4770 807 4839 ὁμοῦ
837 4772 937 4843 τὴν
965 4772 1183 4841 ἀπάτην
1222 4774 1315 4824 καὶ
1338 4772 1439 4834 τάς
1470 4771 1699 4834 ἀπειλὰς
1726 4774 2029 4838 ύποτάξανυ

436 4876 567 4924 τ;ς·
601 4860 859 4914 Πέπαυσο
907 4859 1119 4924 λοιπὸν,
1176 4860 1427 4912 πέπαυσο
1474 4860 1683 4923 τούτοις
1730 4862 1876 4932 ἡμᾶς
1940 4865 2030 4915 ἐκ·

441 4950 625 5019 φοϐῶν
652 4953 765 5012 τοῖς
787 4951 1057 5022 ῥήμασιν·
1089 4948 1251 5018 ἔπεχε
1282 4951 1466 5003 εἰκαῖα
1497 4951 1796 5019 προφέρειν
1824 4953 2030 5020 ἐπιλει-

443 5049 689 5117 ρήματα.
734 5046 926 5116 Ἡμεῖς
966 5045 1077 5115 γὰρ
1120 5042 1245 5096 οὔτε
1292 5042 1494 5109 νέηλυν
1543 5042 1668 5097 οὔτε
1711 5043 2031 5114 πρόσφατον

442 5143 692 5203 agam-cc;
728 5139 884 5205 Θεὸν,
928 5137 1033 5191 κᾶν
1083 5137 1395 5208 ἐπαφρίζῃς
1455 5137 1741 5207 κυμαίνων
1780 5138 1905 5205 εξκῆ
1936 5139 2032 5193 καὶ

441 5235 800 5307 προσρήτσῃς
847 5231 924 5295 ὡς
950 5230 1128 5301 βίαιος
1158 5229 1383 5299 ἄνεμος,
1424 5230 1520 5297 τῆς
1563 5229 1845 5291 εύαεδείας
1901 5231 2029 5300 ἄχρι

441 5329 676 5382 θανάτου
721 5324 1194 5397 ἔμπολιτευόμεθα
1225 5324 1492 5393 δόγμασιν
1522 5340 1536 5353 ·
1570 5322 1675 5375 οὐκ
1707 5322 1985 5391 ἁδόναμον
2007 5364 2023 5389 ,

442 5425 544 5475 οὑκ
574 5425 798 5489 ἄσοφον,
823 5421 887 5473 οὺ
917 5419 1089 5490 χωρὶς
1110 5417 1373 5489 ἀληθείας
1404 5415 1625 5469 πώποτε
1652 5417 2025 5485 φρονήιντες

436 5519 571 5572 θεὸν
597 5535 609 5548 ’
653 5518 716 5570 οὗ
768 5515 896 5568 ποτε
931 5516 1031 5585 μὲν
1081 5513 1213 5567 ὅντα
1246 5513 1487 5584 Πατέρα,
1518 5513 1645 5565 ποτὲ
1673 5512 1729 5565 δὲ
1767 5512 1842 5582 μὴ
1872 5512 2022 5577 ὄντα,

442 5607 586 5660 κατὰ
605 5609 698 5659 τὸν
725 5604 963 5674 δυσσεῶτι
985 5602 1177 5657 τοῦτον
1197 5602 1385 5672 Ἀρεια
1402 5604 1495 5665 ,ὸ-δ,
1524 5600 1777 5671 χρονικόν
1800 5602 1834 5671 ἢ
1857 5602 2026 5670 πρόσ-

442 5716 636 5768 καιρον
694 5696 1013 5761 δοξαζοντες
1064 5694 1157 5748 τὸν
1192 5694 1340 5749 Υίόν.
1373 5694 1434 5746 Ei
1464 5694 1573 5764 γὰρ
1622 5692 1830 5764 κτίσμα
1880 5693 2026 5747 κατὰ

438 5796 567 5855 τοὺς
625 5790 1077 5863 Αρειομανίταςό
1114 5788 1265 5853 Υίδς,
1302 5787 1402 5858 οὐχ
1432 5788 1697 5860 ὑπάρχων
1726 5786 1900 5857 Πατρὶ
1944 5786 2024 5851 είς

436 5891 500 5941 τὸ
550 5879 686 5941 εἶναι
727 5886 1097 5949 συστήσεται,
1129 5882 1223 5939 καὶ
1258 5882 1289 5936 6
1343 5880 1532 5954 Πατὴρ
1564 5880 1665 5953 οὐχ
1712 5880 2025 5951 ὑφεστῶτος

2123 587 2418 659 insipiens,
2448 589 2585 645 dicit
2612 609 2627 645 :
2656 590 2775 645 Non
2806 598 2893 645 est
2924 587 3071 643 Deus
3104 601 3268 642 verus
3296 582 3574 645 Christus,
3603 580 3699 635 sed

2123 682 2292 736 etiam
2333 683 2535 739 studiis
2578 684 2696 739 suis
2734 694 2791 739 et
2827 683 2943 754 ipse
2988 689 3285 750 corruptus
3326 688 3432 745 est,
3464 684 3520 731 et
3567 673 3705 727 alios

2124 772 2411 843 corrupit;
2466 772 2823 844 blasphemiis
2855 788 2978 843 qua:
3029 772 3087 827 in
3133 770 3486 827 Servatorem
3519 765 3589 819 ab
3622 762 3705 818 eis

2124 864 2511 931 edunduntur,
2571 868 2666 937 qui
2728 880 3043 923 creaturam
3111 864 3394 936 praeterito
3443 859 3704 915 Creatore

2123 959 2337 1023 colunt,
2369 959 2640 1030 gaudens.
2675 958 2878 1026 Quidni
2928 968 3115 1013 autem
3163 956 3268 1011 hoc
3308 954 3537 1014 faceret.
3577 968 3740 1007 cum-

2125 1050 2477 1105 consitnilem
2512 1066 2638 1105 cum
2669 1050 2876 1106 Graecis
2913 1049 3172 1105 obtinens
3212 1061 3463 1109 sensum,
3494 1044 3704 1100 cultum

2125 1139 2331 1195 audeat
2381 1140 2649 1196 exhibere
2701 1156 2898 1197 recens
2943 1139 3295 1211 promulgato
3340 1137 3486 1204 Deo,
3539 1138 3707 1192 homo

2126 1232 2666 1302 pestilentissimus?
2698 1233 2835 1288 Nam
2867 1235 2921 1289 in
2954 1235 3130 1304 ipsius
3156 1240 3457 1304 conspectu
3490 1230 3707 1302 eiusce-

2124 1326 2276 1380 modi
2321 1324 2629 1382 decantata:
2656 1336 2787 1382 sunt
2815 1327 3007 1382 laudes
3039 1342 3056 1381 :
3089 1324 3251 1396 159
3281 1325 3579 1393 Auspicato
3606 1322 3707 1376 ad-

2126 1417 2354 1484 venisti,
2387 1420 2670 1490 episcope.
2698 1420 2793 1490 qui
2818 1419 3013 1474 Filium
3035 1434 3144 1473 non
3172 1419 3347 1474 dicas.
3376 1415 3603 1486 Serapis
3630 1424 3705 1480 te,

2126 1510 2218 1565 cui
2266 1510 2470 1566 charus
2522 1527 2605 1576 es,
2641 1511 2877 1567 adduxit
2913 1529 2927 1565 :
2964 1512 3147 1583 patrio
3192 1515 3272 1566 sic
3317 1525 3512 1564 eorum
3561 1508 3709 1564 idolo

2128 1603 2439 1659 nominato.
2470 1602 2774 1661 Confestim
2810 1615 3094 1660 momento
3128 1604 3279 1659 nullo
3312 1602 3707 1675 pratermisso,

2126 1695 2176 1752 is
2201 1711 2366 1768 quem
2400 1696 2645 1754 diximus
2676 1698 2927 1769 Magnus,
2960 1698 3453 1770 coniunctissimus
3489 1697 3568 1752 illi
3602 1698 3707 1752 im-

2125 1787 2353 1859 pietatis
2407 1790 2632 1857 socius,
2679 1804 2737 1846 et
2782 1790 3005 1847 satelles
3053 1791 3485 1855 acerbissimus,
3537 1799 3712 1846 satra-

2130 1897 2341 1954 pesque
2372 1884 2820 1950 crudelissimus,
2852 1886 3105 1943 collectis
3136 1901 3258 1957 quae
3293 1886 3397 1942 sub
3428 1886 3550 1958 ejus
3577 1898 3709 1941 cura

2130 1984 2263 2031 sunt
2308 1976 2661 2043 cohortibus,
2700 1976 3057 2050 presbyteros
3103 1988 3160 2035 et
3206 1978 3473 2034 diaconos
3514 1978 3708 2031 decem

2128 2076 2185 2121 et
2230 2082 2429 2123 novem
2479 2071 2929 2140 comprehendit,
2969 2086 3204 2140 quorutn
3255 2069 3506 2124 nonnulli
3555 2078 3712 2124 octo-

2128 2159 2403 2230 gesimum
2442 2175 2736 2218 excessere
2773 2178 3009 2217 annum.
3059 2163 3240 2234 Atque
3276 2176 3373 2217 eos
3409 2176 3519 2215 non
3550 2160 3713 2213 aliter

2129 2262 2294 2321 atque
2326 2252 2379 2306 in
2409 2252 2781 2309 abominatqu
2822 2254 3081 2325 quopiam
3112 2265 3169 2309 et
3197 2252 3413 2324 legibus
3446 2251 3715 2308 Romanis

2131 2346 2370 2401 adverso
2413 2345 2628 2402 scelere
2670 2355 2890 2416 captos,
2933 2347 3155 2417 publico
3196 2347 3449 2402 instituto
3475 2345 3711 2419 judicio,

2128 2451 2329 2508 cogere
2356 2437 2821 2509 (Christianorum
2868 2440 3093 2495 \irlutis
3128 2441 3274 2511 leges
3311 2440 3616 2511 ignorans),
3654 2447 3715 2493 ut

2128 2531 2363 2601 patriam
2414 2533 2484 2588 ab
2525 2533 2794 2604 apostolis
2835 2549 2936 2604 per
2979 2534 3205 2589 Patrum
3250 2534 3579 2589 traditiones
3624 2548 3715 2587 ac-

2128 2633 2348 2697 ceptam
2401 2626 2565 2682 ﬁdem
2616 2631 2937 2697 proderent,
2978 2638 3214 2683 conatus
3253 2635 3360 2683 est.
3419 2628 3605 2697 anue
3654 2643 3714 2680 re

2129 2720 2463 2776 delectatum
2500 2719 2569 2780 iri
2600 2721 3063 2777 humanissimum
3092 2722 3376 2779 Valentem
3405 2723 3711 2793 Augustum

2128 2813 2483 2869 eonfirtuavit
2531 2832 2547 2870 :
2593 2804 2936 2884 Sequimini,
2982 2833 3016 2869 ιι
3068 2816 3291 2881 miseri,
3340 2831 3532 2887 magna
3582 2830 3715 2870 voce

2128 2906 2345 2971 dicens,
2385 2910 2720 2965 Arianorum
2774 2911 3151 2969 sententiam:
3200 2910 3521 2980 sequimini,
3558 2920 3613 2965 et
3659 2908 3714 2965 id

2130 3001 2456 3073 persuaderi
2505 3002 2664 3059 vobis
2719 3003 3000 3074 patimini.
3051 3003 3304 3074 Ignoscet
3356 3004 3505 3059 enim
3554 3002 3717 3060 vobis

2130 3096 2298 3161 Deus,
2332 3095 2553 3151 etiamsi
2606 3110 2790 3150 veram
2844 3096 3030 3152 colitis
3080 3097 3429 3167 religionem,
3466 3097 3559 3166 qui
3599 3112 3715 3150 nott

2127 3187 2365 3243 arbitrio
2395 3187 2450 3243 id
2484 3198 2690 3254 vestro,
2719 3186 2818 3243 sed
2850 3188 3183 3245 necessitate
3214 3189 3439 3244 adducti
3476 3188 3712 3245 faciatis.

2124 3281 2454 3339 Necessitati
2505 3298 2746 3353 namque
2777 3298 2875 3337 sua
2915 3282 3127 3353 reliqua
3163 3291 3249 3339 est
3281 3283 3533 3338 defensio
3566 3301 3579 3338 :
3618 3297 3715 3337 vo-

2124 3375 2338 3431 luntate
2378 3386 2565 3431 autem
2606 3392 2703 3433 sua
2746 3374 3004 3430 consulto
3054 3377 3358 3447 quidquam
3410 3377 3706 3431 facientem

2124 3470 2339 3523 crimen
2378 3478 2439 3525 et
2484 3470 2765 3524 accusatio
2804 3472 3188 3541 consequitur.
3234 3470 3581 3541 Quapropter
3620 3487 3707 3525 ra-

2126 3560 2305 3618 tiones
2318 3562 2587 3635 ejusmodi
2604 3563 2677 3618 ob
2692 3563 2882 3618 oculos
2898 3561 3053 3617 vobis
3074 3573 3362 3633 ponentes,
3385 3564 3531 3617 nulla
3553 3578 3709 3619 mora

2126 3654 2475 3726 interposita,
2504 3655 2801 3727 propensis
2830 3656 3031 3711 animis
3062 3656 3129 3711 ad
3162 3665 3349 3727 partes
3385 3655 3550 3712 hasce
3580 3672 3713 3712 eon-

2126 3753 2326 3819 cedite,
2358 3762 2415 3808 et
2448 3754 2654 3809 Ariano
2687 3752 2929 3825 dogmati
2966 3754 3325 3819 subscribite,
3368 3756 3517 3825 quod
3562 3770 3713 3809 nunc

2129 3846 2463 3901 nominatim
2497 3845 2706 3902 Lucius
2740 3845 3003 3916 praedicat
3036 3863 3050 3900 :
3085 3846 3220 3901 illttd
3254 3861 3576 3916 persuasum
3609 3846 3713 3900 ha-

2129 3938 2347 4006 bentes,
2377 3941 2423 3995 si
2460 3939 2611 3996 dicto
2646 3942 2915 4011 principis
2950 3941 3244 3996 audientes
3271 3939 3509 4001 fueritis.
3546 3956 3712 4008 peru-

2130 4032 2275 4091 nias.
2305 4048 2439 4104 opes
2469 4043 2524 4087 et
2560 4032 2800 4088 honores
2836 4033 3149 4103 accipietis;
3189 4036 3273 4087 sin
3329 4046 3520 4088 contra
3562 4038 3707 4088 nite-

2129 4123 2305 4189 mini,
2354 4138 2667 4189 carcerem,
2724 4123 3006 4187 fidiculas,
3053 4133 3363 4190 tormenta,
3412 4123 3612 4194 ﬂagra,
3655 4134 3711 4179 et

2127 4216 2479 4271 coercionetn
2515 4216 2917 4287 experiemini;
2964 4223 3021 4270 et
3065 4233 3193 4272 cum
3242 4218 3497 4288 pecuniis
3543 4219 3707 4273 simul

2128 4319 2179 4362 et
2238 4307 2684 4377 possessionibus
2733 4310 2976 4372 multati.
3023 4319 3136 4365 tum
3186 4311 3362 4380 patria
3413 4311 3599 4381 ejeeli,
3641 4312 3708 4366 ad

2131 4399 2248 4454 loca
2300 4401 2438 4455 dura
2493 4408 2550 4455 et
2599 4402 2787 4471 gravia
2843 4401 3135 4457 incolenda
3184 4403 3711 4461 condcmnabimitti.

2132 4494 2212 4547 ita
2257 4494 2480 4562 quidem
2519 4510 2821 4566 generosus
2856 4495 2927 4564 (si
2978 4497 3090 4552 Deo
3126 4497 3325 4567 placet)
3375 4496 3492 4563 vir,
3532 4497 3713 4553 minas

2133 4588 2405 4643 charitale
2445 4596 2781 4658 temperans,
2812 4589 3201 4644 cohortatione
3238 4590 3404 4644 simul
3439 4599 3495 4645 et
3524 4604 3713 4646 neces-

2133 4682 2313 4746 sitate.
2356 4697 2388 4737 a
2444 4682 2531 4753 pja
2584 4684 2859 4737 sententia
2908 4698 3102 4737 omnes
3151 4684 3424 4740 abducere
3471 4685 3711 4740 volebat.

2132 4777 2203 4831 At
2252 4777 2325 4830 illi
2373 4777 2709 4832 cruciatibus
2761 4778 3020 4832 omnibus
3066 4777 3289 4847 pietatis
3335 4777 3706 4848 proditionem

2134 4870 2483 4927 acerbiorem
2530 4885 2652 4923 esse
2706 4880 2982 4939 putantes,
3025 4879 3084 4924 et
3136 4880 3284 4925 recte
3337 4872 3560 4942 quidem
3608 4873 3712 4941 (sic

2133 4961 2282 5013 enim
2313 4976 2398 5013 res
2430 4959 2643 5024 habet),
2671 4959 3052 5028 bujuscmnodi
3080 4960 3129 5013 ei
3159 4961 3339 5015 verbis
3368 4965 3706 5025 necessario,

2134 5052 2339 5105 virtute
2370 5060 2425 5103 et
2459 5051 2647 5103 animo
2680 5051 2960 5119 praesenti,
2996 5049 3225 5104 insidias
3255 5050 3417 5105 simul
3447 5061 3502 5105 et
3532 5051 3709 5105 minas

2130 5142 2252 5211 ejus
2303 5140 2655 5206 refellentes,
2708 5139 2930 5195 obviam
2987 5141 3103 5197 iere
3141 5158 3156 5196 :
3196 5142 3398 5198 Desine
3448 5143 3703 5209 tandem,

2130 5235 2321 5288 desine
2353 5233 2554 5288 talibus
2586 5248 2686 5289 nos
2718 5240 2929 5288 terrere
2960 5233 3184 5290 verbis:
3231 5234 3534 5290 intcrmitte
3566 5252 3705 5293 vana

2128 5330 2327 5383 afferre
2347 5328 2753 5396 epieheremata
2777 5338 2834 5382 et
2857 5327 3266 5398 aggressiones.
3292 5328 3403 5383 Nos
3430 5330 3703 5400 siquidem

2131 5438 2309 5490 neque
2363 5435 2637 5489 nuperum
2687 5434 2867 5488 neque
2913 5419 3185 5476 novitium
3221 5422 3470 5477 colentes
3508 5422 3705 5489 Deum,

2130 5515 2385 5585 quamvis
2422 5511 2685 5566 fluctibus
2718 5512 2922 5566 frustra
2960 5522 3275 5569 tumescens
3307 5513 3623 5583 despumes,
3651 5526 3709 5571 et

2131 5618 2391 5675 tanquam
2431 5604 2707 5659 violentus
2749 5614 2948 5659 ventus
2985 5605 3296 5667 incumbas,
3335 5606 3495 5677 160
3524 5617 3703 5661 tamen

2128 5700 2194 5754 ad
2254 5708 2486 5752 mortem
2540 5711 2714 5765 usque
2770 5695 2826 5750 in
2876 5712 3019 5751 verae
3072 5697 3296 5766 pietatis
3352 5698 3707 5766 dogmatibus

2131 5789 2560 5862 perdurabimtts
2598 5804 2612 5842 :
2650 5804 2760 5842 non
2810 5788 3137 5854 invalidum,
3180 5804 3287 5842 non
3328 5788 3704 5859 insipientem,

2131 5898 2241 5936 non
2272 5897 2301 5935 a
2334 5879 2565 5935 veritate
2597 5878 2908 5949 seiunctum
2938 5879 3230 5937 credentes
3265 5887 3429 5952 atque
3458 5881 3707 5941 colentes
