4050 6244
580 282 685 352 683

1806 279 2230 343 NlCEl‘IIORI
2270 280 2619 343 CALLiSTI

3720 279 3823 344 684

579 412 874 463 observare
918 404 1194 459 convenit.
1225 402 1382 475 173
1416 401 1732 459 Cavendum
1766 416 1918 463 sane.
1952 416 2022 455 ne
2062 416 2146 470 pct

2261 399 2545 455 θίσταντο·
2588 400 2696 455 ἀπὸ
2744 398 2835 454 οὖν
2874 399 2983 455 τῶν
3020 399 3309 469 διαφόρως
3344 397 3675 464 διδασκαλίας
3706 401 3818 455 διε-

578 514 672 554 eos
702 498 797 567 qui
834 496 1014 551 varias
1042 495 1322 551 doctrinas
1388 493 1904 556 comminiscuntur,
1955 494 2009 546 in
2065 492 2149 546 lu-

578 592 788 646 bricum
843 588 1177 645 seducatnur
1213 602 1314 643 :ac
1346 588 1547 658 potius,
1581 587 2015 657 quotiescunque
2068 584 2147 639 illi

580 683 923 738 variantibus
950 680 1196 736 consiliis
1230 679 1716 743 circumferuntur,
1770 688 1989 747 patrum
2045 692 2149 733 no-

584 786 823 831 strorum
856 791 885 830 a
909 774 1068 831 nobis
1100 774 1390 829 sententia
1424 782 1551 827 sunt
1582 771 1898 828 retinendae.
1928 770 2152 825 Auxen-

577 864 687 920 tius
714 865 934 937 quidem
966 863 1390 919 Mediolanensis
1423 861 1699 932 praecipue
1732 858 1845 914 'bae
1870 858 1939 912 de
1985 870 2150 912 causa

577 957 864 1011 damnatus
893 964 997 1010 est.
1027 952 1266 1025 [Equum
1312 961 1494 1009 autem
1526 961 1627 1017 est,
1675 965 1867 1006 omnes
1915 946 2150 1005 Romani

576 1050 728 1105 orbis
767 1049 1029 1103 doctores
1054 1044 1462 1102 consentientes
1488 1059 1637 1107 esse,
1661 1057 1840 1114 neque
1876 1042 2154 1099 dissiden-

576 1145 725 1198 tibus
754 1144 896 1197 inter
922 1156 983 1196 se
1011 1138 1282 1195 doctrinis
1307 1137 1473 1194 fidem
1496 1138 1873 1195 contaminare
1926 1137 1994 1193 Et
2024 1152 2154 1206 pro-

576 1236 718 1292 fecto
749 1250 871 1290 cum
906 1235 1140 1304 primum
1170 1232 1555 1287 haereticorum
1616 1230 1958 1300 improbitas.
1988 1229 2152 1285 sicuti

576 1344 723 1384 nunc
749 1328 987 1382 maxime
1018 1326 1185 1397 (quod
1223 1324 1430 1379 utinam
1463 1322 1777 1392 abessctl),
1817 1321 2148 1377 Arianorum

579 1425 747 1477 etiam
785 1418 1123 1491 blasphemia
1176 1417 1357 1489 vigere
1391 1415 1671 1486 erupisset.
1706 1415 1905 1471 delecti
1967 1416 2155 1470 Patres

577 1516 749 1570 nostri
785 1515 1013 1569 trecenti
1048 1514 1238 1568 decem
1282 1521 1335 1564 et
1354 1520 1500 1573 octo,
1534 1510 1729 1565 Niczeze
1757 1510 2153 1577 disquisitione

578 1624 640 1661 ac
672 1605 1068 1661 tit-liberatione
1095 1602 1279 1657 habita
1306 1617 1523 1655 murum
1557 1600 1705 1655 hunc
1735 1601 2003 1657 adversus
2032 1599 2153 1655 dia-

577 1700 687 1755 boli
720 1700 823 1754 tt-la
852 1698 1281 1762 constituerunt,
1307 1706 1469 1766 atque
1497 1695 1744 1750 antidoto
1776 1709 1873 1750 seu
1905 1693 2153 1751 remedio

576 1796 681 1849 hoc
728 1792 929 1849 le.bale
962 1805 1235 1846 venenum
1294 1789 1674 1860 propulerunt,
1703 1796 1762 1845 ut
1813 1787 2028 1843 Patrem
2092 1794 2149 1843 et

577 1888 776 1944 Filium
808 1887 970 1941 unius
1004 1883 1330 1947 divinitatis,
1366 1883 1644 1952 uniusque
1679 1880 1926 1943 virtutis,
1982 1890 2149 1950 atque

574 1984 713 2035 aleo
732 1997 847 2035 rem
873 1995 1036 2035 unam
1072 1992 1194 2034 esse
1226 1976 1538 2032 credamus.
1577 1973 1805 2046 Oportet
1861 1984 2065 2042 autem,
2093 1983 2149 2030 et

575 2075 838 2145 Spiritum
896 2080 1145 2127 sanctum
1179 2070 1419 2142 ejusdem
1467 2084 1589 2126 esse
1627 2068 1969 2133 substantiae,
2024 2084 2149 2138 per-

589 2185 813 2225 suasum
849 2168 1073 2224 babcre.
1110 2164 1211 2234 Qui
1242 2181 1371 2220 vero
1417 2164 1578 2220 aliter
1606 2163 1829 2227 sentiat,
1862 2178 1987 2218 cum
2018 2161 2149 2217 alie-

576 2279 708 2319 num
737 2278 902 2318 essea
932 2261 1213 2317 consortio
1252 2267 1307 2314 et
1333 2257 1721 2314 communione
1765 2267 1954 2312 nostra
2002 2256 2150 2328 indi-

573 2359 823 2415 cavimus
856 2370 870 2408 :
908 2354 1053 2427 quod
1082 2353 1303 2425 quidem
1354 2354 1591 2408 salutare
1621 2351 1929 2420 decretum,
1960 2360 2015 2406 et
2053 2350 2149 2407 de-

573 2451 957 2510 liberationem
989 2464 1085 2506 seu
1116 2447 1454 2505 sanctionem
1495 2443 1856 2509 adorandam,
1888 2443 2137 2515 polluere

574 2544 825 2602 nonnulli
861 2542 1176 2598 voluerunt.
1235 2540 1435 2595 Verum
1486 2539 1555 2595 ab
1592 2537 1712 2609 ipso
1749 2537 1936 2593 statim
1965 2537 2144 2603 initio,

537 2647 541 2651 '
574 2654 675 2709 per
698 2652 794 2693 eos
825 2635 919 2707 qui
946 2632 1181 2689 Arimini
1209 2630 1550 2688 sanctionem
1606 2645 1726 2686 eam
1764 2630 1929 2686 rebus
1984 2630 2144 2686 novis

575 2730 869 2786 immutare
913 2733 973 2783 et
1009 2724 1445 2781 contrectatione
1476 2737 1571 2777 sua
1623 2722 1920 2793 depravare
1968 2721 2143 2778 coacti

572 2831 725 2890 sunt,
756 2821 1044 2891 hucusque
1079 2832 1167 2873 res
1193 2826 1441 2872 correcta
1491 2825 1576 2871 est
1610 2830 1625 2869 :
1653 2823 1714 2869 ut
1763 2812 1840 2869 illi
1876 2813 1981 2869 alia
2010 2830 2146 2885 qua-

573 2914 699 2971 dam
729 2912 986 2985 loquendi
1030 2910 1207 2966 forma
1229 2908 1553 2979 sobreptitie
1602 2906 1862 2977 deceptos
1909 2921 1969 2962 se
1998 2921 2144 2972 esse,

572 3021 738 3078 quam
775 3004 1006 3060 formam
1037 3001 1260 3057 Patrum
1297 2997 1643 3053 Niczenornm
1678 2996 1898 3067 placitis
1951 2995 2146 3051 adver-

572 3098 685 3155 sari
718 3096 1041 3168 ignorarint,
1069 3092 1364 3149 fateantur.
1394 3090 1580 3161 Neque
1639 3103 1905 3144 numerus
1949 3102 2142 3144 eorum

574 3191 669 3262 qui
726 3187 960 3245 Arimini
1025 3193 1426 3245 convenerunt,
1471 3181 1846 3253 przcjudicium
1895 3181 2140 3253 aliquod,

573 3300 699 3341 cum
739 3282 980 3355 synodus
1024 3294 1089 3335 ea
1120 3287 1309 3335 coacta
1345 3286 1450 3340 est,
1499 3275 1698 3331 afferre
1755 3275 1955 3346 potuit,
2015 3290 2142 3331 cum

578 3391 757 3447 neque
793 3376 1070 3431 Itonianus
1096 3373 1410 3444 episcopus.
1439 3370 1597 3440 cujus
1630 3369 1681 3423 in
1706 3367 1897 3439 primis
1924 3377 2145 3423 sentem

575 3471 707 3527 tiam
739 3468 1068 3540 exquisitam
1102 3465 1372 3537 oportuit,
1409 3480 1510 3519 nec
1538 3460 1877 3525 Vincentius,
1917 3462 2011 3534 ιιιιὶ
2065 3471 2144 3517 tot

574 3565 734 3620 annis
781 3562 1156 3633 episcopatum
1210 3557 1470 3613 inviolate
1524 3556 1908 3621 conservatit,
1967 3569 2145 3626 neque

574 3660 807 3714 aliorum
848 3656 1005 3712 ltisce
1030 3651 1489 3709 consentientium
1530 3651 1818 3720 quisquam
1852 3650 1923 3704 ibi
1974 3649 2147 3705 all‘ue—

578 3753 670 3809 rit.
704 3753 771 3808 Et
800 3750 1053 3813 maxime,
1085 3742 1548 3818 quemadmodum
1581 3742 1843 3808 diximus,
1892 3756 2016 3795 cum
2056 3741 2143 3796 isti

575 3846 681 3918 ip~i
715 3845 806 3916 qui
848 3842 1040 3897 fraude
1078 3837 1438 3895 circumventi
1473 3837 1669 3891 cedere
1702 3835 1800 3889 visi
1838 3843 1992 3901 sunt,
2028 3848 2144 3888 me-

576 3940 771 3994 liorem
800 3950 946 3989 llllllc
976 3933 1309 3988 sententiam
1350 3937 1659 3998 sequentes.
1699 3926 1989 3997 diSpliccre
2037 3924 2143 3981 sibi

577 4029 827 4085 actiones
861 4025 994 4079 tales
1023 4023 1133 4079 sint
1164 4020 1458 4077 testificati.
1512 4019 1781 4089 PerSpieit
1839 4019 2005 4088 igitur
2036 4020 2146 4072 sin-

576 4122 773 4180 ceritas
804 4131 1003 4181 vestra,
1036 4116 1205 4171 solam
1236 4129 1357 4169 eam
1399 4110 1583 4173 fidem,
1614 4126 1735 4179 quae
1768 4108 1961 4164 Νἰςιιιιε
1990 4111 2144 4180 juxta

573 4212 947 4283 apostolorum
1003 4207 1387 4263 auctoritatem
1434 4202 1657 4257 fundata
1715 4211 1817 4267 est,
1876 4212 2141 4271 perpetua

572 4305 879 4365 constantia
910 4312 968 4359 et
992 4301 1270 4362 firmitate,
1314 4296 1599 4352 nobiscum
1654 4296 1820 4349 etiam
1853 4294 1921 4348 ab
1950 4293 2145 4349 Orien-

576 4402 807 4465 talibus,
836 4398 930 4469 qui
972 4412 1030 4453 se
1056 4394 1125 4450 ad
1164 4391 1488 4449 catholicam
1513 4389 1811 4445 Ecclesium
1868 4390 2146 4460 pertinere

2256 494 2564 565 νοουμένων
2617 495 2693 565 μὴ
2752 494 3215 566 παρολισθαίνειν,
3274 493 3409 548 ἀλλά
3467 493 3667 564 μᾶλλον
3718 494 3821 547 τῶν

2256 586 2515 657 Πατέρων
2546 586 2705 657 ἡμῶν
2730 588 2988 658 κατέχειν
3011 588 3113 659 τὴν
3134 585 3382 656 γνώμην,
3408 585 3600 649 ὁσάκις
3635 584 3698 638 ἀν
3721 584 3824 638 δἀ-

2255 680 2444 749 φόρον
2483 680 2706 747 βουλαῖς
2748 681 3174 752 περιφέρωνται.
3208 677 3515 750 Τοιγαροῦν
3546 677 3825 742 Αὑξὲντιον

2252 773 2345 826 τὶν
2386 773 2734 827 Μεδιολάνων
2782 774 3075 845 ἐξαιρέτως
3112 772 3171 825 ὲν
3200 771 3375 841 τούτῳ
3415 770 3493 840 τῷ
3547 771 3825 841 πράγματι

2252 865 2686 936 κατακεκρίιθαι
2708 864 3377 937 προγέγραπται.Δίκαιον
3406 863 3537 935 γοῦν
3562 866 3674 918 ἐστι
3695 865 3797 917 πάν
3821 894 3824 901 λ

2251 974 2353 1021 τας
2391 961 2521 1023 τοὺς
2559 961 2617 1012 ὲν
2648 958 2728 1030 τῷ
2770 958 3063 1029 Ῥωμαίων
3099 959 3289 1029 κόσμῳ
3314 956 3670 1018 διδασκάλους
3696 958 3823 1027 eoo.

2253 1050 2493 1120 φρονεῖν,
2527 1051 2622 1104 καὶ
2676 1053 2751 1122 μὴ
2778 1048 3058 1121 διαςγῖροις
3100 1048 3476 1112 διδασκαλίαις
3508 1048 3609 1119 τὴν
3650 1047 3826 1100 πίστιν

2257 1143 2515 1216 μιαίνειν.
2554 1144 2662 1198 Καὶ
2696 1144 2803 1213 γὰρ
2830 1143 2993 1213 ἡνίκα
3018 1142 3235 1215 πρῶτον
3267 1144 3300 1214 ἡ
3334 1142 3508 1197 κακία
3537 1141 3643 1194 τῶν
3673 1143 3822 1211 αἱρε-

2253 1238 2424 1292 τικῶν
2454 1238 2726 1308 ἀκμάζειν
2771 1237 2995 1309 ἤρξατο,
3042 1236 3118 1297 ὡς
3146 1239 3242 1292 καὶ
3283 1235 3378 1289 νῦν
3414 1235 3648 1307 μάλιστα
3676 1236 3825 1329 (ὅπερ

2253 1332 2446 1405 ἀπείη)
2498 1333 2608 1386 τῶν
2647 1332 2947 1405 ’Δρειανῶν
2997 1333 3028 1402 ἡ
3092 1331 3436 1402 βλασφημία,
3484 1332 3533 1384 οἱ
3591 1329 3827 1399 Πατέρες

2254 1424 2413 1494 ἡμῶν
2442 1425 2746 1494 τριακόσιοι
2767 1422 2899 1477 δέκα
2924 1424 3013 1475 κατ.
3050 1420 3197 1475 ὀκτὼ
3222 1422 3493 1474 ἐπίλεκτοι
3541 1422 3597 1471 ἐν
3629 1420 3830 1490 Νικαίᾳ

2254 1518 2553 1586 γενομένου
2611 1517 2952 1588 σκέμματος,
3001 1514 3160 1569 τοῦτο
3193 1515 3252 1568 τὸ
3294 1517 3473 1585 τεῖχος
3518 1513 3830 1567 ὑπεναντίον

2252 1613 2363 1667 τῶν
2387 1612 2437 1665 i"
2525 1629 2570 1660 ιν
2596 1610 2689 1665 τοῦ
2719 1610 2969 1664 διαϐόλου
2998 1610 3230 1682 ὥρισαν,
3260 1610 3357 1663 καὶ
3384 1610 3557 1681 ταύτῃ
3586 1612 3653 1680 τῇ
3685 1612 3833 1665 ἀντι.

2252 1704 2392 1774 δὸτῳ
2411 1721 2438 1756 ἰ
2469 1746 2480 1756 .
2504 1720 2777 1773 υαναοιμα
2812 1703 3131 1757 ἀπεώσαντο
3150 1720 3165 1736 ο
3197 1701 3338 1757 ὥστε
3362 1703 3456 1758 τὶν
3496 1701 3713 1771 Πατέρα
3743 1701 3833 1754 καὶ

2185 1766 2223 1817 Β
2260 1766 2500 1848 τδνΙΥίδν
2533 1795 2664 1862 μιᾶς
2703 1766 2955 1862 θεότητος
2976 1831 2991 1857 ,
3021 1793 3151 1863 μιᾶς
3192 1792 3391 1862 ἀρετῆς
3425 1790 3520 1842 καὶ
3553 1766 3675 1852 évbs
3703 1789 3833 1860 χρή-

2258 1905 2429 1958 ματος
2477 1886 2853 1942 πιστεύεσθαι.
2892 1884 3009 1957 Χρὴ
3060 1884 3117 1939 δὲ
3148 1885 3245 1954 τῆς
3288 1884 3457 1955 αὐτῆς
3485 1882 3833 1946 ὑποστάσεως

2254 1982 2350 2034 καὶ
2393 1981 2458 2033 τὸ
2505 1979 2733 2049 Πνεῦμα
2771 1980 2832 2033 τὸ
2882 1977 3036 2047 ἆγιον
3087 1976 3387 2033 πιστεύειν.
3426 1977 3530 2030 Τὸν
3565 1975 3626 2030 δὲ
3661 1974 3832 2038 ἄλλως

2256 2057 2557 2147 φρονοῦντα
2598 2072 2879 2145 ἀλλότριον
2907 2068 3048 2128 εἶναι
3086 2056 3509 2144 τῆςήμετὲρας
3542 2069 3832 2131 κοινωνίας

2261 2168 2589 2237 ἐκρίναμεν.
2632 2165 2844 2236 Ὀνπερ
2879 2164 3197 2238 σιιιτηριώδη
3247 2167 3373 2235 ὅρον
3404 2164 3497 2219 καὶ
3531 2162 3638 2234 τὴν
3669 2178 3832 2235 προσ·

2254 2260 2498 2332 κννητὴν
2530 2259 2721 2330 σκέψιν
2748 2261 2891 2323 τινὲς
2923 2261 3111 2329 μιᾶναι
3138 2258 3411 2331 ἠθέλησαν
3429 2274 3443 2290 ·
3469 2256 3588 2311 ἀλλ’
3616 2259 3676 2310 ὲν
3697 2258 3827 2326 αὑτῇ

2253 2355 2319 2423 τῇ
2356 2353 2494 2425 ἀρχῇ
2514 2352 2607 2406 ἀπ’
2634 2352 2815 2405 αὐτῶν
2831 2351 3036 2405 τούτων
3059 2351 3255 2414 οἵτινες
3283 2349 3441 2403 τοῦτο
3472 2351 3530 2402 ὲν
3562 2346 3834 2419 Ἀριμίνῳ

2252 2443 2669 2501 ἀνανεώσασθαι
2698 2445 2730 2515 ἢ
2756 2444 3075 2515 ψηλαφῆσαι
3101 2443 3495 2514 ἠναγκάζοντο.
3524 2443 3643 2497 Καὶ
3673 2442 3833 2512 μέχρι

2249 2540 2446 2594 τούτου
2470 2537 2755 2611 διωρθὼθη
2777 2579 2791 2603 ,
2823 2548 2897 2599 ως
2943 2538 3229 2609 ὁμολογεῖν
3273 2538 3490 2601 αὑτοὺς,
3521 2537 3693 2607 ἑτέρα
3730 2535 3826 2589 τινί

2251 2633 2484 2700 διαλέξει
2515 2633 2833 2705 ὑφαρπάσαι
2858 2648 2873 2663 °
2908 2634 2991 2687 ὅτι
3016 2634 3117 2687 οὑκ
3145 2633 3436 2702 ἐνενὸησαν
3471 2633 3536 2702 τῇ
3575 2632 3694 2685 τῶν
3726 2630 3824 2684 Πα-

2251 2728 2425 2799 τέρων
2458 2726 2651 2799 γνώμῃ
2678 2729 2742 2798 τῖ.
2773 2727 2829 2781 ἐν
2858 2725 3064 2797 Νικαίᾳ
3099 2724 3348 2799 ἀρεσάσῃ
3382 2724 3634 2778 ἐναντίον
3674 2720 3824 2779 εἶναι.

2252 2821 2389 2879 Οὐδὲ
2442 2821 2550 2893 γὰρ
2600 2819 2886 2893 πρόκριμά
2915 2837 2968 2874 τι
3022 2819 3262 2891 ἠδυνήθη
3300 2816 3555 2886 γενέσθαι
3601 2818 3713 2873 ἀπὸ
3741 2816 3827 2871 τοῦ

2251 2913 2490 2985 ἀριθμοῦ
2524 2913 2634 2967 τῶν
2684 2915 2742 2968 ἐν
2789 2911 3053 2982 ’Δριμίνῳ
3082 2912 3481 2984 συναχθέντων,
3512 2912 3681 2966 ὁπότε
3713 2928 3832 2965 συνο

2250 3007 2486 3077 ἕστηκε*
2540 3006 2677 3078 μήτε
2725 3005 2818 3060 τοὺ
2878 3006 3169 3076 Ῥωμαίων
3227 3005 3556 3067 ἐπισκόπου.
3615 3003 3677 3059 οὑ
3727 3003 3832 3074 πρὸ

2252 3101 2474 3152 πάντων
2503 3097 2611 3151 ἔδει
2644 3098 2746 3169 τὴν
2784 3098 3012 3169 γνώμην
3071 3096 3416 3165 ἑκδείεασθαι
3436 3112 3452 3128 ⁸
3487 3097 3614 3152 οὔτε
3646 3097 3830 3153 Βικεν-

2247 3192 2383 3258 τίου,
2414 3190 2472 3255 ὃς
2513 3191 2605 3244 ἐπὶ
2636 3189 2917 3253 τοσούτοις
2947 3190 3093 3243 ἔτεσι
3139 3190 3237 3260 τὴν
3270 3190 3579 3259 ἐπισκοπὴν
3618 3189 3828 3254 ἀσύλως

2246 3283 2514 3353 ἐφύλαξεν
2534 3299 2547 3313 ·
2578 3283 2702 3338 οὔτε
2743 3284 2853 3337 τῶν
2887 3283 3063 3338 ἄλλων
3105 3284 3214 3347 τοῖς
3248 3282 3513 3347 τοιούτοις
3546 3298 3817 3350 συγκατα-

2247 3375 2529 3446 θεμένων·
2579 3376 2741 3431 ὁπότε
2795 3376 3072 3445 μάλιστα,
3121 3374 3301 3439 καθὼς
3360 3375 3818 3447 προειρήκαμεν,

2247 3470 2403 3523 αὑτοὶ
2422 3463 2567 3524 οὗτοι
2588 3470 2785 3534 οἵτινες
2814 3470 2954 3524 κατά
2985 3469 3259 3539 συσκευὴν
3291 3469 3678 3524 ὑποκλίνεσθαι
3713 3469 3826 3523 εδο-

2248 3563 2366 3631 ξαν,
2402 3556 2550 3618 οὗτοι
2597 3563 2838 3616 καλλίονι
2865 3562 3062 3635 γνώμῃ
3092 3562 3452 3634 χρησάμενοι,
3485 3563 3825 3634 ἀπαρέσκειν

2247 3658 2432 3721 αὐτοῖς
2476 3658 2648 3712 ταῦτα
2681 3658 3083 3729 ἐμαρτύραντο.
3121 3658 3330 3729 Συνορᾷ
3377 3653 3473 3712 οὖν
3508 3657 3540 3727 ἡ
3582 3656 3826 3727 ὑμετέρα

2248 3751 2563 3822 καθαρότης
2591 3751 2794 3822 ταύτην
2837 3752 3006 3821 μόνην
3032 3749 3126 3823 τὴν
3153 3752 3357 3816 πίστιν,
3387 3750 3509 3823 ἥτις
3536 3750 3595 3803 ὲν
3624 3750 3831 3821 Νικαία

2246 3849 2389 3903 κατὰ
2439 3848 2537 3917 τὴν
2585 3848 2876 3902 αὑθεντίαν
2927 3849 3039 3903 τῶν
3091 3848 3409 3903 ἀποστόλων
3464 3846 3827 3918 sesumam,

2246 3938 2487 4009 διηνεκεῖ
2511 3938 2824 4009 βεϐαιότητι
2859 3942 3152 3995 καθεκτέον
3175 3935 3317 3994 εἶναι
3343 3956 3359 3972 ⁸
3392 3942 3482 3993 καὶ
3521 3940 3642 4007 μεθ’
3667 3939 3828 4012 ἡμῶν

2245 4032 2373 4095 τοὺς
2403 4031 2782 4096 ἀνατολικοὺς,
2810 4033 3007 4096 οἵτινες
3033 4033 3263 4094 ἑαυτοὺς
3291 4033 3391 4103 τῆς
3423 4032 3720 4103 καθολικῆς
3750 4025 3830 4086 εἴ·

2247 4139 2337 4175 ναι
2368 4122 2819 4191 ὲπιγινώσκουσι,
2849 4124 2975 4187 τοὺς
3004 4124 3057 4177 δὲ
3079 4123 3335 4188 δυτικοὺς
3360 4125 3695 4195 καυχᾶσθαι.
3730 4125 3829 4179 Πι-

2249 4214 2512 4286 στεύομεν
2535 4214 2615 4275 δὲ,
2646 4215 2746 4270 οὑκ
2770 4216 2846 4279 είς
2873 4217 3093 4288 μακρὰν
3113 4216 3236 4279 τοὺς
3260 4217 3393 4272 ἀλλα
3420 4217 3671 4272 νοοῦντας
3692 4220 3826 4291 αὐτῇ

2245 4309 2312 4377 τῇ
2368 4308 2705 4378 ἐπιχειρήσει
2749 4307 2858 4361 ἀπὸ
2889 4308 2989 4377 τῆς
3030 4310 3303 4380 ἡμετέρας
3343 4312 3629 4374 κοινωνίας
3660 4328 3828 4381 χωρι-

2250 4397 2545 4468 σθήσεσθαι
2591 4398 2769 4453 αὐτῶν
2801 4398 2859 4454 τὺ
2916 4400 3010 4454 τοῦ
3055 4402 3359 4456 ιιτισκὸπου
3411 4402 3622 4473 ὄνομα·
3687 4403 3828 4455 ὥστε

572 4503 896 4569 agnoscunt,
929 4489 1272 4547 retinendam
1295 4500 1439 4550 esse,
1463 4495 1519 4542 et.
1544 4484 1927 4541 Occidentales
1952 4498 2019 4538 eo
2042 4498 2140 4538 no-

2249 4487 2370 4550 τοὺς
2403 4486 2566 4547 λαοὺς
2594 4487 2695 4557 τῆς
2742 4490 2949 4557 πλάνης
2972 4492 3151 4546 αὐτῶν
3182 4493 3654 4564 ἐλευθερωθέντας
3693 4495 3827 4548 ἁναο

574 4594 720 4646 wine
744 4586 967 4658 gloriari
1000 4599 1178 4656 posse.
1239 4581 1401 4653 174,
1429 4578 1731 4650 Opinamur
1775 4591 1926 4639 vero,
1987 4575 2139 4631 brevi

574 4700 764 4741 eorum
806 4682 901 4752 qui
947 4678 1109 4733 aliter
1149 4677 1414 4737 sentiunt,
1468 4676 1569 4726 bac
1631 4672 1745 4741 ipsa
1794 4671 2143 4739 aggressione

573 4775 905 4848 episcopalia
934 4770 1153 4825 nomina
1190 4783 1219 4823 a
1260 4765 1648 4821 communione
1675 4774 1859 4817 nostra
1889 4775 2145 4831 segrega—

577 4885 692 4928 tum
732 4870 821 4937 iri,
866 4876 924 4923 ut
961 4864 1193 4936 populus
1236 4875 1265 4915 a
1290 4857 1481 4914 fraude
1510 4869 1566 4911 et
1594 4854 1913 4910 seductione
1946 4868 2139 4908 eorum

573 4964 839 5018 liberatus
888 4955 1141 5025 respiret.
1174 4951 1529 5021 Nequaquam
1582 4946 1730 5002 enim
1767 4943 2139 4999 multitudinis

573 5068 732 5110 error
760 5050 956 5120 corrigi
996 5044 1218 5118 poterit,
1249 5044 1293 5098 si
1340 5042 1442 5109 ipsi
1475 5053 1665 5095 errore
1696 5052 1764 5092 eo
1824 5044 2138 5091 teneantur.

574 5149 764 5218 Itaque
791 5154 984 5198 vestra:
1002 5153 1217 5211 quoque
1243 5135 1525 5205 dignitatis
1554 5131 1828 5189 sententia
1855 5146 1978 5185 cum
2025 5147 2141 5185 om-

2252 4578 2502 4633 πνεῦσα..
2552 4580 2743 4634 ossae
2792 4583 2899 4654 γὰρ
2937 4584 3124 4653 τρόπῳ
3170 4583 3492 4657 δυνήσονται
3528 4586 3828 4658 διορθῶσαι

2250 4670 2352 4743 τὴν
2382 4672 2589 4747 πλάνην
2615 4674 2720 4726 τῶν
2748 4674 2939 4745 δχλων,
2979 4677 3139 4730 ὁπότε
3161 4680 3318 4734 αὐτοὶ
3348 4679 3451 4734 ὑπὸ
3483 4680 3583 4747 τῆς
3616 4680 3827 4751 πλάνης

2253 4765 2598 4834 κατέχονται.
2630 4768 2998 4838 Συμφωνείτω
3029 4769 3121 4824 οὖν
3168 4775 3307 4842 μετά
3344 4774 3562 4828 πάντων
3595 4774 3705 4826 τῶν
3735 4773 3827 4826 τοῦ

2249 4857 2384 4909 θεοῦ
2419 4858 2608 4926 ίερέων
2639 4862 2734 4913 καὶ
2768 4860 2865 4929 τῆς
2893 4863 3166 4933 ὑμετέρας
3200 4865 3514 4934 τιμιότητος
3543 4866 3576 4935 ἠ
3605 4866 3825 4936 γνώμη,

2248 4942 2365 5021 ὲνῇ
2406 4949 2551 5020 ὑμᾶς
2590 4950 2781 5017 ἁγίους
2817 4952 2910 5010 καὶ
2943 4952 3193 5019 βεϐαίους
3222 4956 3571 5026 πιστεύομεν.
3606 4956 3728 5009 Ὀτι
3770 4955 3826 5008 δὲ

2249 5041 2409 5109 ἡμεῖς
2434 5042 2552 5109 μεθ’
2572 5043 2725 5113 ὑμῶν
2748 5046 3025 5098 πιστεύειν
3047 5045 3357 5117 ὀφείλομεν,
3378 5051 3489 5111 τοίς
3512 5048 3824 5119 ἀμοισαξοις

2250 5135 2344 5203 τῆς
2376 5135 2643 5206 ὑμετέρας
2672 5138 2889 5206 ἀγάπης
2915 5140 3276 5206 ἐπιδείξασθε.
3306 5157 3326 5192 ι

574 5246 737 5300 nibus
771 5242 863 5297 Dei
896 5235 1277 5295 sacerdotibus
1303 5232 1623 5297 concordet,
1695 5231 1748 5283 in
1795 5244 1899 5298 qua
1962 5243 2056 5284 vos
2130 5240 2349 5285 sanctos
2380 5243 2433 5287 et
2488 5232 2675 5290 firtnos
2741 5250 2863 5291 esse
2909 5238 3209 5291 credimus.
3255 5237 3321 5295 Ut
3382 5250 3561 5293 autem
3615 5254 3716 5294 nos.
3751 5238 3820 5293 ειη

572 5338 798 5395 credere
830 5334 1108 5389 vobiscmn
1137 5328 1451 5393 debeamus,
1483 5335 1668 5380 mutua
1716 5339 1838 5394 qua
1900 5322 2059 5376 ll0bl3
2122 5321 2360 5377 vicissim
2428 5329 2753 5396 respondeat
2803 5330 3115 5387 dilectionis
3182 5342 3373 5387 vestra:
3405 5332 3628 5403 pietate,
3661 5333 3678 5391 Ξ
3707 5344 3812 5388 tte-

573 5431 759 5502 risque
788 5428 978 5485 vestris
1011 5423 1303 5481 declarate.
1353 5439 1373 5472 ι
