4112 6224
458 363 564 431 723

1642 365 2063 431 NICEPMORI
2110 365 2457 429 CALLISTI

3588 366 3691 434 724

444 488 642 536 natura
679 480 1207 558 virtutem,ejusquc
1235 486 1464 543 formam
1489 487 1545 543 in
1576 490 1773 543 anima:
1799 486 2010 541 viribus

2139 497 2307 539 ιυκεν.
2339 484 2530 549 ’Λλλος
2556 485 2611 539 δέ
2639 502 2721 549 τις
2755 485 2863 538 τῶν
2898 484 3171 557 μοναχῶν,
3208 484 3309 538 Διὰ
3347 482 3508 539 τοῦτο
3541 500 3693 552 περι-

443 573 695 647 eﬂlgiari.
745 577 880 632 Nam
925 588 982 634 et
1026 582 1207 636 lumen
1240 581 1370 637 solis
1402 582 1478 637 ait
1500 582 1620 638 sine
1652 582 1823 637 forma
1849 596 2015 637 esse:

446 665 678 722 formam
714 678 895 724 autem
949 671 999 725 id
1034 673 1297 742 recipere,
1345 689 1440 745 per
1461 688 1600 744 quas
1649 682 1920 745 penetrat,
1948 671 2024 728 fe-

448 759 669 813 nestris.
718 761 871 815 Alius
913 763 1135 831 quidam
1184 765 1524 819 monachus:
1564 765 1884 834 Propterea,
1935 765 2022 818 in-

448 850 588 917 quit,
619 851 930 922 voluptates
975 855 1107 909 mihi
1161 855 1425 912 subtraho
1447 898 1463 923 ,
1494 866 1556 912 ut
1581 858 1675 913 ira:
1703 870 1926 914 causam
1966 863 2024 911 et

450 945 795 1001 occasionem
835 948 1147 1017 praecidam.
1213 950 1341 1005 Seio
1400 951 1547 1006 enim
1606 950 1755 1007 illam
1808 966 2023 1021 semper

450 1046 675 1103 propter
723 1040 1031 1109 voluptates
1080 1043 1407 1112 oppugnari,
1436 1056 1786 1114 mentemque
1846 1058 2021 1098 meam

448 1127 802 1196 perturbare,
829 1140 885 1185 et
908 1133 1278 1203 cognitionem
1319 1135 1489 1203 ipsam
1522 1134 1731 1208 fugare.
1765 1136 1840 1192 Ex
1873 1135 2021 1191 seui-

449 1217 555 1274 bus
601 1223 764 1277 etiam
816 1226 1038 1294 quidam
1094 1225 1254 1296 dixit,
1307 1228 1640 1286 Charitatem
1684 1228 1938 1285 ciborum
1969 1237 2028 1285 et

453 1312 808 1380 pecuniarum
870 1317 1186 1389 depositum
1244 1336 1466 1379 servare
1532 1322 1772 1379 nescire.
1828 1321 2022 1378 Idem:

454 1408 574 1461 Non
597 1409 733 1476 scio,
768 1410 966 1482 inquit,
995 1412 1186 1470 eadem
1224 1416 1280 1470 in
1317 1431 1377 1471 re
1397 1416 1480 1474 his
1512 1432 1544 1472 a
1576 1416 1918 1473 daemonibus
1938 1430 2025 1472 me

454 1499 745 1572 deceptum
776 1518 920 1560 esse.
969 1504 1095 1563 llaec
1147 1507 1217 1564 ad
1252 1508 1479 1565 verbum
1529 1509 1813 1581 Evagrius,
1855 1510 1909 1563 in
1958 1523 2026 1565 eo

456 1593 602 1649 libro
651 1610 815 1667 quem
869 1596 1178 1655 Practicum
1234 1600 1535 1673 inscripsit,
1591 1602 1866 1672 exposuit.
1897 1599 2028 1668 Quae

456 1700 593 1742 vero
623 1687 791 1745 etiam
828 1691 882 1747 in
912 1691 1169 1750 Guostico
1192 1710 1294 1752 suo
1322 1696 1507 1764 dicat,
1542 1696 1850 1754 audiamus.
1881 1695 2030 1765 Qua-

2124 576 2265 648 αιρῶ
2284 576 2382 642 τὰς
2416 577 2631 649 ἡδονὰς,
2663 578 2792 650 ἔφη,
2827 580 2915 633 ἴνα
2943 579 3044 643 τὰς
3075 578 3169 632 τοῦ
3197 576 3369 646 θυμοῦ
3417 574 3696 646 περικόψω

2123 673 2425 743 προφάσεις
2458 689 2473 706 ⁰
2507 667 2623 729 οἶδα
2646 675 2756 747 γὰρ
2778 674 2942 729 αύτδν
2975 675 3063 730 ἀεὶ
3091 672 3401 744 μαχόμενον
3423 670 3564 742 ὑπὲρ
3587 670 3697 723 τῶν

2122 765 2349 837 ἡδονῶν,
2397 768 2494 821 καὶ
2535 768 2943 839 ὲκταράσσοντὰ
2991 784 3095 839 μου
3142 766 3236 820 τὸν
3270 763 3418 829 νοῦν,
3462 762 3559 817 καὶ
3598 759 3697 831 τὴν

2122 857 2329 928 γνῶσιν
2351 859 2749 915 ἀποδιώκοντα.
2789 860 2983 929 Ἔλεγε
3010 859 3069 913 δέ
3115 875 3200 920 τις
3237 858 3349 912 τῶν
3404 857 3699 928 γερόντων,

2122 952 2206 1007 ὅτι
2248 952 2314 1008 Ἦ
2347 954 2537 1023 ἀγάπη
2583 952 2916 1027 παραθήκας
2970 953 3274 1025 βρωμάτων
3316 950 3351 1023 ἢ
3404 948 3702 1020 χρημάτων

2124 1051 2314 1119 τηρεῖν
2341 1050 2441 1102 οὐκ
2474 1049 2786 1103 ἐπίσταται.
2826 1047 2889 1104 ’0
2917 1047 2974 1103 δὲ
3012 1046 3198 1113 αὐτὸς,
3232 1044 3348 1100 Οὐκ
3398 1038 3541 1107 οἶδα,
3591 1058 3697 1111 (pq-

2127 1140 2233 1203 σὶν,
2260 1143 2341 1203 είς
2385 1141 2581 1195 ταυτὸν
2612 1140 2693 1201 δὶς
2750 1138 2857 1194 ύπδ
2908 1138 3180 1210 δαιμόνων
3227 1134 3548 1207 ἀπατηθείς.
3613 1133 3701 1187 Ἐν

2130 1229 2232 1301 μὲν
2260 1229 2357 1283 οὖν
2388 1230 2464 1302 τῷ
2496 1230 2970 1303 ἐπιγεγραμμένῳ
3002 1228 3167 1286 αὑτοῦ
3196 1224 3505 1298 Πρακτικῷ
3528 1224 3704 1279 ταῦτα

2126 1324 2269 1379 κατὰ
2302 1323 2447 1389 λέξιν
2467 1324 2632 1395 φησιν
2655 1323 2926 1394 Εὐάγρίος
2948 1341 2963 1355 ο
3015 1317 3103 1378 οἷα
3131 1323 3188 1379 δὲ
3214 1324 3313 1377 καί⁹
3344 1324 3404 1377 ὲν
3430 1320 3508 1392 τῷ
3538 1321 3705 1375 Γνω-

2125 1417 2314 1484 στικῷ
2372 1418 2541 1475 αὐτοῦ
2610 1420 2901 1487 διέξεισιν,
2958 1417 3346 1488 ἀκουσώμεθα.
3419 1414 3704 1481 Τέσσαρας

2125 1509 2329 1581 ἀρετὰς
2372 1512 2469 1565 καὶ
2515 1513 2612 1575 τὰς
2648 1511 2882 1583 θεωρίας
2931 1508 3098 1565 αὐτοῦ
3140 1509 3293 1580 παρὰ
3340 1508 3435 1563 τοῦ
3492 1508 3705 1563 δικαίου

2125 1601 2428 1673 Γρηγορίου
2453 1604 2849 1676 μεμαθήκαμεν
2870 1600 3044 1659 εἶναι’
3067 1601 3331 1675 φρόνησιν
3355 1603 3451 1655 καὶ
3465 1599 3706 1673 ἀνδρίαν,

2136 1697 2501 1767 σωφροσύνην
2536 1696 2634 1751 κσλ
2663 1696 3032 1768 δικαιοσύνην.
3086 1697 3195 1751 Καὶ
3246 1696 3562 1766 φρονήσεως
3605 1692 3709 1762 μὲν

459 1787 588 1834 mor
637 1781 908 1852 virtutes,
951 1800 1255 1859 earumque
1298 1789 1770 1847 consideratioues
1804 1804 1949 1856 esse,
1994 1803 2025 1845 a

2139 1788 2290 1858 ἔργον
2315 1787 2500 1860 ἔλεγεν
2522 1786 2660 1845 εἶναι
2688 1789 2748 1845 τδ
2769 1790 2999 1863 θεωρεῖν
3023 1789 3124 1853 τὰς
3164 1788 3358 1861 νοερὰς
3400 1786 3498 1842 καὶ
3542 1787 3709 1854 ἁγίας

458 1869 615 1927 Justo
649 1871 915 1946 Gregorio
957 1855 1250 1936 didicimus
1282 1898 1299 1939 :
1351 1882 1722 1953 prudentiam,
1749 1855 2032 1939 fortitudi-

2139 1855 2390 1953 δυνάμεις
2414 1855 2532 1953 δίχα
2564 1882 2673 1937 τῶν
2692 1855 2917 1953 λόγωνλ
2948 1881 3173 1945 τούτους
3202 1855 3313 1951 γάρ
3345 1880 3453 1933 ὑπὸ
3473 1881 3571 1950 τῆς
3620 1894 3713 1932 σο-

458 1980 608 2028 nem,
663 1972 1105 2040 temperantiam,
1158 1982 1216 2031 et
1270 1976 1560 2047 justitiam.
1611 1977 1679 2034 Et
1731 1976 2035 2050 prudentiae

459 2058 681 2125 quidem
714 2062 951 2119 ollicium
979 2081 1098 2121 esse
1130 2067 1178 2122 is
1206 2068 1366 2137 dixit,
1407 2071 1761 2127 considerare
1799 2081 1856 2128 et
1897 2089 2032 2128 cou-

461 2153 737 2219 templaii,
782 2157 963 2213 verbis
1008 2176 1116 2215 non
1150 2161 1439 2231 adhibitis,
1486 2176 1705 2222 sanctas
1734 2174 1791 2221 et
1819 2165 2033 2222 intelle—

459 2246 671 2326 ctuales
695 2256 1014 2317 potestates.
1066 2251 1174 2310 llas
1224 2271 1461 2327 namque
1488 2273 1518 2312 a
1544 2258 1809 2329 sapientia
1854 2258 2033 2313 mani-

460 2338 647 2395 l'astari
676 2344 919 2404 tradidit.
960 2347 1321 2407 Fortitudinis
1355 2364 1537 2409 autem
1579 2353 1634 2409 in
1677 2354 1909 2411 veritate
1942 2369 2036 2410 eo-

458 2435 629 2505 gnita,
693 2439 911 2498 etiamsi
960 2441 1164 2500 bellum
1194 2456 1249 2501 et
1297 2446 1595 2503 discrimen
1638 2448 1736 2505 tibi
1788 2460 2035 2519 paretur,

459 2541 775 2589 constanter
808 2546 1181 2606 perseverare,
1229 2557 1408 2613 neque
1446 2542 1512 2598 ad
1539 2559 1627 2600 res
1672 2542 1835 2602 falsas
1863 2554 2037 2600 trans-

464 2624 566 2679 ire.
597 2623 995 2696 Temperantia:
1024 2646 1189 2702 porro
1233 2636 1439 2691 semina
1509 2652 1537 2691 a
1576 2638 1755 2708 primo
1797 2639 2034 2710 agricola

459 2716 605 2787 jarta
636 2721 901 2790 recipere.
939 2735 1211 2795 posteram
1247 2737 1431 2785 autem
1456 2738 1512 2787 et
1537 2732 1724 2787 furtim
1758 2748 2033 2803 aspersam

464 2811 535 2864 ab
590 2811 911 2871 adversario
965 2830 1265 2876 sementem
1313 2821 1562 2892 rejicere.
1612 2825 1775 2897 200
1804 2825 2037 2884 Justitia:

463 2917 623 2978 vero,
647 2904 807 2976 juxta
835 2906 1158 2979 dignitatem
1205 2923 1263 2969 et
1295 2916 1740 2974 commoditatem
1765 2920 2035 2990 cujusque

465 2997 772 3054 orationem
825 3011 1212 3073 attemperare,
1250 3008 1337 3064 vel
1366 3009 1600 3066 obscure
1633 3012 2034 3080 annuntiando,

2135 1971 2263 2041 φίας
2293 1972 2586 2042 δηλοῦσθαι
2615 1973 3005 2043 παραδέδωκεν
3042 1986 3057 2002 ⁸
3090 1971 3313 2043 ἀνδρίας
3342 1970 3399 2024 δὲ
3420 1970 3481 2025 τὸ
3506 1970 3713 2038 tricap-

2134 2067 2311 2137 τερεῖν
2342 2066 2454 2131 τοῖς
2484 2064 2667 2131 ἄθλοις
2692 2066 2787 2120 καὶ
2806 2063 3232 2137 πολεμούμενον,
3281 2062 3377 2119 καὶ
3410 2063 3487 2133 μὴ
3533 2059 3714 2132 ἐμϐα-

2134 2159 2314 2214 τεύειν
2342 2161 2422 2223 τίς
2456 2161 2525 2213 τὰ
2556 2160 2633 2230 μὴ
2656 2158 2804 2214 ὄντα.
2865 2159 2976 2213 Καὶ
3016 2157 3078 2212 τὸ
3126 2156 3280 2230 παρὰ
3331 2154 3429 2210 τοῦ
3487 2154 3713 2227 πρώτου

2134 2253 2387 2326 γεωργοῦ
2443 2253 2694 2325 δέχεσθαι
2751 2253 2998 2325 σπέρμα,
3058 2250 3154 2306 καὶ
3218 2249 3558 2306 ἀπωθεῖσθαι
3617 2248 3716 2301 τὸν

2135 2346 2461 2417 ὲπισπορέα,
2501 2346 2601 2415 τῆς
2639 2341 2993 2417 σωφροσύνης
3022 2344 3153 2400 ίδιον
3175 2342 3513 2415 ἀπεκρίνατο
3545 2334 3716 2397 εἶναι.

2137 2439 2500 2511 Δικαιοσύνης
2526 2439 2582 2492 δὲ
2609 2438 2775 2493 πάλιν
2796 2438 2857 2494 τὸ
2888 2436 3011 2492 κατ’
3062 2434 3220 2503 ἀξίαν
3272 2435 3502 2489 ἑκάστου
3550 2433 3720 2503 λόγον

2136 2532 2469 2599 ἀποδιδόναι,
2500 2532 2568 2587 τὰ
2624 2533 2725 2603 μὲν
2783 2529 3075 2595 σκοτεινῶς
3119 2527 3590 2600 ἀπαγγέλλουσαν,
3649 2526 3724 2579 τὰ

2135 2626 2194 2682 δὲ
2221 2624 2288 2680 δι’
2316 2626 2660 2697 αίνιγμάτων
2688 2625 3090 2696 σημαίνουσαν,
3140 2620 3259 2677 τινὰ
3287 2623 3344 2677 δὲ
3404 2621 3503 2676 καὶ
3549 2636 3724 2690 φανε-

2141 2719 2339 2790 ροῦσαν
2366 2720 2497 2785 πρὸς
2522 2717 2788 2789 ὠφέλειαν
2816 2717 2927 2772 τῶν
2975 2716 3385 2786 ἁπλουστέρων.
3416 2714 3529 2783 Τῆς
3582 2714 3727 2782 ἀλη-

2139 2812 2289 2875 θείας
2322 2814 2349 2865 ὀ
2381 2811 2573 2875 στῦλος
2600 2812 2630 2866 ό
2684 2810 3058 2880 Καππαδόκης
3106 2810 3408 2872 Βασίλειος,
3450 2806 3563 2877 Τὴν
3621 2805 3707 2860 ἀπ

2138 2905 2465 2977 ἀνθρώπων,
2484 2905 2673 2976 φησὶν,
2694 2904 3197 2976 ὲπισυμδαίνουσαν
3221 2901 3421 2971 γνῶσιν
3440 2898 3726 2969 προσεχὴς

2142 2999 2339 3071 μελέτη
2364 3000 2459 3054 καὶ
2479 2998 2785 3071 γυμνάσιον
2831 2998 3126 3069 κρείσσονα
3154 2996 3301 3050 ποιεῖ
3337 3010 3352 3025 ⁸
3402 2993 3501 3063 τήν
3546 2991 3605 3047 δὲ
3657 2993 3723 3047 ὲκ

466 3091 552 3146 vel
584 3107 682 3162 per
713 3095 999 3167 aenigmata
1016 3107 1070 3154 et
1094 3101 1348 3173 ambages
1368 3104 1846 3176 signiﬁcando,vel
1870 3108 2035 3164 etiam

2140 3093 2276 3149 Θεοῦ
2300 3094 2521 3165 χάριτος
2546 3092 2906 3164 ἐγγινομένη-δ
2958 3091 3275 3160 δικαιοσύνη
3310 3090 3405 3143 καὶ
3442 3088 3724 3159 άοργησία

470 3194 662 3255 aperte
680 3186 994 3256 iudicando,
1015 3192 1081 3247 ad
1100 3194 1491 3265 simpliciorum
1517 3200 1806 3257 utilitatem
1836 3213 1890 3258 et
1910 3218 2037 3274 pro-

2143 3188 2236 3241 κα“ι
2267 3186 2438 3250 ἕλεος.
2476 3186 2587 3239 Καὶ
2608 3185 2707 3257 τὴν
2740 3185 2838 3257 μὲν
2873 3184 3151 3256 προτέραν
3191 3182 3418 3236 δυνατὸν
3444 3181 3543 3235 καὶ
3589 3180 3726 3244 τοὺς

466 3276 696 3332 fectum.
717 3277 971 3338 Veritatis
995 3293 1175 3339 autem
1201 3287 1453 3344 columna
1484 3287 1715 3347 Basilius
1748 3290 2037 3362 Cappadox

2141 3280 2412 3353 ἐμπαθεῖς
2430 3280 2791 3351 ὑποδέχεσθαι
2823 3295 2839 3311 ·
2870 3280 2969 3350 τῆς
3002 3277 3059 3331 δὲ
3087 3277 3343 3349 δευτέρας
3391 3276 3442 3330 οἱ
3480 3275 3722 3338 ἀπαθεῖς

470 3369 607 3425 dixit
636 3370 1055 3444 ;Cognitionem
1074 3394 1169 3435 seu
1192 3380 1470 3438 scientiam
1494 3398 1615 3454 quae
1639 3385 1707 3440 ab
1727 3385 2043 3443 hominibus

469 3467 746 3534 provenit,
763 3470 1025 3527 continua
1046 3476 1326 3532 meditatio
1354 3486 1409 3533 et
1425 3479 1745 3536 exercitium
1769 3480 2039 3554 adauget:

469 3576 590 3614 eam
622 3571 804 3619 autem
837 3579 958 3634 quae
996 3568 1166 3637 gratia
1197 3568 1293 3623 Dei
1325 3572 1616 3642 contingit,
1645 3572 1858 3645 justitia
1881 3614 1897 3640 ,
1928 3574 2045 3645 pla-

470 3654 721 3712 cabilitas
755 3657 849 3713 ira:
877 3674 1069 3730 expers
1095 3701 1109 3723 ,
1162 3672 1220 3717 ct
1248 3662 1646 3720 misericordia.
1706 3665 1772 3722 Et
1804 3667 2042 3736 priorem

471 3745 657 3816 illam,
690 3750 854 3806 etiam
891 3753 986 3823 qui
1020 3753 1403 3813 aﬁ‘ectionibus
1442 3757 1665 3814 obnoxii
1712 3769 1863 3827 sunt,
1902 3760 2046 3816 obti-

470 3856 606 3898 nere
638 3853 897 3913 possunt;
936 3846 1296 3916 posteriorem
1331 3865 1481 3918 vero,
1513 3853 1605 3921 qui
1641 3851 1710 3907 ab
1738 3851 2044 3909 affectioni-

472 3934 579 3990 bus
602 3935 765 3993 alieni
798 3949 948 4005 sunt,
982 3948 1190 3997 tantum
1224 3943 1581 4013 perspiciunt,
1613 3946 1707 4016 qui
1734 3948 1895 4002 etiam
1923 3962 2049 4019 pre-

473 4028 708 4085 cationis
774 4040 1020 4103 tempore
1086 4037 1287 4091 mentis
1353 4053 1466 4094 sua:
1533 4039 1710 4094 lucem
1778 4056 1873 4096 eos
1940 4042 2043 4097 cir-

472 4122 901 4194 cumfulgenlem
964 4127 1173 4184 vident.
1226 4127 1343 4183 Lux
1403 4130 1496 4185 illa
1536 4129 1755 4204 Egypti
1823 4144 2046 4191 sanctus

426 4225 431 4230 '
474 4216 811 4273 Athanasius
849 4219 1157 4288 :Mensam,
1202 4222 1400 4293 inquit,
1434 4222 1612 4280 Moses
1640 4224 1705 4279 ad
1758 4226 2043 4283 Borealem

476 4324 688 4383 partem
712 4322 954 4370 statuere
970 4315 1156 4385 jussit.
1176 4315 1363 4372 Sciant
1388 4316 1555 4388 igitur
1574 4317 1843 4386 Gnostici,
1870 4330 1925 4375 et
1949 4319 2043 4390 qui

476 4407 722 4463 scientia:
738 4422 833 4463 seu
856 4410 1301 4480 contemplationi
1326 4426 1551 4481 operam
1578 4424 1798 4481 navant,
1821 4415 2044 4485 quinam

477 4502 741 4557 adversus
797 4517 895 4557 eos
939 4502 1287 4559 adversarius
1334 4505 1525 4575 spirct,
1560 4514 1618 4562 et
1682 4509 2041 4565 tcntationem

480 4609 695 4648 ιιιιιιειιι
747 4608 942 4665 magno
983 4594 1289 4650 sustineant
1332 4596 1518 4651 animo
1544 4638 1557 4662 ,
1603 4608 1766 4668 atque
1794 4598 2047 4656 alacriter

479 4687 547 4740 ad
579 4703 635 4742 se
662 4688 943 4742 venientes
973 4687 1245 4745 alimentis
1280 4688 1517 4744 foveant.
1553 4690 1937 4747 Thmuitarum
1959 4709 2050 4748 ec-

478 4781 657 4835 clesia:
693 4779 917 4849 angelus
957 4779 1047 4835 ille
1106 4780 1369 4852 Serapion
1404 4781 1560 4846 dixit,
1604 4795 1843 4839 mentem
1883 4783 2050 4855 spiri-

480 4872 615 4926 tuali
651 4873 961 4943 cognitione
991 4882 1046 4928 et
1068 4873 1297 4929 scientia
1336 4874 1599 4929 imbutam
1635 4877 1877 4946 perfecte
1911 4893 2048 4948 pur-

480 4965 628 5035 gari;
665 4965 1008 5029 charitatem,
1063 4965 1404 5021 ﬂammantes
1444 4968 1537 5023 ine
1584 4983 1770 5038 partes
1816 4986 2044 5037 curare;

482 5060 901 5127 temperantiam
937 5067 1121 5114 autem
1155 5098 1169 5123 ,
1209 5060 1493 5115 aliluentes
1527 5063 1692 5117 malas
1725 5063 2053 5132 cupiditates

480 5161 536 5205 ιιι
562 5152 817 5207 libidines
842 5154 1054 5209 sistere.
1088 5155 1161 5208 De
1197 5154 1539 5224 providentia
1572 5164 1630 5211 et
1676 5155 1879 5225 iudicio
1906 5172 2049 5211 sem-

483 5260 583 5314 p-~r
631 5254 806 5300 tecum
864 5247 983 5316 ipse
1028 5247 1269 5301 rationes
1320 5256 1533 5315 reputa,
1601 5263 1828 5317 magnus
1856 5248 1947 5303 ille
1998 5262 2053 5305 et

484 5335 680 5386 ductus
731 5332 924 5389 doctor
975 5334 1235 5404 Didymus
1290 5335 1403 5397 ait,
1439 5352 1736 5407 earumque
1772 5341 2051 5395 materiam

483 5422 567 5477 fac
605 5434 781 5480 tecum
833 5426 887 5480 in
944 5426 1204 5481 memoria
1234 5426 1625 5493 circumferas;
1686 5445 1809 5483 nam
1852 5446 2042 5490 omnes

2145 3376 2423 3446 μόνοιείσὶ
2449 3372 2689 3428 δεκτικοί
2728 3386 2744 3406 ⁶
2779 3372 2829 3426 οἳ
2888 3374 2984 3426 καὶ
3041 3370 3195 3443 παρὰ
3242 3371 3333 3425 τὸν
3389 3368 3581 3440 καιρὸν
3622 3366 3723 3437 τῆς

2144 3470 2454 3539 προσευχῆς
2480 3467 2541 3520 τὸ
2574 3467 2772 3521 οἰκεῖον
2822 3464 3025 3536 φέγγος
3075 3462 3171 3517 τοῦ
3224 3462 3315 3516 νοῦ
3370 3459 3725 3531 περιλάμπον

2143 3562 2344 3625 αὐτοὺς
2379 3558 2666 3630 θεωροῦσι.
2696 3558 2817 3611 Τῶν
2868 3554 3181 3626 Αἰγυπτίων
3216 3556 3244 3609 ό
3274 3555 3429 3622 ἅγιος
3493 3551 3724 3621 φωστὴρ

2157 3651 2636 3722 ’Δθανάσιος,Τὴν
2689 3647 2993 3720 τράπεζαν,
3032 3645 3187 3717 φησὶ,
3238 3642 3477 3714 Μωῦσῆς
3526 3645 3609 3707 είς
3663 3642 3724 3694 τὸ

2146 3744 2374 3819 Βόρειον
2400 3748 2564 3818 μέρος
2600 3745 2797 3814 στῆσαι
2837 3741 3158 3814 προσέταξε.
3188 3739 3620 3794 Γινωσκέτωσαν
3671 3736 3722 3789 οί

2145 3839 2447 3895 Γνωστικοὶ
2484 3839 2566 3901 τίς
2596 3839 2625 3890 ὁ
2650 3838 2827 3890 πνέων
2855 3837 2973 3889 ἐστὶ
3002 3837 3122 3888 κατ’
3155 3833 3355 3899 αὐτῶν,
3387 3832 3483 3886 καὶ
3542 3830 3724 3883 πάντα

2147 3934 2457 4005 πειρασμὸν
2491 3931 2752 4002 γενναίως
2772 3931 3215 4002 ύπομενέτωσαν,
3274 3928 3371 3981 καὶ⁵
3402 3926 3539 3998 μετὰ
3593 3941 3723 3995 προ⁹

2149 4029 2349 4101 θυμίας
2371 4028 2497 4091 τοὺς
2549 4026 2876 4097 προσιόντας
2925 4028 3297 4101 τρεφέτωσαν.
3351 4020 3549 4089 Ἔλεγε
3595 4018 3653 4074 δὲ
3693 4018 3722 4072 ό

2147 4085 2245 4193 τῆς
2275 4085 2557 4193 Θμουῖτιῦν
2592 4085 2919 4191 ;Εκκ).ησίας
2951 4085 3180 4187 ἀγγέλος
3233 4085 3543 4186 Σεραπίων,
3574 4113 3659 4165 ὅτι
3695 4112 3725 4164 ό

2148 4216 2273 4279 νοῦς
2318 4214 2417 4285 μὲν
2462 4212 2739 4276 πεπωκὼς
2786 4207 3166 4281 πνευματικὴν
3213 4205 3438 4274 γνῶσιν,
3497 4202 3723 4265 τελείως

2147 4309 2509 4381 καθαίρεται·
2540 4307 2729 4376 ἀγάπη
2749 4305 2806 4360 δὲ
2846 4305 2916 4359 τὰ
2973 4304 3374 4374 φλεγμαίνοντα
3412 4302 3576 4372 μόρια
3623 4298 3721 4353 τοῦ

2148 4405 2323 4475 θυμοῦ
2348 4400 2642 4474 θεραπεύει
2678 4416 2691 4430 ·
2725 4397 2968 4469 πονηρὰς
2998 4396 3054 4450 δὲ
3096 4394 3395 4464 ἐπιθυμίας
3425 4393 3723 4465 ἐπιρρεού-

2152 4512 2251 4559 σας
2279 4494 2491 4565 ἵστησιν
2521 4491 2840 4563 ἐγκράτεια.
2863 4489 3000 4553 Τοὺς
3028 4490 3157 4560 περὶ
3182 4487 3442 4557 προνοίας
3479 4489 3572 4540 καὶ
3601 4486 3723 4556 κρί-

2155 4605 2291 4651 σεως
2317 4586 2458 4640 κατὰ
2484 4585 2681 4638 σαυτὸν
2711 4585 2796 4638 ἀεὶ
2829 4580 3078 4652 γύμναζε
3109 4581 3324 4649 λόγους,
3347 4579 3514 4652 φησιν
3542 4582 3572 4633 ὁ
3626 4577 3724 4649 μέ-

2151 4698 2255 4750 γας
2290 4679 2385 4733 καὶ
2405 4680 2705 4748 γνωστικδς
2734 4676 3055 4739 διδάσκαλος
3083 4669 3319 4742 Δίδυμος
3350 4689 3365 4704 ’
3391 4672 3485 4727 καὶ
3514 4672 3724 4725 τούτων

2148 4775 2246 4837 τὰς
2280 4773 2413 4836 ὕλας
2447 4772 2535 4824 διὰ
2564 4771 2789 4841 μνήμης
2817 4770 3004 4841 φέρειν
3060 4768 3370 4838 πειράθητι.
3445 4767 3723 4825 Ἅπαντες

2151 4870 2257 4940 γὰρ
2286 4866 2468 4938 σχεδὸν
2496 4866 2552 4919 ὲν
2577 4865 2787 4927 τούτοις
2818 4862 3215 4933 προσπταίουσι
3250 4878 3266 4895 ο
3323 4862 3418 4916 καὶ
3460 4862 3585 4925 τοὺς
3623 4861 3723 4929 μὲν

2153 4964 2280 5032 περὶ
2302 4963 2535 5033 κρίσεως
2568 4959 2759 5030 λόγους
2807 4960 2862 5011 ἐν
2887 4960 2954 5029 τῇ
3011 4957 3242 5028 διαφορᾷ
3298 4959 3409 5010 τῶν
3458 4956 3724 5026 σωμάτων

2152 5053 2362 5110 καὶτοῦ
2396 5055 2604 5124 κόσμου
2632 5054 2905 5122 εὑρήσεις,
2937 5052 3063 5113 τοὺς
3096 5050 3151 5103 δὲ
3178 5049 3308 5121 περ)⁸
3350 5050 3607 5120 προνοέας
3663 5051 3725 5103 ὲν

2151 5153 2260 5209 τοῖς
2281 5149 2503 5218 τρόποις
2524 5146 2636 5211 τοῖς
2667 5146 2773 5199 ἀπὸ
2801 5144 2999 5209 κακίας
3028 5144 3122 5197 καὶ
3173 5145 3450 5213 ἀγνωσίας
3479 5146 3571 5198 ἐπὶ
3621 5146 3722 5209 τὴν

2153 5236 2428 5317 ἀρετὴν,ᾖ
2456 5241 2545 5293 ἐπὶ
2566 5240 2663 5310 τὴν
2684 5240 2885 5309 γνῶσιν
2908 5240 3056 5309 ἡμᾶς
3082 5239 3503 5308 ἐπανάγουσιν.»
3535 5239 3723 5294 Ταῦτα

2157 5334 2257 5405 μὲν
2283 5336 2555 5405 γεύματος
2586 5335 2749 5406 χάριν
2779 5335 2840 5387 ἐκ
2870 5334 2978 5386 τῶν
3009 5332 3285 5401 Εὑαγρίου
3320 5335 3450 5403 ὑμῖν
3484 5334 3725 5405 παρεθέ-

2153 5431 2311 5503 μεθα.

485 5523 603 5576 fere
636 5526 689 5576 in
731 5525 817 5577 his
848 5524 1273 5580 hallucinantur.
1333 5526 1397 5579 Et
1458 5524 1766 5578 doctrinam
1797 5526 2019 5595 quidem
2059 5527 2126 5581 de
2156 5524 2383 5594 judicio,
2445 5523 2498 5576 iu
2534 5523 2797 5577 varietate
2835 5536 3150 5592 corporum,
3188 5521 3471 5592 ipsiusque
3499 5520 3721 5585 mundi;

485 5620 551 5671 dl-
600 5621 943 5689 providcntia
992 5630 1205 5685 autem,
1247 5622 1303 5675 in
1354 5622 1600 5676 moribus
1654 5633 1815 5691 atque
1882 5622 2082 5690 modis,
2122 5624 2214 5692 qui
2276 5637 2377 5675 nos
2423 5638 2451 5674 a
2479 5619 2626 5673 vitiis
2665 5630 2721 5689 et
2760 5619 3066 5689 ignorantia
3100 5617 3169 5672 ad
3204 5620 3461 5674 virtutem
3495 5618 3581 5676 vel
3624 5631 3722 5673 co.

486 5716 784 5785 guitiouem
834 5716 1065 5782 ducunt,
1113 5715 1379 5773 invenies.
1417 5736 1436 5769 ι
1481 5717 1604 5774 Ihec
1630 5727 1819 5790 gustus
1878 5726 2088 5773 tantum
2128 5717 2320 5789 gratia,
2349 5731 2413 5771 ex
2450 5716 2660 5787 Evagrii
2696 5714 2917 5785 scriptis
2947 5715 3319 5787 apposuimus.

2060 5930 2127 5939 -..ι-
