4112 6224
340 347 448 412 ’125

904 473 941 525 Κ
955 473 1149 528 ΕΦΛΛ.
1211 473 1340 528 ΜΝ.

349 565 536 620 Μνεθιι
579 565 649 636 ἐν
680 567 940 636 συνόψει
984 569 1101 622 τῶν
1155 567 1489 634 τηνικαῦτα
1545 567 1912 636 περιϐοήτων·

417 635 694 707 ἀνδρῶν·
743 636 824 703 ὡς
852 635 1022 690 Θεοῦ
1078 641 1329 704 προνοίᾳ
1383 638 1780 707 ἀντιῤῥόπους
1833 635 1912 699 τῷ

412 705 646 776 μεγέθει
678 707 784 779 τοῦ
822 707 1131 776 κλύδωνος
1164 710 1270 764 τοῦ
1304 711 1438 765 τότε
1471 705 1740 779 ὅχρόνος
1778 709 1913 761 τού-

417 793 559 842 τους
588 777 902 845 ἐπήνεγκε.

412 888 571 943 Κατᾶ
589 888 646 942 δὲ
662 887 752 944 τὸν
781 889 948 944 αὐτὸν
988 890 1180 960 χρόνον
1212 891 1397 946 πολλοὶ
1423 893 1517 949 καὶ
1562 891 1714 947 ἄλλοι
1743 891 1799 945 ἓν
1852 907 1911 944 τε

342 980 622 1052 διαφόροις
645 983 966 1046 τόποις,καὶ
1001 985 1386 1056 μοναστηρίοις
1406 985 1699 1057 διέλαμπον
1777 985 1912 1040 θαυ-

343 1071 538 1145 μαστοὶ
575 1073 672 1128 καὶ
705 1073 977 1140 θεοφιλεῖς
1006 1076 1220 1148 ἄνδρες,
1279 1076 1374 1142 οὒς
1420 1077 1479 1132 ὲν
1543 1079 1700 1149 μνεία
1749 1079 1807 1130 τό
1847 1093 1911 1144 γε

339 1164 436 1219 νῦν
465 1165 589 1238 ἕχον
614 1168 788 1222 ποιεῖν
818 1168 923 1234 ἔξω
985 1168 1080 1222 τοῦ
1130 1168 1506 1236 προκειμένου
1567 1167 1860 1236 γενοίμεθα
1892 1183 1910 1200 ο

341 1258 571 1313 ἑκάστου
608 1261 702 1314 τόν
759 1277 817 1314 τε
851 1261 964 1332 βίον
993 1261 1086 1316 καὶ
1129 1260 1416 1315 πολιτείαν
1451 1262 1546 1314 καί⁸
1602 1261 1699 1314 ὅσα
1752 1262 1912 1331 ἐνήρ-

343 1368 520 1421 γησειν
546 1351 825 1424 θαύματα.
876 1353 940 1409 El
988 1353 1047 1408 δέ
1087 1370 1166 1426 τῳ
1202 1355 1405 1417 σκοπός
1442 1352 1512 1407 τά
1559 1353 1684 1420 περὶ
1737 1352 1914 1406 αὐτῶν

344 1444 592 1515 ἀκριϐῶς
629 1445 907 1510 διειδέναι,
938 1447 992 1500 τί
1021 1463 1082 1500 τε
1131 1441 1286 1500 εἶπον
1326 1446 1419 1500 καὶ
1483 1445 1725 1517 ἔπραξαν
1778 1444 1914 1516 πρὸς

345 1536 442 1614 τὴν
467 1536 576 1591 τῶν
606 1535 915 1592 ἀκουόντων
940 1536 1235 1604 ὠερέλειαν,
1286 1536 1433 1599 ὅπως
1491 1551 1549 1589 τε
1601 1534 1697 1588 καὶ
1747 1533 1916 1603 θῆρες

344 1627 532 1692 αὐτοῖς
565 1629 943 1701 ὑπετάγησαν,
975 1629 1270 1694 naniam;
1299 1630 1328 1683 ό
1351 1627 1608 1700 Εὐαγρίῳ
1642 1625 1910 1698 μαθητευο

345 1721 458 1786 θεὶς
481 1723 550 1778 τὰ
573 1725 704 1794 περὶ
737 1725 917 1777 αὐτῶν
946 1726 1122 1777 πάντα
1161 1725 1240 1786 εἰς
1270 1723 1330 1778 ἓν
1375 1721 1636 1792 ἁθροίσας
1687 1718 1913 1787 βιϐλίον,

1290 353 1888 415 ECCLESMSTIC.’E
1933 353 2323 417 HISTORIEZ
2365 357 2430 418 Μ
2450 357 2506 418 Β.
2553 357 2648 417 XL
3472 351 3580 415 7’26

2471 475 2626 544 20],
2667 471 2892 530 CAPUT
2941 469 3119 524 XLIV.

2017 564 2196 620 Brevis
2232 569 2659 622 ronmmn.:rntio
2688 577 2938 635 tanquam
2989 566 3043 618 in
3075 580 3281 617 summa
3320 563 3584 618 riu-rerum

2085 638 2199 700 eius
2239 641 2409 691 (etatis
2448 640 2701 701 virorum,
2755 647 2808 689 ut
2839 654 2923 691 eos
2967 636 3142 688 divina
3178 636 3497 700 providenti:
3535 636 3589 686 ἱιί

2088 718 2290 778 tempus
2321 717 2572 777 umquam
2597 707 2846 778 scapulas
2890 715 3071 762 contra
3097 707 3374 758 immensus
3396 709 3585 777 [iui-tus

2087 789 2134 832 et
2166 776 2498 848 tempestates
2525 776 2726 833 tulerit.

2089 895 2292 951 Eodem
2342 903 2524 948 autem
2573 902 2822 965 tempore
2873 894 3026 949 multi
3069 894 3229 948 etiam
3282 891 3370 945 alii
3417 893 3469 946 in
3503 891 3586 946 di-
3627 889 3630 896 '

2014 988 2192 1045 versis
2229 990 2363 1046 locis
2414 998 2472 1046 ct
2519 988 2864 1043 monasteriis
2893 987 3134 1052 cinxere,
3167 983 3473 1040 admirandi
3528 993 3585 1038 et

2016 1081 2110 1138 Dei
2142 1092 2386 1137 amantes
2421 1081 2548 1147 viri,
2579 1094 2716 1153 quos
2765 1091 3195 1134 commemorare
3226 1077 3329 1132 hoc
3375 1077 3495 1131 loco
3537 1076 3581 1131 si

2015 1175 2276 1234 velimus,
2307 1184 2362 1231 et
2394 1173 2658 1244 cujusque
2691 1173 2855 1227 vitam
2883 1212 2898 1238 ,
2934 1184 3116 1226 mores
3148 1179 3202 1225 et
3236 1179 3353 1225 acta
3390 1184 3582 1223 recen-

2015 1283 2156 1335 sere,
2194 1268 2260 1324 ah
2285 1269 2532 1324 instituto
2563 1277 2750 1323 nostro
2778 1265 2939 1337 longe
2957 1264 3407 1336 produceremur.
3424 1263 3579 1332 Quod

2016 1363 2061 1416 si
2113 1361 2238 1432 quis
2291 1369 2546 1417 accurate
2573 1375 2636 1415 ea
2683 1373 3014 1430 cognoscere
3069 1359 3287 1426 cupiat,
3324 1357 3453 1426 quid
3506 1355 3581 1410 illi

2017 1453 2293 1510 scilicetct
2320 1452 2552 1508 fecerint
2579 1462 2636 1507 et
2663 1450 2901 1507 dixerint
2929 1449 2993 1505 ad
3026 1450 3338 1505 auditorum
3375 1449 3585 1505 utilitao

2021 1553 2150 1610 tem,
2204 1553 2369 1614 atque
2429 1543 2596 1600 etiam
2628 1551 2688 1598 ut
2739 1541 2867 1597 ferte
2916 1541 3173 1612 subjecta:
3220 1539 3303 1596 eis
3355 1538 3581 1602 fuerint.

2019 1636 2292 1694 Palladius
2347 1634 2564 1706 Evagrii
2617 1633 2938 1706 discipulus,
2993 1633 3090 1703 qui
3143 1647 3235 1688 res
3281 1647 3470 1688 eorum
3531 1631 3585 1684 iu

2019 1744 2189 1784 unum
2220 1728 2440 1799 collegit
2469 1728 2699 1794 librum,
2737 1727 2942 1797 optime
2977 1726 3269 1796 exposuit:
3307 1739 3468 1796 quem
3491 1722 3584 1795 qui

343 1816 544 1888 ἄριστα
566 1816 808 1885 διεξῆλθε
843 1834 858 1850 ⁸
893 1819 985 1870 καὶ
1034 1815 1209 1888 τούτῳ
1261 1817 1373 1878 τοῖς
1426 1814 1769 1885 βουλομένοις
1819 1814 1904 1866 ιν-

2027 1822 2218 1885 rolunt,
2263 1822 2444 1893 legere
2495 1829 2744 1891 possunt.
2771 1819 2908 1875 Nam
2963 1819 3019 1873 in
3069 1832 3137 1873 eo
3187 1832 3296 1872 non
3341 1817 3586 1871 virorum

341 1908 638 1978 τυγχάνειν
668 1911 1072 1982 προτρέπομεν.
1101 1907 1191 1961 Ἐν
1213 1901 1256 1978 ᾧ
1300 1907 1404 1962 οὐκ
1448 1906 1657 1976 ἀνδρῶν
1707 1907 1905 1977 μόνων,

344 2000 482 2055 ἀλλὰ
508 2001 603 2055 καὶ
657 2003 933 2070 γυναικῶν
968 2002 1117 2072 βίους
1148 1999 1460 2071 ἐφαμίλλως
1510 1998 1910 2068 πολιτευσαμέ-

347 2112 453 2148 νων
480 2095 592 2157 τοῖς
647 2095 1072 2165 προειρημένοις
1129 2094 1293 2158 θείοις
1346 2093 1606 2162 ἀνδράσιν
1665 2089 1912 2152 εὐλαϐῶς

344 2187 705 2261 διεξέρχεται.
773 2188 935 2244 Ἀλλά
981 2189 1246 2258 Ιὶὑάγριος
1311 2187 1412 2256 μὲν
1471 2186 1564 2239 καὶ
1618 2183 1912 2245 Παλλάδιος

348 2284 442 2335 ἐπὶ
465 2282 562 2353 τῆς
585 2282 848 2354 ἐχομένης
881 2282 1122 2354 ἡνθησαν
1153 2280 1451 2352 βασιλείας.
1487 2272 1654 2335 Οὗτοι
1684 2280 1785 2352 μὲν
1822 2277 1912 2331 οὖν

347 2373 588 2444 ἀσκηταὶ
608 2375 702 2427 καὶ
733 2371 833 2444 τῆς
863 2373 1068 2444 ἀρετῆς
1103 2375 1378 2443 ἐπιμελεῖς
1411 2373 1752 2443 φροντισταὶ,
1795 2372 1916 2424 κατ’

351 2467 527 2518 ἐκεῖνο
549 2465 846 2540 διέπρεπον
874 2466 969 2521 τοῦ
993 2466 1188 2537 καιροῦ
1224 2482 1239 2498 '
1273 2468 1330 2520 ὲν
1359 2465 1403 2519 δ’
1459 2465 1781 2531 ἐπισκόποις
1813 2465 1921 2518 ηας

351 2557 550 2622 σίλειός
577 2575 636 2612 τε
667 2562 696 2613 ό
721 2559 895 2629 μέγας
923 2560 1016 2612 καὶ
1048 2559 1354 2630 Γρηγόριοι-
1392 2558 1580 2628 dape),
1611 2557 1638 2610 ὃ
1682 2572 1743 2610 τε
1790 2557 1916 2609 Θεο-

349 2650 506 2721 λόγος
551 2651 646 2706 καὶ
671 2654 699 2707 ὀ
719 2652 828 2706 τῶν
847 2651 1151 2706 Νυσσαέων
1177 2651 1404 2721 φωστὴρ
1437 2667 1452 2684 ο
1482 2653 1510 2704 δ
1532 2651 1626 2722 μὶν
1651 2649 1923 2718 σύσκηνος

353 2747 451 2800 καὶ
480 2747 760 2817 σύμπνους
786 2745 980 2816 ἐκείνῳ
1012 2747 1107 2800 καὶ
1134 2747 1219 2816 ἐφ’
1249 2746 1421 2800 ἅπασι
1451 2743 1755 2816 συνεργῶν,
1813 2744 1842 2795 ό
1880 2743 1924 2795 δ’

352 2836 577 2908 ἀδελφὸς
596 2837 670 2902 ὡς
689 2837 922 2908 μάλιστα
938 2837 1238 2902 καθεστώς.
1262 2836 1527 2908 Συνήργει
1549 2836 1605 2890 δὲ
1623 2836 1804 2899 αὐτοῖς
1832 2834 1926 2889 καὶ

357 2929 562 3000 Πέτρος
583 2929 784 3001 ἀδελφά
803 2930 1037 3001 φρονῶν,
1054 2933 1169 2994 τοῖς
1181 2930 1360 2992 αὐτοῖς
1384 2928 1626 3001 πατράσι
1643 2927 1923 2999 χρησάμε-

357 3041 444 3089 νος
471 3018 547 3090 οἷς
573 3025 666 3080 καὶ
703 3025 1001 3087 Βασίλειοςο
1031 3025 1128 3078 καὶ
1158 3023 1401 3087 παιδείας
1439 3024 1537 3093 μὲν
1572 3022 1665 3092 τῆς
1686 3020 1920 3090 θύραθεν

357 3123 458 3175 οὒκ
495 3123 572 3184 είς
619 3121 775 3176 τόσον
795 3122 966 3193 ἦκων,
1004 3123 1199 3192 ἐπίσης
1233 3121 1278 3175 δ’
1301 3121 1527 3184 ἐκείνοις
1554 3120 1651 3184 τας
1682 3120 1776 3174 τοῦ
1803 3119 1918 3190 βίου

361 3217 725 3284 μαρμαρυγὰς
746 3215 948 3282 ἀφιείς.
964 3207 1122 3270 Οὗτοι
1137 3213 1234 3283 μὲν
1255 3213 1312 3269 ἐν
1332 3212 1691 3283 Καππαδοκίᾳ
1706 3212 1927 3282 διέλαμ-

360 3321 458 3360 πον
497 3322 513 3338 ο
547 3310 605 3361 ἐν
631 3307 685 3362 δὲ
711 3308 923 3380 ιΙισιὸίςι
970 3310 1274 3380 ὐπτιμος,
1323 3312 1415 3361 καὶ
1438 3310 1495 3360 ἐν
1534 3310 1597 3379 τῇ
1632 3309 1924 3362 Λυκαόνων

355 3405 385 3458 ὁ
418 3402 584 3466 πολὺς
632 3401 980 3473 ’Λμφιλόχιος
1009 3441 1025 3464 ,
1076 3403 1215 3473 ὑπὲρ
1261 3400 1361 3473 τῆς
1419 3401 1751 3472 προγονικῆς
1806 3419 1928 3471 γεν-

359 3496 526 3559 ναίως
580 3495 968 3566 ἀνθιστάμενοι
1025 3496 1283 3558 πίστεως.
1336 3495 1424 3547 Ἐν
1465 3494 1564 3562 μὲν
1608 3494 1699 3548 οὖν
1730 3495 1794 3563 τῇ
1852 3493 1927 3564 ἕῳ

355 3591 505 3647 οὗτοι
532 3591 808 3664 πρόϐολοι,
835 3591 955 3662 μετ’
997 3589 1333 3654 Ἀθανάσιον,
1355 3587 1452 3658 τῆς
1477 3587 1626 3658 ἱερᾶς
1648 3585 1806 3657 ἡμῶν
1836 3587 1926 3638 πί-

361 3703 529 3749 στεως
557 3681 698 3756 ἦσαν
736 3698 752 3716 ·
793 3685 852 3738 ὲν
875 3683 930 3737 δὲ
955 3685 1022 3754 τῇ
1056 3682 1264 3754 ἑσπέρᾳ
1315 3683 1570 3752 Δάμασος
1633 3681 1729 3748 τῆς
1795 3680 1928 3732 Ῥωο

364 3780 545 3848 μαίων
575 3775 902 3849 Ἐκκλησίας
929 3775 1252 3846 ἡγούμενος,
1286 3774 1420 3828 πολὺ
1446 3773 1507 3826 τὸ
1543 3777 1640 3842 τῆς
1668 3773 1929 3842 ἀληθείας

360 3873 566 3944 φέγγος
588 3869 887 3928 ἀπέστιλϐε
924 3886 938 3901 ·
971 3872 1062 3925 καὶ
1090 3867 1621 3937 όθεῐοςἈμόρόσιος
1671 3867 1766 3936 τῆς
1818 3867 1931 3919 Με-

359 3967 624 4022 διολάνων
647 3964 1131 4037 ἐγκεχειρισμένος
1162 3961 1287 4025 τοὺς
1315 3961 1507 4024 οἴακας
1535 3975 1548 3992 ⁸
1578 3960 1628 4014 οἳ
1678 3960 1776 4014 καὶ
1799 3962 1932 4032 πόρε

361 4060 536 4130 ρωθεν
555 4060 810 4130 λαχόντες
835 4059 1025 4119 οἰκεῖν,
1075 4056 1254 4110 πυκνά
1284 4053 1352 4108 τὰ
1383 4053 1480 4117 τῆς
1514 4051 1770 4124 ἀληθείας
1803 4050 1928 4122 βέλη

361 4155 742 4223 κατέπεμπον.
771 4151 884 4206 Καὶ
913 4150 1060 4205 ἄλλοι
1105 4150 1162 4203 δὲ
1216 4149 1461 4203 πλεῖστοι
1515 4145 1611 4210 τὰς
1672 4147 1931 4217 ἐσχατιὰς

2012 1921 2243 1977 tantum,
2274 1912 2368 1968 sed
2406 1921 2463 1968 et
2497 1912 2810 1978 mulierum,
2842 1925 2964 1980 quae
2995 1923 3120 1964 eum
3145 1910 3246 1974 eis,
3275 1923 3413 1977 quos
3444 1907 3585 1962 dixi—

2015 2022 2156 2073 mus,
2185 2005 2386 2061 divinis
2413 2007 2546 2062 viris
2569 2021 2780 2060 morum
2809 2004 3100 2061 sanctitate
3121 2013 3424 2068 certarunt,
3444 2003 3588 2057 vitas

2014 2098 2102 2171 pie
2123 2098 2434 2169 descripsit.
2469 2098 2734 2168 Evagrius
2778 2105 2961 2152 autem
3006 2106 3061 2152 et
3106 2093 3403 2161 Palladius,
3444 2095 3586 2165 quod

2017 2189 2260 2260 proxime
2285 2197 2530 2245 secutum
2556 2197 2660 2248 est,
2687 2187 2918 2258 imperio
2942 2186 3248 2241 ﬂoruerunt
3277 2185 3375 2255 (l).
3409 2185 3589 2255 Atque

2017 2283 2052 2337 ii
2087 2283 2182 2350 qui
2205 2287 2306 2338 'cm
2342 2281 2596 2338 monachi
2635 2280 2920 2352 sedulique
2953 2292 3010 2336 et
3051 2279 3339 2351 diligentes
3371 2281 3590 2334 virtutis

2019 2377 2378 2442 doctores,eo
2409 2386 2654 2447 tempore
2688 2374 2959 2431 enituere.
2979 2374 3128 2429 Inter
3153 2373 3442 2447 episcopos
3459 2387 3588 2428 vero

2022 2470 2256 2525 Basilius
2281 2484 2507 2540 magnus
2533 2478 2589 2524 et
2621 2467 2868 2537 Gregorii
2893 2467 3076 2536 ambo,
3099 2467 3412 2538 Theologns
3435 2466 3590 2521 vide-

2021 2562 2171 2630 licet,
2203 2571 2259 2615 et
2279 2561 2534 2633 Nysscnte
2564 2561 2716 2618 nrhis
2757 2558 3030 2618 luminare
3070 2577 3086 2618 :
3119 2559 3260 2616 alter
3283 2561 3430 2616 illius
3458 2576 3590 2615 cou-

2025 2657 2346 2717 ttthernalis,
2396 2665 2561 2726 atque
2611 2655 2666 2711 in
2717 2655 2883 2712 rebus
2937 2653 3197 2711 omnibus
3241 2654 3592 2710 consentiens

2026 2751 2242 2821 adjutor
2289 2759 2344 2804 et
2376 2750 2580 2812 socius,
2619 2750 2757 2806 alter
2785 2757 2968 2806 autent
3001 2747 3170 2805 frater
3205 2747 3592 2817 coniunctissi-

2027 2855 2165 2894 mus.
2198 2839 2531 2896 Administer
2560 2840 2725 2896 etiam
2756 2854 2948 2896 eorum
2990 2838 3134 2904 fuit,
3163 2839 3406 2897 fraterno
3438 2854 3596 2908 mor--

2026 2947 2120 2988 sus
2148 2935 2351 2999 animo,
2379 2933 2590 3000 Petrus,
2621 2933 2827 2990 eisdem
2863 2933 3062 3002 quibus
3091 2930 3320 2989 Basilius
3354 2935 3596 3003 parenti-

2030 3024 2130 3082 hus
2182 3036 2510 3098 prognatus,
2551 3027 2800 3098 profanis
2843 3026 3063 3098 quidem
3105 3027 3308 3083 litteris
3335 3043 3443 3082 non
3478 3035 3595 3080 tan-

2033 3134 2218 3190 tepere
2239 3120 2502 3187 imbutus,
2530 3121 2751 3177 virtutis
2799 3129 2981 3176 autem
3032 3120 3323 3191 Splendore
3351 3120 3458 3174 illis
3484 3134 3593 3173 non

2030 3214 2279 3268 inferior.
2314 3211 2406 3268 Isti
2455 3213 2508 3267 in
2534 3211 2875 3283 Cappadocia
2909 3212 3133 3268 fulsere.
3165 3213 3224 3268 In
3257 3211 3458 3269 Pisidia
3498 3227 3596 3265 an-

2031 3315 2138 3360 tem
2189 3303 2460 3374 Optimus,
2513 3314 2569 3359 et
2622 3305 2676 3359 in
2710 3303 2994 3376 Lycaonia:
3044 3305 3334 3376 metropoli
3369 3320 3596 3374 magnus

2026 3397 2458 3469 Amphilochius,
2479 3413 2577 3467 pro
2607 3396 2711 3453 fide
2729 3414 2756 3452 a
2780 3397 3076 3470 majoribus
3105 3409 3347 3469 θεοίνια,
3379 3397 3597 3454 fortiter

2027 3489 2428 3561 depugnarunt.
2465 3490 2532 3546 Et
2581 3491 2614 3545 ii
2660 3500 2917 3562 tanquam
2971 3493 3381 3564 propugnacula
3428 3507 3624 3548 sacra:-

2029 3583 2309 3653 religionis
2335 3594 2556 3647 nostrae,
2578 3583 2630 3638 in
2649 3583 2870 3638 Oriente
2885 3591 3004 3654 post
3035 3584 3388 3640 Athanasium
3419 3584 3594 3640 fuere.

2029 3677 2084 3732 In
2115 3676 2407 3733 Occidente
2454 3689 2635 3733 autem
2661 3719 2674 3742 ,
2713 3678 2979 3733 Damasus
3026 3679 3286 3734 Romanae
3339 3679 3600 3736 Ecclesia:

2030 3770 2338 3839 prmfectus,
2369 3771 2536 3826 multa
2565 3770 2814 3827 veritatis
2845 3772 2964 3826 luce
2991 3773 3338 3828 eoruscavit:
3373 3783 3429 3829 et
3459 3789 3600 3845 pra:-
3635 3845 3638 3850 _

2031 3873 2181 3918 terea
2224 3863 2385 3919 divus
2443 3863 2786 3930 Ambrosius,
2839 3864 3262 3922 Mediolanensis
3325 3867 3596 3922 antistes:

2029 3955 2123 4025 qui
2172 3957 2426 4028 quamvis
2473 3957 2630 4028 longa
2686 3957 2932 4013 locorum
2977 3959 3384 4032 intercapedine
3421 3962 3600 4017 dissiti

2029 4058 2236 4115 essent,
2287 4049 2453 4105 multa
2501 4058 2678 4104 tamen
2737 4051 2986 4107 veritatis
3021 4054 3124 4108 tela
3174 4065 3366 4109 contra
3417 4053 3602 4110 hostes

2029 4141 2282 4196 emisere.
2314 4140 2722 4211 lnsuperctalii
2749 4142 2994 4213 plurimi,
3028 4145 3121 4214 qui
3147 4153 3422 4201 extremas
3445 4155 3604 4201 terra:

359 4247 459 4316 τῆς
493 4247 596 4315 γῆς
636 4247 806 4299 οἰκεῖν
860 4241 1291 4316 ἠναγκασμένοι,
1331 4237 1420 4295 οἷά
1482 4257 1622 4294 τισιν
1665 4238 1923 4300 ἀκοντίοις

2032 4250 2155 4289 oras
2173 4235 2409 4290 incolere
2431 4236 2602 4291 coacti
2626 4235 2857 4303 fuerant,
2877 4238 3044 4293 veluti
3069 4241 3325 4309 quaslam
3357 4242 3600 4310 sagittas,

359 4341 471 4402 τοῖς
501 4341 796 4410 γράμμασι
829 4338 1122 4409 χρώμενοι,
1173 4334 1298 4400 τοὺς
1336 4336 1622 4404 πολεμίουτ
1656 4334 1751 4404 τῆς
1809 4335 1923 4386 Ἐκ-

2034 4327 2088 4380 in
2116 4327 2376 4384 Ecclesia:
2413 4327 2757 4384 adversarios
2795 4329 3054 4399 epistolas
3096 4342 3227 4387 sunt
3267 4332 3515 4398 iaculati,
3549 4344 3605 4388 et

363 4433 591 4502 κλησίας
645 4429 952 4501 ἡκύντιζυν,
1008 4430 1132 4492 τοὺς
1194 4427 1252 4483 δὲ
1313 4428 1568 4498 γνησίους
1617 4426 1923 4497 ἐστήριζον.

2034 4435 2164 4474 suos
2193 4419 2354 4475 simul
2387 4419 2609 4490 scriptis
2652 4421 3070 4477 confirmarunt.
3110 4423 3272 4495 202
3319 4423 3605 4481 Universi-

362 4523 453 4593 Ί“ᾦ
476 4523 584 4592 γὰρ
616 4520 835 4591 μεγέθει
863 4518 959 4572 τοῦ
999 4519 1267 4582 κλύδωνος
1294 4521 1323 4571 ό
1351 4517 1458 4570 τῶν
1490 4518 1627 4571 ὅλων
1662 4516 1923 4586 πρύτανις

2036 4511 2159 4567 tatis
2209 4526 2442 4582 namque
2498 4512 2660 4581 hujus
2701 4512 3050 4579 moderator,
3099 4514 3364 4572 adversus
3393 4526 3602 4573 tantam

363 4614 726 4685 ἀντιρρόπους
758 4611 967 4681 ἔπεμψε
987 4613 1082 4664 καὶ
1111 4610 1236 4674 τοὺς
1285 4609 1626 4680 κυϐερνήτας
1661 4625 1677 4640 ο
1716 4607 1823 4660 τῶν
1870 4625 1923 4660 τε

2032 4605 2294 4660 fluctuum
2345 4614 2401 4659 et
2441 4605 2780 4672 tempestatis
2827 4606 3294 4676 magnitudinem,
3363 4618 3606 4665 rectores

366 4701 597 4769 ποικίλῳ
637 4701 735 4755 καὶ
755 4699 965 4770 σφοδρῷ
1001 4699 1110 4753 τῶν
1161 4698 1438 4768 πολεμίων
1477 4700 1569 4752 καὶ
1611 4699 1923 4768 στρατηγῶν

2033 4712 2254 4767 quoque
2295 4711 2325 4750 e
2357 4697 2575 4751 diverso
2607 4697 2760 4753 misit
2801 4699 3080 4771 egregios:
3111 4709 3165 4754 et
3195 4713 3386 4756 contra
3419 4703 3605 4758 multi-

362 4797 626 4866 ἀνάλογον
658 4793 948 4859 ἀντέταξεν
975 4793 1179 4864 ἀρετήν
1211 4809 1226 4825 ο
1289 4795 1381 4845 καὶ
1408 4791 1484 4862 τῷ
1547 4793 1770 4860 ἀκμαίῳ
1832 4791 1930 4860 τῆς

366 4891 523 4942 νόσου
547 4890 667 4952 ταῖς
694 4886 806 4941 τῶν
857 4887 1067 4956 καιρῶν
1122 4885 1460 4954 δυσχερείαις
1508 4885 1576 4938 τὰ
1631 4885 1933 4950 ἀλεξίκακοι

367 4983 463 5034 καὶ
491 4981 782 5052 πρόσφορα
808 4979 1078 5048 ἐπέστησε
1118 4979 1388 5050 φάρμακα
1418 4995 1430 5008 ·
1459 4977 1635 5046 φορὰν
1666 4980 1935 5032 τοσούτων

369 5073 580 5144 ἀνδρῶν
612 5072 672 5126 ιν
726 5089 785 5126 τε
837 5074 952 5136 τοῖς
1005 5070 1235 5142 πλήθεσι
1290 5071 1383 5124 καὶ
1431 5072 1550 5132 ταῖς
1599 5070 1938 5140 ἐκκλησίαις,

370 5165 508 5232 πρὸς
560 5161 621 5217 δὲ
670 5162 767 5216 καὶ
808 5162 1195 5232 μοναστηρίοις
1249 5160 1347 5214 καὶ
1401 5161 1585 5232 όρεσιν
1631 5159 1938 5226 ἀναδείξας.

2035 4789 2281 4842 tudinem
2321 4796 2378 4842 et
2423 4789 2825 4843 vehementiam
2877 4789 3143 4854 hostium,
3175 4796 3604 4849 convenientem

2039 4879 2240 4935 ducum
2274 4880 2529 4951 opposuit
2552 4885 2842 4936 virtutem:
2875 4893 3040 4954 atque
3065 4884 3330 4942 adversus
3354 4887 3606 4943 morbum

2041 4980 2344 5040 temporum
2375 4968 2693 5026 diﬂlcultate
2733 4970 3008 5042 vigentem
3030 5012 3046 5039 ,
3065 4973 3354 5031 commoda
3387 4987 3443 5032 et
3470 4992 3612 5048 prae-

2043 5063 2219 5119 sentia
2277 5061 2528 5117 exhibuit
2581 5062 2860 5128 remedia;
2915 5064 3011 5135 qui
3065 5074 3275 5122 tantum
3333 5077 3613 5127 tantorum

2046 5157 2291 5212 virorum
2325 5157 2376 5209 in
2409 5155 2595 5226 populi
2631 5157 3018 5224 multitudine,
3053 5160 3108 5214 in
3154 5162 3403 5218 ecclesiis
3450 5173 3616 5235 atque

368 5255 441 5307 0-3
470 5252 672 5325 ταύτης
694 5253 750 5306 δὲ
777 5251 875 5324 τῆς
904 5250 1244 5322 προμηθείας
1263 5254 1330 5305 τὰ
1373 5251 1620 5321 ἡμέτερα
1670 5252 1923 5322 κατηξίω-

2043 5250 2098 5305 in
2135 5251 2269 5319 ipsis
2294 5253 2642 5308 monasteriis
2679 5262 2735 5308 et
2771 5254 3072 5321 montibus,
3099 5268 3421 5327 proventum
3452 5261 3616 5316 dede-

373 5347 526 5398 σενὸ
557 5345 666 5401 τῶν
720 5345 858 5398 ὅλων
892 5343 1048 5406 Θεὸς,
1103 5343 1238 5396 ἀλλά
1311 5342 1402 5398 καὶ
1452 5341 1621 5414 ἄλλης
1678 5342 1939 5412 μεγίστης

370 5436 696 5506 κηδεμονίας
724 5438 987 5505 πρύτανις
1011 5435 1190 5508 ὤφθη.
1224 5434 1488 5500 Ἐλκύσας
1512 5437 1621 5506 γὰρ
1646 5436 1706 5490 τὸ
1724 5435 1938 5489 Γότθων

370 5531 521 5596 ἔθνος
551 5531 641 5584 ἐπὶ
671 5530 912 5604 Θρᾴκης,
955 5532 1046 5586 τὸν
1076 5532 1248 5587 αἴτιον
1272 5532 1370 5602 τῆς
1419 5531 1733 5602 συγχύσεως
1768 5529 1938 5601 κατεῖ-

371 5640 467 5691 γεν
507 5623 598 5676 ἐπὶ
618 5623 710 5677 τόν
732 5623 1006 5694 Βόσπορον
1029 5642 1044 5657 ο
1081 5625 1174 5678 καὶ
1230 5625 1499 5694 προφανεῖ
1555 5623 1937 5693 παραδέδωκεν

373 5714 621 5786 ἀπωλείᾳ
643 5715 735 5768 τὸν
757 5718 894 5769 κατὰ
923 5715 1057 5770 Θεοῦ
1092 5715 1252 5785 μόνου
1276 5715 1370 5769 καὶ
1395 5713 1502 5768 τῶν
1531 5714 1738 5768 ἐκείνου
1775 5713 1936 5784 θερα-

446 5857 522 5924 (Ι)
555 5856 681 5911 Post
713 5857 952 5915 Valentis
983 5869 1230 5914 mortem.
1270 5857 1480 5914 Socrat.

2041 5342 2133 5397 rit.
2164 5343 2275 5398 Nec
2309 5359 2377 5399 eo
2414 5353 2628 5398 tantum
2664 5347 2825 5402 modo
2859 5363 3045 5403 rerum
3078 5351 3455 5407 universarum
3474 5353 3618 5410 Deus

2046 5435 2216 5488 rebus
2267 5438 2471 5489 nostris
2498 5441 2784 5491 consulere
2821 5448 2905 5494 est
2933 5438 3187 5509 dignatus
3215 5484 3229 5506 ,
3263 5442 3359 5497 scd
3395 5455 3450 5498 et
3478 5445 3616 5497 alte.

2046 5530 2159 5586 rius
2195 5529 2412 5585 maximi
2456 5530 2704 5588 henelicii
2752 5543 3075 5601 procurator
3107 5544 3268 5604 atque
3301 5537 3618 5594 conciliator

2045 5637 2165 5678 esse
2206 5638 2355 5677 vsus
2399 5631 2479 5676 est
2509 5622 2610 5692 (‘2).
2661 5623 2939 5680 Pertracta
2998 5640 3230 5695 namque
3285 5623 3614 5685 Gotthorum

2046 5726 2203 5787 gente
2235 5715 2288 5768 in
2308 5715 2916 5778 Thraciam,auctorem
2947 5719 3106 5771 etiam
3127 5717 3295 5772 Iuliae
3327 5725 3380 5772 et
3409 5719 3616 5776 eonfu~

2116 5859 2178 5926 ε),
2220 5860 2435 5914 Sozam.
2473 5858 2566 5913 lib.
2601 5875 2670 5921 νι,
2698 5874 2814 5928 cap.
2849 5858 2941 5912 35.
