4038 6222
380 390 494 452 733

1266 391 1868 455 ECCLESIASTiCxE
1910 392 2307 455 HISTORIB
2349 396 2491 457 ιλιι.
2541 396 2642 457 Χῖ.

3523 388 3641 457 τοι

377 512 620 573 ptisana
664 500 787 567 οἴει,
820 500 856 557 ὃ.
885 500 1234 555 παντάπασιν
1285 503 1587 575 ἀλλοτρίως
1643 480 1780 575 πρὸς
1824 503 1947 573 Χρι-

2070 510 2228 559 acere
2277 505 2440 571 dixit,
2479 506 2573 575 qui
2620 506 2773 570 prius
2814 503 2978 560 iidem
3022 506 3181 577 ejus,
3215 520 3382 578 quam
3427 520 3632 577 cegno-

380 596 504 650 στὸν
537 595 671 665 ἔχει,
706 593 800 649 καλ
859 595 997 666 πρὸς
1053 594 1182 658 τοὺς
1236 594 1415 667 ὀρθῶς
1472 595 1796 661 δοξάζοντας
1838 595 1949 650 τῶν

378 689 701 759 ἀνθρώπων.
756 707 776 741 ι
814 688 1000 742 Ταῦτα
1049 688 1106 742 δέ
1159 689 1337 759 λέγων
1370 689 1683 761 ἐπώμνυτο,
1749 689 1825 761 μὴ
1881 690 1949 745 ἂν

378 783 637 855 ὑποσχεῖν
689 797 820 835 ποτε
865 780 967 851 τὴν
1014 781 1195 851 κάραν
1239 782 1476 853 Δουκίῳ.
1510 784 1623 839 Καὶ
1663 782 1729 854 δὴ
1757 782 1807 836 oi
1838 781 1951 837 τῶν

388 875 678 944 Ῥωμαίων
707 875 978 946 ἡγεμόνες
1010 875 1488 948 παραιτησάμενοι
1519 874 1774 939 Λούκιον,
1808 874 1951 947 πρὸς

378 970 505 1027 τοὺς
555 968 614 1021 ἐν
662 968 810 1037 φυγῇ
860 965 1022 1029 ὄντας
1077 966 1190 1020 τῶν
1240 968 1560 1022 ἐπισκόπων
1603 968 1699 1023 τὸν
1743 967 1951 1040 Μωσῆν

379 1061 643 1127 ἁγουσιν*
678 1056 739 1123 ἐξ
770 1054 847 1113 ὧν
892 1059 957 1112 τδ
1009 1059 1222 1131 χρίσμα
1282 1060 1381 1130 τῆς
1413 1058 1695 1132 ίεραρχίας
1746 1060 1951 1126 λαϐὼν,

381 1153 512 1221 περὶ
544 1150 672 1216 τοὺς
720 1151 1070 1224 Σαρακηνοὺς
1112 1149 1243 1224 ἦλθε
1264 1168 1281 1184 ο
1315 1153 1415 1207 καὶ
1453 1152 1526 1209 τὰ
1561 1151 1770 1223 μεταξὺ
1810 1152 1953 1206 'Pto-

385 1244 563 1315 μαίων
586 1246 678 1299 καὶ
709 1245 933 1300 ἐκείνων
957 1243 1370 1317 διαλυσάμενος,
1394 1245 1616 1315 θεοφιλῆ
1640 1245 1741 1318 τὴν
1767 1246 1959 1317 ίεραρ-

386 1340 509 1406 χέαν
548 1336 757 1390 ὲτὲλειυ
794 1336 889 1394 καὶ
916 1337 1040 1393 λίαν
1084 1339 1307 1410 βραχεῖς
1354 1336 1554 1409 εὑρὼν,
1602 1339 1789 1407 σχεδὸν
1825 1340 1959 1393 πόν-

384 1446 484 1492 τας
542 1430 927 1502 Χριστιανίσαι
989 1432 1463 1502 παρεσκευάσατο.
1526 1432 1588 1486 ’Π
1652 1430 1710 1485 δὲ
1763 1432 1957 1487 Μαυῖα

388 1520 611 1590 εἰρήνην
634 1523 731 1575 τοῦ
762 1520 952 1576 λοιποῦ
982 1517 1084 1595 ἦγε
1118 1522 1435 1592 Ῥωμαίοις,
1458 1521 1534 1584 ὡς
1558 1524 1651 1576 καὶ
1675 1524 1958 1594 θυγατέρα

390 1614 559 1683 αὐτῆς
583 1614 802 1683 ιιίκτορι
822 1615 900 1688 τῷ
920 1615 1265 1688 στρατηλάτῃ
1287 1619 1683 1690 κατεγγυῆσαι.
1705 1616 1959 1672 Τοσαῦτα

2057 597 2257 659 vissct,
2297 598 2571 666 rejicerct.
2607 596 2762 664 Quod
2808 598 2854 653 si
2896 597 3172 652 ealttmnia
3218 597 3450 667 alicujus
3477 598 3630 654 dela-

2056 689 2192 745 toris
2239 690 2512 746 adductus
2556 707 2621 745 ea
2661 690 2830 746 verba
2873 690 2965 747 ille
3004 690 3349 763 protulisset.
3390 691 3630 762 judicent

2058 794 2181 836 eum
2215 796 2338 838 esse
2362 782 2576 847 voluit,
2607 792 2663 836 et
2704 789 2761 837 nt
2793 796 2883 838 res
2908 798 3036 838 snas
3075 781 3329 850 audiret,
3378 783 3634 837 hortatus

2055 883 2160 930 est.
2194 875 2370 930 Moses
2402 883 2585 929 autem
2615 892 2628 929 :
2662 892 2681 927 ι
2718 873 2886 945 Atqui
2912 873 3073 930 iidem
3096 884 3268 941 tuam,
3299 876 3398 941 ait,
3428 872 3636 945 liquido

2058 968 2193 1024 satis
2226 969 2468 1024 ostendit
2497 969 2885 1039 episcoporum
2915 977 2971 1024 et
3002 969 3452 1040 presbyterorum
3483 968 3634 1023 exsi-

2060 1060 2218 1125 lium,
2250 1071 2307 1116 et
2330 1060 2408 1116 illi
2436 1070 2707 1131 praeterea
2737 1062 2833 1132 qui
2865 1060 2923 1116 in
2957 1060 3197 1116 metallis
3225 1060 3635 1117 acerbissimam

2061 1152 2269 1225 degunt
2305 1155 2497 1211 vitam.
2534 1156 2617 1211 An
2660 1164 2717 1210 tu
2751 1169 2886 1209 vero
2929 1154 3048 1209 illas
3075 1153 3283 1209 Christi
3328 1161 3486 1208 notas
3513 1168 3638 1208 esse

2062 1258 2245 1317 putas,
2270 1252 2446 1318 qum'a
2474 1247 2698 1303 Christo
2721 1256 2775 1301 et
2799 1248 2868 1305 ab
2899 1246 3218 1303 hominibus
3247 1257 3395 1303 recte
3421 1246 3489 1300 de
3523 1246 3635 1302 Deo

2064 1340 2433 1395 sentientibus
2466 1355 2693 1410 prorsus
2722 1349 2857 1395 sum
2885 1338 3273 1394 alienissinuc?
3305 1357 3324 1391 ι
3361 1337 3541 1409 Atque
3565 1338 3638 1393 ad

2067 1432 2181 1489 hzec
2208 1433 2375 1489 verba
2403 1433 2781 1503 juramcntum
2811 1431 3037 1501 adjecit,
3071 1447 3352 1503 tumquam
3377 1448 3434 1485 se
3469 1430 3642 1486 Lucio

2065 1534 2236 1596 caput
2263 1525 2640 1596 subjecturum
2668 1538 2809 1580 esse.
2840 1524 3015 1591 Quam
3042 1523 3116 1580 ob
3144 1540 3368 1581 causam
3401 1523 3638 1580 Romani

2066 1618 2259 1682 duces,
2289 1617 2465 1673 Lucio
2499 1618 2734 1688 rejecto,
2770 1615 2956 1673 Mosen
2990 1617 3057 1671 ad
3096 1618 3421 1688 episcopos,
3452 1617 3547 1686 qui
3584 1618 3638 1670 in

387 1706 480 1760 καὶ
510 1709 640 1778 περὶ
671 1708 901 1763 τούτων.

2070 1711 2266 1766 exsilio
2310 1711 2578 1781 agebant.
2620 1710 2851 1767 duxere.
2894 1712 2938 1767 A
2971 1710 3173 1781 quibus
3207 1710 3298 1764 ille
3340 1708 3640 1781 episcopali

386 1804 649 1861 unctione
674 1814 921 1878 accepta,
947 1806 1015 1863 ad
1050 1806 1386 1864 Sarracenos
1419 1809 1682 1864 transiit:
1713 1817 1771 1863 et
1840 1808 2221 1880 pacilicatione
2267 1807 2435 1861 rebus
2509 1807 2657 1864 inter
2697 1823 2795 1864 eos
2831 1815 2887 1863 et
2952 1806 3229 1863 Romanos
3289 1804 3635 1875 compositis,

387 1899 477 1971 pie
506 1910 804 1974 sant-teque
829 1904 1207 1976 episcopatum
1246 1904 1683 1972 administravit;
1708 1916 1764 1962 et
1823 1922 1949 1962 cum
2009 1920 2224 1977 paucos
2289 1906 2365 1961 ibi
2403 1903 2750 1964 Christianos
2792 1904 3115 1975 reperisset,
3146 1918 3339 1957 etnnes
3373 1915 3539 1972 prope
3569 1899 3640 1954 ad

389 1997 712 2070 religionem
772 2010 1013 2056 nostram
1105 2002 1390 2072 pertraxit.
1455 2002 1628 2058 Maria
1693 2012 1877 2059 autem
1938 2002 2197 2074 deinceps
2251 2017 2440 2075 pacem
2526 2017 2652 2060 cum
2739 1999 3005 2056 Romanis
3079 1998 3307 2067 habuit,
3358 2001 3496 2059 adeo
3578 2006 3641 2050 ut

393 2092 562 2149 tiliam
608 2110 765 2151 suam
811 2096 1022 2153 Victori
1065 2095 1194 2151 duci
1242 2096 1298 2151 in
1333 2096 1748 2154 matrimonium
1782 2097 2096 2155 collocarit.
2128 2095 2253 2153 Haec
2292 2099 2580 2154 hactenus.

969 2251 1221 2306 ΚΕΦΑΛ.
1251 2251 1388 2307 MZ'.

396 2365 908 2440 Περίτοῦγένους
959 2365 1083 2440 ,τῶν
1115 2365 1515 2440 Ἰσμ-αηλιτῷι·
1573 2367 1674 2440 καί
1714 2365 1962 2440 Ἀτιαρη.

463 2434 610 2506 θῶν,
673 2434 878 2492 έίτουν
941 2434 1331 2506 Σαρακηνλῶν,
1380 2438 1566 2493 πόθεν⁸
1611 2436 1726 2502 τὴν
1764 2434 1966 2505 ἀρχὴν

462 2513 677 2648 gazas“,
727 2507 825 2562 καὶ
854 2506 1013 2575 ὅπως
1068 2508 1175 2563 τὸν
1204 2507 1675 2576 Χριστιανισμὸν
1719 2506 1966 2576 παρεδέ-

502 2598 670 2637 arto.

502 2598 670 2637 arto.

464 2695 539 2752 Τὸ
560 2697 617 2751 δὲ
666 2695 777 2751 τῶν
806 2693 1146 2767 Σαρακηνῶν
1174 2694 1365 2765 φῦλον,
1410 2693 1481 2749 τὰ
1515 2692 1618 2765 μὲν
1648 2692 1840 2765 πρῶτα
1866 2694 1966 2765 τὴν

399 2786 489 2842 τοῦ
524 2787 754 2859 Ἰσμαὴλ
805 2789 1180 2861 προσηγορίαν
1208 2789 1389 2854 λαθὸν,
1425 2791 1554 2853 παῖς
1589 2789 1646 2843 δὲ
1679 2787 1834 2852 οὖτος
1869 2787 1965 2841 τοῦ

406 2884 687 2956 Ἀϐραὰμ,
715 2884 1055 2956 Ἰσμαηλῖται
1083 2884 1190 2938 ἀπὸ
1231 2883 1326 2937 τοῦ
1365 2886 1714 2955 προπάτορος
1745 2882 1966 2954 ὠνομά-

399 2976 554 3042 ζοντο
610 2980 723 3042 τοῖς
777 2976 1059 3050 ἀρχαίοις*
1092 2977 1515 3048 ἀποτριϐόμενοι
1544 2977 1589 3031 δ’
1630 2979 1831 3031 ἐκείνοι
1875 2978 1968 3030 τὸν

401 3070 465 3122 ἐκ
495 3068 589 3123 τοῦ
616 3069 771 3124 νόθου
810 3070 1021 3140 μῶμον,
1056 3071 1151 3123 καὶ
1202 3069 1301 3139 τῆς
1334 3067 1579 3132 δουλείας
1625 3067 1718 3122 τὸν
1742 3068 1967 3140 ἔλεγχον

404 3160 583 3232 (δούλη
611 3163 720 3234 γὰρ
771 3163 804 3233 ή
866 3162 1050 3232 μήτηρ
1102 3163 1298 3232 ἐκείνῳ
1332 3161 1560 3234 Ἅγαρ),
1615 3162 1970 3234 Σαρακηνοὺς

406 3257 545 3325 σφᾶς
569 3256 768 3320 αὐτοὺς
800 3256 1002 3327 μᾶλλον
1036 3254 1345 3323 ὠνόμασαν,
1375 3254 1452 3318 ὡς
1480 3256 1588 3309 ἀπὸ
1632 3256 1846 3328 Σάρρας
1878 3255 1972 3325 δῆ-

403 3350 494 3402 θεν
517 3350 883 3421 καταγόμενοι
908 3349 1007 3420 τῆς
1053 3350 1300 3419 γαμετῆς
1335 3349 1607 3420 Ἀϐραάμ.
1638 3349 1880 3403 Ἐκεῖθεν
1912 3350 1969 3403 δὲ

401 3444 500 3513 τὴν
529 3442 624 3497 τοῦ
674 3443 867 3512 γένους
905 3443 1096 3515 σειρὰν
1134 3442 1407 3509 ἕλκοντες,
1451 3443 1647 3513 ἐπίσης
1690 3442 1969 3513 Ἐὕραὶοις

403 3535 478 3598 ὼς
505 3533 708 3588 ἐπίπαν
729 3532 828 3607 τὴν
855 3533 1128 3588 πολιτείαν
1157 3534 1386 3605 αὐχοῦσι
1408 3550 1421 3565 ο
1452 3536 1548 3605 τήν
1577 3552 1633 3587 τε
1668 3535 1776 3605 γὰρ
1803 3551 1935 3605 περι
1957 3559 1971 3568 -

2609 2251 2835 2309 CAPUT
2874 2253 3087 2311 XLVII.

2066 2367 2145 2424 De
2172 2368 2569 2426 Ismaelitarum
2598 2380 2647 2426 et
2692 2372 3054 2443 Agarenorum
3086 2372 3194 2427 sive
3243 2371 3639 2443 Saracenorum

2132 2450 2306 2513 gente,
2334 2443 2473 2495 unde
2502 2443 2714 2497 initium
2738 2441 3091 2514 sumpserint,
3123 2452 3171 2496 et
3199 2442 3460 2511 quomodo
3484 2441 3640 2498 Clari-

2138 2514 2447 2567 u'am'smum
2474 2515 2821 2586 susceperint.

2140 2699 2309 2757 Porro
2354 2699 2789 2755 Sarracenorum
2846 2715 2981 2771 gens
3028 2699 3265 2771 primum
3316 2695 3644 2769 cognomine

2069 2792 2138 2848 ab
2171 2792 2401 2849 lsmaele
2432 2802 2683 2863 accepto,
2713 2794 2808 2864 qui
2845 2791 3080 2849 Abraha:
3121 2793 3264 2847 lilius
3291 2792 3415 2855 fuit,
3447 2790 3647 2846 lsmae-

2071 2885 2184 2941 litae
2216 2885 2285 2941 ab
2316 2885 2594 2955 antiquis,
2632 2886 2702 2941 de
2749 2886 2911 2956 primi
2948 2901 3141 2942 eorum
3180 2888 3424 2958 parentis
3462 2883 3649 2955 appel-

2070 2979 2310 3047 latione,
2346 2980 2526 3036 vocati
2562 2989 2712 3036 sunt.
2759 2977 2827 3034 Ut
2859 2994 3044 3035 autem
3079 2978 3346 3034 maculam
3376 2975 3644 3046 illegitimi

2071 3082 2250 3140 ortus,
2278 3080 2337 3129 et
2366 3072 2649 3129 servitutis
2678 3083 2868 3128 notam
2912 3075 2930 3142 (
2964 3086 3127 3127 serva
3166 3072 3313 3127 enim
3345 3069 3448 3124 fuit
3474 3078 3649 3124 mater

2073 3166 2222 3222 illius
2247 3166 2436 3239 Agar),
2463 3180 2493 3221 a
2526 3181 2587 3222 se
2615 3166 3008 3231 amolirentur,
3041 3163 3377 3219 Sarracenos
3410 3178 3468 3219 se
3501 3163 3649 3233 ipsos

2072 3259 2450 3324 nominarunt,
2483 3258 2645 3329 207
2680 3257 2910 3329 perinde
2945 3269 3111 3328 atque
3142 3272 3172 3313 a
3212 3257 3375 3312 Sarra
3412 3254 3647 3311 Abraha:

2073 3354 2307 3425 conjuge
2335 3352 2561 3423 Stirpem
2588 3342 2881 3408 ducerent.
2908 3351 3179 3407 Gtt-terum
3211 3349 3409 3406 seriem
3433 3346 3649 3420 generis

2076 3445 2206 3502 inde
2247 3444 2530 3501 trahentes
2552 3486 2569 3513 ,
2612 3444 2807 3501 eodem
2839 3459 2965 3500 cum
3000 3441 3207 3498 Iuda-is
3234 3441 3455 3496 vivendi
3496 3455 3648 3494 more

2079 3547 2329 3591 utuntur.
2357 3536 2493 3592 Nam
2524 3536 2999 3593 circumeisionem
3031 3540 3102 3590 ita
3143 3543 3200 3589 ut
3230 3534 3306 3589 illi
3338 3533 3545 3594 colunt,
3590 3539 3648 3585 et

398 3630 576 3701 τομὴν
608 3631 685 3694 ὡς
719 3630 920 3685 ἐκείνοι
942 3629 1306 3694 ἀσπάζονται,
1340 3632 1431 3683 καὶ
1460 3629 1567 3681 τῶν
1603 3628 1764 3683 ὑείων
1796 3630 1965 3696 κρεῶν

2082 3644 2112 3681 a
2154 3628 2333 3683 suillis
2373 3627 2635 3683 carnibus
2681 3627 3000 3689 abstinent,
3055 3625 3338 3695 multaque
3387 3633 3647 3695 praeterea

402 3722 733 3795 ἀπέχονταιο
800 3722 894 3777 καὶ
956 3722 1126 3776 πολλὰ
1177 3721 1341 3793 ἔθιμα
1398 3721 1622 3774 ἐκείνων
1681 3720 1974 3791 φυλάττειν

404 3815 824 3882 σπουδάζουσιν.
863 3817 925 3869 Ei
948 3815 1002 3869 δέ
1039 3816 1114 3887 μὴ
1149 3816 1329 3870 διόλου
1358 3815 1552 3885 ἐπίσης
1575 3814 1971 3878 πολιτεύονται,

400 3912 436 3983 ἢ
472 3913 548 3985 τῷ
585 3912 768 3983 χρόνῳ
796 3910 1001 3974 δοτέον,
1034 3910 1067 3979 ἢ
1097 3909 1192 3964 καὶ
1229 3912 1295 3982 τῇ
1328 3909 1583 3981 ἐπιμιξίᾳ
1611 3909 1719 3962 τῶν
1741 3908 1970 3981 περικύο

403 4006 518 4076 κὶῳ
552 4004 745 4060 ἐθνῶν.
782 4004 891 4064 Καὶ
933 4004 1043 4075 γὰρ
1076 4004 1285 4074 Μωσῆς
1321 4002 1501 4073 πολλῴ
1539 4004 1715 4075 χρόνῳ
1742 4004 1972 4076 τότ-τερον

403 4095 670 4165 γεγονὼς,
698 4095 812 4158 τοῖς
846 4092 903 4161 ἐξ
934 4093 1212 4163 Αἰγύπτου
1256 4092 1612 4163 διαφυγοῦσιν
1642 4093 1968 4166 ἐνομοθέτει.

403 4194 468 4244 Ui
515 4189 572 4244 δέ
610 4190 894 4260 πρόσοικοι
926 4188 1152 4251 τούτων,
1181 4180 1268 4241 οἶα
1316 4188 1733 4259 δεισιδαίμονες,
1779 4188 1879 4261 τὴν
1913 4188 1970 4256 ἐξ

414 4284 643 4355 Ἰσμαὴλ
704 4282 979 4354 πατρικὴν
1034 4281 1261 4353 ἀγωγὴν
1308 4279 1661 4352 διέφθειρανο
1726 4281 1847 4335 καθ’
1903 4282 1973 4355 ἢν

405 4382 577 4450 μτὶνην
607 4376 657 4430 ot
682 4375 741 4443 ἐξ
769 4373 998 4447 ἀρχαίου
1032 4372 1277 4445 Ἑϐραῖοι
1309 4372 1706 4439 ἐπολιτεύοντο,
1740 4371 1849 4441 πρὸ
1868 4373 1972 4442 τῆς

402 4476 647 4537 Μωσέως
675 4468 993 4542 νομοθεσίας
1016 4468 1285 4538 ἀγράφοις
1309 4466 1638 4538 κεχρημένοι
1665 4468 1776 4530 τοῖς
1796 4466 1967 4523 ἔθεσι.

406 4568 515 4621 Καὶ
545 4567 710 4630 σέϐας
739 4565 934 4634 ἐπίσης
983 4564 1096 4625 τοῖς
1140 4560 1365 4633 ὁμόροις
1413 4559 1633 4631 ἔνεμον,
1675 4560 1971 4631 παραπλη-

404 4665 534 4725 σίως
580 4661 847 4729 τιμῶντες
891 4657 989 4712 καὶ
1039 4654 1401 4725 ὀνομάζοντες
1428 4652 1692 4721 δαίμονας
1716 4666 1731 4681 ⁸
1772 4651 1973 4723 καὶτῷ

405 4755 734 4828 θρησκεύειν
765 4754 875 4815 τοῖς
917 4750 1084 4812 πέλοις
1110 4749 1307 4818 ἐπίσης
1339 4747 1525 4817 σαφῶς
1550 4746 1849 4815 ὑπέφαινον
1874 4748 1972 4816 τὴν

402 4853 512 4903 cm
541 4843 813 4916 πατρῴων
836 4843 1015 4912 νόμων
1044 4840 1444 4912 παραποίησιν.
1475 4832 1574 4891 Οἷα
1601 4837 1656 4891 δὲ
1688 4836 1858 4906 φιλεῖ,
1892 4837 1972 4909 τῷ

2080 3722 2299 3778 illorum
2350 3720 2599 3776 instituta
2646 3729 2888 3776 servant.
2936 3718 3095 3785 Quod
3147 3718 3191 3773 si
3221 3733 3329 3773 non
3382 3732 3450 3771 ex
3498 3715 3647 3770 onmi

2076 3826 2232 3884 parte
2257 3816 2413 3885 juxta
2463 3814 2683 3869 illorum
2728 3813 2870 3869 ritus
2912 3814 3143 3875 vivunt,
3192 3818 3289 3866 aut
3323 3807 3557 3877 tempori
3591 3807 3646 3862 id

2073 3906 2460 3964 ascribendum
2481 3916 2585 3975 est,
2606 3915 2700 3965 aut
2718 3906 3075 3962 ﬁnitimorum
3096 3904 3453 3976 populorum,
3476 3901 3570 3975 qui
3590 3917 3649 3959 se

2072 4001 2157 4057 eis
2211 4001 2596 4069 immiscuere,
2652 4000 2986 4057 confusioni.
3042 3998 3220 4054 Moses
3268 3997 3497 4063 etenim,
3552 3996 3648 4067 qui

2074 4097 2239 4169 longo
2282 4108 2405 4167 post
2451 4107 2697 4168 tempore
2728 4095 2972 4161 exstitit,
3020 4091 3271 4166 profugis
3315 4102 3525 4148 tantum
3578 4105 3648 4145 ex

2076 4191 2311 4264 Aigypto
2340 4191 2544 4248 Iudaeis
2575 4191 2725 4263 leges
2752 4188 2924 4245 dedit.
2955 4189 3027 4245 At
3053 4198 3244 4259 gentes
3280 4188 3399 4243 istis
3428 4185 3645 4254 vicinae,

2074 4285 2350 4340 idolorum
2404 4283 2635 4339 addicta:
2688 4282 3106 4354 superstitiOni,
3175 4281 3385 4351 Patrios
3447 4293 3641 4336 eorum

2076 4393 2259 4435 mores
2318 4377 2387 4432 ab
2447 4377 2679 4433 lsmaeie
2730 4385 3027 4445 acceptos,
3080 4374 3286 4445 quibus
3340 4371 3648 4444 antiquitus

2073 4471 2289 4528 Hebraei
2317 4470 2399 4526 usi
2424 4478 2553 4525 sunt
2578 4479 2705 4524 ante
2729 4468 2889 4524 Musae
2912 4468 3092 4538 legum
3124 4465 3644 4537 promulgationem,

2074 4578 2185 4620 non
2234 4562 2444 4634 scripto
2484 4562 2632 4632 jure,
2678 4560 2773 4616 sed
2820 4568 3038 4630 recepta
3083 4567 3299 4614 tantum
3344 4564 3647 4613 consuetu-

2073 4657 2202 4711 dine
2245 4654 2525 4720 viventes,
2577 4667 2918 4724 corrupere:
2959 4651 3330 4722 eumdcmque
3359 4650 3441 4705 eis
3482 4652 3645 4720 quem

2074 4750 2206 4820 ipse
2232 4749 2522 4814 haberent,
2548 4747 2833 4818 religionis
2854 4746 3066 4803 cultum
3092 4744 3385 4800 tradidere.
3410 4741 3647 4798 Proinde

2074 4846 2311 4912 factum,
2376 4851 2437 4898 ut
2483 4842 2561 4897 illi
2606 4842 2817 4912 pariter
2862 4855 2987 4895 cum
3017 4837 3215 4894 vicinis
3257 4838 3503 4909 populis,
3532 4834 3671 4891 θαι-ι

404 4939 588 5009 πολλῷ
605 4939 785 5010 χρόνῳ
802 4938 870 4990 τὰ
902 4936 999 5006 μὲν
1028 4936 1065 5005 ἡ
1086 4933 1227 5005 λήθη
1249 4932 1592 5003 ἀπέκρυπτε,
1615 4930 1683 4983 τὰ
1700 4929 1745 4984 δ’
1772 4930 1965 5002 ἐπρέσ-

2075 4954 2267 4994 mones
2296 4944 2353 4991 et
2380 4934 2728 4990 nominarent
2763 4942 2819 4988 et
2857 4933 3143 4988 colerent:
3177 4939 3341 5001 atque
3371 4926 3645 5001 ejusmodi

405 5036 585 5087 εευεν.
618 5026 750 5086 Εἶτα
776 5028 886 5083 τῶν
912 5044 1058 5091 τινες
1111 5025 1291 5080 αὐτῶν
1313 5023 1591 5087 Ἰουδαίοις
1646 5023 1969 5093 συγγεγονό-

403 5146 514 5193 τες,
541 5127 666 5180 ὅθεν
696 5123 797 5193 τὴν
832 5122 1010 5193 ἀρχὴν
1041 5119 1223 5192 ἔσχον,
1258 5118 1695 5182 ἁνεδιδὰσκοντο,
1732 5117 1828 5172 καὶ
1877 5119 1972 5173 ἐπὶ

403 5222 463 5274 τδ
513 5219 771 5289 συγγενὲς
806 5210 965 5278 αὖθις
1013 5213 1342 5285 ἀνέτρεχον,
1395 5213 1489 5267 καὶ
1521 5212 1684 5267 πάλιν
1732 5215 1847 5274 τοῖς
1885 5214 1974 5266 'E—

406 5313 613 5387 ϐραίων
652 5310 799 5364 ἔθεσι
865 5312 963 5363 καὶ
1013 5311 1201 5376 νόμοις
1248 5306 1575 5377 ἐχρήσαντο.
1613 5304 1705 5373 Ἐξ
1761 5306 1974 5360 ἐκείνου

406 5406 463 5459 δὲ
503 5406 599 5459 καὶ
647 5403 731 5456 ἔτι
766 5398 954 5471 σχεδὸν
981 5399 1029 5451 ei
1084 5397 1284 5454 πάντες
1316 5396 1619 5461 Ἰουδαϊκῶς
1668 5396 1854 5460 ζῶσιν.
1895 5398 1968 5450 Οὐ

408 5499 551 5553 πάνυ
587 5495 645 5550 δὲ
674 5495 862 5567 πόρρω
896 5494 996 5563 τῆς
1037 5490 1335 5553 Ούάλεντος
1385 5490 1562 5559 ἀρχῆς
1598 5490 1693 5543 καὶ
1739 5490 1806 5544 τὰ
1840 5491 1971 5560 Χρι-

409 5588 644 5646 στιανῶν
682 5587 1061 5655 ἐτελέσθησαν,
1096 5584 1464 5652 μετασχόντες
1499 5584 1599 5651 τῆς
1635 5583 1781 5642 θείας
1810 5585 1967 5653 χάρι-

408 5701 521 5748 τος,
553 5681 662 5735 τῶν
694 5677 1132 5750 προσοικούντων
1161 5675 1348 5739 αὐτοῖς
1380 5674 1573 5745 ἱερέων
1597 5679 1696 5727 καί
1718 5675 1975 5744 ἀσκητῶν

411 5778 493 5842 είς
542 5774 699 5829 τοῦτο
747 5772 812 5843 δὴ
852 5770 1271 5841 ποδηγοὼτων,
1330 5768 1379 5821 οἶ
1430 5769 1553 5831 ταῖς
1600 5768 1823 5838 ὁμόροις
1864 5769 1974 5821 τῶν

413 5869 659 5942 δρημιῶν
702 5866 863 5930 ὁσίως
912 5862 1348 5935 φιλοσοφοῦντες,
1377 5862 1454 5934 τῷ
1486 5861 1668 5926 καλῶς
1697 5861 1847 5932 βιοῦν
1883 5864 1972 5916 καὶ

2065 5031 2355 5100 depravata
2399 5025 2691 5097 religione,
2725 5032 2912 5094 aperte
2944 5023 3249 5094 patriarum
3296 5020 3479 5092 legum
3528 5034 3644 5090 pra:

2067 5139 2128 5179 se
2194 5122 2408 5178 ferrent
2472 5118 2923 5189 depravationem
2989 5127 3045 5171 et
3117 5115 3645 5187 transgressionem.

2072 5216 2250 5285 Atque
2295 5215 2372 5269 uti
2409 5212 2529 5268 ﬁeri
2560 5212 2733 5276 solet,
2770 5220 2988 5283 tempus
3028 5210 3250 5281 longum
3291 5210 3431 5265 ritus
3476 5224 3650 5281 quos-

2072 5309 2199 5365 dam
2256 5307 2536 5363 oblivione
2595 5305 2954 5376 suppressit:
3013 5301 3284 5375 quosdam
3337 5311 3524 5357 autem
3582 5312 3644 5358 ut

2080 5402 2417 5465 colerentur,
2441 5399 2683 5469 reliquos
2711 5400 2857 5455 fecit.
2883 5399 3089 5455 Deinde
3114 5412 3245 5453 vero
3274 5411 3398 5452 eum
3424 5395 3645 5467 quidam

2077 5510 2143 5550 ex
2177 5494 2259 5549 eis
2293 5508 2418 5549 cum
2443 5491 2647 5549 Judtsis
2674 5490 3062 5547 commercium
3105 5490 3405 5551 haberent,
3435 5490 3504 5545 ab
3543 5490 3652 5545 illis

2085 5588 2231 5642 unde
2256 5588 2362 5641 orti
2385 5596 2590 5650 essent,
2621 5584 2894 5649 didicere,
2923 5592 2979 5637 ct
3004 5600 3063 5638 se
3089 5597 3305 5636 rursum
3336 5582 3648 5651 coguatioui

2082 5693 2195 5733 sua:
2242 5677 2563 5748 adjunxere,
2615 5664 2968 5730 liebrzcorutn
3030 5673 3278 5728 moribus
3328 5678 3385 5727 et
3433 5672 3649 5742 legibus

2082 5768 2263 5823 denuo
2310 5781 2547 5821 uzentes.
2596 5767 2772 5835 Atque
2821 5781 2887 5821 ex
2936 5780 3004 5819 eo
3051 5771 3298 5831 tempore
3334 5761 3644 5817 etiamnum

2082 5874 2273 5915 omnes
2299 5860 2409 5914 fere
2437 5858 2664 5915 Judaico
2694 5858 2797 5913 ritu
2829 5858 3037 5913 vivunt.
3065 5856 3267 5913 Verum
3299 5870 3405 5912 non
3444 5854 3520 5911 ita
3549 5854 3644 5911 diu
