4056 6228
452 372 553 436 757

1338 370 1942 434 ECCLESIASTIC/E
1981 369 2371 433 HISTORIIE
2410 372 2558 434 LIB.
2603 374 2738 437 XII.

3584 368 3694 431 758

445 491 541 543 νοῦ
572 488 992 558 προϐάλλοντος,
1019 487 1277 551 Παυλῖνος
1294 486 1663 557 διισχυρίζετο
1692 483 1852 549 αὐτὸς
1878 480 2021 538 εῖναι

2144 500 2293 540 .cnus
2336 499 2401 540 ex
2453 484 2719 555 Gregorio
2752 484 3098 541 Nazianzeno
3130 485 3469 552 retulimus),
3502 486 3691 554 Opinio

442 583 544 652 τῆς
569 583 830 652 Δαμάσου
874 581 1111 652 μερίδος.
1143 580 1373 650 Ἐπίσης
1394 580 1452 633 δὲ
1484 580 1580 633 καί
1604 578 2019 649 ’Δπολλινάριος

446 676 597 742 ἔλεγε
625 674 1034 743 κατακρύπτων
1067 674 1168 743 τὴν
1198 672 1376 727 νόσον.
1424 671 1636 741 Ἦσυχῆ
1684 672 1741 725 δὲ
1772 670 2021 740 καθῆστο

444 767 707 827 Μελέτιος
738 764 848 819 τῶν
893 766 1172 833 ἑκατέρων
1226 765 1403 831 λόγων
1455 764 1908 834 ὲπακροώμενος.
1952 764 2011 817 '0

445 860 502 913 δέ
528 877 590 928 γε
627 860 769 923 θεῖος
803 859 1103 920 Φλαὸιανὺς
1132 859 1213 912 ἔτι
1262 877 1317 911 τι
1361 857 1439 929 τῷ
1474 860 1583 913 τῶν
1630 856 2023 928 πρεσδυτέρων

446 954 751 1024 ἐμπρέπων
777 953 993 1023 βαθμῷ,
1026 952 1210 1024 ἠρέμα
1246 952 1343 1006 τοῦ
1374 952 1683 1023 στρατηγοῦ
1712 946 2019 1015 ὲπαῖοντος,

449 1048 586 1117 πρὸς
644 1046 905 1100 Παυλῖνον
960 1048 1100 1116 ἔφη·
1137 1066 1157 1099 ε
1207 1048 1271 1101 Et
1306 1047 1343 1102 ἃ
1390 1044 1711 1117 δογματίζει
1768 1045 2024 1113 Δάμασος

450 1143 723 1210 στέργεις,
753 1134 800 1194 ὧ
825 1140 1003 1205 οὗτος.
1055 1140 1227 1207 δεῖξον
1260 1143 1392 1210 ἡμῖν
1421 1140 1521 1212 τὴν
1552 1139 1653 1210 τῆς
1682 1138 1843 1207 δόξης
1891 1153 2022 1207 συγ-

449 1233 668 1302 γένειαν
689 1249 703 1263 ο
732 1234 941 1296 ἐκεῖνος
972 1233 1083 1303 γὰρ
1117 1234 1247 1304 μίαν
1274 1231 1468 1286 οὐσίαν
1494 1232 1593 1302 τῆς
1631 1230 1859 1300 Τριάδος
1891 1232 2025 1300 ὁμο-

449 1325 621 1394 λογεῖ,
648 1325 745 1378 καὶ
774 1326 870 1388 τάς
892 1325 1043 1395 τρεῖς
1068 1324 1397 1388 ὑποστάσεις
1418 1320 1717 1393 διαρρήδην
1739 1319 2023 1391 κηρύττει.

452 1419 525 1472 Σὺ
570 1417 620 1471 δ’
673 1417 860 1481 ἔοικας
900 1417 962 1482 ἐξ
992 1408 1067 1473 ὧν
1116 1416 1321 1485 λέγεις,
1372 1416 1473 1486 τὴν
1525 1413 1633 1467 τῶν
1672 1413 2028 1466 ὐποστάσεων

451 1508 701 1578 ἀναιρεῖν
726 1506 945 1577 τριάδα.
981 1503 1273 1575 Συμφὼνει
1302 1503 1486 1557 τοίνυν
1525 1498 1721 1570 ἐκείνῳ
1750 1501 1863 1561 τοῖς
1900 1497 2027 1565 δόγ-

455 1616 611 1670 μασι,
645 1600 743 1654 καὶ
791 1599 935 1654 κατά
989 1598 1081 1651 τὸν
1124 1597 1228 1667 τῆς
1284 1596 1623 1665 Ἐκκλησίας
1676 1593 1883 1664 θεσμὸν
1930 1593 2029 1656 τάς

452 1688 756 1759 ἐκκλησίας
803 1686 1070 1757 ἀσφαλῶς
1104 1687 1325 1757 κάτεχε.
1391 1706 1412 1738 ι
1473 1684 1586 1738 Καὶ
1616 1682 1711 1737 τὸν
1752 1683 1854 1755 μιν
1885 1679 2031 1735 οὓτω

454 1780 858 1849 κατασιγάσας,
896 1780 1034 1850 πρὸς
1067 1778 1155 1831 τὸν
1195 1776 1609 1848 ’Δπολλινάριον
1642 1773 2031 1845 επιστραφεὶς,

454 1875 560 1946 ἔφη
586 1893 603 1909 ο
641 1893 662 1928 ε
695 1874 897 1947 Θαῦμά
927 1893 1018 1945 μοι
1053 1874 1290 1937 ἔπεισιν,
1322 1866 1368 1927 ὢ
1406 1871 1652 1941 φιλότης,
1684 1870 1803 1933 πῶς
1856 1868 2033 1929 οὕτως

454 1972 651 2041 ἀνέδην
675 1970 813 2041 πρὸς
845 1971 910 2023 τδ
933 1968 1131 2039 ψεῦδος
1163 1967 1230 2039 δὴ
1254 1965 1501 2037 κεχηνὼς
1526 1965 1628 2019 οὐκ
1650 1963 1912 2034 ὲντρέπῃ,
1939 1964 2035 2016 καὶ

454 2062 611 2119 ταῦτ’
632 2061 877 2133 ἀκριϐῶς
898 2061 1053 2125 εἰδὼς
1080 2060 1157 2124 ὡς
1176 2062 1203 2114 ό
1227 2060 1516 2121 θεσπέσιος
1547 2056 1801 2127 Δάμασος
1820 2056 2037 2109 τελείαν

457 2157 739 2226 εἰληφέναι
773 2155 871 2225 τὴν
902 2152 1180 2226 ἡμετέραν
1209 2151 1372 2221 φύσιν
1397 2150 1490 2204 τὸν
1524 2149 1658 2203 Θεὸν
1684 2149 1859 2217 Λόγον
1895 2148 2036 2202 πλα-
2092 2152 2099 2158 ’

456 2248 540 2301 τεῖ
575 2244 892 2315 δογματίζει
918 2243 997 2315 τῷ
1021 2244 1277 2313 στόματι.
1306 2242 1379 2295 Σὺ
1420 2241 1466 2295 δ’
1499 2240 1578 2303 είς
1617 2244 1767 2294 Ξπαν
1814 2238 2037 2292 ἐναντία

460 2340 609 2410 μάλα
633 2340 852 2410 φρονεῖς
878 2356 892 2370 ο
927 2338 1002 2408 μὴ
1028 2338 1137 2408 γάρ
1170 2336 1372 2407 ψυχὴν,
1411 2334 1548 2405 μηδὲ
1598 2334 1724 2387 νοῦν
1755 2333 1815 2387 τὸ
1840 2332 2038 2403 ἡμέτε-

463 2450 556 2505 ρον
584 2431 984 2504 προσειλῆφθαι
1014 2431 1121 2502 φῂς
1166 2429 1364 2499 ἐκείνῳ
1383 2445 1397 2457 ·
1431 2426 1467 2481 δ.
1496 2427 1560 2498 δὴ
1592 2429 1689 2496 τῆς
1739 2425 1862 2480 καθ’
1887 2425 2037 2496 ἡμᾶς

461 2510 677 2595 φύσεως
720 2524 1058 2596 καιριώτερα
1082 2538 1102 2554 ⁶
1140 2523 1235 2575 xui.
1279 2522 1369 2576 διά
1398 2521 1558 2576 τοῦτο
1598 2522 1692 2573 καὶ
1727 2519 1826 2589 τῆς
1860 2535 2038 2588 σωτη-

465 2620 589 2688 ρίας
623 2620 812 2673 ἐκεῖνα
835 2620 1069 2689 στερείς,
1107 2615 1168 2669 El
1188 2615 1246 2668 δι
1273 2614 1445 2685 ψευδῆ
1473 2630 1567 2667 σου
1596 2609 2038 2683 κατηγοροῦμεν,

460 2710 601 2765 ἀλλά
662 2708 761 2765 νῦν
803 2710 978 2774 δεῖξον
1006 2708 1082 2772 ὡς
1130 2707 1452 2776 συμφωνεῖς
1507 2704 1752 2773 Δαμάσῳ
1781 2700 2042 2754 τάναντία

464 2819 551 2856 σοι
585 2800 996 2873 δογματίζοντι,
1043 2801 1145 2871 τήν
1188 2815 1276 2852 σοι
1331 2795 1832 2866 καινοτομηθεῖσαν
1885 2792 2043 2845 νόσον

463 2890 931 2960 ἀποϐαλλόμενος,
966 2888 1063 2943 καὶ
1110 2874 1235 2949 τούς
1268 2885 1446 2956 ίεροὺς
1482 2882 1686 2953 σηκοὺς
1744 2882 1967 2949 κάτεχε.
2016 2894 2037 2930 ε

476 2983 537 3037 ’0
575 2984 677 3054 μὲν
700 2978 797 3036 οὖν
853 2981 1004 3042 θεῖος
1052 2976 1359 3041 Φλασιανδς
1411 2974 1559 3029 οὕτω
1615 2975 1733 3036 τοῖς
1783 2971 2044 3041 ἀληθέσιν

463 3075 717 3144 ἐλέγχοις
739 3073 841 3144 την
853 3071 963 3125 τῶν
988 3070 1317 3141 ἀμφοτέρων
1334 3067 1664 3137 ἐπεστόμισε
1690 3065 2008 3136 παρρησίαν
2023 3080 2038 3094 ·

2122 577 2459 646 pullulavit:
2498 588 2555 633 ct
2595 579 2702 633 alia
2737 588 3003 650 praeterea
3039 592 3159 649 quae
3196 578 3362 648 228
3394 588 3449 633 et
3502 578 3693 632 multi-

2126 670 2303 724 tudini
2323 670 2514 740 etejus
2533 671 2853 734 autistibus.
2881 673 3290 726 contentionem
3319 676 3374 726 in
3402 671 3693 725 maximam

2122 761 2440 832 bellumque
2460 762 2807 832 implacabile
2828 776 3110 833 peperere,
3133 762 3693 832 prodieruntNerum

2125 854 2243 909 haec
2303 864 2490 925 postea
2545 839 3009 911 accidere.’Tum
3062 865 3271 921 autem,
3314 855 3483 910 sicuti
3547 855 3692 920 dixi,

2125 963 2251 1003 cum
2319 949 2628 1005 Antiochia:
2671 949 2912 1020 Sapores
2974 947 3084 1003 dux
3132 957 3302 1014 esset,
3353 957 3521 1018 atque
3555 947 3697 1003 Gra-

2132 1042 2270 1096 tiani
2300 1042 2780 1108 constitutionem,
2818 1052 2881 1097 ut
2908 1056 3073 1111 quam
3104 1040 3264 1093 tidem
3305 1039 3573 1093 Damasus
3603 1039 3701 1091 dc-

2127 1134 2478 1204 przedicaret,
2531 1134 2585 1190 in
2615 1149 2679 1188 ea
2715 1148 2937 1204 quoque
2967 1130 3259 1187 Antiochia
3292 1130 3698 1200 acquiesceret,

2126 1227 2540 1298 praetenderet,
2600 1225 3043 1295 servandamqoe
3095 1224 3315 1295 iuberet
3358 1238 3374 1278 :
3425 1220 3695 1275 Paulinus

2127 1318 2353 1387 quidem
2385 1318 2604 1373 Damasi
2648 1317 2887 1389 partium
2919 1332 2978 1373 se
3029 1332 3153 1373 esse
3197 1314 3508 1370 aﬂirmavit.
3549 1313 3699 1368 Idem

2129 1426 2353 1482 quoque
2391 1409 2748 1480 Apollinaris,
2783 1412 3041 1465 morbum
3089 1409 3301 1474 celans,
3330 1407 3490 1462 dixit.
3529 1405 3703 1460 Hele-

2131 1502 2244 1558 tius
2275 1510 2464 1559 autem
2497 1504 2788 1574 utriusque
2808 1504 2977 1559 verba
2999 1502 3255 1567 audiens,
3297 1501 3503 1556 tacitus
3533 1498 3700 1555 sedit.

2132 1595 2210 1651 lbi
2280 1606 2397 1651 tum
2460 1595 2682 1650 divinus
2733 1595 3070 1660 Flavianus,
3136 1596 3195 1651 in
3247 1594 3703 1665 presbyterorum

2131 1690 2442 1745 etiamnum
2473 1688 2670 1744 ordine
2702 1689 3036 1756 consistens,
3060 1689 3203 1745 duce
3236 1687 3452 1757 placide
3476 1687 3707 1741 audien-

2135 1790 2211 1844 te,
2267 1780 2337 1836 ad
2391 1780 2682 1836 Paulinum
2723 1797 2740 1836 :
2790 1799 2807 1833 ι
2849 1779 2905 1837 Si
2962 1781 3017 1836 in
3064 1779 3283 1847 eadem,
3325 1780 3526 1855 inquit,
3577 1794 3704 1834 cum

2138 1876 2392 1938 Damaso,
2427 1888 2461 1928 ο
2491 1874 2659 1940 bone,
2692 1872 2970 1930 sententia
3006 1873 3338 1944 acquiescis,
3372 1872 3574 1928 exhibe
3606 1888 3709 1927 no-

2135 1966 2221 2024 bis
2276 1966 2555 2037 opinionis
2606 1966 3057 2037 conjuuctiouem
3112 1978 3168 2021 et
3218 1963 3561 2021 alﬁnitatem.
3614 1963 3711 2018 llle

2137 2075 2378 2129 namque
2429 2059 2795 2115 substantiam
2847 2074 3011 2113 unam
3062 2058 3355 2113 Trinitatis
3397 2056 3707 2127 proﬁtetur,

2136 2162 2194 2207 et
2253 2162 2365 2206 tres
2417 2151 2808 2206 subsistentias
2853 2150 3078 2206 disertis
3112 2151 3298 2204 verbis
3350 2149 3708 2219 deprcdicat.

2138 2242 2217 2298 Tu
2254 2257 2403 2305 vero,
2444 2241 2605 2297 sicuti
2644 2240 2813 2296 verba
2847 2250 2939 2295 tua
2974 2239 3283 2304 declarant,
3325 2237 3713 2293 subsistentia-

2139 2351 2262 2390 rum
2327 2334 2629 2389 trinitatem
2690 2346 2918 2401 prorsus
2976 2332 3147 2386 tollis.
3224 2331 3575 2400 Quapropter
3642 2329 3710 2383 ad

2141 2427 2294 2481 illius
2348 2434 2419 2489 te,
2453 2440 2553 2495 per
2603 2438 2964 2489 consensum,
3013 2423 3269 2492 dogmata
3317 2421 3553 2492 adjunge
3595 2440 3607 2472 :
3660 2430 3715 2474 et

2140 2517 2429 2577 ecclesias.
2470 2514 2625 2585 juxta
2671 2529 2863 2569 earum
2900 2513 3240 2577 sanctiones,
3277 2521 3397 2564 tuto
3432 2508 3640 2563 obtine.
3689 2528 3705 2558 ε

2142 2609 2322 2679 Atque
2370 2607 2464 2661 ubi
2500 2607 2649 2661 hunc
2689 2606 2768 2661 ita
2809 2605 2976 2660 silere
3010 2602 3211 2672 coegit,
3248 2601 3316 2655 ad
3348 2599 3713 2672 Apollinarim

2142 2714 2449 2755 conversus
2482 2717 2496 2753 :
2542 2717 2560 2752 ι
2594 2698 2763 2755 Valde
2795 2706 2847 2751 te
2878 2694 3148 2761 admiror,
3186 2693 3286 2757 ait,
3314 2708 3348 2746 ο
3384 2692 3583 2753 amice,
3622 2690 3716 2759 qui

2146 2805 2253 2848 tam
2282 2792 2634 2863 impudenter
2656 2789 2947 2845 mendacio
2969 2787 3213 2852 inhians,
3240 2801 3350 2840 non
3380 2784 3713 2839 erubescas:

2142 2902 2268 2943 cum
2304 2884 2528 2954 quidem
2563 2890 2717 2939 certo
2754 2882 2918 2946 scias,
2939 2879 3264 2942 Damasum,
3298 2875 3577 2930 hominem
3620 2870 3717 2925 ad-

2148 2980 2484 3042 mirandum,
2508 2978 2655 3048 quod
2682 2976 2830 3032 Deus
2868 2973 3106 3031 Verbum
3133 2972 3431 3043 perlectam
3459 2978 3714 3022 naturam

2145 3078 2388 3122 nostram
2426 3064 2758 3135 susceperit,
2808 3078 2905 3119 ore
2960 3062 3123 3133 pleno
3171 3058 3454 3130 propalam
3490 3056 3714 3110 docere.

466 3168 730 3231 Μελὲτιος
762 3165 841 3231 δὲ,
871 3165 1092 3219 πάντων
1120 3162 1432 3231 ἀνθρώπων
1459 3161 1787 3233 πραότατος,
1816 3160 2038 3229 ήμέρως

2146 3157 2227 3211 Tu
2276 3171 2407 3212 vero
2453 3153 2732 3210 contraria
2779 3167 3007 3224 prorsus
3056 3151 3252 3206 sentis.
3294 3148 3416 3205 Non
3451 3147 3597 3201 enim
3648 3147 3719 3199 ab

467 3260 606 3330 πρὸς
634 3258 900 3312 Παυλῖνον
935 3254 1043 3326 εφη
1066 3270 1081 3285 ο
1116 3274 1134 3307 ε
1173 3252 1330 3307 Ἐπεὶ
1355 3253 1432 3324 μή
1468 3268 1553 3305 σοι
1587 3251 1755 3321 μόνῳ,
1783 3249 1920 3303 ἀλλά
1948 3251 2042 3303 καὶ

467 3354 594 3424 ιμοὶ
647 3353 827 3421 λόγοις
878 3344 959 3413 οἷς
1013 3347 1155 3402 οἶδεν
1187 3350 1216 3402 ὁ
1268 3346 1523 3416 ἀληθινὸς
1561 3345 1769 3416 ποιμὴν
1801 3346 1897 3398 καὶ
1934 3345 2043 3397 τῶν

470 3446 761 3517 προϐάτων
782 3443 1001 3513 Κύριος,
1021 3441 1119 3513 τὴν
1134 3440 1339 3494 τούτων
1354 3440 1653 3509 ἐνεχείρισε
1680 3438 2043 3509 προστασίαν,

468 3538 638 3608 ἄμφω
656 3537 711 3590 δὲ
738 3537 808 3590 τὰ
832 3536 1059 3605 ποίμνια
1090 3534 1339 3605 ἀλλήλοις
1362 3530 1437 3595 ὡς
1459 3532 1608 3595 είκδς
1642 3531 1921 3595 κοινωνεῖ,
1950 3529 2045 3583 καὶ

467 3634 565 3701 τὴν
580 3630 711 3698 ὑγιᾶ
728 3627 960 3699 βοτάνην
982 3627 1085 3697 τῆς
1111 3624 1396 3688 εὐσεσείας
1419 3624 1739 3688 σιτίζονταε,
1758 3623 1859 3693 τὴν
1877 3621 2044 3675 θανά-

470 3741 632 3794 σιμον
651 3724 792 3777 πόαν
814 3722 909 3777 καὶ
930 3721 1160 3792 νοσεράν
1184 3720 1292 3773 τῶν
1321 3716 1616 3789 αίρετικῶν
1639 3716 2044 3786 ἐκτρεπόμενα,

468 3817 517 3871 εί
544 3816 715 3881 δοκεῖ,
745 3814 1099 3881 συνάιξιωμεν,
1129 3803 1175 3864 ὧ
1225 3808 1473 3881 φιλότης,
1507 3809 1606 3878 τῆς
1659 3804 1949 3867 εὐσεϐείας
1975 3804 2047 3856 τὰ

470 3908 794 3980 θρέμματα,
841 3907 940 3959 καὶ
969 3904 1076 3958 ὑπὸ
1117 3903 1248 3972 μίαν
1288 3901 1530 3973 μάνδραν
1574 3898 1918 3968 ποιήσωμεν,
1946 3895 2048 3967 τὴν

471 4005 571 4075 τῆς
604 3998 972 4071 ποιμαντικῆς
1006 3996 1359 4057 διαλύσαντες
1394 3992 1539 4063 δριν.
1568 3990 1681 4045 Καὶ
1709 3989 1879 4059 ἄμφω
1903 3988 1958 4042 δὲ
1982 3990 2049 4041 τὰ

473 4093 722 4165 πρόδατα
753 4093 1032 4161 νέμοντες,
1065 4087 1255 4159 κοινὴν
1284 4087 1379 4140 καὶ
1404 4085 1502 4153 τὴν
1536 4083 1838 4153 θεραπείαν
1866 4083 1933 4135 ὲκ
1951 4082 2049 4150 τῆς

470 4185 822 4247 διδασκαλίας
844 4182 1235 4253 προσάγωμεν.
1268 4179 1329 4233 Et
1360 4178 1418 4231 es
1444 4178 1473 4231 ό
1517 4177 1680 4247 μέσος
1723 4176 1913 4245 θρόνος
1950 4173 2051 4244 τὴν

475 4276 811 4350 φιλονεικίαν
834 4272 1142 4345 διερεθίζει,
1192 4272 1284 4325 καὶ
1313 4268 1482 4335 τοῦτ’,
1517 4270 1565 4320 εί
1618 4266 1818 4337 βούλει,
1853 4265 2048 4319 θᾶττον

473 4368 725 4423 διαλῦσαι
774 4364 1131 4435 πειράσομαι.
1171 4362 1384 4432 Χρῆναι
1444 4359 1553 4429 γὰρ
1608 4356 1957 4427 είσηγοῦμαι,
1993 4358 2050 4409 ὲν

480 4461 580 4530 μὲν
614 4458 694 4528 τῷ
729 4458 906 4529 θρόνῳ
939 4456 1091 4526 μέσῳ
1125 4451 1372 4515 εὐλαὸὦς
1418 4451 1479 4503 τδ
1530 4451 1676 4521 ἱερὸν
1718 4449 2050 4517 Εὑαγγέλιον

477 4550 809 4621 προτεθῆναι
835 4564 851 4581 ο
886 4548 1034 4616 ἡμᾶς
1067 4545 1124 4598 δὲ
1180 4543 1311 4615 παρ’
1357 4542 1597 4613 ἑκάτερα
1649 4539 1921 4610 καθῆσθαι
1949 4540 2049 4608 τὴν

477 4643 740 4717 ὖφεδρίαν
771 4642 1213 4710 ἀσπαζομένους.
1236 4637 1345 4691 Καὶ
1379 4638 1428 4689 εί
1457 4636 1556 4705 μὲν
1603 4635 1726 4704 ἐμοὶ
1758 4631 1962 4703 πρώτῳ
1991 4633 2051 4684 τὸ

475 4742 651 4813 πέρας
680 4736 776 4791 τοῦ
812 4737 930 4806 βίου
962 4734 1203 4798 ἐπέλθοι,
1238 4731 1403 4794 αὐτὸς
1459 4729 1619 4799 μόνος
1672 4724 1932 4797 κληρώσῃ
1959 4726 2053 4776 τὸν

476 4831 670 4901 θρόνον
696 4847 708 4858 ·
750 4831 799 4881 εί
826 4829 882 4880 δὲ
912 4826 976 4877 σὺ
1003 4823 1163 4877 τοῦτο
1189 4821 1460 4891 πρότερον
1505 4821 1723 4879 πάθοις,
1749 4814 1859 4882 ἐγὼ
1892 4813 2054 4867 πάλιν

476 4926 555 4990 ὥς
580 4941 644 4993 γε
672 4922 902 4991 δύναμις
930 4921 1029 4986 τῆς
1060 4915 1296 4985 ποίμνης
1326 4914 1627 4982 ἡγήσομαι.
1679 4908 1867 4962 Ταῦτα
1904 4909 2053 4973 φιλο-

478 5020 690 5088 φρόνως
729 5019 786 5068 ὲν
813 5014 1033 5066 εὺλτὸεῖ
1055 5009 1443 5076 καταστήματι
1488 5007 1514 5058 ὁ
1554 5004 1695 5065 θεῖος
1726 4996 1846 5055 εἷπε
1877 4999 2052 5054 Mals»

478 5131 615 5176 τως,
652 5110 713 5164 ὐ
743 5109 800 5163 δὲ
857 5106 1116 5166 Παυλῖνος
1176 5103 1377 5173 ἥκιστα
1405 5103 1514 5162 τοῖς
1564 5097 1747 5165 λόγοις
1772 5095 2049 5148 συνέθετο.

486 5209 740 5277 Σάπωρις
760 5206 817 5258 δὲ
844 5203 1037 5273 κριτὴς
1067 5202 1173 5254 τῶν
1198 5200 1373 5267 λόγων
1398 5197 1708 5267 γενόμενος,
1734 5194 1811 5264 τῷ
1834 5194 2055 5264 μεγάλῳ

480 5300 735 5368 Μελετίῳ
768 5300 862 5358 τὰς
897 5296 1192 5365 ἐκκλησίας
1231 5292 1549 5360 ἐπέτρεψεν.
1598 5290 1655 5343 Ὀ
1698 5289 1754 5342 δξ
1788 5288 2051 5349 Παυλῖνος

481 5388 638 5455 αὖθις
696 5393 795 5459 τῆς
845 5387 1238 5455 ἀποκριθείσης
1306 5369 1504 5446 suain-,3
1563 5381 1755 5449 μοίρας
1815 5374 2053 5439 εἰσάπαξ

480 5487 688 5557 ἠγεῖτο.
724 5483 977 5538 Ἔπειτα,
1009 5478 1200 5544 ὥσπερ
1229 5474 1433 5528 ἄνωθεν
1465 5474 1704 5541 εἴρηται,
1736 5470 1845 5521 τῶν
1875 5468 2053 5537 ὅρκων

486 5577 868 5647 γεγενημένων
900 5572 1012 5633 τοῖς
1043 5568 1376 5637 ὑποψηφοις,
1434 5566 1566 5633 πρὸς
1615 5562 1869 5630 ὁμόνοιαν
1894 5558 2055 5629 ἦλθον

483 5672 551 5721 τα
583 5666 785 5738 πλήθη.
829 5661 1240 5731 ’Δπολλινέριος
1267 5657 1325 5711 δὲ
1359 5654 1680 5727 διαμαρτὼν
1703 5652 1796 5704 τοῦ
1827 5651 2054 5715 σκοποῦ,

2146 3250 2242 3303 illo
2287 3252 2528 3303 animam
2560 3255 2618 3301 et
2655 3253 2897 3301 mentem
2934 3253 3205 3309 nostram,
3250 3257 3373 3311 qua:
3421 3240 3473 3294 in
3522 3247 3719 3291 natura

2146 3354 2335 3397 nostra
2367 3339 2820 3412 przcstantissima
2857 3347 3010 3402 sunt,
3038 3344 3376 3405 assumptum
3402 3346 3527 3386 esse
3556 3328 3717 3392 dicis,

2145 3441 2201 3488 et
2255 3441 2543 3502 propterea
2616 3429 2792 3483 salute
2858 3436 3149 3496 utramque
3207 3425 3413 3494 privas.
3460 3419 3618 3487 Quod
3672 3419 3718 3472 si

2146 3525 2289 3580 falso
2324 3532 2377 3578 lc
2420 3522 2728 3593 arguimus,
2778 3529 2835 3574 at
2876 3527 2935 3573 tu
2976 3532 3244 3573 novarum
3276 3530 3461 3569 rerum
3502 3522 3719 3566 tuarum

2148 3616 2347 3670 morbo
2391 3613 2632 3680 abiecto,
2666 3620 2719 3667 te
2764 3609 2999 3664 Damaso
3041 3607 3263 3661 diversa
3318 3616 3547 3675 prorsus
3583 3617 3614 3653 a
3667 3611 3721 3654 te

2146 3708 2391 3773 docenti,
2432 3705 2750 3762 consentire
2797 3702 3051 3764 ostende,
3086 3709 3143 3756 ct
3178 3712 3461 3754 sacrarum
3517 3694 3717 3749 mdium

2148 3817 2339 3859 curam
2375 3799 2590 3856 obtine.
2624 3816 2645 3849 ι
2691 3797 2760 3852 Et
2794 3795 3020 3851 divinus
3047 3792 3272 3865 quidem
3304 3790 3619 3850 Flavianus,
3651 3783 3719 3837 ad

2149 3896 2300 3951 hunc
2320 3893 2543 3949 modum
2567 3892 2748 3947 veraci
2766 3888 3149 3946 confutatione
3182 3887 3476 3951 utriusque
3497 3877 3721 3935 dicendi

2148 3990 2432 4045 obturavit
2494 3987 2800 4042 licentiam.
2866 3982 3119 4039 Meletius
3178 3989 3365 4035 autem
3433 3976 3723 4031 hominum

2149 4083 2400 4138 omnium
2455 4080 2809 4143 mitissimus,
2872 4073 3188 4147 perplacide
3247 4070 3479 4126 Paulino
3528 4067 3719 4122 dixit:

2155 4196 2174 4230 ε
2210 4172 2667 4243 Quandoquidem
2694 4172 2770 4239 (ι)
2795 4185 2903 4223 non
2934 4169 3029 4223 tibi
3056 4167 3179 4231 soli,
3205 4164 3302 4220 scd
3332 4161 3467 4216 mihi
3497 4172 3723 4231 quoque

2153 4270 2368 4323 ratione
2398 4277 2455 4319 et
2486 4265 2689 4328 verbis,
2714 4278 2839 4329 quae
2863 4276 3027 4316 verus
3058 4267 3244 4328 pastor
3276 4266 3332 4310 et
3357 4255 3500 4308 idem
3538 4252 3723 4306 ovium

2156 4362 2422 4416 Dominus
2464 4358 2639 4422 novit,
2690 4357 2925 4411 istorum
2960 4365 3152 4407 curam
3180 4359 3237 4405 et
3286 4346 3723 4403 administratio-

2157 4471 2280 4510 nem
2338 4451 2640 4514 maudavit,
2673 4461 2730 4504 et
2771 4462 2965 4518 greges
3013 4444 3235 4513 utrique
3285 4456 3386 4512 pro
3438 4455 3506 4493 eo
3560 4447 3726 4505 atque

2157 4548 2449 4607 convenit,
2515 4548 2659 4597 inter
2710 4557 2768 4595 se
2818 4538 3263 4599 communicant,
3318 4542 3374 4587 et
3425 4532 3727 4586 salutarem

2156 4638 2383 4693 herbam
2425 4634 2590 4689 noxio
2638 4633 2732 4687 illo
2773 4640 2829 4686 et
2876 4629 3064 4685 lethali
3101 4626 3487 4680 haereticorum
3525 4620 3730 4690 pabulo

2158 4728 2330 4781 vitato
2372 4728 2758 4794 depascuntet
2796 4727 3031 4790 carpunt
3062 4740 3074 4773 :
3107 4715 3272 4785 229
3302 4713 3727 4783 conjungamus,

2157 4837 2191 4874 ο
2221 4818 2421 4882 amice,
2454 4818 2498 4871 si
2543 4816 2787 4876 videtur,
2813 4827 2956 4867 vera:
2988 4811 3210 4881 pietatis
3250 4822 3403 4870 oves,
3427 4819 3632 4872 easque
3664 4801 3723 4855 in

2160 4912 2305 4967 ovile
2355 4926 2526 4964 unum
2568 4921 2946 4979 aggregentus,
2983 4915 3151 4972 atque
3198 4916 3319 4970 quae
3368 4897 3527 4951 nobis
3562 4896 3733 4948 inter-

2165 5004 2334 5058 cessit
2387 5003 2455 5057 de
2506 5001 2765 5071 pastorali
2823 5011 3053 5053 munere
3104 4995 3461 5050 contentione
3513 4988 3729 5051 soluta,

2168 5108 2400 5166 uterque
2433 5110 2563 5150 oves
2597 5102 2805 5163 pascat,
2843 5088 3321 5155 counnuniterque
3351 5084 3455 5144 eis,
3482 5080 3734 5135 docendo

2166 5207 2354 5246 curant
2385 5189 2642 5243 exhibeat
2670 5201 2684 5240 :
2717 5187 2802 5238 sin
2838 5198 2993 5243 vero,
3024 5181 3119 5250 qui
3161 5181 3216 5234 in
3247 5176 3428 5231 medio
3460 5183 3565 5235 est,
3596 5187 3732 5225 eon-

2166 5282 2452 5347 tendcndi,
2487 5297 2551 5335 ac
2601 5277 2909 5334 dissidendi
2961 5275 3205 5330 studium
3242 5273 3446 5325 excitat
3478 5270 3732 5326 thronus,

2162 5388 2217 5433 et
2245 5378 2300 5431 id
2342 5374 2524 5445 sopire
2552 5372 2735 5427 statim
2767 5369 3117 5426 conabimur.
3155 5363 3425 5434 Oportere
3457 5360 3735 5428 siquidem

2164 5484 2390 5535 censeo,
2429 5483 2485 5521 tn
2531 5464 2713 5519 medio
2748 5464 2950 5517 throno
2980 5474 3104 5514 cum
3139 5452 3449 5510 reverentia
3482 5450 3736 5519 religiose

2163 5575 2384 5620 sacrum
2432 5557 2559 5629 pani
2611 5553 2968 5625 Evangelium
2998 5570 3010 5604 :
3042 5565 3140 5603 nos
3166 5559 3349 5602 autem
3388 5555 3620 5611 tttraque
3666 5556 3738 5593 οι

2166 5661 2322 5725 parte
2363 5649 2682 5714 considere,
2719 5648 2773 5700 in
2804 5644 3067 5699 inferiore
3097 5640 3363 5696 subsellio
3387 5634 3741 5706 acquiesoen-

555 5788 999 5861 (l)'l‘heod.lib.
1032 5805 1087 5847 ν.
1137 5779 1850 5861 cap.3:_Quandoqn_idem
1888 5786 1945 5861 et
1984 5777 2119 5834 mihi
2161 5777 2353 5834 harum
2414 5789 2601 5831 curam
2662 5773 2846 5827 ovium
2899 5766 3183 5823 mandavit
3246 5764 3622 5826 Dominus,ct
3679 5765 3742 5811 tu

487 5851 717 5922 aliarum
756 5860 1119 5932 regendarum
1153 5851 1441 5924 suscepisti
1467 5851 1831 5923 provinciam,
1857 5858 1964 5904 etc.
