4056 6228
483 371 601 465 ,793

1420 377 2025 440 ΕΟΕὶΕὸίΔΞΤΙΟΕ
2065 378 2459 442 HISTORIA;
2498 383 2651 446 LIB.
2684 383 2824 445 XII.

3629 377 3740 443 ’794

491 485 674 541 οἰκεῖα·
696 486 832 558 μέλη
880 487 1359 558 προσεκαλέσασῦε
1387 489 1479 544 διὰ
1521 489 1631 545 τῶν
1662 489 1756 545 τοῦ
1814 489 2032 560 θεοφιλε

2168 492 2466 550 fraternam
2492 506 2729 553 vestram
2755 510 2880 567 erga
2908 508 3008 549 nos
3034 497 3292 565 pietatem
3324 498 3737 559 conservantes,

494 580 693 636 στάτου
744 579 1013 651 βασιλέως
1062 583 1430 652 γραμμάτων,
1468 584 1540 636 ἶν’
1573 583 1761 654 ἐπειδὴ
1808 584 1930 638 τότε
1964 584 2066 647 τὰς

492 672 701 741 θλίψεις
725 673 880 743 μόνοι
907 673 1413 745 κατεδικάσθημεν,
1437 674 1533 729 νῦν
1563 676 1622 728 ἐν
1656 678 1725 748 τῇ
1757 674 1867 729 τῶν
1898 675 2062 729 αύτο-

490 765 777 835 κρατόρων
819 767 947 835 περὶ
976 767 1076 839 τὴν
1110 766 1398 821 εὐσέϐειαν
1443 768 1734 840 συμφωνία
1769 769 1847 839 μὴ
1893 766 2063 839 χωρὶς

489 854 649 925 ἡμῶν
675 855 1055 928 βασιλεύσητε,
1091 858 1228 912 ἀλλὰ
1267 863 1361 912 καὶ
1408 861 1572 929 ἡμεῖς
1614 860 1744 925 ύμῖν
1791 861 1933 913 κατὰ
1963 859 2062 928 τὴν

489 944 859 1015 ἀποστολικῂν
887 947 1075 1016 φωνὴν
1103 948 1638 1020 συμϐασιλεύσωμεν
1662 967 1676 981 ’
1708 948 1844 1021 εὐχὴ
1874 949 1972 1018 μὲν
1992 945 2062 1022 ἦν

488 1039 642 1106 ἡμῖν,
690 1039 739 1091 εί
770 1038 999 1092 δυνατὸν
1046 1040 1251 1096 ἅπασιν
1307 1042 1522 1113 ἀθρόως
1568 1042 1935 1097 καταλιποῦσι
1962 1043 2062 1107 τὰς

486 1128 810 1199 ἐκκλησίας,
844 1131 921 1201 τῷ
957 1132 1108 1203 πόθῳ
1163 1135 1195 1203 ἢ
1250 1137 1316 1205 τῇ
1355 1135 1519 1206 χρείᾳ
1568 1134 1924 1207 χαρίσασθαι.
1964 1136 2060 1200 τίς

486 1223 596 1291 γὰρ
619 1222 754 1291 ἡμῖν
782 1222 855 1293 δῷ
887 1224 1167 1295 πτέρυγας
1195 1226 1331 1280 ὡσεὶ
1363 1230 1721 1298 περιστερᾶς,
1756 1230 1851 1281 καὶ
1892 1246 2060 1284 πετα-

488 1314 824 1385 σοησόμεθα,
868 1317 963 1370 καὶ
994 1318 1130 1388 πρὸς
1165 1320 1310 1386 ὑμᾶς
1341 1320 1778 1387 καταπαύσομεν
1802 1320 2058 1393 ;⁹Επειδὴ

485 1404 544 1458 δὲ
572 1405 736 1460 τοῦτο
768 1407 1045 1471 παντελῶς
1072 1409 1312 1481 ἐγύμνου
1339 1411 1438 1475 τὰς
1478 1412 1775 1485 ἐκκλησίας
1799 1412 1925 1483 ἄρτι
1960 1416 2059 1485 τῆς

485 1498 837 1563 ἀνανεώσεως
864 1502 1195 1573 ἀρχομένας,
1226 1504 1322 1559 καὶ
1347 1504 1406 1557 τὺ
1436 1507 1669 1579 πρᾶγμα
1705 1509 2060 1562 παντάπασιν

482 1587 554 1663 ἦν
584 1593 698 1654 τοῖς
735 1593 952 1657 πολλοῖς
1011 1594 1273 1650 ἀδύνατον
1297 1612 1313 1628 ·
1354 1597 1893 1671 συνδεδραμήκειμεν
1948 1600 2058 1670 γὰρ

484 1685 565 1747 εἰς
592 1687 694 1755 τὴν
720 1685 1295 1742 Κωνσταντινούπολιν
1319 1690 1385 1744 ὲκ
1419 1691 1529 1745 τῶν
1562 1693 1763 1762 πέρυσι
1794 1693 2058 1763 γραμμάς

381 1824 385 1828 .
479 1791 590 1828 των
621 1773 731 1828 τῶν
761 1777 911 1848 παρὰ
963 1776 1065 1846 τῆς
1096 1777 1373 1850 ὑμετέρας
1408 1785 1725 1855 τιμιότητος
1774 1785 1913 1855 μετὰ
1956 1787 2056 1857 τὴν

493 1865 786 1938 Ἀκυληῖας
845 1868 1066 1924 σύνοδον
1095 1872 1231 1940 πρὸς
1258 1873 1349 1927 τὸν
1381 1876 1798 1944 θεοφιλέστατον
1827 1876 2054 1947 βασιλέα

480 1959 757 2012 Θεοδόσιον
797 1961 1258 2028 ιπισταλθέντων,
1311 1966 1451 2035 πρὸς
1498 1968 1668 2039 μόνην
1714 1968 1922 2039 ταύτην
1951 1969 2053 2038 τὴν

482 2054 645 2125 μέχρι
682 2055 1307 2122 Κωνσταντινουπόλεως
1340 2060 1919 2130 παρασκευασάμενοι,
1960 2061 2055 2116 καὶ

480 2144 636 2215 παρὰ
666 2146 872 2216 ταύτης
914 2148 1082 2217 μόνης
1127 2149 1229 2219 τῆς
1260 2150 1482 2205 συνόδου
1512 2150 1622 2205 τῶν
1647 2153 1708 2206 ὲν
1737 2157 1854 2215 ταῖς
1879 2155 2055 2226 ἐπαρ-

480 2240 628 2311 χίαις
662 2240 963 2309 μεινάντων
987 2244 1305 2297 ἐπισκόπων
1339 2244 1742 2311 συγκατάθεσιν
1773 2246 2054 2314 ἑπαγόμε·

478 2344 595 2381 νοιο
637 2330 886 2399 μείζονος
926 2330 985 2384 δὲ
1027 2332 1359 2402 ἀποδημίας,
1395 2334 1532 2401 μήτε
1576 2333 2052 2404 προσδοκήσαντες

478 2421 691 2490 χρείαν,
730 2424 866 2492 μήτε
922 2423 1363 2494 προακούσαντες
1405 2425 1562 2491 ὅλως,
1617 2424 1749 2496 πρὶν
1793 2427 1851 2481 ιν
1898 2428 2054 2480 Κωνο

479 2515 923 2568 σταντινουπόλει
951 2516 1265 2569 συνελθεῖνο
1312 2516 1448 2587 πρὸς
1482 2517 1537 2570 δὲ
1585 2518 1794 2581 τούτοις
1826 2520 1921 2571 καὶ
1950 2521 2049 2589 τῆς

477 2608 819 2679 προθεσμίας
865 2609 955 2663 διὰ
1007 2611 1301 2681 στενότητα
1340 2612 1477 2679 μήτε
1518 2611 1653 2682 πρὸς
1694 2612 2050 2682 παρασκευὴν

477 2700 827 2772 μακροτέρας
890 2699 1203 2772 ἀποδημίας
1256 2701 1567 2772 ἐνδιδούσης
1638 2703 1852 2773 καιρὸν,
1907 2704 2047 2774 μήτε

478 2795 689 2857 πάντας
715 2795 844 2859 τοὺς
872 2796 932 2851 έν
959 2796 1081 2857 ταῖς
1102 2796 1400 2866 ἐπαρχίαις
1442 2798 1793 2860 κοινωνικοὺς
1820 2798 2048 2850 tutud-

476 2904 615 2950 πους
655 2887 1214 2961 ύπομνηματισθῆναι
1255 2891 1349 2943 καὶ
1381 2891 1481 2953 τὰς
1538 2890 1668 2960 παρ’
1700 2890 1882 2943 αὐτῶν
1918 2906 2050 2959 συγ-

475 2979 796 3046 καταθέσεις
840 2980 1062 3035 λαϐεῖν’
1098 2981 1284 3055 ἐπειδὴ
1315 2981 1510 3050 ταῦτα,
1540 2983 1635 3035 καὶ
1697 2981 1871 3035 πολλᾶ
1907 2982 2047 3053 πρὸς

474 3077 687 3140 τούτοις
723 3074 887 3148 ἕτερα
912 3077 1012 3150 τὴν
1044 3092 1150 3128 των
1176 3076 1437 3130 πλειόνων
1468 3075 1653 3144 ἄφιξιν
1675 3075 2004 3130 διεκώλυσεν
2025 3093 2042 3110 ο

475 3167 504 3218 ὃ
540 3166 794 3239 δεύτερον
817 3165 887 3241 ἧν
912 3171 993 3233 et;
1031 3188 1090 3223 τε
1122 3161 1229 3224 τών
1261 3170 1605 3241 πραγμάτων
1645 3169 2043 3247 ἐπανόρθωιν,
2070 3197 2115 3261 c

477 3261 571 3315 καὶ
596 3262 696 3333 τὴν
720 3262 818 3328 τῆς
847 3263 1116 3333 ὑμετέρας
1138 3267 1263 3335 περὶ
1298 3265 1444 3334 ἡμᾶς
1494 3266 1717 3337 ἀγάπης
1744 3266 2037 3335 ἀπόδειξιν,

473 3355 631 3408 τοῦτο
656 3356 1060 3426 πεποιήκαμεν,
1091 3362 1216 3421 τοὺς
1237 3359 1698 3428 αίδεσιμωτάτους
1730 3361 1825 3413 καὶ
1848 3376 2044 3430 τιμιω-

467 3449 661 3511 τάτους
690 3449 948 3519 ἀδελφοὺς
980 3450 1072 3503 καὶ
1120 3450 1581 3521 συλλειτουργοὺς
1612 3452 1771 3523 ἡμῶν
1813 3453 2037 3506 ἑπισκό·

470 3555 629 3603 πους,
656 3540 952 3609 κυριακὸν,
990 3539 1265 3607 εὐσέϐιον,
1314 3544 1409 3595 καὶ
1439 3540 1790 3610 Πρισκιανὸν,
1834 3542 2040 3614 προθύ-

470 3646 588 3700 μως
619 3633 819 3701 καμεῖν
844 3630 1003 3702 ἄχρις
1037 3632 1192 3701 ὑμῶν
1227 3631 1653 3704 δυσωπήσαντες
1673 3650 1692 3669 ο
1726 3635 1796 3689 δι’
1836 3630 1912 3690 ὦν
1942 3635 2039 3709 τὴν

465 3722 749 3795 ἡμετέραν
786 3722 1109 3795 προαίρεσιν
1144 3724 1431 3795 εἰρηνικὴν
1462 3724 1629 3780 οὖσαν
1679 3727 1772 3782 καὶ
1831 3728 2038 3783 σκοπὸν

467 3818 713 3883 ένὼσεως
738 3819 968 3890 ἔχουσαν
993 3819 1379 3889 ἐπιδείκνυμεν
1401 3835 1416 3851 ο
1442 3819 1535 3873 καὶ
1565 3819 1657 3873 τδν
1692 3820 1856 3893 ζῆλον
1878 3822 2038 3892 ἡμῶν

462 3910 556 3964 τὸν
589 3909 727 3980 ὑπὲρ
777 3908 876 3980 τῆς
933 3907 1122 3978 ὑγιοῦς
1172 3909 1412 3972 πίστεως
1466 3910 1703 3980 φανερὸν
1750 3911 2038 3981 ποιοῦμεν.

474 4000 673 4071 Ἡμεῖς
696 4001 825 4072 γὰρ,
856 4002 968 4055 εἴτε
992 4002 1293 4070 διωγμοὺς,
1328 4000 1438 4054 εἴτε
1466 4002 1702 4071 θλίψεις,
1737 4003 1849 4057 εἴτε
1882 4003 2039 4075 βασιο

463 4094 621 4156 λικας
671 4093 922 4159 ἀπειλὰς,
963 4092 1074 4145 εἴτε
1106 4092 1201 4154 τὰς
1229 4090 1341 4145 τῶν
1392 4090 1670 4162 ἀρχόντων
1721 4092 2034 4165 ὠμότητας.

462 4188 575 4241 είτε
615 4187 738 4241 τινὰ
769 4186 1077 4258 πειρασμὸν
1127 4186 1320 4255 ἕτερον
1370 4186 1526 4257 παρὰ
1575 4185 1688 4240 τῶν
1741 4188 2033 4258 αἱρετικῶν

462 4281 867 4352 ὑπεμείναμεν,
927 4282 1069 4349 ὑπὲρ
1124 4280 1222 4350 τῆς
1266 4279 1633 4350 εὐαγγελικῆς
1666 4280 1900 4342 πίστεως
1932 4283 2032 4349 τῆς

462 4378 523 4429 ιν
555 4375 763 4444 Νικαίᾳ
813 4375 912 4443 τῆς
950 4372 1198 4436 Βιθυνίας
1230 4372 1380 4443 παρὰ
1426 4373 1535 4425 τῶν
1568 4374 1899 4443 τριακοσίων
1945 4376 2033 4427 δι-

463 4466 684 4524 καοκτὼ
734 4466 991 4536 Πατὲρων
1045 4465 1389 4535 κυρωθείσης
1440 4464 1776 4532 ὑπέστημεν.
1815 4464 2033 4534 Ταύτην

2163 592 2220 638 et
2249 584 2600 642 dilectionem
2645 586 2989 649 exhibentes,
3041 584 3248 640 indicto
3285 582 3491 648 nam,
3519 582 3587 638 de
3640 597 3741 638 ro-

2166 678 2374 732 luntate
2404 678 2525 745 Dei,
2561 679 2816 744 concilio,
2846 693 2947 749 per
2980 677 3075 733 Dei
3107 676 3466 733 amantissimi
3504 676 3740 745 impera-

2166 768 2303 822 toris
2336 767 2568 833 litteras,
2598 785 2699 825 nos
2728 784 2947 840 quoque
2974 807 2991 833 ,
3019 777 3079 823 ut
3113 767 3355 822 membra
3396 774 3576 821 vestra
3604 778 3738 833 pro-

2162 859 2306 929 pria,
2351 874 2419 915 eo
2444 861 2829 924 evocaveritis,
2874 869 2935 916 ut
2964 869 3319 931 posteaquam
3352 866 3469 912 tum
3509 855 3734 926 quidem

2163 951 2266 1006 soli
2327 966 2429 1008 nos
2479 952 2885 1009 calamitatibus
2940 951 3145 1008 addicti
3202 960 3367 1021 atque
3432 948 3735 1020 adjudicati

2163 1043 2390 1107 fuimus,
2428 1061 2577 1101 nunc
2612 1045 2831 1101 tandem
2869 1044 2923 1099 in
2953 1042 3321 1100 consentienti
3354 1042 3601 1111 ipsorum
3630 1041 3737 1094 im-

2164 1147 2479 1207 peratorum
2536 1138 2605 1194 de
2666 1154 2794 1193 vera
2856 1138 3058 1209 pietate
3091 1134 3406 1199 concordia,
3452 1148 3561 1187 non
3613 1133 3735 1186 sine

2162 1228 2324 1284 nobis
2365 1230 2606 1301 regnetis
2635 1269 2649 1293 ,
2681 1228 2774 1284 sed
2810 1239 2868 1284 et
2932 1243 3035 1284 nos
3068 1242 3174 1283 una
3227 1226 3538 1288 vobiscum,
3578 1224 3733 1294 juxta

2159 1321 2515 1387 apostolicam
2548 1336 2760 1388 vocem,
2789 1334 3112 1393 reguemus:
3145 1320 3201 1375 in
3232 1318 3378 1373 votis
3411 1317 3569 1372 nobis
3591 1328 3730 1383 erat,

2160 1410 2206 1465 si
2240 1410 2358 1465 ﬁeri
2403 1420 2609 1481 posset,
2637 1420 2697 1466 ut
2741 1410 2906 1465 simul
2944 1424 3158 1473 omnes,
3205 1408 3455 1464 ecclesiis
3501 1406 3731 1471 relictis,

2158 1518 2257 1557 seu
2288 1501 2566 1558 desiderio
2595 1518 2690 1559 seu
2728 1503 2849 1558 usui
2879 1510 3087 1568 vestro,
3111 1517 3209 1572 per
3232 1499 3576 1571 gratificandi
3616 1514 3736 1555 Stu-

2156 1591 2310 1647 dium
2347 1594 2814 1650 satislaceremus.
2845 1591 2982 1660 Quis
3026 1593 3175 1648 enim
3211 1592 3376 1647 nobis
3404 1590 3521 1646 aias
3559 1590 3731 1645 veluti

2157 1686 2423 1743 columbae
2462 1686 2691 1751 tribuat,
2741 1694 2803 1741 ut
2848 1685 3163 1748 volilemus,
3207 1693 3264 1739 et
3314 1682 3462 1755 apud
3505 1698 3604 1739 vos
3649 1698 3735 1737 re-

2156 1776 2545 1849 quiescamus?
2574 1777 2709 1833 Cum
2741 1791 2870 1834 vero
2905 1777 2981 1839 id.
3009 1778 3055 1832 si
3093 1776 3269 1841 lieret,
3305 1787 3533 1846 prorsus
3556 1775 3734 1829 eccle-

2154 1870 2265 1926 sias
2300 1870 2557 1937 nudaret,
2582 1885 2704 1940 qua:
2731 1884 2907 1939 nuper
2935 1869 3185 1924 renovari
3208 1876 3524 1939 ceperunt,
3555 1875 3612 1921 et
3643 1880 3733 1921 res

2154 1963 2272 2019 haec
2310 1962 2499 2018 multis
2526 1963 2756 2017 omnino
2813 1960 3170 2031 impossibilis
3210 1960 3324 2014 sit:
3362 1958 3730 2015 convenimus

2154 2070 2391 2126 namque
2409 2054 2944 2126 Constantiimpolim
2968 2053 3168 2110 litteris
3196 2052 3463 2123 proximis
3480 2050 3729 2117 adducti,

2153 2161 2292 2217 quas
2348 2146 2655 2201 reverentia
2694 2154 2875 2201 vestra
2934 2153 3060 2214 post
3093 2143 3361 2214 synodum
3410 2140 3731 2210 Aquileien-

2150 2253 2288 2306 sem,
2323 2240 2392 2293 ad
2439 2237 2536 2294 Dei
2565 2237 3005 2292 amantissimum
3052 2236 3441 2305 imperatorem
3475 2232 3730 2289 Theodo-

2150 2333 2292 2388 sium
2318 2330 2487 2397 dedit,
2514 2330 2579 2385 ad
2600 2331 2770 2386 solum
2796 2328 3505 2395 hane,Constautinopolim
3529 2341 3736 2396 usque,

2150 2424 2545 2496 profectionem
2572 2423 2851 2491 instructi,
2871 2420 3032 2492 253
3062 2429 3119 2475 et
3146 2420 3215 2476 de
3253 2435 3362 2475 una
3394 2422 3495 2473 hac
3516 2416 3735 2489 synodo

2149 2519 2221 2573 ab
2268 2517 2352 2573 eis
2403 2517 2498 2585 qui
2561 2516 2616 2570 in
2660 2514 2961 2584 provinciis
3021 2527 3371 2584 permansere
3425 2509 3723 2581 episcopis,

2150 2611 2523 2666 assensionem
2557 2617 2837 2679 acceptam
2866 2607 3150 2662 habentes.
3169 2605 3245 2659 De
3266 2604 3509 2673 longiore
3538 2612 3724 2657 autem

2149 2703 2489 2775 proiectione
2516 2716 2697 2771 neque
2736 2699 3120 2756 necessitatem
3166 2697 3403 2767 aliquam
3438 2704 3733 2767 exspecta-

2147 2798 2331 2853 vimus
2364 2813 2381 2850 :
2414 2810 2593 2865 neque
2616 2793 2915 2865 quidquam
2945 2790 3175 2848 omnino
3205 2790 3361 2861 prius
3388 2788 3724 2854 audivimus,

2147 2903 2313 2959 quam
2331 2885 2815 2955 Constantinopoli
2842 2883 3222 2940 convenimus.
3251 2881 3333 2937 Ad
3372 2881 3508 2945 haec,
3539 2894 3604 2937 ea
3636 2888 3728 2936 est

2146 2980 2433 3037 constituti
2462 2980 2726 3051 temporis
2756 2977 3032 3043 angustia,
3063 2984 3124 3032 ut
3167 2990 3349 3045 neque
3378 2973 3446 3028 ad
3472 2973 3577 3029 iter
3604 2972 3726 3029 ion-

2148 3075 2270 3145 gius
2302 3088 2403 3130 nos
2438 3071 2741 3129 instruendi
2765 3072 3004 3142 spatium
3038 3068 3370 3125 habeamus:
3405 3081 3583 3138 neque
3605 3079 3730 3121 om-

2152 3184 2250 3228 nes
2280 3168 2335 3226 in
2372 3164 2674 3241 provinciis
2711 3161 3116 3239 communionis
3159 3168 3359 3215 nostra!
3405 3160 3721 3229 episcopos,

2148 3263 2218 3320 de
2247 3263 2591 3333 proiectione
2630 3257 2721 3313 tali
2751 3255 3018 3314 certiores
3063 3253 3276 3320 facere,
3303 3260 3361 3308 et
3386 3263 3717 3306 consensum

2143 3368 2336 3412 eorum
2359 3354 2607 3424 accipere
2636 3351 2931 3422 possimus.
2961 3344 3097 3403 Cum
3124 3345 3261 3414 haec,
3296 3352 3353 3402 et
3385 3345 3555 3398 multa
3578 3356 3718 3413 pra:-

2146 3459 2290 3505 terea
2317 3446 2444 3510 alia,
2462 3444 2758 3501 adventum
2790 3441 3155 3512 complurium
3185 3434 3715 3510 impedirentzquod

2143 3547 2414 3617 reliquum
2444 3552 2581 3609 erat,
2609 3542 2770 3597 simul
2798 3549 2854 3595 et
2883 3538 2950 3593 ad
2988 3552 3076 3594 res
3107 3538 3396 3608 plerasque
3434 3536 3713 3608 corrigen-

2143 3638 2266 3704 das,
2292 3646 2351 3691 et
2381 3643 2627 3691 nostram
2666 3647 2793 3702 erga
2820 3646 2918 3685 vos
2945 3630 3270 3685 cbaritatem
3302 3626 3710 3695 declarandam,

2139 3729 2451 3788 faciendum
2483 3727 2761 3788 duximus,
2801 3734 2861 3779 ut
2894 3724 3387 3780 reverendissimos
3418 3734 3580 3794 atque
3610 3722 3715 3777 ito-

2140 3820 2416 3878 norandos
2443 3819 2678 3874 maxime
2706 3817 2907 3873 lratres
2953 3823 3011 3870 et
3047 3817 3287 3889 collegas
3336 3823 3581 3881 nostros,
3609 3812 3723 3885 Cy-

2138 3914 2375 3980 riacum,
2403 3910 2723 3975 Eusebium,
2764 3919 2821 3964 et
2855 3908 3221 3973 Priscianuin,
3251 3909 3566 3979 episcopos,
3605 3922 3718 3980 quo

2137 4013 2241 4067 viae
2264 4010 2505 4065 laborem
2535 4007 2768 4062 Romam
2802 4019 2977 4075 usque
3011 4004 3287 4061 alacribus
3316 4006 3566 4061 subirent
3598 4004 3715 4061 ani-

2138 4103 2264 4167 mis,
2294 4112 2655 4158 exorarenms
2692 4117 2706 4153 :
2745 4112 2845 4168 per
2874 4110 3016 4167 quos
3037 4096 3375 4153 voluntatem
3408 4105 3465 4151 et
3490 4102 3715 4152 senten-

2141 4197 2274 4253 tiam
2329 4205 2572 4251 nostram
2619 4191 2907 4263 paciﬁcam
2936 4204 3080 4255 esse,
3110 4197 3166 4244 et
3213 4187 3434 4244 unionis
3481 4189 3713 4258 conjun-

2136 4284 2447 4355 ctionisque
2502 4282 2793 4339 consilium
2887 4292 2945 4337 et
3037 4280 3202 4336 linem
3261 4280 3367 4335 sibi
3427 4280 3710 4351 proposita

2136 4380 2363 4443 habere,
2403 4356 2773 4433 ostendimus:
2806 4374 3169 4445 ardoremque
3188 4375 3348 4430 simul
3368 4390 3465 4444 pro
3487 4374 3711 4431 saniore

2138 4471 2243 4526 lide
2264 4480 2536 4533 nostrum,
2557 4466 2848 4523 manifesto
2877 4467 3244 4523 declaramus.
3264 4465 3376 4521 Nos
3401 4467 3573 4532 enim,
3594 4466 3713 4522 sive

461 4561 571 4629 γὰρ
597 4560 695 4613 καὶ
724 4562 857 4629 ἡμῖν
912 4562 1004 4613 καὶ
1047 4560 1182 4612 πᾶσι
1238 4561 1353 4621 τοῖς
1398 4556 1472 4628 μὴ
1521 4558 1908 4628 διαστρέφουσι
1938 4562 2029 4610 τὸν

2145 4560 2575 4631 persecutiones,
2625 4572 2722 4612 seu
2764 4556 3111 4623 alllictiones,
3143 4558 3261 4613 sive
3314 4558 3707 4629 imperatorum

460 4650 620 4716 λόγον
668 4648 770 4717 τῆς
801 4647 1037 4717 ἀληθοῦς
1090 4649 1325 4711 πίστεως
1367 4649 1729 4720 συναρέσκειν
1782 4648 1904 4702 δεῖ*
1959 4650 2027 4719 ἢν

459 4740 617 4810 μόλις
651 4740 782 4792 ποτὲ
835 4739 1219 4811 πρεσϐυτάτην
1268 4739 1441 4793 οὖσαν
1488 4738 1580 4793 καὶ
1630 4736 1924 4794 ἀκόλουθον
1949 4737 2029 4808 τῷ

456 4833 822 4903 βαπτίσματι,
852 4833 949 4885 καὶ
980 4833 1342 4887 διδάσκουσαν
1378 4834 1525 4902 ἡμᾶς
1557 4831 1837 4885 πιστεύειν
1866 4836 1947 4896 είς
1966 4832 2030 4885 τὸ

454 4926 627 4996 δνομα
681 4927 776 4979 τοῦ
826 4926 1042 4996 [ἰατρὸς
1104 4927 1200 4979 καὶ
1231 4926 1327 4979 τοῦ
1382 4927 1514 4980 Υίοῦ
1572 4928 1667 4980 καὶ
1717 4928 1811 4981 τοῦ
1868 4928 2024 4996 ἁγίου

456 5017 815 5087 ίινεύματοςξ
848 5019 1052 5090 δηλαδὴ
1082 5020 1341 5089 θεότητος
1367 5024 1460 5073 καὶ
1491 5019 1779 5089 δυνάμεως
1820 5020 1916 5073 καὶ¹
1935 5019 2027 5072 ού-

456 5110 579 5174 σίας
632 5112 763 5182 μιᾶς
787 5111 883 5165 τοῦ
917 5111 1133 5183 Πατρδς
1163 5113 1259 5165 καὶ
1291 5109 1387 5164 τοῦ
1429 5111 1560 5166 Υίοῦ
1610 5112 1705 5166 καὶ
1737 5112 1833 5166 τοῦ
1865 5112 2023 5180 ἁγίου

461 5202 779 5273 Πνεύματος
830 5203 1251 5274 πιστευομένης,
1300 5203 1569 5274 δμοτίμου
1602 5221 1660 5256 τε
1708 5204 1811 5274 τῆς
1866 5203 2025 5268 ἀξίας

458 5296 551 5352 καὶ
584 5296 858 5350 συναῖδίου
913 5297 1010 5365 τῆς
1044 5296 1325 5365 βασιλείας
1366 5297 1424 5349 ἒν
1477 5297 1626 5366 τρισὶ
1655 5296 2024 5359 τελειοτάταις

455 5389 579 5451 ταῖς
611 5388 999 5451 ύποστάσεσιν,
1023 5387 1195 5457 ἧγουν
1221 5389 1369 5458 τρισὶ
1399 5386 1628 5449 τελείοις
1667 5385 1983 5455 προσώποις
2001 5403 2018 5420 υ

454 5479 531 5545 ὡς
559 5482 699 5550 μήτε
728 5483 828 5550 τὴν
850 5478 1141 5534 Σαϐελλίου
1168 5479 1322 5534 νόσον
1348 5478 1533 5550 χώραν
1559 5478 1769 5546 λαϐεῖν,
1798 5494 2025 5549 συγχεο·

454 5576 636 5646 μένων
665 5572 776 5628 τῶν
804 5573 1178 5641 ὑποστάσεων,
1212 5575 1389 5630 εἴτουν
1416 5574 1525 5627 τῶν
1566 5572 1846 5644 ίδιοτήτων
1870 5575 2025 5629 ἀναι-

454 5668 757 5738 ρουμένων,
794 5668 935 5739 μήτε
965 5670 1073 5738 μὴν
1105 5666 1205 5737 τὴν
1224 5666 1572 5737 Εὐνομιανῶν
1602 5668 1695 5721 καί
1724 5665 2022 5737 ’Λρειανῶν

453 5761 549 5814 καὶ
603 5761 1083 5830 Πνιυματομάχων
1110 5759 1463 5830 βλασφημίαν
1506 5757 1735 5829 ίσχύειν,
1768 5760 1872 5828 τῆς
1931 5758 2024 5812 ού-

456 5850 579 5918 σίας
605 5850 639 5924 ἢ
669 5853 766 5923 τῆς
790 5851 1007 5922 φύσεως
1048 5850 1080 5922 ἢ
1111 5850 1210 5923 τῆς
1244 5849 1500 5916 θεότητος
1534 5849 1897 5923 τεμνομένης,
1922 5849 2018 5904 καὶ

2135 4655 2336 4718 minas,
2364 4666 2462 4709 seu
2488 4652 2902 4721 magistratuum
2931 4650 3313 4708 crudelitatem
3332 4690 3348 4716 ,
3379 4652 3495 4707 sive
3535 4651 3706 4708 etiam

2134 4747 2295 4801 aliam
2329 4746 2643 4817 quampiam
2677 4745 3033 4799 tentationem
3071 4751 3127 4798 et
3155 4743 3460 4813 periculum
3484 4743 3556 4799 ab
3593 4744 3705 4799 lia:-

2136 4840 2321 4897 reticis
2352 4841 2740 4900 sustinuimus,
2762 4854 2861 4909 pro
2883 4840 3195 4911 evangelica
3217 4838 3321 4895 lide
3350 4839 3543 4895 Nicaaa-
3558 4842 3702 4911 apud

2129 4934 2393 5006 Bithynos
2425 4948 2455 4987 a
2510 4933 2771 4987 trecentis
2808 4934 2995 4987 decem
3021 4940 3076 4987 et
3128 4940 3257 4987 octo
3297 4931 3551 4987 Patribus
3577 4946 3707 4986 cou-

2132 5026 2365 5089 ﬁrmata,
2407 5024 2673 5096 quidquid
2708 5024 2761 5077 id
2818 5023 2939 5087 fuit,
2968 5023 3316 5094 pertulimus.
3357 5021 3487 5077 Eam
3551 5024 3700 5078 enim

2127 5124 2183 5169 et
2209 5114 2389 5176 nobis.
2420 5124 2477 5169 et
2507 5113 2686 5178 vobis,
2714 5113 2947 5183 aliisque
2974 5111 3115 5167 adeo
3150 5112 3410 5168 omnibus
3433 5115 3526 5183 qui
3557 5127 3701 5167 verm

2130 5204 2254 5261 ﬁdei
2281 5206 2507 5261 verbum
2538 5220 2648 5259 non
2669 5212 3030 5274 pervertunt,
3064 5205 3406 5275 complacere
3432 5215 3651 5276 oportet
3683 5218 3700 5257 :

2128 5299 2331 5370 quippe
2358 5313 2481 5368 quae
2503 5296 2887 5367 antiquissima
2931 5304 2989 5351 et
3031 5297 3304 5368 baptismo
3329 5306 3701 5353 consentanea

2124 5393 2217 5457 sit,
2243 5392 2472 5446 credere
2509 5404 2611 5445 nos
2643 5390 2849 5446 docens
2884 5389 2938 5444 in
2970 5404 3172 5446 nomen
3212 5388 3388 5444 Patris
3416 5398 3470 5443 et
3491 5387 3611 5442 Filii
3643 5397 3703 5443 et

2127 5481 2369 5552 Spiritus
2417 5479 2613 5544 saneti,
2658 5479 2918 5536 videlicet
2949 5489 3010 5533 ut
3055 5478 3313 5533 divinitas
3343 5487 3402 5533 et
3455 5486 3708 5549 potestas

2129 5589 2235 5629 una
2282 5574 2460 5629 Patris
2488 5581 2545 5627 et
2590 5572 2714 5628 Filii
2757 5580 2815 5628 et
2841 5571 3085 5641 Spiritus
3113 5570 3309 5634 sancti,
3348 5576 3404 5625 et
3447 5570 3701 5641 ejusdem

2126 5664 2357 5719 honoris
2399 5663 2664 5734 dignitas,
2722 5672 2775 5717 et
2812 5672 3147 5718 coaeternum
3180 5675 3409 5731 regnum
3440 5660 3495 5715 in
3522 5660 3706 5719 tribus

2126 5757 2383 5828 perfectis
2400 5755 2791 5822 subsistentiis,
2819 5755 2935 5811 sive
2958 5754 3135 5809 tribus
3152 5752 3410 5823 perlectis
3428 5753 3707 5822 personis,

2124 5849 2427 5905 credatur:
2466 5849 2540 5904 ita
2589 5854 2649 5904 ut
2701 5862 2876 5920 ncquc
2932 5846 3151 5906 Sabellii
3204 5845 3456 5916 contagio
3513 5845 3702 5905 locum
