  <div class='ocr_page' id='page_1' title='image "/cluster/home/n/w/nwhite01/storage/ocr_20150623/146/mdp.39015078384776/408.png"; bbox 0 0 4038 6222; ppageno 0'>
   <div class='ocr_carea' id='block_1_1' title="bbox 320 341 423 407">
    <p class='ocr_par' dir='ltr' id='par_1_1' title="bbox 320 341 423 407">
     <span class='ocr_line' id='line_1_1' title="bbox 320 341 423 407; baseline 0.019 -2"><span class='ocrx_word' id='word_1_1' title='bbox 320 341 423 407; x_wconf 76' lang='grc'><strong>801</strong></span> 
     </span>
    </p>
   </div>
   <div class='ocr_carea' id='block_1_2' title="bbox 1251 330 2667 401">
    <p class='ocr_par' dir='ltr' id='par_1_2' title="bbox 1251 330 2667 401">
     <span class='ocr_line' id='line_1_2' title="bbox 1251 330 2667 401; baseline -0.006 -2"><span class='ocrx_word' id='word_1_2' title='bbox 1251 338 1858 401; x_wconf 65' lang='grc' dir='ltr'><strong>ΕίίειΕΞΙΛΞῊΩΕ</strong></span> <span class='ocrx_word' id='word_1_3' title='bbox 1904 334 2297 397; x_wconf 69' lang='lat' dir='ltr'><strong>lllSTOliHi</strong></span> <span class='ocrx_word' id='word_1_4' title='bbox 2338 334 2487 394; x_wconf 73' lang='grc' dir='ltr'><strong>ΜΠ.</strong></span> <span class='ocrx_word' id='word_1_5' title='bbox 2532 330 2667 392; x_wconf 82' lang='grc' dir='ltr'><strong>ΧΠ.</strong></span> 
     </span>
    </p>
   </div>
   <div class='ocr_carea' id='block_1_3' title="bbox 3498 321 3610 396">
    <p class='ocr_par' dir='ltr' id='par_1_3' title="bbox 3498 321 3610 396">
     <span class='ocr_line' id='line_1_3' title="bbox 3498 321 3610 396; baseline -0.027 0"><span class='ocrx_word' id='word_1_6' title='bbox 3498 321 3610 396; x_wconf 78' lang='grc'><strong>802</strong></span> 
     </span>
    </p>
   </div>
   <div class='ocr_carea' id='block_1_4' title="bbox 320 440 1925 525">
    <p class='ocr_par' dir='ltr' id='par_1_4' title="bbox 320 451 1913 525">
     <span class='ocr_line' id='line_1_4' title="bbox 320 451 1913 525; baseline -0.003 -15"><span class='ocrx_word' id='word_1_7' title='bbox 320 455 577 516; x_wconf 52' lang='lat' dir='ltr'><strong>eaeam;</strong></span> <span class='ocrx_word' id='word_1_8' title='bbox 602 452 733 525; x_wconf 81' lang='grc' dir='ltr'><strong>ἄχρι</strong></span> <span class='ocrx_word' id='word_1_9' title='bbox 757 451 1019 507; x_wconf 79' lang='grc' dir='ltr'><strong>τοσοῦτου</strong></span> <span class='ocrx_word' id='word_1_10' title='bbox 1050 452 1161 507; x_wconf 77' lang='grc' dir='ltr'><strong>ἀπὸ</strong></span> <span class='ocrx_word' id='word_1_11' title='bbox 1196 451 1297 523; x_wconf 78' lang='grc' dir='ltr'><strong>τῆς</strong></span> <span class='ocrx_word' id='word_1_12' title='bbox 1320 454 1596 525; x_wconf 76' lang='grc' dir='ltr'><strong>ἡμετέρας</strong></span> <span class='ocrx_word' id='word_1_13' title='bbox 1624 452 1913 516; x_wconf 75' lang='grc' dir='ltr'><strong>κοινωνίας</strong></span> 
     </span>
    </p>
   </div>
   <div class='ocr_carea' id='block_1_5' title="bbox 2032 440 3609 525">
    <p class='ocr_par' dir='ltr' id='par_1_5' title="bbox 2032 440 3609 505">
     <span class='ocr_line' id='line_1_5' title="bbox 2032 440 3609 505; baseline -0.008 0"><span class='ocrx_word' id='word_1_14' title='bbox 2032 466 2046 504; x_wconf 93' lang='lat' dir='ltr'><strong>I</strong></span> <span class='ocrx_word' id='word_1_15' title='bbox 2064 450 2457 505; x_wconf 86' lang='lat' dir='ltr'><strong>communione</strong></span> <span class='ocrx_word' id='word_1_16' title='bbox 2484 457 2670 502; x_wconf 85' lang='lat' dir='ltr'><strong>nostra</strong></span> <span class='ocrx_word' id='word_1_17' title='bbox 2691 459 2811 501; x_wconf 75' lang='lat' dir='ltr'><strong>esse</strong></span> <span class='ocrx_word' id='word_1_18' title='bbox 2826 442 3103 505; x_wconf 65' lang='lat' dir='ltr'><strong>ducimus,</strong></span> <span class='ocrx_word' id='word_1_19' title='bbox 3127 441 3258 497; x_wconf 91' lang='lat' dir='ltr'><strong>dum</strong></span> <span class='ocrx_word' id='word_1_20' title='bbox 3277 440 3344 499; x_wconf 85' lang='lat' dir='ltr'><strong>ad</strong></span> <span class='ocrx_word' id='word_1_21' title='bbox 3364 442 3609 500; x_wconf 86' lang='lat' dir='ltr'><strong>easdem.</strong></span> 
     </span>
    </p>
   </div>
   <div class='ocr_carea' id='block_1_6' title="bbox 320 540 1906 623">
    <p class='ocr_par' dir='ltr' id='par_1_6' title="bbox 320 540 1906 623">
     <span class='ocr_line' id='line_1_6' title="bbox 320 540 1906 623; baseline -0.003 -19"><span class='ocrx_word' id='word_1_22' title='bbox 320 550 639 623; x_wconf 75' lang='grc' dir='ltr'><strong>ἀλλοτρίους</strong></span> <span class='ocrx_word' id='word_1_23' title='bbox 680 548 899 619; x_wconf 72' lang='grc' dir='ltr'><strong>ἔχομεν,</strong></span> <span class='ocrx_word' id='word_1_24' title='bbox 926 548 1087 619; x_wconf 76' lang='grc' dir='ltr'><strong>ἄχρις</strong></span> <span class='ocrx_word' id='word_1_25' title='bbox 1108 540 1169 600; x_wconf 71' lang='grc' dir='ltr'><strong>οῦ</strong></span> <span class='ocrx_word' id='word_1_26' title='bbox 1199 547 1333 618; x_wconf 72' lang='grc' dir='ltr'><strong>πρὸς</strong></span> <span class='ocrx_word' id='word_1_27' title='bbox 1362 548 1533 611; x_wconf 59' lang='lat' dir='ltr'><strong>nisi;</strong></span> <span class='ocrx_word' id='word_1_28' title='bbox 1563 545 1906 601; x_wconf 79' lang='grc' dir='ltr'><strong>ἐπανέλθωσι</strong></span> 
     </span>
    </p>
   </div>
   <div class='ocr_carea' id='block_1_7' title="bbox 319 636 1908 715">
    <p class='ocr_par' dir='ltr' id='par_1_7' title="bbox 319 636 1908 715">
     <span class='ocr_line' id='line_1_7' title="bbox 319 636 1908 715; baseline -0.004 -16"><span class='ocrx_word' id='word_1_29' title='bbox 319 646 422 710; x_wconf 80' lang='grc' dir='ltr'><strong>τὰς</strong></span> <span class='ocrx_word' id='word_1_30' title='bbox 468 644 676 708; x_wconf 76' lang='grc' dir='ltr'><strong>πόλεις.</strong></span> <span class='ocrx_word' id='word_1_31' title='bbox 726 636 910 707; x_wconf 66' lang='lat' dir='ltr'><strong>iuni;</strong></span> <span class='ocrx_word' id='word_1_32' title='bbox 958 641 1178 715; x_wconf 82' lang='grc' dir='ltr'><strong>πρῶτον</strong></span> <span class='ocrx_word' id='word_1_33' title='bbox 1221 641 1729 713; x_wconf 77' lang='grc' dir='ltr'><strong>ἐχειροτονήθησαν.</strong></span> <span class='ocrx_word' id='word_1_34' title='bbox 1782 638 1908 693; x_wconf 71' lang='grc' dir='ltr'><strong>Ἐὶν</strong></span> 
     </span>
    </p>
   </div>
   <div class='ocr_carea' id='block_1_8' title="bbox 319 734 1909 805">
    <p class='ocr_par' dir='ltr' id='par_1_8' title="bbox 319 734 1909 805">
     <span class='ocr_line' id='line_1_8' title="bbox 319 734 1909 805; baseline -0.003 -13"><span class='ocrx_word' id='word_1_35' title='bbox 319 737 376 792; x_wconf 78' lang='grc' dir='ltr'><strong>δέ</strong></span> <span class='ocrx_word' id='word_1_36' title='bbox 417 754 530 802; x_wconf 86' lang='grc' dir='ltr'><strong>τις,</strong></span> <span class='ocrx_word' id='word_1_37' title='bbox 561 736 726 791; x_wconf 74' lang='grc' dir='ltr'><strong>ἄλλου</strong></span> <span class='ocrx_word' id='word_1_38' title='bbox 756 736 867 790; x_wconf 71' lang='grc' dir='ltr'><strong>ἀπὸ</strong></span> <span class='ocrx_word' id='word_1_39' title='bbox 910 737 1078 792; x_wconf 80' lang='grc' dir='ltr'><strong>τόπου</strong></span> <span class='ocrx_word' id='word_1_40' title='bbox 1105 737 1189 799; x_wconf 85' lang='grc' dir='ltr'><strong>είς</strong></span> <span class='ocrx_word' id='word_1_41' title='bbox 1229 737 1397 790; x_wconf 82' lang='grc' dir='ltr'><strong>τόπον</strong></span> <span class='ocrx_word' id='word_1_42' title='bbox 1443 734 1815 805; x_wconf 81' lang='grc' dir='ltr'><strong>μετελθόντος,</strong></span> <span class='ocrx_word' id='word_1_43' title='bbox 1851 735 1909 787; x_wconf 82' lang='grc' dir='ltr'><strong>ἐν</strong></span> 
     </span>
    </p>
   </div>
   <div class='ocr_carea' id='block_1_9' title="bbox 321 826 1908 903">
    <p class='ocr_par' dir='ltr' id='par_1_9' title="bbox 321 826 1908 903">
     <span class='ocr_line' id='line_1_9' title="bbox 321 826 1908 903; baseline -0.003 -18"><span class='ocrx_word' id='word_1_44' title='bbox 321 832 473 901; x_wconf 70' lang='grc' dir='ltr'><strong>τόπῳ</strong></span> <span class='ocrx_word' id='word_1_45' title='bbox 499 832 595 885; x_wconf 83' lang='grc' dir='ltr'><strong>τοῦ</strong></span> <span class='ocrx_word' id='word_1_46' title='bbox 625 831 826 896; x_wconf 82' lang='grc' dir='ltr'><strong>ζῶντος</strong></span> <span class='ocrx_word' id='word_1_47' title='bbox 869 830 1277 903; x_wconf 73' lang='grc' dir='ltr'><strong>ἐχειροτονήθη,</strong></span> <span class='ocrx_word' id='word_1_48' title='bbox 1315 832 1446 901; x_wconf 77' lang='grc' dir='ltr'><strong>ἄχρι</strong></span> <span class='ocrx_word' id='word_1_49' title='bbox 1485 826 1745 882; x_wconf 71' lang='grc' dir='ltr'><strong>τοσούτου</strong></span> <span class='ocrx_word' id='word_1_50' title='bbox 1787 844 1908 899; x_wconf 83' lang='grc' dir='ltr'><strong>σχο-</strong></span> 
     </span>
    </p>
   </div>
   <div class='ocr_carea' id='block_1_10' title="bbox 320 921 1911 998">
    <p class='ocr_par' dir='ltr' id='par_1_10' title="bbox 320 921 1911 998">
     <span class='ocr_line' id='line_1_10' title="bbox 320 921 1911 998; baseline -0.003 -21"><span class='ocrx_word' id='word_1_51' title='bbox 320 926 477 981; x_wconf 79' lang='grc' dir='ltr'><strong>λάσει</strong></span> <span class='ocrx_word' id='word_1_52' title='bbox 525 925 633 980; x_wconf 74' lang='grc' dir='ltr'><strong>ἀπὸ</strong></span> <span class='ocrx_word' id='word_1_53' title='bbox 661 922 757 979; x_wconf 86' lang='grc' dir='ltr'><strong>τοῦ</strong></span> <span class='ocrx_word' id='word_1_54' title='bbox 789 923 1182 998; x_wconf 83' lang='grc' dir='ltr'><strong>ἀρχιερατικοῦ</strong></span> <span class='ocrx_word' id='word_1_55' title='bbox 1214 923 1526 993; x_wconf 79' lang='grc' dir='ltr'><strong>ἀξιώματος</strong></span> <span class='ocrx_word' id='word_1_56' title='bbox 1576 924 1605 977; x_wconf 84' lang='lat'><strong>6</strong></span> <span class='ocrx_word' id='word_1_57' title='bbox 1638 922 1737 993; x_wconf 73' lang='grc' dir='ltr'><strong>τὴν</strong></span> <span class='ocrx_word' id='word_1_58' title='bbox 1775 921 1911 976; x_wconf 79' lang='grc' dir='ltr'><strong>ἰδίαν</strong></span> 
     </span>
    </p>
   </div>
   <div class='ocr_carea' id='block_1_11' title="bbox 321 1010 1913 1089">
    <p class='ocr_par' dir='ltr' id='par_1_11' title="bbox 321 1010 1913 1089">
     <span class='ocr_line' id='line_1_11' title="bbox 321 1010 1913 1089; baseline -0.004 -16"><span class='ocrx_word' id='word_1_59' title='bbox 321 1020 479 1073; x_wconf 65' lang='grc' dir='ltr'><strong>πόλιν</strong></span> <span class='ocrx_word' id='word_1_60' title='bbox 517 1018 880 1087; x_wconf 75' lang='grc' dir='ltr'><strong>καταλείψας,</strong></span> <span class='ocrx_word' id='word_1_61' title='bbox 930 1019 1090 1089; x_wconf 83' lang='grc' dir='ltr'><strong>ἄχρις</strong></span> <span class='ocrx_word' id='word_1_62' title='bbox 1134 1010 1198 1072; x_wconf 80' lang='grc' dir='ltr'><strong>οῦ</strong></span> <span class='ocrx_word' id='word_1_63' title='bbox 1234 1020 1264 1073; x_wconf 98' lang='lat'><strong>6</strong></span> <span class='ocrx_word' id='word_1_64' title='bbox 1304 1015 1693 1086; x_wconf 64' lang='grc' dir='ltr'><strong>διαδεξάμενος</strong></span> <span class='ocrx_word' id='word_1_65' title='bbox 1750 1016 1913 1071; x_wconf 71' lang='grc' dir='ltr'><strong>αὑτὸν</strong></span> 
     </span>
    </p>
   </div>
   <div class='ocr_carea' id='block_1_12' title="bbox 322 1109 1915 1183">
    <p class='ocr_par' dir='ltr' id='par_1_12' title="bbox 322 1109 1915 1183">
     <span class='ocr_line' id='line_1_12' title="bbox 322 1109 1915 1183; baseline -0.003 -16"><span class='ocrx_word' id='word_1_66' title='bbox 322 1110 715 1183; x_wconf 80' lang='grc' dir='ltr'><strong>ἀναπαύσηται</strong></span> <span class='ocrx_word' id='word_1_67' title='bbox 746 1113 805 1165; x_wconf 79' lang='grc' dir='ltr'><strong>ὲν</strong></span> <span class='ocrx_word' id='word_1_68' title='bbox 836 1113 1047 1183; x_wconf 80' lang='grc' dir='ltr'><strong>Κυρίῳ.</strong></span> <span class='ocrx_word' id='word_1_69' title='bbox 1087 1112 1151 1164; x_wconf 69' lang='lat' dir='ltr'><strong>Ei</strong></span> <span class='ocrx_word' id='word_1_70' title='bbox 1178 1128 1261 1175; x_wconf 87' lang='grc' dir='ltr'><strong>τις</strong></span> <span class='ocrx_word' id='word_1_71' title='bbox 1305 1110 1380 1180; x_wconf 81' lang='grc' dir='ltr'><strong>μὴ</strong></span> <span class='ocrx_word' id='word_1_72' title='bbox 1414 1110 1545 1181; x_wconf 72' lang='grc' dir='ltr'><strong>εἴπῃ</strong></span> <span class='ocrx_word' id='word_1_73' title='bbox 1576 1109 1668 1164; x_wconf 77' lang='grc' dir='ltr'><strong>ἀεὶ</strong></span> <span class='ocrx_word' id='word_1_74' title='bbox 1694 1111 1784 1162; x_wconf 64' lang='grc' dir='ltr'><strong>τὴν</strong></span> <span class='ocrx_word' id='word_1_75' title='bbox 1806 1109 1915 1162; x_wconf 83' lang='grc' dir='ltr'><strong>Πα-</strong></span> 
     </span>
    </p>
   </div>
   <div class='ocr_carea' id='block_1_13' title="bbox 322 1196 1913 1270">
    <p class='ocr_par' dir='ltr' id='par_1_13' title="bbox 322 1196 1913 1270">
     <span class='ocr_line' id='line_1_13' title="bbox 322 1196 1913 1270; baseline -0.001 -18"><span class='ocrx_word' id='word_1_76' title='bbox 322 1199 457 1270; x_wconf 82' lang='grc' dir='ltr'><strong>τέρα</strong></span> <span class='ocrx_word' id='word_1_77' title='bbox 497 1200 593 1255; x_wconf 79' lang='grc' dir='ltr'><strong>καὶ</strong></span> <span class='ocrx_word' id='word_1_78' title='bbox 620 1199 709 1254; x_wconf 73' lang='grc' dir='ltr'><strong>ἀεὶ</strong></span> <span class='ocrx_word' id='word_1_79' title='bbox 754 1199 847 1252; x_wconf 81' lang='grc' dir='ltr'><strong>τὸν</strong></span> <span class='ocrx_word' id='word_1_80' title='bbox 885 1199 1008 1252; x_wconf 68' lang='grc' dir='ltr'><strong>Υίὸν</strong></span> <span class='ocrx_word' id='word_1_81' title='bbox 1043 1200 1137 1254; x_wconf 76' lang='grc' dir='ltr'><strong>καὶ</strong></span> <span class='ocrx_word' id='word_1_82' title='bbox 1168 1198 1259 1253; x_wconf 77' lang='grc' dir='ltr'><strong>ἀεὶ</strong></span> <span class='ocrx_word' id='word_1_83' title='bbox 1298 1198 1357 1252; x_wconf 80' lang='grc' dir='ltr'><strong>τὸ</strong></span> <span class='ocrx_word' id='word_1_84' title='bbox 1396 1196 1625 1267; x_wconf 88' lang='grc' dir='ltr'><strong>Πνεῦμα</strong></span> <span class='ocrx_word' id='word_1_85' title='bbox 1667 1197 1728 1252; x_wconf 74' lang='grc' dir='ltr'><strong>τὸ</strong></span> <span class='ocrx_word' id='word_1_86' title='bbox 1756 1196 1913 1268; x_wconf 78' lang='grc' dir='ltr'><strong>ἅγιον</strong></span> 
     </span>
    </p>
   </div>
   <div class='ocr_carea' id='block_1_14' title="bbox 320 1284 1916 1362">
    <p class='ocr_par' dir='ltr' id='par_1_14' title="bbox 320 1284 1916 1362">
     <span class='ocr_line' id='line_1_14' title="bbox 320 1284 1916 1362; baseline 0 -21"><span class='ocrx_word' id='word_1_87' title='bbox 320 1284 490 1355; x_wconf 73' lang='grc' dir='ltr'><strong>εἶναι,</strong></span> <span class='ocrx_word' id='word_1_88' title='bbox 522 1288 775 1359; x_wconf 71' lang='grc' dir='ltr'><strong>ἀνάθεμα</strong></span> <span class='ocrx_word' id='word_1_89' title='bbox 822 1289 985 1344; x_wconf 84' lang='grc' dir='ltr'><strong>ἕστω.</strong></span> <span class='ocrx_word' id='word_1_90' title='bbox 1017 1289 1082 1343; x_wconf 79' lang='lat' dir='ltr'><strong>Ei</strong></span> <span class='ocrx_word' id='word_1_91' title='bbox 1114 1308 1197 1353; x_wconf 82' lang='grc' dir='ltr'><strong>τις</strong></span> <span class='ocrx_word' id='word_1_92' title='bbox 1235 1288 1311 1359; x_wconf 86' lang='grc' dir='ltr'><strong>μὴ</strong></span> <span class='ocrx_word' id='word_1_93' title='bbox 1334 1290 1464 1362; x_wconf 73' lang='grc' dir='ltr'><strong>εἴπῃ</strong></span> <span class='ocrx_word' id='word_1_94' title='bbox 1486 1287 1756 1359; x_wconf 69' lang='grc' dir='ltr'><strong>ἀληθινὸν,</strong></span> <span class='ocrx_word' id='word_1_95' title='bbox 1782 1289 1916 1343; x_wconf 74' lang='grc' dir='ltr'><strong>Θεὸν</strong></span> 
     </span>
    </p>
   </div>
   <div class='ocr_carea' id='block_1_15' title="bbox 323 1376 1915 1449">
    <p class='ocr_par' dir='ltr' id='par_1_15' title="bbox 323 1376 1915 1449">
     <span class='ocr_line' id='line_1_15' title="bbox 323 1376 1915 1449; baseline -0.001 -18"><span class='ocrx_word' id='word_1_96' title='bbox 323 1380 417 1431; x_wconf 70' lang='grc' dir='ltr'><strong>τδν</strong></span> <span class='ocrx_word' id='word_1_97' title='bbox 456 1378 583 1433; x_wconf 77' lang='grc' dir='ltr'><strong>Υίδν</strong></span> <span class='ocrx_word' id='word_1_98' title='bbox 616 1376 713 1432; x_wconf 86' lang='grc' dir='ltr'><strong>τοῦ</strong></span> <span class='ocrx_word' id='word_1_99' title='bbox 743 1378 906 1443; x_wconf 88' lang='grc' dir='ltr'><strong>Θεοῦ,</strong></span> <span class='ocrx_word' id='word_1_100' title='bbox 939 1380 1015 1441; x_wconf 82' lang='grc' dir='ltr'><strong>ὡς</strong></span> <span class='ocrx_word' id='word_1_101' title='bbox 1052 1378 1312 1448; x_wconf 61' lang='grc' dir='ltr'><strong>ἀληθινὸν</strong></span> <span class='ocrx_word' id='word_1_102' title='bbox 1342 1379 1437 1433; x_wconf 61' lang='grc' dir='ltr'><strong>τὴν</strong></span> <span class='ocrx_word' id='word_1_103' title='bbox 1471 1379 1692 1449; x_wconf 80' lang='grc' dir='ltr'><strong>Πατέρα</strong></span> <span class='ocrx_word' id='word_1_104' title='bbox 1721 1376 1915 1443; x_wconf 73' lang='grc' dir='ltr'><strong>αὑτοῦ,</strong></span> 
     </span>
    </p>
   </div>
   <div class='ocr_carea' id='block_1_16' title="bbox 322 1470 1922 1541">
    <p class='ocr_par' dir='ltr' id='par_1_16' title="bbox 322 1470 1922 1541">
     <span class='ocr_line' id='line_1_16' title="bbox 322 1470 1922 1541; baseline -0.002 -14"><span class='ocrx_word' id='word_1_105' title='bbox 322 1476 417 1527; x_wconf 70' lang='grc' dir='ltr'><strong>καὶ</strong></span> <span class='ocrx_word' id='word_1_106' title='bbox 447 1474 628 1528; x_wconf 70' lang='grc' dir='ltr'><strong>πάντα</strong></span> <span class='ocrx_word' id='word_1_107' title='bbox 658 1470 891 1526; x_wconf 63' lang='grc' dir='ltr'><strong>δύνασθε</strong></span> <span class='ocrx_word' id='word_1_108' title='bbox 904 1490 945 1535; x_wconf 86' lang='grc' dir='ltr'><strong>ι,</strong></span> <span class='ocrx_word' id='word_1_109' title='bbox 977 1472 1069 1526; x_wconf 82' lang='grc' dir='ltr'><strong>καὶ</strong></span> <span class='ocrx_word' id='word_1_110' title='bbox 1103 1472 1283 1526; x_wconf 71' lang='grc' dir='ltr'><strong>πάντα</strong></span> <span class='ocrx_word' id='word_1_111' title='bbox 1317 1471 1539 1538; x_wconf 68' lang='grc' dir='ltr'><strong>εἰδέναι,</strong></span> <span class='ocrx_word' id='word_1_112' title='bbox 1564 1472 1661 1526; x_wconf 77' lang='grc' dir='ltr'><strong>καὶ</strong></span> <span class='ocrx_word' id='word_1_113' title='bbox 1688 1471 1770 1541; x_wconf 82' lang='grc' dir='ltr'><strong>τῷ</strong></span> <span class='ocrx_word' id='word_1_114' title='bbox 1806 1472 1922 1527; x_wconf 81' lang='grc' dir='ltr'><strong>Πα-</strong></span> 
     </span>
    </p>
   </div>
   <div class='ocr_carea' id='block_1_17' title="bbox 319 1561 1921 1638">
    <p class='ocr_par' dir='ltr' id='par_1_17' title="bbox 319 1561 1921 1638">
     <span class='ocr_line' id='line_1_17' title="bbox 319 1561 1921 1638; baseline -0.001 -18"><span class='ocrx_word' id='word_1_115' title='bbox 319 1566 414 1635; x_wconf 80' lang='grc' dir='ltr'><strong>τρὶ</strong></span> <span class='ocrx_word' id='word_1_116' title='bbox 448 1566 585 1632; x_wconf 73' lang='grc' dir='ltr'><strong>ἶσον,</strong></span> <span class='ocrx_word' id='word_1_117' title='bbox 639 1566 889 1635; x_wconf 78' lang='grc' dir='ltr'><strong>ἀνάθεμα</strong></span> <span class='ocrx_word' id='word_1_118' title='bbox 921 1564 1088 1620; x_wconf 77' lang='grc' dir='ltr'><strong>ἔστω.</strong></span> <span class='ocrx_word' id='word_1_119' title='bbox 1123 1561 1189 1620; x_wconf 77' lang='lat' dir='ltr'><strong>El</strong></span> <span class='ocrx_word' id='word_1_120' title='bbox 1220 1583 1307 1630; x_wconf 85' lang='grc' dir='ltr'><strong>τις</strong></span> <span class='ocrx_word' id='word_1_121' title='bbox 1352 1565 1482 1638; x_wconf 80' lang='grc' dir='ltr'><strong>εῐπῃ</strong></span> <span class='ocrx_word' id='word_1_122' title='bbox 1535 1566 1618 1620; x_wconf 80' lang='grc' dir='ltr'><strong>ὅτι</strong></span> <span class='ocrx_word' id='word_1_123' title='bbox 1647 1565 1709 1618; x_wconf 78' lang='grc' dir='ltr'><strong>ιν</strong></span> <span class='ocrx_word' id='word_1_124' title='bbox 1753 1567 1921 1637; x_wconf 68' lang='grc' dir='ltr'><strong>σαρκὶ</strong></span> 
     </span>
    </p>
   </div>
   <div class='ocr_carea' id='block_1_18' title="bbox 320 1653 1919 1731">
    <p class='ocr_par' dir='ltr' id='par_1_18' title="bbox 320 1653 1919 1731">
     <span class='ocr_line' id='line_1_18' title="bbox 320 1653 1919 1731; baseline 0 -19"><span class='ocrx_word' id='word_1_125' title='bbox 320 1658 528 1727; x_wconf 81' lang='grc' dir='ltr'><strong>διάγων</strong></span> <span class='ocrx_word' id='word_1_126' title='bbox 557 1660 587 1711; x_wconf 90' lang='lat'><strong>6</strong></span> <span class='ocrx_word' id='word_1_127' title='bbox 611 1658 734 1719; x_wconf 74' lang='grc' dir='ltr'><strong>Υἱὸς</strong></span> <span class='ocrx_word' id='word_1_128' title='bbox 762 1657 857 1710; x_wconf 88' lang='grc' dir='ltr'><strong>τοῦ</strong></span> <span class='ocrx_word' id='word_1_129' title='bbox 885 1657 1019 1711; x_wconf 82' lang='grc' dir='ltr'><strong>Θεοῦ</strong></span> <span class='ocrx_word' id='word_1_130' title='bbox 1051 1657 1141 1711; x_wconf 79' lang='grc' dir='ltr'><strong>ὅτε</strong></span> <span class='ocrx_word' id='word_1_131' title='bbox 1170 1653 1239 1729; x_wconf 84' lang='grc' dir='ltr'><strong>ἦν</strong></span> <span class='ocrx_word' id='word_1_132' title='bbox 1277 1661 1336 1711; x_wconf 77' lang='grc' dir='ltr'><strong>ἐν</strong></span> <span class='ocrx_word' id='word_1_133' title='bbox 1366 1660 1433 1731; x_wconf 80' lang='grc' dir='ltr'><strong>τῇ</strong></span> <span class='ocrx_word' id='word_1_134' title='bbox 1468 1662 1563 1726; x_wconf 70' lang='grc' dir='ltr'><strong>γῇ,</strong></span> <span class='ocrx_word' id='word_1_135' title='bbox 1596 1658 1655 1712; x_wconf 80' lang='grc' dir='ltr'><strong>ὲν</strong></span> <span class='ocrx_word' id='word_1_136' title='bbox 1684 1660 1796 1723; x_wconf 85' lang='grc' dir='ltr'><strong>τοῖς</strong></span> <span class='ocrx_word' id='word_1_137' title='bbox 1824 1660 1919 1712; x_wconf 64' lang='grc' dir='ltr'><strong>οὺς</strong></span> 
     </span>
    </p>
   </div>
   <div class='ocr_carea' id='block_1_19' title="bbox 325 1745 1923 1823">
    <p class='ocr_par' dir='ltr' id='par_1_19' title="bbox 325 1745 1923 1823">
     <span class='ocr_line' id='line_1_19' title="bbox 325 1745 1923 1823; baseline 0.002 -21"><span class='ocrx_word' id='word_1_138' title='bbox 325 1750 513 1819; x_wconf 76' lang='grc' dir='ltr'><strong>ρανοῖς</strong></span> <span class='ocrx_word' id='word_1_139' title='bbox 557 1749 653 1802; x_wconf 74' lang='grc' dir='ltr'><strong>καὶ</strong></span> <span class='ocrx_word' id='word_1_140' title='bbox 684 1749 782 1803; x_wconf 80' lang='grc' dir='ltr'><strong>σὺν</strong></span> <span class='ocrx_word' id='word_1_141' title='bbox 808 1749 887 1820; x_wconf 80' lang='grc' dir='ltr'><strong>τῷ</strong></span> <span class='ocrx_word' id='word_1_142' title='bbox 914 1752 1089 1820; x_wconf 85' lang='grc' dir='ltr'><strong>Πατρὶ</strong></span> <span class='ocrx_word' id='word_1_143' title='bbox 1120 1751 1221 1804; x_wconf 79' lang='grc' dir='ltr'><strong>οὐκ</strong></span> <span class='ocrx_word' id='word_1_144' title='bbox 1255 1745 1343 1823; x_wconf 78' lang='grc' dir='ltr'><strong>ἦν,</strong></span> <span class='ocrx_word' id='word_1_145' title='bbox 1381 1750 1632 1822; x_wconf 80' lang='grc' dir='ltr'><strong>ἀνάθεμα</strong></span> <span class='ocrx_word' id='word_1_146' title='bbox 1665 1751 1825 1807; x_wconf 76' lang='grc' dir='ltr'><strong>ἔστω.</strong></span> <span class='ocrx_word' id='word_1_147' title='bbox 1855 1751 1923 1816; x_wconf 66' lang='lat' dir='ltr'><strong>Et</strong></span> 
     </span>
    </p>
   </div>
   <div class='ocr_carea' id='block_1_20' title="bbox 2014 537 3609 614">
    <p class='ocr_par' dir='ltr' id='par_1_20' title="bbox 2014 537 3609 614">
     <span class='ocr_line' id='line_1_20' title="bbox 2014 537 3609 614; baseline -0.004 -16"><span class='ocrx_word' id='word_1_148' title='bbox 2014 544 2070 598; x_wconf 92' lang='lat' dir='ltr'><strong>in</strong></span> <span class='ocrx_word' id='word_1_149' title='bbox 2096 542 2305 614; x_wconf 82' lang='lat' dir='ltr'><strong>quibus</strong></span> <span class='ocrx_word' id='word_1_150' title='bbox 2332 541 2570 612; x_wconf 89' lang='lat' dir='ltr'><strong>primum</strong></span> <span class='ocrx_word' id='word_1_151' title='bbox 2593 537 2832 593; x_wconf 74' lang='lat' dir='ltr'><strong>ordinati</strong></span> <span class='ocrx_word' id='word_1_152' title='bbox 2854 545 3007 601; x_wconf 86' lang='lat' dir='ltr'><strong>sunt,</strong></span> <span class='ocrx_word' id='word_1_153' title='bbox 3039 537 3205 591; x_wconf 84' lang='lat' dir='ltr'><strong>urbes</strong></span> <span class='ocrx_word' id='word_1_154' title='bbox 3230 544 3609 592; x_wconf 70' lang='lat' dir='ltr'><strong>revertantur.</strong></span> 
     </span>
    </p>
   </div>
   <div class='ocr_carea' id='block_1_21' title="bbox 2014 627 3612 707">
    <p class='ocr_par' dir='ltr' id='par_1_21' title="bbox 2014 627 3612 707">
     <span class='ocr_line' id='line_1_21' title="bbox 2014 627 3612 707; baseline -0.004 -16"><span class='ocrx_word' id='word_1_155' title='bbox 2014 635 2072 691; x_wconf 86' lang='lat' dir='ltr'><strong>Si</strong></span> <span class='ocrx_word' id='word_1_156' title='bbox 2090 636 2214 707; x_wconf 86' lang='lat' dir='ltr'><strong>quis</strong></span> <span class='ocrx_word' id='word_1_157' title='bbox 2229 650 2381 701; x_wconf 86' lang='lat' dir='ltr'><strong>vero,</strong></span> <span class='ocrx_word' id='word_1_158' title='bbox 2400 634 2530 698; x_wconf 87' lang='lat' dir='ltr'><strong>alio,</strong></span> <span class='ocrx_word' id='word_1_159' title='bbox 2548 649 2615 685; x_wconf 77' lang='lat' dir='ltr'><strong>ex</strong></span> <span class='ocrx_word' id='word_1_160' title='bbox 2634 648 2748 687; x_wconf 90' lang='lat' dir='ltr'><strong>uno</strong></span> <span class='ocrx_word' id='word_1_161' title='bbox 2770 631 2895 687; x_wconf 91' lang='lat' dir='ltr'><strong>loco</strong></span> <span class='ocrx_word' id='word_1_162' title='bbox 2916 627 3165 698; x_wconf 59' lang='lat' dir='ltr'><strong>injalium</strong></span> <span class='ocrx_word' id='word_1_163' title='bbox 3190 636 3537 691; x_wconf 85' lang='lat' dir='ltr'><strong>transeunte.</strong></span> <span class='ocrx_word' id='word_1_164' title='bbox 3558 629 3612 684; x_wconf 90' lang='lat' dir='ltr'><strong>in</strong></span> 
     </span>
    </p>
   </div>
   <div class='ocr_carea' id='block_1_22' title="bbox 2033 721 3618 793">
    <p class='ocr_par' dir='ltr' id='par_1_22' title="bbox 2033 721 3618 793">
     <span class='ocr_line' id='line_1_22' title="bbox 2033 721 3618 793; baseline -0.005 -8"><span class='ocrx_word' id='word_1_165' title='bbox 2033 730 2181 785; x_wconf 89' lang='lat' dir='ltr'><strong>illius</strong></span> <span class='ocrx_word' id='word_1_166' title='bbox 2198 727 2379 784; x_wconf 87' lang='lat' dir='ltr'><strong>adhuc</strong></span> <span class='ocrx_word' id='word_1_167' title='bbox 2400 726 2635 782; x_wconf 76' lang='lat' dir='ltr'><strong>viventis</strong></span> <span class='ocrx_word' id='word_1_168' title='bbox 2660 725 2838 778; x_wconf 90' lang='lat' dir='ltr'><strong>locum</strong></span> <span class='ocrx_word' id='word_1_169' title='bbox 2855 722 2927 778; x_wconf 79' lang='lat' dir='ltr'><strong>sit</strong></span> <span class='ocrx_word' id='word_1_170' title='bbox 2952 738 3048 793; x_wconf 84' lang='lat' dir='ltr'><strong>per</strong></span> <span class='ocrx_word' id='word_1_171' title='bbox 3069 721 3471 777; x_wconf 79' lang='lat' dir='ltr'><strong>ordinationem</strong></span> <span class='ocrx_word' id='word_1_172' title='bbox 3488 737 3618 777; x_wconf 87' lang='lat' dir='ltr'><strong>sur-</strong></span> 
     </span>
    </p>
   </div>
   <div class='ocr_carea' id='block_1_23' title="bbox 2017 813 3613 893">
    <p class='ocr_par' dir='ltr' id='par_1_23' title="bbox 2017 813 3613 893">
     <span class='ocr_line' id='line_1_23' title="bbox 2017 813 3613 893; baseline -0.006 -15"><span class='ocrx_word' id='word_1_173' title='bbox 2017 833 2263 893; x_wconf 82' lang='lat' dir='ltr'><strong>rogatus,</strong></span> <span class='ocrx_word' id='word_1_174' title='bbox 2281 819 2489 876; x_wconf 81' lang='lat' dir='ltr'><strong>tamdiu</strong></span> <span class='ocrx_word' id='word_1_175' title='bbox 2512 819 2601 873; x_wconf 86' lang='lat' dir='ltr'><strong>ille</strong></span> <span class='ocrx_word' id='word_1_176' title='bbox 2626 818 2720 889; x_wconf 91' lang='lat' dir='ltr'><strong>qui</strong></span> <span class='ocrx_word' id='word_1_177' title='bbox 2744 816 2934 870; x_wconf 89' lang='lat' dir='ltr'><strong>urbem</strong></span> <span class='ocrx_word' id='word_1_178' title='bbox 2954 830 3110 869; x_wconf 82' lang='lat' dir='ltr'><strong>suam</strong></span> <span class='ocrx_word' id='word_1_179' title='bbox 3132 813 3613 885; x_wconf 86' lang='lat' dir='ltr'><strong>reliquit,episco-</strong></span> 
     </span>
    </p>
   </div>
   <div class='ocr_carea' id='block_1_24' title="bbox 2018 907 3615 987">
    <p class='ocr_par' dir='ltr' id='par_1_24' title="bbox 2018 907 3615 987">
     <span class='ocr_line' id='line_1_24' title="bbox 2018 907 3615 987; baseline -0.004 -19"><span class='ocrx_word' id='word_1_180' title='bbox 2018 916 2122 987; x_wconf 88' lang='lat' dir='ltr'><strong>pali</strong></span> <span class='ocrx_word' id='word_1_181' title='bbox 2142 915 2405 984; x_wconf 78' lang='lat' dir='ltr'><strong>dignitate</strong></span> <span class='ocrx_word' id='word_1_182' title='bbox 2422 913 2651 976; x_wconf 78' lang='lat' dir='ltr'><strong>carebit,</strong></span> <span class='ocrx_word' id='word_1_183' title='bbox 2665 910 2841 964; x_wconf 70' lang='lat' dir='ltr'><strong>donec</strong></span> <span class='ocrx_word' id='word_1_184' title='bbox 2860 923 3147 964; x_wconf 82' lang='lat' dir='ltr'><strong>successor</strong></span> <span class='ocrx_word' id='word_1_185' title='bbox 3172 907 3291 980; x_wconf 80' lang='lat' dir='ltr'><strong>ejus</strong></span> <span class='ocrx_word' id='word_1_186' title='bbox 3306 908 3359 961; x_wconf 87' lang='lat' dir='ltr'><strong>in</strong></span> <span class='ocrx_word' id='word_1_187' title='bbox 3380 907 3615 962; x_wconf 86' lang='lat' dir='ltr'><strong>Domino</strong></span> 
     </span>
    </p>
   </div>
   <div class='ocr_carea' id='block_1_25' title="bbox 2029 1001 3612 1075">
    <p class='ocr_par' dir='ltr' id='par_1_25' title="bbox 2029 1001 3612 1075">
     <span class='ocr_line' id='line_1_25' title="bbox 2029 1001 3612 1075; baseline -0.005 -12"><span class='ocrx_word' id='word_1_188' title='bbox 2029 1008 2410 1064; x_wconf 85' lang='lat' dir='ltr'><strong>obdormierit.</strong></span> <span class='ocrx_word' id='word_1_189' title='bbox 2431 1006 2489 1060; x_wconf 89' lang='lat' dir='ltr'><strong>Si</strong></span> <span class='ocrx_word' id='word_1_190' title='bbox 2509 1004 2629 1075; x_wconf 83' lang='lat' dir='ltr'><strong>quis</strong></span> <span class='ocrx_word' id='word_1_191' title='bbox 2651 1020 2757 1058; x_wconf 89' lang='lat' dir='ltr'><strong>non</strong></span> <span class='ocrx_word' id='word_1_192' title='bbox 2777 1015 3041 1073; x_wconf 86' lang='lat' dir='ltr'><strong>perpetuo</strong></span> <span class='ocrx_word' id='word_1_193' title='bbox 3075 1001 3294 1056; x_wconf 79' lang='lat' dir='ltr'><strong>Patrem</strong></span> <span class='ocrx_word' id='word_1_194' title='bbox 3328 1008 3384 1055; x_wconf 92' lang='lat' dir='ltr'><strong>et</strong></span> <span class='ocrx_word' id='word_1_195' title='bbox 3412 1016 3612 1072; x_wconf 83' lang='lat' dir='ltr'><strong>perpe-</strong></span> 
     </span>
    </p>
   </div>
   <div class='ocr_carea' id='block_1_26' title="bbox 2021 1099 3612 1172">
    <p class='ocr_par' dir='ltr' id='par_1_26' title="bbox 2021 1099 3612 1172">
     <span class='ocr_line' id='line_1_26' title="bbox 2021 1099 3612 1172; baseline -0.007 -11"><span class='ocrx_word' id='word_1_196' title='bbox 2021 1116 2118 1161; x_wconf 88' lang='lat' dir='ltr'><strong>tuo</strong></span> <span class='ocrx_word' id='word_1_197' title='bbox 2171 1102 2394 1170; x_wconf 81' lang='lat' dir='ltr'><strong>Filium,</strong></span> <span class='ocrx_word' id='word_1_198' title='bbox 2453 1110 2510 1158; x_wconf 90' lang='lat' dir='ltr'><strong>et</strong></span> <span class='ocrx_word' id='word_1_199' title='bbox 2574 1110 2841 1172; x_wconf 79' lang='lat' dir='ltr'><strong>perpetuo</strong></span> <span class='ocrx_word' id='word_1_200' title='bbox 2902 1099 3169 1170; x_wconf 77' lang='lat' dir='ltr'><strong>Spiritum</strong></span> <span class='ocrx_word' id='word_1_201' title='bbox 3201 1106 3455 1153; x_wconf 88' lang='lat' dir='ltr'><strong>sanctum</strong></span> <span class='ocrx_word' id='word_1_202' title='bbox 3488 1114 3612 1152; x_wconf 82' lang='lat' dir='ltr'><strong>esse</strong></span> 
     </span>
    </p>
   </div>
   <div class='ocr_carea' id='block_1_27' title="bbox 2021 1190 3612 1265">
    <p class='ocr_par' dir='ltr' id='par_1_27' title="bbox 2021 1190 3612 1265">
     <span class='ocr_line' id='line_1_27' title="bbox 2021 1190 3612 1265; baseline -0.009 -8"><span class='ocrx_word' id='word_1_203' title='bbox 2021 1201 2188 1265; x_wconf 91' lang='lat' dir='ltr'><strong>dicat,</strong></span> <span class='ocrx_word' id='word_1_204' title='bbox 2242 1199 2533 1255; x_wconf 83' lang='lat' dir='ltr'><strong>anathema</strong></span> <span class='ocrx_word' id='word_1_205' title='bbox 2574 1197 2668 1250; x_wconf 91' lang='lat' dir='ltr'><strong>sit.</strong></span> <span class='ocrx_word' id='word_1_206' title='bbox 2699 1192 2911 1264; x_wconf 85' lang='lat' dir='ltr'><strong>Siquis</strong></span> <span class='ocrx_word' id='word_1_207' title='bbox 2953 1208 3060 1247; x_wconf 91' lang='lat' dir='ltr'><strong>non</strong></span> <span class='ocrx_word' id='word_1_208' title='bbox 3097 1191 3266 1257; x_wconf 78' lang='lat' dir='ltr'><strong>dicat,</strong></span> <span class='ocrx_word' id='word_1_209' title='bbox 3287 1190 3482 1246; x_wconf 82' lang='lat' dir='ltr'><strong>Filium</strong></span> <span class='ocrx_word' id='word_1_210' title='bbox 3515 1204 3612 1261; x_wconf 75' lang='lat' dir='ltr'><strong>ge-</strong></span> 
     </span>
    </p>
   </div>
   <div class='ocr_carea' id='block_1_28' title="bbox 2024 1283 3611 1357">
    <p class='ocr_par' dir='ltr' id='par_1_28' title="bbox 2024 1283 3611 1357">
     <span class='ocr_line' id='line_1_28' title="bbox 2024 1283 3611 1357; baseline -0.009 -7"><span class='ocrx_word' id='word_1_211' title='bbox 2024 1294 2285 1351; x_wconf 72' lang='lat' dir='ltr'><strong>nitumex</strong></span> <span class='ocrx_word' id='word_1_212' title='bbox 2321 1291 2504 1357; x_wconf 83' lang='lat' dir='ltr'><strong>Patre,</strong></span> <span class='ocrx_word' id='word_1_213' title='bbox 2528 1289 2635 1344; x_wconf 90' lang='lat' dir='ltr'><strong>hoc</strong></span> <span class='ocrx_word' id='word_1_214' title='bbox 2667 1296 2771 1351; x_wconf 78' lang='lat' dir='ltr'><strong>est,</strong></span> <span class='ocrx_word' id='word_1_215' title='bbox 2794 1301 2863 1343; x_wconf 81' lang='lat' dir='ltr'><strong>ex</strong></span> <span class='ocrx_word' id='word_1_216' title='bbox 2896 1285 3211 1341; x_wconf 85' lang='lat' dir='ltr'><strong>substantia</strong></span> <span class='ocrx_word' id='word_1_217' title='bbox 3235 1283 3357 1354; x_wconf 84' lang='lat' dir='ltr'><strong>ejus</strong></span> <span class='ocrx_word' id='word_1_218' title='bbox 3399 1283 3611 1346; x_wconf 85' lang='lat' dir='ltr'><strong>divina,</strong></span> 
     </span>
    </p>
   </div>
   <div class='ocr_carea' id='block_1_29' title="bbox 2023 1377 3616 1453">
    <p class='ocr_par' dir='ltr' id='par_1_29' title="bbox 2023 1377 3616 1453">
     <span class='ocr_line' id='line_1_29' title="bbox 2023 1377 3616 1453; baseline -0.009 -11"><span class='ocrx_word' id='word_1_219' title='bbox 2023 1380 2317 1442; x_wconf 74' lang='lat' dir='ltr'><strong>anathema</strong></span> <span class='ocrx_word' id='word_1_220' title='bbox 2346 1386 2440 1441; x_wconf 85' lang='lat' dir='ltr'><strong>sit.</strong></span> <span class='ocrx_word' id='word_1_221' title='bbox 2467 1382 2521 1439; x_wconf 90' lang='lat' dir='ltr'><strong>Si</strong></span> <span class='ocrx_word' id='word_1_222' title='bbox 2563 1382 2690 1453; x_wconf 89' lang='lat' dir='ltr'><strong>quis</strong></span> <span class='ocrx_word' id='word_1_223' title='bbox 2715 1395 2827 1435; x_wconf 90' lang='lat' dir='ltr'><strong>non</strong></span> <span class='ocrx_word' id='word_1_224' title='bbox 2863 1379 3036 1443; x_wconf 88' lang='lat' dir='ltr'><strong>dicat,</strong></span> <span class='ocrx_word' id='word_1_225' title='bbox 3078 1392 3269 1433; x_wconf 85' lang='lat' dir='ltr'><strong>verum</strong></span> <span class='ocrx_word' id='word_1_226' title='bbox 3287 1377 3459 1432; x_wconf 90' lang='lat' dir='ltr'><strong>Deum</strong></span> <span class='ocrx_word' id='word_1_227' title='bbox 3491 1391 3616 1432; x_wconf 78' lang='lat' dir='ltr'><strong>esse</strong></span> 
     </span>
    </p>
   </div>
   <div class='ocr_carea' id='block_1_30' title="bbox 2026 1468 3614 1539">
    <p class='ocr_par' dir='ltr' id='par_1_30' title="bbox 2026 1468 3614 1539">
     <span class='ocr_line' id='line_1_30' title="bbox 2026 1468 3614 1539; baseline -0.01 -4"><span class='ocrx_word' id='word_1_228' title='bbox 2026 1479 2122 1535; x_wconf 84' lang='lat' dir='ltr'><strong>Dei</strong></span> <span class='ocrx_word' id='word_1_229' title='bbox 2147 1477 2370 1539; x_wconf 86' lang='lat' dir='ltr'><strong>Filium,</strong></span> <span class='ocrx_word' id='word_1_230' title='bbox 2421 1475 2500 1531; x_wconf 84' lang='lat' dir='ltr'><strong>sie</strong></span> <span class='ocrx_word' id='word_1_231' title='bbox 2531 1474 2611 1530; x_wconf 88' lang='lat' dir='ltr'><strong>uti</strong></span> <span class='ocrx_word' id='word_1_232' title='bbox 2646 1487 2839 1527; x_wconf 79' lang='lat' dir='ltr'><strong>verum</strong></span> <span class='ocrx_word' id='word_1_233' title='bbox 2890 1471 3064 1525; x_wconf 87' lang='lat' dir='ltr'><strong>Deum</strong></span> <span class='ocrx_word' id='word_1_234' title='bbox 3108 1468 3327 1524; x_wconf 78' lang='lat' dir='ltr'><strong>Patrem</strong></span> <span class='ocrx_word' id='word_1_235' title='bbox 3358 1468 3505 1537; x_wconf 79' lang='lat' dir='ltr'><strong>ejus,</strong></span> <span class='ocrx_word' id='word_1_236' title='bbox 3556 1476 3614 1519; x_wconf 88' lang='lat' dir='ltr'><strong>et</strong></span> 
     </span>
    </p>
   </div>
   <div class='ocr_carea' id='block_1_31' title="bbox 2026 1559 3615 1639">
    <p class='ocr_par' dir='ltr' id='par_1_31' title="bbox 2026 1559 3615 1639">
     <span class='ocr_line' id='line_1_31' title="bbox 2026 1559 3615 1639; baseline -0.007 -14"><span class='ocrx_word' id='word_1_237' title='bbox 2026 1570 2182 1626; x_wconf 89' lang='lat' dir='ltr'><strong>illum</strong></span> <span class='ocrx_word' id='word_1_238' title='bbox 2209 1569 2394 1624; x_wconf 84' lang='lat' dir='ltr'><strong>omnia</strong></span> <span class='ocrx_word' id='word_1_239' title='bbox 2429 1582 2610 1639; x_wconf 85' lang='lat' dir='ltr'><strong>posse,</strong></span> <span class='ocrx_word' id='word_1_240' title='bbox 2644 1573 2702 1621; x_wconf 84' lang='lat' dir='ltr'><strong>et</strong></span> <span class='ocrx_word' id='word_1_241' title='bbox 2730 1564 2916 1620; x_wconf 84' lang='lat' dir='ltr'><strong>omnia</strong></span> <span class='ocrx_word' id='word_1_242' title='bbox 2947 1577 3133 1630; x_wconf 88' lang='lat' dir='ltr'><strong>nosse,</strong></span> <span class='ocrx_word' id='word_1_243' title='bbox 3171 1560 3434 1632; x_wconf 84' lang='lat' dir='ltr'><strong>Patrique</strong></span> <span class='ocrx_word' id='word_1_244' title='bbox 3459 1559 3615 1615; x_wconf 81' lang='lat' dir='ltr'><strong>simi-</strong></span> 
     </span>
    </p>
   </div>
   <div class='ocr_carea' id='block_1_32' title="bbox 2027 1651 3614 1724">
    <p class='ocr_par' dir='ltr' id='par_1_32' title="bbox 2027 1651 3614 1724">
     <span class='ocr_line' id='line_1_32' title="bbox 2027 1651 3614 1724; baseline -0.008 -8"><span class='ocrx_word' id='word_1_245' title='bbox 2027 1661 2133 1716; x_wconf 87' lang='lat' dir='ltr'><strong>lem</strong></span> <span class='ocrx_word' id='word_1_246' title='bbox 2164 1676 2309 1724; x_wconf 85' lang='lat' dir='ltr'><strong>esse,</strong></span> <span class='ocrx_word' id='word_1_247' title='bbox 2333 1663 2681 1714; x_wconf 86' lang='lat' dir='ltr'><strong>anathemata</strong></span> <span class='ocrx_word' id='word_1_248' title='bbox 2737 1658 2833 1711; x_wconf 88' lang='lat' dir='ltr'><strong>sit.</strong></span> <span class='ocrx_word' id='word_1_249' title='bbox 2872 1654 2927 1710; x_wconf 90' lang='lat' dir='ltr'><strong>Si</strong></span> <span class='ocrx_word' id='word_1_250' title='bbox 2986 1655 3114 1724; x_wconf 86' lang='lat' dir='ltr'><strong>quis</strong></span> <span class='ocrx_word' id='word_1_251' title='bbox 3157 1652 3327 1719; x_wconf 86' lang='lat' dir='ltr'><strong>dicat,</strong></span> <span class='ocrx_word' id='word_1_252' title='bbox 3384 1666 3510 1709; x_wconf 86' lang='lat' dir='ltr'><strong>eum</strong></span> <span class='ocrx_word' id='word_1_253' title='bbox 3558 1651 3614 1705; x_wconf 91' lang='lat' dir='ltr'><strong>in</strong></span> 
     </span>
    </p>
   </div>
   <div class='ocr_carea' id='block_1_33' title="bbox 2031 1745 3615 1824">
    <p class='ocr_par' dir='ltr' id='par_1_33' title="bbox 2031 1745 3615 1824">
     <span class='ocr_line' id='line_1_33' title="bbox 2031 1745 3615 1824; baseline -0.006 -17"><span class='ocrx_word' id='word_1_254' title='bbox 2031 1768 2199 1809; x_wconf 89' lang='lat' dir='ltr'><strong>carne</strong></span> <span class='ocrx_word' id='word_1_255' title='bbox 2233 1754 2438 1824; x_wconf 77' lang='lat' dir='ltr'><strong>degens</strong></span> <span class='ocrx_word' id='word_1_256' title='bbox 2464 1751 2640 1807; x_wconf 81' lang='lat' dir='ltr'><strong>Filius</strong></span> <span class='ocrx_word' id='word_1_257' title='bbox 2692 1748 2787 1803; x_wconf 86' lang='lat' dir='ltr'><strong>Dei</strong></span> <span class='ocrx_word' id='word_1_258' title='bbox 2822 1748 2876 1802; x_wconf 89' lang='lat' dir='ltr'><strong>in</strong></span> <span class='ocrx_word' id='word_1_259' title='bbox 2912 1749 3077 1803; x_wconf 85' lang='lat' dir='ltr'><strong>terris</strong></span> <span class='ocrx_word' id='word_1_260' title='bbox 3119 1746 3245 1812; x_wconf 78' lang='lat' dir='ltr'><strong>fuit,</strong></span> <span class='ocrx_word' id='word_1_261' title='bbox 3275 1745 3532 1802; x_wconf 89' lang='lat' dir='ltr'><strong>eumdem</strong></span> <span class='ocrx_word' id='word_1_262' title='bbox 3559 1745 3615 1799; x_wconf 76' lang='lat' dir='ltr'><strong>in</strong></span> 
     </span>
    </p>
   </div>
   <div class='ocr_carea' id='block_1_34' title="bbox 324 1832 1925 1915">
    <p class='ocr_par' dir='ltr' id='par_1_34' title="bbox 324 1840 1925 1915">
     <span class='ocr_line' id='line_1_34' title="bbox 324 1840 1925 1915; baseline -0.001 -19"><span class='ocrx_word' id='word_1_263' title='bbox 324 1860 413 1905; x_wconf 84' lang='grc' dir='ltr'><strong>τις</strong></span> <span class='ocrx_word' id='word_1_264' title='bbox 458 1840 593 1913; x_wconf 76' lang='grc' dir='ltr'><strong>εἴπῃ</strong></span> <span class='ocrx_word' id='word_1_265' title='bbox 611 1843 694 1897; x_wconf 82' lang='grc' dir='ltr'><strong>ὅτι</strong></span> <span class='ocrx_word' id='word_1_266' title='bbox 741 1845 800 1895; x_wconf 81' lang='grc' dir='ltr'><strong>ὲν</strong></span> <span class='ocrx_word' id='word_1_267' title='bbox 829 1843 908 1912; x_wconf 77' lang='grc' dir='ltr'><strong>τῷ</strong></span> <span class='ocrx_word' id='word_1_268' title='bbox 942 1843 1107 1895; x_wconf 77' lang='grc' dir='ltr'><strong>πάθει</strong></span> <span class='ocrx_word' id='word_1_269' title='bbox 1136 1842 1233 1896; x_wconf 86' lang='grc' dir='ltr'><strong>τοῦ</strong></span> <span class='ocrx_word' id='word_1_270' title='bbox 1283 1842 1527 1915; x_wconf 85' lang='grc' dir='ltr'><strong>σταυροῦ</strong></span> <span class='ocrx_word' id='word_1_271' title='bbox 1579 1842 1679 1914; x_wconf 79' lang='grc' dir='ltr'><strong>τὴν</strong></span> <span class='ocrx_word' id='word_1_272' title='bbox 1731 1842 1925 1914; x_wconf 74' lang='grc' dir='ltr'><strong>ὀδύνην</strong></span> 
     </span>
    </p>
   </div>
   <div class='ocr_carea' id='block_1_35' title="bbox 2032 1832 3612 1915">
    <p class='ocr_par' dir='ltr' id='par_1_35' title="bbox 2032 1839 3612 1905">
     <span class='ocr_line' id='line_1_35' title="bbox 2032 1839 3612 1905; baseline -0.006 -3"><span class='ocrx_word' id='word_1_273' title='bbox 2032 1847 2189 1903; x_wconf 76' lang='lat' dir='ltr'><strong>ctelis</strong></span> <span class='ocrx_word' id='word_1_274' title='bbox 2210 1856 2266 1901; x_wconf 89' lang='lat' dir='ltr'><strong>et</strong></span> <span class='ocrx_word' id='word_1_275' title='bbox 2302 1862 2427 1902; x_wconf 91' lang='lat' dir='ltr'><strong>cum</strong></span> <span class='ocrx_word' id='word_1_276' title='bbox 2456 1844 2617 1900; x_wconf 86' lang='lat' dir='ltr'><strong>Patre</strong></span> <span class='ocrx_word' id='word_1_277' title='bbox 2675 1859 2784 1899; x_wconf 90' lang='lat' dir='ltr'><strong>non</strong></span> <span class='ocrx_word' id='word_1_278' title='bbox 2837 1842 3026 1905; x_wconf 80' lang='lat' dir='ltr'><strong>fuisse,</strong></span> <span class='ocrx_word' id='word_1_279' title='bbox 3086 1840 3381 1896; x_wconf 90' lang='lat' dir='ltr'><strong>anathema</strong></span> <span class='ocrx_word' id='word_1_280' title='bbox 3414 1840 3519 1896; x_wconf 85' lang='lat' dir='ltr'><strong>sit.-</strong></span> <span class='ocrx_word' id='word_1_281' title='bbox 3556 1839 3612 1894; x_wconf 77' lang='lat' dir='ltr'><strong>Si</strong></span> 
     </span>
    </p>
   </div>
   <div class='ocr_carea' id='block_1_36' title="bbox 326 1935 1929 2008">
    <p class='ocr_par' dir='ltr' id='par_1_36' title="bbox 326 1935 1929 2008">
     <span class='ocr_line' id='line_1_36' title="bbox 326 1935 1929 2008; baseline 0 -18"><span class='ocrx_word' id='word_1_282' title='bbox 326 1936 622 2006; x_wconf 75' lang='grc' dir='ltr'><strong>ὑπέμεινεν</strong></span> <span class='ocrx_word' id='word_1_283' title='bbox 652 1939 682 1991; x_wconf 94' lang='lat'><strong>6</strong></span> <span class='ocrx_word' id='word_1_284' title='bbox 718 1935 847 1999; x_wconf 76' lang='grc' dir='ltr'><strong>Υἱὸς</strong></span> <span class='ocrx_word' id='word_1_285' title='bbox 875 1936 968 1989; x_wconf 83' lang='grc' dir='ltr'><strong>τοῦ</strong></span> <span class='ocrx_word' id='word_1_286' title='bbox 1004 1935 1137 1989; x_wconf 85' lang='grc' dir='ltr'><strong>Θεοῦ</strong></span> <span class='ocrx_word' id='word_1_287' title='bbox 1172 1937 1266 1990; x_wconf 75' lang='grc' dir='ltr'><strong>καὶ</strong></span> <span class='ocrx_word' id='word_1_288' title='bbox 1300 1936 1432 2000; x_wconf 75' lang='grc' dir='ltr'><strong>Θεὸς</strong></span> <span class='ocrx_word' id='word_1_289' title='bbox 1460 1937 1656 2004; x_wconf 82' lang='grc' dir='ltr'><strong>Λόγος,</strong></span> <span class='ocrx_word' id='word_1_290' title='bbox 1682 1939 1781 1993; x_wconf 74' lang='grc' dir='ltr'><strong>καὶ</strong></span> <span class='ocrx_word' id='word_1_291' title='bbox 1804 1937 1929 2008; x_wconf 79' lang='grc' dir='ltr'><strong>οὐχὶ</strong></span> 
     </span>
    </p>
   </div>
   <div class='ocr_carea' id='block_1_37' title="bbox 327 2027 1924 2101">
    <p class='ocr_par' dir='ltr' id='par_1_37' title="bbox 327 2027 1924 2101">
     <span class='ocr_line' id='line_1_37' title="bbox 327 2027 1924 2101; baseline 0.002 -20"><span class='ocrx_word' id='word_1_292' title='bbox 327 2029 363 2098; x_wconf 74' lang='grc' dir='ltr'><strong>ἡ</strong></span> <span class='ocrx_word' id='word_1_293' title='bbox 399 2028 535 2096; x_wconf 78' lang='grc' dir='ltr'><strong>σὰρξ</strong></span> <span class='ocrx_word' id='word_1_294' title='bbox 568 2028 666 2082; x_wconf 79' lang='grc' dir='ltr'><strong>σὺν</strong></span> <span class='ocrx_word' id='word_1_295' title='bbox 700 2030 766 2097; x_wconf 79' lang='grc' dir='ltr'><strong>τῇ</strong></span> <span class='ocrx_word' id='word_1_296' title='bbox 794 2027 939 2100; x_wconf 61' lang='grc' dir='ltr'><strong>ψυχῇ</strong></span> <span class='ocrx_word' id='word_1_297' title='bbox 966 2028 1141 2100; x_wconf 77' lang='grc' dir='ltr'><strong>ἤνπερ</strong></span> <span class='ocrx_word' id='word_1_298' title='bbox 1175 2028 1485 2093; x_wconf 73' lang='grc' dir='ltr'><strong>ὶνεδὺσατο,</strong></span> <span class='ocrx_word' id='word_1_299' title='bbox 1521 2030 1556 2098; x_wconf 74' lang='grc' dir='ltr'>ἢ</span> <span class='ocrx_word' id='word_1_300' title='bbox 1585 2028 1772 2101; x_wconf 55' lang='grc' dir='ltr'><strong>μορφὴ</strong></span> <span class='ocrx_word' id='word_1_301' title='bbox 1803 2029 1924 2084; x_wconf 67' lang='grc' dir='ltr'><strong>δού-</strong></span> 
     </span>
    </p>
   </div>
   <div class='ocr_carea' id='block_1_38' title="bbox 324 2118 1923 2192">
    <p class='ocr_par' dir='ltr' id='par_1_38' title="bbox 324 2118 1923 2192">
     <span class='ocr_line' id='line_1_38' title="bbox 324 2118 1923 2192; baseline 0.003 -18"><span class='ocrx_word' id='word_1_302' title='bbox 324 2119 418 2175; x_wconf 81' lang='grc' dir='ltr'><strong>λου</strong></span> <span class='ocrx_word' id='word_1_303' title='bbox 439 2120 618 2190; x_wconf 74' lang='grc' dir='ltr'><strong>ἤνπερ</strong></span> <span class='ocrx_word' id='word_1_304' title='bbox 644 2119 826 2191; x_wconf 80' lang='grc' dir='ltr'><strong>ἑαυτῷ</strong></span> <span class='ocrx_word' id='word_1_305' title='bbox 846 2118 1133 2187; x_wconf 75' lang='grc' dir='ltr'><strong>ἀνέλαϐεν,</strong></span> <span class='ocrx_word' id='word_1_306' title='bbox 1161 2119 1475 2191; x_wconf 80' lang='grc' dir='ltr'><strong>ὼςείρηκεν</strong></span> <span class='ocrx_word' id='word_1_307' title='bbox 1501 2120 1532 2191; x_wconf 81' lang='grc' dir='ltr'><strong>ἡ</strong></span> <span class='ocrx_word' id='word_1_308' title='bbox 1555 2122 1683 2185; x_wconf 76' lang='grc' dir='ltr'><strong>ἁγία</strong></span> <span class='ocrx_word' id='word_1_309' title='bbox 1710 2121 1923 2192; x_wconf 74' lang='grc' dir='ltr'><strong>Γραφὴ.</strong></span> 
     </span>
    </p>
   </div>
   <div class='ocr_carea' id='block_1_39' title="bbox 326 2212 1929 2287">
    <p class='ocr_par' dir='ltr' id='par_1_39' title="bbox 326 2212 1929 2287">
     <span class='ocr_line' id='line_1_39' title="bbox 326 2212 1929 2287; baseline -0.001 -19"><span class='ocrx_word' id='word_1_310' title='bbox 326 2214 581 2285; x_wconf 73' lang='grc' dir='ltr'><strong>ἀνάθεμα</strong></span> <span class='ocrx_word' id='word_1_311' title='bbox 612 2212 779 2268; x_wconf 71' lang='grc' dir='ltr'><strong>ἔστω.</strong></span> <span class='ocrx_word' id='word_1_312' title='bbox 814 2215 876 2267; x_wconf 76' lang='grc' dir='ltr'>Εἰ</span> <span class='ocrx_word' id='word_1_313' title='bbox 903 2230 988 2276; x_wconf 90' lang='grc' dir='ltr'><strong>τις</strong></span> <span class='ocrx_word' id='word_1_314' title='bbox 1026 2213 1101 2284; x_wconf 82' lang='grc' dir='ltr'><strong>μὴ</strong></span> <span class='ocrx_word' id='word_1_315' title='bbox 1128 2214 1261 2287; x_wconf 79' lang='grc' dir='ltr'><strong>εἴπῃ</strong></span> <span class='ocrx_word' id='word_1_316' title='bbox 1289 2216 1383 2266; x_wconf 76' lang='grc' dir='ltr'><strong>τὸν</strong></span> <span class='ocrx_word' id='word_1_317' title='bbox 1409 2212 1547 2267; x_wconf 74' lang='grc' dir='ltr'><strong>Θεοῦ</strong></span> <span class='ocrx_word' id='word_1_318' title='bbox 1580 2213 1754 2281; x_wconf 79' lang='grc' dir='ltr'><strong>Λόγον</strong></span> <span class='ocrx_word' id='word_1_319' title='bbox 1819 2232 1929 2267; x_wconf 81' lang='grc' dir='ltr'><strong>πα-</strong></span> 
     </span>
    </p>
   </div>
   <div class='ocr_carea' id='block_1_40' title="bbox 329 2302 1925 2376">
    <p class='ocr_par' dir='ltr' id='par_1_40' title="bbox 329 2302 1925 2376">
     <span class='ocr_line' id='line_1_40' title="bbox 329 2302 1925 2376; baseline 0 -18"><span class='ocrx_word' id='word_1_320' title='bbox 329 2303 496 2359; x_wconf 67' lang='grc' dir='ltr'><strong>θὶντα</strong></span> <span class='ocrx_word' id='word_1_321' title='bbox 528 2305 696 2376; x_wconf 74' lang='grc' dir='ltr'><strong>σαρκὶ</strong></span> <span class='ocrx_word' id='word_1_322' title='bbox 736 2302 835 2358; x_wconf 79' lang='grc' dir='ltr'><strong>καὶ</strong></span> <span class='ocrx_word' id='word_1_323' title='bbox 873 2304 1297 2375; x_wconf 63' lang='grc' dir='ltr'><strong>ἐσταυρωμένον</strong></span> <span class='ocrx_word' id='word_1_324' title='bbox 1346 2307 1533 2375; x_wconf 77' lang='grc' dir='ltr'><strong>σαρκὶ,</strong></span> <span class='ocrx_word' id='word_1_325' title='bbox 1575 2307 1671 2360; x_wconf 72' lang='grc' dir='ltr'><strong>καὶ</strong></span> <span class='ocrx_word' id='word_1_326' title='bbox 1692 2306 1925 2361; x_wconf 80' lang='grc' dir='ltr'><strong>θανάτου</strong></span> 
     </span>
    </p>
   </div>
   <div class='ocr_carea' id='block_1_41' title="bbox 326 2398 1927 2472">
    <p class='ocr_par' dir='ltr' id='par_1_41' title="bbox 326 2398 1927 2472">
     <span class='ocr_line' id='line_1_41' title="bbox 326 2398 1927 2472; baseline 0.001 -19"><span class='ocrx_word' id='word_1_327' title='bbox 326 2400 675 2469; x_wconf 70' lang='grc' dir='ltr'><strong>γευσάμενον</strong></span> <span class='ocrx_word' id='word_1_328' title='bbox 706 2399 894 2468; x_wconf 79' lang='grc' dir='ltr'><strong>σαρκὶ,</strong></span> <span class='ocrx_word' id='word_1_329' title='bbox 928 2398 1195 2467; x_wconf 78' lang='grc' dir='ltr'><strong>γεγονότα</strong></span> <span class='ocrx_word' id='word_1_330' title='bbox 1228 2416 1287 2452; x_wconf 89' lang='grc' dir='ltr'><strong>τε</strong></span> <span class='ocrx_word' id='word_1_331' title='bbox 1323 2401 1672 2472; x_wconf 53' lang='grc' dir='ltr'><strong>πρωτότοκον</strong></span> <span class='ocrx_word' id='word_1_332' title='bbox 1719 2403 1784 2455; x_wconf 84' lang='grc' dir='ltr'><strong>ἑκ</strong></span> <span class='ocrx_word' id='word_1_333' title='bbox 1816 2402 1927 2455; x_wconf 79' lang='grc' dir='ltr'><strong>τῶν</strong></span> 
     </span>
    </p>
   </div>
   <div class='ocr_carea' id='block_1_42' title="bbox 329 2489 1928 2563">
    <p class='ocr_par' dir='ltr' id='par_1_42' title="bbox 329 2489 1928 2563">
     <span class='ocr_line' id='line_1_42' title="bbox 329 2489 1928 2563; baseline 0.003 -18"><span class='ocrx_word' id='word_1_334' title='bbox 329 2492 543 2562; x_wconf 76' lang='grc' dir='ltr'><strong>νεκρῶν</strong></span> <span class='ocrx_word' id='word_1_335' title='bbox 576 2489 715 2545; x_wconf 76' lang='grc' dir='ltr'><strong>καθὸ</strong></span> <span class='ocrx_word' id='word_1_336' title='bbox 736 2489 853 2563; x_wconf 76' lang='grc' dir='ltr'><strong>ζωή</strong></span> <span class='ocrx_word' id='word_1_337' title='bbox 892 2492 1011 2544; x_wconf 80' lang='grc' dir='ltr'><strong>ἐστι</strong></span> <span class='ocrx_word' id='word_1_338' title='bbox 1039 2494 1135 2545; x_wconf 75' lang='grc' dir='ltr'><strong>καὶ</strong></span> <span class='ocrx_word' id='word_1_339' title='bbox 1161 2492 1454 2560; x_wconf 75' lang='grc' dir='ltr'><strong>ζωοποιὸς,</strong></span> <span class='ocrx_word' id='word_1_340' title='bbox 1494 2494 1569 2558; x_wconf 82' lang='grc' dir='ltr'><strong>ὡς</strong></span> <span class='ocrx_word' id='word_1_341' title='bbox 1601 2495 1758 2559; x_wconf 73' lang='grc' dir='ltr'><strong>Θεὸς,</strong></span> <span class='ocrx_word' id='word_1_342' title='bbox 1797 2495 1928 2549; x_wconf 73' lang='grc' dir='ltr'><strong>ἀνά-</strong></span> 
     </span>
    </p>
   </div>
   <div class='ocr_carea' id='block_1_43' title="bbox 329 2580 1924 2655">
    <p class='ocr_par' dir='ltr' id='par_1_43' title="bbox 329 2580 1924 2655">
     <span class='ocr_line' id='line_1_43' title="bbox 329 2580 1924 2655; baseline 0.004 -20"><span class='ocrx_word' id='word_1_343' title='bbox 329 2581 477 2652; x_wconf 85' lang='grc' dir='ltr'><strong>θεμα</strong></span> <span class='ocrx_word' id='word_1_344' title='bbox 510 2580 677 2635; x_wconf 65' lang='grc' dir='ltr'><strong>ἔστω.</strong></span> <span class='ocrx_word' id='word_1_345' title='bbox 714 2580 780 2633; x_wconf 75' lang='grc' dir='ltr'><strong>Εἴ</strong></span> <span class='ocrx_word' id='word_1_346' title='bbox 804 2597 891 2645; x_wconf 83' lang='grc' dir='ltr'><strong>τις</strong></span> <span class='ocrx_word' id='word_1_347' title='bbox 926 2581 1003 2652; x_wconf 77' lang='grc' dir='ltr'><strong>μὴ</strong></span> <span class='ocrx_word' id='word_1_348' title='bbox 1047 2584 1177 2655; x_wconf 78' lang='grc' dir='ltr'><strong>εἴπῃ</strong></span> <span class='ocrx_word' id='word_1_349' title='bbox 1204 2582 1286 2637; x_wconf 81' lang='grc' dir='ltr'><strong>ὅτι</strong></span> <span class='ocrx_word' id='word_1_350' title='bbox 1320 2583 1380 2637; x_wconf 77' lang='grc' dir='ltr'><strong>ὲν</strong></span> <span class='ocrx_word' id='word_1_351' title='bbox 1405 2587 1470 2655; x_wconf 74' lang='grc' dir='ltr'><strong>τῇ</strong></span> <span class='ocrx_word' id='word_1_352' title='bbox 1502 2586 1670 2655; x_wconf 71' lang='grc' dir='ltr'><strong>σαρκὶ</strong></span> <span class='ocrx_word' id='word_1_353' title='bbox 1702 2586 1769 2654; x_wconf 78' lang='grc' dir='ltr'><strong>ἣν</strong></span> <span class='ocrx_word' id='word_1_354' title='bbox 1796 2587 1924 2641; x_wconf 82' lang='grc' dir='ltr'><strong>ἀνέ-</strong></span> 
     </span>
    </p>
   </div>
   <div class='ocr_carea' id='block_1_44' title="bbox 331 2672 1928 2754">
    <p class='ocr_par' dir='ltr' id='par_1_44' title="bbox 331 2672 1928 2754">
     <span class='ocr_line' id='line_1_44' title="bbox 331 2672 1928 2754; baseline 0.003 -24"><span class='ocrx_word' id='word_1_355' title='bbox 331 2675 487 2742; x_wconf 75' lang='grc' dir='ltr'><strong>λαϐε,</strong></span> <span class='ocrx_word' id='word_1_356' title='bbox 515 2674 809 2740; x_wconf 73' lang='grc' dir='ltr'><strong>καθέζεται</strong></span> <span class='ocrx_word' id='word_1_357' title='bbox 838 2677 898 2731; x_wconf 77' lang='grc' dir='ltr'><strong>ιν</strong></span> <span class='ocrx_word' id='word_1_358' title='bbox 923 2675 1074 2743; x_wconf 80' lang='grc' dir='ltr'>δεξιᾷ</span> <span class='ocrx_word' id='word_1_359' title='bbox 1098 2676 1194 2730; x_wconf 86' lang='grc' dir='ltr'><strong>τοῦ</strong></span> <span class='ocrx_word' id='word_1_360' title='bbox 1224 2676 1458 2749; x_wconf 73' lang='grc' dir='ltr'><strong>Πατρδς,</strong></span> <span class='ocrx_word' id='word_1_361' title='bbox 1491 2679 1550 2732; x_wconf 79' lang='grc' dir='ltr'><strong>ὲν</strong></span> <span class='ocrx_word' id='word_1_362' title='bbox 1653 2682 1748 2735; x_wconf 73' lang='grc' dir='ltr'><strong>καὶ</strong></span> <span class='ocrx_word' id='word_1_363' title='bbox 1775 2679 1928 2734; x_wconf 80' lang='grc' dir='ltr'><strong>ἐ.λεὺ-</strong></span> 
     </span>
    </p>
   </div>
   <div class='ocr_carea' id='block_1_45' title="bbox 332 2770 1929 2844">
    <p class='ocr_par' dir='ltr' id='par_1_45' title="bbox 332 2770 1929 2844">
     <span class='ocr_line' id='line_1_45' title="bbox 332 2770 1929 2844; baseline -0.001 -16"><span class='ocrx_word' id='word_1_364' title='bbox 332 2790 487 2828; x_wconf 80' lang='grc' dir='ltr'><strong>σεται</strong></span> <span class='ocrx_word' id='word_1_365' title='bbox 523 2774 707 2844; x_wconf 79' lang='grc' dir='ltr'><strong>ιιρίναι</strong></span> <span class='ocrx_word' id='word_1_366' title='bbox 742 2773 953 2837; x_wconf 79' lang='grc' dir='ltr'><strong>ζῶντας</strong></span> <span class='ocrx_word' id='word_1_367' title='bbox 981 2774 1077 2825; x_wconf 75' lang='grc' dir='ltr'><strong>καὶ</strong></span> <span class='ocrx_word' id='word_1_368' title='bbox 1100 2770 1353 2841; x_wconf 84' lang='grc' dir='ltr'><strong>νεκροὺς,</strong></span> <span class='ocrx_word' id='word_1_369' title='bbox 1390 2772 1644 2842; x_wconf 78' lang='grc' dir='ltr'><strong>ἀνάθεμα</strong></span> <span class='ocrx_word' id='word_1_370' title='bbox 1669 2773 1831 2828; x_wconf 76' lang='grc' dir='ltr'><strong>ἔστω.</strong></span> <span class='ocrx_word' id='word_1_371' title='bbox 1861 2776 1929 2831; x_wconf 67' lang='grc' dir='ltr'><strong>ιεε</strong></span> 
     </span>
    </p>
   </div>
   <div class='ocr_carea' id='block_1_46' title="bbox 330 2863 1924 2940">
    <p class='ocr_par' dir='ltr' id='par_1_46' title="bbox 330 2863 1924 2940">
     <span class='ocr_line' id='line_1_46' title="bbox 330 2863 1924 2940; baseline -0.002 -18"><span class='ocrx_word' id='word_1_372' title='bbox 330 2885 418 2932; x_wconf 87' lang='grc' dir='ltr'><strong>τις</strong></span> <span class='ocrx_word' id='word_1_373' title='bbox 449 2867 528 2940; x_wconf 76' lang='grc' dir='ltr'><strong>μὴ</strong></span> <span class='ocrx_word' id='word_1_374' title='bbox 559 2866 692 2938; x_wconf 77' lang='grc' dir='ltr'><strong>εἴπῃ</strong></span> <span class='ocrx_word' id='word_1_375' title='bbox 731 2866 792 2921; x_wconf 86' lang='grc' dir='ltr'><strong>τὸ</strong></span> <span class='ocrx_word' id='word_1_376' title='bbox 857 2863 1086 2936; x_wconf 85' lang='grc' dir='ltr'><strong>Πνεῦμα</strong></span> <span class='ocrx_word' id='word_1_377' title='bbox 1115 2867 1171 2917; x_wconf 63' lang='grc' dir='ltr'><strong>τι</strong></span> <span class='ocrx_word' id='word_1_378' title='bbox 1197 2864 1355 2933; x_wconf 77' lang='grc' dir='ltr'><strong>ἅγιον</strong></span> <span class='ocrx_word' id='word_1_379' title='bbox 1376 2867 1439 2918; x_wconf 79' lang='grc' dir='ltr'>ἐκ</span> <span class='ocrx_word' id='word_1_380' title='bbox 1467 2865 1560 2919; x_wconf 86' lang='grc' dir='ltr'><strong>τοῦ</strong></span> <span class='ocrx_word' id='word_1_381' title='bbox 1594 2867 1809 2937; x_wconf 76' lang='grc' dir='ltr'><strong>Πατρὸς</strong></span> <span class='ocrx_word' id='word_1_382' title='bbox 1840 2863 1924 2922; x_wconf 81' lang='grc' dir='ltr'><strong>εἵ-</strong></span> 
     </span>
    </p>
   </div>
   <div class='ocr_carea' id='block_1_47' title="bbox 329 2955 1927 3030">
    <p class='ocr_par' dir='ltr' id='par_1_47' title="bbox 329 2955 1927 3030">
     <span class='ocr_line' id='line_1_47' title="bbox 329 2955 1927 3030; baseline -0.001 -17"><span class='ocrx_word' id='word_1_383' title='bbox 329 2978 421 3014; x_wconf 89' lang='grc' dir='ltr'><strong>ναι</strong></span> <span class='ocrx_word' id='word_1_384' title='bbox 446 2960 664 3030; x_wconf 69' lang='grc' dir='ltr'><strong>ἀληθῶς</strong></span> <span class='ocrx_word' id='word_1_385' title='bbox 692 2958 789 3012; x_wconf 73' lang='grc' dir='ltr'><strong>καὶ</strong></span> <span class='ocrx_word' id='word_1_386' title='bbox 808 2957 1039 3026; x_wconf 74' lang='grc' dir='ltr'><strong>κυρίως,</strong></span> <span class='ocrx_word' id='word_1_387' title='bbox 1069 2955 1146 3021; x_wconf 83' lang='grc' dir='ltr'><strong>ὡς</strong></span> <span class='ocrx_word' id='word_1_388' title='bbox 1172 2957 1270 3012; x_wconf 81' lang='grc' dir='ltr'><strong>καὶ</strong></span> <span class='ocrx_word' id='word_1_389' title='bbox 1299 2957 1391 3011; x_wconf 71' lang='grc' dir='ltr'><strong>τὸν</strong></span> <span class='ocrx_word' id='word_1_390' title='bbox 1414 2958 1543 3011; x_wconf 73' lang='grc' dir='ltr'><strong>Υίδν</strong></span> <span class='ocrx_word' id='word_1_391' title='bbox 1564 2960 1628 3012; x_wconf 79' lang='grc' dir='ltr'><strong>ὲκ</strong></span> <span class='ocrx_word' id='word_1_392' title='bbox 1651 2962 1750 3029; x_wconf 78' lang='grc' dir='ltr'><strong>τῆς</strong></span> <span class='ocrx_word' id='word_1_393' title='bbox 1772 2958 1927 3024; x_wconf 87' lang='grc' dir='ltr'><strong>θείας</strong></span> 
     </span>
    </p>
   </div>
   <div class='ocr_carea' id='block_1_48' title="bbox 329 3049 1925 3119">
    <p class='ocr_par' dir='ltr' id='par_1_48' title="bbox 329 3049 1925 3119">
     <span class='ocr_line' id='line_1_48' title="bbox 329 3049 1925 3119; baseline -0.001 -13"><span class='ocrx_word' id='word_1_394' title='bbox 329 3052 521 3117; x_wconf 72' lang='grc' dir='ltr'><strong>οὐσίας</strong></span> <span class='ocrx_word' id='word_1_395' title='bbox 552 3052 647 3107; x_wconf 72' lang='grc' dir='ltr'><strong>καὶ</strong></span> <span class='ocrx_word' id='word_1_396' title='bbox 675 3050 813 3104; x_wconf 75' lang='grc' dir='ltr'><strong>Θεὸν</strong></span> <span class='ocrx_word' id='word_1_397' title='bbox 860 3049 997 3103; x_wconf 76' lang='grc' dir='ltr'><strong>Θεοῦ</strong></span> <span class='ocrx_word' id='word_1_398' title='bbox 1039 3050 1235 3118; x_wconf 72' lang='grc' dir='ltr'><strong>Λόγον,</strong></span> <span class='ocrx_word' id='word_1_399' title='bbox 1268 3049 1520 3119; x_wconf 68' lang='grc' dir='ltr'><strong>ἀνάθεμα</strong></span> <span class='ocrx_word' id='word_1_400' title='bbox 1547 3050 1709 3105; x_wconf 80' lang='grc' dir='ltr'><strong>ἔστω.</strong></span> <span class='ocrx_word' id='word_1_401' title='bbox 1736 3050 1808 3105; x_wconf 78' lang='grc' dir='ltr'><strong>Εἰ</strong></span> <span class='ocrx_word' id='word_1_402' title='bbox 1839 3069 1925 3115; x_wconf 71' lang='grc' dir='ltr'><strong>τις</strong></span> 
     </span>
    </p>
   </div>
   <div class='ocr_carea' id='block_1_49' title="bbox 2032 1934 3615 2009">
    <p class='ocr_par' dir='ltr' id='par_1_49' title="bbox 2032 1934 3615 2009">
     <span class='ocr_line' id='line_1_49' title="bbox 2032 1934 3615 2009; baseline -0.004 -16"><span class='ocrx_word' id='word_1_403' title='bbox 2032 1940 2158 2009; x_wconf 83' lang='lat' dir='ltr'><strong>quis</strong></span> <span class='ocrx_word' id='word_1_404' title='bbox 2182 1939 2350 2004; x_wconf 88' lang='lat' dir='ltr'><strong>dicat,</strong></span> <span class='ocrx_word' id='word_1_405' title='bbox 2379 1940 2432 1995; x_wconf 83' lang='lat' dir='ltr'><strong>in</strong></span> <span class='ocrx_word' id='word_1_406' title='bbox 2457 1937 2711 2007; x_wconf 81' lang='lat' dir='ltr'><strong>passione</strong></span> <span class='ocrx_word' id='word_1_407' title='bbox 2742 1936 2927 1991; x_wconf 90' lang='lat' dir='ltr'><strong>crucis</strong></span> <span class='ocrx_word' id='word_1_408' title='bbox 2963 1936 3161 1992; x_wconf 72' lang='lat' dir='ltr'><strong>Fitium</strong></span> <span class='ocrx_word' id='word_1_409' title='bbox 3207 1936 3306 1990; x_wconf 81' lang='lat' dir='ltr'><strong>Dei</strong></span> <span class='ocrx_word' id='word_1_410' title='bbox 3357 1945 3414 1991; x_wconf 90' lang='lat' dir='ltr'><strong>et</strong></span> <span class='ocrx_word' id='word_1_411' title='bbox 3442 1934 3615 1989; x_wconf 88' lang='lat' dir='ltr'><strong>Deum</strong></span> 
     </span>
    </p>
   </div>
   <div class='ocr_carea' id='block_1_50' title="bbox 2035 2028 3611 2095">
    <p class='ocr_par' dir='ltr' id='par_1_50' title="bbox 2035 2028 3611 2095">
     <span class='ocr_line' id='line_1_50' title="bbox 2035 2028 3611 2095; baseline -0.005 -7"><span class='ocrx_word' id='word_1_412' title='bbox 2035 2032 2302 2092; x_wconf 77' lang='lat' dir='ltr'><strong>Verbum,</strong></span> <span class='ocrx_word' id='word_1_413' title='bbox 2335 2031 2648 2095; x_wconf 79' lang='lat' dir='ltr'><strong>divinitate,</strong></span> <span class='ocrx_word' id='word_1_414' title='bbox 2670 2041 2727 2084; x_wconf 82' lang='lat' dir='ltr'><strong>et</strong></span> <span class='ocrx_word' id='word_1_415' title='bbox 2758 2044 2865 2083; x_wconf 91' lang='lat' dir='ltr'><strong>non</strong></span> <span class='ocrx_word' id='word_1_416' title='bbox 2899 2044 3064 2084; x_wconf 77' lang='lat' dir='ltr'><strong>carne</strong></span> <span class='ocrx_word' id='word_1_417' title='bbox 3095 2044 3201 2083; x_wconf 90' lang='lat' dir='ltr'><strong>una</strong></span> <span class='ocrx_word' id='word_1_418' title='bbox 3242 2044 3367 2083; x_wconf 90' lang='lat' dir='ltr'><strong>cum</strong></span> <span class='ocrx_word' id='word_1_419' title='bbox 3405 2028 3611 2090; x_wconf 85' lang='lat' dir='ltr'><strong>anima.</strong></span> 
     </span>
    </p>
   </div>
   <div class='ocr_carea' id='block_1_51' title="bbox 2031 2120 3617 2197">
    <p class='ocr_par' dir='ltr' id='par_1_51' title="bbox 2031 2120 3617 2197">
     <span class='ocr_line' id='line_1_51' title="bbox 2031 2120 3617 2197; baseline -0.005 -17"><span class='ocrx_word' id='word_1_420' title='bbox 2031 2142 2197 2197; x_wconf 84' lang='lat' dir='ltr'><strong>quam</strong></span> <span class='ocrx_word' id='word_1_421' title='bbox 2224 2126 2278 2180; x_wconf 90' lang='lat' dir='ltr'><strong>in</strong></span> <span class='ocrx_word' id='word_1_422' title='bbox 2309 2124 2455 2181; x_wconf 79' lang='lat' dir='ltr'><strong>servi</strong></span> <span class='ocrx_word' id='word_1_423' title='bbox 2482 2124 2587 2179; x_wconf 79' lang='lat' dir='ltr'><strong>sibi</strong></span> <span class='ocrx_word' id='word_1_424' title='bbox 2607 2131 2887 2193; x_wconf 89' lang='lat' dir='ltr'><strong>assumpta</strong></span> <span class='ocrx_word' id='word_1_425' title='bbox 2926 2124 3127 2187; x_wconf 75' lang='lat' dir='ltr'><strong>forma,</strong></span> <span class='ocrx_word' id='word_1_426' title='bbox 3162 2133 3219 2176; x_wconf 90' lang='lat' dir='ltr'><strong>ut</strong></span> <span class='ocrx_word' id='word_1_427' title='bbox 3248 2132 3437 2177; x_wconf 87' lang='lat' dir='ltr'><strong>sancta</strong></span> <span class='ocrx_word' id='word_1_428' title='bbox 3466 2120 3617 2177; x_wconf 85' lang='lat' dir='ltr'><strong>Scri-</strong></span> 
     </span>
    </p>
   </div>
   <div class='ocr_carea' id='block_1_52' title="bbox 2034 2211 3616 2292">
    <p class='ocr_par' dir='ltr' id='par_1_52' title="bbox 2034 2211 3616 2292">
     <span class='ocr_line' id='line_1_52' title="bbox 2034 2211 3616 2292; baseline -0.006 -18"><span class='ocrx_word' id='word_1_429' title='bbox 2034 2230 2194 2292; x_wconf 88' lang='lat' dir='ltr'><strong>ptura</strong></span> <span class='ocrx_word' id='word_1_430' title='bbox 2231 2218 2392 2282; x_wconf 81' lang='lat' dir='ltr'><strong>dixit,</strong></span> <span class='ocrx_word' id='word_1_431' title='bbox 2422 2215 2622 2281; x_wconf 87' lang='lat' dir='ltr'><strong>induit,</strong></span> <span class='ocrx_word' id='word_1_432' title='bbox 2643 2215 2893 2271; x_wconf 89' lang='lat' dir='ltr'><strong>dolorem</strong></span> <span class='ocrx_word' id='word_1_433' title='bbox 2954 2214 3267 2285; x_wconf 73' lang='lat' dir='ltr'><strong>pertulisse,</strong></span> <span class='ocrx_word' id='word_1_434' title='bbox 3321 2211 3616 2268; x_wconf 82' lang='lat' dir='ltr'><strong>anathema</strong></span> 
     </span>
    </p>
   </div>
   <div class='ocr_carea' id='block_1_53' title="bbox 2031 2306 3620 2381">
    <p class='ocr_par' dir='ltr' id='par_1_53' title="bbox 2031 2306 3620 2381">
     <span class='ocr_line' id='line_1_53' title="bbox 2031 2306 3620 2381; baseline -0.006 -14"><span class='ocrx_word' id='word_1_435' title='bbox 2031 2313 2124 2367; x_wconf 82' lang='lat' dir='ltr'><strong>sit.</strong></span> <span class='ocrx_word' id='word_1_436' title='bbox 2157 2310 2216 2367; x_wconf 89' lang='lat' dir='ltr'><strong>Si</strong></span> <span class='ocrx_word' id='word_1_437' title='bbox 2248 2311 2376 2381; x_wconf 87' lang='lat' dir='ltr'><strong>quis</strong></span> <span class='ocrx_word' id='word_1_438' title='bbox 2407 2325 2517 2364; x_wconf 81' lang='lat' dir='ltr'><strong>non</strong></span> <span class='ocrx_word' id='word_1_439' title='bbox 2541 2308 2685 2363; x_wconf 70' lang='lat' dir='ltr'><strong>dieait</strong></span> <span class='ocrx_word' id='word_1_440' title='bbox 2718 2306 2815 2362; x_wconf 88' lang='lat' dir='ltr'><strong>Dei</strong></span> <span class='ocrx_word' id='word_1_441' title='bbox 2846 2307 3083 2361; x_wconf 73' lang='lat' dir='ltr'><strong>Verbum</strong></span> <span class='ocrx_word' id='word_1_442' title='bbox 3108 2320 3273 2360; x_wconf 87' lang='lat' dir='ltr'><strong>carne</strong></span> <span class='ocrx_word' id='word_1_443' title='bbox 3303 2312 3620 2374; x_wconf 83' lang='lat' dir='ltr'><strong>passum,et</strong></span> 
     </span>
    </p>
   </div>
   <div class='ocr_carea' id='block_1_54' title="bbox 2032 2403 3618 2469">
    <p class='ocr_par' dir='ltr' id='par_1_54' title="bbox 2032 2403 3618 2469">
     <span class='ocr_line' id='line_1_54' title="bbox 2032 2403 3618 2469; baseline -0.008 -8"><span class='ocrx_word' id='word_1_444' title='bbox 2032 2421 2201 2460; x_wconf 84' lang='lat' dir='ltr'><strong>carne</strong></span> <span class='ocrx_word' id='word_1_445' title='bbox 2230 2403 2587 2468; x_wconf 71' lang='lat' dir='ltr'><strong>cruciﬁxum,</strong></span> <span class='ocrx_word' id='word_1_446' title='bbox 2617 2413 2675 2458; x_wconf 91' lang='lat' dir='ltr'><strong>et</strong></span> <span class='ocrx_word' id='word_1_447' title='bbox 2706 2417 2872 2458; x_wconf 79' lang='lat' dir='ltr'><strong>carne</strong></span> <span class='ocrx_word' id='word_1_448' title='bbox 2908 2413 3141 2456; x_wconf 82' lang='lat' dir='ltr'><strong>nmrtetu</strong></span> <span class='ocrx_word' id='word_1_449' title='bbox 3190 2409 3459 2469; x_wconf 78' lang='lat' dir='ltr'><strong>gustasse,</strong></span> <span class='ocrx_word' id='word_1_450' title='bbox 3501 2410 3618 2466; x_wconf 81' lang='lat' dir='ltr'><strong>prt-</strong></span> 
     </span>
    </p>
   </div>
   <div class='ocr_carea' id='block_1_55' title="bbox 2032 2488 3617 2567">
    <p class='ocr_par' dir='ltr' id='par_1_55' title="bbox 2032 2488 3617 2567">
     <span class='ocr_line' id='line_1_55' title="bbox 2032 2488 3617 2567; baseline -0.006 -17"><span class='ocrx_word' id='word_1_451' title='bbox 2032 2495 2372 2567; x_wconf 78' lang='lat' dir='ltr'><strong>mogenitutn</strong></span> <span class='ocrx_word' id='word_1_452' title='bbox 2408 2493 2611 2548; x_wconf 76' lang='lat' dir='ltr'><strong>factum</strong></span> <span class='ocrx_word' id='word_1_453' title='bbox 2629 2508 2696 2548; x_wconf 81' lang='lat' dir='ltr'><strong>ex</strong></span> <span class='ocrx_word' id='word_1_454' title='bbox 2736 2493 2995 2558; x_wconf 86' lang='lat' dir='ltr'><strong>mortuis,</strong></span> <span class='ocrx_word' id='word_1_455' title='bbox 3027 2508 3128 2562; x_wconf 90' lang='lat' dir='ltr'><strong>pro</strong></span> <span class='ocrx_word' id='word_1_456' title='bbox 3185 2506 3255 2545; x_wconf 93' lang='lat' dir='ltr'><strong>eo</strong></span> <span class='ocrx_word' id='word_1_457' title='bbox 3292 2500 3460 2559; x_wconf 81' lang='lat' dir='ltr'><strong>atque</strong></span> <span class='ocrx_word' id='word_1_458' title='bbox 3508 2488 3617 2543; x_wconf 85' lang='lat' dir='ltr'><strong>vita</strong></span> 
     </span>
    </p>
   </div>
   <div class='ocr_carea' id='block_1_56' title="bbox 2030 2585 3617 2658">
    <p class='ocr_par' dir='ltr' id='par_1_56' title="bbox 2030 2585 3617 2658">
     <span class='ocr_line' id='line_1_56' title="bbox 2030 2585 3617 2658; baseline -0.004 -15"><span class='ocrx_word' id='word_1_459' title='bbox 2030 2600 2202 2645; x_wconf 83' lang='lat' dir='ltr'><strong>estet</strong></span> <span class='ocrx_word' id='word_1_460' title='bbox 2249 2587 2553 2653; x_wconf 81' lang='lat' dir='ltr'><strong>viviﬁcans,</strong></span> <span class='ocrx_word' id='word_1_461' title='bbox 2610 2587 2817 2658; x_wconf 87' lang='lat' dir='ltr'><strong>quippe</strong></span> <span class='ocrx_word' id='word_1_462' title='bbox 2848 2588 3015 2650; x_wconf 86' lang='lat' dir='ltr'><strong>Deus,</strong></span> <span class='ocrx_word' id='word_1_463' title='bbox 3081 2588 3381 2642; x_wconf 78' lang='lat' dir='ltr'><strong>anathema</strong></span> <span class='ocrx_word' id='word_1_464' title='bbox 3410 2588 3505 2639; x_wconf 85' lang='lat' dir='ltr'><strong>sit.</strong></span> <span class='ocrx_word' id='word_1_465' title='bbox 3557 2585 3617 2637; x_wconf 85' lang='lat' dir='ltr'><strong>Si</strong></span> 
     </span>
    </p>
   </div>
   <div class='ocr_carea' id='block_1_57' title="bbox 2029 2677 3617 2753">
    <p class='ocr_par' dir='ltr' id='par_1_57' title="bbox 2029 2677 3617 2753">
     <span class='ocr_line' id='line_1_57' title="bbox 2029 2677 3617 2753; baseline -0.002 -20"><span class='ocrx_word' id='word_1_466' title='bbox 2029 2685 2156 2753; x_wconf 84' lang='lat' dir='ltr'><strong>quis</strong></span> <span class='ocrx_word' id='word_1_467' title='bbox 2189 2696 2295 2736; x_wconf 84' lang='lat' dir='ltr'><strong>non</strong></span> <span class='ocrx_word' id='word_1_468' title='bbox 2332 2681 2503 2745; x_wconf 83' lang='lat' dir='ltr'><strong>dicat,</strong></span> <span class='ocrx_word' id='word_1_469' title='bbox 2539 2696 2666 2734; x_wconf 89' lang='lat' dir='ltr'><strong>eum</strong></span> <span class='ocrx_word' id='word_1_470' title='bbox 2700 2681 2752 2734; x_wconf 91' lang='lat' dir='ltr'><strong>in</strong></span> <span class='ocrx_word' id='word_1_471' title='bbox 2787 2694 2955 2735; x_wconf 90' lang='lat' dir='ltr'><strong>carne</strong></span> <span class='ocrx_word' id='word_1_472' title='bbox 2982 2694 3150 2749; x_wconf 88' lang='lat' dir='ltr'><strong>quam</strong></span> <span class='ocrx_word' id='word_1_473' title='bbox 3182 2678 3505 2748; x_wconf 81' lang='lat' dir='ltr'><strong>assumpsit.</strong></span> <span class='ocrx_word' id='word_1_474' title='bbox 3545 2677 3617 2730; x_wconf 88' lang='lat' dir='ltr'><strong>ad</strong></span> 
     </span>
    </p>
   </div>
   <div class='ocr_carea' id='block_1_58' title="bbox 2030 2773 3624 2844">
    <p class='ocr_par' dir='ltr' id='par_1_58' title="bbox 2030 2773 3624 2844">
     <span class='ocr_line' id='line_1_58' title="bbox 2030 2773 3624 2844; baseline -0.001 -15"><span class='ocrx_word' id='word_1_475' title='bbox 2030 2775 2282 2830; x_wconf 72' lang='lat' dir='ltr'><strong>dextram</strong></span> <span class='ocrx_word' id='word_1_476' title='bbox 2311 2775 2493 2830; x_wconf 81' lang='lat' dir='ltr'><strong>Patris</strong></span> <span class='ocrx_word' id='word_1_477' title='bbox 2520 2774 2739 2841; x_wconf 84' lang='lat' dir='ltr'><strong>sedere,</strong></span> <span class='ocrx_word' id='word_1_478' title='bbox 2772 2774 2827 2829; x_wconf 93' lang='lat' dir='ltr'><strong>in</strong></span> <span class='ocrx_word' id='word_1_479' title='bbox 2858 2789 2966 2844; x_wconf 90' lang='lat' dir='ltr'><strong>qua</strong></span> <span class='ocrx_word' id='word_1_480' title='bbox 3000 2776 3166 2829; x_wconf 81' lang='lat' dir='ltr'><strong>etiam</strong></span> <span class='ocrx_word' id='word_1_481' title='bbox 3200 2773 3454 2829; x_wconf 77' lang='lat' dir='ltr'><strong>adveniet</strong></span> <span class='ocrx_word' id='word_1_482' title='bbox 3482 2773 3624 2837; x_wconf 81' lang='lat' dir='ltr'><strong>iudi-</strong></span> 
     </span>
    </p>
   </div>
   <div class='ocr_carea' id='block_1_59' title="bbox 2028 2866 3620 2938">
    <p class='ocr_par' dir='ltr' id='par_1_59' title="bbox 2028 2866 3620 2938">
     <span class='ocr_line' id='line_1_59' title="bbox 2028 2866 3620 2938; baseline -0.002 -12"><span class='ocrx_word' id='word_1_483' title='bbox 2028 2879 2257 2926; x_wconf 73' lang='lat' dir='ltr'><strong>eaturus</strong></span> <span class='ocrx_word' id='word_1_484' title='bbox 2284 2868 2434 2921; x_wconf 82' lang='lat' dir='ltr'><strong>vivos</strong></span> <span class='ocrx_word' id='word_1_485' title='bbox 2452 2877 2509 2922; x_wconf 90' lang='lat' dir='ltr'><strong>et</strong></span> <span class='ocrx_word' id='word_1_486' title='bbox 2535 2877 2807 2933; x_wconf 90' lang='lat' dir='ltr'><strong>mortuos,</strong></span> <span class='ocrx_word' id='word_1_487' title='bbox 2830 2866 3121 2922; x_wconf 83' lang='lat' dir='ltr'><strong>anathema</strong></span> <span class='ocrx_word' id='word_1_488' title='bbox 3154 2867 3249 2922; x_wconf 86' lang='lat' dir='ltr'><strong>sit.</strong></span> <span class='ocrx_word' id='word_1_489' title='bbox 3274 2868 3329 2922; x_wconf 85' lang='lat' dir='ltr'><strong>Si</strong></span> <span class='ocrx_word' id='word_1_490' title='bbox 3357 2868 3483 2938; x_wconf 84' lang='lat' dir='ltr'><strong>quis</strong></span> <span class='ocrx_word' id='word_1_491' title='bbox 3510 2883 3620 2923; x_wconf 90' lang='lat' dir='ltr'><strong>non</strong></span> 
     </span>
    </p>
   </div>
   <div class='ocr_carea' id='block_1_60' title="bbox 2030 2961 3625 3034">
    <p class='ocr_par' dir='ltr' id='par_1_60' title="bbox 2030 2961 3625 3034">
     <span class='ocr_line' id='line_1_60' title="bbox 2030 2961 3625 3034; baseline -0.001 -16"><span class='ocrx_word' id='word_1_492' title='bbox 2030 2963 2204 3029; x_wconf 90' lang='lat' dir='ltr'><strong>dicat,</strong></span> <span class='ocrx_word' id='word_1_493' title='bbox 2251 2962 2516 3033; x_wconf 84' lang='lat' dir='ltr'><strong>Spiritum</strong></span> <span class='ocrx_word' id='word_1_494' title='bbox 2545 2971 2796 3017; x_wconf 89' lang='lat' dir='ltr'><strong>sanctum</strong></span> <span class='ocrx_word' id='word_1_495' title='bbox 2824 2977 2953 3017; x_wconf 87' lang='lat' dir='ltr'><strong>vere</strong></span> <span class='ocrx_word' id='word_1_496' title='bbox 2982 2971 3039 3017; x_wconf 87' lang='lat' dir='ltr'><strong>et</strong></span> <span class='ocrx_word' id='word_1_497' title='bbox 3072 2961 3299 3034; x_wconf 77' lang='lat' dir='ltr'><strong>proprie</strong></span> <span class='ocrx_word' id='word_1_498' title='bbox 3358 2978 3424 3017; x_wconf 76' lang='lat' dir='ltr'><strong>ex</strong></span> <span class='ocrx_word' id='word_1_499' title='bbox 3461 2962 3625 3017; x_wconf 84' lang='lat' dir='ltr'><strong>Patre</strong></span> 
     </span>
    </p>
   </div>
   <div class='ocr_carea' id='block_1_61' title="bbox 2030 3053 3621 3125">
    <p class='ocr_par' dir='ltr' id='par_1_61' title="bbox 2030 3053 3621 3125">
     <span class='ocr_line' id='line_1_61' title="bbox 2030 3053 3621 3125; baseline -0.001 -14"><span class='ocrx_word' id='word_1_500' title='bbox 2030 3070 2175 3117; x_wconf 86' lang='lat' dir='ltr'><strong>esse.</strong></span> <span class='ocrx_word' id='word_1_501' title='bbox 2211 3054 2677 3125; x_wconf 71' lang='lat' dir='ltr'><strong>(premadmodum</strong></span> <span class='ocrx_word' id='word_1_502' title='bbox 2709 3064 2764 3110; x_wconf 92' lang='lat' dir='ltr'><strong>et</strong></span> <span class='ocrx_word' id='word_1_503' title='bbox 2792 3053 3016 3120; x_wconf 87' lang='lat' dir='ltr'><strong>Filium,</strong></span> <span class='ocrx_word' id='word_1_504' title='bbox 3048 3054 3416 3125; x_wconf 85' lang='lat' dir='ltr'><strong>emndemque</strong></span> <span class='ocrx_word' id='word_1_505' title='bbox 3447 3054 3621 3110; x_wconf 86' lang='lat' dir='ltr'><strong>Deum</strong></span> 
     </span>
    </p>
   </div>
   <div class='ocr_carea' id='block_1_62' title="bbox 333 3142 1925 3238">
    <p class='ocr_par' dir='ltr' id='par_1_62' title="bbox 333 3142 1925 3218">
     <span class='ocr_line' id='line_1_62' title="bbox 333 3142 1925 3218; baseline -0.001 -19"><span class='ocrx_word' id='word_1_506' title='bbox 333 3146 411 3218; x_wconf 71' lang='grc' dir='ltr'><strong>μὴ</strong></span> <span class='ocrx_word' id='word_1_507' title='bbox 450 3145 582 3217; x_wconf 79' lang='grc' dir='ltr'><strong>εἴπῃ</strong></span> <span class='ocrx_word' id='word_1_508' title='bbox 626 3145 805 3199; x_wconf 71' lang='grc' dir='ltr'><strong>πάντα</strong></span> <span class='ocrx_word' id='word_1_509' title='bbox 845 3143 1108 3198; x_wconf 69' lang='grc' dir='ltr'><strong>δῦνασθλι</strong></span> <span class='ocrx_word' id='word_1_510' title='bbox 1133 3142 1194 3197; x_wconf 74' lang='grc' dir='ltr'><strong>τὺ</strong></span> <span class='ocrx_word' id='word_1_511' title='bbox 1228 3142 1452 3212; x_wconf 66' lang='grc' dir='ltr'><strong>Πνιῦμα</strong></span> <span class='ocrx_word' id='word_1_512' title='bbox 1502 3144 1563 3196; x_wconf 64' lang='grc' dir='ltr'><strong>τὸ</strong></span> <span class='ocrx_word' id='word_1_513' title='bbox 1612 3144 1789 3215; x_wconf 77' lang='grc' dir='ltr'><strong>ἅγιον,</strong></span> <span class='ocrx_word' id='word_1_514' title='bbox 1834 3148 1925 3198; x_wconf 77' lang='grc' dir='ltr'><strong>καὶ</strong></span> 
     </span>
    </p>
   </div>
   <div class='ocr_carea' id='block_1_63' title="bbox 2032 3142 3622 3238">
    <p class='ocr_par' dir='ltr' id='par_1_63' title="bbox 2037 3149 3622 3217">
     <span class='ocr_line' id='line_1_63' title="bbox 2037 3149 3622 3217; baseline 0.002 -12"><span class='ocrx_word' id='word_1_515' title='bbox 2037 3149 2133 3205; x_wconf 86' lang='lat' dir='ltr'><strong>Dei</strong></span> <span class='ocrx_word' id='word_1_516' title='bbox 2168 3149 2439 3213; x_wconf 80' lang='lat' dir='ltr'><strong>Verbum,</strong></span> <span class='ocrx_word' id='word_1_517' title='bbox 2481 3167 2548 3204; x_wconf 78' lang='lat' dir='ltr'><strong>ex</strong></span> <span class='ocrx_word' id='word_1_518' title='bbox 2590 3149 2778 3204; x_wconf 80' lang='lat' dir='ltr'><strong>divina</strong></span> <span class='ocrx_word' id='word_1_519' title='bbox 2821 3150 3155 3217; x_wconf 79' lang='lat' dir='ltr'><strong>substantia,</strong></span> <span class='ocrx_word' id='word_1_520' title='bbox 3188 3151 3481 3207; x_wconf 81' lang='lat' dir='ltr'><strong>anathema</strong></span> <span class='ocrx_word' id='word_1_521' title='bbox 3525 3152 3622 3208; x_wconf 78' lang='lat' dir='ltr'><strong>sit.</strong></span> 
     </span>
    </p>
   </div>
   <div class='ocr_carea' id='block_1_64' title="bbox 333 3234 1927 3307">
    <p class='ocr_par' dir='ltr' id='par_1_64' title="bbox 333 3234 1927 3307">
     <span class='ocr_line' id='line_1_64' title="bbox 333 3234 1927 3307; baseline -0.002 -12"><span class='ocrx_word' id='word_1_522' title='bbox 333 3243 514 3295; x_wconf 79' lang='grc' dir='ltr'><strong>πάντα</strong></span> <span class='ocrx_word' id='word_1_523' title='bbox 559 3239 760 3293; x_wconf 76' lang='grc' dir='ltr'><strong>εἰδέναι</strong></span> <span class='ocrx_word' id='word_1_524' title='bbox 810 3238 909 3291; x_wconf 67' lang='grc' dir='ltr'><strong>καὶ</strong></span> <span class='ocrx_word' id='word_1_525' title='bbox 938 3234 1217 3306; x_wconf 74' lang='grc' dir='ltr'><strong>πανταχοῦ</strong></span> <span class='ocrx_word' id='word_1_526' title='bbox 1259 3240 1541 3307; x_wconf 84' lang='grc' dir='ltr'><strong>παρεῖναι,</strong></span> <span class='ocrx_word' id='word_1_527' title='bbox 1585 3238 1662 3302; x_wconf 85' lang='grc' dir='ltr'><strong>ὠς</strong></span> <span class='ocrx_word' id='word_1_528' title='bbox 1704 3241 1798 3293; x_wconf 71' lang='grc' dir='ltr'><strong>καὶ</strong></span> <span class='ocrx_word' id='word_1_529' title='bbox 1836 3243 1927 3292; x_wconf 59' lang='grc' dir='ltr'><strong>τὴν</strong></span> 
     </span>
    </p>
   </div>
   <div class='ocr_carea' id='block_1_65' title="bbox 330 3332 1928 3406">
    <p class='ocr_par' dir='ltr' id='par_1_65' title="bbox 330 3332 1928 3406">
     <span class='ocr_line' id='line_1_65' title="bbox 330 3332 1928 3406; baseline -0.002 -15"><span class='ocrx_word' id='word_1_530' title='bbox 330 3335 465 3391; x_wconf 82' lang='grc' dir='ltr'><strong>Υίὸν</strong></span> <span class='ocrx_word' id='word_1_531' title='bbox 491 3335 587 3390; x_wconf 73' lang='grc' dir='ltr'><strong>καὶ</strong></span> <span class='ocrx_word' id='word_1_532' title='bbox 616 3336 709 3389; x_wconf 71' lang='grc' dir='ltr'><strong>τὸν</strong></span> <span class='ocrx_word' id='word_1_533' title='bbox 743 3333 988 3406; x_wconf 75' lang='grc' dir='ltr'><strong>Πατέρα,</strong></span> <span class='ocrx_word' id='word_1_534' title='bbox 1020 3333 1277 3404; x_wconf 76' lang='grc' dir='ltr'><strong>ἀνάθεμα</strong></span> <span class='ocrx_word' id='word_1_535' title='bbox 1304 3334 1465 3389; x_wconf 71' lang='grc' dir='ltr'><strong>ἔστω.</strong></span> <span class='ocrx_word' id='word_1_536' title='bbox 1490 3332 1554 3387; x_wconf 75' lang='grc' dir='ltr'><strong>Εἴ</strong></span> <span class='ocrx_word' id='word_1_537' title='bbox 1577 3351 1661 3400; x_wconf 81' lang='grc' dir='ltr'><strong>τις</strong></span> <span class='ocrx_word' id='word_1_538' title='bbox 1694 3337 1838 3390; x_wconf 69' lang='grc' dir='ltr'><strong>εἴποι</strong></span> <span class='ocrx_word' id='word_1_539' title='bbox 1866 3335 1928 3389; x_wconf 84' lang='grc' dir='ltr'><strong>τδ</strong></span> 
     </span>
    </p>
   </div>
   <div class='ocr_carea' id='block_1_66' title="bbox 335 3428 1923 3503">
    <p class='ocr_par' dir='ltr' id='par_1_66' title="bbox 335 3428 1923 3503">
     <span class='ocr_line' id='line_1_66' title="bbox 335 3428 1923 3503; baseline -0.003 -16"><span class='ocrx_word' id='word_1_540' title='bbox 335 3432 564 3503; x_wconf 84' lang='grc' dir='ltr'><strong>Πνεῦμα</strong></span> <span class='ocrx_word' id='word_1_541' title='bbox 584 3432 646 3486; x_wconf 80' lang='grc' dir='ltr'><strong>τὸ</strong></span> <span class='ocrx_word' id='word_1_542' title='bbox 672 3430 831 3500; x_wconf 77' lang='grc' dir='ltr'><strong>ἀγιον</strong></span> <span class='ocrx_word' id='word_1_543' title='bbox 850 3431 1087 3502; x_wconf 70' lang='grc' dir='ltr'><strong>ποίημα,</strong></span> <span class='ocrx_word' id='word_1_544' title='bbox 1117 3430 1151 3502; x_wconf 78' lang='grc' dir='ltr'>ἢ</span> <span class='ocrx_word' id='word_1_545' title='bbox 1175 3430 1268 3484; x_wconf 70' lang='grc' dir='ltr'><strong>διὰ</strong></span> <span class='ocrx_word' id='word_1_546' title='bbox 1288 3428 1381 3484; x_wconf 81' lang='grc' dir='ltr'><strong>τοῦ</strong></span> <span class='ocrx_word' id='word_1_547' title='bbox 1410 3430 1540 3484; x_wconf 81' lang='grc' dir='ltr'><strong>Υίοῦ</strong></span> <span class='ocrx_word' id='word_1_548' title='bbox 1570 3431 1923 3501; x_wconf 79' lang='grc' dir='ltr'><strong>γεγενῆσθαι,</strong></span> 
     </span>
    </p>
   </div>
   <div class='ocr_carea' id='block_1_67' title="bbox 333 3524 1926 3597">
    <p class='ocr_par' dir='ltr' id='par_1_67' title="bbox 333 3524 1926 3597">
     <span class='ocr_line' id='line_1_67' title="bbox 333 3524 1926 3597; baseline -0.002 -15"><span class='ocrx_word' id='word_1_549' title='bbox 333 3527 585 3597; x_wconf 74' lang='grc' dir='ltr'><strong>ἀνάθεμα</strong></span> <span class='ocrx_word' id='word_1_550' title='bbox 613 3527 775 3583; x_wconf 75' lang='grc' dir='ltr'><strong>ἔστω.</strong></span> <span class='ocrx_word' id='word_1_551' title='bbox 810 3526 876 3579; x_wconf 81' lang='lat' dir='ltr'><strong>Ei</strong></span> <span class='ocrx_word' id='word_1_552' title='bbox 920 3542 1005 3587; x_wconf 86' lang='grc' dir='ltr'><strong>τις</strong></span> <span class='ocrx_word' id='word_1_553' title='bbox 1053 3525 1131 3596; x_wconf 78' lang='grc' dir='ltr'><strong>μὴ</strong></span> <span class='ocrx_word' id='word_1_554' title='bbox 1164 3524 1297 3596; x_wconf 70' lang='grc' dir='ltr'><strong>εῐπῃ</strong></span> <span class='ocrx_word' id='word_1_555' title='bbox 1332 3524 1510 3578; x_wconf 77' lang='grc' dir='ltr'><strong>πάντα</strong></span> <span class='ocrx_word' id='word_1_556' title='bbox 1539 3524 1626 3580; x_wconf 72' lang='grc' dir='ltr'><strong>διὰ</strong></span> <span class='ocrx_word' id='word_1_557' title='bbox 1657 3524 1752 3579; x_wconf 86' lang='grc' dir='ltr'><strong>τοῦ</strong></span> <span class='ocrx_word' id='word_1_558' title='bbox 1788 3526 1926 3579; x_wconf 80' lang='grc' dir='ltr'><strong>Υἱοῦ</strong></span> 
     </span>
    </p>
   </div>
   <div class='ocr_carea' id='block_1_68' title="bbox 334 3618 1924 3691">
    <p class='ocr_par' dir='ltr' id='par_1_68' title="bbox 334 3618 1924 3691">
     <span class='ocr_line' id='line_1_68' title="bbox 334 3618 1924 3691; baseline -0.002 -15"><span class='ocrx_word' id='word_1_559' title='bbox 334 3620 433 3676; x_wconf 78' lang='grc' dir='ltr'><strong>καὶ</strong></span> <span class='ocrx_word' id='word_1_560' title='bbox 461 3620 558 3674; x_wconf 90' lang='grc' dir='ltr'><strong>τοῦ</strong></span> <span class='ocrx_word' id='word_1_561' title='bbox 590 3620 749 3690; x_wconf 87' lang='grc' dir='ltr'><strong>ἁγίου</strong></span> <span class='ocrx_word' id='word_1_562' title='bbox 790 3618 1116 3689; x_wconf 76' lang='grc' dir='ltr'><strong>Πνεῦματος</strong></span> <span class='ocrx_word' id='word_1_563' title='bbox 1142 3619 1236 3672; x_wconf 79' lang='grc' dir='ltr'><strong>τὸν</strong></span> <span class='ocrx_word' id='word_1_564' title='bbox 1282 3620 1505 3691; x_wconf 80' lang='grc' dir='ltr'><strong>Πατέρα</strong></span> <span class='ocrx_word' id='word_1_565' title='bbox 1539 3621 1924 3687; x_wconf 69' lang='grc' dir='ltr'><strong>πεποιηκέναι,</strong></span> 
     </span>
    </p>
   </div>
   <div class='ocr_carea' id='block_1_69' title="bbox 331 3711 1933 3783">
    <p class='ocr_par' dir='ltr' id='par_1_69' title="bbox 331 3711 1933 3783">
     <span class='ocr_line' id='line_1_69' title="bbox 331 3711 1933 3783; baseline -0.002 -14"><span class='ocrx_word' id='word_1_566' title='bbox 331 3714 590 3769; x_wconf 77' lang='grc' dir='ltr'><strong>τουτέστι</strong></span> <span class='ocrx_word' id='word_1_567' title='bbox 617 3714 687 3768; x_wconf 84' lang='grc' dir='ltr'><strong>τά</strong></span> <span class='ocrx_word' id='word_1_568' title='bbox 720 3712 893 3783; x_wconf 75' lang='grc' dir='ltr'><strong>ὀρατὰ</strong></span> <span class='ocrx_word' id='word_1_569' title='bbox 928 3711 1022 3766; x_wconf 75' lang='grc' dir='ltr'><strong>καὶ</strong></span> <span class='ocrx_word' id='word_1_570' title='bbox 1046 3714 1114 3768; x_wconf 85' lang='grc' dir='ltr'><strong>τὰ</strong></span> <span class='ocrx_word' id='word_1_571' title='bbox 1135 3712 1367 3783; x_wconf 72' lang='grc' dir='ltr'><strong>ἀόρατα,</strong></span> <span class='ocrx_word' id='word_1_572' title='bbox 1400 3711 1649 3783; x_wconf 67' lang='grc' dir='ltr'><strong>ἀνάθεμα</strong></span> <span class='ocrx_word' id='word_1_573' title='bbox 1673 3712 1834 3767; x_wconf 81' lang='grc' dir='ltr'><strong>ἔστω.</strong></span> <span class='ocrx_word' id='word_1_574' title='bbox 1867 3713 1933 3766; x_wconf 74' lang='grc' dir='ltr'>Εἰ</span> 
     </span>
    </p>
   </div>
   <div class='ocr_carea' id='block_1_70' title="bbox 333 3803 1927 3881">
    <p class='ocr_par' dir='ltr' id='par_1_70' title="bbox 333 3803 1927 3881">
     <span class='ocr_line' id='line_1_70' title="bbox 333 3803 1927 3881; baseline -0.003 -17"><span class='ocrx_word' id='word_1_575' title='bbox 333 3825 422 3873; x_wconf 85' lang='grc' dir='ltr'><strong>τις</strong></span> <span class='ocrx_word' id='word_1_576' title='bbox 446 3807 524 3880; x_wconf 78' lang='grc' dir='ltr'><strong>μὴ</strong></span> <span class='ocrx_word' id='word_1_577' title='bbox 553 3810 687 3881; x_wconf 73' lang='grc' dir='ltr'><strong>εἴπῃ</strong></span> <span class='ocrx_word' id='word_1_578' title='bbox 715 3804 812 3863; x_wconf 80' lang='grc' dir='ltr'><strong>τοῦ</strong></span> <span class='ocrx_word' id='word_1_579' title='bbox 849 3805 1062 3875; x_wconf 77' lang='grc' dir='ltr'><strong>Πατρδς</strong></span> <span class='ocrx_word' id='word_1_580' title='bbox 1092 3804 1189 3858; x_wconf 74' lang='grc' dir='ltr'><strong>καὶ</strong></span> <span class='ocrx_word' id='word_1_581' title='bbox 1223 3803 1320 3859; x_wconf 89' lang='grc' dir='ltr'><strong>τοῦ</strong></span> <span class='ocrx_word' id='word_1_582' title='bbox 1362 3804 1494 3859; x_wconf 81' lang='grc' dir='ltr'><strong>Υἱοῦ</strong></span> <span class='ocrx_word' id='word_1_583' title='bbox 1525 3807 1619 3858; x_wconf 74' lang='grc' dir='ltr'><strong>καὶ</strong></span> <span class='ocrx_word' id='word_1_584' title='bbox 1640 3805 1730 3860; x_wconf 88' lang='grc' dir='ltr'><strong>τοῦ</strong></span> <span class='ocrx_word' id='word_1_585' title='bbox 1766 3806 1927 3875; x_wconf 85' lang='grc' dir='ltr'><strong>ἁγίου</strong></span> 
     </span>
    </p>
   </div>
   <div class='ocr_carea' id='block_1_71' title="bbox 334 3898 1929 3973">
    <p class='ocr_par' dir='ltr' id='par_1_71' title="bbox 334 3898 1929 3973">
     <span class='ocr_line' id='line_1_71' title="bbox 334 3898 1929 3973; baseline -0.003 -16"><span class='ocrx_word' id='word_1_586' title='bbox 334 3902 649 3973; x_wconf 80' lang='grc' dir='ltr'><strong>Πνεύμντος</strong></span> <span class='ocrx_word' id='word_1_587' title='bbox 684 3900 819 3970; x_wconf 77' lang='grc' dir='ltr'><strong>μίαν</strong></span> <span class='ocrx_word' id='word_1_588' title='bbox 852 3898 1084 3970; x_wconf 76' lang='grc' dir='ltr'><strong>θεότητα</strong></span> <span class='ocrx_word' id='word_1_589' title='bbox 1111 3937 1128 3964; x_wconf 90' lang='grc'><strong>,</strong></span> <span class='ocrx_word' id='word_1_590' title='bbox 1156 3898 1427 3965; x_wconf 64' lang='grc' dir='ltr'><strong>ἐξουσίαν,</strong></span> <span class='ocrx_word' id='word_1_591' title='bbox 1458 3898 1735 3971; x_wconf 66' lang='grc' dir='ltr'><strong>θειότητι,</strong></span> <span class='ocrx_word' id='word_1_592' title='bbox 1768 3900 1929 3955; x_wconf 88' lang='grc' dir='ltr'><strong>δυνα-</strong></span> 
     </span>
    </p>
   </div>
   <div class='ocr_carea' id='block_1_72' title="bbox 334 3994 1928 4066">
    <p class='ocr_par' dir='ltr' id='par_1_72' title="bbox 334 3994 1928 4066">
     <span class='ocr_line' id='line_1_72' title="bbox 334 3994 1928 4066; baseline -0.003 -14"><span class='ocrx_word' id='word_1_593' title='bbox 334 3997 542 4064; x_wconf 80' lang='grc' dir='ltr'><strong>στείαν,</strong></span> <span class='ocrx_word' id='word_1_594' title='bbox 574 3995 707 4066; x_wconf 87' lang='grc' dir='ltr'><strong>μίαν</strong></span> <span class='ocrx_word' id='word_1_595' title='bbox 734 3994 917 4059; x_wconf 63' lang='grc' dir='ltr'><strong>δόξαν,</strong></span> <span class='ocrx_word' id='word_1_596' title='bbox 948 3996 1270 4065; x_wconf 79' lang='grc' dir='ltr'><strong>κυριότητα,</strong></span> <span class='ocrx_word' id='word_1_597' title='bbox 1295 3994 1427 4064; x_wconf 81' lang='grc' dir='ltr'><strong>μίαν</strong></span> <span class='ocrx_word' id='word_1_598' title='bbox 1462 3994 1765 4065; x_wconf 66' lang='grc' dir='ltr'><strong>βασιλείαν,</strong></span> <span class='ocrx_word' id='word_1_599' title='bbox 1797 3996 1928 4063; x_wconf 85' lang='grc' dir='ltr'><strong>μίαν</strong></span> 
     </span>
    </p>
   </div>
   <div class='ocr_carea' id='block_1_73' title="bbox 334 4083 1930 4162">
    <p class='ocr_par' dir='ltr' id='par_1_73' title="bbox 334 4083 1930 4162">
     <span class='ocr_line' id='line_1_73' title="bbox 334 4083 1930 4162; baseline -0.004 -17"><span class='ocrx_word' id='word_1_600' title='bbox 334 4090 578 4162; x_wconf 78' lang='grc' dir='ltr'><strong>θέλησιν,</strong></span> <span class='ocrx_word' id='word_1_601' title='bbox 614 4089 711 4145; x_wconf 70' lang='grc' dir='ltr'><strong>καὶ</strong></span> <span class='ocrx_word' id='word_1_602' title='bbox 758 4087 1045 4159; x_wconf 70' lang='grc' dir='ltr'><strong>ἀλήθειαν,</strong></span> <span class='ocrx_word' id='word_1_603' title='bbox 1095 4085 1350 4156; x_wconf 79' lang='grc' dir='ltr'><strong>ἀνάθεμα</strong></span> <span class='ocrx_word' id='word_1_604' title='bbox 1384 4083 1543 4140; x_wconf 74' lang='grc' dir='ltr'><strong>ἔστω.</strong></span> <span class='ocrx_word' id='word_1_605' title='bbox 1596 4085 1667 4141; x_wconf 80' lang='grc' dir='ltr'><strong>Εἰ</strong></span> <span class='ocrx_word' id='word_1_606' title='bbox 1686 4102 1773 4148; x_wconf 87' lang='grc' dir='ltr'><strong>τις</strong></span> <span class='ocrx_word' id='word_1_607' title='bbox 1799 4087 1930 4157; x_wconf 85' lang='grc' dir='ltr'><strong>τρία</strong></span> 
     </span>
    </p>
   </div>
   <div class='ocr_carea' id='block_1_74' title="bbox 333 4177 1929 4255">
    <p class='ocr_par' dir='ltr' id='par_1_74' title="bbox 333 4177 1929 4255">
     <span class='ocr_line' id='line_1_74' title="bbox 333 4177 1929 4255; baseline -0.004 -17"><span class='ocrx_word' id='word_1_608' title='bbox 333 4183 609 4253; x_wconf 81' lang='grc' dir='ltr'><strong>πρόσωπα</strong></span> <span class='ocrx_word' id='word_1_609' title='bbox 643 4182 719 4254; x_wconf 82' lang='grc' dir='ltr'><strong>μὴ</strong></span> <span class='ocrx_word' id='word_1_610' title='bbox 750 4180 882 4255; x_wconf 73' lang='grc' dir='ltr'><strong>εἴπῃ</strong></span> <span class='ocrx_word' id='word_1_611' title='bbox 917 4178 1149 4250; x_wconf 76' lang='grc' dir='ltr'><strong>ἀληθινά</strong></span> <span class='ocrx_word' id='word_1_612' title='bbox 1176 4179 1270 4232; x_wconf 88' lang='grc' dir='ltr'><strong>τοῦ</strong></span> <span class='ocrx_word' id='word_1_613' title='bbox 1299 4179 1514 4250; x_wconf 69' lang='grc' dir='ltr'><strong>[πατρὸς</strong></span> <span class='ocrx_word' id='word_1_614' title='bbox 1543 4179 1640 4233; x_wconf 81' lang='grc' dir='ltr'><strong>καὶ</strong></span> <span class='ocrx_word' id='word_1_615' title='bbox 1668 4177 1765 4233; x_wconf 81' lang='grc' dir='ltr'><strong>τοῦ</strong></span> <span class='ocrx_word' id='word_1_616' title='bbox 1797 4179 1929 4233; x_wconf 75' lang='grc' dir='ltr'><strong>Υίοῦ</strong></span> 
     </span>
    </p>
   </div>
   <div class='ocr_carea' id='block_1_75' title="bbox 334 4270 1930 4343">
    <p class='ocr_par' dir='ltr' id='par_1_75' title="bbox 334 4270 1930 4343">
     <span class='ocr_line' id='line_1_75' title="bbox 334 4270 1930 4343; baseline -0.003 -13"><span class='ocrx_word' id='word_1_617' title='bbox 334 4278 433 4330; x_wconf 81' lang='grc' dir='ltr'><strong>καὶ</strong></span> <span class='ocrx_word' id='word_1_618' title='bbox 462 4274 559 4330; x_wconf 81' lang='grc' dir='ltr'><strong>τοῦ</strong></span> <span class='ocrx_word' id='word_1_619' title='bbox 596 4273 762 4343; x_wconf 86' lang='grc' dir='ltr'><strong>ἁγίου</strong></span> <span class='ocrx_word' id='word_1_620' title='bbox 796 4271 1139 4342; x_wconf 81' lang='grc' dir='ltr'><strong>ῐινεύματος,</strong></span> <span class='ocrx_word' id='word_1_621' title='bbox 1169 4272 1284 4336; x_wconf 75' lang='grc' dir='ltr'><strong>ἶσα,</strong></span> <span class='ocrx_word' id='word_1_622' title='bbox 1315 4270 1405 4324; x_wconf 78' lang='grc' dir='ltr'><strong>ἀεὶ</strong></span> <span class='ocrx_word' id='word_1_623' title='bbox 1437 4271 1639 4337; x_wconf 80' lang='grc' dir='ltr'><strong>ζῶντα,</strong></span> <span class='ocrx_word' id='word_1_624' title='bbox 1661 4272 1729 4326; x_wconf 87' lang='grc' dir='ltr'><strong>τά</strong></span> <span class='ocrx_word' id='word_1_625' title='bbox 1750 4274 1930 4328; x_wconf 73' lang='grc' dir='ltr'><strong>πάντα</strong></span> 
     </span>
    </p>
   </div>
   <div class='ocr_carea' id='block_1_76' title="bbox 334 4364 1927 4439">
    <p class='ocr_par' dir='ltr' id='par_1_76' title="bbox 334 4364 1927 4439">
     <span class='ocr_line' id='line_1_76' title="bbox 334 4364 1927 4439; baseline -0.003 -16"><span class='ocrx_word' id='word_1_626' title='bbox 334 4370 636 4439; x_wconf 79' lang='grc' dir='ltr'><strong>κατέχοντα</strong></span> <span class='ocrx_word' id='word_1_627' title='bbox 671 4365 738 4420; x_wconf 58' lang='lat' dir='ltr'><strong>ta</strong></span> <span class='ocrx_word' id='word_1_628' title='bbox 769 4365 943 4435; x_wconf 79' lang='grc' dir='ltr'><strong>ὀρατὰ</strong></span> <span class='ocrx_word' id='word_1_629' title='bbox 972 4367 1064 4418; x_wconf 78' lang='grc' dir='ltr'><strong>καὶ</strong></span> <span class='ocrx_word' id='word_1_630' title='bbox 1081 4364 1149 4418; x_wconf 87' lang='grc' dir='ltr'><strong>τὰ</strong></span> <span class='ocrx_word' id='word_1_631' title='bbox 1176 4365 1409 4434; x_wconf 80' lang='grc' dir='ltr'><strong>ἀόρατα,</strong></span> <span class='ocrx_word' id='word_1_632' title='bbox 1436 4366 1614 4419; x_wconf 78' lang='grc' dir='ltr'><strong>πάντα</strong></span> <span class='ocrx_word' id='word_1_633' title='bbox 1629 4365 1927 4436; x_wconf 74' lang='grc' dir='ltr'><strong>δυνάμενα,</strong></span> 
     </span>
    </p>
   </div>
   <div class='ocr_carea' id='block_1_77' title="bbox 334 4452 1932 4528">
    <p class='ocr_par' dir='ltr' id='par_1_77' title="bbox 334 4452 1932 4528">
     <span class='ocr_line' id='line_1_77' title="bbox 334 4452 1932 4528; baseline -0.001 -17"><span class='ocrx_word' id='word_1_634' title='bbox 334 4460 519 4513; x_wconf 73' lang='grc' dir='ltr'><strong>πάντα</strong></span> <span class='ocrx_word' id='word_1_635' title='bbox 541 4457 820 4528; x_wconf 88' lang='grc' dir='ltr'><strong>κρίνοντα,</strong></span> <span class='ocrx_word' id='word_1_636' title='bbox 836 4456 1015 4508; x_wconf 76' lang='grc' dir='ltr'><strong>πάντα</strong></span> <span class='ocrx_word' id='word_1_637' title='bbox 1045 4452 1443 4519; x_wconf 73' lang='grc' dir='ltr'><strong>ζωοποιοῦντα,</strong></span> <span class='ocrx_word' id='word_1_638' title='bbox 1471 4456 1649 4509; x_wconf 77' lang='grc' dir='ltr'><strong>πάντα</strong></span> <span class='ocrx_word' id='word_1_639' title='bbox 1667 4456 1932 4526; x_wconf 76' lang='grc' dir='ltr'><strong>δημιουρ-</strong></span> 
     </span>
    </p>
   </div>
   <div class='ocr_carea' id='block_1_78' title="bbox 2038 3242 3626 3315">
    <p class='ocr_par' dir='ltr' id='par_1_78' title="bbox 2038 3242 3626 3315">
     <span class='ocr_line' id='line_1_78' title="bbox 2038 3242 3626 3315; baseline 0 -15"><span class='ocrx_word' id='word_1_640' title='bbox 2038 3244 2097 3300; x_wconf 87' lang='lat' dir='ltr'><strong>Si</strong></span> <span class='ocrx_word' id='word_1_641' title='bbox 2128 3242 2255 3314; x_wconf 85' lang='lat' dir='ltr'><strong>quis</strong></span> <span class='ocrx_word' id='word_1_642' title='bbox 2281 3242 2455 3309; x_wconf 83' lang='lat' dir='ltr'><strong>dicat,</strong></span> <span class='ocrx_word' id='word_1_643' title='bbox 2488 3244 2757 3314; x_wconf 73' lang='lat' dir='ltr'><strong>Spiritum</strong></span> <span class='ocrx_word' id='word_1_644' title='bbox 2790 3254 3043 3301; x_wconf 87' lang='lat' dir='ltr'><strong>sanctum</strong></span> <span class='ocrx_word' id='word_1_645' title='bbox 3080 3261 3190 3299; x_wconf 90' lang='lat' dir='ltr'><strong>non</strong></span> <span class='ocrx_word' id='word_1_646' title='bbox 3220 3246 3454 3315; x_wconf 88' lang='lat' dir='ltr'><strong>perinde</strong></span> <span class='ocrx_word' id='word_1_647' title='bbox 3504 3261 3626 3301; x_wconf 83' lang='lat' dir='ltr'><strong>om-</strong></span> 
     </span>
    </p>
   </div>
   <div class='ocr_carea' id='block_1_79' title="bbox 2036 3335 3624 3409">
    <p class='ocr_par' dir='ltr' id='par_1_79' title="bbox 2036 3335 3624 3409">
     <span class='ocr_line' id='line_1_79' title="bbox 2036 3335 3624 3409; baseline 0.003 -20"><span class='ocrx_word' id='word_1_648' title='bbox 2036 3335 2127 3389; x_wconf 88' lang='lat' dir='ltr'><strong>nia</strong></span> <span class='ocrx_word' id='word_1_649' title='bbox 2160 3350 2348 3407; x_wconf 80' lang='lat' dir='ltr'><strong>posse,</strong></span> <span class='ocrx_word' id='word_1_650' title='bbox 2380 3336 2565 3391; x_wconf 80' lang='lat' dir='ltr'><strong>c-tnnia</strong></span> <span class='ocrx_word' id='word_1_651' title='bbox 2595 3336 2762 3402; x_wconf 89' lang='lat' dir='ltr'><strong>scire,</strong></span> <span class='ocrx_word' id='word_1_652' title='bbox 2795 3348 2854 3394; x_wconf 87' lang='lat' dir='ltr'><strong>et</strong></span> <span class='ocrx_word' id='word_1_653' title='bbox 2886 3337 3091 3409; x_wconf 84' lang='lat' dir='ltr'><strong>ubique</strong></span> <span class='ocrx_word' id='word_1_654' title='bbox 3113 3348 3387 3393; x_wconf 86' lang='lat' dir='ltr'><strong>terrarum</strong></span> <span class='ocrx_word' id='word_1_655' title='bbox 3410 3338 3624 3404; x_wconf 72' lang='lat' dir='ltr'><strong>adesse.</strong></span> 
     </span>
    </p>
   </div>
   <div class='ocr_carea' id='block_1_80' title="bbox 2040 3427 3624 3500">
    <p class='ocr_par' dir='ltr' id='par_1_80' title="bbox 2040 3427 3624 3500">
     <span class='ocr_line' id='line_1_80' title="bbox 2040 3427 3624 3500; baseline 0.003 -19"><span class='ocrx_word' id='word_1_656' title='bbox 2040 3435 2100 3481; x_wconf 93' lang='lat' dir='ltr'><strong>ut</strong></span> <span class='ocrx_word' id='word_1_657' title='bbox 2128 3427 2345 3483; x_wconf 85' lang='lat' dir='ltr'><strong>Patrem</strong></span> <span class='ocrx_word' id='word_1_658' title='bbox 2380 3443 2436 3483; x_wconf 85' lang='lat' dir='ltr'><strong>et</strong></span> <span class='ocrx_word' id='word_1_659' title='bbox 2465 3427 2686 3492; x_wconf 77' lang='lat' dir='ltr'><strong>Filium,</strong></span> <span class='ocrx_word' id='word_1_660' title='bbox 2716 3429 3008 3486; x_wconf 85' lang='lat' dir='ltr'><strong>anathema</strong></span> <span class='ocrx_word' id='word_1_661' title='bbox 3041 3430 3132 3486; x_wconf 86' lang='lat' dir='ltr'><strong>sit.</strong></span> <span class='ocrx_word' id='word_1_662' title='bbox 3169 3429 3226 3485; x_wconf 87' lang='lat' dir='ltr'><strong>Si</strong></span> <span class='ocrx_word' id='word_1_663' title='bbox 3294 3430 3422 3500; x_wconf 86' lang='lat' dir='ltr'><strong>quis</strong></span> <span class='ocrx_word' id='word_1_664' title='bbox 3454 3430 3624 3495; x_wconf 83' lang='lat' dir='ltr'><strong>dicat,</strong></span> 
     </span>
    </p>
   </div>
   <div class='ocr_carea' id='block_1_81' title="bbox 2037 3518 3628 3594">
    <p class='ocr_par' dir='ltr' id='par_1_81' title="bbox 2037 3518 3628 3594">
     <span class='ocr_line' id='line_1_81' title="bbox 2037 3518 3628 3594; baseline 0.001 -19"><span class='ocrx_word' id='word_1_665' title='bbox 2037 3518 2303 3591; x_wconf 89' lang='lat' dir='ltr'><strong>Spiritum</strong></span> <span class='ocrx_word' id='word_1_666' title='bbox 2321 3532 2572 3576; x_wconf 88' lang='lat' dir='ltr'><strong>sanetum</strong></span> <span class='ocrx_word' id='word_1_667' title='bbox 2602 3533 2938 3590; x_wconf 81' lang='lat' dir='ltr'><strong>creaturam,</strong></span> <span class='ocrx_word' id='word_1_668' title='bbox 2969 3532 3176 3594; x_wconf 85' lang='lat' dir='ltr'><strong>autper</strong></span> <span class='ocrx_word' id='word_1_669' title='bbox 3198 3520 3394 3577; x_wconf 82' lang='lat' dir='ltr'><strong>Filium</strong></span> <span class='ocrx_word' id='word_1_670' title='bbox 3422 3523 3628 3578; x_wconf 76' lang='lat' dir='ltr'><strong>factum</strong></span> 
     </span>
    </p>
   </div>
   <div class='ocr_carea' id='block_1_82' title="bbox 2039 3614 3625 3688">
    <p class='ocr_par' dir='ltr' id='par_1_82' title="bbox 2039 3614 3625 3688">
     <span class='ocr_line' id='line_1_82' title="bbox 2039 3614 3625 3688; baseline 0.001 -19"><span class='ocrx_word' id='word_1_671' title='bbox 2039 3629 2185 3680; x_wconf 82' lang='lat' dir='ltr'><strong>esse,</strong></span> <span class='ocrx_word' id='word_1_672' title='bbox 2213 3615 2507 3670; x_wconf 84' lang='lat' dir='ltr'><strong>anathema</strong></span> <span class='ocrx_word' id='word_1_673' title='bbox 2541 3615 2634 3670; x_wconf 90' lang='lat' dir='ltr'><strong>sit.</strong></span> <span class='ocrx_word' id='word_1_674' title='bbox 2674 3614 2731 3670; x_wconf 89' lang='lat' dir='ltr'><strong>Si</strong></span> <span class='ocrx_word' id='word_1_675' title='bbox 2762 3617 2890 3686; x_wconf 88' lang='lat' dir='ltr'><strong>quis</strong></span> <span class='ocrx_word' id='word_1_676' title='bbox 2917 3631 3029 3670; x_wconf 90' lang='lat' dir='ltr'><strong>non</strong></span> <span class='ocrx_word' id='word_1_677' title='bbox 3066 3616 3239 3683; x_wconf 86' lang='lat' dir='ltr'><strong>dicat,</strong></span> <span class='ocrx_word' id='word_1_678' title='bbox 3276 3616 3492 3671; x_wconf 80' lang='lat' dir='ltr'><strong>Patrem</strong></span> <span class='ocrx_word' id='word_1_679' title='bbox 3522 3632 3625 3688; x_wconf 90' lang='lat' dir='ltr'><strong>per</strong></span> 
     </span>
    </p>
   </div>
   <div class='ocr_carea' id='block_1_83' title="bbox 2040 3707 3626 3780">
    <p class='ocr_par' dir='ltr' id='par_1_83' title="bbox 2040 3707 3626 3780">
     <span class='ocr_line' id='line_1_83' title="bbox 2040 3707 3626 3780; baseline 0.003 -17"><span class='ocrx_word' id='word_1_680' title='bbox 2040 3707 2245 3763; x_wconf 85' lang='lat' dir='ltr'><strong>Filiqu</strong></span> <span class='ocrx_word' id='word_1_681' title='bbox 2295 3720 2486 3777; x_wconf 88' lang='lat' dir='ltr'><strong>postea</strong></span> <span class='ocrx_word' id='word_1_682' title='bbox 2533 3710 2882 3765; x_wconf 74' lang='lat' dir='ltr'><strong>inrarnatum</strong></span> <span class='ocrx_word' id='word_1_683' title='bbox 2938 3720 2997 3766; x_wconf 88' lang='lat' dir='ltr'><strong>et</strong></span> <span class='ocrx_word' id='word_1_684' title='bbox 3049 3710 3318 3780; x_wconf 84' lang='lat' dir='ltr'><strong>Spiritum</strong></span> <span class='ocrx_word' id='word_1_685' title='bbox 3370 3722 3626 3768; x_wconf 85' lang='lat' dir='ltr'><strong>sanctum</strong></span> 
     </span>
    </p>
   </div>
   <div class='ocr_carea' id='block_1_84' title="bbox 2036 3802 3632 3871">
    <p class='ocr_par' dir='ltr' id='par_1_84' title="bbox 2036 3802 3632 3871">
     <span class='ocr_line' id='line_1_84' title="bbox 2036 3802 3632 3871; baseline 0.004 -14"><span class='ocrx_word' id='word_1_686' title='bbox 2036 3816 2257 3857; x_wconf 79' lang='lat' dir='ltr'><strong>creasse</strong></span> <span class='ocrx_word' id='word_1_687' title='bbox 2275 3802 2483 3866; x_wconf 85' lang='lat' dir='ltr'><strong>omnia.</strong></span> <span class='ocrx_word' id='word_1_688' title='bbox 2508 3804 2746 3859; x_wconf 81' lang='lat' dir='ltr'><strong>visibilia</strong></span> <span class='ocrx_word' id='word_1_689' title='bbox 2771 3802 3049 3871; x_wconf 74' lang='lat' dir='ltr'><strong>videlicet,</strong></span> <span class='ocrx_word' id='word_1_690' title='bbox 3074 3816 3131 3861; x_wconf 89' lang='lat' dir='ltr'><strong>et</strong></span> <span class='ocrx_word' id='word_1_691' title='bbox 3154 3805 3477 3865; x_wconf 75' lang='lat' dir='ltr'><strong>invisibilia.</strong></span> <span class='ocrx_word' id='word_1_692' title='bbox 3498 3823 3632 3863; x_wconf 85' lang='lat' dir='ltr'><strong>ana-</strong></span> 
     </span>
    </p>
   </div>
   <div class='ocr_carea' id='block_1_85' title="bbox 2039 3892 3631 3971">
    <p class='ocr_par' dir='ltr' id='par_1_85' title="bbox 2039 3892 3631 3971">
     <span class='ocr_line' id='line_1_85' title="bbox 2039 3892 3631 3971; baseline 0.006 -23"><span class='ocrx_word' id='word_1_693' title='bbox 2039 3894 2221 3948; x_wconf 73' lang='lat' dir='ltr'><strong>t‘txema</strong></span> <span class='ocrx_word' id='word_1_694' title='bbox 2240 3892 2332 3948; x_wconf 91' lang='lat' dir='ltr'><strong>sit.</strong></span> <span class='ocrx_word' id='word_1_695' title='bbox 2356 3892 2412 3948; x_wconf 91' lang='lat' dir='ltr'><strong>Si</strong></span> <span class='ocrx_word' id='word_1_696' title='bbox 2425 3894 2555 3963; x_wconf 89' lang='lat' dir='ltr'><strong>quis</strong></span> <span class='ocrx_word' id='word_1_697' title='bbox 2572 3910 2682 3950; x_wconf 88' lang='lat' dir='ltr'><strong>non</strong></span> <span class='ocrx_word' id='word_1_698' title='bbox 2706 3895 2879 3962; x_wconf 86' lang='lat' dir='ltr'><strong>dicat,</strong></span> <span class='ocrx_word' id='word_1_699' title='bbox 2900 3897 3080 3953; x_wconf 79' lang='lat' dir='ltr'><strong>Patris</strong></span> <span class='ocrx_word' id='word_1_700' title='bbox 3094 3907 3147 3954; x_wconf 88' lang='lat' dir='ltr'><strong>et</strong></span> <span class='ocrx_word' id='word_1_701' title='bbox 3170 3898 3288 3954; x_wconf 79' lang='lat' dir='ltr'><strong>Filii</strong></span> <span class='ocrx_word' id='word_1_702' title='bbox 3307 3909 3365 3955; x_wconf 91' lang='lat' dir='ltr'><strong>et</strong></span> <span class='ocrx_word' id='word_1_703' title='bbox 3387 3900 3631 3971; x_wconf 83' lang='lat' dir='ltr'><strong>Spiritus</strong></span> 
     </span>
    </p>
   </div>
   <div class='ocr_carea' id='block_1_86' title="bbox 2036 3984 3629 4066">
    <p class='ocr_par' dir='ltr' id='par_1_86' title="bbox 2036 3984 3629 4066">
     <span class='ocr_line' id='line_1_86' title="bbox 2036 3984 3629 4066; baseline 0.008 -27"><span class='ocrx_word' id='word_1_704' title='bbox 2036 3984 2213 4040; x_wconf 86' lang='lat' dir='ltr'><strong>sancti</strong></span> <span class='ocrx_word' id='word_1_705' title='bbox 2251 4000 2416 4040; x_wconf 86' lang='lat' dir='ltr'><strong>unam</strong></span> <span class='ocrx_word' id='word_1_706' title='bbox 2441 3987 2721 4049; x_wconf 86' lang='lat' dir='ltr'><strong>deitatem.</strong></span> <span class='ocrx_word' id='word_1_707' title='bbox 2758 3998 3113 4060; x_wconf 80' lang='lat' dir='ltr'><strong>potestatem,</strong></span> <span class='ocrx_word' id='word_1_708' title='bbox 3139 3992 3506 4061; x_wconf 83' lang='lat' dir='ltr'><strong>divinitatem,</strong></span> <span class='ocrx_word' id='word_1_709' title='bbox 3529 4011 3629 4066; x_wconf 81' lang='lat' dir='ltr'><strong>po-</strong></span> 
     </span>
    </p>
   </div>
   <div class='ocr_carea' id='block_1_87' title="bbox 2039 4078 3627 4158">
    <p class='ocr_par' dir='ltr' id='par_1_87' title="bbox 2039 4078 3627 4158">
     <span class='ocr_line' id='line_1_87' title="bbox 2039 4078 3627 4158; baseline 0.008 -26"><span class='ocrx_word' id='word_1_710' title='bbox 2039 4078 2286 4147; x_wconf 85' lang='lat' dir='ltr'><strong>tentiam,</strong></span> <span class='ocrx_word' id='word_1_711' title='bbox 2326 4095 2491 4134; x_wconf 88' lang='lat' dir='ltr'><strong>unam</strong></span> <span class='ocrx_word' id='word_1_712' title='bbox 2520 4084 2778 4151; x_wconf 69' lang='lat' dir='ltr'><strong>gloriam,</strong></span> <span class='ocrx_word' id='word_1_713' title='bbox 2809 4101 2974 4140; x_wconf 87' lang='lat' dir='ltr'><strong>unam</strong></span> <span class='ocrx_word' id='word_1_714' title='bbox 3008 4087 3420 4158; x_wconf 76' lang='lat' dir='ltr'><strong>proprietatem,</strong></span> <span class='ocrx_word' id='word_1_715' title='bbox 3455 4105 3627 4145; x_wconf 89' lang='lat' dir='ltr'><strong>unum</strong></span> 
     </span>
    </p>
   </div>
   <div class='ocr_carea' id='block_1_88' title="bbox 2040 4178 3629 4245">
    <p class='ocr_par' dir='ltr' id='par_1_88' title="bbox 2040 4178 3629 4245">
     <span class='ocr_line' id='line_1_88' title="bbox 2040 4178 3629 4245; baseline 0.01 -19"><span class='ocrx_word' id='word_1_716' title='bbox 2040 4187 2293 4242; x_wconf 77' lang='lat' dir='ltr'><strong>regnum,</strong></span> <span class='ocrx_word' id='word_1_717' title='bbox 2324 4190 2488 4230; x_wconf 86' lang='lat' dir='ltr'><strong>uuam</strong></span> <span class='ocrx_word' id='word_1_718' title='bbox 2529 4178 2871 4235; x_wconf 88' lang='lat' dir='ltr'><strong>voluntatem</strong></span> <span class='ocrx_word' id='word_1_719' title='bbox 2895 4189 2950 4235; x_wconf 91' lang='lat' dir='ltr'><strong>et</strong></span> <span class='ocrx_word' id='word_1_720' title='bbox 2993 4182 3304 4245; x_wconf 86' lang='lat' dir='ltr'><strong>veritatem,</strong></span> <span class='ocrx_word' id='word_1_721' title='bbox 3333 4183 3629 4242; x_wconf 83' lang='lat' dir='ltr'><strong>anathema</strong></span> 
     </span>
    </p>
   </div>
   <div class='ocr_carea' id='block_1_89' title="bbox 2038 4266 3630 4343">
    <p class='ocr_par' dir='ltr' id='par_1_89' title="bbox 2038 4266 3630 4343">
     <span class='ocr_line' id='line_1_89' title="bbox 2038 4266 3630 4343; baseline 0.009 -23"><span class='ocrx_word' id='word_1_722' title='bbox 2038 4268 2130 4320; x_wconf 88' lang='lat' dir='ltr'><strong>sit.</strong></span> <span class='ocrx_word' id='word_1_723' title='bbox 2152 4266 2207 4321; x_wconf 89' lang='lat' dir='ltr'><strong>Si</strong></span> <span class='ocrx_word' id='word_1_724' title='bbox 2232 4268 2356 4336; x_wconf 82' lang='lat' dir='ltr'><strong>quis</strong></span> <span class='ocrx_word' id='word_1_725' title='bbox 2376 4284 2483 4323; x_wconf 90' lang='lat' dir='ltr'><strong>non</strong></span> <span class='ocrx_word' id='word_1_726' title='bbox 2508 4270 2677 4332; x_wconf 83' lang='lat' dir='ltr'><strong>dicat.</strong></span> <span class='ocrx_word' id='word_1_727' title='bbox 2704 4281 2815 4327; x_wconf 88' lang='lat' dir='ltr'><strong>tres</strong></span> <span class='ocrx_word' id='word_1_728' title='bbox 2836 4288 2961 4328; x_wconf 86' lang='lat' dir='ltr'><strong>esse</strong></span> <span class='ocrx_word' id='word_1_729' title='bbox 2988 4289 3146 4329; x_wconf 88' lang='lat' dir='ltr'><strong>veras</strong></span> <span class='ocrx_word' id='word_1_730' title='bbox 3168 4290 3432 4343; x_wconf 83' lang='lat' dir='ltr'><strong>personas</strong></span> <span class='ocrx_word' id='word_1_731' title='bbox 3451 4275 3630 4335; x_wconf 76' lang='lat' dir='ltr'><strong>Patris</strong></span> 
     </span>
    </p>
   </div>
   <div class='ocr_carea' id='block_1_90' title="bbox 2038 4357 3626 4440">
    <p class='ocr_par' dir='ltr' id='par_1_90' title="bbox 2038 4357 3626 4440">
     <span class='ocr_line' id='line_1_90' title="bbox 2038 4357 3626 4440; baseline 0.008 -28"><span class='ocrx_word' id='word_1_732' title='bbox 2038 4369 2094 4413; x_wconf 85' lang='lat' dir='ltr'><strong>et</strong></span> <span class='ocrx_word' id='word_1_733' title='bbox 2109 4357 2232 4413; x_wconf 84' lang='lat' dir='ltr'><strong>Filii</strong></span> <span class='ocrx_word' id='word_1_734' title='bbox 2264 4369 2320 4415; x_wconf 89' lang='lat' dir='ltr'><strong>et</strong></span> <span class='ocrx_word' id='word_1_735' title='bbox 2342 4360 2582 4431; x_wconf 82' lang='lat' dir='ltr'><strong>Spiritus</strong></span> <span class='ocrx_word' id='word_1_736' title='bbox 2609 4364 2809 4428; x_wconf 77' lang='lat' dir='ltr'><strong>sancti,</strong></span> <span class='ocrx_word' id='word_1_737' title='bbox 2827 4365 3088 4433; x_wconf 68' lang='lat' dir='ltr'><strong>aequales,</strong></span> <span class='ocrx_word' id='word_1_738' title='bbox 3107 4382 3328 4438; x_wconf 81' lang='lat' dir='ltr'><strong>semper</strong></span> <span class='ocrx_word' id='word_1_739' title='bbox 3356 4371 3626 4440; x_wconf 84' lang='lat' dir='ltr'><strong>viventes,</strong></span> 
     </span>
    </p>
   </div>
   <div class='ocr_carea' id='block_1_91' title="bbox 2038 4454 3628 4524">
    <p class='ocr_par' dir='ltr' id='par_1_91' title="bbox 2038 4454 3628 4524">
     <span class='ocr_line' id='line_1_91' title="bbox 2038 4454 3628 4524; baseline 0.011 -20"><span class='ocrx_word' id='word_1_740' title='bbox 2038 4454 2223 4507; x_wconf 85' lang='lat' dir='ltr'><strong>omnia</strong></span> <span class='ocrx_word' id='word_1_741' title='bbox 2252 4464 2308 4509; x_wconf 69' lang='grc' dir='ltr'><strong>ιιι</strong></span> <span class='ocrx_word' id='word_1_742' title='bbox 2335 4456 2575 4511; x_wconf 81' lang='lat' dir='ltr'><strong>visibilia</strong></span> <span class='ocrx_word' id='word_1_743' title='bbox 2608 4468 2663 4511; x_wconf 94' lang='lat' dir='ltr'><strong>et</strong></span> <span class='ocrx_word' id='word_1_744' title='bbox 2686 4458 2986 4512; x_wconf 76' lang='lat' dir='ltr'><strong>invisibilia</strong></span> <span class='ocrx_word' id='word_1_745' title='bbox 3036 4462 3403 4524; x_wconf 73' lang='lat' dir='ltr'><strong>continentes,</strong></span> <span class='ocrx_word' id='word_1_746' title='bbox 3440 4466 3628 4521; x_wconf 88' lang='lat' dir='ltr'><strong>omnia</strong></span> 
     </span>
    </p>
   </div>
   <div class='ocr_carea' id='block_1_92' title="bbox 334 4545 1925 4625">
    <p class='ocr_par' dir='ltr' id='par_1_92' title="bbox 334 4545 1925 4621">
     <span class='ocr_line' id='line_1_92' title="bbox 334 4545 1925 4621; baseline -0.002 -17"><span class='ocrx_word' id='word_1_747' title='bbox 334 4550 564 4621; x_wconf 79' lang='grc' dir='ltr'><strong>γοῦντα,</strong></span> <span class='ocrx_word' id='word_1_748' title='bbox 593 4550 774 4602; x_wconf 81' lang='grc' dir='ltr'><strong>πάντα</strong></span> <span class='ocrx_word' id='word_1_749' title='bbox 822 4547 1089 4613; x_wconf 73' lang='grc' dir='ltr'><strong>σώζοντα,</strong></span> <span class='ocrx_word' id='word_1_750' title='bbox 1136 4546 1388 4616; x_wconf 83' lang='grc' dir='ltr'><strong>ἀνάθεμα</strong></span> <span class='ocrx_word' id='word_1_751' title='bbox 1430 4545 1592 4601; x_wconf 77' lang='grc' dir='ltr'><strong>ἔστω.</strong></span> <span class='ocrx_word' id='word_1_752' title='bbox 1630 4546 1700 4603; x_wconf 77' lang='grc' dir='ltr'><strong>Εἴ</strong></span> <span class='ocrx_word' id='word_1_753' title='bbox 1733 4565 1815 4611; x_wconf 89' lang='grc' dir='ltr'><strong>τις</strong></span> <span class='ocrx_word' id='word_1_754' title='bbox 1853 4552 1925 4620; x_wconf 77' lang='grc' dir='ltr'><strong>μὴ</strong></span> 
     </span>
    </p>
   </div>
   <div class='ocr_carea' id='block_1_93' title="bbox 2032 4545 3627 4625">
    <p class='ocr_par' dir='ltr' id='par_1_93' title="bbox 2038 4548 3627 4625">
     <span class='ocr_line' id='line_1_93' title="bbox 2038 4548 3627 4625; baseline 0.011 -29"><span class='ocrx_word' id='word_1_755' title='bbox 2038 4553 2318 4613; x_wconf 83' lang='lat' dir='ltr'><strong>potentes.</strong></span> <span class='ocrx_word' id='word_1_756' title='bbox 2374 4548 2559 4603; x_wconf 85' lang='lat' dir='ltr'><strong>omnia</strong></span> <span class='ocrx_word' id='word_1_757' title='bbox 2630 4549 2970 4619; x_wconf 70' lang='lat' dir='ltr'><strong>iudicantes,</strong></span> <span class='ocrx_word' id='word_1_758' title='bbox 3022 4553 3207 4608; x_wconf 88' lang='lat' dir='ltr'><strong>omnia</strong></span> <span class='ocrx_word' id='word_1_759' title='bbox 3260 4556 3627 4625; x_wconf 77' lang='lat' dir='ltr'><strong>viviﬁcantes,</strong></span> 
     </span>
    </p>
   </div>
   <div class='ocr_carea' id='block_1_94' title="bbox 336 4638 1935 4715">
    <p class='ocr_par' dir='ltr' id='par_1_94' title="bbox 336 4638 1935 4715">
     <span class='ocr_line' id='line_1_94' title="bbox 336 4638 1935 4715; baseline 0 -20"><span class='ocrx_word' id='word_1_760' title='bbox 336 4643 471 4715; x_wconf 72' lang='grc' dir='ltr'><strong>εἴπῃ</strong></span> <span class='ocrx_word' id='word_1_761' title='bbox 507 4642 889 4713; x_wconf 67' lang='grc' dir='ltr'><strong>προσκυνητδν</strong></span> <span class='ocrx_word' id='word_1_762' title='bbox 924 4640 985 4692; x_wconf 75' lang='grc' dir='ltr'><strong>τὸ</strong></span> <span class='ocrx_word' id='word_1_763' title='bbox 1024 4638 1254 4709; x_wconf 82' lang='grc' dir='ltr'><strong>Πνεῦμα</strong></span> <span class='ocrx_word' id='word_1_764' title='bbox 1285 4640 1345 4695; x_wconf 82' lang='grc' dir='ltr'><strong>τὸ</strong></span> <span class='ocrx_word' id='word_1_765' title='bbox 1376 4641 1536 4708; x_wconf 78' lang='grc' dir='ltr'><strong>ἆγιον</strong></span> <span class='ocrx_word' id='word_1_766' title='bbox 1567 4640 1719 4711; x_wconf 73' lang='grc' dir='ltr'><strong>ποιρὰ</strong></span> <span class='ocrx_word' id='word_1_767' title='bbox 1754 4642 1935 4710; x_wconf 69' lang='grc' dir='ltr'><strong>πάσης</strong></span> 
     </span>
    </p>
   </div>
   <div class='ocr_carea' id='block_1_95' title="bbox 335 4732 1931 4803">
    <p class='ocr_par' dir='ltr' id='par_1_95' title="bbox 335 4732 1931 4803">
     <span class='ocr_line' id='line_1_95' title="bbox 335 4732 1931 4803; baseline -0.001 -13"><span class='ocrx_word' id='word_1_768' title='bbox 335 4737 439 4803; x_wconf 70' lang='grc' dir='ltr'><strong>τῆς</strong></span> <span class='ocrx_word' id='word_1_769' title='bbox 466 4737 724 4798; x_wconf 78' lang='grc' dir='ltr'><strong>κτίσεως,</strong></span> <span class='ocrx_word' id='word_1_770' title='bbox 753 4732 830 4797; x_wconf 87' lang='grc' dir='ltr'><strong>ὡς</strong></span> <span class='ocrx_word' id='word_1_771' title='bbox 862 4733 959 4786; x_wconf 78' lang='grc' dir='ltr'><strong>καὶ</strong></span> <span class='ocrx_word' id='word_1_772' title='bbox 987 4732 1078 4787; x_wconf 77' lang='grc' dir='ltr'><strong>τὸν</strong></span> <span class='ocrx_word' id='word_1_773' title='bbox 1117 4734 1238 4786; x_wconf 72' lang='grc' dir='ltr'><strong>Υἱδν</strong></span> <span class='ocrx_word' id='word_1_774' title='bbox 1273 4732 1368 4787; x_wconf 79' lang='grc' dir='ltr'><strong>καὶ</strong></span> <span class='ocrx_word' id='word_1_775' title='bbox 1394 4732 1489 4785; x_wconf 81' lang='grc' dir='ltr'><strong>τὸν</strong></span> <span class='ocrx_word' id='word_1_776' title='bbox 1522 4734 1766 4803; x_wconf 77' lang='grc' dir='ltr'><strong>Πατέρα.</strong></span> <span class='ocrx_word' id='word_1_777' title='bbox 1800 4735 1931 4788; x_wconf 81' lang='grc' dir='ltr'><strong>ἀνά-</strong></span> 
     </span>
    </p>
   </div>
   <div class='ocr_carea' id='block_1_96' title="bbox 338 4823 1935 4899">
    <p class='ocr_par' dir='ltr' id='par_1_96' title="bbox 338 4823 1935 4899">
     <span class='ocr_line' id='line_1_96' title="bbox 338 4823 1935 4899; baseline -0.002 -16"><span class='ocrx_word' id='word_1_778' title='bbox 338 4830 481 4899; x_wconf 86' lang='grc' dir='ltr'><strong>θεμα</strong></span> <span class='ocrx_word' id='word_1_779' title='bbox 510 4830 672 4883; x_wconf 76' lang='grc' dir='ltr'><strong>ἔστω.</strong></span> <span class='ocrx_word' id='word_1_780' title='bbox 701 4827 769 4881; x_wconf 82' lang='lat' dir='ltr'><strong>Ei&#39;</strong></span> <span class='ocrx_word' id='word_1_781' title='bbox 792 4844 877 4890; x_wconf 79' lang='grc' dir='ltr'><strong>τις</strong></span> <span class='ocrx_word' id='word_1_782' title='bbox 906 4828 1039 4896; x_wconf 75' lang='grc' dir='ltr'><strong>περὶ</strong></span> <span class='ocrx_word' id='word_1_783' title='bbox 1067 4825 1161 4880; x_wconf 87' lang='grc' dir='ltr'><strong>τοῦ</strong></span> <span class='ocrx_word' id='word_1_784' title='bbox 1181 4823 1396 4897; x_wconf 81' lang='grc' dir='ltr'><strong>Πατρδς</strong></span> <span class='ocrx_word' id='word_1_785' title='bbox 1422 4824 1520 4879; x_wconf 67' lang='grc' dir='ltr'><strong>καὶ</strong></span> <span class='ocrx_word' id='word_1_786' title='bbox 1540 4825 1638 4879; x_wconf 84' lang='grc' dir='ltr'><strong>τοῦ</strong></span> <span class='ocrx_word' id='word_1_787' title='bbox 1676 4825 1806 4879; x_wconf 77' lang='grc' dir='ltr'><strong>Υίοῦ</strong></span> <span class='ocrx_word' id='word_1_788' title='bbox 1835 4844 1935 4880; x_wconf 62' lang='grc' dir='ltr'><strong>καθ</strong></span> 
     </span>
    </p>
   </div>
   <div class='ocr_carea' id='block_1_97' title="bbox 337 4916 1935 4992">
    <p class='ocr_par' dir='ltr' id='par_1_97' title="bbox 337 4916 1935 4992">
     <span class='ocr_line' id='line_1_97' title="bbox 337 4916 1935 4992; baseline -0.003 -19"><span class='ocrx_word' id='word_1_789' title='bbox 337 4922 366 4974; x_wconf 82' lang='grc' dir='ltr'>λ</span> <span class='ocrx_word' id='word_1_790' title='bbox 386 4923 447 4985; x_wconf 52' lang='grc' dir='ltr'><strong>ῖμς</strong></span> <span class='ocrx_word' id='word_1_791' title='bbox 473 4922 745 4992; x_wconf 64' lang='grc' dir='ltr'><strong>φρονήσει,</strong></span> <span class='ocrx_word' id='word_1_792' title='bbox 787 4919 918 4989; x_wconf 79' lang='grc' dir='ltr'><strong>περὶ</strong></span> <span class='ocrx_word' id='word_1_793' title='bbox 943 4918 1001 4973; x_wconf 80' lang='grc' dir='ltr'><strong>δὲ</strong></span> <span class='ocrx_word' id='word_1_794' title='bbox 1030 4916 1125 4971; x_wconf 81' lang='grc' dir='ltr'><strong>τοῦ</strong></span> <span class='ocrx_word' id='word_1_795' title='bbox 1155 4916 1315 4986; x_wconf 88' lang='grc' dir='ltr'><strong>ἁγίου</strong></span> <span class='ocrx_word' id='word_1_796' title='bbox 1357 4916 1679 4987; x_wconf 73' lang='grc' dir='ltr'><strong>Πνεῦματος</strong></span> <span class='ocrx_word' id='word_1_797' title='bbox 1712 4918 1814 4970; x_wconf 78' lang='grc' dir='ltr'><strong>οὐχ</strong></span> <span class='ocrx_word' id='word_1_798' title='bbox 1844 4918 1935 4988; x_wconf 82' lang='grc' dir='ltr'><strong>ὁρ-</strong></span> 
     </span>
    </p>
   </div>
   <div class='ocr_carea' id='block_1_98' title="bbox 338 5009 1931 5083">
    <p class='ocr_par' dir='ltr' id='par_1_98' title="bbox 338 5009 1931 5083">
     <span class='ocr_line' id='line_1_98' title="bbox 338 5009 1931 5083; baseline -0.002 -17"><span class='ocrx_word' id='word_1_799' title='bbox 338 5014 446 5078; x_wconf 77' lang='grc' dir='ltr'><strong>θῶς</strong></span> <span class='ocrx_word' id='word_1_800' title='bbox 479 5013 631 5083; x_wconf 82' lang='grc' dir='ltr'><strong>ἔχει,</strong></span> <span class='ocrx_word' id='word_1_801' title='bbox 669 5011 950 5082; x_wconf 81' lang='grc' dir='ltr'><strong>αἱρετικός</strong></span> <span class='ocrx_word' id='word_1_802' title='bbox 983 5012 1100 5064; x_wconf 81' lang='grc' dir='ltr'><strong>ἐστι</strong></span> <span class='ocrx_word' id='word_1_803' title='bbox 1129 5030 1136 5040; x_wconf 85' lang='grc'><strong>·</strong></span> <span class='ocrx_word' id='word_1_804' title='bbox 1168 5011 1254 5064; x_wconf 87' lang='grc' dir='ltr'><strong>ὄτι</strong></span> <span class='ocrx_word' id='word_1_805' title='bbox 1303 5009 1507 5073; x_wconf 69' lang='grc' dir='ltr'><strong>πάντες</strong></span> <span class='ocrx_word' id='word_1_806' title='bbox 1556 5010 1609 5064; x_wconf 80' lang='grc' dir='ltr'><strong>οἱ</strong></span> <span class='ocrx_word' id='word_1_807' title='bbox 1641 5010 1931 5082; x_wconf 74' lang='grc' dir='ltr'><strong>αἱρετικοὶ,</strong></span> 
     </span>
    </p>
   </div>
   <div class='ocr_carea' id='block_1_99' title="bbox 237 5101 1935 5177">
    <p class='ocr_par' dir='ltr' id='par_1_99' title="bbox 237 5101 1935 5177">
     <span class='ocr_line' id='line_1_99' title="bbox 237 5101 1935 5177; baseline -0.002 -16"><span class='ocrx_word' id='word_1_808' title='bbox 237 5136 245 5144; x_wconf 67' lang='grc' dir='ltr'><strong><em>ο</em></strong></span> <span class='ocrx_word' id='word_1_809' title='bbox 338 5107 469 5177; x_wconf 74' lang='grc' dir='ltr'><strong>περὶ</strong></span> <span class='ocrx_word' id='word_1_810' title='bbox 493 5105 590 5161; x_wconf 87' lang='grc' dir='ltr'><strong>τοῦ</strong></span> <span class='ocrx_word' id='word_1_811' title='bbox 619 5106 751 5160; x_wconf 82' lang='grc' dir='ltr'><strong>Υίοῦ</strong></span> <span class='ocrx_word' id='word_1_812' title='bbox 786 5104 882 5158; x_wconf 85' lang='grc' dir='ltr'><strong>τοῦ</strong></span> <span class='ocrx_word' id='word_1_813' title='bbox 898 5102 1036 5157; x_wconf 82' lang='grc' dir='ltr'><strong>Θεοῦ</strong></span> <span class='ocrx_word' id='word_1_814' title='bbox 1067 5102 1162 5157; x_wconf 77' lang='grc' dir='ltr'><strong>καὶ</strong></span> <span class='ocrx_word' id='word_1_815' title='bbox 1191 5101 1323 5175; x_wconf 80' lang='grc' dir='ltr'><strong>περὶ</strong></span> <span class='ocrx_word' id='word_1_816' title='bbox 1348 5101 1639 5170; x_wconf 80' lang='grc' dir='ltr'><strong>τοῦάγίου</strong></span> <span class='ocrx_word' id='word_1_817' title='bbox 1676 5102 1935 5172; x_wconf 76' lang='grc' dir='ltr'><strong>Πνεῦμα-</strong></span> 
     </span>
    </p>
   </div>
   <div class='ocr_carea' id='block_1_100' title="bbox 335 5193 1931 5267">
    <p class='ocr_par' dir='ltr' id='par_1_100' title="bbox 335 5193 1931 5267">
     <span class='ocr_line' id='line_1_100' title="bbox 335 5193 1931 5267; baseline -0.004 -14"><span class='ocrx_word' id='word_1_818' title='bbox 335 5217 427 5261; x_wconf 79' lang='grc' dir='ltr'><strong>τος</strong></span> <span class='ocrx_word' id='word_1_819' title='bbox 457 5197 640 5261; x_wconf 81' lang='grc' dir='ltr'><strong>κακῶς</strong></span> <span class='ocrx_word' id='word_1_820' title='bbox 675 5194 1027 5267; x_wconf 70' lang='grc' dir='ltr'><strong>φρονοῦντες,</strong></span> <span class='ocrx_word' id='word_1_821' title='bbox 1057 5195 1116 5247; x_wconf 69' lang='grc' dir='ltr'><strong>ὲν</strong></span> <span class='ocrx_word' id='word_1_822' title='bbox 1150 5196 1215 5264; x_wconf 86' lang='grc' dir='ltr'><strong>τῇ</strong></span> <span class='ocrx_word' id='word_1_823' title='bbox 1267 5193 1376 5247; x_wconf 82' lang='grc' dir='ltr'><strong>τῶν</strong></span> <span class='ocrx_word' id='word_1_824' title='bbox 1415 5193 1683 5247; x_wconf 83' lang='grc' dir='ltr'><strong>Ἰουδαίων</strong></span> <span class='ocrx_word' id='word_1_825' title='bbox 1731 5195 1826 5248; x_wconf 77' lang='grc' dir='ltr'><strong>καὶ</strong></span> <span class='ocrx_word' id='word_1_826' title='bbox 1863 5198 1931 5266; x_wconf 77' lang='grc' dir='ltr'><strong>τῇ</strong></span> 
     </span>
    </p>
   </div>
   <div class='ocr_carea' id='block_1_101' title="bbox 335 5287 1931 5359">
    <p class='ocr_par' dir='ltr' id='par_1_101' title="bbox 335 5287 1931 5359">
     <span class='ocr_line' id='line_1_101' title="bbox 335 5287 1931 5359; baseline -0.004 -12"><span class='ocrx_word' id='word_1_827' title='bbox 335 5294 447 5347; x_wconf 83' lang='grc' dir='ltr'><strong>τῶν</strong></span> <span class='ocrx_word' id='word_1_828' title='bbox 479 5290 709 5344; x_wconf 67' lang='grc' dir='ltr'><strong>ιθνικῶν</strong></span> <span class='ocrx_word' id='word_1_829' title='bbox 765 5288 999 5359; x_wconf 72' lang='grc' dir='ltr'><strong>ἀπιστία</strong></span> <span class='ocrx_word' id='word_1_830' title='bbox 1026 5288 1328 5358; x_wconf 70' lang='grc' dir='ltr'><strong>,τυγχάνειν</strong></span> <span class='ocrx_word' id='word_1_831' title='bbox 1364 5287 1701 5357; x_wconf 67' lang='grc' dir='ltr'><strong>ἐλέγχονται.</strong></span> <span class='ocrx_word' id='word_1_832' title='bbox 1757 5287 1825 5341; x_wconf 73' lang='grc' dir='ltr'><strong>Εἴ</strong></span> <span class='ocrx_word' id='word_1_833' title='bbox 1849 5304 1931 5352; x_wconf 82' lang='grc' dir='ltr'><strong>τις</strong></span> 
     </span>
    </p>
   </div>
   <div class='ocr_carea' id='block_1_102' title="bbox 335 5376 1936 5455">
    <p class='ocr_par' dir='ltr' id='par_1_102' title="bbox 335 5376 1936 5455">
     <span class='ocr_line' id='line_1_102' title="bbox 335 5376 1936 5455; baseline -0.004 -17"><span class='ocrx_word' id='word_1_834' title='bbox 335 5385 393 5438; x_wconf 71' lang='grc' dir='ltr'><strong>δὲ</strong></span> <span class='ocrx_word' id='word_1_835' title='bbox 427 5384 630 5455; x_wconf 78' lang='grc' dir='ltr'><strong>μερίσῃ</strong></span> <span class='ocrx_word' id='word_1_836' title='bbox 668 5379 923 5449; x_wconf 68' lang='grc' dir='ltr'><strong>θεότῃτα,</strong></span> <span class='ocrx_word' id='word_1_837' title='bbox 948 5380 1084 5431; x_wconf 74' lang='grc' dir='ltr'><strong>Θεὸν</strong></span> <span class='ocrx_word' id='word_1_838' title='bbox 1114 5378 1207 5430; x_wconf 68' lang='grc' dir='ltr'><strong>τὸν</strong></span> <span class='ocrx_word' id='word_1_839' title='bbox 1240 5378 1460 5448; x_wconf 81' lang='grc' dir='ltr'><strong>Πατέρα</strong></span> <span class='ocrx_word' id='word_1_840' title='bbox 1490 5376 1667 5445; x_wconf 75' lang='grc' dir='ltr'><strong>λέγων</strong></span> <span class='ocrx_word' id='word_1_841' title='bbox 1698 5379 1803 5433; x_wconf 74' lang='grc' dir='ltr'><strong>ἀνὰ</strong></span> <span class='ocrx_word' id='word_1_842' title='bbox 1838 5381 1936 5450; x_wconf 83' lang='grc' dir='ltr'><strong>μέ-</strong></span> 
     </span>
    </p>
   </div>
   <div class='ocr_carea' id='block_1_103' title="bbox 342 5468 1934 5548">
    <p class='ocr_par' dir='ltr' id='par_1_103' title="bbox 342 5468 1934 5548">
     <span class='ocr_line' id='line_1_103' title="bbox 342 5468 1934 5548; baseline -0.003 -18"><span class='ocrx_word' id='word_1_843' title='bbox 342 5492 459 5548; x_wconf 75' lang='grc' dir='ltr'><strong>ρος,</strong></span> <span class='ocrx_word' id='word_1_844' title='bbox 499 5476 595 5528; x_wconf 73' lang='grc' dir='ltr'><strong>καὶ</strong></span> <span class='ocrx_word' id='word_1_845' title='bbox 644 5472 779 5527; x_wconf 72' lang='grc' dir='ltr'><strong>Θεὸν</strong></span> <span class='ocrx_word' id='word_1_846' title='bbox 832 5471 923 5524; x_wconf 70' lang='grc' dir='ltr'><strong>τὸν</strong></span> <span class='ocrx_word' id='word_1_847' title='bbox 974 5470 1124 5530; x_wconf 62' lang='grc' dir='ltr'><strong>Υἰόν,</strong></span> <span class='ocrx_word' id='word_1_848' title='bbox 1178 5470 1276 5523; x_wconf 74' lang='grc' dir='ltr'><strong>καὶ</strong></span> <span class='ocrx_word' id='word_1_849' title='bbox 1328 5469 1463 5523; x_wconf 77' lang='grc' dir='ltr'><strong>Θεὸν</strong></span> <span class='ocrx_word' id='word_1_850' title='bbox 1490 5470 1551 5523; x_wconf 85' lang='grc' dir='ltr'><strong>τὺ</strong></span> <span class='ocrx_word' id='word_1_851' title='bbox 1587 5468 1814 5540; x_wconf 85' lang='grc' dir='ltr'><strong>Πνεῦμα</strong></span> <span class='ocrx_word' id='word_1_852' title='bbox 1873 5473 1934 5526; x_wconf 82' lang='grc' dir='ltr'><strong>τὸ</strong></span> 
     </span>
    </p>
   </div>
   <div class='ocr_carea' id='block_1_104' title="bbox 338 5562 1935 5639">
    <p class='ocr_par' dir='ltr' id='par_1_104' title="bbox 338 5562 1935 5639">
     <span class='ocr_line' id='line_1_104' title="bbox 338 5562 1935 5639; baseline -0.001 -19"><span class='ocrx_word' id='word_1_853' title='bbox 338 5572 518 5638; x_wconf 68' lang='grc' dir='ltr'><strong>ἅγιον,</strong></span> <span class='ocrx_word' id='word_1_854' title='bbox 568 5563 1045 5639; x_wconf 67' lang='grc' dir='ltr'><strong>διισχυριζόμενος</strong></span> <span class='ocrx_word' id='word_1_855' title='bbox 1100 5565 1251 5633; x_wconf 78' lang='grc' dir='ltr'><strong>τρεῖς</strong></span> <span class='ocrx_word' id='word_1_856' title='bbox 1306 5562 1477 5624; x_wconf 82' lang='grc' dir='ltr'><strong>Θεοὺς</strong></span> <span class='ocrx_word' id='word_1_857' title='bbox 1523 5562 1807 5633; x_wconf 78' lang='grc' dir='ltr'><strong>λέγεσθαι,</strong></span> <span class='ocrx_word' id='word_1_858' title='bbox 1835 5569 1935 5619; x_wconf 85' lang='grc' dir='ltr'><strong>καὶ</strong></span> 
     </span>
    </p>
   </div>
   <div class='ocr_carea' id='block_1_105' title="bbox 336 5656 1934 5733">
    <p class='ocr_par' dir='ltr' id='par_1_105' title="bbox 336 5656 1934 5733">
     <span class='ocr_line' id='line_1_105' title="bbox 336 5656 1934 5733; baseline -0.006 -15"><span class='ocrx_word' id='word_1_859' title='bbox 336 5663 464 5733; x_wconf 74' lang='grc' dir='ltr'><strong>οὐχὶ</strong></span> <span class='ocrx_word' id='word_1_860' title='bbox 509 5660 642 5732; x_wconf 85' lang='grc' dir='ltr'><strong>μίαν</strong></span> <span class='ocrx_word' id='word_1_861' title='bbox 687 5657 920 5728; x_wconf 71' lang='grc' dir='ltr'><strong>θεόττιτα</strong></span> <span class='ocrx_word' id='word_1_862' title='bbox 955 5660 1013 5711; x_wconf 73' lang='grc' dir='ltr'><strong>ὲν</strong></span> <span class='ocrx_word' id='word_1_863' title='bbox 1044 5660 1227 5727; x_wconf 77' lang='grc' dir='ltr'><strong>τρισὶν</strong></span> <span class='ocrx_word' id='word_1_864' title='bbox 1263 5656 1621 5722; x_wconf 74' lang='grc' dir='ltr'><strong>ὑποστάσεσι,</strong></span> <span class='ocrx_word' id='word_1_865' title='bbox 1672 5660 1766 5712; x_wconf 83' lang='grc' dir='ltr'><strong>καί</strong></span> <span class='ocrx_word' id='word_1_866' title='bbox 1802 5659 1934 5730; x_wconf 83' lang='grc' dir='ltr'><strong>μίαν</strong></span> 
     </span>
    </p>
   </div>
   <div class='ocr_carea' id='block_1_106' title="bbox 410 5837 1712 5915">
    <p class='ocr_par' dir='ltr' id='par_1_106' title="bbox 410 5837 1712 5915">
     <span class='ocr_line' id='line_1_106' title="bbox 410 5837 1712 5915; baseline -0.002 -18"><span class='ocrx_word' id='word_1_867' title='bbox 410 5843 489 5915; x_wconf 67' lang='lat'><strong>(‘2)</strong></span> <span class='ocrx_word' id='word_1_868' title='bbox 521 5840 780 5909; x_wconf 59' lang='lat' dir='ltr'><strong>Quiedam</strong></span> <span class='ocrx_word' id='word_1_869' title='bbox 812 5838 1146 5905; x_wconf 77' lang='lat' dir='ltr'><strong>exemplaria</strong></span> <span class='ocrx_word' id='word_1_870' title='bbox 1183 5854 1293 5896; x_wconf 88' lang='lat' dir='ltr'><strong>non</strong></span> <span class='ocrx_word' id='word_1_871' title='bbox 1324 5837 1553 5906; x_wconf 73' lang='lat' dir='ltr'><strong>habent,</strong></span> <span class='ocrx_word' id='word_1_872' title='bbox 1585 5847 1712 5894; x_wconf 72' lang='lat' dir='ltr'><strong>(res.</strong></span> 
     </span>
    </p>
   </div>
   <div class='ocr_carea' id='block_1_107' title="bbox 2038 4639 3623 4712">
    <p class='ocr_par' dir='ltr' id='par_1_107' title="bbox 2038 4639 3623 4712">
     <span class='ocr_line' id='line_1_107' title="bbox 2038 4639 3623 4712; baseline 0.01 -21"><span class='ocrx_word' id='word_1_873' title='bbox 2038 4639 2224 4691; x_wconf 91' lang='lat' dir='ltr'><strong>omnia</strong></span> <span class='ocrx_word' id='word_1_874' title='bbox 2268 4648 2549 4710; x_wconf 85' lang='lat' dir='ltr'><strong>creantes,</strong></span> <span class='ocrx_word' id='word_1_875' title='bbox 2577 4644 2761 4697; x_wconf 87' lang='lat' dir='ltr'><strong>omnia</strong></span> <span class='ocrx_word' id='word_1_876' title='bbox 2816 4654 3126 4712; x_wconf 83' lang='lat' dir='ltr'><strong>servantes,</strong></span> <span class='ocrx_word' id='word_1_877' title='bbox 3183 4649 3475 4706; x_wconf 88' lang='lat' dir='ltr'><strong>anathema</strong></span> <span class='ocrx_word' id='word_1_878' title='bbox 3530 4653 3623 4707; x_wconf 90' lang='lat' dir='ltr'><strong>sit.</strong></span> 
     </span>
    </p>
   </div>
   <div class='ocr_carea' id='block_1_108' title="bbox 2035 4731 3632 4814">
    <p class='ocr_par' dir='ltr' id='par_1_108' title="bbox 2035 4731 3632 4814">
     <span class='ocr_line' id='line_1_108' title="bbox 2035 4731 3632 4814; baseline 0.011 -30"><span class='ocrx_word' id='word_1_879' title='bbox 2035 4731 2204 4802; x_wconf 76' lang='lat'><strong>258</strong></span> <span class='ocrx_word' id='word_1_880' title='bbox 2232 4732 2289 4787; x_wconf 86' lang='lat' dir='ltr'><strong>Si</strong></span> <span class='ocrx_word' id='word_1_881' title='bbox 2325 4736 2453 4802; x_wconf 90' lang='lat' dir='ltr'><strong>quis</strong></span> <span class='ocrx_word' id='word_1_882' title='bbox 2501 4752 2609 4790; x_wconf 91' lang='lat' dir='ltr'><strong>non</strong></span> <span class='ocrx_word' id='word_1_883' title='bbox 2637 4737 2784 4793; x_wconf 89' lang='lat' dir='ltr'><strong>dicat</strong></span> <span class='ocrx_word' id='word_1_884' title='bbox 2810 4738 3077 4806; x_wconf 84' lang='lat' dir='ltr'><strong>Spiritum</strong></span> <span class='ocrx_word' id='word_1_885' title='bbox 3112 4754 3365 4797; x_wconf 75' lang='lat' dir='ltr'><strong>sanetum</strong></span> <span class='ocrx_word' id='word_1_886' title='bbox 3402 4746 3632 4814; x_wconf 85' lang='lat' dir='ltr'><strong>perinde</strong></span> 
     </span>
    </p>
   </div>
   <div class='ocr_carea' id='block_1_109' title="bbox 2037 4826 3630 4896">
    <p class='ocr_par' dir='ltr' id='par_1_109' title="bbox 2037 4826 3630 4896">
     <span class='ocr_line' id='line_1_109' title="bbox 2037 4826 3630 4896; baseline 0.011 -18"><span class='ocrx_word' id='word_1_887' title='bbox 2037 4834 2204 4896; x_wconf 89' lang='lat' dir='ltr'><strong>atque</strong></span> <span class='ocrx_word' id='word_1_888' title='bbox 2230 4826 2429 4883; x_wconf 86' lang='lat' dir='ltr'><strong>Fiiium</strong></span> <span class='ocrx_word' id='word_1_889' title='bbox 2453 4839 2510 4886; x_wconf 90' lang='lat' dir='ltr'><strong>et</strong></span> <span class='ocrx_word' id='word_1_890' title='bbox 2556 4831 2778 4887; x_wconf 88' lang='lat' dir='ltr'><strong>Patrem</strong></span> <span class='ocrx_word' id='word_1_891' title='bbox 2802 4834 2873 4890; x_wconf 86' lang='lat' dir='ltr'><strong>ab</strong></span> <span class='ocrx_word' id='word_1_892' title='bbox 2904 4835 3055 4887; x_wconf 86' lang='lat' dir='ltr'><strong>omni</strong></span> <span class='ocrx_word' id='word_1_893' title='bbox 3106 4847 3363 4893; x_wconf 79' lang='lat' dir='ltr'><strong>creatura</strong></span> <span class='ocrx_word' id='word_1_894' title='bbox 3393 4837 3630 4894; x_wconf 82' lang='lat' dir='ltr'><strong>aduran-</strong></span> 
     </span>
    </p>
   </div>
   <div class='ocr_carea' id='block_1_110' title="bbox 2037 4914 3632 4996">
    <p class='ocr_par' dir='ltr' id='par_1_110' title="bbox 2037 4914 3632 4996">
     <span class='ocr_line' id='line_1_110' title="bbox 2037 4914 3632 4996; baseline 0.011 -26"><span class='ocrx_word' id='word_1_895' title='bbox 2037 4914 2169 4970; x_wconf 87' lang='lat' dir='ltr'><strong>dum</strong></span> <span class='ocrx_word' id='word_1_896' title='bbox 2205 4933 2352 4981; x_wconf 84' lang='lat' dir='ltr'><strong>esse.</strong></span> <span class='ocrx_word' id='word_1_897' title='bbox 2381 4922 2676 4976; x_wconf 88' lang='lat' dir='ltr'><strong>anathema</strong></span> <span class='ocrx_word' id='word_1_898' title='bbox 2719 4925 2813 4980; x_wconf 89' lang='lat' dir='ltr'><strong>sit.</strong></span> <span class='ocrx_word' id='word_1_899' title='bbox 2840 4926 2895 4980; x_wconf 83' lang='lat' dir='ltr'><strong>Si</strong></span> <span class='ocrx_word' id='word_1_900' title='bbox 2934 4926 3063 4996; x_wconf 85' lang='lat' dir='ltr'><strong>quis</strong></span> <span class='ocrx_word' id='word_1_901' title='bbox 3092 4926 3161 4982; x_wconf 90' lang='lat' dir='ltr'><strong>de</strong></span> <span class='ocrx_word' id='word_1_902' title='bbox 3213 4928 3373 4984; x_wconf 84' lang='lat' dir='ltr'><strong>Patre</strong></span> <span class='ocrx_word' id='word_1_903' title='bbox 3401 4939 3458 4985; x_wconf 85' lang='lat' dir='ltr'><strong>et</strong></span> <span class='ocrx_word' id='word_1_904' title='bbox 3492 4932 3632 4987; x_wconf 82' lang='lat' dir='ltr'><strong>Filio</strong></span> 
     </span>
    </p>
   </div>
   <div class='ocr_carea' id='block_1_111' title="bbox 2048 5013 3627 5090">
    <p class='ocr_par' dir='ltr' id='par_1_111' title="bbox 2048 5013 3627 5090">
     <span class='ocr_line' id='line_1_111' title="bbox 2048 5013 3627 5090; baseline 0.011 -29"><span class='ocrx_word' id='word_1_905' title='bbox 2048 5017 2198 5063; x_wconf 82' lang='lat' dir='ltr'><strong>recte</strong></span> <span class='ocrx_word' id='word_1_906' title='bbox 2231 5013 2459 5067; x_wconf 84' lang='lat' dir='ltr'><strong>sentiat.</strong></span> <span class='ocrx_word' id='word_1_907' title='bbox 2486 5014 2554 5068; x_wconf 76' lang='lat' dir='ltr'><strong>de</strong></span> <span class='ocrx_word' id='word_1_908' title='bbox 2584 5014 2792 5085; x_wconf 86' lang='lat' dir='ltr'><strong>Spiritu</strong></span> <span class='ocrx_word' id='word_1_909' title='bbox 2821 5033 2953 5073; x_wconf 86' lang='lat' dir='ltr'><strong>vero</strong></span> <span class='ocrx_word' id='word_1_910' title='bbox 2985 5030 3182 5074; x_wconf 78' lang='lat' dir='ltr'><strong>sancto</strong></span> <span class='ocrx_word' id='word_1_911' title='bbox 3237 5019 3627 5090; x_wconf 72' lang='lat' dir='ltr'><strong>ltatlueinetur,</strong></span> 
     </span>
    </p>
   </div>
   <div class='ocr_carea' id='block_1_112' title="bbox 2040 5102 3633 5178">
    <p class='ocr_par' dir='ltr' id='par_1_112' title="bbox 2040 5102 3633 5178">
     <span class='ocr_line' id='line_1_112' title="bbox 2040 5102 3633 5178; baseline 0.006 -22"><span class='ocrx_word' id='word_1_912' title='bbox 2040 5102 2338 5159; x_wconf 67' lang='lat' dir='ltr'><strong>haereticus</strong></span> <span class='ocrx_word' id='word_1_913' title='bbox 2370 5116 2475 5161; x_wconf 90' lang='lat' dir='ltr'><strong>est.</strong></span> <span class='ocrx_word' id='word_1_914' title='bbox 2508 5108 2780 5173; x_wconf 83' lang='lat' dir='ltr'><strong>Quoniam</strong></span> <span class='ocrx_word' id='word_1_915' title='bbox 2810 5125 3005 5167; x_wconf 84' lang='lat' dir='ltr'><strong>omnes</strong></span> <span class='ocrx_word' id='word_1_916' title='bbox 3027 5113 3342 5178; x_wconf 67' lang='lat' dir='ltr'><strong>haereticos,</strong></span> <span class='ocrx_word' id='word_1_917' title='bbox 3382 5114 3453 5169; x_wconf 89' lang='lat' dir='ltr'><strong>de</strong></span> <span class='ocrx_word' id='word_1_918' title='bbox 3494 5114 3633 5172; x_wconf 78' lang='lat' dir='ltr'><strong>Filio</strong></span> 
     </span>
    </p>
   </div>
   <div class='ocr_carea' id='block_1_113' title="bbox 2041 5194 3633 5275">
    <p class='ocr_par' dir='ltr' id='par_1_113' title="bbox 2041 5194 3633 5275">
     <span class='ocr_line' id='line_1_113' title="bbox 2041 5194 3633 5275; baseline 0.013 -29"><span class='ocrx_word' id='word_1_919' title='bbox 2041 5194 2158 5258; x_wconf 88' lang='lat' dir='ltr'><strong>Dei,</strong></span> <span class='ocrx_word' id='word_1_920' title='bbox 2194 5205 2252 5252; x_wconf 90' lang='lat' dir='ltr'><strong>et</strong></span> <span class='ocrx_word' id='word_1_921' title='bbox 2285 5198 2352 5253; x_wconf 88' lang='lat' dir='ltr'><strong>de</strong></span> <span class='ocrx_word' id='word_1_922' title='bbox 2379 5198 2590 5267; x_wconf 70' lang='lat' dir='ltr'><strong>Spiritu</strong></span> <span class='ocrx_word' id='word_1_923' title='bbox 2629 5212 2823 5256; x_wconf 83' lang='lat' dir='ltr'><strong>sancto</strong></span> <span class='ocrx_word' id='word_1_924' title='bbox 2848 5220 3137 5275; x_wconf 88' lang='lat' dir='ltr'><strong>perperam</strong></span> <span class='ocrx_word' id='word_1_925' title='bbox 3188 5208 3520 5273; x_wconf 80' lang='lat' dir='ltr'><strong>sentientes,</strong></span> <span class='ocrx_word' id='word_1_926' title='bbox 3577 5208 3633 5266; x_wconf 90' lang='lat' dir='ltr'><strong>in</strong></span> 
     </span>
    </p>
   </div>
   <div class='ocr_carea' id='block_1_114' title="bbox 2036 5284 3634 5358">
    <p class='ocr_par' dir='ltr' id='par_1_114' title="bbox 2036 5284 3634 5358">
     <span class='ocr_line' id='line_1_114' title="bbox 2036 5284 3634 5358; baseline 0.011 -18"><span class='ocrx_word' id='word_1_927' title='bbox 2036 5284 2351 5344; x_wconf 76' lang='lat' dir='ltr'><strong>Judaeerum</strong></span> <span class='ocrx_word' id='word_1_928' title='bbox 2368 5293 2790 5350; x_wconf 90' lang='lat' dir='ltr'><strong>etethnicorum</strong></span> <span class='ocrx_word' id='word_1_929' title='bbox 2816 5297 3140 5353; x_wconf 74' lang='lat' dir='ltr'><strong>infidelitate</strong></span> <span class='ocrx_word' id='word_1_930' title='bbox 3168 5300 3377 5356; x_wconf 67' lang='lat' dir='ltr'><strong>haerere</strong></span> <span class='ocrx_word' id='word_1_931' title='bbox 3396 5312 3634 5358; x_wconf 82' lang='lat' dir='ltr'><strong>constat.</strong></span> 
     </span>
    </p>
   </div>
   <div class='ocr_carea' id='block_1_115' title="bbox 2037 5378 3634 5460">
    <p class='ocr_par' dir='ltr' id='par_1_115' title="bbox 2037 5378 3634 5460">
     <span class='ocr_line' id='line_1_115' title="bbox 2037 5378 3634 5460; baseline 0.01 -26"><span class='ocrx_word' id='word_1_932' title='bbox 2037 5378 2094 5434; x_wconf 83' lang='lat' dir='ltr'><strong>Si</strong></span> <span class='ocrx_word' id='word_1_933' title='bbox 2119 5380 2608 5449; x_wconf 80' lang='lat' dir='ltr'><strong>qmsdivinitalem</strong></span> <span class='ocrx_word' id='word_1_934' title='bbox 2662 5387 2904 5453; x_wconf 83' lang='lat' dir='ltr'><strong>dividat,</strong></span> <span class='ocrx_word' id='word_1_935' title='bbox 2961 5391 3245 5460; x_wconf 78' lang='lat' dir='ltr'><strong>sigillalitn</strong></span> <span class='ocrx_word' id='word_1_936' title='bbox 3313 5392 3485 5449; x_wconf 86' lang='lat' dir='ltr'><strong>Deum</strong></span> <span class='ocrx_word' id='word_1_937' title='bbox 3536 5394 3634 5449; x_wconf 78' lang='lat' dir='ltr'><strong>Pa-</strong></span> 
     </span>
    </p>
   </div>
   <div class='ocr_carea' id='block_1_116' title="bbox 2039 5475 3635 5558">
    <p class='ocr_par' dir='ltr' id='par_1_116' title="bbox 2039 5475 3635 5558">
     <span class='ocr_line' id='line_1_116' title="bbox 2039 5475 3635 5558; baseline 0.011 -33"><span class='ocrx_word' id='word_1_938' title='bbox 2039 5482 2179 5527; x_wconf 84' lang='lat' dir='ltr'><strong>trem</strong></span> <span class='ocrx_word' id='word_1_939' title='bbox 2220 5475 2434 5540; x_wconf 86' lang='lat' dir='ltr'><strong>dicens.</strong></span> <span class='ocrx_word' id='word_1_940' title='bbox 2477 5488 2535 5535; x_wconf 88' lang='lat' dir='ltr'><strong>et</strong></span> <span class='ocrx_word' id='word_1_941' title='bbox 2567 5481 2737 5537; x_wconf 76' lang='lat' dir='ltr'><strong>[leum</strong></span> <span class='ocrx_word' id='word_1_942' title='bbox 2790 5484 3007 5549; x_wconf 77' lang='lat' dir='ltr'><strong>Filium,</strong></span> <span class='ocrx_word' id='word_1_943' title='bbox 3039 5496 3099 5540; x_wconf 86' lang='lat' dir='ltr'><strong>et</strong></span> <span class='ocrx_word' id='word_1_944' title='bbox 3129 5486 3298 5543; x_wconf 76' lang='lat' dir='ltr'><strong>Deum</strong></span> <span class='ocrx_word' id='word_1_945' title='bbox 3365 5487 3635 5558; x_wconf 83' lang='lat' dir='ltr'><strong>Spiritum</strong></span> 
     </span>
    </p>
   </div>
   <div class='ocr_carea' id='block_1_117' title="bbox 2035 5577 3638 5652">
    <p class='ocr_par' dir='ltr' id='par_1_117' title="bbox 2035 5577 3638 5652">
     <span class='ocr_line' id='line_1_117' title="bbox 2035 5577 3638 5652; baseline 0.006 -27"><span class='ocrx_word' id='word_1_946' title='bbox 2035 5581 2308 5640; x_wconf 84' lang='lat' dir='ltr'><strong>sanctum,</strong></span> <span class='ocrx_word' id='word_1_947' title='bbox 2338 5586 2394 5631; x_wconf 88' lang='lat' dir='ltr'><strong>et</strong></span> <span class='ocrx_word' id='word_1_948' title='bbox 2420 5577 2717 5633; x_wconf 85' lang='lat' dir='ltr'><strong>contendat</strong></span> <span class='ocrx_word' id='word_1_949' title='bbox 2746 5581 2949 5652; x_wconf 76' lang='lat' dir='ltr'><strong>tres(l)</strong></span> <span class='ocrx_word' id='word_1_950' title='bbox 2980 5580 3114 5637; x_wconf 82' lang='lat' dir='ltr'><strong>deos</strong></span> <span class='ocrx_word' id='word_1_951' title='bbox 3136 5581 3400 5639; x_wconf 84' lang='lat' dir='ltr'><strong>dicendos</strong></span> <span class='ocrx_word' id='word_1_952' title='bbox 3418 5589 3638 5648; x_wconf 86' lang='lat' dir='ltr'><strong>esse,ct</strong></span> 
     </span>
    </p>
   </div>
   <div class='ocr_carea' id='block_1_118' title="bbox 2035 5669 3640 5745">
    <p class='ocr_par' dir='ltr' id='par_1_118' title="bbox 2035 5669 3640 5745">
     <span class='ocr_line' id='line_1_118' title="bbox 2035 5669 3640 5745; baseline 0.007 -25"><span class='ocrx_word' id='word_1_953' title='bbox 2035 5679 2147 5722; x_wconf 87' lang='lat' dir='ltr'><strong>non</strong></span> <span class='ocrx_word' id='word_1_954' title='bbox 2178 5682 2350 5724; x_wconf 88' lang='lat' dir='ltr'><strong>unum</strong></span> <span class='ocrx_word' id='word_1_955' title='bbox 2376 5669 2545 5726; x_wconf 88' lang='lat' dir='ltr'><strong>Deum</strong></span> <span class='ocrx_word' id='word_1_956' title='bbox 2576 5682 2801 5745; x_wconf 86' lang='lat' dir='ltr'><strong>propter</strong></span> <span class='ocrx_word' id='word_1_957' title='bbox 2820 5690 2982 5729; x_wconf 80' lang='lat' dir='ltr'><strong>unam</strong></span> <span class='ocrx_word' id='word_1_958' title='bbox 3002 5674 3349 5730; x_wconf 73' lang='lat' dir='ltr'><strong>divinitatem</strong></span> <span class='ocrx_word' id='word_1_959' title='bbox 3377 5676 3429 5731; x_wconf 83' lang='lat' dir='ltr'><strong>in</strong></span> <span class='ocrx_word' id='word_1_960' title='bbox 3457 5674 3640 5731; x_wconf 77' lang='lat' dir='ltr'><strong>tribus</strong></span> 
     </span>
    </p>
   </div>
  </div>
