4038 6222
418 360 525 429 857

1365 363 1979 427 ΕΟΟΕΕΞΙΑΞΤῘΟΕ
2018 367 2412 429 ΠΙΒΤΟΠΙίΕ
2454 370 2606 433 LIB.
2651 370 2789 432 ΧΠ.

3594 378 3699 437 R53

421 486 562 541 κατὰ
594 487 695 551 τὰς
723 486 1026 561 ἐκκλησίας
1055 487 1445 559 φυλάττουσιν.
1476 492 1542 545 0t
1573 492 1686 563 γὰρ
1712 496 1812 563 τῆς
1842 494 2003 563 alt-ﬁ;

2119 490 2302 544 nionis
2336 501 2543 552 essent.
2577 492 2799 547 easdem
2849 490 3176 549 traditiones
3216 490 3269 547 in
3301 493 3549 549 ccclesiis
3578 512 3698 551 ser-

410 579 659 644 -πὲστεως
700 581 962 646 πολλάκις
1003 582 1148 639 κατὰ
1181 586 1253 638 τὰ
1299 583 1396 652 ἔθη
1439 585 1690 657 διάφοροι
1730 585 2004 655 καθεστῆ-

420 690 551 726 κασι
573 689 591 707 ·
624 674 723 729 καὶ
753 675 908 729 οὐδὲν
936 674 1098 732 τοῦτο
1125 679 1193 748 τῇ
1225 677 1481 749 εύσεϐεἷᾳ
1508 678 1852 749 λυμαίνεται.
1889 681 2006 735 Ἕνα

417 765 598 822 ταῦθα
640 767 697 821 δὲ
740 769 1042 839 γενομένῳ,
1082 768 1296 824 δίκαιον
1340 773 1514 840 μικρά
1554 789 1678 827 τινα
1726 774 1855 842 περὶ
1894 775 2008 827 τῶν

418 862 563 917 κατα
586 862 688 926 τίις
718 863 1020 930 ἐκκλησίας
1048 864 1332 935 διαφόρων
1359 867 1500 921 ἐθῶν
1526 866 1771 939 ἠγοῦμαι
1807 868 2007 935 sese.

419 956 536 1011 θεῖν
562 972 577 988 ·
609 956 646 1013 ἃ
680 959 951 1030 πρότερον
986 961 1085 1030 μὲν
1116 959 1292 1033 εἶχον,
1325 960 1422 1016 νῦν
1453 962 1508 1015 δὲ
1542 962 1680 1018 Θεοῦ
1712 964 1900 1034 χάριτι
1928 963 2007 1034 τῷ

417 1050 598 1123 χρόνῳ
646 1053 1127 1121 μεταϐληθέντων,
1171 1056 1251 1115 εἰς
1296 1054 1358 1108 ἐν
1395 1056 1780 1126 ὁμοφρονῆσαι
1827 1056 2006 1117 πάσας

418 1142 660 1210 ἐγένετο.
692 1146 805 1199 Καὶ
835 1146 1057 1215 πρῶτόν
1082 1164 1148 1214 γε
1181 1149 1313 1216 περὶ
1344 1148 1510 1203 αὐτοῦ
1540 1148 1637 1203 τοῦ
1667 1151 1855 1222 Πάσχα
1885 1150 2006 1205 δια-

416 1239 657 1308 ληπτέον
677 1255 694 1270 ·
721 1237 822 1302 τὰς
852 1240 962 1310 γάρ
992 1240 1102 1310 πρδ
1128 1239 1321 1295 τούτου
1350 1242 1609 1308 νηστείας
1639 1243 1920 1314 διαφόρως
1950 1245 2009 1297 ἐν

419 1335 673 1391 ἑκάστοις
691 1336 755 1391 τὸ
777 1337 837 1401 ἐξ
860 1337 1040 1406 ἀρχῆς
1065 1337 1473 1408 φυλαττομένας
1498 1340 1845 1408 εὑρίσκομεν.
1874 1341 2008 1395 Ῥω-

421 1430 573 1493 μαῖοι
603 1430 703 1499 μὲν
727 1428 839 1500 γάρ
865 1431 1017 1502 τρεῖς
1042 1430 1171 1500 ἑξῆς
1202 1434 1563 1500 συνημμένας
1589 1434 1899 1503 ἑϐδομάδας
1922 1453 2006 1503 νη-

422 1521 707 1578 στεύουσιν
733 1524 1160 1595 ὑφαιρουμένων
1183 1525 1296 1582 τῶν
1322 1528 1622 1584 Σαϐϐάτων
1645 1531 1737 1584 καὶ
1765 1530 1874 1584 τῶν
1902 1531 2008 1585 Κυ-

422 1616 632 1684 ριακῶν
649 1633 661 1646 ·
687 1618 918 1689 Ἰλλυρὶς
938 1619 995 1673 δέ
1020 1620 1171 1674 πᾶσα
1197 1622 1291 1674 καῖ
1313 1622 1346 1690 ἠ
1373 1620 1584 1687 Ἑλλάς,
1607 1622 1745 1695 πριις
1768 1623 1826 1677 δέ
1849 1625 1947 1677 καὶ
1972 1625 2004 1693 ἡ

429 1710 832 1781 Ἀλεξάνδρεια,
854 1714 949 1767 καὶ
972 1712 1148 1783 Λιϐύη
1177 1714 1328 1768 πᾶσι
1352 1714 1448 1768 καὶ
1472 1716 1749 1783 Αἴγυπτος
1774 1715 1871 1770 καὶ
1892 1716 2005 1769 Πα-

414 1800 666 1873 λαιστίνη
683 1846 697 1866 ,
722 1806 782 1858 ἐν
802 1804 861 1869 ἓξ
880 1804 1145 1875 ἐϐδομάσι
1165 1805 1265 1875 τὴν
1287 1806 1393 1874 πρὸ
1414 1806 1506 1860 τοῦ
1532 1808 1725 1877 Πάσχα
1746 1809 2005 1876 νηστείαν

2111 589 2331 635 varunt.
2390 582 2451 637 Et
2511 582 2607 653 qui
2670 584 2922 641 eamdem
2977 586 3237 643 colebant
3292 587 3497 652 ﬁdem,
3554 602 3700 659 saepe

2112 676 2579 732 consuetudinum
2638 681 3035 737 observatione
3088 682 3236 739 inter
3283 699 3343 737 se
3390 685 3696 740 variarunt.

2110 766 2301 839 Neque
2334 771 2390 826 id
2434 788 2577 826 verm
2609 774 2799 841 pietati
2838 775 3177 832 detrimento
3206 777 3330 833 fuit.
3370 778 3545 833 Porro
3570 795 3697 833 cum

2112 861 2180 916 ad
2229 861 2378 917 hunc
2411 863 2597 917 locum
2629 866 3077 933 pervenerimus.
3122 884 3343 938 {equum
3376 870 3555 924 visum
3589 881 3696 935 est,

2113 970 2288 1025 pauca
2338 960 2588 1027 quaedam
2641 958 2710 1013 de
2750 958 2992 1016 diversis
3039 962 3402 1017 ecclesiarum
3451 963 3700 1019 moribus

2110 1063 2598 1106 commemorare:
2646 1052 2738 1121 qui
2785 1061 2946 1108 antea
2984 1054 3205 1124 quidem
3238 1056 3322 1111 sic
3355 1057 3508 1110 varie
3554 1058 3701 1113 obti-

2108 1152 2372 1209 nuerunt,
2407 1160 2556 1199 nunc
2604 1155 2789 1200 autem
2835 1161 2936 1215 per
2974 1146 3204 1216 gratiam
3250 1149 3345 1204 Dei
3391 1165 3517 1204 cum
3565 1159 3703 1205 tem-

2110 1251 2244 1304 pore
2293 1237 2508 1299 mutati,
2556 1238 2624 1293 ad
2673 1239 3115 1296 consentientem
3158 1242 3510 1296 concordiam
3553 1245 3699 1312 apud

2109 1345 2301 1385 omnes
2348 1341 2736 1396 pervenerunt.
2787 1331 2850 1386 Et
2901 1332 3142 1402 primum
3193 1332 3261 1388 de
3310 1332 3699 1391 observatione

2109 1422 2389 1478 Paschalis
2443 1421 2567 1477 festi
2615 1423 2937 1479 dicendum.
2983 1423 3116 1492 Qum
3161 1426 3311 1481 enim
3361 1442 3454 1482 eas
3499 1443 3703 1498 ιιι-τυρο-

2110 1514 2250 1569 dunt
2282 1515 2453 1570 ferias
2488 1517 2724 1587 jejunia,
2766 1520 2919 1572 varie
2956 1517 3103 1589 apud
3143 1500 3399 1590 troesque
3431 1521 3500 1575 ab
3540 1522 3699 1577 initio

2109 1618 2329 1664 servata
2367 1610 2761 1679 comperimus.
2808 1612 3040 1667 Romani
3076 1627 3313 1682 namque
3357 1623 3470 1668 tres
3516 1616 3698 1669 conti-

2107 1718 2248 1757 nuas
2295 1702 2691 1766 hebdomadas,
2746 1702 3006 1761 Sabbatis
3054 1713 3110 1759 et
3158 1705 3461 1762 Dominicis
3501 1707 3700 1762 diebus

2107 1795 2371 1865 exceptis,
2399 1796 2739 1866 jejunaruut.
2769 1797 2975 1865 lllvrici
3010 1807 3216 1858 autem.
3245 1807 3301 1853 et
3324 1808 3523 1854 cuncta
3548 1801 3702 1856 Gra-

417 1870 759 1963 περαίνουσι,
778 1897 959 1952 Τεστα
970 1870 1243 1970 ρακοστὴν
1258 1870 1432 1968 αὐτὴν
1447 1870 1828 1970 ὀνομάζοντες.
1847 1904 2002 1957 Ἕτε-

2110 1890 2216 1954 cia,
2264 1898 2529 1958 prmlerea
2578 1887 2917 1945 Alexandria
2963 1900 3011 1945 et
3051 1888 3221 1962 Libya
3272 1893 3490 1956 omnis,
3533 1890 3701 1964 Egy-

416 2005 500 2049 ροι
517 1990 575 2043 δὲ
595 1990 702 2060 πρδ
718 1991 858 2045 ἐπτὰ
874 1991 1189 2060 ἑϐδομάδων
1206 1993 1306 2063 τῆς
1322 1994 1579 2057 νηστείας
1598 1996 1963 2066 κατάρχονται
1984 2037 2000 2061 ,

411 2081 490 2145 ὡς
518 2082 576 2135 ἐν
606 2083 1181 2140 Κωνσταντινουπᾶλει
1213 2087 1309 2142 καὶ
1340 2087 1505 2158 πέριξ
1529 2086 1660 2159 ἄχρι
1688 2089 1959 2143 Φοινίκων
1982 2104 1999 2121 ·

414 2173 569 2244 τρεῖς
602 2170 649 2225 δ’
677 2172 738 2226 ἐν
759 2173 955 2236 αὑταῖς
980 2174 1132 2229 ἄλλοι
1164 2175 1549 2248 πενθημέρους
1576 2178 1642 2231 ἐκ
1665 2176 2003 2248 διαλειμμά-

413 2282 528 2318 των
554 2265 939 2335 νηστεύοντες,
977 2268 1179 2339 ἐπίσης
1211 2270 1309 2324 καὶ
1347 2270 1507 2326 αὐτοὶ
1536 2270 2002 2344 Τεσσαρακοστην

414 2358 511 2413 τόν
554 2360 753 2430 χρόνον
800 2359 996 2415 τοῦτον
1027 2358 1314 2416 καλοῦσιν·
1350 2366 1398 2416 οἱ
1430 2363 1489 2417 δέ
1536 2363 1631 2418 δύο
1660 2363 1708 2416 oi
1740 2362 1809 2417 τὰ
1853 2363 2001 2418 Mov-

413 2448 606 2506 τανοῦ.
639 2451 732 2506 Ἐν
760 2444 846 2514 οἷς
883 2454 981 2509 καὶ
1017 2451 1208 2525 θαῦμά
1241 2472 1335 2526 μοι
1369 2454 1571 2522 ἔπεισι,
1603 2456 1722 2520 πῶς
1757 2457 2002 2521 ἅπαντες

413 2535 563 2600 ὁῦτοι
612 2545 1082 2617 Τεσσαρακοστὴν
1134 2548 1312 2617 αὐτὴν
1365 2549 1716 2617 ὀνομάζουσι,
1752 2552 1892 2604 κατὰ
1938 2548 2002 2604 τὸ

418 2638 624 2709 μέτρον
655 2637 766 2693 τῶν
794 2638 1026 2713 ἡμερῶν
1066 2638 1222 2695 οὐδὲν
1255 2636 1419 2715 ἧττον
1453 2640 1859 2714 διαφερόμενοι·
1897 2641 2002 2699 κᾶν

414 2729 577 2793 ἄλλος
623 2731 786 2786 ἄλλον
818 2732 981 2802 λόγον
1023 2734 1460 2806 συρράπτοντες,
1497 2734 1738 2805 τοῦνομα
1783 2736 2001 2805 σεμνῶς

415 2823 795 2894 ἐγκαλύπτειν
827 2826 1153 2897 πειρῶνται.
1188 2830 1266 2882 Ού
1313 2830 1477 2899 μόνον
1510 2830 1566 2884 δὲ
1614 2833 1746 2899 περὶ
1788 2830 1849 2884 τὸ
1890 2831 2003 2885 τῶν

413 2917 646 2989 ἡμερῶν
693 2918 1031 2991 διαφωνοῦσι
1078 2921 1268 2985 ποσὸν,
1307 2922 1447 2978 ἀλλὰ
1474 2925 1568 2977 καὶ
1608 2923 1686 2992 τῷ
1721 2924 1866 2995 ποιῷ
1891 2924 2002 2979 τῶν

414 3009 756 3079 ἐδεσμάτων,
786 3011 888 3066 καὶ
910 3014 979 3084 τῇ
1012 3016 1354 3085 προσαγωγῇ
1388 3031 1449 3067 τε
1482 3014 1576 3071 καὶ
1607 3016 1789 3087 ἀποχῇ
1818 3015 2002 3087 πολλῷ

412 3103 789 3173 διεστήκασιν·
851 3105 900 3159 οἱ
960 3105 1062 3173 μὲν
1112 3107 1225 3176 γάρ
1284 3106 1529 3176 πάμπαν
1586 3107 1853 3179 ἐμψύχων
1899 3109 2001 3180 οὐχ

416 3190 708 3247 ἅπτονται·
729 3194 884 3249 ἄλλοι
909 3194 967 3250 δὲ
990 3198 1086 3251 καὶ
1116 3196 1411 3261 ἅπτονται,
1435 3196 1555 3252 ἀλλ’
1580 3199 1782 3268 ἰχθύων
1812 3200 1996 3270 μόνον.
2029 3223 2076 3286 c

419 3283 541 3339 Εἰσὶ
571 3285 628 3339 δέ
659 3286 708 3340 οἳ
731 3286 842 3341 τῶν
873 3288 1140 3359 ἐμψύχων
1163 3290 1261 3345 καὶ
1290 3292 1390 3345 σὺν
1411 3293 1526 3353 τοῖς
1554 3292 1734 3363 ἰχθύσι
1770 3293 1997 3347 καὶτῶν

417 3372 642 3445 πτηνῶν
674 3374 1070 3444 ἀπογεύονται,
1099 3376 1356 3445 Mytha;
1390 3378 1452 3444 ἐξ
1481 3378 1677 3443 ὕδατος
1708 3380 1998 3434 καὶταῦτα

415 3463 716 3534 ἐσχηκέναι
764 3467 866 3537 τὴν
920 3466 1160 3534 γένεσιν,
1191 3466 1269 3530 ὥς
1321 3485 1456 3536 φησι
1510 3469 1779 3539 Μωῦσῆς.
1830 3471 1896 3523 0t
1942 3469 2002 3522 δὲ

414 3554 543 3609 ὠῶν
576 3556 896 3627 ἀπέχονται·
932 3558 1083 3613 ἄλλοι
1117 3559 1175 3613 δὲ
1213 3560 1489 3632 ἀκρόδρυα
1518 3562 1729 3631 τροφὴν
1760 3560 1996 3632 ἔχουσιν.

416 3649 541 3702 Εἰσὶ
564 3648 620 3704 δέ
650 3650 701 3705 οἶ
735 3652 830 3704 καὶ
861 3650 1033 3724 ξηροῦ
1065 3651 1237 3723 ἄρτου
1271 3655 1439 3723 μόνον
1481 3653 1830 3726 μετέχουσιν·
1864 3654 1916 3708 oi.
1942 3653 1999 3707 δὲ

412 3740 536 3797 οὐδὲ
570 3744 783 3797 τούτου.
812 3743 1082 3816 Διάφορος
1110 3743 1170 3799 δέ
1205 3746 1301 3801 καὶ
1332 3746 1365 3817 ἠ
1395 3744 1515 3816 ὥρα
1540 3747 1641 3819 τῆς
1669 3746 1998 3809 ἑστιάσεως*

415 3837 466 3889 ot
504 3835 605 3904 μὲν
637 3839 749 3908 γὰρ
778 3835 939 3910 ἄχρις
981 3840 1202 3911 ἐνάτης,
1234 3841 1286 3893 οἱ
1334 3841 1392 3895 δέ
1441 3841 1583 3911 μετὰ
1620 3841 1777 3898 δύσιν
1818 3842 1996 3914 ἡλίου,

414 3928 567 3985 ἄλλοι
598 3929 655 3985 δέ
686 3931 828 4001 μετὰ
857 3930 988 4001 μίαν
1018 3933 1238 4004 ἡμέραν
1267 3934 1511 3988 ἐσθίουσι
1539 3935 1639 4007 τὴν
1672 3935 1823 4006 ἑξῆς·
1847 3935 1999 3991 ἄλλοι

414 4021 470 4075 δὲ
501 4024 596 4076 καὶ
630 4021 724 4077 ἐπὶ
749 4026 900 4095 τρεῖς
927 4025 1019 4077 καὶ
1043 4025 1319 4095 τέσσαρας
1350 4029 1447 4081 καὶ
1477 4027 1661 4093 πέντε,
1694 4029 1794 4083 καὶ
1830 4028 1999 4100 μέχρι

413 4114 528 4169 τῶν
554 4117 699 4172 ἐπτὰ
730 4118 1016 4189 προΐασιν,
1043 4117 1120 4182 ὡς
1152 4120 1373 4192 ἐκάστῳ
1404 4121 1639 4194 δύναμις
1673 4140 1731 4178 τε
1758 4123 1852 4178 καὶ
1877 4123 2002 4192 βού-

413 4205 595 4278 λησις.
626 4208 737 4262 Καὶ
778 4209 918 4264 ἄλλα
948 4213 1080 4283 παρ’
1109 4211 1294 4277 ἄλλοις
1322 4214 1513 4284 γένεσι
1557 4214 1656 4271 καὶ
1702 4217 1910 4285 φύλοις·
1942 4218 2002 4273 ἐν

413 4295 497 4365 οἷς
543 4301 638 4356 καὶ
690 4302 886 4373 μυρίαι
918 4303 1092 4359 αἰτίαι
1143 4305 1255 4361 τῶν
1298 4307 1561 4363 τοιούτων
1604 4309 1767 4364 εἰσιν·
1801 4310 1888 4379 ἐφ’
1917 4305 2003 4376 οἷς

416 4394 630 4449 ἅπασιν
663 4395 822 4449 οὐδέν
859 4414 910 4450 τι
953 4397 1239 4469 ἔγγραφον
1288 4400 1666 4472 παράγγελμα
1698 4402 1875 4470 δεῖξαί
1917 4420 2002 4468 τις

416 4482 555 4554 ἔχει.
584 4482 678 4546 Ὠς
704 4483 866 4556 δῆλον
895 4479 1060 4550 εἶναι,
1092 4485 1170 4549 ὠς
1198 4487 1267 4542 τά
1296 4488 1507 4560 ἑκάστῃ
1552 4489 1817 4544 δοκοῦντα
1860 4510 2001 4563 ¹μιτρο-

2107 1989 2233 2047 ptns
2266 1989 2322 2032 et
2352 1977 2666 2042 Palmstina,
2706 1997 2802 2035 sex
2846 1981 3290 2037 hebdomadibus
3330 1992 3457 2037 ante
3494 1984 3696 2040 festum

2106 2071 2333 2127 Pascha:
2381 2073 2657 2145 jejunium
2712 2074 3148 2141 continuarunt,
3203 2076 3696 2147 Quadragesimam

2108 2168 2324 2229 tempus
2375 2159 2430 2215 id
2483 2161 2857 2221 nominantes.
2911 2163 3018 2218 Alii
3071 2180 3265 2220 rursus
3310 2176 3437 2221 ante
3483 2176 3693 2238 septem

2106 2249 2489 2308 bebdomades
2512 2253 2769 2323 jejunare
2799 2255 3130 2327 inceperunt
3170 2275 3184 2313 :
3227 2259 3392 2315 sicuti
3421 2259 3699 2317 Constan-

2108 2344 2384 2416 tinopoli,
2435 2355 2491 2401 et
2534 2347 2904 2404 circumcirca
2958 2349 3027 2405 ad
3091 2350 3435 2408 thnieiam
3491 2370 3693 2424 usque,

2105 2437 2269 2510 295
2299 2439 2476 2494 tribus
2502 2449 2713 2495 tantum
2749 2441 3195 2499 hebdomadibus
3228 2446 3437 2514 quinos
3474 2447 3600 2504 dies
3625 2465 3696 2505 ex

2106 2530 2400 2586 intervallo
2422 2531 2526 2600 (l),
2555 2530 2707 2588 binis
2737 2533 3069 2605 septimanis
3103 2535 3461 2600 intermissis.
3495 2554 3525 2593 ιι
3551 2540 3695 2596 cibis

2104 2636 2164 2678 se
2198 2623 2566 2689 abstinentes,
2599 2624 2792 2680 itidem
2818 2627 3309 2700 Quadragesimam
3340 2639 3560 2703 tempus
3586 2634 3695 2691 tale

2103 2724 2376 2769 vocarunt
2427 2733 2440 2771 :
2492 2714 2843 2774 Montanistze
2883 2735 3016 2776 vero
3065 2721 3305 2780 duabus.
3354 2723 3506 2792 Quos
3558 2727 3693 2783 mihi

2103 2810 2368 2865 demirari
2410 2812 2463 2866 in
2498 2822 2739 2869 mentem
2778 2815 2950 2879 venit,
2982 2818 3263 2887 quomodo
3295 2834 3489 2875 omnes
3514 2820 3602 2876 isti
3637 2821 3692 2875 in

2105 2901 2322 2957 dierum
2360 2918 2592 2959 numero
2624 2906 2706 2961 sic
2741 2910 3046 2974 variantes,
3073 2908 3568 2981 Quadragesimam
3604 2920 3689 2967 ta-

2072 3012 2078 3019 ·
2105 3011 2232 3050 men
2260 2995 2456 3068 jejnnii
2487 3006 2705 3068 tempus
2735 3009 2959 3056 vocent.
2989 2998 3255 3068 Quamvis
3284 3004 3377 3058 alii
3408 3004 3570 3058 aliam
3611 3021 3695 3059 ra-

2107 3091 2315 3145 tionem
2352 3100 2626 3155 texentes.
2663 3094 2877 3150 nomini
2915 3095 2968 3149 ei
3019 3095 3316 3153 honestum
3365 3111 3694 3166 prmtextnm
3749 3117 3753 3120 '

2107 3182 2436 3238 obtendant.
2490 3183 2607 3239 Non
2655 3186 2833 3242 solun.
2884 3201 3017 3243 vero
3062 3189 3132 3244 de
3166 3190 3387 3245 dierum
3439 3208 3696 3260 numero,

2104 3292 2298 3332 verum
2330 3278 2497 3332 etiam
2530 3279 2597 3334 de
2625 3281 2766 3334 cibis
2799 3281 2957 3351 ipsis,
2993 3282 3061 3337 de
3094 3283 3247 3339 aditu
3284 3285 3351 3339 ad
3385 3302 3544 3342 sacra
3580 3304 3700 3361 my-

2101 3370 2292 3432 steria,
2330 3379 2388 3424 et
2434 3372 2792 3433 abstinentia,
2836 3374 3072 3429 multum
3117 3376 3267 3431 inter
3293 3393 3352 3432 se
3387 3379 3691 3435 dissident.

2101 3462 2338 3530 Quidam
2371 3466 2523 3518 enim
2560 3466 2800 3521 animata
2829 3482 3060 3538 prorsus
3087 3484 3197 3523 non
3226 3470 3509 3539 attingunt
3543 3492 3557 3528 :
3594 3474 3690 3529 alii

2102 3565 2289 3613 autem
2339 3558 2642 3629 attingunt,
2680 3558 2776 3613 sed
2828 3559 3010 3629 pisces
3056 3560 3226 3617 solos.
3262 3561 3405 3617 Sunt
3445 3563 3541 3633 qui
3575 3566 3698 3620 ani-

2102 3662 2248 3707 mata
2280 3666 2502 3722 quoque
2527 3666 2654 3706 eum
2690 3650 2937 3720 piscibus
2970 3651 3210 3708 volatilia
3241 3652 3539 3723 degustant
3574 3674 3586 3709 :
3624 3673 3694 3713 ex

2103 3744 2267 3814 aquis
2302 3759 2367 3798 ea
2401 3758 2625 3814 quoque
2666 3744 2957 3814 progenita
2989 3760 3138 3811 esse,
3175 3755 3235 3801 ut
3280 3746 3458 3803 Moses
3489 3748 3693 3819 inquit.

2105 3837 2373 3893 dicentes.
2405 3837 2669 3893 Nonnulli
2700 3837 2772 3894 ab
2801 3837 2923 3892 ovis
2961 3846 3018 3892 et
3066 3837 3306 3893 nucibus
3352 3839 3472 3895 sive
3506 3840 3697 3896 baccis

2104 3931 2406 3986 abstinent.
2448 3930 2726 3986 Nonnulli
2776 3945 2912 3985 vero
2961 3929 3224 3986 arborum
3281 3930 3560 3988 fructibus
3595 3949 3693 3989 ve-

2104 4034 2360 4078 scuntur.
2384 4022 2619 4090 Quidam
2648 4037 2846 4094 panem
2873 4023 3085 4079 siccum
3112 4031 3324 4079 tantum
3350 4024 3649 4081 comedunt
3674 4044 3691 4082 :

2104 4115 2328 4185 quidam
2361 4129 2497 4169 vero
2528 4130 2597 4170 ne
2637 4114 2787 4171 hunc
2813 4114 3035 4185 quidem
3071 4116 3372 4186 attingunt.
3401 4116 3693 4172 Diversum

2106 4211 2280 4265 etiam
2334 4219 2421 4264 est
2466 4208 2577 4264 cibi
2627 4209 2887 4280 capiendi
2934 4218 3173 4279 tempus.
3222 4208 3406 4279 Aliqui
3456 4224 3695 4279 namque

2108 4302 2244 4359 hora
2290 4318 2456 4370 nona,
2502 4302 2675 4373 aliqui
2723 4312 2850 4374 post
2908 4317 3169 4359 occasum
3217 4302 3421 4363 solum,
3467 4302 3695 4373 quidam

2107 4407 2233 4469 post
2256 4397 2405 4453 diem
2439 4412 2605 4453 unam
2630 4397 2889 4466 sequenti
2920 4395 3012 4451 die
3043 4396 3225 4451 cibum
3249 4398 3479 4466 capiunt
3508 4416 3522 4451 ;
3555 4412 3698 4451 non.

2109 4490 2248 4546 nulli
2285 4506 2419 4547 vero
2459 4487 2527 4545 ad
2565 4497 2702 4557 tres,
2734 4489 2799 4544 ad
2830 4498 3093 4557 quatuor,
3129 4489 3197 4543 ad
3235 4490 3505 4559 quinque.
3537 4498 3595 4544 et
3625 4487 3693 4543 ad

415 4574 656 4647 ἔτρεψαν
688 4577 740 4630 οἱ
769 4578 865 4631 ἀπ’
895 4578 1076 4650 ἀρχῆς
1108 4579 1384 4649 ὑπηρέται
1428 4581 1524 4635 τοῦ
1554 4582 1751 4651 Λόγου·
1800 4583 1870 4639 ἶν’
1898 4587 1997 4655 ἐξῇ

2109 4595 2320 4653 septem
2353 4599 2533 4655 usque
2556 4583 2675 4638 dies
2696 4582 2935 4653 dapibus
2968 4582 3316 4637 abstinentes
3343 4581 3652 4651 procedunt
3678 4600 3692 4635 :

414 4668 655 4739 ἐκάπῳ,
690 4667 767 4739 μὴ
792 4667 944 4739 φόϐῳ
970 4668 1096 4741 μηδ’
1125 4669 1340 4741 ἀνάγκη
1368 4672 1476 4724 τινὶ
1501 4670 1561 4724 τὸ
1587 4671 1793 4741 ἀγαθὸν
1818 4673 2000 4743 αἱρετ-

416 4761 567 4818 σθαι.
596 4762 762 4818 Ἀλλὰ
785 4765 917 4832 περὶ
952 4764 1052 4835 μὲν
1090 4766 1361 4834 νηστειῶν
1399 4764 1493 4819 τοῦ
1542 4765 1738 4837 Πάσχα
1768 4768 1863 4821 καὶ
1896 4766 1999 4836 τῆς

412 4856 622 4925 τροφῆς
652 4853 917 4909 τοσαῦται
962 4857 1260 4925 διαφωνξαι
1291 4858 1353 4912 τὸ
1399 4858 1461 4924 ἐξ
1505 4858 1683 4930 ἀρχῆς
1715 4860 1857 4914 κατὰ
1899 4859 2000 4925 τὰς

414 4947 713 5018 ἐκκλησίας
737 4942 904 5019 ἦσαν.
941 4948 1105 5004 Ἀλλά
1134 4951 1243 5021 μὴν
1271 4950 1367 5004 καὶ
1395 4952 1525 5022 περὶ
1555 4951 1832 5019 συνάξεων
1859 4951 1999 5007 ἄλλα

415 5041 651 5095 πλεῖστα
682 5043 774 5094 καὶ
800 5043 1073 5112 ἀδιάφορα
1119 5044 1269 5097 ἐστιν
1300 5045 1506 5113 εὑρεῖν·
1540 5044 1652 5100 τῶν
1684 5046 1795 5116 γὰρ
1824 5046 2002 5099 ἁπαν-

412 5134 585 5205 ταχοῦ
607 5139 709 5206 τῆς
733 5137 1068 5207 οἰκουμένης
1095 5136 1411 5207 ἐκκλησιῶν
1435 5140 1493 5190 ἐν
1515 5140 1637 5201 ταῖς
1659 5137 1767 5191 τῶν
1792 5137 2001 5191 Σαϐϐά-

411 5246 524 5282 των
554 5226 793 5298 ἡμέραις
819 5228 879 5293 ἐξ
906 5227 1061 5292 ἔθους
1089 5230 1334 5299 ἐχουσῶν
1362 5229 1485 5283 καθ’
1516 5230 1813 5299 ἑϐδομάδος
1840 5249 2001 5296 περι-

412 5323 627 5392 τροπὴν
661 5323 731 5376 τὰ
756 5322 878 5375 θεῖα
916 5325 1195 5391 μυστήρια
1232 5323 1777 5394 ἐκτελεῖν,Ῥωμαίοι
1811 5341 1869 5376 τε
1903 5325 2000 5377 καὶ

426 5415 804 5487 Ἀλεξανδρεῖς
856 5416 956 5469 καὶ
1011 5415 1128 5469 ὅσοι
1182 5415 1284 5487 τὴν
1347 5414 1593 5486 Θηϐαΐδα
1650 5417 1998 5487 περιοικοῦσι

418 5511 673 5578 συνάξεις
718 5511 817 5579 μιν
862 5508 1007 5563 κατὰ
1046 5508 1329 5562 Σάϐϐατον
1372 5509 1742 5564 ἐπιτελοῦσιν·
1775 5510 1837 5563 οὐ
1889 5509 1999 5581 μὴν

415 5605 604 5673 ὥσπερ
631 5599 698 5673 ἦν
724 5602 848 5666 ἔθος
870 5604 996 5655 τότε
1023 5603 1161 5655 πᾶσι
1187 5602 1557 5669 Χριστιανοῖς,
1580 5603 1677 5657 καὶ
1705 5604 1813 5655 τῶν
1837 5603 1999 5657 θείων

418 5696 781 5766 ἁγιαεμάτων
809 5699 1078 5767 μετεῖχον.
1116 5694 1281 5749 Ἀλλά
1314 5697 1453 5767 μετὰ
1484 5696 1542 5749 τὸ
1568 5697 1770 5759 ἱκανῶς
1792 5696 2004 5766 εὐωχη-

489 5885 569 5955 (t)
610 5886 773 5957 Τρεῖς

2108 4689 2209 4745 pro
2258 4689 2327 4728 eo
2376 4683 2544 4743 atque
2594 4673 2832 4743 quisque
2878 4672 3004 4728 cibo
3051 4686 3244 4727 carere
3296 4672 3382 4725 vel
3434 4672 3573 4733 vult.
3608 4672 3696 4729 vel

2108 4777 2309 4838 potest.
2340 4766 2409 4822 Et
2441 4766 2545 4821 alia
2575 4767 2720 4835 apud
2761 4765 2901 4820 alias
2935 4775 3128 4835 gentes
3165 4774 3222 4819 et
3262 4764 3496 4834 p0pulos
3535 4764 3698 4830 tium,

2106 4858 2252 4929 apud
2278 4872 2418 4929 quos
2441 4874 2632 4914 rerum
2660 4858 2851 4912 talium
2888 4856 3193 4911 innumera:
3222 4865 3440 4911 exstant
3461 4871 3641 4911 causae
3676 4877 3692 4913 ;

2105 4953 2175 5010 de
2209 4952 2416 5023 quibus
2463 4951 2729 5007 omnibus
2767 4950 2985 5006 nullum
3037 4959 3401 5021 praeceptum,
3444 4950 3591 5021 quod
3640 4951 3695 5006 in

2105 5047 2373 5114 scriptum
2409 5043 2644 5100 relatum
2678 5043 2791 5108 sit,
2819 5040 3038 5098 ostendi
3071 5050 3275 5111 potest.
3302 5041 3371 5098 Ut
3398 5041 3531 5096 satis
3558 5056 3697 5096 con~

2107 5148 2237 5198 stet,
2277 5139 2489 5209 primos
2530 5137 2655 5192 illos
2682 5132 2843 5192 v'erbi
2878 5136 3185 5201 ministros,
3214 5138 3284 5191 ab
3316 5138 3476 5192 initio
3499 5136 3695 5193 obserq

2108 5232 2363 5286 vationes
2394 5230 2665 5301 ejusmodi
2710 5229 2948 5284 arbitrio
2982 5246 3335 5302 quorumque
3373 5231 3694 5302 reliquisse,

2110 5336 2167 5378 ut
2197 5325 2433 5395 quisque
2471 5341 2581 5379 non
2624 5335 2773 5380 metu
2809 5333 2907 5378 aut
2938 5323 3273 5379 necessitate
3298 5324 3554 5395 quapiam
3598 5325 3696 5379 ad-

2106 5415 2331 5481 ductus,
2363 5415 2513 5486 quod
2550 5416 2754 5471 bonum
2782 5426 2886 5480 est,
2925 5414 3169 5484 deligere
3198 5423 3252 5469 et
3287 5414 3443 5485 sequi
3482 5424 3689 5484 posset.

2106 5511 2280 5567 Porro
2325 5510 2377 5564 in
2411 5509 2636 5580 jejuniis
2668 5508 2835 5564 ferias
2882 5508 3177 5567 Paschales
3216 5509 3691 5579 praecedentibus,

2108 5617 2164 5661 et
2208 5605 2261 5658 in
2296 5604 2665 5676 jejunantiutn
2717 5603 2879 5667 cibis,
2920 5619 2953 5658 a
3000 5604 3277 5675 principio
3330 5605 3389 5658 in
3436 5604 3694 5659 ecclesiis

2110 5693 2429 5766 lmjusntodi
2465 5693 2761 5750 diversitas
2793 5693 2920 5751 luit.
2954 5694 3156 5751 Verum
3192 5696 3245 5748 in
3277 5694 3481 5767 Synaxi
3513 5693 3692 5766 pluris

829 5888 999 5960 μόνας
1050 5887 1434 5969 πενθημέρους
1495 5889 1559 5943 ἐκ
1608 5886 1997 5958 διαλεμμάτων
2032 5887 2407 5962 νηστεύοντες.
2442 5887 2653 5943 Suerat.
