4038 6222
433 394 537 458 επ

1355 380 1951 446 EL'CLESIASTIC.E
1992 380 2382 444 HISTORHE
2421 381 2562 444 LIB.
2614 382 2749 442 XIl.

3563 386 3668 448 818

436 508 572 577 πρὸς
621 504 685 559 τὸ
727 503 946 575 βλαισὲιν
996 499 1449 569 ὑπεκὲμςττοντο⁸
1514 499 1792 558 Ἀντώνιος
1828 493 1893 567 ἦν
1923 495 1994 565 τῷ

2103 497 2208 551 lem
2252 507 2471 552 staturie
2517 497 2837 552 brevitatem
2876 500 3201 558 consistens.
3240 504 3408 578 Syrus
3452 506 3666 562 in'lnuo

436 600 709 672 ἀνθρώπῳ
736 598 796 651 τὸ
830 598 1023 667 ὄνομα.
1056 595 1310 649 Τοιοῦτον
1345 594 1408 663 δὴ
1439 611 1558 647 τινα
1592 593 1685 646 καὶ
1723 591 1882 655 αὐτὸς
1920 586 1999 645 εἴ·

433 694 523 749 δον
553 694 664 755 τοῖς
696 691 821 745 καθ’
846 691 993 760 ἡμᾶς
1030 690 1239 762 χρόνοις
1290 686 1659 755 ἁναφανέντα,
1699 685 1861 755 τέρας
1887 680 2000 738 οἷον

435 785 735 855 ὁρώμενον,
760 782 820 835 ὃν
841 781 982 854 γυνη
1018 779 1251 851 βραχεῖα
1286 778 1431 849 μάλα
1464 778 1708 846 προῆγεν
1742 778 1819 838 εἰς
1861 776 1997 843 φῶς.

439 876 600 932 Οὕτω
623 877 681 931 δὶ
711 870 1152 944 κατεδραχῦνετο
1192 874 1220 925 ό
1252 870 1569 940 Αἰγύπτιος,
1601 870 1678 931 ὼς
1711 866 2002 938 παραπλή-

436 988 551 1023 σιον
576 966 713 1024 εἶναι
743 968 982 1037 πέρδικι,
1032 966 1128 1019 καὶ
1164 964 1288 1036 μηδ’
1330 965 1625 1035 ἀχάριστον
1689 962 1746 1014 ὲν
1802 957 2000 1025 κλωὸᾦ

431 1064 534 1135 τὴν
555 1063 763 1116 ἐκείνου
798 1059 940 1115 εἶναι
981 1058 1371 1131 προσομιλίαν,
1418 1057 1552 1128 πρὸς
1594 1054 1708 1126 ἔριν
1739 1053 1998 1121 κινούμε-

430 1174 520 1218 νος
558 1156 653 1210 καὶ
682 1156 1002 1228 συναῢύρων
1034 1156 1249 1224 ἐκείνῳ.
1282 1152 1355 1204 Τὸ
1394 1150 1449 1203 δὲ
1496 1149 1646 1216 ξένον
1691 1148 1771 1210 εἰς
1805 1144 1997 1215 ἀκοὴν,

431 1248 517 1301 ὅτι
565 1247 662 1301 καὶ
710 1246 975 1317 φρόνησις
1021 1244 1171 1314 ἐνῆν,
1220 1240 1492 1313 ἀνθρώπῳ
1531 1239 1682 1310 καλῷ
1727 1237 2003 1309 ἐφαρμότ-

429 1359 622 1407 τουσα,
648 1340 802 1395 οὐδὲν
834 1314 938 1394 ἀπὸ
966 1339 1066 1410 τῆς
1106 1337 1443 1411 βραχύτητος
1477 1332 1996 1402 καταδλαπτομένη.

432 1432 544 1490 Ἤν
589 1435 645 1488 δὲ
693 1434 790 1489 καὶ
818 1434 879 1487 τὸ
930 1432 1151 1503 φθέγμα
1184 1432 1285 1484 οὐκ
1332 1430 1609 1499 ἄμουσος·
1650 1427 1704 1479 οἵ
1743 1426 1802 1477 τε
1853 1424 2001 1492 λόγοι

430 1526 527 1581 τοῦ
575 1524 665 1580 νοῦ
702 1528 967 1597 παρεῖχον
1015 1523 1253 1592 ὁρᾶσθαι
1311 1521 1411 1591 τὴν
1454 1518 1834 1589 γενναιότητα.
1890 1516 2000 1569 Καὶ

432 1620 601 1687 ἄμφω
621 1618 680 1672 δὲ
720 1617 797 1685 τῷ
836 1617 1013 1688 χρόνῳ
1039 1616 1414 1684 ἀκμάσαντες,
1449 1613 1509 1665 οὐ
1562 1610 1756 1663 θᾶττον
1807 1606 2003 1677 μετῆλ-

433 1710 528 1764 θον
563 1709 652 1763 τὸν
692 1708 844 1779 βίον
878 1709 907 1761 6
932 1706 1061 1777 ’μὲν
1103 1705 1214 1775 γὰρ
1260 1705 1519 1773 μέγιστος
1550 1704 1615 1755 τὰ
1664 1698 2001 1753 εἰκοσιπέντε

432 1801 648 1870 διεξιὼν
694 1804 814 1873 ἐτη,
844 1800 1091 1856 ἀπεῦίω’
1141 1801 1169 1852 ό
1200 1798 1244 1851 δ’
1279 1798 1579 1867 ἐλάχιστος,
1620 1794 1685 1847 οὔ
1711 1788 2000 1863 παραπολὺ

2101 588 2402 659 gitudinem
2463 591 2775 646 cubitorum
2840 593 3083 663 quinque
3150 606 3205 653 ct
3271 598 3432 657 unius
3493 600 3661 671 palmi

2102 692 2454 747 cxcrcverat,
2497 688 2748 757 quamvis
2792 687 2961 755 pcdcs
3006 690 3127 758 ejus
3163 691 3385 763 reliquae
3417 696 3666 764 corporis

2104 778 2466 849 magnitudini
2512 781 2867 852 prepartione
2923 798 3030 838 non
3082 785 3525 855 responderent:
3576 788 3665 843 in-

2086 877 2343 925 trorsum
2375 870 2517 947 cnim
2547 872 2732 927 intorti
2764 883 2817 931 et
2848 874 2961 928 vari
2990 886 3146 931 erant
3174 894 3187 930 :
3222 877 3427 933 homini
3468 896 3665 937 nomen

2101 968 2222 1016 erat
2268 961 2527 1018 Antonio.
2582 962 2765 1019 Talem
2816 974 2974 1020 aztate
3034 983 3251 1037 quoque
3305 980 3490 1025 nostra
3546 972 3665 1041 ipse

2101 1052 2238 1120 vidi,
2281 1068 2380 1123 pro
2428 1064 2678 1111 monstro
2718 1056 3001 1121 habitum,
3035 1076 3197 1130 quem
3248 1061 3431 1117 brevis
3476 1063 3666 1117 admo—

2102 1145 2231 1202 dum
2277 1156 2501 1203 statnra:
2535 1149 2732 1204 mulier
2768 1152 2819 1206 in
2868 1152 3046 1209 lucem
3087 1156 3333 1224 protulit.
3378 1155 3665 1229 Egyptius

2099 1251 2285 1298 autem
2321 1251 2428 1295 tam
2463 1241 2647 1298 brevis
2681 1244 2801 1307 fuit,
2835 1258 2895 1299 ut
2926 1248 3132 1315 perdiei
3169 1251 3461 1318 persimilis
3495 1265 3664 1308 esset.

2102 1335 2289 1406 Neque
2331 1337 2602 1409 ingratum
2651 1341 3021 1408 spectaculum
3054 1354 3200 1407 erat,
3238 1346 3280 1401 si
3314 1340 3435 1403 cum
3481 1349 3573 1402 illo
3608 1353 3661 1404 in

2102 1429 2265 1500 globo
2306 1420 2619 1500 (hominum
2673 1431 2905 1503 scilicet)
2963 1450 3429 1502 conversaretur,
3485 1450 3540 1495 ct
3597 1445 3660 1497 ad

2102 1520 2508 1577 contentionem
2560 1523 2832 1579 excitatus
2882 1527 3205 1584 colluderet.
3275 1530 3439 1604 308
3494 1534 3661 1592 Pot-ro

2103 1612 2250 1683 quod
2320 1613 2575 1671 mirabile
2633 1615 2787 1670 dictu
2837 1629 2956 1684 est,
3019 1620 3308 1689 prudentia
3355 1627 3406 1680 ei
3460 1626 3658 1691 iuerat.

2101 1703 2279 1773 qualis
2343 1704 2551 1759 homini
2612 1706 2855 1764 formoso
2919 1714 3179 1781 competit
3230 1734 3243 1770 :
3307 1718 3509 1792 quippe
3572 1723 3659 1779 cui

2104 1797 2354 1867 corporis
2400 1798 2617 1854 exilitas
2659 1815 2722 1854 ea
2775 1802 2841 1855 de
2892 1818 2947 1857 re
2992 1805 3129 1859 nihil
3178 1807 3491 1867 ademisset.
3547 1813 3659 1869 Vox

428 1899 637 1951 τούτων
671 1895 1018 1965 λειπόμενος.
1069 1893 1244 1947 Πολλὰ
1295 1891 1351 1944 δὲ
1383 1890 1479 1943 καὶ
1505 1888 1668 1957 ἕτερα
1696 1882 1994 1976 τηνικαῦτα

2104 1903 2134 1943 a
2183 1887 2351 1943 Musis
2409 1905 2515 1945 non
2583 1892 2931 1949 abhorrebat.
2987 1895 3180 1952 Sermo
3240 1903 3441 1958 mentis
3499 1920 3664 1976 gene-

432 1990 737 2061 συνέδραμε
778 1987 986 2067 ⁵τέρατα
1011 2000 1025 2017 ‘
1069 1984 1103 2039 ἃ
1136 1985 1278 2038 κατὰ
1321 1984 1483 2052 μέρος
1515 1978 1773 2045 διεξιέναι
1804 1979 1864 2029 ού
1913 1973 2001 2028 τοῦ

430 2084 700 2153 παρόντος
736 2077 877 2137 εἶναι
916 2081 1124 2151 νομίζω
1153 2076 1368 2149 καιροῦ.

2104 1979 2385 2037 rositatem
2426 1985 2778 2053 spectandam
2824 1989 3134 2047 exhibebat.
3180 1991 3422 2065 Uterque
3464 2000 3658 2053 eodem

2032 2112 2033 2115 η
2100 2069 2197 2125 illo
2253 2079 2499 2142 tempore
2554 2076 2783 2145 vigens,
2842 2097 2951 2134 non
3009 2084 3197 2139 statim
3263 2089 3430 2144 vitam
3494 2090 3655 2145 limit.

428 2179 699 2238 Maximus
757 2167 911 2236 enim
950 2179 1142 2250 viginti
1198 2177 1446 2245 quinque
1488 2171 1730 2243 explevit
1789 2183 1985 2231 annos.
2026 2167 2291 2225 minimus
2335 2183 2518 2227 autem
2588 2189 2698 2229 non
2732 2178 2964 2235 multum
3036 2184 3104 2237 ab
3133 2184 3212 2240 eis
3258 2186 3453 2244 abluit.
3494 2190 3658 2247 Multa

428 2287 698 2347 praeterea
732 2274 842 2351 alia
877 2286 989 2328 tum
1022 2285 1357 2329 concurrere
1386 2268 1659 2341 prodigia,
1695 2280 1818 2336 quae
1851 2263 2133 2335 sigillatim
2168 2263 2380 2322 referre
2410 2281 2518 2323 non
2551 2267 2714 2340 hujus
2743 2270 2850 2328 loci
2888 2289 3007 2333 esse
3045 2290 3197 2349 puto.

990 2408 1238 2463 ΚΕΦΑΛ.
1284 2405 1419 2460 AM'.

427 2538 592 2611 Περὶ
617 2532 726 2601 τῆς
739 2522 1536 2611 ’δικίὶγχόνῃς-ἁναιρέρνεως

494 2599 607 2667 ῥοῦ
660 2599 767 2660 τοῦ
800 2599 940 2654 νέου
967 2601 1083 2655 ὑπὸ
1114 2599 1555 2666 Ἀρουαγάστου
1583 2599 1687 2646 τοι)
1734 2604 1993 2658 στρατη⁴

494 2698 627 2752 του.

498 2818 785 2878 Θεοδόσιος
820 2813 920 2883 μὲν
960 2808 1053 2864 οὖν
1079 2807 1222 2861 οὕτω
1250 2804 1348 2875 τὴν
1376 2804 1515 2874 πρὸς
1551 2801 1667 2855 Ἕω
1690 2801 1996 2873 ἀρχομένην

426 2911 647 2972 ίθύνιον,
677 2906 945 2978 λαμπρῶς
970 2920 1030 2955 τε
1051 2901 1169 2970 ἃμα
1189 2899 1284 2952 καὶ
1326 2895 1601 2966 ἐπιμελῶς
1643 2895 1867 2948 διετέλει
1910 2894 2000 2947 Θε-

429 3002 685 3077 ραπεύων
712 3000 772 3054 τὸ
814 2999 992 3061 Θεῖον,
1026 2997 1147 3057 ταῖς
1197 2992 1516 3063 καθημέραν
1546 2990 1891 3061 προσθήκαις
1918 2990 1999 3052 εἰς

427 3097 667 3152 ιπίδοσιν
725 3093 876 3162 ἄγων
938 3092 1030 3143 τὸν
1095 3087 1523 3159 Χριστιανισμὸν
1557 3102 1573 3117 ο
1626 3085 1731 3139 ἀνὰ
1776 3084 1834 3137 δὲ
1899 3082 1997 3152 τὴν

441 3188 714 3258 Ἑσπέραν
740 3187 807 3240 τὰ
831 3184 1067 3255 δημόσια
1102 3181 1264 3235 πάλιν
1294 3182 1548 3252 πονήρως
1578 3173 1722 3249 εἶχεν
1752 3194 1766 3209 ο
1800 3178 1998 3300 ἠγγέλη
2019 3235 2066 3300 c

441 3290 446 3300 .
624 3284 635 3300 ς
748 3283 763 3300 ι
838 3283 850 3300 .
926 3280 1129 3300 ι-..ι,,
1178 3276 1399 3300 οηυ,
1463 3276 1553 3300 _,__
1600 3275 1720 3300 ,ΑΝ
1757 3274 1865 3300 ,νη
1908 3290 1963 3300 ,η

428 3287 552 3339 λετο
577 3284 686 3355 γὰρ
714 3283 805 3335 τὸν
835 3283 892 3335 ὲν
922 3280 1134 3347 ἑσπέρα
1178 3276 1421 3347 βασιλέα,
1462 3276 1553 3327 τὶν
1600 3275 1720 3326 νέον
1757 3272 1992 3326 Οὐαλεν-

427 3379 685 3441 τινιανὸν,
719 3378 923 3446 ἀγχόνῃ
955 3371 1344 3442 διαφθαρῆναι.
1398 3367 1648 3436 Ἐλέγετο
1685 3368 1743 3420 δὲ
1787 3366 1992 3435 ταύτην

424 3471 576 3543 αὐτῷ
605 3472 702 3542 τὴν
728 3467 1025 3538 ἐπιϐουλὴν
1048 3465 1313 3519 καττῦσαι
1342 3464 1429 3516 διὰ
1459 3461 1568 3516 τῶν
1597 3460 1991 3530 θαλαμοπόλων

423 3562 695 3634 εὐνούχων
729 3561 922 3625 ἄλλους
952 3576 1012 3612 τε
1045 3558 1222 3620 τινὰς,
1261 3557 1359 3608 καὶ
1403 3555 1816 3624 ’Δρουαγάοτην
1847 3554 1991 3605 ἐκεῖ·

420 3674 536 3720 νον,
572 3655 632 3717 ὃς
663 3655 758 3724 τῆς
784 3653 876 3706 ὑπ’
905 3650 1057 3721 αὐτῷ
1104 3652 1289 3720 πάσης
1338 3649 1601 3719 στρατιᾶς
1650 3646 1751 3716 τὴν
1801 3646 1991 3715 ὲπιμέο

420 3748 572 3802 λειαν
600 3742 768 3817 εἶχεν.
802 3745 959 3800 Ἐπεὶ
986 3746 1095 3813 γὰρ
1144 3738 1283 3796 εἶδον
1312 3744 1404 3794 τὸν
1436 3740 1556 3794 νέον
1600 3740 1676 3802 ὡς
1716 3740 1785 3791 τὰ.
1822 3738 1990 3791 πολλὰ

419 3840 544 3898 κατ’
574 3839 726 3894 οὐδὲν
761 3839 1085 3906 λειπόμενον
1126 3834 1221 3889 τοῦ
1265 3835 1477 3903 πατρὸς
1533 3836 1599 3904 τῇ
1629 3835 1797 3902 ἀρχῇ,
1828 3832 1993 3903 χαλε·

421 3933 543 3996 πῶς
568 3948 628 3985 τε
672 3928 1013 3999 διακείμενον
1066 3922 1144 3981 οἷς
1176 3926 1405 3985 ἐκείνοις
1455 3927 1650 3990 ἐδόκει,
1706 3927 1770 3977 ἐκ
1822 3927 1990 3992 μέσου

422 4029 598 4082 θεῖναι
639 4023 960 4080 διενοοῦντο.
1009 4023 1281 4093 ’Δκρατὴς
1318 4021 1367 4073 δ’
1408 4015 1475 4090 ἦν
1520 4018 1664 4088 μάλα
1708 4014 1882 4084 θυμοῦ
1917 4032 1929 4046 ·
1962 4016 1991 4069 ὂ

421 4124 518 4177 καὶ
544 4119 642 4174 τοῦ
668 4121 768 4191 ζῇν
798 4117 961 4172 αὐτὸν
987 4115 1303 4186 περιφανῶς
1336 4112 1732 4180 ἑξεδίσκευσεν.
1765 4109 1855 4180 Τῷ
1884 4110 1991 4177 γὰρ

433 4212 813 4282 Ἀρουαγάστῃ
842 4210 924 4290 εἰς
965 4208 1155 4275 λόγους
1197 4205 1370 4260 ἐλθὼν
1404 4204 1545 4258 κατὰ
1585 4206 1654 4258 τὰ
1691 4203 1986 4274 ἀνάκτορα,

419 4307 544 4361 ἐπεὶ
566 4308 595 4362 6
617 4305 860 4372 διάλογος
882 4303 961 4367 εἰς
990 4301 1160 4374 ὀργὴν
1188 4300 1441 4369 ἐξέμηνε,
1471 4297 1621 4365 ξίφος
1637 4296 1862 4366 ὥρμησε
1887 4314 1989 4349 κα-

416 4402 489 4454 τὰ
509 4399 601 4453 τοῦ
634 4395 945 4467 στρατηγοῦ
993 4392 1302 4449 σπάσασθαι
1334 4408 1350 4422 ⁶
1387 4390 1648 4455 κωλυθεὶς
1680 4390 1736 4442 δὲ
1763 4391 1846 4457 (ού
1878 4388 1989 4458 γὰρ

417 4492 604 4547 εἴασεν
629 4493 657 4546 6
685 4490 986 4562 δορυφόρος
1015 4482 1078 4543 οὗ
1109 4486 1169 4541 τὸ
1220 4486 1373 4556 ξίφος
1419 4485 1716 4539 ἐπεϐάλετο
1764 4485 1987 4552 ἕλκειν),

2619 2405 2846 2466 CAPUT
2878 2410 3167 2507 XXXVlIl.

2094 2515 2360 2582 Quomodo
2390 2519 2790 2613 Valegtiniunus
2814 2526 3000 2613 ,ἰκρίον
3024 2534 3083 2587 ab
3108 2533 3397 2607 Arbogasto
3421 2542 3547 2597 duce
3562 2520 3661 2613 per

2445 2595 2841 2665 suﬁ‘ocationem
2863 2601 2927 2653 sit
2952 2595 3313 2673 interempta}.

2168 2798 2236 2853 Et
2278 2797 2619 2855 Theodosius
2647 2800 2871 2871 quidem
2911 2802 3014 2861 hoc
3050 2808 3210 2863 modo
3239 2809 3514 2869 Orientale
3561 2832 3662 2888 gu-

2099 2892 2367 2948 bernabat
2400 2891 2708 2964 imperium,
2753 2912 2943 2968 magna
2989 2915 3122 2956 cura
3175 2905 3463 2976 magniﬁce
3489 2908 3660 2965 Deum

2100 2985 2309 3052 colens,
2334 2994 2389 3040 et
2437 2987 2687 3056 quotidie
2744 2991 2900 3047 novis
2953 2996 3365 3055 accessionibus
3396 3000 3660 3058 Chi-istia-

2099 3078 2336 3133 nismum
2368 3080 2663 3151 adaugens.
2729 3084 2788 3137 In
2833 3084 3128 3143 Occidente
3171 3107 3301 3147 vero
3354 3098 3660 3166 respublica

2100 3171 2240 3227 male
2272 3172 2483 3227 habuit.
2545 3174 2827 3245 Siquidem
2886 3179 3162 3250 juniorem
3217 3185 3656 3249 Valentinianum

2099 3265 2480 3336 imperatorem
2532 3268 2656 3339 gula
2727 3271 2895 3327 fracta
2944 3275 3246 3344 interiisse,
3282 3282 3658 3344 renuntiatum

2092 3369 2192 3414 est.
2222 3358 2434 3415 Ctedem
2467 3378 2586 3417 eam
2613 3379 2707 3434 per
2739 3366 2967 3424 insidias
2996 3370 3046 3426 ci
3081 3372 3296 3429 molitos
3326 3392 3445 3433 esse
3473 3378 3659 3436 ferunt

2092 3452 2459 3511 cubicularios
2515 3460 2820 3527 eunuchos,
2883 3471 3050 3534 atque
3121 3467 3258 3527 alios
3314 3473 3577 3540 quosdam
3638 3494 3653 3530 :

2092 3546 2561 3620 Arbogastemque
2604 3556 2835 3610 maxime
2869 3557 3040 3622 illum,
3065 3561 3158 3631 qui
3190 3564 3508 3622 militarium
3539 3571 3659 3638 ejus

2091 3643 2374 3711 copiarum
2405 3646 2649 3701 omnium
2693 3649 2884 3706 habuit
2922 3667 3108 3707 curam
3151 3666 3204 3710 et
3228 3657 3657 3719 administratio-

2091 3748 2232 3788 nem.
2266 3735 2401 3790 Cum
2428 3737 2574 3794 enim
2600 3741 2851 3810 juvenem
2887 3743 3115 3813 imperio
3130 3746 3486 3816 gubernando
3510 3755 3658 3810 nulla

2090 3840 2261 3896 prope
2291 3843 2348 3883 re
2371 3831 2511 3899 patri
2536 3816 2847 3887 inferiorem
2880 3851 3022 3900 esse,
3051 3846 3107 3891 et
3138 3844 3374 3908 graviter
3396 3843 3655 3917 pleraque

2090 3934 2211 3989 qua:
2259 3921 2367 3977 illis
2422 3924 2774 3992 placuissent,
2843 3928 2983 3984 ferre
3040 3933 3310 3998 viderent,
3360 3940 3654 3996 consiliqu

2089 4015 2209 4087 ejus
2234 4019 2577 4087 opprimendi
2606 4034 2824 4088 cepere.
2861 4022 2989 4077 Erat
3019 4034 3201 4080 autem
3234 4027 3328 4082 ira:
3357 4028 3652 4086 admodum

2090 4108 2400 4178 impatiens.
2456 4110 2586 4177 Quae
2648 4129 2735 4168 res
2764 4117 2928 4170 etiam
2971 4128 3158 4186 aperte
3218 4121 3381 4177 caedis
3407 4121 3459 4178 ei
3491 4138 3655 4180 causa

2090 4201 2212 4257 fuit.
2244 4203 2380 4258 Cum
2410 4205 2706 4278 Arbogaste
2755 4210 2900 4264 enim
2925 4210 2976 4265 in
3015 4216 3164 4283 regia
3193 4214 3518 4284 collocutus,
3559 4218 3651 4273 ubi

2088 4297 2254 4350 verba
2291 4298 2345 4351 in
2380 4298 2514 4356 iram
2546 4302 2786 4357 insanam
2840 4318 3086 4375 evasere,
3154 4323 3283 4363 ense
3334 4311 3654 4378 magistrum

2090 4387 2325 4446 militum
2372 4394 2665 4458 confodere
2697 4411 2978 4467 aggressus
3010 4409 3113 4454 est.
3168 4400 3273 4456 Sed
3334 4419 3361 4456 a
3396 4404 3651 4471 satellite,

2089 4481 2175 4536 eui
2202 4483 2404 4537 ferrum
2436 4486 2722 4541 extrahere
2771 4488 2925 4541 uisus
2957 4488 3161 4555 fuerat.
3194 4492 3481 4559 inhibitus,
3538 4503 3652 4551 tum

417 4585 541 4640 τότε
577 4586 677 4655 μὶν
704 4583 886 4652 λόγοις
936 4581 1181 4651 προσῆγε
1242 4579 1320 4649 τῷ
1366 4579 1746 4651 Ἀροιιαγὰστῃ
1773 4579 1870 4649 τὴν
1901 4578 1991 4631 ϐε-

2093 4576 2312 4645 quidem
2345 4579 2523 4633 verbis
2545 4580 2903 4651 Arbogaqem
2958 4584 3138 4641 acrius
3166 4585 3509 4655 objurgatum
3540 4588 3657 4658 pla-

421 4678 656 4751 ραπείαν
696 4690 713 4709 ο
747 4678 778 4730 6
825 4675 882 4729 δὲ
930 4677 1041 4737 τοῖς
1074 4673 1255 4742 λόγοις
1322 4672 1527 4741 μᾶλλον
1578 4672 1677 4740 τὴν
1714 4673 1987 4740 σφετέραν

418 4769 655 4841 ἠκρίϐου
697 4769 973 4831 ὒπόνοιαν,
1005 4770 1086 4831 είς
1114 4769 1321 4835 γνῶσιν
1371 4765 1774 4837 μεθισταμένην
1815 4782 1831 4798 ·
1862 4766 1990 4817 ἐπε-

421 4864 636 4935 ρομένῳ
652 4862 761 4932 γὰρ
802 4860 901 4929 τῆς
940 4860 1205 4928 τοσαύτης
1229 4860 1409 4930 ὁρμῆς
1438 4858 1537 4927 τὴν
1571 4859 1769 4919 αἰτίαν,
1799 4857 1990 4911 ἑαυτὸν

416 4951 818 5024 διαχρήσασθαι
846 4953 875 5004 6
900 4953 1029 5012 παῖς
1056 4951 1409 5021 ἀπεκρίνατο,
1442 4951 1635 5017 ὅτιπερ
1689 4945 1989 5016 βασιλεύων

416 5048 479 5102 ού
512 5046 845 5116 ξυγχωρσῖτο
878 5045 1138 5110 πράττειν
1172 5041 1208 5096 ἃ
1230 5042 1505 5112 βούλεται,
1551 5045 1648 5095 καὶ
1677 5043 1764 5095 διὰ
1808 5041 1989 5095 τοῦτο.

420 5143 529 5196 Καὶ
559 5142 586 5193 6
614 5141 712 5210 μὲν
752 5140 872 5192 τότε
910 5137 1077 5207 μηδέν
1107 5154 1157 5188 τι
1221 5135 1381 5190 πλέον
1433 5134 1987 5204 πολυπραγμονήσας,

424 5235 499 5305 μὴ
529 5232 886 5300 καταξιοῦιτα
910 5232 1085 5293 οὕτως
1112 5231 1306 5299 ἔχοντα
1332 5230 1454 5300 ζῇν,
1485 5227 1708 5297 ὕστερον
1739 5232 1797 5279 ἐν
1838 5227 1988 5279 Βιέν-

420 5343 489 5399 vn
517 5326 615 5398 τῆς
638 5326 873 5390 Γαλλίας
903 5325 1093 5379 τοῦτον
1124 5325 1487 5395 ἠριστηκότα,
1524 5323 1615 5374 καὶ
1644 5321 1781 5391 πρὸς
1816 5321 1988 5386 τάφα-

419 5422 483 5490 νῆ
518 5420 625 5473 τῶν
656 5420 946 5490 βασιλείων
978 5422 1110 5488 περὶ
1136 5419 1195 5471 τὸ
1226 5416 1322 5470 τοῦ
1380 5414 1626 5484 ποταμοῦ
1661 5415 1834 5483 χεῖλος
1885 5429 1985 5479 με-

420 5511 621 5581 σούσης
652 5513 864 5583 ἡμέρας
901 5514 1174 5577 παιγνίοις
1222 5510 1332 5559 τισὶ
1365 5507 1692 5576 σχολάζοντα
1716 5504 1988 5570 θεασάμε-

420 5622 532 5668 νος,
563 5604 773 5672 πέμπει
805 5603 913 5654 τῶν
937 5618 1089 5662 τινας
1121 5601 1211 5653 ὑπ’
1246 5598 1416 5669 αὐτῷ,
1459 5597 1665 5667 ἀγχόνῃ
1698 5596 1758 5650 τὸ
1794 5596 1985 5666 μειρά-

416 5714 536 5752 κιον
551 5696 888 5768 διαφθεῖραι,
916 5696 1130 5760 οὐδενὸς
1159 5697 1267 5748 τῶν
1289 5692 1745 5762 ὑπηρετουμένων
1767 5706 1988 5759 συμπα-

418 5789 600 5862 ρόντος
628 5788 776 5860 αύτῷ
802 5806 816 5821 ο
835 5789 989 5858 ὁγὰρ
1011 5789 1199 5861 καιρὸς
1213 5788 1444 5858 ἀριστᾷν
1476 5784 1673 5846 αὐτοὺς
1705 5783 1990 5853 μετεστέλ-

414 5881 559 5933 λετο.
582 5880 689 5936 Καὶ
704 5883 732 5935 6
751 5882 848 5954 μὲν
866 5880 1008 5935 οὕτω
1022 5880 1222 5953 χειρῶν
1244 5880 1531 5950 ἀγριότητι
1548 5868 1878 5941 ἀπεπνίγετο
1900 5892 1912 5906 ·
1936 5877 1987 5928 οἱ

2092 4672 2255 4725 cavit.
2296 4671 2390 4726 llle
2416 4684 2598 4727 autem
2625 4689 2691 4727 ex
2722 4676 2907 4729 verbis
2935 4677 3055 4746 ejus
3081 4678 3397 4748 opinionem
3426 4680 3573 4735 illius
3598 4682 3652 4735 in

2091 4774 2340 4833 apertqu
2369 4766 2688 4835 productam
2723 4770 3035 4824 accuratius
3089 4770 3509 4838 considerando,
3570 4790 3657 4828 se.-

2090 4870 2214 4909 cum
2246 4856 2362 4926 ipse
2400 4857 2704 4927 perpendit.
2741 4860 3045 4929 inquirenti
3078 4861 3376 4919 enimtanti
3411 4865 3655 4935 impetus

2089 4964 2351 5005 causam:
2395 4953 2698 5007 Allaturutn
2732 4953 2834 5008 sibi
2869 4953 2970 5021 ipsi
3019 4970 3213 5011 manus
3267 4970 3407 5020 esse,
3466 4958 3653 5013 adole-

2090 5060 2247 5098 scens
2273 5047 2569 5115 respondit,
2604 5048 2749 5116 quod
2782 5063 2904 5103 cum
2945 5049 3244 5118 imperator
3266 5060 3431 5111 esst-1,
3475 5050 3655 5106 facere

2090 5138 2234 5205 quod
2263 5140 2441 5200 vellet,
2502 5154 2608 5192 non
2645 5142 3100 5210 permitteretur:
3159 5150 3494 5210 quapropter
3547 5143 3649 5197 sibi

2090 5231 2199 5284 vita
2232 5231 2352 5285 talis
2382 5231 2589 5298 ingrata
2640 5231 2803 5285 etiam
2833 5242 2998 5287 chct.
3036 5233 3211 5303 Atque
3265 5233 3354 5287 ille
3386 5243 3499 5288 tum
3529 5236 3653 5304 qui-

2090 5323 2211 5377 dem
2292 5324 2424 5379 nihil
2498 5324 2733 5395 amplius
2798 5324 3011 5378 curiose
3064 5335 3435 5397 percontatus.
3489 5324 3653 5395 309

2090 5416 2283 5472 Postea
2316 5428 2496 5472 autem
2522 5417 2737 5473 Vienna:
2778 5417 2830 5473 in
2864 5418 3056 5483 Gallia,
3086 5435 3205 5474 eum
3235 5435 3358 5473 eum
3389 5437 3651 5489 pransum

2087 5509 2140 5562 in
2174 5509 2443 5562 abditiore
2488 5508 2646 5580 regite
2690 5509 2810 5564 loco
2851 5512 2915 5564 ad
2968 5510 3206 5564 [luminis
3265 5511 3433 5581 ripam
3490 5513 3651 5564 meri-

2087 5598 2253 5652 diano
2284 5611 2529 5668 tempore
2574 5600 2786 5654 ludicro
2834 5601 3045 5659 cuidam
3088 5611 3364 5657 vacantem
3401 5603 3647 5668 vidisset,

2086 5705 2437 5759 percussores
2466 5692 2727 5758 quosdam
2759 5708 2823 5746 ex
2848 5694 2962 5748 suis
2990 5694 3039 5749 ei
3065 5694 3310 5758 immisit,
3365 5694 3455 5764 qui
3521 5693 3648 5748 adu-

2084 5780 2444 5837 lescentulum
2463 5782 2820 5836 sulTocatione
2840 5795 3119 5847 necarent,
3148 5800 3269 5839 cum
3289 5800 3354 5839 ex
3382 5784 3648 5841 ministris

2083 5874 2132 5928 ci
2168 5888 2328 5929 nemo
2345 5875 2562 5931 adesset
2590 5884 2838 5944 :tcmpus
2862 5876 3008 5932 enim
3033 5877 3153 5933 illos
3180 5877 3241 5929 all
3264 5875 3641 5944 prandendum
