4056 6228
503 336 611 400 879

1732 341 2154 406 NICEPHORI
2192 342 2540 406 CALLISTI

3640 347 3771 417 τεο

504 459 846 507 evocaverat.
877 449 1064 521 Itaque
1099 452 1191 511 ille
1223 454 1301 512 sic
1327 455 1642 514 crudelibus
1704 460 2059 532 strangulatu:

2184 459 2239 512 δέ
2266 477 2327 528 γε
2356 460 2417 515 τδ
2443 461 2607 531 ἔργον
2638 460 3095 533 διαπραξάμενοι,
3134 461 3220 518 ἵνα
3249 462 3326 531 μὴ
3347 466 3409 519 ἐκ
3452 466 3543 520 τοῦ
3575 469 3770 538 σχεδὸν

504 549 586 596 est
613 540 890 596 manibus.
946 543 1204 599 Atcaedis
1249 546 1369 615 eius
1420 556 1748 618 patratores,
1811 564 1880 604 ne
1919 549 1963 605 si
2022 565 2087 602 ex

507 638 760 700 tempore
810 628 996 686 statim
1028 648 1386 702 percussores
1440 636 1878 707 inquirerentur,
1929 637 2087 694 facile

502 721 848 791 deprehendi
902 733 1146 792 possent,
1178 725 1400 781 sudario
1424 727 1546 798 ejus
1581 739 1837 800 tanquam
1892 729 2090 800 laqueo

505 815 716 869 circum
747 817 950 873 collum
981 815 1174 887 ligato,
1233 818 1524 874 sublimem
1557 836 1681 875 eum
1721 821 2087 890 suspendere,

509 914 568 959 ut
601 924 696 960 sua
731 918 926 979 sponte
957 908 1061 965 sibi
1121 911 1235 981 ipse
1275 911 1454 982 gulam
1517 911 1745 983 fregisse
1779 913 2086 968 videretur.

508 998 987 1056 Adolescentulum
1042 1003 1205 1058 istum
1287 1003 1517 1059 mirifice
1572 1003 1802 1073 imperio
1855 1002 2083 1073 dignum

507 1091 683 1147 visum
712 1108 831 1149 esse
868 1095 1045 1159 aiunt,
1079 1104 1300 1166 propter
1343 1097 1538 1150 bonam
1579 1096 1830 1169 corporis
1863 1096 2087 1152 habitu-

508 1181 718 1246 dinem,
750 1193 809 1239 et
832 1186 1095 1240 virtutum
1143 1186 1436 1243 multarum
1490 1200 1849 1250 concursum,
1882 1184 2087 1258 quibus

508 1274 808 1344 imperator
874 1275 1052 1330 bonus
1122 1287 1442 1331 exornatur.
1519 1275 1892 1349 Magnitudine
1955 1291 2084 1332 vero

506 1364 699 1428 animi,
757 1374 815 1419 et
857 1366 1068 1436 justitia
1146 1384 1379 1434 summa,
1433 1379 1643 1437 patrem
1704 1372 1868 1424 etiam
1921 1384 2084 1426 suum

506 1465 962 1525 exsuperaturum
998 1461 1185 1521 fuisse.
1207 1460 1477 1529 siquidem
1497 1460 1545 1514 ei
1570 1461 1623 1515 in
1647 1466 1825 1515 virum
1847 1464 2084 1517 evadere

506 1547 771 1606 licuisset.
808 1550 923 1605 Tali
956 1551 1047 1606 ille
1070 1562 1265 1617 morte,
1295 1567 1418 1608 eum
1441 1552 1565 1614 talis
1581 1563 1744 1619 esset,
1763 1554 2079 1611 vicesimum

500 1642 677 1699 atatis
705 1659 875 1713 agens
898 1660 1124 1708 annum,
1156 1644 1321 1700 vitam
1354 1644 1517 1699 finiit.

1062 1758 1287 1817 CAPUT
1321 1758 1564 1814 XXXIX.

506 1844 586 1900 De
640 1848 921 1916 tyrannide
970 1847 1195 1916 Eugenii
1234 1851 1290 1903 in
1352 1848 1675 1906 Occidente:
1724 1834 1771 1906 et
1834 1861 1889 1904 ιιι
1939 1856 2076 1907 hunc

572 1932 777 1987 quoque
830 1917 939 1972 Deo
974 1917 1203 1989 dilectus
1236 1923 1524 1988 imperator
1574 1922 1787 1989 uicerit,
1814 1938 1933 1978 cum
1958 1938 2074 1978 eam

575 1989 849 2042 uictoriam
876 1988 1041 2043 divini
1067 1990 1167 2042 viri
1206 1991 1596 2069 ριἰειίὶςεὶεεεηι.

576 2103 854 2173 Eugenius
883 2113 1094 2167 autem,
1123 2103 1354 2160 'Graaca:
1403 2105 1814 2175 superstitionis
1868 2105 2071 2172 cultor,

2193 551 2478 623 ζητήσεως
2523 554 2824 625 γενομένης
2850 554 3169 626 κατάφωροι
3197 557 3490 626 γένωνται,
3512 558 3571 612 τὸ
3620 562 3771 615 ὲκεί-

2192 663 2283 699 νου
2315 643 2654 715 ἠμιτύμϐιον
2680 646 2878 702 ὡσανεὶ
2900 648 3096 719 βρόχον
3122 649 3203 719 τῷ
3235 651 3495 723 τραχήλῳ
3537 654 3773 721 περιϐα-

2191 737 2398 802 λόντες,
2432 742 2512 799 εἰς
2540 739 2671 809 ὕψος
2696 740 2955 809 ἀρτῶσιν,
2983 743 3059 804 ὡς
3083 740 3149 795 ἄν
3183 758 3246 810 γε
3282 742 3407 818 δόξῃ
3439 747 3505 813 τῇ
3525 747 3773 817 σφετέρᾳ

2190 831 2383 902 γνώμῃ
2409 830 2604 885 ἑαυτὸν
2634 833 2700 901 τῇ
2732 831 2942 903 ἀγχόνῃ
2967 832 3275 888 ἐπιϐαλεῖν.
3301 834 3439 887 Φασί
3468 851 3531 904 γε
3564 836 3681 906 μὴν
3710 840 3773 891 τὸ

2192 924 2483 995 μειράκιον
2554 921 2716 976 τοῦτο
2774 920 3070 993 ὑπερφυῶς
3132 921 3283 990 δόξαι
3333 925 3428 995 τῆς
3485 926 3771 996 βασιλείας

2188 1013 2362 1081 ἄξιον,
2387 1016 2461 1082 τῷ
2490 1031 2549 1068 τε
2571 1018 2665 1069 τοῦ
2699 1019 2955 1082 σώματος
2986 1010 3044 1069 εὖ
3074 1016 3244 1085 ἔχειν,
3273 1019 3366 1070 καὶ
3396 1017 3611 1070 πολλῶν
3638 1021 3773 1088 ἀρε.

2186 1106 2297 1160 τῶν
2328 1108 2622 1180 συνδρομῇ,
2648 1104 2730 1171 οἷς
2756 1109 2783 1161 ὁ
2808 1107 3087 1179 βασιλικὸς
3133 1110 3306 1173 τύπος
3354 1114 3773 1183 χαρακτηρίζε·

2185 1218 2298 1257 ται.
2337 1202 2428 1271 Τῷ
2462 1202 2519 1256 δὲ
2578 1202 2950 1273 μεγαλοψύχῳ
3003 1203 3097 1257 καὶ
3139 1201 3217 1274 τῷ
3268 1203 3369 1275 τῆς
3414 1204 3770 1275 δικαιοσύνης

2183 1294 2342 1366 ἄκρῳ
2371 1298 2467 1349 καὶ
2500 1296 2593 1350 τὸν
2619 1296 2830 1351 ἐκείνου
2886 1295 3291 1364 ὑπερϐαλέσθαι
3344 1298 3576 1380 πατέρα,
3600 1300 3661 1353 εἴ
3703 1316 3766 1367 γε

2186 1389 2542 1457 συνεχωρεῖτο
2590 1389 2727 1460 πρὸς
2756 1382 2979 1460 ’ἄνδρας
3015 1388 3253 1445 τελέσαι.
3297 1389 3355 1445 ὐ
3394 1390 3495 1462 μιν
3525 1389 3619 1446 οὖν
3658 1408 3769 1445 τοι-

2180 1478 2339 1545 οῦτος
2369 1480 2465 1543 ὢν,
2497 1478 2641 1534 οὕτω
2664 1477 2947 1547 τέθνηκεν,
2975 1477 3220 1533 εἰκοστὸν
3253 1480 3359 1534 ἀπὸ
3376 1481 3473 1551 τῆς
3488 1480 3765 1549 γενέσεως

2177 1572 2299 1638 ho;
2330 1574 2500 1643 ἄγων.

2738 1778 2793 1835 Κ
2804 1780 3002 1835 ΕΦΔΛ.
3063 1780 3190 1836 ΔΘ’.

2181 1873 2319 1939 Περὶ
2352 1871 2473 1942 τῆς
2523 1872 2591 1926 δν
2636 1870 2893 1942 Ἑσπέρφ
2935 1874 3230 1942 Εὐτενίου
3253 1873 3614 1941 τυραννίδος
3634 1892 3649 1908 ·
3676 1876 3761 1941 ὡς

2245 1944 2342 1996 καὶ
2370 1941 2588 1997 τοῦτον
2618 1946 2652 1995 ό
2680 1941 2967 2012 θεοφιλὴς
2997 1941 3378 2011 ἐτροπώσιιτο
3424 1945 3756 2012 βασιλεὺς,

2245 2013 2419 2067 θείων
2448 2011 2688 2081 ἀνδρῶν
2707 2011 3342 2083 προκαταγγοεαὰντων
3363 2015 3480 2083 τὴν
3507 2016 3718 2084 νίκην.

2255 2125 2419 2197 Ἀνὴρ
2442 2125 2497 2180 δέ
2522 2142 2606 2191 τις
2635 2127 2914 2193 Εὐγένιος,
2967 2126 3168 2197 Ἕλλην
3194 2130 3255 2181 τδ
3276 2126 3462 2194 σέϐας,
3504 2128 3754 2203 ἐπιπηδᾷ

503 2211 775 2249 summam
808 2211 989 2250 rerum
1044 2196 1270 2261 involat,
1316 2206 1363 2251 et
1423 2197 1725 2266 imperialia
1770 2198 1874 2252 sibi
1903 2200 2059 2253 sumit

2171 2218 2235 2286 τῇ
2272 2196 2437 2286 ἀρχῇ.
2468 2217 2559 2270 καὶ
2586 2217 2656 2268 τὰ
2683 2217 2779 2283 τῆς
2819 2214 3103 2284 βασιλείας
3124 2196 3498 2285 ἀμφιέννυται
3542 2196 3754 2287 σύμϐολ

495 2285 753 2354 insignia,
784 2285 1074 2355 adjuvante
1104 2286 1409 2357 Arbogaste
1446 2305 1457 2340 :
1495 2289 1589 2357 qui
1615 2287 1758 2359 quod
1807 2288 2059 2345 barbarus

2170 2285 2257 2373 λα,
2295 2285 2692 2379 συνεργοῦντος
2738 2308 3169 2381 Ἀρουαγάστου,
3191 2309 3251 2373 δς
3284 2309 3560 2381 βάρϐαρος
3590 2285 3673 2363 ὧν
3690 2309 3750 2363 τὸ

495 2391 695 2446 genere
724 2386 887 2439 esset,
936 2377 1167 2447 imperio
1225 2394 1452 2435 manum
1507 2380 1736 2452 injicere
1785 2395 2059 2452 aggressus

2167 2404 2347 2472 γένος,
2380 2377 2491 2457 ούδ⁸
2545 2377 2828 2457 ἐπιϐαλεῖν
2857 2405 2924 2473 τῇ
2967 2404 3107 2473 ἀρχῇ
3149 2377 3532 2473 ἐπεχείρησεν.
3573 2402 3745 2472 Εὐγέ-

496 2486 605 2527 non
641 2478 745 2526 est.
793 2470 1071 2544 Eugenius
1100 2481 1283 2527 autem
1345 2472 1562 2528 Latinas
1590 2474 1824 2542 prinmm
1856 2474 2059 2531 litteras

2167 2470 2280 2560 νιος
2312 2496 2368 2549 δὶ
2414 2495 2753 2564 Ῥωμαῖκοὺς
2793 2470 3369 2562 λιγᾉυζέάιδιιᾶων
3524 2470 3740 2565 πρῶτα,

492 2564 682 2619 docuit
717 2581 729 2617 :
765 2564 964 2620 deinde
995 2564 1125 2620 ludo
1157 2565 1422 2621 litterario
1453 2566 1666 2628 relicto,
1716 2565 1769 2621 iu
1798 2566 2059 2637 imperiali

2165 2591 2360 2644 ἔπειτα
2386 2588 2680 2659 διαρρίψας
2707 2588 2777 2643 τὰ
2804 2588 3190 2659 παιδευτήρια,
3216 2590 3362 2643 κατὰ
3393 2589 3458 2642 τὰ
3492 2564 3739 2659 βασίλεια

492 2658 617 2733 aula
645 2656 918 2712 militavit.
950 2657 1127 2727 Atque
1150 2657 1222 2712 ibi
1256 2659 1308 2712 iu
1328 2658 1577 2714 ordinem
1603 2659 2065 2729 antigrapbiario-

491 2768 615 2805 rum
644 2760 700 2805 et
724 2749 1028 2816 imperialis
1053 2751 1299 2819 pecuniae
1330 2751 1621 2807 custodum
1659 2761 1935 2822 receptus,
1968 2768 2058 2806 ee-

488 2842 661 2898 lebris
709 2843 943 2897 maxime
975 2852 1031 2896 et
1076 2842 1220 2911 apud
1273 2844 1665 2912 imperatorem
1717 2844 1770 2897 in
1803 2859 2060 2915 magnum

491 2934 754 2989 honorem
784 2932 911 3000 fuit,
946 2935 1330 3005 titagistrorum
1356 2937 1520 2990 etiam
1553 2936 1875 3006 dignitatem
1931 2952 2062 2990 con-

485 3038 731 3084 secutus.
778 3025 913 3083 Cum
956 3035 1139 3083 autem
1188 3042 1521 3098 praesentem
1584 3028 1862 3084 fortunam
1915 3030 2058 3086 ferre

490 3135 600 3175 non
628 3128 835 3190 posset,
856 3119 922 3176 ad
952 3121 1297 3192 tyrannidem
1332 3122 1636 3192 spectavit:
1696 3123 1951 3177 inductus
1991 3124 2056 3178 ad

454 3248 457 3249 ν
492 3216 544 3269 id
570 3232 598 3268 a
638 3213 993 3281 quibusdam,
1047 3214 1145 3283 qui
1172 3228 1232 3268 se
1261 3229 1328 3268 ex
1382 3213 1639 3279 victimis,
1694 3214 1951 3270 extorum
1976 3214 2059 3268 in-

487 3310 771 3377 spectione
803 3317 859 3362 et
905 3319 1180 3362 astrorum
1229 3303 1688 3370 scientia,iutura
1720 3317 1879 3360 certo
1916 3307 2060 3363 scire

492 3399 911 3455 conﬁrmabant.
941 3397 1078 3454 Cum
1134 3398 1291 3453 multi
1347 3398 1495 3453 enim
1547 3398 1641 3454 alii
1697 3413 1765 3455 eo
1810 3381 2059 3467 tempore

490 3491 658 3546 rebus
684 3490 834 3546 hisee
862 3499 1153 3555 vacarunt,
1174 3500 1289 3545 tum
1320 3490 1550 3545 maxime
1586 3489 1878 3546 Flavianus
1902 3492 2057 3548 urbis

489 3585 676 3640 Romae
712 3584 1016 3653 praefectus,
1054 3584 1137 3637 vir
1187 3582 1245 3635 in
1281 3582 1588 3655 disciplinis
1626 3584 1938 3652 praeclarus,
1969 3593 2053 3637 at-

481 3691 593 3747 que
625 3676 672 3730 si
732 3674 873 3729 alius
931 3676 1249 3744 quisquam,
1301 3683 1356 3729 et
1404 3675 1526 3742 ipse
1578 3672 1822 3728 civilium
1861 3689 2055 3730 rerum

484 3768 645 3824 valde
668 3768 901 3839 peritus,
958 3782 1253 3837 rerumque
1284 3766 1587 3821 futurarum
1641 3766 1659 3835 (
1686 3776 1747 3821 ut
1773 3767 1870 3836 ipsi
1904 3768 2055 3823 vide-

483 3859 664 3929 batur)
697 3867 849 3912 vates
877 3857 1208 3926 praecipuus,
1245 3856 1476 3911 multum
1505 3858 1560 3909 in
1600 3858 1682 3911 eis
1701 3871 1884 3926 operae
1914 3859 2057 3914 loca-

480 3954 599 4007 vit:
628 3950 794 4023 310
817 3964 927 4019 qua
960 3958 1079 4003 arte
1104 3947 1407 4017 Eugenium
1440 3962 1679 4018 quoque,
1743 3958 1803 4004 ut
1845 3949 2053 4006 bellum

481 4047 807 4115 susciperet,
842 4040 1139 4113 permovit,
1158 4048 1319 4095 certo
1349 4040 1500 4095 illum
1531 4041 1801 4113 quidquid
1832 4058 2056 4114 aggres-

481 4153 577 4192 sus
599 4145 769 4200 esset,
799 4132 1175 4205 perfecturum
1211 4130 1510 4207 pollicitus.
1538 4132 1671 4186 Nam
1719 4144 1869 4190 sorte
1900 4134 2052 4191 fatali

486 4229 861 4283 Romanorum
900 4222 1192 4293 imperium
1220 4224 1286 4278 ad
1325 4237 1454 4277 eum
1483 4225 1779 4294 pertinere,
1814 4242 2053 4299 eumque

487 4321 619 4376 belli
662 4321 934 4376 .victorem
1003 4316 1142 4381 fore,
1204 4323 1261 4371 et
1313 4314 1631 4386 religionem
1686 4319 2051 4377 Christianam

484 4425 822 4469 mutaturum
852 4426 974 4467 esse
998 4410 1157 4465 dixit.
1181 4409 1294 4476 Qua
1324 4425 1421 4480 spe
1460 4410 1727 4467 adductus
1754 4414 2051 4484 Eugenius,

2162 2682 2541 2753 ἐστρατεύετο,
2568 2684 2663 2736 καὶ
2697 2683 2753 2734 ιν
2785 2684 2898 2745 τοῖς
2927 2683 3321 2751 ἁντιγραφεῦσι
3347 2682 3439 2736 τοῦ
3474 2682 3733 2753 βασιλέως

2162 2772 2421 2826 ἐτέτακτο
2442 2786 2459 2805 ο
2496 2771 2781 2844 ἐλλόγιμος
2810 2772 2866 2827 δὲ
2892 2772 2963 2828 τὰ
3016 2772 3255 2842 μάλιστα
3285 2772 3383 2841 ὢν,
3435 2774 3525 2829 διὰ
3575 2774 3724 2844 vui};

2164 2862 2425 2933 πλείστης
2448 2860 2528 2933 τῷ
2559 2862 2774 2933 βασιλεῖ
2794 2859 2879 2934 ἦν,
2920 2864 3014 2918 καὶ
3036 2864 3095 2927 ἐς
3122 2863 3225 2932 τὴν
3267 2866 3377 2918 τῶν
3420 2867 3722 2939 μαγίστρων

2161 2956 2321 3023 ἀξίαν
2345 2956 2599 3011 διέϐαινε.
2642 2956 2755 3029 Τὴν
2786 2956 2841 3011 δὲ
2874 2957 3160 3027 παροῦσαν
3189 2957 3360 3029 τύχην
3399 2959 3474 3032 μὴ
3507 2962 3730 3032 δυνάμει

2162 3065 2248 3111 νος
2277 3051 2541 3116 ἐνεγκεῖν,
2566 3049 2658 3105 ἰπὶ
2686 3050 2748 3103 τὸ
2774 3050 3060 3122 τυραννεῖν
3094 3048 3323 3105 εϐλεπεν
3362 3067 3377 3083 ο
3412 3053 3581 3124 ἤγετο
3635 3055 3734 3124 γὰρ

2163 3140 2419 3208 σφαγίοις
2454 3139 2562 3192 τισὶ
2598 3144 2693 3193 καὶ
2714 3138 3149 3208 ἡπατοσκοπίαις
3176 3139 3270 3193 καὶ
3300 3139 3546 3211 ἀστέρων
3574 3142 3734 3195 τινῶν

2164 3233 2504 3303 καταλήψεσι
2544 3232 2732 3300 σαφῶς
2760 3232 2967 3287 εἰδέναι
3000 3232 3061 3285 τὸ
3097 3231 3295 3302 μέλλον
3328 3232 3734 3306 διισχυριζομέ-

2162 3340 2277 3388 νοις
2303 3324 2435 3379 τισί.
2463 3324 2653 3378 Πολλοί
2684 3340 2743 3377 τε
2772 3324 2882 3395 γὰρ
2930 3323 3026 3377 καὶ
3081 3324 3237 3380 ἄλλοι
3263 3328 3566 3396 τηνικαῦτα
3616 3328 3737 3384 τού-

2160 3434 2274 3482 τοις
2299 3412 2440 3487 ἦσαν
2470 3416 2821 3488 σχολάζοντες
2856 3435 2869 3451 ο
2905 3420 2999 3472 καὶ
3025 3418 3089 3491 δὴ
3142 3421 3235 3475 καὶ
3264 3420 3563 3486 φλαϐιανδς
3593 3424 3733 3478 ικα.

2160 3526 2248 3574 νος
2285 3511 2313 3563 ὀ
2338 3510 2436 3581 τῆς
2465 3510 2687 3582 Ῥώμης
2717 3508 2983 3581 ὕπαρχος,
3013 3513 3341 3584 περιϐόητος
3360 3514 3539 3583 λόγοις
3567 3515 3729 3588 ἀνὴρ,

2158 3602 2254 3655 καὶ
2283 3602 2443 3672 εἰπερ
2472 3618 2560 3667 τις
2580 3601 2800 3670 περὶτὰ
2829 3604 3087 3657 πολιτικὰ
3121 3608 3362 3670 συνετὸς,
3392 3608 3486 3660 καὶ
3516 3609 3576 3660 τὸ
3607 3609 3730 3678 pl}.-

2156 3693 2246 3747 λον
2277 3692 2351 3755 ὡς
2379 3694 2517 3765 ᾤετο
2544 3694 2823 3763 μαντείαις
2851 3693 3277 3766 εξεπιστάμεενος
3316 3712 3330 3727 ·
3357 3692 3475 3771 ᾔδη
3529 3700 3731 3770 μᾶλλον

2158 3781 2365 3835 καὶτὸν
2396 3781 2653 3848 Εὺγένιον
2697 3781 3034 3851 ὑπηγάγετο,
3066 3784 3168 3837 καὶ
3199 3787 3333 3855 πρὸς
3386 3804 3425 3856 μ
3466 3805 3569 3858 χην
3620 3790 3735 3842 ὲκ(-

2156 3888 2237 3927 νει
2269 3891 2284 3906 ο
2357 3874 2615 3940 ἀσφαλῶς
2676 3872 2785 3943 γὰρ
2834 3873 3138 3943 κρατήσειν
3187 3876 3282 3930 τοῦ
3328 3880 3732 3951 ἐγχειρήματος

2154 3965 2463 4029 διετείνετο,
2499 3966 2593 4018 καί
2634 3981 2699 4034 γε
2758 3966 2906 4036 αὐτῷ
2951 3967 3219 4038 μοιρίδιον
3248 3963 3386 4025 εἶναι
3418 3972 3518 4042 τὴν
3553 3976 3729 4047 ἀρχὴν

2166 4056 2456 4125 Ῥωμαίων
2490 4058 2766 4125 εἰσηγεῖτο
2803 4070 2818 4087 ο
2854 4059 3099 4127 νικήσειν
3151 4075 3212 4112 τε
3246 4060 3343 4130 τὴν
3376 4063 3576 4135 μάχην,
3634 4067 3732 4119 καὶ

2154 4152 2221 4220 τῇ
2248 4150 2587 4219 Χριστιανῶν
2616 4150 2889 4221 θρησκείᾳ
2916 4152 3219 4221 μεταϐολήν
3252 4167 3374 4208 τινα
3405 4154 3633 4210 ισεσοαι
3662 4158 3730 4212 δι’

2154 4235 2326 4290 αὐτοῦ
2358 4236 2625 4292 ὑπετίθει.
2655 4232 2752 4300 Αἷς
2774 4238 3125 4308 δῆτίλπίσιν
3151 4241 3406 4309 Εὐγένιος
3441 4245 3729 4314 βουκολού-

2155 4344 2340 4397 μενος,
2368 4327 2615 4398 μεγάλην
2663 4329 2929 4416 ἀθροίσας
2954 4330 3210 4402 δύναμιν,
3241 4333 3343 4398 τὰς
3403 4336 3461 4387 ὲν
3525 4338 3729 4413 Ἰταλίᾳ,

2153 4420 2367 4485 πύλας,
2433 4420 2502 4483 ἃς
2558 4422 2823 4492 Ῥωμαῖοι
2886 4423 3112 4487 Ἰουλίας
3174 4426 3405 4492 ιἌλπεις
3459 4430 3724 4499 καλοῦσι,

484 4506 837 4563 multitudine
860 4504 1069 4574 ingenti
1099 4515 1308 4570 coacta,
1340 4504 1624 4573 angustias
1654 4505 1709 4559 in
1744 4507 1896 4561 Italia
1911 4525 2048 4580 quas

2162 4513 2589 4581 προκαταλαϐὼν
2654 4515 2933 4585 ἐφρούρει.
2992 4517 3139 4571 Μίαν
3202 4521 3314 4590 γὰρ
3380 4528 3727 4596 στενωτάτην

477 4600 714 4656 Romani
751 4599 916 4665 Alpes
978 4596 1152 4653 Julias
1204 4607 1424 4665 vocant,
1488 4600 1805 4670 occUpavit,
1853 4601 2046 4671 eisque

480 4693 794 4762 praesidium
821 4690 1101 4761 imposuit.
1133 4688 1364 4746 Unicum
1395 4691 1563 4755 enim,
1586 4706 1825 4761 eumque
1854 4695 2049 4750 aretis—

473 4788 675 4840 simum
706 4783 1023 4849 transitum,
1075 4782 1377 4851 prazfractis
1415 4782 1720 4854 ingentium
1778 4788 2045 4841 montium

474 4874 726 4943 rupibus,
762 4881 992 4942 utraque
1021 4886 1087 4925 ex
1110 4880 1265 4940 parte
1296 4869 1529 4926 ﬁrmiter
1560 4872 1786 4927 munita:
1814 4874 2041 4933 habent.

472 4967 543 5022 Et
575 4965 850 5035 Eugenius
898 4962 965 5018 ad
995 4962 1339 5034 tyrannidem
1400 4974 1641 5029 evectus,
1687 4981 1752 5020 ea
1792 4966 1846 5020 in
1889 4967 2046 5024 Occi-

468 5057 781 5114 dentalibus
816 5056 1060 5127 partibus
1085 5062 1298 5126 agebat,
1329 5072 1450 5126 quas
1471 5072 1597 5112 eum
1624 5056 1805 5115 facere
1825 5075 2042 5129 mquum

477 5159 618 5209 erat.
683 5148 776 5218 qui
827 5148 906 5202 sic
952 5148 1243 5215 imperium
1300 5147 1642 5216 arripuisset.
1700 5148 2044 5205 Theodosius

472 5256 643 5315 porro
686 5240 1005 5307 imperator,
1058 5253 1121 5292 ea
1179 5254 1239 5292 re
1298 5238 1507 5303 audita,
1562 5255 1672 5294 non
1736 5241 2042 5298 minoribus

467 5348 689 5388 rursum
720 5347 878 5402 quam
911 5341 1094 5395 antea,
1128 5345 1252 5384 cum
1280 5338 1475 5384 contra
1502 5329 1796 5385 Maximum
1825 5333 2029 5388 bellum

468 5432 735 5487 moveret,
769 5424 918 5477 curis
953 5432 1039 5476 est
1068 5422 1321 5476 obrutus.
1356 5420 1457 5476 Ubi
1498 5438 1625 5476 vero
1662 5433 1718 5478 et
1752 5425 1871 5493 ipse
1920 5441 2037 5479 ma-

464 5532 631 5588 gnum
656 5515 985 5583 conscripsit
1023 5514 1343 5578 exercitum,
1377 5529 1563 5568 secum
1597 5515 1712 5585 ipse
1778 5533 1892 5571 rem
1951 5518 2038 5573 di-

466 5609 734 5679 Spiciens,
775 5619 960 5661 utrum
1020 5607 1285 5662 adversus
1330 5618 1615 5677 tyranuum
1642 5609 1744 5671 ire,
1776 5626 1843 5663 an
1892 5613 2037 5667 illius

460 5703 763 5757 adventum
792 5710 1111 5770 exspectare
1150 5698 1397 5765 deberet,
1447 5700 1828 5757 addubitabat.
1876 5704 1928 5757 In
1972 5721 2035 5759 ea

466 5793 858 5857 sollicitudine,
884 5791 1160 5847 consilioJ
1178 5793 1354 5847 ianuis
1382 5792 1649 5849 enitentis
1674 5795 1728 5847 in
1751 5794 2033 5851 Thebaide

2151 4603 2271 4658 λίαν
2291 4606 2478 4676 ἔχουσι
2510 4605 2703 4675 δίοδον,
2728 4609 3011 4679 ἀπορρῶξι
3045 4612 3303 4680 μεγάλοις
3325 4614 3497 4685 ὀρέων
3528 4619 3725 4672 ἑκατε-

2152 4696 2325 4767 ρωθεν
2348 4697 2603 4766 ἀσφαλῶς
2635 4701 3045 4769 πεφραγμέναι.
3095 4704 3203 4758 Καὶ
3250 4708 3278 4758 δ
3315 4707 3415 4776 μὲν
3461 4709 3723 4777 Εὐγένιος

2151 4782 2338 4853 ἀρθεὶς
2374 4786 2634 4853 τύραννος
2662 4791 2801 4841 κατὰ
2828 4789 2894 4842 τὰ
2915 4790 3167 4861 ἑσπέρια,
3199 4794 3427 4849 τοιαῦτα
3448 4797 3720 4867 ἔπραττεν

2146 4875 2246 4927 ὅσα
2276 4872 2342 4944 ἦν
2375 4877 2520 4941 είκὸς
2546 4878 2637 4931 τὸν
2667 4879 2844 4943 οὕτως
2864 4881 2963 4950 τὴν
2994 4883 3168 4953 ἀρχὴν
3214 4885 3551 4956 δραξάμενον
3598 4893 3717 4947 δια-

2146 4967 2483 5038 πράττεσθαι
2519 4988 2532 5001 ·
2568 4970 2849 5037 Θεοδόσιος
2892 4974 2949 5027 δὲ
2988 4977 3227 5042 ἀκούσας
3270 4982 3299 5033 ό
3354 4980 3630 5049 βασιλεὺς,
3661 4990 3719 5039 ὲν

2148 5061 2432 5150 ιρροντίσιν
2454 5062 2612 5127 αὖθις
2631 5066 2987 5137 καθειστήκει
3006 5072 3228 5135 πολλαῖς
3255 5090 3270 5107 ·
3306 5076 3365 5129 ού
3398 5078 3583 5144 μείους
3608 5082 3717 5150 γὰρ

2143 5148 2305 5240 ἦσαν,
2338 5153 2371 5221 ἢ
2403 5156 2492 5207 ὅτε
2527 5158 2669 5209 κατὰ
2698 5158 2955 5230 Μαξίμου
2980 5164 3260 5233 κεκίνητα.
3295 5168 3507 5240 Πολλὴν
3533 5173 3592 5226 δὲ
3622 5148 3715 5227 καὶ

2143 5238 2633 5316 οὖτος.ὰξιὸμαχον
2671 5254 2928 5320 στρατιὰν
2954 5255 3200 5326 ἀγείρας,
3232 5261 3425 5325 διττῶς
3457 5238 3711 5333 ἐμερίζε-

2142 5354 2204 5389 το
2240 5354 2254 5368 ο
2296 5338 2526 5408 πότερον
2561 5343 2650 5393 ἐπὶ
2682 5343 2775 5395 τὸν
2804 5345 3067 5408 τύραννον
3104 5350 3269 5419 ὁμόσε
3299 5356 3517 5423 χωρεῖν,
3549 5355 3581 5425 ἢ
3616 5371 3712 5409 πε-

2144 5428 2383 5498 ριμένειν
2418 5431 2641 5483 ἐπιόντα
2668 5436 2893 5489 ἐκεῖνον.
2931 5437 3087 5492 Οὕτω
3114 5440 3159 5493 δ’
3211 5442 3350 5512 ἔχων
3406 5447 3706 5516 φροντίδος,

2141 5519 2282 5586 ἔγνω
2301 5521 2407 5572 δεῖν
2429 5522 2723 5593 συμϐούλῳ
2751 5529 2879 5595 περὶ
2926 5528 3118 5585 τούτου
3142 5536 3448 5604 χρήσασθαι
3490 5538 3708 5610 Ἰωάννη

2139 5611 2217 5680 τῷ
2238 5615 2298 5664 ὲν
2320 5614 2545 5686 ξίηὸαῑδι
2588 5616 2950 5685 διαλάμποντι
2992 5626 3212 5695 μοναχῷ
3239 5644 3252 5658 ’
3276 5627 3335 5679 δν
3366 5631 3425 5681 ὲν
3475 5630 3552 5700 τῷ
3602 5637 3706 5701 πρὸ

2141 5702 2371 5773 βραχέος
2408 5708 2699 5779 καταλόγῳ
2721 5712 2830 5763 τῶν
2854 5712 3015 5777 ὁσίως
3050 5716 3312 5784 βιούντων
3341 5723 3702 5790 ἐπιφανέστα-

2138 5814 2230 5851 τον
2253 5800 2540 5869 γεγονέναι
2566 5806 2661 5856 καὶ
2697 5804 2754 5857 ἐν
2787 5804 2970 5870 ἄλλοις
2994 5809 3092 5878 μὲν
3125 5812 3465 5885 περιϐοήτοις
3501 5814 3700 5883 ἔργοις.
