4038 6222
359 390 462 456 831

1257 454 1263 459 ,
1321 384 1933 449 ECCLESIASTICA!
1972 385 2367 448 HISTORlzﬁ
2403 387 2551 446 LIB.
2595 382 2731 447 ΧΠ.

3538 380 3643 442 882

365 505 609 573 μάλιστα
664 501 722 556 δὲ
762 503 829 573 τῇ
878 500 1081 571 γνώσει
1128 500 1238 556 τῶν
1290 500 1573 572 ἐσομένων
1627 505 1952 571 εἰρήκαμεν.

2067 503 2344 567 monachi,
2383 502 2651 558 utendum
2711 498 2817 556 sibi
2853 514 2975 555 esse
3006 499 3224 563 statuit,
3258 511 3422 567 quem
3482 512 3646 566 supra

361 598 472 661 Τῆς
504 597 614 667 γὰρ
653 595 807 659 θείας
844 594 1168 667 μεταλαχών
1213 596 1440 667 χάριτος
1493 598 1522 651 6
1570 597 1732 667 ἀνὴρ,
1783 595 1957 650 πολλὰ

370 694 485 753 τιίς
537 690 972 760 πυνθανομένοις
1007 688 1312 761 προῦλεγεν
1341 680 1442 743 ὀὗ
1492 690 1559 760 δὴ
1605 693 1804 757 πεῖραν
1861 690 1960 741 καὶ

363 787 460 837 ἐπὶ
495 785 574 855 τῷ
624 784 818 857 πρώην
864 785 988 855 ἔσχε
1011 786 1285 856 τυράννῳ,
1338 786 1613 854 ἀναιμωτὶ
1655 786 1755 853 τὴν
1802 784 1959 853 νίκην

366 877 583 947 ἐκείνην
607 877 1029 947 προαγορεύσας
1078 878 1325 932 ἔσεσθαι.
1370 878 1486 932 Καὶ
1539 878 1603 949 δὴ
1656 878 1959 949 Εύτρύπιον

370 972 463 1025 τὸν
489 970 767 1042 εὐνοῦχον,
791 971 849 1035 ὃς
876 965 946 1044 ἧν
965 971 1159 1043 ἐκείνῳ
1194 972 1541 1035 πιστότατος,
1591 974 1695 1026 ἀνὰ
1733 972 1833 1044 τὴν
1866 972 1960 1027 Λί-

365 1081 578 1131 γυπτον
612 1064 989 1133 ἒπεμπενέί
1055 1065 1158 1135 μὲν
1217 1065 1443 1136 εὐχερὲς
1499 1066 1732 1135 γένοιτο,
1796 1065 1961 1120 αὐτὸν

368 1154 577 1207 ἐκεῖνον
603 1152 693 1206 τὸν
725 1153 878 1207 ὅσιον
911 1152 1033 1224 μεθ’
1064 1152 1262 1208 ἑαυτοῦ
1293 1154 1497 1220 ἄξοντα
1532 1171 1547 1185 ·
1596 1155 1645 1206 εί
1704 1153 1754 1208 δ’
1809 1156 1960 1224 ἰσχυ-

371 1246 484 1317 ρῶς
512 1248 858 1316 ἀπαγορεύοι
884 1247 983 1319 τὴν
1014 1247 1223 1318 ἄφιξιν.
1250 1247 1311 1303 τὸ
1346 1250 1601 1318 ποιητέον
1635 1249 1728 1302 ἐπὶ
1754 1250 1825 1319 τῇ
1856 1248 1963 1318 μά-

370 1358 440 1412 χιι
464 1342 661 1411 μαθεῖν
695 1342 1016 1412 βιάσασθαι.
1046 1343 1158 1398 Καὶ
1202 1346 1230 1397 6
1257 1341 1359 1411 μὲν
1406 1341 1714 1413 Εὐτρόπιος
1757 1345 1837 1407 είς
1870 1342 1962 1396 Δῖ-

368 1448 577 1501 γυπτον
615 1435 792 1505 ἥκων,
823 1435 1077 1503 οὐδαμῶς
1103 1433 1325 1489 ἔπειθεν
1365 1419 1622 1505 Ἰωάννην
1648 1438 1704 1497 ἐς
1734 1434 1963 1506 βασιλέα

372 1525 548 1581 ὶλθεῖν
580 1541 593 1557 ο
628 1527 929 1598 παρηγγύα
953 1527 1010 1581 δὲ
1035 1527 1217 1595 λέγειν
1256 1529 1488 1585 ἐκεῖνος.
1524 1526 1600 1591 ώς
1626 1529 1769 1597 μετὰ
1794 1528 1963 1582 πολὺν

370 1620 531 1688 φόνον
578 1622 795 1691 νικήσει
828 1621 929 1692 μὲν
967 1622 1060 1676 τὸν
1093 1619 1367 1690 τύραννον
1392 1638 1404 1653 ·
1445 1621 1584 1691 μετὰ
1612 1621 1667 1675 δὲ
1721 1622 1820 1692 τὴν
1882 1621 1964 1675 νί-

371 1730 497 1784 κην,
518 1712 581 1767 ού
613 1713 796 1782 πολλῷ
830 1712 1060 1783 ὕστερον
1091 1713 1235 1767 κατᾶ
1264 1714 1366 1784 τὴν
1405 1712 1640 1766 Ἰταλίαν
1664 1714 1762 1766 καὶ
1798 1712 1963 1776 αὐτὸς

373 1804 702 1876 μεταλλάξει
727 1806 791 1859 τὸ
822 1805 945 1878 ζῇν.
990 1806 1308 1878 Ἀμφότερα
1364 1804 1420 1858 δὲ
1463 1807 1513 1859 εί
1542 1806 1714 1879 κτέλος
1778 1806 1958 1877 ἔσχον,

369 1898 405 1966 ἠ
439 1897 651 1967 ἱστορία
674 1897 932 1969 δηλώσει.
983 1897 1140 1951 Ἐπεὶ
1168 1900 1277 1969 γὰρ
1337 1899 1655 1969 ἀρκούντως
1690 1898 1842 1967 αὐτῷ
1892 1898 1961 1953 τὰ

370 1987 511 2057 πρὸς
542 1989 633 2042 τὸν
662 1990 900 2059 πόλεμον
926 1990 1361 2061 παρεσκεύαστο,
1390 1991 1957 2062 ἀναγορεύειβασιλὲα

370 2078 468 2130 καὶ
506 2076 598 2131 τὸν
638 2077 753 2131 υῖὸν
777 2077 989 2133 ἐκείνου
1021 2078 1283 2148 Ὁνώριον
1310 2092 1328 2108 ⁸
1373 2079 1660 2150 Ἀρκάδιον
1688 2082 1797 2151 γὰρ
1820 2079 1959 2152 ἔφθη

374 2168 642 2241 πρότερον
695 2172 776 2235 είς
805 2169 906 2241 τὴν
960 2169 1241 2241 βασιλείαν
1293 2171 1608 2241 ἀναγαγών.
1650 2174 1887 2238 Τούτους
1915 2172 1962 2226 δ’

372 2262 541 2331 ἄμφω
570 2266 639 2333 τῇ
672 2264 1091 2320 Κωνσταντίνου
1136 2263 1334 2328 λιπὼν,
1400 2267 1581 2330 αὐτὸς.
1622 2268 1806 2322 πᾶσαν
1861 2266 1961 2338 τὴν

372 2356 513 2425 πρὸς
527 2356 645 2410 Ἐω
668 2357 1131 2428 περιϐαλλόμενος
1147 2359 1400 2429 δύναμιν,
1421 2358 1558 2430 πρὸς
1577 2359 1674 2432 τὴν
1689 2360 1961 2433 Ἑσπέραν

368 2449 661 2519 ἠπείγετο.
696 2450 839 2507 Πολὺ
871 2450 927 2505 δέ
954 2470 1008 2505 τι
1046 2451 1255 2520 πλῆθος
1307 2454 1405 2507 καὶ
1452 2452 1563 2507 τῶν
1622 2456 1961 2525 παριστρίων

373 2541 676 2613 βαρδάρων
712 2543 997 2614 ἐφείπετο,
1038 2546 1258 2609 ἑκόντες
1283 2549 1596 2618 συμμαχεῖν
1632 2545 1783 2618 αὐτῷ
1827 2549 1964 2621 mm-

379 2636 560 2706 μένοι.
589 2636 711 2690 Τῶν
734 2637 791 2690 δὲ
818 2640 1146 2708 στρατηγῶν
1177 2638 1395 2706 ὀλίγους
1435 2635 1716 2705 εἶναιτοὺς
1744 2643 1962 2714 συμμά-

372 2748 503 2800 χους
532 2731 845 2802 φησάντων,
877 2735 968 2787 καὶ
1000 2733 1195 2801 ἀργεῖν
1234 2734 1335 2803 τὴν
1369 2734 1585 2803 κίνησιν
1641 2734 1966 2806 βουλευομέ-

375 2839 504 2884 νων,
528 2819 605 2886 ὡς
640 2821 706 2875 ἂν
728 2820 865 2892 ἦρος
889 2822 1195 2894 ἀρχομένου
1243 2823 1341 2876 καὶ⁹
1380 2821 1551 2893 ἀλλην
1603 2822 1962 2890 ἑπιλίξωνται

377 2915 667 2982 στρατιὰν,
705 2915 773 2969 ἵν’
800 2916 890 2987 εἴη
917 2918 995 2987 τῷ
1050 2916 1252 2987 πλήθει
1314 2917 1623 2988 ἀνακράτος
1678 2917 1965 2986 περιγενέ-

379 3007 507 3062 σθαι
532 3009 642 3062 τῶν
673 3010 983 3079 δυσμενῶν,
1048 3010 1254 3081 ἣκιστα
1308 3014 1428 3074 ταῖς
1468 3011 1579 3065 τῶν
1638 3010 1962 3081 στρατηγῶν

380 3104 701 3172 εῖσηγήσεσι
733 3105 1091 3176 προσέσχενδ
1149 3104 1425 3168 Θειότατος
1473 3104 1772 3175 βασιλεύς·
1826 3105 1960 3177 μηδὲ

2065 597 2371 652 ineorum
2426 596 2520 666 qui
2586 607 2831 651 sanctam
2875 593 3044 647 vitam
3086 600 3339 663 egerunt,
3402 589 3649 659 catalogo

2064 687 2460 753 clarissimum,
2516 697 2571 742 et
2611 704 2736 743 cum
2797 686 2921 741 aliis
2967 684 3313 740 admirandis
3363 682 3645 753 operibus,

2064 793 2178 837 tum
2218 784 2457 838 tnaxime
2497 782 2811 838 futurorum
2864 780 3097 835 scientia
3146 778 3426 834 celebrem
3479 776 3647 830 fuisse

2063 876 2322 932 diximus.
2361 876 2499 933 Cum
2534 876 2679 930 enim
2740 875 2787 930 is
2838 874 3070 945 gratiam
3121 872 3364 928 divinam
3418 872 3649 924 sortitus

2061 980 2231 1031 esset.
2260 969 2431 1023 multa
2461 984 2585 1022 cum
2620 966 3037 1022 consulentibus
3073 965 3347 1036 praedixit.
3378 964 3551 1032 Cujus
3572 966 3648 1018 rei

2062 1061 2368 1133 periculum
2399 1068 2455 1116 et
2477 1061 2758 1129 specimen
2787 1061 2841 1115 in
2863 1061 3114 1129 proximo
3139 1069 3370 1131 tyranno
3396 1057 3648 1127 przebue-

2063 1171 2168 1217 rat,
2218 1155 2563 1211 incruentam
2619 1152 2766 1208 illam
2810 1153 3098 1209 victoriam
3155 1152 3527 1208 Theodosium
3564 1166 3649 1204 rc-

2064 1256 2413 1317 portaturum
2477 1260 2604 1301 esse
2664 1245 3021 1301 vaticinatus.
3081 1245 3268 1315 Itaque
3321 1243 3645 1298 ﬁdissimum

2063 1340 2169 1396 sibi
2210 1340 2528 1394 eunuchum
2562 1338 2892 1410 Eutropium
2938 1338 2993 1393 in
3022 1336 3318 1409 )Egyptnm
3379 1337 3550 1401 misit,
3590 1346 3648 1390 ut

2060 1443 2158 1487 aut
2210 1434 2390 1487 virum
2450 1442 2728 1498 sanctum,
2777 1434 2825 1488 si
2879 1431 3040 1488 facile
3092 1435 3144 1488 id
3190 1432 3306 1486 licri
3345 1441 3547 1500 posset.
3579 1430 3650 1488 ad

2063 1541 2122 1581 se
2145 1525 2450 1581 adduceret
2491 1544 2505 1582 :
2534 1536 2629 1580 aut
2649 1524 2728 1580 ‘ab
2766 1525 2879 1595 illo,
2922 1527 2967 1581 si
2997 1532 3321 1581 constanter
3349 1524 3646 1580 adventum

2061 1616 2419 1681 detrectaret,
2450 1618 2582 1687 quid
2611 1619 2677 1672 de
2711 1618 2855 1673 bello
2903 1618 3216 1673 faciendum
3247 1626 3414 1680 esset,
3449 1632 3646 1687 cogna-

2064 1725 2220 1767 scere
2269 1722 2591 1767 conaretur.
2634 1712 2930 1782 Eutropius
2982 1729 3051 1768 eo
3104 1714 3401 1782 profectus,
3444 1726 3650 1781 nequa—

2064 1821 2228 1877 quam
2262 1806 2459 1862 Joanui
2500 1816 2558 1860 ut
2588 1806 2654 1860 ad
2698 1807 3090 1876 imperatorem
3136 1807 3370 1869 veniret,
3418 1819 3646 1870 persua-

2064 1898 2158 1952 sit.
2192 1896 2539 1967 Quapropter
2568 1896 2739 1961 illum,
2774 1907 2833 1953 ut
2854 1907 3114 1954 eventum
3147 1897 3271 1952 belli
3300 1896 3644 1966 praediceret.

2064 1993 2297 2063 rOgavit.
2330 1993 2506 2060 Atque
2536 1990 2648 2057 ille,
2680 1989 3055 2046 Theodosium
3106 1989 3327 2061 quidem
3388 1999 3511 2059 post
3542 2008 3645 2043 ca:—

2063 2083 2186 2138 dem
2230 2083 2482 2148 multam,
2516 2084 2805 2137 victoriam
2833 2084 2903 2139 de
2935 2093 3168 2155 tyranno
3185 2092 3643 2138 consecuturum:

2064 2190 2175 2230 non
2236 2176 2410 2231 multo
2460 2184 2645 2230 autem
2698 2184 2825 2247 post
2877 2175 3055 2246 ipsum
3116 2190 3337 2246 quoque
3393 2178 3448 2229 in
3496 2174 3646 2230 Italia

2065 2270 2397 2326 moriturum
2435 2268 2891 2340 esserespondit.
2928 2267 3233 2340 Utrumque
3258 2268 3362 2325 hoc
3388 2286 3453 2324 an
3483 2283 3649 2325 even-

2065 2372 2183 2420 tum
2210 2362 2374 2418 talcm
2419 2362 2696 2425 habuerit,
2723 2362 2954 2417 historia
2984 2361 3310 2418 declarabit.
3352 2362 3646 2432 Postquam

2028 2457 2211 2511 -enim
2248 2470 2312 2510 ea
2340 2453 2540 2524 quibus
2565 2454 2620 2508 in
2665 2453 2811 2510 bello
2837 2470 2977 2525 opus
3031 2466 3138 2520 est.
3175 2453 3396 2511 abunde
3426 2470 3649 2525 compa-

2068 2547 2248 2607 ravit,
2292 2544 2597 2600 Honorium
2650 2545 2815 2598 etiam
2875 2542 3046 2597 lilium
3118 2545 3506 2614 imperatorem
3564 2558 3655 2599 rem

2066 2638 2378 2697 nuntiavit:
2408 2638 2701 2694 Arcadium
2760 2654 3000 2708 namque
3058 2649 3221 2694 antea
3251 2641 3318 2695 ad
3358 2639 3649 2711 imperium

2062 2741 2341 2790 evexerat.
2404 2731 2565 2803 311
2623 2730 2911 2787 Ambobus
2993 2732 3120 2787 ﬁliis
3170 2730 3650 2803 Constantinopoli

2063 2826 2292 2891 relictis,
2357 2826 2473 2895 ipse
2530 2832 2653 2880 cum
2698 2823 2873 2896 copiis
2951 2823 3330 2880 Orientalibus
3394 2828 3653 2884 omnibus

2064 2921 2119 2976 in
2145 2918 2494 2976 Occidentem
2525 2928 2609 2975 est
2636 2917 2939 2986 profectus.
2974 2916 3169 2988 Ingens
3204 2928 3390 2975 autem
3450 2919 3625 2976 Barba

2063 3029 2272 3076 rorum,
2297 3011 2390 3083 qui
2420 3011 2487 3065 ad
2527 3010 2725 3067 istrum
2769 3012 2979 3075 colunt,
3015 3011 3330 3076 multitudo,
3366 3013 3651 3070 voluntate

2064 3124 2162 3163 sua
2202 3108 2470 3162 ausilium
2504 3108 2713 3169 ferens,
2769 3122 2895 3161 eum
2959 3115 3146 3160 secuta
3184 3116 3284 3160 cst.
3320 3105 3491 3160 Porro
3518 3121 3646 3161 cum

378 3194 491 3263 γὰρ
518 3195 717 3263 χρῆναι
763 3194 1035 3263 τοσαύτην
1072 3200 1174 3265 μεν
1245 3193 1532 3249 ἀσθένειαν
1567 3194 1646 3263 τῷ
1702 3196 1965 3246 παντοδυ-

2068 3200 2325 3253 ordinum
2356 3199 2524 3254 duces
2555 3199 2891 3269 paucitatem
2950 3197 3230 3252 sociorum
3261 3207 3649 3263 causarentur,

381 3280 544 3352 νάμῳ
582 3280 735 3352 ὅπλῳ
796 3281 892 3335 τοῦ
945 3280 1183 3354 σταυροῦ
1230 3284 1537 3352 μαρτυρεῖν
1567 3299 1581 3314 σ
1635 3283 1964 3353 ἀντίρροπον

376 3372 423 3427 δ’
453 3375 519 3427 ἐκ
554 3372 647 3426 τοῦ
677 3373 924 3427 ἐναντίου
952 3374 1188 3443 δύναμιν
1210 3373 1275 3443 τῇ
1298 3370 1393 3426 τοῦ
1442 3371 1740 3443 Ἡρακλέος
1769 3374 1962 3427 εικόνι.

382 3484 408 3520 ε
430 3466 540 3520 Τοῦ
572 3467 679 3539 γὰρ
706 3466 841 3537 ἐμοῦ
867 3469 895 3522 6
926 3465 1183 3538 σταυρὸς,
1218 3467 1434 3522 ἐκείνου
1464 3467 1520 3520 δὲ
1551 3468 1767 3536 ἡγεῖται
1796 3466 1824 3517 6
1872 3464 1966 3518 Ἥ-

382 3561 613 3633 ρακλῆς.
648 3580 668 3614 ι
698 3561 887 3625 Οὕτως
929 3560 1124 3627 εἰπὼν,
1171 3562 1477 3633 ἀπεχώρει.
1520 3560 1672 3615 Ἐπεὶ
1710 3559 1757 3615 δ’
1807 3558 1968 3626 ἐξιὼν

379 3657 481 3726 τῆς
516 3655 933 3711 Κωνσταντίνου
987 3656 1125 3727 πρὸς
1177 3654 1260 3727 τῷ
1324 3654 1574 3726 Ἑϐδόμῳ
1616 3655 1859 3723 ἐγένετο,
1899 3655 1967 3725 τῇ

383 3748 572 3804 ὶνθάδε
607 3747 899 3821 ἐκκλησίᾳ,
929 3749 996 3821 ἣν
1050 3750 1239 3813 αὐτὸς,
1276 3749 1645 3820 διαφερόντως
1717 3748 1968 3819 Ἰωάννην

381 3842 476 3896 τδν
497 3842 809 3913 Βαπτιστὴν
852 3842 1053 3912 τιμῶν,
1079 3840 1427 3913 ἀνεδείματο,
1485 3842 1668 3915 είσῄει
1730 3842 1969 3914 προσεύ-

382 3935 580 4003 ξασθαι
614 3937 714 4003 μὲν
764 3934 885 4005 Θεῷ
916 3953 931 3966 ο
964 3937 1048 3998 είς
1100 3935 1328 4007 ἀρωγὴν
1378 3936 1436 3991 δὲ
1492 3936 1968 4005 μετακαλέσασθαι

383 4031 483 4083 καὶ
512 4032 605 4083 τὸν
646 4026 983 4099 Βαπτιστὴν,
1018 4027 1150 4083 ὥστ’
1206 4032 1393 4085 αἰσίαν
1428 4029 1577 4101 αὐτῷ
1627 4046 1690 4084 τε
1758 4033 1853 4083 καὶ
1899 4033 1967 4102 τῇ

386 4126 621 4196 στρατιᾷ
657 4123 947 4190 Ῥωμαίων
962 4123 1062 4193 τὴν
1093 4122 1319 4179 ἔκϐασιν
1349 4123 1447 4193 τῆς
1475 4124 1660 4196 μάχης
1686 4124 1967 4193 γενέσθαι·

386 4217 561 4288 καὶδὴ
595 4218 655 4271 τὸ
684 4217 831 4278 εἰκὸς
878 4216 1355 4286 ἀφοσιωσάμενος,
1390 4218 1471 4282 είς
1524 4219 1754 4273 Ἰταλίαν
1788 4220 1973 4287 εγενε-

388 4329 472 4368 το.
524 4310 819 4381 Ἐξαπίνης
878 4310 938 4364 δὲ
997 4310 1117 4375 ταῖς
1167 4310 1403 4366 ’Λλπεσι
1468 4313 1822 4382 προσϐαλὼν,
1871 4314 1972 4377 τὰς

392 4408 618 4478 πρώτας
648 4406 815 4461 ἐσύλα
834 4406 1081 4476 φυλακὰς
1113 4405 1209 4460 τοῦ
1252 4406 1546 4477 τυράννου.
1574 4406 1648 4461 Τὸ
1699 4408 1756 4461 δὲ
1803 4408 1975 4480 ἄκρον

391 4500 492 4570 τῆς
528 4501 765 4569 παρόδου
792 4498 1169 4570 παραμείψας,
1208 4500 1333 4554 ἐπεὶ
1360 4502 1418 4563 ἐς
1458 4500 1518 4553 τδ
1550 4501 1812 4565 κάταντες
1844 4504 1975 4572 ἡγε-

2068 3302 2125 3347 ct
2157 3290 2566 3362 expeditionem
2599 3290 2963 3346 diﬂ'erendam
2993 3291 3314 3357 suaderent,
3341 3302 3401 3346 ut
3434 3290 3653 3347 scilicet

2068 3384 2248 3455 primo
2278 3398 2411 3439 vere
2451 3382 2732 3438 exercitus
2766 3382 2909 3437 alius
2965 3384 3415 3449 contraheretur,
3453 3392 3512 3438 et
3548 3382 3635 3437 uti-

2068 3477 2225 3531 litum
2275 3490 2511 3531 numero
2554 3475 2745 3530 hostes
2770 3475 3153 3543 vincerentur,
3215 3491 3562 3547 nequaquam
3596 3475 3650 3530 in

2068 3571 2365 3625 ductorum
2402 3568 2636 3625 consilio
2691 3567 3140 3639 religiosissimus
3173 3570 3446 3638 acquievit
3480 3568 3628 3639 impe

2068 3674 2238 3718 ratur.
2270 3661 2493 3716 Minime
2538 3677 2776 3732 namque
2840 3668 3052 3715 tantam
3118 3660 3472 3716 tribuendam
3528 3675 3653 3716 esse

2070 3752 2509 3811 imbecillitatem
2540 3754 2683 3808 dixit
2727 3753 3093 3824 omnipotenti
3125 3754 3305 3809 crucis
3332 3762 3649 3819 armaturae,

2066 3861 2303 3918 quaex
2322 3844 2556 3900 adverso
2621 3843 2872 3900 Herculis
2917 3844 3142 3915 imagini
3198 3846 3447 3915 opposita
3481 3855 3649 3923 esset.

2077 3957 2097 3991 ε
2145 3936 2420 3993 Exercitui
2467 3937 2614 3992 enim
2655 3951 2801 4001 meo,
2864 3937 3066 4007 inquit,
3102 3952 3239 3991 crux
3275 3936 3465 4006 praeit;
3503 3936 3652 3992 illius

2071 4044 2258 4089 autem
2291 4033 2480 4102 c0pias
2517 4029 2785 4086 Hercules
2817 4029 2992 4085 ducit.
3027 4049 3045 4082 ι
3089 4030 3215 4087 llaec
3254 4031 3419 4084 verba
3469 4029 3654 4099 prolo-

2071 4137 2257 4193 cutus,
2289 4125 2396 4180 iter
2428 4125 2713 4194 iugressus
2770 4134 2876 4180 est.
2931 4124 3417 4194 Constantinopoli
3468 4134 3651 4180 autem

2073 4219 2375 4290 profectus,
2407 4217 2500 4272 ubi
2534 4219 2588 4273 in
2656 4217 2904 4288 Septimo
2944 4222 3022 4287 (t)
3051 4216 3118 4272 ad
3147 4216 3442 4273 ecclesiam
3480 4217 3651 4285 venit,

2073 4329 2237 4385 quam
2273 4314 2389 4383 ipse
2432 4311 2630 4367 Joanni
2696 4311 3126 4382 Baptistae(eum
3178 4311 3327 4366 enim
3378 4312 3654 4381 praecipue

2074 4406 2413 4476 honorabat)
2463 4413 2871 4469 construxerat,
2916 4420 3037 4458 eam
3087 4414 3173 4459 est
3227 4408 3527 4474 ingressus,
3596 4415 3656 4460 ut

2076 4499 2237 4554 simul
2265 4508 2323 4553 et
2352 4499 2729 4566 precationem
2767 4495 2834 4551 ad
2876 4497 3049 4552 Deum
3101 4495 3330 4562 faceret,
3374 4508 3430 4554 et
3461 4498 3652 4570 Bapti-

390 4616 475 4661 το,
502 4596 606 4666 ὁρᾷ
639 4596 700 4649 τὸ
740 4594 922 4648 πεδίον
955 4593 1179 4663 σύμπαν
1224 4592 1496 4665 ἀμυθὴτῳ
1544 4594 1736 4666 πλήθει
1784 4596 1966 4660 πεζῶν

2072 4600 2210 4646 stam
2290 4592 2355 4644 ad
2429 4591 2714 4645 feretnlum
2760 4589 2863 4648 sibi
2914 4589 3175 4644 auxilium
3226 4589 3506 4647 invocaret
3552 4593 3652 4665 (2),

394 4687 492 4739 καὶ
529 4685 741 4739 ῖππέων
774 4684 1212 4754 πεπυκνωμένον
1244 4703 1257 4715 ο
1286 4687 1344 4739 οὐ
1379 4686 1524 4739 πάνυ
1560 4684 1608 4738 δ’
1648 4688 1811 4738 αὐτοῦ
1843 4688 1975 4759 πόρο

394 4783 478 4850 ρω
510 4781 652 4833 κατὰ
684 4779 857 4832 νώτου
883 4779 978 4833 καὶ
1008 4779 1203 4844 ἄλλους
1230 4779 1341 4834 τῶν
1397 4779 1674 4849 πολεμίων
1708 4783 1844 4834 κατὰ
1876 4784 1976 4850 τὴν

394 4873 646 4951 κρρυφὴν
683 4873 981 4941 ἑστηκότας
1015 4873 1110 4926 τοῦ
1138 4873 1327 4945 ὅρους.
1374 4874 1469 4927 καὶ
1488 4874 1552 4926 τό
1582 4889 1644 4941 γε
1674 4873 1767 4927 νῦν
1790 4876 1974 4945 ἡρέμα

391 4969 531 5029 τέως
558 4968 780 5038 ἔχοντας
821 4982 833 4995 ·
867 4966 945 5028 ὡς
988 4965 1033 5018 δ’
1094 4967 1126 5032 ἠ
1180 4966 1373 5037 πρώτη
1440 4966 1656 5035 φάλαγξ
1710 4968 1974 5021 κατιοῦσα

395 5066 510 5125 τοῖς
545 5066 603 5114 ἐν
621 5062 700 5131 τῷ
725 5058 894 5131 πεδίῳ
917 5060 1245 5131 προσέϐαλε,
1286 5062 1433 5130 μάχη
1462 5059 1709 5129 κρατερὰ
1738 5061 1834 5115 καὶ
1872 5063 1977 5129 ἀμ-

396 5156 659 5224 φήριπτος
693 5156 1090 5226 ἀνερρήγνυτο.
1133 5154 1286 5207 Ἐπεὶ
1315 5153 1358 5206 δ’
1392 5155 1518 5206 ὅσον
1572 5154 1640 5207 τὰ
1671 5154 1729 5218 ἐς
1762 5154 1972 5225 ἀνορω.

399 5248 562 5314 πίνην
586 5240 816 5312 δύναμιν
850 5245 925 5311 μὴ
984 5241 1185 5311 εὐχερῆ
1224 5242 1324 5312 τὴν
1372 5242 1652 5312 σωτηρίαν
1704 5238 1845 5296 εἶναι
1898 5242 1976 5312 τῷ

400 5334 618 5405 στρατῷ
648 5333 1057 5403 κατελάμϐανε,
1083 5333 1248 5401 μέσον
1278 5334 1390 5386 τῶν
1420 5333 1515 5387 δύο
1543 5336 1975 5406 στρατευμάτων

398 5423 794 5495 ἐπειλημμένῳ
820 5439 834 5455 ο
858 5422 960 5493 ἠδη
991 5425 1102 5492 γαρ
1136 5425 1229 5477 καὶ
1262 5426 1312 5477 oi
1338 5425 1481 5478 κατὰ
1528 5425 1626 5496 τὴν
1658 5423 1975 5496 ἀκρώρειαν

399 5515 737 5587 ἠρεμοῦντες
773 5517 914 5570 κατὰ
948 5517 1117 5570 νώτου
1177 5517 1550 5589 προσέϐαλλον
1579 5535 1593 5549 ο
1646 5521 1737 5572 καὶ
1782 5519 1904 5572 καθ’
1946 5518 1975 5571 ὅ

401 5609 507 5679 μὲν
529 5610 697 5682 μέρος
731 5606 994 5681 Ῥωμαῖοι
1049 5610 1344 5683 Ῥωμαίοις
1398 5613 1686 5683 ἐμάχοντο,
1740 5613 1977 5683 ἰσοπαλῆ

474 5747 551 5818 (ἲ)
603 5746 893 5816 Ἕϐδομον,
943 5750 1046 5803 hoc.
1082 5757 1199 5807 cst.
1236 5750 1540 5819 Septimum
1585 5766 1651 5804 cx
1696 5750 1976 5807 suburbiis

397 5816 1019 5893 QOnStautinopolitamn
1063 5816 1500 5893 (“titulis—tutum
1541 5832 1643 5875 est.
1690 5823 1972 5893 (ΡΙ-οσον.)

402 5888 577 5947 8ιύιί
596 5891 768 5947 etalia
792 5890 910 5961 ejus
938 5890 1093 5948 urbis
1113 5892 1263 5964 regio
1294 5902 1377 5950 est
1406 5894 1548 5963 apud
1572 5888 1823 5950 cumidem
1848 5888 1973 5946 δεμ

2078 4700 2187 4756 quo
2250 4692 2496 4755 Optatum
2544 4684 2649 4738 sibi
2709 4693 2765 4739 et
2822 4682 3075 4738 Romano
3125 4684 3394 4740 exercitui
3445 4688 3653 4742 exitqu

2078 4793 2261 4850 pugna
2312 4778 2558 4832 haberet.
2602 4775 2678 4831 [le
2732 4778 2807 4831 ihi
2862 4778 3073 4841 divina.
3137 4779 3210 4833 ita
3263 4789 3321 4832 ut
3381 4796 3479 4849 par
3514 4792 3655 4850 erat,

2078 4881 2321 4942 peracta,
2361 4882 2548 4940 postea
2598 4873 2652 4925 in
2699 4872 2909 4925 italiam
2945 4874 3198 4941 pervenit
3235 4889 3247 4925 :
3279 4884 3334 4929 et
3360 4873 3652 4929 confestim

2077 4967 2146 5020 ad
2189 4966 2356 5037 Alpes
2381 4970 2746 5029 contendens,
2784 4982 2959 5035 prima
3011 4968 3228 5037 tyranni
3273 4968 3528 5037 praesidia
3560 4987 3654 5023 ce-

2077 5061 2178 5130 pit.
2211 5059 2390 5131 Atque
2415 5060 2505 5115 ubi
2535 5060 2768 5113 transitu
2824 5058 3091 5126 praecipiti
3124 5061 3426 5129 praeterito,
3460 5062 3655 5116 acclivi

2078 5154 2276 5209 itinere
2312 5154 2366 5206 in
2404 5153 2599 5206 collem
2635 5151 2928 5221 quemdam
2981 5152 3323 5209 conscendit.
3369 5154 3652 5219 planitiem

2078 5260 2297 5299 omnem
2336 5242 2725 5297 innumerabili
2768 5241 3017 5312 pmlitum
3081 5252 3138 5297 et
3170 5246 3418 5314 equitum
3474 5247 3657 5300 multi-

2080 5335 2270 5390 tudine
2312 5336 2509 5396 teneri,
2555 5351 2656 5389 nec
2694 5336 2765 5389 ita
2803 5335 2959 5403 longe
2999 5354 3026 5389 ιι
3058 5346 3218 5404 tergo
3248 5336 3382 5389 alius
3414 5338 3653 5392 hostium

2081 5437 2291 5482 turmas
2328 5426 2381 5481 in
2414 5427 2622 5482 vertice
2654 5427 2877 5492 utentis,
2915 5431 3006 5497 qui
3046 5439 3175 5481 tunc
3212 5429 3431 5491 qni-lem
3483 5446 3553 5497 qu
3580 5434 3655 5484 eti

2077 5528 2257 5583 erant,
2287 5520 2392 5575 sibi
2422 5520 2715 5574 imminere
2746 5520 2899 5574 vidit.
2935 5519 3228 5589 Postquam
3263 5530 3446 5575 autem
3479 5524 3653 5584 prium

2078 5612 2227 5668 acies
2281 5613 2436 5669 scdc
2500 5613 2640 5669 colle
2701 5612 3020 5678 demittcns,
3081 5628 3178 5667 eos
3224 5614 3317 5683 qui
3372 5614 3651 5684 planitiem

2078 5769 2254 5823 τερον,
2288 5753 2390 5807 hoc
2418 5760 2522 5817 est,
2553 5752 2884 5810 Secundum.

2149 5824 2227 5891 (‘2)
2265 5824 2570 5894 Σύμμαχον
2607 5824 2756 5893 αύτῷ
2816 5824 3247 5879 ἐπικαλέσαςθαι
3302 5826 3391 5880 τὸν
3451 5826 3647 5879 Dant:-

2082 5895 2233 5967 στήν.
2266 5896 2482 5950 Sozam.
2518 5895 2612 5950 lib.
2650 5911 2740 5962 \‘II,
2775 5914 2895 5967 cup.
2932 5900 3020 5949 ‘.’.i.
