4038 6222
386 321 494 386 885

1307 326 1919 417 ECCLESIASTICrE
1960 314 2350 407 msromgs
2393 331 2539 392 LIB.
2581 333 2722 392 xu.

3551 327 3655 391 8δῦ

388 450 502 500 νιος
557 435 933 510 ἁναρρωσθεὶς
963 437 1061 508 τὴν
1092 436 1294 510 ψυχὴν,
1323 440 1413 492 ἐπὶ
1436 440 1592 495 τόσον
1628 442 1832 496 ἐκλ--ίνει
1864 445 1962 506 τὶς

2089 458 2184 514 pse
2219 460 2441 516 quoque
2472 447 2663 518 copias
2693 464 2823 504 suas
2855 447 3151 503 instructas
3186 445 3238 501 in
3297 449 3476 517 ὲὶωίιδίὶΙ.
3528 465 3655 517 pro-

386 527 702 597 ᾳὰλαγγας,
727 529 801 592 ῶς
853 530 1166 602 εὶσδραμεῐν
1206 531 1409 595 εὐθέως
1439 534 1532 588 καὶ
1563 534 1855 608 διαρρῆξαι
1905 535 1973 590 τὰ

385 621 593 692 πλήθη,
619 625 709 676 καὶ
729 625 783 685 ἐς
801 625 977 695 φυγὴν
992 624 1188 697 τρέψαι
1220 627 1342 687 τοὺς
1372 625 1621 698 πρώτους
1645 628 1964 691 διώκοντας.

386 715 449 768 0i
474 713 530 770 δὲ
559 715 657 784 τῆς
680 716 1010 787 τυρανν;κῆς
1028 718 1388 789 παρατάξεως
1411 719 1698 792 ἡγεμόνες,
1721 719 1810 784 οὓς
1832 719 1972 774 κατὰ

388 809 556 863 νιτετου
584 809 795 862 κεῖσθαι
837 808 930 863 καὶ
960 811 1365 883 περικαθῆσθαι
1401 812 1500 885 την
1530 814 1707 885 ἄκραν
1744 814 1968 883 εἰρήκα-

391 917 512 970 μεν,
550 900 780 973 πρέσϐιν
815 902 872 965 ἐς
919 902 1203 958 Θεοδόσιον
1259 903 1603 976 πέμψαντες,
1657 909 1972 976 συμμαχεῖν

389 992 585 1066 εκείνῳ
620 996 1013 1067 κατήγγελλον,
1048 997 1194 1067 εἴγε
1227 999 1474 1070 μείζονος
1506 1002 1672 1072 τιμῆς
1704 999 1835 1071 παρ’
1874 1000 1973 1056 αύ-

387 1087 466 1159 τῷ
504 1087 734 1144 ἔσοιντο.
768 1091 1031 1155 Βασιλεὺς
1063 1091 1120 1145 δὲ
1159 1093 1262 1165 τὴν
1309 1093 1611 1164 πρεσϐείαν
1671 1093 1931 1165 προσίετο
1955 1107 1970 1124 ο

389 1184 482 1237 καὶ
505 1185 634 1239 ἐπεὶ
664 1187 874 1258 χάρτην
906 1186 1005 1258 οὐχ
1029 1186 1181 1256 εὗρε,
1206 1186 1391 1242 δέλτον
1415 1185 1620 1253 λαϐὼν,
1651 1190 1719 1260 ἦν
1753 1205 1837 1252 τις
1865 1188 1974 1242 τῶν

389 1283 763 1354 παρεστώτων
793 1285 1035 1355 τυχαίως
1069 1286 1322 1356 ἐφέρετο,
1357 1285 1418 1338 ιν
1474 1285 1652 1360 ταύτῃ
1707 1285 1978 1359 κατέγρα-

390 1391 519 1440 φεν,
549 1374 616 1446 ἢν
659 1375 937 1446 ἐπίσημον
987 1379 1082 1431 καὶ
1127 1382 1508 1450 τροσήκουσαν
1553 1377 1774 1432 ἔκαστοι
1826 1378 1979 1446 τάξιν

387 1467 576 1534 ἕξουσι
598 1468 734 1540 παρ’
761 1470 1018 1542 αύτῷ,.εῑ’
1053 1488 1115 1540 γε
1149 1472 1321 1544 πέρας
1345 1475 1412 1546 τῇ
1457 1471 1748 1544 ὑποσχέσει
1800 1472 1981 1526 αίσιον

392 1561 649 1635 θήσουσι.
683 1563 794 1619 Καὶ
816 1566 865 1617 οι
903 1563 1004 1634 μὲν
1040 1563 1216 1629 οὕτως
1263 1569 1326 1620 ἐκ
1370 1565 1650 1637 πολεμίων
1700 1565 1980 1638 σύμμαχοι

391 1656 588 1728 ἁθρόον
607 1656 818 1730 βασιλεῖ
834 1654 975 1731 ἦσαν
996 1673 1011 1689 ’
1035 1657 1118 1713 (tt
1145 1659 1199 1714 δὲ
1227 1660 1323 1730 τῆς
1348 1658 1526 1732 μάχης
1548 1658 1628 1731 τῷ
1655 1659 1820 1731 πεδίῳ
1852 1659 1984 1713 καθ-

395 1752 720 1822 ισταμένης,
775 1754 870 1806 καὶ
917 1753 990 1824 μή
1037 1770 1122 1807 πω
1153 1751 1421 1824 κλινάσης
1476 1752 1568 1807 ἐπὶ
1622 1752 1827 1822 θάτερα
1879 1750 1982 1822 τῆς

2077 538 2253 592 duxit.
2441 539 2495 594 in
2535 541 2806 595 tumulum
2859 540 3150 610 quemdam
3200 540 3546 604 conscendit,
3605 548 3662 593 et

2077 631 2465 702 imperatorem
2493 633 2632 688 mori
2658 648 2860 704 cupere
2885 633 2963 701 (l)
2993 648 3057 688 ac
3082 647 3178 688 sua
3201 642 3396 702 sponte
3423 633 3491 686 all
3517 645 3660 684 mor-

2078 731 2186 781 tem
2214 727 2587 797 'oppetendam
2624 741 2921 797 prOperare
2959 726 3135 782 disit:
3167 724 3514 792 ducibusque
3546 723 3662 778 suis

2073 821 2352 891 praecepit,
2385 831 2535 876 utne
2567 820 2719 874 illiilli
2746 820 3090 882 occidetent.
3129 819 3226 876 sed
3262 819 3446 874 vivum
3471 819 3658 887 potius

2074 909 2142 969 ad
2170 908 2229 970 se
2282 914 2648 969 adducerent.
2713 913 3015 984 Postquam
3073 914 3222 969 acies
3268 913 3344 968 ita
3411 912 3664 969 adtcrsis

2077 1007 2354 1064 frontibus
2409 1007 2738 1073 constitere,
2801 1007 3034 1070 miritica
3089 1005 3366 1061 variarum
3413 1003 3660 1076 gentium

2079 1101 2381 1156 multitudo
2407 1103 2461 1156 in
2496 1100 2739 1156 hostium
2799 1101 3060 1172 partibus
3120 1114 3248 1155 esse
3296 1100 3410 1152 visa
3448 1106 3554 1151 est.
3593 1097 3662 1148 At

2077 1193 2174 1264 qui
2206 1203 2402 1250 contra
2434 1208 2533 1249 eos
2581 1193 2636 1249 in
2676 1192 2849 1248 armis
2877 1192 3075 1249 ordine
3104 1207 3208 1248 suo
3256 1190 3502 1256 stabant,
3539 1205 3662 1260 per-

2078 1303 2243 1360 quatn
2285 1287 2470 1358 pauci,
2512 1286 2588 1342 ita
2627 1295 2689 1344 ut
2724 1301 2918 1343 eorum
2982 1300 3249 1341 numerus
3311 1284 3473 1340 facile
3534 1283 3659 1336 iniri

2079 1392 2286 1451 posset,
2324 1389 2506 1437 erant.
2549 1379 2734 1437 Coitio
2759 1380 2936 1451 prima
2971 1378 3040 1435 ad
3079 1378 3308 1434 [luvium
3340 1377 3438 1446 qui
3487 1374 3664 1446 Frigi-

2079 1473 2184 1529 dus
2207 1474 2433 1537 dieitur,
2469 1475 2744 1530 estfacta.
2775 1473 2938 1545 313
2985 1471 3242 1544 Magister
3287 1470 3520 1525 militum
3562 1468 3665 1522 Ba-

2080 1568 2290 1628 curius,
2328 1582 2524 1638 magno
2547 1567 2718 1622 animi
2751 1567 2954 1622 robore
3007 1574 3302 1634 concepto,
3370 1571 3660 1630 ιιιιιιυιιυτο

2081 1659 2450 1730 impressione
2496 1674 2595 1716 sua
2656 1659 2900 1715 hostium
2933 1659 3232 1728 phalanges
3289 1655 3552 1718 turbavit,
3606 1661 3666 1706 ut

2084 1754 2270 1808 statim
2301 1753 2385 1807 sui
2421 1755 2797 1817 incurrerent,
2839 1761 2896 1808 et
2926 1751 3224 1806 ordinibus
3279 1749 3453 1818 ruptis
3485 1747 3539 1801 in
3575 1746 3664 1801 fu-

392 1844 594 1932 όρμῆς,
628 1821 862 1913 ἐξαίσιος
891 1821 1057 1901 ποθεν
1107 1821 1406 1916 ὲπαιγίσας
1444 1847 1642 1932 ἄνεμος
1692 1821 1786 1902 καλ
1829 1821 1980 1902 ἀντι·

2088 1863 2201 1918 gam
2261 1861 2358 1901 ens
2390 1854 2692 1912 verterent,
2730 1844 2824 1916 qui
2867 1845 3142 1916 persecuti
3178 1858 3277 1898 eos
3322 1829 3501 1912 pridie
3548 1842 3667 1893 fue-

394 1931 691 2004 πρόσωπος
724 1937 966 2001 πνεύσας
997 1937 1107 1999 τοῖς
1144 1937 1454 2006 πολεμίοις,
1482 1931 1594 1990 οἷον
1639 1932 1782 1991 εἶναι
1847 1937 1978 2006 μηδ’

394 2028 584 2083 ἄλλοτέ
619 2045 750 2083 ποτε
808 2029 1136 2097 ἱστορεῖσθαι
1185 2029 1437 2094 πνεῦσαι,
1489 2030 1588 2094 τὰς
1647 2029 1746 2100 μὲν
1795 2029 1979 2097 τάξεις

395 2119 594 2176 διέλυε.
629 2121 712 2176 Τὰ
740 2121 848 2194 γὰρ
891 2122 1018 2194 βέλη
1046 2139 1107 2176 τε
1152 2123 1244 2177 καὶ
1276 2123 1499 2179 ἀκόντια
1533 2124 1635 2178 ὅσα
1670 2124 1808 2178 κατὰ
1851 2124 1982 2178 Ῥω-

401 2218 582 2288 μαίων
614 2218 933 2304 ἐπέμποντο
965 2216 1025 2283 ἐξ
1053 2216 1352 2272 ἀντιτύπου
1380 2217 1668 2291 δυνάμεως
1719 2219 1981 2289 ἀναστρέ-

399 2327 542 2381 φων,
578 2310 720 2365 κατὰ
744 2309 855 2364 τῶν
885 2311 1216 2383 πεμπόντων
1260 2311 1460 2384 μᾶλλον
1484 2311 1630 2383 ἠφίει
1668 2327 1683 2344 ·
1737 2314 1830 2365 καὶ
1883 2311 1982 2376 τὰς

399 2404 623 2460 ἐκείνων
647 2405 886 2470 ἀσπίδας
918 2407 1016 2460 σὺν
1065 2405 1250 2480 πολλῷ
1292 2405 1546 2479 συρφετῷ
1597 2407 1692 2463 καὶ
1715 2406 1982 2480 ἁμυθήτῳ

397 2499 549 2554 κόνει
575 2497 686 2552 τῶν
737 2501 968 2554 ἐκείνων
1037 2499 1240 2573 χειρῶν
1299 2501 1662 2572 ἀφαρπάζων,
1721 2501 1982 2564 καὶτοὺς

402 2592 638 2664 ἱμάντας
669 2593 1028 2665 διαρρηγνὺς,
1061 2594 1149 2647 ἐπ’
1170 2594 1352 2650 αὐτῶν
1389 2595 1577 2650 ἐκύλιε
1613 2596 1754 2650 κατὰ
1807 2596 1982 2666 στόμα

404 2685 638 2756 βάλλων,
669 2685 762 2742 καὶ
791 2687 927 2740 ὅπου
958 2685 1020 2757 δή
1063 2703 1195 2741 ποτε
1226 2703 1241 2720 ο
1270 2688 1339 2741 τὰ
1359 2687 1404 2742 δ’
1447 2689 1509 2742 ἐκ
1547 2686 1657 2742 τῶν
1701 2685 1981 2742 Θεοδοσίου

405 2781 761 2850 πεμπόμενα,
799 2780 1138 2853 σφοδροτέρᾳ
1165 2780 1318 2855 ῥύμῃ
1348 2779 1636 2838 καὶταῦτα
1683 2783 1805 2836 κατ’
1836 2781 1982 2836 ἐκεί-

404 2891 513 2929 νων
541 2873 713 2929 εκίνει
748 2890 763 2904 ο
796 2870 879 2939 οἷς
901 2875 964 2946 δὴ
992 2875 1087 2930 καὶ
1137 2875 1536 2949 θαρρήσαντες,
1583 2878 1679 2932 ἅτε
1727 2876 1791 2948 δὴ
1837 2879 1981 2948 ἀπή-

411 2985 602 3038 μαντοι
637 2969 1010 3038 διαμένοντες,
1038 2970 1231 3041 θράσει
1269 2969 1454 3041 πολλῷ
1490 2971 1705 3040 ῥέοντες
1737 2973 1861 3034 τοὺς
1888 2987 1986 3024 πο-

407 3061 632 3130 λεμίους
669 3063 1041 3118 κατέκτειναν.
1090 3067 1151 3118 0i
1193 3064 1250 3117 δὲ
1310 3065 1560 3133 πολέμιοι
1593 3067 1691 3136 τὴν
1731 3067 1983 3136 προφανῆ

2082 1950 2226 1995 rant.
2261 1939 2440 1996 Porro
2486 1939 2656 1995 duces
2689 1939 2988 2012 tyrannicae
3046 1938 3170 2008 ejus
3223 1934 3386 1996 aciei,
3434 1949 3598 2005 quam
3635 1950 3664 1986 ιι

2083 2044 2238 2106 tergo
2271 2050 2547 2090 summum
2580 2042 2821 2089 montem
2875 2032 3145 2089 insedisse
3198 2031 3463 2092 diximus,
3496 2029 3665 2083 misso

2081 2128 2149 2184 ad
2182 2127 2558 2184 Theodosium
2597 2137 2842 2195 oratore,
2904 2128 2970 2182 ad
3013 2140 3196 2200 partes
3219 2125 3339 2197 ejus
3374 2140 3431 2180 se
3465 2124 3667 2177 transi-

2085 2233 2244 2278 turos
2306 2238 2427 2279 esse
2473 2234 2823 2296 receperunt,
2883 2224 2928 2280 si
2973 2221 3198 2294 majoris
3257 2219 3542 2290 dignitatis
3585 2222 3666 2271 eis

2081 2313 2230 2385 apud
2257 2331 2385 2371 eum
2409 2316 2568 2372 locus
2601 2326 2751 2374 esset
2789 2331 2804 2372 :
2837 2316 3139 2388 imperator
3175 2313 3505 2385 legationem
3546 2326 3666 2366 eam

2083 2410 2353 2481 suscepit.
2383 2409 2598 2467 Etcum
2634 2412 2846 2467 chartae
2903 2410 3064 2480 copia
3105 2423 3214 2463 non
3249 2415 3415 2471 esset,
3454 2404 3664 2466 tabula,

2083 2519 2244 2574 Quam
2273 2521 2338 2560 ex
2364 2504 2752 2562 assistentibus
2785 2504 3058 2560 militibus
3085 2502 3313 2574 quidam
3361 2516 3493 2556 casu
3529 2515 3668 2570 quo-

2084 2599 2212 2653 dam
2250 2594 2486 2664 ferebat,
2528 2607 2768 2668 arrepta,
2797 2597 2853 2652 iu
2897 2613 2963 2651 ea
2989 2611 3151 2665 quem
3176 2595 3411 2665 quisque
3443 2593 3666 2647 illorqu

2084 2692 2414 2766 praeclarum
2446 2699 2504 2748 et
2524 2690 2946 2748 convenientem
2979 2689 3160 2745 ιυυιιηι
3199 2689 3344 2758 apud
3375 2702 3436 2742 se
3505 2685 3667 2741 babi-

2088 2797 2249 2843 turus
2277 2795 2442 2852 esset,
2476 2783 2522 2842 si
2579 2785 2868 2856 promissis
2900 2795 3134 2848 starent,
3163 2798 3338 2852 eaque
3370 2779 3435 2835 ad
3503 2779 3665 2833 finem

2083 2881 2332 2938 debitum
2397 2880 2790 2952 perducerent,
2853 2878 3173 2948 descripsit.
3223 2876 3304 2930 Ad
3369 2877 3516 2930 hunc
3589 2871 3665 2926 illi

2087 2979 2308 3031 modum
2338 2975 2502 3030 simul
2543 2987 2736 3029 omnes
2761 2988 2826 3028 ex
2863 2972 3119 3027 hostibus
3143 2968 3278 3023 socii
3315 2966 3669 3037 imperatoris

2087 3081 2219 3128 sunt
2253 3069 2404 3126 facti.
2435 3069 2631 3124 Adhuc
2678 3055 3008 3136 Campestris
3038 3079 3220 3136 pugna
3259 3062 3463 3116 acriter
3519 3075 3670 3116 com-

409 3157 630 3225 γνόντες
679 3160 1001 3231 ἐπικουρίαν
1051 3159 1124 3222 ὡς
1159 3159 1345 3213 θεόθεν
1399 3160 1673 3234 ἐπῄει,τὰ
1730 3161 1870 3215 ὅπλα
1904 3161 1985 3234 ῥι-

2091 3167 2436 3228 mittebatur,
2461 3163 2694 3219 necdum
2716 3162 2962 3216 victoria:
2994 3160 3236 3229 impetus
3263 3156 3320 3210 in
3343 3155 3664 3210 alterutram

408 3268 656 3319 πτοντες,
683 3255 895 3322 φειδοῦς
924 3254 1023 3324 τῆς
1047 3256 1114 3309 ἐκ·
1142 3254 1410 3327 βασιλέως
1432 3253 1747 3324 ἠντιϐόλουν
1777 3259 1984 3327 τυχεῖν.

418 3343 478 3394 Ὀ
509 3341 566 3395 δὲ
599 3342 759 3406 εὐθὺς
787 3337 902 3398 εἷκε
939 3345 1036 3397 καὶ
1068 3345 1403 3417 συγγνώμην
1438 3342 1629 3398 ἐδίδου.
1665 3345 1772 3399 Καὶ
1796 3345 1858 3416 δὴ
1889 3347 1988 3398 αύ-

407 3436 522 3501 ἰοτς
548 3454 608 3492 τε
649 3437 744 3492 καὶ
787 3439 900 3502 τοῖς
957 3439 1276 3508 αύτομόλως
1324 3438 1573 3493 ἐλθοῦσιν
1632 3441 1848 3506 ἔπεμπε
1895 3441 1988 3494 τὸν

406 3531 674 3602 τύραννον
705 3535 957 3603 ἀγαγεῖν.
989 3533 1055 3588 Oi
1084 3535 1138 3588 δὲ
1174 3535 1267 3607 βοῇ
1295 3536 1530 3600 θέοντες,
1558 3537 1649 3588 τὸν
1667 3536 1829 3604 λόφον
1861 3535 1989 3606 ἀνῄ-

407 3643 563 3694 εσαν,
589 3627 676 3696 ἐφ’
698 3621 762 3683 οὗ
781 3628 1088 3699 καθήμενος
1117 3629 1186 3682 τὰ
1225 3629 1544 3699 πραχθέντα
1576 3629 1783 3699 ἠγνόει.
1821 3630 1990 3696 Εὐγέ-

407 3741 522 3786 νιος
551 3724 607 3778 δὲ
637 3723 716 3795 τῷ
751 3722 847 3778 τοῦ
879 3722 1086 3796 δρόμου
1114 3726 1273 3795 τάχει
1308 3726 1402 3779 καὶ
1433 3725 1512 3797 τῷ
1542 3723 1720 3796 συχνῷ
1741 3722 1987 3794 ἄσθματι

410 3821 598 3874 καινόν
615 3835 668 3873 τι
699 3819 989 3886 ἀγγέλλειν
1021 3820 1164 3892 ἔχειν
1203 3822 1432 3890 νομίσας
1484 3821 1746 3886 ἐκείνους,
1784 3824 1879 3876 καὶ
1913 3821 1991 3872 νί-

410 3931 513 3983 κης
543 3914 811 3982 ἀγγέλους
845 3915 1046 3986 μᾶλλον
1081 3915 1210 3986 παρ’
1239 3915 1404 3968 αὐτὸν
1433 3915 1610 3987 ἥκειν,
1663 3913 1825 3978 εὐθὺς
1854 3896 1992 3985 ἀνηέ

414 4009 584 4080 ρώτα,
623 4027 642 4060 ι
686 4007 751 4063 ει
774 4008 1156 4079 πεπεδημένος
1197 4009 1289 4063 καὶ
1348 4008 1479 4076 ζῶν,
1509 4008 1586 4075 ὡς
1618 4011 1987 4082 προσετάχθη,

413 4105 510 4158 καὶ
543 4101 821 4166 Θεοδόσιος
844 4104 1058 4168 ἄγεται.
1110 4121 1128 4156 t
1154 4103 1276 4157 Τῶν
1301 4100 1348 4155 δ’
1379 4102 1662 4170 εἰπόντων,
1701 4102 1822 4173 «Μὴ
1851 4104 1994 4156 εκεῖ-

413 4215 503 4251 νον
533 4196 667 4268 πρὸς
705 4195 784 4260 σὲ,
822 4195 882 4250 σὲ
904 4194 960 4249 δὲ
994 4195 1195 4264 μᾶλλον
1239 4196 1376 4266 πρὸς
1427 4197 1636 4249 ἐκεῖνον
1701 4192 1988 4265 ἐπέμφθη·

419 4310 517 4365 μεν
541 4294 769 4361 ἀγαγεῖν
791 4307 808 4322 ο
831 4294 865 4362 ἡ
901 4291 1006 4365 γὰρ
1027 4289 1152 4359 νίκη
1192 4289 1284 4344 τὸν
1340 4288 1601 4359 τύραννον
1653 4288 1992 4358 μυσαχθεῖσα

413 4387 512 4455 τὴν
538 4384 766 4450 ἔννομον
797 4381 1080 4453 βασιλείαν
1108 4378 1394 4450 ἠσπάσατο
1425 4393 1439 4408 ⁸
1489 4378 1653 4431 τοῦτο
1689 4378 1799 4448 γὰρ
1825 4380 1854 4432 ὁ
1885 4379 1994 4432 τῶν

412 4481 551 4534 ὅλων
582 4479 835 4532 ἐκέλευσε
878 4474 1144 4548 πρύτανις
1171 4491 1184 4504 ·
1224 4493 1244 4527 t
1280 4473 1445 4536 εὐθὺς
1486 4473 1580 4527 τοῦ
1609 4473 1800 4542 δίφρου
1829 4473 1992 4527 αὑτὸν

2086 3269 2299 3333 partem
2337 3257 2662 3322 inclinabat,
2699 3271 2825 3310 cum
2862 3253 3072 3324 ingenti
3101 3251 3156 3306 vi
3189 3251 3446 3306 alicunde
3474 3259 3671 3304 ventus

2088 3352 2612 3410 vehementissimus
2638 3349 2906 3404 adversus
2931 3348 3120 3402 hostes
3149 3345 3408 3408 obortus,
3442 3343 3664 3412 qualem

2090 3463 2369 3518 numquam
2389 3454 2549 3502 antea
2578 3445 2797 3499 flavisse
2831 3439 3111 3496 inemoria:
3136 3438 3416 3510 proditqu
3451 3445 3558 3500 est,
3611 3437 3666 3490 in

2088 3559 2183 3601 ora
2215 3542 2436 3597 illorum
2471 3537 2640 3593 irruit
2674 3545 2732 3591 et
2781 3533 3010 3590 ordines
3040 3533 3223 3588 solvit.
3261 3531 3328 3586 Et
3358 3531 3467 3594 tela
3501 3539 3670 3599 atque

2088 3632 2335 3704 sagittas,
2388 3644 2512 3700 quae
2570 3637 2765 3682 contra
2816 3625 3095 3682 Romanos
3161 3622 3580 3684 emittebantnr,
3617 3621 3668 3674 vi

2089 3726 2326 3799 quadam
2390 3721 2700 3778 reluctante
2767 3719 2822 3773 in
2886 3732 2984 3774 eos
3029 3723 3361 3772 convertens
3404 3715 3499 3783 qui
3552 3713 3674 3769 illas

2089 3821 2412 3883 emiserant,
2442 3816 2662 3887 rejicit:
2700 3821 2757 3869 et
2784 3812 3030 3884 clypeos,
3069 3826 3197 3866 eum
3249 3810 3419 3865 multa
3469 3821 3670 3878 purga-

2091 3921 2405 3970 mentorum
2436 3909 2722 3980 eongerie,
2756 3918 2813 3961 ct
2854 3907 3082 3977 pulvere
3111 3903 3422 3959 incredibili
3455 3903 3666 3961 illatus.

2090 4026 2159 4066 ex
2198 4022 2389 4063 eorum
2422 4005 2676 4059 manibus
2705 4004 2945 4071 rapiens,
3004 4007 3060 4053 et
3108 3998 3225 4053 lora
3275 3992 3668 4059 conscindens,

2090 4113 2186 4154 eos
2210 4098 2263 4152 in
2289 4095 2506 4151 illorum
2553 4109 2647 4148 ora
2680 4103 2738 4147 et
2793 4091 3042 4147 membra
3074 4103 3418 4160 qutecunque
3455 4102 3663 4143 concu-

2096 4195 2237 4247 tiens
2275 4187 2569 4260 provnlvit.
2615 4185 2749 4252 Qua:
2785 4199 2918 4240 vero
2977 4199 3007 4237 a
3066 4180 3473 4238 'l'heodosianis
3500 4179 3671 4252 jaciev

2093 4284 2299 4340 bantur
2325 4285 2458 4349 tela,
2495 4279 2714 4335 acriore
2747 4279 2916 4334 etiam
2947 4279 3000 4332 in
3036 4275 3159 4331 illos
3190 4276 3396 4344 impetu
3422 4272 3675 4328 fereban-

2098 4389 2206 4434 tur.
2237 4376 2413 4444 Quam
2443 4375 2515 4430 ob
2553 4389 2778 4429 causam
2801 4373 3000 4427 animis
3038 4371 3248 4441 magnis
3286 4367 3593 4438 conceptis,
3617 4377 3674 4421 et

2093 4471 2242 4544 quod
2293 4468 2493 4542 integri
2527 4467 2695 4523 etiam
2749 4466 3164 4538 permanebant,
3213 4461 3422 4534 ingenti
3476 4461 3674 4517 ﬁducia

419 4573 876 4635 κατασπάσαντες
919 4569 1014 4625 καὶ
1053 4571 1231 4640 δεσμὰ
1270 4567 1606 4638 περιθέντες,
1644 4566 1985 4638 αἰχμάλωτον

2100 4566 2179 4622 illi
2214 4566 2268 4620 in
2327 4562 2678 4620 adversarios
2737 4570 2984 4623 ruentes,
3037 4572 3134 4614 eos
3187 4557 3430 4611 caedunt.
3487 4555 3676 4625 Itaque

413 4661 550 4737 ἦγον
575 4665 710 4736 προς
745 4665 975 4735 βασιλέα
1023 4666 1116 4716 τον
1180 4661 1288 4732 πρὸ
1347 4661 1578 4732 βραχέος
1626 4659 1988 4731 μεγάλαυχον.

429 4758 487 4809 ⁸0
511 4757 568 4809 δὲ
601 4757 669 4809 τὰ
693 4757 749 4814 ἐς
782 4750 1232 4808 Οὑαλεντινιινὸν
1284 4747 1752 4820 πλημμεληθᾶντα
1797 4749 1993 4818 ἐκείνῳ

415 4852 673 4924 παρῆγεν
693 4850 774 4915 εις
807 4848 994 4917 μέσον,
1029 4849 1123 4901 καὶ
1168 4844 1267 4917 τὴν
1318 4845 1636 4916 παράνομον
1695 4840 1998 4912 βασιλείαν,

415 4947 513 5009 τὰς
539 4947 587 4998 τ’
622 4942 922 5013 ἐμφυλίους
979 4943 1182 5010 μάχας,
1225 4943 1361 5010 πρὸς
1413 4937 1471 4991 δὲ
1505 4939 1601 4991 καὶ
1636 4937 1728 4990 τὸν
1777 4937 1999 5008 σύμμα-

417 5057 512 5110 χον
540 5033 1082 5108 ὲκείνῳδιετώθαζιν
1135 5031 1430 5103 Ἡρακλέα.
1491 5033 1557 5084 "0
1609 5030 1654 5085 δ’
1705 5033 1920 5084 ἁκούων
1969 5033 1998 5086 ὀ

416 5131 705 5200 τύραννος.
735 5131 852 5192 τοῖς
887 5127 1017 5180 ποσὶ
1048 5124 1147 5180 τοῦ
1195 5122 1526 5193 κρατοῦντος
1589 5124 1782 5176 ἑαυτὸν
1827 5125 1998 5176 ἐλεει-

418 5221 524 5285 νῶς
553 5221 803 5293 ἐρῤιπτε,
834 5219 928 5272 καὶ
960 5217 1132 5269 ἐδεῖτο
1163 5212 1454 5278 σώζεσθαι.
1495 5213 1583 5266 Ἐν
1615 5205 1660 5281 ᾧ
1714 5212 1768 5265 δὲ
1813 5213 1997 5281 ἱκέτης

416 5305 507 5382 ἦν,
536 5313 645 5362 τῶν
668 5325 748 5371 τις
773 5306 1120 5380 στρατιωτῶν
1137 5305 1197 5358 τὸ
1219 5304 1368 5373 ξίφος
1398 5303 1768 5372 σπασάμενος,
1785 5301 1887 5366 τῆς
1910 5319 2001 5354 κε-

419 5402 598 5473 φαλῆς
626 5403 790 5455 αὑτὸν
818 5401 1153 5470 ἀφαιρεῖται.
1198 5397 1616 5467 Ἀρουαγαστης
1666 5393 1723 5448 δὲ
1760 5394 1790 5445 ό
1810 5393 2000 5446 τοσού-

418 5514 529 5550 των
560 5498 653 5549 κα“ι
691 5494 1028 5566 τηλικούτων
1069 5491 1253 5547 κακῶν
1293 5492 1486 5552 αἰτιος,
1530 5490 1678 5558 φυγῇ
1720 5487 1999 5557 χρώμενος

421 5590 516 5644 ἐπὶ
545 5590 698 5642 δυσὶν
723 5587 978 5658 ἡμέραις,
1013 5589 1133 5640 ἐπεὶ
1160 5585 1234 5655 μὴ
1265 5585 1408 5651 ἔγνω
1443 5581 1540 5635 τοῦ
1596 5581 1788 5634 λοιποῦ
1850 5579 2001 5650 αὖτῷ

422 5683 665 5753 βιωσιμα
691 5678 856 5746 εἶναι,
882 5682 1136 5752 αὐτόχειρ
1174 5679 1252 5750 τῷ
1311 5679 1498 5747 οἰκείῳ
1564 5676 1709 5745 ξίφει
1762 5674 1997 5742 ἐγένετο.

2102 4661 2289 4714 hostes
2311 4655 2600 4712 manifeste
2631 4669 2793 4726 opem
2817 4667 2938 4708 eam
2965 4651 3234 4706 divinitus
3265 4650 3520 4704 accidere
3549 4665 3675 4702 ενι--

2100 4760 2314 4820 nentes,
2349 4751 2521 4807 armis
2559 4749 2812 4822 abjec1is,
2861 4747 2928 4802 ad
2981 4745 3328 4816 imperatoris
3366 4743 3676 4799 misericor—

2099 4848 2267 4908 diam,
2303 4844 2520 4900 veniam
2554 4843 2620 4899 ab
2659 4857 2727 4896 eo
2760 4850 3032 4910 petentes,
3067 4835 3454 4904 confugerunt.
3501 4837 3675 4904 Atque

2101 4942 2194 4998 ille
2219 4956 2337 5005 eos,
2373 4937 2636 5009 precibus
2655 4935 2876 4998 cedens,
2914 4933 3101 4989 statim
3153 4930 3208 4984 in
3247 4930 3480 5000 gratiam
3527 4944 3676 4982 τυρρ-

2102 5035 2183 5105 pit
2241 5049 2255 5088 :
2310 5045 2518 5102 eosque
2565 5037 2621 5085 et
2683 5028 2995 5097 transfugas
3044 5022 3201 5087 alios,
3268 5030 3328 5075 ut
3383 5032 3673 5093 tyrannum

2102 5136 2322 5196 captum
2360 5125 2427 5180 ad
2457 5138 2516 5179 se
2563 5123 2920 5187 adducerent,
2961 5119 3132 5173 misit.
3175 5117 3254 5170 llli
3312 5131 3445 5170 vero
3476 5115 3678 5169 voeiie-

2105 5229 2311 5281 rantes,
2348 5231 2542 5285 magna
2589 5213 2874 5269 celeritate
2917 5213 2972 5267 in
3007 5212 3277 5267 tumulum
3319 5207 3582 5267 evadunt.
3623 5207 3675 5259 in

2101 5327 2213 5378 qun
2237 5308 2326 5363 ille
2361 5323 2524 5364 casus
2561 5309 2682 5376 ejus
2713 5307 3017 5359 etiamnum
3079 5303 3303 5372 ignarus
3335 5299 3675 5378 consulebat.

2104 5399 2380 5470 Engenius
2417 5415 2485 5456 ex
2543 5398 2771 5453 incitato
2824 5411 2991 5452 cursu
3070 5406 3125 5448 et
3180 5393 3401 5448 assiduo
3457 5373 3676 5445 illorum

2103 5493 2377 5557 anhelitu,
2412 5491 2538 5546 novi
2567 5491 2869 5561 quidquam
2907 5502 3004 5542 eos
3045 5486 3265 5551 alferre,
3328 5494 3493 5554 atque
3537 5487 3677 5536 adeo

2101 5586 2345 5641 victoria:
2395 5583 2618 5639 nuntios
2675 5582 2779 5638 sibi
2829 5581 3092 5635 advenire
3134 5589 3309 5642 ratus,
3346 5577 3555 5638 statim,
3604 5591 3672 5627 an

2103 5676 2320 5731 viuc:ns
2366 5687 2420 5731 et
2457 5676 2637 5735 vivus,
2668 5675 2827 5726 sicuti
2856 5681 3186 5741 praeceptum
3251 5670 3450 5731 fuerat,
3491 5668 3671 5720 Theo-

497 5804 573 5870 (l't
616 5801 1046 5859 Moritnrientem
1076 5811 1126 5858 et
1161 5817 1191 5858 e
1224 5801 1474 5873 praesenti
1543 5799 1651 5854 vita
1719 5813 1842 5854 mox
1908 5797 2262 5853 decessurum
2317 5797 2703 5867 imperatorem
2737 5794 2854 5848 acie
2924 5805 3110 5847 secum
3156 5799 3362 5845 structa
3413 5787 3671 5860 congredi

423 5874 580 5930 dixit.
617 5874 827 5931 ’Πιθυώ
