4038 6222
308 388 415 455 889

1203 401 1797 468 ECCLESI.\S’l'lC.E
1840 406 2221 468 ΗΙδἸὈΒΙΑΞ
2261 412 2401 471 LIB.
2451 410 2585 474 ΧΗ.

3467 409 3575 474 890

308 508 462 573 ἂντός
485 526 497 539 ο
526 510 742 581 μεγάλη
768 511 823 565 δὲ
863 514 980 567 ita;
1022 518 1052 585 ἡ
1098 518 1250 581 πόλις
1298 521 1393 571 καὶ
1427 520 1876 591 πολυάνθρωπος.

1995 526 2086 578 oizr
2120 527 2337 596 populis
2404 538 2619 596 pricest,
2688 530 2881 597 ingens
2928 540 2985 582 et
3018 530 3327 599 populosa:
3378 530 3433 583 in
3469 531 3570 584 hac

322 599 409 653 Ἐν
431 600 495 672 δὴ
516 602 690 675 ταύτῃ
716 607 903 671 στάσις
960 610 1196 682 μεγίστη
1225 612 1463 679 ἐγένετο,
1485 615 1665 668 αἰτίαν
1685 615 1886 685 σχοῦσα

307 684 540 751 ἱοιάνδε.
622 699 874 773 Ἡνίοχος
917 703 1250 776 Βουθερίχου
1301 706 1359 772 ὃς
1422 709 1731 779 τηνικαῦτα
1778 713 1887 763 τῶν

310 788 444 862 παρ’
486 792 768 863 Ἰλλυριοῖς
821 798 1010 870 ἡγεῖτο
1067 802 1445 871 στρατιωτῶν,
1508 805 1601 856 τὸν
1647 806 1887 875 οἰνοχόον

310 884 556 955 αἰσχρῶς
609 887 756 953 ἰδὼν,
817 891 1097 962 ἐπείρασε.
1157 892 1454 964 Συσχεθεὶς
1508 896 1564 950 δὲ
1588 894 1679 950 διὰ
1705 898 1884 960 τοῦτο,

312 978 418 1031 ὑπὸ
452 985 703 1050 φρουρὰν
747 985 987 1052 έγένετσ.
1038 986 1196 1042 Ἐπεὶ
1238 987 1286 1043 δ’
1316 991 1591 1061 ἐπίσημος
1622 990 1886 1061 ἱπποδρο-

312 1071 411 1141 μία
440 1074 713 1130 τελεῖσθαι
741 1079 882 1132 κατά
910 1078 1007 1149 τὴν
1034 1081 1191 1134 πόλιν
1216 1081 1464 1150 ἔμελλεν,
1496 1085 1524 1135 ό
1573 1083 1749 1154 δῆμος
1776 1084 1890 1139 ἑλι-

310 1166 476 1237 πάρει
535 1168 869 1243 συγγνώμης
932 1176 1024 1229 τὸν
1083 1177 1302 1247 ἡνίοχον
1362 1176 1650 1243 ἀξιοῦσθαι
1696 1176 1888 1243 δεξιῶς

311 1260 504 1329 ἔχοντα
540 1265 675 1332 πρὸς
699 1264 757 1318 τὸ
778 1265 963 1337 ἔργον,
1001 1270 1092 1322 καὶ
1125 1270 1388 1340 ἀφίεσθαι
1417 1270 1495 1341 τῷ
1537 1269 1736 1335 ἀγῶνι.
1799 1273 1886 1339 Ὠς

307 1356 366 1410 ὁὶ
399 1359 569 1414 πολλὰ
597 1362 880 1432 δεηθέντες
922 1366 1075 1420 οὐδὲν
1105 1366 1292 1437 ἧνυον,
1332 1371 1415 1433 είς
1473 1370 1743 1441 μεγίστην
1777 1370 1891 1421 ἐκι-

308 1451 497 1506 νοῦντο
533 1455 759 1509 στίίιιιν⁹
791 1460 887 1512 καὶ
918 1444 1357 1531 χαλεπήναντες.
1408 1462 1642 1525 πολλούς
1690 1480 1751 1516 τε
1779 1464 1888 1517 τῶν

312 1538 613 1605 βασιλικῶν
636 1545 847 1600 ἀνεῖλον
876 1548 1175 1618 ἀρχόντων,
1211 1551 1308 1603 καὶ
1342 1550 1669 1622 Βουθερίχον
1696 1552 1885 1606 αὐτόν.

313 1633 549 1699 ’Ἄλλους
579 1638 636 1692 δὲ
677 1637 850 1703 λίθοις
901 1641 1242 1711 κατέχωσαν,
1293 1642 1490 1697 ἔπειτα
1521 1646 1615 1698 καὶ
1650 1645 1888 1715 δημοσία

311 1729 642 1799 κατέσυρον.
688 1732 845 1789 Ἐπεὶ
900 1736 1032 1803 γοῦν
1063 1737 1206 1805 ἔγνω
1233 1738 1408 1792 ταῦτα
1441 1742 1467 1793 ό
1498 1739 1778 1810 βασιλεὺς,
1809 1741 1890 1803 είς

308 1824 551 1895 ἄμετρον
593 1825 812 1897 ἀνήφθη
868 1831 1081 1900 ὀργήνυ
1121 1834 1216 1885 καὶ
1245 1831 1343 1885 τοῦ
1377 1831 1552 1904 θυμοῦ
1579 1832 1677 1903 τὴν
1709 1833 1889 1903 ῥύμην

313 1916 388 1986 μὴ
417 1917 677 1986 ἐνεγκὼν,
711 1919 926 1991 παρῆκε
948 1922 1053 1985 τὰς
1072 1920 1234 1989 ἡνίας
1261 1922 1358 1974 τοῦ
1390 1920 1673 1992 λογισμοῦ,
1702 1923 1797 1978 καὶ
1821 1927 1886 1994 τῇ

309 2014 507 2085 ἀλογίᾳ
545 2016 647 2087 τὴν
677 2015 855 2087 ψῆφον
886 2016 1195 2085 ἐπήνεγκεν
1216 2032 1229 2045 ο
1289 2016 1323 2087 ἢ
1353 2016 1419 2087 δὴ
1472 2018 1574 2087 τῆς
1620 2018 1891 2086 τοσαύτης

310 2109 496 2179 ἀδείας
542 2110 955 2181 ὲπειλημμένη,
1008 2106 1209 2179 οἷάπερ
1249 2111 1552 2182 αὐτόνομος
1603 2112 1888 2181 τύραννος,

310 2200 472 2256 ἄδικα
502 2205 635 2274 ξίφη
669 2206 810 2259 κατά
861 2204 1083 2259 πάντων
1139 2203 1470 2274 έγύμνωσεο
1521 2207 1614 2258 καὶ
1663 2205 1891 2275 ἀπηνῶς

310 2293 486 2359 οὕτως
516 2296 579 2349 οὐ
608 2296 734 2361 τοὺς
768 2295 1129 2363 ὑπευθύνους,
1185 2296 1321 2349 ἀλλά
1352 2299 1446 2350 καὶ
1499 2299 1624 2357 τοὺς
1679 2296 1891 2359 ἀθώους

311 2390 657 2445 ἀποκτείνειν
686 2389 927 2445 ἐκέλευε.
960 2390 1074 2445 Καὶ
1101 2392 1181 2454 είς
1212 2390 1377 2452 έπτά.
1409 2389 1483 2452 ὣς
1522 2406 1680 2455 φασι,
1714 2389 1893 2459 χιλιά-

308 2482 407 2545 δας
438 2482 743 2553 ἀνθρώπων
790 2484 818 2537 ό
853 2483 1014 2552 φόνος
1071 2481 1411 2554 προύχώρει,
1461 2482 1674 2552 ἀμήτου
1731 2482 1889 2551 δίκην

312 2575 424 2628 τῶν
456 2575 876 2647 προστυχόντων
912 2574 1301 2646 θεριζομένων,
1353 2574 1431 2645 μὴ
1480 2573 1716 2640 κρίσεως
1751 2574 1891 2642 μήτε

319 2669 429 2738 μὴν
450 2667 753 2733 ἐξετάσεως
804 2668 1140 2739 ἡγουμένης.
1178 2667 1298 2721 Εἰσὶ
1340 2667 1399 2719 δὲ
1455 2666 1510 2719 οἱ
1560 2681 1694 2736 φασι
1728 2664 1892 2736 ῥητὸν

314 2755 619 2826 προστάξαι
644 2755 848 2826 πλῆθος
872 2757 966 2809 τὸν
1001 2754 1233 2826 βασιλέα
1263 2753 1642 2825 ἀναιρεθῆναι.
1679 2751 1894 2806 Ἐντεῦ-

316 2850 410 2904 θεν
432 2852 512 2914 δὲ,
544 2846 629 2904 οἷα
653 2851 823 2920 φιλεῖ,
848 2850 945 2905 καὶ
993 2849 1162 2921 μηδὲν
1218 2849 1611 2920 προσηκόντων
1652 2850 1831 2915 φόνων
1855 2846 1891 2918 ή

319 2945 478 3008 πόλις
509 2946 860 3015 ἐπίμπλατοο
914 2944 974 2998 οὐ
1011 2943 1121 3016 γὰρ
1149 2943 1316 3012 μόνον
1357 2942 1406 2995 οἱ
1443 2940 1727 3010 ἐγχώριοι,
1755 2938 1893 2993 ἀλλά

318 3032 414 3085 καί
438 3031 583 3098 ξένοι
608 3033 749 3096 τινὶς
782 3032 1290 3098 καταπλεύσαντες,
1325 3032 1457 3101 παρ’
1483 3030 1674 3084 ἐλπίδα
1713 3032 1893 3082 πᾶσαν

320 3125 589 3180 ἑάλωσαν,
623 3126 731 3178 Καὶ
756 3127 967 3196 θρήνων
993 3124 1119 3197 ἀξια
1152 3126 1446 3192 ἐπεγένετο
1489 3123 1659 3193 πάθη,
1691 3118 1805 3176 οἷον
1827 3121 1891 3190 δὴ

1991 620 2191 674 seditio
2226 620 2457 676 maxima
2483 635 2567 675 est
2590 632 2711 677 orta
2749 622 2849 677 hac
2881 624 2951 678 de
3004 640 3189 679 causa.
3224 623 3282 678 in
3318 622 3576 678 Butheri-

1990 712 2103 773 chi.
2129 714 2222 782 qui
2259 722 2373 766 tmn
2419 715 2752 769 militaribus
2793 716 2846 770 in
2909 716 3125 788 Illyrico
3172 718 3347 787 copiis
3381 718 3577 787 pra'l'e-

1990 820 2112 863 ctus
2133 811 2329 872 fuerat,
2349 810 2667 880 pincernam
2687 812 2874 880 auriga
2892 814 3080 865 oculos
3102 813 3401 882 adjecerat.
3421 814 3573 884 ejus-

1990 918 2098 969 que
2132 903 2455 971 pudicitiam
2507 914 2761 959 tentarat.
2798 900 2864 958 Et
2892 923 2954 957 ea
2991 905 3058 958 de
3106 921 3269 959 causa
3318 921 3572 975 compre-

1990 994 2219 1057 hensus,
2256 996 2307 1048 in
2336 997 2587 1051 custodia
2624 996 3000 1051 detinebatnr.
3034 997 3198 1069 316
3222 998 3359 1053 Cum
3387 1010 3571 1053 autem

1993 1087 2207 1158 insigne
2260 1090 2448 1143 curule
2476 1097 2754 1144 certamen
2808 1090 2860 1143 in
2903 1106 2965 1145 ea
3001 1092 3133 1145 urbe
3196 1092 3567 1161 peragendum

1991 1190 2158 1241 esset,
2192 1180 2521 1249 supplicavit
2559 1181 2738 1250 plebs,
2802 1192 2860 1235 ut
2886 1181 3113 1251 aurigae,
3168 1182 3262 1252 qui
3300 1182 3567 1253 singulari

1993 1272 2047 1325 in
2077 1274 2383 1327 ret-tamine
2414 1288 2482 1328 eo
2510 1284 2630 1333 erat
2652 1275 2945 1339 industria,
2979 1274 3162 1329 delicti
3188 1275 3361 1344 gratia
3393 1276 3583 1342 ﬂeret,

1991 1374 2048 1419 et
2084 1364 2131 1418 is
2154 1364 2375 1420 ludicro
2410 1365 2460 1420 ei
2494 1367 2762 1421 interesse
2793 1377 2999 1435 poSset.
3030 1367 3136 1424 Ubi
3169 1384 3303 1421 vero
3327 1379 3435 1423 tam
3490 1385 3578 1424 se-

1992 1458 2119 1512 dula
2144 1459 2533 1528 deprecatione
2560 1459 2612 1513 id
2640 1476 2746 1513 non
2776 1459 3166 1526 impetrarunt,
3186 1460 3252 1516 ad
3275 1461 3573 1516 maximum

1995 1552 2207 1606 incitati
2243 1562 2372 1607 sunt
2414 1553 2734 1606 tumultum.
2791 1551 2896 1607 Per
2949 1552 3291 1609 iracundiam
3334 1569 3575 1623 namque

1992 1646 2285 1713 plerosque
2340 1646 2692 1716 imperatoris
2743 1648 3025 1718 principes
3076 1648 3227 1702 viros
3278 1656 3336 1701 et
3393 1647 3573 1716 ipsum

1990 1734 2382 1791 Bitherichum
2405 1747 2692 1794 necarunt.
2713 1738 2861 1792 Alios
2876 1754 2942 1791 au
2952 1749 3057 1792 tem
3082 1737 3360 1808 lapidibus
3376 1737 3577 1792 obrue-

1995 1834 2143 1889 runt,
2201 1834 2256 1879 et
2295 1836 2479 1894 postea
2515 1828 2679 1881 etiam
2739 1844 2836 1897 per
2864 1827 3110 1898 publicas
3140 1826 3259 1882 vias
3296 1836 3577 1897 raptantes

1995 1926 2300 1973 traxerunt.
2328 1917 2501 1984 Quam
2534 1920 2612 1973 rei
2646 1919 3026 1988 indignitatem
3057 1928 3345 1988 postquam
3397 1919 3576 1989 impe-

1995 2013 2144 2059 rator
2173 2008 2465 2073 intellexit,
2496 2009 2719 2063 iinniani
2758 2012 2834 2063 ira
2868 2025 3137 2065 accensus
3175 2020 3258 2066 est
3290 2026 3302 2063 :
3344 2018 3401 2064 et
3423 2008 3611 2063 iuro--

1997 2106 2070 2154 ris
2099 2102 2366 2168 impetum
2414 2118 2522 2155 non
2550 2102 2757 2166 ferens,
2784 2101 3016 2155 rationis
3048 2101 3297 2155 habenas
3344 2099 3572 2171 ahjecit,

1994 2204 2050 2249 et
2103 2197 2407 2264 appetitum
2462 2197 2676 2250 calculo
2700 2208 2755 2251 et
2786 2196 3060 2250 sententia
3115 2210 3211 2249 sua
3242 2193 3575 2264 comproba-

1997 2288 2092 2341 vit.
2118 2289 2220 2352 Qui
2246 2289 2465 2345 licentia
2498 2299 2646 2345 tanta
2676 2300 2915 2359 recepta.
2942 2289 3109 2343 veluti
3143 2299 3408 2360 tyrannus
3426 2287 3577 2343 arbi-

1995 2382 2101 2433 trin
2150 2394 2251 2435 suo
2290 2380 2502 2451 legibus
2539 2381 2757 2436 solutus
2818 2382 3031 2443 vivens,
3087 2381 3307 2449 gladios
3353 2378 3576 2449 iniquos

1995 2473 2263 2529 adversus
2284 2490 2479 2530 omnes
2510 2474 2755 2541 strinxit,
2795 2486 2851 2530 et
2872 2475 3176 2530 crudeliter
3222 2490 3332 2529 non
3388 2480 3575 2527 sontes

1998 2572 2209 2619 tantum
2251 2568 2419 2635 ipsos,
2448 2584 2639 2623 verum
2689 2568 2942 2623 insontes
2980 2584 3202 2638 quoque
3232 2576 3287 2622 et
3322 2566 3575 2622 innoxios

1995 2659 2182 2715 necari
2210 2660 2397 2730 jussit.
2434 2662 2513 2715 Ad
2540 2672 2754 2731 septem
2785 2661 2957 2716 millia
2981 2661 3270 2717 hominum
3295 2659 3474 2715 cedes
3509 2673 3574 2715 ea

1998 2768 2289 2823 progressa
2324 2770 2447 2809 esse
2484 2754 2710 2822 dicitur,
2747 2772 2855 2810 non
2889 2771 3050 2811 secus
3083 2765 3253 2824 atque
3307 2754 3364 2808 in
3399 2765 3577 2809 messe

1995 2848 2255 2917 quadam,
2286 2847 2436 2904 ferro
2465 2865 2602 2916 quos
2622 2864 2742 2905 sors
2765 2847 3054 2905 obtulisset
3080 2849 3273 2904 obvios
3290 2858 3574 2917 earpente,

1998 2958 2099 2995 nec
2121 2941 2353 3013 judicio,
2382 2958 2483 2997 nec
2499 2943 2800 3010 quaestione
2830 2943 3035 2998 habita.
3066 2942 3210 2997 Sunt
3257 2943 3349 3013 qui
3384 2944 3579 2998 dicunt

2000 3032 2391 3100 imperatorem
2420 3044 2632 3089 eertum
2662 3036 2947 3088 hominum
2994 3037 3087 3105 qui
3124 3036 3579 3090 interﬁcerentur

1999 3139 2293 3179 numerum
2323 3126 2604 3181 statuisse.
2663 3128 2904 3184 Proinde
2963 3129 3125 3184 sicuti
3177 3129 3300 3183 ﬁeri
3350 3130 3578 3190 assolet,

319 3226 409 3274 καὶ
448 3220 567 3275 τόδε
589 3235 603 3253 ⁶
648 3220 907 3293 Ἐμπόρῳ
933 3222 1039 3273 τινί
1090 3219 1278 3283 παῖδες
1310 3217 1731 3287 συνελήφθησαν
1764 3215 1856 3269 δύο
1876 3231 1891 3246 ο

2004 3216 2209 3272 factum
2249 3229 2310 3272 ut
2356 3219 2522 3274 etiam
2564 3236 2757 3275 eorum
2785 3222 2877 3290 qui
2906 3236 2936 3275 a
2964 3235 3128 3277 causa
3158 3230 3346 3276 essent
3386 3219 3575 3286 alieni,

318 3314 465 3384 ὑπὲρ
493 3306 568 3367 ὧν
597 3314 923 3385 παραδιδοὺς
955 3312 1170 3375 ἑαυτὸν,
1224 3309 1471 3375 ἐκείνους
1522 3311 1691 3363 ἐδεῖτο
1724 3309 1893 3374 σώζε-

319 3407 449 3461 σθαι
472 3424 485 3438 ο
520 3407 712 3472 μισθὸν
734 3407 813 3471 δὲ,
867 3407 963 3459 καὶ
1006 3407 1131 3459 ὅσον
1156 3400 1225 3475 ἦν
1266 3405 1462 3474 ἐκείνῳ
1502 3404 1725 3475 χρυσίον
1757 3418 1893 3469 προ-

318 3504 503 3573 ίσχετο
532 3502 642 3561 τοῖς
681 3498 1068 3571 στρατιώταις.
1126 3499 1191 3553 Οἱ
1223 3497 1269 3551 δ’
1300 3498 1663 3567 ἀπάνθρωποι
1695 3496 1892 3549 ἐκείνοι

316 3598 414 3666 τῆς
448 3597 734 3668 συμφορᾶς
766 3595 1107 3664 ἐλεήσαντες,
1136 3592 1364 3661 θάτερον
1389 3592 1448 3644 ὃν
1472 3590 1537 3644 ἂν
1563 3591 1751 3660 ἕληται
1785 3587 1893 3641 τῶν

318 3689 484 3741 υἱέων
506 3688 655 3741 λύειν
687 3687 960 3753 ἐκέλευον,
983 3686 1083 3755 τὴν
1116 3685 1330 3738 ἱκεσίαν
1358 3685 1660 3754 δεχόμενοι.
1691 3683 1894 3751 ’Ἄμφω

320 3786 429 3853 γὰρ
479 3783 717 3851 ἀφιέναι,
772 3782 874 3835 οὐκ
934 3779 1216 3833 ἀκίνδυνον
1272 3779 1458 3846 σφίσιν
1509 3777 1774 3841 ἐτίθεντο,
1817 3774 1894 3839 ὼς

319 3875 531 3937 δνδεοῦς
557 3874 960 3942 καθισταμένου
984 3871 1079 3925 τοῦ
1102 3870 1364 3941 ἀριθμοῦ.
1391 3870 1503 3939 Τῆς
1529 3871 1585 3924 δε
1618 3869 1895 3939 πατρικῆς

322 3970 540 4038 φύσεως
595 3968 689 4023 καὶ
746 3968 826 4029 εἰς
872 3966 1216 4036 ἀμφοτέρους
1270 3964 1511 4035 ὁρώσης,
1563 3963 1768 4017 κλαίων
1802 3964 1898 4019 καὶ

319 4064 673 4135 ὀδυρόμενος,
704 4060 812 4115 οὐδ’
844 4061 1037 4128 ἑτέρου
1069 4059 1343 4130 διέκρινεν
1374 4057 1609 4127 αἵρεσιν.
1662 4055 1820 4109 Οὕτω
1848 4055 1894 4109 δ’

321 4154 382 4208 έν
408 4153 600 4224 ἀπόρῳ
629 4150 1058 4219 καθεστηκότος.
1088 4148 1283 4217 έπίσης
1311 4150 1422 4219 γὰρ
1450 4148 1654 4217 ἀμφοῖν
1675 4149 1897 4201 ἐνικᾶτο

318 4245 399 4316 τῷ
429 4246 661 4316 φίλτρῳ,
695 4245 788 4297 καὶ
824 4243 994 4312 ἄμφω
1013 4241 1141 4304 τοὺς
1174 4240 1371 4303 παῖδας
1410 4241 1683 4303 ἀπώλεσε,
1716 4240 1894 4311 ξίφεσι

319 4340 430 4394 τῶν
471 4338 822 4410 στρατιωτῶν
852 4333 1317 4406 διαχρησαμένων
1342 4334 1564 4398 αὐτούς.
1613 4335 1775 4388 Ἀλλά
1799 4336 1896 4389 καὶ

319 4433 539 4502 οἰκέτης
575 4430 810 4501 δεσπότῃ
834 4427 1024 4498 ἀγαθῷ
1050 4426 1309 4499 τιμωρῶν
1344 4427 1600 4497 ἀγομένῳ
1628 4427 1767 4497 πρὸς
1796 4428 1896 4497 τὴν

323 4524 564 4593 σφαγὴν.
602 4521 796 4576 ἑαυτὸν
824 4523 903 4583 εις
929 4519 1215 4588 ἀναίρεσιν
1256 4516 1557 4587 προθύμως
1589 4517 1783 4571 ἐδίδου.

1996 3310 2145 3366 etede
2168 3310 2364 3366 civitas
2387 3313 2457 3367 sit
2486 3314 2780 3383 completa.
2807 3314 2923 3369 Non
2949 3315 3101 3369 cives
3127 3317 3275 3369 enim
3304 3323 3362 3369 et
3382 3314 3580 3368 incola:

1997 3411 2236 3466 tantum,
2274 3404 2370 3460 sed
2404 3405 2649 3475 hospites
2675 3406 2865 3472 etiam,
2900 3407 2994 3477 qui
3036 3407 3271 3461 navibus
3292 3421 3360 3459 eo
3400 3420 3579 3476 appu-

1996 3495 2203 3562 lerant,
2231 3508 2432 3568 praeter
2453 3499 2920 3569 exspectationem
2950 3514 3168 3554 omnem
3191 3497 3577 3568 comprehensi

1997 3597 2147 3645 sunt.
2178 3589 2246 3644 Et
2278 3590 2521 3660 profecto
2549 3592 2761 3661 ploratu
2788 3592 2949 3662 digna
3009 3592 3083 3647 ibi
3121 3592 3417 3648 eonnnissa
3446 3600 3581 3646 sunt

1997 3677 2262 3744 facinora,
2299 3683 2461 3751 quale
2486 3690 2651 3739 estet
2677 3682 2808 3737 illud
2845 3701 2858 3737 :
2923 3683 3247 3740 Mercatoris
3288 3685 3576 3755 cujusdam

1998 3772 2094 3827 lilii
2127 3772 2240 3829 duo
2270 3775 2592 3851 suntcapti.
2622 3774 2728 3831 Pro
2760 3776 2985 3847 quibus,
3034 3788 3094 3830 ut
3141 3777 3448 3833 incolumes
3500 3776 3579 3831 illi

1997 3876 2351 3923 servarentur
2396 3879 2672 3939 precatus,
2709 3870 2953 3941 seipsum
3009 3874 3074 3925 ad
3110 3885 3301 3925 necem
3344 3871 3578 3926 obtulit:

1996 3961 2350 4030 pretiumque
2386 3972 2649 4032 praeterea
2676 3972 2944 4033 quantum
2985 3965 3103 4018 auri
3147 3965 3396 4030 haberet,
3432 3964 3579 4018 mili-

1999 4052 2149 4108 tibus
2178 4067 2237 4108 se
2264 4053 2521 4110 daturum
2550 4055 2827 4125 pollicitus
2863 4064 2965 4111 est.
3002 4056 3128 4112 Feri
3162 4072 3294 4112 vero
3326 4066 3382 4113 et
3413 4059 3577 4113 inhu-

1999 4153 2145 4205 mani
2168 4150 2265 4217 iili,
2288 4166 2475 4207 casum
2504 4151 2605 4207 viri
2634 4153 2902 4217 miserati,
2954 4153 3186 4207 alterum
3218 4169 3380 4223 quem
3409 4153 3577 4209 vellet

1996 4258 2065 4297 ex
2091 4241 2237 4309 ﬁliis,
2274 4243 2534 4313 precibus
2564 4244 2667 4299 hoe
2698 4244 2818 4315 ejus
2850 4244 3067 4307 dantes,
3096 4245 3372 4299 redimere
3406 4245 3584 4315 jusse-

2000 4342 2150 4389 runt.
2216 4333 2271 4390 Si
2300 4333 2449 4389 enim
2486 4342 2790 4405 utrumque
2851 4336 3219 4401 dimitterent,
3275 4336 3579 4405 periculum

1999 4428 2104 4483 sibi
2144 4427 2276 4499 ipsis
2306 4439 2595 4484 creaturos
2622 4445 2766 4496 esse,
2801 4446 3037 4486 numero
3060 4447 3326 4486 eaasorum
3372 4430 3580 4500 aliquid

1999 4521 2326 4587 decedente,
2354 4524 2643 4580 dixerunt.
2667 4522 2805 4579 Cum
2838 4539 3019 4579 autem
3046 4534 3273 4595 paterna
3306 4533 3501 4579 natura
3526 4534 3585 4577 rt

321 4622 500 4692 pietas
550 4618 602 4672 in
661 4626 956 4685 utrumque
998 4622 1350 4684 respectaret,
1422 4612 1561 4668 ﬂens
1630 4612 1720 4668 ille
1754 4613 2173 4683 etlatnentans,
2231 4633 2523 4688 quemnam
2591 4636 2659 4675 ex
2694 4630 2927 4691 utroque
2987 4630 3225 4691 optaret,
3288 4620 3585 4679 decernere

320 4732 433 4771 non
472 4713 665 4783 potuit.
703 4712 879 4777 Atque
923 4711 994 4763 ita
1025 4708 1195 4763 animi
1242 4708 1532 4779 ambiguus
1575 4707 1887 4778 (utriusque
1924 4710 2071 4765 enim
2138 4728 2205 4766 ex
2265 4728 2424 4781 sequo
2485 4729 2675 4769 arnore
2731 4714 3074 4773 vincebatur}
3108 4725 3408 4784 utrutnque
3463 4732 3584 4785 per-

322 4810 482 4871 didit,
522 4805 744 4862 militari
771 4805 916 4859 ferro
942 4818 1166 4859 caesum.
1202 4802 1309 4858 Sed
1342 4811 1399 4858 et
1447 4816 1641 4857 servus
1670 4802 1893 4871 quidam
1936 4803 2068 4858 hero
2090 4820 2211 4865 suo.
2236 4821 2347 4875 quo
2380 4806 2615 4880 benigno
2645 4824 2779 4863 usus
2804 4811 3002 4875 fuerat,
3025 4823 3149 4865 cum
3192 4811 3241 4865 is
3268 4813 3334 4866 ad
3377 4811 3580 4866 caedem

321 4904 641 4964 duceretur,
675 4912 836 4969 opem
871 4897 1074 4962 ferens,
1109 4896 1352 4966 seipsum
1406 4896 1473 4951 ad
1503 4910 1693 4952 necem
1724 4894 1891 4952 alacri
1932 4896 2119 4952 animo
2149 4899 2375 4956 obtulit.

897 5017 1145 5074 ΚΕΦΑΛ.
1192 5015 1328 5071 MA’.
1928 5022 1973 5076 D

325 5115 465 5185 Περι
494 5115 606 5184 τῆς
634 5113 739 5169 τοῦ
758 5113 1106 5185 ’ἐπισκόπου
1144 5111 1499 5181 Ἀμᾶίρσιόυ
1533 5114 1894 5185 πσῤῥησίας·

397 5181 477 5253 ὦς
506 5181 619 5239 οὐκ
664 5182 855 5248 ἀνῆκε
914 5181 1209 5253 Θεοδοσίφ
1238 5184 1350 5253 thr
1380 5186 1458 5249 εις
1510 5183 1582 5237 τὰ
1608 5181 1736 5238 θεῖα
1760 5188 1903 5239 ἀντὶ·

398 5252 581 5325 κτορα
626 5254 872 5325 εισοόρν
894 5271 908 5284 ·
940 5252 1048 5325 ,καί
1080 5253 1210 5317 περὶ
1250 5252 1356 5325 τοῦ
1387 5254 1576 5322 νόμου
1606 5253 1678 5307 ὃν
1713 5256 1900 5317 ἔθετο.

399 5323 513 5383 καί
556 5327 690 5395 περὶ
748 5323 868 5378 τῶν
921 5323 1129 5379 ἄλλων
1176 5323 1362 5378 αὑτοῦ
1397 5340 1501 5394 rm;
1517 5326 1809 5379 αινέσεών
1839 5342 1904 5381 τε

399 5398 497 5452 καὶ
516 5395 727 5468 ἔργων.

2493 5020 2654 5093 317
2684 5020 2911 5079 CAPUT
2950 5020 3087 5078 xu.

2008 5105 2343 5183 De_episcopﬁi
2369 5110 2628 5183 Ambrosii
2655 5114 2863 5167 dicendi
2888 5125 2937 5167 et
2964 5112 3220 5183 arguendi
3244 5113 3504 5177 libertate,
3526 5125 3584 5170 ut

2081 5179 2420 5254 Theodosium
2447 5181 2511 5237 ab
2532 5184 2772 5254 ingressu
2808 5184 2991 5253 tentpli
3028 5179 3123 5238 Dei
3146 5186 3467 5252 prohibuerit
3490 5200 3509 5239 .'
3533 5198 3583 5240 et

2077 5252 2140 5303 de
2165 5251 2295 5325 lege,
2323 5269 2484 5325 quam
2518 5251 2713 5325 potuit,
2740 5264 2788 5308 et
2818 5256 2881 5308 de
2909 5251 3033 5311 aliis
3064 5256 3299 5325 ejusdem
3322 5257 3583 5310 Ambrosii

2077 5322 2298 5392 egregiis
2326 5324 2476 5377 dictis
2514 5322 2562 5378 et
2588 5326 2762 5392 factis.

400 5511 513 5581 Τὴν
539 5510 670 5580 γοῦν
703 5509 993 5579 συμφορὰν
1023 5506 1230 5577 ταύτην
1290 5508 1618 5579 Ἀμόρόσιος
1678 5510 1705 5563 ὁ
1760 5508 1891 5575 θεῖος

2080 5508 2231 5565 lianc
2269 5518 2473 5566 tantam
2514 5526 2815 5567 {erutunam
2840 5512 3001 5568 divus
3031 5512 3361 5568 Ambrosius
3388 5515 3580 5571 audie-

334 5603 548 5678 μαθὼν,
576 5603 698 5657 ἐπεὶ
732 5604 871 5674 μετά
898 5605 996 5673 τὴν
1028 5603 1292 5671 Εὑγενίου
1323 5602 1479 5673 νίκην
1514 5598 1648 5673 ἧκεν
1678 5607 1755 5667 εἰ,
1791 5606 1891 5657 Ma-

2005 5610 2107 5654 rat.
2142 5600 2354 5657 Etcum
2388 5612 2509 5675 post
2543 5603 2837 5660 Maximum
2863 5606 2945 5676 (Ι)
2994 5605 3286 5661 devictum
3321 5606 3581 5663 Theodo-

404 5768 484 5836 (1)
517 5767 572 5824 ln
592 5767 880 5836 Nicephnri
905 5765 1092 5822 Graeco
1114 5766 1406 5832 exemplari
1444 5764 1670 5827 Engenii
1699 5780 1898 5838 nomen
2001 5766 2532 5838 Constantinopolim
2587 5784 2865 5825 reversum
2910 5784 3047 5823 esse.
3102 5767 3427 5824 Ambrosius
3464 5770 3582 5838 epi-

331 5840 575 5912 p0situm
619 5848 748 5893 est:
798 5838 892 5892 sed
940 5852 1040 5906 ego
1074 5853 1173 5912 pro
1200 5852 1265 5890 eo
1307 5838 1597 5912 Maximum
1659 5837 1901 5912 reposui,
2005 5855 2204 5912 st-opus
2249 5837 2619 5912 _'l_'heodusium
2680 5842 2756 5912 ob
2802 5851 2907 5893 tam
2966 5838 3310 5910 tyrannieuut
3362 5838 3581 5895 facinus

335 5906 561 5985 propter
629 5921 1056 5981 consequentia,
1125 5911 1214 5963 ubi
1270 5911 1474 5963 dicitur
1532 5906 1905 5963 Theodosium
2005 5910 2206 5982 templo
2243 5909 2532 5969 Mediolani
2566 5911 2829 5967 excludit.
