4038 6222
507 286 611 350 899
1724 277 2144 340 NllIEPHORI
2188 275 2533 337 CALLlSTI
3642 270 3753 337 900

506 412 756 465 catur-us,
825 400 879 455 in
916 398 1121 471 regiam
1171 413 1227 453 se
1259 395 1544 453 celeritate
1598 410 1789 464 magna
1843 394 2072 449 confert.

2184 392 2410 444 ἐνοῦσαν
2435 387 2632 461 ἀρετὴν
2661 388 2973 459 nagivia;
3007 386 3063 440 ἕν
3084 404 3142 440 τε
3173 384 3292 458 Θεῷ
3330 384 3423 439 καί
3454 383 3566 448 τοῖς
3597 399 3756 453 τηνι-

506 491 723 544 Aceidit
753 500 888 555 tum,
925 500 985 545 ut
1007 488 1380 544 venerationis
1439 486 1751 557 Spectaculo
1783 485 2072 540 Gratianus

2187 485 2363 539 nam
2403 484 2692 552 Ῥωμαίων
2728 485 3007 550 ἄρχουσιν.

504 603 727 657 operam
758 588 933 654 darei,
985 602 1091 657 qua
1117 602 1175 640 se
1212 585 1431 639 laxandi
1464 583 1629 640 animi
1670 584 1842 653 gratia
1879 582 2158 652 principes
2219 580 2495 635 oblectare
2559 579 2741 634 solent
2793 592 2808 631 :
2840 592 3019 646 neque
3110 578 3401 646 quisquam
3447 588 3512 627 ex
3542 570 3622 625 eis
3654 567 3753 639 qui

502 684 570 737 ad
632 684 887 739 vestibuli
939 683 1248 738 custodiam
1281 682 1535 753 dispositi
1587 689 1769 744 erant,
1822 680 2066 748 epiSCOpi
2110 676 2491 749 prmaentiam,
2531 673 2679 745 quod
2716 675 2837 745 ejus
2864 674 2943 728 rei
2988 684 3101 728 tum
3128 678 3499 743 opportunum
3530 676 3755 734 tempus

504 794 613 833 non
640 789 805 843 esset,
832 775 1149 847 imperatori
1192 773 1480 829 indicaret.
1504 775 1573 826 At
1600 769 1925 825 Ambrosius
1946 767 2075 822 inde
2112 766 2426 832 discedens,
2487 767 2553 819 ad
2614 765 2762 819 fores
2794 778 2888 818 eas
2953 763 3230 833 pervenit,
3296 776 3396 833 per
3423 773 3560 831 quas
3602 759 3755 813 feras

506 871 872 927 inducebant:
906 867 1341 924 etvenatoribus
1369 868 1583 929 mistus,
1640 865 1803 918 itaut
1855 863 2222 932 ignoraretur,
2291 860 2575 930 ingressus
2629 864 2735 912 est.
2801 856 2990 927 Neque
3018 857 3144 911 inde
3176 856 3331 927 prius
3376 862 3751 919 cstcgrcssus.

506 963 673 1018 multa
704 962 1021 1017 Gratianum
1052 971 1108 1017 et
1133 975 1229 1015 eos
1263 958 1357 1029 qui
1386 973 1508 1012 cum
1554 974 1619 1011 eo
1683 964 1861 1017 erant.
1932 965 2184 1025 precatus
2210 996 2224 1019 ,
2285 969 2448 1023 quam
2508 951 2600 1006 ille
2634 949 3104 1009 condemnationis
3132 951 3404 1005 sententia
3432 950 3495 1001 de
3523 946 3751 1000 homine

502 1056 807 1111 eoinducta
836 1056 998 1111 aliam
1024 1054 1211 1117 ferret,
1238 1068 1359 1121 qua:
1388 1052 1538 1106 illum
1560 1050 1789 1106 Crimine
1860 1048 2189 1111 absolveret.
2252 1046 2347 1117 qui
2407 1047 2519 1119 jam
2571 1046 2638 1101 ad
2696 1056 2926 1101 mortem
2992 1052 3296 1113 raperetur.
3349 1040 3563 1097 Nemini
3617 1053 3751 1096 vero

502 1150 824 1204 Ambrosius
883 1149 1270 1203 ecclesiasticis
1325 1138 1811 1199 constitutionibus
1867 1157 2065 1210 magno
2140 1142 2326 1197 studio
2364 1150 2422 1196 ct
2478 1155 2609 1196 cura
2668 1138 2953 1196 servandis
2991 1138 3195 1204 cessit;
3258 1137 3408 1193 clero
3467 1146 3652 1191 autem
3694 1135 3749 1188 in

502 1246 680 1301 otlicio
712 1243 1071 1308 continendo,
1141 1252 1195 1297 et
1228 1239 1537 1294 ditinarum
1600 1238 1779 1307 legum
1856 1234 2142 1304 disciplina
2188 1235 2508 1300 imbuenda,
2562 1234 2916 1291 felicissimus
2956 1232 3079 1289 fuit.
3128 1232 3207 1287 Ex
3273 1229 3527 1302 plurimis
3593 1242 3747 1290 vero,

503 1357 623 1411 qua:
652 1340 744 1394 ille
778 1349 921 1393 recte
945 1337 1134 1407 gessit,
1174 1334 1358 1397 rebus,
1395 1347 1565 1403 pauca
1599 1331 1714 1386 lucc
1763 1344 2223 1387 commemorasse
2285 1332 2418 1388 satis
2456 1340 2559 1384 est.
2632 1329 2862 1385 Abunde
2924 1331 3071 1383 enim
3126 1327 3404 1383 declarare
3456 1327 3569 1381 luce
3619 1343 3752 1394 pos-

501 1443 652 1496 sunt,
693 1442 895 1502 quanta
929 1438 1151 1500 propter
1201 1428 1417 1481 insitam
1484 1425 1590 1479 sibi
1630 1426 1910 1502 virtutem,
1941 1437 2066 1477 cum
2106 1422 2438 1483 dexteritate
2496 1422 2754 1495 quadam,
2820 1422 2875 1481 in
2907 1421 3112 1478 divinis
3138 1421 3394 1493 negotiis,
3462 1431 3576 1476 tum
3606 1420 3752 1493 apud

510 1498 789 1599 principes
805 1498 1082 1580 Romanos
1117 1537 1249 1576 usus
1280 1522 1350 1576 sit
1378 1498 1653 1574 libertate:

969 1664 1131 1737 323
1170 1660 1398 1719 CAPUT
1437 1658 1601 1715 XLII.

2758 1655 3006 1710 ΚΕΦΑΛ.
3037 1656 3171 1711 MB‘.

504 1786 584 1842 De
617 1787 812 1858 pietate
837 1789 885 1835 et
914 1784 1106 1838 uirtute
1136 1775 1378 1858 Placitae
1396 1815 1412 1839 ,
1437 1774 1771 1845 imperatoris
1800 1770 2072 1827 Theodosii

2176 1768 2313 1858 Περὶ
2346 1768 2802 1858 τῆιςιεύσεϐείτις
2818 1767 3178 1858 *καίὶάρξτῆς
3224 1768 3606 1858 Πλτξκὲιληςι
3637 1766 3753 1837 τῆς

1145 1847 1427 1919 .conjugt's.

573 1967 922 2026 Theodosius
972 1966 1266 2035 imperator
1312 1961 1612 2032 plurimum
1664 1958 1885 2029 quidem
1940 1955 2070 2013 Am-

507 2063 678 2120 brosii
709 2061 964 2117 doctrina
996 2067 1053 2112 et
1085 2053 1578 2113 constitutionibus
1613 2060 1697 2107 est
1743 2051 2069 2106 delectatus.

505 2159 624 2214 Non
654 2170 848 2225 parum
880 2166 1012 2207 vero
1044 2148 1354 2205 occasionis
1381 2156 1438 2203 et
1468 2145 1725 2202 utilitatis
1755 2146 1829 2207 ei,
1860 2144 1928 2197 ad
1961 2145 2075 2213 pie—

507 2262 673 2308 tatem
705 2248 919 2304 sciliret
950 2245 1137 2309 etiam,
1170 2242 1355 2297 attulit
1384 2240 1503 2312 ejus
1549 2240 1767 2305 coniux.
1818 2236 2072 2305 Quotidie

505 2359 744 2415 namque
782 2341 862 2397 illi
900 2340 1116 2395 divinas
1161 2337 1329 2405 leges,
1360 2333 1564 2404 quibus
1605 2334 1717 2402 ipsa
1744 2343 1902 2387 antea
1938 2346 2071 2385 eru-

505 2440 621 2494 dita
662 2438 863 2498 fuerat,
888 2432 944 2487 in
973 2429 1297 2487 memoriam
1333 2425 1631 2482 revocavit.
1657 2422 1776 2479 Non
1807 2424 1952 2477 enim
1982 2421 2070 2476 illa

505 2548 564 2588 se
616 2527 888 2601 imperiali
938 2520 1207 2581 etlereb’at
1256 2521 1524 2591 potentia,
1570 2516 1663 2573 sed
1702 2519 1885 2586 potius
1923 2529 2071 2569 amo-

508 2640 623 2678 rem
661 2636 790 2692 erga
814 2620 990 2675 Deum
1022 2612 1240 2683 sibiipsi
1266 2610 1437 2668 veluti
1486 2609 1801 2664 thesaurum
1845 2621 2073 2661 conser-

506 2716 689 2768 vabat.
721 2713 938 2779 Quanto
966 2721 1204 2776 namque
1236 2703 1325 2759 illa
1363 2702 1570 2773 majora
1598 2701 1666 2755 ab
1707 2716 1773 2755 eo
1806 2698 2071 2754 beneﬁcia

505 2811 816 2874 acceperat,
846 2810 999 2856 tanto
1030 2798 1199 2852 etiam
1229 2794 1491 2865 quotidie
1521 2793 1848 2847 charitatem
1884 2792 1937 2843 in
1971 2790 2071 2845 be-

504 2899 841 2955 nefactorem
870 2908 1032 2949 suum
1074 2888 1383 2959 adaugebat
1435 2887 1627 2956 magis.
1654 2884 1845 2955 Itaque
1879 2898 2072 2939 eorum

509 2992 606 3064 qui
640 2989 808 3045 variis
837 2986 1224 3043 detinerentur
1250 2978 1482 3045 morbis,
1506 2990 1565 3033 et
1603 2977 1864 3032 membris
1898 2975 2072 3046 parti-

510 3087 724 3156 busque
774 3077 1030 3148 corporis
1076 3073 1316 3131 mutilati
1356 3081 1580 3133 essent,
1630 3070 1809 3124 omnis
1853 3067 2075 3140 generis

510 3192 700 3235 curam
732 3174 923 3245 gessit,
953 3170 1070 3241 ipsa
1107 3183 1206 3240 per
1231 3166 1468 3237 seipsam
1518 3166 1573 3218 in
1610 3163 1778 3218 rebus
1814 3162 2073 3217 omnibus

507 3267 591 3324 eis
636 3264 963 3321 inserviens.
1001 3259 1061 3318 lu
1091 3260 1308 3315 illorum
1350 3256 1499 3312 enim
1529 3255 1809 3310 domicilia
1837 3252 2076 3315 ventita-

508 3362 625 3427 bat,
654 3372 713 3415 et
756 3372 864 3428 qua
891 3355 1127 3428 quisque
1163 3351 1436 3423 indigeret
1494 3365 1573 3413 re,
1601 3363 1720 3407 eam
1761 3348 1838 3403 illi
1873 3362 2073 3417 suppe-

508 3452 739 3511 ditabat.
766 3449 834 3505 Et
856 3448 1220 3507 ecclesiarum
1271 3442 1567 3514 hospitales
1597 3442 1793 3497 domos
1836 3440 2076 3496 circum-

508 3548 652 3614 iens,
695 3559 793 3601 eos
846 3542 944 3614 qui
992 3520 1257 3611 gravibus
1290 3534 1500 3591 morbis
1532 3534 1675 3590 lecto
1713 3531 1855 3586 ι)ίῦςὶ
1892 3541 2071 3593 erant,

505 3639 742 3697 curavit.
766 3635 885 3693 Non
912 3633 1060 3689 enim
1091 3640 1302 3687 tantum
1330 3629 1555 3684 illorum
1588 3623 2072 3697 attingebatollas,

506 3746 564 3791 et
610 3729 831 3803 juscula
866 3723 1148 3784 delibabat
1180 3739 1195 3779 :
1232 3722 1329 3778 sed
1361 3731 1417 3777 et
1457 3719 1687 3790 patellas
1719 3716 2071 3782 admovebat,

510 3840 707 3901 panem
765 3819 1102 3894 apponebat,
1147 3816 1401 3874 ciborum
1440 3812 1613 3868 frusta
1645 3810 1937 3877 aﬂerebat,
1972 3825 2073 3880 p0-

505 3919 631 3974 cula
667 3915 911 3978 eluebat,
947 3911 1162 3980 aliaque
1208 3908 1393 3964 omnia
1441 3915 1693 3975 prompte
1737 3912 1795 3961 et
1836 3902 2075 3959 feliciter

507 4008 720 4073 obibat,
760 4017 883 4072 quae
911 4014 1195 4056 servatum
1241 4005 1300 4052 et
1328 3995 1658 4051 ancillarum
1710 4001 1842 4048 sunt
1872 3991 2069 4049 alliciat.

506 4103 587 4158 Ad
623 4115 719 4156 eos
752 4114 883 4152 vero
917 4095 1012 4167 qui
1063 4092 1429 4148 ministerium
1474 4089 1614 4160 ejus,
1644 4088 1790 4160 quod
1822 4102 1922 4157 per
1960 4103 2073 4140 ma-

508 4209 614 4250 nus
670 4194 786 4264 ipsa
836 4205 967 4247 suas
1020 4185 1340 4258 peragebat.
1401 4183 1656 4238 inhibere
1703 4181 2071 4245 conabantur,

508 4290 697 4343 dicere
728 4285 890 4342 solita
920 4291 1036 4337 erat
1073 4299 1088 4336 :
1119 4298 1138 4331 ι
1180 4277 1415 4349 ltnret'io
1444 4276 1669 4347 quidem
1703 4274 1983 4339 convenit,
2012 4281 2072 4326 ut

2237 1838 2583 1906 βασιλίδος,
2615 1839 2878 1909 γαμετῆς
2901 1840 3228 1894 Θεοδοσίου
3252 1838 3359 1893 τοῦ
3380 1839 3715 1904 βασιλέως.

2258 1952 2319 2009 Ὀ
2348 1954 2406 2008 δὲ
2454 1952 2707 2023 βασιλεὺς
2764 1953 3051 2015 Θεοδόσιος
3110 1953 3340 2007 πλεῖστα
3377 1953 3597 2022 ἐνήδετο
3624 1956 3751 2018 ταῖς

2189 2046 2512 2118 ’Δμδροσίου
2553 2048 2825 2111 παιδείαις
2852 2064 2911 2101 τε
2937 2051 3034 2102 καὶ
3071 2049 3440 2117 νομοθεσίαις.
3482 2048 3595 2118 Οὐχ
3621 2048 3749 2119 ἤκι-

2175 2157 2278 2194 στα
2303 2139 2359 2194 δὲ
2405 2140 2502 2194 καὶ
2542 2140 2710 2210 ἡτῶν
2739 2135 2922 2194 αὐτῶν
2974 2141 3124 2211 αὐτῷ
3174 2140 3515 2195 κοινωνοῦσα
3545 2142 3749 2213 γάμων

2173 2231 2441 2300 ὠφελείας
2496 2232 2558 2286 οὐ
2629 2236 2871 2302 σμικρᾶς
2928 2233 3186 2297 ὑπόθεσις
3240 2235 3436 2306 ἐκείνῳ
3488 2236 3743 2305 ἐγένετο·

2171 2325 2444 2396 ὁσημέραι
2472 2326 2579 2396 γὰρ
2609 2325 2718 2379 τῶν
2751 2326 2913 2380 θείων
2938 2328 3118 2397 νόμων
3148 2328 3315 2381 αὑτὸν
3338 2328 3745 2399 ἀνεμίμνησκε,

2174 2420 2355 2484 καλῶς
2401 2422 2537 2493 αὑτὴ
2586 2423 2853 2494 πρότερον
2900 2422 3115 2486 τούτοις
3160 2423 3624 2478 ὲκπαιδευθεῖσα·
3686 2423 3748 2476 οὐ

2173 2510 2282 2578 γὰρ
2313 2513 2377 2582 τῇ
2413 2510 2662 2582 βασιλικῇ
2697 2512 2989 2585 δυναστείᾳ
3022 2513 3236 2583 ἐπῆρτο
3258 2530 3272 2546 ⁶
3308 2512 3447 2569 ἀλλὰ
3471 2514 3565 2568 τὸν
3606 2514 3749 2568 θεῖον

2174 2605 2341 2658 πόθον
2375 2605 2575 2675 μᾶλλον
2604 2607 2774 2679 ἑαυτῇ
2827 2606 3209 2677 ἐθησαύριζεν.
3248 2607 3402 2678 Ὅσφ
3443 2607 3555 2677 γὰρ
3586 2609 3747 2679 εὖγ-

2173 2696 2370 2767 γέτητο
2407 2697 2648 2767 μείζονα,
2686 2699 2941 2753 τοσοῦτον
2970 2699 3064 2752 καὶ
3114 2699 3176 2753 τὸ
3206 2700 3434 2771 φίλτρον
3479 2702 3615 2770 περὶ
3658 2703 3737 2753 τὸν

2176 2788 2471 2859 εὐεργέτην
2494 2787 2695 2859 ηὔξανε
2747 2791 3117 2860 καθεκάστην.
3155 2793 3264 2847 Καὶ
3292 2792 3477 2847 τοίνυν
3508 2793 3623 2847 τῶν
3660 2795 3733 2844 νό-

2176 2898 2291 2946 σοις
2345 2882 2632 2947 παντοίαις
2668 2884 3063 2953 πεπεδημίνων
3097 2886 3191 2941 καὶ
3237 2885 3639 2957 λελωϐημένων
3678 2892 3741 2940 τὰ

2177 2974 2315 3044 μέλη
2363 2974 2568 3045 πολλὴν
2622 2977 2717 3029 καὶ
2762 2977 3112 3049 παντοδαπὴν
3162 2982 3411 3035 ἐποιεῖτο
3462 2984 3744 3056 φροντίδι,

2176 3069 2315 3137 αὑτὴ
2354 3070 2422 3125 τὰ
2460 3071 2639 3125 πάντα
2696 3071 3167 3145 καθυπουργοῦσα
3215 3074 3281 3129 δι’
3320 3077 3544 3147 ἑαυτῆς.
3591 3078 3747 3145 Ἀφι-

2174 3165 2358 3216 κνείτο
2386 3162 2519 3233 γὰρ,
2541 3165 2637 3219 καὶ
2665 3167 2787 3229 ταῖς
2820 3166 3054 3222 ἐκείνων
3112 3174 3465 3239 καταγωγαῖς
3501 3167 3581 3235 οἷς
3611 3172 3744 3225 ἔκα-

2176 3270 2300 3318 στος
2333 3250 2446 3325 εἶχε
2499 3256 2689 3327 χρείαν
2743 3258 3062 3328 πορίζουσα,
3107 3260 3363 3326 καὶτοὺς
3405 3262 3513 3316 τῶν
3543 3263 3735 3330 Exuit-,-

2178 3349 2313 3402 σιῶν
2345 3347 2587 3416 ξενῶνας
2626 3351 2940 3423 περιιοῦσα,
2995 3354 3110 3419 τοῖς
3158 3354 3360 3421 δεινοῖς
3407 3357 3501 3410 ἐπὶ
3538 3355 3737 3411 κλινῶν

2178 3442 2619 3514 συνεσχημένους
2650 3447 2954 3514 νοσήμασιν
2983 3446 3344 3517 ἐθεράπευεν.
3378 3450 3455 3505 Οὐ
3505 3450 3607 3521 γὰρ
3638 3451 3737 3520 μδ-

2174 3550 2266 3588 νον
2299 3534 2402 3603 τῆς
2430 3534 2658 3591 ἐκείνων
2723 3536 2933 3609 ἥπτετο
2975 3538 3182 3610 χύτρας
3212 3543 3305 3594 καὶ
3351 3540 3537 3613 ζωμοῦ
3571 3556 3737 3615 παρε-

2174 3626 2409 3695 γεύετο,
2457 3626 2595 3684 ἀλλὰ
2657 3631 2756 3683 καὶ
2808 3630 3063 3700 τρυϐλίον
3112 3634 3382 3704 προσῆγε,
3437 3635 3532 3689 καὶ
3577 3636 3739 3707 ἄρτον

2174 3719 2364 3786 ἐτίθει,
2399 3720 2495 3775 καὶ
2526 3720 2720 3793 ψωμὸν
2769 3724 3041 3795 προσῆγε,
3093 3728 3187 3781 καὶ
3219 3726 3441 3795 ἀπένιζε
3502 3732 3699 3785 κύλικα
3721 3750 3735 3764 ·

2174 3817 2269 3869 καὶ⁵
2295 3816 2464 3870 τᾶλλα
2490 3817 2673 3872 πάντα
2699 3816 2892 3887 δεξιῶς
2921 3818 3192 3893 ἔπραττεν
3219 3822 3320 3877 ὅσα
3359 3824 3497 3897 ἔργα
3537 3826 3739 3881 δούλων

2174 3910 2271 3965 καὶ
2325 3909 2734 3981 θεραπαινίδων
2785 3911 2915 3967 εἰσί.
2954 3914 3063 3968 Καὶ
3107 3918 3219 3981 τοῖς
3255 3917 3357 3988 τὴν
3406 3920 3736 3991 αὐτουργίαν

2176 4004 2396 4076 ἐπέχειν
2432 4006 2797 4076 πειρωμένοις
2827 4009 3122 4079 ἐπέφερεν,
3155 4012 3232 4075 ὡς
3265 4030 3285 4064 ι
3322 4013 3517 4083 Χρεὼν
3548 4015 3645 4086 μιν
3670 4020 3739 4088 τῇ

2176 4096 2430 4168 βασιλείᾳ
2457 4098 2658 4169 χρυσὸν
2707 4100 2989 4172 διανέμειν
3010 4119 3023 4134 ο
3055 4103 3168 4171 ἐγὼ
3219 4105 3275 4159 δὲ
3310 4108 3411 4177 τὴν
3433 4108 3502 4163 δι’
3543 4111 3739 4182 ἑαυτῆς

2178 4190 2482 4261 ὑπουργίαν
2504 4193 2645 4264 ὑπὲρ
2665 4194 2836 4264 αὐτῆς
2860 4211 2922 4261 γε
2952 4194 3050 4265 τῆς
3081 4197 3363 4268 βασιλείας
3386 4203 3464 4273 τῷ
3487 4206 3739 4271 καθάπαξ

2174 4281 2431 4336 δεδωκότι
2473 4286 2793 4356 προσφέρω.
2831 4305 2849 4338 ι
2882 4287 2973 4359 Τῷ
3007 4307 3071 4357 γε
3121 4292 3227 4361 μὴν
3253 4292 3412 4365 ἀνδρὶ
3444 4300 3622 4351 τοιάδε
3650 4300 3738 4352 λέ-

506 4393 706 4436 aurum
766 4377 821 4432 id
874 4375 1171 4445 largiatur;
1205 4387 1305 4442 ego
1347 4386 1477 4425 vero
1510 4383 1769 4424 manuum
1822 4380 2069 4424 mearum

2176 4391 2297 4441 γειν
2345 4376 2532 4429 attollet
2585 4379 2848 4442 πυκνῶς’
2898 4399 2917 4432 ι
2979 4382 3089 4436 Ἀεί
3139 4399 3201 4437 σε
3253 4387 3385 4457 χρὴ,
3441 4388 3739 4457 γλυκύτατε

504 4489 649 4544 opus
684 4487 785 4542 pro
820 4470 1053 4539 imperio
1092 4468 1236 4536 ipso,
1277 4465 1328 4520 ei
1380 4465 1471 4534 qui
1522 4463 1577 4518 id
1612 4461 1782 4517 semel
1813 4460 2071 4519 contulit,

506 4567 703 4624 offero.
736 4583 755 4616 ι
788 4562 921 4618 Viro
967 4572 1152 4616 autem
1205 4575 1308 4613 suo
1356 4557 1482 4613 talia
1533 4556 1702 4611 verba
1750 4555 2073 4624 frequenter

509 4658 837 4733 subjiciebat
881 4674 898 4713 :
964 4675 982 4707 ι
1037 4652 1401 4711 Considerare
1459 4659 1510 4704 te
1565 4663 1807 4716 semper,
1873 4647 2074 4718 conjux

506 4753 857 4815 suavissime,
890 4756 1131 4820 oportet,
1160 4756 1216 4802 et
1237 4745 1489 4815 quisnam
1516 4751 1676 4798 antea
1705 4741 1899 4806 fueris,
1932 4750 1987 4796 et
2014 4740 2073 4796 in

507 4860 671 4914 quem
707 4845 892 4898 locum
928 4852 979 4896 te
1010 4838 1259 4895 evexerit
1292 4834 1672 4892 universitatis
1699 4835 1864 4905 hujus
1902 4834 2072 4890 Deus.

504 4937 563 4993 Si
589 4938 736 4993 enim
767 4944 1090 5006 perpetuam
1120 4931 1242 5002 ejus
1273 4931 1349 4985 rei
1383 4927 1693 4983 obtinueris
1724 4926 2069 4991 memoriam,

507 5047 618 5086 non
654 5042 880 5099 prorsus
918 5036 970 5082 te
1001 5027 1072 5080 ob
1116 5034 1341 5093 accepta
1379 5021 1643 5077 beneﬁcia
1672 5035 1802 5089 erga
1836 5035 1960 5075 eum
1990 5020 2075 5073 in-

504 5132 721 5192 gratum
765 5119 1089 5188 praestabis:
1125 5116 1225 5172 sed
1269 5132 1335 5170 ex
1370 5115 1689 5183 pr:cscripto
1736 5115 1913 5185 legum
1949 5110 2066 5177 Dei,

509 5215 656 5284 quod
685 5215 754 5270 ab
776 5230 843 5269 eo
873 5212 1158 5282 accepisti,
1182 5211 1516 5281 gubernabis
1542 5208 1828 5276 imperium
1867 5222 1880 5259 :
1910 5215 1966 5261 et
1996 5206 2070 5259 ita

2178 4469 2329 4542 ἆνερ,
2361 4469 2691 4541 λογίζεσθαι,
2724 4474 2776 4527 τί
2801 4475 2900 4545 μὲν
2930 4475 3196 4546 πρότερον
3217 4473 3393 4549 ἦσθα,
3431 4482 3533 4538 ποῦ
3563 4483 3620 4536 δι
3645 4483 3738 4538 νῦν

2179 4578 2238 4614 σε
2273 4563 2611 4635 κατέστησεν
2639 4566 2667 4618 δ
2695 4564 2803 4616 τῶν
2828 4565 2964 4619 ὅλων
2989 4566 3145 4628 Θεός.
3171 4567 3232 4621 Ei
3261 4568 3373 4640 γὰρ
3414 4572 3621 4626 τούτων
3655 4590 3738 4626 σοι

2180 4656 2409 4727 συνεχὴς
2437 4656 2710 4725 ὲγγίνοιτο
2760 4661 2942 4728 μνεία,
2976 4660 3037 4713 οὗ
3087 4663 3306 4729 πάντως
3349 4667 3739 4737 ἀχαριστησεις

2176 4746 2253 4816 τῷ
2278 4748 2576 4819 εὐεργέτῃ*
2614 4749 2751 4805 ἀλλὰ
2788 4753 2927 4806 κατὰ
2980 4752 3174 4822 νόμους
3220 4755 3380 4820 Θεοῦ,
3415 4759 3483 4828 ἢν
3536 4760 3745 4814 ἐκεῖθεν

2177 4838 2443 4910 είλήφεις,
2477 4841 2925 4913 διακυϐερνησεις
2977 4846 3153 4918 ἀρχήν
3173 4864 3188 4881 ο
3220 4848 3318 4903 καὶ
3360 4850 3431 4904 δι’
3453 4851 3624 4922 αὐτῆς
3656 4852 3744 4905 θε-

2181 4933 2475 5001 ραπεύσεις
2512 4934 2589 5002 τῷ
2618 4936 2825 5008 ταύτην
2863 4955 2945 4992 σοι
2976 4939 3052 5003 ὡς
3088 4939 3264 5010 πιστῷ
3288 4944 3680 5013 ἐγχειρίσαντι.
3717 4963 3735 4996 ι

2178 5025 2459 5089 Τοιούτοις
2513 5024 2579 5097 δὴ
2624 5027 2804 5096 λόγοις
2860 5030 3161 5100 ἐπᾴδουσα,
3213 5034 3285 5085 τὰ
3314 5035 3504 5089 ἐνόντα
3548 5036 3741 5105 ἐκείνῳ

2177 5113 2284 5165 τῶν
2314 5115 2474 5167 θείων
2507 5118 2846 5187 σπερμάτων
2886 5119 3112 5190 ηὔξανε,
3140 5122 3242 5193 ’τῷ
3275 5129 3493 5195 συνεχεῖ
3521 5128 3631 5180 τῶν
3660 5126 3744 5179 3.6—

2178 5223 2291 5272 γων
2319 5207 2557 5276 ἄρδουσα
2589 5211 2847 5280 ῥεύματι.

505 5326 632 5364 eum
675 5314 767 5380 qui
802 5309 854 5363 id
895 5307 989 5362 tibi
1034 5318 1093 5360 ut
1128 5305 1273 5361 ﬁdeli
1310 5304 1561 5358 ministro
1602 5301 1901 5364 commisit,
1961 5298 2066 5353 rite
2106 5299 2272 5355 coles.
2314 5321 2332 5353 ι
2406 5302 2754 5372 Ejuscemodi
2790 5305 2953 5363 verba
2988 5323 3263 5377 acetneus,
3300 5328 3422 5381 qua:
3463 5314 3519 5370 ei
3582 5315 3744 5374 insita

506 5412 663 5459 erant
688 5404 875 5460 divina
905 5401 1169 5457 excitavit
1199 5398 1432 5465 semina,
1466 5396 1730 5453 continuo
1756 5393 2192 5451 admonitionqu
2230 5395 2378 5450 ﬂuxu
2417 5413 2479 5450 ea
2519 5398 2721 5465 rigans.
