4038 6222
456 327 554 393 9ll

1677 325 2102 392 NICEPHORI
2146 322 2495 386 CALLlSTI

3593 321 3704 386 9i!

457 448 683 508 vissent,
720 441 987 514 quosdam
1026 442 1080 496 id
1116 443 1344 499 moleste
1376 444 1640 509 ferentes,
1691 452 1748 498 et
1776 440 2025 498 ccclesim

2138 439 2313 508 ματίῳ
2341 435 2399 494 οὗ
2428 439 2619 508 διῆγεν
2649 439 2675 492 6
2708 437 3014 508 οἰκονόμος,
3048 437 3190 508 μέγα
3224 452 3276 490 τι
3311 436 3402 490 καὶ
3426 435 3707 505 ὑπερφυὲς

452 549 800 592 ωυοιιοιηιιιη
855 532 1158 603 pra-cipue,
1204 532 1634 604 reprehendisse
1676 548 1828 596 enm,
1877 531 2026 601 quod

455 639 562 682 tam
596 633 957 694 sumptuosus
986 633 1042 680 et
1082 623 1348 695 prodigos
1387 631 1561 687 esset,
1605 621 1809 678 ferunt.
1847 619 2026 676 Caete-

451 729 573 773 rum
609 735 675 773 ne
707 728 820 773 tum
852 717 1079 788 quidem
1109 717 1176 772 de
1215 731 1368 772 more
1401 729 1524 782 suo,
1560 716 1689 784 quin
1721 714 2027 770 liberaliter

453 809 829 880 indigentibus
875 809 1194 880 largiretur,
1244 807 1546 878 quidquam
1591 807 1824 862 remisit.
1885 806 2024 862 Cum

451 913 637 959 autem
667 906 778 971 jam
810 917 1008 956 aurum
1051 916 1216 956 omne
1245 909 1636 970 consumptum
1666 909 1833 962 esset,
1869 913 2028 954 acce-

451 997 590 1052 dens
633 995 860 1066 quidam
893 995 962 1050 ad
996 1011 1118 1049 eam
1145 995 1394 1058 domum,
1437 995 1490 1047 in
1532 1009 1636 1064 qua
1671 994 2026 1063 dispensator

452 1089 556 1143 iste
580 1088 796 1158 agebat,
832 1087 1110 1158 ingentem
1137 1087 1433 1156 quamdam
1463 1095 1522 1140 et
1567 1084 1854 1140 mirificam
1896 1100 2024 1140 cru-

452 1194 666 1232 menam
719 1194 844 1233 cum
905 1195 1103 1248 magno
1159 1182 1280 1234 auri
1332 1178 1576 1250 pondere
1619 1178 1670 1234 ei
1722 1179 1774 1233 in
1830 1193 2026 1233 manus

449 1270 602 1325 dedit
636 1287 650 1324 :
681 1280 737 1325 et
765 1271 951 1326 statim
993 1271 1156 1335 abiit,
1194 1288 1372 1343 neque
1399 1272 1526 1341 quis
1557 1271 1670 1342 ipse
1706 1279 1873 1339 eSSet,
1923 1285 2023 1325 ne-

449 1378 556 1432 que
583 1363 675 1432 qui
709 1362 760 1417 id
794 1363 1056 1427 misisset,
1081 1361 1351 1418 indicans.
1372 1364 1640 1442 Perquam
1665 1378 1794 1418 vero
1823 1363 2020 1418 mirum

451 1460 626 1509 visum
658 1466 742 1510 est
773 1455 948 1510 latere
1005 1471 1157 1516 eum,
1207 1455 1299 1524 qui
1340 1464 1550 1509 tantam
1610 1457 1719 1509 vim
1774 1456 2022 1524 pecunia:

447 1548 713 1612 dedisset,
773 1549 1062 1602 voluisse:
1120 1548 1438 1617 factumque
1495 1547 1548 1602 id
1604 1547 2022 1602 considerantes

449 1642 724 1702 homines,
766 1641 1011 1696 divinam
1063 1657 1185 1695 eam
1240 1656 1364 1696 esse
1417 1641 1831 1705 liberalitatem,
1884 1657 2021 1695 eon-

444 1737 714 1803 jeeturam
762 1732 964 1787 fecere.
1021 1733 1200 1801 Atque
1247 1733 1350 1788 hoc
1399 1733 1622 1802 quidem
1678 1723 1758 1790 sic
1811 1743 2019 1787 actum.

2131 530 2419 601 βαλάντςον
2462 530 2644 602 πολλῷ
2695 532 2926 604 χρυσίου
2991 531 3133 601 ὁλκῷ
3190 530 3558 599 βαρυνόμενον
3605 527 3709 581 ἀνὰ

2129 627 2319 696 χεῖρας
2347 625 2546 694 βαλὼν,
2585 626 2767 679 ἀπιὼν
2813 623 3007 695 ᾤχετο,
3050 625 3188 692 μήτε
3223 623 3307 685 τίς
3338 623 3364 674 6
3395 622 3518 684 δοὺς
3549 619 3582 692 ἢ
3616 622 3708 674 καὶ

2126 717 2484 788 ὁπεπομφὼς
2539 717 2698 788 δῆλον
2754 717 3093 787 πεποιηκώς.
3145 717 3250 768 Καί
3286 732 3350 784 γε
3400 716 3710 784 παράδηξον

2125 809 2249 864 λίαν
2284 810 2482 872 ἐδόκει,
2515 810 2754 862 ἐπιδόσει
2783 808 3055 862 τοσούτων
3086 807 3387 878 χρημάτων
3419 807 3706 874 ἄγνωστον

2129 903 2320 957 ἑαυτὸν
2369 903 2514 963 ὅστις
2548 897 2617 973 ἦν
2673 901 2702 953 ό
2749 901 2894 964 δοὺς,
2945 900 3314 969 καταστῆσαι.
3357 899 3453 964 Εἰς
3499 899 3626 953 νοῦν
3653 901 3712 953 δὲ

2129 996 2369 1063 θέμενοι,
2421 992 2701 1062 θειοτέραν
2750 986 2892 1045 εἶναι
2925 993 3025 1061 τὴν
3060 991 3258 1062 πρᾶξιν
3295 993 3590 1046 συνέϐαλον
3650 989 3715 1046 ἃ-

2131 1104 2355 1150 παντες.
2410 1086 2584 1140 Τοῦτο
2619 1086 2718 1156 μὲν
2762 1087 2829 1157 δὴ
2864 1085 3144 1140 τοιοῦτον·
3183 1086 3372 1156 ἕτερον
3428 1086 3483 1138 δὲ
3539 1086 3713 1138 αὐτοῦ

2128 1182 2501 1249 πυνθάνομαι,
2554 1181 2753 1250 ἐπίσης
2785 1179 2887 1250 μὲν
2941 1180 3227 1251 Γρηγορίῳ
3261 1179 3403 1248 ἔχον,
3434 1179 3492 1242 ὃς
3541 1179 3714 1231 πάλαι

2127 1271 2226 1342 τὴν
2254 1271 2554 1341 ἐκκλησίαν
2573 1270 2910 1341 ἐπετρόπευε
2937 1270 3039 1340 τῆς
3073 1271 3214 1324 κατὰ
3249 1255 3448 1322 Πόντον
3471 1270 3714 1322 Νεοκαι-

2130 1361 2382 1431 σαρείας.
2420 1363 2495 1416 Οὐ
2525 1362 2632 1433 μήν
2658 1379 2721 1430 γε
2775 1363 2924 1431 παρά
2979 1362 3139 1416 τοῦτο
3193 1363 3448 1416 ἀπιστεῖν
3478 1362 3710 1421 δίκαιον,

2128 1454 2219 1505 καὶ
2266 1452 2571 1522 Ἑπιφανίῳ
2619 1455 2684 1507 τὰ
2723 1454 2816 1506 τπα
2873 1453 3327 1524 διαπεπρᾶχθαι·
3381 1454 3505 1506 ἐπεί
3535 1453 3616 1505 τοί
3649 1471 3713 1520 γε

2126 1546 2246 1599 οὐδὲ
2283 1547 2490 1616 [Ιέτρος
2523 1546 2685 1614 μόνον
2717 1546 2746 1597 6
2785 1546 2893 1598 τῶν
2921 1547 3242 1600 ἀποστόλων
3272 1548 3590 1616 κορυφαῖος,
3626 1563 3715 1598 νε-

2128 1638 2261 1706 κρὸν
2284 1637 2481 1694 ἀνίστα
2505 1654 2518 1669 ⁶
2555 1637 2692 1693 ἀλλά
2733 1638 2833 1692 καὶ
2872 1637 3128 1706 Ἰωάννης
3163 1639 3306 1692 κατά
3331 1637 3429 1709 τὴν
3451 1639 3711 1708 Ἔφεσον,

2129 1731 2225 1782 καὶ
2251 1729 2490 1801 ἀλλαχοῦ
2516 1731 2692 1799 ἕτεροι
2719 1746 2731 1758 ·
2758 1731 2818 1782 ού
2843 1730 2951 1800 μὴν
2969 1731 3024 1783 δὲ
3046 1729 3184 1783 ἀλλὰ
3206 1731 3302 1784 καὶ⁷
3325 1733 3381 1784 ai
3409 1732 3715 1803 Θυγατέρες

447 1798 610 1880 Aliud
660 1842 793 1881 vero
828 1826 896 1880 de
928 1842 995 1881 eo
1026 1798 1214 1884 audio.
1248 1827 1395 1895 quod
1417 1798 1688 1897 'Gregorii
1718 1827 1864 1882 illius
1917 1831 2020 1881 mi-

2129 1798 2402 1876 Φιλίππου
2447 1826 2585 1875 κατὰ
2615 1798 2713 1893 τὴν
2753 1798 3076 1893 Ἰεράπολιν.
3107 1825 3188 1876 Τά
3212 1822 3256 1876 δ’
3284 1824 3427 1878 αύτά
3451 1798 3715 1888 πολλάκις

449 1923 641 1976 racnlo
670 1920 850 1975 simile
888 1919 1013 1983 fuit,
1053 1920 1144 1988 qui
1182 1920 1312 1973 olim
1349 1919 1716 1975 Neocazsareae
1751 1921 1804 1974 in
1848 1921 2023 1976 Ponto

445 2015 735 2071 ecclesiam
792 2014 1219 2084 gubernavcrat.
1281 2011 1440 2083 331
1492 2012 1679 2083 Neque
1732 2022 2023 2085 propterea

450 2110 611 2165 tidem
641 2123 750 2162 non
781 2108 984 2160 habere
1023 2105 1258 2175 prodigii
1294 2106 1416 2175 ejus
1453 2105 1778 2161 testimonio
1803 2120 2023 2177 aequum

447 2212 555 2270 est,
583 2201 729 2273 quod
762 2201 907 2254 idem
944 2199 1285 2267 Epiphanius
1317 2198 1594 2268 peregerit
1626 2213 1640 2251 :
1679 2198 2028 2270 quandoqui-

445 2295 570 2351 dem
607 2307 786 2362 neqne
829 2292 1028 2346 Petrus
1075 2291 1229 2345 solos
1285 2289 1664 2358 apostolorum
1701 2292 2026 2359 corypbaaus

445 2398 502 2445 et
537 2387 818 2460 princeps,
849 2395 1128 2439 mortuum
1159 2383 1546 2445 exsoscitavit,
1572 2381 1668 2437 sed
1702 2391 1759 2438 et
1783 2382 2028 2437 Joannes

449 2480 675 2553 Ephesi.
714 2489 770 2534 et
809 2478 900 2532 alii
937 2476 1088 2542 alibi,
1128 2478 1238 2529 imo
1271 2476 1439 2529 etiam
1478 2473 1757 2545 Hierapoli
1783 2474 2026 2544 Philippi

451 2574 596 2629 tiliae.
632 2572 790 2644 Sarpe
820 2585 1058 2643 namque
1102 2570 1314 2632 evenit,
1357 2569 1519 2623 sicuti
1550 2583 1647 2638 par
1677 2577 1735 2625 et
1761 2568 2027 2624 credibile

446 2675 551 2727 est.
588 2676 649 2719 ut
673 2663 866 2718 eadem
911 2671 968 2717 et
1017 2663 1147 2716 olim
1204 2669 1442 2724 veterea,
1495 2669 1550 2715 et
1601 2669 1805 2716 nostrae
1850 2660 2029 2716 atatis

448 2760 546 2814 Dei
579 2767 832 2812 amantes
872 2756 1150 2820 homines,
1191 2754 1458 2808 miracula
1491 2752 1679 2808 edant.
1718 2752 1876 2820 Quod
1928 2769 2030 2809 au.

452 2865 562 2909 tem
626 2849 854 2903 historia
910 2859 1347 2902 commemorare
1395 2844 1587 2913 jubet,
1646 2844 1728 2898 sic
1789 2842 1957 2899 habet
2007 2861 2022 2898 :

449 2943 760 3010 Aliquando
791 2955 1010 2996 sacrum
1044 2939 1193 2993 hunc
1229 2937 1602 3009 Epiphanium
1651 2937 1762 2993 duo
1793 2937 2021 3008 quidam

451 3042 504 3092 in
556 3039 639 3092 via
699 3033 938 3089 mendiri
988 3033 1396 3086 observarunt:
1433 3039 1647 3085 etcum
1689 3046 1804 3106 non
1849 3032 2024 3101 pinni-

450 3130 679 3187 tendum
708 3126 917 3199 aliqud
955 3142 1010 3181 se
1041 3126 1110 3179 ab
1156 3140 1221 3179 eo
1252 3136 1584 3195 accepturos
1618 3124 2022 3192 existimarent,
2054 3154 2097 3213 ο

450 3225 587 3278 alter
629 3225 682 3275 in
733 3221 870 3284 solo,
937 3220 1187 3290 spiritum
1241 3219 1536 3273 continens
1581 3219 1808 3287 perinde
1861 3227 2023 3288 atque

452 3324 704 3372 mortuus
735 3323 908 3376 esset,
940 3314 1202 3384 jacebat:
1249 3311 1391 3366 alter
1426 3321 1611 3368 autem
1663 3313 1831 3368 veluti
1868 3313 2026 3368 fami-

451 3410 606 3466 liaris
648 3410 770 3479 ejus
805 3411 1116 3464 lamentans
1149 3415 1206 3461 et
1242 3405 1402 3473 tiens,
1432 3406 1675 3476 inopiam
1715 3421 1838 3461 eam
1884 3405 2024 3462 τιεεί-

451 3505 716 3566 :uulabat,
751 3513 811 3556 ut
841 3501 1056 3556 funeris
1089 3500 1366 3568 impensas
1392 3513 1499 3553 non
1551 3499 1799 3563 haberet,
1836 3507 1892 3552 et
1935 3514 2028 3571 pe-

453 3597 672 3650 nuriam
716 3603 924 3648 tantam
970 3608 1095 3648 cum
1152 3593 1588 3661 reprehensione
1623 3593 1743 3661 ejus
1773 3591 2025 3662 deplora-

451 3690 564 3746 bat.
614 3689 786 3747 Porro
821 3686 1168 3757 Epiphanius
1215 3688 1564 3756 praeteriens,
1605 3687 1740 3740 nihil
1794 3687 2022 3756 quidem

448 3773 604 3842 aliud
627 3802 790 3854 quam
821 3786 966 3856 quod
994 3785 1200 3855 iacenti
1235 3782 1312 3836 illi
1344 3782 1592 3853 requiem
1635 3793 1892 3854 precatus
1915 3793 2022 3850 est,

449 3880 607 3935 dixit.
649 3878 917 3949 Exiguum
950 3888 1135 3932 autem
1166 3875 1428 3945 quiddam
1465 3876 1531 3929 ad
1571 3876 1722 3932 illum
1764 3876 2024 3932 funeran-

447 3974 577 4026 dum
618 3972 854 4042 ploranti
889 3967 1070 4029 dedit,
1101 3967 1190 4020 illa
1225 3969 1387 4021 verba
1426 3965 1734 4037 adjiciens:
1768 3985 1787 4018 ι
1824 3966 2024 4020 Curam

449 4067 615 4137 hujus
654 4063 868 4118 funeris
901 4061 1062 4124 habe,
1113 4071 1174 4114 ct
1217 4061 1437 4114 tandem
1469 4060 1602 4116 tlere
1631 4060 1842 4116 desine.
1888 4062 2023 4117 Nam

449 4160 539 4213 hic
571 4173 721 4213 nunc
757 4172 864 4210 non
903 4162 1179 4225 resorget.
1212 4153 1442 4210 Mortem
1471 4163 1682 4218 autem.
1718 4170 1842 4224 qua:
1869 4171 2026 4210 com-

448 4253 632 4308 munis
663 4251 917 4306 omnittm
938 4261 993 4302 et
1029 4247 1390 4312 inevitabilis,
1425 4250 1760 4306 necessitate
1784 4250 2023 4324 quadam

445 4343 704 4400 obeunda
729 4353 834 4408 est,
867 4342 1051 4395 animo
1096 4349 1148 4395 te
1197 4341 1325 4394 forti
1370 4342 1515 4398 ferre
1553 4353 1790 4414 oportet.
1835 4365 1850 4400 ι
1902 4345 2027 4402 Haec

446 4431 789 4501 Epiphanius
845 4429 1020 4496 dixit,
1068 4439 1125 4483 et
1165 4431 1322 4495 abiit,
1379 4441 1614 4503 emptam
1673 4436 2025 4505 perfecturus

2131 1910 2218 1968 οἷα
2254 1915 2404 1980 είκὸς
2457 1915 2812 1983 ἐξειργάσθαι
2845 1917 3046 1985 συνέϐη
3086 1918 3235 1990 παρά
3275 1934 3336 1970 τε
3393 1918 3497 1971 τῶν
3541 1920 3715 1972 πάλοι

2131 2009 2228 2062 καὶ
2259 2007 2354 2060 νῦν
2409 2007 2676 2076 θεοφιλῶν
2709 2008 2941 2078 ἀνδρῶν.
2973 2011 3041 2061 ’0
3087 2010 3144 2063 δὲ
3179 2010 3359 2078 λέγειν
3412 2013 3445 2082 ὴ
3496 2013 3715 2080 ἱστορία

2131 2098 2412 2170 ὥρμηται,
2467 2099 2669 2152 τοιόνδε
2722 2103 2881 2153 ἐστί·
2921 2100 3062 2154 Ποτὶ
3111 2102 3380 2170 παριόντα
3433 2103 3527 2155 τὸν
3561 2104 3715 2172 ίερον

2130 2193 2343 2246 τουτονὶ
2387 2193 2708 2262 Ἐπιςράνιον
2730 2191 2824 2271 δύο
2857 2195 3004 2257 τινὲς
3036 2196 3479 2266 ὶπιτηρήσαντες
3518 2197 3715 2248 ἐνόδιοι

2131 2295 2385 2358 πένητες,
2417 2287 2514 2340 καὶ
2545 2285 2900 2356 λογισάμενοι
2929 2286 3118 2358 μεῖζόν
3146 2304 3201 2340 τι
3253 2288 3313 2356 ἐξ
3351 2290 3564 2342 ἐκείνου
3613 2291 3716 2342 λα-

2131 2379 2266 2444 ϐεῖν,
2302 2383 2330 2434 6
2368 2380 2466 2445 μὲν
2491 2381 2578 2432 ἐπ’
2606 2381 2840 2446 ὲδάςρους
2875 2379 3154 2443 ἀπλωθεὶς
3186 2382 3391 2446 ἔκειτο,
3421 2384 3716 2446 συστείλας

2131 2476 2191 2526 τὸ
2214 2468 2402 2544 ἆσθμα
2434 2469 2522 2528 σία
2545 2475 2708 2545 δῆθεν
2747 2474 2942 2546 νεκρός
2967 2490 2982 2505 ·
3016 2478 3045 2529 ό
3097 2477 3142 2529 δ’
3172 2473 3263 2531 οἷα
3315 2477 3559 2549 συνήθης
3589 2477 3713 2530 ὁλο-

2132 2567 2441 2636 φυρόμενος
2476 2565 2664 2622 ἔκλαιε
2691 2582 2706 2598 '
2743 2567 2837 2622 καὶ
2867 2569 3273 2640 ἐσχηματίζετο
3296 2571 3358 2623 τὸ
3393 2573 3519 2642 μηδ’
3544 2573 3714 2625 εὐπό-

2134 2679 2244 2730 ρως
2270 2660 2414 2731 ἔχειν
2444 2659 2673 2716 θάπτειν
2701 2662 2886 2726 αὐτὸν,
2915 2665 3014 2733 τῆς
3039 2663 3250 2728 ἐνδείας
3269 2681 3485 2733 καταμε
3497 2669 3716 2736 μφνῑμε-

2131 2771 2237 2813 νος.
2257 2753 2315 2805 '0
2347 2753 2390 2806 δ’
2409 2753 2728 2822 Ἐπιφάνιος
2755 2754 2968 2825 παριὼν
3001 2756 3157 2810 οὐδὲν
3186 2758 3286 2826 μὲν
3316 2756 3497 2823 ελεγε,
3539 2761 3705 2828 μόνην

2128 2844 2176 2898 δ’
2236 2846 2546 2900 ἀνάπαυσιν
2595 2845 2670 2915 τῷ
2730 2847 2969 2920 κειμένῳ
2999 2849 3292 2920 ἐπηύχετο.
3347 2847 3533 2922 ηραχῦ
3563 2853 3699 2906 δέτι

2131 2940 2271 3012 πρὸς
2297 2940 2518 3010 κηδείαν
2553 2938 2696 3005 δοὺς,
2738 2959 2758 2994 ε
2803 2940 3097 3011 Ἐπιμελοῦ
3127 2941 3221 2996 τοῦ
3249 2945 3534 3013 κειμένου,
3577 2965 3597 2997 ι
3638 2948 3707 3010 τί»

2129 3034 2417 3105 δακρύοντι
2443 3036 2547 3106 ἔφη
2569 3052 2583 3065 ·
2619 3054 2637 3086 ι
2698 3035 2793 3089 καὶ
2830 3033 3043 3090 παῦσαι
3073 3035 3278 3090 κλαίων
3311 3039 3474 3090 ποτέ*
3506 3040 3566 3092 ού
3605 3042 3712 3110 γάρ

2130 3127 2225 3180 νῦν
2264 3129 2648 3197 ἀναστήσεται.
2685 3128 2760 3180 Τὸ
2801 3128 2860 3183 δὶ
2891 3131 3074 3183 κοινόν
3098 3148 3156 3184 τε
3204 3131 3299 3183 καὶ
3331 3134 3711 3204 ἀπαραίτητον

2130 3221 2226 3274 καὶ
2274 3221 2644 3290 ἀποκείμενον
2699 3222 2757 3289 ἐξ
2782 3222 3032 3292 ἀνάγκης
3082 3224 3254 3288 τέλος,
3290 3224 3471 3295 χρεὼν
3505 3226 3594 3279 καὶ
3644 3227 3704 3278 σὲ

2132 3314 2324 3385 φέρειν
2374 3315 2664 3384 γενναίως.
2706 3333 2722 3365 ι
2762 3314 2932 3370 Ταῦτ’
2985 3315 3162 3370 είπὼν
3203 3317 3538 3385 Ἐπιφάνιος,
3596 3336 3700 3372 πα-

2131 3407 2297 3479 ρῆλθε
2331 3409 2431 3478 τὴν
2493 3410 2766 3479 σφετέραν
2802 3409 3035 3463 διανύων
3095 3412 3236 3465 ὀδόν.
3279 3411 3373 3478 Ὠς
3428 3415 3483 3468 δὲ
3531 3415 3697 3478 οὖδεὶς

2129 3503 2318 3572 ἔτερος
2382 3501 2524 3555 κατά
2567 3501 2663 3574 τὴν
2713 3502 2830 3556 ὁδὸν
2861 3502 3191 3573 διεφαίνετο,
3234 3507 3261 3557 ό
3305 3506 3478 3568 ἑστώς
3508 3524 3564 3558 τε
3610 3511 3703 3560 καὶ

2129 3593 2452 3663 ὀδυρόμενος
2481 3593 2739 3664 αἴσθησίν
2769 3592 2932 3664 δῆθεν
2963 3593 3038 3665 τῷ
3086 3597 3327 3667 κειμένῳ
3359 3597 3530 3654 ἐδίδου
3558 3600 3702 3666 ἐγεί-

2129 3688 2340 3758 ρεσθαι.
2387 3685 2607 3756 Ἐπῄνει
2635 3686 2693 3739 δὲ
2718 3684 2835 3756 ἆμα
2871 3687 2937 3757 τῇ
2967 3688 3200 3757 κινήσει,
3234 3690 3311 3748 ὼς
3340 3692 3521 3758 σοφῶς
3551 3693 3701 3762 μάλα

2128 3784 2538 3852 ἐσχηματίσατο
2584 3783 2676 3834 τὸν
2725 3783 2920 3854 νεκρόν
2944 3801 2957 3815 ο
2994 3788 3105 3849 καὶ,
3148 3804 3165 3837 ε
3211 3787 3347 3856 Ἀγε
3383 3787 3470 3860 δὴ,
3497 3788 3704 3856 ἔλεγεν,

2130 3876 2410 3947 ὲξεγείρου
2437 3893 2450 3905 ’
2491 3877 2586 3928 καὶ
2629 3876 2756 3943 τόγε
2797 3875 2891 3929 νῦν
2941 3879 3007 3948 τῇ
3041 3881 3106 3949 σῇ
3158 3881 3593 3951 ὲντρυφήσωμεν
3624 3899 3710 3933 σο-

2132 3970 2371 4039 φιστείᾳ.
2409 3989 2426 4020 ι
2473 3969 2626 4023 Ἐπεὶ
2685 3969 2731 4020 δ’
2766 3971 2974 4032 ἐκεῖνος
3011 3970 3166 4025 οὐδὲν
3201 3972 3409 4042 μᾶλλον
3449 3972 3571 4026 οὔτε
3621 3975 3708 4026 λέ-

2129 4080 2316 4131 γοντος
2343 4064 2563 4132 ἤκουεν,
2591 4060 2712 4113 οὕτε
2743 4062 2877 4113 πᾶσι
2901 4062 3128 4133 τρόποις
3160 4066 3492 4136 παρέχοντος
3519 4065 3713 4135 αἴσθη-

2133 4173 2216 4208 σιν
2240 4153 2300 4208 τὸ
2329 4153 2436 4218 ζῶν
2468 4153 2610 4208 εἶναι
2635 4154 2926 4223 ὑπέφαινε,
2960 4155 3163 4228 σπουδῇ
3190 4156 3282 4210 τὸν
3309 4158 3458 4227 ἱερέα
3481 4157 3669 4215 ἐδίωκε
3691 4174 3707 4190 ·

2131 4250 2227 4302 καὶ
2261 4247 2499 4318 φθάσας,
2531 4249 2630 4319 τὴν
2658 4249 2718 4316 ἐξ
2752 4249 2960 4314 ἐνδείας
2995 4251 3149 4318 σφῶν
3179 4251 3431 4321 μηχανὴν
3465 4254 3712 4323 κατεμή-

2132 4360 2262 4398 νυε⁸
2313 4345 2409 4400 καὶ
2459 4347 2578 4406 ταῖς
2611 4343 2897 4411 ἀληθείαις
2955 4345 3163 4399 κλαίων
3211 4347 3307 4398 καὶ
3363 4345 3710 4418 ὀδυρόμενος,

2131 4439 2357 4509 ἀνιστᾷν
2401 4441 2494 4490 τὸν
2543 4440 2763 4509 ἑταῖρον
2812 4438 3196 4508 κατελιπάρει.
3242 4439 3477 4503 Ἐκεῖνος
3525 4441 3582 4494 δὲ
3635 4443 3712 4513 μὴ

446 4524 908 4579 ambulationem.
945 4522 1083 4578 Cum
1134 4533 1318 4577 autem
1369 4541 1432 4580 ea
1476 4525 1531 4580 in
1566 4525 1650 4582 tia
1691 4544 1855 4583 nemo
1879 4531 2023 4587 alius

2131 4529 2506 4601 δυσχεραίνειν
2549 4533 2639 4583 ἐπὶ
2681 4529 2754 4601 τῷ
2791 4531 3032 4600 δράματι
3060 4533 3327 4601 ἐπειπὼν,
3384 4533 3560 4587 ὀπίσω
3592 4536 3717 4588 ἀν--

443 4626 756 4688 appareret,
805 4617 896 4671 ille
931 4616 1026 4686 qui
1067 4617 1153 4672 sic
1188 4623 1417 4670 steterat
1451 4628 1506 4673 et
1542 4620 1880 4689 plorat-erat,
1933 4626 2021 4693 ja-

445 4719 685 4774 centcm,
723 4710 931 4766 indicio
981 4709 1142 4781 pedis
1194 4713 1563 4768 concussione
1609 4713 1760 4780 dato,
1805 4728 2023 4772 utcon-

445 4812 722 4874 surgeret.
751 4803 1086 4858 admonuit:
1123 4803 1400 4872 simulque
1453 4821 1578 4860 eum
1627 4807 1895 4868 laudavit.
1929 4810 2022 4878 qui

448 4907 557 4948 tam
587 4897 808 4966 egregie
831 4897 1038 4952 mortui
1065 4896 1304 4951 hominis
1323 4897 1572 4954 habitum
1597 4903 1902 4966 retulisset;
1932 4915 1985 4955 et
2012 4923 2026 4959 :

451 5007 469 5040 ε
526 4988 638 5058 Age
690 4989 910 5044 tandem
960 5004 1214 5059 exsurge,
1261 4989 1462 5059 inquit,
1512 5000 1574 5044 ut
1617 4991 1670 5046 in
1726 4997 2019 5064 praesentia

443 5082 704 5135 versutia:
751 5088 858 5135 tute
905 5080 1139 5136 hilarius
1183 5082 1418 5136 vivendo
1452 5084 1693 5139 fructum
1744 5089 2019 5158 percipia-

440 5189 585 5229 tuus.
643 5193 659 5224 ι
705 5172 809 5230 Ubi
858 5185 1042 5230 autem
1097 5173 1191 5229 ille
1226 5177 1466 5247 amplius
1512 5194 1689 5248 neque
1742 5180 2020 5236 (licentem

442 5263 639 5328 audiit,
672 5278 850 5336 neque
896 5265 1075 5320 modis
1108 5265 1365 5322 omnibus
1408 5267 1871 5338 significationem
1915 5275 2018 5326 ali-

437 5373 630 5428 quam,
661 5373 720 5413 se
751 5358 958 5421 vivere,
986 5359 1279 5425 exhibuit;
1315 5361 1454 5414 alter
1501 5377 1662 5416 cursu
1697 5364 1866 5418 celeri
1898 5367 2020 5435 epi-

439 5465 668 5521 scopum
727 5459 815 5505 est
872 5463 1242 5514 consecutus,
1305 5455 1466 5523 rique
1537 5455 1788 5509 fraudem
1852 5474 2016 5526 quant

443 5544 629 5612 inepia
663 5545 839 5598 coacti
868 5546 1170 5600 commenti
1209 5556 1420 5610 essent,
1495 5549 1758 5603 indicavit
1788 5569 1800 5603 :

2134 4639 2374 4693 πεμπεν·
2395 4621 2652 4675 ἀναλύειν
2681 4623 2789 4692 γάρ
2809 4624 2871 4674 τὸ
2899 4625 3121 4690 γεγονὸς
3148 4625 3279 4689 Θεὸς
3300 4626 3401 4680 οὐκ
3430 4627 3711 4698 ἠϐούλετο·

2133 4715 2514 4768 πιστώσασθαι
2563 4713 2814 4778 ἅπαντας
2861 4717 3154 4788 ᾑρημένος,
3183 4717 3260 4782 ὥς
3292 4735 3354 4788 γε
3389 4720 3597 4789 οἴομαι,
3637 4720 3713 4785 ὡς

2134 4810 2296 4862 αὐτόν
2327 4807 2381 4874 γ’
2425 4809 2634 4861 ἐκεῖνον
2689 4807 2824 4860 Θεὸν
2859 4809 3020 4862 πάνθ’
3046 4809 3262 4878 ὁρῶντα
3298 4812 3392 4865 καὶ
3441 4813 3714 4867 άκούονςα

2129 4902 2439 4965 ἀπατῶσιν,
2475 4901 2590 4955 ὅσοι
2616 4901 2679 4972 δὴ
2711 4903 2940 4956 τοιαῦτα
2969 4903 3102 4976 δρᾷν
3131 4907 3224 4959 ἐπὶ
3266 4910 3379 4968 τοῖς
3424 4907 3591 4961 αὐτοῦ
3627 4910 3713 4961 θε-

2134 4995 2370 5064 ράπουσι
2396 4994 2570 5067 τόλμῃ
2593 4995 2952 5064 προάγονται,
2991 5000 3084 5051 καὶ
3119 5000 3258 5066 σφᾶς
3284 5001 3482 5063 αὐτοὺς
3507 5001 3712 5071 μάλλον

2129 5089 2515 5156 ἑξαπατῶνιες
2550 5091 2864 5160 λελήθασιν.
2914 5092 3002 5146 Ἐν
3033 5094 3204 5164 πλοίῳ
3234 5093 3290 5147 δὲ
3324 5096 3508 5148 θανεῖν
3537 5096 3710 5163 ἔγνων

2127 5183 2218 5234 τὸν
2236 5181 2552 5249 Ἐπιφάνιον
2578 5199 2591 5213 °
2625 5183 2684 5236 ὃν
2716 5185 2764 5236 οί
2793 5185 2919 5255 περὶ
2946 5185 3113 5237 αὐτὸν
3142 5185 3321 5257 μέλιτι
3353 5187 3706 5256 ὲμῦαλόντες,

2127 5276 2210 5326 ἵνα
2248 5278 2322 5344 μή
2359 5290 2410 5327 τι
2440 5276 2606 5344 ἀηδὲς
2633 5277 2687 5328 ῐσ
2709 5296 2763 5340 υς
2811 5278 2982 5351 πάθῃ,
3023 5280 3166 5330 κατὰ
3206 5279 3304 5345 τὴν
3346 5280 3574 5352 Κύπρον
3602 5281 3712 5334 διέ-

2128 5385 2330 5421 σωσαν.
2364 5370 2473 5422 Καὶ
2520 5383 2587 5422 τα
2652 5372 2753 5438 μὲν
2811 5375 2938 5443 περὶ
2983 5373 3304 5440 Ἐπιφανίου
3361 5373 3602 5428 τοσαῦτα
3645 5378 3707 5428 lx

2132 5468 2273 5514 πάνυ
2314 5462 2527 5514 πολλῶν
2555 5463 2596 5512 6'
2621 5463 2711 5523 ίγα
2747 5464 3116 5537 διηγησάμην.

1885 5564 1938 5607 et
1980 5557 2094 5621 jam
2140 5557 2276 5610 citra
2325 5557 2508 5612 lucum
2553 5573 2683 5612 Vere
2739 5557 2875 5614 ﬂens
2927 5571 2979 5614 et
3027 5562 3354 5628 lanentans,
3397 5574 3456 5619 ut
3497 5567 3707 5621 socium

440 5655 605 5694 suum
634 5641 1014 5701 resuscitaret,
1047 5641 1400 5709 supplicavit.
1438 5645 1775 5713 Epiphanius
1809 5661 2016 5715 autem,
2062 5662 2350 5721 postquam
2423 5654 2521 5716 illi,
2590 5669 2657 5706 ne
2710 5656 2910 5708 factum
2952 5658 3002 5710 id
3046 5660 3293 5726 graviter
3327 5659 3511 5726 ferret,
3547 5661 3705 5728 dixit,

442 5731 721 5786 hominem
759 5733 1047 5786 dimissum
1076 5734 1311 5788 absolvit
1348 5753 1357 5786 ε
1401 5738 1544 5804 quod
1577 5739 1721 5793 Deus
1752 5758 2010 5795 remeam
2055 5755 2406 5798 retractatatn
2446 5750 2614 5803 nollet
2645 5768 2656 5802 :

2740 5749 2900 5802 [idem
2976 5751 3157 5806 facere
3204 5754 3463 5808 omnibus
3493 5755 3704 5818 \olens,

442 5839 500 5886 nt
539 5829 794 5899 equidem
831 5840 1004 5900 poto:
1068 5830 1164 5902 qui
1215 5838 1430 5890 tentare
1475 5846 1527 5890 ct
1581 5839 1760 5893 facere
1840 5842 1968 5894 talia
2023 5842 2073 5897 in
2117 5844 2390 5900 ministris
2447 5846 2564 5917 ejus
2611 5848 2874 5916 audeant,
2928 5847 3082 5903 illum
3138 5851 3320 5919 ipsum
3367 5851 3560 5920 Deum,
3605 5858 3700 5925 qui
