4018 6212
435 338 540 402 939

920 454 1076 529 εει
1126 453 1348 514 cum
1414 455 1499 510 tv.

431 569 507 625 De
542 568 802 639 Eutmpio
826 570 1058 641 cubiculi
1087 569 1388 638 Imperialis
1418 570 1726 641 prrsposito.
1751 582 1799 623 ct
1833 570 1897 623 de
1929 587 1992 623 ea

499 657 660 711 quam
687 643 731 693 is
757 639 878 712 tulit
915 639 1071 710 lege:
1127 653 1178 693 ut
1207 642 1342 696 idem
1373 639 1441 695 sit
1466 641 1805 712 interfectus:
1835 651 1886 693 et
1938 648 1994 693 ut

496 713 673 765 odium
711 711 958 768 adversus
993 711 1258 766 Joannem
1314 714 1522 783 quidem
1553 711 1904 781 cenceperint,
1944 719 1993 765 et

496 783 747 851 foverint.

495 898 795 967 Eutropius
843 897 990 954 enim
1022 897 1124 953 iste
1177 898 1559 955 cunuchorum
1615 898 1671 954 in
1723 896 1991 970 imperiali

423 991 685 1046 cubiculo
716 991 997 1062 princeps,
1024 990 1118 1061 qui
1163 989 1228 1046 ad
1289 991 1634 1047 consularem
1672 991 1993 1060 dignitatem

425 1093 787 1153 pervenerat;
845 1091 898 1137 et
933 1092 1091 1155 pater
1138 1084 1484 1154 imperatoris
1515 1092 1737 1137 vocatus
1793 1080 1993 1146 fuerat,

424 1192 601 1246 neque
615 1175 905 1245 praesentis
921 1176 1157 1231 fortuna:
1181 1174 1611 1247 magnitudinem
1642 1174 1787 1242 tulit,
1815 1189 1994 1244 neque

421 1268 730 1337 quidquam
760 1268 828 1323 de
858 1282 1038 1322 rerum
1071 1267 1435 1323 humanarum
1456 1268 1818 1322 mutabilitate
1843 1265 1993 1336 cogi.

424 1361 579 1424 tavit,
609 1360 704 1415 scd
735 1360 827 1414 ubi
863 1359 1051 1416 ulcisci
1089 1359 1352 1430 quosdam
1380 1360 1433 1414 in
1467 1358 1711 1414 animum
1747 1358 1995 1414 induxis-

422 1462 527 1515 set,
563 1467 890 1522 magrmpere
950 1451 1256 1516 contendit,
1291 1461 1352 1506 ut
1399 1453 1755 1521 imperatores
1786 1450 1993 1509 consti-

423 1545 693 1602 tutionem
718 1546 946 1610 ferrent,
962 1557 1031 1600 ne
1060 1544 1183 1616 quis
1213 1543 1280 1599 ad
1312 1544 1599 1600 ecclesiam
1633 1542 1990 1614 confugeret:

421 1640 516 1696 sed
544 1639 710 1696 etiam
741 1640 791 1695 si
818 1638 943 1709 quis
976 1638 1044 1693 ad
1076 1652 1198 1694 eam
1230 1637 1591 1709 confugisset,
1647 1646 1706 1694 et
1764 1639 1994 1708 supplex

423 1732 538 1789 Deo
563 1732 741 1789 factus
775 1740 944 1798 esset,
997 1741 1162 1803 atque
1200 1731 1255 1787 in
1308 1731 1532 1802 templis
1588 1740 1767 1789 metus
1828 1744 1992 1785 causa

1638 335 2047 397 Nll‘El'IlORl
2092 334 2429 397 CALLISTI

3560 320 3666 396 940

2697 448 2945 504 ΚΕΦΛΛ.
2990 450 3062 504 Δ’.

2095 570 2232 635 Περὶ
2270 568 2608 635 Εὐτροπίου
2642 567 2748 622 τοῦ
2777 568 3201 636 πραιποσίτου.
3257 563 3357 622 καί
3384 565 3518 635 περὶ
3558 566 3665 621 τοῦ

2165 641 2468 721 νόμου-ὃν,
2484 639 2652 695 ἔθετο
2681 655 2712 720 ·.
2726 640 2823 692 καὶ
2848 639 2944 721 dig;
2957 637 3239 721 ,ἀνῃρέθη
3264 651 3277 666 '
3336 636 3437 691 καὶ
3484 636 3565 705 ὡς
3597 638 3664 693 τὸ

2165 708 2315 764 κατὰ
2349 709 2623 764 Ἰωάννου
2642 708 2820 779 μῖσος
2862 708 3128 764 ὼὸίνετο.

2166 887 2462 959 Εὐτρὸπιος
2485 889 2592 955 γὰρ
2618 886 2771 949 οὗτος
2803 886 3014 956 πρῶτος
3036 884 3113 940 ῶν
3128 884 3235 938 τῶν
3259 883 3665 956 θαλαμηπόλων

2094 981 2381 1051 εὐνούχων,
2439 980 2531 1034 καί
2582 981 2662 1044 εἰς
2692 978 2789 1047 τὴν
2837 977 3045 1031 ῦπατον
3080 975 3290 1038 ἀναϐὰς
3342 977 3523 1042 ἀξίαν,
3568 978 3665 1029 καὶ

2094 1075 2277 1145 πατὴρ
2308 1072 2571 1145 βασιλέως
2603 1071 2842 1141 κληθεὶς,
2889 1070 2990 1124 οὐκ
3019 1070 3218 1140 ἤνεγκε
3246 1070 3345 1139 τῆς
3375 1052 3665 1140 παροῦσης

2094 1168 2440 1237 εὐδαιμονίας
2469 1167 2529 1219 τὸ
2565 1165 2816 1237 μέγεθος,
2848 1163 2970 1219 οὑδέ
2996 1181 3047 1217 τι
3079 1164 3341 1234 περὶτῶν
3382 1163 3663 1234 ἀνθρωττίο

2095 1278 2201 1315 νων
2230 1258 2542 1330 μεταϐολῶν
2568 1258 2771 1312 ἐνενόει
2790 1275 2806 1291 ο
2837 1258 2953 1311 ἀλλ’
2997 1256 3310 1328 ἀμύνασθαί
3344 1274 3494 1321 τινας
3521 1256 3664 1326 ᾑρη-

2097 1355 2281 1427 μένος,
2312 1354 2546 1424 σπουδὴν
2571 1353 2806 1405 ἐποιεῖτο
2839 1353 3003 1424 νόμον
3034 1351 3206 1405 θεῖναι
3232 1350 3357 1415 τοὺς
3387 1351 3662 1419 αὐτοκρα-

2093 1464 2299 1518 τορας,
2362 1445 2506 1500 ὥστε
2562 1445 2765 1515 μηδένα
2800 1446 2868 1515 τῇ
2925 1444 3193 1517 ἐκκλησίᾳ
3249 1443 3658 1516 προσφεύγειν·

2094 1541 2231 1595 ἀλλά
2264 1541 2356 1593 καὶ
2392 1535 2667 1607 φεύγοντα
2696 1538 2793 1591 καὶ
2824 1537 3012 1608 ίκέτην
3040 1535 3180 1591 Θεοῦ
3226 1536 3531 1609 γινόμενον,
3563 1539 3660 1591 καὶ

2094 1637 2152 1690 ἐν
2175 1637 2287 1696 τοῖς
2314 1633 2447 1704 vel};
2469 1630 2751 1704 διατριϐὴν
2798 1634 3140 1703 κεκτημένον
3174 1632 3253 1705 τῷ
3284 1634 3415 1700 δέει,
3449 1632 3662 1688 έιείθεν

2094 1733 2370 1803 ἀφέλκειν.
2408 1733 2581 1788 Τοῦτο
2605 1733 2662 1789 δὲ
2691 1732 2925 1805 μάλιστα
2958 1733 3192 1805 ἔπραττε
3213 1734 3301 1789 διά
3336 1735 3658 1800 lle-nubi”,

425 1835 766 1891 versaretur,
792 1835 855 1881 ut
897 1825 1024 1880 inde
1049 1825 1451 1881 extraheretur.
1478 1824 1829 1881 Potissimum
1861 1838 1984 1880 vero

2090 1826 2186 1882 τοῦ
2216 1827 2543 1899 περιϐοήτου
2592 1827 2649 1881 ἓν
2684 1829 3015 1897 στρατηγοῖς
3044 1828 3323 1899 γαμετήν·
3360 1827 3419 1883 ὃν
3448 1829 3659 1883 εὐδόκι-

421 1915 475 1972 id
506 1915 638 1971 fecit
664 1926 887 1987 propter
915 1915 1255 1985 l’entadiam,
1294 1915 1585 1972 clarissimi
1621 1916 1779 1972 ducis
1808 1916 1995 1971 Tima-

424 2008 491 2064 sii
523 2010 832 2080 conjugem,
857 2024 1020 2080 quem
1054 2023 1242 2080 magna
1300 2008 1473 2080 gloria
1523 2008 1701 2064 virum
1729 2007 1994 2064 affectata

423 2102 727 2173 tyrannidis
758 2102 1007 2158 criminis
1066 2116 1217 2158 reum
1260 2118 1291 2158 a
1341 2116 1402 2157 se
1432 2111 1634 2168 actum,
1683 2101 1867 2158 Oasim
1923 2099 1992 2158 ad

419 2204 744 2266 perpetuum
798 2195 1053 2251 exsilium
1092 2195 1372 2266 deportari
1427 2204 1739 2250 curaverat.
1786 2196 1856 2251 At
1900 2194 1991 2250 ille

421 2291 537 2351 siti,
612 2288 1075 2359 quemadmodum
1130 2288 1341 2350 audivi,
1395 2302 1708 2358 oppressus,
1786 2295 1990 2344 autne

424 2382 582 2453 pejus
632 2382 930 2453 quidquam
989 2391 1295 2452 pateretur,
1327 2381 1553 2445 veritus,
1606 2380 1857 2436 arenosis
1911 2380 1988 2435 ibi

417 2473 559 2531 locis
584 2488 798 2539 errans,
826 2473 1010 2529 statim
1039 2474 1206 2528 vitam
1233 2472 1396 2529 liniit.
1430 2471 1496 2528 Et
1551 2472 1634 2527 lex
1665 2488 1826 2541 quam
1876 2471 1987 2527 Eu-

421 2566 636 2637 tropius
691 2565 973 2622 ferendam
998 2572 1305 2631 curaverat,
1335 2563 1401 2619 ad
1443 2564 1604 2620 linem
1655 2580 1815 2619 suum
1867 2579 1991 2633 per-

417 2661 583 2714 ducta
610 2667 718 2715 est.
743 2659 905 2715 Brevi
931 2675 1062 2715 vero
1096 2668 1240 2730 post,
1298 2674 1423 2714 cum
1481 2658 1870 2730 imperatorem
1902 2656 1987 2712 of-

416 2750 701 2817 fendisset,
735 2760 795 2806 ut
821 2750 914 2821 qui
950 2750 1005 2806 in
1041 2751 1330 2823 conjugem
1378 2752 1500 2823 ejus
1548 2750 1986 2807 contumeliosus

421 2843 637 2911 fuisset,
660 2843 873 2915 primus
903 2844 1017 2914 ipse
1040 2860 1203 2915 quam
1225 2842 1453 2915 perferri
1480 2842 1767 2898 studuerat
1787 2843 1982 2913 legem,

415 2937 601 2991 statim
631 2936 873 2993 violavit.
912 2936 1047 2993 Nam
1093 2952 1157 2991 ex
1190 2935 1568 3007 imperialibus
1596 2935 1808 2991 aedibus
1859 2951 1984 3007 pro-

416 3030 652 3101 fugiens,
688 3031 915 3102 supplex
944 3031 997 3085 in
1018 3030 1251 3086 ecclesia
1276 3028 1558 3096 consedit;
1595 3037 1708 3083 tum
1743 3027 1984 3085 Joannes

415 3124 715 3178 absurdum
756 3121 1003 3194 Eutropii
1037 3130 1294 3178 conatum
1338 3134 1604 3191 arguens,
1648 3120 1979 3176 luculentam

420 3218 611 3273 habuit
640 3186 947 3273 orationem
968 3219 1023 3270 in
1050 3215 1283 3270 amboue
1313 3186 1427 3283 (ί),
1446 3228 1543 3269 seu
1568 3223 1850 3284 suggestu,
1884 3213 1978 3284 qui
2003 3186 2049 3249 (ἶ

416 3326 537 3367 mos
561 3310 681 3382 ejus
705 3319 840 3373 erat,
894 3324 1019 3365 cum
1067 3307 1328 3378 pupulum
1376 3306 1619 3373 doceret,
1672 3318 1731 3360 ιιι
1790 3321 1981 3362 orunes

414 3418 603 3459 vocem
634 3403 760 3475 ejus
784 3400 1123 3473 exciperent.
1149 3401 1367 3457 sedens.
1396 3398 1453 3453 In
1477 3413 1541 3454 ea
1579 3398 1827 3455 oratione
1852 3413 1977 3455 cum

413 3511 605 3552 eorum
644 3494 736 3565 qui
771 3502 1095 3567 potestatem
1124 3503 1179 3551 et
1203 3494 1560 3565 magistratus
1612 3502 1830 3562 gerunt,
1883 3506 1979 3546 su-

416 3587 705 3659 percilium
721 3598 777 3642 et
805 3586 1199 3658 arrogantiam,
1223 3595 1488 3657 quantttm
1517 3585 1714 3655 potuit,
1739 3584 1974 3639 laxavit:

416 3691 531 3735 tum
558 3678 762 3750 populo
786 3692 968 3733 rerum
998 3677 1362 3732 humanarum
1383 3678 1825 3741 inconstantiam,
1855 3690 1979 3745 quae

412 3772 607 3829 eodem
638 3772 757 3827 loco
790 3784 1012 3827 manere
1063 3783 1173 3824 non
1227 3766 1459 3832 soleant,
1497 3768 1813 3838 prOposuit.
1867 3766 1974 3822 Sed

413 3864 565 3918 enim
596 3861 689 3933 qui
732 3860 915 3916 hostili
946 3874 1075 3931 erga
1103 3874 1230 3915 eum
1256 3858 1644 3925 crantaninto,
1677 3868 1733 3913 et
1782 3860 1835 3914 in
1875 3861 1977 3916 hoc

416 3960 595 4029 ipsum
631 3956 973 4014 calumniase
1013 3954 1508 4025 reprehenderunt,
1579 3953 1709 4010 illud
1748 3971 1978 4026 carpen—

420 4062 521 4117 tes,
566 4066 690 4106 cum
718 4048 967 4105 miserari
1021 4049 1201 4118 potius
1243 4062 1429 4103 casum
1472 4048 1595 4116 ejus
1619 4047 1714 4118 qui
1768 4048 1835 4102 de
1863 4048 1975 4103 vita

415 4141 754 4211 periclitatus
783 4140 876 4203 sit,
910 4138 1183 4202 debuerit,
1215 4138 1358 4208 quod
1412 4138 1637 4208 insuper
1668 4154 1967 4194 aerumnam

412 4234 678 4305 arguerit,
702 4232 1058 4288 afﬂictioncm
1092 4232 1241 4288 illius
1260 4232 1560 4303 adaugcns,
1590 4242 1646 4287 ct
1675 4232 1974 4289 calamitati

416 4326 704 4381 insultans.
737 4322 1032 4393 Eutropius
1060 4331 1165 4376 tam
1190 4322 1341 4392 impii
1376 4324 1630 4378 facinoris
1660 4338 1851 4393 paruas
1868 4340 1977 4380 non

415 4418 590 4474 multo
619 4428 741 4488 post
782 4425 1007 4486 propter
1054 4415 1225 4468 multa
1257 4430 1475 4484 quoque
1498 4417 1602 4471 alia
1628 4418 1827 4474 delicta
1851 4417 1974 4482 luit,

414 4509 632 4579 capitali
660 4508 893 4563 allectus
940 4505 1229 4577 supplicio.
1262 4503 1424 4578 352
1449 4504 1557 4561 Lex
1584 4518 1765 4563 autem
1809 4523 1974 4579 opera

414 4605 534 4673 cjus
563 4601 691 4665 lata,
723 4615 789 4657 ολ
822 4598 1059 4669 publicis
1090 4599 1461 4653 monumentis
1524 4600 1758 4663 sublata.
1788 4611 1841 4657 et
1873 4616 1976 4657 no-

404 4710 540 4749 tmen
567 4693 687 4763 ejus
748 4692 802 4747 in
841 4691 1086 4762 catalago
1132 4697 1188 4745 et
1227 4691 1639 4747 uomcuclatura
1689 4695 1976 4749 consulum

414 4794 750 4856 expunctum
780 4792 887 4840 est.
913 4782 1155 4838 Ecclesia
1191 4794 1376 4837 autem
1435 4785 1529 4839 Dei
1577 4786 1788 4856 legibus
1838 4789 1979 4845 bene

415 4878 624 4933 dudum
682 4875 1005 4930 constitutis
1037 4875 1257 4939 enituit,
1306 4888 1371 4927 eo
1426 4875 1545 4945 ipso
1594 4878 1804 4933 scilicet
1865 4880 1978 4936 Deo

414 4974 660 5037 apertam
723 4963 976 5035 injuriam
1011 4964 1289 5032 extemplo
1318 4963 1650 5020 vindicante.
1688 4968 1797 5036 Ego
1850 4984 1978 5024 vero

416 5075 525 5114 non
551 5057 909 5118 committam,
942 5055 1074 5124 quin
1125 5054 1179 5108 in
1214 5054 1441 5109 historia
1494 5055 1596 5110 hac
1638 5060 1974 5128 potissimam

415 5165 637 5206 causam
692 5148 859 5204 caudis
918 5146 1166 5216 Eutropii
1228 5161 1519 5215 exponam,
1552 5160 1613 5203 ut
1658 5165 1726 5205 ne
1774 5166 1837 5206 ea
1888 5168 1978 5209 res

415 5242 594 5298 fraudi
622 5243 710 5305 sit,
741 5240 884 5312 apud
946 5254 1041 5294 eos
1080 5239 1174 5308 qui
1200 5255 1321 5293 eam
1364 5241 1520 5309 plane
1554 5242 1825 5311 ignorant,
1864 5261 1978 5300 tua-

416 5351 523 5409 guo
560 5335 637 5389 illi
677 5331 910 5388 virozsi
946 5332 1214 5386 rationem
1252 5331 1327 5385 illi
1358 5333 1625 5398 nesciant,
1676 5351 1770 5404 per
1814 5352 1974 5406 quam

420 5429 467 5482 is
494 5429 671 5481 virum
720 5440 870 5491 enin,
919 5424 1013 5491 qui
1076 5422 1129 5475 in
1191 5423 1488 5477 Ecclesium
1548 5427 1978 5485 contumeliosus

419 5518 630 5582 fuisset,
665 5514 997 5570 contumelia
1026 5512 1287 5575 all'cccrit,
1314 5513 1529 5571 extrahi
1560 5530 1683 5569 eum
1711 5532 1776 5570 ex
1805 5518 1978 5575 sacris

418 5608 629 5664 aedibus
657 5617 871 5678 passus.
923 5602 1188 5659 Arcadius
1211 5614 1332 5674 post
1396 5606 1567 5674 patris
1593 5606 1805 5661 obitum
1840 5623 1973 5663 uxo-

2096 1932 2196 1988 μον
2232 1918 2371 1971 πάνυ
2391 1916 2793 1987 διαγενόμενον,
2828 1915 3079 1989 ἔγκλημα
3104 1918 3415 1988 τυραννίδος
3448 1919 3661 1987 ἐπαγαο

2091 2008 2226 2079 γὼν,
2257 2010 2337 2074 είς
2371 2011 2565 2064 Ὄασιν
2592 2009 2751 2081 ἀϊδίῳ
2783 2010 3014 2081 εζημίου
3051 2014 3223 2082 φυγῇ.
3276 2010 3418 2065 Ἀλλ’
3450 2013 3660 2073 ἐκεῖνος

2090 2104 2124 2175 ἢ
2156 2104 2321 2171 δίψει,
2355 2102 2429 2169 ὥς
2462 2106 2517 2173 γ’
2536 2103 2840 2173 ἐπυθόμην,
2868 2104 2903 2175 ἢ
2939 2105 3012 2175 μή
3042 2121 3095 2158 τι
3117 2107 3211 2157 καὶ
3230 2103 3359 2161 ἄλλο
3384 2105 3660 2177 χείριστον

2090 2199 2259 2270 πάθῃ,
2288 2198 2491 2261 δείσας,
2518 2199 2630 2261 ταῖς
2662 2198 2843 2252 ἐκεῖσε
2865 2197 3111 2269 ψάμμοις
3141 2197 3437 2269 ἀλώμενος,
3456 2202 3659 2269 αἴφνης

2089 2289 2385 2361 ἀνηρπάγη
2414 2289 2512 2342 τοῦ
2542 2290 2664 2360 ζῇν.
2699 2290 2807 2344 Καὶ
2837 2292 2865 2344 ὸ
2896 2288 2998 2361 μὲν
3028 2290 3191 2360 νόμος
3219 2290 3279 2345 ὃν
3326 2291 3653 2357 ἐσπούδαζε,

2088 2381 2263 2450 πέρας
2293 2377 2473 2451 εἶχεν·
2507 2381 2610 2436 οὐκ
2639 2382 2721 2448 είς
2756 2380 2973 2454 μακρὰν
2997 2382 3054 2437 δὲ
3082 2382 3463 2455 προσκρούσας
3501 2384 3659 2449 οὗτος

2086 2474 2166 2546 τῷ
2192 2475 2424 2546 βασιλεῖ,
2458 2475 2534 2540 ὡς
2560 2478 2640 2542 εἰς
2666 2476 2765 2548 τὴν
2819 2477 3027 2532 ἐκείνου
3058 2478 3305 2551 γαμετὴν
3334 2479 3653 2551 ἐνυσρίσας,

2085 2564 2303 2636 πρῶτος
2334 2563 2489 2630 οὗτος
2524 2566 2619 2621 τὸν
2666 2566 2726 2621 δν
2756 2567 3056 2633 ἐσπούδαζε
3104 2571 3267 2640 νόμον
3296 2569 3460 2636 εὐθὺς
3512 2590 3657 2642 παρα

2085 2656 2289 2712 έῦαινε.
2335 2657 2457 2710 Τῶν
2485 2657 2595 2729 γὰρ
2626 2657 2912 2730 βασιλείων
2944 2660 3103 2724 εὐθὺς
3153 2662 3415 2733 ἀποδρὰς,
3473 2662 3655 2731 ἱκέτης

2083 2752 2150 2820 τῇ
2206 2749 2472 2821 ἐκκλησίᾳ
2525 2750 2882 2822 προσέδρευε.
2940 2751 3079 2806 Τότε
3112 2751 3236 2823 δηό
3295 2752 3553 2819 Ἰωάννης
3596 2757 3646 2807 τὸ

2082 2838 2286 2893 ἄτοπον
2336 2838 2629 2910 διελέγχων
2684 2842 2783 2910 τῆς
2849 2840 3254 2914 ὲπιχειρήσεως
3314 2840 3639 2912 Εὐτροπίου,

2080 2929 2332 3003 λαμπρόν
2358 2948 2481 2988 τινα
2505 2932 2626 2986 κατ’
2656 2933 2820 2987 αὑτοῦ
2870 2932 3031 3003 λόγον
3062 2934 3313 3000 διέξεισιν
3340 2937 3427 2989 ἐπ’
3460 2936 3646 3006 άμῦω-

2083 3041 2170 3090 νος
2206 3024 2513 3089 καθεσθεὶς,
2545 3023 2736 3097 ῶσπερ
2762 3022 2830 3099 ἦν
2881 3025 3071 3091 είωθὺς
3102 3028 3298 3097 ἐκείνῳ
3328 3030 3450 3093 ταῖς
3505 3030 3650 3085 8.61-

2082 3117 2333 3182 σκαλίαις
2360 3120 2555 3183 ποιεῖν,
2586 3116 2655 3171 ἵν’
2686 3120 2933 3180 ἅπαντας
2962 3119 2997 3189 ἡ
3036 3117 3186 3187 φωνὴ
3215 3118 3525 3188 έπεφθάνοι.
3566 3121 3651 3174 Ἐν

2084 3203 2129 3278 ᾧ
2150 3209 2313 3280 λόγῳ.
2336 3210 2587 3263 κατέσπα
2620 3210 2717 3279 μὲν
2751 3210 2828 3275 ὡς
2862 3204 2975 3265 οἷόν
2996 3227 3055 3265 τε
3084 3211 3194 3266 τῶν
3224 3215 3283 3267 ἑν
3328 3212 3559 3286 δυνάμει
3591 3216 3653 3269 τὸ

2085 3301 2182 3371 τῆς
2235 3300 2435 3371 ὀφρύος
2486 3302 2788 3372 μετέωρον·
2844 3303 3273 3374 προσεπεδείκνυ
3303 3321 3367 3374 γε
3400 3305 3505 3376 μὴν
3554 3310 3645 3360 καὶ

2083 3392 2162 3464 τῷ
2191 3393 2389 3464 πλήθει
2414 3393 2525 3446 τῶν
2551 3393 2909 3464 ἀνθρωπίνων
2940 3396 3282 3467 πραγμάτων
3311 3399 3372 3452 τὸ
3394 3400 3643 3464 ἄστατον,

2088 3486 2166 3557 μὴ
2193 3487 2383 3551 είωθὸς
2408 3486 2532 3557 ἔχον
2567 3489 2660 3541 ἐπὶ
2707 3488 2803 3542 τοῦ
2841 3487 3039 3543 ταυτοῦ
3072 3492 3279 3561 μένειν.
3320 3492 3462 3545 Ἀλλ’
3507 3494 3561 3546 οἵ
3586 3512 3646 3561 γε

2085 3580 2224 3648 προς
2268 3579 2433 3633 αὑτὸν
2462 3578 2719 3650 ἀπεχθῶς
2773 3580 2989 3651 ἔχοντες
3037 3583 3129 3637 καὶ
3160 3584 3319 3638 τοῦτο
3366 3584 3645 3640 διέδαλον·

2085 3673 2181 3727 καὶ
2208 3672 2398 3744 μῶμος
2431 3672 2510 3744 τῷ
2540 3673 2758 3748 Ἰωάννῃ
2805 3676 3071 3746 ἐτρίϐετο,
3102 3675 3221 3731 δέον
3242 3678 3443 3748 μᾶλλον
3467 3679 3648 3747 λέγον-

2082 3782 2174 3830 τες
2208 3766 2375 3820 ὲλεετν
2400 3766 2492 3821 τὸν
2524 3768 2663 3838 ὑπὲρ
2694 3768 2873 3839 ψλχῆς
2901 3772 3166 3840 τρέχοντα
3197 3772 3467 3827 κίνδυνον.
3511 3774 3572 3827 Ὀ
3590 3774 3645 3828 δὲ

2084 3858 2222 3929 πρὸς
2249 3863 2315 3931 τῇ
2351 3863 2607 3934 συμφορᾷ
2638 3864 2729 3915 καὶ
2759 3862 3063 3935 διήλεγχεν,
3114 3865 3296 3930 αὔξων
3323 3869 3517 3939 ἐκείνῳ
3546 3870 3640 3940 τὴν

2084 3951 2280 4023 λύπην,
2309 3953 2405 4007 καὶ
2450 3955 2799 4024 ἐπεμϐαίνων
2846 3958 2962 4021 τοῖς
2996 3957 3208 4013 ἐκείνου
3245 3958 3458 4025 δεινοῖς.
3504 3961 3639 4015 Ἀλλ’

2084 4039 2383 4111 Εὐτρόπιος
2420 4042 2519 4113 μὲν
2548 4043 2645 4113 τῆς
2678 4041 2910 4107 ἀσεϐοῦς
2956 4046 3356 4117 ἐπιχειρήσεως
3378 4048 3439 4101 οὗ
3466 4048 3644 4119 πολλῷ

2085 4132 2310 4205 ὕστερον
2337 4134 2427 4189 διὰ
2452 4136 2623 4190 πολλά
2672 4137 2986 4209 πταίσματι
3017 4140 3115 4208 τὴν
3156 4138 3315 4212 δίκην
3347 4142 3640 4213 ἀνέπλησε,

2082 4226 2179 4297 τὴν
2210 4227 2452 4298 κεφαλὴν
2484 4219 2809 4301 ἐκτμηθείςο
2843 4232 2872 4283 ὁ
2895 4231 2952 4286 δὲ
2994 4231 3168 4295 τεθεὶς
3213 4234 3363 4305 αὐτῷ
3397 4236 3555 4306 νόμος
3582 4241 3644 4290 ίκ

2080 4318 2189 4374 τῶν
2218 4319 2491 4389 δημοσίων
2522 4321 2933 4392 ὑπομνημάτων
2962 4324 3262 4393 ἠφάνισται
3281 4341 3297 4357 ⁸
3327 4328 3421 4380 καὶ
3440 4329 3498 4381 τὸ
3528 4328 3642 4381 δνο-

2084 4427 2164 4482 μα
2192 4411 2402 4467 ἑκείνου
2430 4411 2523 4465 τοῦ
2555 4412 2855 4481 καταλόγου
2906 4414 3016 4468 τῶν
3051 4416 3273 4472 ὑπάτων
3314 4421 3639 4493 περιῃρέθη.

2094 4504 2157 4559 Ἦ
2183 4505 2237 4559 δὲ
2265 4504 2359 4559 τοῦ
2385 4505 2522 4560 Θεοῦ
2544 4508 2837 4579 Ἐκκλησία
2867 4508 2926 4564 εὖ
2957 4511 3103 4579 μάλα
3133 4515 3239 4576 τοῖς
3260 4516 3536 4585 κειμένοις
3558 4518 3635 4572 v6-

2086 4614 2209 4669 μοις
2241 4599 2555 4669 διέπρεπεν,
2590 4595 2677 4654 οἷα
2705 4601 2770 4672 δὴ
2814 4603 2980 4656 αὑτοῦ
3034 4604 3243 4661 έκείνου
3269 4608 3405 4662 Θεοῦ
3438 4611 3501 4665 ἐκ
3548 4610 3640 4665 τοῦ

2084 4688 2273 4759 σχεδὸν
2300 4689 2542 4760 τιμωροῦ
2571 4693 2866 4762 γενομένου
2895 4693 2972 4764 τῷ
3017 4700 3291 4766 προφανεί
3323 4700 3636 4771 ἀδικήματι.

2094 4781 2238 4851 Ἐγὼ
2266 4782 2315 4836 δι
2338 4782 2438 4836 οὐκ
2481 4784 2667 4854 ἀνήσω
2724 4784 2801 4857 μὴ
2848 4785 2942 4840 καὶ
2971 4786 3032 4842 τὸ
3083 4789 3317 4858 μάλιστα
3347 4794 3515 4847 αἴτιον
3544 4796 3639 4864 τῆς

2081 4871 2413 4945 ἀναιρέσεως
2440 4874 2742 4944 Εὐτροπίου
2766 4879 2831 4948 τῇ
2865 4877 3076 4950 ίστορίᾳ
3097 4881 3434 4950 προσθεῖναι,
3454 4884 3540 4940 ἵνα
3566 4886 3640 4956 μὴ

2082 4967 2197 5029 τοῖς
2230 4965 2490 5034 καθάπαξ
2523 4968 2779 5034 ἀγνοοῦσι
2818 4968 3150 5042 πρόσκομμα
3179 4976 3338 5028 τοῦτο
3365 4976 3443 5047 τῷ
3476 4978 3643 5048 μεγά-

2084 5057 2163 5128 λῳ
2192 5057 2482 5128 νομίζοιτο,
2511 5060 2587 5133 μὴ
2620 5060 2840 5115 διειδόσι
2878 5062 2969 5116 τὸν
3002 5064 3204 5135 τρόπον
3232 5066 3300 5121 δι’
3330 5061 3391 5123 οῦ
3422 5071 3514 5124 τὸν
3544 5072 3640 5141 τῆς

2097 5148 2427 5220 Ἐκκλησίας
2482 5151 2743 5224 ὑϐριστὴν
2788 5155 3162 5226 περιύϐρισεν,
3224 5159 3387 5223 ἐάσας
3440 5163 3642 5233 ταύτης

2082 5242 2465 5312 ἀφαιρεθῆναι.
2507 5245 2735 5314 ’Δγεται
2763 5246 2862 5317 μὲν
2894 5249 3002 5319 γὰρ
3030 5252 3057 5303 ὁ
3080 5248 3332 5318 βασιλεὺς
3366 5254 3641 5324 Ἀρκάδιος

2086 5337 2228 5404 μετὰ
2259 5334 2515 5408 τελευτὴν
2563 5339 2657 5391 τοῦ
2713 5345 2919 5411 πατρὸς
2954 5348 3206 5410 γυναῖκα,
3309 5346 3535 5414 Εὐδοξία
3574 5346 3641 5423 ἧν

2081 5425 2273 5497 ὄνομα,
2300 5428 2563 5500 θυγάτηρ,
2588 5432 2664 5495 ὡς
2699 5432 2800 5500 μέν
2825 5451 2968 5499 τινες
2997 5436 3291 5506 ἱστοροῦσι,
3323 5439 3640 5510 Γρατιανοῦ,

2080 5518 2139 5580 ὃς
2165 5522 2262 5589 τῆς
2289 5522 2528 5594 ἑσπέρας
2553 5523 2651 5595 τὴν
2679 5527 2853 5597 ἀρχὴν
2904 5528 3222 5599 ἐκληροῦτο,
3267 5532 3341 5595 ὡς
3371 5533 3416 5586 δ’
3442 5534 3638 5605 ἕτεροι,

2081 5612 2386 5681 Βαύδωνος,
2402 5616 2461 5679 ὃς
2492 5616 2767 5689 βάρϐαρος
2790 5620 2890 5689 μὲν
2910 5615 2979 5693 ἦν
3006 5622 3064 5675 τὸ
3085 5622 3264 5691 γένος,
3284 5628 3637 5699 στρατηγίαις

490 5740 564 5833 (1)
586 5737 822 5833 factum
852 5736 1058 5833 iﬂd‘cum
1099 5748 1246 5794 metu
1286 5747 1664 5797 consternatus
1698 5742 1989 5815 Eutropius
2026 5753 2079 5801 et
2118 5748 2267 5805 humi
2324 5752 2645 5822 provolutus
2684 5769 2782 5826 pro
2815 5769 2969 5813 sacra
3000 5770 3189 5815 mensa
3204 5757 3437 5832 jaceret.
3460 5758 3633 5833 (Socr.

413 5807 556 5870 libro
586 5824 659 5877 vr,
693 5823 813 5880 cap.
856 5807 935 5878 5.)
