4014 6228
441 299 545 367 951

1612 322 2028 386 Nl'CEPIlORi
2065 330 2407 394 CALLISTI

3565 325 3665 389 939

439 427 568 468 eum
621 412 917 473 mittendos
965 418 1165 477 duxit:
1199 424 1293 480 sed
1333 441 1496 484 nemo
1527 430 1855 502 legationem
1888 453 2007 491 eam

2121 442 2303 514 ἀνδρὸς
2329 444 2551 515 ἀρετὴν,
2583 443 2685 498 κᾶν
2729 445 2824 498 καὶ
2855 443 3126 516 βάρϐαρός
3167 461 3253 505 τις
3292 435 3360 513 ἦν
3393 442 3482 494 καὶ
3518 439 3675 494 πολί-

439 507 722 576 suscipere
769 511 1027 567 audebat.
1063 517 1266 577 Omnes
1317 521 1465 575 enim
1510 540 1610 592 pro
1664 541 1722 581 se
1772 530 2006 599 quisque

442 597 718 656 feritatem
754 605 920 659 animi
947 608 1067 678 ejus
1099 621 1412 681 suspectam
1449 616 1745 685 habebam,
1783 597 1929 676 adeo
1950 633 2006 676 ut

438 706 620 762 neque
680 692 825 749 bello
872 713 996 752 cum
1045 715 1109 754 eo
1155 705 1413 773 congredi
1469 709 1762 778 quisquam
1821 714 2006 780 vellet,

439 799 622 854 neque
663 786 938 859 legatione
985 791 1130 861 apud
1181 808 1306 848 eum
1361 806 1480 853 tuto
1525 816 1584 856 se
1638 803 1790 873 fungi
1843 821 2008 874 posse

442 886 683 947 putaret.
717 883 987 940 Omnibus
1019 901 1150 940 vero
1192 890 1315 945 aliis
1356 892 1588 961 relictis,
1620 897 1676 951 in
1711 898 2007 953 maximum

443 969 598 1027 illum
624 973 850 1032 heroem
879 980 1274 1050 respiciebant.
1294 981 1391 1039 llle
1419 999 1584 1054 porro
1612 988 1748 1044 nihil
1774 993 2006 1058 veritus,

443 1065 592 1132 quod
637 1066 741 1123 sibi
799 1086 906 1124 non
960 1072 1034 1126 ita
1085 1075 1295 1141 pridem
1349 1092 1473 1133 eum
1520 1095 1585 1134 eo
1619 1083 2011 1141 intercesserat

444 1158 761 1229 dissidium,
785 1175 972 1220 orator
999 1171 1182 1224 statim
1214 1171 1265 1225 iu
1293 1171 1583 1229 Thraciam
1618 1176 1683 1230 ad
1708 1176 2008 1232 Barbarum

445 1259 532 1306 est
582 1255 881 1323 profectus.
923 1258 1122 1314 Verum
1157 1265 1442 1319 enimvero
1482 1266 1684 1322 Gainas
1719 1278 2010 1337 postquam

443 1341 682 1412 legatum
723 1347 788 1400 ad
833 1363 891 1402 se
943 1352 1279 1420 venientem,
1329 1355 1582 1424 quisnam
1628 1366 1797 1421 esset.
1851 1359 2011 1414 intel-

444 1435 600 1504 lcxit,
628 1451 683 1494 et
707 1441 1020 1497 libertatem
1053 1445 1298 1512 dicendi,
1331 1463 1436 1518 qua
1472 1465 1604 1504 usus
1641 1451 1783 1519 apud
1826 1466 1884 1506 se
1915 1466 2011 1521 pro

444 1529 668 1586 veriore
735 1535 938 1605 pietate
1008 1537 1224 1602 fuerat.
1283 1540 1337 1595 in
1401 1551 1638 1597 mentem
1708 1545 2010 1612 revocavit,

444 1622 812 1688 nihilominus
841 1626 886 1680 si
936 1628 1067 1696 quid
1112 1630 1287 1694 aliud,
1335 1641 1390 1685 et
1431 1631 1690 1688 virtutem
1743 1635 1844 1690 viri
1895 1638 2013 1706 ejus

449 1717 746 1783 reveritus,
801 1719 1051 1788 quamvis
1093 1730 1149 1776 et
1202 1722 1472 1779 barbarus
1523 1737 1578 1782 et
1628 1727 1806 1783 hostis
1838 1742 2008 1794 esset,

449 1806 668 1874 longius
695 1811 745 1864 ei
773 1812 996 1866 honoris
1032 1830 1194 1868 causa
1225 1833 1546 1887 progressus
1578 1828 1661 1874 est
1691 1820 1932 1888 obviam,
1956 1831 2010 1878 et
2046 1814 2086 1868 Β

451 1898 701 1955 dextram
758 1903 878 1972 ejus
926 1908 1102 1962 oculis
1166 1910 1427 1974 admovit.
1463 1922 1519 1966 et
1567 1913 1851 1968 osculatus
1907 1924 2013 1980 est,

450 1989 771 2063 liberosque
797 2011 928 2053 suos
966 1999 1234 2055 adductos
1264 2004 1438 2058 sacris
1469 2005 1619 2059 illius
1654 2007 1888 2076 genibus
1920 2008 2016 2063 ad-

454 2084 656 2140 hibuit.
694 2088 754 2140 lit
793 2098 905 2142 tum
933 2091 1155 2158 quidem
1185 2094 1275 2149 ille
1303 2111 1452 2151 arma
1477 2098 1751 2166 deposuit,
1786 2110 1840 2155 et
1873 2101 2018 2168 lcga-

456 2177 592 2231 tioni
641 2180 691 2233 ei
740 2195 944 2235 morem
995 2185 1182 2251 gessit.
1231 2185 1411 2256 Usque
1458 2188 1595 2244 adeo
1628 2192 1802 2246 virtus
1849 2196 2015 2250 etiam

451 2274 565 2328 acri
599 2274 739 2331 hosti
763 2277 1021 2345 pudorem
1051 2290 1107 2334 et
1134 2290 1396 2338 terrorem
1432 2284 1680 2343 incutere
1709 2292 2014 2346 consuevit.

454 2363 611 2420 Brevi
639 2376 819 2422 autem
860 2378 1001 2438 post,
1037 2387 1160 2425 cum
1211 2373 1352 2429 aliud
1403 2377 1660 2444 quiddatu
1702 2382 2010 2448 accidisset,

461 2459 530 2513 ad
573 2459 851 2530 ingenium
887 2478 1044 2516 suum
1089 2464 1288 2519 Gaiuas
1338 2468 1521 2525 rediit.
1555 2471 1621 2525 Et
1671 2473 1761 2527 ubi
1810 2473 2019 2532 llellcs~

457 2561 684 2622 pontum
732 2555 1004 2625 trajicere,
1045 2557 1511 2631 Lampsacumque
1559 2579 1828 2634 occupare
1881 2585 2015 2622 cnn-

456 2642 652 2708 tendit,
699 2658 823 2712 Spes
851 2661 976 2701 eum
1010 2646 1222 2712 fefellit.
1258 2666 1384 2706 cum
1428 2653 1657 2708 Romani
1695 2656 1864 2711 divini
1898 2658 2011 2712 Nu-

457 2724 621 2789 minis
669 2739 933 2790 auxdium
985 2755 1080 2807 per
1127 2741 1469 2812 imperatoris
1522 2749 1746 2803 consilia
1795 2765 2010 2804 rursum

458 2830 563 2884 sibi
618 2831 864 2887 adfuisse
897 2847 1204 2890 senserunt.
1266 2839 1557 2910 Postquam
1600 2843 1745 2896 enim
1797 2843 2012 2898 Barbari

455 2924 676 2979 navium
721 2927 876 2994 copia
902 2929 1168 2993 destituti,
1207 2933 1418 2988 ratibus
1447 2939 1747 3004 compactis
1804 2936 2013 2994 llellcs-

457 3027 684 3084 pontum
740 3020 1013 3089 trajicere,
1075 3033 1130 3076 et
1164 3024 1215 3078 in
1267 3027 1583 3082 ulteriorem
1640 3031 2010 3087 continentem

455 3112 690 3164 evadere
728 3112 1045 3178 voluerunt,
1081 3114 1382 3184 imperator
1414 3131 1556 3173 terra
1592 3123 1838 3191 marique
1882 3139 2015 3178 con—

460 3210 545 3253 tra
580 3214 675 3254 eos
708 3200 884 3265 duxit,
925 3204 1112 3258 multis
1165 3206 1494 3264 militaribus
1535 3211 1853 3267 triremibus
1883 3216 2014 3270 sub-

461 3294 842 3363 sequentibus.
926 3296 1118 3353 lnhoc
1181 3315 1360 3354 rerum
1433 3313 1576 3357 statu
1643 3307 2020 3362 vehementior

460 3386 761 3453 derepente
793 3389 1065 3460 zephyrus
1097 3391 1304 3458 aillans,
1340 3405 1482 3450 rates
1516 3397 1564 3449 vi
1601 3413 1790 3466 magna
1819 3400 2017 3454 dissol-

457 3479 575 3542 vit,
627 3489 789 3549 atque
855 3482 912 3535 in
969 3497 1062 3537 eas
1125 3483 1498 3542 Romanorum
1554 3505 1720 3545 naves
1780 3491 2016 3562 impulit.

456 3569 684 3624 Barbari
733 3573 944 3628 ratibus
980 3574 1245 3644 disjectis,
1283 3578 1471 3646 plures
1517 3596 1641 3635 cum
1689 3582 1825 3652 ipsis
1860 3586 2021 3651 equis

459 3663 511 3716 in
561 3663 673 3718 alto
732 3664 966 3720 demersi
1020 3676 1147 3721 sunt
1193 3686 1207 3722 :
1262 3672 1508 3726 nonnulli
1571 3671 1824 3730 ﬂuctibus
1879 3677 2021 3745 rapti

458 3764 623 3826 atque
674 3757 1018 3824 circumacti,
1074 3760 1204 3817 hinc
1240 3773 1295 3816 ct
1332 3763 1459 3818 inde
1511 3765 1563 3819 in
1612 3768 1798 3823 littore
1838 3770 2018 3839 ejecti,

463 3847 621 3902 multi
649 3848 814 3902 etiam
845 3850 912 3904 ab
944 3851 1333 3910 invadentibus
1361 3872 1455 3911 eos
1495 3858 1761 3912 militibus
1789 3859 2021 3930 jugulati

462 3951 612 3994 sunt.
648 3940 810 4012 362
850 3943 1077 4000 Plurimi
1129 3961 1259 4003 sane
1298 3965 1365 4004 ex
1400 3950 1650 4005 hostibus
1698 3953 1752 4005 in
1790 3954 2020 4007 transitu

461 4032 697 4102 periere.
773 4036 975 4093 Gainas
1037 4049 1218 4096 autem
1282 4057 1406 4097 cum
1474 4044 1664 4114 paucis
1730 4044 2022 4100 incolumis

459 4125 749 4182 Thraciam
801 4145 1113 4199 pererrans,
1157 4143 1214 4189 et
1265 4133 1447 4206 fugam
1505 4153 1647 4206 saepe
1685 4147 1926 4202 mutans,
1969 4139 2020 4192 in

457 4219 593 4274 alias
644 4219 1020 4279 Romanorum
1064 4226 1258 4282 incidit
1303 4229 1512 4298 copias,
1559 4239 1723 4302 atque
1770 4232 1844 4286 ibi
1897 4250 2019 4288 cum

459 4313 600 4384 luga:
646 4316 948 4373 comitibus
995 4319 1246 4375 barbaris
1288 4336 1463 4378 ca'sus
1497 4333 1602 4378 est.
1637 4323 1807 4396 Cujus
1857 4333 2024 4394 caput

458 4405 835 4472 exsiccatum,
893 4408 1427 4482 Constantinopolim
1498 4426 1580 4471 est
1633 4416 1897 4471 delatum.
1963 4417 2018 4470 lu

461 4498 600 4553 bello
649 4498 775 4566 hoc,
829 4501 1060 4565 Flavita.
1095 4505 1365 4563 Gotthica:
1400 4509 1576 4576 gentis
1608 4510 1712 4575 vir,
1757 4510 2020 4566 Romanis
2054 4529 2094 4581 υ

459 4599 640 4645 autem
669 4594 905 4650 maxime
946 4596 1110 4666 ﬁdus,
1142 4609 1198 4653 et
1233 4601 1466 4655 scientia
1497 4602 1718 4657 militari
1755 4613 2015 4668 prieslan-

459 4684 726 4749 tissimus,
777 4689 921 4756 quod
963 4694 1169 4760 optimc
1209 4709 1268 4749 se
1315 4704 1372 4750 et
1419 4697 1856 4765 splendidissime
1900 4695 2021 4768 ges-

459 4777 644 4840 sisset.
684 4781 873 4834 consul
903 4791 986 4836 est
1020 4785 1388 4842 renuntiatus.
1422 4785 1540 4852 Quo
1573 4797 1819 4859 tempore
1851 4789 2016 4843 etiam

458 4867 778 4936 imperatori
831 4873 976 4929 [ilius
1018 4889 1318 4947 prognatus
1369 4889 1487 4943 est,
1534 4880 1714 4936 modis
1761 4882 2020 4937 omnibus

459 4959 661 5028 honos,
725 4964 946 5036 Deoque
992 4972 1196 5026 charus
1244 4973 1611 5040 Theodosius,
1666 4991 1791 5038 avo,
1851 4974 2016 5030 sicuti

457 5049 722 5119 diximus,
767 5061 1110 5128 cognominis
1141 5081 1154 5117 :
1187 5067 1441 5133 sequenti
1495 5075 1677 5120 autem
1724 5065 2016 5121 consulatu

452 5143 620 5199 etiam
688 5149 969 5220 Augustus
1037 5164 1122 5208 est
1201 5157 1570 5212 renuntiatus.
1655 5157 1801 5211 idem
1868 5155 2016 5227 quod

453 5232 680 5302 Gainas,
736 5238 1100 5310 'l‘rigibildus,
1148 5261 1312 5314 quem
1369 5261 1532 5316 supra
1587 5250 2020 5315 nominavimus,

456 5327 694 5386 Gotthus
729 5348 920 5403 passus
971 5348 1071 5390 est.
1125 5338 1418 5407 Postquam
1454 5341 1599 5394 enim
1648 5341 1691 5395 is
1727 5341 2015 5398 victoriam

455 5421 660 5488 tiainae,
714 5441 811 5493 per
862 5427 1218 5483 collusionem
1266 5432 1495 5498 scilicet,
1532 5433 1795 5501 prodidit,
1851 5444 2016 5504 atque

451 5525 515 5563 ex
549 5527 730 5582 pugna
773 5516 1030 5587 profugit,
1084 5518 1342 5573 Pisidiam
1380 5530 1434 5574 ct
1483 5520 1859 5593 Pamphyliam
1893 5541 2015 5593 per-

453 5617 688 5658 currens
720 5607 933 5663 amixit.
986 5610 1175 5665 Postea
1228 5613 1477 5681 plurimis
1522 5616 1737 5685 pugnis,
1771 5627 1826 5671 et
1861 5617 2015 5670 loco-

453 5707 574 5748 rum
637 5696 690 5751 in
737 5699 943 5755 Isauria
993 5694 1579 5773 incoinmoditatibus,
1626 5709 1835 5764 viribus
1894 5709 2016 5778 ejus

2119 555 2260 607 μιος.
2293 539 2572 611 πόρρωθέν
2600 557 2656 592 τε
2687 540 2957 608 ύπήντετο
2977 556 2988 568 ·
3016 538 3110 591 καὶ
3137 537 3237 605 τὴν
3266 534 3472 588 ἐκείνου
3498 531 3677 597 δεξιάν

2115 634 2226 695 τοῖς
2259 631 2556 702 ὀφθαλμοῖς
2615 632 2903 702 παρετίθει
2959 632 3052 683 καὶ
3108 626 3522 698 κατησπάζετοο
3583 627 3676 676 καὶ

2116 725 2240 786 τοὺς
2282 725 2480 784 παῖδας
2522 725 2837 794 προσάγων,
2873 726 2988 786 τοῖς
3038 723 3198 792 ίεροῖς
3230 718 3438 772 ἐκείνου
3486 718 3676 786 γόνασι

2119 818 2526 887 προσεκόμιζε·
2579 818 2673 870 καὶ
2726 817 2844 869 τότε
2895 815 2992 884 μὲν
3029 815 3097 868 τὰ
3151 814 3286 868 ὅπλα
3339 811 3675 872 κατετίθετο,

2118 911 2215 963 καὶ
2244 909 2524 978 πειθήνιος
2551 903 2638 979 ἦν.
2673 906 2829 962 Οὕτω
2857 908 3101 976 πέφυκεν
3122 904 3292 975 ἀρετὴ
3323 903 3418 958 καὶ
3441 903 3531 956 τδν
3555 903 3680 970 σφό-

2115 1001 2218 1070 δρα
2241 1019 2302 1070 γε
2337 1001 2576 1072 δυσμενῆ
2608 999 2788 1059 αἰδοῦς
2816 1017 2876 1054 τε
2926 1000 3023 1055 καὶ
3072 997 3466 1065 καταπλήξεως
3518 997 3679 1064 ἐμπι-

2119 1089 2278 1160 πλᾷν.
2323 1092 2412 1144 Ἐν
2439 1092 2498 1144 οὐ
2535 1089 2714 1161 πολλῷ
2744 1091 2788 1143 δ’
2816 1091 3018 1161 ἐτέρων
3039 1087 3543 1162 ἐπιγενομένων,-ἐν
3568 1086 3679 1146 τοῖς

2121 1183 2255 1244 ἴσοις
2285 1177 2352 1249 ἦν
2381 1182 2578 1245 Γαῖνᾶς
2599 1198 2612 1214 ’
2650 1183 2740 1235 καὶ
2770 1183 2892 1234 ἐπεὶ
2917 1181 3150 1234 ἐπέϐαλε
3179 1179 3679 1247 τὸνἘλλήσποντον

2117 1274 2590 1347 διαπεραιοῦσθαι,
2621 1277 2714 1330 καὶ
2751 1274 2843 1329 ἐπὶ
2882 1274 3188 1345 Λάμψακον
3227 1273 3548 1330 διαϐαίνειν,
3582 1269 3680 1338 τῆς

2119 1371 2338 1433 ἐλπίδος
2373 1369 2637 1441 ἐψεύσθη,
2671 1369 2819 1432 θείας
2854 1367 3009 1432 αὖθις
3059 1366 3234 1438 ῥοπῆς
3255 1367 3373 1428 ταῖς
3401 1363 3497 1417 τοῦ
3530 1362 3683 1433 βασι-

2121 1464 2254 1526 λέως
2279 1464 2546 1525 ἐπινοίαις
2574 1463 2684 1515 τῶν
2717 1462 3009 1532 Ῥωμαίων
3036 1460 3423 1532 χρησαμένων.
3456 1457 3543 1518 Ὠς
3575 1456 3680 1524 γὰρ

2118 1557 2168 1610 οι
2200 1555 2471 1627 βάρϐαροι
2500 1554 2637 1607 νεῶν
2673 1556 2729 1608 ἐν
2760 1552 2968 1624 ἀπορίᾳ
3016 1552 3437 1620 καθεστηκότες.
3469 1549 3680 1617 σχεδίας

2121 1645 2566 1717 συμπηγνύντες,
2617 1647 2709 1698 τὸν
2764 1643 3160 1715 Ἑλλήσποντον
3202 1641 3482 1695 διεκπλεῖν
3538 1642 3682 1692 ἐπει-

2123 1738 2294 1809 ρῶντο
2319 1739 2399 1802 είς
2452 1740 2552 1807 τὴν
2583 1738 2921 1806 καταντικρὺ
2949 1737 3204 1807 ἠπειρον,
3245 1735 3274 1785 δ
3315 1733 3569 1804 βασιλεὺς
3599 1731 3682 1783 διε

2119 1829 2221 1896 γῆς
2255 1843 2312 1880 τε
2338 1827 2431 1879 καὶ
2457 1825 2730 1895 θαλάττης
2771 1825 2982 1888 τούτοις
3020 1824 3176 1895 ἐπῄει
3204 1822 3416 1877 πολλῶν
3442 1838 3681 1891 στρατιιυ

2118 1921 2290 1988 γικών
2330 1920 2600 1990 τριήρεων
2653 1918 3059 1975 καταθεουσῶν.
3111 1917 3201 1972 Ἐν
3246 1915 3541 1978 τούτοιςδέ
3582 1915 3683 1968 τῶν

2117 2011 2460 2082 πραγμάτων
2501 2010 2692 2074 δντων,
2725 2007 2953 2075 ἐξάπινα
2981 2008 3216 2079 ζέφυρός
3238 2025 3322 2072 τις
3347 2006 3684 2067 ἐπιπνεύσας

2119 2105 2371 2172 σφοδρὸς,
2402 2105 2497 2167 τὰς
2555 2103 2768 2173 σχεδίας
2820 2103 2996 2156 διέλυε
3042 2103 3156 2173 βίᾳ,
3180 2101 3276 2154 καὶ
3311 2100 3431 2154 κατ’
3457 2100 3683 2153 ἐκείνων

2115 2196 2214 2260 τὰς
2252 2194 2538 2266 Ῥωμαίων
2589 2196 2790 2266 ἧλαυνε
2816 2196 2967 2259 ναῦς.
3017 2197 3127 2249 Καὶ
3155 2197 3207 2248 ot
3263 2193 3364 2262 μὲν
3391 2192 3680 2263 βάρϐαροι.

2115 2291 2470 2347 διαλυθεισῶν
2517 2289 2624 2343 τῶν
2681 2289 2945 2359 σχεδιῶν,
2999 2291 3097 2342 σὺν
3151 2288 3340 2350 αὐτοῖς
3393 2287 3589 2345 ἵπποις
3641 2284 3683 2334 οἱ

2119 2383 2366 2446 πλείους,
2389 2383 2438 2436 οί
2475 2383 2577 2452 μὲν
2607 2381 2928 2452 ὑποϐρύχιοι
2971 2380 3048 2450 τῷ
3074 2379 3241 2451 βυθῷ,
3283 2380 3331 2433 οι
3356 2378 3412 2433 et
3447 2377 3528 2448 τῷ
3561 2376 3685 2432 κλύο

2115 2471 2243 2524 δωνι
2273 2470 2689 2542 περιαγόμενοι,
2716 2470 3216 2542 ἀναρριπτούμενοι
3260 2470 3363 2525 ἀνὰ
3387 2469 3490 2534 τὰς
3519 2468 3685 2530 ἀκτᾶς

2117 2563 2500 2633 ἐξελικμῶντο.
2538 2565 2728 2620 Πολλοὶ
2754 2563 2809 2618 δέ
2840 2563 2946 2617 ὑπ’)
2967 2564 3076 2619 τῶν
3111 2563 3464 2635 στρατιωτῶν
3509 2561 3687 2616 ἐπιόν-

2115 2672 2223 2710 των
2254 2657 2435 2721 αὐτοῖς
2481 2657 2802 2729 ἀνῃροῦντο.
2845 2657 2919 2710 Te
2982 2657 3081 2724 μὲν
3129 2656 3223 2712 οὖν
3270 2656 3532 2710 πλεῖστον
3581 2657 3687 2709 τῶν

2118 2749 2415 2821 βαρϐάρων
2465 2751 2543 2820 τῷ
2580 2751 2817 2822 διέκπλῳ
2866 2749 3162 2822 διέφθαρτο
3195 2767 3209 2783 ·
3245 2749 3447 2810 Γαῖνᾶς
3497 2749 3558 2804 δέ
3596 2750 3688 2802 σὺν

2117 2841 2317 2909 ὀλίγοις
2370 2839 2474 2894 ἀνὰ
2499 2839 2598 2911 τὴν
2643 2839 2866 2912 Θρᾴκην
2916 2838 3271 2910 περισωθεὶς,
3325 2838 3615 2907 ἀλώμενός
3643 2836 3688 2888 τ’

2118 2934 2299 2987 ἐκεῖσε
2330 2933 2424 2987 καὶ
2455 2933 2655 3002 φυγαῖς
2704 2931 3007 3003 χρώμενος,
3059 2932 3221 3002 ἑτέρᾳ
3255 2930 3543 3001 Ῥωμαϊκῇ
3583 2928 3690 2981 ἐνέ-

2118 3043 2282 3079 πιπτε
2314 3025 2566 3095 στρατιᾷ,
2602 3025 2690 3078 καὶ
2723 3024 2820 3077 σὺν
2864 3025 2976 3086 τοῖς
3020 3024 3158 3093 ἀμφ’
3188 3022 3354 3078 αὑτὸν
3389 3022 3687 3094 βαρὸάρυις

2119 3119 2386 3172 ἀπώλετο.
2415 3117 2488 3172 Οὗ
2535 3120 2567 3187 ἡ
2609 3115 2820 3187 κεφαλὴ
2859 3117 3248 3187 ταριχευθεῖσα
3280 3118 3361 3181 είς
3399 3116 3501 3187 τὴν
3533 3117 3683 3169 Κων-

2124 3210 2404 3263 σταντίνον
2453 3206 2828 3277 ἀνεκομίζετο.
2890 3207 2975 3259 Ἐν
3021 3206 3083 3277 δὴ
3129 3209 3206 3278 τῷ
3249 3207 3471 3276 πολέμῳ
3516 3206 3689 3277 τούτῳ

2120 3302 2389 3365 Φλαϐίτας
2416 3303 2554 3372 ἀνὴρ
2584 3301 2779 3362 Γότθος
2819 3300 3008 3370 μὶν-τὸ
3038 3303 3214 3368 γένος,
3248 3299 3434 3364 εὔνους
3459 3300 3519 3354 δὲ
3546 3303 3686 3369 μάλα

2133 3393 2445 3462 Ῥωμαίοις.
2480 3393 2573 3448 καὶ
2602 3396 2669 3447 τα
2704 3394 2937 3462 πολέμια
2975 3395 3293 3462 κράτιστος,
3333 3392 3585 3462 10.37.96,-
3609 3411 3683 3453 τις

2121 3474 2314 3555 φανεὶς
2351 3485 2444 3540 καὶ
2492 3487 2733 3555 ἄριστος,
2767 3485 2972 3545 ὕπατος
3011 3485 3414 3554 ἀνηγόρευται·
3449 3485 3684 3554 ὁπηνίκα

2123 3578 2201 3648 τῷ
2234 3578 2442 3648 βασιλεῖ
2491 3581 2618 3640 παῖς
2651 3578 2913 3642 ἐτίκτετο,
2964 3581 2990 3631 ὀ
3021 3577 3180 3642 καλὸς
3242 3579 3310 3632 τὰ
3360 3577 3541 3632 πάντα
3597 3578 3685 3629 καὶ

2124 3670 2377 3741 θεοφιλὴς
2409 3672 2709 3734 Θεοδῦσιος,
2757 3671 2835 3740 τῷ
2900 3672 3108 3742 πάππῳ
3158 3673 3473 3742 ὁμώνυμος.
3533 3674 3609 3742 Τῇ
3640 3673 3682 3725 δ’

2123 3765 2251 3835 ἑξῆς
2284 3765 2517 3833 ὑπατείᾳ
2544 3766 2638 3816 καὶ
2674 3763 2935 3825 σεΰαστὶς
2968 3765 3324 3833 ἀνηγόρεντο.
3375 3764 3601 3835 Ἐπίσης
3629 3765 3682 3817 δὲ

2123 3859 2293 3928 Γαῖνᾷ
2322 3856 2418 3909 καὶ
2447 3857 2474 3909 ὁ
2525 3855 2712 3926 ῥηθεὶς
2765 3855 3116 3926 Τριγίϐιλδος
3165 3855 3362 3918 Γότθος
3393 3855 3679 3910 πέπονθεν.

2137 3949 2224 4012 Ὡς
2255 3949 2362 4019 γὰρ
2385 3948 2578 4017 ἐκείνῳ
2607 3948 2707 4017 τὴν
2741 3947 2899 4010 νίκην
2935 3948 3243 4017 προδέδωκε
3278 3949 3500 4012 Γαῖνᾶς.
3526 3951 3681 4018 δῆθεν

2123 4043 2332 4094 ἐκεῖνον
2363 4041 2603 4108 φεύγων,
2641 4038 2739 4110 τὴν
2803 4039 3056 4093 Πισιδίαν
3106 4039 3201 4094 καὶ
3234 4043 3560 4111 Παμφυλίαν
3587 4061 3680 4097 κα-

2121 4131 2368 4186 ταλαϐὼν
2403 4132 2748 4201 ἐλυμαίνετο.
2783 4132 3014 4184 Ἔπειτα
3073 4131 3167 4184 καὶ
3209 4134 3371 4196 αὐτὸς
3406 4135 3677 4196 πλείσταις

2126 4225 2330 4295 μάχαις
2377 4223 2469 4275 καὶ
2511 4223 2844 4294 δυσχωρίαις
2885 4224 3213 4292 Ἱσαυρικαῖς
3263 4227 3678 4297 περιθραυσθεὶς

2123 4318 2219 4387 τὴν
2252 4316 2428 4385 ἰσχὺν,
2465 4316 2617 4386 μόλις
2643 4316 2734 4366 ἐπὶ
2777 4315 2868 4365 τὸν
2911 4314 3310 4384 Ἑλλήσποντον
3334 4316 3677 4384 διασώζεται.

2126 4406 2467 4477 Περαιωθεὶς
2513 4406 2558 4460 δ’
2589 4409 2679 4460 ἐπὶ
2710 4405 2956 4478 Θρᾴκην,
2988 4407 3046 4459 ἐν
3076 4409 3137 4462 σὺ
3177 4407 3359 4480 πολλῷ
3397 4413 3492 4464 καὶ
3523 4411 3682 4473 αὐτὸς

2122 4499 2516 4570 διαφθείρεται.
2559 4498 2718 4551 Ἀλλὰ
2745 4498 2812 4551 τὰ
2854 4499 2953 4568 μιν
2983 4500 3112 4570 περὶ.
3138 4500 3252 4554 τῶν
3280 4503 3451 4556 Γαῖνᾶ
3486 4503 3681 4573 τολμη·

2131 4598 2337 4662 μάτων.
2377 4594 2469 4645 καὶ
2497 4591 2593 4662 οἴῳ
2639 4591 2789 4645 τέλει
2833 4593 3130 4664 ἐχρήσατο,
3169 4595 3227 4647 ἐν
3257 4597 3520 4666 ἐπιδρομῇ
3553 4598 3683 4650 ἁπο-

2126 4686 2405 4757 χρὼντως,
2435 4679 2608 4753 οἶμαι,
2643 4685 2981 4754 εἰρήκαμενο
3021 4687 3070 4738 εί
3120 4686 3177 4740 δέ
3229 4703 3307 4757 τῳ
3351 4688 3502 4756 φίλον
3536 4691 3684 4757 ἀκρι-

2127 4779 2233 4842 ϐῶς
2267 4779 2362 4831 καὶ
2392 4777 2531 4831 κατὰ
2566 4774 2760 4829 λεπτὸν
2787 4777 3036 4832 διειδέναι
3071 4779 3140 4832 τὰ
3171 4779 3247 4848 τῷ
3274 4781 3494 4850 πολέμῳ
3516 4782 3682 4848 τούτῳ

2126 4871 2487 4940 γεγενημένα,
2527 4871 2590 4939 τῇ
2626 4869 2910 4934 Γαῖαν-δίᾳ
2940 4871 3107 4941 δέλτῳ
3149 4874 3501 4943 ἐντυγχάνειν
3561 4874 3680 4927 toﬁ-

2124 4982 2217 5018 τον
2240 4961 2552 5033 κελεύομεν,
2595 4963 2660 5034 ἦν
2704 4962 2733 5014 ὁ
2783 4963 3137 5033 σχολαστικὸς
3186 4967 3479 5031 συνέταξεν
3521 4968 3678 5021 Eiici-

2123 5058 2258 5121 ὄιος,
2290 5059 2316 5110 ὁ
2353 5055 2502 5125 παρὰ
2528 5053 2756 5126 Τρωῑλῳ
2789 5057 3053 5125 φοιτήσας
3083 5057 3158 5127 τῷ
3190 5062 3417 5131 σοφιστῇ
3445 5076 3457 5090 ·
3491 5059 3548 5124 δς
3568 5061 3679 5122 τοῖς

2124 5152 2414 5221 πράγμασι
2451 5148 2665 5220 παρὼν,
2699 5151 2794 5201 καὶ
2832 5149 3112 5219 αὐτόπτης
3145 5151 3235 5204 τοῦ
3263 5152 3497 5220 πολέμου
3528 5154 3679 5223 γενέ-

2126 5262 2306 5316 μενος,
2347 5244 2574 5314 τέτρασι
2631 5242 2858 5312 βιϐλίοις
2895 5245 2955 5295 ἐν
3000 5243 3168 5314 ήρὼῳ
3202 5245 3385 5316 μέτρῳ
3417 5245 3676 5316 λαμπρῶς

2125 5336 2410 5406 ἐπεξῆλθε.
2439 5335 2666 5408 Νεαρῶν
2688 5336 2740 5389 δὲ
2767 5335 2876 5387 τῶν
2899 5335 3241 5405 πραγμάτων
3271 5336 3459 5401 ὄντων,
3483 5337 3675 5406 σφόδρα

2124 5431 2218 5484 ἐπί
2272 5432 2337 5500 τῆ
2386 5431 2678 5501 συγγραφῇ
2731 5428 3074 5498 ἐθαυμάσθη.
3137 5428 3248 5482 Kal.
3285 5430 3585 5498 Ἀμμώνιος
3634 5426 3672 5479 δ’

2125 5526 2310 5596 ἕτερος
2360 5525 2608 5596 ποιητὴς,
2667 5527 2736 5577 τά
2792 5523 2932 5577 αὐτὰ
2995 5522 3344 5594 ῥαψῳδήσας,
3401 5524 3672 5591 εὐδόκιμος

2125 5618 2371 5690 διεκρίθη
2403 5617 2495 5671 ἐπὶ
2526 5619 2625 5685 τῆς
2658 5615 2938 5687 παρούσης
2966 5615 3285 5685 ἡγεμονίας.
3317 5614 3558 5668 Τοσαῦτα
3588 5612 3673 5666 καὶ

2129 5711 2255 5779 περὶ
2281 5709 2505 5763 τούτων.

453 5788 667 5858 accisis,
706 5793 872 5850 vixet
909 5796 1021 5866 ipse
1053 5797 1104 5852 in
1137 5798 1548 5870 llclle<puntnm
1593 5803 1771 5857 salvus
1813 5802 2006 5858 evasit.
2056 5801 2233 5873 Atque
2306 5801 2397 5857 ubi
2483 5800 2609 5859 inde
2655 5801 2705 5857 in
2743 5798 3030 5856 Thraciam
3079 5797 3310 5870 trajecit,
3352 5814 3459 5852 non
3510 5796 3672 5852 multo
