4014 6228
354 228 461 298 ιιι

1571 236 1822 297 NlCEPl
1836 236 1996 296 lORI
2036 237 2250 296 CALLl
2264 235 2383 295 5Τῖ

3504 224 3615 292 972

354 362 525 421 quam
569 347 815 420 parietes
860 348 1197 406 inanimatos
1242 352 1532 423 magniﬁce
1568 354 1814 409 excitare
1859 362 1937 408 at-

2044 352 2289 407 διαλύειν
2324 351 2502 406 θέλων
2530 349 2591 404 τὸ
2624 347 2939 416 σκάνδαλον,
2978 346 3071 402 καὶ
3104 345 3298 412 ἄλλους
3324 344 3479 410 τινὲς
3507 334 3620 397 τῶν

351 438 467 513 que
493 451 839 499 construere.
878 462 895 495 ι
931 443 1059 498 Sive
1103 461 1231 498 vero
1276 445 1416 510 lucc,
1450 461 1546 501 seu
1589 446 1695 501 alia
1742 446 1935 502 inimi-

352 534 615 590 eitiarum
658 533 951 604 Theophili
1006 551 1136 603 erga
1190 535 1457 589 lsidornm
1505 551 1671 591 causa
1725 536 1935 602 fuerit,

359 639 475 680 tum
505 626 735 697 quidem
771 625 862 680 ille
894 626 1225 680 Alexandria
1271 628 1484 697 pulsus,
1522 628 1588 681 ad
1636 629 1939 684 monachos

356 731 618 793 tanquam
655 724 867 776 amicos
920 722 973 775 in
1006 721 1212 776 Scetim
1250 736 1307 775 se
1349 722 1580 791 recepit,
1609 732 1663 777 et
1707 723 1849 777 male
1881 721 1937 776 in

355 815 725 886 Theophilum
780 823 841 869 et
895 814 1013 884 ipse
1066 814 1349 869 animatus
1404 814 1529 867 fuit.
1587 815 1934 885 Ejuscemodi

352 906 621 963 aliensam
672 906 1001 961 Ammonius
1047 906 1275 961 abolere
1320 907 1547 973 volens,
1596 908 1785 962 ascitis
1829 906 1935 961 sibi

350 1002 476 1056 aliis
518 1001 849 1071 quibusdam
891 1001 1200 1066 monachis,
1238 1000 1306 1055 ad
1344 1000 1712 1071 Theophilum
1760 1000 1933 1064 venit,

350 1106 405 1150 et
440 1105 501 1149 ut
537 1095 750 1151 Isidoro
797 1094 1117 1149 communio
1168 1095 1516 1160 redderetur,
1546 1095 1711 1150 abeo
1751 1093 1932 1164 petiit.

352 1188 408 1242 lil
449 1190 540 1243 ille
585 1203 646 1243 se
687 1188 962 1243 facturum
995 1189 1226 1257 recepit.
1266 1188 1335 1243 Et
1369 1202 1498 1241 vero
1536 1188 1669 1242 satis
1701 1187 1935 1240 multum

353 1282 621 1350 temporis
673 1281 981 1351 praeteriit,
1028 1292 1083 1336 et
1132 1282 1210 1335 illi
1260 1281 1397 1334 nihil
1447 1291 1713 1349 egerunt,
1754 1279 1937 1334 Theo-

352 1376 650 1443 philusqne
680 1387 868 1444 aperte
895 1390 1007 1444 pra:
1035 1390 1093 1429 se
1122 1375 1267 1436 tulit,
1293 1386 1545 1445 tempore
1568 1374 1933 1436 extrahendo,

355 1470 538 1523 verbis
564 1484 660 1523 eos
690 1468 883 1523 ludere
912 1468 1053 1523 velle
1089 1484 1101 1520 :
1136 1468 1550 1522 vehementiore
1578 1466 1778 1522 ardore
1803 1481 1933 1521 eum

351 1561 615 1632 aggressi,
644 1570 703 1616 ut
732 1561 1067 1631 promissum
1097 1560 1164 1614 ad
1194 1558 1361 1613 finem
1386 1573 1548 1613 suum
1575 1557 1934 1629 perduceret,

352 1653 723 1725 supplicando
768 1654 1138 1723 postularunt.
1177 1652 1339 1723 375
1380 1652 1449 1707 Et
1498 1652 1589 1706 ille
1638 1651 1934 1722 quemdam

2044 447 2297 518 μοναχῶν
2344 445 2933 516 προσεταιρισάμενος,
2985 441 3125 513 πρὶς
3166 439 3427 511 Θεόφιλον

2041 542 2136 593 καὶ
2160 539 2263 609 τὴν
2285 537 2578 593 κοινωνίαν
2608 531 2769 601 αὖθις
2815 534 3075 606 Ἰσιδώρῳ
3122 531 3306 586 δοῦναι
3359 532 3531 584 ἐδεῖτο
3558 546 3571 559 '
3591 531 3623 584 ὁ

2037 632 2082 685 δ’
2115 633 2452 701 ὑπισχνεῖτο.
2494 631 2585 694 Ὠς
2617 628 2676 682 δὲ
2709 626 2909 699 χρόνου
2964 628 3180 696 ῥέοντος
3233 622 3388 677 οὐδὲν
3420 620 3621 691 μᾶλλον

2036 725 2221 795 ἤνυον,
2249 723 2410 789 δῆλος
2435 722 2482 775 δ’
2518 722 2730 790 ἐγίνετο
2749 718 2846 773 καὶ
2887 716 3153 785 Θεόφιλος
3208 715 3452 776 ἐκείνους
3499 713 3616 777 ταῖς

2039 814 2282 877 ἀπάταις
2316 813 2426 865 τῶν
2470 812 2649 878 λόγων
2710 808 3228 880 παρακρουόμενος,
3288 806 3619 877 (θερμότερον

2040 905 2418 966 εἰσπεσόντες,
2452 903 2738 973 περαίνειν
2772 901 2834 956 τὸ
2869 899 3035 971 ἔργον
3075 897 3520 969 κατηντιϐόλουν.
3561 896 3621 950 ⁸0

2039 999 2085 1053 δ’
2113 1000 2211 1053 ἕνα
2240 998 2349 1052 τῶν
2380 998 2643 1069 μοναχῶν
2683 996 2987 1061 ωλλαῦὼν,
3022 996 3194 1050 ἐδίδου
3248 997 3487 1067 φρουρᾷ,
3545 994 3624 1058 ὡς

2038 1092 2105 1149 ἂν
2127 1093 2256 1155 τοὺς
2281 1091 2477 1156 ἄλλους
2530 1092 2801 1162 φοϐήσας,
2859 1088 3202 1159 ἀπαλλαγείη
3259 1089 3361 1160 τῆς
3418 1090 3623 1159 συχνῆς

2038 1186 2365 1249 ἐπιθέσεως.
2408 1186 2470 1239 'O
2498 1184 2554 1237 δὲ
2595 1183 2851 1237 τοσοῦτον
2898 1183 2993 1235 τοῦ
3058 1182 3266 1236 σκοποῦ
3319 1181 3628 1253 διημάρτα-

2039 1296 2152 1344 νεν,
2191 1276 2320 1333 ὥστ’
2366 1277 2679 1348 Ἀμμώνιος
2743 1278 2840 1331 καὶ
2891 1277 3017 1339 τοὺς
3073 1276 3302 1338 λοιποὺς
3360 1273 3625 1345 ἁθροίσας

2040 1371 2152 1425 τῶν
2219 1371 2498 1441 μοναχῶν.
2549 1370 2656 1424 ὑπὸ
2694 1368 2797 1441 τὴν
2849 1370 3097 1442 φρουρὰν
3144 1368 3288 1423 ἑκὼν
3333 1367 3579 1436 ἐγεγόνει
3608 1381 3623 1395 ·

2039 1465 2263 1535 δόκησιν
2314 1467 2426 1535 γὰρ
2478 1468 2594 1528 τοῖς
2650 1468 2915 1536 φρουροῖς
2959 1463 3366 1535 παρασχόντες,
3418 1462 3493 1525 ὡς
3544 1461 3628 1526 είς

2044 1556 2335 1622 μετάδοσιν
2359 1555 2468 1610 τῶν
2496 1557 2828 1627 ἐπιτηδείων
2857 1560 2973 1620 τοῖς
3014 1556 3440 1626 καθειργμένοις
3466 1550 3626 1627 ἧκον,

2042 1651 2236 1707 ἄνετον
2293 1647 2453 1722 εὗρον
2510 1653 2613 1723 τὴν
2674 1649 3150 1705 είσοδον.Ἐκεῖσε
3181 1649 3242 1705 δὲ
3307 1649 3628 1717 γεγονότες,

351 1767 418 1803 ex
465 1748 751 1802 monachis
788 1748 1247 1832 comprehensum
1283 1746 1548 1801 custodiae
1590 1746 1833 1809 inclusit,
1872 1755 1930 1800 ut

2040 1745 2217 1800 οὐκέτ’
2247 1746 2453 1813 ἐξιέναι
2485 1744 2806 1817 ἠϐούλοντο.
2842 1743 3013 1806 Γνοὺς
3040 1742 3099 1794 δὲ
3130 1741 3307 1795 ταῦτα
3340 1740 3629 1809 Θεόφιλος,

354 1839 480 1893 aliis
520 1838 827 1904 exterritis,
867 1837 1120 1893 molestia
1166 1855 1231 1891 ca
1278 1854 1386 1908 qua
1426 1839 1578 1893 illum
1613 1837 1936 1906 frequenter

356 1931 721 2002 impetebant,
758 1931 1107 1986 liberaretur.
1154 1929 1388 1985 Tantum
1440 1940 1623 1985 autem
1673 1929 1833 1985 abest
1876 1936 1936 1984 ut

354 2025 589 2081 consilio
619 2039 690 2079 eo
721 2022 1027 2096 quidquam
1059 2022 1332 2089 effecerit,
1367 2031 1425 2077 ut
1459 2024 1786 2078 Ammonius
1826 2037 1935 2077 una

353 2133 480 2173 cum
522 2116 751 2186 reliquis
784 2130 924 2182 quos
967 2123 1228 2185 coegerat
1266 2112 1577 2177 monachis,
1612 2127 1709 2167 sua
1738 2121 1936 2182 sponte

353 2224 633 2265 carcerem
661 2208 734 2263 sit
763 2208 1066 2277 ingressos.
1092 2204 1232 2261 Cum
1258 2206 1409 2260 enim
1432 2220 1553 2259 eam
1574 2204 1642 2259 de
1663 2220 1723 2260 se
1748 2215 1938 2260 custo-

351 2302 517 2359 dibus
544 2302 917 2374 pmhuissent
945 2299 1291 2371 opinionem,
1327 2298 1499 2354 veluti
1526 2298 1670 2354 illam
1699 2297 1771 2353 ob
1802 2313 1937 2353 cau-

350 2412 471 2453 sam
518 2410 589 2452 eo
626 2396 934 2458 venissent,
975 2401 1037 2447 ut
1073 2392 1276 2447 vinctis
1308 2406 1397 2447 res
1426 2388 1768 2446 necessarias
1797 2405 1936 2461 prae-

350 2492 570 2556 berent,
612 2489 850 2543 liberum
895 2486 1139 2557 habuere
1175 2485 1235 2539 in
1276 2500 1557 2539 carcerem
1601 2485 1932 2555 ingressum,

350 2594 519 2653 atque
551 2582 681 2637 inde.
703 2580 895 2651 egredi
922 2579 1244 2635 noluerunt.
1277 2576 1436 2643 Quod
1470 2576 1565 2632 ubi
1594 2576 1936 2647 Theophilus

351 2673 653 2740 intellexit,
684 2675 751 2729 ad
783 2688 842 2728 se
874 2687 971 2729 eos
1015 2672 1205 2728 venire
1243 2672 1429 2743 jussit.
1467 2668 1553 2726 Illi
1595 2679 1778 2726 autem
1815 2669 1935 2741 pri-

351 2781 502 2822 mum
539 2768 591 2822 ei
629 2766 1039 2836 signiﬁcarent,
1078 2772 1137 2817 ut
1170 2763 1287 2835 ipse
1327 2762 1401 2818 ibi
1445 2770 1648 2832 praesto
1679 2770 1847 2825 esset,
1878 2770 1934 2816 et

348 2861 593 2919 exeundi
622 2861 706 2915 eis
738 2869 1069 2929 potestatem
1103 2857 1456 2913 concederet.
1487 2855 1759 2927 Oportere
1785 2856 1932 2911 enim

351 2954 635 3027 propalam
689 2953 773 3009 eis
822 2951 1031 3007 exitum
1089 2948 1374 3019 permitti,
1426 2950 1522 3019 qui
1579 2956 1689 3003 tam
1743 2955 1935 3017 aperte

348 3044 689 3101 contumelia
729 3043 799 3098 ab
828 3057 897 3097 eo
928 3040 1111 3095 aﬂ'eeti
1140 3047 1349 3095 essent.
1388 3037 1488 3092 Vix
1518 3046 1702 3093 autem
1733 3035 1933 3092 deinde

348 3140 401 3193 ei
432 3140 714 3198 cedentes,
750 3136 817 3192 ad
866 3150 994 3191 cum
1031 3143 1164 3190 sunt
1193 3132 1488 3203 progressi.
1532 3131 1629 3186 ille
1668 3129 1933 3200 depreca-
1960 3107 2005 3170 ο

351 3236 501 3289 tione
550 3230 982 3295 interveniente,
1022 3226 1304 3299 pollicitus
1348 3241 1409 3281 se
1456 3225 1538 3281 eis
1582 3236 1771 3296 postea
1820 3237 1937 3277 mo-

351 3328 554 3385 lestum
581 3342 695 3383 non
728 3325 866 3388 fore,
896 3322 992 3379 sed
1036 3338 1097 3378 re
1141 3321 1261 3392 ipsa
1302 3322 1634 3391 promissum
1683 3317 1934 3389 expletu-

354 3433 478 3474 rum
513 3432 664 3482 εσσε,
694 3432 792 3472 eos
840 3411 1101 3471 absolvit.
1154 3411 1305 3468 intra
1356 3412 1600 3482 seipsum
1645 3416 1828 3463 autem
1874 3420 1935 3461 se

349 3509 678 3565 excrucians
723 3505 1143 3578 indignabatur,
1179 3513 1237 3558 et
1286 3501 1413 3557 mali
1464 3499 1751 3571 quidpiam
1800 3496 1937 3553 viris

348 3602 432 3657 eis
462 3601 643 3656 facere
676 3599 1035 3664 moliebatur,
1066 3610 1209 3668 quos
1235 3604 1396 3651 antea
1426 3606 1732 3649 nonsecus
1771 3598 1936 3658 atque

351 3711 508 3751 suam
542 3692 721 3765 ipsius
750 3692 992 3747 animam
1023 3689 1328 3746 dilexisset.
1365 3684 1505 3744 Cum
1536 3692 1722 3741 autem
1762 3680 1934 3738 animi

352 3787 557 3842 dubius
592 3793 762 3852 esset,
792 3782 1073 3856 quomodo
1118 3780 1340 3838 tandem
1382 3795 1526 3853 egre
1564 3779 1676 3835 illis
1706 3777 1934 3840 faceret,

351 3882 446 3952 qui
481 3889 847 3951 praeterquam
896 3890 1134 3947 corpora
1172 3874 1311 3931 nihil
1346 3872 1714 3946 possiderent,
1752 3880 1811 3927 et
1848 3883 1938 3925 res

351 3987 547 4028 mones
598 3968 923 4027 monasticae
956 3967 1323 4039 philosophia:
1358 3982 1473 4022 suae
1516 3970 1934 4036 postponerent,

350 4066 595 4137 quietem
660 4076 857 4117 eorum
923 4061 1298 4115 interturhare
1355 4070 1649 4129 aggressus
1706 4062 1827 4119 est,
1885 4062 1940 4109 et

350 4156 715 4227 quaestionem
753 4168 875 4208 eam
919 4153 988 4207 de
1035 4150 1291 4222 Origenis
1333 4151 1597 4222 opinione
1634 4164 1758 4219 qua:
1791 4148 1939 4203 dicta

351 4260 460 4317 est,
500 4251 585 4306 eis
627 4247 882 4304 criminis
930 4247 1054 4302 loco
1103 4245 1331 4317 obiecit.
1385 4243 1493 4299 llas
1534 4243 1706 4299 fuisse
1744 4255 1940 4297 causas

354 4342 614 4414 cognovi,
648 4357 750 4397 cur
801 4340 1069 4405 Isidorus,
1099 4354 1263 4408 quem
1309 4337 1567 4399 diximus
1606 4352 1730 4391 cum
1782 4335 1940 4390 Dios-

2039 1838 2180 1909 πρδς
2204 1837 2398 1893 ἑαυτὸν
2420 1836 2621 1900 αὐτοὺς
2658 1836 3070 1907 μετεστέλλετο.
3109 1836 3173 1889 Ol
3206 1835 3264 1889 δὲ
3298 1834 3491 1904 πρῶτα
3524 1834 3629 1902 μὲν

2036 1930 2372 2002 διεμήνυον,
2434 1932 2600 1985 αὑτὸν
2645 1932 2855 1985 ἐκεῖνον
2904 1931 3356 2004 παραγενόμενον
3417 1928 3631 1983 ἀνιέναι

2035 2026 2137 2095 τὴν
2163 2026 2345 2092 ἔξοδον
2372 2041 2388 2058 ο
2416 2029 2613 2099 χρῆναι
2640 2026 2750 2098 γὰρ
2807 2026 3095 2098 παρρησίᾳ
3142 2024 3535 2096 ὑϐρισμένους,
3568 2025 3631 2077 ιν

2038 2121 2262 2193 φανερῷ
2284 2120 2382 2175 καὶ
2414 2120 2513 2191 τὴν
2553 2118 2735 2184 ἔξοδον
2795 2118 3132 2190 γεγενῆσθαι
3167 2135 3183 2151 ·
3243 2119 3399 2189 μόλις
3433 2118 3480 2171 δ’
3532 2120 3629 2171 ἑν-

2036 2216 2246 2280 δόντες,
2280 2212 2413 2286 παρ’
2442 2214 2607 2267 αὐτὸν
2644 2208 2804 2284 ἧκον.
2846 2212 3195 2285 Παραίτησιν
3251 2213 3306 2268 δὲ
3369 2214 3494 2276 δοὺς
3552 2210 3632 2272 ὡς

2036 2307 2222 2361 οὐκέτι
2254 2307 2512 2378 λυπήσει,
2547 2305 2662 2359 ἀλλ’
2684 2306 2962 2359 ὲκτελέσει
2983 2307 3043 2361 τδ
3070 2306 3256 2378 ἔργον,
3284 2308 3588 2377 ἀπέπεμπε
3616 2321 3629 2335 ·

2037 2400 2161 2455 καθ’
2190 2400 2386 2454 ἑαυτὸν
2410 2400 2456 2454 δ’
2480 2399 2783 2471 ὲπλήττετο
2817 2400 2913 2453 καὶ
2948 2400 3281 2471 ἠγανάκτει,
3306 2399 3402 2454 καὶ
3456 2399 3629 2453 κακόν

2035 2511 2089 2549 τι
2118 2493 2252 2566 δρᾷν
2278 2493 2514 2563 ἐμελέτα
2560 2493 2687 2557 τοὺς
2741 2492 2970 2564 ἄνδρας,
3019 2490 3112 2555 οὓς
3172 2492 3264 2546 ῖσα
3329 2495 3429 2547 καὶ
3479 2493 3629 2563 ψυχῇ

2038 2585 2212 2658 φιλῶν
2249 2585 2498 2641 διετέλει.
2545 2585 2632 2641 Ἐν
2663 2586 2859 2657 ἀπόρῳ
2899 2585 2955 2639 δὲ
2992 2584 3278 2649 καθεστὼς
3321 2586 3350 2641 ὃ
3388 2602 3443 2640 τι
3499 2586 3632 2656 δράο

2039 2697 2204 2746 σειεν,
2231 2679 2432 2752 ἄνδρας
2458 2679 2598 2751 πλὴν
2621 2678 2716 2733 τοῦ
2746 2678 2999 2747 σώματος
3027 2678 3199 2749 μηδὲν
3224 2681 3629 2749 κεκτημένους,

2040 2773 2135 2825 καὶ
2165 2771 2324 2827 πάντ’
2360 2773 2419 2824 ὲν
2449 2771 2696 2842 δευτέρῳ
2728 2770 2869 2841 πρὸς
2899 2771 2960 2824 τὸ
2995 2772 3319 2841 φιλοσοφεῖν
3371 2772 3634 2839 ποιουμέ-

2040 2883 2187 2932 νους,
2240 2863 2343 2935 τὴν
2394 2866 2626 2934 ἡσυχίαν
2682 2863 2865 2917 αὐτῶν
2923 2864 3190 2931 ἐπειρᾶτο
3242 2866 3628 2937 ὀχλαγο.γεῖν·

2035 2958 2133 3012 καὶ
2170 2958 2232 3012 τὸ
2263 2958 2398 3027 περὶ
2424 2958 2525 3027 τῆς
2569 2958 2880 3028 Ὠριγὲνους
2924 2958 3086 3028 δόξης
3137 2957 3383 3028 ζήτημα,
3436 2958 3514 3023 ὥς
3565 2975 3629 3029 γε

2038 3052 2279 3124 εῐρηται,
2306 3049 2516 3114 τούτοις
2545 3051 2832 3122 ἑπῃτιᾶτο.
2881 3050 3106 3120 Ταύτην
3165 3053 3267 3123 μὲν
3326 3048 3420 3108 οὗν
3456 3053 3631 3123 ἔγνων

2039 3146 2317 3216 πρόφασιν
2348 3141 2449 3198 τοῦ
2486 3144 2694 3199 καὶτὸν
2723 3145 3018 3216 εἰρημένον
3063 3145 3339 3217 Ἰσίδωρον
3387 3147 3485 3201 σὺν
3516 3149 3629 3209 τοῖς

2038 3238 2170 3308 περὶ
2232 3236 2528 3306 Διόσκορον
2594 3235 2695 3308 τὴν
2767 3238 3189 3293 Κωνσταντίνου
3251 3241 3629 3295 καταλαδείν’

2037 3327 2182 3384 ὥστε
2239 3331 2395 3398 κοινῇ
2439 3327 2505 3401 δὴ
2572 3329 2895 3400 προσιόντες
2952 3332 3107 3403 παρα
3159 3349 3219 3386 τε
3269 3331 3483 3403 βασιλεῖ
3538 3332 3633 3387 καὶ

2051 3420 2280 3495 Ἰωάννῃ
2340 3423 2560 3493 κριταῖς
2587 3461 2603 3488 ,
2660 3422 2731 3477 τὰ
2784 3423 2911 3477 κατ’
2959 3423 3145 3479 αὐτῶν
3199 3426 3633 3500 ἐσκευωρημένι

2037 3515 2422 3587 διελεγχοῆναι
2468 3530 2485 3545 ·
2542 3516 2640 3570 καὶ
2688 3515 2802 3588 γὰρ
2856 3514 3032 3588 ᾤοντο
3103 3520 3362 3590 Ἰωάννην
3419 3521 3631 3575 ἐνδίκου

2038 3609 2359 3683 παρρησίας
2387 3608 2855 3681 ιπιμελούμενον.
2882 3608 2995 3665 τῶν
3028 3612 3259 3668 δικαίων
3287 3612 3367 3683 μὴ
3396 3612 3633 3685 ἀποχῆς

2041 3718 2151 3758 σαι.
2197 3701 2258 3757 ’0
2276 3700 2337 3756 δὶ
2364 3701 2710 3772 φιλοφρόνως
2739 3700 2872 3769 τοὺς
2925 3701 3132 3776 ἄνδρας
3192 3705 3513 3774 δεξάμενος,
3572 3705 3632 3760 ἑν

2038 3798 2175 3867 τιμῇ
2197 3790 2313 3866 εἶχε
2344 3809 2360 3827 ο
2396 3795 2494 3849 καὶ
2537 3794 2650 3851 τῶν
2678 3795 2781 3867 μὶν
2817 3796 2913 3851 hri
2947 3798 3047 3863 τῆς
3106 3796 3410 3869 ἐκκλησίας
3455 3796 3633 3870 εὐχῶν

2045 3888 2350 3959 μετεδίδου,
2398 3887 2563 3943 θείων
2612 3887 2669 3944 δὲ
2723 3894 3008 3945 κοινωνεῖν
3055 3891 3243 3954 αὐτοῖς
3308 3894 3630 3963 μυστηρίων

2042 3982 2277 4052 ἀπηξίου
2304 3996 2320 4013 ⁸
2352 3980 2626 4053 μηδὲγὰρ
2680 3981 2906 4051 θεμιτὸν
2931 3977 3074 4037 εῖναι
3104 3983 3212 4054 πρὸ
3256 3983 3629 4051 διαγνώσεως,

2040 4075 2251 4129 τούτων
2281 4075 2467 4138 αὐτοῖς
2498 4074 2851 4142 μεταδοῦναι.
2877 4076 3123 4148 Γράμμα
3151 4077 3207 4131 δὲ
3259 4079 3355 4131 καὶ
3384 4077 3631 4150 Θεοφίλῳ

2044 4167 2187 4236 ὑπὲρ
2216 4166 2399 4220 αὐτῶν
2422 4165 2698 4235 ἔστελλεν,
2735 4166 2768 4237 ἢ
2802 4167 2896 4238 τὴν
2923 4169 3215 4223 κοινωνίαν
3263 4171 3448 4233 αὐτοῖς
3493 4173 3634 4223 dno-

2043 4260 2250 4324 δοῦναι,
2282 4261 2460 4330 ὀρθῶς
2490 4259 2549 4312 τὸ
2577 4260 2732 4314 Θεῖον
2758 4260 3076 4325 δοξάζουσιν
3111 4278 3124 4291 ’
3163 4265 3211 4317 εί
3239 4262 3285 4317 δ’
3325 4262 3439 4327 οὖν,
3494 4262 3636 4318 ἀλλά

2043 4370 2166 4407 τινα
2197 4355 2443 4421 πέμπειν
2486 4352 2673 4417 αὐτοῖς
2708 4354 3093 4423 δικασόμενον,
3131 4355 3193 4420 ὃς
3244 4357 3395 4426 αὐτῷ
3443 4356 3638 4428 ἐπιτή-

363 4451 485 4490 .oro
528 4444 585 4489 et
626 4433 897 4488 fratribus
937 4432 1058 4504 ejus
1100 4428 1640 4499 CotistantinOpolitn
1673 4429 1935 4483 venerit:

2043 4445 2185 4508 δειος
2217 4462 2232 4476 ·
2264 4445 2383 4513 εἴγε
2417 4444 2556 4507 τέως
2582 4444 2709 4517 δίκῃ
2751 4445 2864 4499 δεῖν
2924 4448 3104 4501 ἕλοιτο
3145 4449 3217 4502 τὰ
3267 4450 3390 4502 κατ’
3432 4449 3633 4512 αὐτοὺς

371 4526 617 4579 iitnirum
648 4534 707 4577 ut
742 4521 963 4593 publice
993 4521 1096 4577 sub
1124 4521 1461 4589 imperatore
1495 4519 1613 4589 ipso
1643 4527 1699 4574 et
1726 4518 1938 4575 Joanne

360 4617 656 4679 -τιιίίοἰιιυιι,
698 4615 917 4683 injuria:
967 4624 1133 4682 atque
1180 4609 1420 4676 insidiae,
1460 4611 1664 4681 quibus
1707 4612 1936 4680 expetiti

362 4720 597 4772 nerant,
617 4714 1112 4778 cognoscerentur.
1148 4704 1545 4760 Existimabam
1572 4704 1745 4771 enim,
1773 4705 1940 4760 Joan-

361 4821 482 4860 nem
516 4817 617 4873 pro
647 4811 913 4857 consueta
950 4800 1056 4853 sibi
1094 4799 1369 4862 libertate,
1402 4813 1511 4869 qua
1544 4797 1788 4869 legitime
1819 4809 1942 4853 ute-

372 4908 538 4960 iatur,
571 4911 600 4948 a
628 4895 751 4966 jure
797 4903 847 4948 et
894 4895 1156 4963 aequitate
1205 4908 1315 4947 non
1359 4892 1743 4948 aherraturum
1793 4908 1935 4948 esse.

356 4991 450 5045 Ille
492 4989 641 5043 viros
690 4990 923 5057 benigne
964 4996 1222 5057 acceptos
1276 4988 1329 5041 in
1374 4987 1582 5041 honore
1632 4987 1845 5048 imbuit,
1881 4997 1936 5041 ct

358 5086 422 5139 a.l
456 5099 781 5138 communes
820 5083 874 5136 in
906 5082 1140 5137 ecclesia
1188 5096 1382 5152 preces
1414 5081 1692 5147 adhibuit,
1743 5082 1810 5137 ad
1852 5081 1940 5135 di-

362 5178 611 5233 vinorqu
658 5182 843 5229 autem
897 5174 1289 5245 mysteriorum
1338 5172 1782 5229 communionem
1827 5187 1939 5226 non

358 5270 599 5325 admisit.
634 5268 823 5341 Neque
854 5266 1002 5321 enim
1034 5265 1116 5321 l'as
1143 5273 1286 5330 crat,
1319 5275 1447 5319 ante
1480 5279 1700 5318 causam
1752 5266 1942 5333 cogni-

358 5375 466 5421 tam
514 5377 580 5416 ea
630 5376 756 5416 eum
810 5361 921 5415 illis
963 5360 1393 5414 eotnmunicarc.
1440 5356 1524 5411 Ad
1569 5356 1938 5426 Theophilum

360 5475 490 5513 vero
522 5471 621 5528 pro
649 5457 731 5511 eis
771 5455 986 5510 litteras
1024 5454 1197 5518 dedit,
1229 5462 1287 5506 nt
1331 5452 1413 5505 vel
1456 5451 1561 5505 illis
1599 5453 1943 5505 communio-

358 5575 486 5614 netu
538 5554 812 5619 redderet,
858 5553 953 5624 qui
1006 5563 1153 5605 rei-lo
1200 5551 1269 5606 de
1323 5552 1435 5604 Deo
1484 5562 1755 5605 sentzrent
1802 5568 1815 5603 :

2042 4539 2447 4610 διακρίνασοαι.
2492 4538 2617 4592 Ἐπὶ
2649 4538 2848 4594 πολλοῦ
2877 4539 2937 4596 δὲ
2975 4541 3175 4611 καιροῦ
3226 4542 3328 4612 τῆς
3368 4545 3427 4596 ὲν
3476 4543 3635 4597 πιέλσι

2043 4625 2331 4696 διατριϐῆς
2361 4628 2477 4690 τοῖς
2517 4630 2781 4698 μοναχοῖς
2810 4631 3139 4702 γενομένης,
3197 4632 3285 4703 ἐφ’
3318 4631 3442 4687 ὁδοῦ
3474 4637 3635 4705 προϊε-

2043 4718 2180 4788 ούσῃ
2200 4722 2263 4788 τῇ
2282 4718 2515 4787 βασιλίδι
2539 4719 2793 4793 Εὑδοξίᾳ,
2823 4725 2872 4778 οἱ
2895 4725 3041 4794 ἀμφὶ
3082 4725 3401 4796 ’Λμμὼνιον
3431 4730 3627 4783 ἐκεῖνοι

2046 4811 2383 4880 προσῆλϐον,
2418 4813 2816 4884 ἐπαιτιώμενοι
2854 4817 3119 4888 Θεόφιλον
3148 4815 3231 4884 οἷς
3288 4821 3408 4873 κατ’
3451 4822 3635 4877 αὐτῶν

2046 4901 2432 4958 ἐϐουλεύσατο.
2501 4904 2565 4958 Ἠ
2612 4905 2661 4959 δ’
2714 4906 3017 4978 αίσοομένη
3093 4908 3193 4979 τὴν
3255 4911 3380 4965 κατ’
3436 4912 3636 4976 αὐτοὺς

2048 4993 2285 5057 ἀδικίαν,
2310 4995 2529 5065 τιμῶσα
2556 4997 2682 5060 τοὺς
2707 4998 2930 5069 ἄνδρας,
2958 4999 3053 5055 τοῦ
3080 5002 3268 5072 πρόσω
3295 5004 3435 5056 ίέναι
3464 5004 3597 5074 ἔστη
3615 5019 3633 5036 ·

2050 5081 2146 5136 καὶ
2174 5083 2271 5136 τοῦ
2308 5084 2592 5156 βασιλικοῦ
2621 5088 2902 5159 ὀχήματος
2931 5092 3286 5162 προκύψασα,
3321 5097 3386 5163 τῇ
3421 5096 3633 5166 κεφαλῇ

2046 5176 2297 5242 ἐπένευε,
2329 5181 2445 5243 καὶ,
2476 5197 2492 5230 ι
2524 5180 2834 5251 Εὐλογεῖτε,
2868 5185 2998 5252 ἐφη,
3052 5186 3220 5257 εὐχάς
3252 5204 3311 5240 τε
3348 5188 3491 5257 ὑπὲρ
3534 5189 3632 5243 τοῦ

2051 5268 2321 5339 βασιλέως
2353 5274 2446 5325 καί
2478 5273 2616 5343 ἐμοῦ
2640 5276 2735 5328 καὶ
2771 5279 2877 5329 τῶν
2906 5278 3113 5331 παίδων
3144 5282 3371 5334 ποιεῖτε.
3418 5280 3561 5347 Ὶὲγὼ
3590 5281 3637 5334 δ’

2050 5366 2176 5416 δῖον
2200 5365 2365 5434 τάχος
2390 5367 2616 5420 σπεύσω
2641 5368 2902 5440 Θεόφιλον
2936 5370 3255 5441 ἀφικέσθαι.
3284 5390 3304 5423 ι
3330 5374 3442 5429 Καὶ
3471 5376 3504 5445 ἡ
3533 5376 3636 5443 μὲν

2042 5454 2177 5511 sicis
2203 5455 2436 5510 εἰποῦσα
2464 5458 2643 5528 διέϐη.

1891 5552 1972 5605 vel
2015 5550 2275 5606 idoneum
2324 5554 2563 5625 aliquem
2604 5557 3144 5631 Constantinopolim
3197 5563 3467 5641 mitteret,
3540 5565 3634 5634 qui

355 5667 484 5706 runt
536 5649 644 5703 illis
687 5648 1008 5716 ambigeret,
1039 5643 1311 5717 siquidem
1348 5644 1398 5699 ei
1445 5645 1619 5698 visum
1654 5653 1819 5701 esset.
1888 5661 2011 5715 cun}
2052 5644 2135 5699 eis
2180 5646 2393 5714 judicio
2442 5648 2803 5705 contendere.
2858 5652 2923 5705 Et
2966 5670 3089 5707 cum
3137 5655 3350 5710 diutius
3393 5655 3449 5710 in
3496 5654 3633 5710 urbe

355 5744 614 5805 monachi
671 5752 1042 5806 morarentur,
1122 5748 1177 5795 et
1230 5738 1550 5812 imperatrix
1613 5739 1856 5793 Eu'wia
1912 5741 1963 5794 in
2007 5741 2288 5811 publicum
2334 5757 2621 5812 progressa
2675 5722 2846 5808 esset,
2915 5745 3080 5818 376
3130 5749 3452 5807 Ammonius
3495 5766 3625 5805 cum
