4014 6228
364 244 473 306 9Ἶὸ

1597 235 2025 298 NICEPHORI
2066 232 2413 296 GALLIS-TI

3535 226 3660 292 916

366 357 670 414 habentem
707 351 1058 418 laudatores,
1110 353 1206 424 qui
1240 359 1470 425 propter
1503 351 1631 409 vitae
1671 351 1789 424 ejus
1806 365 1949 422 prte-

2061 366 2276 417 σαντος,
2302 349 2363 403 οὑ
2391 346 2553 402 τοῦτο
2589 343 3012 418 προηγούμενον
3037 342 3257 406 irit-2w,
3309 341 3472 414 ἔχων,
3523 343 3635 397 ἀλλ

363 450 658 512 stantiam,
711 446 858 518 quod
919 451 1034 517 ipse
1097 446 1362 510 sentiret,
1417 443 1680 516 opinione
1719 458 1819 500 sua
1871 441 1946 514 (ἰ)

363 542 822 612 comprobahant,
857 539 923 594 ad
993 549 1179 610 partes
1239 554 1365 595 suas
1401 537 1708 610 pertraxit;
1745 552 1951 593 como-

359 635 501 691 catis
527 643 581 689 et
613 635 733 703 ipse
763 633 858 702 qui
892 632 998 685 sub
1033 647 1100 686 eo
1131 639 1293 686 erant
1327 630 1630 701 episcopis,
1661 630 1948 684 decretum

364 730 421 782 in
457 726 710 782 eamdem
768 725 1100 779 sententiam
1133 724 1283 786 fecit,
1309 734 1364 778 et
1396 724 1664 793 prolixam
1725 720 1951 791 Origeni

363 819 602 876 intendit
634 818 993 878 calumniam,
1027 817 1121 886 qui
1152 816 1319 871 etiam
1371 826 1502 869 ante
1554 814 1826 869 ducentos
1854 828 1954 865 an-

364 929 467 968 nos
503 927 535 967 e
566 911 679 965 vita
715 917 1034 981 excesserat
1070 926 1083 963 :
1121 924 1232 963 non
1270 909 1361 964 ille
1406 907 1632 978 quidem
1676 907 1782 961 hoc
1820 920 1957 976 pra:-

365 1006 523 1077 cipue
559 1004 900 1074 prapositum
944 1001 1049 1056 sibi
1075 1001 1372 1056 consilium
1407 999 1640 1064 habens,
1676 997 1774 1054 sed
1816 999 1951 1053 illud

369 1099 605 1153 maxime
637 1112 827 1166 agens,
861 1104 921 1148 ut
956 1094 1279 1147 Dioscorurn
1341 1090 1726 1147 ulcisceretur.
1755 1092 1824 1146 At
1859 1091 1958 1145 ad-

367 1191 655 1247 mirandus
693 1188 936 1243 Joannes
987 1201 1076 1240 res
1123 1184 1397 1256 ejusmodi
1431 1184 1778 1255 indigniores
1833 1199 1957 1240 esse

369 1280 607 1354 putavit,
641 1294 805 1348 quam
832 1285 892 1333 ut
922 1291 1115 1333 eorum
1167 1291 1300 1331 cura
1328 1285 1382 1331 et
1431 1276 1618 1331 studio
1656 1291 1958 1345 occupare-

364 1385 482 1441 tur,
526 1372 934 1444 Epiphaniique
966 1377 1022 1427 et
1055 1369 1349 1440 Theophili
1374 1371 1591 1426 litteras
1635 1370 1772 1425 nihil
1801 1385 1960 1440 pror-

363 1484 462 1525 sus
504 1477 590 1523 cst
637 1476 906 1530 moratus,
973 1479 1164 1519 verum
1203 1464 1482 1518 consuetis
1533 1463 1640 1517 sibi
1689 1462 1961 1518 doctrinae

363 1560 646 1618 laboribus
701 1558 1048 1621 incumbens,
1152 1555 1209 1610 in
1273 1572 1336 1610 ea
1404 1556 1639 1611 maxime
1701 1556 1958 1624 ﬂorebat,

370 1653 700 1708 insidiarum
761 1665 884 1721 qum
943 1649 992 1704 ei
1041 1647 1267 1704 sinistre
1321 1647 1717 1714 tendebantur,
1753 1649 1957 1703 nullam

365 1747 579 1801 habens
603 1743 898 1798 rationem.
935 1741 1041 1798 Ubi
1105 1748 1292 1794 autem
1351 1737 1646 1794 manifesto
1678 1740 1954 1802 constitit,

370 1837 742 1906 Theophilum
786 1834 839 1889 id
873 1833 1057 1888 studio
1086 1832 1236 1886 omni
1299 1831 1509 1896 conari,
1575 1839 1635 1883 ut
1683 1830 1953 1886 Joannem

2051 443 2372 512 ἀμύνασθαι
2407 439 2537 504 τοὺς
2587 440 2720 510 περὶ
2765 440 3063 508 Διόσκορον
3114 436 3413 509 ᾑρημένος.
3479 437 3541 491 ⁸0
3586 435 3660 490 δὲ

2052 535 2345 598 θεσπέσιος
2384 533 2646 599 Ἰωάννης
2693 533 2755 585 τδ
2789 531 2890 602 μὲν
2927 529 3058 602 περὶ
3084 530 3154 582 τὰ
3181 529 3412 583 τοιαῦτα
3473 545 3659 582 σπου.

2053 628 2241 694 δόξειν
2266 627 2389 682 οὒδέ
2418 627 2585 695 λόγου
2606 623 2809 695 ἠξίωσε
2848 641 2864 655 ο
2908 624 2979 677 τὰ
3008 624 3066 676 δέ
3098 621 3152 689 γ’
3194 622 3516 692 Ἑπιφανίου
3549 623 3660 676 καὶ

2053 722 2320 790 Θεοφίλου
2356 720 2668 791 γράμματα
2702 721 2758 772 ἐν
2795 716 3024 788 οὐδεμιᾷ
3075 717 3320 769 ἐποιεῖτο
3359 717 3602 788 φροντίδι
3636 735 3655 749 ο

2054 816 2165 871 τῶν
2197 814 2253 867 δὲ
2279 812 2530 884 συνήθων
2553 811 2654 880 τῆς
2682 808 3036 870 διδασκαλίας
3065 808 3243 877 εἴχετο
3293 806 3494 875 ἔργων,
3553 807 3660 860 καὶ

2058 906 2181 960 κατ’
2203 905 2376 975 αὐτὴν
2410 903 2648 976 μάλιστα
2683 901 2857 974 ηνθει,
2898 901 3007 955 τῶν
3055 898 3176 953 κατ’
3216 899 3384 954 αὑτοῦ
3436 917 3660 954 σκευω·

2060 998 2350 1070 ρτ-υμένων
2392 997 2600 1068 μηδένα
2629 996 2788 1064 λόγον
2818 995 3172 1065 ποιούμενος.
3214 995 3306 1058 Ὠς
3335 995 3392 1048 δὲ
3456 995 3652 1062 Θεόφι-

2057 1094 2151 1156 λ.ος
2181 1094 2508 1161 καταφανὴς
2553 1086 2643 1161 ἦν,
2684 1090 2929 1160 σπουδὴν
2961 1091 3148 1143 πᾶσαν
3183 1090 3512 1158 ποιούμενος
3556 1087 3660 1140 τοῦ

2060 1185 2254 1256 θρόνου
2295 1186 2652 1240 κατασπάσαι
2683 1184 2772 1237 τὸν
2819 1183 3102 1252 Ἰωάννην,
3129 1183 3249 1237 τότε
3279 1182 3341 1242 δὴ
3373 1182 3423 1235 οί
3448 1181 3662 1251 δυσμε-

2060 1279 2168 1341 νῶς
2215 1278 2445 1350 Ἰωάννῃ
2470 1277 2712 1348 ἔχοντες,
2736 1277 2923 1330 πολλοὶ
2959 1277 3059 1342 μὲν
3108 1275 3207 1330 τοῦ
3259 1278 3490 1347 κλῆρου,
3553 1278 3662 1327 οὐκ

2057 1371 2232 1440 ὀλίγοι
2261 1371 2317 1425 δὲ
2352 1372 2444 1424 καὶ
2473 1371 2583 1424 τῶν
2615 1373 2671 1424 ἐν
2699 1371 2841 1425 τέλει
2872 1371 2966 1425 καὶ
3002 1372 3068 1424 τὰ
3123 1369 3362 1442 μέγιστα
3418 1370 3663 1439 δυναμέ-

2061 1482 2192 1528 νων,
2224 1464 2415 1534 καιρδν
2446 1464 2741 1534 εὑρηκέναι
2771 1463 3117 1533 νομίσαντες,
3145 1462 3268 1516 καθ’
3294 1462 3354 1514 δν
3387 1461 3447 1515 τὸ
3477 1479 3661 1530 προσ-

2061 1559 2122 1612 δν
2173 1558 2271 1628 τῆς
2318 1557 2532 1630 ἀμύνης
2567 1559 2659 1611 ἐπὶ
2704 1557 2930 1630 Ἰωάννῃ
2982 1557 3332 1621 ἐνδείξαιντο,
3393 1554 3662 1617 διαϐολὰς

2068 1651 2446 1722 συνέρῤαπτον
2481 1651 2606 1704 ὅθεν
2660 1649 2725 1721 δή
2762 1651 2881 1704 ποτ’
2937 1649 3320 1721 ἐρανιζόμενοι
3348 1650 3447 1712 τὰς
3491 1665 3665 1702 συκο-

2061 1740 2319 1809 φαντίας,
2353 1742 2449 1793 καὶ
2481 1740 2703 1794 σύνοδον
2737 1741 2988 1811 μεγάλην
3023 1739 3128 1794 ἀνὰ
3155 1741 3258 1810 τὴν
3299 1739 3664 1794 Κωνσταντί-

2059 1851 2154 1887 νου
2186 1834 2444 1902 γενέσθαι
2489 1835 3000 1907 παρεσκευάζοντο,
3030 1830 3113 1899 οἷς
3165 1836 3267 1906 μὲν
3301 1835 3660 1890 ἐπιστέλλον-

369 1933 574 1988 throno
645 1929 949 2000 dejiccret,
1002 1935 1118 1980 tum
1153 1938 1285 1979 vero
1323 1923 1416 1994 qui
1470 1923 1655 1979 hostili
1719 1925 1774 1978 in
1827 1940 1953 1979 cum

2061 1943 2174 1993 τες,
2205 1930 2329 1988 τοὺς
2365 1929 2584 1991 πλείους
2612 1929 2670 1982 δε
2701 1931 2796 1984 καὶ
2829 1929 3100 1999 ἀγράφως
3132 1928 3660 2000 μεταστελλόμενοι.

367 2033 528 2080 erant
568 2022 776 2087 animo,
816 2035 881 2076 ex
915 2018 1065 2074 clero
1091 2017 1314 2087 quidem
1379 2015 1563 2082 multi,
1630 2031 1742 2071 non
1792 2017 1954 2087 pauci

2068 2023 2134 2074 Ὃ
2164 2021 2229 2093 δὴ
2252 2024 2346 2076 καὶ
2379 2023 2647 2092 Θεόφιλος
2675 2023 2862 2093 γνοὺς,
2897 2023 2977 2076 ἔτι
3012 2024 3212 2094 μᾶλλον
3235 2026 3292 2077 ἐν
3325 2024 3527 2095 σπουδῇ
3560 2020 3659 2095 ἦν.

365 2131 499 2173 vero
534 2118 700 2170 etiam
724 2129 791 2168 ex
831 2109 1243 2182 magistratibus
1293 2119 1351 2164 et
1410 2108 1492 2163 eis
1522 2108 1615 2179 qui
1639 2109 1878 2179 potentia
1903 2119 1954 2165 et

2063 2116 2174 2168 Καὶ
2201 2117 2330 2178 τοὺς
2372 2117 2476 2186 μὲν
2533 2117 2869 2185 Δίγυπτίους
2922 2118 3260 2181 ἐπισκόπους
3319 2118 3660 2174 καταπλέειν

367 2209 698 2266 auctoritate
753 2206 1021 2268 valerent,
1052 2205 1401 2260 commodum
1432 2217 1493 2257 se
1526 2210 1742 2271 tempus
1801 2204 1954 2259 inve-

2061 2206 2233 2261 ἐποίει
2273 2224 2288 2239 ·
2321 2209 2531 2279 ἔγραφε
2568 2209 2615 2262 δ’
2660 2210 2969 2281 Ἐπιφανίῳ
2999 2210 3097 2264 καὶ
3145 2213 3260 2276 τοῖς
3308 2209 3492 2276 ἄλλοις
3546 2209 3658 2266 ἀνὰ

365 2303 517 2357 uisse
547 2300 677 2361 rati,
713 2314 822 2368 quo
860 2297 1116 2352 vindicta:
1150 2309 1262 2349 sua:
1293 2294 1348 2349 in
1381 2292 1650 2349 Joannem
1683 2294 1954 2363 cupidita-

2061 2298 2153 2370 τὴν
2181 2299 2258 2354 ἕω
2295 2302 2627 2366 ἐπισκόποις
2667 2303 2870 2376 σπουδῇ
2927 2305 3020 2358 ἐπὶ
3065 2304 3169 2373 τὴν
3230 2302 3655 2360 Κωνσταντίνου

366 2402 475 2448 tem
529 2390 909 2454 ostenderent,
953 2386 1390 2443 obtrectationes
1445 2386 1818 2456 undecunque
1861 2404 1954 2443 ca-

2061 2389 2344 2464 διαπερᾷν.
2379 2394 2551 2459 Αὐτὸς
2575 2395 2633 2449 δὲ
2667 2397 2807 2468 πεζῇ
2835 2396 3080 2451 ἐλαύνων
3113 2395 3293 2469 ἀνῄει.

364 2488 594 2546 lumniis
647 2496 706 2542 et
744 2484 1124 2559 schphantiis
1180 2481 1542 2539 emcndicatis
1594 2492 1931 2551 texuerunt,
1972 2496 2141 2558 atque
2207 2497 2267 2544 ut
2333 2489 2529 2562 ingens
2554 2491 2796 2563 synodus
2831 2493 2886 2549 in
2938 2493 3078 2549 urbe
3140 2493 3660 2568 Constantinopoli-

363 2596 492 2641 tana
575 2580 974 2644 celebraretur,
1040 2578 1400 2633 instituerunt
1497 2575 1769 2647 episcopis
1839 2578 2167 2648 quihusdam
2196 2597 2262 2638 ea
2323 2583 2392 2640 de
2445 2600 2610 2640 causa
2654 2586 2988 2653 scribentes,
3053 2587 3239 2658 piures
3291 2599 3480 2645 autem
3529 2590 3654 2646 sine

369 2676 582 2746 scripto
612 2682 928 2732 evocantes.
988 2671 1056 2726 Et
1095 2670 1439 2741 Theophilus
1473 2685 1538 2725 ea
1585 2685 1646 2724 re
1713 2672 1953 2742 cognita,
1995 2674 2242 2730 studium
2305 2678 2472 2732 etiam
2519 2693 2679 2734 suum
2748 2680 2924 2751 magis
2971 2679 3231 2747 intendit,
3292 2691 3349 2739 et
3383 2681 3655 2757 Egypt“;

363 2772 668 2844 episcopis,
699 2781 760 2826 ut
791 2767 1328 2838 Constantinopolim
1410 2766 1749 2836 trajicerent,
1798 2776 1992 2823 auctor
2031 2767 2137 2825 fuit
2170 2789 2183 2826 :
2226 2771 2538 2843 Epiphanio
2571 2785 2776 2837 autem,
2812 2785 2870 2831 et
2900 2777 3024 2832 aliis
3064 2778 3117 2831 in
3140 2776 3368 2835 Oriente
3435 2786 3654 2853 cpiseo.

363 2868 453 2941 pis
484 2867 730 2938 scripsit,
768 2879 826 2921 se
856 2863 1110 2919 celeriter
1159 2859 1702 2930 Constantinopolim
1757 2861 2100 2919 conferrent.
2164 2865 2287 2936 ipse
2356 2883 2522 2938 porro
2568 2869 2810 2940 pcdeStri
2865 2870 3066 2926 itinere
3101 2885 3171 2927 eo
3213 2871 3494 2942 profectos
3532 2882 3642 2936 est.

882 3080 1051 3152 373
1089 3075 1321 3134 CAPUT
1352 3075 1495 3132 χιιι.

363 3179 440 3238 De
468 3178 689 3234 Joannis
716 3184 764 3230 et
792 3173 1086 3244 Epiphanii
1114 3174 1167 3225 in
1197 3171 1323 3244 urbe
1350 3169 1964 3244 ConstantinOpotitana

433 3250 692 3303 dissidio.
743 3255 791 3301 et
841 3241 908 3298 at
939 3244 1248 3315 poenitentia
1292 3242 1477 3294 ductus
1529 3241 1860 3315 Epiphanius
1909 3245 1965 3295 in

434 3322 665 3392 Cyprum
703 3313 980 3392 navigans,
1008 3316 1171 3368 vitam
1201 3320 1374 3365 morte
1400 3313 1766 3378 commutarit,
1798 3314 1872 3366 ita
1903 3319 1962 3364 ut

440 3388 675 3447 Joannes
704 3388 1051 3460 praedixerat.

434 3503 610 3559 Parva
663 3497 983 3555 intercessit
1019 3510 1195 3560 mora,
1233 3503 1290 3550 et
1339 3493 1694 3566 Epiphanius
1751 3495 1966 3565 primus

365 3597 490 3653 navi
522 3595 810 3658 advectus,
842 3590 910 3646 ad
965 3588 1272 3660 Septimum
1310 3587 1436 3643 urbi
1482 3587 1726 3643 vicinum
1786 3586 1960 3655 venit,

364 3691 649 3747 decretum
676 3694 869 3743 contra
903 3684 1199 3756 Origenem
1223 3682 1494 3752 scriptum
1525 3696 1714 3737 secum
1742 3681 1960 3736 ferens:

365 3784 421 3837 in
449 3796 559 3852 quo
589 3795 701 3834 non
734 3776 1033 3846 Origenem
1067 3775 1249 3845 ipsum
1281 3772 1807 3837 excon'iruunicavit,
1860 3770 1956 3826 sed

367 3874 537 3930 libros
572 3882 788 3927 tantum
830 3869 952 3939 ejus
985 3866 1286 3921 damnavit.
1332 3864 1398 3919 Et
1435 3874 1730 3935 postquam
1755 3863 1811 3918 in
1840 3864 1960 3934 eius

365 3961 472 4018 loci
500 3959 734 4016 ecclesia
772 3955 1150 4028 precationem
1180 3952 1414 4022 peregit,
1446 3961 1503 4006 et
1538 3951 1833 4006 diaconum
1870 3963 1960 4003 or-

365 4054 606 4114 dinavit,
672 4045 1210 4116 Constantinopolim
1269 4052 1355 4098 est
1414 4044 1696 4113 ingressus
1735 4059 1750 4096 :
1792 4057 1956 4111 quem

365 4147 611 4203 Joannes
665 4141 1078 4203 advenientem,
1148 4139 1298 4191 clero
1339 4137 1489 4192 omni
1547 4134 1851 4190 honoriﬁce
1904 4135 1956 4188 ei

367 4238 587 4294 obviam
629 4235 821 4299 misso,
855 4231 1090 4301 excepit.
1147 4229 1240 4284 ille
1273 4236 1451 4282 autem
1491 4238 1679 4298 aperte
1735 4243 1844 4295 pra:
1901 4242 1960 4281 se

368 4328 660 4400 Theophili
691 4327 1042 4381 suasionibus
1097 4338 1156 4377 se
1196 4320 1322 4376 duci
1357 4320 1500 4376 tulit.
1537 4321 1671 4375 Nam
1705 4321 1960 4374 admoui-

371 4439 460 4480 tus
502 4434 562 4479 ut
595 4424 649 4476 in
685 4420 898 4476 aedibus
951 4415 1346 4472 ecclesiasticis
1373 4423 1641 4476 maneret,
1684 4413 1956 4466 conditio-

367 4533 494 4573 nem
524 4531 645 4571 eam
677 4511 1010 4584 repudiavit,
1058 4519 1114 4563 et
1173 4510 1226 4563 in
1259 4509 1512 4562 eumdem
1574 4521 1700 4560 cum
1747 4506 1956 4560 Joanne

371 4616 554 4668 locum
593 4607 921 4669 convenire,
955 4603 1264 4672 Tthphilo
1299 4600 1557 4656 nimirum
1585 4597 1951 4670 gratiﬁcatus,

375 4704 582 4758 renuit.
621 4699 908 4770 Episcopis
972 4698 1139 4751 etiam
1204 4694 1433 4748 advenis
1470 4708 1716 4747 seorsum
1772 4693 1840 4745 ad
1897 4707 1955 4747 se

373 4793 631 4855 evocatis,
649 4790 1007 4845 abolitionem
1036 4787 1288 4855 Origenis
1312 4787 1643 4855 scriptorum
1663 4784 1914 4838 exhibuit
1935 4800 1951 4840 :

367 4903 475 4943 non
508 4887 597 4941 ille
628 4884 878 4954 quidem.
916 4880 1064 4952 quod
1116 4889 1310 4934 contra
1362 4892 1425 4933 ea
1453 4878 1684 4941 diceret,
1718 4878 1953 4941 habens,

368 4977 462 5033 sed
488 4977 556 5033 de
589 4974 885 5044 TheOphili
919 4972 1195 5027 sententia
1218 4970 1449 5039 reiicere
1491 4986 1555 5023 ca
1613 4978 1852 5023 tcutans.
1890 4971 1954 5024 Et

370 5067 576 5140 reperti
609 5067 834 5137 quidam
877 5074 1029 5127 sunt,
1089 5063 1185 5132 qui
1243 5078 1342 5117 sua
1401 5077 1528 5133 erga
1580 5061 1949 5132 Epiphanium

369 5162 724 5218 observantia
761 5158 1047 5213 decretum
1087 5157 1139 5209 id
1176 5155 1565 5226 chirographis
1602 5159 1718 5212 suis
1745 5158 1949 5212 conﬁr-

368 5262 612 5313 marunt,
657 5248 878 5320 plurimi
914 5264 1045 5302 vero
1077 5249 1125 5301 id
1147 5247 1328 5302 facere
1356 5249 1952 5305 detrectarunt.Porro

370 5347 694 5402 'l‘heotimus
709 5341 828 5413 Scyl
842 5341 1035 5394 harum
1054 5343 1368 5409 episcol-us,
1395 5340 1756 5412 Epiphanium
1780 5343 1885 5395 ctia
1898 5358 1946 5395 m

440 5504 519 5575 (ι)
555 5499 748 5554 Mirum
792 5497 1049 5575 profecto
1071 5506 1173 5563 est,
1204 5496 1351 5565 quod
1375 5495 1744 5575 ﬁicephorus.
1776 5499 1947 5575 Sozo—

365 5567 588 5628 menum
650 5581 896 5632 secutus,
925 5567 1544 5636 Anthropomorphitam
1580 5568 1947 5638 Epiphanium

365 5661 488 5699 esse
541 5643 858 5709 scripserit,
918 5652 1044 5691 cum
1081 5652 1207 5691 eum
1243 5638 1474 5709 diversa:
1536 5640 1826 5694 sententia:
1862 5658 1946 5695 as-

366 5727 636 5771 sertorem
659 5708 831 5767 luisse
871 5718 1105 5776 constet,
1147 5709 1200 5762 in
1242 5708 1479 5764 Pauario
1539 5725 1709 5779 opere
1751 5724 1938 5766 contra

1986 3078 2034 3144 C

2648 3082 2905 3138 ΚΕΨΛΔ.
2957 3083 3059 3140 lr'.

2070 3174 2213 3256 Περὶ
2237 3173 2345 3256 τῇ(
2390 3175 2677 3256 Ἰωάνκου
2706 3176 2804 3230 καί
2843 3178 3202 3256 Ἐπιφακίιιυ
3259 3177 3550 3256 διαφορᾶς

2138 3249 2213 3312 τῇ
2238 3249 2705 3318 Κῳνσταντίνου
2730 3264 2746 3281 ο
2791 3250 2887 3300 καὶ
2920 3250 3002 3312 ὡς
3046 3253 3115 3302 τὰ
3141 3250 3210 3302 ἐν
3242 3251 3415 3318 μέσῳ
3439 3251 3649 3306 διαλύ-

2137 3316 2667 3388 σαςᾉἘπιεράνιος,
2713 3321 2804 3384 εις
2845 3321 3089 3387 Κύπρον
3117 3316 3324 3375 πλέων
3360 3316 3469 3376 τὸν
3501 3321 3648 3388 ,βίον

2131 3386 2545 3456 μετήλλαξεν,
2577 3389 2657 3452 ὡς
2702 3386 2982 3456 Ἰωάννης
3006 3390 3432 3462 προήγιγειλεν.

2133 3503 2248 3556 Οὐκ
2283 3505 2364 3564 είς
2397 3504 2618 3574 μακρὰν
2655 3506 2710 3559 δέ
2752 3505 3139 3571 καταπλεύσας
3191 3506 3411 3576 πρῶτος
3436 3509 3466 3563 δ
3497 3509 3646 3564 Ἐπι-

2064 3597 2278 3666 φάνιος,
2316 3597 2398 3659 είς
2430 3597 2490 3651 τὸ
2521 3599 2629 3668 πρὸ
2676 3599 2778 3667 τῆς
2810 3601 3020 3664 πόλεως
3051 3599 3329 3671 ’Έϐδομον
3359 3596 3463 3675 ἧκε
3485 3616 3500 3631 ⁶
3553 3603 3646 3656 καὶ

2059 3695 2128 3745 τὰ
2172 3692 2321 3745 κατὰ
2364 3691 2674 3762 Ὠριγένους
2718 3691 3066 3761 ψηφισθέντα
3109 3692 3537 3766 ἐπιφερόμενος,
3587 3695 3644 3750 ἐν

2059 3777 2144 3846 οἷς
2170 3785 2231 3836 οὐ
2284 3785 2447 3853 μόνον
2484 3784 2834 3853 Ὢριγένους,
2892 3784 3032 3845 ἀλλὰ
3080 3786 3179 3840 καὶ
3227 3787 3367 3841 αὖτᾶ
3403 3789 3544 3858 μόνα
3574 3788 3643 3844 τὰ

2063 3874 2247 3945 sisit:
2282 3877 2658 3931 καταιτιᾶται.
2693 3877 2772 3947 Τῇ
2803 3876 2851 3929 δ’
2892 3877 3072 3932 ἐκεῖσε
3105 3879 3379 3952 ἐκκλησίᾳ
3407 3881 3642 3951 εὐξάμε-

2063 3982 2171 4030 νος,
2204 3965 2296 4019 καὶ
2326 3965 2578 4019 διακόνου
2605 3966 2954 4037 χειροτονίαν
2984 3968 3234 4033 τελέσας,
3265 3972 3331 4042 τῇ
3361 3970 3643 4028 Κωνσταν-

2061 4058 2209 4112 τίνου
2257 4060 2376 4130 είσή
2393 4077 2531 4127 τετο.
2570 4059 2805 4114 Είσιόντι
2843 4060 2901 4115 δέ
2946 4064 2973 4116 ὁ
3017 4063 3275 4135 Ἰωάννης
3321 4069 3388 4136 τῇ
3423 4067 3640 4137 ἅπαντῇ

2060 4153 2155 4206 τοῦ
2185 4153 2389 4224 κλήρου
2422 4153 2624 4218 παντὸς
2646 4156 2870 4224 πέμψας
2934 4157 3120 4228 ἐτίμα.
3138 4159 3383 4224 Ἐκεῖνος
3405 4161 3462 4215 δὲ
3482 4161 3638 4234 δῆλος

2057 4237 2125 4313 ἦν
2158 4247 2276 4306 ταῖς
2306 4245 2634 4315 είσηγήσεσι
2665 4245 2937 4318 Θεοφίλου
2978 4246 3327 4318 πειθόμενος.
3359 4252 3637 4323 Οξκήμασι

2061 4333 2168 4404 γὰρ
2189 4334 2665 4404 ἐκκλησιαστικαῖς
2696 4338 3037 4406 προτραπεὶς
3061 4341 3420 4410 καταμένειν,
3443 4343 3641 4414 ἥκιστα

1991 4437 2032 4492 ι)
2065 4426 2448 4497 προσεδέχετο.
2497 4427 2770 4493 Ἐξέκλινε
2819 4427 2876 4480 δὲ
2916 4431 3011 4484 καὶ
3062 4433 3144 4493 είς
3173 4433 3374 4487 ταυτὸν
3416 4435 3641 4510 Ἰωάννῃ

2057 4518 2259 4582 ἐλθεῖν,
2293 4521 2656 4590 χαριζόμενος
2697 4522 2964 4593 Θεοφίλῳ.
3005 4524 3143 4588 Τοὺς
3173 4525 3220 4578 δ’
3269 4527 3639 4597 ἐνδημοῦντας

2055 4610 2167 4662 τῶν
2199 4611 2522 4664 ἐπισκόπων
2553 4614 2673 4665 κατ’
2700 4613 2842 4668 ἰδίαν
2881 4615 3415 4686 μεταστελλόμενος,
3447 4622 3518 4676 τὰ
3545 4638 3639 4676 κα-

2057 4702 2348 4771 θαιρετικὰ
2403 4705 2513 4757 τῶν
2556 4706 2872 4776 Ὠριγένους
2919 4707 3208 4763 ἐπεδείκνυ
3267 4710 3470 4780 λόγων,
3500 4712 3636 4782 ,οὔτι

2056 4796 2178 4849 κατ’
2223 4796 2405 4850 αὐτῶν
2437 4797 2618 4866 λέγειν
2667 4799 2834 4868 ἔχων,
2887 4799 3032 4855 κατὰ
3076 4801 3234 4867 δόξαν
3266 4802 3324 4856 δὲ
3377 4789 3635 4876 Θεοφίλου

2055 4887 2306 4942 ἐλαύνειν
2339 4888 2513 4942 ταῦτα
2542 4892 2907 4961 πειρώμενος.
2943 4892 3050 4946 Καί
3082 4911 3230 4960 τινες
3271 4896 3373 4965 μὲν
3397 4899 3540 4954 αἰδοῖ
3568 4903 3634 4974 τῇ

2056 4980 2194 5050 πρὸς
2237 4982 2556 5050 Ἐπιφάνιον
2603 4985 2673 5037 τά
2719 4983 3062 5055 ψηφισθέντα
3095 4987 3191 5043 καὶ
3222 4988 3383 5052 ἰδίαις
3433 4990 3633 5046 tmaro-

2057 5088 2187 5144 ρουν
2217 5077 2460 5145 γραφαῖς
2486 5092 2501 5106 ·
2534 5078 2583 5129 οἱ
2609 5078 2664 5130 δὲ
2695 5077 2916 5143 πλείους
2941 5081 3184 5150 μάλιστα
3217 5082 3628 5153 παρῃτήσαντο.

2057 5165 2319 5237 Θεότιμος
2351 5168 2407 5221 δὲ
2440 5172 2465 5222 ό
2506 5171 2742 5234 Σκυθίας
2783 5175 2874 5225 καὶ
2931 5174 3119 5244 σχεδὸν
3167 5174 3489 5244 Ἐπιφανίου
3516 5179 3631 5242 τοίς

2055 5255 2237 5324 λόγοις
2271 5257 2553 5323 καθίκετο,
2581 5261 2753 5314 εἰπών
2782 5278 2794 5291 ο
2840 5281 2858 5313 ι
2910 5263 3074 5331 Ἐγὼ,
3104 5257 3151 5319 ὦ
3193 5263 3500 5334 Ἐπιφάνιε,
3534 5269 3632 5339 οὐχ

2055 5349 2200 5400 ὅσιον
2239 5349 2454 5419 ἥγημαι
2496 5352 2584 5404 τὸν
2633 5353 2801 5407 πάλαι
2854 5355 3158 5425 τεθνηκότα
3200 5357 3469 5428 ὑδρίζειν,
3516 5357 3630 5413 οὗθ’

2057 5503 2338 5558 Audianos
2357 5503 3086 5586 hmreticos-disputantem;
3119 5509 3223 5586 Qui
3251 5513 3461 5585 opinati
3487 5515 3628 5586 [also

2052 5585 2194 5635 sunt,
2229 5577 2366 5642 quod
2393 5576 2532 5629 Deus
2562 5578 2630 5629 ad
2655 5577 2944 5646 imaginem
2963 5588 3014 5634 el
3042 5576 3447 5639 similitudinem
3473 5576 3629 5640 suam

2051 5646 2323 5768 hominebr?
2353 5651 2632 5712 creauerit,
2691 5660 2976 5718 propterea
3022 5649 3188 5704 Deum
3229 5657 3458 5709 hominis
3518 5657 3632 5727 {or-

2051 5731 2192 5768 mam
2221 5731 2248 5767 ο
2310 5730 2473 5768 mere.

2051 5731 2137 5767 ma
2149 5732 2192 5768 ιιι
2221 5730 2473 5769 ovlmere.
