4018 6212
313 317 422 385 977

1237 332 1850 401 ECCLESIASTlC/E
1890 342 2279 403 HlS'l'Oiilxli
2315 348 2456 408 LIB.
2492 348 2663 411 XUI.

3489 351 3597 415 οτι

310 431 391 534 ιῦς
416 431 609 537 ἔτυχεν
636 436 1007 511 ἀπορρίπτειν
1057 441 1156 507 τὰς
1204 444 1316 499 τῶν
1360 447 1739 521 ἀρχαιοτέρων
1785 468 1888 521 συγ

1993 452 2202 511 verbis
2231 470 2401 527 prope
2431 458 2811 529 perstringens
2847 476 2863 515 :
2909 479 2928 512 ι
2972 458 3106 533 Ego,
3162 461 3363 534 inquit,
3410 479 3442 519 o
3474 460 3599 537 Epi-

303 516 536 597 ἳραφάς
573 529 843 603 αἱροῦμαι
868 550 884 565 ⁶
934 534 1292 607 βλασφημίας
1326 516 1578 611 γάᾖβοκ
1618 516 1776 608 ἐκτὸς
1800 516 1902 617 τὴν

313 619 544 676 ἔκείνων
573 624 757 695 κρίσιν
783 627 1094 697 ἐκϐάλλειν,
1133 632 1230 685 καὶ
1259 633 1330 686 τὰ
1360 634 1545 700 καλῶς
1578 636 1810 702 ἐκείνοις
1837 656 1899 694 τε

313 715 409 768 καὶ
449 714 530 786 τῷ
578 719 760 791 χρόνῳ
808 721 1193 792 δοκιμασθέντ’
1241 726 1456 781 ἀθετεῖν
1508 730 1568 782 οὐ
1606 730 1700 799 μοι
1747 731 1902 786 δοκεῖ

317 806 613 875 σωφρόνων
642 805 807 867 εἶναι.
849 832 869 866 ο
910 814 1096 870 Ταῦτα
1138 818 1337 887 λέγων,
1380 821 1474 875 καί
1514 839 1567 875 τι
1606 823 1715 876 τῶν
1751 824 1898 895 Ὠρι-

311 900 508 969 γένους
547 908 1005 979 συγγραμμάτων
1059 911 1143 975 είς
1185 913 1352 981 μέσον
1401 914 1649 984 προῆγε·
1681 917 1776 971 καὶ
1822 920 1898 982 ὡς

310 990 585 1062 ἀναγκαῖα
616 998 714 1050 καὶ
738 998 976 1069 χρειώδη
1029 1001 1215 1053 ἐκεῖνα
1252 1004 1371 1065 ταῖς
1404 1003 1727 1076 ἐκκλησίαις
1756 1008 1896 1060 ἀπο-

310 1085 517 1153 δείξας,
544 1106 563 1141 ι
603 1092 867 1155 Ἄτοπον,
900 1092 1078 1158 ἔλεγε,
1109 1099 1452 1167 πράττουσιν
1484 1098 1534 1152 οἳ
1581 1100 1751 1153 ταῦτα
1783 1102 1896 1155 δια·

312 1180 530 1268 θάλλειν
563 1184 1015 1258 ἐπιτηδεύουσιν·
1056 1190 1121 1243 ού
1170 1192 1350 1246 ταῦτα
1406 1194 1539 1266 γὰρ,
1583 1196 1721 1248 ἀλλὰ
1770 1199 1897 1268 περὶ

311 1266 389 1327 ὧν
412 1274 461 1328 οξ
483 1274 632 1345 λόγοι
667 1278 1045 1335 κινδυνεύουσι
1077 1284 1457 1355 καθυερίζειν.
1497 1306 1517 1340 ι
1560 1289 1619 1343 '0
1644 1266 1900 1344 δὲίωάν·

311 1381 413 1438 νης
465 1367 542 1440 μὴ
573 1371 938 1441 μεμψάμενος
976 1374 1334 1445 Ἐπιφὰνιον,
1369 1372 1451 1444 οἷς
1505 1381 1640 1451 παρ’
1675 1383 1896 1451 ὲνορίαν

310 1461 656 1529 χειροτονίαν
697 1462 898 1529 ἐποίει,
928 1462 998 1519 δι’
1029 1466 1212 1531 αἰδοῦς
1242 1463 1346 1540 ἦγε
1381 1471 1473 1525 τὸν
1504 1472 1695 1544 ἄνδρα,
1726 1491 1898 1547 παρε-

314 1550 474 1607 κάλει
512 1570 577 1607 τι
624 1558 1120 1630 συνεκκλησιάζειν
1170 1563 1344 1634 αὐτῷ,
1397 1567 1493 1621 καὶ
1544 1570 1593 1620 εἰ
1653 1566 1896 1635 βούλοιτο

314 1648 613 1702 συνοικεῖν.
652 1645 715 1704 ⁸0
766 1647 824 1703 δὲ
861 1652 959 1705 καὶ⁸
1003 1654 1296 1724 ἀμφότερα
1343 1662 1670 1732 παρῃτεῖτο,
1720 1663 1768 1715 εί
1819 1661 1895 1733 μὴ

315 1738 586 1811 πρότερον
610 1741 709 1795 καὶ
751 1745 919 1811 αύτδς
956 1747 1156 1819 ἐπίσης
1190 1749 1299 1802 τῶν
1340 1750 1655 1821 Ὠριγένους
1692 1753 1896 1825 βίϐλων

2008 544 2202 613 phani,
2230 547 2386 603 nel'as
2406 565 2528 605 esse
2581 560 2742 621 puto,
2773 554 3115 609 contumelia
3143 568 3242 611 eos
3269 557 3367 626 qui
3387 556 3595 613 dudum

2009 648 2137 693 sunt
2168 640 2394 707 mortui,
2434 640 2651 699 allicere
2687 661 2700 698 :
2734 660 2918 715 neque
2960 647 3034 701 ita
3091 656 3302 704 temere
3328 652 3597 707 vetustio-

2008 747 2132 786 rum
2165 732 2369 804 scripta
2403 736 2712 808 ahjicienda
2742 753 2963 795 censeo.
2992 741 3154 795 Extra
3189 742 3594 814 blasphemiam

2006 826 2155 880 enim
2181 842 2291 883 non
2322 837 2408 884 est
2431 830 2707 901 judicium
2746 834 2969 890 illorum
3012 837 3357 908 proculcare,
3387 848 3444 896 et
3474 855 3596 910 qua

2009 920 2112 972 rite
2148 929 2314 991 atque
2347 925 2542 980 ordine
2596 926 2666 980 ab
2712 929 2792 982 eis
2826 940 3052 995 statuta,
3103 941 3160 987 et
3191 940 3438 1001 tempore
3474 933 3596 1003 ipso

2006 1014 2363 1083 comprobata
2395 1026 2544 1083 sunt,
2570 1018 2856 1091 abrogare,
2896 1022 3123 1078 minime
3174 1024 3313 1079 mihi
3375 1025 3594 1081 Videtur

2008 1105 2362 1173 prudentium
2427 1108 2670 1167 virorum
2704 1128 2849 1169 esse.
2889 1134 2907 1167 ι
2936 1112 3075 1170 Cum
3103 1114 3260 1171 hisce
3298 1115 3488 1171 verbis
3513 1117 3594 1172 li—

2006 1197 2166 1252 brum
2200 1199 2493 1269 quemdam
2519 1202 2775 1275 Origenis
2808 1205 3127 1263 inmedium
3181 1209 3468 1279 produxit,
3507 1216 3592 1263 at-

2005 1307 2114 1362 que
2149 1293 2243 1349 ubi
2275 1310 2438 1365 quam
2494 1299 2803 1353 necessaria
2840 1310 2895 1354 et
2942 1301 3097 1355 utilia
3133 1300 3391 1356 Ecclesia:
3423 1301 3479 1355 in
3524 1314 3593 1354 eo

2004 1395 2192 1441 essent
2241 1388 2505 1444 indicavit
2554 1408 2568 1444 :
2613 1409 2630 1442 ι
2668 1390 2948 1457 Absurde,
2994 1391 3157 1456 dixit,
3216 1391 3451 1456 faciunt,
3495 1391 3592 1461 qui

2007 1479 2121 1534 inec
2154 1479 2476 1535 calumniari
2504 1482 2766 1537 student:
2810 1499 2925 1538 non
2979 1484 3126 1537 enim
3197 1483 3315 1540 haec
3350 1490 3590 1544 tantum.

2006 1572 2100 1626 sed
2132 1587 2196 1627 ea
2224 1573 2391 1628 etiam
2423 1575 2492 1629 de
2524 1575 2727 1643 quibus
2755 1576 2811 1629 in
2855 1575 3014 1631 libris
3041 1584 3335 1639 tractatur,
3369 1575 3593 1646 pericu-

2002 1664 2119 1721 lose
2157 1668 2494 1722 contumelia
2525 1667 2740 1725 ailicere
2767 1668 3049 1725 videntur.
3092 1688 3110 1722 ι
3166 1670 3409 1725 Joannes
3456 1670 3590 1740 Epi-

2003 1758 2295 1828 phaniam,
2341 1760 2488 1829 quod
2523 1769 2680 1816 extra
2717 1760 2946 1817 ditionis
2977 1777 3091 1817 suae
3125 1759 3262 1817 ﬁnes
3291 1760 3588 1818 ordinandi

312 1831 785 1931 καταψηφίσηται,
817 1840 911 1890 καὶ
934 1840 1061 1903 τοὺς
1083 1844 1211 1911 περὶ
1236 1843 1528 1915 Διόσκορην
1557 1846 1658 1917 τῆς
1684 1849 1889 1913 πόλεως

2005 1849 2346 1922 provinciam
2371 1852 2477 1909 sibi
2502 1861 2848 1924 usurpasset,
2892 1869 3002 1909 non
3031 1853 3415 1931 reprehendit,
3487 1855 3587 1912 sed

309 1915 586 1991 ἀπελάσῃ.
617 1920 723 1976 Τοῦ
756 1923 814 1977 δὲ
842 1926 1029 1996 κοινῆς
1064 1930 1435 1996 συνελεύσεως
1464 1934 1594 1988 ἄνευ
1615 1915 1894 2005 λέγοντος

312 2008 393 2080 μὴ
418 2008 530 2066 δεῖν
558 2006 700 2068 εῖναι
734 2020 1013 2089 προπετές
1037 2036 1093 2073 τι
1133 2020 1290 2093 δρᾷν,
1321 2022 1419 2077 καὶ⁵
1453 2026 1894 2098 ἀναϐαλλομένου

304 2103 410 2175 τὴν
447 2105 688 2176 αίτησιν,
716 2109 767 2162 0i
799 2109 1259 2182 δυσμεναίνοντες
1290 2116 1519 2191 Ἰωάννῃ
1568 2122 1664 2173 ἐπὶ
1696 2122 1894 2194 ἑτέραν

309 2196 510 2269 βουλὴν
564 2200 806 2271 μετῆγον
861 2204 955 2259 τὸν
1007 2205 1349 2275 Ἐπιφάνιον.
1405 2210 1741 2285 Είσηγοῦντυ
1799 2216 1895 2268 καὶ

307 2293 445 2366 γὰρ,
474 2294 1085 2372 μελλούσηςμεγίστης
1119 2301 1397 2369 συνάξεως
1422 2306 1682 2374 γενέσθαι
1710 2308 1802 2361 ἐπὶ
1824 2312 1891 2381 τῇ

306 2386 424 2442 τῶν
462 2390 807 2445 Ἀποστόλων
834 2392 1115 2465 ἐπωνύμῳ
1146 2396 1442 2471 ἐκκλησίᾳ,
1475 2402 1657 2454 ἐκεῖσε
1694 2402 1891 2472 προελ-

308 2481 425 2537 θεῖν
453 2483 686 2551 ἐκεῖνον,
724 2486 821 2541 uari
850 2487 1091 2560 δημοσίᾳ
1144 2490 1244 2559 μὲν
1272 2491 1577 2563 ἐκκηρῦξαι
1610 2494 1706 2557 τὰς
1755 2497 1895 2566 Ὠρι-

308 2576 506 2643 γένους
536 2577 779 2646 βίϐλους,
808 2580 894 2634 In
922 2580 979 2635 δὲ
1008 2583 1104 2637 καὶ
1132 2585 1260 2649 τοὺς
1307 2585 1439 2657 περὶ
1465 2588 1780 2661 Διόσκορον,
1815 2590 1892 2654 ὡς

307 2670 378 2723 τὰ
407 2669 500 2725 In
525 2671 725 2744 ἐκείνῳ
756 2673 1165 2743 πρεσϐεύοντας
1186 2693 1200 2708 ο
1232 2676 1368 2748 πρὸς
1392 2678 1451 2732 δὲ
1477 2681 1573 2747 και
1597 2682 1697 2753 τὴν
1715 2682 1895 2737 Ἰωάν-

308 2782 407 2821 νου
462 2766 724 2839 διασύραι
768 2769 930 2834 δόξαν
982 2771 1080 2826 καὶ
1130 2771 1429 2837 διαϐαλεῖν,
1466 2768 1553 2827 οἷα
1597 2776 1661 2845 δὴ
1706 2776 1892 2841 αὐτοῖς

307 2860 766 2932 προστιθεμένου.
800 2863 915 2916 Καὶ
940 2864 995 2917 οί
1028 2865 1131 2934 μὲν
1162 2866 1219 2918 ὲν
1264 2865 1478 2931 τούτοις
1510 2863 1651 2937 ἦσαν
1675 2885 1688 2899 ·
1715 2868 1890 2940 ᾤοντο

306 2952 353 3006 δ’
382 2954 549 3009 αὐτὸν
575 2954 721 3010 οὕτω
767 2956 903 3029 πρὸς
937 2956 997 3010 τὸ
1041 2957 1248 3029 πλῆθος
1294 2960 1648 3032 συγκρούειν.
1687 2963 1795 3015 Καὶ
1826 2962 1891 3033 δὴ

305 3048 407 3102 ἐπὶ
458 3049 634 3121 τούτῳ
684 3050 971 3120 προελθὼν
1014 3051 1359 3123 Ἐπιφάνιος,
1410 3055 1580 3122 ἐγγὺς
1638 3055 1739 3127 ἠδη
1792 3056 1891 3127 τῆς

308 3140 610 3215 ἐκκλησίας
795 3144 1048 3214 ’Υπήντα
1098 3143 1156 3199 δὲ
1219 3145 1369 3216 αὐτῷ
1424 3145 1712 3216 Σεραπίων
1753 3147 1891 3218 πρὸς

322 3232 574 3288 Ἰωάννου
600 3236 1046 3306 ἀπεσταλμένοςο
1076 3236 1312 3292 ιπύθετο
1344 3239 1456 3309 γὰρ
1497 3239 1567 3293 τὰ
1602 3240 1892 3310 βεεουλευα

311 3323 451 3391 μένα
477 3326 593 3387 τοῖς
627 3327 921 3395 πονηροτςο
974 3326 1073 3380 καὶ
1121 3327 1473 3400 ἐμαρτύρετο
1516 3330 1646 3400 μήτ’
1690 3328 1893 3400 ἔννομα

306 3413 573 3482 πράττειν
629 3418 941 3486 αἱρεῖσθαι,
1010 3420 1149 3491 μήτε
1217 3423 1268 3474 0i
1332 3424 1484 3495 αὐτῷ
1544 3426 1884 3483 συνοίσοντα.

309 3521 332 3559 t
376 3506 605 3579 Πρῶτον
634 3509 734 3581 μὲν
784 3511 915 3583 γὰρ,
947 3514 1141 3584 φησὶν,
1171 3517 1229 3569 ἐν
1255 3518 1377 3581 ταῖς
1406 3518 1503 3572 ὑπ’
1560 3520 1662 3589 ὲμὶ
1689 3520 1891 3593 ἐκκλη-

306 3599 454 3665 σίαις
483 3603 813 3673 χειροτονεῖν
840 3603 1008 3669 εἰλου,
1038 3604 1147 3677 ἰδίᾳ
1175 3607 1434 3679 αύθεντίᾳ
1457 3607 1535 3680 μὴ
1556 3612 1888 3681 προσταγεὶς

304 3691 709 3766 λειτουργήσας
733 3712 745 3725 ·
779 3699 1123 3768 προτραπείς
1151 3716 1211 3753 τε
1234 3699 1390 3765 αὗθις
1414 3705 1717 3768 κοινωνεῖν,
1744 3720 1888 3774 παρ-

305 3785 521 3857 ητήσυ.
594 3788 708 3843 Καὶ
741 3788 861 3853 νῦν,
887 3791 962 3854 ὥς
990 3807 1055 3860 γε
1102 3793 1473 3865 πυνθάνομαι,
1505 3796 1687 3851 ἄτοπα
1712 3797 1888 3867 πράτ-

303 3895 422 3933 τειν
469 3879 686 3954 διανοῇ·
738 3883 1031 3952 φυλάττειν
1060 3885 1157 3940 οὖν
1190 3886 1333 3954 δέον,
1380 3890 1479 3959 μὴ,
1516 3888 1765 3953 στάσεως
1796 3891 1886 3945 ὲν-

300 3971 492 4026 τσῦθσν
538 3973 619 4045 τῷ
666 3974 863 4047 πλήθει
904 3979 1309 4052 γεγενημένης,
1369 3980 1533 4044 αὐτὸς
1585 3983 1677 4035 τὸν
1740 3983 1886 4053 ὑπὲρ

305 4065 501 4120 τούτου
533 4065 783 4123 κίνδυνον
817 4070 1132 4144 ὑποστήσῃ,
1164 4072 1337 4137 αἴτιος
1384 4074 1657 4147 τοσαύτης
1683 4076 1889 4147 συγχύ-

309 4177 452 4225 σεως
498 4162 765 4232 γεγονώς.
813 4181 834 4216 ι
896 4165 1008 4220 Καὶ
1036 4167 1064 4218 ὁ
1117 4167 1218 4234 μὲν
1262 4168 1611 4239 εὐλαϐηθεὶς,
1658 4169 1760 4239 τῆς
1791 4170 1887 4224 ἐπὶ

303 4251 467 4307 τοῦτο
500 4254 746 4326 ἀνεκόπη
773 4255 959 4328 ὁρμῆς
981 4272 997 4287 ⁸
1060 4259 1121 4311 ὲν
1171 4259 1347 4331 τούτῳ
1373 4259 1432 4313 δὲ
1485 4261 1710 4330 συνέόη,
1743 4262 1888 4333 νόσῳ

304 4346 401 4401 τὸν
431 4346 523 4402 τοῦ
570 4347 837 4419 βασιλέως
890 4350 1063 4405 παῖδα
1116 4350 1407 4423 βληθῆναι.
1453 4353 1518 4407 Ἡ
1566 4353 1623 4407 δὲ
1672 4354 1888 4426 βασιλὶς

301 4440 437 4509 περὶ
466 4437 546 4510 τῷ
580 4439 735 4494 παιδὶ
757 4440 1031 4497 δεδοικυῖα
1063 4444 1139 4515 μή
1179 4460 1228 4497 τι
1259 4442 1449 4508 πάθοι,
1478 4444 1747 4516 πέμψασα
1766 4445 1885 4518 ᾔτει

2000 1943 2185 2014 potius
2220 1944 2401 2001 virum
2436 1948 2736 2010 reveritus.
2764 1954 2823 2001 ut
2853 1960 3044 2003 secum
3096 1947 3152 2001 in
3183 1946 3419 2002 ecclesia
3448 1962 3588 2004 con-

1998 2045 2200 2091 ventus
2234 2046 2440 2108 ageret,
2485 2046 2653 2109 atque
2700 2039 2866 2094 etiam
2894 2040 2942 2094 si
3002 2038 3261 2109 placitum
3314 2040 3365 2096 ei
3417 2049 3586 2109 esset,

1998 2126 2238 2198 hospitio
2269 2129 2467 2185 domus
2496 2146 2611 2185 sua:
2643 2142 2919 2201 uteretur,
2966 2132 3222 2188 hortatus
3254 2141 3361 2188 est.
3411 2131 3580 2204 379

1995 2222 2093 2278 ille
2124 2231 2309 2279 autem
2356 2233 2657 2297 utrumque
2708 2226 2917 2294 renuit,
2977 2226 3084 2283 nisi
3155 2228 3310 2297 prius
3359 2236 3418 2282 et
3468 2226 3588 2297 ipse

1999 2315 2255 2387 Origenis
2312 2316 2490 2374 libros
2544 2316 2887 2386 damnasset,
2949 2327 3007 2376 et
3063 2319 3390 2375 Dioscorum
3458 2333 3586 2374 cum

1994 2408 2261 2465 fratribus
2325 2410 2441 2465 suis
2504 2411 2640 2466 urbe
2714 2411 2998 2482 eiecisset.
3079 2408 3376 2485 Postquam
3443 2428 3578 2469 vero

1993 2500 2236 2559 Joannes
2288 2502 2430 2557 nihil
2489 2511 2698 2559 temere
2740 2512 2799 2559 et
2829 2504 3028 2575 cupide
3083 2515 3241 2560 extra
3300 2505 3584 2575 publicum

1994 2608 2328 2653 conventum
2360 2599 2636 2671 agendum
2677 2613 2802 2656 esse
2831 2599 2991 2665 dixit,
3048 2610 3106 2657 et
3136 2616 3359 2657 causam
3419 2600 3583 2658 talem

1994 2695 2357 2752 diii‘ercndam
2420 2697 2660 2761 censuit,
2730 2695 3138 2751 obtrectatores
3210 2695 3361 2751 illius
3434 2695 3583 2751 aliud

1995 2788 2308 2858 Epiphanio
2338 2804 2666 2861 suggesscre
2692 2788 3012 2844 consilium.
3056 2787 3375 2843 Suadebant
3407 2788 3580 2853 enim,

1994 2899 2119 2939 cum
2149 2884 2374 2955 synaxis
2408 2884 2645 2938 maxima
2679 2881 3014 2938 celebranda
3035 2891 3203 2944 esset,
3233 2882 3289 2934 in
3315 2882 3571 2936 divorum

1997 2975 2373 3043 apostolorum
2429 2972 2654 3043 templo,
2695 2979 2757 3026 ut
2801 2972 2857 3027 in
2918 2970 2969 3025 id
3029 2970 3480 3041 progrederetur,
3523 2979 3582 3026 et

1996 3068 2297 3139 publicitus
2322 3068 2582 3139 Origenis
2629 3068 2804 3124 libros
2866 3068 3197 3125 damnaret:
3255 3067 3579 3124 Dioscorum

1994 3162 2161 3217 etiam
2192 3170 2245 3217 et
2275 3170 2579 3218 sectatores
2609 3161 2757 3232 ejus,
2820 3171 2882 3219 ut
2914 3161 3009 3234 qui
3058 3176 3183 3217 cum
3237 3162 3331 3218 illo
3388 3162 3579 3218 eadem

1993 3252 2280 3322 docerent,
2315 3255 2691 3326 proscriberet
2725 3275 2739 3309 :
2776 3255 3007 3313 Joannis
3038 3255 3301 3326 denique,
3326 3255 3419 3326 qui
3469 3255 3581 3310 illis

1992 3347 2326 3419 conjunctus
2354 3358 2524 3415 esset,
2548 3349 3023 3404 existimationem
3055 3364 3119 3404 ac
3147 3347 3580 3418 iamamﬁaxaret

1989 3450 2155 3510 atque
2184 3442 2598 3497 criminaretur.
2664 3441 2781 3497 Hoc
2832 3442 2910 3497 ita
2979 3441 3058 3495 illi
3122 3439 3377 3510 agebant,
3427 3439 3578 3510 quod

1987 3548 2115 3588 eum
2144 3533 2225 3588 sic
2264 3533 2647 3589 existimarent
2694 3548 2823 3589 cum
2878 3535 3084 3604 popqu
3130 3531 3573 3587 conﬂictaturum

1986 3640 2133 3681 esse.
2164 3629 2344 3697 Atque
2378 3625 2725 3697 Epiphanius
2746 3626 2867 3697 ejus
2905 3626 2982 3680 rei
3018 3625 3192 3697 gratia
3228 3637 3576 3694 progressus.

1988 3732 2099 3771 non
2126 3717 2289 3789 longe
2321 3718 2391 3773 ab
2416 3717 2654 3774 ecclesia
2696 3715 2895 3781 abfuit,
2946 3731 3074 3771 cum
3110 3715 3375 3784 Serapion
3418 3715 3469 3769 ei
3507 3714 3577 3769 ah

1986 3810 2197 3866 Joanne
2219 3810 2421 3868 missus
2445 3811 2710 3867 occurrit.
2738 3810 3006 3865 Audierat
3066 3808 3113 3864 is
3146 3823 3407 3878 namque,
3451 3821 3579 3877 qua

1987 3904 2066 3960 illi
2101 3904 2353 3960 malevoli
2382 3903 2709 3960 suasissent.
2736 3903 2977 3960 Proinde
3009 3902 3164 3958 illum
3224 3901 3452 3957 consilia
3483 3913 3575 3955 ca-

1989 4015 2117 4071 pere
2131 4007 2425 4055 attestatus
2440 4005 2545 4065 est,
2565 4012 2710 4067 quae,
2739 4004 2801 4052 ut
2824 3993 3188 4066 illegitima,ei
3223 4006 3573 4063 nequaquam

1986 4092 2279 4164 profutura
2337 4099 2542 4149 essent.
2614 4108 2632 4142 ι
2668 4089 2914 4145 Primum
2956 4102 3214 4160 namque,
3254 4085 3454 4157 inquit,
3517 4086 3575 4139 in

1986 4181 2240 4237 ecclesiis
2272 4182 2408 4235 meis
2439 4178 2736 4235 ordinandi
2768 4187 3095 4249 potestatem
3149 4185 3339 4248 tuapte
3372 4184 3571 4230 aucto-

1987 4275 2174 4338 ritate,
2200 4273 2509 4329 ministerio
2546 4272 2645 4327 tibi
2677 4288 2743 4327 eo
2771 4287 2880 4326 nun
2912 4269 3571 4340 commisso,sumpsisti:

1989 4366 2189 4425 deinde
2235 4367 2303 4421 ad
2338 4366 2786 4421 communionem
2830 4365 3121 4426 invitatus,
3192 4379 3314 4420 eam
3350 4363 3571 4418 detrec-

1991 4454 2137 4513 tasti.
2175 4454 2335 4511 Nunc
2366 4469 2530 4525 porro
2555 4454 2748 4520 etiam,
2782 4454 2944 4509 sicuti
2977 4454 3166 4519 audio,
3220 4468 3337 4509 rem
3390 4452 3573 4523 indig~

312 4528 640 4601 ‘Emtpdwov
664 4533 814 4605 ὑπὲρ
849 4534 1017 4588 αὐτοῦ
1068 4534 1348 4607 εὔχεσθαι.
1393 4538 1451 4592 '0
1487 4538 1545 4591 δὲ
1580 4538 1883 4609 παρηγγύα

1993 4563 2115 4602 nam
2145 4546 2389 4617 incipere
2413 4547 2639 4618 cogitas.
2667 4545 2987 4601 Cavendum
3028 4561 3160 4600 vero
3193 4545 3290 4599 tibi
3338 4554 3443 4610 est,
3497 4558 3570 4599 ne

305 4622 573 4692 ζήσεσθαι
604 4627 698 4681 τὸν
722 4628 910 4693 παῖδα,
936 4627 992 4681 ετ
1014 4644 1080 4699 γε
1109 4631 1209 4699 τῆς
1242 4629 1455 4694 πόλεως
1484 4631 1814 4685 ἀπελαθεῐεν
1834 4631 1884 4685 οἱ

302 4721 436 4788 περὶ
467 4719 779 4790 Διόσκορον.
817 4720 883 4775 Ἢ
911 4721 969 4775 δὲ
999 4723 1249 4791 Εὑδοξία,
1288 4742 1306 4776 ι
1343 4721 1404 4777 Ὃ
1443 4723 1545 4794 μὲν
1571 4723 1724 4792 ἐμὸς,
1752 4723 1882 4794 ἔφη,

303 4814 456 4879 παῖς,
492 4812 546 4868 εἰ
568 4829 632 4880 γε
662 4813 785 4884 Θεῷ
818 4814 1015 4868 δοκοῦν
1069 4818 1210 4884 ἐστι,
1243 4816 1507 4888 ζήσεται·
1548 4818 1599 4870 εί
1633 4816 1679 4870 δ’
1709 4815 1824 4881 οὖν,
1856 4821 1885 4872 ὁ

302 4905 448 4970 δοὺς,
496 4905 545 4958 εί
597 4906 695 4959 καὶ
737 4906 905 4961 πάλιν
933 4907 1112 4961 ἕλοιτο
1140 4909 1463 4979 ἀφελέσθαι,
1492 4910 1669 4983 ταύτῃ
1715 4910 1880 4965 ἔστω.

303 4996 376 5050 Σὺ
409 4996 454 5049 δ’
476 4997 640 5068 εἰπερ
679 4990 791 5061 οἷος
819 4992 966 5069 ἦσθα
992 5000 1222 5070 νεκροὺς
1266 5001 1515 5073 ἀνιστᾷν,
1542 5002 1643 5055 οὐκ
1683 5002 1750 5055 ἂν
1782 5002 1881 5057 θα-

300 5089 449 5160 νάτῳ
479 5092 509 5144 6
535 5090 626 5154 σὸς
679 5090 1059 5162 ἀρχιδιάκονος
1094 5093 1377 5148 ἐτελεύτα.
1430 5114 1449 5146 ι
1495 5096 1605 5149 Καὶ
1633 5097 1743 5165 γὰρ
1776 5095 1883 5168 πρὸ

304 5182 536 5255 βραχέος
566 5182 821 5237 ἐτελεύτα
848 5185 1161 5254 Κρισπίων,
1189 5187 1245 5248 ὃς
1275 5185 1505 5256 ἀδελφὸς
1531 5185 1600 5259 ἦν
1628 5187 1884 5242 Φούσκω-

303 5293 395 5339 νος
429 5279 525 5329 καὶ
548 5277 801 5346 Σαλάμου
835 5276 945 5330 τῶν
969 5280 1059 5331 ἐπ’
1077 5272 1257 5352 αρετῇ
1281 5281 1583 5351 διαϐοήτων
1609 5283 1880 5354 μοναχών,

302 5364 380 5423 ὧν
411 5372 470 5424 ἐν
500 5373 569 5441 τῇ
598 5370 741 5424 κατά
770 5369 1052 5424 Οὐάλεντα
1103 5376 1397 5444 συγγραφῇ
1452 5375 1753 5446 ἐμνήσθην.
1784 5378 1880 5430 *ον

303 5463 401 5515 καὶ
437 5458 687 5515 σύνοικον
722 5461 887 5533 ἔχων,
925 5466 1018 5517 καὶ
1066 5466 1454 5535 ἀρχιδιακὸνου
1490 5470 1645 5536 τάξει
1691 5471 1878 5541 ἐτίμα.

304 5553 369 5606 0i
398 5553 455 5606 δὲ
493 5555 619 5624 περὶ
656 5554 973 5625 Ἀμμώνιον
1022 5557 1118 5611 καὶ
1148 5558 1462 5629 Διόσκορον,
1498 5561 1645 5615 οὕτω
1675 5564 1782 5633 γὰρ
1815 5566 1877 5633 τῇ

304 5646 534 5722 Ebibit;
578 5648 779 5714 ἐδόκει,
809 5643 944 5723 ἧκον
990 5652 1127 5721 πρὸς
1164 5651 1502 5722 Ἐπιφάνιον.
1548 5656 1791 5710 Ἐκείνου
1833 5657 1877 5710 δ’

301 5741 703 5812 ἐρωτήσαντος,
757 5741 904 5806 τίνες
957 5738 1089 5811 εἷεν,
1148 5747 1177 5799 ὁ
1236 5747 1551 5817 Ἀμμώνιος
1597 5749 1876 5821 ἐπιφέρει,

312 5853 333 5889 ι
371 5833 436 5889 οἱ
495 5835 740 5909 Μακροὶ,
771 5829 816 5891 ὦ
840 5836 1095 5896 δέσποτα.
1142 5839 1282 5895 Ἀλλ’
1305 5840 1516 5897 εἴποτε
1556 5843 1877 5915 συντάγμα-

1987 4635 2263 4691 seditione
2294 4650 2359 4691 ea
2389 4637 2455 4691 de
2485 4651 2648 4691 causa
2674 4635 2937 4701 excitata,
2980 4634 3096 4705 ipse
3141 4648 3305 4689 causa
3335 4633 3573 4688 dicenda

1988 4729 2297 4800 periculum
2330 4731 2551 4795 subeas,
2584 4727 2763 4807 veluti.
2794 4727 2967 4782 turba:
2990 4736 3045 4781 et
3076 4726 3418 4782 confusionis
3446 4735 3571 4780 tan-

1988 4833 2055 4879 ta:
2081 4836 2295 4879 auctor.
2344 4841 2363 4875 ι
2400 4810 2745 4896 Epiphanius
2766 4821 2919 4899 hisce
2951 4820 3137 4875 verbis
3188 4820 3400 4874 cautior
3452 4818 3564 4874 iac-

1987 4930 2097 4981 tus,
2122 4933 2153 4972 a
2178 4924 2359 4987 coepto
2382 4905 2615 4993 destitit.
2647 4914 2861 4970 Accidit
2879 4914 3112 4977 interea,
3132 4917 3193 4969 ut
3218 4909 3570 4982 imperatoris

1986 5010 2136 5066 iilius
2196 5010 2347 5079 gravi
2421 5008 2797 5079 corriperetur
2848 5006 3063 5061 morbo.
3103 5004 3166 5059 Et
3200 5004 3444 5078 Augusta
3498 5004 3567 5060 de

1988 5116 2161 5173 puero
2189 5100 2419 5171 nequid
2448 5100 2769 5155 humanitus
2797 5097 2847 5153 ei
2880 5096 3182 5159 accideret,
3208 5110 3336 5151 cum
3362 5095 3565 5151 timore

1985 5196 2247 5260 sollicita,
2302 5194 2671 5265 Epiphaniam
2710 5192 2968 5258 accitum,
2999 5199 3061 5245 ut
3096 5204 3195 5260 pro
3216 5192 3391 5243 salute
3444 5189 3568 5259 ejus

1986 5296 2191 5352 oraret,
2223 5287 2403 5355 petiit.
2448 5288 2513 5340 Et
2547 5286 2661 5346 ille,
2692 5298 2930 5355 puerum
2979 5281 3389 5336 convaliturum
3440 5295 3564 5336 esse

1986 5367 2402 5452 poliicitusost,
2442 5380 2487 5433 si
2515 5378 2813 5433 Dioscorus
2863 5390 2990 5430 cum
3048 5375 3163 5429 suis
3209 5380 3345 5429 urbe
3373 5376 3563 5445 exige-

1983 5483 2157 5530 retur.
2217 5471 2466 5528 Eudoxia
2518 5482 2728 5534 autem,
2792 5487 2810 5521 ι
2860 5468 3030 5523 Filius
3061 5466 3305 5537 quidem,
3361 5467 3562 5537 inquit,

1985 5581 2160 5630 meus,
2184 5568 2228 5619 si
2258 5564 2403 5618 Deus
2452 5564 2615 5624 volet,
2656 5566 2827 5617 vivet.
2893 5561 2988 5615 Sin
3040 5576 3193 5622 eum.
3251 5560 3344 5625 qui
3386 5560 3562 5623 dedit,

1983 5657 2197 5712 auferre
2243 5657 2553 5723 constituit,
2590 5657 2713 5727 ejus
2745 5655 2999 5711 voluntas
3048 5653 3161 5706 iiat.
3214 5653 3295 5706 Tu
3339 5667 3470 5707 vero
3513 5654 3562 5708 si

1982 5761 2232 5808 mortuos
2290 5752 2629 5805 exsuscitare
2684 5763 2892 5818 posses,
2943 5746 3366 5801 archidiaconus
3432 5754 3561 5800 tuus

1982 5842 2274 5907 defunctus
2329 5857 2439 5898 non
2507 5851 2671 5897 esset.
2739 5858 2756 5893 ι
2818 5838 3006 5909 Nuper
3044 5837 3192 5895 enim
3259 5836 3573 5897 admodum
