4014 6228
379 377 489 446 981

1311 380 1919 444 ECCLESIASTICJE
1955 383 2345 445 HISTORIA!
2383 386 2526 448 LIB.
2569 383 2738 446 XIII.

3553 380 3669 445 982

381 496 573 566 Ἔδοξε
605 496 662 551 δὲ
690 493 771 568 τῷ
816 495 1036 569 πλήθει,
1065 494 1142 562 ὡς
1172 497 1463 570 αἰνίγματι
1493 499 1636 553 κατὰ
1673 500 1772 570 τῆς
1807 499 1962 570 βασι-

2070 511 2202 564 erat,
2227 502 2539 557 orationem
2589 501 2644 556 in
2691 498 2924 557 ecclesia
2978 513 3078 571 pro
3132 496 3401 554 concione
3443 496 3657 565 habuit,

375 593 524 657 λίδος
559 593 756 666 ῑκείνῳ
789 593 1025 664 μάλιστα
1072 593 1400 667 συντεθῆναι
1448 595 1540 650 τὸν
1574 596 1754 666 λόγον.
1790 597 1902 650 Καὶ
1932 598 1960 649 ό

377 687 538 758 λόγος
567 691 680 752 τοῖς
709 688 1165 759 δυσμεναίνουσιν
1190 688 1508 760 ἑκληφθεὶς,
1546 691 1641 744 ἐπὶ
1663 691 1764 760 τὴν
1799 689 1961 762 βασί-

379 778 574 836 λισσαν
599 783 819 849 ἄγεται.
863 781 928 835 Ἢ
961 782 1019 836 δὲ
1061 783 1260 838 θᾶττον
1297 785 1485 856 ιιιινδρ)⁴
1527 785 1837 859 προσιοῦσα
1863 785 1964 857 τὴν

377 874 592 930 οίκείαν
627 874 959 945 άπωδύρατο
988 873 1171 946 ὓϐριν.
1210 875 1323 931 Καὶ
1345 877 1662 949 προσετίθει
1691 877 1858 932 αὑτοῦ
1897 895 1961 947 γε

379 964 473 1019 τοῦ
504 965 837 1037 κρατοῦντος
869 966 1030 1038 ὓϐριν
1056 965 1198 1023 εἶναι
1240 969 1341 1041 τὴν
1371 969 1599 1041 ἑαυτῆς.
1628 971 1738 1027 Καὶ
1763 970 1961 1025 θᾶττον

383 1059 796 1126 παρασκευάζει
829 1058 1006 1113 ιλθεῐν
1033 1060 1126 1114 τὸν
1161 1061 1450 1132 Θεόφιλον,
1477 1064 1572 1116 καὶ
1597 1063 1695 1132 τὴν
1720 1065 1843 1116 κατ’
1867 1065 1964 1118 αὖ·

378 1148 476 1204 τοῦ
535 1152 843 1221 κατήπειγε
879 1151 1123 1210 σύνοδον.
1156 1154 1510 1224 Συνέπραττε
1548 1157 1604 1210 δὲ
1659 1156 1833 1211 ταῦτα
1867 1159 1963 1210 καὶ

381 1243 714 1314 Σευηριανὸς
743 1245 772 1297 δ
818 1243 1103 1310 Γαδάλων,
1146 1244 1483 1319 ὑποσμύχων
1524 1246 1608 1299 ἔτι
1638 1247 1738 1319 τὴν
1759 1247 1958 1319 λύπην,

382 1336 478 1390 καὶ
511 1335 589 1404 μὴ
621 1336 723 1401 τῆς
755 1337 957 1402 κακίας
1009 1337 1379 1408 ἀπαλλαγείς.
1421 1339 1567 1394 Ἀλλ’
1597 1340 1708 1395 εἴτε
1743 1342 1819 1406 ὡς
1840 1342 1965 1396 ἔτυ-

380 1438 477 1492 χεν
517 1421 776 1507 Ἰωάννης
825 1425 920 1478 τὸν
949 1426 1198 1482 τοιοῦτον
1234 1429 1620 1500 ἐκκλησιάζων
1646 1434 1963 1503 προήνεγκε

379 1512 566 1583 λόγον,
594 1515 696 1570 είτ⁹
717 1517 1143 1589 αἰνιγματωδῶς
1173 1519 1275 1592 τῆς
1299 1519 1572 1592 βασιλίδος
1602 1524 1965 1596 κατατρόχων

379 1607 644 1679 ἔποίειτῇ
683 1610 824 1681 πρὸς
867 1609 1185 1680 Ἐπιφάνιον
1233 1612 1391 1685 ἔριδι,
1422 1616 1503 1679 είς
1536 1615 1824 1686 ἀκρίϐειαν
1876 1619 1966 1672 λέ-

383 1717 503 1769 γειν
551 1702 654 1756 οὐκ
707 1701 840 1775 ίχω.
885 1703 1028 1757 Ἀλλ’
1067 1705 1131 1760 οὗ
1184 1706 1327 1760 πάνυ
1362 1710 1554 1780 πόρρω
1607 1709 1867 1780 Θεόφιλός
1901 1729 1963 1766 τε

385 1791 568 1865 παρῆν
595 1807 609 1822 ·
640 1793 735 1848 καὶ
757 1794 945 1849 πολλοὶ
976 1795 1085 1849 τῶν
1113 1798 1458 1862 ἐπισκόπων,
1488 1800 1536 1852 oi
1565 1801 1668 1872 μὲν
1690 1806 1968 1873 προστάγ-

2071 608 2178 661 qua
2205 593 2577 648 communiter
2629 594 2682 648 in
2717 591 2982 646 mulieres
3034 590 3205 646 malas
3247 588 3501 645 invectus
3549 596 3658 646 est.

2070 685 2413 741 Multitudini
2443 695 2626 741 autem
2658 687 2836 739 visum
2862 690 2969 750 est,
3002 682 3310 738 orationem
3354 696 3475 737 eam
3499 682 3658 752 quasi

2069 777 2172 831 sub
2238 777 2525 833 involucro
2583 784 2777 832 contra
2836 776 3144 846 Augustam
3197 774 3434 829 maxime
3487 772 3557 829 ab
3591 786 3658 828 eo

2069 872 2434 942 compositam
2473 884 2786 940 esse:qua~.
2816 868 2982 925 etiam
3034 868 3104 924 ab
3155 861 3489 934 adversariis
3535 867 3658 934 eius

2068 973 2320 1033 excepta,
2341 963 2408 1018 ad
2440 978 2564 1018 eam
2592 974 2678 1018 est
2705 962 2911 1018 delata.
2939 961 3006 1017 Et
3052 960 3146 1016 illa
3181 960 3442 1016 maritum
3471 960 3656 1014 statim

2070 1054 2228 1121 adiit,
2261 1062 2320 1110 et
2346 1055 2492 1126 apud
2553 1071 2680 1116 eum
2708 1055 3100 1110 contumeliam
3131 1068 3285 1108 suam
3326 1052 3657 1124 deploravit,

2070 1148 2328 1219 injuriam
2391 1165 2512 1203 eam
2563 1148 2748 1203 mariti
2798 1163 3144 1202 communem
3206 1162 3331 1202 esse
3374 1145 3656 1201 dictitans.

2070 1239 2373 1295 Confestim
2407 1240 2575 1296 etiam
2615 1240 3040 1311 utTheopltilus
3073 1239 3382 1300 adveniret,
3415 1219 3686 1300 curavit;

2069 1342 2232 1404 atque
2258 1341 2318 1388 ut
2345 1333 2758 1404 quamprimum
2791 1332 3039 1406 synodus
3084 1331 3351 1388 adversus
3384 1331 3655 1387 Joannem

2071 1433 2383 1495 cogeretur,
2407 1424 2541 1495 egit.
2571 1424 2885 1496 Adjuvabat
2912 1434 3103 1480 autem
3137 1440 3259 1480 eam
3321 1423 3657 1480 Severianus

2071 1531 2319 1588 quoque,
2390 1516 2723 1574 Gabalorum
2789 1519 3102 1588 episcopus,
3153 1516 3402 1572 dolorem
3474 1514 3660 1570 adhuc

2071 1625 2232 1668 suum
2262 1619 2466 1668 tectum
2499 1612 2554 1667 in
2594 1613 2782 1667 animo
2811 1611 3026 1678 fovens,
3050 1612 3257 1683 quippe
3286 1610 3382 1681 qui
3409 1608 3656 1664 nondum

2072 1705 2517 1760 malevolentiam
2541 1707 2594 1761 in
2623 1706 2894 1761 Joannem
2936 1719 3096 1760 suam
3148 1704 3513 1775 deposuisset.
3541 1701 3660 1757 Cae-

2073 1806 2257 1851 terum
2292 1798 2407 1853 sive
2444 1797 2685 1854 Joannes
2725 1812 2855 1854 casu
2914 1797 3172 1868 quopiam
3222 1794 3541 1866 hujusmodi
3599 1795 3660 1850 in

387 1897 522 1950 ματι
586 1879 854 1950 βασιλέως
909 1877 1072 1955 ἧκον,
1124 1886 1174 1939 oi
1221 1885 1280 1941 δὶ
1334 1887 1600 1959 Θεοφίλου
1649 1890 1966 1957 κινοῦντος·

2070 1889 2302 1947 ecclesia
2327 1891 2522 1946 habuit
2560 1889 2892 1956 orationem,
2927 1906 3025 1946 seu
3049 1889 3393 1946 subobscure
3454 1888 3509 1942 ita
3555 1889 3656 1942 im-

389 1970 598 2028 μᾶλλον
646 1973 693 2028 δ’
724 1975 932 2031 ἐκεῖνοι
987 1978 1301 2045 σπουδαίως
1354 1980 1604 2054 ἔτρεχον,
1661 1984 1781 2038 ὅσοι
1831 1985 1972 2056 πρὸς

396 2061 653 2117 Ἰωάννου
677 2067 821 2121 κατά
852 2066 953 2137 τὴν
994 2067 1181 2124 Ἀσίαν
1235 2071 1471 2137 ενδίκως
1504 2074 1607 2139 τάς
1657 2076 1972 2143 ὲπισκοπάς

387 2154 749 2228 ἀφῃρέθησαν
775 2174 790 2190 ·
835 2161 935 2216 καὶ
978 2162 1130 2220 ἄλλοι
1169 2165 1346 2240 ἑτέρῳ
1385 2167 1580 2242 τρόπῳ
1616 2171 1756 2243 πρὸς
1805 2172 1971 2228 αὑτὸν

385 2249 792 2321 ἀπηχθάνοντο.
821 2255 964 2328 Ἤδη
1015 2257 1071 2311 δὲ
1102 2259 1199 2314 καὶ
1236 2260 1364 2329 νῆες
1398 2261 1459 2328 ἐξ
1495 2263 1775 2332 Αίγύπτου
1806 2267 1972 2322 κατι-

392 2343 578 2413 πλεον,
610 2345 678 2411 ἃς
708 2347 968 2419 Θεόφιλος
992 2355 1346 2424 περιέμενεν.
1391 2356 1566 2412 Ἐπεὶ“
1591 2358 1638 2412 δ’
1670 2359 1972 2432 ἠθροίσθη-

391 2452 494 2491 σαν
525 2439 764 2505 άπαντες
797 2441 944 2497 κατὰ
975 2445 1077 2514 τὴν
1106 2447 1190 2510 είς
1214 2445 1476 2503 Βιθυνίαν
1503 2449 1853 2522 Χαλκηδόνα,
1879 2455 1972 2509 καὶ

390 2531 692 2598 συνιόντες,
731 2534 946 2606 ὃπωςή
993 2538 1139 2594 κατά
1185 2536 1282 2592 τοῦ
1326 2540 1580 2596 Ἰωάννου
1619 2545 1972 2618 ἐπιχείρησις

387 2622 655 2695 προδαίη,
689 2623 887 2698 βουλὴν
915 2628 1225 2687 ἐποιοῦντο.
1260 2633 1394 2688 Τότε
1437 2636 1501 2705 δὴ
1533 2637 1769 2710 Κυρῖνος
1803 2641 1833 2694 ό
1866 2641 1970 2712 τῆς

391 2718 734 2789 Χαλκηδόνος
769 2723 1088 2790 ἐπίσκοπος,
1106 2725 1352 2798 Θεοφίλῳ
1371 2746 1431 2784 τε
1455 2731 1598 2785 κατὰ
1619 2734 1776 2802 γένος
1805 2750 1974 2806 προσ-

389 2811 563 2880 ήκων,
600 2815 696 2868 καὶ
745 2814 815 2869 τά
860 2818 1032 2874 πολλά
1093 2820 1245 2892 αὑτῷ
1302 2823 1627 2893 χαρίζεσθαι
1670 2827 1969 2900 ᾑρημένος,

387 2900 622 2977 (ἦν-γὰρ
671 2907 1017 2983 Δίγύπτιος),
1067 2911 1324 2989 διάφορος
1355 2921 1425 2968 τά
1471 2917 1708 2987 μάλιστα
1747 2919 1970 2993 Ἰωάννῃ

387 2997 774 3089 καθεστηκὼς,
813 3001 1045 3059 πλεῖστα
1093 3005 1310 3076 παριὼν
1356 3008 1617 3080 ἐλοιδόρει
1656 3010 1749 3065 τὸν
1786 3013 1971 3069 Ἰωάν·

389 3109 513 3163 νην,
543 3094 724 3162 άσεὸἧ
757 3097 854 3152 καὶ
877 3097 1116 3164 ἀλαζόνα
1144 3100 1241 3156 καὶ
1272 3102 1538 3171 ἀγόνατον
1583 3105 1796 3160 ἐκεῖνον
1830 3110 1971 3162 ἀπο-

2070 1981 2405 2055 peratricetn
2466 1991 2552 2038 est
2578 1983 2850 2048 invectus,
2893 1992 3126 2054 propter
3189 1996 3312 2037 eam
3367 1996 3491 2051 quae
3550 1980 3659 2036 sibi

2070 2089 2199 2131 cum
2258 2074 2572 2147 Epiphanio
2608 2076 2926 2132 intercessit
2995 2076 3441 2143 contentionem,
3504 2075 3653 2145 quod

2072 2167 2345 2225 anirmare
2392 2183 2545 2225 certo
2586 2185 2696 2226 non
2751 2185 3016 2241 possum;
3054 2168 3400 2240 Theophilus
3434 2169 3658 2239 quidem

2072 2259 2326 2328 profecto
2353 2275 2466 2315 non
2493 2261 2670 2316 multo
2691 2271 2818 2331 post
2848 2259 3031 2325 aﬂ'uit,
3074 2269 3132 2316 et
3188 2259 3350 2314 multi
3395 2268 3658 2330 praeterea

2070 2351 2344 2423 episcopi,
2383 2353 2582 2423 partim
2616 2353 2973 2424 imperatoris
2989 2354 3174 2425 jussu,
3224 2352 3426 2424 partim
3479 2350 3663 2406 Theo-

2070 2443 2212 2514 phili
2242 2443 2533 2510 instinctu,
2561 2443 3100 2515 Constantinopolim
3135 2443 3436 2500 advenere.
3485 2443 3662 2498 Potis-

2071 2539 2276 2594 simum
2307 2552 2442 2593 vero
2489 2553 2691 2611 magno
2724 2539 2803 2594 illi
2852 2538 3038 2594 studio
3069 2547 3499 2605 concurrerunt,
3532 2539 3660 2609 qui-

2072 2633 2182 2690 bus
2214 2634 2269 2689 in
2298 2634 2427 2690 Asia
2454 2651 2483 2690 a
2521 2635 2733 2691 Joanne
2755 2634 2999 2705 legitime
3030 2635 3383 2706 episcopatus
3417 2634 3658 2705 adempti

2070 2728 2314 2793 fuerant,
2353 2729 2560 2799 quique
2609 2727 2662 2785 ei
2691 2729 2828 2783 alias
2858 2728 3026 2784 etiam
3045 2729 3116 2782 ob
3152 2743 3352 2784 causas
3383 2729 3658 2784 hostiliter

2071 2820 2533 2877 adversabantur.
2571 2819 2691 2876 Jam
2719 2837 2889 2878 naves
2917 2837 3136 2892 quoque
3160 2837 3297 2889 quas
3316 2819 3358 2874 Τ
3366 2821 3659 2891 heophilus

2073 2922 2446 2984 exspectarat,
2502 2927 2571 2968 ex
2613 2911 2853 2985 Egypto
2912 2913 3262 2983 appulerant.
3323 2910 3504 2981 Atque
3561 2909 3657 2964 ubi

2070 3005 2421 3063 Chalcedone
2455 3005 2816 3078 Bithynorum
2848 3005 3167 3077 congregati
3202 3017 3399 3058 omnes
3457 3017 3659 3056 convc-

2073 3116 2226 3164 nere,
2277 3099 2557 3171 quomodo
2606 3113 2723 3154 retn
2777 3098 3046 3155 adversus
3103 3097 3372 3152 Joannem
3433 3094 3656 3165 aggredi

391 3179 613 3244 minim.
641 3188 753 3242 Καὶ
811 3189 862 3242 οί
916 3190 1019 3261 μὲν
1050 3193 1344 3248 ἐπίσκοποι
1395 3195 1603 3252 τούτων
1659 3200 1971 3272 λεγομένων

392 3273 413 3294 1
455 3276 476 3294 1
495 3275 518 3294 β
590 3293 596 3294 ,
623 3292 633 3294 _
665 3291 677 3294 _
845 3280 866 3294 ο
937 3279 978 3294 αι
1011 3282 1025 3294 ι
1111 3281 1122 3294 ι
1271 3282 1299 3294 ι-
1377 3283 1401 3294 -
1420 3285 1442 3294 ρ
1625 3287 1646 3294 Α
1699 3289 1738 3294 --
1893 3290 1904 3294 -

2074 3193 2365 3257 deberent,
2410 3191 2818 3248 consultarunt.
2853 3189 2984 3246 Erat
3013 3202 3127 3247 tum
3157 3188 3514 3245 Chalcedone
3541 3189 3658 3256 epi-

389 3273 642 3345 ᾰνήδοντο
663 3291 678 3306 ⁸
707 3280 902 3348 ταχεῖα
933 3279 978 3334 δ’
1008 3281 1204 3352 ἐκείνῳ
1231 3282 1339 3336 τῶν
1377 3283 1593 3352 ὓδρεων
1620 3287 1808 3343 θεόθεν
1839 3290 1970 3360 μίτ-

390 3382 496 3421 εισι
536 3367 684 3440 δίκη.
769 3370 829 3426 ὀ
874 3371 985 3445 γάρ
1027 3376 1126 3446 τῆς
1179 3376 1619 3450 Μεσοποταμίας
1667 3381 1969 3449 ἐπίσκοπος

393 3459 699 3531 Μαρουθᾶς
733 3464 884 3521 ἄκων
937 3466 1169 3539 θάτερον
1196 3471 1313 3525 τοῖν
1365 3474 1547 3526 ποδοῖν
1574 3475 1672 3528 τοῦ
1725 3477 1970 3546 Κυρίνου

394 3553 695 3625 ιπάτησεν.
731 3556 1005 3623 Χαλεπῶς
1027 3561 1072 3614 δ’
1098 3562 1313 3617 ἐκεῖθεν
1355 3563 1649 3630 διατεθεὶς,
1680 3566 1972 3637 συνδιαόῆ-

395 3660 488 3700 ναι
519 3648 632 3711 τοῖς
653 3648 864 3712 λοιποῖς
895 3645 1222 3719 δπισκόποις
1253 3656 1391 3727 πρὸς
1422 3657 1525 3728 τὴν
1553 3659 1970 3717 Κωνσταντίνου

393 3738 644 3809 οὐδαμῶς
693 3740 963 3813 ἐδυνήθη·
995 3743 1200 3817 καίπερ
1255 3747 1555 3816 ἀναγκαῖος
1602 3742 1744 3803 εἶναι
1793 3750 1972 3808 δοκῶν

397 3830 537 3902 πρὸς
563 3832 662 3897 τάς
710 3835 856 3889 κατὰ
899 3835 1146 3891 Ἰωάννου
1179 3839 1502 3908 ἐπιϐουλάς.
1541 3842 1780 3898 Ἔπειτα
1832 3844 1971 3918 πρὸς

396 3924 458 3978 τὸ
510 3928 697 3999 χεῖρον
752 3929 1076 3999 γενόμενος,
1109 3932 1388 4005 διαφόρως
1452 3936 1557 3990 ὑπὸ
1603 3938 1717 3992 τῶν
1767 3940 1972 4011 ίατρῶν

398 4019 718 4091 ἁπεπρίσθη
751 4021 812 4075 τὸ
843 4023 1053 4087 σκέλος.
1087 4025 1343 4097 Σηπεδὼν
1369 4030 1480 4099 γὰρ
1514 4031 1725 4086 ἐκεῖθεν
1777 4035 1970 4104 ἐπιγε-

398 4110 598 4182 νομένη
653 4114 718 4165 τὸ
770 4113 880 4166 πᾶν
937 4117 1100 4184 σῶμα
1146 4116 1359 4187 μετῄει,
1393 4119 1468 4181 ὡς
1505 4120 1600 4172 καὶ
1646 4121 1742 4177 τὸν
1779 4123 1974 4195 ἕτερον

399 4202 540 4257 πόδα
566 4205 636 4257 τὰ
664 4203 759 4257 lca.
791 4205 986 4260 παθεῖν
1015 4209 1080 4278 τῇ
1117 4209 1407 4277 μεταδόσει
1431 4210 1530 4264 τοῦ
1564 4213 1792 4280 πάθους.
1832 4219 1973 4272 Ἀλλ’

397 4295 429 4348 ό
479 4295 580 4365 μὲν
634 4298 696 4350 οὐ
734 4299 919 4370 πολλῷ
953 4298 1183 4372 ὕστερον
1225 4303 1292 4372 τῇ
1350 4301 1448 4354 τοῦ
1498 4303 1724 4369 σκέλους
1788 4309 1973 4383 πληγῇ

399 4386 658 4444 ἐτελεύτα
685 4390 779 4444 τὸν
810 4391 944 4460 βίον,
993 4392 1288 4464 Ἀρσακίου
1316 4395 1409 4448 τὸν
1449 4393 1642 4467 θρόνον
1670 4398 1972 4469 διέποντος,

400 4479 564 4545 ἀξίαν
613 4482 853 4556 epotam
900 4484 1010 4540 τῶν
1060 4486 1205 4540 κατὰ
1261 4485 1356 4541 τοῦ
1400 4488 1551 4542 όσίου
1574 4489 1786 4564 ὕϐρεων
1822 4497 1977 4570 είλη-

402 4591 542 4644 φως.

2072 3300 2272 3357 scopus
2294 3283 2553 3358 Cyrinus,
2587 3285 2752 3358 382
2789 3283 3082 3355 Theophili
3123 3283 3426 3354 popularis.
3455 3278 3632 3350 :Egyp

2074 3380 2186 3434 tius
2217 3377 2494 3434 videlicet.
2540 3376 2643 3434 llic
2677 3378 2910 3435 multum
2958 3377 3036 3431 illi
3068 3375 3365 3447 gratiﬁcari
3415 3372 3650 3433 studuit,

2071 3472 2269 3530 Joanni
2303 3486 2468 3543 quam
2503 3471 2743 3527 maxime
2775 3469 3061 3526 inimicus.
3092 3469 3285 3538 Itaque
3311 3482 3655 3538 progressus,

2071 3565 2341 3622 Joannem
2389 3564 2661 3620 conviciis
2717 3561 3016 3636 plurimum
3087 3561 3375 3634 proscidit,
3427 3560 3654 3630 impium

2073 3657 2250 3723 illum,
2282 3656 2619 3711 insolentem
2673 3665 2730 3710 et
2755 3655 3111 3710 inﬂexibilem
3143 3655 3438 3709 nominans
3473 3671 3486 3708 :
3529 3652 3652 3721 qui-

2073 3750 2180 3806 bus
2210 3749 2376 3804 dictis
2419 3748 2661 3821 episcopi
2685 3757 2816 3805 sunt
2860 3748 3139 3805 delectati.
3197 3746 3404 3802 Verum
3460 3746 3639 3804 illum.

2072 3857 2242 3913 parva
2289 3843 2667 3899 intercedente
2720 3856 2898 3908 mora,
2951 3841 3023 3897 ob
3085 3841 3317 3914 injurias
3381 3839 3652 3911 ejusmodi

2079 3937 2265 3992 divina
2324 3936 2568 3993 vindicta
2630 3945 2923 4008 persecuta
2982 3944 3091 3990 est.
3147 3935 3428 3989 Marntltas
3479 3937 3654 3998 enim,

2073 4030 2480 4100 Mesopotamia:
2495 4032 2810 4102 episcopus,
2834 4029 3158 4100 imprudens
3190 4030 3422 4082 alterum
3455 4029 3657 4097 pedum

2073 4123 2197 4195 ejus
2223 4123 2681 4180 calcavit:unde
2719 4125 2808 4180 ille
2880 4125 3025 4179 male
3099 4122 3304 4178 habere
3344 4123 3534 4190 erepit,
3603 4134 3662 4176 ul.

2074 4228 2367 4290 propterea
2389 4234 2515 4275 cum
2555 4219 2786 4289 reliquis
2807 4219 3081 4290 episeopis
3120 4216 3655 4285 Constantinopolim

2077 4313 2352 4385 proﬁcisci
2387 4327 2736 4383 nequaquam
2765 4314 2967 4381 potuit,
2996 4310 3246 4382 quamvis
3276 4309 3342 4363 ad
3363 4308 3658 4364 struendas

2076 4405 2278 4462 Joanni
2316 4407 2542 4462 insidias
2572 4406 2922 4463 necessarius
2969 4420 3091 4460 esse
3117 4405 3414 4458 videretur.
3448 4403 3657 4458 Deinde

2079 4510 2266 4556 antem
2300 4515 2427 4557 cum
2461 4499 2769 4555 deteriores
2795 4499 2971 4554 multo
3007 4513 3094 4552 res
3119 4496 3239 4567 ejus
3285 4497 3503 4561 ﬁerent,
3532 4513 3658 4550 crus

2005 4587 2051 4642 ῐ)
2079 4595 2132 4650 ei
2166 4609 2195 4649 a
2223 4592 2457 4648 medicis
2479 4592 2646 4648 etiam
2672 4601 2757 4647 est
2778 4589 3331 4646 resectutn.Putredo
3359 4589 3505 4644 enim
3537 4588 3662 4646 inde

399 4684 594 4729 exorta
656 4672 731 4730 ita
763 4676 1040 4748 reliquum
1070 4695 1275 4750 corpus
1299 4683 1522 4746 invasit.
1551 4696 1612 4740 ut
1640 4687 1970 4757 contagione
2008 4690 2242 4747 alterum
2307 4704 2529 4761 quoque
2567 4688 2758 4744 itidem
2815 4687 3010 4760 pedem
3031 4687 3343 4757 occuparit.
3373 4685 3515 4751 Quin
3549 4700 3659 4740 non

402 4769 576 4824 multo
604 4770 772 4826 etiam
820 4782 944 4841 post
972 4790 1036 4830 ea
1067 4778 1183 4847 ipsa
1215 4777 1370 4849 plaga
1402 4779 1570 4834 vitam
1608 4779 1772 4847 ﬁniit,

1866 4783 2099 4854 gratiam
2169 4801 2290 4839 eam
2357 4784 2732 4850 contumeliis,
2768 4783 2971 4855 quibus
3010 4783 3185 4839 virum
3215 4792 3466 4838 sanctum
3529 4782 3662 4836 alle-

400 4872 574 4928 cerat,
607 4872 891 4934 acceptam
951 4869 1153 4926 ferens.
1185 4869 1359 4942 Cujus
1412 4871 1674 4928 thronum
1715 4873 1979 4929 Arsacius
2018 4877 2229 4948 recepit
2261 4876 2363 4946 μ).

994 4984 1246 5041 ΚΕΦΑΛ.
1277 4986 1380 5043 ῙΕ’.

407 5074 548 5142 Περὶ
579 5072 691 5142 τῆς
734 5074 1162 5145 ἀθροισθείσης
1211 5079 1363 5133 κατὰ
1398 5078 1682 5136 Ἰωάννου
1705 5083 1978 5138 συνόδου

472 5145 1063 5269 ἐὲυἰτοὲιρῬυυςρίνου
1081 5162 1094 5176 °
1125 5149 1228 5203 καί
1262 5150 1342 5217 ὡς
1367 5151 1600 5222 ἐρήμην
1624 5152 1977 5209 admiratur-

473 5233 503 5270 ε
571 5233 647 5270 κα
711 5253 742 5271 ..

487 5332 639 5382 Ἐπεὶ
661 5331 716 5384 δὲ
740 5333 834 5386 καὶ
856 5331 1116 5401 Θεόφιλος
1136 5338 1202 5403 τῇ
1220 5336 1637 5391 Κωνσταντίνου
1652 5337 1983 5408 διεπερτιώ-

2693 4991 2918 5048 CAPUT
2950 4989 3062 5045 XV.

2084 5081 2160 5136 De
2182 5083 2381 5152 synodo
2408 5085 2475 5138 ad
2507 5082 2804 5149 basilicam,
2841 5083 2925 5135 cui
2951 5097 3134 5136 nomen
3164 5091 3277 5152 erat
3303 5079 3500 5146 Ruﬁni,
3533 5097 3659 5135 con-

2157 5151 2239 5208 tra
2274 5153 2538 5209 Joannem
2568 5160 2932 5222 congregata:
2980 5162 3029 5207 ct
3073 5153 3148 5206 uti
3191 5151 3423 5206 Joannes
3468 5153 3656 5205 absens

2154 5226 2351 5280 indicta
2378 5242 2534 5279 causa
2560 5226 2626 5278 sit
2657 5227 2960 5278 damnatus.

2155 5337 2257 5394 Ubi
2285 5353 2416 5392 vero
2447 5335 2790 5407 TheOphilus
2809 5335 3349 5405 Constanlitmpolitn
3384 5334 3654 5403 pervenit,

404 5423 494 5493 θη,
525 5423 705 5488 οὐδεὶς
733 5426 846 5479 τῶν
879 5427 976 5494 τῆς
1009 5429 1663 5494 Κωνσταντινουπόλεως,
1691 5429 1882 5500 ὥσπερ
1913 5432 1971 5503 ἦε.

2084 5448 2247 5488 nemo
2283 5433 2380 5492 illi.
2416 5447 2514 5503 pro
2556 5441 2772 5501 recepta
2816 5431 3238 5494 consuetudine,
3261 5446 3322 5485 ex
3348 5429 3660 5484 Constantia

407 5517 550 5584 ἔθος,
581 5519 859 5589 ὕπήντητο
882 5519 1185 5589 κληρικῶν.
1203 5520 1369 5589 Δῆλος
1401 5523 1506 5591 γὰρ
1537 5518 1607 5592 ἦν
1631 5523 1685 5586 ἐς
1713 5524 1883 5593 ἀκρον
1902 5524 1971 5592 τῷ

2083 5527 2408 5595 nopolitano
2436 5527 2585 5579 clero
2617 5525 2834 5579 obviam
2869 5525 3160 5595 proresiit,
3212 5523 3357 5592 quod
3396 5524 3658 5576 omnibus

405 5610 697 5681 ἑπισκόπῳ
736 5612 1007 5683 δυσμενὴς
1040 5613 1344 5677 καθεστώς.
1395 5615 1469 5666 Τὸ
1496 5614 1555 5665 δὲ
1593 5615 1694 5684 τῆς
1728 5615 1981 5682 ’Λλεξαν-

2082 5625 2384 5680 Cunslurt't,
2416 5617 2701 5671 inimicum
2732 5631 2858 5670 eum
2885 5617 3284 5686 episcopicsse.
3318 5615 3504 5669 Nautzu
3529 5632 3659 5668 vero

405 5700 582 5774 δρέων
613 5705 892 5770 ναυτικὸν,
923 5706 1017 5759 καὶ
1049 5707 1292 5777 μάλιστα
1322 5708 1446 5760 ὅσον
1477 5706 1566 5760 διὰ
1587 5705 1691 5776 τὴν
1725 5709 1971 5777 σιτηγὶακ.

2083 5690 2461 5770 Alexandrini,
2495 5719 2550 5764 ct
2575 5710 2809 5763 maxime
2836 5711 2929 5780 qui
2956 5709 3291 5766 frumentum
3320 5724 3385 5762 eo
3419 5710 3656 5760 advexe-

483 5893 560 5966 (ί)
596 5893 718 5950 ll:cc
738 5894 901 5950 verba
942 5891 1010 5950 de
1035 5895 1261 5953 Arsacia
1286 5899 1430 5971 apud
1462 5901 1741 5958 Socratem
1767 5911 1817 5957 ct
1854 5905 1891 5950 ἢ
1913 5916 2045 5953 ’νγ-η

2053 5917 2214 5956 εδει-ειη
2253 5914 2361 5956 non
2395 5897 2770 5968 reperiuntur.
