4014 6228
409 228 548 289 1033

1634 213 2053 277 NlCEPllOilI
2094 211 2436 270 GALLISTI

3521 199 3664 266 10M

401 339 842 401 transverberat;
867 330 1067 386 deinde
1096 329 1331 386 alterum
1357 344 1576 399 quoque
1603 313 1843 400 jugulat,
1867 323 1960 394 qui

2084 322 2216 386 loa't’;
2272 325 2364 376 tul
2427 322 2669 392 σχήμασι
2732 315 3271 389 παρακελευομένου
3340 313 3443 366 {ir-:3
3497 313 3662 383 χεῖρα

400 433 467 487 ad
495 431 656 502 primi
689 430 839 485 illius
880 430 1048 484 ictum
1074 425 1514 485 ext-laniaverat;
1550 422 1776 477 tertium
1816 420 1970 471 insu-

400 539 497 596 per
523 522 794 578 confodit.
827 524 1065 587 Etcum,
1097 521 1261 577 simili
1289 518 1402 572 ﬁeri
1430 519 1590 578 Solet,
1628 514 1894 567 tumultus
1915 522 1973 565 ct

401 617 726 672 vociferatio
763 624 954 670 exorta
987 623 1155 676 esset,
1192 613 1285 668 illc
1321 623 1498 664 tamen
1533 608 1806 662 violenter
1829 603 1972 657 elin-

401 713 481 779 git
517 729 532 764 :
564 710 864 779 multisque
893 723 1018 762 eum
1046 703 1532 776 persequentibus,
1574 710 1734 768 atque
1763 699 1972 752 clamo-

403 806 556 858 ribus
612 801 894 872 signisque
941 796 1421 858 denunliantibus,
1468 802 1525 845 ut
1567 805 1865 860 percussor
1918 790 1970 842 in

401 897 527 966 luga
557 903 817 963 exceptus
852 891 1436 962 comprehenderetur,
1467 886 1630 958 396
1656 901 1721 938 ex
1775 883 1973 936 balneo

400 992 623 1061 quidam
663 996 786 1058 post
820 987 1080 1040 lationem
1137 997 1267 1038 casu
1322 981 1559 1050 quodam
1602 990 1930 1047 progressus
1955 1011 1972 1039 ,

401 1085 685 1138 hominem
751 1076 1196 1148 comprehendit.
1260 1074 1463 1129 lic-rum
1514 1079 1570 1124 et
1619 1069 1708 1122 hic
1748 1081 1973 1138 quoque

402 1174 692 1229 confestim
737 1173 977 1242 pugione
1006 1169 1151 1225 ictus
1181 1167 1428 1222 concidit
1449 1209 1463 1229 ,
1491 1177 1546 1218 et
1583 1172 1836 1217 mortuus
1867 1170 1970 1216 cst.

400 1269 505 1326 Ubi
552 1277 735 1323 autent
766 1267 820 1319 in
865 1272 1048 1335 partes
1073 1278 1264 1314 oimnes
1290 1259 1630 1331 profugiens,
1661 1273 1689 1311 a
1721 1257 1974 1310 multiiu-

401 1364 552 1424 dine,
581 1376 702 1430 quae
731 1373 859 1413 eum
903 1355 1297 1419 circumdedit,
1337 1362 1530 1422 captus
1571 1359 1684 1413 est,
1716 1350 1770 1404 in
1803 1349 1976 1418 impe-

403 1457 597 1510 rialcm
645 1455 870 1508 domum
921 1464 1047 1504 eum
1089 1450 1178 1502 illa
1222 1447 1498 1501 abduxit:
1536 1453 1591 1499 et
1637 1459 1762 1498 eum
1792 1442 1860 1496 ab
1907 1457 1974 1496 eo

407 1551 502 1620 qui
549 1563 693 1602 unus
745 1561 812 1600 ex
871 1545 980 1600 illis
1024 1544 1118 1612 qui
1174 1542 1440 1595 Joannem
1481 1538 1751 1602 odissent,
1805 1546 1970 1597 esset.

395 1654 524 1697 tum
553 1642 622 1696 ab
655 1641 736 1696 eis
765 1639 858 1710 qui
900 1639 1054 1705 illum
1096 1636 1164 1690 ad
1198 1635 1411 1689 facinus
1437 1641 1645 1686 tantutu
1689 1628 1978 1699 produxis~

403 1747 546 1799 sunt,
593 1748 782 1804 pmnas
832 1729 1129 1784 summulas
1175 1742 1298 1782 esse
1358 1724 1644 1795 ﬂagitavit.
1681 1721 1981 1776 Praefectus

407 1842 540 1881 vero
578 1824 865 1882 hominem
901 1821 1166 1892 suscepit,
1197 1819 1364 1874 veluti
1395 1819 1460 1872 ad
1490 1817 1821 1887 supplicium
1847 1829 1974 1870 eum

404 1927 876 1981 ccnscrraturus,
912 1917 1324 1984 clamoremque
1373 1911 1553 1982 plebis
1601 1908 1970 1979 compescuit.

407 2014 566 2070 Alius
624 2023 848 2082 quoque
901 2007 1176 2081 daemonio
1237 2005 1434 2075 agitari
1497 2020 1556 2058 se
1620 2001 1976 2064 assimulans,

408 2107 704 2178 pugionem
757 2117 923 2157 manu
958 2112 1153 2156 tenens
1202 2098 1268 2153 ad
1303 2097 1511 2153 caedem
1563 2095 1739 2151 sancti
1773 2094 1876 2150 viri
1918 2108 1978 2148 se

411 2198 625 2268 paravit
659 2213 673 2252 :
706 2197 802 2252 sed
833 2195 1046 2251 scelere
1082 2193 1328 2246 nondum
1365 2197 1579 2256 patrato
1613 2186 1980 2257 comprehen-

392 2306 524 2365 ενδ,
557 2287 819 2359 tanquam
854 2287 922 2341 ad
966 2285 1233 2355 ﬂagitium
1269 2282 1322 2336 id
1359 2280 1610 2336 mercede
1642 2279 1978 2343 conductus,

409 2387 476 2437 ad
523 2381 843 2454 prxfectum
897 2379 1086 2433 itidem
1136 2377 1412 2431 abductus
1471 2381 1578 2428 est.
1641 2371 1976 2443 Priusquam

409 2488 602 2534 autem
631 2482 906 2530 tormenta
934 2473 1010 2527 illi
1053 2471 1488 2535 adhiberentur,
1522 2469 1766 2525 Joannes
1796 2466 1982 2522 missis

411 2567 508 2635 qui
549 2581 674 2620 cum
709 2578 776 2620 eo
813 2571 976 2618 erant
1006 2562 1319 2632 episcopis,
1365 2561 1638 2632 supplicio
1690 2575 1814 2615 eum
1855 2574 1983 2614 exe-

415 2663 536 2724 mit,
570 2657 715 2730 quod
753 2656 1028 2714 neminem
1057 2671 1152 2711 sua
1189 2669 1353 2709 causa
1391 2655 1501 2724 pati
1533 2654 1838 2725 quidquam
1867 2653 1985 2707 vel-

414 2754 508 2806 let.
561 2750 774 2806 Accidit
826 2763 1048 2819 quoque
1113 2745 1264 2802 aliud
1312 2746 1596 2816 quiddam.
1642 2746 1789 2817 quod
1851 2759 1984 2801 sane

415 2845 777 2914 providentia:
832 2841 927 2898 Dei
982 2841 1196 2895 factum
1230 2840 1463 2902 exstitit,
1511 2838 1751 2894 ministri
1797 2848 1982 2893 autem

415 2942 534 3011 eius
569 2954 690 2993 esse
719 2939 892 2992 visum
927 2946 1010 2990 cst
1040 2953 1054 2990 :
1102 2935 1155 2989 id
1206 2934 1296 2990 hic
1324 2934 1390 2987 ad
1436 2943 1704 2989 terrorem
1739 2946 1797 2990 et
1834 2948 1986 2990 com-

2076 419 2251 470 ποιεῖν
2285 416 2378 470 τὶν
2427 416 2699 484 φεύγοντα
2730 406 2820 466 οἷα
2871 412 3064 481 ιρπενους
3113 404 3561 478 ἐξειργασμένον,
3591 406 3664 457 ἐκ

2075 510 2358 581 βαλανείου
2383 528 2466 574 τις
2493 507 2839 578 λελουμένος,
2874 507 2936 559 ἐκ
2977 505 3072 558 τοῦ
3109 505 3452 574 παρήκοντος
3477 503 3658 564 διιὼν,

2077 605 2509 673 συνελάμϐανεν.
2543 602 2720 665 Εὐθὺς
2758 600 2816 654 δὲ
2843 600 2933 654 καὶ
2965 591 3124 662 οὗτος
3151 597 3231 668 τῷ
3279 594 3658 666 παραξιφιδίιρ

2076 695 2331 767 πληγεὶς,
2366 695 2558 766 νεκρδς
2589 693 2789 748 ἔκειτο.
2836 692 2992 745 Ἐπεὶ
3019 691 3075 745 δὲ
3111 689 3392 755 πανταχοῦ
3427 689 3514 742 δια
3532 686 3657 755 ρεῦ-

2073 806 2186 858 γων
2215 788 2320 841 ὑπὸ
2341 788 2435 842 τοῦ
2471 786 2714 857 πλήθους
2749 785 3040 856 θηρευθεὶς
3071 781 3384 848 ἐκυκλώοη,
3443 781 3538 833 ἐπὶ
3582 781 3657 834 τὰ

2076 881 2326 954 βασίλεια
2381 880 2600 949 ἄγεται.
2653 877 2774 932 Τῶν
2830 877 2874 930 δ’
2907 877 3373 948 ἀπεχθανομένων
3429 874 3656 948 Ἰωάννῃ

2075 978 2236 1030 αὐτόν
2257 993 2317 1029 τε
2350 969 2495 1030 εἶναι
2525 974 2641 1038 ἕνα,
2675 971 2770 1026 καὶ
2799 973 2925 1026 τοὺς
2952 973 3029 1032 είς
3058 969 3218 1024 τοῦτο
3236 969 3656 1039 προαγαγόντας

2072 1073 2230 1143 δίκην
2258 1071 2425 1144 ᾔτουν
2458 1070 2666 1124 λαϐεῖν.
2709 1069 2769 1122 ’0
2793 1067 2851 1121 δὲ
2887 1065 3133 1136 ὕπαρχος
3167 1064 3357 1118 τοῦτον
3399 1060 3655 1131 παραλαο

2073 1166 2206 1231 ϐὼν,
2231 1165 2305 1229 ὡς
2355 1165 2450 1218 ἐπὶ
2480 1163 2772 1234 τιμιωρίαν
2803 1161 3077 1234 φυλάξων,
3117 1160 3214 1231 τὴν
3255 1157 3386 1229 βοὴν
3423 1155 3516 1209 τοῦ
3556 1153 3656 1223 δή·

2079 1274 2178 1327 μου
2213 1256 2367 1328 μόλις
2396 1256 2768 1310 κατέστειλεν.
2805 1255 2920 1310 Καὶ
2948 1253 3105 1316 ἄλλος
3130 1251 3395 1322 δαιμονᾷν
3422 1249 3655 1318 ὐποκρι-

2075 1351 2323 1420 νόμενος,
2343 1344 2676 1421 ἐγχειρῖδίον
2712 1351 2778 1420 τῇ
2815 1347 2965 1419 χειρὶ
2995 1347 3266 1416 κατέχων,
3293 1344 3369 1406 ὡς
3391 1342 3483 1396 ἐπὶ
3509 1358 3652 1411 σφα-

2075 1445 2180 1514 γὴν
2211 1442 2306 1496 τοῦ
2342 1441 2499 1512 άγίου
2539 1439 3002 1512 παρεσκευάζετο.
3035 1441 3220 1510 Μήπω
3261 1437 3320 1492 δὲ
3357 1439 3421 1508 τῇ
3453 1434 3654 1506 πράξει

2077 1534 2352 1590 ἐπιϐαλὼν
2373 1535 2668 1607 φωραθεὶς,
2685 1529 2884 1604 οἷάπερ
2905 1533 3111 1602 ὠνητδς
3135 1532 3215 1600 τῷ
3231 1532 3464 1602 ὑπάρχῳ
3480 1543 3656 1598 προσ-

2078 1629 2293 1696 άγεται.
2350 1629 2525 1698 Πρινὴ
2560 1628 2606 1683 δ’
2640 1627 2828 1690 αἰκίας
2881 1626 3092 1686 λαϐεῖν.
3134 1625 3391 1693 Ἰωάννης
3423 1621 3658 1675 ἐπισκό-

2031 1721 2048 1741 ’
2081 1739 2213 1788 πους
2241 1722 2462 1793 πέμψας
2493 1723 2603 1775 τῶν
2660 1721 2802 1791 ἀμφ’
2835 1721 3020 1782 αὗτὺν,
3054 1720 3154 1788 τῆς
3188 1718 3462 1788 τιμωρίας
3515 1713 3660 1780 ἐξεί-

2077 1816 2223 1883 λετο,
2263 1820 2336 1888 μή
2363 1834 2487 1870 τινα
2516 1819 2748 1886 πάσχειν
2774 1814 2842 1869 δι’
2877 1814 3040 1869 αὐτὸν
3062 1813 3362 1885 ᾑρημένος.
3389 1808 3499 1863 Kal
3525 1807 3657 1862 ἄλλο

2079 1909 2136 1961 δέ
2165 1925 2218 1960 τι
2251 1906 2490 1976 συμϐὰν,
2517 1906 2677 1976 ἔργον
2709 1904 2809 1974 μὲν
2836 1902 3091 1975 προνοίας
3107 1901 3273 1976 Θεοῦ,
3303 1899 3460 1964 δόξαν
3479 1899 3536 1951 δὲ
3562 1895 3656 1948 τοῦ

2079 2000 2284 2055 οἰκείου
2315 1974 2668 2070 θεράποντος,
2691 2001 2770 2062 είς
2796 1974 2960 2066 φόϐον
2977 1996 3034 2050 δέ
3062 1974 3155 2048 καὶ
3172 1993 3525 2064 συναίσθησιν
3545 1991 3660 2044 τῶν

2082 2098 2292 2168 σφόδρα
2324 2095 2614 2166 τολμηρῶν
2669 2095 2762 2148 καὶ
2805 2093 3071 2163 Θρασέων,
3107 2092 3182 2155 ὼς
3221 2091 3362 2153 ἐνὸν,
3393 2089 3658 2158 διηγήτοο

2086 2210 2206 2260 μαι.
2239 2192 2378 2247 Καθ’
2402 2191 2469 2264 ἢν
2499 2191 2608 2262 γὰρ
2661 2189 2876 2262 ἡμέραν
2907 2189 2935 2243 ὁ
2986 2187 3156 2258 μέγας
3183 2188 3282 2256 τῆς
3324 2185 3655 2254 Ἐκκλησίας

2084 2287 2259 2357 ἀστὴρ
2301 2284 2504 2340 ὡσανεὶ
2530 2285 2704 2339 δύνων
2753 2283 2888 2354 πρὸς
2917 2283 3016 2352 τὴν
3075 2282 3376 2351 ὑπερορίαν
3429 2279 3652 2350 ἐχώρει,

2083 2379 2197 2449 πῦρ
2232 2380 2294 2431 ἐκ
2321 2379 2486 2447 μέσου
2519 2375 2612 2430 τοῦ
2643 2376 2836 2446 θρόνου
2865 2373 3241 2445 άναθορὸν,ἐφ’
3275 2373 3335 2427 οὗ
3365 2374 3426 2428 τὸ
3449 2373 3546 2442 τῆς
3579 2372 3660 2425 δι·-

2085 2469 2382 2533 δασκαλίας
2412 2466 2777 2539 προσεδρεῦον
2816 2466 2934 2536 φῶς
2971 2467 3408 2534 κατεπύρσευεν,
3437 2466 3655 2528 οὐδενδις

2085 2563 2436 2634 ἐμϐαλόντος,
2483 2561 2745 2631 ἐξαπίνης
2778 2561 2866 2614 διὰ
2897 2560 3007 2614 τῶν
3060 2560 3224 2631 ἱερῶν
3269 2562 3528 2631 άνεῑρπεν
3574 2560 3657 2620 είς

2087 2660 2221 2730 ὕψος
2257 2658 2523 2725 ἁλύσεων,
2565 2657 2660 2712 καὶ
2681 2658 2779 2729 τὴν
2815 2656 3120 2727 ἐκκλησίαν
3167 2659 3432 2714 πάντοθεν
3463 2658 3660 2711 ἐπεϐὁο

2089 2770 2271 2817 σκετο,
2304 2753 2487 2808 πᾶσαν
2517 2768 2573 2807 τε
2596 2751 2792 2822 ἀθρόον
2812 2751 3114 2823 διαδραμὸν
3147 2752 3389 2823 ἐνεμήθη
3417 2771 3430 2786 ·
3465 2753 3658 2807 ἔπειτα

2087 2853 2181 2906 xal
2209 2853 2310 2922 τὴν
2339 2850 2541 2920 στέγην
2576 2848 2866 2919 διαφαγδν,
2898 2849 3044 2904 κατὰ
3084 2851 3256 2904 νώτου
3299 2850 3410 2906 τῶν
3440 2847 3660 2904 σεπτῶν

2087 2945 2354 3016 δωμάτων
2391 2941 2610 3014 ἐχώρει.
2667 2940 2908 3012 Σφοδρδν
2953 2940 2999 2994 δ’
3027 2941 3240 2996 ἐκεῖθεν
3299 2942 3521 3013 πνεῦμα
3561 2945 3661 2997 καὶ

414 3033 713 3088 motionem
775 3031 1056 3084 hominum
1127 3028 1530 3099 praecipitanter
1585 3027 1876 3084 audacium
1931 3035 1981 3082 el

2091 3038 2264 3109 βίαιον
2292 3036 2678 3106 ἐκλαϐόμενον,
2716 3034 2810 3088 ἐπὶ
2828 3032 2921 3088 τὸν
2952 3033 3363 3105 παρακείμενοι
3396 3038 3531 3106 πρὸς
3565 3052 3664 3105 με-

418 3128 874 3190 temerariorum,
941 3135 1211 3194 quantum
1267 3132 1482 3194 potero,
1543 3139 1837 3193 exponam.
1901 3123 1984 3180 Eo

419 3233 660 3288 namque
707 3217 794 3270 die
840 3231 952 3284 quo
996 3228 1250 3284 magnum
1289 3212 1546 3268 Ecclesia:
1593 3213 1765 3277 sidus,
1815 3213 1984 3268 veluti

417 3313 697 3376 occidens,
731 3309 786 3362 in
819 3308 1072 3362 exsilium
1095 3306 1249 3377 abiit,
1283 3305 1425 3376 ignis
1459 3321 1527 3361 ex
1549 3305 1731 3360 medio
1759 3305 1982 3369 throno,

419 3407 476 3460 in
503 3419 613 3474 quo
645 3401 910 3458 doctrinae
935 3400 1023 3455 illa
1055 3401 1147 3454 lux
1178 3399 1473 3454 eonsidens
1496 3409 1888 3454 coruscaverat
1912 3442 1926 3463 ,
1955 3417 1984 3454 a

419 3501 642 3556 nemine
698 3498 1004 3568 conjectus,
1040 3493 1283 3550 emicans
1323 3495 1621 3564 derepente
1660 3510 1758 3561 per
1799 3509 1987 3548 sacras

420 3605 643 3648 catenas
703 3593 758 3646 in
816 3590 1052 3646 sublime
1104 3587 1398 3657 prorepsit,
1450 3594 1507 3639 et
1563 3586 1858 3640 ecclesiam
1921 3601 1988 3639 ex

421 3689 572 3742 omni
625 3697 782 3757 parte
822 3684 1066 3754 carpsit,
1115 3694 1348 3750 eamque
1397 3693 1622 3749 prorsus
1657 3692 1989 3748 percurrens

422 3782 686 3851 depastus
715 3788 799 3833 est
839 3792 855 3833 :
891 3773 1091 3830 deinde
1124 3781 1267 3828 tecto
1295 3787 1513 3842 quoque
1542 3778 1890 3840 consumpto,
1921 3769 1988 3822 ad

425 3887 638 3945 tergum
675 3885 954 3927 sacrarum
990 3867 1189 3924 aedium
1234 3881 1559 3930 comersus,
1586 3874 1642 3918 ct
1679 3863 1989 3918 vehementi

423 3971 781 4034 violentoque
817 3963 945 4018 inde
975 3971 1138 4017 vento
1165 3969 1446 4030 exceptus,
1480 3961 1786 4030 proximam
1821 3958 1994 4013 .meri-

427 4065 575 4117 diem
615 4075 807 4114 versus
834 4065 1063 4111 senatus
1086 4054 1334 4116 curiam,
1366 4054 1625 4124 quamvis
1653 4053 1990 4123 longiuscule

427 4154 704 4216 dissitam,
732 4149 955 4203 invasit.
1007 4144 1244 4201 Cernere
1272 4158 1395 4198 erat
1429 4159 1542 4198 rem
1580 4144 1822 4199 divinam
1855 4145 1990 4213 fere,

428 4255 484 4298 et
542 4242 702 4296 valde
752 4239 1158 4293 admirandam.
1238 4236 1484 4291 Flaunna
1541 4252 1774 4307 namque
1818 4240 1989 4294 veluti

427 4337 671 4391 animata
694 4342 864 4396 esset,
908 4330 1138 4386 aediﬁcia
1164 4345 1282 4400 quae
1317 4330 1372 4383 iu
1405 4330 1587 4384 medio
1617 4339 1776 4386 erant
1800 4372 1814 4394 ,
1855 4347 1992 4402 pra:-

2089 3129 2367 3202 σημϐρίαν
2396 3128 2493 3198 τῆς
2522 3127 2828 3198 συγκλήτου
2866 3125 3068 3199 βουλῆς
3097 3122 3270 3194 οἷκον,
3322 3129 3526 3198 καίπερ
3573 3128 3661 3183 διὰ

2093 3221 2307 3292 μακροῦ
2345 3220 2619 3291 κείμενον,
2655 3219 2988 3288 ἐξετίνασσε.
3029 3220 3137 3274 Καὶ
3163 3216 3230 3292 ἦν
3260 3221 3389 3274 ίδεῖν
3426 3225 3663 3292 πρᾶγμα

2089 3316 2229 3368 θεῖον
2251 3316 2327 3376 ὡς
2354 3312 2593 3384 ἀληθῶς,
2625 3314 2719 3366 καὶ
2752 3311 2873 3365 λίαν
2893 3311 3130 3378 ἐξαίσιον
3153 3328 3169 3344 ο
3199 3314 3232 3384 ἡ
3257 3313 3368 3382 γὰρ
3393 3312 3542 3383 φλὸξ,
3572 3308 3661 3369 οἷά

2087 3425 2172 3470 τις
2199 3404 2442 3477 ἔμψυχος
2476 3403 2917 3476 παραδραμοῦσα
2973 3403 3042 3458 τὰ
3083 3405 3287 3475 μεταξὺ
3323 3405 3658 3480 ὑπερήλατο,

2086 3503 2163 3566 ὡς
2205 3501 2271 3554 ἂν
2309 3500 2385 3572 μὴ
2416 3503 2484 3572 τῇ
2531 3500 2799 3571 ἐγγύτητι
2830 3498 3171 3570 ἀνθρώπινόν
3217 3517 3305 3564 τις
3352 3501 3567 3574 οἰηθείη
3601 3503 3668 3555 τὸ

2089 3593 2273 3665 ἔργον.
2334 3594 2442 3648 Kal
2478 3593 2560 3658 είς
2604 3595 2758 3665 τρεῖς
2815 3592 2967 3664 ὧρας
3021 3595 3255 3649 είσάπαν
3294 3595 3356 3648 τὸ
3404 3594 3666 3650 τοσοῦτον

2089 3689 2252 3760 ἔργον
2283 3687 2379 3742 καὶ
2429 3686 2625 3758 χρόνου
2657 3687 3038 3758 ὑπερτερῆσαν
3091 3687 3313 3754 πολλοῦ,
3345 3687 3448 3761 ὕλῃ
3477 3689 3576 3759 μὲν
3602 3692 3663 3753 ἐς

2095 3779 2444 3833 πολυτέλειαν
2478 3777 2704 3849 πρώτην
2756 3776 2981 3848 ἀνῆκον,
3028 3779 3355 3848 περικαλλὲς
3391 3780 3449 3834 δὲ
3481 3779 3661 3844 άλλως

2093 3874 2186 3926 καὶ
2217 3871 2578 3940 ὡραιότατον,
2603 3869 2984 3940 παρανάλωμα
3011 3871 3204 3940 γέγονε
3240 3873 3496 3944 χωρῆσαν
3525 3875 3663 3943 πρὸς

2093 3965 2153 4018 τὸ
2187 3965 2262 4034 μὴ
2289 3963 2368 4018 ὅν.
2405 3963 2586 4018 Πάντα
2625 3962 2683 4016 δὲ
2704 3961 2773 4016 τὰ
2801 3961 2989 4033 κύκλῳ
3031 3965 3316 4036 παρέρπον
3339 3967 3398 4018 τὸ
3431 3968 3543 4039 πῦρ
3569 3968 3663 4020 καὶ

2093 4057 2501 4126 διανεμόμενον,
2531 4053 2625 4108 τοῦ
2675 4055 2925 4109 οίκίσκου
2965 4056 3129 4126 μόνου
3163 4059 3424 4126 ἐφείδετο,
3473 4060 3504 4114 ὃ
3553 4061 3664 4115 τῶν

2096 4149 2256 4203 θείων
2312 4148 2526 4203 σκευῶν
2573 4144 2687 4220 εἷχε
2734 4147 2830 4220 τὴν
2863 4149 3136 4222 φυλακήν.
3169 4153 3278 4206 Kal
3304 4153 3465 4207 τοῦτο
3507 4150 3664 4224 οἶμαι

2095 4238 2349 4310 γενέσθαι
2379 4240 2479 4294 οὐκ
2526 4238 2675 4293 άθεεί
2695 4257 2710 4274 ο
2736 4240 2814 4304 ὡς
2865 4242 2931 4295 ἂν
2963 4241 3040 4313 μή
3064 4261 3178 4298 τινι
3205 4245 3315 4297 τῶν
3369 4247 3667 4318 ᾑρημένων

2101 4334 2458 4400 συκοφαντεῖν
2486 4333 2694 4401 γένοιτο
2727 4334 2952 4406 ἀφορμὴ
2969 4338 3035 4407 τῇ
3070 4338 3182 4391 τῶν
3223 4337 3388 4409 ἱερῶν
3418 4340 3668 4410 ἀπωλείᾳ.

434 4430 644 4485 teriens
708 4424 992 4488 transiliit,
1047 4438 1116 4478 ne
1164 4421 1419 4477 Videlicet
1471 4424 1716 4492 proxima
1764 4440 1981 4495 quaeque

2099 4424 2355 4495 διαϐολὴν
2398 4425 2659 4494 γενναίαν
2719 4427 2986 4496 ῥάπτειν,
3023 4432 3117 4482 καὶ
3154 4429 3346 4500 μῶμον
3393 4431 3475 4502 τῷ
3524 4433 3668 4502 ἁγίῳ

435 4521 749 4591 carpendo,
806 4519 1107 4573 humanum
1156 4515 1212 4570 id
1266 4516 1539 4586 quispiam
1613 4517 1816 4572 laetum
1873 4533 1996 4574 esse

435 4623 676 4686 putaret.
710 4611 1024 4680 Tribusque
1045 4609 1197 4664 horis
1230 4624 1371 4679 Opus
1397 4618 1632 4672 tantum,
1660 4610 1806 4680 quod
1832 4610 1995 4681 longo

435 4709 692 4762 durasset
725 4715 993 4773 tempore,
1022 4701 1251 4755 materia
1279 4700 1503 4770 quidem
1529 4701 1688 4771 longe
1714 4704 2000 4771 pretiosis-

437 4804 598 4863 sima,
638 4800 814 4854 l'orma
851 4805 1042 4851 autem
1075 4795 1248 4849 multo
1306 4794 1677 4864 pulcherrima
1709 4805 1998 4851 construc-

2103 4516 2564 4590 προστρίψασθαι.
2613 4519 2686 4571 Τό
2731 4537 2792 4588 γε
2830 4521 2936 4590 μὴν
2967 4520 3080 4593 πῦρ
3108 4522 3287 4593 δείλης
3315 4522 3475 4592 ὁιῖιίας
3502 4525 3666 4591 ἀρξα-

2107 4627 2288 4682 μενον,
2317 4611 2516 4680 μέχρις
2550 4609 2624 4662 ἒω
2662 4613 2755 4664 καὶ
2803 4614 3115 4684 περαιτέρω
3157 4613 3356 4685 ἐχώρει
3387 4615 3526 4684 πρὸς
3569 4615 3665 4678 τὰς

2104 4705 2186 4758 ἔτι
2227 4700 2573 4766 συνεστώσας
2629 4701 2762 4766 ὕλας
2803 4705 3013 4777 ἕρπον,
3084 4705 3178 4760 καὶ
3244 4705 3428 4778 θοίνην
3490 4707 3666 4762 πάντα

2109 4795 2449 4866 ποιούμενον.

441 4914 579 4964 tum,
615 4897 684 4953 ad
723 4894 996 4953 excidium
1029 4907 1261 4963 vergens
1296 4890 1644 4962 conﬂagravit
1689 4893 1791 4962 (l).
1822 4893 1996 4950 Porro
2037 4895 2356 4952 incendium
2406 4895 2510 4946 hoc
2574 4907 2904 4964 proserpens
2951 4895 3053 4967 (Ξ),
3091 4895 3340 4952 adiﬁciis
3409 4898 3666 4953 omnibus

441 5001 497 5054 in
541 4993 775 5050 circuitu
820 4989 1195 5059 consumptis,
1223 4991 1290 5042 ab
1317 4989 1546 5043 aedicula
1575 5004 1639 5043 ea
1681 4989 1796 5043 sola
1860 4990 2148 5059 abstinuit,
2209 4990 2302 5046 ubi
2363 5004 2518 5044 sacra
2585 5007 2709 5046 vasa
2745 5001 2879 5046 sunt
2927 5003 3226 5047 assi'rvata.
3260 4993 3422 5064 397
3472 4994 3551 5047 Ac
3599 5008 3666 5048 ne

441 5088 495 5140 id
562 5083 786 5154 quidem
849 5081 1058 5150 absque
1096 5081 1287 5135 divino
1348 5080 1575 5134 numine
1620 5079 1828 5136 factum
1883 5097 2006 5138 esse
2044 5095 2211 5154 puto,
2279 5092 2341 5138 ut
2401 5098 2467 5136 ne
2492 5083 2990 5138 calumniatoribus
3022 5087 3241 5141 oceasio
3285 5101 3456 5153 esset,
3485 5103 3666 5143 sacra-

442 5198 564 5236 rutu
593 5178 1006 5249 rcrumjactnra
1040 5177 1304 5247 insignem
1345 5177 1753 5248 sycophantiam
1779 5179 1998 5241 suendi,
2041 5180 2335 5250 virumque
2402 5189 2652 5232 sanctum
2721 5193 2818 5247 per
2869 5179 3355 5247 reprehensionem
3386 5181 3669 5251 carpendi.

452 5277 697 5332 Flamma
737 5289 858 5343 quae
883 5272 1104 5326 circiter
1133 5272 1520 5342 crepusculum
1549 5272 1786 5342 grassari
1857 5282 2121 5342 ceperat.
2152 5274 2218 5327 ad
2245 5287 2502 5327 auroram
2542 5285 2714 5340 usique
2775 5281 2833 5326 et
2891 5273 3125 5329 ulterius
3186 5289 3500 5346 progressa,
3563 5290 3675 5329 ma-

447 5371 645 5427 teriam
679 5383 798 5439 qu-.e
827 5366 1038 5436 reliqua
1063 5365 1245 5420 adhuc
1276 5373 1414 5428 erat,
1452 5367 1742 5434 occupavit
1767 5376 1823 5420 et
1845 5366 2171 5421 combussit.

513 5553 591 5618 (Ι)
625 5549 836 5604 Socrat.
860 5548 1001 5603 libro
1033 5562 1104 5605 νι.
1138 5563 1258 5614 cap.
1316 5546 1398 5601 l8.

513 5616 924 5695 (2)_Adv~ersarii
953 5618 1518 5695 Joannisincendium
1553 5616 1656 5670 hoc
1681 5617 1734 5695 in
1762 5626 1999 5695 sectato-

435 5689 536 5758 res
571 5692 690 5762 ejus
718 5693 1043 5763 rejeceruul.
1071 5690 1137 5742 At
1163 5689 1240 5742 illi
1267 5704 1452 5742 conici
1493 5692 1691 5742 tactum
1720 5690 1772 5740 in
1807 5689 1996 5742 adver-

2104 5547 2277 5601 sarios
2341 5555 2720 5618 regesserunt;
2777 5545 2934 5615 quasi
2996 5562 3100 5618 eos
3133 5563 3242 5603 una
3289 5563 3416 5604 cum
3441 5551 3672 5607 ecclesia

2103 5620 2428 5758 arguiturcrc
2458 5619 2610 5672 vivos
2638 5617 2929 5674 voluerint.
2962 5617 3204 5690 (Sozom.
3235 5619 3336 5675 lib.
3371 5635 3490 5688 rm,
3549 5635 3672 5694 cap.
