4014 6228
426 301 562 365 ῙΟ35

1635 303 2049 365 ΝΙΟΕΡΠΟῙΗ
2096 307 2439 368 GALLISTI

3514 306 3649 371 1036

421 416 477 469 iu
508 430 706 471 manus
732 423 980 486 recepto,
1008 415 1105 472 Dei
1152 430 1343 472 amans
1376 413 1646 487 Einylius
1687 420 1972 475 Beneventi

2088 424 2350 493 autem,
2387 424 2489 478 ἀνὰ
2529 426 2715 495 χεῖρας
2755 421 3011 489 λαϐόντες
3051 424 3101 477 o!
3143 423 3271 495 περὶ
3303 422 3395 478 τὸν
3426 422 3653 494 θεοφιλῆ

418 509 733 577 episcopus,
760 507 1059 576 Cathegius
1113 507 1550 576 etGaudentius,
1576 524 1701 564 cum
1735 511 1984 568 Valentio

419 609 475 654 et
502 600 785 655 Bonifacio
817 601 1169 672 presbyteris,
1207 600 1379 655 Roma
1408 601 1728 673 Byzantium
1753 602 1982 673 profecti

419 704 565 749 sunt.
607 693 989 764 Sequebantur
1010 708 1106 748 eos
1129 693 1389 766 Cyriacus
1418 704 1474 749 et
1507 695 1833 762 Demetrius,
1874 711 1981 751 una

418 802 543 840 eum
602 786 844 842 Palladio
905 796 961 840 et
1012 787 1255 858 Eulysio,
1314 787 1409 856 qui
1463 785 1690 844 Joannis
1742 790 1981 859 partium

418 878 651 932 studiosi
716 893 784 932 eo
839 889 1124 941 venerant,
1197 888 1253 933 et
1317 882 1636 950 tragoediam
1714 882 1979 939 malorum

417 984 637 1024 onmem
670 970 778 1024 illis
818 978 1205 1037 exposuerant.
1249 968 1386 1023 Cum
1415 980 1596 1025 autem
1632 971 1687 1025 in
1716 971 1979 1032 Greciam

419 1061 816 1127 pervenissent,
878 1062 933 1115 in
992 1076 1191 1116 manus
1247 1060 1454 1117 tribuni
1500 1064 1825 1132 cujusdam,
1885 1065 1981 1135 qui

371 1140 381 1147 ’
420 1155 644 1211 insidias
667 1155 749 1210 eis
786 1155 1109 1221 tetenderat,
1139 1154 1470 1212 inciderunt.
1504 1156 1621 1212 Non
1647 1159 1792 1212 enim
1812 1158 1982 1215 latere

418 1260 719 1318 potuerunt
744 1250 1068 1303 feminarum
1096 1250 1387 1317 pessimam
1417 1248 1721 1306 Eudoxiam
1750 1251 1982 1321 legatio-

417 1344 504 1397 nis
532 1342 652 1412 ejus
687 1342 963 1395 maudata.
1016 1342 1082 1396 Et
1108 1342 1253 1409 quod
1297 1356 1490 1396 eorum
1540 1343 1829 1400 sententia:
1881 1360 1979 1400 scu

414 1434 671 1496 consilio,
704 1434 796 1503 qui
827 1432 1159 1502 legationem
1189 1447 1309 1486 eam
1360 1432 1645 1499 miserant,
1680 1449 1799 1491 arte
1842 1450 1978 1506 qua-

416 1528 539 1578 dam
572 1528 971 1589 adversaretur,
1004 1526 1251 1580 actiones
1271 1541 1462 1579 eorum
1490 1526 1783 1580 contrariis
1807 1530 1981 1581 actio-

415 1618 578 1670 nibus
624 1617 908 1684 praevenit.
976 1614 1321 1685 Quapmpter
1374 1617 1819 1673 Thessalonicam
1872 1619 1979 1674 illis

414 1709 626 1773 videre,
667 1716 833 1777 atque
881 1723 1033 1777 papa:
1080 1707 1315 1771 litteras,
1369 1722 1507 1777 quas
1558 1709 1623 1763 ad
1673 1709 1795 1781 ejus
1824 1710 1978 1766 urbis

412 1801 733 1870 episcopum
767 1800 1027 1870 Anysium
1064 1797 1335 1858 ferebant.
1372 1799 1602 1855 reddere
1642 1802 1971 1871 permissum

416 1909 525 1947 non
557 1901 666 1951 cst.
699 1891 807 1945 Sed
840 1891 1061 1946 duobus
1113 1890 1350 1962 navigiis
1384 1891 1648 1961 impositi,
1682 1905 1972 1964 postquam

413 1990 467 2043 in
495 2003 664 2042 unum
683 2002 748 2043 ex
775 1985 1055 2041 suburbiis
1071 1984 1689 2056 Constantinopolitante
1712 1989 1971 2058 civitatis,

412 2079 558 2148 quod
592 2077 830 2147 Athyras
884 2085 1133 2139 vocatur,
1189 2086 1581 2145 pervenerunt,
1618 2093 1717 2148 per
1753 2079 1862 2133 vim
1916 2081 1972 2135 in

412 2171 720 2225 custodiant
758 2177 889 2223 sunt
916 2169 1151 2236 conjecti
1189 2184 1203 2221 :
1258 2168 1462 2237 quibus
1511 2184 1609 2240 per
1639 2172 1973 2226 calumniam

410 2266 688 2338 objectutn
722 2272 827 2326 est,
859 2262 1004 2332 quod
1037 2262 1299 2317 ditionem
1347 2264 1582 2317 alienam
1611 2264 1752 2319 ultra
1784 2266 1974 2320 termi~

411 2374 513 2413 nos
535 2373 666 2413 suos
696 2358 998 2418 turbarent,
1023 2365 1074 2407 et
1107 2369 1230 2409 cum
1261 2352 1559 2411 Orientalis
1595 2356 1809 2428 imperii
1841 2372 1975 2413 con-

413 2450 636 2504 tumelia
667 2449 740 2503 ibi
768 2448 1052 2503 adessent.
1102 2446 1335 2501 Romani
1393 2446 1579 2517 igitur,
1610 2460 1666 2502 et
1710 2446 1974 2520 Cyriacus

407 2546 729 2615 episcopus,
770 2542 977 2610 quique
1004 2555 1128 2593 cum
1153 2554 1221 2593 eo
1270 2550 1452 2605 erant,
1480 2541 1711 2594 seorsim
1737 2543 1972 2612 quisque

411 2639 463 2690 in
498 2635 779 2691 custodias
810 2632 1028 2695 inclusi,
1059 2632 1190 2684 torti
1244 2641 1372 2685 sunt
1433 2641 1488 2686 et
1512 2636 1777 2687 aerumnis
1803 2632 1975 2702 pluri-

408 2729 513 2782 mis
532 2716 735 2789 amicti,
771 2732 830 2777 ut
873 2724 1086 2778 litteras
1139 2721 1406 2792 ﬂagitatus
1441 2721 1775 2792 proferrent.
1813 2725 1974 2781 Post-

407 2836 572 2892 quam
607 2828 788 2874 autem
827 2817 902 2871 illi
934 2831 994 2871 se
1043 2830 1139 2870 eas
1194 2832 1301 2870 non
1369 2817 1523 2883 prius
1576 2814 1806 2872 daturos
1850 2832 1972 2872 esse

407 2916 770 2979 aﬂirmarunt,
807 2925 970 2982 quam
1014 2910 1409 2980 imperatorem
1439 2908 1730 2975 vidissent,
1782 2917 1973 2979 utpote

406 3009 472 3062 ad
512 3023 639 3063 eum
675 3005 861 3077 legati,
892 3012 1170 3074 postremo
1206 2999 1458 3056 Valerius
1486 3002 1735 3081 quidam,
1781 3016 1846 3056 ex
1892 3001 1974 3056 fe-

409 3103 569 3154 ritate
600 3109 653 3153 et
688 3096 976 3152 temeraria
1010 3095 1243 3149 audacia
1281 3109 1487 3150 nomen
1512 3101 1567 3148 et
1588 3092 1969 3149 celebritatem

406 3208 707 3263 aucupans,
728 3188 971 3262 episcopi
997 3189 1186 3253 unius,
1213 3188 1357 3259 apud
1380 3201 1541 3257 quem
1566 3187 1761 3243 littera:
1788 3198 1970 3253 erant,

407 3290 605 3358 pollice
634 3286 831 3350 fracto,
885 3284 1087 3353 scripta
1136 3283 1251 3352 ipsa
1307 3291 1362 3336 et
1411 3281 1630 3336 vaseula
1683 3282 1969 3354 quaedam,

406 3382 595 3435 adhaec
631 3375 899 3449 quidquid
930 3376 1041 3431 illis
1075 3374 1143 3429 ad
1189 3389 1277 3429 res
1316 3374 1659 3429 necessarias
1703 3375 1974 3446 parandas

404 3485 522 3529 erat
545 3472 781 3544 argenti,
834 3470 885 3525 ei
917 3469 1127 3538 eripuit
1178 3468 1284 3523 :id
1340 3470 1484 3538 quod
1543 3468 1633 3524 ille
1689 3484 1800 3523 non
1854 3470 1972 3525 sine

407 3567 648 3636 maligno
677 3561 909 3619 consilio
938 3560 1092 3627 fecit,
1122 3569 1181 3614 ut
1204 3559 1513 3629 sumptibus
1545 3560 1810 3615 omnibus
1841 3574 1970 3631 spo-

407 3659 548 3725 liati,
608 3655 787 3711 facere
836 3654 1044 3725 aliquid
1100 3652 1200 3717 illi,
1255 3652 1399 3722 quod
1464 3652 1805 3724 prohibitum
1865 3663 1972 3720 est,

408 3750 736 3807 necessitate
761 3746 1139 3816 adigerentur.
1173 3745 1340 3818 418
1367 3744 1642 3801 Postridie
1691 3748 1812 3818 ejus
1860 3747 1971 3803 diei

406 3844 498 3898 alii
531 3841 758 3913 plurimi
794 3839 1027 3907 aﬂuere,
1065 3838 1181 3893 sive
1215 3839 1284 3893 ab
1313 3838 1430 3907 ipsa
1463 3839 1727 3903 Augusta,
1770 3854 1868 3895 seu
1905 3840 1973 3895 ab

406 3936 586 3991 Attico
617 3933 770 3987 missi
822 3949 839 3986 :
904 3933 999 4002 qui
1055 3930 1124 3985 ab
1184 3929 1294 3984 illis
1342 3931 1645 3999 petierunt,
1678 3938 1740 3983 ut
1795 3929 1973 3986 tribus

410 4028 654 4084 ntiliibus
685 4039 1039 4080 nummorum
1083 4037 1378 4078 aureorum
1424 4024 1686 4094 receptis,
1720 4038 1844 4079 cum
1880 4031 1974 4078 At-

407 4132 515 4175 tico
545 4117 1036 4181 communicarent,
1067 4114 1296 4171 Joannis
1323 4123 1507 4171 autem
1538 4130 1757 4171 causam
1793 4117 1973 4186 despi-

400 4222 615 4269 cerent.
658 4213 773 4265 Hoc
830 4210 908 4265 illi
975 4224 1035 4265 se
1087 4208 1330 4264 facturos
1391 4224 1619 4280 prorsus
1677 4224 1966 4283 negarunt.

407 4308 618 4363 Accidit
646 4306 798 4362 enim
857 4304 1125 4359 divinitus
1154 4301 1439 4371 quiddam,
1494 4304 1640 4374 quod
1670 4320 1791 4358 eam
1853 4320 1967 4359 rem

406 4398 711 4470 prohibuit.
749 4397 881 4453 Nam
926 4396 1022 4451 uni
1072 4411 1138 4450 ex
1194 4394 1434 4478 [Entylii
1470 4397 1739 4460 diaconis,
1801 4399 1969 4454 Paulo

403 4492 647 4556 nomine,
681 4492 802 4545 viro
832 4496 984 4544 casto
1007 4498 1062 4544 et
1097 4487 1401 4554 moderato,
1440 4487 1625 4542 divum
1648 4489 1969 4558 Apostolum

404 4585 633 4640 Paulum
657 4591 1009 4655 apparentem
1037 4579 1242 4635 dixisse
1272 4579 1458 4636 ferunt
1499 4595 1515 4634 :
1557 4599 1576 4632 ι
1618 4581 1811 4636 Videte
1836 4597 1965 4652 quo-

404 4678 565 4733 modo
606 4684 858 4731 accurate
890 4677 1009 4746 (seu
1039 4671 1459 4742 circumspecte)
1488 4671 1803 4737 ambuletis,
1852 4672 1984 4729 dies

401 4770 549 4825 enim
579 4768 706 4824 mali
757 4774 919 4830 sunt;
958 4783 977 4817 ι
1039 4764 1364 4835 promissam
1407 4762 1549 4818 forte
1594 4763 1845 4821 fraudem
1890 4765 1970 4821 sic

406 4860 762 4915 inhibentem.
830 4855 1090 4911 Sedenim
1120 4870 1245 4909 cum
1301 4854 1377 4908 illi
1411 4856 1833 4925 promissionem
1869 4872 1967 4912 seu

399 4954 768 5008 ('ulltiililmelll
796 4949 1038 5004 oblatam
1087 4964 1196 5003 non
1232 4950 1564 5018 reciperent,
1599 4950 1692 5005 sed
1728 4950 1965 5007 reditum

403 5049 456 5101 in
505 5046 803 5101 Romanam
844 5042 1033 5094 urbem
1068 5041 1326 5109 precibus
1359 5050 1649 5109 peterent:
1690 5041 1965 5108 Valerius,

399 5137 493 5206 qui
542 5133 823 5204 egregium
862 5130 995 5184 illud
1046 5128 1145 5183 viri
1192 5130 1386 5199 optimi
1428 5130 1646 5186 facinus
1690 5132 1743 5186 in
1768 5133 1967 5202 pollice

404 5226 659 5299 patravit,
685 5225 752 5279 ad
784 5224 923 5278 male
946 5221 1216 5292 agendum
1242 5231 1520 5291 strenuus.
1551 5225 1698 5293 putri
1728 5225 1965 5294 cuipiam

398 5333 453 5375 ct
485 5325 752 5373 vetustate
788 5314 1039 5384 squalido
1078 5315 1295 5385 navigio
1340 5329 1435 5369 eos
1466 5317 1813 5381 commissos,
1844 5317 1963 5373 exi-

401 5423 537 5463 tium
569 5406 649 5459 eis
680 5413 899 5459 struens
922 5402 1197 5465 videlicet,
1248 5403 1473 5458 [tonum
1527 5408 1731 5460 reverti
1774 5407 1962 5478 jussit.

398 5504 475 5556 illi
510 5514 635 5554 cum
672 5513 890 5552 summo
930 5496 1172 5566 periculo
1227 5498 1564 5567 navigantes,
1605 5514 1746 5569 εδει-θ
1803 5500 1966 5554 Lam-

396 5605 621 5669 jsacum
683 5592 1030 5661 appulerunt.
1083 5590 1214 5643 lude
1273 5606 1394 5641 navi
1451 5600 1677 5655 mutata,
1722 5602 1961 5661 quatuor

390 5686 677 5749 mensibus
748 5685 947 5755 elapsis
1020 5686 1244 5739 Ruinam
1326 5700 1646 5752 pervenere,
1716 5696 1771 5740 et
1822 5690 1963 5757 apud

385 5778 775 5847 Innocentium
826 5794 1013 5845 papam
1051 5777 1325 5847 δίιςίιιιιίιη
1382 5795 1502 5849 qum
1551 5781 1629 5832 eis
1682 5782 1959 5848 accidere,

2008 1779 2048 1837 Β

1999 3120 2041 3177 ε

2082 516 2370 587 Δίμύλιον,
2406 512 2725 570 Βενεϐενδοῦ
2755 517 2812 572 δὲ
2843 511 2996 580 οὗτος
3027 516 3345 583 ἐπίσκοπος,
3376 516 3656 587 Καθήγιόν

2082 624 2142 660 τε
2187 610 2283 663 καὶ
2326 609 2677 673 Γαυδὲντιον,
2723 612 2822 666 σὺν
2866 611 3171 682 Ούαλεντίῳ
3212 612 3308 665 καὶ
3350 610 3653 682 Βονιφατίῳ

2082 704 2195 766 τοῖς
2243 703 2657 774 πρεσϐυτέροις,
2705 705 2770 758 ἐκ
2806 702 3025 775 Ῥώμης
3074 705 3210 776 πρὶς
3252 704 3316 759 τδ
3358 703 3653 770 Βυζάντιον

2081 796 2273 868 ᾔεσαν.
2318 796 2519 849 Εἵπετο
2559 796 2606 850 δ’
2636 797 2820 861 αὐτοῖς
2862 797 3136 867 Κυριακὺς
3175 798 3272 852 καὶ
3306 800 3649 868 Δημήτριος,

2085 885 2300 958 σύναμα
2351 887 2633 956 Παλλαδίῳ
2684 889 2777 941 καὶ
2829 886 3117 959 Εύλυσίῳ·
3168 888 3219 942 οἱ
3266 889 3364 959 τῆς
3401 888 3649 944 Ἰωάννου

2085 978 2302 1051 μερίδος
2345 980 2518 1045 ὄντες,
2567 981 2748 1034 ἐκεῖσε
2789 981 2855 1050 δὴ
2902 980 3288 1052 παρεγένοντο,
3337 979 3428 1034 καὶ
3470 980 3650 1033 πάντα

2082 1071 2311 1135 ἐκείνοις
2346 1072 2815 1144 ἐξετραγῴδησαν.
2855 1074 2982 1127 Ἀνά
3014 1073 3071 1129 δέ
3100 1072 3200 1145 τὴν
3236 1072 3461 1127 Ἐλλάδα
3490 1073 3648 1142 γενό-

2082 1179 2255 1234 μενοι,
2283 1165 2386 1219 ύπό
2408 1183 2511 1219 τινι
2537 1166 2869 1237 ἐνεδρεύοντα
2894 1166 3004 1218 τῶν
3029 1165 3328 1238 χιλιάρχων
3350 1168 3432 1229 είς
3456 1168 3648 1237 χεῖρας

2080 1252 2461 1330 ἐμπίπτουσιν.
2500 1254 2635 1308 Οὐδὲ
2675 1256 2785 1326 γὰρ
2824 1251 2893 1325 ἦν
2926 1254 3113 1311 λαθεῖν
3140 1258 3242 1330 τὴν
3276 1255 3648 1327 πονηροτάτην

2080 1326 2355 1413 γυναικῶν
2388 1348 2645 1413 Εύδοξίαν
2676 1349 2745 1404 τὰ
2776 1349 2876 1420 τῆς
2921 1326 3282 1424 στελλομένης
3323 1350 3644 1422 πρεσϐείας.

2091 1438 2556 1512 Ἀντιτεχνωμένη
2604 1442 2660 1498 δέ
2703 1446 2768 1515 τῇ
2815 1443 3009 1516 γνώμη
3051 1444 3164 1500 τῶν
3206 1441 3648 1498 ἀποστειλάντων

2078 1531 2423 1603 προέφθανεν
2461 1534 2925 1605 ἀντιπράττουσα.
2967 1536 3375 1608 Θεσσαλονίκην
3415 1537 3517 1608 μὶν
3552 1531 3650 1590 οὗν

2077 1624 2139 1677 οὐ
2175 1625 2517 1697 συνεχώρουν
2547 1626 2789 1691 ἐκείνους
2826 1628 2956 1681 ἰδεῖν
2980 1642 2995 1658 ·
3028 1628 3147 1683 οὐδὲ
3180 1629 3288 1702 γάρ
3317 1632 3356 1684 ἀ
3388 1629 3525 1698 πρὶς
3554 1628 3650 1682 τὸν

2077 1715 2295 1783 ἐκείνης
2328 1716 2627 1772 ἐπίσκοπον
2668 1719 2912 1775 ’Δνύσιον
2943 1721 3039 1775 τοῦ
3075 1722 3278 1777 πάππα
3313 1722 3649 1792 ἐπεφέροντο

2079 1807 2406 1879 γράμματα,
2435 1808 2620 1865 δοῦναι
2646 1810 2795 1866 εῖων.
2825 1812 2958 1865 Auct
2983 1812 3162 1870 τοίνυν
3187 1814 3396 1878 πλοίοις
3423 1813 3647 1880 τούτους

2077 1900 2467 1967 ἐπιδαλόντες,
2519 1905 2645 1956 ἐπεὶ
2694 1904 2751 1964 ἐς
2801 1906 3131 1976 προάστειον
3175 1907 3275 1979 τῆς
3324 1908 3566 1976 πόλεως,
3613 1907 3648 1963 δ

2088 1991 2322 2063 Ἀθύρας
2352 1993 2631 2058 καλεῖται,
2664 1994 2926 2063 ἔφθανον,
2962 1996 3154 2063 βιαίως
3182 1994 3368 2070 εἶργον
3396 2002 3645 2071 φρουρᾷ,

2074 2081 2172 2137 ἃτε
2218 2084 2378 2155 δῆθεν
2424 2085 2718 2159 ὑπερόριον
2763 2092 3113 2160 ἐνοχλοῦντας
3158 2094 3367 2166 ἀρχὴν,
3411 2095 3507 2150 καὶ
3552 2095 3648 2149 ἐπὶ

2077 2175 2233 2247 ὕὸρει
2269 2179 2371 2257 τῆς
2401 2180 2587 2236 ἐνθάδε
2622 2180 2900 2253 βασιλείας
2935 2188 3358 2259 γεγενημένους,
3389 2186 3648 2258 διαϐολὴν

2076 2273 2504 2340 κατεσκεύαζον.
2536 2276 2602 2330 Οἳ
2628 2294 2689 2329 τε
2721 2272 2817 2332 οὖν
2848 2278 3149 2349 Ῥωμαῖοι,
3182 2283 3277 2338 καὶ
3308 2284 3360 2337 οἱ
3391 2282 3522 2355 περὶ
3552 2285 3649 2338 τδν

2075 2366 2375 2423 ἐπίσκοπον
2399 2369 2680 2440 κυριακὸν
2700 2372 3110 2440 ἐγκλεισθέντες
3133 2376 3323 2447 χωρὶς,
3346 2376 3611 2448 ητάζοντο
3625 2417 3646 2446 ,

2072 2459 2169 2512 καὶ
2205 2460 2397 2524 δεινοῖς
2439 2461 2716 2527 πλείστοις
2755 2465 3201 2534 περιεσάλλοντο,
3234 2471 3305 2524 τὰ
3338 2470 3648 2542 γράμματα

2073 2552 2488 2624 ἀπαιτούμενοι.
2522 2554 2613 2620 Ὠς
2648 2555 2694 2610 δ’
2721 2558 2921 2612 ἐκεῖνοι
2952 2557 3014 2612 τὸ
3047 2561 3124 2631 μὴ
3158 2560 3342 2616 δοῦναι
3373 2562 3647 2634 διισχυρί-

2073 2643 2227 2707 ζοντο
2259 2646 2554 2716 πρότερον,
2588 2647 2637 2701 εί
2669 2648 2746 2717 μὴ
2779 2649 3006 2720 βασιλέα
3036 2652 3354 2718 θεάσαιντο,
3384 2655 3647 2724 πρέσϐεις

2072 2736 2225 2800 ὄντες
2245 2778 2259 2802 ,
2289 2738 2439 2801 τέλος
2469 2736 2765 2809 Οὐαλέριός
2794 2760 2878 2806 τις
2907 2746 2973 2799 ἐκ
3003 2744 3304 2815 θηριωδῖας
3331 2748 3426 2800 καὶ
3457 2748 3649 2817 ίταμό-

2071 2843 2233 2896 τητος
2262 2828 2433 2897 ὄνομα
2462 2829 2644 2901 ἐαυτῷ
2673 2833 2976 2901 περιθεῖναι
3004 2835 3352 2908 βουλόμενος,
3386 2839 3504 2903 ἐνὸς
3533 2840 3646 2895 τῶν

2074 2919 2393 2973 ἐπισκόπων
2415 2921 2508 2975 τὸν
2531 2924 2818 2995 ἀντίχειρα
2837 2926 3138 2995 διαπλάσας
3162 2925 3352 3003 παρίἶ»
3374 2935 3441 2988 τά
3462 2934 3642 3006 γράμο

2078 3029 2222 3083 ματα
2241 3007 2329 3086 ἦν,
2346 3014 2484 3068 αὐτά
2500 3032 2560 3070 τε
2582 3017 2835 3086 ἀφείλετο
2855 3020 2922 3075 τὰ
2948 3023 3173 3090 πυκτία,
3193 3026 3286 3080 καί
3305 3043 3426 3080 τινα
3448 3030 3643 3101 σκεύη.

2073 3105 2167 3195 καὶ
2207 3106 2307 3160 ὅσα
2347 3107 2412 3179 δὴ
2461 3111 2597 3179 πρὸς
2640 3108 2843 3180 ὥνησιν
2884 3112 2993 3167 τῶν
3038 3116 3363 3187 ἐπιτηδείων
3401 3122 3644 3195 ἀργύρια

2073 3193 2232 3272 ἦσαν,
2266 3200 2369 3254 οὐκ
2401 3201 2510 3255 ἄπο
2560 3202 2657 3257 καὶ
2686 3204 2846 3259 τοῦτο
2881 3211 3125 3280 πονηρᾶς
3160 3211 3387 3284 γνώμης
3416 3193 3646 3288 διαπρα-

2075 3290 2341 3361 ξάμενος,
2374 3293 2462 3349 ἶνα
2487 3294 2597 3350 τῶν
2624 3297 2762 3365 προς
2791 3299 2984 3369 χρείαν
3012 3302 3211 3368 ἐνδεεῖς
3237 3308 3640 3375 καταστάντες,

2073 3385 2281 3473 πρᾶξαί
2306 3403 2359 3441 τι
2386 3387 2498 3441 τῶν
2526 3389 3001 3461 ἀπηγορευμένων
3026 3396 3239 3467 ἀναγκα
3250 3397 3451 3456 σθεῖεν.
3477 3399 3557 3473 Τῇ
3583 3402 3643 3456 δὲ

2073 3471 2334 3545 ὑστεραίᾳ
2362 3474 2512 3529 ἄλλοι
2535 3493 2595 3529 τε
2625 3478 2870 3534 πλεῖστοι
2901 3483 3182 3556 παρῆσαν,
3209 3488 3308 3542 εῖτ⁹
3326 3491 3392 3544 ἐκ
3417 3471 3644 3564 τῆςβαο

2075 3567 2291 3633 σιλίδος,
2324 3567 2435 3624 εἴτε
2466 3571 2561 3623 καὶ
2586 3571 2717 3642 παρ’
2741 3574 2904 3627 αὐτοῦ
2934 3574 2999 3649 δὴ
3029 3577 3373 3651 πεμφθέντες
3398 3581 3494 3638 τοῦ
3525 3586 3644 3640 Ἀτ-

2071 3657 2226 3713 τικοῦ
2252 3676 2265 3690 ’
2294 3658 2344 3713 οῖ
2373 3660 2467 3714 καὶ
2496 3661 2702 3729 ἠξίουν,
2731 3665 3061 3733 τρισχιλίους
3093 3666 3353 3733 λαϐόντας
3382 3671 3639 3742 χρυσοῦς,

2073 3750 2398 3821 κοινωνῆσαι
2432 3751 2532 3820 μιν
2566 3753 2821 3824 Ἀττικῷ,
2849 3755 2950 3826 τῆς
2982 3756 3041 3811 δέ
3074 3759 3324 3816 Ἰωάννου
3352 3762 3511 3833 δίκης
3539 3781 3641 3820 κα·

2072 3848 2361 3915 ταφρονεῖν
2386 3862 2400 3877 ο
2445 3848 2571 3911 τοὺς
2611 3848 2668 3904 δε
2710 3854 2943 3922 πάμπαν
2983 3856 3383 3929 ἀπαγορεῦσαι.
3427 3863 3639 3935 Συνέϐη

2071 3939 2182 4009 γάρ
2201 3956 2252 3992 τι
2283 3939 2380 3993 καὶ
2412 3939 2682 4012 θειότερον
2717 3938 2926 4016 εἶργον,
2964 3950 3111 4020 μάλα
3134 3952 3235 4024 τὴν
3269 3955 3491 4024 πρᾶξιν.
3527 3956 3643 4012 Ἑνὶ

2070 4028 2182 4097 γὰρ
2223 4028 2331 4081 τῶν
2374 4030 2641 4099 Λιμυλῐου
2686 4033 2982 4104 διακόνων,
3033 4040 3232 4114 Παύλῳ
3268 4044 3368 4116 τὴν
3411 4046 3639 4117 κλῆσιν,

2073 4118 2313 4192 σώφρονι
2339 4122 2433 4174 καὶ
2462 4124 2665 4195 μετρίῳ
2691 4126 2863 4197 ἀνδρὶ,
2889 4129 2981 4184 τὸν
3008 4132 3150 4188 θεῖον
3176 4136 3471 4193 ἀπόστολον
3500 4140 3643 4196 Παῦ-

2072 4214 2164 4266 λον
2188 4216 2521 4285 ἐπιφανέντα
2542 4221 2717 4274 εἰπεῖν
2740 4221 2989 4291 λέγεται·
3022 4244 3041 4280 ι
3074 4227 3313 4284 Βλέπετε
3339 4234 3456 4298 πῶς
3482 4236 3643 4306 ἀκρι-

2073 4306 2184 4369 ϐῶς
2224 4312 2617 4379 περιπατεῖτε·
2651 4312 2709 4366 αι
2747 4313 2950 4385 ἡμέραι
2987 4317 3099 4391 γὰρ
3141 4325 3408 4392 πονηραί·
3453 4341 3474 4377 ε
3510 4326 3643 4391 ῖσως

2072 4397 2172 4470 τὴν
2200 4401 2586 4473 ὑπισχημένην
2613 4404 2831 4477 ἀπάτην
2855 4408 3140 4479 ἐπέχοντα.
3170 4413 3262 4485 Μὴ
3284 4415 3386 4485 τὴν
3410 4418 3642 4489 εἰσήγη-

2004 4469 2048 4528 D
2077 4509 2162 4546 σιν
2189 4469 2373 4551 τοίνυν
2398 4469 2836 4566 εἰσδεξαμένων,
2865 4469 3001 4555 ἀλλά
3030 4503 3134 4575 τὴν.
3159 4505 3217 4569 ἐς
3247 4469 3469 4579 εΡιῖλμην

2074 4584 2372 4641 ϐολούντων
2398 4588 2679 4653 ἐπάνοδον,
2711 4590 3037 4663 Οὐαλλέριος
3065 4597 3092 4648 δ
3120 4595 3182 4649 τὸ
3209 4599 3307 4652 τοῦ
3337 4600 3645 4672 ἀντίχειρος

2072 4678 2492 4751 ἁριστούργημα
2528 4682 3049 4755 διαπεπραγμένος,
3083 4686 3256 4752 δεινδς
3294 4687 3371 4743 ὥν
3403 4692 3499 4745 καὶ
3541 4709 3645 4749 κα-

2072 4774 2373 4842 κουργῆσαι
2398 4812 2412 4837 ,
2450 4773 2644 4845 σαπρῷ
2675 4792 2782 4830 τινι
2816 4775 2913 4829 καὶ
2944 4780 3282 4849 γεγηρακότι
3315 4782 3484 4854 πλοίῳ
3513 4784 3643 4840 τού-

2070 4878 2197 4924 τους
2227 4863 2548 4929 πιστεύσας,
2577 4865 2652 4930 ὼς
2683 4868 2749 4920 ἂν
2780 4867 3039 4938 πρόνοιαν
3068 4870 3349 4936 ἀπωλείας
3377 4890 3641 4945 πραγμα-

2069 4956 2365 5024 τευόμενος
2384 4996 2399 5021 ,
2429 4958 2568 5027 πρὸς
2595 4959 2695 5029 τὴν
2733 4958 2952 5031 Ῥώμην
2979 4962 3284 5031 ἀνάγεσθαι
3319 4966 3638 5037 παρηγγύα.

2072 5046 2181 5100 Καὶ
2210 5046 2275 5118 δὴ
2306 5048 2381 5117 τῷ
2411 5049 2530 5121 πλῷ
2558 5052 2615 5103 ἐν
2647 5051 2764 5123 χρῷ
2796 5053 3040 5108 κινδύνου
3076 5054 3231 5123 μόλις
3256 5058 3321 5127 τῇ
3351 5057 3640 5129 Λαμψάκῳ

2071 5142 2363 5210 προσσχεῖν
2381 5139 2678 5209 ἐξεγένετο.
2694 5143 2936 5198 Ἐκεῖθεν
2948 5145 3003 5198 δέ
3020 5145 3079 5198 τὸ
3093 5146 3321 5201 ἀκάτιον
3334 5149 3438 5218 άμε
3448 5150 3642 5221 ιψάμε-

2069 5247 2171 5293 νοι,
2221 5233 2497 5302 τεττάρων
2547 5237 2962 5307 παρῳχηκότων
3016 5239 3225 5308 μηνῶν,
3277 5240 3379 5311 τὴν
3415 5241 3638 5314 Ῥώμην

2070 5322 2367 5377 κατέλαϐον
2394 5338 2409 5352 ⁸
2443 5326 2537 5379 καὶ⁵
2573 5324 2904 5400 ἰννοκεντίῳ
2934 5328 3013 5400 τῷ
3042 5330 3243 5404 πάππα
3272 5334 3639 5403 ἐμφανισθέν-

2066 5432 2180 5479 τες,
2211 5417 2352 5469 κατά
2388 5420 2554 5487 μέρος
2585 5421 2653 5473 τὰ
2686 5422 3039 5490 συμπεσόντα
3072 5424 3429 5497 ἀνήγγελλον,
3465 5429 3636 5501 μηδδν

2068 5508 2291 5573 εἰδότες,
2338 5512 2392 5563 εί
2432 5528 2484 5563 τι
2534 5511 2599 5583 δὴ
2641 5516 2754 5577 τοῖς
2805 5515 2929 5583 περὶ
2984 5517 3256 5585 κυριακὸν
3300 5519 3636 5589 ἐπεγένετο·

2068 5603 2202 5655 ἀ).λά
2235 5603 2369 5673 μηδὲ
2403 5607 2533 5674 περὶ
2558 5605 2808 5661 Ἰωάννου
2829 5649 2844 5675 ,
2874 5610 2904 5662 ὅ
2932 5626 2985 5663 τι
3013 5610 3078 5678 δὴ
3107 5611 3257 5681 αὐτῷ
3288 5613 3488 5684 συνέϐη
3526 5632 3633 5685 μα-

2070 5693 2181 5746 θεῖν
2217 5695 2615 5765 ἐξισχύσαντες.
2653 5698 2721 5752 ’Δ
2755 5699 2820 5769 δὴ
2851 5701 2942 5755 τὸν
2976 5702 3183 5771 νωθρὸν
3210 5706 3496 5773 Ἀρκάδιον
3524 5706 3637 5761 διε-

2068 5786 2252 5857 λάμδα
2286 5805 2309 5841 ε
2342 5789 2515 5858 τέως,
2547 5790 2619 5855 ὡς
2657 5788 2888 5863 ὕστερον
2921 5793 3129 5865 ὑπῆρξε
3171 5795 3385 5864 μαθεῖν.
3411 5797 3536 5854 Ἐπὶ
3567 5799 3632 5873 δὴ
