4018 6212
460 388 598 456 1037

1343 392 1936 454 ECCLESIASTlC/E
1978 391 2365 453 lllSTOBi/E
2403 392 2530 452 LIB
2598 392 2763 456 Xlll.

3580 386 3712 453 l038

460 510 671 573 τούτοις
703 510 932 567 πλεῖστα
959 514 1351 584 ἀγανακτήσας
1379 515 1407 567 ό
1432 516 1531 584 τῆς
1565 511 1787 581 Ῥώμης
1817 511 2036 588 ἐπίσκο-
2064 562 2067 570 .

2169 513 2553 574 enuntiarunt,
2633 512 2769 566 nihil
2843 512 3100 573 scientes,
3150 512 3281 583 quid
3346 512 3428 565 vel
3485 511 3712 583 (Syriaco

458 618 567 665 1:0;
589 601 961 671 Ἰννοκέντιυς,
989 607 1203 662 τοιάνδε
1234 605 1561 673 συνθέμενος
1591 605 1692 678 τὴν
1721 604 2036 676 ἐπιστολὴν,

463 696 579 760 τοῖς
611 697 742 766 περὶ
763 696 1072 768 ’Δρκάδιο-ι,
1096 697 1345 753 Ἀττικόν
1370 715 1429 751 τε
1460 698 1555 750 καὶ
1582 696 1846 765 Θεόφιλον
1871 694 2040 761 ἐξαπ-

467 786 750 856 έστειλεν,
798 790 1093 863 ἀφορισμῷ
1140 792 1234 845 καὶ
1282 790 1605 861 καθαιρέσει
1656 790 1856 851 αὐτοὺς
1906 790 2040 844 ὑπο-

463 878 770 934 ϐάλλουσαν
798 896 814 913 ⁸
847 882 944 937 καὶ
986 882 1160 939 ταῦτα
1212 880 1421 954 μαθὼν,
1466 883 1529 936 οὐ
1577 881 1761 953 πολλῷ
1808 881 2040 952 ὕστερον

463 973 559 1027 καὶ
588 975 693 1041 τὴν
725 974 984 1046 τελευτὴν
1015 976 1092 1048 τῷ
1134 977 1308 1047 Πατρὶ
1350 977 1674 1045 ἐπιστῆναι,
1713 976 1807 1027 ἐπὶ
1848 973 2038 1046 πόρρω

462 1066 563 1135 τῆς
591 1065 809 1137 ἔξορίας
838 1068 1198 1139 ἀπαγομένῳ,
1225 1068 1302 1133 ὡς
1335 1074 1531 1139 μικρὸν
1558 1066 1839 1139 προϊόντες
1868 1064 2040 1132 δηλώ-

467 1173 659 1225 σομεν.
703 1157 763 1214 ’11
799 1161 986 1231 μέντοι
1017 1161 1277 1232 ἐπιστολὴ
1306 1163 1522 1223 τούτοις
1553 1161 1666 1224 τοῖς
1700 1161 1909 1231 ῥήμασι
1940 1174 2041 1212 πε-

466 1249 753 1322 ριείληπτο
779 1269 796 1286 ·

2139 605 2372 675 ejusque
2407 603 2730 671 comitibus,
2780 603 2869 659 vel
2899 603 3094 674 Joanni
3129 604 3232 675 ipsi
3263 603 3546 659 acciderit.
3588 604 3713 660 llzec

2142 706 2259 752 tum
2290 712 2515 769 segnem
2563 699 2858 755 Arcadium
2906 700 3159 755 latuere:
3224 700 3278 755 id
3321 699 3467 771 quod
3524 708 3713 770 postea

2132 790 2582 848 animadvertere
2610 792 2787 849 licuit.
2842 791 3006 848 llisce
3049 810 3183 849 vero
3216 794 3284 848 de
3317 793 3501 850 causis
3539 794 3709 849 Inno-

2141 884 2361 939 centius
2396 884 2677 941 Romanus
2726 888 3022 957 episcopus
3058 888 3352 954 plurmum
3377 886 3714 956 indignatus.

2142 972 2431 1044 epistolam
2482 976 2841 1046 compositam
2888 977 2954 1033 ad
2990 977 3310 1041 Arcadium,
3363 978 3605 1033 Atticum
3661 985 3719 1031 et

2146 1064 2517 1136 Theophilum
2548 1066 2719 1132 dedit,
2751 1085 2861 1139 qua
2889 1071 3013 1125 illos
3059 1069 3621 1125 excommunicatimii
3661 1080 3717 1126 ct

2144 1156 2587 1213 exauctorationi
2616 1159 2877 1232 subjecit,
2940 1177 3063 1215 cum
3099 1162 3320 1230 quidem
3349 1161 3719 1230 cognovisset,

2148 1266 2262 1305 non
2298 1251 2473 1306 multo
2500 1263 2625 1323 post
2666 1255 2886 1311 Patrem
2925 1256 3075 1310 illum
3123 1265 3356 1311 mortem
3391 1254 3718 1325 oppetiisse,

446 1349 523 1403 -in
581 1350 803 1421 longius
864 1350 1124 1408 exsilium
1212 1351 1555 1419 abductum,
1607 1348 2078 1423 quemadmodum
2123 1349 2407 1417 paululum
2456 1352 2738 1422 progressi
2786 1366 3148 1423 exponemus.
3236 1351 3478 1423 Epistola
3537 1350 3722 1406 verbis

466 1444 784 1517 huiusmodi
813 1451 1127 1519 conscripta
1161 1449 1263 1504 fuit
1295 1465 1310 1504 :

1046 1567 1301 1624 ΚΕΦΑΔ.
1339 1568 1459 1623 ΔΔ⁹.

480 1682 814 1762 Ἐπιστρξὴ
860 1680 1286 1762 ἰννρκεῃτίοᾋ
1318 1682 1538 1762 πάππα
1603 1680 1831 1762 Ῥώμης
1873 1680 2047 1762 ,πρός

544 1753 866 1852 ’ἐρξιξιῖιῗν
908 1754 1011 1806 καί
1060 1752 1386 1821 Εὐόοξίαν,
1443 1752 1761 1825 ἀφορισμῷ
1817 1752 2043 1819 αὐτοὺς
2079 1798 2120 1852 Β

541 1824 1009 1881 ὑποϐάλλουσα.

550 1960 568 1993 ι
620 1940 779 2011 Φωνὴ
820 1940 1057 2010 αἵματος
1100 1938 1193 1992 τοῦ
1240 1936 1468 2007 ἀδελφοῦ
1518 1955 1620 2010 μου
1647 1938 1901 1993 Ἰωάννου
1950 1936 2050 2009 βοᾷ

475 2039 613 2109 πρὸς
653 2036 788 2092 Θεὸν
827 2035 975 2089 κατὰ
1018 2032 1133 2097 σοῦ,
1178 2032 1427 2104 βασιλεῦ,
1470 2031 1546 2097 ὥς
1592 2050 1723 2087 ποτε
1752 2032 1916 2087 Ἀὁελ
1955 2031 2049 2085 τοῦ

475 2131 682 2185 δικαίου
729 2128 872 2183 κατὰ
916 2127 1014 2181 τοῦ
1064 2126 1457 2194 ἀδελφοκτόνον
1511 2126 1689 2180 Κάῖν·
1743 2126 1838 2181 καὶ
1888 2127 2053 2179 παντὶ

475 2226 664 2297 τρόπῳ
690 2221 1141 2295 ἐκδικηθὴσεται.
1171 2220 1246 2275 Οὐ
1284 2220 1444 2292 μόνον
1468 2219 1524 2275 δὲ
1550 2218 1709 2274 τοῦτο
1734 2219 2050 2291 πέπρακας,

476 2319 612 2373 ἀλλὰ
641 2318 739 2372 καὶ
765 2317 822 2370 ἐν
848 2315 1028 2385 καιρῷ
1058 2314 1282 2387 εἰρήνης
1308 2310 1552 2383 διωγμὸν
1582 2312 1759 2383 μέγαν
1784 2312 1929 2367 κατὰ
1953 2312 2055 2383 τῆς

476 2410 570 2465 τυῦ
613 2405 752 2463 Θεοῦ
780 2406 1110 2478 Ἐκκλησίας
1152 2405 1248 2461 καὶ
1286 2405 1396 2459 τῶν
1441 2404 1635 2475 ἱερέων
1678 2405 1844 2460 αὑτοῦ
1895 2422 2056 2459 συνε-

480 2503 683 2572 στήσω.
710 2499 983 2565 Ἐξέωσας
1009 2498 1102 2553 τδν
1129 2499 1303 2570 μέγαν
1326 2498 1423 2569 τῆς
1450 2495 1778 2568 οἰκουμένης
1804 2495 2058 2551 διδάσκα-

478 2597 572 2650 λον
597 2598 661 2650 ἐκ
683 2594 777 2650 τοῦ
807 2593 999 2667 θρόνου
1031 2591 1196 2647 αὑτοῦ
1223 2593 1486 2663 ἀκρίτως,
1517 2590 1881 2657 συνεκδιὼξας
1909 2589 2058 2661 αὐτῷ

483 2688 577 2742 καὶ
620 2686 711 2741 τὸν
752 2684 991 2756 Χριστόν
1018 2700 1032 2715 ·
1075 2681 1199 2737 οὔτε
1244 2683 1358 2753 γὰρ
1403 2680 1577 2747 οὕτως
1621 2681 1887 2754 ὀδύρομαι
1933 2680 2059 2752 περὶ

484 2778 698 2832 ἐκείνου
747 2768 933 2848 (οὗτος
983 2775 1093 2844 γάρ
1145 2775 1236 2827 τὸν
1288 2771 1489 2844 κλῆρον
1535 2772 1700 2843 ἔλαχε
1759 2772 1897 2843 μετὰ
1948 2770 2059 2826 τῶν

487 2869 658 2940 ἁγίων
686 2869 1003 2925 ἀποστόλων
1029 2869 1087 2921 ἐν
1112 2869 1179 2939 τῇ
1203 2865 1299 2921 τοῦ
1327 2866 1464 2920 Θεοῦ
1494 2867 1591 2921 καὶ
1620 2866 1871 2937 Σωτῆρος
1900 2865 2061 2936 ἡμῶν

487 2962 663 3035 Ἰησοῦ
700 2960 943 3033 Χριστοῦ
982 2959 1305 3031 βασιλείᾳ),
1341 2958 1444 3013 κᾶν
1546 2959 1820 3030 ἀφόρητος
1852 2959 1885 3030 ἠ
1923 2976 2064 3029 συμ-

490 3057 675 3129 φοράο
714 3056 855 3110 ἀλλὰ
893 3054 1148 3125 θλίϐομαι
1171 3094 1184 3118 ,
1227 3054 1532 3123 φροντίζων
1573 3052 1788 3122 πρῶτον
1831 3053 1930 3123 μὲν
1963 3052 2064 3123 τῆς

2574 1555 2743 1630 419
2790 1555 3017 1615 CAPUT
3062 1558 3303 1614 xxxxv.

2154 1672 2403 1745 Epistola,
2450 1670 2749 1727 Innocentii
2792 1688 2946 1744 papa:
2985 1672 3210 1728 Romani
3255 1676 3327 1728 ad
3365 1676 3648 1731 Arcadium
3678 1685 3730 1730 rt

2284 1744 2609 1808 Eudoriam,
2642 1746 3175 1818 excommunicationi
3202 1761 3289 1800 eos
3314 1748 3621 1818 subjiciens.

2234 1928 2380 1985 ενοι
2429 1927 2720 1999 sanguinis
2742 1928 2933 1984 fratris
2983 1930 3090 1984 mei
3136 1928 3365 1985 Joannis
3412 1929 3613 1985 clamat
3660 1931 3727 1985 ad

2155 2018 2328 2076 Deum
2378 2030 2570 2077 contra
2629 2031 2707 2087 te,
2760 2038 2794 2078 o
2850 2023 3176 2093 imperator,
3231 2022 3394 2077 sicuti
3451 2024 3732 2095 quondam

2153 2114 2292 2170 Abel
2318 2114 2454 2185 justi
2507 2125 2701 2171 contra
2734 2115 3067 2186 parricidam
3124 2116 3298 2183 Cain;
3348 2125 3406 2172 et
3456 2117 3502 2173 is
3553 2118 3730 2173 mods

2155 2209 2415 2264 omnibus
2456 2208 2849 2265 vindicabitur.
2878 2210 2990 2266 Nec
3027 2210 3082 2266 id
3114 2210 3279 2266 modo
3314 2209 3610 2278 admisisti,
3633 2213 3728 2266 sed

2154 2302 2320 2355 etiam
2346 2302 2498 2371 pacis
2529 2310 2776 2372 tempore
2798 2303 3239 2372 persecutionem
3262 2317 3514 2373 magnam
3536 2304 3729 2357 ail-rcro

2156 2410 2250 2449 sus
2280 2394 2452 2450 Deum
2497 2405 2554 2450 et
2582 2394 2887 2451 Ecclesiam
2918 2394 3039 2467 ejus
3073 2395 3386 2451 concitasti.
3434 2397 3651 2467 Ejecisti
3697 2414 3731 2452 e

2159 2486 2363 2543 throno
2393 2500 2518 2553 suo,
2547 2503 2605 2544 re
2635 2502 2745 2543 non
2765 2487 3029 2560 judicata,
3062 2503 3319 2559 magnum
3372 2491 3538 2546 totius
3581 2492 3735 2546 orbis

2157 2579 2465 2644 doctorem.
2493 2592 2550 2637 et
2580 2598 2689 2638 una
2717 2597 2843 2637 cum
2870 2598 2938 2639 eo
2970 2584 3254 2641 Christum
3289 2599 3619 2657 persecutus
3647 2603 3729 2642 es.

2157 2672 2349 2744 Neque
2377 2675 2447 2730 de
2488 2674 2684 2732 illoita
2725 2691 2931 2747 queror
2956 2683 3188 2748 (sortem
3219 2679 3391 2745 enim,
3426 2696 3524 2736 seu
3563 2680 3738 2737 liaere-

2160 2766 2388 2823 ditatem
2427 2784 2551 2824 cum
2586 2772 2794 2825 sanctis
2823 2772 3091 2841 apostolis
3112 2773 3171 2827 in
3205 2772 3302 2829 Dei
3327 2783 3385 2830 et
3417 2774 3733 2832 Servatoris

2161 2860 2337 2915 nostri
2361 2860 2488 2918 Jesu
2511 2860 2717 2919 Christi
2756 2878 2928 2935 regno
2957 2877 3291 2923 consecutus
3319 2874 3453 2938 est),
3483 2871 3737 2940 quamvis

2165 2950 2533 3009 intolerabilis
2548 2954 2767 3025 jactura
2799 2970 2861 3011 ea
2892 2955 2964 3011 sit
2998 2973 3013 3012 :
3044 2959 3142 3013 sed
3174 2958 3388 3030 aﬂligor
3418 2970 3736 3031 propterea,

2166 3045 2312 3116 quod
2363 3047 2608 3116 primum
2655 3047 2726 3104 de
2786 3049 3094 3105 animarum
3162 3061 3467 3107 vestrarum
3514 3053 3737 3120 salute.

494 3147 771 3217 σωτηρία-ς
808 3144 917 3200 τῶν
948 3144 1229 3217 ὑμετέρων
1262 3141 1472 3215 ψυχῶν,
1509 3143 1603 3196 καὶ
1636 3142 1768 3213 περὶ
1799 3143 1909 3196 τῶν
1944 3160 2067 3197 στε-

2169 3138 2370 3193 deinde
2392 3137 2461 3192 de
2481 3138 2562 3194 eis
2587 3139 2682 3209 qui
2707 3140 3141 3210 sapientissima,
3163 3143 3436 3214 spirituali
3464 3154 3520 3200 et
3548 3145 3738 3201 divina

496 3239 771 3311 ρηθέντων
817 3241 911 3293 καὶ
964 3235 1323 3310 λιμωξάντων
1370 3235 1471 3307 τῆς
1516 3234 1730 3290 ἐκείνου
1785 3235 2061 3303 πανσόφου

494 3333 587 3386 καὶ
630 3328 1010 3401 πνευματικῆς
1038 3329 1208 3390 θείας
1246 3327 1470 3397 διδαχῆς
1511 3327 1608 3382 καὶ
1647 3325 1953 3389 νουθεσίας.
1987 3325 2063 3380 Οὐ

492 3426 602 3494 γὰρ
656 3423 817 3495 μόνον
855 3423 889 3493 ἠ
934 3418 1588 3477 Κωνσταντινουπολιτῶν
1632 3417 1897 3489 ἐκκλησία
1941 3417 2065 3487 ἐζη-

499 3515 679 3588 μιώθη
719 3516 821 3585 τῆς
861 3514 1072 3569 ἐκείνου
1118 3513 1444 3585 μελιρῤύτου
1485 3511 1755 3581 γλώττης,
1794 3510 1930 3565 ἀλλά
1976 3510 2067 3565 καὶ

495 3613 645 3665 πᾶσα
679 3611 712 3682 ἡ
751 3609 978 3678 ὑφήλιος
1013 3610 1329 3682 ἐχήρευσεν,
1352 3607 1667 3662 ἀπολέσασα
1701 3605 1944 3660 τοιοῦτον
1977 3605 2069 3659 ἐν·-

497 3709 622 3763 θεον
651 3706 850 3777 ἄνδρα,
882 3704 1169 3776 πειθηνίας
1205 3705 1335 3775 μιᾶς
1364 3700 1623 3770 γυναικὸς
1654 3697 2068 3770 παραχωρησάο

500 3792 788 3874 σηςίτοῦτο
820 3797 1077 3869 γενέσθαι
1109 3799 1171 3852 τὺ
1202 3796 1703 3868 δραματούργημα.
1739 3794 1886 3864 Πλὴν
1915 3792 2070 3846 ἐκδέ-

499 3899 659 3968 ξηται
706 3896 806 3967 τὴν
851 3892 1102 3948 ἐντεῦθεν
1132 3891 1419 3962 ,τιμωρίαν
1470 3892 1565 3944 καὶ
1611 3890 1713 3960 τὴν
1767 3886 2069 3957 μέλλουσαν

500 3989 857 4060 ἀτελεύτητον
893 3987 1149 4052 κόλασιν,
1182 3986 1243 4039 οὗ
1281 3983 1421 4053 μετὰ
1456 3982 1656 4046 πολλὰς
1688 3979 1895 4045 ταύτας
1929 3979 2066 4049 ἠμέ-

505 4103 602 4156 ρας
653 4082 1030 4154 ἐπερχομένην
1079 4080 1237 4148 αὐτῇ.
1294 4078 1359 4131 Ei
1407 4075 1515 4144 γὰρ
1567 4074 1664 4129 καὶ
1713 4074 1743 4127 ό
1797 4073 2072 4143 μακάριος

436 4220 442 4227 .
515 4178 767 4248 Ἰωάννης
809 4174 904 4228 τὸν
946 4175 1062 4246 βίον
1104 4170 1386 4236 κατέλιπε,
1427 4170 1528 4240 τὴν
1570 4167 1757 4221 πίστιν
1798 4167 2068 4239 τηρήσας,

507 4272 604 4327 καὶ
642 4267 902 4341 στηρίξας
939 4265 1068 4329 τοὺς
1107 4263 1535 4331 σαλευομένους*
1576 4258 1692 4314 ἀλλ’
1716 4260 1799 4322 είς
1835 4258 2075 4328 ἄληκτον

507 4363 679 4415 αἰῶνα
715 4362 815 4429 τὴν
849 4356 1199 4426 ἀδαπάνητον
1235 4350 1449 4424 τρυφὴν
1486 4349 1583 4404 καὶ
1619 4348 1889 4405 ἀθάνατον
1928 4346 2075 4420 ζωὴν

508 4448 972 4522 ἐκληρονόμησεν.
1015 4444 1079 4497 Ἦ
1124 4443 1183 4497 δὲ
1227 4447 1325 4496 νέα
1372 4438 1600 4503 Δαλιδὰς
1645 4437 1893 4503 Εὐδοξία,
1936 4439 2075 4492 κατὰ

2170 3231 2421 3288 doctrina
2457 3243 2511 3288 et
2574 3234 2924 3292 institutione
2953 3237 3075 3309 ejus
3127 3238 3328 3301 orbati,
3382 3238 3525 3294 fame
3588 3242 3741 3297 verbi

2169 3324 2267 3381 Dei
2301 3325 2701 3393 coniiciuntur,
2736 3344 2857 3386 sum
2891 3329 3186 3387 sollicitus.
3219 3330 3340 3386 Non
3368 3334 3515 3387 enim
3561 3335 3744 3391 ercle-

2170 3417 2252 3472 sia
2291 3427 2502 3472 tantum
2529 3416 3143 3493 Constantinopolitana
3187 3425 3408 3480 mellita:
3440 3426 3593 3482 illius
3637 3428 3747 3483 liii-

2171 3526 2292 3582 gnte
2330 3512 2606 3582 jacturani
2629 3513 2785 3573 fecit.
2811 3515 2906 3568 scd
2934 3525 2991 3569 et
3023 3516 3174 3571 orliis
3208 3518 3311 3571 sub
3337 3518 3451 3572 sole
3501 3528 3646 3574 totus
3676 3520 3744 3575 ad

2172 3605 2470 3661 orbitatem
2520 3608 2781 3663 redactus
2820 3618 2927 3675 est,
2980 3612 3095 3665 viro
3132 3621 3241 3665 tam
3282 3610 3471 3666 divino
3516 3616 3746 3681 amisso,

2174 3698 2532 3766 persuasione
2567 3698 2733 3752 unius
2762 3700 3033 3763 mulieris,
3070 3699 3312 3755 fabulam
3349 3700 3493 3758 hanc
3515 3713 3573 3758 et
3619 3719 3747 3774 spe-

2173 3790 2453 3845 ctaculum
2478 3790 2733 3847 exhiberi
2784 3793 3025 3848 sinente.
3062 3793 3263 3849 Verum
3293 3794 3532 3867 excipiet
3556 3798 3651 3853 illa
3692 3809 3751 3855 et

2175 3892 2507 3953 praesentem
2545 3882 2637 3939 hic
2682 3898 2901 3953 pugnant
2952 3896 3009 3940 et
3056 3885 3303 3940 futurum
3348 3890 3747 3960 sempiternum

2177 3975 2515 4045 supplicium
2549 3991 2663 4032 non
2691 3987 2819 4047 post
2852 3978 3055 4032 multos
3096 3970 3277 4035 'hosce
3328 3980 3449 4035 dies
3492 3982 3544 4037 ei
3584 3984 3752 4038 adve-

2180 4069 2359 4125 niens.
2396 4068 2643 4125 Tametsi
2688 4069 2837 4126 enim
2885 4071 3079 4126 beatus
3120 4070 3364 4129 Joannes
3402 4074 3571 4130 vitam
3616 4078 3754 4131 rcli-

2178 4161 2321 4231 quit.
2367 4160 2476 4217 ﬁde
2504 4170 2746 4226 servata,
2774 4172 2830 4217 et
2860 4161 3258 4220 ﬂuctuantibus
3288 4169 3664 4234 continuatis;
3695 4172 3753 4227 in

2180 4266 2384 4312 κιαι-ηε
2411 4266 2592 4310 tamen
2626 4254 2825 4311 saecula
2857 4256 3322 4327 sempiternarum
3350 4259 3671 4317 deliciarum
3697 4273 3756 4319 et

2182 4345 2512 4401 immortalis
2538 4346 2665 4401 vita:
2689 4347 3071 4403 haereditatem
3099 4358 3188 4405 est
3213 4361 3569 4408 consecutus.
3600 4354 3754 4411 Nova

2184 4449 2367 4493 autem
2398 4439 2567 4496 Dalila
2610 4440 2879 4506 Eudoxia,
2899 4456 3023 4511 qua:
3046 4442 3307 4512 paulatim
3335 4451 3389 4500 te
3417 4447 3627 4502 erroris
3657 4463 3754 4503 seu

510 4545 707 4617 μικρὸν
731 4542 809 4613 τῷ
835 4538 982 4612 ξυρῷ
1004 4539 1105 4609 τῆς
1137 4536 1345 4607 πλάνης
1375 4533 1661 4606 ξυρήσασά
1688 4549 1771 4599 σε,
1796 4533 2067 4605 ἐπήγαγεν

2183 4529 2529 4587 seductionis
2562 4532 2833 4586 novacula
2881 4534 3157 4601 totondit,
3204 4537 3644 4593 exsecrationem
3688 4557 3758 4595 ex
3798 4524 3801 4527 ’

508 4640 678 4709 ἑαυτῇ
721 4637 970 4702 κατάραν
1013 4633 1076 4686 ἐκ
1122 4629 1329 4683 πολλῶν
1375 4627 1685 4696 στομάτων,
1728 4625 2079 4695 δεσμεύσασα

512 4729 731 4802 φορτίον
747 4722 1167 4797 ἁμαρτημάτων
1190 4718 1327 4790 βαρὺ
1352 4717 1446 4771 καὶ
1464 4716 1898 4780 δυσδάστακτον,
1914 4730 2084 4783 προσ-

514 4823 669 4877 θεῖσα
693 4815 852 4872 τοῦτο
878 4816 988 4875 τοῖς
1017 4812 1209 4881 πρώην
1233 4806 1404 4878 αὐτῆς
1432 4807 1819 4876 ἁμαρτήμασι.
1848 4804 1939 4858 Διὸ
1968 4802 2081 4873 ἐγὼ

513 4919 541 4968 ὁ
571 4913 855 4983 ἐλάχιστος
885 4906 980 4959 καὶ
1011 4900 1360 4974 ἁμαρτωλὸς,
1386 4898 1460 4962 ὼς
1494 4895 1807 4961 πιστευθεὶς
1836 4895 1928 4951 τὸν
1960 4895 2085 4966 θρό-

515 5026 605 5063 νον
636 5003 733 5060 τοῦ
769 4998 1009 5073 μεγάλου
1042 4994 1343 5051 ἀποστόλου
1382 4992 1612 5061 Πέτρου,
1647 4990 1898 5062 ἀφορίζω
1931 4990 1991 5045 σέ
2023 5007 2083 5044 τε

518 5097 777 5167 κάκείνην
802 5093 901 5162 τῆς
934 5088 1290 5159 μεταλήψεως
1318 5084 1428 5138 τῶν
1454 5082 1742 5156 ἀχράντων
1768 5084 2085 5156 μυστηρίων

522 5188 761 5266 Χριστοῦ
790 5184 886 5242 τοῦ
913 5180 1048 5237 Θεοῦ
1076 5179 1237 5253 ἡμῶν
1263 5194 1278 5209 ο
1309 5176 1372 5230 οὐ
1405 5178 1513 5266 μὴν
1542 5174 1679 5229 ά).λά
1709 5175 1804 5229 καὶ
1833 5179 2087 5266 παντοῖον

522 5264 821 5338 ἐπίσκοπον
848 5276 884 5345 ἢ
914 5272 1175 5344 κληρικδν
1202 5268 1331 5322 ὄντα
1359 5265 1454 5320 τοῦ
1483 5267 1768 5336 τάγματος
1798 5266 1895 5332 τῆς
1926 5264 2089 5333 ἁγίας

525 5376 619 5430 τοῦ
661 5370 798 5429 Θεοῦ
835 5366 1199 5438 Ἐκκλησίας,
1242 5360 1558 5432 τολμῶντας
1600 5355 1951 5428 ἐπιχειρῆσαι
1994 5358 2088 5409 καὶ

530 5467 852 5541 μεταδοῦναι
901 5463 1052 5532 ὑμῖν,
1095 5459 1185 5528 ἀφ’
1210 5450 1277 5526 ἦς
1324 5452 1471 5525 ὥρας
1516 5451 1799 5520 ἀναγνῶτέ
1848 5465 1951 5520 μου
1998 5449 2092 5503 τδν

530 5568 775 5638 παρόντα
801 5561 1026 5631 δεσμὸν,
1056 5556 1160 5611 ὑπὸ
1190 5553 1509 5623 καθαίρεσιν
1534 5545 1696 5604 εἶναι.
1723 5548 1787 5604 Ei
1816 5548 1871 5603 δὲ
1902 5547 2093 5618 βιάση-

535 5662 628 5713 oet
655 5674 800 5719 τινα,
829 5653 905 5717 ὡς
936 5651 1303 5717 ἐξουσιασταὶ,
1334 5646 1429 5699 καὶ
1454 5641 1823 5714 παρεξέλθητε
1849 5641 1973 5702 τοὺς
2002 5641 2094 5693 δο-

532 5755 726 5815 θέντας
773 5750 899 5819 ὑμῖν
948 5745 1171 5804 κανόνας
1223 5738 1375 5811 παρά
1419 5735 1515 5789 τοῦ
1560 5734 1811 5805 Σωτῆρος
1856 5733 1947 5787 διὰ
1988 5735 2096 5786 τῶν

537 5844 707 5912 ἁγίων
736 5839 1051 5898 ἀποστόλων
1072 5875 1087 5902 ,
1121 5834 1308 5889 ἔσεσθε
1342 5828 1735 5899 ἐπιστάμενοι,
1772 5826 1847 5890 ὡς
1882 5826 2098 5896 πρῶτον

2184 4623 2484 4678 multorum
2517 4638 2614 4678 ore
2645 4624 2748 4678 sibi
2782 4624 2888 4695 ipsi
2932 4626 3261 4694 introduxit,
3292 4644 3460 4700 grave
3504 4640 3561 4685 et
3603 4634 3756 4701 quod

2182 4712 2390 4787 gestari
2444 4723 2683 4786 nequeat
2747 4721 3099 4786 peccatorum
3163 4719 3383 4789 pondus
3453 4723 3757 4794 colligans.

2184 4815 2352 4873 atque
2411 4805 2467 4861 id
2530 4805 2810 4877 prioribus
2870 4810 3114 4879 peccatis
3172 4811 3287 4868 suis
3352 4817 3757 4884 superaddrns.

2174 4897 2381 4969 Itaque
2434 4914 2535 4971 ego
2582 4899 2865 4967 minimus,
2925 4912 2980 4957 et
3029 4913 3312 4974 peccator,
3375 4907 3465 4963 cui
3523 4908 3760 4966 thronus

2186 4990 2368 5062 magni
2393 4991 2625 5061 apostoli
2654 4992 2803 5047 Petri
2828 4994 3069 5050 creditus
3098 5007 3206 5061 est,
3237 5012 3466 5070 segrego
3488 5011 3545 5056 et
3568 5003 3759 5073 rejicio

2189 5092 2244 5139 te
2286 5091 2342 5140 et
2372 5084 2522 5141 illum
2563 5100 2593 5139 a
2631 5087 2988 5157 perceptione
3033 5088 3511 5147 immaculatorum
3554 5104 3757 5167 myste-
3812 5134 3815 5137 γ

2189 5178 2400 5234 riorum
2449 5179 2661 5236 Christi
2725 5182 2822 5237 Dei
2883 5183 3059 5237 nostri
3118 5202 3133 5238 :
3200 5189 3517 5256 episc0pum
3587 5191 3756 5247 etiam

2190 5287 2432 5339 omnem,
2467 5284 2561 5327 aut
2582 5274 2844 5329 clericum
2879 5276 3091 5331 ordinis
3122 5287 3326 5334 sane-tie
3350 5279 3444 5336 Dei
3476 5280 3759 5349 Ecclesiae,

2191 5367 2284 5436 qui
2344 5364 2736 5421 administrare
2801 5376 2896 5421 aut
2942 5371 3205 5426 exhibere
3264 5386 3326 5426 ca
3374 5374 3533 5430 vobis
3592 5391 3762 5435 ansus

2194 5458 2379 5523 fuerit,
2430 5458 2500 5513 ab
2546 5473 2611 5512 ea
2669 5458 2806 5514 hora
2854 5476 2961 5529 qua
3034 5473 3333 5532 praesentes
3386 5465 3595 5523 vinculi
3656 5471 3765 5525 mei

2195 5550 2439 5621 lcgeritis
2471 5550 2706 5619 litteras,
2739 5551 3008 5624 dignitate
3044 5568 3140 5608 sua
3168 5557 3464 5626 excidisse,
3496 5559 3760 5617 decerno.

2194 5642 2359 5715 420
2406 5642 2637 5710 Quodsi,
2692 5655 2751 5698 ut
2786 5645 3039 5701 homines
3092 5658 3365 5715 potentes,
3431 5667 3763 5722 queinquam

2196 5737 2263 5790 ad
2293 5736 2345 5789 id
2386 5737 2437 5789 vi
2471 5736 2793 5806 adegeritis,
2826 5747 2882 5791 et
2930 5752 3169 5816 canones
3205 5743 3363 5797 vobis
3407 5760 3436 5797 a
3474 5744 3767 5802 Servatore

2200 5843 2298 5899 per
2321 5837 2539 5884 sanctos
2578 5830 2858 5900 apostolos
2901 5831 3132 5903 traditos
3163 5837 3485 5899 transg-essi
3530 5838 3764 5898 fueritis.
