4018 6212
390 381 521 446 ινιτ

1557 388 2006 452 .NlCEPHOHI
2045 393 2391 454 CALLISTI

3471 386 3617 452 ποθι

379 491 656 556 ϐοηίίιιιιε
688 500 837 558 enim
884 501 1178 571 quemdam
1226 505 1335 560 sibi
1386 506 1793 574 imminentem,
1830 525 1947 563 nio-

2079 509 2272 575 ὀῦντες
2305 511 2613 583 ’Δλλαρίχῳ
2648 511 2901 580 ἐμποδὼν
2930 511 2998 581 τῇ
3031 508 3228 582 εἰρήνῃ
3260 507 3616 564 καθίσταντο.

381 593 583 649 lestum
646 608 790 664 esse,
845 595 1187 666 Romamque
1237 608 1456 655 vastare
1513 601 1732 672 jubere.
1787 600 1945 669 Quod

386 687 550 738 etiam
581 685 803 740 tandem
837 687 990 743 fecit.
1028 689 1105 745 Ac
1145 699 1258 744 tum
1303 692 1529 762 quidem
1573 693 1807 764 pecunia
1852 708 1946 746 ac-

384 784 565 846 cepta.
599 778 947 836 obsidionem
977 783 1140 837 solvit
1169 803 1182 838 :
1218 801 1342 839 cum
1388 786 1619 842 Romani
1654 788 1798 858 pacti
1822 803 1951 843 cum

384 882 453 922 eo
482 879 692 934 essent,
725 870 1048 940 imperatori
1095 891 1156 931 se
1189 893 1473 945 suasuros,
1507 890 1568 943 ut
1603 896 1792 950 pacem
1823 896 1949 936 cum

387 975 455 1014 eo
490 961 680 1017 iniret.
711 963 782 1018 Et
819 964 1092 1035 legatione
1119 970 1306 1036 missa,
1341 972 1434 1040 qui
1465 971 1723 1029 Alariclto
1756 972 1953 1029 adver-

386 1053 676 1121 sabantur,
699 1055 1119 1127 impedimento,
1145 1077 1216 1117 ne
1238 1079 1343 1133 pax
1368 1080 1433 1120 ea
1453 1079 1753 1130 constaret,
1777 1068 1952 1124 fuere.

391 1145 571 1217 Atque
603 1149 925 1205 Innocentio
953 1151 1282 1222 legationem
1308 1156 1572 1223 obeunte,
1606 1159 1958 1230 imperatoris

393 1240 598 1296 litteris
630 1257 933 1312 persuasus
962 1246 1276 1313 Alarichus,
1313 1249 1379 1304 ad
1415 1252 1722 1308 Ariminum
1761 1256 1955 1311 urbem

390 1333 692 1398 concessit,
739 1351 863 1403 qure
888 1337 1145 1394 ducentis
1172 1348 1230 1395 et
1256 1341 1446 1399 decem
1478 1345 1671 1401 stadiis
1696 1347 1958 1404 Ravenna

392 1423 577 1481 distat.
619 1424 810 1495 Ibique
861 1442 988 1482 cum
1029 1443 1097 1485 eo
1139 1445 1171 1486 e
1218 1448 1380 1488 muro
1413 1434 1719 1492 collocutus
1768 1437 1961 1495 Jovius

393 1515 564 1572 Italiae
629 1517 966 1589 praefectus,
1037 1524 1360 1593 petitionem
1439 1528 1559 1598 ejus
1635 1527 1959 1600 imperatori

395 1608 665 1674 ostendit,
707 1611 914 1668 debere
942 1626 1072 1668 eum
1117 1630 1217 1684 per
1265 1615 1482 1675 litteras
1524 1619 1720 1676 ducem
1756 1622 1960 1692 praefici

394 1701 676 1756 exercitus
726 1704 1019 1776 utriusque
1050 1720 1306 1763 censens.
1341 1709 1524 1780 Atque
1557 1711 1648 1768 ille
1695 1715 1799 1769 alia
1841 1722 1964 1785 qut-

394 1792 521 1848 dem
554 1793 605 1848 ei
639 1797 914 1850 concessit
946 1817 959 1851 :
996 1798 1322 1868 dignitatem
1357 1811 1543 1859 autem
1586 1820 1706 1862 eam
1738 1817 1798 1862 ut
1828 1822 1961 1863 con-

2061 603 2413 659 Ίννοκεντίου
2445 604 2501 658 δὲ
2535 604 3055 674 πρεσϐευσαμένου,
3088 601 3336 664 πεισθεὶς
3371 601 3623 670 ’Λλλάρι-

2052 714 2145 767 xm;
2177 695 2439 767 βασιλέως
2473 697 2836 766 γράμμασιν,
2869 696 2949 758 είς
2985 694 3262 766 Ἀρίμινον
3289 686 3389 764 ἧκε
3425 693 3620 754 πόλιν,

2054 790 2188 843 δέκα
2223 789 2318 842 καὶ⁸
2349 789 2642 850 διακοσίοις
2678 788 2913 851 σταδίοις
2946 787 3231 858 διέχουσαν
3261 787 3358 856 τῆς
3393 785 3622 836 Ῥαϐέν-

2056 900 2151 952 νης
2172 897 2186 912 ·
2214 881 2343 936 ἔνθα
2371 883 2450 944 είς
2476 882 2670 949 λόγους
2698 882 2761 934 ὲκ
2783 878 3188 951 τειχῶνῚόϐιος
3214 878 3243 929 δ
3265 878 3361 944 τῆς
3383 876 3624 936 Ἰταλίας

2058 973 2304 1044 ὕπαρχος
2337 973 2602 1043 ὁμιλήσας
2622 1014 2639 1038 ,
2671 974 2733 1024 τὸ
2765 969 3014 1043 βούλημα
3043 970 3234 1040 ἐδήλου
3264 969 3341 1036 τῷ
3375 965 3587 1035 βασιλεῖ
3607 1005 3624 1026 ,

2055 1067 2132 1131 ὥς
2172 1066 2283 1120 δέοι
2325 1066 2487 1119 αὐτὸν
2527 1065 2735 1130 δέλτοις
2778 1066 2947 1137 τιμᾷν
2990 1061 3296 1136 στρατηγὸν
3341 1059 3628 1127 δυνάμεως

2058 1157 2351 1228 ἑκατέρας.
2387 1157 2449 1211 Ὀ
2471 1158 2530 1210 δὲ
2565 1156 2736 1211 τᾶλλα
2776 1157 2878 1227 μὲν
2913 1155 3110 1217 ἐδίδου,
3135 1154 3292 1220 ἀξίας
3329 1151 3385 1205 δὲ
3424 1149 3624 1203 οὔποτε

2061 1248 2397 1320 μεταδώσειν
2435 1248 2744 1303 κατένευεν.
2770 1247 2958 1309 Ίόϐιος
2995 1246 3053 1301 δὲ
3094 1245 3336 1304 ἀϐούλως
3371 1244 3431 1296 τὸ
3469 1241 3632 1306 δόξτν

2059 1338 2138 1410 τῷ
2178 1338 2390 1410 βασιλεῖ
2429 1339 2824 1406 ἀναγινώσκειν
2849 1335 3158 1406 ’Δλλαρίχῳ
3195 1333 3472 1388 ἐκέλευεν.
3504 1332 3633 1385 Ἐπὶ

2059 1430 2116 1485 δὲ
2145 1433 2212 1502 τῇ
2245 1432 2471 1500 ἀρνήσει
2501 1431 2596 1484 τοῦ
2627 1427 2940 1501 ἀξιώματος
2968 1427 3251 1499 ὀργισθεὶς
3275 1425 3593 1504 Ἀλλάριχος
3616 1465 3632 1489 ,

2061 1523 2135 1586 ὡς
2185 1523 2548 1594 ὑϐρισμένος.
2598 1521 2800 1593 ἁθρόον
2846 1524 2913 1594 τῇ
2964 1521 3228 1590 σάλπιγγι
3277 1518 3524 1588 σημήνας
3570 1516 3636 1570 τδ

2063 1615 2349 1680 ἐνυάλιον,
2397 1616 2493 1669 ἐπὶ
2531 1614 2759 1686 Ῥώμην
2803 1612 3026 1684 ἧλαυνε.
3070 1612 3264 1676 Δείσας
3311 1611 3366 1664 δὲ
3408 1610 3634 1672 Ἱόϐισς,

2065 1708 2486 1778 παρασκεύαζεν
2529 1707 2757 1777 ὀμνύειν
2803 1706 2930 1771 τοὺς
2970 1707 3100 1777 περὶ
3138 1705 3325 1766 αὐτὸν.
3371 1704 3447 1774 μή
3501 1720 3636 1757 ποτε

2066 1800 2324 1873 εἰρηνικά
2384 1800 2480 1855 καὶ
2535 1799 2614 1870 τῷ
2673 1799 2936 1872 βαρϐάρῳ
2993 1798 3283 1869 φρονῆσαι.
3319 1796 3638 1869 Ἀλλάριχος

393 1882 588 1950 ferret,
645 1886 891 1941 nondum
928 1889 1146 1944 statuit.
1195 1890 1392 1948 Jovius
1427 1894 1744 1952 inconsulto
1788 1898 1967 1970 impe-

2079 1868 2136 1946 δέ
2170 1868 2232 1944 τὸ
2282 1889 2505 1960 ἀξίωμα
2553 1868 3083 1963 παραιτησάμενος,
3128 1887 3318 1960 ῑτερον
3360 1888 3482 1959 ᾔτει
3534 1904 3639 1957 μη-

398 1978 602 2032 ratoris
631 1977 919 2034 decretum
961 1980 1227 2039 Alaricbo
1263 1984 1366 2055 legi
1412 1987 1606 2056 jussit.
1644 1990 1838 2061 Itaque
1875 1992 1968 2047 ille

397 2081 627 2141 propter
658 2073 983 2144 dignitatem
1022 2078 1128 2131 sibi
1165 2078 1516 2151 denegatam,
1545 2084 1774 2156 perinde
1807 2095 1971 2155 atque

402 2166 606 2236 injuria
657 2167 890 2224 affectus
938 2181 1106 2236 esset,
1143 2172 1485 2244 indignatus,
1546 2179 1672 2232 tuba
1735 2177 1970 2234 classico

404 2259 528 2313 cani
561 2259 736 2329 jusso,
770 2262 1000 2317 Romam
1038 2266 1342 2322 contendit.
1373 2266 1566 2323 Jovius
1608 2277 1787 2326 autem
1820 2282 1969 2325 metu

406 2355 718 2423 perculsus,
749 2372 818 2411 ne
854 2357 907 2410 in
950 2358 1348 2427 suspicionem,
1380 2361 1614 2432 perinde
1648 2373 1816 2433 atque
1843 2363 1970 2420 bar-

408 2445 547 2501 baro
576 2447 805 2513 faveret,
841 2449 985 2519 apud
1014 2450 1404 2519 imperatorem
1442 2453 1738 2519 incideret,
1766 2457 1975 2528 impru-

410 2540 631 2596 dentius
658 2542 824 2596 etiam
861 2558 1027 2611 quam
1059 2555 1217 2598 antra
1241 2545 1600 2617 jurisjurandi
1627 2561 1973 2607 sacramento

409 2649 540 2688 suos
572 2632 778 2704 adegit,
803 2650 871 2690 ne
903 2651 1093 2705 pacem
1127 2653 1365 2706 unquam
1401 2656 1524 2692 cum
1557 2640 1796 2697 barbaro
1829 2643 1973 2699 face-

406 2732 552 2778 rent.
612 2722 784 2779 Porro
815 2724 1106 2779 Aluit-bus
1153 2727 1255 2795 (1),
1311 2725 1578 2797 dignitate
1631 2739 1970 2800 contempta,

407 2817 546 2872 nihil
596 2818 834 2888 amplius
868 2819 1016 2889 quod
1074 2821 1306 2874 [loniani
1361 2821 1648 2884 baberent,
1687 2823 1864 2892 petiit.
1901 2825 1972 2880 Et

407 2911 501 2964 ubi
530 2892 615 2966 bis
647 2911 1036 2982 episcoporum
1072 2913 1347 2981 legatione
1380 2915 1571 2977 missa,
1599 2917 1743 2986 quod
1775 2926 1970 2986 postu-

402 3007 584 3069 lavit,
616 3022 726 3062 non
763 3007 1119 3076 impetravit,
1161 3009 1390 3063 Romam
1441 3025 1638 3066 rursus
1684 3010 1974 3067 obsidione

406 3099 583 3154 cinxit
612 3116 624 3154 :
657 3108 934 3170 portuque
965 3110 1148 3169 capto,
1186 3101 1464 3157 Romanos
1494 3103 1571 3167 vi,
1605 3110 1663 3156 ttt
1706 3103 1972 3168 Attalum,

2069 1986 2160 2040 δὲν
2211 1983 2511 2054 Ῥωμαίοις
2564 1982 2854 2055 τυγχάνον.
2910 1981 3001 2046 Ὠς
3052 1981 3109 2036 δὲ
3162 1981 3242 2045 δὶς
3299 1980 3644 2055 πρεσϐευσάς

2075 2094 2235 2149 μενος
2290 2075 2712 2145 ἀπετύγχανεν,
2766 2073 2941 2127 ἐλθὼν
2996 2071 3311 2142 ἐπολιόρκει
3365 2068 3466 2141 τὴν
3509 2070 3647 2126 Ῥώ-

2074 2187 2204 2242 μην.
2278 2167 2448 2223 Ἐλὼν
2513 2168 2571 2222 δὲ
2630 2166 2690 2220 τὸ
2758 2167 2999 2221 ἐπίνειον
3059 2166 3309 2236 Πόρτον,
3374 2162 3647 2218 Ἀτταλόν

2070 2281 2215 2331 τινα,
2267 2261 2515 2333 ὕπαρχον
2557 2259 2863 2331 τηνικαῦτα
2894 2259 2995 2328 τῆς
3043 2257 3256 2322 πόλεως
3303 2257 3467 2320 δντα,
3512 2257 3632 2310 Ῥω

2075 2357 2271 2428 μαίους
2298 2356 2482 2420 ἐϐίαζε
2513 2353 2740 2425 βασιλέα
2767 2352 3103 2425 ψηφίζεσθαι
3123 2369 3137 2384 ο
3170 2353 3199 2407 δ
3227 2352 3322 2406 καὶ
3353 2351 3645 2420 εποίησαν.

2085 2448 2324 2510 Ἐκεῖνος
2357 2446 2414 2500 δὲ
2449 2445 2678 2511 πολλοὺς
2722 2447 3013 2516 Ῥωμαίων
3053 2444 3144 2498 ἐπὶ
3177 2444 3277 2507 τὰς
3306 2444 3480 2515 ἀρχάς
3513 2460 3647 2512 πριι-

2074 2540 2427 2608 ϐαλλόμενος,
2459 2539 2557 2592 καὶ
2600 2537 2918 2609 Ἀλλάριχον
2953 2538 3284 2608 ἐχειροτόνει
3339 2536 3649 2606 στρατηγὸν

2076 2634 2343 2702 ἑκατέρας
2405 2632 2692 2704 δυνάμεως
2724 2648 2737 2662 ·
2787 2629 3114 2701 Ἀδαοῦλφον
3168 2630 3264 2683 τὸν
3307 2628 3408 2704 τῆς
3439 2630 3648 2694 οἰκείας

2076 2732 2325 2802 γαμετῆς
2381 2729 2612 2800 ἀδελφὸν
2667 2729 2916 2800 ἡγεμόνα
2976 2726 3084 2780 τῶν
3122 2724 3333 2781 ίππέων
3389 2725 3648 2778 καθίστα.

2084 2823 2351 2886 Ἀτταλος
2374 2822 2432 2876 δὲ
2476 2822 2818 2892 συγκαλέσας
2869 2821 2930 2875 τὸ
2958 2818 3182 2890 πλῆθος,
3221 2819 3378 2885 λόγον
3405 2815 3650 2885 διεξῆλθε

2080 2918 2232 2988 μάλα
2259 2915 2536 2987 λαμπρὸν,
2587 2914 3021 2986 ὑπισχνούμενος
3054 2912 3121 2968 τὰ
3153 2914 3359 2981 πάτρια
3388 2913 3455 2981 τῇ
3519 2926 3652 2976 συγ-

2077 3011 2261 3083 κλήτῳ
2293 3008 2458 3079 ἀθιγῆ
2511 3007 2768 3080 τηρῆσαι,
2798 3007 2898 3078 τήν
2935 3022 2994 3059 τε
3055 3004 3131 3059 ιω
3187 3004 3369 3059 πᾶσαν
3420 3004 3515 3058 καὶ
3554 3003 3650 3056 Δί-

2077 3119 2285 3174 γυπτον
2333 3101 2577 3170 ὑπήκοον
2644 3097 2868 3162 Ἰταλοῖς
2920 3096 3166 3168 ποιῆσαι.
3203 3094 3365 3148 Καὶδ
3407 3092 3510 3164 μὲν
3561 3087 3652 3145 ὧδ’

408 3196 566 3250 urbis
625 3203 742 3247 tum
813 3193 1158 3264 pmfectum,
1225 3196 1620 3266 imperatorem
1688 3209 1973 3258 crearent.

2082 3195 2473 3266 ἐπαιρόμενος,
2528 3192 2639 3245 οὐδ’
2672 3192 2754 3254 είς
2791 3187 3041 3245 ἐνιαυτὸν
3084 3182 3243 3259 ἦρξε,
3295 3187 3371 3256 μὴ
3413 3182 3652 3247 πεισθεὶς

407 3291 612 3360 coegit.
657 3288 716 3342 Id
769 3289 847 3342 illi
881 3287 1085 3343 fecere.
1152 3288 1316 3361 423
1351 3289 1570 3346 Attalus
1616 3301 1802 3346 autem
1852 3308 1976 3347 cum

411 3382 678 3437 Romanis
717 3381 906 3436 multis
934 3381 1294 3453 magistratus
1320 3384 1619 3448 concessit,
1655 3394 1768 3438 tum
1805 3385 1982 3441 Alari-

410 3477 576 3531 chum
613 3483 974 3544 utrarumque
1020 3477 1305 3544 copiarum
1352 3475 1548 3532 ducem
1592 3477 1744 3542 fecit,
1776 3477 1982 3534 Adaul-

412 3570 696 3640 plinmque
757 3569 1010 3637 conjugis
1062 3568 1180 3636 ejus
1245 3567 1467 3623 fratrem
1520 3570 1838 3639 prmfectum
1900 3570 1978 3642 (2)

414 3666 662 3732 equitnm
725 3662 1035 3716 constituit.
1097 3662 1162 3716 Et
1229 3662 1582 3718 multitudine
1638 3673 1977 3732 convocata,

412 3756 759 3825 splendidam
791 3754 859 3808 ad
898 3769 1020 3808 eam
1057 3754 1366 3809 orationem
1405 3754 1617 3818 habuit,
1652 3756 1829 3826 patria
1854 3757 1979 3828 jura

415 3850 681 3904 inviolata
715 3847 930 3904 senatui
965 3862 1024 3902 se
1072 3857 1553 3915 conservaturum,
1584 3848 1982 3920 Orientemque

415 3942 739 3995 universum
777 3947 831 3995 et
875 3939 1172 4010 Aigyptum
1207 3939 1357 3994 italis
1403 3939 1786 4010 subjecturum
1825 3938 1985 4010 pelli-

411 4035 578 4090 citus.
623 4036 803 4103 Atque
850 4033 942 4089 ille
992 4034 1072 4089 sic
1115 4032 1313 4099 elatus,
1350 4046 1461 4087 non
1497 4033 1770 4104 integrum
1804 4033 1983 4103 impe-

411 4127 559 4182 ravit
602 4142 833 4189 annum,
879 4125 1028 4195 quod
1072 4125 1352 4193 Alaricbo,
1396 4136 1457 4181 ut
1490 4124 1719 4180 Honorii
1774 4126 1985 4181 militiae

413 4221 589 4276 duces
635 4229 1062 4284 exauctoraret,
1113 4236 1223 4274 non
1276 4223 1542 4290 paruerit.
1589 4221 1655 4276 Et
1707 4219 1986 4276 Honorius

412 4325 669 4370 oratores
700 4314 768 4370 ad
797 4316 1042 4370 Attalum
1083 4315 1254 4381 misit,
1279 4328 1518 4384 eumque
1546 4313 1614 4370 ad
1643 4313 1861 4384 imperii
1896 4327 1987 4370 so-

412 4410 703 4469 cietatetn,
768 4409 815 4464 si
881 4424 1033 4463 arma
1098 4417 1368 4479 poneret,
1432 4407 1707 4463 invitavit.
1770 4407 1865 4464 Ille
1929 4407 1982 4464 id

2100 3286 2404 3356 Ἀλλσρίχῳ
2461 3284 2588 3347 τοὺς
2662 3283 2920 3355 Ὀνωρίου
2983 3280 3236 3336 καθελεῖν
3287 3276 3650 3351 στρατηγούς.

2097 3379 2354 3451 Ὀνώριος
2382 3378 2479 3449 μὲν
2506 3378 2615 3447 γὰρ
2641 3375 2880 3448 πέμψας.
2915 3372 3178 3430 Ἄτταλον
3199 3370 3456 3426 κοινωνὸν
3468 3368 3651 3423 ἐκάλει

2087 3472 2180 3530 τοῦ
2231 3476 2469 3544 κράτους
2497 3469 2566 3523 τὰ
2596 3468 2736 3524 ὅπλα
2782 3465 3040 3539 ῥίψαντα.
3084 3466 3141 3519 ’0
3171 3464 3217 3517 δ’
3243 3465 3345 3519 οὐκ
3373 3465 3650 3534 ἠνέσχετο,

2088 3563 2205 3619 ἀλλ’
2235 3561 2429 3632 ἐκείνῳ
2462 3558 2628 3629 νῆσον
2677 3557 2848 3610 οίκείν
2909 3555 3152 3622 ἐκέλευε,
3207 3555 3298 3608 καὶ
3356 3551 3654 3606 ίδιωτεύειν

2088 3657 2388 3732 αἱρεῖσθαι.
2424 3657 2476 3710 εί
2513 3669 2577 3723 γε
2639 3651 2882 3726 βούλοιτο
2918 3651 3039 3723 ζῇν,
3102 3648 3198 3702 καὶ
3253 3650 3320 3717 τῇ
3380 3646 3654 3717 περιτομῇ

2088 3752 2199 3808 τῶν
2236 3747 2601 3821 ἀκρωτηρίων
2640 3744 2734 3800 τοῦ
2766 3742 3016 3815 σώματος
3045 3741 3142 3812 τὴν
3175 3739 3269 3795 τοῦ
3320 3739 3444 3796 δλου
3483 3755 3656 3809 σωτη-

2091 3845 2214 3919 ρίαν
2239 3842 2518 3899 ὠνείσθαι.
2554 3839 2872 3910 ’Ᾱλλάριχος
2898 3835 2954 3890 δὲ
2995 3833 3224 3888 συνιδὼν
3279 3833 3562 3895 Ἄτταλον,
3589 3832 3652 3885 οὓ

2092 3940 2289 4013 ῥαδίως
2317 3939 2512 4007 ἐκείνῳ
2538 3935 2651 3996 τοῖς
2680 3949 2743 4002 γε
2775 3928 3100 3997 ἀναγκαίοις
3153 3926 3498 3997 πειθόμενον,
3547 3924 3656 3977 δεί-

2092 4050 2191 4097 σας
2225 4030 2507 4102 Ὀνὼριον,
2540 4025 2719 4097 λάθρα
2762 4021 2956 4095 ἐκείνῳ
3017 4020 3330 4076 συντίθεται
3387 4019 3656 4086 συνθήκας

2091 4123 2292 4178 λαϐὼν.
2317 4119 2428 4176 Καὶ
2450 4120 2514 4190 δὴ
2543 4119 2764 4173 πάντων
2790 4112 3146 4186 συνηγμένων
3169 4112 3278 4181 πρὸ
3308 4111 3407 4181 τῆς
3437 4111 3658 4182 ’Ἄφρων

2094 4216 2324 4281 πόλεως,
2355 4213 2531 4267 πείθει
2596 4209 2916 4281 Ἀλλάριχος
2935 4208 3004 4262 τὰ
3053 4205 3297 4277 σύμϐολα
3329 4207 3426 4274 τῆς
3485 4204 3658 4276 ἀρχῆς

2093 4308 2419 4374 ἀποθέσθαι,
2457 4303 2708 4374 καὶτοὺς
2749 4303 3020 4376 ἄρχοντας
3060 4299 3272 4353 ἐκείνου
3329 4300 3428 4362 τὰς
3467 4296 3655 4361 ζώνας.

2093 4399 2436 4471 Συγγνώμην
2486 4397 2532 4450 δ’
2559 4397 2767 4452 ἅπασιν
2827 4392 3086 4462 Ὀνώρισις
3135 4390 3328 4457 ἐδίδου,
3359 4387 3492 4443 ὥσθ’
3528 4387 3661 4441 ἐκα-

416 4503 633 4573 respuit
666 4519 678 4555 :
707 4511 766 4557 et
797 4501 1100 4557 Honorium
1132 4504 1366 4558 insulam
1393 4502 1658 4570 incolere,
1692 4503 1973 4575 privatam

2097 4513 2222 4550 στον
2249 4494 2416 4564 τιμὴν
2445 4491 2542 4545 καλ
2588 4489 2748 4557 ἀξίαν
2780 4489 2922 4559 ἔχειν
2970 4491 3037 4560 ἢν
3083 4482 3288 4555 προτοῦ
3346 4481 3659 4554 μετέλαχεν.

415 4612 526 4666 que
575 4599 767 4664 vitam,
799 4596 846 4651 si
877 4595 1066 4650 vivere
1097 4595 1286 4660 Vellet,
1314 4595 1582 4666 deligere,
1617 4609 1973 4652 summorum-

2101 4585 2370 4650 ’Δτταλος
2398 4583 2455 4638 δὲ
2485 4582 2593 4637 ὑπὸ
2623 4581 2791 4644 πόδας
2828 4580 3072 4651 βήματος
3104 4577 3464 4648 προτεθέντος
3506 4591 3663 4643 γεγο-

413 4705 525 4759 que
577 4687 830 4757 corporis
885 4687 1268 4742 membrorum
1326 4687 1708 4757 amputatione
1753 4688 1973 4744 salutem

2093 4680 2203 4742 νὼς
2279 4677 2570 4748 Ὀνωρίου,
2620 4675 2750 4738 τοὺς
2804 4673 2903 4727 δύο
2958 4671 3070 4726 τῶν
3125 4669 3407 4724 δακτύλων
3469 4669 3663 4739 μόνους

416 4797 572 4836 suam
603 4782 882 4836 redimere
911 4779 1096 4850 jussit.
1130 4779 1424 4836 Alaricbus
1460 4781 1553 4836 ubi
1601 4783 1838 4838 Attalum
1876 4797 1987 4837 non

413 4877 580 4932 facile
619 4875 707 4930 vel
739 4875 844 4931 sibi
870 4874 957 4931 vel
995 4874 1328 4931 necessariis
1361 4875 1487 4931 aliis
1515 4889 1709 4945 parere
1735 4874 1989 4930 animad-

415 4972 602 5032 vertit.
655 4969 725 5024 ab
775 4969 1024 5026 Honorio
1071 4970 1174 5026 sibi
1221 4977 1495 5034 metuens,
1524 4970 1666 5025 clam
1715 4985 1841 5025 cum
1898 4984 1989 5035 eo,

419 5063 842 5119 conditionibus
891 5065 1155 5134 acceptis,
1193 5063 1261 5119 de
1303 5064 1756 5118 reconciliatione
1797 5072 1989 5132 pactus

418 5168 525 5215 est.
600 5160 779 5228 Atque
834 5157 1097 5212 omnibus
1156 5157 1234 5227 (3)
1291 5157 1359 5211 ad
1419 5157 1610 5212 urbem
1669 5156 1989 5212 Ravennam

420 5251 792 5322 congregatis,
835 5251 1131 5305 Alaricbus
1162 5249 1346 5306 Attalo
1378 5249 1677 5320 persuasit,
1713 5259 1772 5303 ut
1819 5250 1994 5319 impe-

417 5343 486 5396 rii
527 5343 789 5412 insignia,
822 5342 1102 5410 ducesque
1150 5343 1270 5412 ejus
1301 5342 1582 5413 cingulum
1628 5343 1864 5411 1nisque
1896 5339 1992 5395 de-

417 5445 695 5506 ponerent
747 5434 845 5505 (4).
900 5433 1177 5489 Honorius
1219 5437 1437 5488 veniam
1497 5434 1757 5490 omnibus
1812 5433 1987 5500 dedit,

492 5552 569 5618 (l)
605 5551 660 5605 In
692 5551 964 5620 legatione
996 5549 1302 5620 posteriore
1329 5549 1614 5620 Alaricbus
1647 5548 1821 5617 petiit,
1849 5547 1990 5601 utin

415 5619 761 5676 societatem
791 5619 913 5673 belli
960 5635 989 5671 a
1041 5619 1301 5673 Romanis
1344 5619 1767 5688 susciperetur:
1824 5627 1878 5671 et
1935 5626 1995 5670 ut

417 5693 525 5747 sibi
565 5706 690 5745 cum
724 5689 988 5743 mediocri
1031 5689 1292 5760 frumenti
1329 5691 1592 5760 pensione
1632 5690 1747 5743 loca
1787 5689 1991 5760 aliqua,

418 5778 540 5828 quia:
565 5760 944 5899 (léomani)non
970 5759 1399 5830 magnifacerent
1419 5801 1434 5826 ,
1475 5759 1761 5815 incolcnda
1793 5759 1993 5815 daren-

421 5843 527 5886 tur.
628 5848 780 5885 UZOIII

421 5843 527 5886 tur.
565 5843 780 5886 (Solum

492 5902 568 5974 (ἓ)
594 5902 742 5970 Quos
767 5901 1098 5958 domesticos
1131 5911 1344 5958 vacant.
1379 5901 1641 5974 (Ξοιυιιι.)

2092 4775 2432 4846 ἀφαιρεῖται,
2458 4773 2552 4826 καὶ
2581 4771 2662 4832 είς
2689 4769 2913 4838 Δίπαρα
2932 4766 3033 4837 τὴν
3069 4765 3234 4836 νῆσον
3274 4760 3660 4833 φυγαδεύεται.

2108 4867 2438 4938 ’Λδαοῦλφος
2465 4867 2522 4920 δὲ
2580 4863 2717 4936 πρός
2773 4880 2920 4926 τινος
2965 4861 3075 4914 τῶν
3140 4859 3362 4912 οίκείων
3421 4855 3667 4928 μαχαίρᾳ

2096 4963 2411 5032 σφάττεται.
2457 4960 2772 5029 Ἀλλάριχος
2802 4957 2858 5010 δὲ
2890 4956 2951 5009 οὐ
2985 4959 3124 5009 πάνυ
3180 4953 3368 5024 πόρῥω
3408 4951 3508 5011 τὰς
3532 4949 3665 5002 ’Λλ-

2095 5073 2220 5121 πεις
2260 5052 2633 5123 καταλαϐὼν(
2663 5051 2862 5123 χωρίον
2900 5050 2955 5104 δὲ
2987 5047 3148 5103 τοῦτο
3193 5046 3335 5115 ἀμφὶ
3400 5043 3666 5114 ἑξήκοντα

2099 5151 2292 5205 στάδια
2311 5151 2410 5218 τῆς
2449 5147 2741 5215 Ῥαϐέννης
2768 5141 2986 5215 διέχον).
3026 5144 3105 5204 εἰς
3135 5138 3329 5202 λόγους
3356 5132 3667 5205 είρηναίους

2096 5241 2228 5316 ἦλθε
2261 5243 2339 5314 τῷ
2371 5240 2600 5313 βασιλεῖ.
2635 5239 2746 5294 Καὶ
2771 5239 2834 5306 δή
2870 5253 2952 5299 τις
2977 5233 3147 5302 Σάρος
3194 5231 3386 5299 ὄνομα,
3419 5227 3478 5290 ὃς
3528 5226 3667 5294 μετὰ

2099 5340 2408 5410 Στελίχωνα
2438 5337 2538 5408 τὴν
2567 5332 2944 5406 στρατηγικὴν
2972 5327 3150 5400 ἀρχὴν
3217 5324 3482 5396 Ὀνωρίου
3505 5323 3668 5377 δεδω-

2095 5437 2254 5496 κότος
2287 5430 2547 5502 εἷχεν,εἰς
2573 5429 2743 5497 ἄκρον
2765 5426 2832 5478 τὰ
2856 5423 3092 5492 πολέμια
3118 5417 3400 5491 ἠσκηκὼς,
3426 5414 3669 5477 ὕποπτος

2170 5542 2249 5612 (5)
2298 5541 2378 5596 Ad
2419 5534 3142 5612 reliquas_i_m_perii_‘Rom.
3174 5531 3359 5612 clades
3412 5527 3670 5612 accessit,

2097 5599 2244 5684 quod
2274 5612 2433 5684 Gildo
2460 5599 2644 5684 con-nes
2658 5599 2883 5684 Africae,
2912 5604 3227 5659 Theodosio
3259 5601 3543 5684 defuncto,
3579 5599 3673 5684 Li-

2099 5671 2257 5754 byam
2287 5695 2344 5737 et
2382 5682 2578 5736 bonam
2606 5678 2800 5733 Africae
2837 5687 3045 5745 partem
3074 5691 3173 5746 per
3212 5671 3556 5744 tyrannidem
3584 5683 3680 5723 oo-

2096 5757 2340 5823 cupavit.

2169 5816 2248 5894 (ὃ)
2289 5826 2508 5878 Soloni.
2545 5820 2641 5876 lib.
2682 5835 2752 5880 Ix,
2789 5834 2904 5887 cap.
2947 5816 2997 5870 8.
