4014 6228
451 323 589 392 1047

867 445 1034 520 425
1083 448 1313 510 CAPUT
1354 453 1593 514 XXXVI.

444 563 523 617 οξ
558 563 770 641 amitis,
821 582 947 641 quos
987 568 1105 622 urbi
1144 572 1452 628 acciderunt
1476 618 1491 640 ,
1543 579 1737 635 malis:
1778 591 1826 636 et
1856 587 2028 641 admi-

516 637 703 689 randis
739 638 993 710 prodigi-'3
1027 643 1077 693 in
1113 642 1262 705 calo,
1310 653 1458 700 terra
1480 637 1538 702 ie!
1576 655 1716 704 mari
1747 637 1902 710 editis

513 716 574 760 ut
597 723 777 792 omnes
801 711 892 778 qui
921 708 1292 781 Chrysostomo
1328 716 1597 776 adversati
1622 722 1856 792 fuerant,
1885 708 2028 782 male

494 779 791 857 perierint.

513 912 686 969 Tanta
721 916 869 971 enim
916 935 984 974 eo
1018 929 1270 991 tempore
1322 924 1610 983 hominum
1650 931 1829 988 caedes
1881 934 2022 991 facta

439 1015 547 1068 est,
579 1018 844 1076 quantam
877 1021 1012 1066 astas
1064 1015 1214 1070 nulla
1249 1032 1276 1071 a
1313 1022 1515 1075 sa'culo
1554 1024 1782 1079 condito
1841 1030 2016 1085 novit;

443 1101 574 1156 liam
605 1116 776 1172 porro
811 1103 1024 1159 cladem
1050 1107 1208 1163 stella
1253 1109 1373 1177 illa,
1411 1111 1579 1183 gladii
1614 1116 1846 1172 formam
1878 1121 2022 1176 refe-

440 1210 594 1258 rens,
629 1195 868 1252 obscure
899 1201 1208 1267 portendit.
1240 1203 1360 1258 Non
1407 1207 1614 1261 etenim
1661 1210 1868 1267 milites
1901 1223 2023 1268 tan-

439 1298 556 1342 tum
586 1289 873 1357 interiere,
921 1307 1102 1363 neque
1153 1295 1208 1350 in
1255 1296 1437 1367 aliqua
1485 1301 1641 1356 orbis
1678 1315 1834 1373 parte
1877 1307 2018 1362 mala

438 1382 555 1437 lucc
597 1384 931 1449 constitere,
966 1387 1060 1442 sed
1094 1404 1260 1444 omne
1289 1407 1464 1462 genus
1509 1395 1797 1454 hominum
1830 1403 2017 1457 conci-

435 1489 558 1528 sum
585 1483 694 1541 est,
724 1487 782 1531 et
810 1488 922 1534 tota
953 1495 1125 1552 prope
1155 1485 1320 1551 periit
1347 1486 1587 1558 Europa.
1626 1489 1768 1547 Asia:
1793 1509 2017 1565 quoque

435 1583 566 1637 pars
615 1585 724 1624 non
757 1572 953 1644 exigua
985 1577 1172 1631 attrita
1203 1590 1310 1645 est,
1363 1582 1599 1650 plurima
1636 1584 1763 1640 item
1806 1585 2014 1660 Libyae,

436 1660 789 1726 potissimum
822 1681 956 1722 vero
991 1684 1114 1738 qua:
1157 1670 1424 1728 Romanis
1469 1676 1762 1735 tributaria
1796 1692 1852 1735 et
1884 1682 2015 1738 sub-

428 1755 575 1824 jecta
609 1757 734 1812 fuit.
768 1760 1038 1817 lnteritus
1070 1779 1310 1835 namque
1339 1767 1752 1827 multitudinem
1787 1773 2006 1832 hostilis

434 1849 803 1909 barbarorum
836 1853 1142 1912 demessuit
1172 1859 1355 1926 ensis;
1395 1862 1666 1933 reliquam
1711 1875 1896 1922 autem
1928 1867 2006 1923 fa-

432 1960 552 2000 mes
609 1955 665 2002 et
719 1949 1072 2018 pestilentiae,
1133 1968 1352 2009 necnon
1405 1959 1709 2028 agrestium
1765 1962 2005 2018 ferarum

428 2055 629 2111 greges
659 2040 1044 2114 absumpsere.
1083 2045 1351 2104 Praeterea
1382 2061 1566 2107 motus
1616 2062 1776 2111 terrae
1815 2057 2008 2127 ingen-

433 2141 535 2196 tes,
571 2133 824 2193 funditus
847 2139 1017 2195 urbes
1039 2149 1093 2194 et
1115 2140 1310 2197 domos
1334 2154 1676 2214 everteutes,
1701 2151 2008 2219 permultos

431 2225 484 2279 in
519 2225 841 2284 inevitabile
888 2231 1119 2287 exitium
1163 2235 1475 2306 conjecere.
1519 2237 1711 2294 Multis
1739 2243 1906 2298 etiam
1948 2244 2005 2301 in

428 2317 563 2374 locis
616 2328 762 2375 terra
797 2321 1048 2379 hiatibus
1097 2338 1284 2397 rupta,
1316 2330 1637 2401 sepulcrum
1676 2334 1880 2393 incolis
1911 2352 2009 2392 ex-

427 2422 849 2484 temporaneum
877 2431 1357 2493 spontaneumque
1384 2423 1551 2481 facta.
1583 2427 1815 2496 Insuper
1835 2445 2006 2500 aqua-

426 2524 550 2562 rum
583 2509 910 2579 plut'ialium
948 2514 1262 2584 illuviones,
1296 2528 1353 2574 et
1394 2521 1538 2589 apud
1564 2521 1704 2576 alios
1738 2520 2004 2580 ﬂammea:

424 2601 727 2665 siccitates.
759 2606 902 2676 apud
937 2609 1205 2677 quosdam
1232 2610 1462 2668 fulmina
1487 2616 1762 2686 conjecta,
1791 2616 2000 2674 variam

422 2704 479 2749 et
507 2695 915 2756 intolerandam
956 2702 1186 2761 edidere
1221 2707 1618 2764 calamitatem.
1659 2709 1802 2778 Quin
1830 2713 1998 2769 etiam

425 2787 681 2857 pluribus
715 2791 766 2846 in
802 2796 938 2850 locis
970 2799 1182 2866 grando
1214 2801 1363 2855 saxis
1392 2803 1694 2860 manuariis
1725 2807 1919 2878 major,
1945 2819 2003 2864 et

424 2882 660 2937 circiter
692 2896 1021 2942 oetonarum
1054 2889 1320 2947 librarum
1367 2894 1584 2964 pondus
1626 2899 1870 2966 trahens,
1905 2901 2004 2958 de-

424 2975 557 3029 ferri
589 2979 705 3032 visa
740 2990 847 3036 est.
880 2982 1129 3053 Denique
1162 2985 1373 3041 nivium
1407 2989 1492 3043 vis
1534 3001 1592 3044 et
1621 2991 1844 3061 frigoris
1891 2994 1999 3050 im-

422 3069 682 3135 manitas,
720 3087 862 3142 quos
890 3073 1060 3145 plaga:
1088 3076 1210 3132 alite
1239 3093 1349 3133 non
1379 3080 1806 3152 praeripuerant,
1833 3099 2002 3140 occu-

422 3173 586 3232 patos
621 3166 961 3224 exstinxere.
989 3167 1122 3236 Qua:
1150 3173 1333 3227 omnia
1364 3175 1652 3233 evidenter
1682 3182 1818 3235 satis
1846 3180 1988 3236 divi-
2019 3177 2061 3236 C

421 3267 548 3307 nam
601 3254 1052 3323 depredicaruut
1124 3262 1594 3335 indignationem.
1653 3269 1729 3326 De
1789 3273 1996 3343 quibus

418 3346 702 3418 sigillatim
737 3365 1200 3420 commemorare,
1232 3374 1398 3430 supra
1426 3362 1574 3417 vires
1609 3362 1852 3420 hominis
1878 3365 1998 3421 fuc-

420 3442 512 3495 rit.
555 3439 696 3496 Tum
743 3460 876 3501 vero
907 3454 1120 3504 tantum
1153 3450 1323 3508 etiam
1364 3454 1501 3510 solis
1534 3454 1839 3527 deliquium
1871 3457 1994 3524 fuit,

420 3545 480 3589 ut
516 3538 696 3593 stella:
725 3541 897 3596 etiam
929 3545 1116 3599 medio
1145 3545 1234 3600 die
1263 3547 1584 3604 refulserint
1614 3569 1628 3605 :
1661 3552 1808 3620 quod
1841 3551 1998 3608 dein-

417 3631 487 3685 de
521 3639 670 3685 tanta
702 3633 924 3690 siccitas
968 3647 1055 3692 est
1104 3638 1421 3705 subsecuta,
1460 3651 1519 3696 ut
1563 3658 1716 3698 more
1767 3643 1994 3700 insolito

420 3726 578 3780 multi
625 3729 907 3796 mortales,
947 3741 999 3787 et
1031 3731 1138 3787 alia
1171 3733 1337 3788 etiam
1365 3735 1628 3791 animalia
1655 3737 1993 3796 interierint.

414 3819 552 3876 Cum
594 3833 778 3877 autem
827 3824 908 3878 sol
954 3824 1180 3893 defecit,
1224 3829 1406 3900 fulgor
1451 3831 1679 3901 quidam
1731 3834 1894 3888 simul
1936 3833 1990 3890 in

413 3917 557 3971 coelo
612 3918 890 3986 apparuit,
940 3920 1063 3974 coni
1115 3922 1232 3976 sive
1268 3933 1436 3983 meta:
1465 3925 1706 3994 speciem
1741 3943 1942 3998 gerens
1976 3947 1991 3984 :

416 4024 582 4078 quem
659 4009 927 4065 ineruditi
993 4011 1220 4081 quidam
1280 4024 1553 4070 cometam
1618 4017 1995 4090 crinitamque

415 4104 626 4158 stellam
659 4118 780 4159 esse
817 4106 1113 4161 duxerunt.
1157 4106 1306 4161 Nihil
1339 4109 1511 4176 enim,
1545 4124 1665 4178 quae
1689 4110 1745 4164 iu
1779 4125 1846 4167 eo
1875 4112 1992 4168 visa

414 4205 567 4261 sunt,
611 4208 841 4252 cometa:
867 4199 1048 4252 simile
1083 4199 1209 4254 fuit.
1250 4199 1361 4256 Nec
1392 4203 1574 4271 fulgor
1610 4204 1655 4259 is
1692 4205 1746 4259 in
1771 4221 1984 4261 comam

414 4289 574 4351 abiit,
613 4305 795 4361 neque
838 4292 1012 4346 stellze
1061 4309 1293 4363 prorsus
1319 4297 1561 4365 speciem
1613 4298 1851 4354 retulit:
1891 4299 1988 4355 sed

413 4384 587 4439 veluti
620 4385 858 4441 lucernsc
887 4388 1171 4457 cujusdam
1207 4405 1417 4458 magnas
1447 4389 1666 4446 ﬂamma
1703 4408 1804 4464 per
1845 4396 1992 4465 seip-

413 4493 531 4532 sam
563 4479 871 4535 subsistere
897 4484 1012 4537 visa
1038 4493 1145 4550 est,
1173 4499 1274 4538 nec
1297 4484 1435 4539 radii
1466 4485 1588 4552 ejus
1615 4487 1786 4558 aliqui
1815 4489 1988 4544 stellae

414 4575 745 4644 cujusquam
799 4573 1032 4630 formam
1087 4578 1332 4633 subiere.
1388 4579 1512 4651 Ipso
1563 4595 1785 4650 qucque
1835 4591 1990 4637 motu
2026 4559 2067 4614 ί)

412 4666 673 4722 variavit.
722 4665 889 4736 426
935 4665 1070 4720 Nam
1104 4682 1168 4721 ea
1207 4680 1360 4739 parte
1395 4685 1502 4738 qua
1537 4670 1618 4726 sol
1646 4672 1794 4727 circa
1821 4675 1993 4743 aequi-

410 4760 660 4816 noctium
692 4761 894 4825 oritur,
941 4760 1124 4832 fulgor
1167 4764 1215 4818 is
1264 4765 1474 4819 moveri
1510 4769 1718 4838 cmpit:
1760 4777 1817 4823 et
1860 4769 1989 4825 inde

360 4919 368 4926 .
407 4851 563 4919 juxta
598 4867 718 4905 eam
763 4869 885 4923 qua:
934 4853 988 4907 in
1033 4853 1188 4910 Ursre
1242 4858 1420 4910 cauda
1469 4859 1573 4913 sita
1609 4871 1718 4925 est,
1770 4861 1985 4916 stellam

411 4943 659 4998 ultimum
707 4948 914 5000 sensim
948 4952 1207 5016 evadens,
1239 4949 1306 5004 ad
1352 4951 1707 5009 Occidentem
1758 4970 1984 5010 cursum

409 5037 611 5092 tenuit.
634 5037 930 5107 Postquam
961 5051 1143 5096 autem
1169 5044 1371 5098 et'elum
1397 5057 1482 5100 cst
1506 5046 1813 5112 dimensus,
1836 5059 1983 5103 motu

407 5143 510 5183 suo
539 5141 782 5200 quatuor
815 5133 1100 5189 mensibus
1127 5134 1348 5206 longius
1377 5138 1647 5208 perfecto,
1689 5139 1985 5211 disparuit.

409 5221 608 5277 Vertex
636 5223 760 5294 ejus
787 5224 1089 5295 aliquando
1115 5229 1340 5297 quidem
1383 5233 1436 5286 in
1483 5249 1737 5306 magnam
1767 5248 1823 5292 et
1856 5252 1985 5292 acu-

407 5326 520 5370 tam
556 5315 961 5387 longitudinem
997 5320 1156 5388 abiit,
1197 5325 1405 5380 utconi
1445 5328 1716 5384 rationem
1748 5331 1985 5386 excede-

408 5419 492 5464 rei.
523 5426 536 5463 :
571 5425 973 5482 nonnunquam
1002 5425 1185 5471 autem
1218 5418 1285 5472 ad
1330 5436 1645 5476 mensuram
1681 5423 1828 5478 illius
1856 5440 1986 5482 eon-

410 5514 624 5561 tractus
695 5519 798 5563 est.
880 5509 1002 5564 Alia
1075 5527 1297 5583 quoque
1368 5528 1678 5574 monstrosa
1745 5522 1985 5591 praebuit

405 5598 747 5666 speetacula,
780 5599 990 5669 quibus
1022 5617 1051 5656 a
1097 5613 1295 5657 natura
1337 5607 1626 5662 solitarum
1687 5613 1985 5680 apparitio—

404 5705 536 5744 uum
567 5689 846 5745 discessit.
877 5693 1063 5748 Videri
1094 5707 1276 5750 autem
1300 5702 1469 5769 empit
1491 5701 1559 5753 ab
1586 5714 1773 5757 a-state
1801 5705 1979 5758 media

402 5780 520 5835 fere
561 5798 734 5853 usque
769 5784 835 5839 ad
874 5791 1128 5842 autumni
1181 5783 1369 5845 finem.
1423 5791 1478 5847 Id
1529 5796 1709 5865 ipsum
1759 5815 1980 5868 quoque

403 5875 759 5946 miraculum,
820 5880 1128 5949 ingentium
1189 5885 1457 5942 bellorum
1528 5899 1581 5946 et
1635 5891 1980 5948 incredibilis

1678 351 2103 420 NlCEPHORI
2134 361 2482 425 CALLISTI

3579 371 3718 438 1048

2691 479 2941 534 usus.
3007 483 3146 552 aq".

2133 591 2275 660 Περὶ
2304 591 2424 666 τῶν
2449 592 2816 666 συμϐάντων
2844 597 3153 666 κοσμικῶν
3178 598 3382 654 κακῶν
3404 618 3417 632 ο
3445 603 3542 655 καί
3595 604 3717 658 τῶν

2206 663 2567 743 ,παραδόξων
2616 665 2897 743 τεράτων,
2951 663 3024 721 ἓν
3072 669 3309 743 οὐρανῷ
3355 673 3454 726 καί
3503 671 3583 743 τῇ
3612 677 3714 729 καί

2203 733 2494 807 βαλᾴσσῃ
2540 737 2959 807 γεγενημένων
2983 755 2998 770 ⁶
3029 733 3256 807 κάλ’ὼς
3276 733 3356 797 ὀί
3401 733 3575 799 atat-ti"
3606 747 3713 803 τοῦ

2205 803 2492 860 Ἰωάννου
2523 803 2973 876 πάντεςκακῶς
3001 803 3440 882 διεφθάρησαν.

2199 939 2458 1013 Τοσαύτη
2479 943 2589 1015 γὰρ
2612 944 2790 1017 φθορά
2811 946 2936 1002 κατ’
2967 948 3145 1001 ἐκεῖνο
3179 951 3377 1021 καιροῦ
3402 951 3713 1024 ἀνθρώπων

2124 1035 2366 1105 ἐγένετο,
2397 1037 2534 1108 ὅσην
2563 1038 2743 1102 οὐδεὶς
2771 1043 2965 1110 χρόνος
3014 1043 3071 1108 ἐξ
3106 1045 3301 1108 αίῶνος
3348 1045 3490 1115 ἔγνω
3518 1065 3533 1078 ’
3571 1048 3602 1102 ὃ
3644 1049 3712 1118 δὴ

2086 1134 2092 1139 ’
2124 1127 2222 1181 καὶ
2252 1129 2344 1182 τὸν
2374 1129 2562 1199 ξιφίαν
2591 1130 2804 1185 ἐκεῖνον
2830 1134 3037 1204 ἀστέρα
3077 1135 3434 1193 αἰνίττεσθαι.
3468 1140 3545 1192 Οὑ
3601 1142 3711 1213 γάρ

2121 1223 2183 1276 τὸ
2215 1223 2457 1295 μάχιμον
2488 1225 2652 1294 μόνον
2682 1225 2985 1294 ἀνάλωται,
3009 1230 3122 1283 οὐδ’
3151 1230 3212 1286 ἐν
3253 1248 3363 1286 τινι
3397 1233 3556 1303 μέρει
3603 1235 3709 1302 γῆς

2119 1315 2187 1370 τὰ
2246 1315 2394 1386 πάθη
2446 1315 2684 1388 συνέστη
2717 1333 2732 1349 ·
2793 1318 2930 1373 ἀλλὰ
2991 1321 3170 1376 πάντα
3225 1322 3326 1393 μὲν
3364 1323 3709 1396 διεφθείρετο

2119 1411 2275 1479 γένη,
2303 1411 2452 1464 πᾶσα
2473 1409 2519 1463 δ’
2547 1411 2716 1466 ὥλετο
2749 1413 2782 1482 ἠ
2823 1411 3086 1483 Εὐρώπη.
3122 1415 3233 1468 Καὶ
3252 1416 3350 1486 τῆς
3394 1417 3581 1481 Ἀσίας
3603 1417 3706 1473 οὑκ

2117 1504 2275 1574 ὀλίγη
2302 1505 2609 1576 διέφθορεν
2637 1507 2774 1560 ἀλλὰ
2803 1509 2897 1560 καὶ
2919 1509 3299 1582 τῆςΛιϐύηςή
3328 1512 3578 1584 πλείστη,
3608 1514 3705 1566 καὶ

2119 1599 2356 1669 μάλιστα
2381 1601 2482 1670 ὅση
2532 1600 2822 1671 Ῥωμαίοις
2846 1603 3111 1676 ὑποτελὴς
3138 1603 3274 1659 οὖσα
3307 1605 3600 1677 ἐτύγχανε.
3630 1608 3707 1662 Τὸ

2119 1695 2216 1763 μὲν
2233 1696 2343 1765 γὰρ
2363 1697 2461 1762 τῆς
2489 1697 2695 1766 φθορᾶς
2717 1698 2924 1768 πλῆθος
2948 1698 3012 1769 βα
3024 1697 3261 1772 ρϐαρικὴ
3290 1700 3568 1771 ἐξεθέριζε
3592 1703 3704 1771 μᾶ-

2043 1822 2082 1880 Β
2116 1806 2287 1860 χαιρσ.
2316 1806 2332 1821 ·
2377 1789 2570 1845 ἄλλοθ’
2617 1792 2715 1845 ἐπὶ
2749 1791 2985 1859 τούτοις,
3033 1792 3186 1864 λιμοὶ
3213 1793 3307 1846 καὶ
3340 1793 3540 1864 λοιμοί.
3587 1795 3699 1855 Καί

2113 1899 2259 1946 τινες
2274 1882 2320 1935 δ’
2339 1882 2550 1954 ἀγρίων
2569 1881 2776 1955 θηρίων
2792 1883 2989 1953 ἀγέλαι
3003 1901 3128 1938 συνε
3139 1886 3444 1940 πετίθεντο.
3467 1886 3701 1957 Σεισμοί

2108 1992 2176 2029 τε
2199 1974 2432 2042 ἐξαίσιοι
2464 1975 2651 2041 πόλεις
2674 1978 2771 2031 καὶ
2792 1975 2971 2040 οίκίας
2989 1977 3346 2040 ἀνασπῶντες
3375 1979 3441 2031 ἐκ
3455 1975 3697 2050 βάθρων,

2111 2071 2194 2134 είς
2243 2072 2304 2124 τὸ
2353 2071 2728 2139 ἀφυκτότατον
2776 2071 2870 2125 τὸν
2917 2071 3141 2144 δλεορον
3203 2073 3530 2142 ἐνσφίεσαν.
3587 2072 3700 2127 Καὶ

2059 2198 2077 2214 .
2110 2165 2373 2233 χάσματα
2404 2164 2461 2217 δὲ
2489 2163 2596 2234 γῆς
2623 2163 2919 2235 πολλαχόθι
2945 2166 3060 2230 τοῖς
3093 2167 3420 2235 οἰκήτορσιν
3445 2165 3701 2236 ἀποῤῥη-

2109 2255 2384 2322 γνυμένης
2405 2257 2579 2324 τάφος
2600 2252 2667 2326 ἦν
2701 2256 3055 2326 αὐτοσχέδιος
3079 2269 3094 2283 ⁸
3127 2256 3460 2325 ἐπικλυσμοί
3485 2273 3545 2310 τε
3584 2255 3700 2310 τῶν

2110 2347 2170 2415 ἐξ
2197 2349 2360 2420 ἀέρος
2389 2349 2621 2414 ὑδάτων,
2649 2350 2742 2403 καὶ
2766 2348 2886 2404 κατ’
2904 2348 3101 2412 ἄλλους
3125 2351 3330 2420 αὐχμοὶ
3349 2349 3646 2420 φλογώδεις
3673 2364 3698 2384 ⁶

2109 2443 2431 2515 πρηστῆρες
2461 2461 2522 2496 τε
2572 2444 2720 2496 ἐστιν
2743 2437 2826 2507 οἷς
2881 2445 3275 2514 ἐμϐαλλόμενοι
3337 2446 3584 2500 ποικίλον
3632 2447 3698 2500 τὸ

2105 2536 2278 2589 δεινὸν
2311 2535 2583 2608 ἔπραττον
2608 2535 2704 2591 καὶ
2729 2538 3030 2607 ἀφόρητον.
3067 2538 3178 2592 Ναὶ
3229 2539 3294 2609 δὴ
3341 2540 3438 2593 καὶ
3479 2540 3695 2611 χάλαζα.

2110 2632 2316 2702 μείζων
2346 2631 2378 2703 ἢ
2409 2631 2556 2685 κατά
2586 2632 2836 2703 χερμάδα
2859 2631 3136 2704 πολλαχοῦ
3166 2633 3271 2703 γῆς
3327 2635 3694 2706 κατεφέρετο,

2104 2727 2235 2796 ἄχρι
2265 2725 2358 2778 καὶ
2383 2724 2532 2780 ὀκτὼ
2561 2724 2673 2779 τῶν
2702 2726 3017 2797 λεγομένων
3049 2725 3251 2798 λιτρῶν
3301 2726 3537 2781 ἕλκουσα
3589 2726 3694 2798 βά-

2108 2839 2221 2892 ρος,
2273 2821 2432 2892 ὤφθη
2500 2822 2930 2893 κατασκήψασα.
2986 2825 3178 2888 Χιόνος
3205 2825 3262 2879 δὲ
3320 2825 3525 2896 πλῆθος
3591 2825 3694 2880 καὶ

2104 2917 2333 2987 κρυμῶν
2358 2916 2682 2988 ὑπερϐολαὶ,
2709 2916 2802 2981 οὓς
2828 2919 2964 2990 άλλη
2999 2918 3186 2990 πληγὴ
3235 2918 3298 2972 οὑ
3331 2921 3695 2990 προανήρπα-

2106 3027 2191 3076 σε,
2218 3008 2444 3074 τούτους
2477 3011 3006 3080 καταλαμϐάνουσα,
3049 3012 3144 3067 τοῦ
3200 3011 3318 3084 βίου
3371 3012 3638 3081 ἐξήλαυνε
3669 3030 3689 3046 ·

2105 3102 2199 3155 καλ¹
2234 3103 2422 3172 σαφῶς
2449 3105 2548 3166 τὴν
2611 3104 2766 3158 Θείαν
2826 3106 3200 3177 ἀνεκήρυττον
3257 3107 3638 3175 ἀγανάκτησιν
3668 3122 3686 3136 ο

2096 3196 2226 3266 περὶ
2259 3188 2334 3250 ὧν
2360 3195 2492 3250 καθ⁹
2530 3197 2764 3251 ἕκαστον
2789 3196 3104 3264 ἐπεξελθεῖν
3145 3198 3290 3268 ὑπὲρ
3345 3199 3529 3252 πᾶσαν
3594 3199 3690 3252 άν-

2099 3282 2381 3354 θρωπίνην
2411 3286 2479 3339 ἂν
2508 3288 2593 3356 εἴη
2631 3285 2885 3358 δύναμιν.
2922 3286 3243 3359 Τηνικαῦτα
3285 3289 3342 3342 δὲ
3380 3289 3477 3344 καὶ
3531 3287 3688 3360 ηλιος

2096 3374 2242 3431 οὕτω
2263 3376 2472 3446 βαθέως
2504 3381 2776 3446 ἐκλείπει,
2830 3379 2906 3446 ώς
2961 3382 3060 3436 καὶ
3104 3384 3345 3454 ἀστέρας
3405 3380 3688 3452 μεσούσης

2097 3473 2420 3543 ἀναλάμψαι
2446 3475 2684 3544 ἡμέρας.
2725 3474 2914 3546 Τούτῳ
2942 3474 3000 3528 δέ
3031 3474 3128 3530 καὶ
3157 3475 3416 3540 τοσοῦτος
3467 3475 3687 3546 αὐχμὸς

2097 3567 2307 3629 εἵπετο,
2331 3568 2406 3630 ὡς
2447 3567 2662 3620 πολλῶν
2689 3567 2999 3639 ἀνθρώπων
3049 3569 3273 3623 καὶτῶν
3303 3571 3479 3625 ἀλλων
3523 3570 3688 3635 ζώων

2096 3662 2343 3734 ἀσυνήθη
2367 3662 2625 3731 γενέσθαι
2661 3662 2892 3733 φθοράν.
2933 3663 3207 3737 ὀπηνίκα
3236 3664 3283 3718 δ’
3305 3667 3333 3720 ό
3353 3664 3506 3737 ἦλιος
3559 3663 3685 3730 ἐξέ-

2096 3756 2274 3823 λιπεν,
2307 3756 2516 3824 φέγγος
2547 3774 2601 3810 τι
2639 3757 2761 3812 κατ’
2821 3757 3056 3830 οὐρανὸν
3103 3761 3449 3831 συνανεφάνη
3500 3758 3683 3814 κώνου

2099 3851 2286 3920 σχῆμα
2335 3850 2754 3919 παραδιδόμενον
2791 3865 2808 3883 ο
2876 3850 2907 3904 ὅ
2949 3865 3096 3915 τινες
3158 3851 3388 3922 ἀμαθῶς
3435 3852 3684 3924 ἔχοντες,

2096 3945 2347 4013 κομήτην
2370 3941 2513 4000 εἶναι
2563 3943 2770 4012 ἀστέρα
2799 3942 2993 4016 ᾤοντο.
3023 3946 3131 4000 Καὶ
3183 3944 3295 4017 γάρ
3348 3940 3426 4002 ὧν
3469 3949 3684 4010 ἐκεῖνος

2096 4033 2450 4106 παρεδείκνυ,
2510 4033 2668 4089 οὐδὲν
2716 4029 2787 4096 ἦν
2841 4036 3093 4107 κομήτης
3131 4036 3485 4107 παράσημον.
3535 4034 3682 4089 Οὔτε

2095 4127 2206 4199 γὰρ
2237 4128 2299 4183 τὸ
2329 4128 2534 4198 φέγγος
2577 4129 2658 4193 είς
2712 4129 2893 4199 κόμην
2951 4127 3271 4195 ἀπέϐαινεν,
3319 4126 3432 4183 οὔτ’
3482 4129 3682 4199 ἀστέρι

2093 4221 2230 4285 ὅλως
2261 4220 2424 4294 ἐῴκει
2449 4238 2463 4253 ’
2504 4221 2624 4276 ἀλλ’
2674 4219 2789 4276 οἷον
2829 4221 3028 4293 λύχνου
3058 4222 3205 4287 τινὸς
3247 4223 3490 4294 μεγάλου
3542 4222 3682 4293 φλὸξ

2094 4314 2315 4387 ὑπῆρχε
2375 4316 2499 4370 καθ’
2546 4315 2748 4386 ἑαυτὴν
2822 4316 3100 4387 ὁρωμένη,
3163 4317 3393 4387 μηδενὸς
3442 4318 3681 4388 ἀστέρος

2093 4406 2408 4476 θρυαλλίδος
2438 4407 2591 4477 αὑτῷ
2619 4424 2761 4472 τινος
2798 4406 3012 4478 μορφὴν
3047 4408 3462 4480 ὑποτρέχοντος.
3513 4409 3680 4465 Ἀλλά

2097 4501 2205 4573 γὰρ
2237 4501 2332 4554 καὶ
2354 4503 2421 4572 τῇ
2455 4500 2672 4570 κινήσει
2699 4499 3081 4571 παρήλλαττεν
3109 4515 3126 4530 ·
3157 4501 3251 4555 καὶ
3282 4502 3391 4571 γὰρ
3427 4504 3680 4573 κινηθεὶς

2098 4594 2223 4648 ὅθεν
2257 4595 2285 4648 ὁ
2319 4593 2470 4664 ἥλιος
2500 4593 2645 4647 κατὰ
2693 4593 2989 4665 ἰσημερίαν
3040 4593 3274 4664 ἀνίσχει,
3325 4595 3540 4649 ἐκεῖθεν
3584 4596 3680 4649 τὸν

2100 4689 2240 4742 κατὰ
2273 4689 2372 4759 τῆς
2401 4688 2563 4760 οὐρᾶς
2591 4688 2798 4758 ἄρκτου
2830 4688 3163 4757 τεταγμένον
3182 4689 3412 4760 ἔσχατον
3443 4690 3679 4760 ἀστέρα,

2100 4781 2487 4849 ὑπερενεγκὼν
2562 4783 2754 4851 ἠρέμα
2816 4781 3114 4853 προὺϐαινε
3157 4783 3527 4852 πορευόμενος
3581 4784 3681 4838 ἐπὶ

2096 4874 2334 4943 δυσμάς.
2377 4872 2533 4928 Ἐπεὶ
2559 4875 2613 4929 δέ
2636 4875 2912 4943 διεμέτρει
2945 4856 3304 4946 τδνοὺρανοῗι,
3342 4877 3547 4942 ἀφανὴς
3580 4870 3677 4945 ἦν,

2097 4968 2322 5027 πλείους
2351 4967 2640 5036 τεσσάρων
2691 4967 2880 5037 μηνῶν
2935 4966 3325 5036 ἐξανυσθείσης
3369 4969 3520 5039 αὐτῷ
3569 4969 3676 5038 τῆς

2099 5061 2345 5132 πορείας.
2387 5062 2451 5114 Ἦ
2485 5061 2541 5114 δὲ
2566 5060 2779 5132 κορυφὴ
2836 5060 2934 5114 τοῦ
2987 5063 3227 5132 φέγγους
3285 5062 3379 5116 νῦν
3435 5065 3534 5133 μὲν
3592 5065 3676 5125 εἰς

2097 5154 2277 5224 μῆκος
2309 5153 2453 5223 μέγα
2482 5153 2741 5221 ώξύνετο,
2779 5155 2854 5217 ὡς
2880 5155 3154 5210 ἐκϐαίνειν
3183 5157 3310 5220 τοὺς
3346 5155 3456 5209 ’τοῦ
3489 5156 3674 5210 κώνου

2093 5249 2304 5315 λόγους,
2329 5248 2424 5300 νῦν
2455 5247 2510 5301 δὲ
2533 5249 2668 5318 πρὸς
2689 5249 2748 5302 τὸ
2769 5249 2984 5303 ἐκείνου
3032 5249 3414 5304 συνεστέλλετο
3445 5249 3672 5320 μέτρον.

2096 5336 2266 5388 ’Λλλα
2286 5335 2343 5387 δὲ
2383 5338 2611 5405 παρεῖχε
2645 5337 2930 5408 τερατώδη
2992 5338 3262 5409 θεάματα,
3314 5336 3382 5392 δι’
3431 5333 3508 5393 ὦν
3572 5344 3677 5415 τῆς

2091 5428 2201 5481 τῶν
2236 5430 2485 5496 συνήθων
2524 5432 2828 5499 φασμάτων
2865 5431 3223 5501 ἐξηλλάττετο
3251 5433 3489 5502 φύσεως.
3533 5437 3675 5509 Ἥρ-

2095 5517 2223 5585 ξατο
2244 5521 2297 5574 δὲ
2335 5520 2444 5573 άπὸ
2478 5526 2645 5591 nemo
2683 5523 2876 5592 θέρους
2901 5526 3086 5594 σχεδόν
3116 5543 3168 5578 τι
3221 5527 3386 5599 μέχρι
3443 5527 3542 5598 τῆς
3573 5533 3672 5583 τοῦ

2098 5615 2420 5686 μετοπώρου
2457 5619 2734 5681 τελευτῆς.
2771 5619 2878 5672 Καὶ
2896 5621 3053 5674 τοῦτο
3084 5621 3142 5673 δὲ
3192 5623 3301 5692 ἄρα
3345 5624 3406 5675 τι
3438 5628 3670 5693 σημεῖον

2097 5708 2345 5777 μεγάλων
2379 5709 2633 5776 πολέμων
2669 5712 2763 5763 καὶ
2799 5713 3008 5784 φθορᾶς
3054 5714 3362 5784 ἀνθρώπων
3397 5716 3459 5769 οὐ
3491 5717 3662 5786 ῥητῆς

2093 5801 2382 5870 σύμϐολον.
2430 5802 2654 5872 Ἐφεξῆς
2700 5806 2756 5856 δὲ
2811 5808 3024 5874 σεισμοὶ
3079 5807 3335 5877 ἦρξαντο,
3375 5811 3437 5862 οὑ
3497 5813 3666 5880 ρᾁιυς

2089 5895 2241 5956 ὄντες
2273 5895 2381 5956 τοῖς
2411 5895 2743 5962 προλαϐοῦσι
2783 5899 3109 5954 πλοαϐαλεί.
3130 5941 3142 5954 .
3181 5903 3305 5965 Τοῖς
3333 5903 3388 5957 δὲ
3422 5905 3663 5970 σεισμ-,ῖς
