4018 6212
334 409 475 477 1065
1229 402 1836 467 ECCLESIASTICJ'I
1875 402 1927 462 H

2031 400 2269 462 l'OlllE
2308 397 2455 462 ΗΒ.
2503 398 2658 458 XIV.
3445 382 3582 446 1066

331 527 472 598 νήθη
500 520 578 592 τῷ
617 515 852 589 Ἱππικῷ
879 516 1146 579 ἐπετέλει,
1180 516 1246 569 τὰ
1270 515 1502 568 εἰωθότα
1540 516 1796 581 πράττων
1831 511 1909 582 τῷ

2031 519 2076 560 it
2111 507 2427 562 sacerdotes
2469 517 2660 559 oumes
2699 499 2948 571 apprime
2991 499 3309 561 honoraret,
3350 501 3585 552 maxime

331 591 512 689 δίμιξ).
547 591 640 680 Ὦς
687 612 1036 667 δ’ὲπιπλεῖον
1082 611 1110 662 ὁ
1161 608 1372 679 χειμὼν
1425 607 1775 679 κατερράγη,
1807 607 1905 675 τὴν

2031 616 2146 655 rcro
2184 614 2327 670 quos
2366 598 2657 653 sanctitate
2697 597 2820 648 vitae
2855 595 3068 649 enitere
3113 593 3482 662 cognovisset.
3521 591 3586 644 Et

325 713 540 766 οἰκείαν
566 707 796 780 γνώμην
853 707 1000 767 ὅπως
1036 704 1166 773 περὶ
1202 703 1264 756 τὸ
1297 703 1454 756 Θείον
1501 701 1613 771 ἔχει
1645 699 1905 768 σχέσεως,

335 806 680 874 ἀπεγύμνου,
739 800 828 854 διὰ
873 800 982 852 τῶν
1033 799 1294 868 κηρύκων
1344 797 1421 864 τῷ
1453 795 1568 864 λαῷ
1625 791 1903 845 ἐπειπών·

329 898 596 966 ’Ἄμεινον
617 891 758 948 εἷναι
783 893 882 964 τὴν
905 891 1036 945 θέαν
1065 889 1529 957 παρωσαμένους.
1555 884 1715 939 ἵλεων
1738 884 1909 954 πράτ-

333 1005 450 1042 τειν
478 987 633 1050 Θεὸν,
665 985 796 1039 ὥστ’
832 983 1200 1038 ἀπαλλάττειν
1229 982 1377 1051 ἡμᾶς
1430 979 1526 1031 τοῦ
1574 977 1671 1029 νῦν
1702 977 1911 1028 inexu-

340 1082 504 1151 μένου
531 1078 726 1134 δεινοῦ.
763 1076 872 1131 Καὶ
918 1074 1075 1128 τοῦτο
1114 1075 1214 1142 μὲν
1247 1071 1408 1133 εὐθὺς
1454 1068 1532 1132 είς
1583 1067 1748 1138 ἔργον
1791 1064 1909 1129 ἐξέ-

334 1173 531 1224 6αινε·
571 1171 667 1223 καὶ
724 1167 1006 1238 προῄεσαν
1065 1164 1462 1225 λιτανεύοντες,
1533 1159 1735 1229 ὕμνους
1791 1156 1912 1228 Θεῷ

338 1264 784 1331 ἀναπέμποντες,
821 1263 913 1312 καὶ
951 1258 1048 1328 μία
1095 1256 1363 1325 ἐκκλησία
1394 1253 1686 1324 σύμφωνος
1716 1251 1913 1323 ἁθρόον

341 1357 375 1425 ὴ
411 1354 564 1417 πόλις
596 1353 825 1422 ἐγίνετο.
855 1351 1027 1413 Αὐτὸς
1062 1349 1109 1402 δ’
1133 1350 1346 1410 ἐκεῖνος
1383 1347 1551 1417 μέσος
1581 1345 1781 1415 ἐξῆρχε
1806 1345 1914 1397 τῶν

353 1448 564 1515 ὓμνων,
603 1446 659 1497 ὲν
718 1442 932 1497 ἰδιώτου
988 1443 1229 1512 σχήματι
1274 1438 1643 1508 πορευόμενος
1670 1456 1682 1468 ·
1715 1438 1916 1509 ἥκιστα

333 1540 398 1591 δὲ
453 1538 554 1607 τῆς
601 1535 931 1602 προσδοκίας
971 1535 1309 1604 ἡμάρτανεν.
1369 1532 1549 1596 Εὐθὺς
1609 1532 1708 1600 μὲν
1739 1532 1852 1601 γὰρ
1884 1533 1914 1583 ὁ

341 1628 452 1698 ἀὴρ
485 1626 622 1695 πρὸς
671 1625 736 1677 τὸ
775 1623 1164 1689 εὖδιεινὸτερον
1197 1619 1595 1690 μετεὸάλλετο*
1625 1618 1716 1671 καὶ
1744 1617 1914 1687 πολλή

342 1737 426 1777 τις
480 1716 739 1787 εὐετηρία
771 1714 993 1784 ἐκράτει
1042 1716 1156 1776 τοῖς
1214 1713 1503 1781 σύμπασιν
1533 1712 1599 1765 ὲκ
1644 1709 1916 1770 σιτοδείας

349 1812 497 1883 μάλα
530 1810 752 1879 πολλῆς.
797 1808 936 1861 [list
971 1806 1070 1875 μὲν
1089 1805 1205 1871 οὖν,
1238 1807 1314 1869 ῶς
1347 1806 1544 1868 εἰπεῖν,
1575 1803 1919 1872 ὲκεκνεσμητο

2012 709 2138 746 cum
2185 706 2252 744 ex
2300 690 2578 760 episcopis
2622 686 2868 758 quidam,
2899 686 2994 754 qui
3032 685 3139 738 llco
3183 684 3384 736 charus
3419 684 3586 736 fuisse

2014 784 2434 855 perhibebatur,
2489 781 2634 834 diem
2691 793 2851 833 suum
2897 778 3150 840 obiissct,
3201 791 3386 844 sagum
3437 775 3585 828 illius

2015 876 2270 946 squalore
2303 873 2476 926 multo
2506 872 2800 932 imbutum,
2823 885 2950 924 eum
2993 870 3313 938 petiisse,et
3345 869 3448 921 sub
3488 869 3588 920 im-

2016 967 2210 1040 periali
2253 963 2549 1035 chlamyde
2588 972 2832 1034 gestasse
2863 963 3056 1016 dicunt
3088 979 3102 1016 :
3135 961 3281 1032 quod
3316 962 3458 1016 bona
3493 976 3591 1030 spe

2017 1070 2189 1123 esset,
2217 1072 2276 1112 se
2307 1055 2517 1125 aliquid
2550 1054 2618 1110 de
2647 1054 2750 1108 viri
2779 1053 2902 1124 ejus
2927 1055 3234 1109 imitatione
3260 1063 3594 1109 consecutu-

2021 1165 2169 1204 rum.
2201 1148 2442 1219 Longior
2473 1147 2771 1216 aliquando
2805 1147 3061 1217 pluvialis
3091 1155 3388 1215 tempesms
3418 1146 3591 1199 exsti-

2023 1245 2106 1306 tit,
2143 1252 2199 1297 et
2242 1244 2357 1312 ipse
2403 1240 2599 1295 solitos
2630 1239 2926 1295 Circenses
2978 1239 3138 1293 ludos
3187 1239 3392 1308 popqu
3440 1253 3593 1292 more

2023 1345 2246 1404 recepto
2285 1332 2605 1406 gratiﬁcans
2653 1334 2924 1387 exhibuit.
2957 1333 3096 1387 Cum
3138 1348 3272 1387 vero
3313 1335 3595 1386 uteriores

2022 1428 2188 1481 etiam
2231 1427 2551 1481 deciderent
2588 1425 2816 1490 imbres,
2853 1425 2929 1479 ibi
2967 1437 3080 1479 tum
3114 1426 3387 1492 egregiam
3436 1440 3593 1478 suam

2022 1535 2150 1588 erga
2207 1518 2379 1572 Deum
2430 1519 2692 1588 pietatem
2748 1520 3070 1582 declaravit,
3102 1517 3263 1588 443
3317 1534 3414 1587 per
3462 1535 3599 1586 pra--

2023 1626 2194 1666 rones
2255 1611 2461 1681 populo
2519 1611 2833 1666 denuntiari
2889 1613 3127 1681 iubens,
3189 1612 3599 1667 conducibilius

2025 1703 2282 1759 videlicet
2315 1719 2463 1770 esse,
2498 1710 2557 1757 ut
2594 1705 2914 1774 spectaculo
2955 1704 3269 1774 repudiato,
3298 1704 3469 1759 Deum
3501 1703 3596 1774 qui

2026 1799 2282 1868 praesenti
2320 1798 2635 1852 calamitate
2667 1810 2763 1849 eos
2795 1797 3082 1858 liberaret,
3114 1795 3375 1865 precibus
3415 1798 3598 1864 placa-

344 1903 458 1963 τοῖς
523 1897 886 1968 καλοῖς-οὐχ
939 1898 1143 1967 ἣκιστα
1186 1897 1245 1950 δὲ
1308 1894 1688 1966 φιλανθρωπία
1730 1891 1922 1946 τοῦτον

2031 1901 2166 1944 rent.
2202 1889 2254 1945 Id
2287 1891 2435 1961 quod
2473 1890 2770 1944 confestim
2805 1897 2891 1944 est
2934 1888 3161 1943 factum.
3200 1886 3411 1942 Litania
3445 1890 3601 1941 insti-

345 1989 575 2057 εκόσμει
617 1990 714 2040 καὶ
749 1986 995 2056 πραότης
1029 1985 1124 2038 καὶ
1168 1983 1377 2053 γαλήνη
1426 1982 1611 2051 ψυχῆς
1657 1980 1826 2049 ζάλην
1855 1977 1916 2032 οὐ

343 2079 614 2150 δεχομένη
633 2094 650 2111 ο
682 2078 764 2130 ἔτι
790 2078 846 2130 δὲ
878 2078 1062 2140 πίστις
1089 2075 1405 2146 ἀκραιφνὴς
1435 2090 1495 2127 τε
1555 2073 1652 2125 καί⁵
1697 2071 1922 2140 δόκιμος

350 2171 467 2240 μετ’
517 2169 806 2232 εὐλαϐείας
856 2167 1254 2237 ἀνυποκρίτου,
1287 2165 1364 2228 ὡς
1410 2162 1669 2217 ἐντεῦθεν
1708 2176 1922 2230 τεκμη-

350 2263 652 2334 ριώσασθαι
685 2261 913 2326 ἔξεστιν.
957 2262 1124 2329 Ἀνὴρ
1175 2260 1282 2327 γάρ
1315 2276 1399 2322 τις
1447 2257 1539 2310 τὸν
1574 2258 1785 2327 τραχὺν
1830 2258 1924 2305 καὶ

348 2357 612 2411 ιπίπονον
642 2356 739 2426 τῆς
786 2355 988 2425 ἀρετῆς
1027 2350 1229 2422 μετιὼν
1258 2352 1395 2422 βίον,
1457 2351 1684 2405 αὐθάδει
1725 2349 1925 2418 γνώμῃ

350 2453 606 2522 πρόσεισι
657 2449 832 2517 τούτῳ
865 2450 993 2518 περί
1029 2465 1124 2500 του
1180 2446 1538 2516 δεησόμενος.
1578 2445 1671 2506 Ὠς
1702 2444 1759 2496 δὲ
1793 2445 1924 2495 πολε

349 2546 509 2606 λάκις
529 2545 729 2613 πεῖραν
759 2540 1131 2611 προσαγαγὼν
1163 2541 1510 2608 ἀπετύγχανε
1545 2535 1640 2590 τοῦ
1691 2536 1926 2605 αίτήμαο

351 2653 464 2698 τος,
494 2637 716 2706 δεσμοῖς
751 2634 929 2702 ὑπῆγε
958 2634 1053 2686 τὸν
1080 2631 1390 2704 κρατοῦντα
1419 2629 1927 2698 ὲκκ>.ησιαστικοί;,

349 2729 451 2799 τῆς
507 2727 789 2789 κοινωνίας
847 2726 1079 2794 ιπέχων.
1152 2723 1305 2777 Ἐπεὶ
1355 2720 1400 2775 δ’
1439 2723 1519 2784 είς
1566 2720 1633 2773 τὰ
1683 2719 1930 2789 βασίλεια

353 2820 530 2892 ᾤχετο
583 2818 858 2888 βασιλεὺς,
887 2817 1092 2886 εὐωχία
1117 2831 1176 2868 τε
1206 2815 1526 2884 προῦκειτο,
1550 2815 1643 2866 καὶ
1663 2813 1778 2865 ὅσοι
1805 2828 1934 2864 aua-

355 2914 525 2966 σιτείν
541 2909 770 2979 ἔμελλον
797 2909 899 2979 ήδη
929 2907 1287 2979 παρῆσαν,οὐ
1311 2906 1422 2960 δεῖν
1447 2905 1630 2976 ἔκρινε
1661 2906 1790 2974 πρὶν
1821 2904 1933 2960 τῶν

355 3004 726 3072 ἐπικειμένων
777 3002 1010 3071 λυθῆναι
1058 3000 1300 3069 δεσμῶν,
1349 2999 1556 3069 τροφῆς
1591 2997 1930 3066 μετασχείνο

2027 1993 2141 2038 tnta
2171 1992 2255 2038 est
2290 2000 2305 2037 :
2338 1983 2711 2053 supplicantes
2735 1997 3072 2046 processere,
3097 1980 3289 2036 laudas
3325 1982 3435 2034 Deo
3475 1980 3601 2033 red—

2023 2077 2251 2138 dentes.
2296 2085 2462 2145 atque
2503 2089 2610 2129 una
2660 2089 2893 2129 concors
2934 2075 3166 2129 ecclesia
3213 2074 3410 2128 civitas
3485 2082 3602 2128 to'a

2025 2168 2200 2230 facta,
2260 2179 2320 2221 et
2367 2167 2486 2238 ipse
2547 2167 2765 2223 medius
2825 2165 3042 2238 hymnis
3105 2165 3371 2219 canendis
3424 2165 3603 2235 pra-iit

2026 2260 2211 2314 habitu
2251 2261 2461 2329 privam
2504 2259 2789 2315 incedens.
2828 2255 3048 2313 Minime
3078 2273 3212 2314 vero
3243 2274 3373 2313 eum
3407 2259 3602 2330 opinio

2025 2351 2241 2406 fefellit.
2277 2351 2476 2406 Statim
2515 2352 2664 2406 enim
2708 2350 2910 2406 ccelum
2960 2366 3143 2406 aerem
3194 2352 3475 2405 turbidum
3515 2368 3604 2405 se-

2028 2443 2262 2497 renitate
2310 2445 2694 2511 commutavit,
2726 2455 2783 2499 et
2827 2444 3088 2499 frumenti
3125 2460 3232 2499 non
3270 2446 3601 2500 mediocrem

2030 2533 2271 2602 inopiam
2324 2536 2519 2606 ingens
2562 2537 2813 2606 quaedam
2854 2535 3075 2606 frugum
3108 2537 3265 2607 copia
3297 2547 3353 2594 et
3383 2538 3605 2592 ubertas

2029 2638 2115 2681 est
2144 2639 2464 2684 consecuta.
2494 2630 2673 2699 Atque
2702 2629 2962 2686 omnibus
3000 2633 3093 2686 ille
3121 2633 3367 2702 quidem.
3401 2647 3571 2702 prope

2033 2722 2276 2786 modum,
2319 2730 2616 2776 exornatus
2665 2721 2772 2776 fuit
2819 2722 2981 2776 bonis
3022 2739 3038 2777 :
3087 2739 3195 2777 non
3245 2726 3430 2779 minus
3474 2740 3605 2778 vero

2029 2827 2158 2867 eum
2209 2813 2598 2868 cohonestavit
2651 2815 3069 2881 misericordia,
3125 2817 3497 2884 placabilitas.
3550 2827 3608 2873 ct

2034 2903 2201 2958 animi
2251 2905 2564 2968 serenitas,
2614 2905 2960 2973 tempestatis
3005 2906 3304 2974 procellam
3352 2924 3460 2961 non
3511 2913 3609 2960 ad-

2035 2999 2298 3062 mittens;
2335 3008 2503 3068 atque
2552 3000 2784 3068 insuper
2827 3000 2960 3056 fides
2999 3002 3214 3056 sincera
3253 3012 3310 3054 et
3355 3002 3605 3070 probata.

357 3095 555 3163 καὶτῷ
586 3094 684 3165 τῆς
719 3092 1138 3148 Κωνσταντίνου
1174 3091 1429 3161 ἀρχιερεῖ
1462 3090 1571 3142 τῶν
1604 3105 1730 3141 τινα
1762 3087 1927 3158 θερα-

2037 3104 2147 3143 una
2183 3104 2310 3143 cum
2353 3090 2619 3162 religione
2653 3105 2760 3145 non
2795 3089 2942 3156 ﬁcta,
2968 3092 3133 3145 sicuti
3169 3091 3296 3144 inde
3337 3094 3609 3162 conjicere

357 3190 568 3244 πόντων
593 3188 830 3256 ἔπεμπε,
861 3187 1200 3255 παρακαλῶν
1229 3184 1522 3256 ἐπιτρέψαι
1551 3182 1709 3236 λύσιν
1739 3182 1927 3236 ἐπιϐα-

2038 3181 2188 3236 licet.
2223 3181 2317 3237 Vir
2343 3184 2567 3252 quidam
2596 3184 2938 3254 asperiorem
2972 3183 3366 3254 durioremque
3389 3184 3610 3239 virtutis

354 3281 478 3335 λεῖν
511 3283 626 3342 τοίς
674 3281 895 3349 δεσμοῖς
929 3281 1140 3333 ἐκεῖνον
1171 3277 1349 3342 αὖθις,
1403 3276 1462 3338 ὃς
1513 3275 1685 3345 δήσας
1716 3275 1927 3346 ἔλαχεν.

2036 3273 2202 3328 vitam
2247 3285 2591 3340 consectans,
2629 3277 2919 3344 prazfracto
2959 3290 3089 3330 eum
3131 3274 3268 3330 adiit
3307 3278 3514 3342 animo,
3549 3287 3610 3332 ut

369 3353 610 3429 ’Ἐκείνου
637 3373 684 3426 δ’
718 3373 1122 3442 ἀπειπαμένου,
1159 3371 1254 3424 καὶ
1300 3368 1376 3438 μὴ
1404 3370 1598 3438 χρῆναι
1649 3369 1927 3437 μηνύσαν-

2037 3366 2108 3420 ab
2137 3380 2206 3419 eo
2235 3367 2528 3437 quicquam
2571 3374 2799 3437 peteret.
2833 3370 3011 3436 Atque
3053 3369 3142 3424 ubi
3195 3369 3248 3423 id
3286 3371 3487 3441 saepius
3516 3386 3584 3425 es

355 3479 443 3517 τοι
477 3461 609 3531 παρ’
657 3459 878 3514 ὁτουοῦν
928 3460 1020 3513 τὸν
1070 3457 1274 3527 δεσμὸν
1308 3452 1448 3510 εἷναί
1482 3473 1535 3508 τι
1595 3454 1927 3524 λογίζεσθαι,

2038 3471 2230 3528 pertus
2271 3473 2385 3514 non
2429 3460 2766 3528 impetravit,
2805 3461 3040 3517 vinculis
3080 3462 3472 3518 ecclesiasticis
3505 3463 3608 3517 imo

357 3557 455 3609 καὶ
480 3554 558 3616 ὡς
607 3553 712 3624 ἠδη
758 3553 979 3605 λέλυται
1033 3549 1355 3620 είρηκὸτος,
1411 3547 1601 3600 οὐκέτι
1642 3551 1710 3618 τῇ
1763 3547 1927 3616 ψήφῳ

2037 3559 2351 3626 peratorem
2401 3565 2432 3603 ε
2477 3550 2872 3606 communione
2917 3567 3110 3608 arcens
3147 3553 3417 3608 subdidit.
3461 3555 3588 3609 Post

356 3644 572 3701 ἐκείνου
627 3645 817 3713 ἀρκεῖν
862 3640 1024 3710 ᾤετο.
1061 3638 1252 3707 Πολλῷ
1301 3637 1361 3692 δὲ
1415 3637 1565 3706 πόνῳ
1619 3635 1879 3706 ζητηθεὶς
1908 3638 1936 3689 ὁ

355 3735 661 3804 δεσμησας,
692 3734 791 3806 τὴν
821 3731 980 3786 λύσιν
1028 3730 1239 3784 ἑδίδονο
1278 3727 1375 3782 καὶ
1423 3726 1599 3791 οὕτως
1651 3728 1867 3798 ἐδέχετο
1906 3728 1937 3780 ὁ

357 3825 602 3893 κρατῶν.
640 3825 830 3886 Οὕτως
877 3822 1112 3892 sua“):
1150 3837 1235 3885 τις
1281 3815 1350 3892 ἦν
1382 3819 1478 3873 καὶ
1507 3821 1619 3882 τοίς
1649 3819 1814 3882 θείοις
1853 3819 1939 3872 νό-

359 3931 486 3987 μοις
508 3913 804 3985 ἡκρίσωτο.
832 3911 910 3966 οὗ
936 3912 1005 3980 δὴ
1037 3913 1219 3980 χάριν,
1249 3911 1346 3964 καὶ
1371 3911 1474 3964 ὅσα
1506 3910 1619 3963 τῶν
1650 3909 1940 3964 είδωλείων

363 3987 749 4074 περιελείφθη,
782 4002 844 4067 ἐξ
899 4003 1084 4056 αὐτῶν
1109 4001 1325 4055 ἁνέσπα
1349 4004 1462 4053 τῶν
1503 4000 1740 4071 βάθρων,
1775 4002 1847 4061 ὡς
1876 4001 1941 4055 ἄν

360 4112 428 4164 γε
469 4098 555 4165 ιίη
584 4097 694 4157 τοῖς
723 4095 843 4163 μετ’
877 4095 1086 4147 ἐκεῖνον
1115 4091 1191 4162 μὴ
1230 4090 1301 4145 δι’
1346 4091 1492 4162 ι’χνος
1515 4092 1614 4161 τῆς
1666 4093 1941 4160 προτέρας

365 4188 652 4259 ἐξαπάτης
679 4187 930 4242 θεᾶσθαι.
959 4185 1130 4254 Τήνδε
1158 4186 1268 4255 γὰρ
1297 4183 1396 4255 τὴν
1424 4183 1665 4239 διάνοιαν
1692 4183 1771 4254 τῷ
1810 4187 1941 4255 περὶ

365 4283 574 4337 τούτων
604 4284 757 4352 νόμῳ
788 4279 1063 4347 ενέταξεν.

2042 3655 2207 3711 quam
2251 3650 2432 3696 autem
2475 3644 2774 3713 imperator
2819 3643 2874 3698 in
2921 3646 3125 3711 regiam
3167 3658 3321 3699 suam
3355 3647 3527 3712 venit,
3556 3655 3615 3706 et

2041 3733 2220 3803 epula:
2246 3735 2510 3806 apposita:
2533 3744 2683 3798 sunt,
2709 3739 3063 3805 conviva-que
3087 3749 3282 3793 omnes
3311 3739 3612 3804 affuerunt,

2045 3843 2155 3881 non
2186 3827 2274 3881 ille
2299 3830 2454 3899 prius
2483 3830 2668 3884 cibum
2697 3831 3026 3886 sumendum
3056 3849 3199 3894 esse.
3229 3849 3392 3903 quam
3426 3835 3616 3889 vincu-

2043 3919 2114 3972 lis
2148 3919 2254 3972 sibi
2300 3920 2520 3990 injectis
2549 3921 2766 3977 solutus
2795 3933 2963 3986 esset,
2997 3927 3232 3980 censuit.
3272 3925 3615 3996 Quapropter

2043 4007 2111 4060 ad
2137 4007 2438 4062 antistitem
2453 4009 3130 4083 Constantinopolitanum
3150 4016 3412 4072 famulum
3431 4034 3615 4087 quem-

2042 4096 2169 4150 dam
2203 4098 2375 4165 misit,
2414 4108 2632 4169 petens,
2668 4111 2728 4156 ut
2772 4117 2899 4156 eum
2932 4104 3114 4175 ipsum
3153 4107 3368 4162 solvere
3402 4123 3485 4173 se,
3519 4110 3616 4178 qui

2040 4188 2289 4257 ligasset,
2321 4191 2561 4260 juberet.
2585 4192 2726 4249 Cum
2765 4194 2820 4249 id
2867 4196 3166 4268 episcopus
3213 4210 3520 4268 recusaret,
3563 4213 3620 4260 et

2042 4294 2143 4349 pro
2172 4281 2396 4336 vinculo
2427 4283 2746 4342 habendum
2787 4303 2896 4344 non
2943 4305 3089 4357 esse,
3121 4293 3269 4362 quod
3307 4308 3338 4348 ι
3368 4311 3617 4363 quocun-

363 4390 472 4443 que
513 4376 736 4445 Iigatum
782 4381 955 4436 esset,
990 4370 1348 4442 significaret,
1396 4371 1754 4442 solutumque
1805 4370 1941 4426 adeo
1973 4371 2085 4443 jam
2148 4389 2273 4429 esse
2335 4376 2570 4445 diceret,
2599 4380 2846 4436 nonduin
2875 4384 3085 4439 calculo
3113 4386 3234 4456 ejus
3263 4387 3620 4456 acquiescen-

365 4472 499 4525 dum
543 4485 668 4526 esse
713 4468 891 4524 duxit.
927 4469 1097 4524 Multo
1146 4485 1284 4526 vero
1323 4469 1514 4524 labore
1549 4468 1596 4522 is
1627 4467 1723 4538 qui
1759 4467 1936 4537 ipsum
1976 4469 2248 4538 ligaverat
2319 4472 2641 4543 inquisitus,
2675 4491 2804 4531 eum
2841 4477 3097 4536 absolvit.
3165 4481 3245 4536 Ac
3275 4482 3355 4536 sic
3394 4484 3616 4538 tandem

365 4564 670 4634 imperator
705 4561 889 4618 cibum
932 4560 1186 4631 sumpsit.
1232 4562 1387 4617 Adeo
1452 4559 1744 4629 religiosus
1810 4560 2152 4617 Theodosius
2193 4563 2320 4631 fuit,
2361 4567 2642 4638 vitamque
2687 4585 2845 4625 suam
2896 4573 3312 4629 accuratissime
3386 4574 3453 4628 ad
3527 4575 3616 4630 di-

366 4656 528 4711 vinas
553 4656 704 4725 leges
736 4655 1073 4724 composuit.
1105 4653 1278 4719 Quam
1310 4655 1381 4710 ob
1412 4668 1634 4709 causam
1666 4653 1935 4724 quidquid
1974 4655 2082 4710 fuit
2144 4671 2211 4711 ex
2275 4658 2440 4714 idolis
2468 4661 2769 4733 reliquum,
2799 4663 2875 4719 ita
2903 4675 2991 4720 est
3017 4665 3270 4721 funditus
3298 4665 3618 4738 disjeetum,

367 4763 429 4808 ut
461 4753 700 4824 posteris
731 4751 853 4822 ejus
883 4765 955 4805 ne
986 4752 1278 4821 vestigium
1351 4750 1574 4821 quidem
1638 4750 1844 4821 prioris
1906 4750 2121 4808 fraudis
2159 4764 2217 4810 et
2260 4755 2602 4814 scductionis
2648 4774 2880 4816 cernere
2908 4760 2982 4816 sit
3029 4760 3245 4817 datum.
3278 4761 3619 4818 Sententiam

366 4863 502 4905 vero
537 4849 606 4905 de
638 4849 724 4905 eis
747 4862 903 4904 suam
939 4847 996 4902 in
1029 4849 1485 4903 constitutionem
1518 4847 1596 4918 (l)
1629 4847 1838 4904 retulit.

969 4965 1224 5020 ΚΕΦΑΔ.
1275 4968 1348 5020 Δθ.

378 5063 649 5142 Ὠς-Θερς
673 5058 1132 5142 τοῦβᾷεοςοιιιοῦς
1151 5057 1478 5142 ,ϐασιλήιος
1492 5058 1966 5142 ὐπερᾳσιείζων,

433 5129 509 5188 τὰ
537 5133 660 5188 τῶν
687 5129 969 5200 πολέμιόν
1025 5130 1151 5197 τοῖς
1203 5130 1572 5200 παραδόξοις
1601 5129 1721 5185 τῶν
1754 5130 1944 5202 ἔργων

436 5203 662 5260 θᾶττον
691 5202 958 5256 διέλυεν.

441 5316 503 5371 El
528 5316 585 5370 δέ
606 5331 738 5368 ποτε
767 5314 863 5368 καὶ
892 5312 1130 5382 πόλεμος
1157 5315 1408 5379 ἐκινεῖτο,
1444 5313 1638 5386 ἐπίσης
1671 5316 1764 5368 καὶ
1794 5308 1948 5383 οὗτος

367 5408 488 5477 Θιῷ
521 5405 887 5477 προσεχώρει,
909 5405 1001 5458 τὸν
1025 5405 1165 5457 θεῖον
1185 5404 1362 5474 ζηλῶν
1386 5407 1726 5477 μουσουργὸν
1751 5406 1940 5474 Δαυῒδ,

369 5499 525 5564 είδὼς
549 5499 714 5554 αὐτὸν
743 5494 883 5551 εἶναι
913 5498 1010 5566 τῆς
1047 5499 1227 5567 μάχης
1247 5499 1473 5566 ταμίαν.
1511 5499 1691 5568 Ἔχων
1720 5499 1762 5552 δ’
1794 5503 1938 5552 €er-

339 5609 462 5647 ~v0v
491 5590 736 5662 ἀκριϐῶς
793 5590 1272 5660 προμηθούμενον,
1329 5591 1516 5655 ἀξίους
1561 5595 1672 5643 τῶν
1721 5591 1942 5657 ἀγαθῶν

375 5686 606 5740 ἐλπίδων
651 5682 912 5752 ἑδρέπετο
971 5685 1096 5746 τοὺς
1125 5682 1397 5755 καρπούς.
1434 5681 1576 5750 Ἐγὼ
1605 5682 1660 5734 δὲ
1715 5682 1945 5749 τάληθὲς

457 5847 538 5920 (l)
564 5846 625 5901 L.
649 5844 841 5902 Omnia
882 5844 1016 5898 loca.
1048 5844 1108 5900 C.
1141 5846 1214 5900 De
1244 5847 1442 5900 sacrili.
1468 5861 1589 5916 pag.
1615 5854 1663 5900 et
1691 5842 1878 5914 templ.

722 5937 991 5997 Ρηιιοι..
1022 5940 1136 5996 Gn.
1180 5939 1412 5999 CXLVI

1971 4979 2018 5039 Β

2553 4966 2721 5040 444
2755 4967 2977 5028 CAPUT
3019 4970 3107 5028 Π.

2054 5061 2120 5118 Ut
2150 5060 2290 5116 Deus
2311 5064 2459 5134 pium
2487 5063 2786 5134 principem
2813 5064 3117 5133 defendens,
3146 5064 3285 5118 bella
3317 5065 3496 5118 omnia
3529 5066 3616 5119 in-

2121 5140 2346 5203 speratis
2374 5135 2809 5205 admirandisque
2838 5136 2992 5189 rebus
3020 5136 3206 5189 statim
3235 5138 3540 5204 confecerit.

2124 5311 2182 5367 Si
2213 5311 2435 5381 quando
2463 5311 2667 5368 bellum
2715 5324 2924 5370 motum
2954 5325 3058 5381 est,
3093 5315 3158 5371 ad
3202 5316 3371 5370 Deum
3423 5316 3624 5371 confu-

2049 5404 2258 5473 giebat,
2299 5404 2545 5459 divinum
2581 5406 2970 5478 melodumque
3008 5407 3267 5463 Davidctn
3308 5411 3620 5472 aemulatus.

2049 5497 2195 5566 quod
2244 5498 2301 5552 in
2348 5497 2497 5552 illius
2526 5499 2696 5554 veluti
2741 5501 2919 5570 promi
2960 5500 3122 5554 condi
3173 5509 3443 5571 potestate
3476 5501 3621 5556 bella

2050 5602 2173 5641 esse
2199 5587 2371 5642 sciret
2402 5605 2417 5643 :
2446 5599 2504 5643 et
2551 5589 2699 5660 quod
2737 5591 2890 5644 illum
2940 5602 3157 5644 certum
3203 5591 3432 5645 haberet
3465 5606 3623 5645 cura.

2057 5688 2251 5746 torem,
2286 5679 2589 5751 condiguos
2632 5696 2729 5753 spe
2760 5682 2901 5737 bona
2947 5685 3196 5754 pert-epit
3241 5681 3475 5739 fructus.
3509 5684 3624 5756 lngo

3231 5930 3306 5993 3's
