4014 6228
467 307 605 373 1099

1670 301 1718 362 Ν
1733 300 2088 361 ίϐΕΡΗΟΙὶΙ
2130 300 2215 360 CA
2230 300 2468 361 LLISTI

3564 291 3716 359 1100

461 440 703 487 causam,
737 432 795 479 ut
818 422 933 495 ipse
962 420 1246 475 nominare
1299 418 1458 480 solet,
1495 418 1715 473 initium
1776 416 2030 471 cssentim

2138 416 2405 488 ἐκκλησίᾳ
2438 417 2799 489 παρέμειναν,
2830 417 2948 472 ἀλλ’
2976 415 3073 471 οὖν
3101 415 3203 489 τὴν
3234 411 3526 482 ’Λρειανῶν
3564 414 3680 481 θρη

455 518 672 589 cepisse
707 529 814 569 non
882 512 1029 567 dicat
1066 528 1080 565 :
1113 509 1276 582 465
1319 518 1376 565 et
1421 508 1686 579 Origenes
1731 506 1934 576 ubique
1977 507 2030 559 in

457 608 681 680 scriptis
709 607 846 672 suis,
878 603 1063 659 verbis
1096 602 1321 658 disertis
1359 611 1699 655 comternum
1752 599 1899 655 Patri
1939 598 2028 652 Fi-

456 702 591 757 lium
625 712 749 755 esse
782 697 858 768 (l)
913 693 1262 768 profiteatur.
1321 692 1699 750 Nihilominus
1752 703 1932 747 tamen
1969 692 2027 747 in

2137 506 2328 560 σκείαν
2365 507 2672 578 λεληθότως
2729 510 2819 563 ἐπὶ
2873 510 2936 563 τὸ
2962 511 3216 581 κρεῖττον
3263 503 3427 575 δῆθεν
3470 503 3711 573 patir”-

2132 597 2246 653 λον.
2283 599 2489 664 Πολλὰς
2522 603 2630 670 γάρ
2667 602 2883 672 Ἀρείου
2927 600 3282 672 βλασφημίας
3335 600 3448 662 τοῖς
3478 595 3715 658 οἰκείοις

2132 690 2314 759 λόγοις
2346 693 2660 747 ἀπώσαντο.
2685 692 2941 748 Τοσαῦτα
2973 693 3067 746 καὶ
3101 692 3233 763 περὶ
3261 691 3490 744 τούτων.

455 792 689 848 ecclesia
719 792 938 847 illorum
970 797 1420 860 permanserunt,
1467 788 1571 842 nisi
1641 786 1791 857 quod
1856 785 2187 840 Arianorum
2259 785 2581 857 religionem
2612 788 2816 843 sensim
2876 795 2934 842 et
2966 786 3109 842 clam
3141 783 3469 856 corrigendo
3493 782 3549 838 in
3581 798 3710 837 mc-

454 889 563 945 lius
591 885 977 943 traduxerunt.
1011 885 1209 941 Multas
1234 901 1472 957 namque
1503 884 1619 940 Arii
1654 882 2032 953 blasphemias
2070 881 2127 938 in
2157 882 2314 938 libris
2341 882 2456 938 suis
2485 885 2869 956 repudiarunt.
2907 884 2982 942 De
3007 884 3095 940 his
3123 884 3277 941 satis.

1040 1003 1267 1062 CAPUT
1300 1004 1436 1061 XIV.

461 1104 526 1161 Ut
590 1111 704 1172 post
759 1100 1102 1173 Theophilum
1151 1100 1405 1173 Cyrillus,
1459 1116 1621 1170 nepos
1676 1099 1875 1154 sororis
1915 1099 2027 1169 ejus

530 1175 714 1240 ﬁlius,
778 1172 888 1241 ejus
946 1177 1120 1225 sedem
1185 1172 1607 1226 Alexandrinam
1657 1173 1722 1225 sit
1778 1186 2026 1224 consecu-

527 1258 648 1309 tus,
706 1254 754 1298 et
807 1243 871 1296 de
898 1241 1208 1299 Judteorum
1262 1241 1608 1297 Alexandriae
1635 1241 1899 1296 concitata
1941 1255 2027 1293 se-

524 1317 744 1370 ditione.

524 1432 728 1499 Quinto
754 1427 1051 1485 Theodosii
1078 1426 1294 1498 imperii
1315 1442 1482 1496 anno,
1507 1428 1808 1499 lethargico
1831 1426 2023 1483 morbo

454 1534 742 1593 c0rrcptus
760 1520 1102 1577 Alexandria
1122 1519 1482 1592 Theophilus,
1501 1521 1849 1591 quindecima
1866 1518 2025 1576 Octo-

456 1617 573 1672 bris
606 1615 812 1670 mensis
847 1613 936 1669 die
970 1613 1115 1669 diem
1151 1629 1311 1669 suum
1347 1612 1508 1670 obiit.
1543 1613 1612 1669 Et
1642 1629 1768 1669 cum
1808 1614 1874 1668 de
1902 1612 2021 1683 epi-

456 1716 711 1778 scopatus
745 1706 1010 1779 petitione
1046 1706 1327 1763 contentio
1364 1716 1558 1762 exorta
1589 1714 1755 1771 esset,
1792 1705 2027 1775 quibus-

456 1801 579 1856 dam
609 1800 879 1871 placebat,
911 1808 969 1856 ut
1000 1797 1322 1855 Timotheus
1349 1798 1594 1870 quidam,
1626 1798 1723 1869 qui
1751 1799 2027 1853 archidia-

457 1907 630 1949 conus
658 1894 780 1964 ejus
814 1891 1067 1948 ecclesiae
1100 1900 1241 1955 erat.
1272 1893 1566 1962 episcopus
1597 1890 1901 1961 legeretur;
1936 1891 2027 1946 alii

455 1985 659 2058 Cyrillo
696 1983 867 2056 magis
900 1983 1177 2049 favebant,
1207 1985 1303 2055 qui
1340 1983 1631 2054 Theophili
1668 1984 1853 2039 fratris
1885 1985 2028 2041 tilius

457 2086 614 2142 erat,
662 2076 1126 2150 profanarumque
1173 2078 1336 2134 simul
1378 2089 1434 2134 et
1488 2093 1767 2134 sacrarum
1817 2080 2027 2135 littera-

459 2182 580 2221 rum
607 2167 803 2239 peritia
829 2167 1012 2223 multis
1035 2166 1211 2224 modis
1239 2183 1431 2225 omnes
1450 2169 1777 2239 superabat:
1807 2170 2028 2226 virtutis

454 2261 620 2315 etiam
655 2274 858 2331 genere
893 2262 1068 2323 omni,
1100 2259 1157 2316 in
1186 2261 1428 2332 qualibet
1455 2259 1676 2317 laudem
1714 2272 1768 2316 et
1798 2261 2027 2333 gloriam

458 2361 793 2408 consecutus
814 2391 829 2417 ,
859 2350 1169 2410 excellebat
1195 2370 1209 2407 :
1254 2351 1412 2421 cujus
1439 2350 1505 2405 ad
1533 2351 1649 2406 haec
1686 2366 1855 2421 usque
1889 2359 2027 2405 tetu-

459 2459 589 2515 pora
614 2442 816 2515 scripta
844 2442 1078 2514 plurima
1104 2442 1590 2509 circumferuntur,
1615 2458 1846 2514 quorum
1868 2442 2029 2512 longe

457 2538 728 2606 optimum
761 2543 867 2599 est,
897 2534 1045 2605 quod
1079 2534 1367 2590 Thesauro:
1400 2535 1719 2606 inscripsit,
1751 2550 1819 2591 ex
1852 2532 2032 2589 omni-

459 2629 564 2684 bus
597 2641 882 2700 sacrarum
916 2626 1250 2684 Litterarum
1285 2626 1507 2697 scriptis
1530 2666 1545 2693 ,
1587 2625 2027 2698 syllogismorum

460 2720 977 2779 ratiocinationibus
1014 2728 1070 2776 et
1104 2719 1673 2777 demonstrationibus
1704 2719 2026 2791 mySterium

459 2824 666 2873 sanetze
691 2814 980 2871 Trinitatis
1010 2816 1330 2871 ostendens.
1363 2812 1522 2868 Aliud
1556 2823 1840 2884 praeterea,
1870 2813 2029 2885 cujus

461 2909 653 2966 titulus
686 2917 773 2963 est
805 2907 875 2961 τά
906 2906 1193 2979 Γλαφυρὰ,
1224 2909 1330 2963 hoc
1363 2917 1467 2973 est,
1504 2907 1640 2962 scita
1678 2922 1774 2963 seu
1807 2906 2026 2979 elegan-

461 3000 554 3067 tia,
594 3002 649 3056 in
682 3014 793 3071 quo
818 3013 883 3057 ea
914 3015 1035 3070 qua:
1065 2999 1120 3055 in
1154 2999 1435 3055 veteribus
1464 2997 1764 3069 Scripturis
1798 2999 2026 3070 figurate

2725 1004 2975 1060 ΚΕΦΑΛ.
3012 1002 3113 1061 ΙΔ’.

2142 1090 2239 1161 Ὠς
2263 1094 2412 1168 μετὰ
2449 1097 2743 1168 Θερφιλογ
2796 1095 3103 1168 [famulae
3136 1098 3169 1150 ό
3204 1094 3576 1165 ἀδελφιδοῦς
3599 1097 3714 1151 αὺ-

2202 1167 2309 1220 τοῦ
2342 1167 2448 1220 τὸν
2474 1165 2586 1235 τῆξ*
2643 1165 3046 1236 Ἀλεξάνδρου
3098 1169 3317 1231 θρόνον
3363 1168 3707 1235 ἐλάμϐανε·

2204 1237 2301 1291 καὶ
2332 1238 2465 1305 περὶ
2496 1238 2606 1307 τῆς
2645 1236 2975 1306 γενομένης
3004 1236 3074 1291 ἐν
3111 1236 3532 1306 ’Δλεξανδρείᾳ
3584 1236 3713 1291 τῶν

2215 1308 2525 1364 Ἰουδαίων
2555 1309 2853 1376 στάσεως.

2206 1424 2360 1478 Ἔτει
2389 1423 2446 1478 δὲ
2477 1424 2714 1495 πέμπτῳ
2744 1423 2844 1494 τῆς
2874 1421 3154 1476 Θεοδοσίου
3184 1420 3356 1493 ἀρχῆς
3388 1419 3643 1489 Θεόφιλος
3678 1420 3710 1471 ὁ

2143 1516 2554 1587 Ἀλεξανδρείας
2591 1516 2737 1572 τέλει
2776 1516 2871 1570 τοῦ
2901 1514 3020 1586 βίου
3049 1515 3321 1585 ἐχρήσατο
3349 1513 3574 1585 πέμπτῃ
3605 1513 3711 1565 καὶ

2131 1611 2337 1681 δεκάτῃ
2369 1608 2702 1680 Ὀκτωδρίου
2735 1611 2924 1681 μηνός.
2956 1608 3069 1677 Τῆς
3097 1605 3143 1661 δ’
3166 1607 3471 1676 ἐπισκοπῆς
3501 1606 3716 1677 ἐπιμά-

2132 1719 2230 1773 χου
2258 1700 2658 1773 γεγενημένης,
2684 1701 2798 1764 τοῖς
2829 1698 2928 1771 μὲν
2955 1699 3129 1753 ἐδόκει
3156 1697 3421 1769 Τιμόθεόν
3445 1714 3564 1752 τινα
3590 1715 3713 1769 χει⁸

2063 1776 2106 1832 Β
2134 1795 2411 1866 ροτονεῖν,
2474 1794 2533 1859 δς
2582 1792 2959 1865 ἀρχιδιάκονος
3007 1790 3107 1859 τῆς
3156 1792 3344 1846 ἐκεῖσε
3399 1790 3711 1863 ἐκκλησίας

2130 1891 2429 1964 ἐτύγχανεν
2461 1890 2536 1947 ὢν
2561 1908 2577 1926 ο
2611 1892 2660 1945 οἱ
2695 1890 2752 1946 δὲ
2788 1888 3043 1961 Κυρίλλῳ
3080 1888 3285 1959 μᾶλλον
3319 1888 3706 1960 προσέκειντο,

2129 1984 2186 2048 ὃς
2213 1984 2530 2053 ἀδελφιδοῦς
2557 1985 2654 2055 μέν
2678 1979 2747 2057 ἦν
2773 1984 3053 2053 Θεοφίλου,
3079 1985 3147 2053 τῇ
3172 1982 3229 2035 δὲ
3256 1982 3544 2053 Ἑλληνικῇ
3576 1996 3712 2034 παι-

2128 2079 2248 2151 δείιι⁵
2273 2080 2367 2134 καὶ
2392 2081 2503 2143 τοῖς
2531 2078 2657 2135 καθ’
2682 2080 2827 2151 ἡμᾶς
2855 2079 3038 2148 λόγοις
3062 2076 3244 2147 πολλῷ
3266 2074 3342 2147 τῷ
3373 2076 3441 2148 μί
3453 2094 3557 2149 τρῳ
3581 2077 3705 2130 δια-

2131 2174 2406 2244 φερόντως
2438 2174 2646 2237 πάντας
2679 2173 2866 2228 ἐνίκα·
2896 2173 3067 2243 ἀρετῇ
3101 2171 3142 2225 δ’
3170 2171 3359 2242 ἁπάσῃ
3393 2169 3708 2240 προέφερεν

2130 2262 2219 2331 ἐφ’
2252 2264 2459 2337 ἑκάστῃ
2513 2262 2941 2336 κληρωσάμενος
2993 2262 3055 2317 τὺ
3105 2261 3435 2332 εὖδόκιμονι
3490 2253 3552 2314 οὗ
3603 2261 3705 2314 καὶ

2132 2354 2550 2427 συγγράμματα
2579 2354 2806 2410 πλεῖστα
2835 2356 2891 2421 ἐς
2920 2355 3080 2427 δεῦρο
3111 2354 3444 2425 ἐμφέρεται,
3472 2346 3544 2407 ὧν
3574 2354 3704 2427 ἀρι-

2131 2462 2295 2515 στον,
2325 2447 2354 2501 δ
2388 2447 2745 2518 Θησαυροὺς
2776 2446 3092 2519 ὠνόμασεν,
3125 2448 3182 2516 ἐξ
3220 2449 3439 2516 ἀπάσης
3475 2447 3699 2521 Γραφῆς

2130 2541 2412 2612 θειοτέρας
2451 2542 2779 2605 ἀποδεικνὺς
2823 2541 3254 2611 συλλογιστικαῖς
3289 2542 3601 2610 ἀποδείξεσι
3638 2543 3703 2594 τὸ

2128 2630 2228 2701 τῆς
2259 2633 2424 2702 ἀγίας
2456 2633 2687 2705 Τριάδος
2725 2634 3047 2705 μυστήριον.
3079 2634 3242 2689 Ἀλλο
3276 2635 3369 2691 ἐπὶ
3401 2634 3598 2705 τούτῳ,
3632 2634 3704 2689 τὰ

2129 2727 2424 2796 Γλαφυρὰ
2444 2767 2459 2792 ,
2495 2727 2564 2780 τὰ
2594 2729 2696 2797 τῆς
2734 2728 2969 2792 παλαιᾶς
3007 2727 3048 2782 Γ
3054 2729 3230 2798 ραφῆς
3261 2728 3511 2792 τυπικῶς
3548 2728 3705 2799 εἰρη-

2133 2821 2294 2890 μένα,
2338 2821 2419 2883 είς
2466 2820 2703 2889 Χριστὸν
2750 2821 2846 2876 καὶ
2890 2821 2990 2893 τὴν
3037 2818 3333 2892 καθ’ήμᾶς
3369 2821 3705 2892 Ἐκκλησίαν

2129 2908 2351 2975 ἀνάγον.
2381 2908 2617 2979 Ἕτερον
2653 2906 2889 2978 βιὸλίον,
2924 2908 2954 2963 ὃ
2986 2910 3127 2978 Περὶ
3159 2908 3269 2977 τῆς
3305 2909 3377 2963 ἐν
3410 2911 3706 2981 πνεύματι

2128 3003 2415 3071 λατρείας
2458 3002 2557 3074 τὴν
2605 3003 2919 3073 ἐπιγραφὴν
2963 3001 3099 3073 ἔχει.
3149 3001 3226 3057 Τὰ
3271 3002 3424 3071 πρὸς
3465 3002 3708 3059 lla.le-

459 3092 603 3148 dieta
634 3103 794 3159 sunt,
834 3093 902 3148 ad
935 3092 1213 3149 Christum
1253 3100 1310 3148 et
1336 3092 1635 3149 Ecclesiam
1665 3100 1909 3147 nostram
1944 3105 2030 3146 re-

2135 3093 2293 3159 διον,
2329 3094 2553 3165 ἕτερον,
2589 3094 2915 3165 διαλογικῶς
2952 3097 3206 3151 συντεθὲν
3244 3096 3383 3167 ὑπὲρ
3418 3096 3511 3150 τοῦ
3548 3098 3704 3165 ἁγίου

460 3186 590 3243 fert.
629 3186 795 3242 Liber
829 3186 960 3243 item
992 3187 1153 3253 alius,
1186 3185 1282 3258 qui
1314 3184 1393 3240 De
1425 3185 1697 3257 spirituali
1724 3184 1870 3239 cultu
1899 3184 2032 3240 titu-

461 3280 576 3335 lum
608 3279 794 3335 habet.
828 3279 983 3335 Alius
1011 3279 1175 3335 etiam
1208 3279 1291 3333 Ad
1336 3277 1647 3333 Palladium
1670 3318 1685 3344 ,
1729 3277 1783 3333 in
1814 3277 2031 3348 dialogo

460 3388 562 3443 pro
588 3373 792 3444 Spiritu
817 3384 1011 3428 saneto
1038 3369 1574 3443 compositus.lAlius
1597 3370 1845 3442 insuper,
1868 3384 2030 3440 quem

462 3477 654 3521 contra
691 3465 970 3522 lulianum
1011 3480 1112 3536 pro
1144 3479 1305 3520 sacro
1346 3461 1643 3533 Evangelio
1676 3462 2058 3533 conscripsit.

459 3557 567 3613 Alii
610 3558 848 3629 denique
882 3558 1087 3628 plures,
1121 3566 1285 3628 atque
1328 3555 1498 3612 etiam
1540 3554 1810 3626 epistolis.
1841 3553 2032 3622 Qualis

460 3660 643 3706 autem
674 3650 719 3706 is
748 3650 834 3705 vir
864 3650 1061 3717 fuerit,
1092 3665 1216 3705 eum
1250 3664 1337 3705 res
1376 3647 1614 3704 Nestorii
1646 3656 1704 3702 et
1737 3646 1913 3702 tertiae
1942 3662 2033 3717 sy-

462 3742 592 3796 nodi
629 3755 1060 3812 pcrsequetnur,
1095 3740 1230 3797 satis
1262 3738 1516 3810 liquebit.
1552 3737 1845 3795 Enimvero
1881 3738 2033 3794 sedi-

464 3838 615 3893 tione
687 3837 741 3891 in
811 3834 1011 3905 populo
1078 3833 1145 3889 de
1208 3831 1456 3904 episcopi
1522 3831 1795 3887 electione
1860 3839 2030 3894 mota,

462 3928 740 3984 Timothei
799 3925 1048 3999 partibus
1103 3940 1213 3981 non
1274 3938 1468 3995 parum
1531 3924 1793 3980 momenti
1849 3922 2033 3978 attulit

460 4020 884 4086 Abundantius,
938 4017 1032 4089 qui
1082 4025 1195 4071 tum
1243 4015 1562 4071 militarium
1614 4015 1871 4072 ordinum
1921 4016 2031 4071 dux

461 4122 601 4168 erat.
638 4111 828 4167 Tertio
856 4125 987 4166 vero
1019 4109 1129 4175 die,
1162 4118 1285 4181 post
1314 4108 1605 4180 Tthphili
1638 4110 1852 4165 scilicet
1880 4124 2032 4164 mor-

464 4217 596 4267 tem,
621 4204 786 4260 factio
810 4202 981 4259 altera
1006 4218 1125 4275 qua:
1144 4202 1409 4274 Cyrillum
1439 4202 1845 4273 designaverat,
1865 4202 2029 4260 vicit:

2134 3187 2454 3259 Πνεύματος
2476 3204 2491 3221 ’
2528 3190 2625 3244 καὶ
2661 3189 2689 3243 ὃ
2728 3191 2870 3245 κατὰ
2907 3188 3201 3244 Ἰουλιανοῦ
3242 3190 3383 3261 ὺπέρ
3421 3190 3513 3245 τοῦ
3555 3189 3705 3262 ίεροῦ

2132 3282 2469 3353 Εὑαγγελίου
2506 3283 2819 3350 συνέταξεν.
2854 3286 2961 3339 Καὶ
2992 3283 3130 3338 ἄλλα
3164 3285 3257 3338 ἐπὶ
3287 3284 3499 3350 τούτοις
3531 3284 3703 3340 πολλὰ

2131 3373 2233 3426 καὶ
2263 3372 2566 3428 ἐπιστολαί.
2599 3372 2775 3439 Δείξει
2807 3372 2866 3426 δέ
2901 3367 3014 3436 οἷος
3046 3372 3189 3445 ἀνὴρ
3214 3413 3231 3440 ,
3264 3373 3431 3445 ἡνίκα
3462 3374 3704 3443 διέξιμεν

2131 3464 2201 3518 τὰ
2232 3464 2373 3518 κατά
2403 3463 2699 3538 Νεστόριον
2727 3465 2821 3519 καὶ
2848 3465 2947 3536 τὴν
2975 3464 3169 3538 τρίτην
3197 3466 3438 3521 σύνοδον.
3468 3467 3559 3539 Τῷ
3585 3469 3702 3522 τότε

2132 3555 2189 3610 δὲ
2222 3557 2467 3620 στάσεως
2499 3556 2799 3629 γενομένης
2828 3556 2907 3627 τῷ
2939 3557 3096 3629 δήμῳ
3129 3559 3262 3631 περὶ
3291 3560 3549 3631 ἐπιλογῆς
3579 3564 3705 3614 ἐπι-

2136 3649 2373 3715 σκόπου,
2402 3648 2481 3721 τῷ
2514 3648 2672 3721 μέρει
2705 3649 2975 3721 Τιμοθέου
3002 3650 3065 3705 οὐ
3098 3652 3305 3723 μικρὰν
3330 3652 3499 3706 ἐδίδου
3534 3652 3704 3725 ῥοπὴν

2145 3739 2549 3806 ’Δϐουνδάντιος
2563 3745 2591 3796 ὁ
2614 3741 2914 3811 τηνικαῦτα
2937 3742 3044 3797 τῶν
3066 3745 3475 3817 στρατιωτικῶν
3497 3748 3707 3816 ταγμά-

2132 3850 2242 3887 των
2289 3833 2616 3903 ἡγούμενος.
2665 3835 2817 3891 Μετά
2869 3833 2930 3891 δέ
2978 3834 3172 3907 τρίτην
3219 3836 3434 3908 ἡμέραν
3482 3834 3705 3909 θάτερον

2133 3928 2293 3982 ἐνίκα
2324 3930 2517 4001 μέρος,
2541 3928 2570 3984 δ
2599 3929 2691 3984 τὸν
2722 3928 2996 4002 Κύριλλον
3024 3928 3333 4000 ἐπελέγετο.
3364 3931 3476 3985 Kal.
3506 3931 3707 4002 προῆλ-

2135 4019 2228 4077 θεν
2262 4023 2358 4076 ἐπὶ
2386 4020 2488 4094 τὴν
2522 4022 2828 4093 ἐπισκοπὴν
2861 4021 3237 4095 ἀρχικώτερον
3270 4022 3539 4096 Κύριλλος
3578 4024 3613 4097 ἢ
3653 4023 3705 4077 el

2135 4113 2243 4186 πρὸ
2277 4113 2445 4168 αὐτοῦ
2482 4114 2646 4186 ίερείς
2675 4129 2690 4145 ·
2724 4112 2801 4179 ὡς
2834 4115 3043 4170 ἐκεῖθεν
3078 4115 3173 4169 καὶ
3205 4116 3385 4188 ἀρχὴν
3418 4117 3702 4187 εἰληφέναι

2132 4204 2232 4276 τὴν
2266 4203 2567 4276 ἐκκλησίαν
2588 4244 2603 4271 ,
2638 4203 2733 4259 καὶ
2764 4204 2874 4260 τῶν
2906 4206 3252 4277 πραγμάτων
3299 4208 3506 4279 μᾶλλον
3556 4211 3707 4265 ἀντι-

462 4302 520 4353 et
553 4297 620 4353 ad
657 4298 1036 4368 episcOpatum
1073 4295 1281 4367 majore
1315 4293 1481 4363 fastu,
1522 4296 1881 4366 profanorum
1914 4310 2030 4351 ma-

2136 4296 2432 4353 ποιεῖσθαι.
2459 4297 2634 4363 Εὐθὺς
2658 4297 2713 4353 δέ
2741 4297 3009 4370 Κύριλλος
3035 4299 3289 4370 οὐδεμίαν
3310 4302 3421 4355 τῶν
3441 4302 3708 4373 αἱρέσεων

462 4394 789 4465 gistratuum
838 4403 1031 4453 more,
1073 4386 1330 4461 Cyrillus,
1361 4402 1525 4458 quam
1558 4389 1872 4444 deccssores
1914 4388 2030 4460 ejus

2135 4390 2230 4444 ἐπὶ
2260 4388 2359 4460 τῆς
2393 4388 2745 4460 Ἀλεξάνδρου
2790 4389 3269 4463 παρρησιάζεσθαι
3312 4395 3495 4451 εἴασεν
3523 4414 3536 4426 ·
3572 4398 3711 4453 ἀλλᾶ

463 4484 705 4557 episcopi
729 4524 745 4549 ,
790 4496 1114 4554 progressus
1140 4489 1243 4537 est.
1278 4480 1443 4554 466
1464 4479 1619 4537 Unde
1649 4480 1786 4537 adeo
1814 4479 2030 4537 initium

2140 4483 2234 4535 καὶ
2261 4480 2323 4534 τδ
2352 4479 2619 4537 Ἰουδαίων
2648 4480 2798 4546 ἔθνος
2828 4482 3039 4538 ἐκεῖθεν
3067 4483 3238 4555 ἤλασε
3264 4488 3525 4559 τοιαύτης
3554 4504 3712 4558 γεγε-

464 4588 744 4649 sumplum
774 4585 862 4633 est
893 4576 949 4630 in
980 4575 1225 4643 Ecclesia
1258 4572 1624 4630 Alexandrina
1644 4613 1659 4639 ,
1703 4582 1762 4629 ut
1789 4573 2030 4645 episcopi

2141 4574 2383 4644 νημὲνης
2412 4572 2615 4637 αίτίας.
2650 4573 2762 4629 Καὶ
2792 4574 2901 4639 πᾶς
2934 4574 3033 4646 μὲν
3063 4574 3264 4646 δῆμος,
3292 4577 3368 4642 ὡς
3401 4578 3604 4635 ἐπίπαν
3635 4584 3713 4635 εξ..

465 4671 639 4743 magis
666 4672 833 4727 etiam
878 4669 1103 4742 profana
1144 4668 1361 4739 negotia
1408 4676 1689 4722 curarent.
1728 4666 1899 4723 Porro
1929 4666 2035 4739 Cy-

464 4769 620 4825 rillus
643 4770 755 4840 jam
783 4766 907 4822 inde
933 4781 960 4819 a
986 4765 1259 4836 principio
1285 4764 1533 4819 hmresim
1566 4763 1769 4817 nullam
1798 4763 2034 4818 Alexan-

2143 4668 2287 4732 πεῖν,
2309 4666 2606 4737 στασιώδης
2631 4668 2729 4721 καὶ
2751 4669 2889 4739 πρὸς
2913 4669 3097 4741 μάχην
3117 4672 3292 4743 ῥᾷστα
3314 4675 3671 4745 κεκινημένος
3688 4692 3705 4706 ·

2144 4757 2327 4830 πολλῷ
2372 4759 2430 4813 δὲ
2470 4759 2669 4829 μᾶλλον
2707 4760 2737 4814 ὁ
2772 4762 2872 4832 τῆς
2905 4761 3257 4835 Ἀλεξάνδρου
3296 4768 3413 4829 τοῖς
3450 4766 3709 4833 τοιούτοις

465 4861 601 4917 ᾶτὶιε
652 4859 866 4931 publice
915 4857 1021 4914 coli
1069 4872 1264 4928 passus
1314 4863 1417 4913 est.
1460 4855 1770 4911 Judaeorum
1817 4868 2030 4925 quoque

2147 4852 2382 4923 μάλιστα
2414 4852 2616 4924 χαίρει,
2647 4854 2743 4907 καὶ
2774 4853 3002 4925 ἑτοίμως
3030 4856 3144 4928 ἔχει
3176 4857 3309 4929 πρὸς
3337 4858 3532 4916 ταῦτα.
3563 4862 3627 4916 Εί
3654 4863 3710 4919 δὲ

465 4967 682 5027 gentem
736 4952 864 5008 inde
912 4951 984 5007 ob
1045 4948 1317 5021 ejusmodi
1366 4964 1586 5003 causam
1637 4949 1836 5019 exegit.
1896 4947 2034 5003 Cum

465 5049 663 5119 vulgus
695 5060 881 5109 omne,
916 5053 974 5099 ut
999 5044 1053 5099 in
1086 5057 1302 5099 summa
1327 5041 1530 5109 dicam,
1566 5040 1888 5097 seditiosum
1929 5051 2034 5103 est,

464 5142 839 5210 facillimeque
898 5137 964 5191 ad
1028 5137 1298 5191 tumultus
1356 5134 1584 5191 bellicos
1641 5143 2032 5204 permovetur:

2140 4947 2235 4999 καὶ
2268 4946 2511 5018 σμικρᾶς
2541 4964 2685 5010 τινος
2712 4948 2973 5020 ἀφορμῆς
3002 4951 3316 5007 ἐπιλάϐοιτο
3336 4991 3351 5015 ,
3386 4953 3553 5019 εὐθὺς
3582 4954 3712 5010 ἀνά·

2138 5057 2373 5094 πτεται·
2417 5041 2513 5094 καὶ
2556 5042 2656 5095 οὐκ
2702 5042 2768 5097 ἂν
2812 5044 3080 5114 πρότερον
3125 5046 3416 5117 ἀποσταίη,
3461 5049 3592 5116 πρὶν
3630 5052 3710 5114 είς

2139 5132 2392 5204 ἀφόρητα
2422 5134 2814 5204 περιελαθῆναι
2846 5138 2995 5191 κακά
3021 5153 3033 5167 ⁸
3068 5138 3163 5193 καὶ
3190 5141 3319 5197 ἀνευ
3352 5141 3583 5212 αἵματος
3614 5144 3712 5198 οὐκ

467 5244 582 5288 tum
618 5228 1022 5286 Alexandrinus
1055 5230 1294 5298 p0pulus
1328 5227 1411 5282 eis
1450 5226 1685 5281 maxime
1717 5226 1946 5296 gaudet,
1981 5235 2030 5279 et

2142 5226 2209 5282 ἂν
2245 5228 2442 5299 ῥᾳδίως
2483 5228 2815 5301 διακριθείη.
2858 5231 3179 5299 Ἐστασίαζε
3224 5235 3324 5303 μέν
3358 5235 3451 5291 οὖν
3486 5238 3618 5291 αὐτὸ
3649 5240 3709 5292 τὸ

469 5324 727 5397 proclivis
750 5323 817 5378 ad
848 5322 1038 5377 turbas
1063 5330 1146 5376 est
1169 5337 1183 5375 :
1210 5336 1272 5376 ac
1298 5320 1341 5375 si
1368 5320 1622 5391 exiguam
1652 5319 1846 5373 saltem
1877 5334 2030 5372 occa-

2146 5318 2350 5389 πλῆθος
2382 5321 2519 5393 πρὸς
2549 5322 2709 5375 ἐαυτὸ
2736 5324 2798 5377 οὐ
2825 5323 2912 5380 διά
2939 5343 2991 5380 τι
3021 5326 3351 5398 ἐπάναγκες,
3378 5330 3515 5384 ἀλλά
3541 5331 3629 5387 διά
3651 5332 3708 5387 τὸ

467 5420 680 5475 sionem
713 5415 1030 5487 arripuerit,
1062 5414 1208 5469 illico
1237 5413 1554 5469 accenditur
1582 5431 1594 5467 :
1627 5428 1729 5467 nec
1754 5412 1907 5483 prius
1941 5412 2030 5467 ab-

2144 5410 2448 5481 τηνικαῦτα
2477 5414 2663 5485 σχεδὸν
2692 5416 2841 5491 πάσῃ
2869 5417 3020 5473 πόλει
3050 5420 3391 5476 ἐπιπολάσαν
3416 5426 3605 5479 κακόν.
3630 5426 3701 5480 Τὸ

469 5510 650 5574 sistit,
685 5522 848 5576 quam
881 5505 1250 5562 intolerabilia
1282 5504 1551 5561 deciderit
1581 5505 1721 5558 mala
1749 5521 1762 5558 :
1805 5514 1859 5560 et
1896 5504 2030 5559 citra

2143 5507 2201 5562 δέ
2230 5503 2330 5579 ἦν,
2364 5507 2523 5563 πάντ’
2548 5509 2888 5579 ἀφεμένους,
2920 5513 3102 5566 πᾶσαν
3132 5516 3261 5584 περὶ
3288 5516 3412 5580 τοὺς
3442 5515 3706 5589 ὀρχηστὰς

467 5600 791 5673 sanguinem
822 5600 1001 5656 fusum
1036 5615 1142 5654 non
1171 5598 1331 5654 facile
1362 5599 1545 5654 dirimi
1582 5608 1747 5669 atque
1776 5599 2030 5668 componi

2147 5601 2417 5659 ποιεῖσθαι
2457 5602 2717 5676 σπουδήν.
2757 5604 2880 5661 Ἐπὶ
2918 5606 3102 5677 μέντοι
3139 5606 3402 5680 Σαϐϐάτῳ
3437 5609 3619 5664 πλεῖον
3650 5610 3706 5665 τὸ

543 5786 623 5857 (1)
669 5781 986 5839 SeCUndum
1021 5780 1312 5850 Origenem
1358 5779 1528 5836 Filius
1569 5778 1711 5835 Patri
1752 5779 2043 5842 συναῖδιος.
