4018 6212
471 367 605 435 llOl

1355 368 1952 431 ECCLESIASTlCzE
1987 345 2376 430 IIlSTOR‘UE
2417 366 2560 429 LIB.
2600 364 2754 430 XIV.

3558 367 3700 431 1102

463 486 693 557 θέατρον
737 487 850 550 τοῖς
897 488 1194 558 ὀρχησταῖς
1243 489 1616 558 συνηγείρετο,
1668 488 1764 543 ἆτε
1809 489 1873 558 δὴ
1921 489 2027 542 τῶν

2133 497 2340 542 motum
2374 486 2598 556 patitur.
2638 485 2821 556 Itaque
2865 484 3160 540 multitudo
3206 484 3526 538 tumultuari
3559 494 3702 540 inter

473 572 745 629 Ἰουδαίων
776 575 836 628 οὐ
872 575 1007 646 πρὸς
1040 575 1141 649 τὴν
1170 575 1267 630 τοῦ
1301 578 1466 648 νόμον
1500 578 1764 648 ἀκρόασιν
1796 578 1893 649 τὴν
1927 581 2025 651 ἀρ-

461 666 586 736 γίαν
618 668 1066 740 καταχρωμένων
1086 711 1101 736 ,
1133 669 1270 724 ἀλλὰ
1296 669 1358 723 τὸ
1387 673 1498 734 τοῖς
1533 671 1783 742 θεάτροις
1824 672 2024 741 μᾶλλον

460 761 891 834 ἐνασχολεῖσθαι.
927 763 1028 818 Διά
1055 781 1138 818 τοι
1165 762 1325 818 τοῦτο
1354 763 1450 818 καὶ
1479 765 1749 836 ἐπίμαχος
1780 766 1812 836 ἡ
1845 767 2025 836 ἡμέρα

461 851 600 926 αὕτη
628 857 741 918 τοῖς
769 853 864 908 τοῦ
896 854 1074 926 δήμου
1111 855 1407 909 καθίστατο
1442 857 1636 927 μέρεσι
1661 872 1674 887 °
1712 857 1806 911 καὶ
1834 856 2026 911 τούτου

461 949 624 1020 χάριν
660 948 764 1002 ὑπὸ
797 948 892 1002 τοῦ
927 948 1028 1020 τῆς
1061 949 1466 1022 Ἀλεξανδρείας
1504 950 1746 1021 ἐπάρχου
1784 952 1842 1004 ἐν
1877 951 2027 1016 τάξει

463 1043 870 1107 καταστάντος,
921 1042 971 1096 οἱ
1008 1043 1247 1098 Ἰουδαῖοι
1298 1043 1449 1097 οὐδὲν
1497 1037 1659 1116 ἦττον
1707 1042 2026 1110 ἐπέκειντο,

463 1133 676 1207 θατέρῳ
709 1135 817 1188 τῶν
853 1135 1039 1206 μερῶν
1069 1134 1258 1206 ὥσπερ
1295 1134 1743 1199 ἀεκτιπαθοῦντος.
1773 1135 1888 1188 Ἀεὶ
1930 1135 2030 1206 μὲν

463 1223 556 1282 οὖν
583 1227 840 1299 πολέμιον
869 1227 1024 1282 τοῦτο
1053 1227 1114 1282 τδ
1143 1227 1310 1296 φῦλον
1339 1229 1683 1297 Χριστιανοῖς
1701 1265 1718 1291 ,
1753 1226 1846 1282 καὶ
1875 1227 2031 1280 εὐσε-

464 1321 577 1372 ϐεῖν
604 1320 1100 1390 ἀναπεπεισμένον,
1131 1319 1199 1389 ἢν
1225 1321 1303 1374 ὅτι
1338 1320 1589 1374 πλεῖστον
1617 1321 1792 1373 αἴτιον
1819 1319 2030 1388 γένοιτο

465 1413 630 1467 κακόν
655 1431 708 1468 τι
739 1414 973 1483 πάσχειν
1002 1414 1152 1486 ἡμᾶς
1177 1430 1190 1444 ·
1223 1413 1344 1467 τότε
1375 1413 1429 1466 δὲ
1463 1413 1556 1468 καὶ
1587 1412 1787 1483 μᾶλλον
1816 1413 1904 1468 διὰ
1932 1413 2034 1483 τὴν

464 1506 764 1576 εἰρημένην
801 1505 982 1560 αἰτίαν
1016 1505 1126 1558 τῶν
1160 1504 1444 1577 ὀρχηστῶν
1485 1507 1578 1559 καὶ
1616 1505 1869 1560 πλεῖστον
1911 1505 2032 1558 καθ’

466 1599 675 1653 ἑαυτῶν
710 1593 849 1670 ἦσαν
885 1598 1430 1670 ἐκπεπολεμωμένοι.
1472 1598 1579 1652 Kal
1616 1597 1678 1667 δή
1717 1614 1834 1653 τινα
1875 1597 2031 1652 πολι·

463 1689 610 1743 τείαν
639 1687 1066 1761 πρυτανεύοντος
1088 1687 1343 1755 Ὀρέστου
1373 1685 1465 1740 τοῦ
1493 1688 1593 1755 τῆς
1615 1687 2030 1758 ’Λλεξανδρείας

464 1779 710 1854 ἐπάρχου
739 1781 817 1852 τῷ
849 1779 1007 1851 δήμῳ
1038 1779 1220 1851 (οὓτω
1250 1778 1360 1850 γὰρ
1392 1781 1582 1844 είιυθδς
1615 1779 1906 1852 ὀνομάζειν
1936 1779 2035 1840 τὰς

2133 593 2193 633 se
2242 577 2436 647 etrapit,
2483 593 2593 632 non
2641 577 2965 634 necessitate
3015 575 3271 647 quapiam
3309 575 3566 641 abducta,
3603 575 3699 631 sed

2137 680 2359 741 preptcr
2389 686 2731 726 communem
2755 711 2768 734 ,
2808 686 2928 740 quas
2962 680 3076 725 tum
3111 685 3303 726 omnes
3335 685 3501 739 prope
3533 671 3702 725 urbes

2136 763 2430 826 invaserat.
2466 764 2853 820 calamitatem.
2892 764 3118 825 Relictis
3141 765 3353 820 scilicet
3381 763 3548 818 rebus
3576 778 3698 817 om-

2138 853 2336 917 nibus,
2385 853 2626 910 studium
2677 869 2840 910 omne
2891 855 2943 909 in
3003 854 3320 909 saltatorem
3376 853 3705 925 spectaculis

2138 945 2438 1013 ponebant.
2469 945 2692 1002 Sabbati
2722 947 2812 1003 die
2842 948 2896 1002 in
2922 949 3136 1004 theatro
3166 947 3232 1003 ad
3263 947 3550 1002 saltatores
3579 963 3707 1018 spe-

2136 1038 2366 1095 ctandos
2387 1038 2787 1111 frequentiores
2809 1050 3178 1096 convenerant
3203 1041 3475 1106 homines,
3500 1039 3703 1098 Judieis

2140 1131 2402 1185 nitnirum
2423 1132 2537 1186 otio
2559 1146 2666 1185 non
2692 1131 2760 1186 ad
2781 1133 2953 1203 legem
2977 1132 3302 1188 audiendam
3327 1132 3705 1195 abutentibus,

2141 1218 2236 1275 sed
2263 1219 2318 1275 in
2345 1223 2655 1292 spectacula
2692 1225 2870 1291 potius
2929 1223 3397 1280 incumbentibus.
3429 1227 3602 1293 Quam
3635 1226 3706 1280 ob

2139 1327 2362 1368 causam
2394 1329 2462 1369 eo
2491 1314 2581 1370 die
2609 1316 2781 1388 major
2806 1316 2951 1371 inter
2981 1317 3163 1388 populi
3198 1319 3466 1374 factiones
3492 1322 3707 1376 exstitit

2142 1420 2344 1476 pugna.
2397 1405 2464 1462 Et
2508 1407 2760 1477 quamvis
2809 1408 2928 1478 ejus
2976 1409 3051 1463 rei
3102 1409 3275 1480 gratia
3326 1410 3711 1468 Alexandrina:

2145 1496 2300 1551 urbis
2351 1497 2674 1565 prtcfectus,
2726 1514 2850 1554 eum
2901 1500 3162 1554 instructa
3210 1501 3438 1558 cohorte
3487 1517 3585 1559 sua
3629 1502 3706 1557 ibi

2142 1589 2405 1658 adesset,
2469 1591 2827 1648 nihilominus
2870 1604 3050 1649 tamen
3097 1594 3269 1652 Judaei
3319 1595 3704 1657 imminebant,

2143 1681 2307 1736 veluti
2359 1682 2518 1739 alteri
2572 1683 2798 1741 factioni
2862 1687 3202 1742 resistentes.
3255 1687 3501 1756 Quorum
3553 1687 3707 1743 natio

2141 1788 2265 1830 cum
2318 1774 2511 1833 infesta
2547 1793 2763 1849 semper
2807 1779 3136 1836 Christianis
3164 1789 3287 1845 est,
3335 1779 3706 1850 pietatemque

463 1875 768 1947 δημοτικάς
813 1873 1257 1943 διατυπώσεις),
1305 1874 1558 1945 παρῆσαν
1601 1877 1694 1928 καὶ
1738 1876 1854 1927 ὅσοι
1901 1874 2029 1946 περὶ

2135 1881 2192 1922 se
2233 1875 2495 1937 praestare
2533 1868 2646 1924 Deo
2685 1885 3006 1939 persuasum
3048 1870 3248 1938 habet,
3280 1871 3326 1926 si
3360 1870 3708 1942 quampluri-

461 1965 555 2019 τὸν
597 1964 898 2019 ἐπίσκοπον
943 1964 1215 2038 Κύριλλον
1259 1965 1388 2034 φίλα
1432 1967 1630 2037 ἐκείνῳ
1671 1966 2034 2037 φρονοῦντες,

461 2061 563 2126 τὰς
597 2060 854 2125 τοιαύτας
893 2058 1257 2122 διατυπιὶισεις
1292 2061 1551 2131 ὀψόμενοι
1575 2077 1590 2093 ο
1630 2063 1686 2112 ἐν
1722 2054 1803 2125 οἷς
1841 2057 1909 2133 ἦν
1945 2060 2035 2114 καί

461 2170 547 2218 τις
583 2152 756 2224 Ἱέραξ
797 2151 990 2225 ὄνομα.
1019 2153 1120 2219 ’ος
1165 2153 1510 2225 γραμμάτων
1556 2154 1658 2224 μὲν
1699 2152 1809 2207 τῶν
1854 2153 2036 2218 πεζῶν

461 2247 783 2308 διδάσκαλος
812 2243 908 2320 ἦν,
945 2246 1196 2302 τοσοῦτον
1222 2247 1278 2301 δέ
1311 2249 1426 2310 τατς
1459 2245 1552 2301 τοῦ
1589 2247 1858 2320 Κυρίλλου
1882 2247 2036 2301 6:61-

465 2341 717 2406 σκαλίαις
757 2343 1055 2414 ἐξήρτητο,
1084 2340 1162 2407 ὡς
1202 2341 1366 2412 μηδὲν
1396 2343 1525 2397 ἄλλο
1559 2342 1829 2413 αἱρεῖσθαι
1869 2343 1900 2415 ἡ
1936 2341 2033 2414 τὴν

462 2435 676 2491 ἐκεῖθεν
704 2436 992 2506 ἀκρόασιν,
1022 2437 1118 2488 καὶ
1149 2434 1378 2504 κρότους
1409 2436 1645 2508 ἐγείρειν
1675 2437 1787 2501 τοῖς
1818 2436 2032 2492 ἐκείνου

461 2531 735 2600 νοήμασιν
783 2528 1156 2584 ἐπισπεύδειν.
1193 2529 1290 2583 Ὃν
1338 2529 1538 2593 ἰδόντες
1581 2529 1651 2583 τὰ
1695 2529 1877 2602 πλήθη
1923 2529 2031 2585 τῶν

457 2621 757 2687 Ἰουδαίων,
799 2622 959 2687 εὐθὺς
1005 2623 1246 2693 ἐχρῶντο
1289 2622 1411 2694 βοῇ,
1447 2623 1534 2677 διὰ
1576 2621 1744 2694 μηδὲν
1780 2623 1913 2677 ἄλλο
1952 2621 2031 2695 τῷ

460 2717 676 2789 θεάτρῳ
711 2719 918 2771 ἐκεῖνον
952 2715 1289 2790 παραϐαλεῖν
1309 2755 1326 2782 ,
1359 2716 1392 2789 ἡ
1430 2715 1516 2770 ἵνα
1553 2717 1742 2771 στάσιν
1773 2715 2028 2790 ὐπανάψῃ

457 2811 536 2884 τῷ
568 2813 748 2885 δήμῳ.
785 2812 842 2865 '0
876 2809 920 2866 δ’
946 2808 1184 2881 ἔπαρχος
1217 2808 1478 2882 Ὀρέστης
1498 2849 1514 2876 ,
1551 2808 1648 2864 καὶ
1678 2807 1895 2879 πρῶτον
1929 2810 2029 2878 μὶν

458 2907 557 2978 τὴν
598 2906 911 2976 παράλογον
951 2905 1059 2959 τῶν
1097 2903 1415 2958 ἐπισκόπων
1451 2903 1772 2957 δυναστείαν
1811 2902 1900 2956 διὰ
1947 2905 2030 2972 μί·-

462 3016 586 3064 σους
627 2995 774 3072 εῖχεν
800 3016 814 3032 ο
860 2998 1057 3069 ὅτιπερ
1101 2997 1236 3051 πολύ
1278 3014 1332 3051 τι
1377 2997 1752 3068 παρυφέλκειν
1797 2997 2030 3070 ᾑροῦντο

457 3091 566 3143 τῶν
591 3087 697 3142 ὑπὸ
718 3089 819 3161 τὴν
845 3087 1096 3155 ἐξουσίαν
1123 3086 1319 3158 ἐκείνῳ
1343 3084 1621 3157 δημοσίων
1648 3089 1991 3158 πραγμάτων
2012 3103 2026 3122 ο

463 3180 700 3250 μάλιστα
743 3178 787 3234 δ’
813 3180 892 3234 ὅτι
935 3178 1057 3233 τότε
1100 3179 1198 3233 καὶ
1239 3178 1512 3247 Κύριλλος
1553 3181 1637 3244 εἰς
1679 3179 1874 3236 λεπτὸν
1915 3181 2029 3234 δια-

2138 1974 2351 2015 morum
2387 1960 2549 2017 nobis
2579 1961 2848 2016 malorum
2879 1979 3041 2018 causa
3070 1963 3141 2019 sit
3171 1981 3186 2020 :
3231 1973 3346 2020 tum
3391 1977 3459 2019 eo
3487 1963 3708 2035 potissi-

2136 2067 2287 2108 mum
2323 2061 2598 2126 tempore,
2631 2065 2854 2126 propter
2894 2071 2990 2110 eos
3019 2071 3158 2128 quos
3196 2056 3440 2114 diximus
3485 2057 3710 2113 saltato-

2137 2161 2247 2212 res,
2289 2145 2586 2216 plurimutn
2619 2149 2788 2204 etiam
2819 2148 3085 2206 adversus
3115 2150 3327 2221 seipsos
3360 2157 3491 2207 sunt
3520 2151 3706 2204 conci-

2136 2239 2258 2298 tati.
2292 2242 2508 2298 Etcum
2539 2241 2765 2301 Orestes
2801 2245 3144 2302 Alexandria:
3179 2244 3469 2317 praefectus
3498 2244 3705 2317 populo

2136 2335 2436 2404 πολιτείαν,
2471 2336 2577 2392 hoc
2607 2346 2711 2405 est,
2743 2338 3054 2394 institutum
3085 2337 3364 2411 quoddam
3410 2337 3573 2395 civile
3605 2337 3706 2408 (ita

2131 2430 2278 2485 enim
2321 2430 2500 2487 edicta
2549 2447 2646 2486 seu
2691 2431 3073 2490 ordinationes
3120 2432 3371 2503 publicas
3419 2430 3707 2487 nominare

2131 2538 2254 2580 mos
2284 2526 2389 2595 est)
2432 2526 2654 2592 ederet,
2703 2525 2980 2583 all‘uerunt
3024 2526 3192 2582 etiam
3237 2526 3558 2597 quicunque
3589 2524 3708 2594 epi-

2131 2631 2298 2689 seopo
2322 2615 2529 2688 Cyrillo
2572 2617 2871 2687 favebant,
2904 2618 3154 2676 instituta
3189 2618 3466 2690 ejusmodi
3513 2619 3705 2673 visuri.

2134 2710 2193 2769 In
2243 2711 2328 2770 his
2369 2712 2591 2770 nomine
2640 2711 2838 2768 ltlierax
2875 2723 2996 2770 erat
3027 2712 3348 2789 humilioris
3377 2712 3704 2767 litteratura:

2129 2803 2414 2876 magister,
2456 2813 2742 2876 tantopere
2784 2823 2849 2862 ex
2895 2795 3085 2880 Cyrilli
3130 2804 3380 2862 doctrina
3432 2806 3701 2877 pendens.

2134 2909 2195 2956 ut
2241 2901 2376 2957 nihil
2421 2900 2570 2958 aliud
2628 2901 2837 2958 faceret
2874 2901 3182 2964 libentius,
3225 2914 3389 2969 quam
3443 2899 3596 2954 illum
3646 2912 3707 2955 ut

2131 2993 2386 3061 audiret,
2433 3004 2490 3051 et
2525 2997 2746 3064 plausus
2784 2996 2931 3051 ciere
2962 2993 3030 3049 ad
3068 2992 3216 3050 illius
3248 2995 3552 3048 sententias
3581 3003 3704 3048 slu-

2132 3088 2306 3148 deret.
2341 3088 2509 3148 'llunc
2554 3089 2650 3146 ubi
2692 3087 3006 3146 indecorum
3053 3088 3345 3144 multitudo
3392 3086 3700 3157 conspexit,

2134 3184 2316 3240 statim
2340 3182 2630 3241 vociferari
2657 3185 2848 3254 coepit.
2883 3197 2985 3237 non
3011 3183 3170 3236 aliam
3198 3183 3270 3236 ob
3302 3195 3519 3236 causam
3546 3181 3700 3235 illum

456 3274 611 3345 θρεῖν
641 3272 739 3337 τὰς
769 3270 864 3325 τοῦ
901 3271 1146 3344 ἐπάρχου
1175 3271 1539 3335 διατυπώσας
1570 3271 1794 3344 ᾑρεῖτο,
1829 3274 1921 3329 καὶ
1952 3273 2028 3338 ὡς

2133 3277 2190 3335 in
2226 3276 2498 3333 theatrum
2529 3275 2769 3340 venisse,
2808 3275 2968 3350 ξω
3001 3290 3165 3347 quam
3191 3281 3254 3328 ut
3285 3274 3610 3331 seditionem
3644 3275 3699 3331 in

459 3368 524 3423 ἄν
552 3384 638 3432 τις
671 3365 804 3438 φαίη
836 3364 1318 3439 περιεργάζεσθαι.
1352 3366 1526 3433 Εὐθὺς
1554 3366 1649 3422 οὖν
1682 3367 2028 3441 ἀνάρπαστον

458 3462 552 3516 τὶν
589 3458 808 3530 Ἱέρακά
858 3460 1264 3531 ποιησάμενος,
1317 3459 1556 3531 πληγαῖς
1609 3461 1883 3529 ὑπέϐαλε,
1935 3463 2030 3516 καὶ

461 3551 667 3625 σφόδρα
716 3553 966 3626 ᾐκίσατο.
1005 3552 1069 3607 Ὀ
1116 3554 1279 3622 vva-'1;
1327 3555 1356 3608 ὁ
1402 3552 1678 3618 θειότατος
1727 3553 2027 3621 Κύριλλος,

461 3646 568 3703 τῶν
596 3645 748 3718 παρὰ
769 3644 1046 3712 Ἰουδαίοις
1071 3647 1200 3710 τοὺς
1227 3645 1477 3718 πρώτους
1508 3643 2026 3716 μεταστειλάμενος,

459 3737 696 3812 παρῄνει
730 3738 833 3794 ὅσα
867 3740 1018 3805 οἶκός
1043 3756 1058 3774 ·
1092 3741 1188 3794 καὶ
1220 3738 1374 3804 τέλος
1405 3737 1678 3814 διηπείλει
1711 3739 1864 3794 δεινὰ
1894 3739 2030 3811 δράσι

385 3828 387 3831 ’
460 3851 576 3888 σειν
596 3874 610 3901 ,
643 3836 692 3888 εί
727 3833 804 3903 μὴ
834 3832 1138 3890 παύσαιντο
1161 3833 1255 3888 τὸν
1279 3832 1454 3904 δῆμον
1484 3831 1905 3898 άνακινοῦντες,
1938 3832 2030 3887 καὶ

459 3931 604 3983 κατὰ
629 3925 740 3981 τῶν
766 3927 1114 3999 Χριστιανῶν
1138 3926 1212 3991 ῶς
1241 3926 1496 3983 πλεῖστον
1520 3924 1936 3998 διερεθίζοντες.
1966 3926 2030 3980 Ol

458 4021 515 4077 δὲ
541 4022 642 4085 τὰς
667 4018 1313 4084 ἀπειλὰς-διακούσαντες
1332 4061 1349 4088 ,
1379 4019 1581 4092 μᾶλλον
1607 4018 2028 4090 ἀνηρεθίζοντο,

459 4115 556 4171 καὶ
591 4098 901 4186 ἐπὶβλάδῃ
941 4111 1053 4166 τῶν
1091 4112 1437 4186 Χριστιανῶν
1477 4112 1736 4176 πλείστας
1771 4112 2030 4167 ἐπενόουν

459 4214 554 4273 τὰς
584 4207 834 4282 μηχανάς
853 4201 971 4262 ’.ῶν
993 4205 1095 4278 τὴν
1119 4208 1552 4280 κορυφαιοτάτην
1577 4207 1672 4261 καὶ
1695 4207 1804 4261 τῶν
1829 4205 2028 4273 ἄλλων,

459 4303 533 4365 ὡς
575 4303 773 4366 εἰπεῖν,
809 4302 903 4356 ἐπὶ
943 4299 1099 4372 κακῷ
1131 4299 1517 4370 διαφέρουσαν,
1555 4299 1588 4369 ἢ
1627 4299 1694 4370 δὴ
1738 4299 1834 4353 καὶ
1879 4300 2032 4356 αἰτία

461 4399 700 4466 κατέστη
723 4390 1011 4460 Ἰουδαίους
1031 4391 1143 4465 τῆς
1167 4392 1522 4466 Ἀλεξάνδρου
1563 4392 1918 4463 ἐξελαθῆναι,
1954 4393 2030 4458 ὡς

460 4485 581 4542 ἐνὸν
611 4485 971 4557 διηγήσομαι.
1007 4483 1177 4555 Κοινῇ
1213 4482 1322 4553 γὰρ
1359 4481 1740 4549 συνελθόντες,
1777 4481 2033 4554 σύνθημα

2132 3371 2334 3442 populo
2361 3371 2645 3428 excitaret.
2693 3370 2990 3428 Prml‘ectus
3035 3368 3256 3425 Orestes
3296 3379 3452 3424 antea
3484 3383 3704 3439 quoque

2131 3473 2328 3536 przeter
2351 3463 2618 3519 rationem
2649 3475 2964 3532 usurpatam
2987 3461 3372 3531 episcoporum
3403 3459 3700 3531 potentiam

2129 3558 2322 3614 oderat
2349 3557 2448 3627 (l),
2499 3556 2644 3628 quod
2698 3556 2775 3612 illi
2828 3557 2998 3611 multa
3050 3570 3116 3609 ett
3165 3553 3404 3625 publicis
3451 3554 3700 3626 aegonis,

2130 3666 2251 3722 quan
2274 3649 2342 3706 ad
2370 3650 2810 3726 iurisdietionem
2840 3651 2962 3722 ejus
2993 3648 3365 3720 pertinebant,
3399 3649 3464 3704 ad
3493 3664 3550 3706 se
3579 3665 3704 3720 per-

2131 3744 2349 3801 trahere
2392 3743 2690 3802 volebaut:
2738 3743 3087 3814 potissimum
3131 3752 3348 3810 autem,
3394 3741 3538 3811 quod
3587 3752 3701 3796 tttm

2127 3851 2348 3910 quoque
2377 3834 2612 3912 Cyrillus
2642 3836 2890 3892 instituta
2923 3835 3028 3892 sibi
3067 3847 3259 3891 exacte
3291 3833 3698 3904 perspicienda,

2129 3928 2616 4001 curiositatcmque
2643 3930 2726 4000 (ut
2750 3928 2954 4000 aliquis
2973 3928 3140 3998 dicat)
3173 3927 3228 3982 in
3259 3929 3433 3984 aliena
3461 3943 3519 3982 re
3545 3945 3705 3984 exer-

2131 4022 2361 4080 cendam
2392 4031 2690 4089 statuerat,
2719 4031 3063 4089 commotus,
3098 4023 3218 4094 rapi
3250 4023 3544 4079 confestim
3577 4021 3704 4077 llic-

2133 4133 2314 4175 racem
2341 4118 2528 4191 jussit,
2556 4118 2986 4188 verberibusque
3012 4115 3292 4174 subditum
3315 4116 3470 4172 valde
3488 4118 3697 4176 alllixit.

2121 4211 2287 4280 Quod
2320 4211 2413 4268 ubi
2442 4211 2823 4269 divinissimus
2853 4209 3091 4282 Cyrillus
3117 4213 3393 4282 cognovit,
3431 4212 3700 4281 primores

2129 4306 2445 4364 Judteorum
2471 4304 2540 4362 ad
2569 4321 2629 4362 se
2653 4308 2878 4369 accitos,
2912 4305 2989 4359 ita
3014 4313 3075 4359 ut
3097 4319 3193 4376 par
3217 4317 3354 4370 erat,
3385 4306 3699 4360 admonuit:

2129 4409 2408 4470 postremo
2438 4398 2602 4454 etiam
2632 4397 2773 4452 male
2817 4411 2877 4452 se
2909 4410 3006 4450 eos
3051 4406 3405 4466 accepturum
3448 4411 3567 4451 esse
3601 4397 3706 4452 tui-

2130 4505 2293 4551 natus
2323 4499 2437 4559 est,
2471 4491 2574 4549 nisi
2618 4489 2880 4561 pupulum
2920 4504 3297 4556 commovere,
3339 4498 3397 4544 et
3434 4490 3703 4546 adversus

461 4581 598 4651 πρὸς
625 4579 890 4650 ἀλλήλους
919 4578 1169 4644 ἐποίουν,
1202 4574 1332 4630 ὥσθ’
1357 4577 1589 4631 ἕκαστον
1616 4574 1906 4632 δακτύλιον
1935 4577 2029 4646 φέ-

2135 4586 2479 4643 Christianos
2523 4584 2817 4656 plurimum
2864 4579 3178 4648 concitare,
3215 4581 3568 4637 desisterent.
3610 4580 3706 4636 lli-

463 4693 576 4742 ρειν
610 4675 673 4729 ἐκ
709 4672 895 4746 φλοιοῦ
929 4673 1191 4743 φοινίκων
1226 4668 1422 4735 θαλοῦ,
1459 4668 1557 4723 καὶ
1591 4669 1809 4742 νύκτωρ
1841 4670 2029 4725 ἐπιθέ-

463 4770 586 4822 σθαι
621 4766 986 4838 Χριστιανοῖς.
1026 4765 1137 4820 Καὶ
1167 4763 1234 4835 δὴ
1270 4765 1368 4836 μιᾷ
1400 4765 1509 4818 τῶν
1540 4765 1752 4818 νυκτῶν
1773 4803 1788 4829 ,
1825 4766 1932 4820 ἀνά
1964 4765 2033 4820 τὰ

463 4863 700 4930 κλίματα
727 4861 822 4932 τῆς
851 4858 1060 4923 πόλεως
1090 4858 1340 4930 προῆκαν
1367 4858 1607 4928 βοῶντάς
1633 4876 1810 4924 τινας,
1836 4858 1912 4923 ὡς
1941 4859 2029 4930 εἴη

463 4955 600 5026 πυρὶ
650 4955 917 5025 καιομένη
952 4954 986 5022 ἠ
1021 4951 1364 5021 Χριστιανῶν
1408 4951 1711 5021 ἐκκλησία,
1819 4952 2028 5006 ἐπώνυ-

464 5062 563 5119 μον
585 5045 945 5114 Ἀλεξάνδρου
970 5043 1066 5099 τοῦ
1091 5044 1392 5098 ἐπισκόπου
1427 5043 1622 5114 κλῆσίς
1652 5047 1822 5104 ἐστιν.
1852 5047 1917 5098 '0
1949 5047 2030 5109 εἰς

460 5135 575 5195 ὦτα
613 5140 848 5202 ἐκείνοις
891 5136 1090 5209 ἁθρόον
1127 5135 1301 5202 ἐλθὸν,
1343 5135 1501 5200 ἄλλος
1543 5134 1780 5207 ἀλλαχοῦ
1821 5135 2032 5207 διατρέ-

461 5250 647 5304 χοντες
677 5226 839 5302 ἦσαν.
864 5230 966 5301 τὴν
993 5229 1143 5301 σφῶν
1171 5230 1527 5300 ἀλεξήσοντες
1554 5231 1875 5301 ἐκκλησίαν.
1897 5229 2032 5285 ἰου-

460 5327 601 5380 δαῑοι
640 5324 686 5378 δ’
716 5323 883 5388 εὐθὺς
927 5323 1263 5392 ἐπιθέμενοι,
1310 5325 1592 5377 ἐκτεινονο
1639 5324 1885 5396 ἀλλήλων
1933 5326 2031 5394 μὲν

460 5423 788 5494 ἀπεχόμενοι
816 5422 884 5490 τῇ
911 5419 1021 5473 τῶν
1049 5419 1350 5473 δακτυλίων
1381 5418 1664 5490 περιϐολῇ,
1693 5413 1774 5482 οἷς
1804 5418 1847 5472 δ’
1873 5418 2031 5472 ἐντύ-

459 5532 604 5585 χοιεν
636 5511 986 5584 Χριστιανῶν
1019 5509 1394 5582 ἀναιροῦντες.
1422 5509 1580 5563 Ἐπεὶ
1612 5509 1657 5563 δ’
1688 5510 1870 5583 ἡμέρα
1905 5511 2030 5579 ἐγέ-

461 5619 604 5671 νετο,
636 5601 861 5674 ἔκδηλον
887 5603 1003 5666 τοῖς
1033 5601 1419 5673 εἰργασμένοις
1445 5601 1506 5655 τὸ
1539 5601 1771 5674 πρᾶγμα
1801 5598 1889 5676 ἦν.
1923 5602 2032 5674 Ζή-

532 5741 608 5814 (Ι)
649 5741 802 5814 Apud
833 5739 1068 5814 ,Suidam
1110 5737 1352 5814 theologi
1373 5739 1595 5814 veteris
1631 5742 1904 5798 sententia
1938 5757 2028 5800 re-

462 5811 711 5886 peritur}
755 5813 1042 5886 Πολιτικην
1079 5811 1299 5886 ,ἀρετὴν
1372 5811 1642 5886 ίερωσὺνῃ
1714 5815 2026 5886 συνάπτειν,

466 5882 796 5954 συγκλῶθειν
827 5886 942 5938 ἐστὶ
974 5883 1038 5937 τὰ
1064 5883 1423 5951 ἁσύγκλωστα
1454 5898 1466 5934 :
1505 5882 1724 5941 hocﬂest
1751 5902 1762 5940 :
1797 5884 2024 5941 Civilem

2139 4695 2331 4734 narum
2372 4678 2792 4736 denuntiatione
2836 4674 3106 4750 ejusmodi
3152 4673 3358 4742 audita,
3410 4675 3488 4730 illi
3533 4679 3706 4749 magis

2133 4772 2301 4827 etiam
2336 4773 2668 4833 exacerbati,
2703 4768 2967 4840 plurimas
3001 4768 3066 4821 ad
3102 4768 3396 4837 perniciem
3432 4767 3705 4823 Christia-

2134 4881 2328 4920 norum
2400 4865 2781 4935 cxcogitarunt
2847 4861 3067 4917 l'rautles
3130 4869 3185 4915 et
3247 4859 3700 4917 machinationes.

2132 4956 2375 5027 Quarum
2422 4957 2773 5026 praacipuam,
2811 4955 3086 5024 aliasque,
3111 4963 3170 5008 ut
3204 4953 3279 5009 ita
3313 4953 3514 5015 dicam.
3551 4956 3706 5012 mali-

2133 5051 2339 5120 gnitate
2380 5050 2734 5104 excellentem
2789 5053 2931 5117 (qua:
2971 5047 3137 5102 etiam
3180 5046 3237 5102 in
3285 5061 3450 5102 causa
3493 5047 3614 5113 fuit,
3647 5061 3706 5105 ut

2131 5129 2304 5196 Judaei
2334 5138 2665 5193 Alexandria
2714 5137 3066 5207 ejicercntur)
3099 5137 3259 5193 sicuti
3309 5147 3498 5207 potero
3528 5154 3702 5210 expo-

2131 5251 2281 5290 nam.
2323 5234 2457 5290 Nam
2506 5231 2784 5288 communi
2833 5232 3067 5288 concilio
3114 5242 3325 5296 coacto,
3367 5232 3435 5286 de
3464 5232 3616 5303 signo
3647 5243 3702 5288 et

2131 5336 2337 5383 tessera
2368 5325 2512 5378 inter
2534 5338 2592 5379 se
2621 5333 3024 5387 convenerunt,
3057 5334 3115 5378 ut
3144 5325 3519 5394 unusquisque
3549 5325 3699 5380 vide-

2131 5418 2258 5474 licet
2287 5417 2549 5471 aunulum
2585 5431 2614 5469 e
2646 5414 2850 5468 cortice
2893 5414 3099 5470 surculi
3140 5415 3331 5486 palma:
3357 5427 3616 5484 gestaret,
3645 5433 3700 5473 et

2133 5519 2297 5567 noctu
2357 5508 2702 5565 Christianos
2763 5507 3173 5577 aggrederetur.
3248 5506 3484 5564 Proinde
3540 5518 3700 5564 nocte

2132 5603 2406 5674 quadam,
2461 5599 2709 5656 nonnulli
2771 5614 2868 5669 per
2939 5598 3090 5654 urbis
3134 5598 3286 5655 vicos
3341 5598 3702 5671 procedentes

2129 5742 2387 5798 virtutem
2437 5739 2730 5810 episcopali
2783 5736 3053 5810 iunctioni
3097 5738 3369 5809 applicare
3425 5738 3602 5801 velle,
3638 5754 3701 5794 ea

2132 5809 2601 5881 conjungere’est,
2626 5825 2744 5880 qua-
2782 5809 2926 5864 inter
2947 5824 3005 5865 se
3036 5813 3267 5866 maxime
3303 5820 3492 5868 natura
3533 5810 3698 5866 dissi-

2133 5885 2285 5955 dent,
2312 5897 2365 5939 et
2403 5882 2659 5940 conneeti
2692 5890 2989 5950 nequeunt.
