3976 6202
383 439 516 506 1125

1326 431 1934 497 ΕΩΩιΕΞΙΑΒΤΙΟίΕ
1969 427 2362 491 HISTORUE
2401 428 2550 490 LIB.
2591 428 2752 490 XIV.

3493 423 3517 487 1
3537 425 3635 490 126

373 557 581 627 ταμίαν
650 551 1011 618 καταλαϐὼν,
1067 552 1205 606 ὅπου
1269 549 1332 622 δὴ
1401 549 1670 621 Ῥωμαῖοι
1734 547 1955 620 βαθεῖαν

2064 559 2373 600 concessam
2405 544 2475 598 νὶι
2497 545 2692 600 loriam
2724 543 2965 609 rescivit,
2997 555 3102 600 tam
3135 545 3313 601 bonus
3342 541 3636 600 honestus.

375 653 585 719 τάφρον
641 649 962 720 ὀρύττοντες
1035 646 1244 701 οίκείαν
1321 644 1576 716 φυλακὴν
1634 641 1948 704 ἐποιοῦντο,

379 745 685 816 Μαξιμϊνον
736 742 907 816 ἄνδρα
970 743 1254 810 ἐλλόγιμον
1306 739 1522 810 ἔπεμπε
1576 739 1676 810 τὴν
1724 737 1952 809 είρήνην

380 837 962 908 πραγματευσόμενον.
1025 832 1252 901 Ἐπίσης
1325 831 1382 886 δὲ
1435 827 1806 901 Ἀρδαϐουρίῳ
1851 828 1954 897 τῆς

381 930 648 1001 καθέδρας
705 929 923 1000 μετεῖχε
956 941 968 955 ·
997 925 1093 980 καὶ
1128 928 1262 994 προς
1317 923 1409 976 τῦν
1462 922 1683 993 Περσῶν
1727 919 1957 992 βασιλέα

379 1027 693 1097 γενόμενος,
727 1022 878 1092 παρὰ
907 1019 1015 1075 τῶν
1051 1019 1377 1093 στρατηγῶν
1408 1019 1696 1088 σταλῆναι,
1734 1017 1795 1073 οὐ
1849 1015 1957 1087 μὴν

378 1119 531 1192 παρὰ.
555 1116 648 1172 τοῦ
683 1114 946 1187 βασιλέως
968 1115 1122 1183 ἔλεγε
1149 1130 1164 1144 ο
1203 1113 1469 1185 μηδὲγὰρ
1500 1111 1772 1182 ἐγνῶσθαι
1833 1127 1956 1164 του-

379 1213 494 1267 τονὶ
525 1211 619 1266 τδν
668 1209 907 1280 πόλεμον
942 1207 1175 1280 βασιλεῖ,
1225 1206 1364 1262 ἀλλὰ
1396 1209 1492 1259 καὶ
1540 1206 1856 1276 γνωσθέντα
1897 1207 1957 1260 ἐν

380 1305 554 1360 οὐδενὶ
573 1301 915 1376 νομίζεσθαι.
948 1300 1058 1356 Τοῦ
1104 1301 1162 1356 δὲ
1206 1299 1458 1372 Βαράνου
1507 1300 1602 1372 τὴν
1657 1300 1958 1372 πρεσϐείαν

379 1398 757 1470 είσδιχομόνου
790 1412 808 1431 ο
876 1395 1023 1468 λιμῷ
1107 1396 1218 1468 γὰρ
1291 1395 1534 1466 πλείστῳ
1609 1395 1645 1466 ή
1727 1394 1958 1464 στρατια

379 1492 670 1559 ἐπιέζετο,
717 1491 768 1547 οἱ
826 1493 959 1564 παρ’
1014 1489 1212 1563 ἐκείνῳ
1279 1487 1611 1560 κεκλημένοι
1671 1486 1957 1544 Ἀθάνατοι

379 1586 639 1663 (ἀριθμὸς
661 1586 718 1643 δέ
755 1581 912 1648 οὗτος
948 1585 1158 1658 μυρίων
1187 1583 1463 1640 ἐκλεκτῶν
1507 1583 1654 1654 μάλα
1679 1582 1776 1636 καὶ
1835 1598 1958 1650 γενα

379 1683 545 1739 ναίων
574 1679 809 1753 ἀνδρῶν)
841 1679 1182 1750 προσιόντες,
1230 1677 1304 1750 μὴ
1353 1677 1623 1747 πρότερον
1669 1674 1962 1745 καταδέχε-

383 1775 507 1830 σθαι
536 1774 636 1844 τὴν
663 1772 888 1844 εἰρήνην
915 1771 1128 1842 βασιλεῖ
1147 1769 1353 1839 ἔλεγον.
1389 1770 1520 1840 πρὶν
1549 1768 1616 1825 ἂν
1665 1767 1958 1839 Ῥωμαίοις

380 1863 711 1937 ἀφυλάκτως
739 1862 956 1933 ἔχουσιν
983 1858 1408 1914 ἐπεισπέσωσιν.
1439 1849 1536 1920 Οἷς
1557 1857 1624 1928 δὴ
1653 1857 1748 1910 καὶ
1779 1873 1959 1928 παρα-

380 1956 626 2020 πεισθεὶς
684 1952 978 2026 βασιλεὺς,
1044 1951 1270 2022 Περσῶν
1325 1949 1417 2004 τὸν
1469 1949 1566 2022 μὲν
1613 1946 1857 2018 πρέσϐυν
1900 1949 1959 2003 ἐν

377 2049 678 2121 ἀπορρήτῳ
709 2045 1083 2110 κατακλείσας
1131 2043 1405 2112 ἐφύλαττε
1441 2058 1457 2075 ο
1492 2041 1618 2106 τοὺς
1646 2040 1693 2095 δ’
1738 2041 1961 2096 Ἀθανά-

377 2161 502 2209 τονς
533 2141 798 2207 ἐκείνους,
832 2140 987 2209 λόχον
1016 2138 1193 2192 ἐποίει
1257 2135 1552 2208 Ῥωμαίοις
1588 2151 1602 2166 ·
1638 2133 1687 2189 οἵ
1734 2135 1827 2190 καὶ
1879 2137 1960 2197 είς

379 2237 475 2293 δύο
511 2237 792 2307 γενόμενοι
830 2233 1109 2302 τάγματα,
1171 2229 1338 2300 μέσον
1398 2228 1732 2301 περικλείειν
1804 2231 1960 2282 ἐπει-

384 2331 615 2402 ρῶντυμ
647 2330 774 2398 ῖραν
797 2326 896 2380 οὐκ
950 2323 1241 2394 ἐλαχίστην
1301 2320 1592 2391 Ῥωμαίων
1647 2319 1792 2374 τινά.
1830 2320 1962 2372 Ῥω·-

387 2426 536 2495 pater.
564 2421 620 2477 δὲ
651 2421 788 2494 πρὸς
822 2420 920 2490 μὲν
953 2420 1206 2488 ίιὰτερον,
1230 2414 1260 2470 ὃ
1316 2417 1383 2487 δὴ
1435 2416 1529 2470 καὶ
1589 2414 1797 2483 ἐώρων,
1828 2413 1963 2482 πρὸς

381 2519 562 2573 ἐκεῖνο
589 2515 687 2570 καλ⁵
709 2508 858 2567 οὗτοι
894 2508 1380 2583 παρεσκευάζοντο
1416 2521 1432 2538 ·
1470 2503 1625 2560 οὔπω
1661 2507 1765 2576 γὰρ
1804 2505 1963 2559 bitu-

383 2627 476 2683 ρον
497 2606 640 2662 εἶδον
665 2623 678 2637 ·
707 2605 975 2675 ἐξαπίνης
1022 2604 1132 2674 γὰρ
1165 2601 1400 2669 ἔδραμεν
1431 2615 1446 2633 ο
1469 2598 1585 2672 ἤδη
1641 2598 1697 2652 δὲ
1757 2599 1966 2672 συρρή-

378 2699 612 2770 γνυσοαι
634 2697 938 2769 μελλόντων
968 2695 1076 2749 τῶν
1105 2693 1558 2765 στρατευμάτων,
1589 2690 1725 2763 πρὸς
1755 2690 1963 2762 ἄλληλα

381 2789 517 2847 Θεοῦ
583 2791 814 2863 προνοίᾳ
880 2788 988 2842 τινὶ
1035 2786 1267 2857 στρατὸς
1333 2783 1624 2856 Ῥωμαίων
1675 2785 1861 2855 ἕτερος
1899 2782 1964 2838 ἐκ

383 2901 531 2949 τινος
561 2883 800 2953 γηλόφου
857 2877 1242 2952 προύταίνετο,
1282 2879 1574 2951 Προκοπίῳ
1623 2877 1701 2949 τῷ
1730 2894 1965 2948 στρατη-

381 2979 522 3052 λάτῃ
543 2978 812 3048 ἀγόμενος
843 2991 860 3009 ο
894 2977 951 3039 ὃς
976 2976 1034 3027 ἐν
1074 2971 1306 3042 κινδύνῳ
1359 2971 1800 3044 ἀπειλημμένους
1838 2973 1965 3034 τοὺς

387 3067 694 3137 ὁμοφύλους
746 3063 894 3132 ίδὼν,
953 3065 1070 3128 τοῖς
1122 3062 1359 3134 Πέρσαις
1419 3063 1764 3134 ἐπιθέμενος,
1824 3065 1965 3118 κατά

386 3156 559 3210 νώτου
621 3152 844 3226 ἐχώρει.
905 3152 1018 3206 Καὶ
1069 3151 1120 3205 οι
1179 3151 1288 3224 πρὸ
1349 3150 1580 3223 βραχέος
1642 3149 1963 3220 μεσολαϐεῖν

389 3249 675 3324 μέλλοντες
708 3243 1142 3318 μεσολαϐοὖνται
1173 3243 1490 3315 Ῥωμαίοις.
1519 3244 1628 3299 Καὶ
1652 3242 1961 3307 κτείναντες

383 3347 656 3409 ἅπαντας,
686 3343 900 3396 ἐκεῖθεν
927 3339 1063 3410 πρὸς
1079 3337 1204 3401 τοὺς
1230 3339 1296 3393 ἐκ
1318 3336 1420 3408 τῆς
1450 3334 1676 3407 ἐνέδρας
1707 3335 1960 3400 ἐπιόντας

382 3435 724 3510 ἐτράπησαν.
774 3434 1002 3503 Ἐπίσής
1059 3431 1118 3486 ει
1179 3431 1471 3494 κάκείνους
1530 3431 1644 3494 τοῖς
1691 3428 1961 3493 ἀκοντίοις

380 3527 722 3599 διιφθειραν.
743 3524 901 3581 Οὕτω
927 3526 1031 3595 μὲν
1063 3521 1158 3578 οὖν
1193 3522 1244 3576 οι
1273 3521 1426 3592 παρὰ
1459 3520 1696 3590 Πέρσαις
1738 3517 1964 3573 Ἀθάνα-

384 3641 468 3679 τοι
531 3620 721 3690 θνητοὶ
783 3618 989 3683 πάντες
1056 3615 1322 3686 ἐξαπίνης
1389 3611 1743 3685 ἐδείχθησαν,
1793 3609 1960 3665 αὐτοῦ

380 3713 625 3790 Χριστοῦ
684 3711 786 3787 τήν
845 3711 1002 3784 δίκην
1050 3710 1291 3781 Πέρσαις
1341 3705 1780 3779 είσπραξαμένου
1809 3721 1824 3736 ⁸
1878 3698 1961 3771 οἷς

379 3819 481 3871 οὐκ
505 3810 822 3884 ἐλαχίστους
861 3807 974 3864 τῶν
1020 3806 1234 3863 ἐκείνου
1293 3804 1652 3878 θεραπευτῶν
1707 3803 1962 3875 εὐσεϐείᾳ

381 3906 762 3976 διενεγκόντας
810 3901 1028 3975 πικρῶς
1080 3899 1176 3956 τοῦ
1228 3899 1328 3973 ζῇν
1379 3897 1748 3970 ὑπεξήγαγον.
1788 3897 1848 3953 ’0
1903 3895 1961 3952 δὲ

382 4001 635 4074 βασιλεὺς
697 3995 931 4070 Περσῶν
981 3994 1126 4050 οὕτω
1178 3993 1526 4065 δυστυχήσας
1578 3992 1961 4064 προσεποιεῖτο

382 4096 480 4167 μὶν
512 4093 679 4166 μηδὲν
703 4089 902 4146 ειδέναι
930 4089 1036 4142 τῶν
1057 4086 1391 4158 γενομένων,
1437 4086 1529 4140 καὶ
1575 4085 1667 4139 τὸν
1711 4082 1962 4156 πρέσϐυν

379 4189 570 4251 λύσας,
606 4183 711 4257 τὴν
747 4181 1048 4254 πρεσϐείαν
1098 4179 1359 4251 προσίετο
1389 4177 1636 4234 ἀπειπών
1665 4195 1678 4210 ·
1713 4179 1788 4233 οὺ
1826 4177 1963 4234 Ῥω-

385 4277 565 4350 μαίοις
589 4273 955 4348 χαριζόμενος
983 4273 1086 4343 τὴν
1134 4271 1360 4343 εἰρήνην
1410 4271 1776 4337 ἀσπάζεσθαι,
1825 4271 1962 4327 ἀλλὰ

383 4371 466 4425 σοί
491 4385 557 4441 γε
589 4370 812 4424 πάντων
837 4365 1088 4436 περιόντι
1121 4366 1386 4436 φρονήσει
1415 4366 1516 4436 τὴν
1546 4365 1707 4436 χάριν
1757 4367 1962 4436 ταύτην

379 4462 560 4526 είδώς.
601 4460 662 4514 '0
686 4457 791 4531 μὲν
817 4453 912 4513 οὖν
945 4457 1215 4524 Περσικὸς
1244 4456 1484 4527 πόλεμος
1517 4455 1605 4511 διὰ
1655 4454 1782 4520 τοὺς
1811 4473 1964 4529 κινη-

380 4555 574 4618 θέντας
599 4555 782 4608 ἐκεῖσε
840 4551 1264 4623 Χριστιανικοὺς
1298 4550 1578 4621 διωγμοὺς
1629 4549 1733 4622 τὴν
1786 4549 1962 4623 ἀρχὴν

2057 654 2164 708 que
2205 639 2328 706 fuit,
2364 651 2424 696 ut
2458 641 2624 694 etiam
2674 639 2930 694 secundis
2975 640 3140 694 rebus
3179 640 3314 700 suis.
3353 638 3505 708 pacis
3554 648 3636 692 ta-

2061 746 2186 786 men
2217 733 2451 788 consilia
2478 743 2721 802 caperet,
2755 743 2808 786 et
2839 749 2964 787 cum
2996 733 3249 787 hostibus
3281 732 3462 787 foedus
3493 732 3634 786 inire

2057 824 2245 879 vellet.
2296 826 2583 881 llelionem
2630 825 2800 896 igitur
2845 824 3044 880 ducem
3095 825 3292 880 illustri
3339 824 3631 896 pra-ditem

2060 916 2348 987 dignitate,
2379 919 2446 973 ad
2496 934 2682 990 pacem
2729 935 2853 975 cum
2891 919 3072 975 Persis
3111 919 3417 976 faciendam
3462 920 3636 976 misit.

2059 1013 2239 1081 Atque
2269 1013 2315 1066 is
2346 1023 2638 1084 postquam
2671 1015 2724 1069 in
2756 1013 3202 1084 Mesopotamiam
3238 1017 3502 1082 pervenit,
3540 1013 3633 1070 ubi

2059 1105 2292 1162 Romani
2349 1107 2555 1162 fossam
2611 1107 2802 1173 allato,
2849 1124 2970 1179 qua:
3020 1108 3278 1178 prtesidio
3330 1109 3412 1163 eis
3464 1119 3632 1172 esset,

2061 1197 2356 1262 duxerant,
2391 1197 2774 1261 Maximinum,
2807 1199 2984 1252 virum
3021 1199 3369 1268 praclarum,
3404 1206 3459 1252 et
3487 1199 3636 1268 ejus-

2061 1290 2186 1346 dem
2216 1306 2340 1344 cum
2370 1290 2684 1347 Ardaburio
2711 1290 3016 1362 dignitatis.
3045 1291 3141 1362 qui
3174 1294 3236 1347 de
3267 1309 3398 1362 pace
3427 1301 3634 1362 ageret,

2061 1383 2129 1439 ad
2184 1382 2409 1438 l’ersam
2457 1383 2677 1454 legavit.
2727 1383 3058 1440 Maximinus
3101 1383 3246 1456 apud
3288 1400 3466 1455 regem
3506 1399 3563 1437 se
3603 1399 3634 1438 a

2061 1476 2333 1540 ducibus,
2380 1493 2492 1532 non
2545 1477 2613 1532 ab
2666 1477 3004 1547 imperatore
3053 1476 3174 1548 ipso
3231 1477 3458 1531 missum
3513 1491 3636 1531 esse

2060 1571 2242 1626 dixit:
2277 1571 2428 1625 illum
2458 1572 2603 1626 cutim
2633 1569 2835 1625 bellum
2866 1573 2969 1624 boe.
3001 1571 3246 1636 παιῶνος
3279 1578 3443 1641 atque
3467 1571 3632 1625 etiam

2062 1675 2120 1722 ιιι
2143 1663 2194 1720 id
2223 1665 2455 1720 maxime
2484 1665 2674 1729 sciret,
2703 1663 2856 1734 parvi
2889 1672 3068 1718 tamen
3102 1662 3305 1718 facere.
3332 1666 3503 1718 l‘orro
3528 1663 3636 1719 Va-

2063 1774 2195 1812 rane
2230 1758 2558 1828 legalium-nt
2591 1773 2710 1813 eam
2750 1757 3077 1827 recipiente.
3109 1757 3258 1829 quod
3290 1758 3433 1813 fame
3465 1758 3642 1813 maxi-

2063 1862 2149 1900 ma
2208 1850 2486 1902 exercitus
2551 1851 2671 1919 ejus
2729 1858 3101 1918 premeretur.
3155 1850 3248 1920 qui
3306 1850 3449 1920 apud
3509 1866 3637 1905 eum

2067 1941 2409 1997 lmmortales
2439 1944 2512 2012 (ι)
2545 1952 2810 1997 vet-antur
2843 1942 3056 2007 (decem
3087 1944 3317 1999 millium
3350 1959 3638 2000 numerum

2066 2035 2139 2096 ii,
2197 2035 2540 2090 delet-terum
2604 2034 2898 2088 admodum
2965 2044 3020 2088 et
3079 2037 3304 2090 fortium
3353 2038 3638 2100 virorum,

2063 2128 2366 2199 t‘mt'plcnt)
2413 2143 2540 2183 eum
2589 2129 2774 2185 adiere
2804 2148 2817 2185 :
2849 2139 2906 2186 et
2943 2145 3011 2184 ne
3050 2129 3203 2200 prius
3238 2145 3426 2200 pacem
3466 2132 3643 2186 susci-

2067 2233 2242 2294 peret,
2291 2239 2455 2294 quam
2494 2223 2757 2292 impetum
2799 2223 2854 2278 in
2888 2224 3164 2280 Romanos
3209 2240 3397 2297 parum
3445 2234 3640 2282 cautos

2065 2317 2166 2388 ipsi
2207 2316 2487 2381 iecissent,
2524 2317 2885 2374 admonuere.
2928 2318 3142 2386 Quibus
3185 2336 3282 2376 rex
3318 2320 3637 2387 obsecutus,

2065 2421 2342 2467 oratorem
2375 2411 2600 2484 quidem
2635 2412 2690 2467 in
2729 2412 2919 2468 abdito
2953 2412 3075 2468 loco
3107 2414 3352 2470 clausum
3387 2430 3640 2471 asserva-

2063 2506 2145 2561 vit
2188 2523 2204 2564 :
2241 2505 2587 2562 lmmortalcs
2647 2515 2834 2561 autem
2902 2506 3028 2562 illos
3082 2507 3316 2564 insidias
3376 2508 3642 2565 Romanis

2065 2599 2494 2671 strucrejussit.
2529 2599 2632 2666 Qui
2679 2600 2929 2655 bifariam
2970 2599 3158 2669 divisi,
3197 2601 3253 2656 in
3297 2602 3479 2658 medio
3519 2619 3646 2673 par-

2067 2697 2177 2746 tem
2221 2688 2520 2761 quamdam
2570 2691 2800 2746 Romani
2849 2693 3124 2748 exercitus
3173 2709 3280 2748 non
3318 2694 3640 2758 minimam,

2065 2783 2498 2838 circumventam
2551 2781 2886 2838 concludere
2935 2783 3255 2841 voluerunt.
3297 2785 3528 2842 Romani
3571 2786 3642 2843 ad

2068 2883 2306 2931 turmam
2353 2874 2596 2931 hostium
2642 2890 2784 2942 eam,
2823 2891 2988 2947 quam
3041 2889 3464 2949 conspexerant,
3507 2895 3643 2935 con-

2067 2970 2215 3026 versi
2245 2968 2590 3025 ferebantur.
2625 2968 2879 3028 Nondum
2918 2971 3064 3027 enim
3100 2972 3349 3038 alteram,
3383 2990 3505 3045 qua:
3537 2973 3642 3031 de-

2067 3074 2294 3136 repente
2351 3073 2728 3135 procurrerat,
2776 3065 3060 3124 videbant.
3115 3065 3178 3122 Et
3220 3067 3334 3138 jam
3386 3069 3531 3125 inter
3578 3084 3640 3126 se

2067 3160 2216 3213 acies
2263 3156 2708 3222 concurrebant,
2766 3171 2891 3212 cum
2945 3157 3039 3212 Dei
3087 3159 3474 3229 providentia,
3520 3161 3643 3216 alia:

1990 3275 2032 3332 ο
2068 3247 2440 3304 Romanorum
2479 3250 2652 3319 copia:
2682 3264 2748 3304 ex
2781 3249 2920 3304 colle
2948 3251 3206 3323 quopiam
3241 3253 3646 3323 prospicientes

2064 3355 2392 3411 apparuere,
2445 3341 2704 3412 Procopii
2765 3340 2923 3398 ducis
2973 3343 3126 3414 signa
3176 3353 3495 3415 sequentes,
3546 3347 3641 3414 qui

2063 3433 2215 3488 cives
2254 3448 2390 3488 suos
2438 3433 2494 3489 in
2530 3433 2830 3490 discrimen
2879 3436 3159 3507 coniectos
3205 3437 3420 3504 videns,
3453 3449 3645 3496 contra

2062 3523 2261 3583 Persas
2308 3525 2488 3596 duxit,
2535 3542 2741 3598 eosque
2790 3544 2822 3582 a
2871 3537 3025 3600 tergo
3077 3545 3368 3602 aggressus
3415 3541 3520 3589 est.
3564 3535 3642 3589 Ita

2062 3616 2292 3688 factum,
2334 3629 2393 3676 ut
2440 3620 2538 3691 qui
2587 3621 2752 3692 paulo
2803 3633 2929 3678 ante
2983 3623 3316 3696 intercipere
3367 3624 3646 3682 Romanos

2063 3711 2374 3780 voluerint,
2423 3712 2529 3785 ipsi
2578 3713 2650 3769 ab
2701 3713 2812 3772 illis
2853 3716 2970 3771 sint
3024 3717 3404 3775 circumventi.
3455 3718 3642 3777 Nostri

2062 3807 2323 3864 omnibus
2361 3808 2470 3864 illis
2507 3807 2728 3874 occisis,
2763 3809 2831 3867 ad
2872 3824 2968 3865 eos
3007 3810 3134 3867 inde
3175 3812 3271 3883 qui
3313 3827 3379 3868 cx
3405 3800 3645 3870 'insittiis

2063 3900 2384 3973 prodibant,
2428 3902 2706 3970 conversi,
2761 3902 2952 3959 itidem
3003 3903 3128 3960 illos
3176 3921 3398 3976 quoque
3437 3907 3646 3978 jaculis

2061 3991 2440 4051 confecerunt.
2501 3995 2584 4051 Ad
2640 3994 2789 4052 hunc
2843 3995 3011 4069 igitur
3065 3998 3291 4054 modum
3344 3999 3436 4070 qui
3489 4002 3637 4071 apud

2062 4085 2260 4142 Persas
2305 4096 2438 4142 sunt
2482 4087 2850 4155 lmmortales,
2893 4089 3080 4146 subito
3134 4092 3393 4148 mortales
3442 4109 3641 4150 omnes

2061 4195 2185 4238 esse
2213 4181 2483 4252 comperti
2533 4189 2682 4250 sunt,
2719 4183 2840 4256 ipso
2870 4198 2900 4238 a
2938 4183 3124 4240 Persis
3158 4199 3353 4256 ptrnas
3387 4197 3641 4243 sumente

2064 4272 2324 4342 Christo,
2374 4285 2665 4346 propterea
2718 4276 2867 4346 quod
2914 4275 3188 4348 plurimos
3228 4278 3348 4350 ejus
3395 4279 3646 4337 cultores

2065 4365 2267 4439 insigni
2315 4366 2518 4437 pietate
2569 4378 2918 4438 praestantes,
2963 4370 3161 4428 acerba
3207 4380 3384 4428 morte
3437 4373 3641 4430 multa-

2063 4461 2198 4516 rint.
2223 4459 2390 4533 483
2420 4460 2535 4516 Rex
2571 4470 2754 4516 autem
2786 4463 3076 4518 Persarum
3109 4463 3264 4520 clade
3293 4481 3356 4521 ea
3386 4476 3638 4537 accepta,

2063 4551 2206 4608 nihil
2232 4567 2293 4607 se
2323 4567 2512 4607 earum
2551 4567 2734 4608 rerum
2767 4555 2912 4610 scire
2953 4554 3293 4622 assimilavit,
3321 4564 3378 4612 et
3413 4569 3638 4614 oratore

377 4647 641 4719 εἰληφὼς,
666 4647 790 4700 τότε
815 4645 880 4717 δὴ
911 4644 1011 4699 καὶ
1040 4643 1195 4708 τέλος
1229 4643 1540 4711 ἐλάμϐανεν
1579 4659 1596 4676 θ
1649 4642 1746 4698 ἐπὶ
1771 4642 1830 4698 δέ
1881 4643 1960 4716 τῷ

2064 4659 2097 4700 e
2136 4644 2386 4700 custodia
2433 4644 2658 4712 emisso,
2695 4645 3026 4716 legationem
3059 4649 3266 4719 recepit
3299 4666 3313 4703 :
3342 4663 3532 4719 pacem
3576 4666 3644 4708 se

378 4742 603 4813 πολέμῳ
641 4741 732 4796 καὶ
752 4737 1037 4810 όδιωγμδς
1061 4736 1429 4792 κατεπαύετο.

2064 4753 2176 4795 non
2207 4749 2269 4795 ut
2291 4737 2558 4796 Romanis
2585 4739 3009 4811 gratiﬁcaretur.
3032 4743 3128 4799 sed
3149 4745 3352 4799 oratori
3376 4743 3478 4815 ipsi
3511 4761 3646 4816 pru-

379 4838 566 4894 dentia
612 4851 808 4893 omnes
859 4833 1152 4892 excellenti
1207 4835 1478 4888 honorem
1523 4848 1650 4888 eum
1696 4832 1948 4900 haberet,
2009 4836 2299 4908 complecti
2358 4845 2610 4894 testatus.
2657 4835 2832 4893 Porro
2901 4839 3103 4895 bellum
3153 4840 3451 4905 Persicum,
3491 4844 3642 4913 quod

377 4931 596 4988 initium
623 4938 849 5003 propter
874 4928 1294 5003 persecutiones
1320 4926 1585 4985 adversus
1608 4925 1955 4985 Christianos
1993 4942 2168 4988 motas
2191 4933 2452 5003 sumpsit,
2488 4931 2651 4987 linem
2686 4941 2798 4986 tum
2831 4935 3041 4990 habuit.
3102 4933 3238 4991 Cum
3265 4934 3386 5006 ipso
3447 4946 3644 4992 autem

377 5024 519 5082 bello
548 5023 865 5096 persecutio
892 5036 1110 5096 quoque
1143 5022 1485 5092 conquievit.

448 5215 526 5285 (l)
577 5210 890 5285 'Aodvatgt,
932 5208 1038 5264 boc
1080 5219 1193 5276 est,
1238 5210 1606 5285 immortales.
1655 5211 1941 5285 lectissimi
2052 5228 2085 5285 ο

2129 5211 2350 5270 ιι1ριιιὶω
2403 5212 2646 5270 barbara:
2705 5229 2813 5286 non
2860 5213 3000 5268 alios
3055 5213 3229 5286 magis
3275 5214 3630 5275 honestabat.

448 5228 526 5285 ιι)
583 5228 890 5274 Ἀυανατοι,
934 5228 1038 5264 noc
1080 5228 1193 5276 est,
1249 5228 1606 5270 immortales.
1655 5228 1941 5268 recusetmt
2052 5228 2350 5338 opulentia:
2403 5228 2646 5270 barbara:
2705 5229 2813 5270 non
2860 5228 3000 5268 anos
3055 5230 3229 5286 magis
3275 5228 3622 5275 honestabat.

379 5285 562 5343 decies
609 5282 757 5354 mille
799 5279 1089 5354 Persarum
1126 5281 1292 5354 viri,
1328 5298 1482 5354 quos
1530 5283 1742 5340 Xerxes
1793 5282 1939 5354 Darii
2051 5284 2133 5339 lli
2181 5300 2380 5340 aureos
2432 5293 2692 5354 torques,
2727 5285 2802 5340 illi
2860 5295 3066 5340 vestem
3117 5302 3254 5341 auro
3309 5286 3622 5342 distinctam.

381 5356 591 5412 habuit.
644 5351 756 5428 llos
806 5350 1282 5428 subjbeodosiq
1308 5350 1653 5428 Ardaburius
1701 5352 1944 5408 concidit
2052 5355 2358 5421 habebant,
2419 5350 2830 5428 manicatasque
2894 5357 3110 5414 tunicas
3169 5360 3404 5428 genui-is
3457 5360 3622 5415 etiam

380 5439 541 5501 atque
587 5421 870 5501 exstinxit.
905 5421 1108 5492 tSuid.)
1150 5453 1220 5466 —
1252 5424 1498 5501 Proximi
1558 5427 1944 5501 iba_nt._quos
2052 5429 2366 5483 adornatas.
2407 5426 2494 5501 (Q.
2538 5421 2810 5499 Curtius.)

379 5492 560 5556 Persa:
587 5492 927 5552 immortales
953 5503 1171 5564 vocant,
1201 5497 1270 5552 ad
1304 5497 1494 5554 decem
1525 5497 1715 5556 millia,
1749 5492 1944 5552 Cultus
