3976 6202
544 322 680 392 1131
1769 327 2191 392 NlCEl’HORI
2224 327 2565 390 CALLISTI
3672 322 3805 390 1132

540 447 648 516 cipi
683 441 932 513 apprime
971 440 1192 507 cbarus,
1235 440 1385 496 domi
1431 456 1495 496 ex
1544 440 1782 512 podagra
1827 442 2087 500 decumbe

2237 442 2297 498 Ὀ
2329 445 2384 498 δὲ
2406 445 2475 498 τὰ
2498 443 2627 515 περὶ
2654 443 2822 498 αὑτοῦ
2851 443 3082 510 ἀγνοῶν.
3121 442 3196 507 ὦς
3227 460 3274 496 τι
3311 444 3470 514 τέρας
3504 439 3665 508 αὖθις
3729 446 3802 516 τῷ

539 538 656 602 bat,
689 537 861 590 misit.
901 533 1067 606 486
1112 534 1373 589 Paulinus
1418 545 1624 597 autem,
1658 535 1802 604 quod
1860 536 1928 591 dc
1973 537 2117 591 malo

537 631 742 686 factum
792 628 990 690 fuerat.
1033 629 1312 698 ignorans,
1355 641 1422 680 eo
1467 609 1696 695 perinde
1737 637 1904 696 atque
1945 629 2115 682 mira-

537 723 664 778 culo
715 721 974 790 quopiam
1036 718 1423 790 imperatorem
1482 728 1806 773 muneratus
1857 728 1960 776 cst.
2010 719 2112 786 Qui

538 826 827 889 postquam
868 811 1002 867 illud
1037 811 1280 882 agnovit,
1315 812 1602 882 coujugem
1652 811 2011 881 explorando.
2045 815 2113 868 de

533 925 633 974 eo,
684 925 753 962 an
809 907 944 962 illud
997 905 1174 976 ipsum
1227 914 1395 969 esset,
1447 905 1678 959 salutem
1725 920 1880 960 suam
1929 906 2112 962 verbis

533 1003 903 1072 praetendens,
955 1006 1311 1070 percontatus
1346 1010 1449 1054 est.
1501 999 1744 1053 Eudocia
1773 1015 1926 1064 vero,
1963 1000 2108 1070 quod

521 1092 891 1165 imperatoris
938 1093 1234 1148 consilium
1271 1091 1723 1162 'explorandique
1769 1092 2107 1145 voluntatem

530 1205 637 1244 non
671 1188 1025 1258 intelligeret,
1053 1201 1177 1240 cum
1206 1200 1329 1240 esse
1362 1194 1635 1253 negasset.
1669 1184 1802 1239 illud
1831 1199 1891 1240 se
1922 1185 2107 1239 liben-

527 1294 613 1338 ter
639 1282 945 1337 comedisse
981 1280 1142 1335 dixit.
1185 1279 1301 1345 Qua
1337 1295 1396 1333 re
1426 1295 1550 1333 cum
1583 1277 1636 1332 in
1669 1293 1889 1348 gravem
1921 1279 2104 1349 suspi-

526 1375 743 1430 cionem
802 1375 948 1442 apud
1015 1374 1402 1442 imperatorem
1469 1371 1789 1434 incidisset.
1842 1371 2105 1426 Paulinus

523 1469 748 1539 quidem
789 1467 973 1523 statim
1012 1467 1066 1521 in
1100 1465 1505 1536 Cappadociam
1541 1466 1834 1536 relegatus,
1881 1466 2103 1537 capitali

523 1564 794 1633 supplicio
825 1572 910 1617 est
943 1561 1199 1616 aﬂ'ectus.
1235 1559 1356 1627 Ipsa
1384 1569 1566 1613 autem
1595 1573 1658 1613 ea
1691 1560 1758 1615 de
1791 1575 1956 1614 causa
1995 1560 2100 1613 im-

524 1672 717 1712 menso
768 1665 1021 1724 correpta
1068 1654 1282 1718 dolore,
1325 1663 1511 1707 votum
1563 1653 1676 1706 Deo
1721 1663 2098 1722 nuncupatum

524 1752 712 1814 solvit,
737 1760 792 1803 et
823 1749 969 1803 illico
999 1745 1375 1817 Hierosolyma
1399 1745 1697 1800 concessit.
1728 1745 2100 1814 Dispositione

523 1843 710 1896 divina
759 1843 811 1895 id
865 1841 1114 1910 profecto
1161 1840 1385 1905 factum,
1427 1848 1485 1892 ut
1530 1837 1601 1891 ibi
1641 1838 1909 1908 quidquid
1951 1848 2103 1894 esset

524 1937 730 1989 bonum
764 1944 928 2003 atque
967 1934 1121 1997 utile,
1158 1933 1465 1999 perliceret.
1499 1929 1641 1995 Quid
1685 1946 1922 2001 namque
1962 1945 2101 2000 Opus

519 2041 604 2083 est
639 2027 1005 2083 admiratione
1053 2025 1213 2096 digna
1263 2025 1448 2079 dicere
1485 2039 1675 2093 opera,
1708 2040 1831 2094 quae
1870 2039 1938 2078 eo
1977 2024 2100 2079 loco

518 2125 576 2178 in
621 2121 798 2179 sacris
830 2121 1070 2190 templis,
1107 2119 1615 2187 mouacborumque
1657 2117 1971 2180 domiciliis,
2014 2130 2100 2172 at-

515 2233 624 2286 que
655 2213 800 2284 apud
835 2212 1152 2268 sacerdotes
1182 2221 1240 2268 et
1279 2226 1570 2282 pauperes,
1601 2211 1668 2266 de
1702 2212 1904 2283 quibus
1935 2211 2098 2282 paulo

516 2316 641 2378 post
682 2306 940 2367 referant,
981 2303 1229 2375 peregit?
1284 2304 1461 2358 Unum
1515 2302 1648 2358 illud
1703 2304 1754 2356 in
1807 2307 2096 2372 przeseutia

517 2397 786 2452 memoria
833 2394 1058 2467 dignum
1109 2395 1176 2448 de
1221 2408 1284 2448 ea
1329 2402 1384 2448 et
1434 2393 1723 2448 Pulclieria
1773 2395 2092 2449 recensebo.

510 2490 670 2558 Quod
712 2504 949 2560 namque
985 2499 1183 2544 natura
1213 2497 1439 2559 apertus
1472 2498 1528 2541 et
1564 2487 1798 2558 simplex
1836 2487 2092 2544 Theodo-

510 2587 628 2641 sius
674 2593 856 2649 esset,
899 2592 956 2638 et
1005 2583 1262 2640 omnibus
1309 2581 1548 2652 benigne
1595 2581 1778 2637 facere
1828 2592 2091 2652 cuperet,

508 2693 654 2748 saepe
694 2678 857 2734 etiam
892 2676 1117 2742 litteris,
1153 2676 1357 2746 quibus
1401 2677 1620 2730 minime
1665 2666 1930 2745 oportuit,
1965 2691 2094 2731 sen-

510 2773 682 2828 tentia
708 2787 901 2829 earum
933 2787 1041 2826 non
1072 2778 1380 2840 perspecta,
1415 2769 1763 2842 subscripsit.
1798 2769 1929 2836 Qua:
1962 2786 2090 2825 vero

506 2865 560 2921 ei
592 2865 838 2921 divinius
877 2864 1040 2935 quasi
1074 2863 1251 2931 fidelis
1292 2874 1478 2919 custos
1507 2863 1633 2918 data
1663 2873 1803 2927 erat,
1835 2866 1887 2918 in
1922 2865 2088 2920 rebus

506 2957 768 3012 omnibus
805 2956 1117 3029 magniﬁca,
1154 2953 1459 3021 moderata,
1495 2963 1552 3009 et
1591 2955 1814 3025 sapiens
1859 2955 2090 3011 Pulche-

506 3051 588 3106 ria
633 3054 900 3122 Augusta,
935 3049 988 3103 id
1033 3048 1212 3120 ipsum
1252 3065 1498 3119 quoque,
1530 3064 1740 3104 morem
1787 3049 2084 3104 absurdum

2223 535 2436 606 βασιλεῖ
2485 535 2660 604 δῶρον
2712 535 3008 606 προσῆγεν.
3081 535 3141 590 Ὀ
3172 536 3217 587 δ’
3269 536 3564 603 ἀναγνοὺς.
3620 537 3798 589 ὁποῖον

2217 627 2350 696 δῆτα
2378 627 2437 682 τὸ
2467 627 2659 698 μῆλον,
2690 630 2888 696 πεῖραν
2926 627 3171 695 προσῆγε
3205 630 3333 698 περὶ
3364 628 3558 681 τούτου
3591 630 3660 696 τῇ
3711 646 3798 694 γν-

2217 720 2408 784 ναικὶ,
2468 721 2568 790 τὴν
2639 718 2910 790 σφετέραν
2981 719 3256 790 σωτηρίαν
3325 723 3792 791 προϐεϐλημένίς.

2229 811 2474 881 Ἐκείνης
2504 810 2560 864 δὲ
2589 809 2665 880 τῷ
2694 812 2911 879 ἀγνοεῖν
2939 809 3039 883 τὴν
3087 815 3285 883 πεῖραν
3335 813 3792 883 διαᾷευδομένης,

2216 909 2308 959 καὶ
2339 906 2415 969 ὡς
2441 904 2522 958 ὅτι
2575 904 2743 974 ἡδέως
2773 904 2919 974 μάλα
2949 905 3112 975 φάγοι
3147 904 3280 959 αὐτὸ
3328 907 3685 976 άνειπούσης,
3723 909 3792 963 ei:

2215 997 2475 1049 ὑπόνοιαν
2504 996 2709 1050 ἄτοπον
2740 994 2935 1066 ἤγειρε
2965 995 3056 1048 τὸν
3083 995 3411 1065 κρατοῦντα.
3449 998 3558 1051 Καὶ
3593 999 3790 1050 αὐτίκα

2215 1089 2483 1152 Παυλῖνος
2515 1089 2615 1160 μὲν
2642 1087 2922 1160 ὲξὸριστος
2954 1090 3012 1140 ἐν
3047 1090 3415 1161 Καππαδοκίᾳ
3473 1092 3786 1160 γενόμενος,

2211 1184 2489 1256 κεφαλικῇ
2535 1186 2776 1257 τιμωρίᾳ
2840 1185 3100 1254 ὑπήγετο.
3173 1185 3386 1256 Ἐκεξνη
3449 1185 3505 1240 δὲ
3567 1188 3788 1256 ἀμέτρῳ

2207 1277 2294 1332 διὰ
2325 1275 2502 1332 ταῦτα
2551 1277 2819 1349 ληφθεῖσα
2843 1279 2908 1350 τῇ
2929 1278 3096 1350 λύπῃ,
3125 1279 3194 1332 τὰ
3221 1279 3578 1350 ὑπεσχημένα
3622 1281 3786 1349 ἐπλή-

2211 1383 2305 1434 ρου
2328 1367 2446 1437 Θεῷ
2486 1369 2625 1421 ’καὶ
2680 1368 2880 1422 αὐτίκα
2935 1367 3202 1422 διέϐαινεν
3248 1369 3328 1434 είς
3407 1371 3782 1441 Ἰεροσόλυμα.

2206 1459 2342 1514 Θεοῦ
2373 1460 2429 1513 δὲ
2457 1455 2523 1533 ἦν
2565 1461 2678 1529 ἄρα
2717 1463 3020 1534 οἰκονομία,
3059 1463 3126 1515 ἵν’
3182 1467 3299 1517 ἐκεῖ
3351 1467 3648 1535 γενομένη,
3683 1470 3784 1519 πᾶν

2204 1555 2334 1609 εἴτι
2363 1556 2600 1627 χρηστὸν
2641 1555 3030 1628 διαπράξηται.
3061 1555 3129 1612 τί
3184 1559 3290 1628 γὰρ
3326 1557 3432 1629 χρὴ
3483 1562 3581 1614 καὶ
3608 1561 3783 1627 λέγειν

2203 1652 2305 1706 ὅσα
2339 1653 2456 1704 ἐκεῖ
2479 1649 2759 1720 θαύματος
2783 1650 2912 1717 ἄξια
2939 1651 3239 1705 διετέλεσεν
3285 1652 3503 1722 ἔργαψεν
3535 1670 3595 1706 τε
3626 1654 3782 1716 θείοις

2210 1747 2358 1809 ναοῖς
2386 1744 2481 1797 καὶ
2521 1744 2776 1813 μοναχῶν
2823 1747 3212 1813 καταγωγίοις,
3272 1746 3370 1798 καὶ
3405 1745 3636 1816 ἱερεῦσι,
3694 1758 3782 1799 και

2208 1837 2406 1905 πένησι
2435 1854 2450 1901 ;
2484 1838 2613 1904 περὶ
2664 1831 2741 1890 ὦν
2793 1836 2991 1906 μικρὸν
3039 1835 3264 1905 ὕστερον
3305 1836 3581 1904 διεξέλθω,
3629 1838 3785 1892 τοῦτο

2208 1930 2369 2000 μόνον
2401 1930 2460 1983 τό
2487 1947 2548 1998 γε
2586 1929 2681 1984 νῦν
2705 1929 2826 2000 ἔχον
2861 1930 2991 2001 περὶ
3021 1930 3192 2000 αὐτῆς
3237 1935 3462 2003 μνήμης
3517 1932 3576 1985 ὃν
3636 1932 3785 1998 ἄξιον

2202 2027 2268 2094 τῇ
2300 2023 2514 2095 ίστορὶᾳ.
2546 2023 2974 2093 διηγησάμενος.
3037 2022 3266 2088 Ἀπλοῦς
3315 2025 3425 2095 γάρ
3486 2025 3655 2096 φύσει
3711 2026 3782 2079 ὢν

2203 2117 2510 2181 Θεοδόσιος,
2551 2118 2645 2171 καὶ
2671 2116 2882 2182 πάντας
2932 2119 3246 2187 εὐεργετεῖν
3302 2118 3783 2190 προθυμούμενος,

2202 2210 2466 2276 πολλάκις
2500 2213 2597 2264 καὶ
2653 2206 2736 2274 οἷς
2800 2211 2902 2265 οὐκ
2955 2211 3147 2282 ἐχρῆν,
3203 2212 3280 2282 μὴ
3330 2213 3399 2266 τὰ
3455 2213 3781 2284 γραφόμενα

2199 2305 2707 2373 διασκεπτόμενος,
2764 2305 3219 2376 καθυπέγραφεν.
3275 2308 3341 2360 ⁸0
3383 2308 3450 2378 δὴ
3505 2311 3537 2378 ἡ
3602 2310 3780 2364 πάντα

2201 2400 2406 2470 κοσμία
2433 2400 2526 2452 καὶ
2559 2400 2798 2469 σώφρων
2856 2399 2952 2454 καὶ
2983 2399 3122 2471 σοφὴ
3155 2404 3404 2473 οἰκουρὸς
3453 2405 3594 2476 πρὸς
3645 2406 3778 2458 8εοῦ

2195 2492 2456 2562 δεδομένη
2489 2491 2793 2564 Πούλχερία
2815 2493 2847 2563 ἡ
2872 2491 3106 2562 βασιλὶς,
3140 2495 3234 2548 καὶ
3265 2495 3778 2569 τοῦτ’ὲπηνὼρθου,

2196 2587 2257 2638 τὸ
2291 2586 2388 2656 τῆς
2425 2587 2678 2658 πράξεως
2715 2587 2919 2640 ἄτοπον
2945 2586 3322 2660 διελέγχουσα.
3367 2593 3476 2648 Καὶ
3523 2593 3594 2665 δὴ
3634 2597 3777 2663 πρᾶο

2196 2696 2282 2733 σιν
2308 2679 2384 2743 ὡς
2450 2678 2544 2733 ἀπ’
2614 2679 2782 2734 αὑτοῦ
2839 2681 2976 2751 πρὸς
3033 2682 3136 2753 τὴν
3188 2683 3425 2755 ἀδελφὴν
3485 2689 3591 2756 τῆς
3647 2688 3778 2750 ιδίας

2194 2771 2455 2841 γυναικὸς
2483 2772 2812 2842 σχεδιάσασα
2835 2773 3121 2842 Εὑδοκίας,
3146 2776 3395 2847 προσῆγε
3419 2779 3496 2848 τῷ
3522 2778 3776 2850 βασιλεῖ·

2192 2867 2220 2918 ὀ
2246 2866 2300 2919 δὲ
2331 2866 2429 2937 τὴν
2460 2868 2570 2918 τῶν
2595 2869 3002 2938 γεγραμμένων
3031 2869 3267 2939 δύναμιν
3294 2872 3368 2944 μὴ
3397 2874 3578 2938 εἰδὼς,
3613 2877 3778 2940 εὐθὺς

2192 2956 2615 3026 καθυπέγραφε.
2679 2959 2760 3032 Τῇ
2816 2960 2865 3014 δ’
2934 2961 3064 3032 ἑξῆς
3119 2963 3308 3036 ἡμέρᾳ
3371 2964 3471 3037 τὴν
3524 2971 3777 3039 γαμετὴν

2192 3051 2424 3105 ὲκάλειὸ
2451 3051 2707 3120 βασιλεύς
2736 3069 2753 3086 ο
2805 3054 3114 3125 Πουλχιρία
3145 3056 3204 3109 δὲ
3261 3059 3338 3129 μὴ
3380 3058 3568 3114 δοῦναι
3635 3064 3778 3132 μάλα

505 3161 830 3219 coarguens,
863 3149 1128 3202 correxit.
1159 3144 1536 3218 Syngrapbam
1584 3146 1732 3201 enim
1778 3147 1923 3202 inter
1958 3163 2085 3202 eum

2195 3144 2772 3213 σφοδρῶςδιετείνετο,
2801 3147 2892 3200 τὸν
2922 3149 3020 3218 τῆς
3047 3150 3307 3221 πράσεως
3370 3152 3588 3224 χάρτην
3644 3172 3775 3224 προ-

495 3252 562 3296 -et
590 3241 826 3311 seipsam
859 3239 1094 3296 venditas
1131 3240 1382 3312 conjugis
1411 3240 1531 3310 ejus
1569 3242 1767 3309 raptim
1805 3242 2082 3310 composi-

507 3344 616 3388 tam
663 3333 715 3389 ei
759 3335 1069 3404 proposuit,
1100 3347 1332 3403 eamque
1379 3333 1471 3387 illc
1511 3334 1801 3403 scripturae
1840 3333 1949 3388 vim
1987 3350 2081 3390 ne-

502 3426 709 3490 sciens,
751 3426 1043 3481 confestim
1095 3441 1288 3482 manus
1329 3441 1443 3479 suae
1485 3425 1839 3480 adnotatione
1879 3425 2082 3480 conﬁr-

503 3518 693 3574 mavit.
739 3516 1012 3574 Postridie
1044 3518 1166 3588 ejus
1200 3516 1308 3571 diei
1341 3519 1647 3585 imperator
1685 3517 1975 3587 eonjugem
2011 3516 2078 3570 ad

502 3627 563 3667 se
587 3613 826 3677 vocavit,
853 3611 1327 3682 quamPulcberia
1358 3628 1417 3665 se
1439 3611 1488 3665 ei.
1521 3609 1882 3674 reddituram,
1911 3610 2082 3680 pluri-

2193 3237 2499 3310 ϐαλλομένη
2529 3242 2969 3312 ἀπαράγραπτον
3007 3245 3288 3316 μάρτυρα.
3318 3247 3473 3302 Οὕτω
3504 3252 3650 3320 σοφή
3696 3268 3772 3312 τις

2189 3324 2258 3401 ἦν
2284 3332 2376 3384 καὶ
2403 3333 2591 3386 ἀστεία
2619 3335 2764 3403 μάλα
2792 3351 2806 3365 ⁸
2837 3336 3134 3392 κάντεῦθεν
3151 3339 3211 3391 τὸ
3239 3341 3526 3411 ἀνειμένον
3558 3344 3770 3396 ἐκείνου

2188 3425 2457 3494 τεχνικῶς
2482 3426 2830 3496 διελέγξασα,
2866 3431 3106 3500 μετρίως
3154 3433 3214 3484 τὸ
3241 3433 3296 3486 ἐν
3331 3438 3452 3497 ταῖς
3486 3437 3768 3498 τοιαύταις

2185 3521 2428 3586 γραφαῖς
2454 3521 2864 3590 ἀπερίσκεπτον
2894 3523 3267 3597 διωρθώσατο.
3308 3529 3418 3582 Καὶ
3474 3531 3610 3600 περὶ
3669 3531 3766 3599 μὲν

2183 3612 2390 3666 τούτων
2440 3612 2608 3678 οὕτως
2622 3654 2637 3669 .

503 3728 654 3766 mum
704 3711 961 3781 negavit,
1009 3710 1308 3783 emptionis
1357 3709 1628 3775 libellum,
1664 3719 1724 3763 ut
1778 3715 1970 3763 testem
2011 3709 2104 3780 qui
2148 3711 2396 3768 accusari
2445 3723 2540 3770 aut
2588 3715 2742 3786 rejici
2787 3732 2895 3772 non
2946 3728 3152 3788 posset,
3184 3720 3547 3791 praetendens.
3593 3723 3765 3778 Tanta

492 3810 594 3864 .illa
632 3810 923 3881 prudentia
974 3819 1142 3880 atque
1195 3808 1500 3864 festivitate
1535 3807 1660 3862 fuit.
1697 3806 1896 3878 'Atque
1936 3807 2028 3863 illa
2065 3809 2452 3880 negligentiam
2495 3812 2615 3885 ejus
2669 3823 2787 3869 arte
2829 3816 3064 3886 quadam
3100 3834 3357 3888 arguens,
3386 3821 3763 3878 moderatione

499 3907 638 3963 mira
691 3905 1055 3979 improvidam
1112 3906 1422 3961 litterarum
1475 3904 1944 3975 subscriptionem
2001 3908 2082 3962 sic
2117 3904 2174 3961 in
2204 3923 2269 3964 eo
2296 3909 2631 3966 emendavit.
2661 3909 2737 3968 De
2763 3913 2851 3971 his
2881 3916 3169 3972 hactenus;

947 4026 1113 4098 437
1154 4025 1381 4083 CAPUT
1419 4025 1613 4084 xxxv.

499 4145 575 4198 De
611 4145 770 4198 Attici
801 4143 1122 4213 patriarchae
1157 4143 1446 4212 episcopali
1483 4145 1970 4201 administratione.
2002 4145 2072 4201 Et

565 4216 702 4284 quod
736 4217 777 4268 is
812 4214 1044 4267 urbanus
1076 4214 1360 4267 admodum
1391 4225 1438 4267 et
1476 4215 1695 4283 facetus,
1732 4233 1825 4269 nec
1865 4235 1971 4271 non
2010 4222 2066 4271 in

565 4287 897 4356 imponendi:
928 4299 1107 4338 rerum
1135 4286 1433 4339 nominibus
1466 4296 1650 4339 acutus
1677 4289 1837 4357 fuerit

562 4402 776 4458 Atticus
817 4409 1000 4456 autem
1045 4399 1342 4472 episcopus
1388 4401 2067 4472 Constantinopolitanus.

2757 4035 3017 4090 ΚΕΦΑΛ.
3068 4034 3196 4089 KA'.

2181 4145 2463 4224 Περὶ-τῇς
2491 4147 2600 4224 τοῦ
2627 4151 3314 4224 πατριάρχουλἊττικοῦ
3361 4155 3720 4224 διοικήσεως
3742 4178 3757 4194 ο

2250 4218 2453 4297 καλῶς
2509 4220 2752 4297 ἀστεῖος
2791 4218 3091 4297 μάλα-ἦν.
3131 4225 3226 4278 καὶ
3291 4227 3424 4295 περὶ
3479 4218 3587 4297 τάς
3643 4218 3760 4286 τῶν

2249 4288 2558 4358 ὀνομάτων
2590 4288 2803 4358 θέσειςή
2824 4288 3190 4360 φιλόκαλος.

2272 4405 2333 4460 Ὀ
2391 4406 2448 4460 δὲ
2505 4406 2607 4477 τῆς
2663 4409 3081 4466 Κωνσταντίνου
3140 4415 3443 4480 ἐπίσκοπος
3502 4418 3755 4484 Ἀττικές

494 4506 555 4550 ιιι
585 4495 830 4552 Ecclesia
867 4495 1207 4549 incrementa
1247 4509 1346 4548 sua
1378 4505 1625 4564 caperet,
1668 4497 1902 4552 mirifice
1939 4513 2070 4568 Ope-

2195 4500 2502 4569 )αυμασίως
2535 4501 2605 4555 τὰ
2651 4505 2794 4558 κατὰ
2831 4506 2932 4577 τὴν
2967 4508 3303 4578 Ἐκκλησίαν
3352 4515 3530 4567 ποιεῖν
3577 4519 3755 4571 ὲπεδίυ

492 4605 611 4644 ram
645 4587 816 4644 dedit.
872 4585 1102 4641 Summa
1147 4587 1293 4641 enim
1339 4589 1627 4658 prudentia
1669 4605 1788 4645 eam
1840 4592 2076 4646 admini-

490 4695 704 4746 srraus,
766 4680 1029 4735 continua
1081 4680 1332 4733 doctrina
1389 4681 1654 4749 populum
1715 4683 1779 4735 ad
1830 4685 2072 4738 studium

489 4775 713 4830 virtutis
745 4773 1031 4829 excitavit.
1067 4772 1132 4826 Et
1159 4772 1226 4826 ad
1261 4772 1701 4827 misericordiam
1753 4787 1920 4843 atque
1961 4775 2073 4830 lar-

488 4869 756 4939 gitionem
793 4874 901 4920 tam
934 4864 1197 4935 proclivis
1248 4864 1370 4930 fuit,
1407 4875 1465 4918 ut
1510 4881 1618 4918 non
1656 4866 1820 4918 modo
1861 4867 1943 4920 eis
1975 4867 2070 4936 qui

488 4965 544 5017 in
578 4961 837 5034 parteciis
879 4961 1000 5030 ejus
1027 4969 1205 5019 erant.
1242 4958 1430 5028 egenis
1460 4959 1861 5027 providendum
1904 4961 2073 5016 duce-

487 5062 597 5118 ret,
647 5052 742 5108 sed
795 5051 967 5106 etiam
1020 5049 1223 5106 vicinis
1283 5051 1763 5120 Constantinopoli
1815 5053 2069 5108 ccclesiis

491 5146 781 5215 pecuniam
841 5144 1068 5198 multam
1127 5143 1194 5197 ad
1253 5158 1560 5213 pauperum
1623 5147 2065 5201 consolationem

489 5235 756 5290 mitteret.
813 5234 995 5288 Porro
1051 5250 1119 5288 ex
1171 5250 1276 5287 una
1325 5236 1447 5304 ejus
1492 5236 1744 5305 epistola,
1792 5255 1954 5307 quam
2000 5242 2066 5294 ad

485 5326 816 5396 Calliopium
871 5326 1255 5398 presbyterum
1320 5328 1555 5383 Nicaeam
1628 5331 1816 5396 dedit,
1883 5334 2067 5387 missis

488 5419 651 5474 simul
688 5421 950 5476 trecentis
975 5421 1184 5485 aureis,
1215 5423 1393 5491 qualis
1417 5438 1479 5478 ea
1509 5439 1568 5478 re
1594 5424 1678 5477 vir
1713 5425 1899 5491 fuerit,
1929 5428 2065 5481 satis

485 5513 716 5584 patebit.
742 5511 814 5566 Ea
848 5513 928 5567 sic
961 5513 1127 5568 liabet
1161 5531 1174 5567 :
1213 5533 1230 5563 ι
1267 5516 1537 5585 Calliopio
1572 5518 1897 5588 presbytero
1926 5521 2068 5574 Atti-

483 5621 582 5660 CItS
609 5606 660 5659 in
690 5603 915 5660 Demino
944 5607 1198 5660 salutem.
1225 5608 1418 5662 Decies
1445 5610 1593 5664 mille
1625 5611 1680 5663 in
1720 5611 1850 5666 urbe
1883 5623 2064 5668 vestra

482 5712 682 5769 egenos
712 5701 928 5768 piorum
983 5699 1481 5756 commiseratione
1523 5702 1772 5773 indigere
1808 5707 2058 5775 cognovi.

485 5792 676 5848 Decies
715 5790 862 5847 mille
891 5791 1020 5845 dum
1061 5791 1207 5859 dico,
1245 5795 1656 5850 multitudinem
1711 5797 1906 5865 ipsam,
1946 5816 2056 5855 non

2177 4594 2296 4657 δον,
2331 4595 2533 4667 ἀρίστῃ
2569 4596 2669 4666 μὲν
2699 4601 2965 4670 φρονήσει
2995 4603 3086 4654 ἐπὶ
3124 4605 3222 4674 τὴν
3251 4608 3455 4677 ταύτης
3479 4609 3752 4675 διοίκησιν

2176 4685 2483 4757 χρώμενος’
2530 4688 2688 4758 τῷδε
2721 4696 2942 4763 συνεχεί
2969 4694 3064 4764 τῆς
3095 4696 3447 4762 διδασκαλίας
3500 4703 3592 4754 τὸν
3626 4704 3750 4757 λα³ν

2175 4780 2257 4840 εἰς
2285 4780 2387 4848 τὴν
2421 4780 2519 4850 τῆς
2570 4783 2774 4853 ἀρετῆς
2813 4786 3119 4858 μετάληψιν
3160 4795 3555 4862 προετρέπετο.
3593 4797 3747 4850 οὕτω

2172 4868 2229 4924 δὲ
2261 4866 2376 4940 εἶχε
2408 4875 2720 4945 προχείρως
2737 4879 2817 4941 εις
2851 4878 3021 4946 ἔλεον,
3053 4882 3149 4936 καὶ
3176 4886 3255 4946 εἰς
3289 4887 3576 4955 μετάδοσιν
3612 4889 3746 4944 ἕτοι-

2176 4978 2276 5030 μος
2298 4960 2387 5034 ἦν,
2413 4964 2488 5029 ὡς
2525 4969 2682 5036 μήτοι
2712 4986 2776 5038 γε
2810 4971 2918 5024 τῶν
2953 4975 3012 5026 ἐν
3071 4978 3196 5041 ταῖς
3228 4981 3552 5050 παροικίαις
3581 4983 3744 5037 αὐτοῦ

2173 5059 2529 5126 προνοεῖσθαι
2561 5064 2798 5133 πτωχῶν
2817 5104 2832 5126 ,
2861 5065 2998 5119 ἀλλὰ
3033 5069 3127 5122 καὶ
3156 5072 3273 5132 ταῖς
3307 5074 3742 5143 ἀγχιθυρούσαις

2172 5152 2238 5220 τῇ
2275 5152 2692 5208 Κωνσταντίνου
2727 5158 2949 5212 πόλεσιν
2991 5162 3151 5215 ίκανὰ
3181 5165 3442 5235 χρήματα
3471 5169 3736 5238 πέμπειν,

2170 5246 2250 5308 είς
2287 5249 2646 5318 παραμυθίαν
2689 5251 2806 5307 τῶν
2860 5256 2979 5308 ἐκεῖ
3026 5259 3321 5328 δεομένων.
3375 5262 3469 5314 Ἐκ
3503 5263 3561 5315 δὲ
3602 5266 3729 5330 μιᾶς

2168 5341 2362 5393 τούτου
2405 5344 2698 5414 ἐπιστολῆς
2724 5383 2737 5409 ,
2777 5345 2857 5417 ἡν
2914 5347 3232 5422 Καλλιοπίῳ
3268 5354 3626 5426 πρεσδυτέρῳ
3662 5359 3738 5419 εἱς

2167 5433 2408 5488 Νίκαιαν
2464 5437 2704 5502 ἔστελλε,
2762 5444 3113 5508 τριακοσίους
3166 5446 3455 5514 χρυσίνους
3502 5468 3733 5504 συναπο-

2170 5527 2410 5590 στείλας,
2451 5531 2774 5602 καταφανὴς
2801 5534 2984 5597 ὁποῖος
3036 5531 3100 5605 ἧν
3129 5539 3224 5591 καὶ
3264 5542 3392 5609 περὶ
3444 5542 3617 5596 ταῦτα
3646 5559 3733 5611 γε·

2168 5619 2417 5689 νήσεται.
2461 5622 2617 5675 Ἐστι
2658 5624 2713 5676 δὲ
2747 5625 2882 5693 αὕτη
2912 5643 2925 5656 ο
2963 5646 2980 5678 ι
3033 5629 3349 5701 Καλλιοπίῳ
3378 5636 3730 5704 πρεσευτέρῳ

2180 5711 2425 5775 Ἀττικὸς
2461 5714 2519 5766 ἐν
2551 5715 2746 5785 Κυρίῳ
2780 5719 3014 5787 χαίρειν.
3052 5721 3299 5790 ’Έμαθον
3334 5729 3563 5797 μυρίους
3595 5730 3724 5796 ἐντῇ

2167 5802 2319 5856 πόλει
2355 5805 2658 5870 πεινῶντας
2709 5808 2912 5864 δεῖσθαι
2967 5813 3063 5866 τοῦ
3110 5817 3261 5868 παοᾶ
3313 5821 3420 5872 τῶν
3452 5823 3724 5874 εὐσεϐούν-
