3946 6196
328 345 465 414 1133

1203 352 1799 416 ΕΕΟιΕΞῙᾹΞΤίΟᾸΞ
1837 357 2219 417 lllSTOl’tl.‘E
2262 359 2412 426 LIB.
2457 360 2605 422 XIV.

3440 367 3575 433 113‘

322 488 434 526 των
485 470 676 526 ῑλέουο
715 474 945 546 μυρίους
1004 475 1061 531 δὲ
1123 476 1270 546 λέγω
1320 479 1379 531 τὸ
1430 478 1679 550 πλῆθος,
1711 482 1773 535 ού
1807 481 1898 534 τὸν

2016 490 2216 535 rertum
2254 496 2559 550 pauperum
2594 497 2881 535 numerum
2920 483 3172 538 ostendo.
3210 484 3576 558 Quandoqui-

321 565 526 637 ἀκριϐῆ
574 567 755 639 δηλῶν
820 569 1079 642 ἀριθμόν.
1130 572 1284 626 Ἐπεὶ
1335 574 1520 628 τοίνυν
1575 576 1739 639 αὐτὸς
1797 576 1896 645 μὲν

323 659 433 729 ἔχω
477 660 661 715 λαϐὼν
720 662 959 735 ἀριθμὸν
1018 666 1174 737 παρὰ
1226 664 1322 721 τοῦ
1378 666 1598 738 δαψιλεῖ
1640 671 1705 739 τῇ
1750 669 1899 743 χειρὶ

321 750 556 815 διδόντος
579 755 694 815 τοῖς
720 755 1075 826 οἱκονομοῦσι
1105 757 1313 822 καλῶς,
1345 761 1643 828 συμϐαίνει
1665 760 1721 814 δὲ
1745 777 1899 824 τινας

323 844 650 916 ἀπορεῖσθαι
679 845 1028 919 δοκιμασίας,
1063 852 1229 921 χάριν
1258 852 1369 906 τῶν
1393 853 1629 924 ἐχόντων
1659 854 1783 925 μὲν,
1822 855 1899 926 μὴ

330 940 676 1010 παρεχόντων
700 940 756 994 δὲ
780 942 1011 1009 τούτοις,
1042 944 1244 1013 λαϐὼν,
1281 938 1328 1002 ὧ
1358 947 1486 1019 φίλη
1525 965 1619 1019 μοι
1657 947 1898 1020 κεφαλὴ,

324 1035 451 1097 τοὺς
516 1036 870 1104 τριακοσίους
925 1038 1154 1099 τούτους
1210 1042 1543 1111 χρυσίνους,
1614 1041 1895 1096 ἀνάλωσιν

326 1129 474 1191 ὅπως
527 1127 592 1182 ἂν
628 1127 903 1200 θελήσοις.
955 1132 1208 1206 Βουλήσῃ
1258 1133 1315 1186 δέ
1364 1151 1469 1186 που
1518 1134 1737 1197 πάντως
1787 1138 1903 1199 τοῖς

330 1222 750 1291 αἰσχυνομένοις
782 1224 881 1293 τὴν
913 1225 1154 1293 αἴτησιν,
1189 1227 1304 1281 ἀλλ’
1336 1227 1458 1299 ούχὶ
1490 1230 1606 1294 τοῖς
1636 1227 1904 1299 ἐμπόριον

330 1315 417 1385 διά
451 1316 568 1386 βίου
602 1318 701 1387 τὴν
729 1320 974 1391 γαστέρα
1021 1321 1434 1393 προτεθεικόσι.
1482 1323 1673 1388 Διδοὺς
1700 1324 1904 1392 τοίνυν,

336 1409 466 1475 μηδὲ
501 1411 805 1480 θρησκείαν
846 1413 1041 1486 λογίσῃ
1090 1415 1236 1469 κατὰ
1276 1416 1438 1472 τοῦτο
1461 1417 1522 1471 τὸ
1554 1417 1748 1489 μέρος*
1782 1417 1904 1482 ἰνὸς

338 1504 433 1555 καὶ
470 1504 639 1573 μόνου
668 1506 965 1576 γενόμενος
987 1549 1003 1574 ,
1037 1507 1133 1561 τοῦ
1165 1509 1386 1580 τρέφειν
1418 1510 1545 1575 τοὺς
1575 1509 1904 1576 πεινῶντας,

334 1594 469 1650 ἀλλὰ
533 1596 608 1666 μὴ
669 1596 1013 1667 λογιστεύειν
1057 1601 1189 1668 τοὺς
1251 1601 1345 1657 τὸν
1391 1604 1664 1676 ἡμέτερον
1703 1604 1906 1674 τρόπον

338 1686 693 1759 φρονοῦντας.
736 1709 757 1743 ι
792 1690 915 1746 Τῶν
949 1692 1049 1764 μὲν
1099 1693 1197 1749 οὖν
1243 1694 1520 1767 δεομένων
1566 1696 1663 1751 καὶ
1689 1696 1909 1766 πόρρω-

2000 573 2125 628 dem
2160 589 2291 629 vero
2322 584 2538 629 certqu
2570 576 2818 643 pecuniae
2866 592 3160 631 numerum
3190 579 3240 633 ei
3288 592 3575 651 acceptum

2001 663 2141 729 fero,
2178 668 2273 735 qui
2306 668 2617 739 perliberali
2654 683 2813 722 manu
2846 668 2950 722 rite
2981 686 3098 722 eum
3126 673 3579 739 «Ιίμμυιιδοιιιίιιιις

1999 759 2192 824 donat,
2219 770 2276 815 et
2307 761 2558 817 nonnulli
2588 762 2859 834 indigent,
2884 763 3351 832 explorandorum
3379 782 3575 821 (‘Ol‘lilll

2001 855 2197 922 gratia,
2236 854 2332 923 qtti
2366 854 2569 910 habent
2601 853 2846 926 quidem,
2885 858 2982 909 sed
3015 856 3123 910 illis
3168 873 3274 910 non
3308 859 3459 921 dant,
3490 877 3575 913 ac-

2001 944 2181 1013 ceptis
2204 961 2233 999 a
2267 962 2376 1009 me.
2403 962 2436 999 ο
2462 946 2698 1002 charum
2728 946 2862 1001 milii
2890 959 3076 1018 caput,
3108 951 3369 1006 trecentis
3400 954 3583 1006 aureis

2004 1035 2148 1104 istis,
2183 1047 2245 1094 ut
2276 1040 2430 1097 voles
2475 1056 2573 1095 eos
2611 1041 2886 1109 expende.
2920 1042 3085 1098 Voles
3127 1055 3312 1099 autem
3350 1045 3434 1101 eis
3466 1062 3553 1099 ma

2005 1133 2171 1196 xime,
2205 1136 2300 1203 qui
2332 1134 2651 1192 intendicare
2682 1135 3020 1191 erubescunt
3056 1154 3068 1190 :
3100 1153 3211 1191 non
3251 1138 3377 1203 illis,
3404 1139 3497 1209 qui
3530 1140 3584 1194 in

2005 1225 2116 1279 vita
2140 1236 2388 1281 ventrem
2439 1226 2506 1280 ad
2545 1225 3008 1283 nundinationem
3056 1242 3397 1300 proponunt.
3443 1230 3583 1289 Cum

2008 1318 2178 1388 igitur
2210 1320 2499 1390 pecuniam
2544 1321 2815 1391 largieris,
2852 1321 3137 1392 religionis
3180 1325 3284 1380 hac
3327 1328 3382 1380 in
3429 1337 3587 1397 parte

2006 1409 2277 1466 rationem
2325 1426 2435 1465 non
2487 1410 2716 1467 habebis
2767 1430 2779 1466 ;
2830 1412 2935 1467 hoc
2976 1429 3147 1470 unum
3199 1429 3478 1487 spectans,
3528 1431 3589 1475 ut

2007 1502 2319 1573 indigentes
2348 1505 2500 1569 alas,
2538 1519 2719 1575 neque
2760 1518 2857 1560 eos
2900 1505 3166 1577 praeferas
3206 1508 3301 1579 qui
3337 1511 3588 1567 moribus

2008 1599 2214 1655 nostris
2245 1599 2457 1653 vivunt.
2490 1617 2510 1651 ε
2556 1597 2862 1668 Pauperum
2895 1614 3029 1658 sane
3060 1602 3227 1658 etiam
3253 1603 3346 1673 qui
3371 1605 3592 1675 longius

2007 1688 2288 1760 abessent,
2310 1692 2390 1748 ita
2419 1706 2605 1745 curam
2634 1691 2851 1747 Atticus
2872 1692 3064 1764 gessit.
3095 1693 3297 1750 Verum
3333 1695 3427 1751 ille
3453 1713 3591 1767 quu-

336 1780 429 1834 θεν
458 1781 631 1835 ὅντων
678 1783 823 1838 οὕτω
857 1785 1140 1856 φροντίδος
1161 1784 1309 1861 εἶχεν
1335 1791 1364 1844 ό
1393 1787 1667 1852 Ἀττικός
1699 1789 1762 1843 οὐ
1796 1787 1905 1860 μὴν

2016 1796 2120 1853 que
2189 1792 2250 1838 ut
2320 1784 2689 1855 quorumdam
2759 1786 3212 1856 superstitionem
3285 1791 3589 1857 minueret,

337 1874 393 1929 δὲ
420 1875 557 1931 ἀλλά
587 1877 683 1930 καὶ
715 1878 813 1943 τάς
839 1848 1009 1932 τινων
1048 1848 1484 1951 δεισιδαιμονίας
1530 1848 1663 1952 περὶ
1700 1848 1904 1937 πολλόῦ

2016 1848 2354 1947 magnopere
2391 1877 2625 1931 curavit.
2678 1875 2745 1933 Et
2782 1848 2909 1933 cum
2963 1878 3210 1936 audisset
3260 1880 3589 1940 Sabbatium

340 1971 691 2027 ἀναστέλλειν
734 1973 997 2043 πρόνοιαν
1046 1978 1307 2031 ἐποιεῖτο.
1361 1977 1475 2031 Καὶ
1504 1975 1569 2047 δὴ
1600 1976 1909 2049 πυθόμενος

2016 1968 2188 2033 illum,
2214 1968 2307 2040 qui
2343 1979 2570 2042 prepter
2606 1968 2828 2026 Pascha
2861 1971 3007 2027 diem
3040 1970 3272 2030 Judaico
3306 1988 3462 2032 more
3495 1993 3592 2035 ce-

340 2065 645 2120 Σασσάτιον
694 2070 944 2131 ἐκεῖνον,
997 2068 1059 2132 ὃς
1105 2069 1195 2123 διὰ
1249 2070 1311 2124 τὸ
1364 2071 1663 2128 Ἰουδαϊκόν
1713 2073 1909 2145 Πάσχα

2016 2060 2336 2118 Iebrandum
2371 2075 2399 2114 a
2434 2060 2858 2118 Novatianorum
2901 2063 3135 2120 ecclesia
3172 2080 3497 2136 secesserat,
3529 2084 3590 2127 et

341 2161 439 2230 τῆς
473 2158 584 2211 τῶν
626 2158 992 2217 Ναυατιανῶν
1033 2163 1332 2233 ἐκκλησίας
1376 2165 1740 2238 άπορῤαγεὶς,
1772 2166 1910 2223 ίδίαν

2016 2171 2231 2227 gregem
2267 2155 2372 2209 sibi
2421 2170 2584 2209 suum
2631 2162 2908 2225 coegerat,
2945 2154 3147 2221 Rhodi,
3194 2157 3286 2213 ubi
3328 2160 3587 2217 exsulare

339 2254 710 2325 συνεστήσατο
759 2256 1000 2327 ποίμνην
1025 2297 1040 2323 ,
1093 2258 1185 2311 τὸν
1230 2258 1345 2329 βίον
1400 2260 1460 2317 ὲν
1494 2258 1663 2330 Ῥόδῳ
1713 2260 1910 2314 ἀπολι-

341 2344 547 2398 πόντα*
587 2344 769 2397 ἐκεῖσε
797 2349 906 2417 γὰρ
952 2346 1246 2417 ὑπερόριος
1284 2348 1581 2418 γενόμενος
1614 2347 1905 2404 ἐτελεύταο

339 2437 439 2492 καὶ
469 2438 575 2491 ὑπὸ
603 2440 696 2492 τοῦ
730 2438 865 2493 ίδίου
898 2442 1243 2510 συστήματος
1276 2443 1489 2498 ἐκεῖθεν
1529 2442 1625 2500 τοῦ
1655 2443 1909 2514 σώματος

344 2533 869 2603 μετακομισθέντος,
932 2537 1063 2606 περὶ
1109 2536 1199 2590 τὸν
1260 2537 1471 2593 ἐκείνου
1521 2540 1694 2609 τάφον
1741 2541 1909 2610 εὐχᾶς

335 2629 532 2695 ποιεῖν,
562 2628 658 2684 καὶ
692 2631 769 2691 ὼς
799 2629 942 2700 ἁγίῳ
970 2630 1135 2700 δῆθεν
1159 2632 1219 2687 τὸ
1248 2631 1410 2698 σίδας
1442 2634 1653 2699 νέμειν,
1693 2636 1909 2706 νύκτωρ

341 2718 495 2784 τινὰς
525 2720 857 2785 ἀποστείλας
884 2766 898 2789 ,
934 2723 997 2777 τὸ
1046 2723 1353 2780 Σασὸατίου
1386 2726 1551 2795 σῶμα
1597 2727 1676 2792 είς
1720 2727 1910 2798 ἕτερον

339 2808 505 2864 τόπον
533 2809 791 2867 ἔθαπτεν.
821 2814 883 2868 Oi
917 2814 974 2868 δὲ
1003 2814 1134 2883 περὶ
1182 2816 1346 2871 αὐτὸν
1390 2816 1660 2882 ἰλθόντες,
1698 2820 1911 2874 καὶτὸν

341 2906 515 2975 τάφον
566 2906 964 2977 ὀρωρυγμένον
1019 2908 1297 2979 εὑρόντες,
1342 2909 1437 2967 τοῦ
1489 2910 1677 2966 λοιποῦ
1730 2911 1912 2967 σέϐειν

340 2998 437 3053 καὶ
468 2999 890 3069 δεισιδαιμονεῖν
936 3003 1065 3073 περὶ
1104 3000 1196 3057 τὸν
1242 3002 1417 3071 τάφον
1458 3002 1747 3061 επαύοντο.
1776 3006 1911 3059 Δίαν

341 3093 399 3148 δὲ
430 3094 521 3148 καὶ
550 3093 844 3163 φιλόκαλος
900 3095 1145 3165 ἐγεγόνει
1178 3100 1310 3168 περὶ
1356 3096 1456 3162 τὰς
1486 3098 1595 3153 τῶν
1624 3099 1911 3170 ὀνομάτων

343 3185 545 3252 θέσεις,
578 3188 857 3260 εὐστόχως
881 3187 1051 3254 αὐτὰς
1081 3188 1375 3254 συντιθείς.
1398 3192 1535 3262 Περὶ
1558 3193 1670 3264 γάρ
1688 3192 1751 3248 τδ
1771 3196 1911 3248 κατὰ
1940 3223 1985 3286 C

342 3279 435 3333 τὸν
481 3277 737 3345 Εὔξεινον
793 3283 992 3338 πόντον
1050 3283 1241 3338 στενὸν
1303 3284 1368 3339 οὐ
1423 3286 1614 3358 πόρρω
1674 3302 1775 3341 που
1816 3285 1912 3341 τοῦ

342 3372 587 3429 ἁνάπλου
634 3372 876 3430 ἐπίνειον
914 3370 1002 3447 ἦν,
1046 3375 1074 3430 ὃ
1132 3378 1351 3451 ἀρχαῖοι
1380 3378 1575 3451 ἄνδρες
1606 3379 1912 3451 Φαρμακόα

342 3467 599 3523 ἐκάλουν.
641 3467 885 3536 Ἐκεῖνος
914 3471 960 3527 δ’
996 3472 1177 3526 ἐκεῖσε
1224 3472 1325 3537 τὰς
1357 3472 1612 3539 συνάξεις
1642 3472 1913 3545 ποιούμε-

341 3573 452 3622 νος,
492 3558 579 3613 ινα
623 3557 702 3633 μὴ
731 3559 1003 3632 δυσφήμῳ
1031 3561 1261 3632 ὀνόματι
1290 3563 1512 3617 καλοῖτο
1550 3566 1580 3617 ό
1609 3563 1809 3635 χῶρος,
1833 3566 1914 3629 είς

342 3648 656 3723 Θεραπείαν
701 3652 978 3722 μετετίθει
1029 3652 1133 3724 τὴν
1183 3654 1400 3725 κλῆσιν.
1447 3654 1555 3710 Καὶ
1589 3655 1917 3725 προάστειον

343 3742 389 3797 δ’
438 3743 631 3817 ἓτερον
687 3745 994 3818 ἀντιπέραν
1048 3747 1151 3817 τῆς
1205 3748 1624 3804 Κωνσταντίνου
1662 3748 1917 3821 κείμενον

344 3837 747 3911 ’Δρτυρόπολιν
782 3840 1170 3911 μετωνόμαζε,
1213 3844 1432 3899 τοιᾶσδε
1480 3844 1660 3909 αίτίας
1708 3846 1918 3918 ἡγησα-

348 3932 545 4005 μένης.
611 3933 966 4004 Χρυσόπολις
1021 3935 1262 3989 ἐπίνειον
1312 3936 1545 4008 ἀρχαῖόν
1606 3939 1778 3992 ἔστιν.
1852 3938 1918 3992 ⁸0

344 4026 528 4081 κεῖται
589 4026 693 4097 μὲν
737 4026 795 4080 ὲν
843 4028 987 4100 ἀρχῇ
1044 4027 1141 4083 τοῦ
1174 4029 1480 4099 Βοσπόρου,
1528 4031 1830 4103 ἀντιπέραν
1861 4031 1920 4086 δε

342 4118 446 4189 τῆς
482 4118 809 4186 Βυζαντίδος
862 4122 1000 4174 ἐστί.
1060 4118 1269 4175 Τούτου
1313 4121 1371 4176 δὲ
1426 4120 1613 4178 πολλοὶ
1663 4125 1773 4179 τῶν
1821 4125 1922 4195 ἀρ-

346 4212 520 4283 χαίων
579 4210 877 4283 ἱστορικῶν
917 4211 1274 4283 μέμνηνται,
1314 4213 1505 4283 ῶσπερ
1569 4214 1830 4287 Στράϐων
1889 4216 1920 4270 ὁ

348 4307 675 4379 γεωγράφος
695 4346 712 4373 ,
747 4306 1017 4370 Νικόλαός
1062 4322 1124 4359 τε
1162 4307 1191 4360 ὀ
1224 4307 1587 4377 Δαμασκόθεν
1614 4350 1629 4375 ,
1662 4309 1758 4365 καὶ
1781 4311 1810 4362 ό
1849 4310 1921 4364 τὰ

352 4401 537 4472 Κύρου
570 4398 979 4472 συγγεγραφὼς
1013 4401 1236 4470 ἄριστα,
1265 4402 1295 4454 ό
1320 4399 1492 4465 πολὺς
1533 4401 1592 4456 ιν
1622 4401 1799 4471 λόγων
1828 4402 1920 4457 δυ-

352 4496 534 4566 νάμει,
583 4494 679 4550 καὶ
728 4493 1095 4565 συγγραφικῷ
1122 4494 1440 4566 χαρακτῆρι
1472 4493 1791 4565 θαυμαστὸς
1820 4494 1921 4550 Ξε-

2006 2249 2195 2317 jussus
2226 2249 2439 2314 fuerat,
2472 2249 2641 2304 vitam
2674 2246 2883 2305 [iniisse
2904 2287 2922 2316 ,
2958 2251 3363 2322 popularesque
3399 2253 3593 2311 factio-

2015 2343 2105 2398 nis
2132 2345 2274 2415 ejus.
2304 2358 2538 2415 corpore
2573 2344 2723 2399 illius
2750 2341 2878 2401 inde
2909 2345 3193 2411 translato,
3226 2351 3373 2404 circa
3411 2351 3594 2421 sepul-

2011 2450 2167 2495 crum
2220 2436 2342 2507 ejus
2404 2438 2757 2507 precationes
2804 2451 3086 2509 peragere,
3140 2449 3198 2495 et
3248 2441 3420 2497 veluti
3472 2445 3594 2500 viro

2012 2536 2205 2583 sancto
2258 2529 2624 2583 reverentiam
2682 2531 3008 2600 cultumque
3060 2542 3325 2601 praestare
3373 2544 3595 2591 :noctu

2012 2620 2339 2677 hominibus
2368 2622 2536 2679 certis
2568 2621 2769 2685 missis,
2802 2622 3039 2679 cadaver
3072 2624 3322 2682 Sabbatii
3368 2629 3595 2698 sepeliri

2014 2715 2068 2771 in
2101 2717 2222 2772 loco
2254 2718 2361 2772 alio
2401 2716 2632 2773 curavit.
2668 2715 2837 2790 488
2867 2717 3042 2775 Porro
3090 2728 3397 2779 sectatores
3447 2722 3598 2781 illius

2014 2808 2109 2863 ubi
2143 2808 2414 2863 tumulum
2437 2807 2697 2864 eﬂ‘ossum
2736 2818 3088 2881 repererunt,
3109 2815 3469 2872 caeremonias
3503 2831 3599 2871 su-

2013 2904 2510 2973 perstitionemque
2535 2916 2691 2957 suam
2720 2902 2788 2958 ad
2820 2903 3136 2975 sepulcrum
3175 2907 3298 2978 ejus
3329 2907 3598 2981 deinceps

2015 2994 2343 3050 omiserunt.
2396 2994 2465 3050 Et
2497 2996 2760 3065 quoniam
2807 2997 2861 3052 in
2910 2998 3196 3053 nominum
3248 3000 3596 3066 inventione.

2013 3098 2140 3158 apte
2174 3088 2281 3145 illis
2314 3089 2481 3145 rebus
2517 3089 2650 3159 ipsis
2695 3090 3069 3161 imponendis,
3101 3093 3327 3165 elegans
3364 3103 3422 3150 et
3464 3094 3597 3151 felix

2017 3180 2144 3243 fuit,
2178 3181 2371 3237 navale
2404 3183 2552 3252 quod
2601 3182 2668 3237 ad
2717 3185 3001 3256 angustias
3040 3185 3239 3242 Euxini
3290 3189 3445 3259 ponti
3486 3207 3599 3246 non

2015 3270 2177 3340 longe
2226 3289 2258 3327 ε
2294 3272 2530 3329 transitu
2564 3272 2752 3339 situm,
2792 3287 3008 3331 veteres
3041 3280 3369 3349 φαρμακέα,
3415 3280 3469 3336 id
3515 3290 3600 3338 est

2020 3365 2325 3421 veneficum
2381 3366 2754 3437 appellarunt,
2798 3370 2943 3441 quod
3002 3371 3119 3443 ipse
3171 3372 3245 3428 ibi
3290 3387 3598 3433 conventus

2017 3463 2260 3528 cogeret,
2312 3472 2383 3514 ne
2432 3457 2589 3514 locus
2627 3459 2674 3515 is
2722 3460 2982 3518 infamem
3031 3464 3307 3521 obtineret
3356 3469 3598 3537 appella-

2019 3549 2248 3615 tionem,
2282 3549 2508 3606 nomine
2538 3561 2752 3607 mutato
2775 3552 3104 3623 θεραπείαν,
3131 3556 3238 3615 hoc
3265 3568 3373 3624 est,
3406 3576 3597 3615 curam

2016 3659 2117 3701 seu
2153 3643 2486 3703 medicinam
2524 3648 2764 3704 vocavit.
2811 3645 2889 3704 Ex
2933 3648 3216 3708 suburbiis
3250 3653 3416 3708 etiam
3451 3654 3598 3710 Con-

2018 3738 2412 3811 stantinopolis
2442 3740 2617 3807 aliud,
2658 3744 3065 3815 Argyropolim,
3104 3762 3203 3816 per
3234 3750 3598 3806 mutationem

2020 3832 2261 3889 nominis
2308 3834 2379 3889 ob
2418 3848 2642 3890 causam
2670 3836 2942 3907 ejusmodi
2990 3841 3308 3910 appellavit.
3358 3843 3600 3916 Chryso-

2019 3926 2161 3996 polis
2187 3928 2412 3997 antiqua
2441 3928 2660 3984 navium
2686 3930 2852 3986 statio
2878 3939 2998 3995 est.
3030 3943 3219 3987 contra
3252 3933 3598 4007 Byzantium,

2020 4023 2078 4080 in
2132 4024 2360 4094 Bospori
2418 4025 2577 4080 initio
2632 4028 2829 4097 posita.
2882 4026 3034 4082 Multi
3075 4028 3194 4100 ejus
3241 4031 3595 4100 antiquorum

2022 4112 2413 4169 historicorum
2444 4115 2773 4184 meminere,
2809 4117 2973 4173 sicuti
3002 4117 3204 4174 Strabo
3228 4122 3599 4191 chgrapliiis.

2019 4201 2278 4262 Nicolaus
2338 4204 2749 4275 Damascenus,
2808 4221 2866 4265 et
2931 4213 3028 4281 qui
3097 4212 3221 4283 Cyri
3310 4215 3595 4271 historiam

2020 4298 2228 4369 optime
2252 4301 2605 4371 conscripsit,
2629 4304 2681 4357 vi
2707 4304 3039 4373 eloquentia!
3064 4320 3316 4376 magnus,
3344 4318 3399 4361 et
3424 4308 3599 4363 histo-

2023 4391 2141 4447 rico
2190 4394 2335 4465 stylo
2376 4394 2735 4452 admirandus
2782 4395 3111 4468 XenOplion,
3160 4399 3215 4455 in
3268 4412 3423 4456 sexto
3468 4403 3597 4473 Cyri

2022 4482 2394 4552 expeditionis
2429 4500 2444 4538 :
2488 4485 2584 4539 sed
2623 4488 2766 4539 etin
2811 4488 2989 4556 primo
3028 4485 3461 4556 llcllanicurum,
3498 4508 3599 4547 seu

354 4590 530 4660 νοφῶν
550 4631 566 4656 ,
594 4590 651 4644 ῑν
683 4607 746 4645 τε
783 4591 850 4662 τῇ
880 4589 1012 4660 Enn
1041 4587 1151 4642 τῶν
1182 4586 1506 4643 ἀναϐάσεων
1541 4587 1750 4657 Κύροιν
1781 4588 1913 4643 ἀλλὰ

2024 4574 2229 4633 Greca:
2268 4573 2522 4634 Historia:
2549 4577 2713 4643 libro,
2744 4579 2839 4635 ubi
2877 4579 2945 4635 de
2967 4596 3031 4636 ea
3076 4582 3189 4637 haec
3231 4600 3452 4655 quoque
3484 4602 3601 4640 mc—

358 4686 454 4741 καὶ
481 4688 539 4740 ὲν
571 4683 649 4756 τῷ
681 4683 883 4755 πρώτῳ
909 4684 1023 4736 τῶν
1068 4679 1408 4751 Ἑλληνικῶν
1444 4682 1920 4751 συγγραμμάτων,

356 4781 413 4833 ὲν
439 4772 485 4847 ᾧ
514 4778 612 4833 καὶ
640 4778 767 4832 τάδε
800 4776 927 4846 περὶ
958 4774 1129 4830 αὑτοῦ
1167 4776 1375 4843 ἱστορεῖ
1396 4814 1412 4840 ,
1453 4773 1531 4837 ὥς
1575 4769 1941 4844 Ἁλκιϐιάδης

356 4871 566 4931 ἐκεῖνος
613 4867 683 4921 τά
720 4865 876 4935 τείχη
915 4863 1185 4934 περιελὼν
1219 4862 1640 4931 Χρυσοπόλεως,
1672 4861 1927 4916 δεκαδευ-

354 4964 543 5034 τήριον
583 4961 642 5014 ἰν
698 4960 840 5031 αὐτῇ
897 4957 1158 5012 καῡίστα.
1214 4956 1376 5009 Ὅσοι
1414 4946 1523 5025 γὰρ
1565 4955 1802 5025 ἔμποροι
1860 4948 1925 5008 εει

358 5057 560 5110 Πόντου
598 5053 919 5117 κατέπλεον,
951 5053 1010 5103 ὲν
1039 5052 1176 5119 αὐτῇ
1220 5048 1320 5113 τὰς
1366 5050 1607 5112 δεκάτας
1657 5048 1926 5117 παρεῖχον

354 5150 465 5205 τῶν
494 5151 732 5221 φόρτων.
787 5146 846 5199 ὐ
899 5146 1082 5199 τοίνυν
1118 5143 1387 5205 Ἀττικὸς.
1446 5142 1537 5196 τὸν
1583 5140 1924 5209 καταντικρὺ

357 5243 756 5315 Χρυσοπόλεως
805 5239 972 5292 τόπον
1006 5237 1131 5291 ἰδὼν
1169 5238 1227 5290 ὲν
1273 5237 1479 5306 εὐθέτῳ
1508 5234 1771 5305 κείμενον
1827 5234 1926 5289 καὶ

357 5339 550 5409 τέρψιν
592 5337 652 5391 οὐ
692 5335 925 5404 μετρίαν
974 5332 1312 5401 παρέχοντα,
1340 5330 1546 5401 χρῆναι
1577 5329 1680 5397 ἔφη
1716 5329 1809 5380 τὸν
1838 5327 1925 5379 τόν

358 5449 458 5486 πον
504 5430 693 5485 τοῦτον
740 5426 1136 5496 Ἀργυρόπολιν
1180 5423 1595 5493 ὀνομάζεσθαι·
1648 5422 1676 5473 ὂ
1726 5422 1924 5473 αὐτίκα

359 5526 557 5599 ρηθὶν,
589 5525 689 5594 τὴν
717 5520 1035 5591 ἐπωνυμίαν
1074 5518 1248 5573 ἐδίδου
1289 5515 1369 5587 τῷ
1406 5516 1597 5588 χώρῳ.
1637 5514 1924 5582 Λεγόντων

353 5620 413 5674 δέ
456 5635 622 5675 τινων
670 5615 996 5685 ἀσύμφορον
1036 5608 1179 5667 εἶναι
1220 5610 1599 5673 Ναυατιανοὺς
1641 5608 1792 5661 ἔνδον
1827 5610 1923 5675 τῆς

356 5712 769 5767 Κωνσταντίνου
805 5708 1222 5780 ἐκκλησιάζειν,
1273 5704 1574 5773 Ἀγνοεῖτε,
1612 5703 1689 5766 ὡς
1719 5705 1920 5762 ἔοικεν,

352 5805 481 5875 ιφη.
509 5806 610 5860 ὅσα
640 5806 772 5876 ἡμῖν
804 5801 1004 5873 συνέὀη
1033 5800 1229 5856 παθεῖν
1258 5799 1353 5852 ἐπὶ
1405 5796 1796 5851 Κωνσταντίου
1828 5795 1923 5846 καὶ

355 5900 673 5964 Οὐάλεντος.
709 5898 921 5962 ’Δλλως
953 5913 1011 5951 τε
1063 5896 1119 5949 δὲ
1169 5892 1263 5948 καὶ
1316 5892 1599 5964 μάρτυρες
1630 5887 1778 5944 οὗτοι
1825 5889 1921 5957 τῆς

2028 4676 2226 4735 morat,
2266 4669 2416 4740 quod
2455 4669 2773 4726 Alcibiades
2806 4671 2897 4725 ille
2932 4688 3089 4727 muro
3114 4674 3437 4745 Cltrysopoli
3472 4694 3598 4732 ntu-

2026 4761 2165 4828 nita,
2197 4762 2539 4819 decimarum
2573 4763 3018 4835 accipiendarum
3053 4768 3241 4823 sedem
3280 4770 3353 4823 ibi
3390 4775 3599 4825 consti-

2027 4855 2213 4910 tuerit.
2267 4857 2599 4924 Quicunque
2666 4858 2815 4911 enim
2887 4868 3225 4915 mercatores
3290 4877 3357 4916 ex
3423 4863 3600 4918 l’untu

2026 4949 2573 5018 pra-ternavigarcnt,
2611 4948 2857 5004 decimas
2898 4965 2966 5004 eo
3003 4950 3124 5006 loco
3154 4953 3420 5008 mercium
3454 4971 3594 5023 pra:-

2026 5038 2290 5093 buerunt.
2326 5037 2537 5095 Atticus
2586 5039 2755 5110 igitur
2786 5039 2969 5094 locum
3025 5057 3057 5096 c
3102 5045 3324 5113 regione
3361 5044 3599 5116 Chryso-

2029 5131 2175 5203 poli,
2240 5132 2528 5188 commode
2590 5148 2714 5187 cum
2773 5148 2881 5189 non
2947 5134 3209 5191 mediocri
3278 5140 3600 5195 antmnitate

2027 5228 2191 5283 situm
2229 5240 2484 5291 cernens,
2513 5226 2891 5297 Argyropolim
2939 5243 3065 5283 eum
3114 5230 3385 5285 nominari
3432 5248 3599 5302 opor-

2028 5327 2146 5373 tere
2183 5317 2355 5383 dixit,
2394 5318 2542 5389 quod
2572 5320 2802 5373 verbum
2835 5320 3043 5390 regioni
3074 5322 3257 5378 Statim
3291 5338 3596 5393 c0gnomen

2027 5412 2247 5468 indidit.
2273 5412 2616 5480 Quibusdam
2643 5412 2983 5478 dicentibus,
3015 5416 3424 5471 incommodum
3449 5433 3596 5483 esse,

2024 5507 2172 5578 quod
2235 5505 2524 5561 Novatiani
2589 5506 2731 5562 intra
2798 5505 2989 5561 urbem
3060 5506 3595 5578 ConstantinOpolim

2025 5610 2332 5659 conventus
2390 5608 2615 5672 agerent
2666 5618 2681 5653 :
2731 5597 2992 5670 ignorare
3034 5600 3334 5665 videmini,
3393 5603 3595 5672 inquit,

2025 5710 2148 5769 quae
2192 5693 2296 5750 sub
2336 5694 2664 5750 Constantio
2714 5702 2771 5748 et
2808 5694 3038 5751 Valente
3085 5695 3329 5765 perpessi
3379 5710 3593 5751 sumus.

2027 5791 2299 5845 Prmterea
2331 5804 2464 5844 vero
2495 5797 2662 5843 testes
2705 5787 2780 5841 ibi
2816 5786 2979 5843 nobis
3020 5796 3152 5843 sunt
3184 5787 3308 5843 lidei
3339 5803 3594 5845 veraces.

2024 5884 2159 5940 Cum
2184 5884 2330 5939 enim
2358 5882 2681 5954 jamdudum
2713 5879 2783 5937 ab
2812 5880 3057 5937 Ecclesia
3093 5879 3383 5937 universali
3412 5895 3598 5936 seces-
