3976 6202
431 305 572 374 tm

1648 322 2072 389 NICEPUORI
2114 328 2463 392 CALLISTI

3560 327 3701 395 1140

429 414 826 498 Theophilum,
862 430 918 493 'm
961 434 1290 491 confusione
1324 446 1383 492 et
1416 437 1577 495 turba
1623 458 1653 497 α
1683 443 1885 502 Graece
1915 462 2015 503 su-

2127 450 2296 523 βραχίι
2341 450 2633 522 ἀκριϐείας
2674 449 3146 522 πῳτετιμηκὸτα.
3172 450 3239 505 Δί
3292 448 3404 522 γὰρ
3437 448 3502 519 δὴ
3539 450 3704 521 μέγι-

427 520 775 589 perstitiouis
818 526 1088 583 studiosis
1135 530 1399 595 excitata.
1444 542 1694 590 exactam
1739 535 1806 591 ad
1842 538 2011 597 breve

430 620 653 682 tempus
685 614 1133 675 observationem
1169 621 1289 690 paci
1323 623 1735 693 posthabuisse.
1766 628 2013 688 Maxima:

429 704 580 759 enim
606 720 841 777 quaeque
870 710 1039 768 urbes
1069 713 1265 783 pelago
1290 714 1555 775 ﬂuctibus
1588 719 1863 792 exagitata
1887 741 2016 797 per-

432 798 666 866 similes,
723 816 791 857 ex
838 808 1112 862 sententia
1170 809 1415 876 civium,
1471 824 1581 868 non
1642 826 1750 869 tam
1794 832 2013 875 summa

433 890 616 961 legum
643 902 701 949 et
730 897 1197 955 constitutionem
1228 904 1633 975 observatione,
1661 924 1823 981 quam
1850 930 2018 986 expe-

433 982 731 1040 ditissimis
781 990 1032 1045 consiliis
1092 1001 1254 1061 atque
1302 995 1547 1066 judiciis,
1593 1000 1660 1055 ad
1710 982 2015 1074 pacem—et

434 1079 788 1134 concordiam
842 1082 1201 1151 facientibus,
1256 1090 1369 1157 regi
1418 1100 1584 1162 atque
1635 1096 2014 1156 administrari

435 1169 637 1224 solent.
671 1170 789 1237 Qua
828 1190 959 1229 vero
999 1180 1064 1234 de
1087 1194 1257 1234 causa
1287 1181 1506 1239 litteras
1550 1186 1715 1244 hasce
1749 1191 2014 1256 scribam.

435 1264 650 1333 accipe.
700 1267 867 1324 Novit
903 1271 1170 1327 sanctitas
1209 1287 1321 1337 tua,
1378 1290 1441 1333 ac
1488 1280 1673 1349 potius
1722 1280 1834 1340 illis
1884 1287 2019 1357 ipsis

434 1357 617 1411 oeulis
660 1358 930 1423 intuetur.
964 1365 1166 1434 quibus
1200 1370 1289 1437 qui
1338 1368 1392 1425 in
1441 1371 1648 1431 sanctis
1694 1389 1801 1440 σει,
1856 1377 2018 1435 Pater

439 1460 630 1507 noster
660 1451 1030 1526 Theophilus,
1081 1464 1390 1532 conspexit,
1421 1466 1601 1535 qualis
1634 1479 1691 1523 et
1722 1486 1893 1541 quam
1936 1474 2019 1527 in-

438 1556 576 1611 gens
605 1547 789 1610 turba,
823 1565 1074 1620 inagnam
1105 1555 1243 1611 hanc
1272 1558 1542 1615 invaserit
1575 1561 1765 1620 urbem
1801 1586 1813 1621 :
1853 1579 2018 1641 atque

440 1646 501 1691 ut
526 1637 580 1691 in
607 1653 675 1693 ea
713 1645 956 1699 sanctior
991 1646 1128 1703 iich
1162 1659 1219 1704 et
1251 1650 1447 1728 pictas,
1482 1668 1551 1710 ne
1583 1656 1832 1716 funditus
1857 1637 2021 1717 erue-

439 1740 617 1792 retur.
651 1735 957 1803 periclitata
983 1740 1059 1795 sit
1084 1756 1097 1793 :
1124 1742 1262 1799 adeo
1281 1746 1443 1800 etiam
1470 1757 1528 1803 ut
1547 1752 1785 1821 pepulits
1812 1756 2020 1827 majore

438 1840 508 1879 ex
531 1838 690 1895 parte
716 1843 818 1900 per
852 1829 1145 1891 factionem
1195 1840 1423 1907 scissus,
1470 1853 1621 1901 extra
1654 1861 1844 1904 muros
1888 1869 2021 1908 con-
2049 1832 2092 1889 Β

438 1929 640 1975 ventus
670 1926 846 1992 egerit
887 1944 903 1982 :
945 1936 1003 1983 et
1036 1928 1286 2003 plerique
1344 1937 1669 1995 sacerdotes
1708 1952 1763 1996 et
1799 1943 2021 2017 collegae

439 2012 620 2066 nostri
647 2015 915 2085 episcopi,
939 2032 969 2074 a
994 2030 1186 2076 mutua
1213 2027 1603 2085 communione
1626 2012 2018 2101 desciscentes,

444 2104 645 2161 bonam
676 2108 1073 2177 plantationcm
1124 2116 1337 2172 Domini
1386 2116 1514 2175 Jesu
1552 2119 1780 2190 Christi,
1826 2141 2021 2195 parum

443 2198 603 2254 abest
630 2203 760 2272 quin
805 2206 1130 2277 evulserint,
1179 2214 1330 2281 pacis
1373 2219 1762 2275 commoditate
1810 2220 2022 2277 scilicet

450 2293 857 2363 aliquantulum
910 2298 1198 2361 disrracta.
1254 2304 1512 2362 Sedenim
1553 2310 1727 2367 multo
1766 2326 1898 2367 sane
1935 2313 2021 2367 la-

443 2386 606 2455 bore,
650 2393 825 2447 multo
876 2392 1101 2460 sudore,
1135 2407 1191 2453 et
1220 2399 1483 2469 periculis
1534 2403 1724 2460 multis
1756 2406 2021 2475 despera-

444 2481 612 2539 tionis
642 2484 838 2554 plenis,
874 2489 1105 2557 plurima
1136 2501 1190 2546 et
1222 2494 1461 2551 maxima
1497 2510 1732 2570 quaeque
1774 2514 2024 2554 commu-

443 2576 598 2629 nium
650 2579 874 2635 Patrum
923 2595 1236 2641 nostrorum
1266 2597 1430 2657 atque
1458 2584 1626 2647 etiam
1666 2594 1886 2663 pietatis
1917 2605 2024 2652 tua:

446 2674 704 2739 precibus
759 2689 816 2729 et
864 2679 1274 2749 conspiratione
1334 2685 1512 2754 sopita
1560 2694 1689 2741 sunt
1739 2688 1896 2743 tnala.
1955 2688 2024 2745 Et

445 2764 611 2821 turba
656 2769 877 2837 quidem
916 2772 1005 2828 illa
1055 2775 1396 2847 conquievit,
1450 2781 1746 2837 concordia
1800 2798 1932 2839 vero
1967 2795 2023 2841 et

445 2871 638 2913 serena
672 2864 1043 2933 tranquillitas
1068 2868 1123 2921 in
1153 2868 1307 2925 orbis
1332 2871 1575 2929 universi
1603 2877 1852 2933 ecclesiis
1880 2878 2027 2933 obti-

444 2958 562 3004 net.
598 2948 733 3006 Cum
770 2970 899 3011 vero
931 2958 1185 3016 nonnulli
1217 2977 1418 3019 nomen
1446 2972 1657 3021 tantum
1686 2968 1830 3024 beati
1852 2968 2024 3025 Joan-

441 3043 536 3097 nis
564 3047 811 3118 mysticis
843 3049 1043 3109 tabulis
1071 3053 1301 3112 inscribi
1328 3056 1552 3125 vellent,
1584 3060 1783 3118 beatus
1805 3065 2024 3133 episco-

2113 561 2236 600 σται
2277 544 2391 599 τῶν
2421 545 2636 599 πόλεων
2682 545 3103 615 κυμαινομένης
3135 545 3415 614 θαλάσσης
3450 544 3703 615 κύμασιν

2111 637 2391 700 ἐοικυῖαι,
2439 637 2585 692 κατά
2632 636 2733 699 τὰς
2772 635 3003 704 γνώμας
3060 636 3173 691 τῶν
3214 635 3523 705 οἰκητόρων
3555 674 3571 695 .
3634 636 3697 687 οὐ

2111 730 2367 785 τοσοῦτον
2397 731 2587 797 νόμοις
2620 731 2717 785 καὶ
2750 730 3064 795 διατάξεσιν
3095 728 3349 801 ἀκριϐέσι
3401 731 3693 799 πεφύκασι

2114 824 2404 880 πείθεσθαι
2431 867 2446 891 ,
2502 827 2627 879 ὅσον
2656 824 3000 894 διακρίσεσιν
3032 824 3542 894 εύμεταχειρίστοις
3575 822 3699 891 βλε-

2114 921 2347 979 πούσαις
2378 919 2517 990 πρὸς
2540 920 2772 992 εἰρήνην
2810 917 2907 972 καὶ
2941 917 3276 987 σύμπνοιαν.
3306 918 3471 971 Ὀτου
3502 917 3560 971 δέ
3580 917 3699 999 .χά-

2115 1029 2204 1083 ριν
2248 1012 2516 1087 ἐκτίθημι
2545 1012 2715 1066 ταῦτα
2747 1012 2814 1067 τὰ
2846 1012 3175 1083 γράμματα,
3210 1010 3479 1080 μάνθανε.
3512 1010 3700 1077 Ἔγνω

2119 1127 2226 1163 που
2258 1111 2476 1172 πάντως
2509 1109 2542 1179 ἠ
2585 1109 2654 1180 σὴ
2681 1107 2920 1174 ὁσιότης.
2958 1108 3160 1176 μᾶλλον
3190 1107 3245 1160 δέ
3293 1105 3552 1160 τεθέαται
3584 1107 3698 1170 τιῑς

2113 1201 2415 1272 ὀφθαλμοῖς
2443 1200 2677 1262 ἐκείνοις
2726 1195 2927 1269 οἷσπερ
2971 1194 3118 1252 οίδεν
3152 1201 3182 1254 ὁ
3210 1199 3269 1252 ἐν
3299 1199 3478 1268 ἁγίοις
3506 1198 3701 1269 Πατὴρ

2118 1290 2275 1363 ἡμῶν
2302 1293 2331 1345 ὁ
2361 1290 2641 1359 Θεόφιλος.
2671 1289 2760 1343 οἵα
2787 1289 2879 1343 καὶ
2902 1292 3004 1361 ὅση
3036 1289 3252 1360 ταραχὴ
3280 1288 3556 1343 κατέλαϐε
3598 1287 3700 1357 τὴν

2116 1384 2517 1456 Μεγαλόπολιν·
2548 1387 2643 1438 καὶ
2674 1385 2823 1447 ὅπως
2848 1385 2911 1437 ἐκ
2941 1383 3049 1438 τῶν
3093 1383 3315 1455 βάθρων
3344 1381 3527 1436 αὐτῶν
3556 1384 3705 1433 inv-

2116 1480 2374 1534 δύνευσεν
2430 1480 2464 1551 ἠ
2519 1476 2750 1551 εὐσεϐὴς
2803 1477 2985 1542 πίστις
3037 1476 3516 1545 κατασεισθῆναι·
3554 1474 3700 1527 ὥστε

2120 1572 2214 1627 καὶ
2239 1572 2400 1629 αὑτὸν
2418 1573 2513 1626 τὸν
2542 1572 2679 1627 λεὼν
2708 1570 2993 1643 τμηθέντα
3017 1571 3096 1643 τῷ
3127 1572 3335 1624 πλείονι
3374 1571 3558 1641 μέρει,
3590 1567 3699 1621 τξιν

2120 1666 2317 1737 τειχῶν
2367 1666 2524 1728 ἐκτὸς
2559 1664 3049 1736 συναθροίζεσθαι,
3102 1666 3200 1719 καὶ
3250 1666 3377 1728 τοὺς
3420 1663 3603 1734 lepis;
3635 1677 3698 1715 τι

2123 1762 2220 1812 καὶ
2246 1760 2686 1823 συνεπισκὸπους
2718 1758 3109 1831 ἀπορραγῆναι
3140 1758 3240 1828 τῆς
3274 1757 3409 1828 πρὸς
3431 1753 3698 1824 ἀλλήλους

2122 1852 2432 1917 κοινωνίας,
2461 1852 2560 1923 τὴν
2590 1852 2806 1920 ἀγαθὴν
2840 1852 3070 1921 φυτείαν
3103 1851 3199 1905 τοῦ
3247 1851 3523 1905 Δεσπότου
3560 1847 3695 1918 Χρι-

2123 1945 2276 2010 στοῦ,
2308 1945 2369 1999 τὸ
2411 1946 2511 2017 τῆς
2542 1947 2769 2017 είρήνης
2822 1944 2969 2013 λέγω
2996 1945 3190 2009 καλὸν,
3225 1943 3427 2014 μικροῦ
3458 1942 3694 1996 διασπά-

2123 2052 2347 2099 σαντας.
2383 2037 2589 2107 Διόπερ
2632 2033 2816 2107 πολλῷ
2848 2036 2952 2106 μὲν
2989 2037 3160 2107 πόνῳ,
3194 2035 3383 2106 πολλῷ
3414 2036 3469 2088 δὲ
3507 2031 3696 2106 ίδρῶτι

2122 2130 2219 2183 καὶ
2256 2129 2525 2193 κινδύνοις
2562 2130 2826 2201 γέμουσιν
2864 2128 3233 2199 ἀπογνώσεως
3288 2130 3357 2184 τὰ
3401 2127 3570 2182 πλείω
3602 2129 3699 2181 καὶ

2122 2219 2499 2290 προτιμότερα
2528 2221 2919 2290 ,προσευχαῖς
2974 2234 3036 2271 τε
3086 2220 3185 2273 καὶ
3212 2219 3539 2290 συμπνοίαις
3585 2215 3699 2271 τῶν

2122 2311 2316 2367 κοινῶν
2352 2292 2610 2382 Πατέρων
2653 2311 2833 2384 ἡμῶν,
2868 2310 2949 2363 ἐτι
2999 2326 3061 2379 γε
3098 2308 3206 2380 μὴν
3239 2309 3339 2364 καὶ
3382 2309 3480 2380 τῆς
3509 2310 3695 2363 θεοσε-

2123 2403 2298 2469 ϐείας,
2331 2404 2515 2476 ἐκείνη
2567 2405 2665 2477 μὲν
2706 2405 3090 2475 κατηυνάσθηο
3126 2404 3356 2475 ὁμόνοια
3382 2403 3437 2456 δέ
3463 2402 3560 2456 καὶ
3593 2417 3700 2471 γα-

2123 2496 2260 2566 λήνη
2285 2500 2506 2569 κατέχει
2534 2497 2632 2562 τὰς
2677 2496 2824 2553 κατά
2868 2499 2971 2569 τὴν
3001 2497 3330 2571 οἰκουμένην
3374 2496 3698 2567 ἐκκλησίας.

2134 2590 2359 2661 Ἐπειδὴ
2403 2592 2460 2645 δέ
2497 2608 2647 2657 τινες
2695 2591 2798 2663 τὴν
2850 2590 3235 2662 προσηγορίαν
3267 2591 3428 2662 μόνον
3462 2590 3555 2643 τοῦ
3591 2607 3703 2659 μαο

2122 2681 2317 2753 καρίου
2344 2682 2601 2739 Ἰωάννου
2655 2684 2775 2748 ταῖς
2829 2684 3123 2754 μυστικαῖς
3178 2684 3388 2747 δέλτοις
3416 2684 3703 2753 γραφῆναι

2124 2775 2424 2847 ἠθέλησαν·
2462 2775 2606 2833 ὥστε
2639 2777 2734 2833 καὶ
2764 2774 2857 2831 τδν
2913 2777 3189 2849 μακάριον
3221 2778 3519 2833 ἐπίσκοπον
3551 2774 3709 2830 Ἀλέ-

2127 2868 2374 2941 ξανδρον,
2408 2869 2502 2925 τὸν
2531 2870 2633 2942 τῆς
2682 2869 3028 2941 Ἀντιοχείας
3091 2871 3255 2941 φημὶ,
3303 2871 3603 2925 ἐπιστάντα
3629 2873 3702 2938 τῇ

2126 2959 2531 3029 Μεγαλοπόλει,
2563 2959 2739 3016 πολλά
2788 2961 3267 3031 θρασυπομῆσαι,
3305 2960 3478 3015 πολλά
3524 2959 3580 3014 δι
3610 2960 3709 3012 καὶ

2124 3052 2253 3117 τοὺς
2280 3050 2441 3116 λαοὺς
2462 3054 2754 3127 ἐπεγεῖραι
2788 3051 3035 3122 θελῆσαιο
3069 3050 3213 3106 ὥστε
3255 3052 3352 3106 καὶ
3399 3052 3477 3124 μὴ
3515 3050 3711 3121 paulo-

443 3152 550 3209 pus
602 3140 941 3211 Alexander,
993 3146 1399 3205 Antiochenum
1461 3155 1625 3209 istum
1673 3156 1819 3223 dico,
1857 3156 2021 3235 [.92

2128 3145 2310 3215 μένων
2338 3147 2494 3215 ἡμῶν
2523 3147 2839 3216 ἀναγκάσαι
2871 3147 3152 3219 γραφῆναι
3182 3146 3243 3201 τὸ
3265 3146 3361 3201 τοῦ
3393 3161 3710 3245 μνημονευ-

443 3231 984 3307 Constantinopolim
1040 3241 1224 3308 venit,
1255 3252 1311 3299 et
1356 3246 1527 3301 multa
1565 3261 1659 3303 ore
1715 3228 2018 3306 conﬁdenti

2127 3239 2313 3302 θέντος
2346 3240 2541 3312 ὄνομα.
2578 3240 2764 3312 ’Δπερ
2803 3241 2943 3311 μετά
2992 3238 3285 3309 ἀκριϐείας
3314 3240 3540 3308 ἁπάσης
3576 3237 3708 3306 ἐξη-

443 3327 617 3383 verba
673 3329 804 3386 fecit
858 3347 874 3385 :
918 3334 1391 3408 vehementerque
1446 3340 1691 3398 excitare
1751 3346 2018 3415 populum

444 3420 647 3489 voluit,
682 3432 743 3478 ut
783 3424 868 3479 vel
902 3426 1062 3484 nobis
1095 3428 1308 3497 invitis,
1354 3436 1669 3491 necessario
1706 3437 1827 3508 ejus
1855 3453 2020 3507 quem

444 3511 711 3578 diximus,
757 3533 958 3575 nomen
990 3522 1064 3576 ita
1102 3521 1521 3582 inscriberetur.
1558 3527 1733 3595 Quam
1778 3546 1893 3586 rem
1931 3546 2024 3587 ac-

444 3619 637 3667 curate
668 3628 897 3682 prorsus
933 3616 1126 3685 pietati
1157 3626 1287 3685 ture,
1320 3618 1561 3677 ministri
1599 3624 1695 3678 Dei
1727 3625 2027 3697 religiosis-

444 3704 575 3759 simi
641 3705 887 3771 diaconi,
950 3708 1148 3766 Petrus
1201 3721 1261 3768 et
1309 3711 1569 3772 Edesius
1623 3730 2021 3787 exposuerunt.

445 3798 721 3857 Praeteriit
779 3813 999 3874 tempus
1040 3805 1291 3877 longum,
1337 3817 1393 3863 et
1426 3824 1528 3865 nos
1584 3812 1920 3869 necessitate
1960 3828 2025 3869 ea

447 3909 577 3965 qua
620 3909 651 3949 a
689 3898 951 3967 populari
1004 3915 1187 3954 rerum
1228 3902 1713 3960 administratione
1745 3907 2025 3976 provenit,

447 3986 629 4055 premi
702 3987 1149 4059 incipiebamus,
1213 4006 1397 4062 neque
1466 4001 1651 4050 tamen
1722 3997 2026 4069 quidquam

448 4079 769 4136 schismatis
798 4092 855 4136 et
893 4081 1111 4138 dissidii
1162 4082 1425 4155 reliquias
1459 4086 1793 4143 curabamus
1846 4109 1858 4143 :
1904 4104 2030 4147 cum

448 4174 518 4229 ad
548 4189 653 4230 nos
684 4190 751 4231 ex
781 4173 1010 4233 Oriente
1046 4178 1139 4232 Dei
1170 4178 1532 4235 amantissimi
1566 4182 1863 4252 episcopus
1889 4184 2029 4239 Aca-

448 4269 572 4325 cius
608 4268 824 4327 litteras
868 4270 1045 4336 dedit,
1073 4270 1555 4344 religiosissimum
1587 4276 1887 4331 antistitem
1922 4276 2033 4331 An-

452 4362 675 4418 tiochia:
707 4361 1056 4420 Theodotum
1083 4380 1114 4419 a
1142 4365 1369 4435 populo,
1402 4374 1460 4421 ut
1489 4380 1691 4422 nomen
1722 4368 1950 4424 Joannis
1975 4371 2029 4426 in

450 4473 641 4514 sacras
676 4458 895 4515 tabulas
941 4458 1197 4524 referret,
1246 4470 1500 4516 coactum
1539 4476 1682 4530 esse,
1722 4474 1781 4519 ut
1813 4465 2032 4522 veniam

2122 3334 2366 3402 γήσαντό
2404 3350 2507 3387 που
2556 3333 2777 3397 πάντως
2813 3333 2881 3404 τῇ
2928 3333 2993 3401 σῇ
3026 3332 3312 3403 θεοσεϐείᾳ
3359 3332 3409 3386 οί
3441 3328 3535 3385 τοῦ
3564 3328 3711 3382 Θεοῦ

2121 3426 2299 3481 δοῦλοι
2347 3426 2731 3485 εὺλαὸέστατοι
2763 3426 3002 3482 διάκονοι
3059 3428 3270 3498 Πέτρος
3300 3426 3397 3479 καὶ
3437 3425 3707 3487 Αίδέσιος.

2127 3522 2335 3589 Χρόνου
2369 3524 2423 3579 6i
2458 3522 2654 3577 πολλοῦ
2699 3521 3168 3593 παρεληλυθότος,
3204 3521 3299 3574 καὶ
3324 3522 3357 3594 ἡ
3370 3520 3488 3589 μῶν
3514 3522 3713 3590 βιαστ-

2132 3619 2309 3691 μένων
2345 3616 2443 3689 τὴν
2493 3619 2558 3671 ἐκ
2603 3616 2701 3689 τῆς
2727 3615 3105 3687 δημοκρατίας
3138 3614 3409 3686 ἀνάγκην,
3446 3616 3540 3669 καὶ
3568 3615 3710 3668 κατά

2131 3710 2299 3782 μηδὲν
2321 3708 2797 3780 ὲπιστρεφομένων
2831 3709 2966 3778 πρὸς
2986 3709 3047 3761 τὸ
3075 3708 3173 3762 τοῦ
3203 3706 3503 3779 σχίσματος
3522 3704 3701 3776 λείψα-

2131 3822 2243 3869 νον,
2290 3804 2571 3874 γέγραφεν
2617 3803 2751 3873 ἡμῖν
2792 3802 2855 3855 ἐκ
2885 3801 2984 3873 τῆς
3024 3798 3201 3872 Ἐῲας
3229 3804 3257 3855 ὁ
3287 3800 3709 3871 θεοφιλέστατος

2131 3900 2431 3962 ἐπίσκοπος
2484 3897 2770 3966 Ἀκάκιος,
2820 3896 2914 3951 τὸν
2958 3896 3356 3951 εὐλαόἐστατον
3405 3894 3712 3948 ἐπίσκοπον

2129 3994 2229 4060 τῆς
2276 3990 2605 4062 Ἀντιοχείας
2664 3990 2921 4045 Θεόδοτον
2975 3987 3496 4060 συναναγκασθῆναι
3556 3988 3712 4057 παρὰ

2131 4088 2243 4141 τῶν
2282 4086 2469 4155 δήμων
2498 4086 2597 4157 τὴν
2628 4083 3008 4159 προσηγορίαν
3048 4084 3302 4137 Ἰωάννου
3334 4082 3546 4154 γράψαι
3568 4098 3581 4111 ·
3613 4083 3710 4134 καὶ

2132 4183 2316 4253 ᾐτεῖτο
2349 4182 2653 4251 συγγνώμη
2684 4181 2837 4249 ἡμᾶς
2872 4178 3181 4248 παρασχεῖν
3207 4177 3287 4245 τῷ
3326 4177 3433 4231 ὑπὸ
3465 4176 3711 4244 ἀνάγκης

2132 4276 2294 4328 τοῦτο
2325 4274 2713 4344 πεποιηκέναι’
2741 4274 2830 4330 ὅτε
2862 4272 3117 4340 γενναῖος
3146 4271 3360 4333 ἐκεῖνος
3394 4271 3506 4323 τῶν
3528 4286 3714 4339 γραμ-

2138 4368 2327 4440 μάτων
2365 4368 2725 4438 διακομιστὴς
2757 4363 3133 4437 πρεσϐύτερος
3161 4363 3299 4434 ἔφθη
3337 4366 3712 4432 κατασπεῖραι

2136 4464 2231 4517 τὶν
2260 4461 2416 4530 λόγον
2448 4460 2527 4531 τῷ
2570 4459 2770 4532 πλήθει
2798 4458 2898 4530 τῆς
2936 4457 3364 4526 Μεγαλοπόλεως
3387 4498 3400 4522 ,
3437 4458 3538 4527 τῆς
3579 4458 3715 4509 ὑπο-

452 4553 533 4607 rei
567 4552 619 4607 ei
646 4568 812 4625 quam
844 4553 1173 4609 necessitate
1203 4554 1295 4609 ille
1314 4554 1838 4624 adductusfecisset,
1868 4558 2025 4616 dare-

2138 4554 2342 4619 θέσεως
2379 4553 2542 4625 χάριν
2582 4549 2649 4623 ἦς
2702 4553 2963 4623 ἀφίκετο·
3006 4552 3100 4605 τόν
3144 4567 3202 4605 τε
3250 4548 3375 4604 νοῦν
3428 4549 3538 4603 τῶν
3575 4553 3716 4621 πρ“ς

453 4662 600 4713 mus,
633 4658 849 4719 petens.
884 4648 955 4703 Et
990 4657 1102 4704 tum
1136 4649 1316 4707 bonus
1344 4651 1435 4705 ille
1463 4652 1556 4722 qui
1586 4652 1801 4709 litteras
1829 4653 1895 4720 ad
1932 4670 2036 4710 nos

452 4741 689 4811 pertulit
720 4742 1031 4813 presbyter,
1072 4757 1294 4798 causam
1328 4745 1598 4802 adventus
1628 4746 1716 4802 sui
1757 4746 2033 4816 indicans,

453 4848 573 4887 rem
624 4832 768 4889 hanc
820 4833 877 4889 iu
916 4833 1111 4906 vulgus
1150 4850 1361 4907 magnae
1416 4833 1574 4891 urbis
1612 4836 1942 4907 propalavit.
1978 4847 2036 4893 et

455 4928 788 4983 sententiam
819 4927 958 4984 datae
988 4930 1054 4983 ad
1089 4946 1189 4985 nos
1227 4931 1474 5002 epistolm
1502 4932 1709 5003 populo
1740 4931 1982 5004 vulgavit
2019 4950 2033 4987 :

455 5022 596 5077 adeo
629 5033 689 5076 ut
724 5038 915 5093 parum
954 5023 1217 5090 abfuerit,
1253 5025 1386 5094 quin
1428 5026 1664 5081 tumultu
1707 5025 1883 5096 plebis
1916 5028 2039 5082 uni-

454 5132 633 5173 versae
670 5118 802 5175 urbs
844 5119 1055 5190 repleta
1102 5120 1196 5175 sit.
1240 5120 1317 5175 lbi
1367 5135 1501 5175 vero
1534 5137 1657 5192 ego,
1701 5121 1778 5176 ibi
1813 5122 2034 5177 demum

454 5212 841 5281 perturbatus,
873 5225 928 5269 et
963 5213 1031 5269 de
1059 5214 1228 5269 rebus
1266 5214 1521 5270 maximis
1554 5214 1851 5270 discrimen
1882 5232 2033 5271 sums

458 5320 608 5358 mum
638 5307 873 5373 veritus,
903 5308 1212 5377 piissimum
1241 5308 1630 5377 imperatorem
1660 5308 1790 5372 adii,
1828 5317 1885 5363 et
1911 5324 2036 5364 cum

457 5416 526 5454 eo
561 5403 627 5454 de
676 5418 810 5471 pace
859 5410 916 5456 et
952 5402 1256 5470 tranquillo
1288 5415 1472 5455 rerum
1509 5408 1653 5455 statu
1700 5400 1808 5471 egi.
1859 5400 2038 5471 Atque

459 5494 549 5548 ille
587 5494 721 5548 nihil
770 5511 894 5550 esse
936 5496 1165 5564 periculi
1222 5504 1315 5549 aut
1362 5494 1692 5549 incommodi
1727 5495 2037 5565 respondit,

458 5587 503 5640 si
559 5586 807 5643 defuncti
854 5588 959 5643 viri
1024 5603 1249 5650 nomen,
1305 5586 1743 5656 tranqui!litatis,
1797 5586 1948 5657 pacis
1983 5596 2040 5641 et

460 5683 649 5751 populi
699 5681 1013 5738 concordia:
1051 5682 1226 5753 gratia
1260 5679 1683 5735 inscriberetur.
1717 5680 1908 5748 Itaque
1936 5695 2039 5750 ego

459 5794 522 5830 cn
562 5792 617 5831 re
660 5793 975 5847 persuasus,
1010 5776 1311 5847 (quomodo
1349 5774 1498 5829 enim
1532 5773 1859 5829 necessitate
1904 5788 2042 5845 prte-

463 5876 660 5922 trntus
702 5867 755 5924 id
795 5883 908 5924 non
944 5869 1177 5927 facerem
1194 5867 1239 5939 ἲ)
1280 5882 1349 5922 ne
1385 5864 1668 5936 religionis
1710 5875 1909 5919 nostra:
1954 5880 2041 5921 res

2136 4647 2287 4717 ἡμᾶς
2334 4645 2688 4716 γραμμάτων
2734 4641 3142 4713 διεπόρθμευσε
3197 4642 3311 4705 τοίς
3368 4642 3543 4707 λαοῖς,
3572 4642 3716 4694 ὥστε

2140 4737 2460 4808 συγχύσεως
2499 4735 2701 4808 μικροῦ
2750 4736 2862 4789 δεῖν
2912 4735 3004 4789 τὸν
3057 4735 3216 4807 ὄχλον
3255 4737 3435 4789 πάντα
3471 4735 3723 4805 ἀναπληη

2140 4830 2354 4902 σθῆναι.
2380 4829 2518 4884 Τότε
2541 4828 2629 4901 δη,
2657 4827 2777 4882 τότε
2808 4825 3132 4899 θορυϐηθεὶς
3164 4827 3298 4896 ἐγὼ,
3328 4828 3427 4881 καὶ
3458 4828 3550 4880 τὸν
3571 4828 3718 4897 ὑπὲρ

2138 4924 2247 4978 τῶν
2288 4923 2563 4992 μεγίστων
2611 4920 2860 4976 κίνδυνον
2911 4921 3291 4985 ὑποπτεύσας,
3338 4924 3437 4977 καὶ
3466 4923 3595 4994 περὶ
3624 4923 3719 4974 τὸν

2140 5016 2538 5071 εὺσεσὲσσατον
2570 5014 2799 5085 βασιλέα
2829 5015 3147 5084 γενόμενος,
3178 5016 3315 5085 περὶ
3358 5014 3458 5085 τῆς
3492 5017 3721 5088 εἰρήνης

2140 5111 2237 5163 καὶ
2292 5108 2392 5178 τῆς
2427 5107 2754 5170 εὐσταθείας
2807 5107 3112 5177 ἐποιούμην
3170 5107 3262 5160 τὸν
3320 5107 3500 5175 λόγον.
3548 5107 3607 5161 Ὅ
3660 5107 3720 5160 δὲ

2141 5205 2477 5274 ἁπεκρίνατο
2534 5200 2703 5273 μηδὲν
2760 5196 2903 5255 εἶναι
2940 5199 3140 5270 βλάϐος
3178 5201 3419 5274 γράφειν
3443 5198 3723 5268 ἀπεληλυο

2142 5300 2295 5364 οότος
2325 5297 2517 5368 ἀνδρδς
2552 5294 2729 5366 ὄνομα
2774 5292 2919 5364 ὑπὲρ
2972 5294 3073 5363 τῆς
3122 5292 3447 5357 εὐσταθείας
3492 5292 3723 5358 καὶτῆς

2140 5394 2252 5448 τῶν
2280 5392 2429 5445 λαῶν
2462 5388 2720 5460 ὁμονοίας
2762 5405 2823 5441 τε
2851 5388 2947 5441 καὶ
2976 5387 3224 5459 είρὴνης.
3259 5386 3371 5441 Καὶ
3400 5385 3581 5439 τοίνυν
3608 5384 3722 5451 ἐγὼ

2142 5488 2359 5548 τούτοις
2410 5481 2684 5547 πεισθεὶς,
2743 5480 2838 5535 καὶ
2894 5480 3013 5546 πῶς
3051 5480 3162 5549 γὰρ
3191 5480 3292 5532 οὐκ
3322 5478 3550 5545 ἔμελλον
3587 5494 3723 5547 προσ

2144 5580 2356 5652 φθάσας
2390 5577 2491 5647 τὴν
2519 5576 2810 5644 ἀνάγκην;
2844 5573 2986 5626 ὥστε
3039 5572 3116 5646 μὴ
3172 5573 3428 5641 γενέσθαι
3468 5572 3541 5626 τὰ
3585 5573 3721 5626 καθ’

2144 5677 2292 5746 ἡμᾶς
2322 5670 2652 5728 ἀκολουθίαν
2698 5669 2793 5724 τοῦ
2830 5667 3092 5741 πλήθους,
3126 5671 3267 5740 μήτε
3302 5666 3410 5741 μὴν
3439 5666 3722 5739 ἐθισθῆναι

2145 5776 2224 5835 εἰς
2250 5766 2633 5841 δημοκρατίαν
2666 5766 2765 5837 τὴν
2794 5762 2970 5819 πόλιν⁸
3005 5764 3289 5834 γραφῆναι
3320 5760 3721 5835 παρεσκεύασα

2146 5864 2245 5935 τὴν
2287 5861 2689 5935 προσηγορίαν
2725 5858 2899 5926 οὐδὲν,
2932 5858 3009 5923 ὡς
3043 5854 3224 5931 οἶμαι,
3260 5855 3386 5912 οὔτε
3412 5856 3493 5923 είς
3527 5853 3722 5917 αὐτοὺς
