  <div class='ocr_page' id='page_1' title='image "/cluster/home/n/w/nwhite01/storage/ocr_20150623/146/mdp.39015078384776/578.png"; bbox 0 0 3946 6196; ppageno 0'>
   <div class='ocr_carea' id='block_1_1' title="bbox 306 319 447 388">
    <p class='ocr_par' dir='ltr' id='par_1_1' title="bbox 306 319 447 388">
     <span class='ocr_line' id='line_1_1' title="bbox 306 319 447 388; baseline 0.007 -1"><span class='ocrx_word' id='word_1_1' title='bbox 306 319 447 388; x_wconf 68' lang='grc'><strong>1441</strong></span> 
     </span>
    </p>
   </div>
   <div class='ocr_carea' id='block_1_2' title="bbox 1233 333 2641 407">
    <p class='ocr_par' dir='ltr' id='par_1_2' title="bbox 1233 333 2641 407">
     <span class='ocr_line' id='line_1_2' title="bbox 1233 333 2641 407; baseline 0.007 -10"><span class='ocrx_word' id='word_1_2' title='bbox 1233 333 1827 401; x_wconf 75' lang='lat' dir='ltr'><strong>ECCLESIASTlC/E</strong></span> <span class='ocrx_word' id='word_1_3' title='bbox 1868 338 2250 403; x_wconf 79' lang='lat' dir='ltr'><strong>HISTORIIE</strong></span> <span class='ocrx_word' id='word_1_4' title='bbox 2291 342 2442 407; x_wconf 86' lang='lat' dir='ltr'><strong>LIB.</strong></span> <span class='ocrx_word' id='word_1_5' title='bbox 2483 343 2641 407; x_wconf 79' lang='lat' dir='ltr'><strong>XIV.</strong></span> 
     </span>
    </p>
   </div>
   <div class='ocr_carea' id='block_1_3' title="bbox 3423 344 3564 409">
    <p class='ocr_par' dir='ltr' id='par_1_3' title="bbox 3423 344 3564 409">
     <span class='ocr_line' id='line_1_3' title="bbox 3423 344 3564 409; baseline -0.007 0"><span class='ocrx_word' id='word_1_6' title='bbox 3423 344 3564 409; x_wconf 67' lang='grc'><strong>1142</strong></span> 
     </span>
    </p>
   </div>
   <div class='ocr_carea' id='block_1_4' title="bbox 302 444 1884 535">
    <p class='ocr_par' dir='ltr' id='par_1_4' title="bbox 302 444 1881 532">
     <span class='ocr_line' id='line_1_4' title="bbox 302 444 1881 532; baseline 0.012 -37"><span class='ocrx_word' id='word_1_7' title='bbox 302 444 439 509; x_wconf 77' lang='grc' dir='ltr'>τοὺς</span> <span class='ocrx_word' id='word_1_8' title='bbox 466 444 698 511; x_wconf 77' lang='grc' dir='ltr'><strong>κανόνας</strong></span> <span class='ocrx_word' id='word_1_9' title='bbox 737 449 1094 522; x_wconf 78' lang='grc' dir='ltr'>ἡμαρτηκὼς.</span> <span class='ocrx_word' id='word_1_10' title='bbox 1133 454 1259 511; x_wconf 72' lang='grc' dir='ltr'>οὔτε</span> <span class='ocrx_word' id='word_1_11' title='bbox 1305 457 1412 528; x_wconf 70' lang='grc' dir='ltr'>μὴν</span> <span class='ocrx_word' id='word_1_12' title='bbox 1455 462 1521 532; x_wconf 75' lang='grc' dir='ltr'><strong>τῇ</strong></span> <span class='ocrx_word' id='word_1_13' title='bbox 1550 460 1737 529; x_wconf 87' lang='grc' dir='ltr'>κρίσει</span> <span class='ocrx_word' id='word_1_14' title='bbox 1770 460 1881 515; x_wconf 79' lang='grc' dir='ltr'>τῶν</span> 
     </span>
    </p>
   </div>
   <div class='ocr_carea' id='block_1_5' title="bbox 1985 444 3558 535">
    <p class='ocr_par' dir='ltr' id='par_1_5' title="bbox 1985 460 3558 535">
     <span class='ocr_line' id='line_1_5' title="bbox 1985 460 3558 535; baseline 0.003 -20"><span class='ocrx_word' id='word_1_15' title='bbox 1985 474 2047 515; x_wconf 79' lang='lat' dir='ltr'><strong>ex</strong></span> <span class='ocrx_word' id='word_1_16' title='bbox 2104 460 2477 517; x_wconf 65' lang='lat' dir='ltr'><strong>multitudinis</strong></span> <span class='ocrx_word' id='word_1_17' title='bbox 2516 462 2768 531; x_wconf 88' lang='lat' dir='ltr'><strong>arbitrio,</strong></span> <span class='ocrx_word' id='word_1_18' title='bbox 2824 463 3077 535; x_wconf 77' lang='lat' dir='ltr'><strong>exemplo</strong></span> <span class='ocrx_word' id='word_1_19' title='bbox 3125 478 3233 519; x_wconf 88' lang='lat' dir='ltr'><strong>uno</strong></span> <span class='ocrx_word' id='word_1_20' title='bbox 3269 464 3558 533; x_wconf 87' lang='lat' dir='ltr'><strong>permisso,</strong></span> 
     </span>
    </p>
   </div>
   <div class='ocr_carea' id='block_1_6' title="bbox 306 534 1882 624">
    <p class='ocr_par' dir='ltr' id='par_1_6' title="bbox 306 534 1882 624">
     <span class='ocr_line' id='line_1_6' title="bbox 306 534 1882 624; baseline 0.013 -37"><span class='ocrx_word' id='word_1_21' title='bbox 306 534 576 605; x_wconf 81' lang='grc' dir='ltr'>Πατέρων</span> <span class='ocrx_word' id='word_1_22' title='bbox 616 536 1119 615; x_wconf 79' lang='grc' dir='ltr'><strong>διαλυμηνάμενος.</strong></span> <span class='ocrx_word' id='word_1_23' title='bbox 1150 545 1567 619; x_wconf 76' lang='grc' dir='ltr'>Μνημονεύεται</span> <span class='ocrx_word' id='word_1_24' title='bbox 1601 554 1709 624; x_wconf 80' lang='grc' dir='ltr'>γὰρ</span> <span class='ocrx_word' id='word_1_25' title='bbox 1744 553 1882 622; x_wconf 82' lang='grc' dir='ltr'><strong>μετά</strong></span> 
     </span>
    </p>
   </div>
   <div class='ocr_carea' id='block_1_7' title="bbox 304 626 1882 708">
    <p class='ocr_par' dir='ltr' id='par_1_7' title="bbox 304 626 1882 708">
     <span class='ocr_line' id='line_1_7' title="bbox 304 626 1882 708; baseline 0.014 -29"><span class='ocrx_word' id='word_1_26' title='bbox 304 626 430 681; x_wconf 82' lang='grc' dir='ltr'><strong>τῶν</strong></span> <span class='ocrx_word' id='word_1_27' title='bbox 452 629 872 701; x_wconf 72' lang='grc' dir='ltr'><strong>ἀπεληλυθότων</strong></span> <span class='ocrx_word' id='word_1_28' title='bbox 918 637 979 690; x_wconf 78' lang='grc' dir='ltr'>οὐ</span> <span class='ocrx_word' id='word_1_29' title='bbox 1031 640 1194 707; x_wconf 77' lang='grc' dir='ltr'>μόνον</span> <span class='ocrx_word' id='word_1_30' title='bbox 1229 644 1581 708; x_wconf 78' lang='grc' dir='ltr'>ἐπισκόπων,</span> <span class='ocrx_word' id='word_1_31' title='bbox 1610 646 1748 700; x_wconf 82' lang='grc' dir='ltr'><strong>ἀλλά</strong></span> <span class='ocrx_word' id='word_1_32' title='bbox 1785 648 1882 701; x_wconf 75' lang='grc' dir='ltr'><strong>καὶ</strong></span> 
     </span>
    </p>
   </div>
   <div class='ocr_carea' id='block_1_8' title="bbox 308 721 1881 809">
    <p class='ocr_par' dir='ltr' id='par_1_8' title="bbox 308 721 1881 809">
     <span class='ocr_line' id='line_1_8' title="bbox 308 721 1881 809; baseline 0.015 -37"><span class='ocrx_word' id='word_1_33' title='bbox 308 721 731 795; x_wconf 73' lang='grc' dir='ltr'>πρεσϐυτέρων,</span> <span class='ocrx_word' id='word_1_34' title='bbox 756 730 854 782; x_wconf 77' lang='grc' dir='ltr'>καὶ</span> <span class='ocrx_word' id='word_1_35' title='bbox 874 729 1159 798; x_wconf 85' lang='grc' dir='ltr'>διακόνων,</span> <span class='ocrx_word' id='word_1_36' title='bbox 1189 737 1284 790; x_wconf 75' lang='grc' dir='ltr'>καὶ</span> <span class='ocrx_word' id='word_1_37' title='bbox 1308 736 1532 805; x_wconf 83' lang='grc' dir='ltr'>λαῖκῶν,</span> <span class='ocrx_word' id='word_1_38' title='bbox 1558 741 1656 794; x_wconf 71' lang='grc' dir='ltr'>καὶ</span> <span class='ocrx_word' id='word_1_39' title='bbox 1692 758 1881 809; x_wconf 88' lang='grc' dir='ltr'>γυναι-</span> 
     </span>
    </p>
   </div>
   <div class='ocr_carea' id='block_1_9' title="bbox 305 817 1882 904">
    <p class='ocr_par' dir='ltr' id='par_1_9' title="bbox 305 817 1882 904">
     <span class='ocr_line' id='line_1_9' title="bbox 305 817 1882 904; baseline 0.016 -38"><span class='ocrx_word' id='word_1_40' title='bbox 305 817 448 868; x_wconf 78' lang='grc' dir='ltr'><strong>κῶνο</strong></span> <span class='ocrx_word' id='word_1_41' title='bbox 493 818 631 889; x_wconf 74' lang='grc' dir='ltr'>πρὸς</span> <span class='ocrx_word' id='word_1_42' title='bbox 678 820 770 883; x_wconf 78' lang='grc' dir='ltr'>οὓς</span> <span class='ocrx_word' id='word_1_43' title='bbox 806 822 1051 890; x_wconf 67' lang='grc' dir='ltr'>ἃπαντας</span> <span class='ocrx_word' id='word_1_44' title='bbox 1096 828 1197 883; x_wconf 81' lang='grc' dir='ltr'>οὐκ</span> <span class='ocrx_word' id='word_1_45' title='bbox 1244 830 1394 885; x_wconf 71' lang='grc' dir='ltr'>εστιν</span> <span class='ocrx_word' id='word_1_46' title='bbox 1444 836 1580 904; x_wconf 72' lang='grc' dir='ltr'>ἡμῖν</span> <span class='ocrx_word' id='word_1_47' title='bbox 1624 837 1882 891; x_wconf 72' lang='grc' dir='ltr'><strong>κοινωνία</strong></span> 
     </span>
    </p>
   </div>
   <div class='ocr_carea' id='block_1_10' title="bbox 310 909 1883 1001">
    <p class='ocr_par' dir='ltr' id='par_1_10' title="bbox 310 909 1883 1001">
     <span class='ocr_line' id='line_1_10' title="bbox 310 909 1883 1001; baseline 0.016 -41"><span class='ocrx_word' id='word_1_48' title='bbox 310 909 648 980; x_wconf 85' lang='grc' dir='ltr'>ῖερωσύνης,</span> <span class='ocrx_word' id='word_1_49' title='bbox 679 914 800 969; x_wconf 66' lang='grc' dir='ltr'>οὐδὲ</span> <span class='ocrx_word' id='word_1_50' title='bbox 826 918 1113 985; x_wconf 80' lang='grc' dir='ltr'><strong>μετάδοσις</strong></span> <span class='ocrx_word' id='word_1_51' title='bbox 1139 921 1252 975; x_wconf 85' lang='grc' dir='ltr'><strong>τῶν</strong></span> <span class='ocrx_word' id='word_1_52' title='bbox 1299 924 1392 978; x_wconf 65' lang='lat' dir='ltr'><strong>tul</strong></span> <span class='ocrx_word' id='word_1_53' title='bbox 1432 926 1527 994; x_wconf 83' lang='grc' dir='ltr'>τῆς</span> <span class='ocrx_word' id='word_1_54' title='bbox 1561 928 1724 995; x_wconf 84' lang='grc' dir='ltr'>άγίας</span> <span class='ocrx_word' id='word_1_55' title='bbox 1748 947 1883 1001; x_wconf 85' lang='grc' dir='ltr'>τρα-</span> 
     </span>
    </p>
   </div>
   <div class='ocr_carea' id='block_1_11' title="bbox 307 1002 1882 1093">
    <p class='ocr_par' dir='ltr' id='par_1_11' title="bbox 307 1002 1882 1093">
     <span class='ocr_line' id='line_1_11' title="bbox 307 1002 1882 1093; baseline 0.016 -39"><span class='ocrx_word' id='word_1_56' title='bbox 307 1002 493 1093; x_wconf 67' lang='grc' dir='ltr'>πέζης</span> <span class='ocrx_word' id='word_1_57' title='bbox 538 1008 820 1075; x_wconf 83' lang='grc' dir='ltr'><strong>μυστικῶς</strong></span> <span class='ocrx_word' id='word_1_58' title='bbox 869 1013 1229 1083; x_wconf 79' lang='grc' dir='ltr'>τελουμένων.</span> <span class='ocrx_word' id='word_1_59' title='bbox 1264 1018 1406 1073; x_wconf 77' lang='grc' dir='ltr'>Πολὺ</span> <span class='ocrx_word' id='word_1_60' title='bbox 1455 1020 1564 1093; x_wconf 82' lang='grc' dir='ltr'>γὰρ</span> <span class='ocrx_word' id='word_1_61' title='bbox 1618 1021 1680 1075; x_wconf 83' lang='grc' dir='ltr'>τὸ</span> <span class='ocrx_word' id='word_1_62' title='bbox 1716 1025 1882 1092; x_wconf 82' lang='grc' dir='ltr'><strong>μέσον</strong></span> 
     </span>
    </p>
   </div>
   <div class='ocr_carea' id='block_1_12' title="bbox 305 1092 1883 1187">
    <p class='ocr_par' dir='ltr' id='par_1_12' title="bbox 305 1092 1883 1187">
     <span class='ocr_line' id='line_1_12' title="bbox 305 1092 1883 1187; baseline 0.016 -41"><span class='ocrx_word' id='word_1_63' title='bbox 305 1092 429 1147; x_wconf 82' lang='grc' dir='ltr'><strong>τῶν</strong></span> <span class='ocrx_word' id='word_1_64' title='bbox 459 1095 799 1154; x_wconf 74' lang='grc' dir='ltr'>ὑπελθόντων</span> <span class='ocrx_word' id='word_1_65' title='bbox 850 1105 912 1156; x_wconf 75' lang='grc' dir='ltr'>τὸ</span> <span class='ocrx_word' id='word_1_66' title='bbox 959 1106 1150 1177; x_wconf 82' lang='grc' dir='ltr'><strong>πέρας,</strong></span> <span class='ocrx_word' id='word_1_67' title='bbox 1183 1110 1278 1163; x_wconf 75' lang='grc' dir='ltr'>καὶ</span> <span class='ocrx_word' id='word_1_68' title='bbox 1316 1111 1425 1165; x_wconf 84' lang='grc' dir='ltr'><strong>τῶν</strong></span> <span class='ocrx_word' id='word_1_69' title='bbox 1478 1092 1561 1167; x_wconf 65' lang='grc' dir='ltr'>ἔτι</span> <span class='ocrx_word' id='word_1_70' title='bbox 1604 1114 1749 1187; x_wconf 79' lang='grc' dir='ltr'>ὑπὲρ</span> <span class='ocrx_word' id='word_1_71' title='bbox 1777 1120 1883 1185; x_wconf 76' lang='grc' dir='ltr'>γῆς</span> 
     </span>
    </p>
   </div>
   <div class='ocr_carea' id='block_1_13' title="bbox 304 1189 1881 1280">
    <p class='ocr_par' dir='ltr' id='par_1_13' title="bbox 304 1189 1881 1280">
     <span class='ocr_line' id='line_1_13' title="bbox 304 1189 1881 1280; baseline 0.018 -43"><span class='ocrx_word' id='word_1_72' title='bbox 304 1189 716 1280; x_wconf 82' lang='grc' dir='ltr'>τυγχανόντων,</span> <span class='ocrx_word' id='word_1_73' title='bbox 751 1192 893 1250; x_wconf 85' lang='grc' dir='ltr'>ὥστε</span> <span class='ocrx_word' id='word_1_74' title='bbox 947 1200 1042 1253; x_wconf 81' lang='grc' dir='ltr'>καὶ</span> <span class='ocrx_word' id='word_1_75' title='bbox 1076 1202 1508 1275; x_wconf 81' lang='grc' dir='ltr'>συνδιαιρεῖοθαι</span> <span class='ocrx_word' id='word_1_76' title='bbox 1535 1206 1635 1273; x_wconf 86' lang='grc' dir='ltr'><strong>τάς</strong></span> <span class='ocrx_word' id='word_1_77' title='bbox 1664 1208 1881 1280; x_wconf 80' lang='grc' dir='ltr'>βίϐλους</span> 
     </span>
    </p>
   </div>
   <div class='ocr_carea' id='block_1_14' title="bbox 308 1278 1883 1361">
    <p class='ocr_par' dir='ltr' id='par_1_14' title="bbox 308 1278 1883 1361">
     <span class='ocr_line' id='line_1_14' title="bbox 308 1278 1883 1361; baseline 0.018 -33"><span class='ocrx_word' id='word_1_78' title='bbox 308 1278 456 1346; x_wconf 79' lang='grc' dir='ltr'>πρὸς</span> <span class='ocrx_word' id='word_1_79' title='bbox 501 1279 600 1349; x_wconf 82' lang='grc' dir='ltr'>τὴν</span> <span class='ocrx_word' id='word_1_80' title='bbox 650 1284 763 1335; x_wconf 83' lang='grc' dir='ltr'><strong>τῶν</strong></span> <span class='ocrx_word' id='word_1_81' title='bbox 796 1292 1292 1361; x_wconf 70' lang='grc' dir='ltr'><strong>μνημονευομένων</strong></span> <span class='ocrx_word' id='word_1_82' title='bbox 1337 1278 1694 1354; x_wconf 85' lang='grc' dir='ltr'>κατάστασιν.</span> <span class='ocrx_word' id='word_1_83' title='bbox 1744 1301 1883 1356; x_wconf 79' lang='grc' dir='ltr'>Οὔτε</span> 
     </span>
    </p>
   </div>
   <div class='ocr_carea' id='block_1_15' title="bbox 307 1370 1883 1465">
    <p class='ocr_par' dir='ltr' id='par_1_15' title="bbox 307 1370 1883 1465">
     <span class='ocr_line' id='line_1_15' title="bbox 307 1370 1883 1465; baseline 0.018 -43"><span class='ocrx_word' id='word_1_84' title='bbox 307 1370 426 1465; x_wconf 73' lang='grc' dir='ltr'><strong>γάρ</strong></span> <span class='ocrx_word' id='word_1_85' title='bbox 453 1388 506 1424; x_wconf 88' lang='grc' dir='ltr'><strong>τι</strong></span> <span class='ocrx_word' id='word_1_86' title='bbox 534 1372 626 1425; x_wconf 85' lang='grc' dir='ltr'>τὸν</span> <span class='ocrx_word' id='word_1_87' title='bbox 658 1376 823 1430; x_wconf 76' lang='grc' dir='ltr'>Δαυῖδ</span> <span class='ocrx_word' id='word_1_88' title='bbox 849 1380 1084 1451; x_wconf 73' lang='grc' dir='ltr'>ἑόλαψεν</span> <span class='ocrx_word' id='word_1_89' title='bbox 1110 1385 1146 1454; x_wconf 73' lang='grc' dir='ltr'><strong>η</strong></span> <span class='ocrx_word' id='word_1_90' title='bbox 1181 1384 1397 1456; x_wconf 78' lang='grc' dir='ltr'><strong>ἔντιμος</strong></span> <span class='ocrx_word' id='word_1_91' title='bbox 1444 1389 1539 1443; x_wconf 85' lang='grc' dir='ltr'><strong>τοῦ</strong></span> <span class='ocrx_word' id='word_1_92' title='bbox 1570 1392 1743 1448; x_wconf 75' lang='grc' dir='ltr'>Σαοὺλ</span> <span class='ocrx_word' id='word_1_93' title='bbox 1779 1411 1883 1465; x_wconf 86' lang='grc' dir='ltr'>κη-</span> 
     </span>
    </p>
   </div>
   <div class='ocr_carea' id='block_1_16' title="bbox 307 1462 1884 1552">
    <p class='ocr_par' dir='ltr' id='par_1_16' title="bbox 307 1462 1884 1552">
     <span class='ocr_line' id='line_1_16' title="bbox 307 1462 1884 1552; baseline 0.016 -36"><span class='ocrx_word' id='word_1_94' title='bbox 307 1462 458 1529; x_wconf 82' lang='grc' dir='ltr'>δεία,</span> <span class='ocrx_word' id='word_1_95' title='bbox 489 1465 612 1520; x_wconf 80' lang='grc' dir='ltr'>οὕτε</span> <span class='ocrx_word' id='word_1_96' title='bbox 640 1471 769 1531; x_wconf 81' lang='grc' dir='ltr'>τοὺς</span> <span class='ocrx_word' id='word_1_97' title='bbox 796 1472 1133 1540; x_wconf 80' lang='grc' dir='ltr'><strong>ἀποστόλους</strong></span> <span class='ocrx_word' id='word_1_98' title='bbox 1167 1479 1195 1531; x_wconf 84' lang='grc' dir='ltr'><strong>ό</strong></span> <span class='ocrx_word' id='word_1_99' title='bbox 1240 1479 1339 1549; x_wconf 86' lang='grc' dir='ltr'>τῆς</span> <span class='ocrx_word' id='word_1_100' title='bbox 1384 1480 1477 1535; x_wconf 83' lang='grc' dir='ltr'>τοῦ</span> <span class='ocrx_word' id='word_1_101' title='bbox 1503 1482 1712 1552; x_wconf 83' lang='grc' dir='ltr'>Ἀρείου</span> <span class='ocrx_word' id='word_1_102' title='bbox 1758 1462 1884 1542; x_wconf 78' lang='grc' dir='ltr'>ἀσε-</span> 
     </span>
    </p>
   </div>
   <div class='ocr_carea' id='block_1_17' title="bbox 306 1558 1884 1650">
    <p class='ocr_par' dir='ltr' id='par_1_17' title="bbox 306 1558 1884 1650">
     <span class='ocr_line' id='line_1_17' title="bbox 306 1558 1884 1650; baseline 0.016 -41"><span class='ocrx_word' id='word_1_103' title='bbox 306 1558 473 1623; x_wconf 78' lang='grc' dir='ltr'>σείας</span> <span class='ocrx_word' id='word_1_104' title='bbox 501 1558 702 1626; x_wconf 78' lang='grc' dir='ltr'>όπαδὸς</span> <span class='ocrx_word' id='word_1_105' title='bbox 738 1563 1013 1633; x_wconf 78' lang='grc' dir='ltr'>Εύδόξιος,</span> <span class='ocrx_word' id='word_1_106' title='bbox 1047 1569 1151 1623; x_wconf 75' lang='grc' dir='ltr'>ὑπὸ</span> <span class='ocrx_word' id='word_1_107' title='bbox 1189 1571 1250 1625; x_wconf 82' lang='grc' dir='ltr'>τὸ</span> <span class='ocrx_word' id='word_1_108' title='bbox 1303 1573 1436 1629; x_wconf 75' lang='grc' dir='ltr'>αὐτό</span> <span class='ocrx_word' id='word_1_109' title='bbox 1491 1575 1884 1650; x_wconf 82' lang='grc' dir='ltr'><strong>θυσιαστήριον</strong></span> 
     </span>
    </p>
   </div>
   <div class='ocr_carea' id='block_1_18' title="bbox 305 1650 1883 1740">
    <p class='ocr_par' dir='ltr' id='par_1_18' title="bbox 305 1650 1883 1740">
     <span class='ocr_line' id='line_1_18' title="bbox 305 1650 1883 1740; baseline 0.015 -37"><span class='ocrx_word' id='word_1_110' title='bbox 305 1650 595 1720; x_wconf 80' lang='grc' dir='ltr'>κείμενοςο</span> <span class='ocrx_word' id='word_1_111' title='bbox 641 1654 767 1709; x_wconf 77' lang='grc' dir='ltr'>οὔτε</span> <span class='ocrx_word' id='word_1_112' title='bbox 805 1659 1071 1725; x_wconf 76' lang='grc' dir='ltr'>Παυλῖ-.ός</span> <span class='ocrx_word' id='word_1_113' title='bbox 1106 1680 1168 1717; x_wconf 87' lang='grc' dir='ltr'><strong>τε</strong></span> <span class='ocrx_word' id='word_1_114' title='bbox 1199 1665 1297 1719; x_wconf 78' lang='grc' dir='ltr'>καὶ</span> <span class='ocrx_word' id='word_1_115' title='bbox 1329 1666 1621 1739; x_wconf 79' lang='grc' dir='ltr'>Εὖάγριος,</span> <span class='ocrx_word' id='word_1_116' title='bbox 1647 1673 1697 1724; x_wconf 89' lang='grc' dir='ltr'><strong>οί</strong></span> <span class='ocrx_word' id='word_1_117' title='bbox 1725 1675 1883 1740; x_wconf 86' lang='grc' dir='ltr'>γενό-</span> 
     </span>
    </p>
   </div>
   <div class='ocr_carea' id='block_1_19' title="bbox 309 1744 1884 1836">
    <p class='ocr_par' dir='ltr' id='par_1_19' title="bbox 309 1744 1884 1836">
     <span class='ocr_line' id='line_1_19' title="bbox 309 1744 1884 1836; baseline 0.016 -42"><span class='ocrx_word' id='word_1_118' title='bbox 309 1758 475 1811; x_wconf 85' lang='grc' dir='ltr'>μενοι</span> <span class='ocrx_word' id='word_1_119' title='bbox 504 1744 811 1815; x_wconf 78' lang='grc' dir='ltr'>ἀρχηγέται</span> <span class='ocrx_word' id='word_1_120' title='bbox 849 1750 944 1805; x_wconf 83' lang='grc' dir='ltr'>τοῦ</span> <span class='ocrx_word' id='word_1_121' title='bbox 995 1752 1295 1825; x_wconf 84' lang='grc' dir='ltr'>σχίσματος</span> <span class='ocrx_word' id='word_1_122' title='bbox 1328 1761 1426 1830; x_wconf 75' lang='grc' dir='ltr'>τῆς</span> <span class='ocrx_word' id='word_1_123' title='bbox 1476 1762 1534 1814; x_wconf 76' lang='grc' dir='ltr'>ὲν</span> <span class='ocrx_word' id='word_1_124' title='bbox 1579 1762 1884 1836; x_wconf 68' lang='grc' dir='ltr'>Ἀντιοχείᾳ</span> 
     </span>
    </p>
   </div>
   <div class='ocr_carea' id='block_1_20' title="bbox 304 1836 1878 1928">
    <p class='ocr_par' dir='ltr' id='par_1_20' title="bbox 304 1836 1878 1928">
     <span class='ocr_line' id='line_1_20' title="bbox 304 1836 1878 1928; baseline 0.015 -39"><span class='ocrx_word' id='word_1_125' title='bbox 304 1836 637 1908; x_wconf 57' lang='grc' dir='ltr'>ἐκκλησίας</span> <span class='ocrx_word' id='word_1_126' title='bbox 671 1842 756 1895; x_wconf 85' lang='grc' dir='ltr'>ὅτι</span> <span class='ocrx_word' id='word_1_127' title='bbox 788 1847 926 1913; x_wconf 85' lang='grc' dir='ltr'><strong>μετά</strong></span> <span class='ocrx_word' id='word_1_128' title='bbox 958 1847 1211 1912; x_wconf 85' lang='grc' dir='ltr'>θάνατον,</span> <span class='ocrx_word' id='word_1_129' title='bbox 1245 1853 1413 1916; x_wconf 82' lang='grc' dir='ltr'>πολὺς</span> <span class='ocrx_word' id='word_1_130' title='bbox 1457 1852 1642 1919; x_wconf 78' lang='grc' dir='ltr'>ὲεότου</span> <span class='ocrx_word' id='word_1_131' title='bbox 1667 1858 1878 1928; x_wconf 78' lang='grc' dir='ltr'>χρόνος,</span> 
     </span>
    </p>
   </div>
   <div class='ocr_carea' id='block_1_21' title="bbox 306 1935 1886 2024">
    <p class='ocr_par' dir='ltr' id='par_1_21' title="bbox 306 1935 1886 2024">
     <span class='ocr_line' id='line_1_21' title="bbox 306 1935 1886 2024; baseline 0.013 -39"><span class='ocrx_word' id='word_1_132' title='bbox 306 1935 430 1996; x_wconf 82' lang='grc' dir='ltr'>τοῖς</span> <span class='ocrx_word' id='word_1_133' title='bbox 465 1939 755 2003; x_wconf 81' lang='grc' dir='ltr'>μυστικοῖς</span> <span class='ocrx_word' id='word_1_134' title='bbox 785 1937 1066 2011; x_wconf 79' lang='grc' dir='ltr'>διπτύχοις</span> <span class='ocrx_word' id='word_1_135' title='bbox 1092 1942 1178 1999; x_wconf 81' lang='grc' dir='ltr'>διὰ</span> <span class='ocrx_word' id='word_1_136' title='bbox 1214 1945 1313 2016; x_wconf 83' lang='grc' dir='ltr'>τὴν</span> <span class='ocrx_word' id='word_1_137' title='bbox 1352 1947 1461 2001; x_wconf 87' lang='grc' dir='ltr'><strong>τῶν</strong></span> <span class='ocrx_word' id='word_1_138' title='bbox 1489 1948 1634 2004; x_wconf 85' lang='grc' dir='ltr'>λαῶν</span> <span class='ocrx_word' id='word_1_139' title='bbox 1659 1951 1886 2024; x_wconf 74' lang='grc' dir='ltr'>εἰρήνην</span> 
     </span>
    </p>
   </div>
   <div class='ocr_carea' id='block_1_22' title="bbox 305 2030 1886 2113">
    <p class='ocr_par' dir='ltr' id='par_1_22' title="bbox 305 2030 1886 2113">
     <span class='ocr_line' id='line_1_22' title="bbox 305 2030 1886 2113; baseline 0.012 -34"><span class='ocrx_word' id='word_1_140' title='bbox 305 2041 377 2080; x_wconf 84' lang='grc' dir='ltr'><strong>τε</strong></span> <span class='ocrx_word' id='word_1_141' title='bbox 429 2030 525 2081; x_wconf 78' lang='grc' dir='ltr'>καὶ</span> <span class='ocrx_word' id='word_1_142' title='bbox 576 2030 835 2100; x_wconf 77' lang='grc' dir='ltr'>ὁμόνοιαν</span> <span class='ocrx_word' id='word_1_143' title='bbox 870 2036 1276 2106; x_wconf 64' lang='grc' dir='ltr'>ἐνεγράφησαν.</span> <span class='ocrx_word' id='word_1_144' title='bbox 1331 2042 1536 2113; x_wconf 85' lang='grc' dir='ltr'>Διόπερ</span> <span class='ocrx_word' id='word_1_145' title='bbox 1572 2046 1671 2097; x_wconf 72' lang='grc' dir='ltr'><strong>καί</strong></span> <span class='ocrx_word' id='word_1_146' title='bbox 1720 2044 1886 2105; x_wconf 77' lang='grc' dir='ltr'>αὐτὸς</span> 
     </span>
    </p>
   </div>
   <div class='ocr_carea' id='block_1_23' title="bbox 308 2119 1885 2208">
    <p class='ocr_par' dir='ltr' id='par_1_23' title="bbox 308 2119 1885 2208">
     <span class='ocr_line' id='line_1_23' title="bbox 308 2119 1885 2208; baseline 0.011 -34"><span class='ocrx_word' id='word_1_147' title='bbox 308 2119 580 2177; x_wconf 82' lang='grc' dir='ltr'>κέλευσον</span> <span class='ocrx_word' id='word_1_148' title='bbox 623 2126 969 2195; x_wconf 74' lang='grc' dir='ltr'>ἐγγραφῆναι</span> <span class='ocrx_word' id='word_1_149' title='bbox 994 2129 1095 2198; x_wconf 81' lang='grc' dir='ltr'>τὴν</span> <span class='ocrx_word' id='word_1_150' title='bbox 1122 2132 1505 2202; x_wconf 79' lang='grc' dir='ltr'>προσηγορίαν</span> <span class='ocrx_word' id='word_1_151' title='bbox 1537 2133 1631 2188; x_wconf 81' lang='grc' dir='ltr'><strong>τοῦ</strong></span> <span class='ocrx_word' id='word_1_152' title='bbox 1677 2136 1885 2208; x_wconf 84' lang='grc' dir='ltr'>ἀπελη-</span> 
     </span>
    </p>
   </div>
   <div class='ocr_carea' id='block_1_24' title="bbox 306 2210 1885 2295">
    <p class='ocr_par' dir='ltr' id='par_1_24' title="bbox 306 2210 1885 2295">
     <span class='ocr_line' id='line_1_24' title="bbox 306 2210 1885 2295; baseline 0.009 -32"><span class='ocrx_word' id='word_1_153' title='bbox 306 2210 542 2277; x_wconf 87' lang='grc' dir='ltr'>λυθότος</span> <span class='ocrx_word' id='word_1_154' title='bbox 571 2217 692 2277; x_wconf 86' lang='grc' dir='ltr'>ταῖς</span> <span class='ocrx_word' id='word_1_155' title='bbox 734 2217 858 2270; x_wconf 75' lang='grc' dir='ltr'>κατ’</span> <span class='ocrx_word' id='word_1_156' title='bbox 897 2218 1179 2286; x_wconf 73' lang='grc' dir='ltr'>Αἴγυπτον</span> <span class='ocrx_word' id='word_1_157' title='bbox 1209 2220 1531 2290; x_wconf 73' lang='grc' dir='ltr'>ἐκκλησίαις</span> <span class='ocrx_word' id='word_1_158' title='bbox 1569 2226 1666 2295; x_wconf 78' lang='grc' dir='ltr'>τῆς</span> <span class='ocrx_word' id='word_1_159' title='bbox 1701 2224 1885 2279; x_wconf 82' lang='grc' dir='ltr'>οἰκου-</span> 
     </span>
    </p>
   </div>
   <div class='ocr_carea' id='block_1_25' title="bbox 310 2308 1885 2385">
    <p class='ocr_par' dir='ltr' id='par_1_25' title="bbox 310 2308 1885 2385">
     <span class='ocr_line' id='line_1_25' title="bbox 310 2308 1885 2385; baseline 0.009 -28"><span class='ocrx_word' id='word_1_160' title='bbox 310 2308 553 2377; x_wconf 84' lang='grc' dir='ltr'>μενικῆς</span> <span class='ocrx_word' id='word_1_161' title='bbox 580 2308 746 2381; x_wconf 84' lang='grc' dir='ltr'>χάριν</span> <span class='ocrx_word' id='word_1_162' title='bbox 775 2309 1035 2381; x_wconf 83' lang='grc' dir='ltr'>είρήνης,</span> <span class='ocrx_word' id='word_1_163' title='bbox 1071 2312 1212 2383; x_wconf 85' lang='grc' dir='ltr'>μήτε</span> <span class='ocrx_word' id='word_1_164' title='bbox 1261 2314 1523 2385; x_wconf 83' lang='grc' dir='ltr'>Πατέρων</span> <span class='ocrx_word' id='word_1_165' title='bbox 1553 2316 1696 2370; x_wconf 88' lang='grc' dir='ltr'>λύων</span> <span class='ocrx_word' id='word_1_166' title='bbox 1726 2316 1885 2371; x_wconf 78' lang='grc' dir='ltr'>κανό-</span> 
     </span>
    </p>
   </div>
   <div class='ocr_carea' id='block_1_26' title="bbox 306 2397 1886 2477">
    <p class='ocr_par' dir='ltr' id='par_1_26' title="bbox 306 2397 1886 2477">
     <span class='ocr_line' id='line_1_26' title="bbox 306 2397 1886 2477; baseline 0.008 -28"><span class='ocrx_word' id='word_1_167' title='bbox 306 2412 437 2463; x_wconf 86' lang='grc' dir='ltr'>νας,</span> <span class='ocrx_word' id='word_1_168' title='bbox 467 2400 561 2450; x_wconf 72' lang='grc' dir='ltr'>καὶ</span> <span class='ocrx_word' id='word_1_169' title='bbox 584 2397 685 2466; x_wconf 85' lang='grc' dir='ltr'>τὴν</span> <span class='ocrx_word' id='word_1_170' title='bbox 716 2399 974 2469; x_wconf 85' lang='grc' dir='ltr'>ὁμόνοιαν</span> <span class='ocrx_word' id='word_1_171' title='bbox 1019 2401 1212 2455; x_wconf 84' lang='grc' dir='ltr'>πασῶν</span> <span class='ocrx_word' id='word_1_172' title='bbox 1261 2404 1402 2473; x_wconf 81' lang='grc' dir='ltr'>ὁμοῦ</span> <span class='ocrx_word' id='word_1_173' title='bbox 1434 2406 1539 2457; x_wconf 87' lang='grc' dir='ltr'><strong>τῶν</strong></span> <span class='ocrx_word' id='word_1_174' title='bbox 1574 2408 1886 2477; x_wconf 74' lang='grc' dir='ltr'>ἐκκλησιῶν</span> 
     </span>
    </p>
   </div>
   <div class='ocr_carea' id='block_1_27' title="bbox 307 2488 1887 2571">
    <p class='ocr_par' dir='ltr' id='par_1_27' title="bbox 307 2488 1887 2571">
     <span class='ocr_line' id='line_1_27' title="bbox 307 2488 1887 2571; baseline 0.01 -32"><span class='ocrx_word' id='word_1_175' title='bbox 307 2488 452 2558; x_wconf 76' lang='grc' dir='ltr'>περὶ</span> <span class='ocrx_word' id='word_1_176' title='bbox 485 2488 741 2543; x_wconf 85' lang='grc' dir='ltr'>πλείστου</span> <span class='ocrx_word' id='word_1_177' title='bbox 793 2492 1142 2563; x_wconf 89' lang='grc' dir='ltr'>ποιούμενος.</span> <span class='ocrx_word' id='word_1_178' title='bbox 1179 2494 1307 2551; x_wconf 83' lang='grc' dir='ltr'>Ὅτι</span> <span class='ocrx_word' id='word_1_179' title='bbox 1350 2496 1408 2550; x_wconf 80' lang='grc' dir='ltr'>δὲ</span> <span class='ocrx_word' id='word_1_180' title='bbox 1461 2500 1557 2550; x_wconf 81' lang='grc' dir='ltr'>καὶ</span> <span class='ocrx_word' id='word_1_181' title='bbox 1589 2500 1721 2569; x_wconf 78' lang='grc' dir='ltr'>ἡμῖν</span> <span class='ocrx_word' id='word_1_182' title='bbox 1748 2500 1887 2571; x_wconf 84' lang='grc' dir='ltr'>γρά-</span> 
     </span>
    </p>
   </div>
   <div class='ocr_carea' id='block_1_28' title="bbox 306 2581 1886 2664">
    <p class='ocr_par' dir='ltr' id='par_1_28' title="bbox 306 2581 1886 2664">
     <span class='ocr_line' id='line_1_28' title="bbox 306 2581 1886 2664; baseline 0.006 -29"><span class='ocrx_word' id='word_1_183' title='bbox 306 2581 441 2653; x_wconf 79' lang='grc' dir='ltr'>ψεις</span> <span class='ocrx_word' id='word_1_184' title='bbox 485 2584 557 2638; x_wconf 83' lang='grc' dir='ltr'><strong>τὰ</strong></span> <span class='ocrx_word' id='word_1_185' title='bbox 603 2586 903 2654; x_wconf 80' lang='grc' dir='ltr'>πρέποντα,</span> <span class='ocrx_word' id='word_1_186' title='bbox 939 2587 1469 2662; x_wconf 83' lang='grc' dir='ltr'>πεπληροφόρημαι,</span> <span class='ocrx_word' id='word_1_187' title='bbox 1502 2594 1638 2663; x_wconf 83' lang='grc' dir='ltr'>πρὸς</span> <span class='ocrx_word' id='word_1_188' title='bbox 1694 2610 1752 2646; x_wconf 89' lang='grc' dir='ltr'><strong>τε</strong></span> <span class='ocrx_word' id='word_1_189' title='bbox 1784 2595 1886 2664; x_wconf 84' lang='grc' dir='ltr'>τὴν</span> 
     </span>
    </p>
   </div>
   <div class='ocr_carea' id='block_1_29' title="bbox 305 2675 1885 2758">
    <p class='ocr_par' dir='ltr' id='par_1_29' title="bbox 305 2675 1885 2758">
     <span class='ocr_line' id='line_1_29' title="bbox 305 2675 1885 2758; baseline 0.009 -30"><span class='ocrx_word' id='word_1_190' title='bbox 305 2675 622 2747; x_wconf 77' lang='grc' dir='ltr'>ὁμοψυχίαν</span> <span class='ocrx_word' id='word_1_191' title='bbox 660 2679 842 2733; x_wconf 76' lang='grc' dir='ltr'>καὶτὸ</span> <span class='ocrx_word' id='word_1_192' title='bbox 886 2681 1061 2735; x_wconf 73' lang='grc' dir='ltr'>κοινὸν</span> <span class='ocrx_word' id='word_1_193' title='bbox 1107 2683 1207 2755; x_wconf 81' lang='grc' dir='ltr'>τῆς</span> <span class='ocrx_word' id='word_1_194' title='bbox 1243 2683 1604 2758; x_wconf 80' lang='grc' dir='ltr'>ἀδελφότητος</span> <span class='ocrx_word' id='word_1_195' title='bbox 1645 2687 1885 2743; x_wconf 64' lang='lat' dir='ltr'><strong>euasu-</strong></span> 
     </span>
    </p>
   </div>
   <div class='ocr_carea' id='block_1_30' title="bbox 307 2771 1884 2849">
    <p class='ocr_par' dir='ltr' id='par_1_30' title="bbox 307 2771 1884 2849">
     <span class='ocr_line' id='line_1_30' title="bbox 307 2771 1884 2849; baseline 0.008 -26"><span class='ocrx_word' id='word_1_196' title='bbox 307 2786 459 2823; x_wconf 82' lang='grc' dir='ltr'>πων.</span> <span class='ocrx_word' id='word_1_197' title='bbox 504 2771 695 2825; x_wconf 81' lang='grc' dir='ltr'>Πᾶσαν</span> <span class='ocrx_word' id='word_1_198' title='bbox 727 2774 828 2844; x_wconf 77' lang='grc' dir='ltr'>τὴν</span> <span class='ocrx_word' id='word_1_199' title='bbox 858 2776 959 2830; x_wconf 79' lang='grc' dir='ltr'>σὺν</span> <span class='ocrx_word' id='word_1_200' title='bbox 991 2775 1077 2830; x_wconf 74' lang='grc' dir='ltr'>σοὶ</span> <span class='ocrx_word' id='word_1_201' title='bbox 1113 2778 1458 2849; x_wconf 75' lang='grc' dir='ltr'>ἀδελφότητα</span> <span class='ocrx_word' id='word_1_202' title='bbox 1487 2780 1598 2849; x_wconf 72' lang='grc' dir='ltr'><strong>ἐγώ</strong></span> <span class='ocrx_word' id='word_1_203' title='bbox 1633 2799 1688 2834; x_wconf 85' lang='grc' dir='ltr'><strong>τε</strong></span> <span class='ocrx_word' id='word_1_204' title='bbox 1713 2784 1806 2836; x_wconf 77' lang='grc' dir='ltr'>καὶ</span> <span class='ocrx_word' id='word_1_205' title='bbox 1834 2786 1884 2837; x_wconf 80' lang='lat' dir='ltr'><strong>ot</strong></span> 
     </span>
    </p>
   </div>
   <div class='ocr_carea' id='block_1_31' title="bbox 308 2860 1885 2944">
    <p class='ocr_par' dir='ltr' id='par_1_31' title="bbox 308 2860 1885 2944">
     <span class='ocr_line' id='line_1_31' title="bbox 308 2860 1885 2944; baseline 0.009 -29"><span class='ocrx_word' id='word_1_206' title='bbox 308 2860 415 2915; x_wconf 83' lang='grc' dir='ltr'>σὺν</span> <span class='ocrx_word' id='word_1_207' title='bbox 444 2863 573 2932; x_wconf 66' lang='grc' dir='ltr'>ἐμοὶ</span> <span class='ocrx_word' id='word_1_208' title='bbox 588 2866 1100 2937; x_wconf 80' lang='grc' dir='ltr'>προσαγορεύομεν.</span> <span class='ocrx_word' id='word_1_209' title='bbox 1135 2885 1153 2918; x_wconf 74' lang='grc' dir='ltr'><strong>ι</strong></span> <span class='ocrx_word' id='word_1_210' title='bbox 1188 2870 1302 2923; x_wconf 75' lang='grc' dir='ltr'><strong>Καὶ</strong></span> <span class='ocrx_word' id='word_1_211' title='bbox 1325 2872 1461 2943; x_wconf 79' lang='grc' dir='ltr'>πρὸς</span> <span class='ocrx_word' id='word_1_212' title='bbox 1489 2873 1591 2942; x_wconf 78' lang='grc' dir='ltr'>μὲν</span> <span class='ocrx_word' id='word_1_213' title='bbox 1617 2875 1885 2944; x_wconf 80' lang='grc' dir='ltr'>Κύριλλον</span> 
     </span>
    </p>
   </div>
   <div class='ocr_carea' id='block_1_32' title="bbox 304 2952 1885 3038">
    <p class='ocr_par' dir='ltr' id='par_1_32' title="bbox 304 2952 1885 3038">
     <span class='ocr_line' id='line_1_32' title="bbox 304 2952 1885 3038; baseline 0.009 -31"><span class='ocrx_word' id='word_1_214' title='bbox 304 2952 492 3009; x_wconf 80' lang='grc' dir='ltr'>ταῦτα</span> <span class='ocrx_word' id='word_1_215' title='bbox 520 2954 785 3029; x_wconf 76' lang='grc' dir='ltr'>ιγραψεν·</span> <span class='ocrx_word' id='word_1_216' title='bbox 816 2958 902 3012; x_wconf 74' lang='grc' dir='ltr'>ἔτι</span> <span class='ocrx_word' id='word_1_217' title='bbox 929 2958 986 3013; x_wconf 71' lang='grc' dir='ltr'><strong>δδ</strong></span> <span class='ocrx_word' id='word_1_218' title='bbox 1012 2960 1331 3031; x_wconf 76' lang='grc' dir='ltr'>διερεθίζων</span> <span class='ocrx_word' id='word_1_219' title='bbox 1366 2964 1560 3035; x_wconf 78' lang='grc' dir='ltr'>αὐτὴν,</span> <span class='ocrx_word' id='word_1_220' title='bbox 1590 2968 1686 3020; x_wconf 80' lang='grc' dir='ltr'>καὶ</span> <span class='ocrx_word' id='word_1_221' title='bbox 1716 2967 1885 3038; x_wconf 80' lang='grc' dir='ltr'>ἄλλην</span> 
     </span>
    </p>
   </div>
   <div class='ocr_carea' id='block_1_33' title="bbox 307 3048 1885 3124">
    <p class='ocr_par' dir='ltr' id='par_1_33' title="bbox 307 3048 1885 3124">
     <span class='ocr_line' id='line_1_33' title="bbox 307 3048 1885 3124; baseline 0.01 -25"><span class='ocrx_word' id='word_1_222' title='bbox 307 3048 458 3118; x_wconf 68' lang='grc' dir='ltr'>πρὸς</span> <span class='ocrx_word' id='word_1_223' title='bbox 492 3048 698 3120; x_wconf 77' lang='grc' dir='ltr'>Πέτρον</span> <span class='ocrx_word' id='word_1_224' title='bbox 747 3054 840 3108; x_wconf 83' lang='grc' dir='ltr'>καὶ</span> <span class='ocrx_word' id='word_1_225' title='bbox 874 3052 1121 3107; x_wconf 78' lang='grc' dir='ltr'>Αίδέσιον</span> <span class='ocrx_word' id='word_1_226' title='bbox 1167 3056 1295 3119; x_wconf 74' lang='grc' dir='ltr'>τοὺς</span> <span class='ocrx_word' id='word_1_227' title='bbox 1342 3057 1558 3112; x_wconf 66' lang='grc' dir='ltr'>ἐκείνου</span> <span class='ocrx_word' id='word_1_228' title='bbox 1601 3057 1885 3124; x_wconf 78' lang='grc' dir='ltr'>διακόνους</span> 
     </span>
    </p>
   </div>
   <div class='ocr_carea' id='block_1_34' title="bbox 1981 554 3564 629">
    <p class='ocr_par' dir='ltr' id='par_1_34' title="bbox 1981 554 3564 629">
     <span class='ocr_line' id='line_1_34' title="bbox 1981 554 3564 629; baseline 0.003 -21"><span class='ocrx_word' id='word_1_229' title='bbox 1981 554 2328 622; x_wconf 84' lang='lat' dir='ltr'><strong>penderent.</strong></span> <span class='ocrx_word' id='word_1_230' title='bbox 2384 571 2523 612; x_wconf 89' lang='lat' dir='ltr'><strong>neve</strong></span> <span class='ocrx_word' id='word_1_231' title='bbox 2563 557 2757 612; x_wconf 85' lang='lat' dir='ltr'><strong>urbem</strong></span> <span class='ocrx_word' id='word_1_232' title='bbox 2804 559 2976 628; x_wconf 83' lang='lat' dir='ltr'><strong>ipsam</strong></span> <span class='ocrx_word' id='word_1_233' title='bbox 3031 558 3277 629; x_wconf 81' lang='lat' dir='ltr'><strong>populari</strong></span> <span class='ocrx_word' id='word_1_234' title='bbox 3325 558 3564 612; x_wconf 86' lang='lat' dir='ltr'><strong>admini-</strong></span> 
     </span>
    </p>
   </div>
   <div class='ocr_carea' id='block_1_35' title="bbox 1984 643 3562 713">
    <p class='ocr_par' dir='ltr' id='par_1_35' title="bbox 1984 643 3562 713">
     <span class='ocr_line' id='line_1_35' title="bbox 1984 643 3562 713; baseline 0.003 -14"><span class='ocrx_word' id='word_1_235' title='bbox 1984 643 2237 699; x_wconf 88' lang='lat' dir='ltr'><strong>strationi</strong></span> <span class='ocrx_word' id='word_1_236' title='bbox 2281 646 2776 713; x_wconf 82' lang='lat' dir='ltr'><strong>assuefaceremus,</strong></span> <span class='ocrx_word' id='word_1_237' title='bbox 2811 664 3007 703; x_wconf 81' lang='lat' dir='ltr'><strong>nomen</strong></span> <span class='ocrx_word' id='word_1_238' title='bbox 3059 650 3111 703; x_wconf 87' lang='lat' dir='ltr'><strong>id</strong></span> <span class='ocrx_word' id='word_1_239' title='bbox 3162 650 3214 702; x_wconf 90' lang='lat' dir='ltr'><strong>in</strong></span> <span class='ocrx_word' id='word_1_240' title='bbox 3250 649 3437 704; x_wconf 89' lang='lat' dir='ltr'><strong>album</strong></span> <span class='ocrx_word' id='word_1_241' title='bbox 3471 665 3562 704; x_wconf 85' lang='lat' dir='ltr'><strong>re-</strong></span> 
     </span>
    </p>
   </div>
   <div class='ocr_carea' id='block_1_36' title="bbox 1982 736 3558 814">
    <p class='ocr_par' dir='ltr' id='par_1_36' title="bbox 1982 736 3558 814">
     <span class='ocr_line' id='line_1_36' title="bbox 1982 736 3558 814; baseline 0.004 -22"><span class='ocrx_word' id='word_1_242' title='bbox 1982 736 2115 794; x_wconf 89' lang='lat' dir='ltr'><strong>ferri</strong></span> <span class='ocrx_word' id='word_1_243' title='bbox 2167 739 2339 809; x_wconf 86' lang='lat' dir='ltr'><strong>jussi.</strong></span> <span class='ocrx_word' id='word_1_244' title='bbox 2385 740 2588 808; x_wconf 83' lang='lat' dir='ltr'><strong>Quare,</strong></span> <span class='ocrx_word' id='word_1_245' title='bbox 2640 753 2701 798; x_wconf 89' lang='lat' dir='ltr'><strong>ut</strong></span> <span class='ocrx_word' id='word_1_246' title='bbox 2752 740 3012 814; x_wconf 85' lang='lat' dir='ltr'><strong>equidem</strong></span> <span class='ocrx_word' id='word_1_247' title='bbox 3054 753 3218 813; x_wconf 87' lang='lat' dir='ltr'><strong>puto,</strong></span> <span class='ocrx_word' id='word_1_248' title='bbox 3268 760 3444 812; x_wconf 86' lang='lat' dir='ltr'><strong>neque</strong></span> <span class='ocrx_word' id='word_1_249' title='bbox 3504 744 3558 798; x_wconf 92' lang='lat' dir='ltr'><strong>in</strong></span> 
     </span>
    </p>
   </div>
   <div class='ocr_carea' id='block_1_37' title="bbox 1984 833 3558 905">
    <p class='ocr_par' dir='ltr' id='par_1_37' title="bbox 1984 833 3558 905">
     <span class='ocr_line' id='line_1_37' title="bbox 1984 833 3558 905; baseline 0.001 -21"><span class='ocrx_word' id='word_1_250' title='bbox 1984 844 2173 886; x_wconf 90' lang='lat' dir='ltr'><strong>sacros</strong></span> <span class='ocrx_word' id='word_1_251' title='bbox 2228 846 2473 887; x_wconf 78' lang='lat' dir='ltr'><strong>canones</strong></span> <span class='ocrx_word' id='word_1_252' title='bbox 2531 833 2819 897; x_wconf 89' lang='lat' dir='ltr'><strong>commisi,</strong></span> <span class='ocrx_word' id='word_1_253' title='bbox 2871 850 3051 905; x_wconf 86' lang='lat' dir='ltr'><strong>neque</strong></span> <span class='ocrx_word' id='word_1_254' title='bbox 3077 834 3289 904; x_wconf 88' lang='lat' dir='ltr'><strong>judicio</strong></span> <span class='ocrx_word' id='word_1_255' title='bbox 3336 835 3558 889; x_wconf 82' lang='lat' dir='ltr'><strong>Patrum</strong></span> 
     </span>
    </p>
   </div>
   <div class='ocr_carea' id='block_1_38' title="bbox 1980 921 3562 996">
    <p class='ocr_par' dir='ltr' id='par_1_38' title="bbox 1980 921 3562 996">
     <span class='ocr_line' id='line_1_38' title="bbox 1980 921 3562 996; baseline 0.002 -20"><span class='ocrx_word' id='word_1_256' title='bbox 1980 921 2231 979; x_wconf 84' lang='lat' dir='ltr'><strong>fraudem</strong></span> <span class='ocrx_word' id='word_1_257' title='bbox 2262 923 2393 981; x_wconf 89' lang='lat' dir='ltr'><strong>feci.</strong></span> <span class='ocrx_word' id='word_1_258' title='bbox 2422 922 2630 979; x_wconf 78' lang='lat' dir='ltr'><strong>Mentio</strong></span> <span class='ocrx_word' id='word_1_259' title='bbox 2648 941 2887 994; x_wconf 83' lang='lat' dir='ltr'><strong>namque</strong></span> <span class='ocrx_word' id='word_1_260' title='bbox 2913 927 3033 996; x_wconf 84' lang='lat' dir='ltr'><strong>ejus</strong></span> <span class='ocrx_word' id='word_1_261' title='bbox 3068 925 3265 982; x_wconf 85' lang='lat' dir='ltr'><strong>litcunt</strong></span> <span class='ocrx_word' id='word_1_262' title='bbox 3288 926 3562 981; x_wconf 75' lang='lat' dir='ltr'><strong>defunctis</strong></span> 
     </span>
    </p>
   </div>
   <div class='ocr_carea' id='block_1_39' title="bbox 1982 1017 3561 1089">
    <p class='ocr_par' dir='ltr' id='par_1_39' title="bbox 1982 1017 3561 1089">
     <span class='ocr_line' id='line_1_39' title="bbox 1982 1017 3561 1089; baseline 0.003 -18"><span class='ocrx_word' id='word_1_263' title='bbox 1982 1032 2093 1072; x_wconf 88' lang='lat' dir='ltr'><strong>non</strong></span> <span class='ocrx_word' id='word_1_264' title='bbox 2146 1017 2325 1073; x_wconf 91' lang='lat' dir='ltr'><strong>solum</strong></span> <span class='ocrx_word' id='word_1_265' title='bbox 2367 1018 2668 1089; x_wconf 90' lang='lat' dir='ltr'><strong>episcopis,</strong></span> <span class='ocrx_word' id='word_1_266' title='bbox 2701 1020 2797 1075; x_wconf 90' lang='lat' dir='ltr'><strong>sed</strong></span> <span class='ocrx_word' id='word_1_267' title='bbox 2832 1028 2887 1074; x_wconf 90' lang='lat' dir='ltr'><strong>ct</strong></span> <span class='ocrx_word' id='word_1_268' title='bbox 2916 1019 3281 1089; x_wconf 81' lang='lat' dir='ltr'><strong>presbyteris,</strong></span> <span class='ocrx_word' id='word_1_269' title='bbox 3316 1019 3561 1075; x_wconf 86' lang='lat' dir='ltr'><strong>diaconis</strong></span> 
     </span>
    </p>
   </div>
   <div class='ocr_carea' id='block_1_40' title="bbox 1981 1110 3562 1184">
    <p class='ocr_par' dir='ltr' id='par_1_40' title="bbox 1981 1110 3562 1184">
     <span class='ocr_line' id='line_1_40' title="bbox 1981 1110 3562 1184; baseline 0.001 -18"><span class='ocrx_word' id='word_1_270' title='bbox 1981 1118 2037 1166; x_wconf 84' lang='lat' dir='ltr'><strong>et</strong></span> <span class='ocrx_word' id='word_1_271' title='bbox 2069 1110 2223 1166; x_wconf 88' lang='lat' dir='ltr'><strong>laicis</strong></span> <span class='ocrx_word' id='word_1_272' title='bbox 2251 1111 2408 1182; x_wconf 85' lang='lat' dir='ltr'><strong>ipsis,</strong></span> <span class='ocrx_word' id='word_1_273' title='bbox 2446 1112 3043 1182; x_wconf 80' lang='lat' dir='ltr'><strong>mulieribusque,cum</strong></span> <span class='ocrx_word' id='word_1_274' title='bbox 3076 1113 3279 1184; x_wconf 86' lang='lat' dir='ltr'><strong>quibus</strong></span> <span class='ocrx_word' id='word_1_275' title='bbox 3300 1114 3562 1169; x_wconf 84' lang='lat' dir='ltr'><strong>omnibus</strong></span> 
     </span>
    </p>
   </div>
   <div class='ocr_carea' id='block_1_41' title="bbox 1983 1204 3561 1277">
    <p class='ocr_par' dir='ltr' id='par_1_41' title="bbox 1983 1204 3561 1277">
     <span class='ocr_line' id='line_1_41' title="bbox 1983 1204 3561 1277; baseline 0.001 -19"><span class='ocrx_word' id='word_1_276' title='bbox 1983 1204 2144 1261; x_wconf 88' lang='lat' dir='ltr'><strong>nobis</strong></span> <span class='ocrx_word' id='word_1_277' title='bbox 2171 1204 2470 1260; x_wconf 82' lang='lat' dir='ltr'><strong>sacerdotii</strong></span> <span class='ocrx_word' id='word_1_278' title='bbox 2501 1206 2844 1270; x_wconf 86' lang='lat' dir='ltr'><strong>communio,</strong></span> <span class='ocrx_word' id='word_1_279' title='bbox 2872 1216 2966 1261; x_wconf 87' lang='lat' dir='ltr'><strong>aut</strong></span> <span class='ocrx_word' id='word_1_280' title='bbox 3001 1224 3192 1261; x_wconf 89' lang='lat' dir='ltr'><strong>earum</strong></span> <span class='ocrx_word' id='word_1_281' title='bbox 3228 1223 3410 1261; x_wconf 88' lang='lat' dir='ltr'><strong>rerum</strong></span> <span class='ocrx_word' id='word_1_282' title='bbox 3441 1222 3561 1277; x_wconf 61' lang='lat' dir='ltr'><strong>qua:</strong></span> 
     </span>
    </p>
   </div>
   <div class='ocr_carea' id='block_1_42' title="bbox 1983 1296 3559 1371">
    <p class='ocr_par' dir='ltr' id='par_1_42' title="bbox 1983 1296 3559 1371">
     <span class='ocr_line' id='line_1_42' title="bbox 1983 1296 3559 1371; baseline 0.001 -20"><span class='ocrx_word' id='word_1_283' title='bbox 1983 1296 2039 1352; x_wconf 87' lang='lat' dir='ltr'><strong>in</strong></span> <span class='ocrx_word' id='word_1_284' title='bbox 2087 1312 2241 1353; x_wconf 85' lang='lat' dir='ltr'><strong>sacra</strong></span> <span class='ocrx_word' id='word_1_285' title='bbox 2280 1313 2468 1354; x_wconf 87' lang='lat' dir='ltr'><strong>mensa</strong></span> <span class='ocrx_word' id='word_1_286' title='bbox 2505 1301 2733 1371; x_wconf 80' lang='lat' dir='ltr'><strong>mystice</strong></span> <span class='ocrx_word' id='word_1_287' title='bbox 2766 1302 3176 1370; x_wconf 81' lang='lat' dir='ltr'><strong>percipiuntur,</strong></span> <span class='ocrx_word' id='word_1_288' title='bbox 3208 1301 3559 1371; x_wconf 88' lang='lat' dir='ltr'><strong>participatio</strong></span> 
     </span>
    </p>
   </div>
   <div class='ocr_carea' id='block_1_43' title="bbox 1983 1388 3563 1460">
    <p class='ocr_par' dir='ltr' id='par_1_43' title="bbox 1983 1388 3563 1460">
     <span class='ocr_line' id='line_1_43' title="bbox 1983 1388 3563 1460; baseline 0.003 -19"><span class='ocrx_word' id='word_1_289' title='bbox 1983 1402 2093 1441; x_wconf 91' lang='lat' dir='ltr'><strong>non</strong></span> <span class='ocrx_word' id='word_1_290' title='bbox 2126 1395 2230 1443; x_wconf 87' lang='lat' dir='ltr'><strong>est.</strong></span> <span class='ocrx_word' id='word_1_291' title='bbox 2264 1388 2452 1459; x_wconf 82' lang='lat' dir='ltr'><strong>Magna</strong></span> <span class='ocrx_word' id='word_1_292' title='bbox 2487 1391 2638 1444; x_wconf 89' lang='lat' dir='ltr'><strong>enim</strong></span> <span class='ocrx_word' id='word_1_293' title='bbox 2677 1399 2756 1446; x_wconf 90' lang='lat' dir='ltr'><strong>est</strong></span> <span class='ocrx_word' id='word_1_294' title='bbox 2787 1392 2932 1445; x_wconf 88' lang='lat' dir='ltr'><strong>inter</strong></span> <span class='ocrx_word' id='word_1_295' title='bbox 2960 1391 3252 1447; x_wconf 87' lang='lat' dir='ltr'><strong>defunctos</strong></span> <span class='ocrx_word' id='word_1_296' title='bbox 3280 1400 3337 1447; x_wconf 89' lang='lat' dir='ltr'><strong>et</strong></span> <span class='ocrx_word' id='word_1_297' title='bbox 3368 1406 3563 1460; x_wconf 87' lang='lat' dir='ltr'><strong>super-</strong></span> 
     </span>
    </p>
   </div>
   <div class='ocr_carea' id='block_1_44' title="bbox 1983 1476 3559 1550">
    <p class='ocr_par' dir='ltr' id='par_1_44' title="bbox 1983 1476 3559 1550">
     <span class='ocr_line' id='line_1_44' title="bbox 1983 1476 3559 1550; baseline 0 -17"><span class='ocrx_word' id='word_1_298' title='bbox 1983 1476 2141 1533; x_wconf 79' lang='lat' dir='ltr'><strong>stites</strong></span> <span class='ocrx_word' id='word_1_299' title='bbox 2160 1477 2495 1542; x_wconf 77' lang='lat' dir='ltr'><strong>differentia,</strong></span> <span class='ocrx_word' id='word_1_300' title='bbox 2515 1481 2587 1533; x_wconf 80' lang='lat' dir='ltr'><strong>ita</strong></span> <span class='ocrx_word' id='word_1_301' title='bbox 2610 1489 2670 1534; x_wconf 85' lang='grc' dir='ltr'><strong>ιιι</strong></span> <span class='ocrx_word' id='word_1_302' title='bbox 2700 1480 2866 1534; x_wconf 88' lang='lat' dir='ltr'><strong>etiam</strong></span> <span class='ocrx_word' id='word_1_303' title='bbox 2884 1479 3036 1543; x_wconf 86' lang='lat' dir='ltr'><strong>libri,</strong></span> <span class='ocrx_word' id='word_1_304' title='bbox 3052 1490 3281 1550; x_wconf 83' lang='lat' dir='ltr'><strong>propter</strong></span> <span class='ocrx_word' id='word_1_305' title='bbox 3295 1478 3559 1534; x_wconf 75' lang='lat' dir='ltr'><strong>differen-</strong></span> 
     </span>
    </p>
   </div>
   <div class='ocr_carea' id='block_1_45' title="bbox 1983 1573 3560 1641">
    <p class='ocr_par' dir='ltr' id='par_1_45' title="bbox 1983 1573 3560 1641">
     <span class='ocr_line' id='line_1_45' title="bbox 1983 1573 3560 1641; baseline 0.001 -18"><span class='ocrx_word' id='word_1_306' title='bbox 1983 1576 2093 1623; x_wconf 85' lang='lat' dir='ltr'><strong>tem</strong></span> <span class='ocrx_word' id='word_1_307' title='bbox 2133 1584 2327 1625; x_wconf 83' lang='lat' dir='ltr'><strong>eorum</strong></span> <span class='ocrx_word' id='word_1_308' title='bbox 2362 1585 2599 1641; x_wconf 89' lang='lat' dir='ltr'><strong>quorum</strong></span> <span class='ocrx_word' id='word_1_309' title='bbox 2635 1573 2898 1626; x_wconf 86' lang='lat' dir='ltr'><strong>memoria</strong></span> <span class='ocrx_word' id='word_1_310' title='bbox 2929 1579 3293 1627; x_wconf 83' lang='lat' dir='ltr'><strong>conservatur</strong></span> <span class='ocrx_word' id='word_1_311' title='bbox 3330 1580 3560 1637; x_wconf 84' lang='lat' dir='ltr'><strong>statum,</strong></span> 
     </span>
    </p>
   </div>
   <div class='ocr_carea' id='block_1_46' title="bbox 1984 1661 3563 1737">
    <p class='ocr_par' dir='ltr' id='par_1_46' title="bbox 1984 1661 3563 1737">
     <span class='ocr_line' id='line_1_46' title="bbox 1984 1661 3563 1737; baseline 0.002 -21"><span class='ocrx_word' id='word_1_312' title='bbox 1984 1661 2213 1718; x_wconf 86' lang='lat' dir='ltr'><strong>discreti</strong></span> <span class='ocrx_word' id='word_1_313' title='bbox 2256 1662 2385 1720; x_wconf 85' lang='lat' dir='ltr'><strong>sint.</strong></span> <span class='ocrx_word' id='word_1_314' title='bbox 2415 1663 2577 1737; x_wconf 57' lang='lat'><strong>593</strong></span> <span class='ocrx_word' id='word_1_315' title='bbox 2616 1665 2765 1719; x_wconf 85' lang='lat' dir='ltr'><strong>Nihil</strong></span> <span class='ocrx_word' id='word_1_316' title='bbox 2796 1666 2944 1720; x_wconf 84' lang='lat' dir='ltr'><strong>enim</strong></span> <span class='ocrx_word' id='word_1_317' title='bbox 2962 1665 3348 1720; x_wconf 76' lang='lat' dir='ltr'><strong>Davidiobfttit</strong></span> <span class='ocrx_word' id='word_1_318' title='bbox 3388 1665 3563 1719; x_wconf 88' lang='lat' dir='ltr'><strong>hono-</strong></span> 
     </span>
    </p>
   </div>
   <div class='ocr_carea' id='block_1_47' title="bbox 1986 1756 3563 1831">
    <p class='ocr_par' dir='ltr' id='par_1_47' title="bbox 1986 1756 3563 1831">
     <span class='ocr_line' id='line_1_47' title="bbox 1986 1756 3563 1831; baseline 0.005 -22"><span class='ocrx_word' id='word_1_319' title='bbox 1986 1756 2139 1812; x_wconf 84' lang='lat' dir='ltr'><strong>riﬁca</strong></span> <span class='ocrx_word' id='word_1_320' title='bbox 2171 1758 2325 1814; x_wconf 83' lang='lat' dir='ltr'><strong>Sauli</strong></span> <span class='ocrx_word' id='word_1_321' title='bbox 2363 1760 2669 1829; x_wconf 83' lang='lat' dir='ltr'><strong>sepultura,</strong></span> <span class='ocrx_word' id='word_1_322' title='bbox 2704 1775 2881 1831; x_wconf 85' lang='lat' dir='ltr'><strong>neque</strong></span> <span class='ocrx_word' id='word_1_323' title='bbox 2912 1760 3176 1831; x_wconf 84' lang='lat' dir='ltr'><strong>apostolis</strong></span> <span class='ocrx_word' id='word_1_324' title='bbox 3204 1759 3321 1813; x_wconf 84' lang='lat' dir='ltr'><strong>Arii</strong></span> <span class='ocrx_word' id='word_1_325' title='bbox 3369 1760 3563 1829; x_wconf 88' lang='lat' dir='ltr'><strong>impie-</strong></span> 
     </span>
    </p>
   </div>
   <div class='ocr_carea' id='block_1_48' title="bbox 1989 1848 3560 1915">
    <p class='ocr_par' dir='ltr' id='par_1_48' title="bbox 1989 1848 3560 1915">
     <span class='ocr_line' id='line_1_48' title="bbox 1989 1848 3560 1915; baseline 0.001 -12"><span class='ocrx_word' id='word_1_326' title='bbox 1989 1848 2118 1904; x_wconf 85' lang='lat' dir='ltr'><strong>tatis</strong></span> <span class='ocrx_word' id='word_1_327' title='bbox 2180 1858 2422 1905; x_wconf 84' lang='lat' dir='ltr'><strong>sectator</strong></span> <span class='ocrx_word' id='word_1_328' title='bbox 2476 1850 2782 1915; x_wconf 80' lang='lat' dir='ltr'><strong>Eudoxius,</strong></span> <span class='ocrx_word' id='word_1_329' title='bbox 2858 1853 2962 1907; x_wconf 88' lang='lat' dir='ltr'><strong>sub</strong></span> <span class='ocrx_word' id='word_1_330' title='bbox 3027 1853 3223 1907; x_wconf 88' lang='lat' dir='ltr'><strong>eadem</strong></span> <span class='ocrx_word' id='word_1_331' title='bbox 3284 1852 3560 1907; x_wconf 82' lang='lat' dir='ltr'><strong>sanctiore</strong></span> 
     </span>
    </p>
   </div>
   <div class='ocr_carea' id='block_1_49' title="bbox 1985 1939 3561 2012">
    <p class='ocr_par' dir='ltr' id='par_1_49' title="bbox 1985 1939 3561 2012">
     <span class='ocr_line' id='line_1_49' title="bbox 1985 1939 3561 2012; baseline 0.001 -17"><span class='ocrx_word' id='word_1_332' title='bbox 1985 1939 2245 1997; x_wconf 71' lang='lat' dir='ltr'><strong>sacriﬁcii</strong></span> <span class='ocrx_word' id='word_1_333' title='bbox 2276 1957 2369 1996; x_wconf 86' lang='lat' dir='ltr'><strong>ara</strong></span> <span class='ocrx_word' id='word_1_334' title='bbox 2402 1941 2618 2012; x_wconf 85' lang='lat' dir='ltr'><strong>positus</strong></span> <span class='ocrx_word' id='word_1_335' title='bbox 2648 1960 2664 1998; x_wconf 86' lang='lat'><strong>:</strong></span> <span class='ocrx_word' id='word_1_336' title='bbox 2697 1956 2880 2010; x_wconf 83' lang='lat' dir='ltr'><strong>neque</strong></span> <span class='ocrx_word' id='word_1_337' title='bbox 2909 1943 3174 1997; x_wconf 87' lang='lat' dir='ltr'><strong>Paulinus</strong></span> <span class='ocrx_word' id='word_1_338' title='bbox 3201 1950 3258 1997; x_wconf 91' lang='lat' dir='ltr'><strong>et</strong></span> <span class='ocrx_word' id='word_1_339' title='bbox 3293 1942 3561 2012; x_wconf 75' lang='lat' dir='ltr'><strong>Evaguius</strong></span> 
     </span>
    </p>
   </div>
   <div class='ocr_carea' id='block_1_50' title="bbox 1985 2032 3559 2104">
    <p class='ocr_par' dir='ltr' id='par_1_50' title="bbox 1985 2032 3559 2104">
     <span class='ocr_line' id='line_1_50' title="bbox 1985 2032 3559 2104; baseline 0.001 -15"><span class='ocrx_word' id='word_1_340' title='bbox 1985 2032 2269 2100; x_wconf 65' lang='lat' dir='ltr'><strong>Ecclesiae,</strong></span> <span class='ocrx_word' id='word_1_341' title='bbox 2310 2036 2405 2104; x_wconf 85' lang='lat' dir='ltr'><strong>qui</strong></span> <span class='ocrx_word' id='word_1_342' title='bbox 2436 2035 2754 2091; x_wconf 87' lang='lat' dir='ltr'><strong>schismatis</strong></span> <span class='ocrx_word' id='word_1_343' title='bbox 2799 2046 2855 2091; x_wconf 87' lang='lat' dir='ltr'><strong>et</strong></span> <span class='ocrx_word' id='word_1_344' title='bbox 2894 2036 3108 2091; x_wconf 87' lang='lat' dir='ltr'><strong>dissidii</strong></span> <span class='ocrx_word' id='word_1_345' title='bbox 3145 2036 3314 2092; x_wconf 86' lang='lat' dir='ltr'><strong>duces</strong></span> <span class='ocrx_word' id='word_1_346' title='bbox 3366 2037 3416 2089; x_wconf 92' lang='lat' dir='ltr'><strong>in</strong></span> <span class='ocrx_word' id='word_1_347' title='bbox 3455 2036 3559 2090; x_wconf 86' lang='lat' dir='ltr'><strong>Ec-</strong></span> 
     </span>
    </p>
   </div>
   <div class='ocr_carea' id='block_1_51' title="bbox 1985 2124 3559 2197">
    <p class='ocr_par' dir='ltr' id='par_1_51' title="bbox 1985 2124 3559 2197">
     <span class='ocr_line' id='line_1_51' title="bbox 1985 2124 3559 2197; baseline 0.002 -18"><span class='ocrx_word' id='word_1_348' title='bbox 1985 2124 2156 2179; x_wconf 84' lang='lat' dir='ltr'><strong>clesia</strong></span> <span class='ocrx_word' id='word_1_349' title='bbox 2199 2124 2544 2180; x_wconf 77' lang='lat' dir='ltr'><strong>Antiochena</strong></span> <span class='ocrx_word' id='word_1_350' title='bbox 2592 2126 2769 2189; x_wconf 88' lang='lat' dir='ltr'><strong>fuere,</strong></span> <span class='ocrx_word' id='word_1_351' title='bbox 2824 2126 2972 2197; x_wconf 86' lang='lat' dir='ltr'><strong>quod</strong></span> <span class='ocrx_word' id='word_1_352' title='bbox 3022 2135 3144 2196; x_wconf 89' lang='lat' dir='ltr'><strong>post</strong></span> <span class='ocrx_word' id='word_1_353' title='bbox 3177 2126 3412 2190; x_wconf 89' lang='lat' dir='ltr'><strong>obitum,</strong></span> <span class='ocrx_word' id='word_1_354' title='bbox 3448 2143 3559 2182; x_wconf 87' lang='lat' dir='ltr'><strong>non</strong></span> 
     </span>
    </p>
   </div>
   <div class='ocr_carea' id='block_1_52' title="bbox 1986 2217 3561 2289">
    <p class='ocr_par' dir='ltr' id='par_1_52' title="bbox 1986 2217 3561 2289">
     <span class='ocr_line' id='line_1_52' title="bbox 1986 2217 3561 2289; baseline -0.001 -17"><span class='ocrx_word' id='word_1_355' title='bbox 1986 2218 2179 2288; x_wconf 84' lang='lat' dir='ltr'><strong>paucis</strong></span> <span class='ocrx_word' id='word_1_356' title='bbox 2230 2217 2361 2273; x_wconf 86' lang='lat' dir='ltr'><strong>hinc</strong></span> <span class='ocrx_word' id='word_1_357' title='bbox 2405 2218 2475 2273; x_wconf 89' lang='lat' dir='ltr'><strong>ab</strong></span> <span class='ocrx_word' id='word_1_358' title='bbox 2516 2218 2696 2281; x_wconf 90' lang='lat' dir='ltr'><strong>annis,</strong></span> <span class='ocrx_word' id='word_1_359' title='bbox 2744 2228 2971 2288; x_wconf 82' lang='lat' dir='ltr'><strong>propter</strong></span> <span class='ocrx_word' id='word_1_360' title='bbox 3020 2219 3206 2289; x_wconf 90' lang='lat' dir='ltr'><strong>populi</strong></span> <span class='ocrx_word' id='word_1_361' title='bbox 3265 2234 3453 2288; x_wconf 70' lang='lat' dir='ltr'><strong>pacem</strong></span> <span class='ocrx_word' id='word_1_362' title='bbox 3503 2232 3561 2273; x_wconf 91' lang='lat' dir='ltr'><strong>et</strong></span> 
     </span>
    </p>
   </div>
   <div class='ocr_carea' id='block_1_53' title="bbox 1986 2311 3557 2382">
    <p class='ocr_par' dir='ltr' id='par_1_53' title="bbox 1986 2311 3557 2382">
     <span class='ocr_line' id='line_1_53' title="bbox 1986 2311 3557 2382; baseline -0.001 -16"><span class='ocrx_word' id='word_1_363' title='bbox 1986 2311 2340 2367; x_wconf 78' lang='lat' dir='ltr'><strong>concordiam</strong></span> <span class='ocrx_word' id='word_1_364' title='bbox 2375 2312 2625 2382; x_wconf 84' lang='lat' dir='ltr'><strong>mysticis</strong></span> <span class='ocrx_word' id='word_1_365' title='bbox 2659 2312 2861 2367; x_wconf 86' lang='lat' dir='ltr'><strong>tabulis</strong></span> <span class='ocrx_word' id='word_1_366' title='bbox 2890 2320 3020 2367; x_wconf 90' lang='lat' dir='ltr'><strong>sunt</strong></span> <span class='ocrx_word' id='word_1_367' title='bbox 3066 2313 3338 2381; x_wconf 89' lang='lat' dir='ltr'><strong>inscripti.</strong></span> <span class='ocrx_word' id='word_1_368' title='bbox 3383 2315 3557 2376; x_wconf 76' lang='lat' dir='ltr'><strong>Quam</strong></span> 
     </span>
    </p>
   </div>
   <div class='ocr_carea' id='block_1_54' title="bbox 1986 2401 3561 2474">
    <p class='ocr_par' dir='ltr' id='par_1_54' title="bbox 1986 2401 3561 2474">
     <span class='ocr_line' id='line_1_54' title="bbox 1986 2401 3561 2474; baseline -0.001 -17"><span class='ocrx_word' id='word_1_369' title='bbox 1986 2401 2059 2457; x_wconf 89' lang='lat' dir='ltr'><strong>ob</strong></span> <span class='ocrx_word' id='word_1_370' title='bbox 2086 2417 2308 2458; x_wconf 84' lang='lat' dir='ltr'><strong>causam</strong></span> <span class='ocrx_word' id='word_1_371' title='bbox 2336 2403 2455 2474; x_wconf 86' lang='lat' dir='ltr'><strong>ipse</strong></span> <span class='ocrx_word' id='word_1_372' title='bbox 2482 2418 2705 2473; x_wconf 89' lang='lat' dir='ltr'><strong>quoque</strong></span> <span class='ocrx_word' id='word_1_373' title='bbox 2744 2402 2961 2474; x_wconf 59' lang='lat' dir='ltr'><strong>[Egypti</strong></span> <span class='ocrx_word' id='word_1_374' title='bbox 2993 2404 3263 2468; x_wconf 87' lang='lat' dir='ltr'><strong>ccclesiis,</strong></span> <span class='ocrx_word' id='word_1_375' title='bbox 3297 2402 3561 2458; x_wconf 80' lang='lat' dir='ltr'><strong>ecclesia-</strong></span> 
     </span>
    </p>
   </div>
   <div class='ocr_carea' id='block_1_55' title="bbox 1988 2497 3561 2568">
    <p class='ocr_par' dir='ltr' id='par_1_55' title="bbox 1988 2497 3561 2568">
     <span class='ocr_line' id='line_1_55' title="bbox 1988 2497 3561 2568; baseline 0.003 -17"><span class='ocrx_word' id='word_1_376' title='bbox 1988 2512 2110 2553; x_wconf 86' lang='lat' dir='ltr'><strong>rum</strong></span> <span class='ocrx_word' id='word_1_377' title='bbox 2140 2498 2293 2553; x_wconf 86' lang='lat' dir='ltr'><strong>orbis</strong></span> <span class='ocrx_word' id='word_1_378' title='bbox 2329 2498 2497 2553; x_wconf 89' lang='lat' dir='ltr'><strong>totius</strong></span> <span class='ocrx_word' id='word_1_379' title='bbox 2531 2497 2993 2568; x_wconf 84' lang='lat' dir='ltr'><strong>pacificandarum</strong></span> <span class='ocrx_word' id='word_1_380' title='bbox 3025 2499 3221 2568; x_wconf 79' lang='lat' dir='ltr'><strong>gratia,</strong></span> <span class='ocrx_word' id='word_1_381' title='bbox 3266 2507 3326 2553; x_wconf 91' lang='lat' dir='ltr'><strong>ut</strong></span> <span class='ocrx_word' id='word_1_382' title='bbox 3355 2498 3561 2555; x_wconf 88' lang='lat' dir='ltr'><strong>mortui</strong></span> 
     </span>
    </p>
   </div>
   <div class='ocr_carea' id='block_1_56' title="bbox 1986 2591 3561 2662">
    <p class='ocr_par' dir='ltr' id='par_1_56' title="bbox 1986 2591 3561 2662">
     <span class='ocr_line' id='line_1_56' title="bbox 1986 2591 3561 2662; baseline 0 -15"><span class='ocrx_word' id='word_1_383' title='bbox 1986 2592 2136 2647; x_wconf 89' lang='lat' dir='ltr'><strong>illius</strong></span> <span class='ocrx_word' id='word_1_384' title='bbox 2183 2606 2382 2647; x_wconf 88' lang='lat' dir='ltr'><strong>nomen</strong></span> <span class='ocrx_word' id='word_1_385' title='bbox 2423 2592 2748 2656; x_wconf 86' lang='lat' dir='ltr'><strong>inscribant,</strong></span> <span class='ocrx_word' id='word_1_386' title='bbox 2805 2591 3063 2662; x_wconf 76' lang='lat' dir='ltr'><strong>praecipe.</strong></span> <span class='ocrx_word' id='word_1_387' title='bbox 3115 2591 3194 2647; x_wconf 83' lang='lat' dir='ltr'><strong>ita</strong></span> <span class='ocrx_word' id='word_1_388' title='bbox 3237 2593 3387 2648; x_wconf 91' lang='lat' dir='ltr'><strong>enim</strong></span> <span class='ocrx_word' id='word_1_389' title='bbox 3431 2607 3561 2647; x_wconf 89' lang='lat' dir='ltr'><strong>cum</strong></span> 
     </span>
    </p>
   </div>
   <div class='ocr_carea' id='block_1_57' title="bbox 1985 2685 3562 2756">
    <p class='ocr_par' dir='ltr' id='par_1_57' title="bbox 1985 2685 3562 2756">
     <span class='ocr_line' id='line_1_57' title="bbox 1985 2685 3562 2756; baseline 0 -16"><span class='ocrx_word' id='word_1_390' title='bbox 1985 2685 2208 2740; x_wconf 87' lang='lat' dir='ltr'><strong>Patrum</strong></span> <span class='ocrx_word' id='word_1_391' title='bbox 2245 2701 2485 2742; x_wconf 84' lang='lat' dir='ltr'><strong>canones</strong></span> <span class='ocrx_word' id='word_1_392' title='bbox 2525 2702 2636 2741; x_wconf 90' lang='lat' dir='ltr'><strong>non</strong></span> <span class='ocrx_word' id='word_1_393' title='bbox 2687 2686 3114 2756; x_wconf 78' lang='lat' dir='ltr'><strong>transgrediere,</strong></span> <span class='ocrx_word' id='word_1_394' title='bbox 3147 2696 3259 2740; x_wconf 91' lang='lat' dir='ltr'><strong>tum</strong></span> <span class='ocrx_word' id='word_1_395' title='bbox 3297 2688 3562 2742; x_wconf 63' lang='lat' dir='ltr'><strong>ecclesia.</strong></span> 
     </span>
    </p>
   </div>
   <div class='ocr_carea' id='block_1_58' title="bbox 1986 2778 3557 2848">
    <p class='ocr_par' dir='ltr' id='par_1_58' title="bbox 1986 2778 3557 2848">
     <span class='ocr_line' id='line_1_58' title="bbox 1986 2778 3557 2848; baseline 0.001 -16"><span class='ocrx_word' id='word_1_396' title='bbox 1986 2793 2106 2832; x_wconf 92' lang='lat' dir='ltr'><strong>rum</strong></span> <span class='ocrx_word' id='word_1_397' title='bbox 2163 2778 2327 2834; x_wconf 88' lang='lat' dir='ltr'><strong>simul</strong></span> <span class='ocrx_word' id='word_1_398' title='bbox 2368 2778 2616 2833; x_wconf 89' lang='lat' dir='ltr'><strong>omnium</strong></span> <span class='ocrx_word' id='word_1_399' title='bbox 2671 2778 3029 2833; x_wconf 87' lang='lat' dir='ltr'><strong>concordiam</strong></span> <span class='ocrx_word' id='word_1_400' title='bbox 3086 2779 3308 2848; x_wconf 87' lang='lat' dir='ltr'><strong>plurimi</strong></span> <span class='ocrx_word' id='word_1_401' title='bbox 3367 2778 3557 2833; x_wconf 81' lang='lat' dir='ltr'><strong>facies.</strong></span> 
     </span>
    </p>
   </div>
   <div class='ocr_carea' id='block_1_59' title="bbox 1985 2869 3555 2943">
    <p class='ocr_par' dir='ltr' id='par_1_59' title="bbox 1985 2869 3555 2943">
     <span class='ocr_line' id='line_1_59' title="bbox 1985 2869 3555 2943; baseline 0.001 -18"><span class='ocrx_word' id='word_1_402' title='bbox 1985 2869 2063 2927; x_wconf 89' lang='lat' dir='ltr'><strong>Te</strong></span> <span class='ocrx_word' id='word_1_403' title='bbox 2119 2887 2252 2927; x_wconf 87' lang='lat' dir='ltr'><strong>vero</strong></span> <span class='ocrx_word' id='word_1_404' title='bbox 2293 2887 2358 2927; x_wconf 87' lang='lat' dir='ltr'><strong>ea</strong></span> <span class='ocrx_word' id='word_1_405' title='bbox 2404 2872 2586 2940; x_wconf 89' lang='lat' dir='ltr'><strong>nobis,</strong></span> <span class='ocrx_word' id='word_1_406' title='bbox 2646 2888 2768 2943; x_wconf 69' lang='lat' dir='ltr'><strong>qua:</strong></span> <span class='ocrx_word' id='word_1_407' title='bbox 2825 2875 3106 2939; x_wconf 85' lang='lat' dir='ltr'><strong>convenit,</strong></span> <span class='ocrx_word' id='word_1_408' title='bbox 3160 2874 3555 2943; x_wconf 87' lang='lat' dir='ltr'><strong>rescripturum</strong></span> 
     </span>
    </p>
   </div>
   <div class='ocr_carea' id='block_1_60' title="bbox 1985 2964 3557 3030">
    <p class='ocr_par' dir='ltr' id='par_1_60' title="bbox 1985 2964 3557 3030">
     <span class='ocr_line' id='line_1_60' title="bbox 1985 2964 3557 3030; baseline 0.001 -13"><span class='ocrx_word' id='word_1_409' title='bbox 1985 2978 2127 3030; x_wconf 88' lang='lat' dir='ltr'><strong>esse,</strong></span> <span class='ocrx_word' id='word_1_410' title='bbox 2158 2964 2226 3018; x_wconf 89' lang='lat' dir='ltr'><strong>ad</strong></span> <span class='ocrx_word' id='word_1_411' title='bbox 2271 2979 2621 3019; x_wconf 86' lang='lat' dir='ltr'><strong>communem</strong></span> <span class='ocrx_word' id='word_1_412' title='bbox 2668 2977 3001 3019; x_wconf 68' lang='lat' dir='ltr'><strong>consensum</strong></span> <span class='ocrx_word' id='word_1_413' title='bbox 3051 2974 3108 3019; x_wconf 89' lang='lat' dir='ltr'><strong>et</strong></span> <span class='ocrx_word' id='word_1_414' title='bbox 3156 2965 3557 3020; x_wconf 78' lang='lat' dir='ltr'><strong>fraternitatem</strong></span> 
     </span>
    </p>
   </div>
   <div class='ocr_carea' id='block_1_61' title="bbox 1988 3057 3556 3129">
    <p class='ocr_par' dir='ltr' id='par_1_61' title="bbox 1988 3057 3556 3129">
     <span class='ocr_line' id='line_1_61' title="bbox 1988 3057 3556 3129; baseline -0.001 -18"><span class='ocrx_word' id='word_1_415' title='bbox 1988 3058 2408 3128; x_wconf 76' lang='lat' dir='ltr'><strong>respicientem,</strong></span> <span class='ocrx_word' id='word_1_416' title='bbox 2472 3074 2800 3129; x_wconf 87' lang='lat' dir='ltr'><strong>persuasum</strong></span> <span class='ocrx_word' id='word_1_417' title='bbox 2856 3059 3056 3114; x_wconf 89' lang='lat' dir='ltr'><strong>habeo.</strong></span> <span class='ocrx_word' id='word_1_418' title='bbox 3104 3057 3556 3124; x_wconf 84' lang='lat' dir='ltr'><strong>Fraternitatetn,</strong></span> 
     </span>
    </p>
   </div>
   <div class='ocr_carea' id='block_1_62' title="bbox 308 3140 1884 3223">
    <p class='ocr_par' dir='ltr' id='par_1_62' title="bbox 308 3140 1879 3222">
     <span class='ocr_line' id='line_1_62' title="bbox 308 3140 1879 3222; baseline 0.008 -27"><span class='ocrx_word' id='word_1_419' title='bbox 308 3140 636 3209; x_wconf 62' lang='grc' dir='ltr'>ἀπέστελλε,</span> <span class='ocrx_word' id='word_1_420' title='bbox 674 3145 802 3199; x_wconf 87' lang='grc' dir='ltr'>τάδε</span> <span class='ocrx_word' id='word_1_421' title='bbox 843 3147 1167 3215; x_wconf 78' lang='grc' dir='ltr'>διεξιοῦσαν·</span> <span class='ocrx_word' id='word_1_422' title='bbox 1204 3149 1607 3206; x_wconf 78' lang='grc' dir='ltr'>ιἘπέσταλται</span> <span class='ocrx_word' id='word_1_423' title='bbox 1662 3153 1764 3222; x_wconf 75' lang='grc' dir='ltr'>μὲν</span> <span class='ocrx_word' id='word_1_424' title='bbox 1810 3154 1879 3207; x_wconf 87' lang='grc' dir='ltr'>τὰ</span> 
     </span>
    </p>
   </div>
   <div class='ocr_carea' id='block_1_63' title="bbox 1985 3140 3555 3223">
    <p class='ocr_par' dir='ltr' id='par_1_63' title="bbox 1985 3153 3555 3223">
     <span class='ocr_line' id='line_1_63' title="bbox 1985 3153 3555 3223; baseline 0.002 -19"><span class='ocrx_word' id='word_1_425' title='bbox 1985 3168 2105 3222; x_wconf 72' lang='lat' dir='ltr'><strong>quae</strong></span> <span class='ocrx_word' id='word_1_426' title='bbox 2138 3161 2315 3207; x_wconf 84' lang='lat' dir='ltr'><strong>tecum</strong></span> <span class='ocrx_word' id='word_1_427' title='bbox 2346 3162 2453 3218; x_wconf 88' lang='lat' dir='ltr'><strong>est,</strong></span> <span class='ocrx_word' id='word_1_428' title='bbox 2489 3168 2734 3217; x_wconf 89' lang='lat' dir='ltr'><strong>omnem,</strong></span> <span class='ocrx_word' id='word_1_429' title='bbox 2782 3167 2884 3222; x_wconf 76' lang='lat' dir='ltr'><strong>ego</strong></span> <span class='ocrx_word' id='word_1_430' title='bbox 2914 3153 3122 3223; x_wconf 85' lang='lat' dir='ltr'><strong>quique</strong></span> <span class='ocrx_word' id='word_1_431' title='bbox 3157 3168 3370 3208; x_wconf 83' lang='lat' dir='ltr'><strong>mecum</strong></span> <span class='ocrx_word' id='word_1_432' title='bbox 3403 3162 3555 3217; x_wconf 89' lang='lat' dir='ltr'><strong>sunt,</strong></span> 
     </span>
    </p>
   </div>
   <div class='ocr_carea' id='block_1_64' title="bbox 312 3236 1885 3312">
    <p class='ocr_par' dir='ltr' id='par_1_64' title="bbox 312 3236 1885 3312">
     <span class='ocr_line' id='line_1_64' title="bbox 312 3236 1885 3312; baseline 0.003 -17"><span class='ocrx_word' id='word_1_433' title='bbox 312 3236 509 3295; x_wconf 66' lang='grc' dir='ltr'>εἰκότα</span> <span class='ocrx_word' id='word_1_434' title='bbox 540 3238 677 3308; x_wconf 84' lang='grc' dir='ltr'>πρὸς</span> <span class='ocrx_word' id='word_1_435' title='bbox 700 3240 795 3294; x_wconf 87' lang='grc' dir='ltr'><strong>τδν</strong></span> <span class='ocrx_word' id='word_1_436' title='bbox 825 3242 1251 3312; x_wconf 79' lang='grc' dir='ltr'>θεοφιλέστατον</span> <span class='ocrx_word' id='word_1_437' title='bbox 1277 3245 1578 3300; x_wconf 76' lang='grc' dir='ltr'>ἐπίσκοπον</span> <span class='ocrx_word' id='word_1_438' title='bbox 1615 3247 1704 3299; x_wconf 79' lang='grc' dir='ltr'><strong>τδν</strong></span> <span class='ocrx_word' id='word_1_439' title='bbox 1731 3248 1885 3299; x_wconf 74' lang='grc' dir='ltr'>ἁδελ-</span> 
     </span>
    </p>
   </div>
   <div class='ocr_carea' id='block_1_65' title="bbox 310 3329 1881 3409">
    <p class='ocr_par' dir='ltr' id='par_1_65' title="bbox 310 3329 1881 3409">
     <span class='ocr_line' id='line_1_65' title="bbox 310 3329 1881 3409; baseline 0.013 -29"><span class='ocrx_word' id='word_1_440' title='bbox 310 3329 417 3395; x_wconf 74' lang='grc' dir='ltr'><strong>φδν</strong></span> <span class='ocrx_word' id='word_1_441' title='bbox 467 3330 628 3400; x_wconf 74' lang='grc' dir='ltr'>ἡμῶν</span> <span class='ocrx_word' id='word_1_442' title='bbox 684 3332 955 3403; x_wconf 81' lang='grc' dir='ltr'>Κύριλλον</span> <span class='ocrx_word' id='word_1_443' title='bbox 1013 3337 1123 3391; x_wconf 84' lang='grc' dir='ltr'>τῶν</span> <span class='ocrx_word' id='word_1_444' title='bbox 1178 3340 1488 3409; x_wconf 74' lang='grc' dir='ltr'>γενομένων</span> <span class='ocrx_word' id='word_1_445' title='bbox 1540 3339 1731 3395; x_wconf 73' lang='grc' dir='ltr'>ἕνεκεν</span> <span class='ocrx_word' id='word_1_446' title='bbox 1784 3341 1881 3408; x_wconf 81' lang='grc' dir='ltr'><strong>τῆς</strong></span> 
     </span>
    </p>
   </div>
   <div class='ocr_carea' id='block_1_66' title="bbox 310 3422 1881 3503">
    <p class='ocr_par' dir='ltr' id='par_1_66' title="bbox 310 3422 1881 3503">
     <span class='ocr_line' id='line_1_66' title="bbox 310 3422 1881 3503; baseline 0.01 -32"><span class='ocrx_word' id='word_1_447' title='bbox 310 3422 697 3493; x_wconf 74' lang='grc' dir='ltr'>προσηγορίας</span> <span class='ocrx_word' id='word_1_448' title='bbox 745 3424 1015 3493; x_wconf 76' lang='grc' dir='ltr'>Ἰωάννου,</span> <span class='ocrx_word' id='word_1_449' title='bbox 1047 3429 1148 3495; x_wconf 71' lang='grc' dir='ltr'>τῆς</span> <span class='ocrx_word' id='word_1_450' title='bbox 1197 3432 1255 3483; x_wconf 77' lang='grc' dir='ltr'>ἐν</span> <span class='ocrx_word' id='word_1_451' title='bbox 1287 3434 1400 3495; x_wconf 88' lang='grc' dir='ltr'>τοῖς</span> <span class='ocrx_word' id='word_1_452' title='bbox 1438 3430 1717 3503; x_wconf 79' lang='grc' dir='ltr'>διπτύχοις</span> <span class='ocrx_word' id='word_1_453' title='bbox 1747 3451 1881 3503; x_wconf 87' lang='grc' dir='ltr'>γρα-</span> 
     </span>
    </p>
   </div>
   <div class='ocr_carea' id='block_1_67' title="bbox 311 3515 1886 3600">
    <p class='ocr_par' dir='ltr' id='par_1_67' title="bbox 311 3515 1886 3600">
     <span class='ocr_line' id='line_1_67' title="bbox 311 3515 1886 3600; baseline 0.01 -36"><span class='ocrx_word' id='word_1_454' title='bbox 311 3515 521 3585; x_wconf 71' lang='grc' dir='ltr'>φείσης</span> <span class='ocrx_word' id='word_1_455' title='bbox 566 3518 681 3580; x_wconf 87' lang='grc' dir='ltr'>τοῖς</span> <span class='ocrx_word' id='word_1_456' title='bbox 724 3518 1221 3589; x_wconf 75' lang='grc' dir='ltr'>ἐκκλησιαστικοῖς.</span> <span class='ocrx_word' id='word_1_457' title='bbox 1265 3526 1433 3580; x_wconf 66' lang='grc' dir='ltr'>Οὐδὲν</span> <span class='ocrx_word' id='word_1_458' title='bbox 1481 3526 1538 3581; x_wconf 74' lang='grc' dir='ltr'>δὲ</span> <span class='ocrx_word' id='word_1_459' title='bbox 1574 3520 1737 3600; x_wconf 80' lang='grc' dir='ltr'>ἦττον</span> <span class='ocrx_word' id='word_1_460' title='bbox 1789 3527 1886 3580; x_wconf 78' lang='grc' dir='ltr'>καὶ</span> 
     </span>
    </p>
   </div>
   <div class='ocr_carea' id='block_1_68' title="bbox 307 3605 1884 3688">
    <p class='ocr_par' dir='ltr' id='par_1_68' title="bbox 307 3605 1884 3688">
     <span class='ocr_line' id='line_1_68' title="bbox 307 3605 1884 3688; baseline 0.01 -31"><span class='ocrx_word' id='word_1_461' title='bbox 307 3609 380 3675; x_wconf 80' lang='grc' dir='ltr'>τῇ</span> <span class='ocrx_word' id='word_1_462' title='bbox 421 3605 667 3681; x_wconf 73' lang='grc' dir='ltr'>ὑμετέρᾳ</span> <span class='ocrx_word' id='word_1_463' title='bbox 705 3611 905 3682; x_wconf 82' lang='grc' dir='ltr'>γράφω</span> <span class='ocrx_word' id='word_1_464' title='bbox 932 3614 1190 3688; x_wconf 72' lang='grc' dir='ltr'>εὐλαϐείᾳ</span> <span class='ocrx_word' id='word_1_465' title='bbox 1222 3617 1384 3674; x_wconf 78' lang='grc' dir='ltr'>πλέον</span> <span class='ocrx_word' id='word_1_466' title='bbox 1410 3618 1522 3673; x_wconf 85' lang='grc' dir='ltr'><strong>τῶν</strong></span> <span class='ocrx_word' id='word_1_467' title='bbox 1559 3620 1737 3674; x_wconf 74' lang='grc' dir='ltr'>ἄλλων</span> <span class='ocrx_word' id='word_1_468' title='bbox 1762 3622 1884 3674; x_wconf 79' lang='grc' dir='ltr'>ἐπι-</span> 
     </span>
    </p>
   </div>
   <div class='ocr_carea' id='block_1_69' title="bbox 309 3702 1884 3786">
    <p class='ocr_par' dir='ltr' id='par_1_69' title="bbox 309 3702 1884 3786">
     <span class='ocr_line' id='line_1_69' title="bbox 309 3702 1884 3786; baseline 0.009 -33"><span class='ocrx_word' id='word_1_469' title='bbox 309 3702 565 3773; x_wconf 78' lang='grc' dir='ltr'>σταμένη</span> <span class='ocrx_word' id='word_1_470' title='bbox 614 3704 683 3759; x_wconf 75' lang='grc' dir='ltr'><strong>τὰ</strong></span> <span class='ocrx_word' id='word_1_471' title='bbox 724 3705 990 3786; x_wconf 63' lang='grc' dir='ltr'>ενταῦθα,</span> <span class='ocrx_word' id='word_1_472' title='bbox 1024 3710 1318 3781; x_wconf 82' lang='grc' dir='ltr'>είρηνικῶς</span> <span class='ocrx_word' id='word_1_473' title='bbox 1375 3729 1436 3766; x_wconf 90' lang='grc' dir='ltr'><strong>τε</strong></span> <span class='ocrx_word' id='word_1_474' title='bbox 1480 3711 1580 3783; x_wconf 76' lang='grc' dir='ltr'><strong>τὴν</strong></span> <span class='ocrx_word' id='word_1_475' title='bbox 1623 3712 1884 3767; x_wconf 81' lang='grc' dir='ltr'>ὑπόθεσιν</span> 
     </span>
    </p>
   </div>
   <div class='ocr_carea' id='block_1_70' title="bbox 312 3795 1884 3877">
    <p class='ocr_par' dir='ltr' id='par_1_70' title="bbox 312 3795 1884 3877">
     <span class='ocr_line' id='line_1_70' title="bbox 312 3795 1884 3877; baseline 0.009 -30"><span class='ocrx_word' id='word_1_476' title='bbox 312 3795 616 3867; x_wconf 78' lang='grc' dir='ltr'>ἀποὸῆναι,</span> <span class='ocrx_word' id='word_1_477' title='bbox 683 3797 763 3869; x_wconf 84' lang='grc' dir='ltr'>τῷ</span> <span class='ocrx_word' id='word_1_478' title='bbox 824 3800 1065 3869; x_wconf 89' lang='grc' dir='ltr'>μάλιστα</span> <span class='ocrx_word' id='word_1_479' title='bbox 1121 3803 1279 3857; x_wconf 79' lang='grc' dir='ltr'>τοῦτο</span> <span class='ocrx_word' id='word_1_480' title='bbox 1325 3804 1500 3870; x_wconf 79' lang='grc' dir='ltr'>δόξαι,</span> <span class='ocrx_word' id='word_1_481' title='bbox 1533 3806 1884 3877; x_wconf 74' lang='grc' dir='ltr'>προηγουμέ-</span> 
     </span>
    </p>
   </div>
   <div class='ocr_carea' id='block_1_71' title="bbox 312 3889 1883 3968">
    <p class='ocr_par' dir='ltr' id='par_1_71' title="bbox 312 3889 1883 3968">
     <span class='ocr_line' id='line_1_71' title="bbox 312 3889 1883 3968; baseline 0.007 -27"><span class='ocrx_word' id='word_1_482' title='bbox 312 3905 427 3952; x_wconf 88' lang='grc' dir='ltr'><strong>νως</strong></span> <span class='ocrx_word' id='word_1_483' title='bbox 469 3889 568 3957; x_wconf 71' lang='grc' dir='ltr'><strong>μὲν</strong></span> <span class='ocrx_word' id='word_1_484' title='bbox 613 3893 729 3956; x_wconf 83' lang='grc' dir='ltr'>τοῖς</span> <span class='ocrx_word' id='word_1_485' title='bbox 781 3893 1204 3960; x_wconf 76' lang='grc' dir='ltr'>εὐσεϐεστάτοις</span> <span class='ocrx_word' id='word_1_486' title='bbox 1235 3897 1572 3968; x_wconf 80' lang='grc' dir='ltr'>βασιλεῦσιν,</span> <span class='ocrx_word' id='word_1_487' title='bbox 1606 3901 1796 3954; x_wconf 73' lang='grc' dir='ltr'>ἔπειτα</span> <span class='ocrx_word' id='word_1_488' title='bbox 1826 3902 1883 3954; x_wconf 73' lang='grc' dir='ltr'>δὲ</span> 
     </span>
    </p>
   </div>
   <div class='ocr_carea' id='block_1_72' title="bbox 312 3983 1884 4064">
    <p class='ocr_par' dir='ltr' id='par_1_72' title="bbox 312 3983 1884 4064">
     <span class='ocr_line' id='line_1_72' title="bbox 312 3983 1884 4064; baseline 0.008 -30"><span class='ocrx_word' id='word_1_489' title='bbox 312 3985 414 4034; x_wconf 78' lang='grc' dir='ltr'>καὶ</span> <span class='ocrx_word' id='word_1_490' title='bbox 461 3983 601 4037; x_wconf 81' lang='grc' dir='ltr'>πᾶσι</span> <span class='ocrx_word' id='word_1_491' title='bbox 651 3987 766 4049; x_wconf 90' lang='grc' dir='ltr'>τοῖς</span> <span class='ocrx_word' id='word_1_492' title='bbox 812 3987 1151 4052; x_wconf 82' lang='grc' dir='ltr'>ἀνατολικοῖς</span> <span class='ocrx_word' id='word_1_493' title='bbox 1190 3990 1534 4055; x_wconf 73' lang='grc' dir='ltr'>ἐπισκόποις.</span> <span class='ocrx_word' id='word_1_494' title='bbox 1567 3993 1641 4046; x_wconf 85' lang='grc' dir='ltr'><strong>Οὐ</strong></span> <span class='ocrx_word' id='word_1_495' title='bbox 1683 3995 1791 4064; x_wconf 74' lang='grc' dir='ltr'>μὴν</span> <span class='ocrx_word' id='word_1_496' title='bbox 1826 3992 1884 4045; x_wconf 81' lang='grc' dir='ltr'>δὲ</span> 
     </span>
    </p>
   </div>
   <div class='ocr_carea' id='block_1_73' title="bbox 312 4070 1885 4155">
    <p class='ocr_par' dir='ltr' id='par_1_73' title="bbox 312 4070 1885 4155">
     <span class='ocr_line' id='line_1_73' title="bbox 312 4070 1885 4155; baseline 0.004 -23"><span class='ocrx_word' id='word_1_497' title='bbox 312 4076 460 4132; x_wconf 80' lang='grc' dir='ltr'>ἀλλὰ</span> <span class='ocrx_word' id='word_1_498' title='bbox 490 4078 586 4132; x_wconf 75' lang='grc' dir='ltr'><strong>καὶ</strong></span> <span class='ocrx_word' id='word_1_499' title='bbox 638 4081 753 4144; x_wconf 87' lang='grc' dir='ltr'>τοῖς</span> <span class='ocrx_word' id='word_1_500' title='bbox 779 4081 876 4151; x_wconf 73' lang='grc' dir='ltr'>τῆς</span> <span class='ocrx_word' id='word_1_501' title='bbox 928 4082 1171 4154; x_wconf 77' lang='grc' dir='ltr'>ἑσπέρας</span> <span class='ocrx_word' id='word_1_502' title='bbox 1205 4070 1520 4155; x_wconf 74' lang='grc' dir='ltr'>αὐτῆςοοὺχ</span> <span class='ocrx_word' id='word_1_503' title='bbox 1552 4087 1630 4149; x_wconf 85' lang='grc' dir='ltr'>ὼς</span> <span class='ocrx_word' id='word_1_504' title='bbox 1660 4087 1885 4141; x_wconf 69' lang='grc' dir='ltr'>ἑπισκό·</span> 
     </span>
    </p>
   </div>
   <div class='ocr_carea' id='block_1_74' title="bbox 312 4174 1887 4249">
    <p class='ocr_par' dir='ltr' id='par_1_74' title="bbox 312 4174 1887 4249">
     <span class='ocr_line' id='line_1_74' title="bbox 312 4174 1887 4249; baseline 0.006 -24"><span class='ocrx_word' id='word_1_505' title='bbox 312 4189 422 4225; x_wconf 88' lang='grc' dir='ltr'><strong>που</strong></span> <span class='ocrx_word' id='word_1_506' title='bbox 455 4176 837 4245; x_wconf 79' lang='grc' dir='ltr'>γραφομένου,</span> <span class='ocrx_word' id='word_1_507' title='bbox 875 4174 991 4229; x_wconf 82' lang='grc' dir='ltr'>ἀλλ’</span> <span class='ocrx_word' id='word_1_508' title='bbox 1026 4174 1101 4238; x_wconf 83' lang='grc' dir='ltr'><strong>ὡς</strong></span> <span class='ocrx_word' id='word_1_509' title='bbox 1139 4175 1308 4231; x_wconf 83' lang='grc' dir='ltr'>πάλαι</span> <span class='ocrx_word' id='word_1_510' title='bbox 1356 4178 1457 4248; x_wconf 70' lang='grc' dir='ltr'><strong>μιν</strong></span> <span class='ocrx_word' id='word_1_511' title='bbox 1510 4178 1701 4233; x_wconf 87' lang='grc' dir='ltr'>τούτου</span> <span class='ocrx_word' id='word_1_512' title='bbox 1732 4195 1887 4249; x_wconf 86' lang='grc' dir='ltr'>γενο-</span> 
     </span>
    </p>
   </div>
   <div class='ocr_carea' id='block_1_75' title="bbox 319 4269 1886 4345">
    <p class='ocr_par' dir='ltr' id='par_1_75' title="bbox 319 4269 1886 4345">
     <span class='ocr_line' id='line_1_75' title="bbox 319 4269 1886 4345; baseline 0.003 -23"><span class='ocrx_word' id='word_1_513' title='bbox 319 4270 517 4339; x_wconf 73' lang='grc' dir='ltr'>μένου.</span> <span class='ocrx_word' id='word_1_514' title='bbox 550 4271 773 4342; x_wconf 82' lang='grc' dir='ltr'>μνήμης</span> <span class='ocrx_word' id='word_1_515' title='bbox 823 4269 880 4324; x_wconf 70' lang='grc' dir='ltr'>δὲ</span> <span class='ocrx_word' id='word_1_516' title='bbox 926 4270 1210 4336; x_wconf 80' lang='grc' dir='ltr'>ἀξιοῦσθαι</span> <span class='ocrx_word' id='word_1_517' title='bbox 1245 4271 1331 4326; x_wconf 81' lang='grc' dir='ltr'>διὰ</span> <span class='ocrx_word' id='word_1_518' title='bbox 1360 4272 1459 4343; x_wconf 81' lang='grc' dir='ltr'>τὴν</span> <span class='ocrx_word' id='word_1_519' title='bbox 1500 4273 1886 4345; x_wconf 76' lang='grc' dir='ltr'>οίκουμενικὴν</span> 
     </span>
    </p>
   </div>
   <div class='ocr_carea' id='block_1_76' title="bbox 313 4361 1887 4437">
    <p class='ocr_par' dir='ltr' id='par_1_76' title="bbox 313 4361 1887 4437">
     <span class='ocr_line' id='line_1_76' title="bbox 313 4361 1887 4437; baseline 0.003 -22"><span class='ocrx_word' id='word_1_520' title='bbox 313 4362 547 4433; x_wconf 77' lang='grc' dir='ltr'>εἰρήνην</span> <span class='ocrx_word' id='word_1_521' title='bbox 598 4363 926 4432; x_wconf 81' lang='grc' dir='ltr'>ὀφείλοντος.</span> <span class='ocrx_word' id='word_1_522' title='bbox 954 4363 1158 4436; x_wconf 84' lang='grc' dir='ltr'>Γράφω</span> <span class='ocrx_word' id='word_1_523' title='bbox 1197 4363 1277 4429; x_wconf 78' lang='grc' dir='ltr'>δὲ,</span> <span class='ocrx_word' id='word_1_524' title='bbox 1312 4361 1454 4418; x_wconf 82' lang='grc' dir='ltr'>ὥστε</span> <span class='ocrx_word' id='word_1_525' title='bbox 1483 4363 1560 4437; x_wconf 80' lang='grc' dir='ltr'>μὴ</span> <span class='ocrx_word' id='word_1_526' title='bbox 1608 4365 1732 4437; x_wconf 80' lang='grc' dir='ltr'>τῆς,</span> <span class='ocrx_word' id='word_1_527' title='bbox 1759 4365 1887 4436; x_wconf 81' lang='grc' dir='ltr'>ὀμο-</span> 
     </span>
    </p>
   </div>
   <div class='ocr_carea' id='block_1_77' title="bbox 317 4440 1883 4530">
    <p class='ocr_par' dir='ltr' id='par_1_77' title="bbox 317 4440 1883 4530">
     <span class='ocr_line' id='line_1_77' title="bbox 317 4440 1883 4530; baseline 0.003 -21"><span class='ocrx_word' id='word_1_528' title='bbox 317 4458 474 4522; x_wconf 83' lang='grc' dir='ltr'>νοῖας</span> <span class='ocrx_word' id='word_1_529' title='bbox 517 4459 578 4512; x_wconf 84' lang='grc' dir='ltr'>τὸ</span> <span class='ocrx_word' id='word_1_530' title='bbox 618 4460 728 4513; x_wconf 81' lang='grc' dir='ltr'><strong>πᾶν</strong></span> <span class='ocrx_word' id='word_1_531' title='bbox 761 4459 837 4521; x_wconf 78' lang='grc' dir='ltr'>ὥς</span> <span class='ocrx_word' id='word_1_532' title='bbox 881 4460 1056 4512; x_wconf 82' lang='grc' dir='ltr'>εἰπεῖν</span> <span class='ocrx_word' id='word_1_533' title='bbox 1108 4440 1463 4530; x_wconf 78' lang='grc' dir='ltr'>νεμηθείσης,</span> <span class='ocrx_word' id='word_1_534' title='bbox 1506 4459 1699 4530; x_wconf 85' lang='grc' dir='ltr'>μόνους</span> <span class='ocrx_word' id='word_1_535' title='bbox 1738 4460 1883 4529; x_wconf 81' lang='grc' dir='ltr'>ὑμᾶς</span> 
     </span>
    </p>
   </div>
   <div class='ocr_carea' id='block_1_78' title="bbox 321 4552 1884 4625">
    <p class='ocr_par' dir='ltr' id='par_1_78' title="bbox 321 4552 1884 4625">
     <span class='ocr_line' id='line_1_78' title="bbox 321 4552 1884 4625; baseline 0.001 -19"><span class='ocrx_word' id='word_1_536' title='bbox 321 4553 398 4623; x_wconf 79' lang='grc' dir='ltr'>μὴ</span> <span class='ocrx_word' id='word_1_537' title='bbox 435 4552 818 4623; x_wconf 73' lang='grc' dir='ltr'>συνθεμένους,</span> <span class='ocrx_word' id='word_1_538' title='bbox 871 4556 966 4609; x_wconf 79' lang='grc' dir='ltr'>καὶ</span> <span class='ocrx_word' id='word_1_539' title='bbox 997 4554 1107 4617; x_wconf 88' lang='grc' dir='ltr'>τοῖς</span> <span class='ocrx_word' id='word_1_540' title='bbox 1149 4553 1563 4618; x_wconf 76' lang='grc' dir='ltr'>εὐσεϐεστάτοις</span> <span class='ocrx_word' id='word_1_541' title='bbox 1601 4553 1884 4625; x_wconf 83' lang='grc' dir='ltr'>βασιλεῦσι</span> 
     </span>
    </p>
   </div>
   <div class='ocr_carea' id='block_1_79' title="bbox 313 4648 1885 4723">
    <p class='ocr_par' dir='ltr' id='par_1_79' title="bbox 313 4648 1885 4723">
     <span class='ocr_line' id='line_1_79' title="bbox 313 4648 1885 4723; baseline 0.003 -22"><span class='ocrx_word' id='word_1_542' title='bbox 313 4649 501 4702; x_wconf 83' lang='grc' dir='ltr'>δοκεῖν</span> <span class='ocrx_word' id='word_1_543' title='bbox 531 4648 857 4718; x_wconf 75' lang='grc' dir='ltr'>ἀντιλέγειν,</span> <span class='ocrx_word' id='word_1_544' title='bbox 902 4651 998 4704; x_wconf 75' lang='grc' dir='ltr'>καὶ</span> <span class='ocrx_word' id='word_1_545' title='bbox 1044 4650 1158 4714; x_wconf 88' lang='grc' dir='ltr'>τοῖς</span> <span class='ocrx_word' id='word_1_546' title='bbox 1207 4651 1669 4719; x_wconf 86' lang='grc' dir='ltr'>ἀναγκαιοτάτοις</span> <span class='ocrx_word' id='word_1_547' title='bbox 1702 4652 1885 4723; x_wconf 89' lang='grc' dir='ltr'>πράγ-</span> 
     </span>
    </p>
   </div>
   <div class='ocr_carea' id='block_1_80' title="bbox 317 4744 1885 4816">
    <p class='ocr_par' dir='ltr' id='par_1_80' title="bbox 317 4744 1885 4816">
     <span class='ocr_line' id='line_1_80' title="bbox 317 4744 1885 4816; baseline 0.003 -20"><span class='ocrx_word' id='word_1_548' title='bbox 317 4758 492 4811; x_wconf 76' lang='grc' dir='ltr'>μασιν</span> <span class='ocrx_word' id='word_1_549' title='bbox 548 4744 745 4815; x_wconf 75' lang='grc' dir='ltr'>ἡμῶν,</span> <span class='ocrx_word' id='word_1_550' title='bbox 790 4744 1115 4808; x_wconf 85' lang='grc' dir='ltr'>ἀντιπνοίας</span> <span class='ocrx_word' id='word_1_551' title='bbox 1165 4745 1313 4809; x_wconf 67' lang='grc' dir='ltr'>τινὸς</span> <span class='ocrx_word' id='word_1_552' title='bbox 1364 4746 1696 4816; x_wconf 84' lang='grc' dir='ltr'>γενομένης,</span> <span class='ocrx_word' id='word_1_553' title='bbox 1756 4746 1885 4816; x_wconf 80' lang='grc' dir='ltr'>βλά-</span> 
     </span>
    </p>
   </div>
   <div class='ocr_carea' id='block_1_81' title="bbox 317 4838 1885 4911">
    <p class='ocr_par' dir='ltr' id='par_1_81' title="bbox 317 4838 1885 4911">
     <span class='ocr_line' id='line_1_81' title="bbox 317 4838 1885 4911; baseline 0.002 -20"><span class='ocrx_word' id='word_1_554' title='bbox 317 4838 558 4893; x_wconf 82' lang='grc' dir='ltr'>πτεσθαι</span> <span class='ocrx_word' id='word_1_555' title='bbox 581 4841 679 4903; x_wconf 74' lang='grc' dir='ltr'><strong>τὰς</strong></span> <span class='ocrx_word' id='word_1_556' title='bbox 710 4839 1010 4905; x_wconf 71' lang='grc' dir='ltr'>ἐκκλησίας</span> <span class='ocrx_word' id='word_1_557' title='bbox 1040 4838 1307 4907; x_wconf 76' lang='grc' dir='ltr'>Χριστοῦ.</span> <span class='ocrx_word' id='word_1_558' title='bbox 1328 4838 1441 4892; x_wconf 77' lang='grc' dir='ltr'><strong>Καὶ</strong></span> <span class='ocrx_word' id='word_1_559' title='bbox 1473 4838 1648 4893; x_wconf 84' lang='grc' dir='ltr'>ταῦτα</span> <span class='ocrx_word' id='word_1_560' title='bbox 1673 4840 1773 4911; x_wconf 81' lang='grc' dir='ltr'>μὲν</span> <span class='ocrx_word' id='word_1_561' title='bbox 1796 4839 1885 4894; x_wconf 79' lang='grc' dir='ltr'><strong>οὗ·</strong></span> 
     </span>
    </p>
   </div>
   <div class='ocr_carea' id='block_1_82' title="bbox 312 4928 1885 5001">
    <p class='ocr_par' dir='ltr' id='par_1_82' title="bbox 312 4928 1885 5001">
     <span class='ocr_line' id='line_1_82' title="bbox 312 4928 1885 5001; baseline 0.003 -19"><span class='ocrx_word' id='word_1_562' title='bbox 312 4947 449 4991; x_wconf 86' lang='grc' dir='ltr'>τως·</span> <span class='ocrx_word' id='word_1_563' title='bbox 478 4930 682 4998; x_wconf 72' lang='grc' dir='ltr'>σφόδρα</span> <span class='ocrx_word' id='word_1_564' title='bbox 708 4928 766 4983; x_wconf 81' lang='grc' dir='ltr'>δὲ</span> <span class='ocrx_word' id='word_1_565' title='bbox 787 4930 936 4999; x_wconf 73' lang='grc' dir='ltr'>ἡμᾶς</span> <span class='ocrx_word' id='word_1_566' title='bbox 966 4929 1176 5000; x_wconf 75' lang='grc' dir='ltr'>ἤγαγεν</span> <span class='ocrx_word' id='word_1_567' title='bbox 1200 4929 1280 4994; x_wconf 85' lang='grc' dir='ltr'><strong>είς</strong></span> <span class='ocrx_word' id='word_1_568' title='bbox 1302 4929 1656 5001; x_wconf 81' lang='grc' dir='ltr'>συναίσθησιν</span> <span class='ocrx_word' id='word_1_569' title='bbox 1685 4932 1718 5001; x_wconf 85' lang='grc' dir='ltr'><strong>ή</strong></span> <span class='ocrx_word' id='word_1_570' title='bbox 1746 4936 1885 4986; x_wconf 62' lang='grc' dir='ltr'>ἀπο.</span> 
     </span>
    </p>
   </div>
   <div class='ocr_carea' id='block_1_83' title="bbox 317 5020 1882 5096">
    <p class='ocr_par' dir='ltr' id='par_1_83' title="bbox 317 5020 1882 5096">
     <span class='ocr_line' id='line_1_83' title="bbox 317 5020 1882 5096; baseline 0.003 -21"><span class='ocrx_word' id='word_1_571' title='bbox 317 5023 491 5094; x_wconf 82' lang='grc' dir='ltr'>δημία</span> <span class='ocrx_word' id='word_1_572' title='bbox 523 5024 701 5093; x_wconf 84' lang='grc' dir='ltr'>ὑμῶν,</span> <span class='ocrx_word' id='word_1_573' title='bbox 735 5022 844 5077; x_wconf 84' lang='grc' dir='ltr'><strong>τῶν</strong></span> <span class='ocrx_word' id='word_1_574' title='bbox 878 5020 973 5075; x_wconf 77' lang='grc' dir='ltr'><strong>νῦν</strong></span> <span class='ocrx_word' id='word_1_575' title='bbox 1006 5022 1277 5076; x_wconf 86' lang='grc' dir='ltr'>συνόντων</span> <span class='ocrx_word' id='word_1_576' title='bbox 1334 5024 1469 5093; x_wconf 78' lang='grc' dir='ltr'>ἡμῖν</span> <span class='ocrx_word' id='word_1_577' title='bbox 1527 5025 1647 5079; x_wconf 88' lang='grc' dir='ltr'>ἀνθ’</span> <span class='ocrx_word' id='word_1_578' title='bbox 1704 5026 1882 5096; x_wconf 84' lang='grc' dir='ltr'>ὑμῶν·</span> 
     </span>
    </p>
   </div>
   <div class='ocr_carea' id='block_1_84' title="bbox 316 5114 1885 5190">
    <p class='ocr_par' dir='ltr' id='par_1_84' title="bbox 316 5114 1885 5190">
     <span class='ocr_line' id='line_1_84' title="bbox 316 5114 1885 5190; baseline -0.001 -19"><span class='ocrx_word' id='word_1_579' title='bbox 316 5120 416 5186; x_wconf 80' lang='grc' dir='ltr'>οὐχ</span> <span class='ocrx_word' id='word_1_580' title='bbox 448 5115 622 5179; x_wconf 73' lang='grc' dir='ltr'>οὕτως</span> <span class='ocrx_word' id='word_1_581' title='bbox 652 5117 785 5186; x_wconf 80' lang='grc' dir='ltr'>ἡμῖν</span> <span class='ocrx_word' id='word_1_582' title='bbox 829 5114 1222 5185; x_wconf 78' lang='grc' dir='ltr'>συμϐιούντων,</span> <span class='ocrx_word' id='word_1_583' title='bbox 1260 5115 1450 5188; x_wconf 84' lang='grc' dir='ltr'>ὥσπερ</span> <span class='ocrx_word' id='word_1_584' title='bbox 1479 5116 1543 5190; x_wconf 79' lang='grc' dir='ltr'>δὴ</span> <span class='ocrx_word' id='word_1_585' title='bbox 1572 5117 1670 5172; x_wconf 80' lang='grc' dir='ltr'>καὶ</span> <span class='ocrx_word' id='word_1_586' title='bbox 1702 5118 1885 5190; x_wconf 78' lang='grc' dir='ltr'>ὑμεῖς,</span> 
     </span>
    </p>
   </div>
   <div class='ocr_carea' id='block_1_85' title="bbox 319 5209 1886 5286">
    <p class='ocr_par' dir='ltr' id='par_1_85' title="bbox 319 5209 1886 5286">
     <span class='ocr_line' id='line_1_85' title="bbox 319 5209 1886 5286; baseline 0.002 -21"><span class='ocrx_word' id='word_1_587' title='bbox 319 5213 400 5277; x_wconf 81' lang='grc' dir='ltr'>ὡς</span> <span class='ocrx_word' id='word_1_588' title='bbox 428 5212 508 5283; x_wconf 84' lang='grc' dir='ltr'><strong>τῷ</strong></span> <span class='ocrx_word' id='word_1_589' title='bbox 544 5211 787 5283; x_wconf 82' lang='grc' dir='ltr'>ξενισμῷ</span> <span class='ocrx_word' id='word_1_590' title='bbox 827 5210 941 5265; x_wconf 87' lang='grc' dir='ltr'><strong>τῶν</strong></span> <span class='ocrx_word' id='word_1_591' title='bbox 991 5211 1212 5280; x_wconf 87' lang='grc' dir='ltr'>τρόπων</span> <span class='ocrx_word' id='word_1_592' title='bbox 1264 5209 1473 5265; x_wconf 87' lang='grc' dir='ltr'>τούτων</span> <span class='ocrx_word' id='word_1_593' title='bbox 1499 5228 1560 5266; x_wconf 91' lang='grc' dir='ltr'><strong>τε</strong></span> <span class='ocrx_word' id='word_1_594' title='bbox 1592 5213 1689 5267; x_wconf 82' lang='grc' dir='ltr'>καὶ</span> <span class='ocrx_word' id='word_1_595' title='bbox 1727 5213 1886 5286; x_wconf 83' lang='grc' dir='ltr'>ὑμῶν</span> 
     </span>
    </p>
   </div>
   <div class='ocr_carea' id='block_1_86' title="bbox 319 5302 1883 5379">
    <p class='ocr_par' dir='ltr' id='par_1_86' title="bbox 319 5302 1883 5379">
     <span class='ocr_line' id='line_1_86' title="bbox 319 5302 1883 5379; baseline 0.001 -21"><span class='ocrx_word' id='word_1_596' title='bbox 319 5302 523 5379; x_wconf 82' lang='grc' dir='ltr'>μικροῦ</span> <span class='ocrx_word' id='word_1_597' title='bbox 553 5308 663 5361; x_wconf 84' lang='grc' dir='ltr'>δεῖν</span> <span class='ocrx_word' id='word_1_598' title='bbox 695 5307 839 5377; x_wconf 80' lang='grc' dir='ltr'>ὑμᾶς</span> <span class='ocrx_word' id='word_1_599' title='bbox 873 5307 1150 5362; x_wconf 82' lang='grc' dir='ltr'>ἀνιᾶσθαι.</span> <span class='ocrx_word' id='word_1_600' title='bbox 1187 5306 1388 5378; x_wconf 89' lang='grc' dir='ltr'>Διόπερ</span> <span class='ocrx_word' id='word_1_601' title='bbox 1436 5305 1614 5361; x_wconf 88' lang='grc' dir='ltr'>πάντα</span> <span class='ocrx_word' id='word_1_602' title='bbox 1648 5306 1883 5377; x_wconf 82' lang='grc' dir='ltr'>ὑπερθέ-</span> 
     </span>
    </p>
   </div>
   <div class='ocr_carea' id='block_1_87' title="bbox 319 5402 1885 5475">
    <p class='ocr_par' dir='ltr' id='par_1_87' title="bbox 319 5402 1885 5475">
     <span class='ocr_line' id='line_1_87' title="bbox 319 5402 1885 5475; baseline -0.001 -20"><span class='ocrx_word' id='word_1_603' title='bbox 319 5420 515 5473; x_wconf 87' lang='grc' dir='ltr'>μενοι,</span> <span class='ocrx_word' id='word_1_604' title='bbox 548 5404 888 5459; x_wconf 79' lang='grc' dir='ltr'>σπουδάσατε</span> <span class='ocrx_word' id='word_1_605' title='bbox 916 5404 1012 5456; x_wconf 72' lang='grc' dir='ltr'>καὶ</span> <span class='ocrx_word' id='word_1_606' title='bbox 1064 5403 1146 5467; x_wconf 85' lang='grc' dir='ltr'><strong>είς</strong></span> <span class='ocrx_word' id='word_1_607' title='bbox 1191 5404 1253 5455; x_wconf 79' lang='grc' dir='ltr'>τὸ</span> <span class='ocrx_word' id='word_1_608' title='bbox 1306 5403 1435 5474; x_wconf 79' lang='grc' dir='ltr'><strong>ἑξῆς</strong></span> <span class='ocrx_word' id='word_1_609' title='bbox 1483 5403 1716 5475; x_wconf 85' lang='grc' dir='ltr'>δραμεῖν</span> <span class='ocrx_word' id='word_1_610' title='bbox 1746 5402 1885 5473; x_wconf 80' lang='grc' dir='ltr'>πρὸς</span> 
     </span>
    </p>
   </div>
   <div class='ocr_carea' id='block_1_88' title="bbox 322 5496 1886 5567">
    <p class='ocr_par' dir='ltr' id='par_1_88' title="bbox 322 5496 1886 5567">
     <span class='ocr_line' id='line_1_88' title="bbox 322 5496 1886 5567; baseline 0.001 -20"><span class='ocrx_word' id='word_1_611' title='bbox 322 5496 496 5565; x_wconf 76' lang='grc' dir='ltr'>ἡμᾶς,</span> <span class='ocrx_word' id='word_1_612' title='bbox 519 5499 583 5551; x_wconf 79' lang='grc' dir='ltr'>ἐκ</span> <span class='ocrx_word' id='word_1_613' title='bbox 610 5497 709 5567; x_wconf 81' lang='grc' dir='ltr'>τῆς</span> <span class='ocrx_word' id='word_1_614' title='bbox 739 5498 1101 5567; x_wconf 85' lang='grc' dir='ltr'>συγκρίσεως,</span> <span class='ocrx_word' id='word_1_615' title='bbox 1138 5496 1508 5567; x_wconf 85' lang='grc' dir='ltr'>σφοδροτέραν</span> <span class='ocrx_word' id='word_1_616' title='bbox 1535 5497 1886 5567; x_wconf 80' lang='grc' dir='ltr'>εὑρίσκοντες</span> 
     </span>
    </p>
   </div>
   <div class='ocr_carea' id='block_1_89' title="bbox 322 5587 1885 5661">
    <p class='ocr_par' dir='ltr' id='par_1_89' title="bbox 322 5587 1885 5661">
     <span class='ocr_line' id='line_1_89' title="bbox 322 5587 1885 5661; baseline 0.001 -23"><span class='ocrx_word' id='word_1_617' title='bbox 322 5588 358 5657; x_wconf 77' lang='grc' dir='ltr'>ἠ</span> <span class='ocrx_word' id='word_1_618' title='bbox 409 5590 677 5660; x_wconf 87' lang='grc' dir='ltr'>πρότερον</span> <span class='ocrx_word' id='word_1_619' title='bbox 738 5589 873 5661; x_wconf 85' lang='grc' dir='ltr'>παρ’</span> <span class='ocrx_word' id='word_1_620' title='bbox 906 5591 1038 5659; x_wconf 72' lang='grc' dir='ltr'>ἡμῖν</span> <span class='ocrx_word' id='word_1_621' title='bbox 1084 5587 1185 5659; x_wconf 81' lang='grc' dir='ltr'>τὴν</span> <span class='ocrx_word' id='word_1_622' title='bbox 1231 5590 1475 5659; x_wconf 81' lang='grc' dir='ltr'>ἀγάπην.</span> <span class='ocrx_word' id='word_1_623' title='bbox 1510 5607 1528 5640; x_wconf 73' lang='grc' dir='ltr'><strong>ο</strong></span> <span class='ocrx_word' id='word_1_624' title='bbox 1569 5587 1651 5642; x_wconf 86' lang='grc' dir='ltr'><strong>Τά</strong></span> <span class='ocrx_word' id='word_1_625' title='bbox 1704 5588 1885 5643; x_wconf 84' lang='grc' dir='ltr'>τοίνυν</span> 
     </span>
    </p>
   </div>
   <div class='ocr_carea' id='block_1_90' title="bbox 318 5679 1885 5754">
    <p class='ocr_par' dir='ltr' id='par_1_90' title="bbox 318 5679 1885 5754">
     <span class='ocr_line' id='line_1_90' title="bbox 318 5679 1885 5754; baseline 0.002 -22"><span class='ocrx_word' id='word_1_626' title='bbox 318 5680 547 5735; x_wconf 80' lang='grc' dir='ltr'>τοιαῦτα</span> <span class='ocrx_word' id='word_1_627' title='bbox 604 5684 906 5754; x_wconf 83' lang='grc' dir='ltr'>γράμματα</span> <span class='ocrx_word' id='word_1_628' title='bbox 957 5680 1252 5750; x_wconf 81' lang='grc' dir='ltr'>δεξάμενος</span> <span class='ocrx_word' id='word_1_629' title='bbox 1309 5680 1580 5751; x_wconf 82' lang='grc' dir='ltr'>Κύριλλος</span> <span class='ocrx_word' id='word_1_630' title='bbox 1632 5679 1885 5735; x_wconf 79' lang='grc' dir='ltr'>τοσοῦτον</span> 
     </span>
    </p>
   </div>
   <div class='ocr_carea' id='block_1_91' title="bbox 323 5772 1883 5850">
    <p class='ocr_par' dir='ltr' id='par_1_91' title="bbox 323 5772 1883 5850">
     <span class='ocr_line' id='line_1_91' title="bbox 323 5772 1883 5850; baseline 0.003 -26"><span class='ocrx_word' id='word_1_631' title='bbox 323 5779 623 5850; x_wconf 77' lang='grc' dir='ltr'>παρῃτεῖτο</span> <span class='ocrx_word' id='word_1_632' title='bbox 670 5776 767 5847; x_wconf 82' lang='grc' dir='ltr'>τὴν</span> <span class='ocrx_word' id='word_1_633' title='bbox 824 5777 1047 5849; x_wconf 82' lang='grc' dir='ltr'>πρᾶξιν,</span> <span class='ocrx_word' id='word_1_634' title='bbox 1071 5776 1147 5839; x_wconf 84' lang='grc' dir='ltr'>ὡς</span> <span class='ocrx_word' id='word_1_635' title='bbox 1186 5778 1250 5831; x_wconf 81' lang='grc' dir='ltr'>ἐκ</span> <span class='ocrx_word' id='word_1_636' title='bbox 1274 5775 1383 5832; x_wconf 84' lang='grc' dir='ltr'><strong>τῶν</strong></span> <span class='ocrx_word' id='word_1_637' title='bbox 1412 5775 1761 5847; x_wconf 81' lang='grc' dir='ltr'>γραμμάτων</span> <span class='ocrx_word' id='word_1_638' title='bbox 1789 5772 1883 5843; x_wconf 86' lang='grc' dir='ltr'><strong>δῆ-</strong></span> 
     </span>
    </p>
   </div>
   <div class='ocr_carea' id='block_1_92' title="bbox 1985 3242 3558 3316">
    <p class='ocr_par' dir='ltr' id='par_1_92' title="bbox 1985 3242 3558 3316">
     <span class='ocr_line' id='line_1_92' title="bbox 1985 3242 3558 3316; baseline 0 -18"><span class='ocrx_word' id='word_1_639' title='bbox 1985 3243 2195 3298; x_wconf 87' lang='lat' dir='ltr'><strong>salvere</strong></span> <span class='ocrx_word' id='word_1_640' title='bbox 2223 3244 2501 3314; x_wconf 78' lang='lat' dir='ltr'><strong>iubemus.</strong></span> <span class='ocrx_word' id='word_1_641' title='bbox 2545 3261 2564 3296; x_wconf 73' lang='grc' dir='ltr'><strong>ι</strong></span> <span class='ocrx_word' id='word_1_642' title='bbox 2604 3245 2683 3300; x_wconf 79' lang='lat' dir='ltr'><strong>Ad</strong></span> <span class='ocrx_word' id='word_1_643' title='bbox 2710 3242 2974 3316; x_wconf 73' lang='lat' dir='ltr'><strong>Cyrillum</strong></span> <span class='ocrx_word' id='word_1_644' title='bbox 3008 3245 3223 3299; x_wconf 81' lang='lat' dir='ltr'><strong>Atticus</strong></span> <span class='ocrx_word' id='word_1_645' title='bbox 3266 3244 3381 3298; x_wconf 64' lang='lat' dir='ltr'><strong>haec</strong></span> <span class='ocrx_word' id='word_1_646' title='bbox 3416 3246 3558 3299; x_wconf 83' lang='lat' dir='ltr'><strong>scri-</strong></span> 
     </span>
    </p>
   </div>
   <div class='ocr_carea' id='block_1_93' title="bbox 1985 3337 3555 3409">
    <p class='ocr_par' dir='ltr' id='par_1_93' title="bbox 1985 3337 3555 3409">
     <span class='ocr_line' id='line_1_93' title="bbox 1985 3337 3555 3409; baseline -0.001 -18"><span class='ocrx_word' id='word_1_647' title='bbox 1985 3338 2112 3405; x_wconf 88' lang='lat' dir='ltr'><strong>psit.</strong></span> <span class='ocrx_word' id='word_1_648' title='bbox 2147 3339 2279 3392; x_wconf 84' lang='lat' dir='ltr'><strong>llem</strong></span> <span class='ocrx_word' id='word_1_649' title='bbox 2315 3349 2498 3392; x_wconf 89' lang='lat' dir='ltr'><strong>autem</strong></span> <span class='ocrx_word' id='word_1_650' title='bbox 2541 3338 2697 3393; x_wconf 89' lang='lat' dir='ltr'><strong>istam</strong></span> <span class='ocrx_word' id='word_1_651' title='bbox 2727 3338 2902 3409; x_wconf 75' lang='lat' dir='ltr'><strong>magis</strong></span> <span class='ocrx_word' id='word_1_652' title='bbox 2942 3337 3107 3392; x_wconf 87' lang='lat' dir='ltr'><strong>etiam</strong></span> <span class='ocrx_word' id='word_1_653' title='bbox 3140 3354 3360 3407; x_wconf 75' lang='lat' dir='ltr'><strong>urgens,</strong></span> <span class='ocrx_word' id='word_1_654' title='bbox 3392 3339 3555 3394; x_wconf 85' lang='lat' dir='ltr'><strong>aliam</strong></span> 
     </span>
    </p>
   </div>
   <div class='ocr_carea' id='block_1_94' title="bbox 1984 3430 3558 3499">
    <p class='ocr_par' dir='ltr' id='par_1_94' title="bbox 1984 3430 3558 3499">
     <span class='ocr_line' id='line_1_94' title="bbox 1984 3430 3558 3499; baseline 0.001 -18"><span class='ocrx_word' id='word_1_655' title='bbox 1984 3444 2203 3499; x_wconf 83' lang='lat' dir='ltr'><strong>quoque</strong></span> <span class='ocrx_word' id='word_1_656' title='bbox 2234 3430 2522 3498; x_wconf 85' lang='lat' dir='ltr'><strong>epistolam</strong></span> <span class='ocrx_word' id='word_1_657' title='bbox 2544 3430 2612 3484; x_wconf 89' lang='lat' dir='ltr'><strong>ad</strong></span> <span class='ocrx_word' id='word_1_658' title='bbox 2640 3430 2861 3485; x_wconf 88' lang='lat' dir='ltr'><strong>Petrum</strong></span> <span class='ocrx_word' id='word_1_659' title='bbox 2894 3439 2949 3484; x_wconf 90' lang='lat' dir='ltr'><strong>et</strong></span> <span class='ocrx_word' id='word_1_660' title='bbox 2978 3430 3260 3485; x_wconf 66' lang='lat' dir='ltr'><strong>Acidesium</strong></span> <span class='ocrx_word' id='word_1_661' title='bbox 3294 3430 3558 3485; x_wconf 81' lang='lat' dir='ltr'><strong>diaconos</strong></span> 
     </span>
    </p>
   </div>
   <div class='ocr_carea' id='block_1_95' title="bbox 1984 3521 3555 3593">
    <p class='ocr_par' dir='ltr' id='par_1_95' title="bbox 1984 3521 3555 3593">
     <span class='ocr_line' id='line_1_95' title="bbox 1984 3521 3555 3593; baseline 0.002 -19"><span class='ocrx_word' id='word_1_662' title='bbox 1984 3524 2121 3593; x_wconf 85' lang='lat' dir='ltr'><strong>ejus,</strong></span> <span class='ocrx_word' id='word_1_663' title='bbox 2162 3521 2312 3577; x_wconf 86' lang='lat' dir='ltr'><strong>hisce</strong></span> <span class='ocrx_word' id='word_1_664' title='bbox 2347 3521 2535 3577; x_wconf 86' lang='lat' dir='ltr'><strong>verbis</strong></span> <span class='ocrx_word' id='word_1_665' title='bbox 2569 3522 2722 3578; x_wconf 87' lang='lat' dir='ltr'><strong>dedit</strong></span> <span class='ocrx_word' id='word_1_666' title='bbox 2766 3542 2779 3575; x_wconf 89' lang='lat'><strong>:</strong></span> <span class='ocrx_word' id='word_1_667' title='bbox 2814 3541 2833 3574; x_wconf 81' lang='grc' dir='ltr'><strong>ι</strong></span> <span class='ocrx_word' id='word_1_668' title='bbox 2874 3523 2957 3577; x_wconf 80' lang='lat' dir='ltr'><strong>Ad</strong></span> <span class='ocrx_word' id='word_1_669' title='bbox 2988 3524 3082 3578; x_wconf 89' lang='lat' dir='ltr'><strong>Dei</strong></span> <span class='ocrx_word' id='word_1_670' title='bbox 3111 3524 3555 3579; x_wconf 82' lang='lat' dir='ltr'><strong>amantissimum</strong></span> 
     </span>
    </p>
   </div>
   <div class='ocr_carea' id='block_1_96' title="bbox 1984 3614 3558 3687">
    <p class='ocr_par' dir='ltr' id='par_1_96' title="bbox 1984 3614 3558 3687">
     <span class='ocr_line' id='line_1_96' title="bbox 1984 3614 3558 3687; baseline 0.001 -20"><span class='ocrx_word' id='word_1_671' title='bbox 1984 3614 2328 3684; x_wconf 74' lang='lat' dir='ltr'><strong>episCOpum,</strong></span> <span class='ocrx_word' id='word_1_672' title='bbox 2363 3614 2590 3669; x_wconf 76' lang='lat' dir='ltr'><strong>fratrem</strong></span> <span class='ocrx_word' id='word_1_673' title='bbox 2635 3623 2888 3669; x_wconf 86' lang='lat' dir='ltr'><strong>nostrum</strong></span> <span class='ocrx_word' id='word_1_674' title='bbox 2924 3615 3211 3687; x_wconf 84' lang='lat' dir='ltr'><strong>Cyrillum,</strong></span> <span class='ocrx_word' id='word_1_675' title='bbox 3246 3615 3319 3670; x_wconf 89' lang='lat' dir='ltr'><strong>ita</strong></span> <span class='ocrx_word' id='word_1_676' title='bbox 3356 3625 3415 3669; x_wconf 86' lang='lat' dir='ltr'><strong>ut</strong></span> <span class='ocrx_word' id='word_1_677' title='bbox 3463 3616 3558 3669; x_wconf 83' lang='lat' dir='ltr'><strong>dc-</strong></span> 
     </span>
    </p>
   </div>
   <div class='ocr_carea' id='block_1_97' title="bbox 1985 3706 3558 3777">
    <p class='ocr_par' dir='ltr' id='par_1_97' title="bbox 1985 3706 3558 3777">
     <span class='ocr_line' id='line_1_97' title="bbox 1985 3706 3558 3777; baseline -0.001 -16"><span class='ocrx_word' id='word_1_678' title='bbox 1985 3706 2121 3771; x_wconf 94' lang='lat' dir='ltr'><strong>cuit,</strong></span> <span class='ocrx_word' id='word_1_679' title='bbox 2178 3722 2277 3777; x_wconf 88' lang='lat' dir='ltr'><strong>per</strong></span> <span class='ocrx_word' id='word_1_680' title='bbox 2328 3706 2618 3777; x_wconf 87' lang='lat' dir='ltr'><strong>epistolam</strong></span> <span class='ocrx_word' id='word_1_681' title='bbox 2665 3707 2994 3777; x_wconf 86' lang='lat' dir='ltr'><strong>scripsimus</strong></span> <span class='ocrx_word' id='word_1_682' title='bbox 3039 3722 3104 3762; x_wconf 89' lang='lat' dir='ltr'><strong>ea</strong></span> <span class='ocrx_word' id='word_1_683' title='bbox 3159 3722 3281 3775; x_wconf 64' lang='lat' dir='ltr'><strong>quae</strong></span> <span class='ocrx_word' id='word_1_684' title='bbox 3334 3709 3558 3759; x_wconf 88' lang='lat' dir='ltr'><strong>nomine</strong></span> 
     </span>
    </p>
   </div>
   <div class='ocr_carea' id='block_1_98' title="bbox 1982 3798 3555 3857">
    <p class='ocr_par' dir='ltr' id='par_1_98' title="bbox 1982 3798 3555 3857">
     <span class='ocr_line' id='line_1_98' title="bbox 1982 3798 3555 3857; baseline -0.001 -1"><span class='ocrx_word' id='word_1_685' title='bbox 1982 3798 2213 3857; x_wconf 76' lang='lat' dir='ltr'><strong>Joannis</strong></span> <span class='ocrx_word' id='word_1_686' title='bbox 2246 3799 2301 3856; x_wconf 90' lang='lat' dir='ltr'><strong>in</strong></span> <span class='ocrx_word' id='word_1_687' title='bbox 2335 3800 2742 3857; x_wconf 83' lang='lat' dir='ltr'><strong>ecclesiasticas</strong></span> <span class='ocrx_word' id='word_1_688' title='bbox 2793 3799 3010 3857; x_wconf 86' lang='lat' dir='ltr'><strong>tabulas</strong></span> <span class='ocrx_word' id='word_1_689' title='bbox 3044 3801 3217 3856; x_wconf 85' lang='lat' dir='ltr'><strong>relato</strong></span> <span class='ocrx_word' id='word_1_690' title='bbox 3250 3810 3367 3855; x_wconf 87' lang='lat' dir='ltr'><strong>acta</strong></span> <span class='ocrx_word' id='word_1_691' title='bbox 3402 3809 3555 3856; x_wconf 84' lang='lat' dir='ltr'><strong>sunt.</strong></span> 
     </span>
    </p>
   </div>
   <div class='ocr_carea' id='block_1_99' title="bbox 1984 3894 3558 3967">
    <p class='ocr_par' dir='ltr' id='par_1_99' title="bbox 1984 3894 3558 3967">
     <span class='ocr_line' id='line_1_99' title="bbox 1984 3894 3558 3967; baseline -0.001 -17"><span class='ocrx_word' id='word_1_692' title='bbox 1984 3894 2171 3951; x_wconf 84' lang='lat' dir='ltr'><strong>Nihilo</strong></span> <span class='ocrx_word' id='word_1_693' title='bbox 2206 3910 2343 3951; x_wconf 87' lang='lat' dir='ltr'><strong>vero</strong></span> <span class='ocrx_word' id='word_1_694' title='bbox 2374 3896 2558 3951; x_wconf 91' lang='lat' dir='ltr'><strong>minus</strong></span> <span class='ocrx_word' id='word_1_695' title='bbox 2596 3906 2654 3953; x_wconf 89' lang='lat' dir='ltr'><strong>et</strong></span> <span class='ocrx_word' id='word_1_696' title='bbox 2688 3897 2755 3953; x_wconf 88' lang='lat' dir='ltr'><strong>ad</strong></span> <span class='ocrx_word' id='word_1_697' title='bbox 2786 3897 3055 3967; x_wconf 88' lang='lat' dir='ltr'><strong>pietatem</strong></span> <span class='ocrx_word' id='word_1_698' title='bbox 3086 3905 3326 3950; x_wconf 83' lang='lat' dir='ltr'><strong>vestram</strong></span> <span class='ocrx_word' id='word_1_699' title='bbox 3364 3895 3558 3948; x_wconf 73' lang='lat' dir='ltr'><strong>scribi-</strong></span> 
     </span>
    </p>
   </div>
   <div class='ocr_carea' id='block_1_100' title="bbox 1986 3986 3556 4058">
    <p class='ocr_par' dir='ltr' id='par_1_100' title="bbox 1986 3986 3556 4058">
     <span class='ocr_line' id='line_1_100' title="bbox 1986 3986 3556 4058; baseline 0 -17"><span class='ocrx_word' id='word_1_700' title='bbox 1986 4000 2131 4051; x_wconf 89' lang='lat' dir='ltr'><strong>mus,</strong></span> <span class='ocrx_word' id='word_1_701' title='bbox 2156 4001 2280 4057; x_wconf 75' lang='lat' dir='ltr'><strong>quae</strong></span> <span class='ocrx_word' id='word_1_702' title='bbox 2321 3988 2519 4043; x_wconf 88' lang='lat' dir='ltr'><strong>melius</strong></span> <span class='ocrx_word' id='word_1_703' title='bbox 2551 4003 2714 4058; x_wconf 85' lang='lat' dir='ltr'><strong>quam</strong></span> <span class='ocrx_word' id='word_1_704' title='bbox 2752 3989 2848 4044; x_wconf 86' lang='lat' dir='ltr'><strong>alii</strong></span> <span class='ocrx_word' id='word_1_705' title='bbox 2896 4003 2986 4043; x_wconf 88' lang='lat' dir='ltr'><strong>res</strong></span> <span class='ocrx_word' id='word_1_706' title='bbox 3019 3997 3236 4043; x_wconf 86' lang='lat' dir='ltr'><strong>nostras</strong></span> <span class='ocrx_word' id='word_1_707' title='bbox 3278 3986 3456 4051; x_wconf 89' lang='lat' dir='ltr'><strong>novit,</strong></span> <span class='ocrx_word' id='word_1_708' title='bbox 3486 3987 3556 4041; x_wconf 86' lang='lat' dir='ltr'><strong>ad</strong></span> 
     </span>
    </p>
   </div>
   <div class='ocr_carea' id='block_1_101' title="bbox 1986 4080 3557 4152">
    <p class='ocr_par' dir='ltr' id='par_1_101' title="bbox 1986 4080 3557 4152">
     <span class='ocr_line' id='line_1_101' title="bbox 1986 4080 3557 4152; baseline 0.003 -19"><span class='ocrx_word' id='word_1_709' title='bbox 1986 4094 2176 4148; x_wconf 87' lang='lat' dir='ltr'><strong>pacem</strong></span> <span class='ocrx_word' id='word_1_710' title='bbox 2208 4080 2465 4136; x_wconf 87' lang='lat' dir='ltr'><strong>videlicet</strong></span> <span class='ocrx_word' id='word_1_711' title='bbox 2489 4089 2544 4136; x_wconf 90' lang='lat' dir='ltr'><strong>et</strong></span> <span class='ocrx_word' id='word_1_712' title='bbox 2573 4082 3031 4152; x_wconf 86' lang='lat' dir='ltr'><strong>tranquillitatem</strong></span> <span class='ocrx_word' id='word_1_713' title='bbox 3065 4098 3161 4138; x_wconf 87' lang='lat' dir='ltr'><strong>eas</strong></span> <span class='ocrx_word' id='word_1_714' title='bbox 3192 4084 3454 4146; x_wconf 87' lang='lat' dir='ltr'><strong>evasisse,</strong></span> <span class='ocrx_word' id='word_1_715' title='bbox 3487 4082 3557 4137; x_wconf 86' lang='lat' dir='ltr'><strong>de</strong></span> 
     </span>
    </p>
   </div>
   <div class='ocr_carea' id='block_1_102' title="bbox 1987 4172 3559 4248">
    <p class='ocr_par' dir='ltr' id='par_1_102' title="bbox 1987 4172 3559 4248">
     <span class='ocr_line' id='line_1_102' title="bbox 1987 4172 3559 4248; baseline 0.002 -21"><span class='ocrx_word' id='word_1_716' title='bbox 1987 4172 2261 4229; x_wconf 86' lang='lat' dir='ltr'><strong>sententia</strong></span> <span class='ocrx_word' id='word_1_717' title='bbox 2311 4176 2589 4246; x_wconf 67' lang='lat' dir='ltr'><strong>prmeipue</strong></span> <span class='ocrx_word' id='word_1_718' title='bbox 2647 4176 3029 4245; x_wconf 86' lang='lat' dir='ltr'><strong>piissimorum</strong></span> <span class='ocrx_word' id='word_1_719' title='bbox 3088 4178 3442 4248; x_wconf 86' lang='lat' dir='ltr'><strong>principum,</strong></span> <span class='ocrx_word' id='word_1_720' title='bbox 3500 4187 3559 4231; x_wconf 72' lang='lat' dir='ltr'><strong>ei</strong></span> 
     </span>
    </p>
   </div>
   <div class='ocr_carea' id='block_1_103' title="bbox 1987 4267 3556 4342">
    <p class='ocr_par' dir='ltr' id='par_1_103' title="bbox 1987 4267 3556 4342">
     <span class='ocr_line' id='line_1_103' title="bbox 1987 4267 3556 4342; baseline 0.003 -22"><span class='ocrx_word' id='word_1_721' title='bbox 1987 4267 2235 4321; x_wconf 91' lang='lat' dir='ltr'><strong>omnium</strong></span> <span class='ocrx_word' id='word_1_722' title='bbox 2274 4267 2475 4323; x_wconf 88' lang='lat' dir='ltr'><strong>deinde</strong></span> <span class='ocrx_word' id='word_1_723' title='bbox 2521 4269 2885 4326; x_wconf 84' lang='lat' dir='ltr'><strong>Orientalium</strong></span> <span class='ocrx_word' id='word_1_724' title='bbox 2944 4273 3352 4342; x_wconf 89' lang='lat' dir='ltr'><strong>episcoporum,</strong></span> <span class='ocrx_word' id='word_1_725' title='bbox 3409 4272 3556 4339; x_wconf 45' lang='lat' dir='ltr'><strong>ipso.</strong></span> 
     </span>
    </p>
   </div>
   <div class='ocr_carea' id='block_1_104' title="bbox 1989 4360 3553 4437">
    <p class='ocr_par' dir='ltr' id='par_1_104' title="bbox 1989 4360 3553 4437">
     <span class='ocr_line' id='line_1_104' title="bbox 1989 4360 3553 4437; baseline 0.004 -24"><span class='ocrx_word' id='word_1_726' title='bbox 1989 4374 2226 4431; x_wconf 88' lang='lat' dir='ltr'><strong>rumque</strong></span> <span class='ocrx_word' id='word_1_727' title='bbox 2262 4360 2403 4418; x_wconf 88' lang='lat' dir='ltr'><strong>adeo</strong></span> <span class='ocrx_word' id='word_1_728' title='bbox 2447 4362 2886 4421; x_wconf 89' lang='lat' dir='ltr'><strong>Occidentalium</strong></span> <span class='ocrx_word' id='word_1_729' title='bbox 2933 4380 3174 4437; x_wconf 88' lang='lat' dir='ltr'><strong>quoque.</strong></span> <span class='ocrx_word' id='word_1_730' title='bbox 3227 4366 3294 4421; x_wconf 70' lang='lat' dir='ltr'><strong>de</strong></span> <span class='ocrx_word' id='word_1_731' title='bbox 3341 4365 3553 4420; x_wconf 82' lang='lat' dir='ltr'><strong>Joanne</strong></span> 
     </span>
    </p>
   </div>
   <div class='ocr_carea' id='block_1_105' title="bbox 1988 4455 3554 4532">
    <p class='ocr_par' dir='ltr' id='par_1_105' title="bbox 1988 4455 3554 4532">
     <span class='ocr_line' id='line_1_105' title="bbox 1988 4455 3554 4532; baseline 0.002 -24"><span class='ocrx_word' id='word_1_732' title='bbox 1988 4457 2161 4510; x_wconf 88' lang='lat' dir='ltr'><strong>sacris</strong></span> <span class='ocrx_word' id='word_1_733' title='bbox 2197 4455 2416 4523; x_wconf 89' lang='lat' dir='ltr'><strong>tabulis,</strong></span> <span class='ocrx_word' id='word_1_734' title='bbox 2449 4473 2559 4513; x_wconf 88' lang='lat' dir='ltr'><strong>non</strong></span> <span class='ocrx_word' id='word_1_735' title='bbox 2592 4467 2651 4513; x_wconf 92' lang='lat' dir='ltr'><strong>ut</strong></span> <span class='ocrx_word' id='word_1_736' title='bbox 2679 4461 2961 4531; x_wconf 87' lang='lat' dir='ltr'><strong>episcopo,</strong></span> <span class='ocrx_word' id='word_1_737' title='bbox 2994 4464 3089 4518; x_wconf 88' lang='lat' dir='ltr'><strong>sed</strong></span> <span class='ocrx_word' id='word_1_738' title='bbox 3124 4460 3218 4532; x_wconf 90' lang='lat' dir='ltr'><strong>qui</strong></span> <span class='ocrx_word' id='word_1_739' title='bbox 3254 4459 3554 4530; x_wconf 84' lang='lat' dir='ltr'><strong>aliquando</strong></span> 
     </span>
    </p>
   </div>
   <div class='ocr_carea' id='block_1_106' title="bbox 1987 4544 3557 4624">
    <p class='ocr_par' dir='ltr' id='par_1_106' title="bbox 1987 4544 3557 4624">
     <span class='ocr_line' id='line_1_106' title="bbox 1987 4544 3557 4624; baseline 0.004 -25"><span class='ocrx_word' id='word_1_740' title='bbox 1987 4544 2282 4615; x_wconf 84' lang='lat' dir='ltr'><strong>episcopus</strong></span> <span class='ocrx_word' id='word_1_741' title='bbox 2308 4546 2496 4616; x_wconf 83' lang='lat' dir='ltr'><strong>fuerit,</strong></span> <span class='ocrx_word' id='word_1_742' title='bbox 2526 4548 2757 4615; x_wconf 86' lang='lat' dir='ltr'><strong>inserto,</strong></span> <span class='ocrx_word' id='word_1_743' title='bbox 2784 4562 2842 4607; x_wconf 91' lang='lat' dir='ltr'><strong>ut</strong></span> <span class='ocrx_word' id='word_1_744' title='bbox 2872 4552 3135 4608; x_wconf 84' lang='lat' dir='ltr'><strong>memoria</strong></span> <span class='ocrx_word' id='word_1_745' title='bbox 3159 4553 3299 4624; x_wconf 86' lang='lat' dir='ltr'><strong>ejus.</strong></span> <span class='ocrx_word' id='word_1_746' title='bbox 3330 4564 3557 4624; x_wconf 84' lang='lat' dir='ltr'><strong>pr0pter</strong></span> 
     </span>
    </p>
   </div>
   <div class='ocr_carea' id='block_1_107' title="bbox 1988 4642 3553 4717">
    <p class='ocr_par' dir='ltr' id='par_1_107' title="bbox 1988 4642 3553 4717">
     <span class='ocr_line' id='line_1_107' title="bbox 1988 4642 3553 4717; baseline 0.003 -21"><span class='ocrx_word' id='word_1_747' title='bbox 1988 4655 2337 4699; x_wconf 84' lang='lat' dir='ltr'><strong>communem</strong></span> <span class='ocrx_word' id='word_1_748' title='bbox 2425 4642 2584 4700; x_wconf 84' lang='lat' dir='ltr'><strong>orbis</strong></span> <span class='ocrx_word' id='word_1_749' title='bbox 2650 4649 2895 4701; x_wconf 88' lang='lat' dir='ltr'><strong>universi</strong></span> <span class='ocrx_word' id='word_1_750' title='bbox 2985 4661 3173 4717; x_wconf 88' lang='lat' dir='ltr'><strong>pacem</strong></span> <span class='ocrx_word' id='word_1_751' title='bbox 3249 4647 3553 4701; x_wconf 84' lang='lat' dir='ltr'><strong>coleretur.</strong></span> 
     </span>
    </p>
   </div>
   <div class='ocr_carea' id='block_1_108' title="bbox 1993 4733 3556 4811">
    <p class='ocr_par' dir='ltr' id='par_1_108' title="bbox 1993 4733 3556 4811">
     <span class='ocr_line' id='line_1_108' title="bbox 1993 4733 3556 4811; baseline 0.003 -20"><span class='ocrx_word' id='word_1_752' title='bbox 1993 4733 2302 4795; x_wconf 88' lang='lat' dir='ltr'><strong>Scribimus</strong></span> <span class='ocrx_word' id='word_1_753' title='bbox 2327 4750 2536 4806; x_wconf 88' lang='lat' dir='ltr'><strong>autem,</strong></span> <span class='ocrx_word' id='word_1_754' title='bbox 2568 4755 2660 4805; x_wconf 79' lang='lat' dir='ltr'><strong>ne,</strong></span> <span class='ocrx_word' id='word_1_755' title='bbox 2692 4741 2985 4796; x_wconf 86' lang='lat' dir='ltr'><strong>concordia</strong></span> <span class='ocrx_word' id='word_1_756' title='bbox 3033 4742 3235 4811; x_wconf 82' lang='lat' dir='ltr'><strong>tibique</strong></span> <span class='ocrx_word' id='word_1_757' title='bbox 3262 4758 3556 4811; x_wconf 83' lang='lat' dir='ltr'><strong>prOpetttO-</strong></span> 
     </span>
    </p>
   </div>
   <div class='ocr_carea' id='block_1_109' title="bbox 1989 4830 3552 4906">
    <p class='ocr_par' dir='ltr' id='par_1_109' title="bbox 1989 4830 3552 4906">
     <span class='ocr_line' id='line_1_109' title="bbox 1989 4830 3552 4906; baseline 0.004 -21"><span class='ocrx_word' id='word_1_758' title='bbox 1989 4830 2119 4886; x_wconf 87' lang='lat' dir='ltr'><strong>dum</strong></span> <span class='ocrx_word' id='word_1_759' title='bbox 2159 4833 2466 4902; x_wconf 88' lang='lat' dir='ltr'><strong>obtinente,</strong></span> <span class='ocrx_word' id='word_1_760' title='bbox 2498 4836 2629 4889; x_wconf 87' lang='lat' dir='ltr'><strong>solis</strong></span> <span class='ocrx_word' id='word_1_761' title='bbox 2661 4837 2822 4892; x_wconf 88' lang='lat' dir='ltr'><strong>nobis</strong></span> <span class='ocrx_word' id='word_1_762' title='bbox 2852 4837 2905 4893; x_wconf 87' lang='lat' dir='ltr'><strong>ei</strong></span> <span class='ocrx_word' id='word_1_763' title='bbox 2948 4853 3058 4892; x_wconf 89' lang='lat' dir='ltr'><strong>non</strong></span> <span class='ocrx_word' id='word_1_764' title='bbox 3106 4837 3552 4906; x_wconf 83' lang='lat' dir='ltr'><strong>astipulantilms,</strong></span> 
     </span>
    </p>
   </div>
   <div class='ocr_carea' id='block_1_110' title="bbox 1989 4927 3553 4999">
    <p class='ocr_par' dir='ltr' id='par_1_110' title="bbox 1989 4927 3553 4999">
     <span class='ocr_line' id='line_1_110' title="bbox 1989 4927 3553 4999; baseline -0.001 -16"><span class='ocrx_word' id='word_1_765' title='bbox 1989 4927 2153 4983; x_wconf 84' lang='lat' dir='ltr'><strong>simul</strong></span> <span class='ocrx_word' id='word_1_766' title='bbox 2177 4935 2233 4980; x_wconf 84' lang='lat' dir='ltr'><strong>et</strong></span> <span class='ocrx_word' id='word_1_767' title='bbox 2255 4927 2520 4996; x_wconf 84' lang='lat' dir='ltr'><strong>piissimis</strong></span> <span class='ocrx_word' id='word_1_768' title='bbox 2548 4928 2898 4999; x_wconf 84' lang='lat' dir='ltr'><strong>principibus</strong></span> <span class='ocrx_word' id='word_1_769' title='bbox 2918 4929 3197 4984; x_wconf 80' lang='lat' dir='ltr'><strong>adversari</strong></span> <span class='ocrx_word' id='word_1_770' title='bbox 3243 4929 3553 4993; x_wconf 81' lang='lat' dir='ltr'><strong>videamur,</strong></span> 
     </span>
    </p>
   </div>
   <div class='ocr_carea' id='block_1_111' title="bbox 1986 5020 3557 5091">
    <p class='ocr_par' dir='ltr' id='par_1_111' title="bbox 1986 5020 3557 5091">
     <span class='ocr_line' id='line_1_111' title="bbox 1986 5020 3557 5091; baseline 0.002 -17"><span class='ocrx_word' id='word_1_771' title='bbox 1986 5031 2042 5074; x_wconf 84' lang='lat' dir='ltr'><strong>et</strong></span> <span class='ocrx_word' id='word_1_772' title='bbox 2072 5034 2283 5076; x_wconf 88' lang='lat' dir='ltr'><strong>summe</strong></span> <span class='ocrx_word' id='word_1_773' title='bbox 2316 5020 2644 5077; x_wconf 85' lang='lat' dir='ltr'><strong>necessariis</strong></span> <span class='ocrx_word' id='word_1_774' title='bbox 2676 5022 2839 5076; x_wconf 80' lang='lat' dir='ltr'><strong>rebus</strong></span> <span class='ocrx_word' id='word_1_775' title='bbox 2882 5024 3110 5087; x_wconf 88' lang='lat' dir='ltr'><strong>nostris,</strong></span> <span class='ocrx_word' id='word_1_776' title='bbox 3146 5024 3325 5077; x_wconf 87' lang='lat' dir='ltr'><strong>ventis</strong></span> <span class='ocrx_word' id='word_1_777' title='bbox 3355 5022 3557 5091; x_wconf 86' lang='lat' dir='ltr'><strong>aliqui-</strong></span> 
     </span>
    </p>
   </div>
   <div class='ocr_carea' id='block_1_112' title="bbox 1987 5112 3557 5176">
    <p class='ocr_par' dir='ltr' id='par_1_112' title="bbox 1987 5112 3557 5176">
     <span class='ocr_line' id='line_1_112' title="bbox 1987 5112 3557 5176; baseline 0.002 -9"><span class='ocrx_word' id='word_1_778' title='bbox 1987 5112 2092 5167; x_wconf 88' lang='lat' dir='ltr'><strong>bus</strong></span> <span class='ocrx_word' id='word_1_779' title='bbox 2126 5113 2373 5168; x_wconf 89' lang='lat' dir='ltr'><strong>adversis</strong></span> <span class='ocrx_word' id='word_1_780' title='bbox 2409 5114 2641 5176; x_wconf 87' lang='lat' dir='ltr'><strong>obortis,</strong></span> <span class='ocrx_word' id='word_1_781' title='bbox 2689 5123 2745 5169; x_wconf 88' lang='lat' dir='ltr'><strong>et</strong></span> <span class='ocrx_word' id='word_1_782' title='bbox 2792 5112 3051 5171; x_wconf 73' lang='lat' dir='ltr'><strong>Ecclesiae</strong></span> <span class='ocrx_word' id='word_1_783' title='bbox 3102 5114 3307 5170; x_wconf 88' lang='lat' dir='ltr'><strong>Christi</strong></span> <span class='ocrx_word' id='word_1_784' title='bbox 3357 5131 3557 5170; x_wconf 79' lang='lat' dir='ltr'><strong>nocea-</strong></span> 
     </span>
    </p>
   </div>
   <div class='ocr_carea' id='block_1_113' title="bbox 1987 5209 3556 5280">
    <p class='ocr_par' dir='ltr' id='par_1_113' title="bbox 1987 5209 3556 5280">
     <span class='ocr_line' id='line_1_113' title="bbox 1987 5209 3556 5280; baseline 0.001 -17"><span class='ocrx_word' id='word_1_785' title='bbox 1987 5223 2131 5263; x_wconf 88' lang='lat' dir='ltr'><strong>mus.</strong></span> <span class='ocrx_word' id='word_1_786' title='bbox 2178 5209 2254 5264; x_wconf 83' lang='lat' dir='ltr'><strong>De</strong></span> <span class='ocrx_word' id='word_1_787' title='bbox 2302 5209 2389 5264; x_wconf 88' lang='lat' dir='ltr'><strong>his</strong></span> <span class='ocrx_word' id='word_1_788' title='bbox 2439 5209 2729 5263; x_wconf 81' lang='lat' dir='ltr'><strong>hactenus.</strong></span> <span class='ocrx_word' id='word_1_789' title='bbox 2762 5210 2823 5263; x_wconf 83' lang='lat' dir='ltr'><strong>in</strong></span> <span class='ocrx_word' id='word_1_790' title='bbox 2875 5225 3130 5280; x_wconf 79' lang='lat' dir='ltr'><strong>magnum</strong></span> <span class='ocrx_word' id='word_1_791' title='bbox 3166 5225 3298 5266; x_wconf 85' lang='lat' dir='ltr'><strong>vero</strong></span> <span class='ocrx_word' id='word_1_792' title='bbox 3337 5211 3556 5265; x_wconf 81' lang='lat' dir='ltr'><strong>deside-</strong></span> 
     </span>
    </p>
   </div>
   <div class='ocr_carea' id='block_1_114' title="bbox 1987 5302 3550 5373">
    <p class='ocr_par' dir='ltr' id='par_1_114' title="bbox 1987 5302 3550 5373">
     <span class='ocr_line' id='line_1_114' title="bbox 1987 5302 3550 5373; baseline 0.001 -18"><span class='ocrx_word' id='word_1_793' title='bbox 1987 5302 2130 5355; x_wconf 87' lang='lat' dir='ltr'><strong>rium</strong></span> <span class='ocrx_word' id='word_1_794' title='bbox 2190 5316 2288 5356; x_wconf 91' lang='lat' dir='ltr'><strong>nos</strong></span> <span class='ocrx_word' id='word_1_795' title='bbox 2334 5302 2607 5372; x_wconf 63' lang='lat' dir='ltr'><strong>profectio</strong></span> <span class='ocrx_word' id='word_1_796' title='bbox 2669 5312 2850 5357; x_wconf 87' lang='lat' dir='ltr'><strong>vestra</strong></span> <span class='ocrx_word' id='word_1_797' title='bbox 2909 5302 3179 5369; x_wconf 76' lang='lat' dir='ltr'><strong>adduxit,</strong></span> <span class='ocrx_word' id='word_1_798' title='bbox 3230 5302 3379 5373; x_wconf 87' lang='lat' dir='ltr'><strong>quod</strong></span> <span class='ocrx_word' id='word_1_799' title='bbox 3441 5318 3550 5357; x_wconf 88' lang='lat' dir='ltr'><strong>non</strong></span> 
     </span>
    </p>
   </div>
   <div class='ocr_carea' id='block_1_115' title="bbox 1983 5396 3546 5467">
    <p class='ocr_par' dir='ltr' id='par_1_115' title="bbox 1983 5396 3546 5467">
     <span class='ocr_line' id='line_1_115' title="bbox 1983 5396 3546 5467; baseline 0.001 -18"><span class='ocrx_word' id='word_1_800' title='bbox 1983 5396 2232 5450; x_wconf 85' lang='lat' dir='ltr'><strong>eamdem</strong></span> <span class='ocrx_word' id='word_1_801' title='bbox 2267 5410 2335 5450; x_wconf 82' lang='lat' dir='ltr'><strong>ex</strong></span> <span class='ocrx_word' id='word_1_802' title='bbox 2366 5412 2555 5451; x_wconf 86' lang='lat' dir='ltr'><strong>eorum</strong></span> <span class='ocrx_word' id='word_1_803' title='bbox 2592 5397 2687 5465; x_wconf 87' lang='lat' dir='ltr'><strong>qui</strong></span> <span class='ocrx_word' id='word_1_804' title='bbox 2717 5412 2859 5451; x_wconf 92' lang='lat' dir='ltr'><strong>nunc</strong></span> <span class='ocrx_word' id='word_1_805' title='bbox 2887 5398 3173 5452; x_wconf 86' lang='lat' dir='ltr'><strong>nobiscum</strong></span> <span class='ocrx_word' id='word_1_806' title='bbox 3204 5407 3348 5460; x_wconf 79' lang='lat' dir='ltr'><strong>sunt,</strong></span> <span class='ocrx_word' id='word_1_807' title='bbox 3381 5413 3546 5467; x_wconf 87' lang='lat' dir='ltr'><strong>quant</strong></span> 
     </span>
    </p>
   </div>
   <div class='ocr_carea' id='block_1_116' title="bbox 1984 5490 3550 5561">
    <p class='ocr_par' dir='ltr' id='par_1_116' title="bbox 1984 5490 3550 5561">
     <span class='ocr_line' id='line_1_116' title="bbox 1984 5490 3550 5561; baseline 0.003 -18"><span class='ocrx_word' id='word_1_808' title='bbox 1984 5503 2049 5543; x_wconf 83' lang='lat' dir='ltr'><strong>ex</strong></span> <span class='ocrx_word' id='word_1_809' title='bbox 2082 5498 2266 5543; x_wconf 88' lang='lat' dir='ltr'><strong>vestro</strong></span> <span class='ocrx_word' id='word_1_810' title='bbox 2291 5490 2546 5544; x_wconf 86' lang='lat' dir='ltr'><strong>convictu</strong></span> <span class='ocrx_word' id='word_1_811' title='bbox 2575 5492 2945 5560; x_wconf 87' lang='lat' dir='ltr'><strong>percipiamus</strong></span> <span class='ocrx_word' id='word_1_812' title='bbox 2964 5491 3385 5561; x_wconf 70' lang='lat' dir='ltr'><strong>iucunditatem.</strong></span> <span class='ocrx_word' id='word_1_813' title='bbox 3411 5495 3550 5547; x_wconf 84' lang='lat' dir='ltr'><strong>adeo</strong></span> 
     </span>
    </p>
   </div>
   <div class='ocr_carea' id='block_1_117' title="bbox 1987 5582 3554 5657">
    <p class='ocr_par' dir='ltr' id='par_1_117' title="bbox 1987 5582 3554 5657">
     <span class='ocr_line' id='line_1_117' title="bbox 1987 5582 3554 5657; baseline 0.001 -21"><span class='ocrx_word' id='word_1_814' title='bbox 1987 5593 2045 5637; x_wconf 91' lang='lat' dir='ltr'><strong>ut</strong></span> <span class='ocrx_word' id='word_1_815' title='bbox 2080 5582 2320 5643; x_wconf 82' lang='lat' dir='ltr'><strong>novitate</strong></span> <span class='ocrx_word' id='word_1_816' title='bbox 2354 5582 2741 5638; x_wconf 80' lang='lat' dir='ltr'><strong>familiaritatis</strong></span> <span class='ocrx_word' id='word_1_817' title='bbox 2775 5598 2967 5639; x_wconf 90' lang='lat' dir='ltr'><strong>eorum</strong></span> <span class='ocrx_word' id='word_1_818' title='bbox 3013 5602 3133 5657; x_wconf 77' lang='lat' dir='ltr'><strong>qua:</strong></span> <span class='ocrx_word' id='word_1_819' title='bbox 3182 5602 3210 5639; x_wconf 90' lang='lat' dir='ltr'><strong>a</strong></span> <span class='ocrx_word' id='word_1_820' title='bbox 3257 5597 3554 5641; x_wconf 60' lang='grc' dir='ltr'>εοημιιοῑιι-</span> 
     </span>
    </p>
   </div>
   <div class='ocr_carea' id='block_1_118' title="bbox 1986 5678 3547 5750">
    <p class='ocr_par' dir='ltr' id='par_1_118' title="bbox 1986 5678 3547 5750">
     <span class='ocr_line' id='line_1_118' title="bbox 1986 5678 3547 5750; baseline 0.003 -18"><span class='ocrx_word' id='word_1_821' title='bbox 1986 5678 2114 5732; x_wconf 90' lang='lat' dir='ltr'><strong>dine</strong></span> <span class='ocrx_word' id='word_1_822' title='bbox 2173 5689 2354 5732; x_wconf 87' lang='lat' dir='ltr'><strong>vestra</strong></span> <span class='ocrx_word' id='word_1_823' title='bbox 2411 5678 2641 5733; x_wconf 89' lang='lat' dir='ltr'><strong>multum</strong></span> <span class='ocrx_word' id='word_1_824' title='bbox 2697 5678 2920 5744; x_wconf 76' lang='lat' dir='ltr'><strong>differt,</strong></span> <span class='ocrx_word' id='word_1_825' title='bbox 2967 5680 3079 5735; x_wconf 82' lang='lat' dir='ltr'><strong>fere</strong></span> <span class='ocrx_word' id='word_1_826' title='bbox 3141 5680 3547 5750; x_wconf 80' lang='lat' dir='ltr'><strong>perturbentur.</strong></span> 
     </span>
    </p>
   </div>
   <div class='ocr_carea' id='block_1_119' title="bbox 1986 5770 3546 5845">
    <p class='ocr_par' dir='ltr' id='par_1_119' title="bbox 1986 5770 3546 5845">
     <span class='ocr_line' id='line_1_119' title="bbox 1986 5770 3546 5845; baseline 0.001 -19"><span class='ocrx_word' id='word_1_827' title='bbox 1986 5770 2149 5845; x_wconf 68' lang='grc'><strong>494</strong></span> <span class='ocrx_word' id='word_1_828' title='bbox 2182 5770 2525 5845; x_wconf 84' lang='lat' dir='ltr'><strong>Quapropter</strong></span> <span class='ocrx_word' id='word_1_829' title='bbox 2561 5773 2729 5830; x_wconf 87' lang='lat' dir='ltr'><strong>rebus</strong></span> <span class='ocrx_word' id='word_1_830' title='bbox 2757 5772 3013 5830; x_wconf 90' lang='lat' dir='ltr'><strong>omnibus</strong></span> <span class='ocrx_word' id='word_1_831' title='bbox 3045 5775 3384 5844; x_wconf 82' lang='lat' dir='ltr'><strong>postpositis,</strong></span> <span class='ocrx_word' id='word_1_832' title='bbox 3415 5787 3546 5844; x_wconf 80' lang='lat' dir='ltr'><strong>ope-</strong></span> 
     </span>
    </p>
   </div>
  </div>
