3976 6202
483 293 622 356 1H3

1695 310 2112 373 NlCEl‘lltftRI
2149 310 2489 371 CALLlS'l'I

3586 311 3723 382 ιιιι

475 425 594 461 ram
636 410 784 471 date.
835 427 892 467 ut
926 414 1189 484 deinceps
1220 418 1285 469 ad
1323 435 1423 473 nos
1470 424 1787 490 recurratis,
1830 434 2019 494 proptr

2122 425 2249 492 ,λον
2295 427 2572 492 γενέσθαι.
2617 427 2678 478 Ἀ
2714 424 2760 479 δ’
2812 426 2906 480 οῦν
2957 427 3293 495 ἀντέγραφε,
3331 424 3543 490 τούτοις
3595 427 3724 483 διεί⁹

476 515 710 561 morum.
745 508 892 573 quod
927 509 1137 576 experti
1167 524 1379 576 sumus,
1412 512 1730 572 discrimen.
1766 517 1911 584 apud
1938 532 2040 571 nos

2149 517 2323 585 ληπτο
2345 535 2361 551 ο

472 597 941 655 vehementiorem
1001 617 1163 671 quam
1223 615 1381 661 antea
1404 610 2043 677 reperturicharitatem.
2084 630 2101 663 ι
2168 610 2391 667 Litteris
2438 612 2707 683 ejusmodi
2760 611 2996 684 Cyrillus
3051 612 3304 683 receptis,
3352 612 3718 681 maximopcrc

474 705 593 748 rem
627 710 748 750 eam
781 709 1066 756 aversatus
1100 712 1205 769 est,
1238 704 1397 759 sicuti
1434 721 1499 760 ex
1530 705 1734 762 litteris
1795 708 1918 780 ejus
1987 709 2122 765 satis
2160 710 2356 779 liquet.
2388 708 2522 765 Nam
2547 724 2670 781 quae
2699 706 2884 765 Attico
2912 708 3215 777 rescripsit,
3246 709 3330 765 sic
3359 707 3563 764 habent
3595 723 3612 762 :

1013 892 1241 950 CAPUT
1283 895 1374 951 XX
1390 895 1495 952 Vll.

470 995 715 1063 Epicteto
767 1007 1038 1079 contraria
1062 1011 1233 1061 sancti
1256 1008 1445 1079 Cyrilli
1476 1012 1548 1066 ad
1571 1013 1824 1076 Atticum,
1853 1030 2040 1070 nomen

776 1075 1005 1131 Joannis
1043 1075 1321 1135 admittere
1360 1085 1732 1139 detractantis.

547 1276 566 1308 ι
603 1256 784 1314 Lectis
830 1277 953 1331 quae
992 1279 1022 1318 a
1059 1265 1264 1333 pietate
1297 1276 1388 1322 tua
1437 1268 1504 1324 ad
1546 1284 1633 1325 me
1676 1271 1857 1327 missa:
1886 1283 2036 1337 sunt,

466 1347 697 1419 litteris,
730 1352 961 1411 Joannis
990 1373 1192 1414 nomen
1230 1362 1405 1417 sacris
1434 1362 1763 1432 inscriptum
1797 1379 1922 1421 esse
1956 1375 2038 1421 ta-

2719 896 2968 950 ΚΕΦΑΛ.
3007 895 3138 952 κε’.

2157 1008 2600 1076 Ἀντεπιστολὴ
2652 1011 2759 1065 τοῦ
2806 1011 2981 1075 ἁγίου
3035 1010 3344 1078 Κυρίλυιου
3403 1007 3553 1075 πρὸς
3610 1010 3715 1063 m-

2212 1078 2510 1216 ‘gtttomov,
2543 1081 3011 1151 ἀπαγορεύουσα
3051 1081 3160 1136 τὸν
3211 1079 3492 1145 Ἰωάννην
3518 1078 3713 1133 εἰσδέ-

2252 1165 2336 1205 ασ
2371 1167 2453 1207 αι.

2219 1281 2238 1316 ι
2289 1262 2414 1330 Τοῖς
2464 1265 2619 1336 παρὰ
2655 1264 2755 1334 τῆς
2806 1266 2908 1334 σῇς
2939 1264 3251 1334 θεοφιλιίας
3284 1263 3713 1335 ιπεσταλμένοις

2138 1354 2401 1427 ἐντυχὼν,
2423 1357 2802 1429 ἐγγεγράφθαι
2837 1358 2938 1426 μὲν
2980 1358 3083 1428 τὴν
3135 1358 3386 1412 Ἰωάννου
3436 1372 3710 1426 προσηγο-

474 1441 623 1499 hulis
658 1446 929 1503 intellexi.
980 1448 1082 1507 Ubi
1118 1468 1248 1507 vero
1289 1469 1389 1510 eos
1432 1457 1526 1526 qui
1557 1456 1688 1512 inde
1717 1457 1783 1511 ad
1812 1473 1915 1513 nos
1943 1473 2019 1513 ve-

2144 1446 2268 1517 ρίαν
2294 1447 2352 1502 ὲν
2385 1449 2505 1511 ταῖς
2540 1449 2710 1518 ἰεραίς
2742 1447 3049 1517 ιμάνϐανον
3072 1448 3277 1510 δέλτοις
3298 1460 3315 1477 ⁸
3349 1449 3635 1520 ἐρωτήσας
3654 1445 3710 1500 δι

468 1549 626 1601 nere,
659 1537 1016 1611 interrogavi,
1053 1559 1162 1597 non
1200 1547 1254 1599 in
1287 1547 1577 1613 laicorum,
1618 1549 1714 1603 sed
1744 1551 2036 1621 episcopo-

467 1644 590 1681 rum
629 1633 875 1705 catalogo
905 1637 1202 1707 ascriptum
1238 1655 1359 1695 esse
1402 1642 1615 1698 audivi.
1646 1642 1819 1699 Porro
1857 1643 2033 1713 dispi-

466 1716 633 1770 cienti
673 1720 833 1786 mihi,
863 1731 1025 1792 atque
1053 1725 1105 1779 in
1140 1730 1321 1782 animo
1359 1734 1660 1801 reputanti,
1694 1750 1766 1789 an
1792 1737 1888 1805 qui
1921 1735 2029 1790 hoe

467 1806 672 1872 fecere,
702 1810 1048 1868 Nimnnorum
1086 1818 1308 1873 Patrum
1341 1822 1565 1878 decreta
1593 1838 1897 1895 sequantur
1920 1870 1933 1892 ,
1975 1838 2032 1881 et

465 1902 865 1971 aliquantulum
916 1912 1116 1964 tuentis
1152 1912 1455 1971 luminibus
1490 1918 1545 1974 in
1581 1935 1831 1991 magnam
1876 1923 2027 1977 illam

461 1994 732 2062 synodum
758 1999 1087 2067 intendenti,
1112 2008 1428 2063 universum
1454 2022 1775 2068 sanctorum
1806 2014 2026 2070 illorum

464 2086 691 2144 Patrum
745 2094 1059 2165 collegium,
1106 2100 1433 2168 quibusdam
1488 2108 1659 2162 veluti
1715 2110 1895 2166 oculis
1942 2128 2030 2166 rc-

460 2198 656 2250 nuere,
688 2196 742 2241 et
769 2187 982 2246 viribus
1011 2196 1290 2262 omnibus,
1325 2202 1626 2268 quominus
1654 2204 1723 2258 ad
1757 2220 1873 2260 rem
1904 2222 2026 2261 eam

458 2279 926 2348 comprobandam
1014 2301 1342 2354 accurram,
1402 2295 1676 2351 obsistere
1742 2298 2025 2355 videntur.

458 2371 748 2440 Quomodo
779 2391 1016 2449 namque
1049 2381 1194 2437 inter
1218 2385 1537 2445 sacerdotes
1561 2389 1653 2445 Dei
1682 2393 2021 2456 censebitur.

454 2466 753 2527 illorumve
787 2471 928 2527 feret
975 2486 1203 2539 sortem,
1238 2479 1327 2533 cui
1374 2481 1739 2538 sacerdotalis
1788 2485 2025 2556 dignitas

453 2562 719 2633 abrogata
752 2567 879 2620 est?
903 2568 1192 2634 Quomodo
1217 2588 1348 2627 vero
1382 2574 1436 2629 in
1464 2576 1714 2647 catalogo
1739 2592 2024 2635 sacrorum

456 2655 843 2714 ministrorum
879 2662 1008 2728 erit,
1041 2665 1134 2732 qui
1179 2666 1576 2725 ecclesiasticis
1602 2672 1880 2735 inmitibus
1906 2674 2023 2744 eje-

455 2761 585 2807 ctus
612 2751 735 2808 est?
777 2754 889 2810 Aut
925 2758 1070 2811 enim
1121 2761 1464 2827 professione
1513 2776 1701 2818 nostra
1738 2765 2022 2837 indignum

455 2854 565 2911 est,
599 2854 660 2900 ut
687 2848 984 2904 sacerdotii
1021 2866 1222 2907 nomen
1254 2856 1388 2909 nihil
1426 2873 1571 2923 esse,
1608 2869 1663 2913 et
1699 2875 1814 2914 rem
1850 2863 2018 2931 ipsam

455 2953 807 2997 communem
838 2943 1097 3000 omnibus
1128 2962 1271 3013 esse,
1303 2964 1423 3018 qua:
1448 2959 1628 3006 tamen
1656 2952 1739 3008 eis
1762 2954 1896 3008 solis
1924 2956 2019 3025 qui

457 3033 527 3088 ad
556 3048 677 3089 eam
723 3038 901 3093 vocati
947 3048 1099 3099 sunt,
1133 3051 1414 3097 asserVata
1461 3055 1565 3106 est,
1599 3046 1850 3103 dicamus
1879 3066 1890 3100 :
1924 3060 2021 3103 aut

454 3131 501 3184 si
536 3146 795 3201 magnum
825 3134 1090 3202 quiddam
1134 3147 1239 3193 est.
1272 3137 1417 3208 quod
1462 3141 1857 3196 sacerdotalem
1893 3141 2021 3196 fun-

454 3223 696 3279 ctionem
717 3239 747 3278 a
764 3226 951 3295 populi
978 3229 1332 3284 multitudine
1355 3231 1586 3297 dirimit,
1607 3247 1718 3288 non
1738 3235 2021 3289 miscenda

449 3335 573 3389 qua:
604 3321 822 3375 misceri
855 3337 965 3376 non
1000 3334 1253 3391 possunt.
1282 3326 1379 3379 sed
1404 3339 1599 3379 eorum
1629 3341 1751 3390 qua:
1778 3328 2023 3383 diximus

449 3413 687 3481 quodvis
741 3414 798 3467 in
844 3414 1040 3471 ordine
1084 3432 1185 3470 suo
1225 3420 1687 3485 conservandum,
1722 3432 1776 3475 et
1809 3420 2019 3476 honore

449 3508 639 3564 debito
665 3508 1144 3565 cohonestandum
1180 3511 1341 3564 nobis
1367 3511 1495 3565 erit.
1535 3509 1825 3577 Quomodo
1852 3513 2021 3581 igitur

449 3613 548 3656 aut
599 3608 744 3657 inter
772 3603 1067 3673 episcopos
1098 3604 1269 3659 laicus
1291 3644 1305 3668 ,
1339 3614 1437 3658 aut
1470 3606 1614 3659 inter
1646 3620 1939 3676 germanos
1964 3615 2020 3661 et

446 3694 749 3765 legitimus,
781 3697 877 3765 qui
913 3696 1039 3752 talis
1066 3712 1178 3752 non
1224 3698 1315 3761 sit,
1349 3698 1659 3754 consistet?
1687 3698 1931 3763 Honora,
1966 3709 2019 3754 te

446 3788 667 3851 hortor,
697 3804 795 3845 eos
829 3790 925 3858 qui
956 3806 1277 3864 magnarum
1308 3800 1364 3845 e‘.
1391 3792 1810 3858 splendidarum
1841 3802 2020 3849 recte-

446 3899 557 3952 que
601 3889 851 3940 actarum
897 3899 1085 3941 rerum
1122 3886 1299 3940 tulere
1344 3888 1747 3954 testimonium,
1775 3903 1846 3943 ne
1887 3904 2019 3944 con-

448 3974 674 4029 tumelia
720 3985 973 4031 sanctum
1022 3979 1246 4034 Patrum
1278 3980 1510 4035 chorum
1554 3981 1781 4037 alhcias.
1826 3982 2018 4036 Goesi-

447 4066 582 4122 dera
627 4083 724 4123 eos
772 4073 867 4138 qui
920 4074 1250 4141 ευρετειίιιιε
1281 4075 1463 4130 adhuc
1510 4076 1563 4129 in
1610 4076 1719 4131 vita
1769 4086 2013 4140 manent,

445 4160 727 4229 quomodo
762 4178 877 4218 rem
908 4164 1050 4220 hanc
1074 4169 1412 4235 acceperint.
1446 4170 1527 4223 An
1563 4185 1673 4224 non
1708 4168 1784 4223 illi
1816 4170 2016 4226 dolore

444 4271 506 4312 se
538 4256 691 4312 omni
740 4258 983 4329 repletos
1015 4274 1139 4316 esse
1192 4272 1343 4317 recte
1392 4262 1602 4328 dicant,
1644 4262 1808 4336 595
1852 4265 1899 4321 si
1957 4265 2012 4321 in

443 4349 707 4405 eumdem
738 4365 864 4407 cum
886 4354 971 4407 eis
992 4354 1270 4416 ordinem,
1297 4356 1342 4411 is
1375 4356 1464 4411 cui
1497 4356 1735 4429 dignitas
1758 4360 2013 4428 adempta

442 4453 526 4496 est
564 4443 879 4499 referatur?
915 4446 1118 4503 Verum
1162 4448 1216 4502 id
1249 4449 1435 4520 pietati
1469 4466 1692 4521 quoque
1732 4461 1839 4508 tuae
1878 4468 2008 4522 per-
2041 4455 2085 4512 ι)

440 4547 666 4590 suasum
712 4552 836 4593 csse
885 4548 1038 4609 puto.
1076 4538 1445 4606 Quamobrem
1492 4553 1548 4599 et
1600 4543 1708 4598 illis
1748 4558 1803 4601 et
1848 4546 2011 4602 nobis

440 4629 697 4682 mmroris
754 4630 913 4685 abole
958 4648 1202 4687 causam.
1255 4634 1413 4691 Tolle
1468 4637 1719 4693 omnium
1766 4640 2009 4696 tristitia:

440 4724 814 4777 occasionem.
840 4724 976 4779 Nam
1010 4725 1171 4781 facile
1195 4737 1251 4782 et
1269 4729 1525 4797 expedite
1559 4745 1623 4785 ea
1652 4746 1776 4801 qua
1809 4742 2010 4802 prteter

441 4814 760 4880 opinionem
817 4818 1099 4879 accidunt.
1136 4820 1433 4890 disponere
1485 4834 1540 4879 et
1591 4824 2003 4893 administrare.

439 4907 574 4961 boni
603 4919 658 4961 et
688 4910 958 4976 sapientis
992 4927 1113 4968 esse
1148 4914 1382 4969 dixerim
1421 4934 1434 4970 :
1484 4918 1580 4972 sed
1613 4928 1727 4974 tum
1759 4920 2004 4986 demum,

437 5015 563 5053 cum
595 5002 731 5055 nihil
766 5004 1086 5059 detrimenti
1124 5007 1337 5063 atlerat.
1384 5009 1506 5064 Non
1546 5011 1717 5078 enim,
1755 5014 2008 5081 quamvis

434 5109 657 5161 gregem
707 5094 912 5151 Christi
951 5113 1270 5169 propagare,
1305 5102 1854 5174 frequentioremque
1892 5106 2007 5160 elli-

435 5202 562 5239 ccre
608 5188 953 5253 Studeamus,
997 5195 1252 5246 examina
1298 5196 1613 5260 ltreresium,
1669 5199 1716 5252 si
1757 5213 2004 5252 errorem

434 5294 594 5331 suum
641 5296 748 5335 non
800 5286 1116 5351 repudient,
1158 5289 1476 5357 recipimus.
1510 5290 1576 5344 Et
1614 5293 1844 5360 proinde
1892 5307 2004 5348 non

434 5370 663 5424 omnino
713 5385 965 5443 prompta
1019 5378 1261 5446 quadam
1319 5380 1732 5449 dispensatione
1785 5384 2001 5438 facilem

432 5481 558 5519 cum
584 5460 665 5520 eis
691 5472 980 5539 complecti
1018 5488 1206 5541 pacem
1242 5473 1531 5536 debemus,
1568 5476 1839 5530 adversus
1863 5493 2003 5545 quos

430 5572 678 5625 pugnare
706 5573 947 5630 praestet.
977 5564 1416 5634 Dispensationis
1443 5584 1577 5622 sane
1602 5568 1838 5624 laudatae
1860 5586 2003 5640 opus

428 5652 617 5717 fuerit,
655 5656 697 5707 si
733 5657 1067 5727 quandoque
1090 5661 1160 5711 ita
1195 5677 1224 5713 a
1252 5660 1435 5713 debita
1464 5663 1676 5717 ratione
1704 5665 2001 5721 deﬂectere

430 5742 739 5810 rideamur,
779 5758 839 5801 ut
879 5748 935 5803 in
988 5750 1157 5806 rebus
1196 5752 1426 5808 utilibus
1457 5761 1512 5807 et
1561 5756 1866 5811 commodis
1909 5757 2002 5813 dc-

2141 1538 2271 1601 τοὺς
2319 1537 2531 1592 ὶκεῖθεν
2574 1540 2834 1611 ἣκοντας,
2887 1540 3171 1608 ἐπυθόμην
3218 1538 3319 1593 οὐκ
3353 1540 3414 1593 ἂν
3447 1540 3558 1603 τοῖς
3601 1538 3709 1591 τῶν

2137 1626 2344 1683 λαῖκῶν
2367 1630 2717 1697 καταλόγοις,
2736 1631 2795 1685 ὲν
2809 1631 2863 1684 δὲ
2885 1630 2999 1694 τοῖς
3020 1630 3129 1685 τῶν
3150 1632 3465 1686 ιπισκόπων
3493 1631 3710 1686 intrii-

2134 1717 2264 1788 χθαι
2296 1720 2491 1790 αὑτήν.
2527 1721 3003 1792 Διασκοπούμενος
3050 1722 3107 1776 δὲ
3155 1723 3251 1777 καὶ
3295 1724 3422 1777 κατ’
3469 1722 3705 1791 ιμαυτδν

2132 1813 2349 1879 ἐννοῶν,
2378 1815 2425 1866 εί
2457 1816 2575 1876 ταῖς
2614 1815 2723 1867 τῶν
2762 1816 3023 1886 Πατέρων
3074 1815 3183 1869 τῶν
3229 1817 3288 1869 ὲν
3339 1815 3546 1883 Nimia
3573 1818 3704 1868 ἁκο-

2130 1903 2385 1959 λουοοῦσι
2411 1906 2592 1972 δόξαις
2638 1910 2685 1961 οἱ
2714 1908 2869 1961 τοῦτο
2904 1910 3273 1979 πεπραχότες.
3320 1907 3417 1960 καὶ
3449 1907 3621 1977 βραχύ
3652 1922 3705 1959 τι

2128 1997 2221 2050 τὸν
2248 1998 2342 2066 τῆς
2369 1997 2610 2062 διανοίας
2632 2000 2908 2069 ὀφθαλμὸν
2933 2002 3070 2071 πρὸς
3095 2002 3193 2071 τὴν
3217 2000 3466 2071 μεγάλην
3489 2001 3705 2069 ἐκείνην
3784 2004 3793 2012 ’

2129 2086 2416 2149 ἀνατείνας
2470 2086 2712 2151 σύνοδον,
2763 2088 2894 2157 ὅλην
2924 2089 3035 2160 ὁρῶ
3080 2090 3192 2142 τῶν
3220 2089 3393 2158 ἁγίων
3446 2088 3702 2159 [πατέρων

2129 2177 2355 2231 ἐκείνων
2387 2178 2485 2251 τὴν
2517 2182 2789 2251 ὁμήγυριν
2822 2180 3012 2251 ὥσπερ
3056 2183 3201 2235 τισὶν
3231 2181 3535 2252 ὀφθαλμοῖς
3574 2184 3704 2236 ἁνα-

2128 2269 2429 2337 νεύουσαν,
2486 2272 2580 2325 καί
2635 2273 2799 2326 παντὶ
2850 2273 3029 2327 σθένει
3091 2270 3505 2326 διακωλύουσσν
3553 2272 3700 2339 ἡμᾶς

2127 2364 2340 2434 τρέχειν
2368 2364 2451 2427 εἰς
2475 2365 2571 2436 τὴν
2598 2366 2694 2418 ἐπὶ
2719 2364 2896 2436 τούτῳ
2930 2366 3263 2419 συναίνισιν.
3296 2364 3422 2425 Πῶς
3452 2364 3561 2435 γὰρ
3585 2366 3699 2428 τοῖς

2131 2457 2175 2507 ἰε
2188 2456 2339 2525 ρεῦσι
2371 2455 2509 2511 Θεοῦ
2542 2458 2948 2524 συντετάξεται,
2971 2461 3069 2514 καί
3088 2458 3180 2513 τδν
3210 2459 3437 2513 ἐκείνων
3463 2459 3700 2527 φυράσιι

2127 2547 2351 2617 κλῆρον,
2384 2549 2413 2600 ὀ
2458 2548 2558 2615 τῆς
2594 2551 2867 2621 ἰερατείας
2901 2549 3349 2621 ἐκϐεϐλημένος-ς
3386 2547 3511 2612 Πῶς
3542 2547 3601 2601 δὲ
3639 2548 3698 2600 ἐν

2127 2639 2450 2708 καταλόγοις
2483 2640 2636 2696 ἔσται
2663 2639 2997 2712 λειτουργῶν
3020 2644 3050 2696 ὀ
3078 2642 3190 2696 τῶν
3217 2639 3699 2709 ικκλησιαστικῶν

2126 2730 2433 2801 περιϐόλων
2462 2731 2568 2796 ἔξω
2600 2732 2813 2799 τεθείς;
2865 2731 3089 2799 ἀνάξιον
3134 2734 3244 2804 γὰρ
3277 2734 3424 2803 ἡμᾶς
3455 2733 3490 2803 ἢ
3532 2732 3700 2801 μηδὲν

2123 2816 2265 2878 εἶναι
2283 2824 2467 2892 λέγειν
2512 2826 2573 2878 τὸ
2620 2825 2719 2893 τῆς
2771 2827 3040 2895 ἰερατείας
3077 2826 3270 2897 δνομα,
3314 2828 3409 2880 καὶ
3460 2826 3696 2896 πρᾶγμα

2123 2916 2300 2969 κοινὸν
2334 2913 2474 2985 εἰναι
2528 2919 2664 2972 πᾶσι
2710 2918 2773 2973 τὸ
2815 2922 3001 2990 μόνοις
3033 2922 3410 2992 τετηρημένον
3446 2922 3561 2983 τοῖς
3614 2920 3698 2984 εἰς

2121 3005 2279 3062 τοῦτο
2329 3009 2725 3080 καλουμένοις·
2779 3011 2814 3085 ἢ
2868 3014 2917 3066 εἰ
2962 3013 3100 3067 πολύ
3153 3031 3209 3067 τι
3258 3014 3320 3067 τὺ
3370 3012 3698 3083 διατειχίζον

2048 3103 2093 3164 ς
2124 3099 2269 3151 ἐστὶν
2299 3099 2601 3168 ἱερωσύνην
2632 3100 2725 3155 καὶ
2758 3100 2905 3165 λαὸν,
2942 3104 3016 3171 μὴ
3051 3103 3300 3173 μιγνύειν
3340 3104 3412 3157 τὰ
3442 3104 3653 3172 ἄμικτα
3675 3138 3693 3165 ,

2122 3193 2314 3261 τηρεῖν
2339 3190 2399 3245 δὲ
2453 3194 2509 3244 ὲν
2557 3195 2620 3263 τῇ
2672 3195 2851 3264 οἰκείᾳ
2882 3194 3033 3259 τάξει
3067 3194 3177 3249 τῶν
3224 3194 3536 3266 εἰρημένων
3562 3192 3693 3259 εκεῖ

2123 3298 2282 3347 στον,
2317 3283 2537 3355 καὶτῆς
2572 3286 2723 3356 αύτῷ
2757 3288 3078 3358 πρεπούσης
3125 3286 3294 3357 τιμῆς
3324 3285 3531 3353 ἀξιοῦν.
3571 3286 3692 3350 Πῶς

2121 3374 2218 3429 οὖν
2242 3377 2299 3430 ὲν
2324 3377 2650 3441 ἐπισκόποις
2680 3382 2708 3433 ό
2736 3379 2944 3443 λαῖκὸς,
2992 3381 3027 3451 ἢ
3077 3379 3193 3446 πῶς
3221 3382 3283 3434 ιν
3312 3382 3424 3443 τοις
3450 3378 3689 3451 γνησίοις

2120 3472 2149 3522 ὁ
2191 3468 2265 3541 μὴ
2300 3470 2538 3534 τοιοῦτος
2561 3474 2857 3541 ἀναφανείς
2881 3491 2894 3537 ;
2920 3472 3186 3544 Τίμησον,
3220 3472 3545 3543 παρακαλῶ,
3564 3472 3690 3535 τοὺς

2122 3561 2214 3612 ἐπὶ
2242 3560 2516 3634 λαμπροῖς
2555 3564 2645 3616 καὶ
2683 3564 2945 3633 μεγάλοις
2972 3568 3085 3628 τοῖς
3121 3564 3515 3636 κατορθώμασι
3550 3581 3687 3635 μαρ-

2116 3652 2473 3721 τυρηθέντας.
2508 3655 2597 3725 Μὴ
2649 3654 2878 3726 ὑϐρίσῃς
2929 3655 3022 3709 τὸν
3075 3657 3232 3724 αγιον
3286 3655 3395 3708 τῶν
3429 3655 3689 3723 Πατέρων

2118 3744 2300 3814 χορόν.
2351 3745 2547 3799 Ἐννόει
2598 3746 2872 3817 παρόντας
2922 3749 3003 3802 ἔτι
3054 3750 3149 3803 καὶ
3182 3748 3686 3818 συνδιαιτωμένους.

2120 3839 2234 3899 πῶς
2267 3836 2333 3892 ἂν
2360 3840 2454 3892 ἐπὶ
2480 3839 2560 3909 τῷ
2597 3842 2842 3909 γεγονότι
2875 3841 3218 3912 διετέθησαν.
3252 3840 3378 3910 'Ap‘
3402 3842 3524 3911 οὐχὶ
3574 3839 3684 3892 πά-

2120 3945 2217 3999 σης
2240 3930 2661 4000 ἀναπεπλῆσθαι
2691 3931 2867 4003 λύπης
2900 3929 3056 3987 εἷπον
3090 3934 3156 3987 ἂν
3187 3933 3435 3998 εἰκότως,
3464 3935 3545 3995 είς
3584 3932 3684 4000 τὴν

2119 4019 2242 4089 ίσην
2284 4020 2470 4083 αὐτοῖς
2504 4024 2658 4087 τάξιν
2689 4026 3082 4093 εἰσφερομένου
3118 4021 3213 4077 τοῦ
3259 4025 3684 4097 καθῃρημένους

2129 4113 2270 4169 Ἀλλ’
2321 4109 2475 4183 οἶμαι
2534 4116 2629 4170 καὶ
2676 4116 2849 4186 αὐτὴν
2883 4116 3044 4193 τοῦτο
3096 4116 3389 4173 πεπεῖσθαι
3434 4120 3536 4186 τὴν
3583 4117 3684 4188 σὴν

2116 4205 2450 4262 θεοσέϐειαν.
2502 4208 2592 4261 Διὸ
2645 4207 2709 4280 δὴ
2738 4208 2930 4263 σϐέσον
2962 4210 3146 4274 αὐτοῖς
3192 4226 3254 4265 τε
3284 4210 3381 4265 καὶ
3409 4211 3542 4282 ἡμῖν
3583 4211 3687 4280 τῆς

2114 4299 2309 4366 ἀηδίας
2331 4298 2429 4370 τὴν
2454 4302 2750 4371 πρόφασιν.
2776 4300 2954 4356 Λῦσον
2980 4303 3075 4372 τῆς
3097 4302 3354 4358 ἁπάντων
3379 4303 3685 4375 κατηφείας

2113 4387 2214 4459 τὴν
2267 4389 2545 4443 ὑπόθεσιν.
2598 4390 2671 4444 Τὸ
2735 4390 2838 4461 μὲν
2890 4392 3000 4461 γὰρ
3061 4392 3559 4464 εύμεταχειρίστως
3612 4392 3684 4447 τὰ

2117 4480 2581 4550 παρεμπίπτοντα
2604 4479 2828 4537 διοικεῖν
2851 4482 3015 4536 καὶ-ὲν
3039 4484 3104 4537 ἂν
3130 4485 3341 4551 εἴποιμι
3372 4486 3467 4537 καί
3496 4483 3681 4554 σοφόν·

2113 4572 2235 4623 τότε
2271 4570 2491 4624 δ’ἔσται
2523 4572 2711 4643 σοφὸν,
2745 4574 2809 4626 ἂν
2840 4575 2915 4644 μή
2947 4591 3001 4628 τι
3033 4574 3227 4642 βλάσος
3257 4577 3490 4647 εἰσφέρῃ
3511 4591 3526 4607 ·
3558 4575 3685 4631 οὒδὶ

2114 4660 2222 4731 γὰρ
2256 4662 2554 4734 ἐπειδήπερ
2599 4662 2823 4734 μείζονα
2866 4665 2967 4734 τὴν
2997 4665 3234 4736 Χριστοῦ
3283 4670 3523 4737 ποίμνην
3545 4668 3688 4720 ἀπο-

2109 4750 2416 4824 τελοῦμεν,
2468 4756 2594 4816 τοὺς
2665 4756 2725 4807 ἐν
2778 4758 2900 4815 ταῖς
2960 4758 3209 4827 αἱρέσεσι
3278 4757 3687 4825 προσλαϐόντες

2110 4848 2335 4913 ἐσμοὺς,
2369 4846 2460 4899 καὶ
2512 4847 2564 4899 εί
2614 4846 2713 4917 τῆς
2742 4850 2951 4913 οἰκείας
3000 4850 3077 4919 μὴ
3118 4848 3407 4920 μεταθείεν
3444 4849 3684 4919 πλάνης,

2108 4935 2198 4991 διὰ
2223 4936 2382 4990 τοῦτο
2405 4936 2509 5007 χρὴ
2540 4938 2757 5004 πάντως
2783 4942 3135 5009 οἰκονομικήν
3157 4957 3280 4994 τινα
3306 4942 3398 4996 καί
3420 4943 3524 4997 ἀπε
3534 4943 3692 5013 ριέρ-

2110 5044 2313 5095 γαστον
2344 5031 2565 5101 εἰρήνην
2597 5029 2965 5100 ἀσπάζεσθαι,
2990 5034 3125 5104 πρὸς
3147 5034 3240 5099 οὓς
3269 5040 3384 5088 εστι
3409 5036 3679 5107 κρείττων

2109 5122 2142 5189 ἡ
2183 5122 2354 5193 μάχη.
2390 5123 2588 5192 Ἔργον
2630 5122 2686 5177 δὲ
2727 5124 2895 5187 ὄντως
2921 5127 3233 5197 οἰκονομίας
3264 5129 3379 5180 ιστί
3410 5127 3469 5179 τὸ
3495 5128 3678 5181 δοκεῖ-δ

2109 5214 2221 5268 ἔσθ’
2253 5216 2341 5267 ὅτε
2367 5214 2542 5284 βραχὺ
2572 5232 2626 5267 τι
2663 5216 2765 5269 ποῦ
2798 5219 3100 5287 πρέποντος
3140 5218 3453 5283 ἐξίστασθαι
3484 5218 3674 5287 λόγου,

2111 5304 2249 5372 μετὰ
2290 5305 2386 5357 τοῦ
2415 5306 2514 5373 τὴν
2562 5308 2619 5358 ἐν
2663 5307 2776 5369 τοῖς
2813 5308 3109 5378 χρησίμοις
3159 5310 3548 5380 παραιτεῖσθαι
3576 5312 3680 5380 ζη-

2108 5396 2261 5465 μίαν.
2297 5394 2455 5448 Οὕτω
2490 5400 2582 5450 καὶ
2610 5399 2638 5450 ὁ
2672 5400 2943 5468 μακάριος
2974 5399 3190 5462 Παῦλος
3215 5404 3329 5464 τοῖς
3363 5405 3534 5455 πᾶσιν
3560 5405 3683 5471 ἐγί-

2106 5505 2226 5540 νετο
2250 5487 2426 5542 πάντα
2453 5503 2464 5518 ·
2488 5490 2586 5559 οὐχ
2613 5489 2699 5543 ἵνα
2721 5491 2957 5564 κερδανῃ
2990 5495 3088 5562 μέν
3116 5510 3167 5547 τι
3193 5493 3389 5564 βραχὺ,
3416 5494 3677 5569 ζημιωθῇ

2104 5576 2161 5629 δὲ
2192 5579 2375 5647 μέρος,
2412 5577 2529 5630 ἀλλ’
2566 5580 2651 5632 ἵνα
2684 5581 2890 5645 πάντας
2916 5582 3176 5657 κερδήσῃ.
3216 5585 3449 5655 ἰδωμεν
3492 5588 3679 5642 τοίνυν

2104 5668 2192 5721 διὰ
2220 5669 2423 5739 ταύτης
2452 5670 2549 5739 τῆς
2579 5671 2805 5740 ἐρεύνης
2833 5674 2932 5743 τῆς
2964 5677 3021 5728 ὲν
3050 5679 3162 5739 τοῖς
3193 5678 3483 5745 πράγμασι
3520 5679 3677 5747 βαδί-

2104 5759 2311 5824 ζοντες,
2346 5763 2393 5814 εἰ
2421 5758 2497 5832 μὴ
2530 5764 2709 5817 πλεῖον
2737 5764 2852 5835 ἔχει
2881 5767 2939 5817 τὸ
2976 5765 3167 5835 βλάϐος
3262 5768 3523 5833 ὑπόθεσις
3562 5769 3675 5825 τῶν
