3976 6202
424 307 559 378 1147

1644 311 2073 376 NICEPHORI
2115 314 2458 376 CALLISTI

3537 310 3680 375 1158

420 424 570 480 ilius
619 420 1119 480 constitutionibus
1170 422 1504 495 refragatur,
1552 440 1675 496 qua:
1725 428 2001 499 ejusmodi

2111 428 2309 500 μεσθαι
2338 427 2468 498 παρ’
2498 426 2657 497 ἡμῶν
2683 425 2779 498 τὴν
2806 424 3066 497 φροντίδα
3088 440 3102 456 ο
3139 425 3166 480 6
3196 422 3252 479 δὶ
3283 420 3558 495 δυσμενὴς
3586 422 3684 480 καὶ

421 516 667 573 hominis
696 527 786 573 est
811 517 1064 588 jactura?
1094 518 1173 572 An
1199 534 1308 574 non
1337 520 1452 590 ipse
1482 534 1705 591 quoque
1732 520 1998 579 Servator

418 626 545 677 nos,
577 610 817 682 i'dipsum
848 612 1078 677 docens,
1115 621 1171 668 et
1209 612 1441 668 t‘ormam
1476 613 1532 669 in
1579 615 1842 671 omnibus
1870 631 1997 686 pro.

422 718 655 774 ponens,
698 704 1076 761 conducibilia
1106 704 1329 776 quidem
1362 706 1427 760 ad
1450 721 1547 763 eos
1596 709 1691 777 qui
1737 722 1863 763 eum
1899 723 1997 763 ac-

420 810 710 854 cesserunt
754 799 976 854 locutus
1006 809 1113 863 est,
1146 799 1533 856 inobedientes
1570 810 1755 855 autem
1802 812 1861 856 et
1912 817 1999 857 re-

423 900 662 946 nuentes
693 890 983 947 discedere
1015 892 1309 962 permisit?
1359 892 1538 962 Atque
1582 902 1797 947 tantum
1838 892 1997 947 abest

422 993 485 1039 ut
516 984 756 1055 aliquam
789 985 982 1041 talium
1013 985 1299 1042 hominum
1330 987 1598 1042 rationem
1625 986 1901 1049 habuerit,
1936 994 1996 1039 ut

420 1078 590 1131 etiam
623 1079 689 1132 ad
730 1078 883 1149 ipsos
920 1079 1127 1135 dixerit
1158 1078 1459 1150 discipulos
1491 1097 1506 1135 :
1540 1080 1623 1135 An
1649 1088 1700 1134 et
1734 1095 1824 1134 eos
1852 1078 1998 1134 abire

421 1172 582 1228 sultis
609 1173 671 1228 ¹¹ί
721 1173 1178 1244 Obsequentibus
1209 1189 1341 1231 sane
1386 1174 1614 1229 multam
1644 1188 1747 1228 nos
1778 1172 1995 1243 impen-

422 1264 557 1320 dere
618 1280 806 1322 curam
863 1280 1083 1336 aequum
1136 1274 1241 1320 est.
1296 1264 1657 1319 Adversarius
1706 1274 1893 1319 autem
1940 1273 1997 1318 et

424 1354 755 1413 inobediens
789 1357 1235 1413 malevolentiam
1279 1356 1395 1427 ipse
1419 1372 1575 1413 suam
1605 1368 1847 1420 accuset,
1884 1372 2000 1412 nte-

422 1450 662 1506 dicinam
715 1452 845 1507 odio
891 1451 1125 1508 habens.
1190 1452 1393 1508 Audiet
1457 1451 1551 1508 ille
1590 1466 1724 1507 vero
1783 1451 2015 1520 justum'

417 1543 687 1615 indicem,
723 1544 997 1603 dicentem
1028 1563 1042 1600 :
1073 1544 1514 1615 Quandoquidem
1548 1544 1749 1600 locutus
1781 1560 1919 1607 sum,
1948 1552 1998 1598 et

424 1653 529 1692 non
585 1639 880 1694 obedivistt’s
907 1654 926 1693 :
976 1648 1024 1694 et
1070 1640 1280 1695 extendi
1324 1656 1610 1705 sermones,
1665 1647 1714 1694 et
1759 1640 2000 1695 animum

424 1748 531 1786 non
574 1733 941 1800 advertistis',
992 1744 1049 1790 et
1099 1750 1224 1805 qua:
1277 1746 1610 1804 sequuntur.
1667 1734 1831 1807 497
1887 1734 1997 1790 Nos

427 1828 678 1898 quidem,
724 1829 821 1900 qui
866 1830 1155 1893 docemus,
1206 1815 1540 1900 quibusnam
1588 1827 1755 1884 rebus
1794 1828 2000 1898 aliquis

421 1918 643 1975 laudem
692 1920 799 1976 sibi
831 1921 973 1991 apud
1009 1922 1179 1976 Deum
1215 1931 1392 1991 paret,
1421 1920 1669 1977 studiose
1700 1920 1998 1975 admodum

423 2012 481 2069 id
514 2013 699 2069 facere
731 2024 899 2083 atque
934 2015 1226 2071 instituere
1261 2015 1441 2081 decet,
1470 2027 1641 2088 atque
1679 2031 1803 2072 cum
1830 2016 2000 2072 Paulo

423 2104 818 2161 resistentibus
858 2104 1096 2162 dicere:
1159 2106 1512 2163 Obsecremus
1562 2123 1656 2176 per
1708 2106 1998 2174 Christum,

422 2199 845 2255 reconciliamini
895 2200 1001 2255 Deo
1033 2204 1074 2266 ³,
1121 2201 1509 2260 inohedientes
1554 2218 1683 2260 vero
1734 2202 2000 2274 potestati

424 2294 523 2350 Dei
567 2295 984 2363 commendare,
1035 2296 1171 2353 illud
1229 2308 1616 2369 usurpantes;
1673 2295 1999 2352 Curauimus

420 2385 770 2459 Babylonem,
800 2389 892 2445 sed
935 2398 1128 2444 sanata
1163 2406 1269 2445 non
1299 2398 1418 2444 est:
1454 2390 1820 2461 relinquamus
1858 2404 2000 2453 eam,

422 2485 678 2556 quoniam
716 2484 953 2555 peruenit
982 2486 1036 2540 in
1070 2484 1257 2540 caelum
1290 2484 1554 2556 judicium
1582 2486 1695 2558 ejus
1723 2483 1768 2542 ⁸.
1792 2483 2002 2541 Conse-

423 2596 605 2651 quens
657 2582 825 2656 igitur
861 2597 971 2639 non
1010 2592 1116 2649 est,
1153 2592 1383 2656 propter
1427 2581 1691 2639 adversos
1735 2595 2004 2653 quorum-

425 2677 554 2733 dam
616 2691 928 2743 sermones,
987 2676 1264 2747 siquidem
1327 2692 1556 2747 prorsus
1614 2677 1783 2748 aliqui
1846 2688 1999 2747 sunt,

424 2769 685 2825 funditus
745 2771 1063 2827 sanctiones
1135 2770 1544 2827 ecclesiasticas
1608 2770 1888 2837 convelli,
1943 2778 2002 2826 ut

424 2860 604 2919 laicus
635 2862 974 2919 sacerdotali
1013 2862 1283 2935 dignitate
1315 2862 1662 2920 enitentibus
1709 2878 2007 2921 accensea-

426 2964 542 3023 tur,
601 2966 660 3013 et
717 2957 987 3014 honorem
1040 2958 1298 3014 eumdem
1356 2966 1758 3030 consequatur.
1813 2956 2004 3029 Neque

424 3052 577 3105 enim
622 3049 731 3105 hoc
763 3064 1117 3105 communem
1162 3051 1317 3105 orbis
1359 3049 1605 3105 universi
1656 3062 1874 3119 pacem,
1906 3048 2003 3104 sed

2103 521 2339 593 ἀνήκοος
2386 520 2485 590 τὴν
2517 517 2686 574 αὑτοῦ
2722 519 3013 573 κακόνοιαν
3064 518 3398 582 αἰτιάσαιτο,
3445 519 3683 586 μισήσας

2102 613 2167 667 τὸ
2205 612 2634 679 θεραπεύεσθαι.
2677 613 2999 668 ’Δκούσεται
3031 612 3087 666 δὲ
3138 612 3290 681 παρᾶ
3333 611 3431 665 τοῦ
3463 612 3679 667 δικαίου

2106 706 2323 780 κριτοῦ,
2365 706 2611 771 Ἐπειδὴ
2638 705 2932 773 ἐλάλουν,
2970 706 3069 762 καί
3103 708 3216 777 οὐχ
3249 707 3647 771 ὑπηκούσατε
3669 722 3683 737 ·

2104 801 2202 855 καὶ
2239 798 2512 866 ἐξέτεινα
2548 803 2794 870 λόγους,
2829 800 2928 855 καί
2962 803 3035 855 οὐ
3065 784 3453 870 προσείχετε,
3490 804 3586 854 καὶ
3618 804 3686 854 τα

2105 893 2316 957 τούτοις
2345 892 2497 963 ἑξῆς.
2537 894 2705 965 Ἦμῖν
2738 895 2841 965 μὶν
2870 893 2980 963 γὰρ
3008 897 3122 958 τοῖς
3148 895 3465 949 διδάσκουσι
3506 895 3576 949 τὰ
3599 895 3687 963 ἐφ’

2103 983 2186 1053 οἷς
2216 988 2283 1044 ἄν
2316 1006 2397 1054 τις
2434 989 2754 1060 εὐδοκιμοίη
2796 988 2950 1058 παρὰ
2979 987 3119 1058 Θεῷ,
3154 990 3251 1042 καὶ
3279 987 3403 1043 λίαν
3424 989 3689 1042 ἐσπουδαο

2106 1082 2320 1152 σμένιυς
2371 1084 2715 1153 εἰσηγεῖσθαι
2763 1082 3004 1153 πρέπειο
3039 1083 3135 1136 καὶ
3169 1083 3284 1145 τοῖς
3325 1082 3690 1137 ἀντιτείνουσι

2105 1174 2292 1244 λέγειν
2324 1174 2465 1246 μετὰ
2492 1172 2588 1228 τοῦ
2620 1174 2835 1229 Παύλου
2856 1190 2871 1205 ·
2904 1175 3166 1246 Δεόμεθα
3210 1172 3365 1243 ὑπὲρ
3404 1172 3688 1241 Χριστοῦ,

2109 1268 2535 1339 καταλλάγητε
2564 1267 2646 1335 τῷ
2678 1266 2821 1334 Θεῷ,
2852 1267 2977 1329 τοὺς
3017 1267 3074 1321 δὲ
3104 1265 3471 1330 ἀπειθοῦντας
3499 1265 3688 1320 λοιπὸν

2104 1362 2422 1417 ἀνατιθέναι
2448 1365 2513 1434 τῇ
2537 1361 2632 1415 τοῦ
2662 1360 2801 1415 Θεοῦ
2823 1361 3054 1432 δυνάμει
3096 1361 3351 1429 λέγοντες
3375 1377 3389 1391 ’
3428 1362 3689 1430 Ἰατρεύσ

2105 1472 2305 1525 cuper
2340 1455 2457 1524 τὴν
2486 1453 2839 1520 Βαϐυλῶνα,
2880 1453 2980 1507 καί
3009 1455 3122 1507 οὐκ
3144 1451 3303 1521 ἰάθη.
3350 1452 3685 1522 Ἐγκατελίο

2106 1566 2303 1619 ποιων
2327 1548 2525 1618 αὐτὴν
2572 1548 2661 1603 ὅτι
2701 1548 2949 1619 ἤγγικεν
2993 1549 3082 1614 είς
3111 1547 3379 1616 οὐρανὸν
3408 1546 3477 1601 τὸ
3508 1546 3688 1617 κρῖμα

2106 1642 2322 1711 αὐτῆς.
2357 1642 2473 1696 Οὐκ
2513 1642 2810 1697 ἀκόλουθον
2837 1640 3132 1712 τοιγαροῦν
3166 1641 3253 1694 διὰ
3278 1642 3379 1704 τάς
3405 1656 3572 1693 τινων
3591 1640 3687 1693 ἀν-

2106 1732 2357 1801 τιλογίας
2379 1732 2541 1803 εἴπερ
2580 1732 2726 1797 τινὲς
2769 1731 2910 1796 ὅλως
2937 1731 3100 1795 εισὶν,
3137 1733 3205 1785 ἐκ
3241 1731 3460 1803 βάθρων
3495 1731 3687 1805 ὥσπερ

2104 1824 2499 1881 κατασείεσθαι
2531 1825 2657 1890 τοὺς
2680 1824 2781 1893 τῆς
2828 1824 3157 1897 Ἐκκλησίας
3190 1825 3455 1894 θεσμοὺς,
3494 1824 3684 1879 λαῖκοῦ

2105 1917 2543 1989 συνταττομένου
2572 1919 2690 1981 τοῖς
2726 1918 2785 1971 ιν
2818 1918 3064 1989 ίερατείᾳ
3109 1915 3467 1988 διαπρέψασι,
3494 1918 3589 1969 καὶ
3626 1915 3684 1968 ἐν

2102 2016 2205 2089 ἴσῳ
2255 2017 2441 2086 μέτρῳ
2481 2015 2648 2085 τιμῆς
2696 2011 3095 2077 είσσαίνοντος.
3130 2010 3222 2083 Μὴ
3275 2011 3385 2082 γὰρ
3433 2010 3685 2081 δήτοῦτο

2103 2110 2440 2165 καλείτωσαν
2477 2109 2868 2180 οίκουμενικήν
2898 2125 3042 2172 τινες
3082 2108 3336 2179 είρήνην,
3369 2106 3504 2160 ἀλλὰ
3544 2108 3683 2177 μᾱλο

2101 2205 2195 2258 λον
2221 2205 2565 2276 κατατομήν.
2620 2202 2766 2271 Ἐγὼ
2797 2200 2908 2275 γὰρ
2958 2202 3081 2257 τότε
3125 2204 3271 2273 φημὶ
3313 2200 3685 2270 κρατύνεσθαι

2103 2298 2166 2351 τὸ
2195 2297 2298 2369 τῆς
2328 2298 2553 2369 εἰρήνης
2583 2295 2757 2369 ὄνομα
2807 2298 2903 2351 καὶ
2949 2298 3209 2369 πρᾶγμα,
3262 2295 3393 2349 ὅταν
3444 2294 3523 2365 μὴ
3567 2297 3685 2359 ταῖς

2102 2392 2212 2447 τῶν
2283 2392 2458 2462 ἁγίων
2513 2390 2766 2462 γνώμαις
2826 2389 3305 2460 ἁντιταττώμεθα,
3368 2390 3509 2460 μήτε
3572 2391 3686 2452 τοῖς

2104 2483 2331 2540 ἐκείνων
2373 2484 2835 2556 ἀντιπράττωμεν
2864 2484 3034 2555 ὅροις.
3067 2483 3131 2538 Et
3172 2482 3279 2553 γὰρ
3315 2482 3371 2535 εί
3389 2498 3541 2545 τινας
3577 2482 3690 2534 τῶν

2104 2581 2251 2635 κατὰ
2284 2580 2385 2651 τὴν
2440 2579 2585 2651 ἑῴαν
2622 2578 3046 2634 εὐλαϐεστάτων
3094 2573 3344 2646 ἀδελφῶν
3399 2576 3497 2629 καὶ
3554 2590 3685 2627 συν-

2106 2674 2426 2729 επισκόπων
2456 2677 2486 2730 6
2536 2672 2813 2745 μακάριος
2877 2671 3252 2740 Ἀλέξανδρος,
3299 2668 3688 2739 θρασύστομος

2105 2767 2185 2825 ὣν
2213 2770 2404 2835 ὅντως,
2455 2767 2601 2824 κατὰ
2630 2769 2728 2839 τῆς
2771 2767 2873 2837 σῆς
2916 2766 3233 2828 θεοσεϐείας
3275 2763 3483 2834 φωνὴν,
3519 2778 3691 2831 πεφε-

2105 2867 2325 2932 νάκικε,
2367 2866 2465 2920 καὶ
2508 2864 2870 2932 συναρπάσας
2918 2855 3064 2917 εἷλεν
3114 2861 3192 2923 εἰς
3248 2859 3347 2929 τὴν
3387 2860 3480 2911 ἐπὶ
3512 2855 3690 2922 τούτῳ
3725 2847 3728 2849 Α

2107 2958 2443 3025 συναίνεσιν,
2465 2956 2528 3013 οὗ
2552 2956 2641 3011 διὰ
2671 2954 2830 3010 τοῦτο
2853 2956 3075 3019 πάντως
3098 2957 3197 3008 καὶ
3225 2954 3452 3023 κρατεῖν
3481 2950 3691 3020 ὀφείλει

2104 3052 2167 3105 τὸ
2198 3051 2438 3122 νόσημα,
2487 3049 2582 3104 καὶ
2627 3052 2750 3112 ταῖς
2801 3047 3062 3104 ἁπάντων
3114 3045 3560 3100 καταϐόσκεσθαι
3584 3041 3693 3112 ψυ-

427 3144 803 3200 concisionem
848 3144 1034 3213 potius
1080 3145 1308 3216 quidam
1349 3153 1571 3201 vocent.
1621 3143 1735 3214 Ego
1776 3142 2001 3213 quidem

2111 3146 2253 3216 χαϊς,
2281 3144 2418 3200 ἀλλὰ
2450 3143 2654 3216 μᾶλλον
2685 3138 2775 3197 οἷά
2802 3158 2888 3205 τις
2917 3143 3071 3212 λήμη
3095 3140 3190 3194 τὸν
3214 3140 3314 3208 τῆς
3358 3135 3691 3205 Ἐκκλησίας

426 3244 546 3289 tum
598 3235 820 3291 demum
874 3236 1126 3293 obtinere
1161 3237 1367 3292 debere
1418 3248 1472 3292 et
1519 3250 1723 3292 nomen
1778 3245 1835 3293 et
1886 3251 2004 3291 rem

427 3328 606 3400 ipsam
664 3330 815 3400 pacis
873 3344 1097 3398 censeo,
1163 3347 1289 3387 cum
1342 3341 1660 3386 sanctorum
1708 3331 2004 3388 sententiis

427 3440 541 3480 non
573 3424 962 3494 adversemur,
994 3443 1175 3499 neque
1206 3430 1427 3484 illorum
1461 3428 1706 3485 decretis
1733 3444 2006 3499 repugne-

428 3536 576 3576 mus.
607 3520 764 3589 Quod
798 3524 843 3577 si
875 3523 1025 3578 enim
1067 3524 1265 3581 beatus
1306 3523 1641 3588 Alexander,
1670 3524 2008 3580 conﬁdentis

430 3630 661 3687 prorsus
688 3617 803 3672 oris
833 3617 940 3685 vir,
967 3618 1122 3687 juxta
1159 3618 1385 3688 pietatis
1418 3628 1526 3674 tuae
1569 3617 1760 3684 verba,
1794 3618 2009 3688 aliquos

430 3724 501 3764 ex
558 3709 992 3782 religiosissimis
1055 3710 1321 3766 fratribus
1381 3721 1438 3767 et
1509 3712 1736 3783 collegis
1799 3710 2056 3765 nostris'

432 3799 810 3859 Orientalibus
839 3804 1121 3874 episcopis
1170 3804 1319 3859 inani
1372 3805 1651 3861 dictorum
1689 3806 1815 3860 fuco
1846 3805 2010 3861 dece-

433 3897 538 3968 pit,
567 3906 624 3952 et
668 3898 735 3953 ad
782 3898 951 3969 hujus
997 3899 1078 3954 rei
1113 3899 1629 3969 comprobationem
1662 3909 1847 3970 raptos
1886 3914 2013 3970 per-

436 3990 630 4052 traxit.
655 4005 766 4046 non
800 4002 1092 4062 propterea
1117 3993 1343 4050 morbus
1368 3994 1461 4048 hic
1484 4008 1712 4065 prorsus
1734 3993 2010 4056 obtinere,

432 4093 491 4141 et
529 4087 746 4141 animas
785 4088 1032 4141 omnium
1081 4086 1408 4157 depascere,
1455 4087 1551 4143 sed
1594 4087 1782 4157 putius
1840 4087 2009 4141 veluti

435 4180 687 4249 quadam
741 4179 1038 4250 lippitudo,
1068 4178 1331 4235 Ecclesia:
1382 4179 1602 4235 oculum
1651 4179 1943 4247 infestans,
1982 4195 2013 4233 a

435 4272 599 4326 vobis
633 4272 920 4343 repurgari
959 4272 1145 4328 debet.
1196 4271 1266 4329 Ut
1299 4271 1391 4326 illa
1424 4287 1646 4327 rursum
1697 4272 1908 4328 directe
1943 4270 2012 4327 ad

436 4364 661 4421 Patrum
695 4365 919 4420 decreta
968 4365 1289 4436 respiciens,
1331 4365 1530 4421 merito
1576 4379 1606 4420 a
1662 4365 1883 4421 Christo
1910 4381 2013 4422 au-

2106 3238 2391 3309 ὀφθαλμδν
2427 3236 2809 3310 παραλύουσα,
2843 3236 2979 3307 παρ’
3008 3235 3165 3306 ὑμῶν
3216 3230 3651 3301 ἑκκαθαίρεσθαι
3676 3246 3689 3259 ·

2107 3334 2196 3387 ἵνα
2220 3332 2287 3403 δὴ
2326 3333 2490 3386 πάλιν
2520 3331 2697 3403 ὀρθῶς
2735 3331 2872 3401 πρὸς
2906 3330 3035 3393 τοὺς
3088 3328 3194 3381 τῶν
3225 3325 3489 3395 Πατέρων
3534 3325 3691 3392 ὅρους

2107 3427 2498 3484 ἀποϐλέπουσα
2550 3425 2776 3488 δικαίως
2844 3423 3021 3495 ἆκούῃ
3086 3423 3216 3493 περὶ
3289 3416 3563 3490 Χριστοῦ·
3626 3418 3692 3469 Ol

2109 3521 2409 3592 ὀφθαλμοί
2448 3536 2568 3576 σου
2597 3516 2967 3589 περιστεραί.
3008 3515 3279 3583 Δέδεγμαι
3314 3510 3410 3566 οὖν
3452 3510 3692 3582 γράμμα

2109 3618 2269 3687 κάγὼ
2315 3616 2469 3687 παρὰ
2534 3615 2629 3670 τοῦ
2681 3611 3058 3683 εὖγηροτάτου
3112 3610 3211 3663 καὶ
3264 3602 3689 3675 θεοφιλεστάτου

2120 3712 2415 3767 Ἀκακίου·
2449 3709 2581 3764 ἔνθα
2631 3708 2721 3763 τὸν
2773 3705 3176 3760 εὐλαϐέστατον
3218 3701 3319 3771 τῆς
3357 3696 3691 3768 Ἀντιοχείας

2111 3805 2413 3858 ἐπίσκοπον
2461 3799 2812 3875 ἠναγκάσθαι
2870 3798 3023 3867 παρὰ
3073 3809 3238 3850 τινων
3295 3790 3694 3862 διισχυρίζεται

2110 3898 2211 3967 τὴν
2268 3894 2522 3951 Ἰωάννου
2562 3892 2787 3965 μνήμην
2846 3888 3200 3945 ἐπιτελέσαι·
3255 3888 3352 3941 καὶ
3395 3882 3690 3938 δάκνεσθαι

2116 3990 2216 4062 μὲν
2253 3991 2347 4045 ἐπὶ
2388 3990 2565 4060 τούτῳ
2616 3988 2848 4058 σφόδρα,
2875 3987 3030 4040 λύσιν
3066 3983 3124 4037 δέ
3153 4000 3279 4039 τινα
3311 3981 3422 4038 τῶν
3458 3981 3525 4033 ὲκ
3558 3993 3695 4048 προ-

2116 4085 2341 4150 πετείας
2378 4085 2644 4157 εὕρασθαι
2696 4082 3006 4155 ζητοῦντα·
3045 4080 3145 4135 καὶ
3200 4079 3513 4150 γράμματα
3562 4074 3695 4143 περὶ

2113 4178 2306 4231 τούτου
2342 4174 2679 4248 κομίσασθαι
2733 4173 3062 4244 βουλόμενον
3112 4170 3265 4241 παρά
3293 4186 3351 4223 τε
3405 4168 3565 4240 ἡμῶν
3597 4170 3696 4221 καὶ

2115 4271 2216 4341 τῆς
2251 4273 2351 4340 σῆς
2388 4265 2725 4331 θεοσεϐείας,
2757 4265 2948 4335 σαφῶς
2979 4262 3395 4336 διαγορεύοντα,
3436 4260 3517 4331 μὴ
3562 4275 3696 4312 συνο

2117 4364 2432 4434 απάγεσθαί
2458 4380 2594 4430 τισι,
2631 4362 2766 4434 μηδὶ
2815 4360 2987 4414 εἴκειν
3033 4360 3149 4421 τοῖς
3185 4355 3415 4411 τοιαῦτα
3458 4352 3702 4424 συμϐου-

438 4458 555 4513 diat
601 4477 614 4513 :
669 4457 828 4512 Oculi
881 4459 960 4510 tui
1005 4458 1280 4515 columba.
1336 4459 1536 4529 Accepi
1583 4468 1639 4513 et
1679 4477 1781 4533 ego
1837 4476 1865 4514 a
1917 4460 2007 4516 Dei

2118 4459 2393 4513 λεύουσιν.
2441 4456 2588 4512 Ἀλλ’
2628 4456 2680 4511 oi
2711 4455 2850 4526 πρὸς
2889 4452 3192 4524 θεραπείαν
3233 4449 3571 4519 κεκλημένοι
3602 4446 3704 4517 (δίο

442 4552 847 4617 amantissimo,
886 4552 982 4623 qui
1033 4553 1097 4607 ad
1140 4562 1444 4608 extremam
1497 4553 1733 4609 feliciter
1763 4555 2007 4621 pervenit

2122 4549 2216 4603 δου
2283 4549 2389 4620 γάρ
2442 4565 2536 4620 μοι
2573 4521 2771 4615 λέγειν-
2824 4521 2969 4616 μετὰ.
3024 4532 3348 4614 ’παρρησίας
3409 4543 3704 4595 πνέσαντι

441 4656 809 4710 senectutem,
850 4645 1055 4701 Acacio
1100 4647 1336 4712 litteras,
1372 4648 1428 4703 in
1470 4649 1677 4718 quibus
1716 4650 2019 4721 religiosis-

440 4740 646 4798 simum
697 4740 1011 4795 Antiochia:
1058 4742 1365 4797 antistitem
1409 4742 1460 4796 vi
1514 4751 1771 4798 coactum
1814 4759 1844 4797 a
1894 4744 2019 4814 qui-

444 4834 673 4889 busdam
725 4850 870 4898 esse,
902 4844 962 4889 ut
1014 4835 1245 4891 Joannis
1298 4842 1620 4891 memoriam
1667 4837 2012 4901 celebraret,

440 4937 762 4983 asseverat:
793 4938 957 4997 atque
990 4928 1122 4982 illud
1160 4938 1425 4998 pra:terea
1460 4941 1649 4999 aperte
1678 4946 2015 4984 commemo-

444 5034 552 5084 rat.
596 5024 756 5079 valde
797 5039 923 5079 eum
978 5025 1159 5079 virum
1206 5040 1268 5078 ea
1314 5024 1371 5079 in
1409 5041 1469 5080 re
1520 5025 1712 5081 dolore
1761 5026 2018 5082 aﬂ‘ectum

444 5117 639 5181 fuisse,
672 5117 932 5188 viamque
962 5132 1070 5189 qua
1101 5133 1130 5171 a
1156 5127 1267 5172 tam
1300 5118 1586 5188 praefracta
1616 5118 1843 5174 audacia
1875 5120 2019 5174 libe-

445 5223 666 5265 raretur
715 5208 1003 5281 quaesiisse
1049 5228 1066 5267 :
1117 5221 1176 5267 et
1224 5209 1439 5264 litteras
1490 5212 1589 5266 hac
1648 5211 1717 5265 de
1772 5226 1938 5267 causa
1989 5226 2021 5266 a

444 5303 608 5358 nobis
635 5312 691 5357 et
720 5304 924 5374 pietate
956 5312 1069 5373 tua,
1112 5320 1182 5360 ne
1223 5304 1389 5359 simul
1431 5318 1558 5359 cum
1592 5304 1928 5374 quibusdam
1964 5304 2019 5360 in

446 5403 700 5457 ett'ndent
765 5418 1014 5459 errorem
1072 5404 1395 5470 duceretur,
1465 5418 1605 5458 neve
1677 5403 2020 5474 ejuscemodi

445 5496 677 5551 consilia
726 5497 1071 5567 aginntibus
1118 5497 1364 5563 cederet,
1416 5498 1717 5568 impetrare
1752 5498 2019 5555 voluisse.

446 5590 517 5645 At
571 5605 693 5655 nos,
748 5593 841 5660 qui
891 5591 960 5646 ad
1011 5608 1201 5647 curam
1241 5601 1297 5647 et
1331 5592 1663 5647 medicinam
1709 5591 2021 5648 faciendam

447 5684 628 5741 vocati
657 5700 847 5740 sumus
871 5684 961 5757 (da
992 5686 1139 5744 enim
1168 5688 1274 5742 hoc
1302 5686 1460 5752 mihi,
1492 5694 1551 5741 ut
1583 5700 1684 5757 pro
1715 5685 1887 5741 animi
1914 5686 2017 5742 mei

2123 4641 2222 4712 τὴν
2268 4640 2496 4714 ψυχὴν),
2544 4638 2880 4711 τραυμάτων
2919 4634 3210 4708 προσθήκη
3250 4635 3327 4706 μὴ
3383 4630 3703 4703 γενώμεθα,

2123 4735 2212 4788 ῐνα
2243 4735 2335 4787 καὶ
2364 4733 2426 4786 τὸ
2452 4731 2594 4787 εἶναι
2624 4731 3099 4804 παρακολούθημα
3127 4729 3225 4800 τῆς
3254 4727 3464 4799 ἑτέρων
3496 4740 3707 4796 προπε-

2124 4830 2278 4892 τείας
2308 4826 2711 4899 ἁποφύγωμεν.
2742 4824 3021 4896 Θαυμάζω
3072 4823 3130 4878 δὲ
3178 4823 3422 4882 κάκεῖνο,
3457 4823 3529 4886 εί,
3581 4836 3712 4872 τοσο

2124 4924 2279 4987 οὗτος
2326 4922 2402 4976 ὣν
2436 4925 2515 4986 εἰς
2563 4921 2896 4991 πολυλογίαν
2925 4924 2953 4975 6
3002 4916 3408 4992 μνημονευθεὶς
3446 4915 3708 4982 Ἀλέξαν-

2125 5018 2272 5089 δροςο
2307 5019 2403 5072 καὶ
2454 5018 2645 5088 χρόνον
2677 5018 2740 5070 οὐ
2783 5017 2985 5088 μικρὸν
3016 5014 3305 5085 διατρίψας
3355 5012 3559 5074 ἐκεῖσε,
3605 5008 3711 5080 οὐχ

2126 5110 2275 5176 ὅπως
2305 5111 2530 5182 ἰσχύσας
2558 5110 2853 5166 ἀναπεῖσαί
2883 5125 3041 5174 τινας
3067 5109 3209 5180 πρὸς
3229 5105 3391 5161 τοῦτο
3424 5105 3710 5176 φαίνεταν

2126 5201 2208 5268 εἷς
2258 5206 2314 5259 δὲ
2350 5207 2703 5277 γραμμάτων
2740 5201 3403 5275 διακομιστὴς.τοσοῦτον
3461 5200 3709 5271 ἴσχυσεν,

2128 5304 2205 5368 ὡς
2244 5303 2628 5373 τεθρύλληται,
2677 5300 2822 5355 ὥστε
2856 5299 3030 5371 δῆμον
3055 5298 3261 5370 ἀνάψαι
3290 5294 3583 5361 τοσοῦτον,
3612 5294 3714 5349 καὶ

2131 5400 2589 5471 κατηυνασμένην
2636 5396 2922 5450 ὑπόθεσιν
2948 5394 3127 5465 χρόνῳ
3186 5392 3387 5464 μακρῷ
3435 5391 3712 5461 διεγεῖραι

2132 5496 2317 5558 πάλιν,
2363 5495 2504 5564 ὅπερ
2557 5492 2674 5545 ἐστὶ
2711 5487 2995 5553 παντελῶς
3034 5487 3320 5543 ἀπίθανον.
3372 5485 3517 5540 Ἀλλ’
3564 5486 3712 5538 ἔστω

2134 5589 2421 5645 καὶτοῦτο
2477 5587 2570 5639 καὶ
2630 5584 2975 5639 πιστευέσθω
3020 5581 3339 5654 γενόμενον.
3394 5578 3539 5634 Ἀλλ’
3586 5575 3710 5631 οἶδα

2132 5684 2230 5757 τὴν
2258 5685 2356 5756 σὴν
2387 5680 2699 5737 θεοσέϐειαν
2728 5675 3124 5750 ἀριστεύουσαν
3146 5678 3204 5728 ὲν
3229 5675 3434 5744 λύγοις.
3464 5673 3709 5740 Διδάξεις

526 5863 540 5894 ⁸
574 5859 728 5920 Joan.
758 5878 831 5933 vt,
855 5864 941 5920 68.
1018 5868 1037 5898 ²
1061 5865 1263 5921 Ιιιῖοιη.
1300 5881 1458 5932 xxxv,
1502 5868 1581 5922 l-i.
1664 5867 1682 5899 ³
1711 5863 1753 5920 ii
1786 5864 1912 5920 Cor.
1942 5883 1993 5932 τ,
2030 5865 2121 5922 20.
2203 5866 2224 5899 ⁸
2250 5864 2450 5931 Jcretn,
2511 5878 2580 5929 Li,
2603 5862 2657 5917 9.
