3976 6202
467 271 599 338 1151

1684 276 2104 338 NICEPI-IORI
2145 277 2488 338 CALLISTI

3582 280 3728 348 1152

458 383 702 456 Cyrillus
750 400 876 441 cum
931 401 1128 456 magno
1173 386 1268 441 illo
1322 387 1465 449 viro.
1512 388 1676 443 etiam
1740 399 1866 459 post
1920 392 2035 460 ejus

2147 391 2238 442 καὶ
2265 390 2405 455 μετὰ
2431 389 2666 440 θανατον
2699 389 3021 445 σπένδεται·
3049 391 3142 444 καὶ
3174 393 3410 462 μάλιστα
3449 395 3730 463 Ἰσιδὼρου

463 484 728 543 mortem,
761 477 813 531 in
843 479 1076 549 gratiam
1111 479 1299 545 rediit,
1327 497 1691 551 erroremque
1725 497 1886 536 soum
1912 497 2036 536 cum

461 569 656 625 multis
701 569 826 625 aliis
878 571 1316 636 concitantibus,
1369 584 1483 628 tum
1539 575 1776 627 maxime
1829 574 2041 629 Isidoro

460 662 741 718 PelusiOIa
795 679 945 719 nunc
995 665 1431 734 reprehensione
1468 683 1616 722 nunc
1657 667 2039 723 admonitione

461 767 588 807 eum
615 755 966 821 cohortante,
995 757 1178 811 divina
1201 759 1366 810 etiam
1396 771 1452 813 et
1477 759 1769 814 arcaniore
1800 760 2035 830 quadam

463 847 805 902 revelatione
863 849 1199 911 accedente,
1250 852 1513 905 correxit.
1549 853 1750 908 Videre
1797 869 2038 922 namque

460 940 615 996 visus
645 949 750 1007 est,
777 943 1020 1010 seipsnni
1058 943 1236 998 sacris
1265 944 1481 1000 aedibus
1512 946 1803 1014 expulsum
1839 962 1960 1002 esse
2007 964 2038 1005 ε

459 1031 699 1096 Joanne,
735 1027 1002 1087 comitatu
1043 1043 1098 1088 et
1149 1033 1366 1100 divino,
1411 1038 1502 1106 qui
1551 1037 1696 1093 circa
1737 1052 1863 1092 eum
1895 1046 2036 1104 erat,

459 1123 724 1178 satellitio
766 1125 1006 1180 maxime
1057 1123 1200 1182 freto
1234 1147 1247 1182 :
1280 1139 1336 1183 et
1387 1137 1619 1184 matrem
1668 1129 1888 1185 Domini
1937 1147 2038 1200 pro

458 1216 582 1285 ipso
645 1221 1038 1288 deprecantem
1097 1219 1393 1287 Joannem,
1450 1232 1617 1292 atque
1679 1238 1805 1277 cum
1860 1225 2037 1279 multa

459 1312 628 1365 etiam
683 1310 788 1365 alia
826 1324 940 1365 tum
1001 1311 1137 1366 illud
1190 1314 1467 1381 praecipue
1514 1314 1661 1384 quod
1712 1329 1812 1384 pro
1862 1313 2039 1386 ipsius

461 1401 637 1470 gloria
668 1403 974 1474 plurimum
1011 1405 1101 1460 ille
1131 1405 1451 1469 decertarit.
1485 1407 1651 1462 sicuti
1677 1406 1915 1472 dicetur.
1954 1424 2039 1463 re-

458 1497 753 1557 ferentem.
805 1506 866 1553 ut
913 1498 970 1552 in
1011 1514 1168 1554 sacra
1200 1501 1404 1571 templa
1439 1501 1808 1573 reciperetur,
1850 1515 2033 1556 orare.

459 1587 615 1645 llanc
641 1590 914 1647 visionem
945 1608 1073 1648 cum
1099 1595 1261 1649 divus
1287 1593 1526 1665 Cyrillus
1550 1594 1955 1666 cogitabundus
1981 1596 2036 1651 in

460 1683 650 1739 animo
674 1701 864 1740 secum
889 1688 1160 1754 volveret,
1204 1704 1264 1745 se
1294 1689 1474 1758 ipsum
1506 1690 1655 1760 quod
1689 1693 1746 1743 in
1775 1700 2031 1745 sanctum

457 1779 643 1833 virum
690 1779 942 1836 invecms
974 1792 1140 1845 esset,
1193 1783 1478 1838 damnavit
1521 1803 1533 1838 :
1579 1795 1637 1840 et
1677 1783 1881 1840 deinde
1915 1785 2034 1853 ipse

457 1887 682 1943 quoque
717 1890 775 1928 re
810 1876 1055 1946 cognita,
1081 1876 1341 1933 Ecclesia:
1357 1876 1735 1948 Chrysostomi
1759 1876 2036 1938 addictus,

455 1969 639 2020 virum
671 1985 796 2024 eum
849 1970 1157 2025 admiratus
1207 1980 1314 2037 est,
1362 1971 1630 2042 valdeque
1683 1986 1834 2035 eum,
1885 1971 2034 2040 quod

457 2069 654 2115 contra
707 2061 861 2115 illum
917 2062 1251 2131 imprudens
1283 2078 1514 2134 prorsus
1562 2063 1813 2120 irritatus
1847 2064 2034 2128 fuerit,

456 2154 738 2222 pmnituit.
781 2154 1019 2209 Proinde
1049 2158 1327 2212 diversum
1371 2157 1599 2210 omnino
1631 2172 1658 2210 a
1692 2157 1876 2225 priore
1904 2172 2036 2210 con-

457 2246 588 2301 silio
637 2247 871 2314 iaciens,
924 2249 1196 2315 synodum
1253 2251 1650 2320 provincialem
1711 2250 1922 2319 coegit,
1978 2259 2036 2302 ct

454 2339 688 2395 Joannis
720 2357 920 2396 nomen
946 2342 1111 2396 simul
1147 2354 1201 2397 et
1233 2345 1351 2413 ipse
1384 2353 1443 2399 et
1477 2344 1678 2414 reliqui
1712 2359 2032 2414 magnarum

457 2434 674 2489 sedium
707 2435 1008 2502 antisutcs,
1030 2438 1082 2490 in
1123 2452 1283 2492 sacro
1304 2437 1430 2493 albo
1483 2447 1914 2508 proposuerunt.
1952 2437 2035 2493 llli

455 2540 593 2582 vero
647 2527 831 2583 minus
881 2544 1010 2584 vere
1058 2530 1249 2585 dicere
1299 2529 1585 2595 videntur,
1636 2531 1729 2601 qui
1766 2529 2034 2601 Cyrillum

453 2620 633 2676 libros
687 2622 825 2677 alios
881 2623 1064 2693 magni
1122 2624 1303 2679 Patris
1351 2625 1661 2681 abolevisse
1711 2623 2033 2694 perhibent.

452 2714 592 2770 Nam
622 2715 666 2771 si
697 2731 806 2786 qua
837 2717 1047 2787 scripta
1078 2718 1200 2788 ejus
1227 2716 1498 2771 abolenda
1539 2726 1721 2781 erant,
1761 2716 1877 2771 haec
1911 2732 2036 2786 qua:

451 2809 637 2863 adhuc
665 2819 908 2872 exstant,
946 2810 1095 2880 quod
1134 2811 1428 2865 consilium
1459 2809 1888 2880 institutumque
1911 2811 2033 2880 ejus

451 2900 511 2955 in
537 2901 618 2954 eis
653 2900 888 2955 maxime
920 2915 1247 2971 expressum
1281 2909 1389 2965 est,
1418 2902 1626 2956 abolita
1655 2901 2030 2972 oportuisset:

2141 479 2238 532 τοῦ
2275 479 2684 549 Πηλουσιὼτου,
2721 483 2794 551 πῆ
2849 485 2948 551 μὲν
2980 485 3210 556 ἐλέγχῳ,
3246 488 3323 557 πῆ
3355 487 3412 540 δὲ
3444 491 3539 541 καὶ
3573 508 3728 558 παρ-

2142 572 2349 625 αινέσει
2399 575 2710 644 χρωμένου,
2760 575 3103 648 διορθώσεως
3148 576 3399 643 ἀξιοῦται
3442 580 3565 651 (isi;
3616 582 3729 634 τινὶ

2143 669 2236 720 καὶ
2291 667 2680 740 μυστικωτέρᾳ
2728 668 3097 740 ἀποκαλύψει.
3150 671 3362 727 Ἐδόκει
3418 673 3531 743 γὰρ
3592 676 3729 746 ὁρᾷν

2142 759 2336 812 ἑαυτὸν
2377 759 2478 827 μὲν
2509 758 2618 811 τῶν
2681 759 2845 828 ἱερῶν
2874 760 3247 830 ἐξωθούμενον
3302 763 3410 817 ύπδ
3443 765 3722 828 Ἰωάννου,

2145 851 2463 922 παρρησίας
2529 858 2796 923 μεγίστης
2865 854 3172 921 ἠξιωμένου
3232 857 3301 926 τῇ
3360 856 3492 925 περὶ
3556 856 3728 911 αὐτὸν

2141 944 2335 1011 πομπῇ
2384 943 2480 994 καὶ
2512 942 2633 1013 θείᾳ
2661 943 2986 1014 δορυφορίᾳ,
3015 945 3115 1013 τὴν
3141 944 3198 997 δὲ
3226 944 3322 997 τοῦ
3375 946 3583 1016 Κυρίου
3617 965 3725 1018 μη-

2140 1034 2274 1103 τέρα
2303 1034 2444 1104 ὑπὲρ
2493 1034 2663 1089 αὐτοῦ
2711 1035 2803 1087 τὸν
2843 1034 3101 1106 Ἰωάννην
3157 1034 3569 1102 ἀντιόολούσαν,
3633 1040 3728 1092 καὶ

2139 1126 2403 1190 ἀξιοῦσαν
2452 1130 2567 1190 τοῖς
2598 1129 2762 1199 ἱεροῖς
2793 1127 3119 1199 ἀνακτόροις
3173 1127 3590 1201 παραδεχθῆναι
3628 1131 3728 1186 αύ-

2137 1221 2252 1286 τὸν,
2286 1219 2459 1273 πολλά
2498 1222 2600 1291 μὲν
2633 1221 2728 1274 καὶ
2776 1220 2910 1275 ἀλλα
2963 1221 3440 1292 προϐαλλομένην,
3486 1224 3627 1292 προς
3668 1223 3725 1276 δὲ

2139 1316 2236 1367 καὶ
2269 1315 2348 1378 ὡς
2383 1314 2615 1368 πλεῖστα
2643 1315 2787 1384 ὑπὲρ
2817 1315 2917 1382 τῆς
2960 1315 3134 1385 αὐτῆς
3162 1315 3323 1383 δόξης
3373 1316 3724 1384 ἀγωνισάμε-

2140 1424 2249 1472 νον,
2298 1405 2376 1469 ὡς
2408 1405 2714 1472 λελέξεται.
2746 1400 2850 1461 Ὧν
2881 1409 2940 1460 ὲν
2963 1405 3201 1478 ιμεθέξει
3241 1407 3535 1477 γενόμενος
3563 1411 3590 1460 ό
3631 1408 3720 1460 ει-

2141 1503 2368 1564 σπὲσιος
2416 1499 2711 1572 Κύριλλος,
2768 1501 2864 1556 καὶ
2905 1499 3258 1572 ἀναπολήσας
3288 1500 3464 1555 ταῦτα
3495 1503 3607 1564 τοῖς
3638 1505 3725 1554 λο-

2138 1595 2385 1663 γισμοῖς,
2427 1595 2678 1661 κατέγνω
2713 1593 2815 1666 μὶν
2845 1593 3046 1649 ἑαυτοῦ
3073 1593 3176 1662 τῆς
3202 1593 3299 1646 ἐπὶ
3333 1594 3413 1664 τῷ
3437 1593 3580 1664 ἁγίῳ
3623 1612 3720 1647 κα-

2137 1687 2421 1759 ταδρομῆς
2441 1705 2457 1720 ·
2486 1687 2582 1740 καὶ
2611 1687 2901 1740 τουλοιποῦ
2930 1688 3112 1751 συνεὶς
3142 1687 3238 1741 καὶ
3267 1687 3454 1752 αὐτὸς,
3486 1691 3552 1756 τῇ
3579 1692 3717 1740 κατα

2137 1779 2229 1834 τὸν
2283 1781 2675 1850 Χρυσόστομον
2717 1779 3020 1851 Ἐκκλησία
3075 1780 3432 1850 προσέκειτο,
3481 1781 3576 1832 καὶ
3624 1779 3717 1831 διὰ

2139 1874 2420 1946 θαύματος
2451 1875 2690 1929 ἐποιεῖτο
2715 1874 2808 1928 τὸν
2835 1874 3027 1947 ἀνδρα,
3075 1871 3257 1943 πολλῷ
3287 1874 3574 1944 χρώμενος
3618 1889 3716 1940 με·

2137 1967 2400 2037 ταμέλῳ,
2459 1961 2542 2029 οἷς
2612 1966 2734 2019 κατ’
2796 1964 3011 2018 ἐκείνου
3071 1963 3406 2036 τοπαράπαν
3464 1961 3722 2034 ἠρέθιστο

2136 2059 2372 2127 ἀγνοῶν.
2407 2057 2575 2112 Ὅθεν
2626 2059 2939 2130 ἀντίρῤοπα
2993 2057 3161 2128 δρῶν,
3224 2055 3450 2110 σύνοδον
3495 2055 3719 2126 ἥθροιζε

2135 2155 2401 2220 τοπικήν·
2437 2153 2534 2205 καὶ
2567 2153 2680 2215 τοῖς
2713 2154 2879 2221 ἱεροῖς
2913 2150 3120 2213 δέλτοις
3169 2148 3271 2220 τὴν
3315 2149 3560 2205 Ἰωάννου
3587 2149 3722 2215 κλῆ-

2139 2263 2226 2299 σιν
2251 2247 2349 2300 καὶ
2407 2242 2565 2309 οὗτος
2592 2247 2691 2298 καὶ
2749 2247 2798 2296 οἱ
2840 2244 3021 2296 λοιποὶ
3049 2242 3163 2296 τῶν
3209 2242 3467 2310 μεγάλων
3513 2240 3718 2312 θρόνων

2136 2341 2461 2409 ἐνέγραφον.
2487 2335 2564 2390 Οὔ
2602 2356 2696 2407 μοι
2725 2337 2782 2391 δὲ
2811 2336 3065 2390 δοκοῦσιν
3094 2335 3273 2407 ἀληθῆ
3301 2334 3486 2404 λέγειν
3507 2336 3562 2388 οἶ
3581 2351 3719 2405 φασι

2137 2434 2236 2489 καὶ
2269 2433 2487 2503 βίϐλους
2514 2432 2684 2494 ἄλλας
2717 2430 2992 2501 Κύριλλον
3037 2429 3306 2500 ἀφανίσαι
3350 2418 3444 2484 τοῦ
3476 2429 3718 2500 μεγάλου

2136 2525 2376 2596 Πατρός.
2405 2526 2466 2579 El
2502 2525 2611 2595 γὰρ
2642 2525 2938 2594 ἀφανίζειν
2967 2522 3076 2577 ἔδει
3107 2525 3209 2585 τὰς
3242 2524 3363 2579 νυνὶ
3395 2523 3718 2590 σωζομένας

2139 2621 2277 2692 πρὸς
2311 2620 2374 2672 τὸ
2410 2618 2836 2690 σκοπιμὼτατον
2881 2617 3078 2688 ἐκείνῳ
3116 2618 3323 2689 ιχρὴνο
3379 2617 3428 2670 εί
3483 2617 3558 2687 μή
3615 2631 3722 2669 που

2136 2713 2270 2778 Θεὸς
2295 2715 2392 2782 τῆς
2417 2713 2526 2768 τῶν
2551 2711 2862 2784 ἀνθρώπων
2897 2711 3172 2781 ὠφελείας
3200 2711 3519 2781 κηδόμενος,
3547 2708 3719 2771 αὑτὰς

2133 2806 2455 2862 διεσώσατο.
2516 2804 2688 2860 τοῦτο
2746 2807 2847 2875 μὲν
2909 2801 3004 2860 οὖν
3050 2807 3106 2858 ὲν
3146 2804 3456 2874 ἀποκρύφῳ
3503 2804 3719 2872 ἱστορία

2136 2899 2314 2972 εὑρὼν
2345 2901 2562 2971 Νικήτα
2599 2901 2897 2968 φιλοσόφου
2933 2897 3028 2952 τοῦ
3062 2898 3158 2951 καὶ
3187 2895 3372 2960 Δαυῒδ,
3400 2897 3495 2950 καὶ
3517 2895 3720 2959 ἀλλων,

404 3046 409 3052 .
452 2993 560 3048 nisi
611 2993 760 3049 Deus
814 2994 1073 3050 utilitatis
1122 2995 1409 3049 hominum
1462 3011 1651 3051 curam
1694 3011 1917 3066 gerens,
1967 3011 2032 3049 ea

2147 2998 2230 3048 καὶ
2260 2995 2423 3058 αὐτὸς
2444 2995 2554 3049 δεῖν
2587 2994 2762 3063 ἔγνων
2812 2996 2878 3065 τῇ
2910 2991 3162 3063 παρούσῃ
3210 2992 3428 3060 ἱστορίᾳ
3457 2988 3679 3057 ἐντάξαι
3703 3003 3717 3017 θ

453 3085 618 3158 500
667 3098 1078 3142 conservasset.
1111 3088 1258 3143 lloc
1309 3103 1434 3142 cum
1483 3089 1540 3144 in
1577 3103 1775 3142 arcana
1827 3087 2033 3144 Nicetae

2147 3090 2214 3152 ὡς
2251 3089 2318 3143 ἂν
2349 3091 2423 3161 μή
2463 3106 2572 3143 τινι
2620 3087 2990 3157 ἀμφισάλλειν
3017 3089 3251 3156 γένοιτο,
3287 3084 3406 3148 πῶς
3432 3085 3485 3138 οι
3525 3083 3720 3137 τοσοῦο

451 3178 795 3250 philosophi,
829 3182 922 3250 qui
967 3190 1024 3235 et
1073 3181 1246 3235 David
1304 3181 1488 3236 dictus
1535 3190 1638 3244 est,
1687 3181 1940 3244 historia.
1978 3191 2035 3235 et

2147 3200 2222 3237 τοι
2256 3183 2547 3253 φωστῆρες
2579 3183 2646 3236 δι’
2691 3183 2892 3254 ἔχθρας
2921 3180 3176 3250 ἀλλήλοις
3231 3180 3426 3243 ίόντες,
3477 3178 3717 3245 ἀγιωσύσ

451 3271 598 3338 apud
638 3271 775 3325 alios
809 3271 943 3326 item
974 3273 1306 3340 invenerim,
1341 3275 1496 3344 operi
1541 3274 1671 3329 huic
1725 3288 1850 3329 meo
1895 3276 2035 3328 inse-

2147 3291 2234 3343 νης
2261 3275 2356 3327 καὶ
2401 3274 2569 3344 ἄμφω
2603 3276 2682 3336 είς
2727 3273 2899 3344 ἀκρον
2929 3268 3088 3344 ἧκον,
3121 3273 3217 3325 καὶ
3245 3272 3345 3339 τῆς
3389 3269 3718 3338 Ἐκκλησίας

454 3366 693 3419 tendum
741 3381 865 3420 esse
913 3382 1134 3437 quoque
1186 3367 1365 3430 duxi:
1409 3385 1477 3423 ne
1517 3369 1608 3423 cui
1652 3367 1936 3438 ambigere
1979 3368 2034 3420 in

2147 3365 2381 3436 θεμέλιοι
2414 3367 2816 3438 ἐχρημάτισαν,
2853 3365 3120 3436 μηδαμῶς
3143 3365 3204 3419 τδ
3229 3366 3327 3435 τῆς
3351 3363 3554 3436 ἔχθρας
3577 3365 3717 3433 μέγα

456 3469 694 3514 mentem
726 3462 934 3528 veniat,
969 3463 1249 3532 quomodo
1289 3472 1439 3516 tanta
1493 3461 1814 3525 luminaria,
1849 3462 2035 3516 inimi-

2147 3462 2237 3531 τὴν
2268 3461 2581 3531 κρατοῦσαν
2614 3462 2772 3526 δόξαν
2805 3459 3158 3534 λυμήνασθαι
3190 3455 3721 3530 δυνηθείσης.“Δλλά

451 3558 611 3612 citias
643 3566 868 3612 mutuas
896 3559 1239 3620 exercentia,
1269 3557 1432 3611 ambo
1468 3557 1536 3612 ad
1592 3571 1864 3611 summam
1903 3571 2034 3610 san-

2147 3558 2272 3625 περὶ
2302 3555 2401 3615 μὲν
2434 3557 2652 3610 τούτων
2683 3555 2880 3621 οὕτως.

457 3652 708 3706 ctitatem
770 3653 1152 3723 pervenerint,
1223 3663 1280 3708 et
1352 3653 1616 3708 Ecclesiae
1677 3651 1948 3707 columna:
2014 3653 2368 3719 exstiterint,
2442 3651 2754 3709 inimicitiis
2821 3653 3143 3725 huiusmodi
3215 3652 3431 3710 nullum
3503 3650 3717 3708 illorum

456 3748 649 3821 gloria:
720 3749 1116 3806 detrimentum
1187 3750 1574 3807 aderentibus.
1637 3751 1717 3806 De
1783 3753 1871 3806 his
1935 3753 2226 3808 hactenus.

1019 3908 1245 3967 CAPUT
1280 3910 1474 3967 XXIX.

461 4023 587 4080 Post
636 4025 870 4080 Atticum
920 4026 989 4080 ad
1035 4025 1212 4096 sedem
1260 4028 1607 4096 episcopalum
1665 4024 1895 4080 Sisinius
1959 4038 2035 4079 est

531 4111 757 4167 evectus.
788 4097 1063 4167 Philippus
1095 4094 1285 4150 Sidites
1321 4101 1367 4151 ei
1399 4094 1736 4166 postpositus.
1771 4096 1956 4161 Qualis
1989 4100 2035 4150 is

533 4165 812 4236 Philippus
843 4165 1026 4234 fuerit.
1065 4167 1137 4221 Ut
1170 4165 1405 4221 Proeliis
1430 4165 1808 4238 Cyiirenorum
1841 4171 2035 4233 episco-

530 4254 628 4304 pus
651 4239 950 4309 ordinatus,
988 4247 1036 4291 et
1078 4238 1290 4291 tandem
1342 4255 1445 4290 non
1485 4249 1753 4308 receptus,
1795 4241 2036 4309 privatus

530 4311 832 4379 otiosusque
859 4307 1326 4377 Constantinopoli
1357 4311 1540 4379 egerit.

529 4424 717 4479 Attico
745 4433 954 4488 autem,
974 4424 1439 4494 quemadmodum
1465 4424 1732 4490 diximus,
1752 4424 2035 4487 defuncto,

464 4516 668 4587 ingens
697 4516 766 4570 de
795 4515 1032 4587 legendo
1062 4527 1227 4587 atque
1261 4518 1572 4571 ordinando
1606 4519 1868 4586 episcopo
1908 4533 2042 4572 con-

463 4611 641 4666 tentio
689 4612 946 4666 exstitit:
1001 4613 1150 4679 quod
1221 4613 1605 4681 unusquisque
1653 4620 1820 4679 prout
1870 4611 2037 4666 alicui

459 4707 692 4768 faveret,
729 4706 782 4759 ei
824 4705 1086 4760 thronum
1139 4707 1413 4761 committi
1458 4706 1739 4775 cupiebat.
1794 4705 2039 4760 Proinde

459 4797 794 4869 quihusdam
837 4798 1128 4869 Philippus
1179 4799 1469 4870 presbyter
1510 4797 1576 4850 ad
1607 4812 1821 4852 sacram
1853 4799 2038 4850 sedem

460 4891 785 4948 evehendus
836 4908 960 4946 esse
1001 4891 1340 4945 videbatur:
1380 4890 1631 4944 nonnulli
1675 4889 1931 4945 l‘roclum
1962 4890 2036 4953 ei,

460 4988 844 5049 (ihrysostomi
881 4986 1244 5056 discipulum,
1271 4987 1662 5055 praferebant.
1696 4987 1827 5040 Erat
1852 4997 2036 5040 autem

459 5089 516 5133 et
545 5083 592 5134 is
625 5080 936 5150 presbyter.
965 5080 1351 5134 Communiter
1375 5095 1506 5134 vero
1539 5094 1735 5133 omnes
1769 5077 2036 5134 Sisinium

459 5173 724 5228 idoneum
784 5173 1022 5229 maxime
1071 5185 1433 5230 censuerunt.
1483 5172 1585 5239 Qui
1645 5173 1764 5242 ipse
1815 5188 2038 5243 quoque

457 5266 766 5336 presbyteri
815 5266 1085 5336 dignitate
1129 5265 1398 5329 enitebat,
1433 5279 1542 5318 non
1578 5264 1837 5334 equidem
1887 5264 2035 5319 Con-

459 5358 844 5427 stantinopoli,
886 5358 985 5414 sed
1028 5359 1082 5413 in
1116 5358 1437 5412 suburbano
1468 5357 1591 5426 ejus
1622 5358 1768 5424 vico,
1798 5357 1888 5411 cui
1939 5372 2042 5410 no-

461 5464 587 5502 men
637 5459 723 5504 est
763 5451 891 5506 Olea
923 5451 1029 5520 (1),
1064 5451 1159 5521 qui
1188 5467 1257 5505 ex
1289 5451 1525 5506 adverso
1562 5451 1684 5505 urbi
1709 5451 1850 5504 situs
1900 5460 1986 5505 est
2019 5467 2032 5502 :

459 5560 570 5612 quo
600 5545 652 5597 in
691 5547 813 5600 loco
842 5547 973 5601 urbs
1003 5547 1118 5616 ipsa
1137 5561 1262 5602 cum
1293 5545 1506 5601 civibus
1539 5545 1798 5600 onmibns
1831 5544 2032 5599 festum

462 5637 608 5692 diem
644 5637 923 5693 Servatori
954 5638 1201 5706 Christo,
1238 5653 1351 5710 quo
1389 5639 1445 5693 in
1483 5639 1686 5693 coelum
1718 5651 2035 5708 assumptus

2731 3909 2983 3963 ΚΕΦΑΛ.
3024 3908 3152 3964 KG’.

2155 4021 2253 4086 Ὠς
2275 4023 2425 4089 μετὰ
2462 4021 2736 4078 Ἀττικὸν
2791 4025 3062 4090 Σισίνιος
3103 4026 3186 4090 εις
3232 4023 3343 4078 τὸν
3370 4025 3592 4089 θρόνον
3617 4026 3724 4080 dr-

2214 4093 2406 4163 ήχθης
2447 4093 2734 4162 παρώφθη
2791 4094 2860 4147 δὲ
2913 4097 3271 4156 Φίλιπποι-ό
3321 4097 3586 4163 Σιδίτης,
3617 4098 3720 4150 καὶ

2215 4161 2342 4227 οἶος
2367 4161 2468 4234 ἦν.
2501 4161 2627 4218 Ἔτι
2660 4164 2730 4216 δὲ
2764 4165 2858 4217 καί
2884 4165 2963 4230 ὡς
2995 4167 3269 4231 Πρόκλος
3313 4161 3570 4226 mauu
3598 4185 3721 4232 χει-

2209 4237 2696 4307 ροτονηθεὶςᾷκᾳὶ
2722 4235 2808 4303 μὴ
2833 4235 3096 4305 δεχθεὶς,
3129 4235 3427 4304 σχολαῖος
3460 4237 3534 4307 τῇ
3563 4241 3725 4294 Kur-

2211 4307 2543 4360 σταγτίνου
2565 4305 2799 4374 διῆγεν.

2227 4421 2481 4476 Ἀττικοῦ
2511 4423 2554 4477 δ’
2584 4424 2657 4487 ὡς
2695 4424 2912 4494 εἴρηται
2949 4427 3009 4478 τὸ
3043 4424 3194 4496 βιοῦν
3249 4427 3725 4496 ὲκμετρήσαντος.

2145 4519 2315 4589 πολλή
2370 4535 2453 4582 τις
2506 4518 2790 4588 ἐρεσχελία
2852 4519 2984 4588 περὶ
3040 4519 3379 4590 χειροτονίας
3418 4519 3727 4573 ἐπισκόπου

2142 4611 2392 4678 ἐγένετο·
2430 4610 2660 4674 ἕκαστος
2699 4611 2806 4682 γάρ
2834 4604 2879 4678 ᾧ
2911 4611 3252 4680 προσπαθῶν
3276 4607 3368 4682 ἦν,
3405 4611 3502 4665 τὸν
3530 4613 3729 4682 θρόνον

2144 4705 2537 4776 ἀπεχαρίζετο.
2570 4704 2698 4770 Τοῖς
2733 4706 2835 4775 μὲν
2862 4706 2972 4776 γὰρ
3001 4705 3272 4759 Φίλιππον
3296 4707 3390 4760 τὸν
3420 4705 3729 4776 πρεσϐύτε-

2147 4815 2238 4869 ρον
2274 4799 2450 4852 ἐδόκει
2479 4802 2574 4854 ἐπὶ
2599 4799 2698 4868 τὴν
2736 4800 2889 4871 ἱερὰν
2915 4800 3194 4870 καθέδραν
3242 4801 3495 4868 ἀνάγειν,
3523 4803 3634 4854 τισὶ
3670 4801 3730 4853 δὲ

2144 4891 2387 4961 Πρόκλος
2439 4895 2466 4946 ό
2497 4891 2574 4961 τῷ
2605 4893 2983 4962 Χρυσοστόμῳ
3049 4891 3416 4964 μαθητευθεὶς
3476 4893 3731 4963 ἐκρίνετο

2142 4986 2565 5056 προτιμότερος.
2599 4986 2984 5056 Πρεσϐύτερος
3014 4986 3071 5040 δὲ
3106 4988 3200 5041 καὶ
3230 4981 3390 5051 οὗτος
3425 4987 3730 5056 ἐτύγχανεν

2140 5079 2238 5135 ὧν.
2277 5082 2446 5151 Κοινῇ
2475 5082 2533 5135 δι
2562 5082 2727 5135 πᾶσιν
2750 5082 2928 5136 ἐδόκει
2955 5082 3191 5146 Σισίνιος
3217 5078 3360 5136 εἶναι
3389 5081 3732 5152 ἁρμοδιώτε-

2143 5193 2255 5244 ρος.
2287 5175 2668 5247 Πρεσϐυτέρου
2700 5177 2756 5230 δὲ
2790 5177 2884 5231 καὶ
2914 5169 3075 5238 οὗτος
3105 5176 3236 5248 ἀξίᾳ
3258 5177 3584 5246 διέπρεπεν,
3622 5176 3728 5228 οὐκ

2141 5270 2200 5321 ὲν
2232 5273 2296 5339 τῇ
2330 5270 2772 5332 Κωνσταντίνου,
2810 5269 2930 5322 ἀλλ’
2983 5270 3041 5323 ἐν
3069 5289 3178 5324 τινι
3207 5274 3318 5323 τῶν
3349 5271 3522 5341 αὐτῆς
3553 5286 3730 5338 1:95a-

2143 5363 2364 5425 στείων,
2422 5358 2466 5430 ᾧ
2503 5362 2689 5416 Ἐλαία
2737 5357 2805 5433 ἦν
2836 5363 3036 5435 ὄνομα,
3081 5363 3547 5433 κεκληρωμένοςο
3587 5363 3728 5430 ὅπερ

2141 5453 2373 5523 ἀντικρὺ
2413 5453 2515 5522 μὲν
2571 5455 2749 5507 κεῖται
2800 5454 2901 5522 τῆς
2930 5454 3182 5518 πόλεως’
3223 5455 3514 5525 πάνδημον
3544 5453 3600 5507 δὲ
3647 5455 3730 5523 τῷ

2142 5543 2303 5612 χώρῳ
2354 5545 2549 5615 ἑορτὴν
2609 5546 2790 5596 ἐκεῖσε
2841 5547 2873 5614 ἡ
2926 5545 3081 5608 πόλις
3132 5546 3210 5616 τῷ
3269 5545 3493 5616 Σωτῆρι
3551 5546 3727 5614 ἀνῆγε

2141 5639 2368 5709 Χριστῴ
2391 5655 2405 5670 ο
2443 5638 2686 5710 ὁπηνίκα
2716 5639 3075 5711 ἀναληφθεὶς,
3109 5640 3486 5713 παλίνδρομος
3507 5639 3587 5712 τῷ
3619 5639 3729 5694 Πα-

543 5779 626 5844 (li
680 5778 906 5846 Ἐλαία,
963 5777 1131 5846 Olea,
1182 5778 1504 5836 suburbana
1557 5777 2066 5850 Constantinolioiis
2106 5779 2277 5849 regio.
