3976 6202
376 352 512 419 1157

1298 352 1901 414 ΕΕΟΙῈΞΙΛΞΉΟΕ
1942 358 2328 419 ὶζίδΤΟΙὶΙᾹΞ
2365 361 2510 424 LIB.
2555 364 2709 425 XIV.

3487 366 3622 429 1158

369 475 397 525 ό
431 470 605 540 μέγας
635 470 662 519 6
690 469 786 541 τὴν
809 470 1019 543 ἔρημον
1047 473 1125 535 είς
1150 470 1307 525 πόλιν
1337 473 1758 540 μετασκευάσας
1782 491 1793 503 υ
1829 476 1933 527 Συ-

2047 480 2216 549 garita
2265 482 2534 553 Pelagiam
2584 499 2705 539 eam
2762 484 3170 554 cognominatus,
3234 485 3419 557 inqua
3473 504 3621 543 certe

374 562 519 632 ρεών
553 579 608 616 τε
641 563 669 615 ὁ
702 562 801 633 τὴν
826 564 918 618 ἐπὶ
949 563 1141 618 στύλου
1193 565 1412 635 πρῶτος
1448 568 1775 633 κατοίκησιν
1808 567 1939 620 ὑπο-

369 656 550 720 δείξας
571 672 586 687 ο
630 655 823 721 Νεῖλός
856 674 917 711 τε
970 659 1000 712 6
1030 657 1323 721 θεσπέσιος
1344 659 1591 731 ἀσκητὴς
1616 674 1630 691 ·
1676 660 1703 714 δ
1732 677 1792 714 τε
1844 660 1939 713 τοῦ

375 752 673 821 Πηλουσίου
706 752 997 824 Ἰσίδωρος,
1030 756 1122 809 καὶ
1159 757 1187 810 6
1226 756 1666 828 πολυθρύλλητος
1696 758 1942 829 ἀσκητὴς

370 848 619 917 Μάρκος,
645 848 868 921 Ἰωάννῃ
892 850 969 920 τῷ
998 852 1141 905 πάνυ
1174 851 1617 923 μαθητευθέντες
1638 869 1652 883 ·
1682 854 1776 906 καὶ
1801 854 1943 920 Πρό-

369 941 493 1004 κλος
518 941 547 993 6
576 940 915 1010 θαυμαστὸς,
946 942 1191 1014 σχολαῖος
1214 944 1417 1014 διάγων
1438 962 1453 977 ο
1476 946 1572 1000 καὶ
1597 943 1749 1000 ἄλλοι
1789 943 1939 997 πλεῖ-

371 1053 506 1101 στοι,
541 1037 670 1107 περὶ
700 1032 775 1092 ὧν
805 1038 860 1101 ἐς
888 1037 1116 1107 ὕστερον
1145 1039 1501 1109 διαλήψομαι.

2050 573 2249 629 merito
2280 575 2478 643 aliquis
2532 575 2706 631 divini
2753 575 2946 646 iudicii
2999 578 3226 647 pelagus
3290 579 3620 636 admiretur.

2049 668 2233 738 Viguit
2263 685 2393 724 vero
2423 678 2535 723 tum
2582 670 2816 723 maxime
2847 685 3064 740 quoque
3100 670 3151 723 in
3189 676 3418 727 ascetica
3453 675 3620 744 pulte-

2045 770 2155 814 stra
2192 760 2531 829 praecipuus.
2568 770 2624 814 et
2657 761 2763 815 vita
2804 762 3108 816 monastica
3164 762 3418 827 illustris,
3474 781 3623 832 mag-

2042 868 2149 907 nus
2178 853 2269 908 ille
2294 854 2643 923 Euthymius,
2676 854 2772 923 qui
2798 855 3153 909 solitudinem
3208 855 3262 911 in
3296 859 3450 911 urbis
3509 857 3619 910 {or-

2042 958 2186 997 mam
2214 943 2443 1013 redegit.
2479 944 2542 998 Et
2579 943 2812 1015 Symeon
2870 947 2964 1016 qui
3024 946 3237 1015 primus
3279 947 3617 1003 domicilium

2040 1037 2095 1090 in
2127 1037 2380 1091 columna
2410 1038 2614 1091 habere
2645 1038 2881 1091 instituit
2916 1054 2931 1095 :
2967 1038 3194 1108 insuper
3228 1039 3402 1101 Nilus,
3448 1040 3618 1094 Asce-

372 1141 453 1185 tes
480 1129 826 1186 venerandus
866 1156 867 1159 η
912 1129 1153 1187 Isidorus
1186 1131 1483 1199 Pelusiota,
1514 1144 1570 1189 et
1620 1132 1946 1190 decantatus
1985 1130 2288 1185 monachus
2327 1129 2562 1192 Marcus,
2624 1130 2852 1185 Joannis
2921 1132 3102 1202 magni
3156 1132 3438 1203 discipuli.
3485 1135 3622 1187 [νευ-

368 1232 486 1287 clus
509 1239 772 1302 praeterea
814 1226 905 1282 ille
948 1226 1329 1295 admirandus,
1357 1231 1599 1301 quietam
1651 1231 1855 1302 degens
1915 1228 2105 1294 vitam,
2137 1238 2195 1283 et
2247 1227 2340 1282 alii
2369 1227 2795 1298 quamplurimi,
2824 1228 2892 1283 de
2925 1229 3130 1300 quibus
3192 1242 3385 1302 postea
3442 1241 3499 1287 et
3536 1232 3621 1288 di-

368 1345 509 1384 cam.

843 1524 848 1530 ,
934 1468 1185 1524 ΚΕΦΛΛ.
1212 1470 1329 1524 ΛΔθ.

382 1562 476 1624 Ὠς
503 1563 653 1629 μετὰ
687 1562 957 1615 Eia/nov
984 1563 1309 1630 Νεστόριος
1345 1563 1379 1616 ό
1404 1560 1700 1630 αἱρετικὸς
1751 1575 1938 1628 χειρο-

441 1632 691 1686 τονεῖται
716 1631 1086 1698 ἐπίσκοπος·
1127 1633 1226 1686 καὶ
1260 1631 1341 1697 ὡς
1393 1631 1651 1702 συγχεῖν
1678 1630 1748 1696 ἐξ
1786 1631 1938 1685 ἀλα-

440 1703 671 1768 ζονείας
710 1702 826 1769 τὴν
857 1703 1232 1771 Ἐκκλησίαν
1256 1703 1575 1759 ἐπέϐαλεν.

2605 1468 2829 1525 CAPUT
2859 1467 3051 1524 XXXI.

2051 1564 2115 1621 Ut
2149 1577 2263 1636 past
2310 1565 2566 1619 Sisiuium
2599 1564 2872 1618 Nestorius
2905 1564 3185 1636 hwrrticus
3228 1564 3498 1634 cpiswpus
3530 1584 3617 1619 or-

2120 1633 2361 1699 dinatus,
2417 1652 2509 1704 per
2557 1636 2925 1700 arrogantium
2978 1633 3142 1688 turbis
3196 1642 3245 1685 et
3307 1633 3613 1693 tumultibus

2120 1709 2381 1779 complere
2413 1707 2706 1762 Ecclesium
2737 1707 3046 1761 instituerit.

441 1816 547 1871 Τοῦ
574 1817 631 1871 δὲ
670 1820 1011 1889 πατφὲρχου
1042 1815 1301 1884 Σισινίου,
1328 1817 1404 1881 ῶς
1427 1816 1671 1888 εἴρηται,
1696 1815 1757 1871 τὸ
1779 1814 1933 1888 βιοῦν

2108 1825 2315 1882 Sisinio
2375 1821 2687 1894 patriarcha
2723 1821 3004 1888 defuncto,
3033 1823 3195 1880 sicuti
3256 1824 3465 1881 dictum
3505 1837 3609 1893 est,

374 1911 827 1982 μεταλλάξαντος,
860 1912 973 1964 δεῖν
1029 1910 1205 1965 ἐδόκει
1242 1912 1359 1973 τοῖς
1389 1911 1446 1965 ἒν
1479 1912 1778 1981 ὑπεροχαῖς
1831 1927 1937 1980 μη-

368 2006 493 2061 δένα
527 2007 638 2061 τῶν
664 2006 768 2076 τῆς
800 2005 1131 2081 Ἐκκλησίας
1175 2007 1257 2068 εἰς
1294 2004 1394 2077 τὴν
1425 2005 1732 2073 ἐπισκοπὴν
1764 2005 1935 2074 προά-

369 2121 514 2174 γειν,
560 2102 649 2157 διά
690 2102 819 2165 τοὺς
868 2100 946 2161 ὡς
995 2101 1153 2173 ἔτυχε
1203 2099 1599 2171 χαριζομένους
1653 2097 1934 2168 ὲπικενῆς.

362 2194 556 2253 Ἦσαν
584 2196 693 2269 γάρ
722 2198 816 2251 καὶ
848 2192 1004 2262 αὖθις
1028 2197 1078 2250 οἱ
1113 2193 1213 2266 μὶν
1240 2193 1520 2265 Φιλίππῳ,
1546 2195 1597 2246 oi
1622 2192 1680 2248 δὲ
1705 2191 1936 2264 Πρόκλῳ

370 2290 798 2356 σπουδάζοντεςο
835 2288 896 2356 ἐξ
946 2278 1253 2359 ἀλλοδαπῆς
1295 2287 1354 2341 δέ
1410 2303 1537 2341 τινα
1584 2283 1934 2358 προχειρίζεο

372 2386 496 2441 σθαι
542 2385 753 2459 ῆθελον.
785 2381 891 2438 Ἦν
945 2382 1003 2437 δέ
1055 2401 1138 2446 τις
1192 2381 1313 2435 κατ’
1373 2382 1547 2435 ἐκεῖνο
1592 2378 1813 2448 καιροῦ,
1878 2380 1937 2431 ἐν

382 2477 687 2551 ’Δντιοχείᾳ
722 2477 1046 2548 ποιούμενος
1070 2476 1168 2540 τὰς
1192 2475 1500 2544 διατριϐὰς,
1528 2473 1589 2526 τὸ
1621 2474 1777 2541 γένος
1805 2472 1939 2540 Γερ-

375 2574 662 2644 μανικεὺς.
697 2568 935 2640 εὖφωνός
967 2586 1025 2622 τε
1061 2569 1155 2623 καὶ
1187 2567 1431 2630 εύλαλος,
1472 2566 1568 2637 τὴν
1598 2565 1793 2636 κλῆσιν
1828 2565 1935 2618 Νε-

373 2666 618 2737 στόριος·
651 2663 711 2718 δν
740 2662 816 2727 ὡς
849 2663 977 2733 περὶ
1006 2664 1069 2719 τδ
1104 2661 1380 2717 διδάσκειν
1402 2660 1595 2728 δεξιῶς
1625 2663 1839 2730 ἔχοντα,
1874 2660 1937 2712 ἐκ

370 2757 473 2829 τῆς
496 2757 774 2827 ’Δντιόχου
808 2753 1271 2827 μεταστέλλεσθαι
1302 2754 1571 2822 ἔγνωσαν.
1605 2751 1937 2823 Ιιεριδόητος

372 2851 431 2905 δὲ
462 2853 556 2905 καὶ
590 2852 645 2904 ὲν
678 2847 1002 2920 σωφροσύνῃ
1038 2848 1278 2920 μάλιστα
1306 2843 1394 2917 ῆν.
1427 2845 1609 2917 Τριῶν
1632 2846 1687 2900 δὲ
1720 2845 1939 2916 παραρ-

372 2945 610 3016 ρυέντων
668 2942 878 3014 μηνῶν,
924 2942 1124 3012 ἄγεται
1177 2942 1273 2995 καὶ
1318 2939 1518 2996 αὐτίκα
1567 2942 1646 3003 είς
1690 2939 1791 3009 τὴν
1838 2937 1940 3008 τῆς

372 3035 793 3091 Κωνσταντίνου
853 3036 1161 3106 ἐπισκοπὴν
1215 3033 1650 3105 προχειρίζεται.
1724 3030 1939 3093 Ὀποῐος

2035 1921 2116 1976 eis
2142 1919 2232 1989 qui
2266 1920 2506 1972 honores
2537 1923 2599 1968 et
2632 1915 2988 1985 magistratus
3036 1918 3322 1989 gerebant,
3380 1919 3609 1989 placuit,

2036 2016 2314 2069 nemiuem
2342 2025 2407 2065 ex
2432 2009 2553 2078 ejus
2580 2008 2840 2064 Ecclesiae
2866 2008 3015 2064 clero
3058 2012 3377 2079 episcopum
3401 2026 3614 2078 creare,

2036 2115 2490 2179 pmpter.vanam
2522 2116 2737 2165 eorum,
2771 2101 2866 2169 qui
2903 2100 3165 2156 honorem
3194 2103 3355 2157 talem
3383 2110 3613 2169 temere,

2037 2198 2239 2267 quibus
2264 2195 2365 2265 ipsi
2403 2194 2670 2253 faverent,
2700 2192 3014 2248 mandatum
3049 2194 3325 2255 volebant,
3354 2197 3613 2265 gratiam.

2038 2288 2251 2345 Rursus
2287 2287 2435 2341 enim
2461 2286 2553 2340 alii
2589 2285 2863 2355 Philippo,
2899 2283 2996 2341 al’il
3031 2301 3165 2342 vero
3196 2286 3390 2342 Proclo
3420 2287 3614 2358 cupie-

2038 2382 2192 2444 bant,
2218 2380 2313 2435 sed
2357 2378 2577 2433 aliunde
2605 2393 2917 2448 quempiam
2980 2377 3268 2447 designare
3298 2379 3474 2434 visum
3507 2391 3613 2435 est.

2038 2474 2167 2528 Erat
2196 2481 2312 2526 tum
2333 2470 2657 2535 Antiochiae,
2685 2469 3149 2527 Germaniciensis
3172 2471 3373 2538 patria,
3407 2472 3614 2528 voc:tlis

2038 2576 2093 2620 et
2136 2564 2409 2619 facundus
2446 2564 2747 2618 Nestorius
2800 2580 2813 2619 :
2866 2564 3013 2617 hunc.
3063 2565 3209 2632 quod
3267 2563 3323 2617 in
3379 2565 3614 2620 dicendo

2039 2667 2326 2727 promptus
2357 2666 2413 2709 et
2454 2656 2631 2710 facilis
2660 2667 2830 2723 esset,
2882 2656 3175 2712 Antiochia
3217 2659 3614 2715 accersendum

2040 2761 2378 2814 statuerunt,
2410 2749 2506 2818 qui
2558 2749 2777 2805 laudem
2831 2750 2995 2806 etiam
3024 2751 3300 2806 castitatis
3329 2764 3616 2810 meruerat

2040 2845 2355 2897 maximam.
2394 2842 2781 2896 Praatcrieraut
2817 2858 3037 2897 menses
3061 2851 3194 2908 tres,
3234 2852 3293 2897 ct
3325 2844 3414 2898 ille
3442 2844 3616 2899 addu-

2041 2938 2208 3000 citur,
2236 2945 2291 2990 ct
2343 2936 2641 3005 episcopus
2666 2934 3315 3004 Constantinopolitanus
3365 2947 3611 2995 creatur.

2039 3030 2230 3097 Qualis
2276 3045 2406 3084 vero
2442 3028 2488 3084 is
2520 3030 2602 3083 vir
2636 3029 2821 3092 fuerit,
2856 3032 3031 3100 prima
3061 3031 3244 3087 statim
3271 3031 3391 3102 ejus
3420 3036 3616 3088 concio

369 3128 431 3183 δὲ
457 3130 517 3183 τ’»
543 3124 675 3201 ἦθος
722 3123 812 3200 ῆν,
864 3131 929 3181 ὲκ
978 3127 1079 3197 τῆς
1111 3126 1334 3198 πρώτης
1373 3125 1543 3181 αὐτοῦ
1585 3124 1937 3188 διδασκαλίας

2047 3123 2325 3177 indicavit.
2379 3121 2531 3176 Illico
2592 3136 2832 3191 namque
2899 3132 3022 3194 post
3099 3127 3614 3193 consecrationem,

377 3221 780 3290 κατεμηνύετο.
815 3219 973 3275 Μετὰ
1008 3220 1118 3292 γὰρ
1145 3219 1244 3290 τὴν
1284 3218 1620 3291 χειροτονίαν
1652 3216 1749 3288 τὴν
1783 3232 1942 3285 περι-

373 3314 571 3382 ϐόητον
621 3312 841 3381 ἐκείνην
891 3311 1075 3382 ἀφῆκε
1136 3310 1324 3382 φωνὴν
1386 3312 1480 3364 ἐπὶ
1519 3310 1808 3382 παρρησία
1846 3306 1940 3362 τοῦ

333 3440 355 3467 .
375 3404 640 3476 πλήθους,
674 3405 814 3475 πρὸς
845 3403 937 3458 τδν
987 3403 1210 3475 βασιλέα
1238 3403 1332 3457 τὸν
1383 3402 1545 3471 λόγον
1574 3400 1936 3466 ποιούμενοςο

384 3518 404 3551 ι
441 3499 539 3564 Δός
576 3516 683 3569 μοι,
718 3498 915 3567 λέγων,
946 3515 993 3553 ω
1021 3496 1269 3569 βασιλεύ,
1293 3495 1545 3568 καθαρὰν
1567 3496 1667 3567 τὴν
1702 3495 1806 3566 γῆν
1831 3494 1941 3547 τῶν

376 3592 710 3667 αίρετικῶνο
745 3590 903 3660 κάγῶ
938 3608 1021 3645 σοι
1078 3590 1169 3645 τὸν
1221 3589 1452 3661 οὐρανὸν
1502 3587 1806 3645 ἀντιδώσω.
1860 3584 1933 3639 Σύ

380 3702 473 3755 μοι
497 3684 624 3742 τοὺς
682 3686 995 3751 αἱρετικοὺς
1027 3680 1225 3737 κάθελε
1248 3698 1264 3715 ’
1297 3681 1454 3751 κάγὼ
1484 3678 1808 3749 συγκαθελῶ
1857 3694 1944 3731 σοι

374 3784 503 3844 τοὺς
544 3780 784 3847 Πέρσας.
836 3796 855 3829 ι
890 3770 992 3829 Ὦν
1021 3776 1356 3847 εἰρημένων,
1402 3777 1453 3829 οι
1497 3774 1599 3846 μὲν
1633 3772 1822 3827 πολλοὶ
1846 3773 1944 3825 καὶ

376 3873 650 3943 ἀποδοχῆς
688 3870 873 3942 ῆξίουν
901 3884 914 3899 ’
951 3870 1077 3932 τοὺς
1104 3870 1151 3922 δ’
1176 3867 1423 3940 ἀκριόῶς
1450 3869 1666 3930 εἰδότας
1714 3864 1945 3937 γνώμην

343 4032 346 4036 ,
375 3968 440 4019 ὲκ
468 3965 629 4033 λόγου
652 3964 863 4034 κρίνειν
883 3963 941 4015 οὐ
976 3961 1348 4031 διεδίδρασκεν
1380 3958 1507 4014 οὔτε
1534 3960 1599 4013 τὸ
1625 3958 1830 4029 κοῦφον
1846 3958 1946 4027 τῆς

374 4061 637 4125 διανοίας,
673 4055 797 4110 οὔτε
831 4055 875 4111 δ’
902 4053 970 4110 αὖ
1002 4054 1064 4107 τὸ
1094 4051 1330 4124 θυμικὸν
1356 4056 1415 4106 ὲν
1456 4050 1641 4121 ταυτῷ
1670 4052 1765 4104 καὶ
1791 4049 1945 4104 κενό-

376 4153 564 4219 δοξον·
597 4152 682 4206 ὅτι
736 4149 871 4221 μηδὲ
904 4146 1087 4211 καλῶς
1136 4148 1246 4201 τῶν
1293 4144 1530 4200 ἐνταῦθα
1580 4145 1940 4213 γευσάμενος,

379 4249 457 4311 εἰς
492 4245 620 4309 τοὺς
652 4242 796 4314 ὑπὲρ
818 4241 928 4296 τῶν
954 4240 1215 4294 τοιούτων
1246 4239 1501 4312 προήχθη
1533 4238 1746 4306 λόγους.
1774 4237 1943 4307 Ζῆλον

377 4341 424 4393 δ’
452 4340 595 4407 ὑπὲρ
624 4338 723 4407 τῆς
746 4334 1077 4405 Ἐκκλησίας
1100 4333 1262 4402 δῆθεν
1285 4330 1491 4404 αύχῶν,
1519 4330 1614 4385 τὸν
1643 4331 1751 4386 τῶν
1768 4331 1946 4401 Ἀρει-

379 4434 525 4488 ανῶν
560 4432 850 4501 εύκτήριον
895 4425 1045 4482 οἷκον
1076 4429 1349 4481 κατέσπα.
1392 4426 1457 4479 Οί
1501 4423 1547 4478 δ’
1583 4423 1726 4479 οὕτω
1775 4440 1944 4478 κατα-

2044 3217 2393 3271 decantatam
2430 3213 2591 3285 50a.
2639 3215 2789 3271 illam
2825 3216 3105 3284 propalam
3134 3218 3280 3286 apud
3328 3221 3614 3289 pupulum,

2045 3310 2113 3366 ad
2144 3311 2527 3379 imperatorem
2546 3308 2709 3362 verba
2738 3307 3002 3378 dirigens,
3022 3310 3205 3364 emisit
3229 3325 3414 3364 vocem
3444 3328 3457 3365 :
3492 3329 3513 3364 ι
3540 3312 3615 3367 Da

2045 3405 2204 3467 mibi,
2246 3403 2520 3473 inquiens,
2562 3417 2595 3457 ο
2634 3403 2936 3472 imperator
2961 3443 2975 3465 ,
3013 3410 3213 3457 terram
3244 3407 3312 3457 ab
3342 3403 3617 3460 brereticis

2044 3494 2274 3551 liberam
2303 3504 2358 3549 et
2392 3508 2606 3564 puram.
2635 3505 2692 3549 et
2713 3511 2814 3566 ego
2852 3496 2950 3549 tibi
2999 3498 3197 3551 malum
3226 3494 3465 3550 vicissim
3492 3497 3618 3551 red-

2045 3588 2190 3645 dam.
2224 3588 2308 3643 Tu
2335 3587 2469 3643 mihi
2504 3589 2794 3646 haereticos
2816 3590 3080 3659 exstirpa,
3100 3599 3156 3644 ct
3182 3606 3284 3662 ego
3309 3590 3405 3646 tibi
3435 3591 3618 3648 Persis

2046 3680 2296 3737 delendis
2318 3681 2506 3737 adero.
2560 3701 2581 3735 ι
2623 3682 2747 3738 Haec
2793 3685 2913 3755 ejus
2974 3682 3332 3739 dictarmulti
3384 3684 3608 3754 quidem

2045 3775 2493 3845 comprobarunt.
2520 3773 2624 3841 Qui
2662 3790 2794 3831 vero
2827 3785 2981 3831 certo
3013 3781 3198 3831 sciunt
3254 3775 3497 3831 animum
3546 3792 3618 3832 es

2047 3869 2233 3926 verbis
2267 3868 2687 3939 diiudicandum
2714 3884 2859 3933 esse,
2888 3869 2967 3925 illi
3008 3871 3208 3925 mentis
3256 3872 3378 3942 eius
3424 3870 3618 3925 levita-

2048 3973 2175 4030 tem,
2205 3965 2449 4019 animum
2476 3972 2845 4036 arrogantem,
2890 3974 2947 4019 et
2975 3979 3169 4019 vanam
3192 3966 3422 4035 gloriam
3456 3965 3623 4021 all‘ec-

2049 4069 2275 4125 tantcm,
2324 4058 2812 4128 deprehenderunt
2862 4075 2877 4111 :
2934 4067 3224 4128 propterea
3274 4059 3446 4127 quod,
3494 4074 3617 4113 cum

2047 4152 2289 4207 nondum
2319 4149 2622 4223 quidquam
2671 4150 2747 4206 ibi
2790 4152 2925 4207 satis
2950 4150 3317 4221 degustasset,
3366 4152 3434 4206 ad
3470 4152 3620 4223 ejus-

2046 4245 2265 4301 cemodi
2298 4243 2601 4313 productus
2628 4244 2699 4299 sit
2729 4245 2914 4299 verba.
2944 4244 3132 4299 Zelum
3157 4260 3290 4300 vero
3323 4256 3376 4298 et
3398 4246 3621 4301 annula-

2047 4338 2252 4394 tionem
2296 4336 2497 4393 deinde
2534 4353 2630 4407 pro
2652 4337 2899 4393 Ecclesia
2951 4337 3189 4407 epirans,
3221 4338 3396 4393 eidem
3428 4324 3621 4405 preca-

2048 4432 2244 4487 toriam
2279 4431 2607 4487 Arianorum
2654 4431 2952 4487 demolitus
3000 4440 3102 4486 est.
3138 4432 3317 4500 Atque
3375 4432 3449 4486 illi
3484 4441 3622 4487 tem-

381 4523 673 4595 σπώμενον
699 4519 934 4592 δρῶντες
956 4519 1140 4585 αὑτὸν,
1174 4516 1287 4588 πῦρ
1317 4517 1669 4589 ἐμϐαλόντες,
1694 4520 1754 4570 ού
1787 4517 1942 4586 μόνον

2054 4526 2204 4595 plum
2237 4538 2395 4579 suum
2421 4521 2666 4581 dirutum
2708 4533 3023 4588 cernentes,
3053 4522 3178 4593 igne
3223 4523 3451 4593 insuper
3484 4537 3621 4578 con-

378 4619 609 4681 ἐκεῖνον,
639 4616 774 4670 ἀλλά
796 4615 892 4668 καὶ
920 4612 1054 4667 πολύ
1087 4628 1141 4665 τι
1173 4610 1339 4683 μέρος
1374 4610 1482 4663 τῶν
1517 4611 1947 4680 παρακειμένων

378 4712 456 4780 τῷ
485 4710 638 4779 τόπῳ
669 4707 981 4777 ἀνήλισκον.
1036 4704 1179 4774 Πρὸς
1217 4702 1273 4756 δὲ
1305 4703 1400 4757 καὶ
1445 4701 1815 4764 Ναυατιανοῦς
1854 4717 1950 4753 τα-

385 4807 604 4876 ράττειν
629 4803 920 4857 ίπέδαλεν.
959 4800 1032 4854 Ού
1069 4802 1228 4869 μόνον
1280 4798 1337 4850 δὲ
1385 4796 1631 4860 τούτους,
1686 4795 1821 4849 ἀλλά
1855 4794 1951 4847 καὶ

381 4900 497 4951 ὅσοι
531 4900 659 4964 περὶ
691 4893 881 4948 Ἀσίαν
905 4891 998 4946 καὶ
1028 4889 1231 4944 Λυδίαν
1259 4889 1357 4943 καὶ
1392 4887 1606 4959 Καρίαν
1635 4887 1951 4957 Τεσσαρεσ-

383 4990 762 5046 καιδειατῑτιι
807 4982 971 5057 ἦσαν,
1025 4987 1104 5038 ἔτι
1161 4983 1218 5037 δὲ
1272 4982 1369 5035 καὶ
1414 4981 1543 5051 περὶ
1573 4978 1814 5049 Μίλητον
1858 4979 1949 5030 καί

384 5082 632 5153 Σάρδεις,
660 5075 733 5134 ὧν
765 5079 965 5145 πολλοὶ,
999 5078 1094 5132 καὶ
1130 5075 1379 5139 στάσεως
1422 5074 1490 5128 δι’
1525 5072 1689 5127 αὐτὸν
1719 5072 1949 5138 γενομέ-

383 5193 500 5244 νης,
531 5176 623 5226 τὸν
656 5173 773 5242 βίον
814 5170 1099 5223 ἀπέλιπον.
1150 5166 1485 5237 ιῙρνιφάσεως
1518 5164 1564 5217 δ’
1596 5163 1947 5233 εἰλημμένος,

383 5266 573 5331 ὅτιπερ
598 5263 648 5315 οἱ
677 5258 1016 5316 Μακεδονίου
1047 5255 1337 5311 ’Λντώνιον
1362 5258 1452 5307 τὸν
1480 5253 1697 5324 Γὲρμης
1731 5255 1952 5306 ἐπίσκο-

386 5375 511 5421 πον,
539 5356 745 5425 σφόδρα
771 5353 1017 5415 ἐκείνους
1038 5349 1287 5404 κελεύσει
1304 5347 1602 5419 Νεστορίου
1632 5345 1949 5413 ἐλαύνοντα,

384 5452 759 5520 διεχρήσαντο,
799 5445 1160 5505 ὑποϐαλόντες
1192 5443 1364 5507 τινὰς,
1405 5444 1461 5495 ἐν
1494 5441 1732 5512 δευτέρῳ
1782 5441 1953 5507 τάγα-

388 5548 480 5599 θὸν
509 5544 600 5598 τοῦ
636 5543 789 5615 ἡδέος
821 5542 1200 5612 ποιουμένους,
1228 5541 1324 5593 καὶ
1358 5540 1455 5604 τὰς
1490 5538 1717 5592 ἐκείνων
1750 5537 1951 5608 ἐκκλη.

387 5640 506 5701 σίας
547 5636 798 5705 ὑφείλετο
829 5652 842 5667 ’
904 5633 998 5695 τάς
1025 5650 1086 5688 τε
1137 5636 1194 5688 ὲν
1239 5633 1817 5687 Κωνσταντινουπὸλει
1856 5637 1949 5685 καὶ

384 5732 444 5785 ὲν
498 5729 759 5798 Κυζίκῳ,
814 5730 911 5781 καὶ
954 5730 1067 5792 τοῖς
1102 5726 1541 5797 Ἑλλησποντίοις
1588 5729 1814 5797 ἁγριίς·
1873 5720 1949 5780 ὧν

384 5836 527 5884 τινες
562 5818 876 5890 βιαζόμενοι
908 5818 1001 5871 καὶ
1031 5819 1097 5888 τῇ
1126 5816 1221 5871 τοῦ
1245 5817 1538 5888 δμοουσίου
1568 5818 1748 5871 πίστει
1786 5819 1943 5870 συνέ-

2051 4618 2217 4687 jecto,
2276 4616 2468 4671 nonid
2514 4615 2701 4682 modo,
2754 4616 2849 4670 sed
2896 4622 2953 4668 et
3003 4629 3254 4685 magnam
3311 4614 3619 4670 vicinorum

2049 4709 2407 4766 aediﬁciorum
2437 4717 2647 4778 partem
2701 4717 3149 4763 concremarunt.
3180 4708 3389 4764 Deinde
3438 4706 3621 4765 Nova-

2054 4802 2232 4856 tianos
2261 4815 2479 4871 quoque
2504 4799 2726 4854 turbare
2752 4814 3039 4871 aggressus
3075 4808 3180 4856 est.
3215 4799 3335 4856 Non
3371 4816 3465 4855 eos
3491 4817 3621 4857 vero

2052 4895 2252 4956 solum,
2282 4908 2475 4949 verum
2498 4892 2663 4949 etiam
2708 4892 2803 4962 qui
2867 4908 2966 4963 per
3016 4893 3219 4956 Asiam,
3280 4892 3507 4964 Libyam
3563 4905 3621 4949 et

2051 4984 2294 5048 Cariam,
2326 4993 2379 5037 et
2414 4982 2510 5053 qui
2562 4990 2829 5054 praeterea
2879 4982 3048 5037 Mileti
3094 4992 3149 5037 et
3196 4982 3385 5039 Sardis
3441 4993 3618 5045 erant,

2052 5077 2642 5143 Quatuordecimanos.
2703 5093 2938 5147 quorum
3012 5076 3172 5133 multi
3236 5077 3507 5133 seditione
3567 5088 3623 5134 et

2055 5169 2291 5223 tumultu
2328 5178 2551 5239 propter
2578 5172 2752 5240 ipsum
2784 5171 3059 5225 concitato
3090 5170 3369 5227 interiere.
3406 5172 3471 5225 Et
3494 5186 3622 5228 cum

2055 5260 2432 5316 Macedoniam
2483 5263 2784 5318 Antonium
2844 5263 3163 5333 episcopum
3241 5262 3623 5331 Gcrmensem,

2052 5355 2144 5426 qui
2185 5369 2280 5409 eos
2308 5355 2721 5426 Nestoriijussu
2752 5354 3045 5410 admodum
3068 5354 3358 5425 aﬂligebat,
3393 5371 3624 5428 percus-

2053 5445 2273 5501 soribus
2302 5447 2635 5515 quibusdam
2671 5448 2982 5510 submissis,
3008 5448 3103 5517 qui
3152 5448 3492 5519 voluptatem
3527 5449 3624 5502 lio-

2053 5548 2209 5592 nesto
2246 5538 2959 5608 praeierunt,jugulasscnt,
3013 5538 3360 5594 occasionem
3414 5554 3535 5593 eam
3568 5548 3625 5592 et

2054 5649 2272 5687 causam
2322 5633 2578 5701 arripuit,
2616 5640 2669 5683 et
2703 5631 2967 5685 ecclesias
3001 5631 3083 5685 eis
3120 5630 3623 5699 Constantinopoli,

2053 5726 2256 5798 Cyzici,
2294 5737 2349 5780 et
2388 5726 2442 5779 in
2489 5724 2843 5794 Hellesponto
2871 5723 3099 5777 ademit.
3130 5721 3205 5776 Ex
3237 5721 3441 5791 quibus
3481 5736 3622 5775 non-

2054 5822 2187 5873 nulli
2215 5820 2263 5873 vi
2283 5834 2344 5874 ea
2369 5819 2567 5884 adacti,
2595 5832 2651 5874 se
2680 5816 2746 5871 ad
2771 5812 3082 5887 ὁμοουσίου,
3112 5811 3623 5877 consubstantialis,
