3946 6196
240 307 374 374 1181

1155 318 1753 387 ΕϐἰὶωςὸιΛδΤῐΕΕ
1796 325 2186 389 HISTORIA!
2225 330 2372 391 LIB.
2420 328 2582 392 XIV.

3366 327 3508 393 1182

231 429 550 502 ὑπόμνησιν
585 431 738 504 παρά
765 434 970 506 πατρὶς
1008 438 1144 509 πρὸς
1187 441 1305 492 τίον
1335 441 1396 494 τὸ
1453 443 1631 513 παρὸν
1660 444 1813 499 τοῦτο

1927 447 2194 518 deinceps
2235 449 2687 519 generationibus
2733 460 2787 505 et
2819 449 3078 503 artatibns
3124 449 3327 513 tragica
3362 451 3506 503 voci-

230 522 626 595 λογισάμενος,
681 526 949 598 ἀνάσχου,
989 531 1318 600 παρακαλῶ,
1377 537 1478 605 τῆς
1545 536 1606 588 ὲν
1667 536 1815 607 αὐτῷ

229 617 550 687 διηγήσεως
574 621 702 690 περὶ
724 622 956 686 πολλῶν,
995 624 1119 679 καθ’
1148 626 1274 680 ὅσον
1304 628 1432 698 ἐνῆν
1487 632 1817 702 γεγραμμέ-⁸

226 725 337 777 νης
378 712 507 780 παρ’
535 713 697 783 ἡμῶν
746 714 1113 786 βραχυλογίας
1173 719 1362 790 οὔσης·
1422 722 1663 788 Ὀἀσεως
1717 729 1815 794 τῆς

226 804 576 868 καὶιἿϐεως
651 808 715 861 ἐκ
764 810 977 864 πολλῶν
1031 812 1227 882 πρώην
1277 816 1670 888 ἀφανισθείσης
1719 817 1814 874 τοῦ

225 898 345 952 τῶν
369 897 636 970 Νομάδων
669 903 910 974 πλήθους
961 905 1050 962 ἐπ’
1105 908 1278 977 αὐτὴν
1330 910 1799 980 ἀναδραμόντος.»

228 989 346 1044 Καὶ
375 991 494 1061 μεθ’
524 992 709 1066 ἔτερα·
745 1013 764 1047 ι
794 996 1014 1052 Τούτων
1066 998 1122 1052 δὲ
1173 999 1346 1065 οὕτως
1383 1002 1812 1072 συμδαινόντων,

225 1081 337 1135 οὒκ
364 1077 462 1136 οἷδ’
485 1085 551 1138 ὲκ
589 1087 751 1147 ποίας
776 1087 1038 1159 ἀφορμῆς
1068 1088 1098 1160 ἢ
1130 1090 1291 1143 ποίαν
1318 1091 1574 1163 ἀφορμὴν
1612 1093 1816 1147 λαὸούο

231 1192 344 1245 σης
397 1178 502 1249 τῆς
558 1181 659 1250 σῆς
713 1182 1216 1253 μεγαλοπρεπείας,
1276 1184 1416 1256 πρὸς
1466 1187 1818 1257 ἐλεφαντίνην

225 1269 362 1324 τινὰ
387 1272 484 1341 τῆς
515 1274 770 1345 Θηϐαίων
802 1278 1077 1349 ἐπαρχίας
1121 1278 1301 1350 πέρας
1330 1280 1499 1336 οὖσαν
1545 1281 1816 1354 βαρϐαρι-

231 1364 355 1420 κῶν
377 1364 466 1421 διὰ
517 1372 868 1439 στρατιωτῶν
905 1373 969 1425 ἐκ
1023 1374 1126 1442 τῆς
1190 1373 1369 1436 Πανὸς
1427 1374 1814 1446 ἔπεμπόμεθα,

229 1461 533 1532 συρόμενοι
561 1462 698 1533 πρὸς
720 1464 893 1536 αὐτὴν
929 1465 1017 1519 διὰ
1042 1467 1144 1537 τῆς
1190 1469 1601 1540 προρρηθείσης
1652 1486 1818 1541 στρα-

224 1555 498 1626 τιωτικῆς
522 1552 796 1626 βοηθείας·
826 1559 1025 1631 καὶτῷ
1058 1559 1266 1614 πλείονι
1304 1561 1401 1631 τῆς
1428 1559 1552 1615 ὁδοῦ
1587 1579 1813 1631 συντρι-

225 1648 454 1716 ϐέντες,
490 1651 656 1705 πάλιν
689 1654 940 1724 ἄγραφον
967 1653 1066 1723 τῆς
1115 1658 1214 1725 σῆς
1243 1655 1472 1728 ἀνδρίας
1528 1655 1818 1726 καταλαμδ

225 1744 476 1816 σάνομεν
494 1747 774 1819 κέλευσμα
793 1749 872 1812 είς
889 1747 984 1818 τὴν
1011 1749 1182 1810 Πανὸς
1208 1749 1567 1821 ὑποστρέψειν
1588 1749 1819 1820 ,Συγκοο

1927 541 2123 597 τετοιὶο
2152 557 2248 598 seu
2287 542 2574 612 quiritatio
2609 543 2928 605 invalescat,
2968 543 3163 596 melius
3199 560 3315 596 esse
3355 555 3414 594 ut
3445 547 3497 596 in

1928 635 2296 691 Barbarorum
2345 636 2545 704 aliquis
2591 645 2862 705 potestate
2907 637 3160 706 captivus
3193 636 3298 697 sit,
3341 654 3505 708 quam

1925 730 1990 785 ad
2036 731 2407 786 Romanorum
2463 731 2755 799 imperium
2781 730 3005 800 supplex
3032 730 3333 793 confugiat.
3375 749 3396 783 ›
3442 731 3507 784 Et

1917 824 2232 895 jnramento
2263 822 2608 895 interposito,
2641 825 2962 893 petitionem
2995 824 3153 878 talem
3183 824 3492 893 subjnnxit:

1943 916 2168 971 tPatere
2198 932 2298 971 nos
2330 917 2421 972 bic
2454 932 2521 971 ex
2549 915 2675 972 Οτιμί
2711 932 2964 971 reversos
2995 917 3416 979 manere,sicuti
3451 915 3503 970 id

1926 1008 2086 1064 nobis
2137 1010 2360 1065 Barbari
2411 1010 2752 1080 permisere:
2807 1019 2867 1063 ut
2916 1025 3064 1063 nunc
3108 1011 3300 1072 etiam,
3353 1008 3502 1080 quod

1929 1102 2038 1158 Deo
2064 1102 2240 1159 visum
2261 1113 2364 1170 est,
2397 1103 2464 1157 de
2480 1102 2636 1158 nobis
2657 1102 3084 1158 constituatur.»
3136 1103 3196 1155 In
3232 1101 3339 1156 alia
3371 1117 3501 1156 rur-

1925 1212 2045 1252 sum
2064 1198 2294 1268 epistola
2317 1195 2649 1252 adeumdem
2666 1197 2779 1253 liazc
2793 1195 3022 1251 scribit:
3049 1211 3068 1246 ι
3087 1193 3212 1249 Sive
3233 1195 3497 1262 scriptum

1926 1289 2056 1354 hoc,
2086 1298 2147 1345 ut
2174 1289 2360 1351 amici.
2389 1288 2456 1343 ad
2485 1286 2962 1359 magnificentiam.
2978 1296 3148 1351 tuam,
3175 1285 3500 1356 epistolam,

1925 1395 2022 1436 seu
2053 1391 2112 1436 ut
2155 1381 2328 1451 patris
2367 1380 2432 1434 ad
2483 1381 2656 1435 tilium
2692 1379 3187 1434 commonitionem
3235 1377 3498 1447 accipias.

1925 1487 2034 1526 non
2071 1472 2270 1542 rejice,
2321 1479 2373 1527 te
2421 1484 2636 1542 Quieso,
2669 1485 2791 1540 qua:
2838 1471 2893 1524 in
2935 1483 3002 1524 eo
3030 1476 3137 1535 est,
3174 1482 3335 1539 quam
3381 1465 3502 1521 ﬁeri

1926 1565 2103 1634 potuit
2130 1564 2513 1620 brevissimam
2546 1563 2616 1618 de
2652 1563 2819 1618 rebus
2853 1562 3041 1617 multis
3079 1562 3498 1617 narrationem:

1925 1673 2050 1713 cum
2085 1656 2261 1722 Oasis,
2292 1673 2412 1728 qua:
2441 1657 2606 1713 etiam
2636 1657 2743 1713 Ibis
2773 1657 2917 1711 dieta
2948 1662 3054 1718 est.
3087 1653 3294 1709 dudum
3327 1669 3354 1707 a
3390 1652 3503 1708 Νο-

1927 1751 2149 1806 madum
2175 1751 2544 1815 multitudine.
2566 1752 2658 1822 qui
2688 1752 2741 1806 in
2761 1767 2880 1805 eam
2907 1757 3293 1814 cxcnrrerunt,
3312 1757 3499 1803 vasta-

226 1838 432 1902 πέντες
461 1837 517 1893 δὲ
545 1842 654 1905 τοῖς
683 1842 785 1913 τῆς
816 1844 914 1912 σῆς
947 1843 1258 1912 ὁδοιπορίας
1317 1844 1722 1914 συμπτώμασιν
1752 1844 1810 1897 ἐν

1920 1851 1966 1897 ta
1994 1843 2117 1899 sit.»
2153 1843 2218 1898 Et
2242 1855 2460 1915 postea:
2511 1863 2529 1897 ι
2563 1845 2686 1900 llaec
2710 1860 2832 1899 cum
2861 1842 2939 1898 sic
2963 1843 3285 1909 acciderint,
3312 1842 3497 1896 nescio

219 1929 478 1986 νοσοῦντι
499 1934 592 1987 καὶ
622 1934 929 2003 γηράσαντι
971 1933 1208 2006 σώματι,
1243 1937 1337 1989 καὶ
1368 1923 1466 2007 τὴν
1507 1938 1688 2007 χεῖρα,
1720 1931 1813 1991 καὶ

1920 1954 2028 2008 qua
2062 1938 2128 1993 de
2161 1953 2346 1998 causa.
2385 1947 2478 1992 aut
2512 1955 2617 2008 qua
2651 1945 2866 2008 arrepta
2900 1936 3214 2000 occasione,
3248 1934 3498 2006 ntagniﬂ-

218 2027 336 2098 τὴν
362 2026 605 2099 πλευρὰν
656 2027 1054 2101 συντριϐέντες,
1084 2029 1410 2101 ἀφικόμεθα
1434 2030 1595 2087 πάλιν
1617 2032 1695 2094 είς
1718 2029 1813 2103 τὴν

1920 2033 2098 2090 centia
2127 2042 2217 2087 tua
2242 2047 2345 2086 nos
2371 2048 2466 2101 per
2492 2030 2763 2085 Barbaros
2787 2030 2990 2085 milites
3011 2046 3074 2084 ex
3100 2030 3262 2085 Panis
3290 2028 3495 2098 oppido

225 2121 422 2186 Πανὸς
445 2123 647 2193 τρόπον
700 2123 822 2177 τινὰ
851 2123 1328 2196 ψυχορραγοῦντες
1388 2127 1504 2188 τοῖς
1561 2126 1813 2195 συμπτὼ·

1920 2126 1986 2182 ad
2020 2124 2315 2196 quamdam
2360 2124 2724 2195 Elephantina
2757 2125 2860 2194 (1),
2893 2138 3017 2192 qua:
3051 2122 3327 2178 Thebana:
3364 2136 3495 2191 prn—

228 2229 429 2287 μασιν,
465 2216 547 2271 ἔτι
575 2217 690 2280 τοῖς
720 2218 829 2270 τῶν
854 2217 1167 2286 ἀλγηδόνων
1223 2220 1659 2290 μαστιγούμενοι
1711 2237 1815 2274 κα·-

223 2312 376 2376 κοτς.
411 2311 634 2382 Μετῆγε
664 2309 722 2365 δι
780 2311 945 2364 πάλιν
979 2312 1128 2381 ἡμᾶς
1179 2316 1241 2366 ἐκ
1302 2313 1401 2381 τῆς
1440 2315 1615 2377 Πανὸς
1678 2314 1816 2383 πρὸς

220 2405 333 2476 τὴν
369 2405 650 2477 ὑπἀὐτὴν
675 2405 891 2478 ὲνορίαν
927 2407 1118 2480 ἕτερον
1158 2406 1260 2477 τῆς
1320 2410 1418 2475 σῆς
1452 2407 1672 2479 ἀνδρίας
1723 2407 1816 2477 ἔγ-

225 2517 453 2572 γραφον
497 2501 797 2573 ίπτάμενον
854 2503 1204 2573 πρόσταγμα.
1262 2503 1453 2556 Ταῦτα
1516 2501 1814 2570 στήσεσθαι

225 2593 360 2655 καθ’
394 2596 554 2669 ήμῶν
607 2595 998 2669 λογιζομένων,
1054 2597 1148 2650 καὶ
1196 2597 1254 2650 τι
1306 2599 1418 2659 τοῖς
1476 2597 1814 2660 καλλινίκοις

226 2685 523 2762 βασιλεῦσι
558 2691 689 2762 περὶ
742 2690 905 2762 ἡμῶν
962 2689 1154 2744 δοκοῦν
1200 2689 1606 2753 ἀναμενόντων,
1669 2689 1814 2754 ἐξαί-

224 2802 379 2858 φνης
414 2785 552 2856 πρὸς
586 2785 756 2857 ἀλλην
788 2784 1005 2855 ὲξορίαν
1035 2784 1158 2839 καθ’
1194 2785 1351 2856 ἡμῶν
1404 2786 1673 2854 τετάρτην
1704 2783 1812 2838 πά-

227 2884 314 2932 λιν
334 2877 572 2946 ἀφειδῶς
602 2877 728 2932 ἄλλο
747 2878 1113 2932 considero.»
1146 2879 1252 2932 Καὶ
1282 2877 1402 2949 μετ’
1420 2879 1599 2948 ὀλίγα·
1629 2895 1646 2929 ι
1671 2875 1816 2930 Ἀλλ’

228 2969 542 3041 ἁρκέσθητι
569 2973 686 3033 τοῖς
714 2972 1157 3041 πεπραγμένοις,
1189 2972 1524 3043 παρακαλῶ,
1581 2971 1676 3022 καὶ
1725 2985 1814 3022 το-

227 3064 447 3124 σαύτας
469 3061 592 3116 καθ’
627 3062 749 3125 ἑνὸς
779 3063 1035 3134 σώματος
1066 3063 1280 3134 ὲξορίις
1312 3063 1540 3134 ὁρίζειν,
1589 3064 1682 3118 καὶ
1712 3065 1812 3135 τῆς

228 3156 327 3211 ἐπὶ
370 3158 482 3220 τοῖς
508 3157 796 3230 ἀναχθεῖσι
820 3157 972 3231 παρὰ
1021 3157 1120 3227 τῆς
1172 3159 1272 3229 σῆς
1305 3158 1809 3229 ι.ιεγςι).οτιρεττιείσις⁸

227 3255 326 3307 διαὶ
367 3252 683 3325 παρ’ὴμῶν
725 3255 783 3307 δὲ
813 3253 882 3306 δι’
914 3248 991 3308 ῶν
1037 3255 1206 3326 ἐχρῆν
1266 3253 1642 3326 γνωρισθῆναι
1699 3257 1813 3317 τοῖς

225 3343 578 3406 καλλινίκοις
617 3343 779 3415 ἡμῶν
830 3342 1117 3413 βασιλεῦσι
1164 3344 1493 3415 δοκιμασίας
1529 3344 1810 3409 ἐπιεικῶς,

225 3437 568 3510 παρακαλῶ,
609 3436 1038 3511 παραχώρησον.
1082 3436 1272 3492 Ταῦτα
1305 3440 1438 3509 παρ’
1475 3437 1628 3510 ἡμῶν
1663 3438 1814 3509 παρὰ

226 3533 448 3602 πατρὶς
487 3531 562 3596 ὡς
602 3533 740 3603 προς
769 3533 883 3585 υἱὸν
916 3531 1402 3602 συμϐουλεύματα.
1439 3532 1579 3586 Είδὲ
1613 3533 1814 3599 ἀγανα-

230 3626 525 3695 κτήσειας,
561 3623 656 3675 ιια1⁵
685 3621 780 3674 νῦν
803 3621 876 3685 ὼς
906 3621 1193 3693 πρότερον,
1238 3622 1449 3692 πρᾶττε
1497 3623 1557 3676 τὺ
1603 3620 1811 3674 δοκοῦν·

232 3717 297 3773 εῐ
331 3735 399 3786 γε
459 3714 553 3769 τοῦ
585 3714 870 3780 δοκοῦντος
896 3714 1052 3784 λόγος
1111 3715 1290 3779 οὐδεὶς
1352 3712 1744 3785 δυνατώτερος.
1789 3733 1808 3766 ε

227 3811 528 3883 Νεστόριος
562 3811 660 3879 μὲν
688 3808 781 3864 οῦν
801 3807 947 3862 οὕτω
973 3813 1075 3863 κάν
1116 3811 1230 3872 τοῖς
1257 3808 1553 3880 γράμμασι
1579 3808 1684 3874 πὺξ
1716 3808 1813 3875 λὰξ

227 3906 413 3970 παίει,
450 3903 644 3975 βαίνει·
697 3904 793 3958 καὶ
846 3901 1016 3974 αὐτὴν
1076 3902 1353 3972 βασίλειον
1406 3902 1681 3970 ἐξουσίαν,
1738 3900 1813 3963 ὼς

226 4002 389 4074 ὁρᾷς,
437 3996 799 4068 βλασφημῶν,
834 3997 1062 4068 μηδέπω
1093 3996 1473 4068 σωφρονήσας,
1516 3997 1812 4052 καὶταῦτα

226 4092 545 4164 τηλικαῦτα
568 4090 781 4146 παθών.
827 4090 1245 4162 Συγγρὰμματιι
1274 4091 1329 4144 δέ
1359 4109 1501 4155 τινος
1558 4090 1812 4162 ἐντυχόν-

227 4206 350 4256 τες,
394 4195 493 4244 καὶ
542 4192 643 4258 τὴν
697 4188 959 4258 τελευτὴν
1014 4187 1230 4239 ἐκείνου
1282 4185 1663 4258 διηγουμένου,
1718 4187 1815 4240 καὶ

227 4280 447 4345 ταύτην
470 4282 536 4352 τῇ
581 4282 876 4349 συγγραφῇ
907 4275 1332 4350 παραδώσομεν·
1388 4277 1541 4347 ἔλεγε
1575 4277 1685 4346 γάρ
1739 4276 1814 4342 ὡς

229 4376 331 4447 τὴν
365 4373 614 4443 γλῶτταν
640 4371 967 4444 διαϐρωθεὶς
1019 4371 1314 4441 σκώληξιν,
1371 4373 1462 4426 ἐπὶ
1513 4372 1584 4425 τὰ
1635 4371 1812 4443 μείζω

229 4470 329 4523 καὶ
360 4466 605 4521 ἀθάνατα
635 4462 996 4535 κολαστήρια,
1021 4464 1122 4526 τὰς
1171 4462 1484 4532 ἀνηκούσας
1535 4463 1814 4517 ἁποτίσων

1918 2220 2112 2276 vinciat
2145 2219 2269 2274 finis
2313 2227 2428 2284 est,
2463 2217 2743 2286 deportari
2788 2217 3091 2273 curaverit.
3143 2215 3212 2272 Et
3255 2230 3379 2270 cum
3425 2213 3492 2267 ad

1914 2313 2060 2369 illam
2094 2329 2192 2384 per
2225 2327 2287 2368 ea
2324 2326 2445 2382 qua:
2472 2310 2714 2367 diximus
2741 2310 3005 2364 militaria
3033 2309 3237 2364 auxilia
3271 2321 3494 2375 rapere-

1918 2424 2064 2474 mur,
2111 2415 2168 2463 et
2217 2406 2424 2476 majore
2461 2404 2677 2460 itineris
2727 2411 2880 2474 parte
2944 2402 3189 2460 confecta
3225 2402 3494 2473 amigere-

1917 2514 2072 2561 mur,
2137 2513 2359 2572 rursum
2419 2511 2446 2552 a
2511 2495 2835 2551 fortitudine
2866 2506 2954 2551 tua
3009 2496 3310 2567 jussioncm
3369 2495 3490 2549 sine

1916 2593 2124 2664 scripto
2159 2592 2493 2663 accepimus,
2534 2600 2596 2646 nt
2638 2591 2694 2646 in
2724 2589 3002 2645 civitatem
3043 2588 3212 2644 Panis
3241 2597 3489 2642 reverte-

1916 2701 2127 2742 remur.
2169 2685 2235 2741 Et
2270 2686 2510 2746 itineris.
2546 2683 2692 2755 quod
2722 2685 2879 2756 jussu
2913 2691 3010 2737 tuo
3043 2697 3487 2753 suchperamus,

1915 2783 2138 2838 casibus
2186 2780 2462 2844 conlecti,
2506 2795 2740 2850 corpore
2789 2781 2982 2834 morbo
3030 2778 3196 2834 simul
3235 2786 3288 2834 et
3335 2776 3494 2832 senio

1914 2874 2279 2939 labefactato,
2313 2887 2534 2929 necnon
2576 2888 2743 2927 manu
2781 2881 2837 2927 et
2879 2872 3054 2926 latere
3096 2871 3398 2935 convulso,
3437 2869 3491 2924 in

1916 2967 2078 3026 Panis
2106 2966 2368 3037 oppidum
2405 2969 2610 3021 reversi
2646 2981 2860 3028 sumus,
2914 2965 3076 3034 520
3125 2965 3312 3020 animo
3351 2979 3492 3033 quo-

1920 3061 2217 3116 dammodo
2250 3061 2350 3115 viae
2387 3059 2675 3114 laboribus
2698 3058 3040 3114 dctleientcs.
3059 3058 3252 3114 Adhuc
3275 3058 3491 3114 crucia—

1919 3158 2064 3215 tibus
2113 3156 2363 3213 dolorum
2411 3155 2810 3226 aﬂligebamur,
2859 3165 2912 3210 et
2961 3154 3023 3209 ad
3077 3156 3224 3210 aliud
3270 3168 3493 3208 rursum

1919 3250 2262 3308 fortitudinis
2299 3260 2404 3306 tua:
2439 3251 2704 3306 advolans
2746 3250 3012 3320 scriptum
3047 3250 3388 3314 mandatum,
3424 3261 3493 3302 ex

1918 3342 2080 3398 Panis
2126 3343 2262 3399 urbe
2308 3342 2361 3397 in
2403 3343 2568 3398 alium
2605 3343 2836 3400 ditionis
2866 3343 2986 3414 ejus
3021 3342 3198 3399 locum
3237 3341 3497 3396 translati

1916 3451 2130 3491 sumus.
2180 3435 2250 3491 Et
2289 3451 2413 3490 cntn
2472 3435 2602 3491 talia
2654 3436 2926 3492 adversus
2983 3451 3082 3488 nos
3123 3435 3490 3503 conquietura

1915 3537 2273 3600 putaremus,
2321 3538 2376 3584 et
2426 3529 2558 3598 quid
2611 3528 2678 3585 de
2730 3528 2887 3583 nobis
2929 3528 3167 3583 victores
3209 3529 3489 3596 principes

1916 3633 2243 3689 statuerent,
2273 3635 2744 3694 exspectaremus,
2774 3622 2923 3678 aliud
2958 3622 3144 3677 subito
3167 3622 3286 3677 sine
3311 3621 3488 3693 gratia

1916 3719 2088 3784 omni,
2120 3719 2186 3774 de
2221 3717 2612 3795 longinquiore
2643 3717 2773 3784 alio,
2810 3727 2866 3773 et
2904 3726 3101 3786 quarto
3136 3719 3240 3787 iam
3271 3716 3488 3781 exsilio,

1917 3811 2231 3868 mandatum
2255 3812 2620 3882 compositum
2649 3821 2753 3865 est.
2789 3831 2805 3864 ι
2838 3810 2902 3864 Ει
2927 3809 3088 3881 paulo
3118 3818 3276 3880 post:
3323 3829 3340 3862 ι
3379 3808 3489 3864 Sed

1914 3908 2206 3978 acquiesce
2239 3905 2458 3959 tandem
2493 3904 2547 3958 in
2587 3905 2668 3959 eis
2702 3919 2820 3974 qum
2862 3901 3004 3957 facta
3050 3911 3199 3969 sunt,
3240 3916 3393 3974 rogo,
3435 3910 3492 3954 et

1917 4010 1996 4057 tot
2025 4001 2294 4055 adversus
2340 4013 2544 4069 corpus
2579 4013 2748 4052 unum
2797 3997 2992 4053 exsilia
3039 3994 3342 4050 decernere
3394 3998 3490 4051 de-

1916 4101 2056 4159 sine,
2094 4105 2152 4150 et
2189 4106 2268 4149 tot
2298 4093 2708 4149 calamitatibus
2737 4107 2860 4149 una:
2895 4106 2925 4145 a
2959 4089 3367 4162 magnificentia
3398 4101 3487 4143 tua

1917 4192 2264 4264 pertulimus,
2290 4200 2592 4249 contentus
2619 4203 2762 4246 esto.
2793 4189 2862 4246 Et
2893 4188 3054 4243 nobis
3081 4201 3183 4258 per
3215 4187 3491 4248 homines,

1915 4303 2055 4358 quos
2107 4287 2406 4351 convenit,
2467 4287 2799 4342 sententiam
2856 4285 3128 4338 victorum
3182 4281 3493 4352 principum

1917 4390 2228 4434 nostrorum
2278 4377 2566 4448 explorare
2598 4376 2932 4440 humaniter,
2969 4389 3174 4446 quaeso,
3211 4375 3490 4444 permitte.

1920 4470 2043 4527 llzcc
2089 4480 2314 4538 nostra,
2352 4471 2522 4526 veluti
2562 4472 2765 4540 patris,
2809 4469 2876 4524 ad
2924 4477 2975 4523 te
3021 4479 3281 4538 tanquam
3319 4469 3496 4522 tilium

234 4561 497 4624 εὐθύνας,
567 4557 775 4612 στένων
837 4559 932 4611 καὶ
1001 4558 1330 4627 ὀδυρόμενος
1401 4556 1808 4628 μετεχώρησεν.

1920 4564 2146 4620 consilia
2175 4574 2328 4620 sunt.
2376 4563 2473 4619 Sin
2515 4579 2578 4619 ea
2610 4563 2834 4634 indigne
2876 4561 3044 4628 feres,
3090 4573 3204 4616 tum
3246 4571 3299 4615 tu
3345 4577 3494 4616 nunc

235 4659 478 4710 Ἔπειτα
503 4653 559 4706 δὲ
590 4654 685 4706 καὶ
719 4651 1001 4714 Θεοδόσιος
1042 4651 1226 4704 οεόθεν
1297 4650 1619 4720 κινούμενος
1667 4649 1812 4705 ἁπά-

239 4765 365 4810 σαις
392 4746 593 4816 ψήφοις
625 4744 716 4797 τὸν
749 4743 924 4813 ἀσεὸἧ
952 4743 1275 4809 κατεδίκαζε
1309 4744 1629 4816 περιεαλὼν
1675 4745 1808 4798 ἀνα-

238 4841 464 4911 Οέματι,
502 4837 645 4891 οὕτω
693 4839 828 4908 πρὸς
864 4837 1011 4905 λέξιν
1043 4838 1471 4909 ἀποφηνάμενος
1525 4840 1584 4894 ιν
1631 4837 1815 4893 διατά-

238 4937 345 5000 ξει,
389 4933 423 5004 ἢ
458 4935 523 5004 τῇ
583 4930 752 5000 βίϐλῳ
785 4929 1168 4985 Ἰουστινιανοῦ
1217 4931 1486 4997 ἔγκειται·
1547 4929 1713 4998 κῶδιξ
1755 4931 1812 4983 δὲ

233 5025 294 5078 τὸ
321 5023 527 5093 βιϐλίον
555 5019 894 5090 ὠνόμασται,
924 5019 1079 5090 τρίτη
1115 5020 1206 5074 τὸν
1260 5021 1498 5091 ἀριθμὸν
1535 5019 1630 5073 τοῦ
1661 5019 1814 5091 πρώ-

234 5132 334 5169 του
392 5111 571 5166 τίτλου
626 5115 994 5181 τυγχάνουσα·
1033 5113 1208 5179 «Ἔτι,
1263 5113 1421 5184 φησι,
1478 5113 1813 5184 Θεσπίξομεν

237 5210 366 5270 τοὺς
399 5206 694 5279 ζηλοῦντας
729 5206 828 5278 τὴν
853 5205 1025 5275 ἀσεϐῆ
1081 5208 1378 5276 Νεστορίου
1436 5207 1641 5273 πίστιν,
1675 5209 1708 5280 ἢ
1744 5211 1811 5281 τῇ

238 5303 488 5374 ἀθεμίτῳ
518 5303 685 5358 αὺτοῦ
716 5303 1041 5375 διδασκαλίᾳ
1092 5304 1546 5372 ἀκολουθοῦντας,
1608 5309 1656 5361 εἰ
1715 5308 1815 5380 μὲν

240 5397 536 5452 ἐπίσκοποι
561 5391 670 5452 εἷεν
704 5398 738 5469 ἢ
780 5398 1061 5471 κληρικοὶ,
1093 5401 1203 5455 τῶν
1263 5403 1577 5474 ἐκκλησιῶν
1618 5404 1817 5458 ἒκὸἀλι

241 5489 454 5544 λεσθαι·
485 5493 534 5545 εί
560 5492 617 5545 δὲ
647 5491 847 5555 λαῖκοὶ,
881 5493 1409 5564 ἀναθεματίζεσοαι.
1449 5515 1466 5549 ι
1529 5497 1736 5561 Πολλὰς
1763 5497 1820 5551 δὲ

244 5585 338 5634 καὶ
385 5583 552 5647 ἄλλας
599 5584 926 5654 νομοθεσίας
989 5585 1092 5656 τῆς
1135 5588 1419 5658 ἡμετέρας
1477 5590 1639 5660 χάριν
1690 5588 1820 5660 θρτϊ·

243 5678 432 5740 casia;
520 5678 764 5747 ἐντίθησι
840 5679 934 5733 τὸν
1029 5682 1157 5750 περὶ
1239 5680 1477 5750 Χριστοῦ
1551 5681 1818 5756 διάπυρον

1925 4672 2182 4729 quoque.
2217 4656 2377 4712 sicuti
2422 4667 2581 4712 antea
2606 4700 2620 4724 ,
2656 4657 2800 4727 quod
2843 4656 3105 4728 placitum
3148 4654 3242 4709 tibi
3280 4663 3384 4720 est,
3415 4655 3495 4711 fa-

1922 4752 2034 4806 cito
2067 4768 2080 4804 :
2128 4751 2404 4821 siquidem
2439 4751 2767 4806 sententiam
2818 4761 2965 4806 tuam
3017 4752 3194 4805 oratio
3225 4751 3371 4805 nulla
3400 4750 3496 4805 lle-

1924 4855 2074 4900 ctcre
2127 4856 2223 4900 aut
2275 4847 2498 4900 vincere
2547 4855 2750 4916 potest.
2807 4863 2825 4896 ι
2881 4843 3170 4900 Nestorius
3217 4844 3384 4914 igitur
3439 4843 3493 4898 in

1923 4938 2120 4993 litteris
2162 4951 2382 5006 quoque
2437 4936 2602 5005 ipsis,
2652 4935 2850 5006 pugnis
2883 4944 2938 4990 et
2983 4935 3228 4990 calcibus
3281 4935 3496 5004 impetit

1923 5042 2088 5100 atque
2133 5031 2392 5092 insultat,
2445 5031 2858 5099 imperatoriam
2914 5029 3084 5085 etiam
3142 5039 3492 5100 potestatem,

1921 5123 2083 5178 sicuti
2116 5122 2293 5186 vides,
2325 5123 2753 5192 blaspbcmans:
2788 5131 2954 5193 atque
2988 5131 3068 5180 tot
3100 5139 3322 5193 quoque
3352 5123 3494 5178 mala

1922 5233 2150 5289 passus,
2195 5234 2303 5273 non
2353 5230 2532 5272 tamen
2579 5217 2874 5288 resipiscit.
2907 5217 3164 5275 Pervenit
3209 5219 3263 5272 in
3301 5233 3493 5274 manus

1923 5327 2072 5366 meas
2114 5312 2378 5381 scriptum
2421 5312 2734 5384 quoddam,
2784 5312 2990 5368 obitum
3023 5313 3142 5382 ejus
3185 5328 3490 5383 exponens.

1921 5422 2085 5480 quem
2129 5418 2185 5461 et
2230 5406 2412 5477 ipsum
2455 5407 2765 5461 litterarum
2812 5407 3185 5462 monumentis
3231 5410 3492 5463 mandare

1919 5502 1975 5556 in
2028 5502 2129 5555 bac
2185 5501 2414 5557 historia
2465 5501 2644 5556 visum
2697 5509 2800 5556 est.
2858 5500 3264 5557 Commemorat
3314 5506 3490 5564 enim,

1920 5592 2106 5663 lingua
2137 5594 2259 5666 ejus
2294 5608 2324 5648 a
2358 5593 2644 5650 vermibus
2679 5609 2928 5658 corrosa,
2955 5592 3404 5664 ingemiscentem
3435 5599 3497 5647 et

1918 5685 2310 5742 lamentantem
2336 5726 2351 5754 ,
2399 5686 2465 5740 ad
2507 5686 2712 5758 majora
2752 5694 2809 5741 et
2845 5686 3180 5756 sempiterna
3217 5683 3494 5756 supplicia

318 5861 393 5934 (1)
437 5865 796 5934 Elepltantina
844 5866 947 5924 8‘20
986 5866 1180 5924 stadiis
1223 5885 1251 5925 a
1316 5868 1521 5927 Thebis
1554 5870 1822 5939 Egt'utiis
1862 5871 2052 5931 distat.
