3946 6196
359 277 502 347 1235
1591 291 2011 352 NICEPHORI
2045 292 2387 354 CALLISTI
3478 274 3658 342 1236

360 395 510 449 varia
548 393 764 450 vivendi
803 395 941 449 ratio
1001 414 1013 449 :
1072 397 1168 453 sed
1227 399 1310 455 ba:
1358 402 1424 455 ad
1478 419 1647 458 unum
1699 409 1971 474 prorsus]

2075 404 2137 474 ἂρ
2159 404 2298 474 ὁμοῦ
2324 403 2572 466 διαζῶσι,
2606 401 2796 473 μηδενὶ
2823 401 2930 454 τῶν
2951 401 3004 462 ἐς
3039 400 3142 467 γῆν
3196 396 3470 451 νευόντων
3527 410 3660 446 xa-

360 489 580 560 pietatis
629 492 791 544 linem
853 499 1122 559 spectant.
1175 491 1406 558 Quidam
1455 511 1690 566 namque
1762 496 1928 552 simul

2075 498 2395 570 ασυρόμενοι
2420 515 2434 528 ’
2462 499 2521 552 ἑν
2541 491 2619 561 οἷς
2645 499 2708 550 οὐ
2759 494 2984 566 χρυσὸς,
3017 493 3137 546 οὖδέ
3179 509 3234 544 τι
3267 491 3376 543 τῶν
3431 486 3664 542 ἄλλων

359 581 568 638 eisdem
595 583 649 636 in
673 582 884 638 mdibus
909 585 1121 650 vivunt,
1153 600 1212 640 re
1245 587 1393 641 nulla
1419 603 1543 657 qua:
1580 588 1838 642 homines
1872 588 1927 641 in

2078 591 2414 655 εταλλικῶν,
2463 590 2583 644 ἀλλ’
2622 588 2735 643 οὐδ’
2796 587 2962 655 ἐσθὴς
3019 586 3322 650 ίδιὸιζουσα,
3378 583 3524 639 οὑδὲ
3596 598 3664 633 τι

361 683 565 728 terram
593 674 854 746 deprimit
882 675 1158 732 distracti.
1206 679 1364 748 Apud
1396 680 1498 734 bos
1532 696 1709 749 neque
1732 695 1930 734 aurum

2075 683 2165 737 λλο
2200 683 2311 737 τῶν
2338 683 2439 737 ὅσα
2470 682 2678 736 σαίνειν
2705 676 2814 734 οἶδε
2863 679 3133 748 γαστέρα.
3182 681 3246 731 Ὃ
3289 679 3399 745 γὰρ
3451 667 3664 734 οἶτος

360 777 464 833 est,
501 783 679 836 neque
707 768 855 822 aliud
898 770 1196 841 quodpiam
1243 773 1560 837 metallum,
1601 773 1698 827 sed
1753 787 1932 843 neque

2075 778 2277 847 ήμερον
2307 775 2595 848 τριϐώνιον
2631 775 2664 845 ἢ
2695 773 2936 842 ἐξωμίδα
2992 771 3174 841 φέρει,
3228 768 3426 839 αὔριον
3493 767 3665 828 ἴδοις

362 863 531 914 Vestis
558 860 790 932 alicujus
814 864 1060 931 propria,
1103 880 1282 934 neque
1310 880 1494 919 rerum
1519 865 1749 919 aliarum
1776 863 1936 935 quid-

2079 888 2106 920 ν
2139 868 2325 936 ἕτερον
2357 867 2776 938 ἀμπεσχόμενον
2811 880 2827 900 ο
2858 864 2934 928 ὡς
2981 862 3298 928 λογίζεσθαι
3338 861 3466 923 ἐνὸς
3543 859 3664 911 καὶ

362 969 551 1023 quam,
606 954 753 1023 quod
810 963 1058 1010 ventrem
1105 957 1440 1012 dcmulceat.
1489 958 1646 1024 Quod
1698 973 1938 1027 namque

2075 961 2169 1015 ,ίαν
2199 959 2461 1030 εἶναιτὴν
2511 960 2734 1014 πάντων
2765 956 2991 1026 ἐσθῆτα,
3024 955 3119 1009 καὶ
3149 955 3248 1025 τὴν
3279 949 3441 1017 αὖθις
3509 951 3666 1012 ἑνὸς

365 1044 531 1102 liudie
562 1044 782 1114 pallium
811 1055 906 1100 aut
937 1047 1220 1110 humerale
1252 1048 1342 1104 bic
1366 1049 1492 1113 fert,
1519 1065 1587 1104 eo
1611 1064 1735 1106 cras
1765 1050 1935 1105 alium

2075 1055 2321 1108 πάντων.
2353 1051 2645 1108 "Arsacias
2677 1050 2834 1121 κοινὴ
2883 1049 3134 1120 τράπεζα
3192 1049 3523 1118 πρόκειται,
3586 1045 3664 1098 οὗ

367 1137 622 1191 indutum
651 1140 961 1209 conspicias
1000 1157 1014 1194 :
1045 1139 1186 1196 adeo
1222 1150 1281 1194 ut
1315 1142 1479 1197 unius
1509 1153 1719 1198 vestem
1767 1159 1935 1198 unam

2075 1146 2362 1216 apuxefat;
2394 1146 2506 1199 τισὶ
2537 1145 2629 1200 καὶ
2659 1143 2927 1205 ποικίλοις
2985 1143 3251 1211 ἐδέσμασι
3297 1139 3366 1193 τὰ
3411 1137 3668 1206 ὕποτά-

365 1231 634 1296 omnium,
693 1243 747 1289 et
799 1250 1019 1293 rursum
1073 1237 1322 1294 omnium
1376 1237 1544 1293 unius
1583 1252 1708 1293 esse
1757 1248 1939 1308 putes.

2075 1253 2206 1310 τρια
2235 1235 2664 1306 γαργαλίζουσα,
2703 1233 2838 1288 ἀλλὰ
2901 1232 3131 1303 βραχέσι
3180 1229 3464 1301 λαχάνοις,
3541 1225 3665 1280 καί

367 1324 636 1380 Omnibus
676 1336 858 1381 autem
883 1331 1195 1396 communis
1218 1331 1546 1400 proponitur
1580 1346 1791 1396 mensa,
1827 1347 1938 1386 non

2079 1347 2187 1383 ισιν
2231 1329 2505 1401 ὀσπρίοις,
2568 1330 2663 1382 καὶ
2723 1327 2972 1388 τούτοις,
3025 1328 3150 1378 ὅσον
3193 1324 3405 1394 ἀποζῇν
3461 1324 3666 1392 μόνον

368 1415 610 1470 conditis
651 1419 930 1488 variisque
967 1430 1024 1476 et
1058 1423 1352 1491 exquisitis
1399 1423 1646 1486 cibariis.
1688 1439 1785 1480 eas
1813 1441 1938 1495 qua:

2075 1424 2386 1495 εξιουμένη.
2415 1425 2612 1479 Κοιναὶ
2633 1423 2691 1476 δὲ
2716 1423 2899 1486 αὑτοῖς
2950 1424 3058 1474 εἱσι
3112 1421 3208 1473 καὶ
3229 1421 3284 1472 αῖ
3317 1420 3457 1488 πρὸς
3493 1417 3664 1470 Θεὸν

369 1508 475 1563 sub
509 1523 702 1566 ventre
737 1523 865 1566 sunt
894 1517 1148 1583 corporis
1177 1527 1358 1586 partes
1384 1518 1451 1571 ad
1501 1517 1786 1573 lasciviam
1818 1519 1943 1573 irri-

2080 1517 2208 1584 ιταὶ,
2229 1519 2297 1570 δι’
2329 1517 2544 1586 ἡμέρας
2577 1516 2671 1567 καὶ
2703 1515 2832 1582 ὅλης
2864 1515 3058 1574 νυκτὸς
3090 1511 3352 1572 πολλάκις
3386 1510 3502 1562 δέει
3545 1507 3666 1560 καὶ

372 1611 515 1666 tans,
550 1604 643 1657 sed
679 1606 865 1674 paucis
883 1608 1213 1677 quibusdam
1244 1609 1493 1666 oleribus
1519 1619 1685 1681 atque
1712 1611 1944 1683 legumi-

374 1695 558 1759 nibus,
594 1708 856 1766 quantmn
892 1701 958 1754 ad
991 1701 1157 1756 vitam
1197 1702 1391 1758 saltem
1435 1705 1773 1760 tolerandam
1803 1705 1937 1759 satis

2048 1609 2472 1679 κατεσταλμένῳ
2509 1607 2587 1677 τῷ
2610 1607 2731 1678 ήθει
2763 1606 3070 1675 γινόμεναι.
3110 1603 3269 1657 Οὕτω
3293 1604 3350 1655 δὲ
3383 1603 3480 1654 καὶ
3517 1603 3661 1662 τοῖς

2052 1703 2235 1764 πόνοις
2269 1702 2410 1768 σφᾶς
2447 1684 2643 1763 αὐτοὺς
2677 1699 3046 1762 ὲκπιέζουςιν,
3074 1697 3147 1760 ὡς
3201 1698 3459 1765 ἄντικρυς
3495 1693 3666 1758 ζῶν-

374 1790 464 1852 sit,
493 1790 750 1846 convivas
780 1793 1082 1862 excipiens.
1117 1795 1453 1851 (Iuntmunes
1480 1796 1670 1851 itidem
1699 1799 1781 1851 eis
1815 1804 1947 1851 sunt

2075 1813 2144 1858 τας
2174 1793 2317 1847 εἶναι
2333 1794 2563 1863 νεκροὺς
2585 1793 2728 1864 ὑπὲρ
2748 1793 2873 1861 γῆν.
2915 1785 3077 1844 Οὗτοι
3104 1791 3161 1844 δὲ
3218 1790 3480 1850 πολλάκις
3547 1789 3664 1840 καὶ

375 1880 442 1934 ad
475 1880 641 1934 Deum
681 1885 1115 1951 supplicationes
1141 1896 1195 1940 et
1231 1903 1444 1958 preces,
1495 1904 1634 1957 quas
1679 1888 1946 1953 interdiu,

376 1983 431 2026 et
461 1990 603 2042 saepe
625 1979 790 2031 etiam
827 1989 988 2034 nocte
1016 1988 1151 2046 tota,
1180 1996 1307 2036 cum
1338 1981 1559 2047 timore,
1599 1982 1787 2037 habitu
1837 1991 1948 2036 sta—

381 2076 549 2135 tuque
599 2071 849 2139 corporis
905 2072 1204 2140 submisso,
1256 2085 1544 2145 peragunt.
1600 2074 1811 2130 Labore
1863 2090 1950 2131 se-

382 2162 531 2230 ipsos
566 2163 640 2216 ita
674 2164 1004 2231 conficiunt,
1040 2176 1098 2220 ut
1131 2167 1380 2223 viventes
1409 2166 1591 2222 adhuc
1636 2183 1803 2236 super
1841 2176 1950 2222 ter-

383 2269 498 2306 ram
555 2265 802 2310 tnortuos
851 2274 1079 2326 prorsus
1132 2275 1254 2315 esse
1309 2261 1481 2316 dicas.
1537 2259 1580 2313 li
1640 2259 1840 2328 saepius
1898 2261 1949 2314 in

389 2345 614 2399 biduum
647 2360 702 2401 et
735 2349 977 2403 triduum
1010 2350 1288 2420 jejunium
1322 2351 1628 2429 proferunt.
1668 2351 1807 2406 Sunt
1852 2353 1949 2420 qui

383 2440 581 2494 diebus
613 2442 878 2511 quinque,
919 2453 974 2500 et
1002 2445 1238 2516 longius.
1278 2447 1461 2500 cibum
1493 2462 1601 2500 non
1630 2448 1907 2518 attingunt
1936 2464 1953 2501 :

387 2529 550 2602 556
569 2548 806 2603 eumque
835 2536 1053 2591 tandem
1087 2537 1422 2592 necessitate
1449 2546 1702 2609 urgente,
1721 2544 1792 2611 et
1832 2537 1955 2606 qui-

386 2621 512 2678 dem
541 2639 666 2678 cum
710 2627 1053 2695 parcimouia
1081 2630 1274 2693 multa,
1304 2642 1554 2686 sumunt.
1601 2629 1786 2700 Aliqui
1823 2645 1956 2685 vero

387 2720 610 2778 diverso
638 2720 707 2773 ab
737 2721 821 2773 eis
845 2721 942 2790 qui
978 2721 1054 2775 ita
1087 2723 1250 2777 simul
1286 2724 1480 2777 vivunt
1512 2723 1700 2788 modo,
1747 2724 1958 2793 seipscs

388 2828 417 2865 a
465 2813 651 2867 multis
695 2823 1089 2883 segregantes,
1159 2815 1389 2871 solitarii
1450 2817 1694 2886 degunt,
1745 2818 1961 2888 exiguis

393 2906 628 2962 maxime
686 2907 931 2961 adiculis
982 2924 1041 2963 se
1099 2909 1465 2975 includentes,
1524 2927 1648 2980 qua:
1704 2927 1768 2966 ea
1831 2924 1961 2966 sunt

391 2996 685 3054 latitudine
715 3009 770 3052 et
803 2999 1119 3065 altitudine,
1174 3013 1233 3057 ut
1285 3019 1465 3074 neque
1514 3005 1730 3061 directe
1783 3015 1958 3070 stare,

2047 1888 2131 1951 δὶς
2162 1888 2260 1942 καὶ⁸
2287 1889 2407 1960 τρὶς
2441 1887 2808 1958 ὑπερθέμενοι
2845 1885 2954 1939 τῶν
2995 1884 3216 1954 ἡμερῶν
3249 1899 3265 1912 ·
3316 1883 3424 1935 εἰσὶ
3471 1882 3541 1934 δὲ
3602 1876 3664 1931 οἶ

2051 1979 2146 2032 καὶ
2207 1980 2512 2048 πεμπταῖοι
2572 1977 2666 2030 καὶ
2724 1974 2860 2047 πρὸς
2917 1972 3258 2028 διατελοῦσιν
3316 1973 3604 2039 ἄγευστοι
3640 1986 3658 1999 ·

2056 2072 2208 2140 μόλις
2238 2072 2297 2124 δὲ
2347 2071 2456 2123 τῶν
2485 2069 2803 2135 ἀναγκαίων
2837 2067 2934 2120 καὶ
2988 2066 3198 2119 τούτων
3245 2065 3418 2134 φειδοῖ
3461 2063 3662 2131 πολλῇ

2054 2164 2336 2219 ἅπτονται.
2372 2163 2558 2216 Ἄλλοι
2585 2161 2632 2215 δ’
2666 2161 2760 2215 ἀπ’
2790 2161 3038 2222 ἐναντίας
3067 2160 3180 2221 τοῖς
3204 2156 3464 2226 ὁμιλαδὸν
3508 2173 3659 2208 συν-

2053 2258 2296 2312 οικοῦσιν
2335 2259 2529 2321 ίόντες,
2586 2256 2727 2325 σφᾶς
2756 2254 2958 2320 αὐτοὺς
2999 2252 3110 2306 τῶν
3166 2250 3378 2303 πολλῶν
3401 2251 3662 2318 ἀποκρὶ-

2059 2369 2266 2415 νοντες,
2297 2351 2419 2404 καθ’
2439 2352 2668 2412 ἑαυτοὺς
2696 2348 2972 2409 διαζῶσιν,
2997 2347 3263 2409 οίκίσκοις
3291 2346 3399 2398 τισὶ
3425 2344 3656 2414 βραχυ-

2063 2448 2252 2511 τάτοις
2308 2446 2535 2507 ἑαυτοὺς
2599 2445 2899 2514 εἴργοντες,
2933 2441 3027 2495 ἐπὶ
3057 2441 3218 2494 τόσον
3250 2439 3463 2510 εὐρυνα
3493 2439 3658 2498 ένοις

2057 2539 2154 2595 καὶ
2182 2541 2260 2603 είς
2291 2536 2424 2609 ὕψος
2450 2535 2860 2608 ἐκφερομένοις,
2893 2535 2968 2599 ὡς
2995 2535 3121 2604 μηδ’
3143 2532 3505 2602 ἀνορθοῦσθαι
3527 2525 3657 2582 οἷόν

2057 2649 2116 2686 τε
2144 2632 2357 2694 καὶτὰς
2409 2630 2613 2692 κλίσεις
2638 2627 2885 2698 εὐχερῶς
2921 2629 3180 2697 πράττειν
3214 2640 3228 2654 ·
3261 2625 3557 2694 σπηλαίοις
3591 2623 3656 2676 δέ

2057 2743 2168 2780 τισι
2193 2725 2288 2777 καὶ
2317 2727 2412 2794 τῆς
2443 2725 2546 2792 γῆς
2570 2723 2688 2782 ταῖς
2716 2721 2901 2786 ὀπαῖς,
2991 2737 3160 2791 φησιν
3203 2722 3232 2774 ὁ
3288 2717 3653 2783 Ἀπόττολος,

2059 2815 2506 2890 ἐμφωλεύοντες
2558 2817 2607 2870 οί
2650 2815 2695 2870 δ’
2765 2814 3025 2884 ὕπαιθροι
3083 2814 3300 2885 θηρίοις
3361 2811 3656 2863 συνοικίαν

2061 2912 2343 2974 ποιοῦντες
2379 2925 2394 2940 ·
2421 2910 2469 2961 οί
2504 2909 2560 2963 δὲ
2609 2909 2707 2963 καὶ
2748 2906 3120 2980 ἀτεκμάρτοις
3154 2907 3261 2960 ὑπὸ
3304 2906 3412 2974 γῆν
3442 2907 3653 2968 οἰκίαις

2062 3004 2412 3076 κεχρημένοι,
2445 3004 2563 3057 ἐκεῖ
2593 3000 2658 3072 δὴ
2695 3002 2845 3072 μόνοι
2888 3000 3036 3071 μόνῳ
3080 2999 3448 3071 προσλαλοῦσι
3499 2999 3651 3066 θεῷ.

395 3105 574 3160 neque
611 3090 769 3147 facile
804 3097 1008 3149 cubare
1055 3096 1286 3164 possint,
1315 3097 1596 3166 speluncis
1624 3099 1955 3168 quibusdam

2075 3103 2239 3172 ’Δτὰρ
2257 3100 2321 3173 δὴ
2348 3100 2445 3154 καὶ
2475 3099 2666 3171 ἕτερον
2689 3094 2831 3162 εῐδος
2857 3101 2925 3169 τῇ
2956 3099 3086 3170 περὶ
3110 3098 3248 3152 Θεὸν
3279 3100 3489 3169 στροφῇ
3521 3096 3654 3150 τοῦ-

393 3192 451 3246 et
482 3193 639 3239 teme
674 3187 954 3252 cavernis,
984 3189 1148 3249 sicuti
1178 3189 1475 3259 Apostolus
1523 3192 1704 3262 inquit
1737 3194 1776 3260 ¹,
1809 3193 1964 3247 incu-

397 3277 614 3332 bantes.
648 3278 912 3337 Nonnulli
952 3281 1058 3336 sub
1113 3283 1206 3336 dio
1254 3299 1380 3339 cum
1438 3286 1571 3341 l’eris
1627 3286 1963 3353 habitantes,

395 3367 564 3440 aliqui
598 3385 729 3428 vero
754 3373 989 3430 occultis
1018 3377 1122 3430 sub
1154 3387 1298 3430 terra
1335 3377 1592 3448 hospitiis
1623 3387 1861 3443 utentes,
1890 3378 1964 3433 ibi

397 3477 524 3516 cum
577 3465 697 3520 solo
762 3466 1161 3536 colloquuntur
1227 3469 1360 3524 Deo.
1425 3469 1630 3525 Verum
1685 3473 1969 3526 enimvero

399 3554 547 3608 aliud
584 3572 806 3626 quoque
833 3574 1006 3627 genus
1037 3561 1486 3617 conversationis
1519 3562 1720 3618 divinae
1757 3563 1827 3618 ab
1861 3564 1970 3618 illis

403 3648 778 3717 excogitatum
815 3661 921 3714 est,
953 3654 1100 3724 quod
1133 3670 1298 3709 omne
1344 3655 1526 3712 virilis
1564 3658 1887 3713 constantiae
1916 3668 1972 3713 et

402 3740 745 3798 fortitudinis
766 3748 1048 3813 Specimen
1072 3747 1234 3819 longe
1259 3760 1504 3819 superat.
1530 3749 1588 3805 ln
1614 3750 1969 3807 solitudinem

401 3835 549 3890 enim
585 3838 881 3905 quamdam
909 3839 1025 3895 sole
1055 3840 1307 3896 adustam
1351 3855 1410 3896 se
1437 3841 1725 3911 abdentes,
1756 3854 1812 3899 et
1850 3860 1971 3899 eam

404 3928 577 3982 solam
628 3931 879 3998 corporis
926 3943 1138 4003 partem
1195 3949 1358 4004 quam
1411 3945 1625 3992 natura:
1673 3938 1976 3994 necessitas

410 4032 607 4076 tectam
640 4039 766 4080 esse
798 4027 938 4092 vult,
971 4027 1237 4090 velantes,
1277 4045 1385 4084 non
1419 4030 1520 4086 viri
1560 4033 1745 4096 modo,
1779 4033 1873 4088 sed
1920 4044 1979 4089 et

409 4115 651 4176 l'eminte.
686 4120 879 4172 eodem
916 4120 1058 4174 inter
1095 4135 1154 4175 se
1187 4120 1309 4175 vita:
1356 4123 1609 4178 instituto
1656 4135 1979 4179 concertan-

412 4218 515 4269 tes,
546 4209 754 4268 nullam
793 4211 989 4281 reliqui
1022 4215 1274 4282 corporis
1303 4226 1502 4285 gerunt
1527 4231 1715 4271 curam
1737 4259 1751 4283 ,
1785 4217 1980 4290 frigori

414 4302 621 4370 ingenti
661 4313 827 4373 atque
854 4306 1037 4371 aestui,
1083 4307 1364 4375 variisque
1397 4311 1543 4366 aeris
1579 4313 1982 4370 mutationibus

413 4396 626 4466 seipsos
674 4397 1108 4464 committentes,
1153 4401 1396 4470 algorem
1441 4403 1594 4474 juxta
1635 4414 1691 4459 et
1738 4404 1979 4461 calorem

415 4490 692 4554 tolerant,
725 4500 780 4544 et
819 4492 1016 4560 quovis
1045 4493 1190 4560 loco,
1231 4495 1301 4550 ita
1327 4507 1386 4550 ut
1422 4513 1543 4552 sors
1571 4497 1717 4565 tulit,
1748 4508 1895 4554 stant
1927 4509 1983 4555 et

413 4583 621 4637 cubant
657 4599 672 4637 :
707 4584 969 4655 onmique
1001 4587 1243 4643 humano
1269 4590 1531 4644 alimento
1562 4591 1788 4648 omnino
1819 4608 1983 4661 repu-

415 4676 591 4738 diato,
620 4676 813 4731 berbis
841 4678 1175 4747 quibusdam
1216 4689 1274 4735 et
1320 4681 1618 4746 radicibus,
1650 4698 1789 4753 quas
1835 4677 1988 4738 terra

415 4783 514 4821 sua
548 4777 744 4838 sponte
790 4768 919 4833 fert,
946 4770 1142 4826 vivunt
1174 4792 1186 4824 :
1225 4772 1318 4841 qui
1347 4771 1513 4826 etiam
1543 4773 1614 4828 ab
1641 4774 1982 4842 ejuscetnodi

420 4865 597 4918 victus
641 4880 841 4932 genere
893 4865 1104 4933 βοετκοί,
1156 4867 1258 4920 boc
1303 4876 1407 4932 est,
1457 4867 1810 4935 pabulatores
1855 4867 1989 4922 dicti

419 4967 565 5012 simt.
600 4957 681 5011 llli
711 4958 876 5012 etiam
913 4970 1160 5028 tempore
1193 4960 1310 5027 ipso
1338 4961 1519 5028 specie
1542 4975 1734 5015 eorum
1760 4970 1990 5025 mutata,

421 5050 552 5105 l‘cris
588 5052 990 5118 assimilantur,
1022 5063 1079 5108 et
1125 5066 1365 5107 mentem
1417 5069 1636 5124 quoque
1683 5069 1711 5107 a
1763 5054 1992 5121 reliquis

426 5144 746 5199 hominibus
769 5145 1006 5200 alienam
1035 5148 1307 5202 obtinent.
1342 5145 1490 5212 Quos
1519 5147 1564 5202 si
1598 5147 1820 5216 quando
1849 5147 1994 5201 forte

424 5238 724 5307 conspicati
767 5239 992 5306 fuerint,
1042 5241 1278 5309 fugiunt.
1329 5241 1484 5308 Quod
1536 5241 1580 5294 si
1630 5241 1794 5293 etiam
1850 5239 1995 5292 inse-

428 5344 688 5399 quentem
720 5336 1037 5404 quempiam
1067 5337 1329 5400 sentiant,
1361 5335 1600 5389 celerius
1635 5349 1693 5388 se
1727 5333 1779 5386 in
1828 5332 1996 5402 pech

428 5425 750 5494 conjiciunt,
783 5440 1008 5497 propter
1036 5431 1312 5486 levitatem
1339 5445 1566 5499 prorsus
1589 5430 1645 5482 in
1673 5444 1800 5483 aere
1829 5428 2000 5483 subli-

430 5530 545 5569 mes
576 5516 844 5574 volantes.
881 5521 1285 5592 Nonnunquam
1316 5536 1534 5591 quoque
1568 5523 1844 5575 inaccessa
1894 5521 1997 5573 sub

434 5619 578 5663 terra
611 5609 728 5662 loca
764 5611 1102 5679 subeuntes,
1139 5614 1324 5670 subito
1372 5613 1656 5683 disparem
1693 5629 1705 5665 :
1748 5611 2002 5682 plurimi-

517 5799 533 5845 δ
560 5797 728 5864 ιιςιτ.
763 5813 838 5871 si,
872 5798 958 5854 '57.

2066 3213 2178 3259 τοις
2210 3194 2578 3263 ἐπινενόηται,
2601 3192 2802 3262 δεῖγμα
2837 3192 3022 3262 πάσης
3051 3190 3275 3262 ἀνδρίας
3313 3197 3405 3244 καὶ
3449 3208 3655 3260 καρτε-

2072 3287 2192 3360 ρίας
2228 3286 2284 3338 ὲν
2319 3284 2556 3354 δευτέρῳ
2596 3281 2770 3337 τιθέν.
2837 3281 2964 3337 Ἐπὶ
3029 3283 3139 3351 γάρ
3188 3299 3294 3334 τινι
3330 3281 3524 3350 ἐρήμῳ
3572 3278 3653 3345 τῷ

2072 3376 2303 3448 φλογμῷ
2323 3376 2416 3430 τοῦ
2446 3375 2600 3447 ήλίου
2624 3371 3023 3443 ὲκκεκαυμὲνοι
3055 3372 3196 3440 σφᾶς
3215 3371 3527 3437 διαφέντες,
3555 3369 3656 3422 καὶ

2072 3469 2140 3524 τὰ
2168 3469 2272 3539 τῆς
2299 3471 2513 3539 φύσεως
2540 3467 2600 3532 ἐξ
2626 3465 2926 3535 ἀναγκαίου
2962 3462 3416 3534 περιστέλλεσθαι
3452 3461 3650 3516 citabo"—

2071 3583 2141 3620 τα
2176 3565 2315 3634 μόνα
2348 3559 2868 3632 περικαλύπτοντες,
2912 3557 3011 3610 οὐκ
3047 3555 3245 3626 ἄνδρες
3303 3555 3484 3623 μόνον,
3514 3553 3656 3608 ἀλλᾶ

2074 3657 2168 3712 καὶ
2195 3654 2395 3725 γύναια
2424 3652 2562 3724 πρὸς
2587 3651 2689 3723 τὴν
2715 3651 2838 3722 ἴσην
2865 3649 3144 3703 πολιτείαν
3166 3643 3652 3716 ἁνθαμιλλὼμενα,

2075 3752 2135 3806 τὸ
2159 3748 2348 3803 λοιπὸν
2421 3747 2554 3801 ἐῶσι
2613 3745 2776 3814 σῶμα
2839 3741 3179 3815 προμηθείας
3249 3739 3430 3810 πάσης
3471 3740 3650 3801 ἐκτὸς.

2075 3845 2310 3916 κρυμοῖς
2337 3841 2604 3908 ἐξαισίοις·
2649 3839 2748 3893 καὶ
2787 3836 3016 3891 καύσονι
3065 3835 3160 3888 καὶ
3211 3836 3331 3898 ταῖς
3376 3833 3656 3893 ποικίλαις

2078 3939 2173 3992 τοῦ
2203 3937 2361 4007 ἀέρος
2399 3932 2728 4007 μεταϐολαῖς
2782 3928 3012 3992 ᾶαυτοῦς
3063 3925 3385 3992 ἐκδιδόντες,
3431 3927 3490 3978 ἐν
3553 3925 3656 3992 [sip

2079 4033 2174 4086 καὶ
2196 4033 2364 4101 κρύος
2399 4029 2495 4082 καὶ
2535 4025 2864 4088 θάλποςκαὶ
2898 4022 3089 4076 στάσιν
3112 4020 3205 4072 καὶ
3238 4019 3419 4072 κλίσιν
3440 4017 3530 4070 ἐπὶ
3561 4015 3654 4069 τοῦ

2079 4122 2333 4192 τυχόντος
2358 4117 2669 4186 ποιούμενοι
2707 4130 2722 4146 ·
2749 4113 2931 4168 πᾶσαν
2960 4108 3006 4163 δ’
3029 4106 3382 4180 ἀνθρωπίνην
3435 4109 3655 4160 ἀποσει-

2081 4220 2265 4289 όμενοι
2292 4213 2497 4278 τέλεον,
2523 4211 2680 4270 πόαις
2712 4207 2824 4260 τισὶ
2853 4204 2946 4257 καὶ
2978 4203 3161 4276 ῥίζαις
3190 4201 3257 4262 ἃς
3283 4200 3318 4271 ἡ
3371 4199 3445 4270 γῆ
3495 4199 3654 4252 αὐτο-

2088 4313 2270 4383 μάτως
2314 4306 2560 4360 ἐκδίδωσι
2607 4304 2900 4372 τρέφονται
2932 4312 2948 4327 ·
2999 4296 3050 4350 οἳ
3112 4297 3204 4350 καὶ
3246 4295 3446 4347 Βωκοὶ
3488 4292 3653 4362 ὄνομα

2089 4407 2246 4478 ἔσχον
2267 4400 2354 4474 ¹τῷ
2377 4399 2564 4470 τοιῷδε
2595 4397 2698 4467 τῆς
2724 4393 2873 4464 ζωῆς
2905 4389 3184 4463 πορισμῷ.
3217 4388 3325 4443 Καί
3353 4405 3418 4456 γε
3452 4385 3655 4457 θηρίοις

2089 4501 2168 4567 τῷ
2198 4499 2378 4569 χρόνῳ
2422 4489 2842 4563 ἀφομοιοῦνται,
2898 4483 3394 4557 παρατρεπομένης
3442 4481 3540 4553 μὲν
3564 4479 3655 4544 τῆς

2094 4593 2264 4657 ῖδέας,
2298 4590 2396 4659 τῆς
2423 4588 2480 4641 δὲ
2508 4584 2738 4655 γνώμης
2796 4578 3064 4651 μηδαμῶς
3094 4575 3502 4646 συμϐαινούσης
3551 4571 3657 4632 τοῖς

2091 4685 2298 4745 λοιποῖς
2327 4680 2436 4734 τῶν
2472 4675 2775 4746 ἀνθρώπων
2804 4690 2820 4704 ο
2865 4669 2960 4734 οὓς
2995 4670 3091 4723 καὶ
3126 4670 3182 4721 εί
3232 4685 3364 4721 ποτε
3420 4664 3653 4735 συμϐαίη

2095 4765 2419 4838 θεάσασθαι,
2486 4766 2961 4838 διαδιδράσκουσιν
2988 4779 3001 4792 ·
3039 4761 3171 4815 εἰδὲ
3221 4761 3315 4813 καὶ
3359 4762 3538 4829 γνοῖεν
3582 4759 3656 4811 ὅτι

2090 4871 2391 4931 διώκοιντο,
2430 4862 2727 4932 ἐπιμᾶλλον
2751 4859 2830 4928 τῷ
2852 4857 3006 4927 τάχει
3035 4857 3333 4926 κέχρηνται
3364 4854 3474 4906 τῶν
3490 4851 3656 4904 ποδῶν

2093 4965 2352 5032 ἄντικρυς
2413 4957 2646 5025 αἰθέριοι
2687 4956 2751 5024 τῇ
2784 4952 3077 5019 λεπτότητι
3116 4948 3478 5018 διιπτάμενοι.
3513 4945 3656 4997 Ἐστι

2093 5053 2138 5108 δ’
2170 5054 2257 5105 ὅτε
2290 5053 2384 5105 καὶ
2429 5046 2784 5117 δυσεμϐόλοις
2830 5041 3049 5111 χωρίοις
3082 5038 3194 5092 τῶν
3236 5037 3346 5091 ὑπὸ
3395 5036 3497 5105 γῆν
3531 5036 3659 5102 ἁφα-

2095 5149 2209 5208 νείς
2232 5140 2572 5210 γίνονται,τὺ
2594 5135 2778 5190 λαθεῖν
2803 5131 2949 5186 οὕτω
2972 5129 3213 5202 βιοῦντες
3250 5131 3383 5198 περὶ
3413 5127 3657 5178 πλείστου

2104 5237 2418 5304 ποιούμενοι
2453 5248 2469 5265 ο
2495 5230 2592 5284 καὶ
2623 5231 2814 5296 ἕτερον
2843 5225 2901 5278 δὲ
2930 5222 3069 5284 εἶδος
3102 5223 3388 5296 ἀσκήσέεως
3417 5219 3659 5290 διηγήσο-

2108 5348 2228 5401 μαι,
2257 5330 2284 5381 ὃ
2312 5325 2510 5398 μικροῦ
2542 5339 2611 5394 με
2645 5319 2918 5388 διέδρασε,
2959 5317 3140 5369 καίτοι
3171 5330 3236 5381 γε
3285 5313 3353 5365 τὰ
3406 5310 3660 5380 πρεσϐεῖα

2105 5426 2246 5478 κατὰ
2289 5423 2510 5474 πάντων
2543 5417 2807 5489 φέρεσθαι
2837 5415 3050 5468 δίκαιον
3079 5412 3203 5480 ἕχον
3226 5424 3242 5440 ·
3283 5409 3340 5460 ὲν
3368 5406 3660 5476 ἐλαχίστοις

2104 5519 2161 5571 δὲ
2201 5515 2434 5584 μάλιστα
2453 5513 2511 5565 τὸ
2534 5513 2774 5566 τοιοῦτον
2799 5509 3103 5578 ἐγγίνεται.
3144 5506 3264 5559 Εἰσὶ
3293 5504 3403 5573 γὰρ
3435 5501 3500 5570 δή
3529 5512 3661 5559 τινες

2105 5609 2182 5676 οἳ,
2215 5609 2356 5661 ἐπὰν
2391 5605 2481 5660 διὰ
2506 5603 2717 5659 πολλῶν
2760 5601 2972 5674 μόχθων
3004 5601 3100 5668 τῆς
3133 5595 3334 5668 ἀρετῆς
3354 5594 3414 5648 τὸ
3444 5590 3660 5650 ἀπαθεῖς
