3946 6196
256 291 289 348 1
300 284 403 347 231

1222 298 1822 363 Et'ZCl.ESlASTlC.~E
1865 303 2249 365 ΗΙΒΤΟΒΙΕ
2289 304 2440 366 LIB.
2482 305 2632 367 XIV.

3372 294 3503 358 1238

247 396 406 454 εἶναι
435 400 827 473 κληρώσαιντο.
878 406 1009 477 πρὸς
1054 409 1144 462 τὶν
1196 414 1400 482 κόσμον
1468 415 1838 485 ἐπανήκουσιν

1942 433 2048 485 que
2100 418 2190 480 id,
2226 418 2269 471 si
2312 418 2385 474 ita
2434 419 2603 472 vitam
2659 416 2925 470 ducentes
2972 414 3211 479 lateant,
3270 414 3500 468 farciunt.

249 486 447 554 αὖθις.
478 494 841 566 Παραφόρους
878 497 924 550 δ’
953 501 1183 565 ἑαυτοὺς
1216 501 1357 559 εἷται
1400 509 1498 577 ιιχῆ
1508 510 1640 578 μασί
1694 527 1836 564 τισιν

246 585 522 650 ἀτάκτοις
570 586 1058 661 ἐπαγγελλόμενοι,
1114 594 1261 648 οὕτω
1318 599 1416 669 τὴν
1471 601 1633 671 κενὴν
1674 601 1836 667 δόξαν

258 678 716 748 περιφρονοῦσιν.
784 683 882 737 Ὃν
936 686 1249 741 τελευταῖον
1316 691 1554 761 χιτῶνα,
1610 694 1836 749 Πλάτων

244 772 429 840 φησιν
456 775 489 826 ὁ
520 774 834 845 φιλόσοφος,
886 781 918 848 ἡ
983 778 1131 851 ψυχὴ
1171 784 1413 854 πέφυκεν
1456 787 1834 845 ἀποτίθεσθαι.

246 867 370 920 Καί
420 884 487 937 γε
558 871 945 943 φιλοστφοῦσιν
1017 878 1312 944 ἀπάθειαν,
1380 881 1609 947 ἀπαθῶς
1673 884 1837 956 δῆθεν

245 958 553 1029 ἐσθίοντες,
588 965 693 1019 κᾶν
728 967 787 1020 ὲν
818 970 1101 1042 καπηλείῳ
1146 974 1178 1040 ἢ
1214 977 1569 1049 μαστροπείῳ
1598 979 1646 1031 εί
1673 978 1834 1032 τοῦτο

240 1051 441 1123 δεήσοι
467 1055 623 1126 δρᾷν,
647 1055 772 1112 οὔτε
808 1062 1098 1132 πρόσωπον
1122 1060 1269 1121 οὗτοι
1292 1067 1361 1122 δι’
1392 1070 1573 1135 αίδοῦς
1615 1073 1835 1143 τιθέμε-

243 1161 359 1198 νοι.
404 1146 811 1216 Προσσάλλουσι
841 1151 895 1206 δι
916 1153 1113 1226 ἀθρόον
1141 1158 1234 1212 καὶ
1264 1158 1569 1229 βαλανείοις
1615 1164 1835 1233 γυναιξὶ

246 1237 635 1308 συλλούμενοι,
669 1242 932 1311 πολλάκις
996 1248 1423 1322 εὕρισκομέναις
1449 1257 1544 1308 καὶ
1578 1255 1653 1319 ὡς
1683 1256 1835 1325 έχου-

246 1347 310 1383 σι
347 1333 585 1401 φύσεως,
618 1336 714 1390 καὶ
744 1339 843 1392 σὺν
900 1340 1140 1408 ἐκείναις
1195 1344 1532 1411 αὐλίζονται.
1579 1349 1736 1404 Οὕτω
1775 1350 1832 1404 δὲ

245 1426 366 1478 τῶν
389 1428 578 1483 παθῶν
612 1432 1006 1505 περιγίνονται,
1035 1438 1111 1502 ὡς
1142 1440 1237 1493 καὶ
1263 1439 1363 1511 τῆς
1397 1444 1639 1513 φυσικῆς
1664 1445 1834 1517 ὕπερ-

246 1520 474 1575 κεῖσθαι
504 1524 810 1594 δυνάμεως,
842 1530 937 1581 καὶ
963 1534 1247 1599 τυραννεῖν
1276 1534 1448 1606 αὑτήν
1478 1552 1496 1569 ο
1534 1536 1649 1592 οὔτ’
1689 1539 1834 1610 ὕψει,

244 1612 383 1667 οὔτε
413 1615 549 1685 ἀφῇ,
581 1616 765 1687 πολλῷ
790 1635 855 1688 γε
910 1620 1018 1692 μὴν
1049 1622 1235 1689 αὐτοῖς
1264 1626 1537 1699 φιλήμασι
1569 1634 1835 1703 τεχνικοῖς

246 1709 349 1758 καὶ
382 1709 744 1776 περιπλοκαῖς
760 1713 879 1774 ταῖς
901 1712 996 1766 τοῦ
1023 1713 1215 1782 θήλεος
1240 1718 1374 1789 πρὸς
1398 1720 1466 1774 τὰ
1491 1722 1591 1792 τῆς
1618 1726 1835 1791 φύσεως

249 1794 657 1865 ἀποκρίνεσθαι
690 1798 963 1869 ίδιώματα
987 1817 1000 1831 ⁸
1028 1803 1149 1857 ἀλλ’
1197 1783 1399 1861 ὡσανεὶ
1456 1783 1584 1879 μετ’⁷
1623 1783 1835 1884 ἀνδρῶν
1871 1783 1912 1835 Β

248 1889 654 1960 διατρίϐοντας,
685 1892 883 1961 ἄνδρας
925 1888 1088 1961 εἶναι,
1123 1898 1345 1967 γυναιξὶ
1372 1899 1420 1956 δ’
1465 1901 1622 1968 αὖθις
1660 1922 1833 1978 προσ-

248 1983 599 2051 ο;ιιλοῦντας,
653 1991 920 2053 γυναῖκας
954 2005 969 2022 ο
1006 1989 1221 2060 φύσεώς
1271 2010 1333 2048 τε
1374 1995 1644 2069 ἑκατέρας
1676 2001 1839 2070 μετέ-

253 2092 472 2144 χοντας,
497 2077 673 2133 δοκεῖν
696 2074 838 2135 εἶναι
870 2084 960 2136 ἐπὶ
995 2086 1127 2155 μιᾶς
1158 2101 1174 2117 ·
1215 2087 1310 2141 καὶ
1340 2088 1493 2154 τέλος
1542 2092 1740 2160 εἰπεῖν,
1778 2094 1840 2148 έν

254 2167 333 2239 τῷ
370 2170 601 2243 τοιούτῳ
633 2173 907 2244 ὑπερφυεῖ
939 2176 1041 2249 βίῳ
1068 2179 1167 2249 τὴν
1199 2181 1401 2253 ἀρετὴν
1438 2170 1837 2257 ἀντιπράττου-

255 2280 359 2316 σαν
400 2262 563 2333 φύσει
589 2267 905 2338 καταπῆξαι
939 2271 1159 2339 νόμους,
1211 2272 1341 2329 ὥστ’
1386 2278 1446 2331 ἐν
1486 2277 1679 2348 μηδενὶ
1728 2279 1840 2333 τῶν

254 2355 577 2422 ἀναγκαίων
604 2358 817 2424 ἐφεῖναι
858 2361 1031 2433 αὐτὴν
1080 2364 1243 2436 κόρον
1302 2369 1474 2437 σχεῖν.
1524 2369 1725 2441 Πεινῇν
1780 2372 1839 2425 δὲ

256 2449 439 2503 πάντα
470 2450 567 2503 καὶ
594 2451 778 2524 διψῇν,
808 2456 903 2509 καὶ
935 2456 1007 2510 δι’
1035 2458 1366 2529 ἐγκρατείας
1407 2461 1565 2533 ἥκειν
1618 2463 1839 2536 ἀπάσης

253 2545 286 2596 ὁ
318 2544 469 2613 σφῶν
494 2545 659 2613 νόμος
683 2549 987 2613 νομοθετεῖ.
1033 2549 1160 2605 Ἐπὶ
1186 2552 1342 2607 τόσον
1370 2554 1424 2607 δὲ
1456 2557 1550 2609 καὶ
1576 2557 1641 2610 τὸ
1676 2558 1839 2630 σῶμα

257 2638 638 2707 περιστέλλειν
669 2640 869 2710 ὁρίζει,
891 2644 1014 2698 ὅσον
1038 2644 1131 2715 βίᾳ
1168 2647 1269 2717 τὴν
1290 2650 1536 2720 ἀνάγκην
1568 2652 1837 2724 συνέχειν.

258 2730 372 2783 Καὶ
404 2731 496 2785 ἐπὶ
522 2732 682 2787 τόσον
715 2737 902 2799 αὐτοῖς
921 2736 1329 2809 ἡκριῦωμένοις
1378 2743 1641 2813 σταθμοῖς
1687 2746 1840 2800 ἀντι-

258 2823 671 2892 ταλαντεύεται,
702 2824 778 2889 ὡς
807 2827 873 2879 ὲκ
924 2828 1220 2900 διαμέτρου
1266 2832 1559 2902 χωροῦσιν,
1612 2837 1839 2891 ἀνεπαί-

264 2916 464 2985 σθητον
496 2917 683 2981 αὐτοῖς
716 2917 819 2989 τήν
854 2920 1030 2991 ῥοπὴν
1055 2922 1405 2979 καθεστάναι.
1437 2925 1544 2978 Καὶ
1573 2927 1732 2981 τόσον
1772 2927 1837 2998 δὴ

257 3009 522 3063 τάναντία
555 3013 755 3081 κρατεῖ
779 3013 911 3085 παρ’
944 3015 1130 3077 αὐτοῖς
1158 3017 1255 3069 καὶ
1304 3016 1601 3089 ὑπερφυῶς
1637 3021 1838 3092 κέκρα-

1942 509 2103 565 Aliud
2143 520 2409 580 pratterea
2464 510 2752 565 monastiei
2804 509 3052 563 exuri-itii
3106 524 3299 577 genus,
3355 509 3501 577 quod

1939 617 2132 671 parum
2164 602 2339 661 abluit
2375 604 2508 673 quin
2542 602 2900 672 praeterirem,
2934 602 3400 654 cmnmemoraho.
3445 599 3502 651 Id

1941 709 2055 763 prae
2086 693 2208 749 aliis
2240 694 2442 748 merito
2486 696 2691 763 primas
2742 693 2888 748 ferre
2936 702 3218 757 censetur,
3262 701 3318 745 et
3362 691 3504 760 apud

1942 786 2310 855 paucissimos
2334 786 2631 855 reperitur.
2665 784 2807 840 Sunt
2833 800 3071 854 namque
3099 784 3374 845 nonnulli,
3409 783 3500 851 qui

1942 891 2069 932 cum
2104 893 2203 946 per
2232 878 2437 932 multos
2470 878 2692 933 virtutis
2740 876 2960 932 labores
3007 892 3074 930 eo
3112 876 3410 936 evaserint,
3452 882 3509 927 ut

1938 970 2199 1036 ἀπαθεῖς,
2234 970 2340 1025 hoc
2373 977 2479 1037 est,
2518 968 2847 1034 indolentes,
2885 976 2941 1023 et
2970 966 3358 1023 achctionibus
3382 982 3508 1035 per-

1940 1064 2407 1135 pessionibusque
2456 1062 2718 1119 omnibus
2764 1061 2929 1116 liberi
2970 1061 3105 1125 sint,
3143 1060 3198 1114 in
3244 1058 3506 1114 mundum

1940 1166 2259 1209 recurrunt.
2312 1155 2377 1210 Et
2424 1154 2671 1225 gestibus
2731 1153 3065 1225 quibusdam
3129 1153 3508 1224 incompositis

1939 1248 2229 1303 dementes
2258 1264 2317 1304 se
2345 1264 2465 1303 esse
2492 1248 2903 1314 assimulantes,
2934 1249 3008 1304 ita
3046 1264 3239 1303 vanam
3265 1256 3509 1301 eontem-

1942 1349 2079 1391 nuut
2129 1338 2381 1407 gloriam,
2433 1352 2597 1408 quatit
2656 1349 2964 1393 extremam
3017 1339 3257 1392 tunicam
3322 1336 3508 1406 (jux'a

1947 1429 2230 1487 Platonem
2261 1429 2673 1500 philosophum)
2692 1429 2872 1484 anima
2916 1430 3196 1500 deponere
3237 1428 3395 1483 solet.
3447 1429 3505 1483 ln

1938 1524 2205 1593 ἀπαθείᾳ,
2241 1523 2347 1580 hoc
2366 1533 2472 1589 est,
2498 1522 2799 1579 indolentia
2833 1522 3314 1595 philosophantur,
3350 1518 3507 1594 557

1938 1616 2058 1673 sine
2108 1616 2403 1673 all'eetione
2441 1626 2609 1688 atque
2646 1617 2815 1672 animi
2858 1614 3249 1676 commotione,
3285 1613 3339 1671 in
3371 1627 3504 1667 eau-

1939 1727 2085 1784 pona
2114 1720 2232 1779 aut,
2257 1711 2304 1767 si
2325 1726 2465 1782 opus
2495 1713 2589 1777 sit,
2622 1714 2677 1766 in
2705 1710 2957 1781 lupanari
2984 1709 3166 1767 cibum
3202 1706 3506 1778 capientes.

1940 1812 1998 1858 et
2029 1818 2209 1873 neque
2239 1811 2595 1874 conspectum
2622 1802 2969 1873 cujusquam,
2994 1816 3171 1870 neque
3202 1799 3381 1870 locum
3414 1796 3510 1850 ali-

1940 1911 2107 1966 quem
2136 1903 2482 1950 reverentes.
2508 1893 2708 1949 Balnea
2739 1908 2960 1964 quoque
3014 1890 3425 1961 ingrediuntur.
3457 1899 3511 1941 et

1940 2002 2069 2043 eum
2099 1986 2446 2042 mulierculis
2475 2002 2618 2056 smpe
2642 1986 2833 2051 etiam,
2861 1996 2920 2039 ut
2955 1995 3147 2039 natura
3192 1984 3317 2048 fert,
3352 1981 3512 2033 nudis

1939 2077 2149 2144 lavant,
2183 2086 2237 2132 et
2268 2092 2396 2133 eum
2430 2078 2639 2133 eisdem
2684 2077 2955 2132 habitant.
3004 2076 3155 2131 Adeo
3200 2090 3331 2129 vero
3375 2072 3512 2126 alie-

1941 2171 2225 2228 ctionibus
2272 2170 2834 2241 perpessionibusque
2895 2169 3208 2238 superiores
3258 2177 3406 2231 sunt,
3454 2178 3513 2221 ut

1941 2271 2154 2318 natura:
2185 2264 2294 2319 vim
2325 2270 2612 2332 superent,
2645 2270 2702 2317 et
2730 2248 3077 2333 tyrannidem
3116 2260 3171 2315 in
3195 2274 3317 2315 eam
3357 2274 3514 2313 exer-

1940 2366 2102 2412 ceant
2129 2374 2144 2413 :
2172 2355 2413 2425 denique
2444 2363 2505 2410 ut
2540 2370 2719 2425 neque
2748 2364 2995 2425 aspectu,
3026 2367 3202 2424 neque
3233 2359 3509 2419 contactu,

1942 2464 2124 2519 neque
2158 2448 2301 2504 adeo
2340 2449 2411 2504 ah
2461 2460 2579 2504 arte
2614 2449 2802 2519 petitis
2827 2448 3055 2510 osrulis,
3098 2456 3265 2516 atque
3314 2443 3513 2497 mulie-

1944 2543 2138 2597 bribus
2162 2541 2564 2611 complexibus,
2599 2542 2664 2596 ad
2696 2556 2816 2595 eam
2862 2556 2983 2611 qua:
3027 2538 3249 2608 propria
3302 2545 3514 2590 natura:

1939 2644 2025 2691 est
2050 2636 2554 2706 concupiscentiam
2585 2643 3059 2691 C02llllltwcanllﬂ'.
3109 2632 3245 2686 Cum
3272 2630 3405 2684 viris
3433 2628 3511 2681 illi

1940 2738 2226 2785 versantes
2258 2728 2365 2783 viri
2404 2739 2554 2793 sunt,
2582 2743 2707 2784 cum
2740 2726 3068 2789 mulieribus
3120 2723 3397 2779 mulieres.
3450 2721 3516 2775 lit

1941 2840 2065 2879 cum
2097 2825 2383 2893 utriusque
2404 2840 2566 2879 sexus
2589 2824 2696 2878 vim
2726 2822 2979 2877 obtinere
3004 2821 3314 2882 vidcantur,
3340 2833 3511 2873 unum

1940 2918 2214 2974 obtinent.
2246 2918 2424 2986 Atque
2464 2926 2523 2973 ut
2547 2916 2715 2971 semel
2743 2916 2940 2981 dicam,
2976 2915 3028 2969 in
3063 2914 3169 2967 hoe
3203 2914 3325 2966 vita!
3348 2926 3515 2981 gene-

1944 3024 2025 3073 re.
2065 3009 2214 3079 quod
2241 3020 2463 3079 captam
2508 3018 2719 3064 natura:
2763 3016 3008 3077 superat,
3071 3006 3249 3059 virtus
3300 3013 3513 3058 natura:

258 3117 371 3167 ται,
395 3100 499 3191 τῆς
524 3102 672 3166 θείας
698 3103 924 3176 χάριτος
955 3108 1035 3169 είς
1069 3106 1500 3191 ἓνθσυναγούσης
1515 3114 1584 3166 τὰ
1604 3114 1834 3185 ἄμικτα,

1945 3104 2209 3160 adversas
2232 3101 2383 3174 leges
2426 3102 2565 3169 ﬁxit,
2597 3111 2657 3156 ut
2686 3101 2741 3155 in
2774 3100 2922 3153 nulla
2948 3114 3135 3152 earum
3159 3111 3342 3151 rerum
3392 3110 3515 3164 qua:

261 3194 359 3247 καί
398 3190 466 3248 αὖ
500 3194 665 3249 πάλιν
696 3198 871 3268 καιρῷ
929 3190 1265 3270 προσήκοντι
1305 3203 1644 3276 διαιρούσης,
1696 3206 1843 3262 ὥστε·

259 3284 322 3336 τὸ
349 3281 499 3349 ξένον
528 3284 607 3348 είς
638 3285 809 3357 ἀκοὴν
869 3286 1017 3358 ζωὴν
1070 3291 1128 3342 ἐν
1176 3292 1357 3362 ταυτῷ
1423 3296 1518 3347 καὶ
1571 3295 1840 3367 νέκρωσιν

265 3376 450 3440 αὐτοῖς
479 3381 776 3444 κατοικεῖν,
811 3382 972 3450 φύσει
1002 3383 1371 3440 ἐναντιώτατα
1407 3389 1503 3442 καὶ
1558 3388 1699 3460 λόγῳ
1745 3392 1841 3445 καὶ

265 3469 577 3538 πράγματι.
605 3471 781 3525 Ὅπου
826 3474 927 3543 μὲν
952 3475 1060 3544 γάρ
1095 3494 1145 3529 τι
1179 3476 1287 3532 τῶν
1344 3480 1533 3533 παθῶν
1583 3483 1839 3554 ὑφέρπει,

265 3561 397 3627 ίδοις
425 3562 492 3616 ἂν
525 3562 687 3634 σῶμα
734 3567 931 3637 νεκρὸν
979 3569 1149 3638 μηδὲν
1193 3568 1336 3641 δρῶν
1388 3573 1488 3627 ὅσα
1534 3575 1629 3629 καὶ
1680 3577 1841 3647 τάφῳ

272 3656 527 3724 κείμενον
556 3673 569 3687 ·
605 3657 733 3711 ἔνθα
767 3662 813 3713 δ’
841 3661 1045 3732 ἀρετῆς
1083 3664 1318 3735 ἐργασίᾳ
1374 3666 1471 3720 καὶ⁵
1525 3669 1661 3739 πρὸς
1708 3670 1841 3724 Θεὸν

269 3750 475 3821 ἱκετείᾳ
506 3750 699 3822 ῥώμην
719 3752 911 3823 καινὴν
937 3755 1032 3808 καὶ
1067 3757 1229 3825 σῶμα
1269 3757 1437 3822 ξένως
1465 3762 1717 3831 σφριγῶν
1741 3764 1841 3834 τὴν

268 3842 457 3911 ἀκμήν
486 3858 500 3872 ο
539 3843 645 3896 κᾶν
671 3845 768 3899 καὶ
797 3849 1107 3918 γεγηρακὸς
1147 3849 1233 3916 εἴη
1262 3852 1465 3923 σφόδρα
1498 3859 1589 3907 καὶ
1616 3854 1839 3926 ἔξωρον.

274 3932 451 4002 Καίγ’
479 3934 742 4006 ἑκάτερος
795 3937 910 4005 βίος
937 3939 1111 4003 οὕτως
1166 3943 1396 4008 ἐκείνοις
1443 3949 1839 4017 συμπλέκεται,

266 4024 400 4078 ὥστ’
436 4027 636 4098 ἀμέλει
666 4032 762 4084 καὶ
779 4029 877 4101 τὴν
904 4033 1085 4102 σάρκα
1120 4036 1353 4106 πάμπαν
1387 4041 1760 4110 νεκρώσαντές
1780 4061 1840 4096 τε

271 4123 364 4174 καὶ
390 4120 743 4189 ἀποθέμενοι,
773 4120 943 4186 ζῶσιν
968 4126 1056 4178 ἀεί
1083 4142 1097 4156 °
1128 4128 1225 4180 καὶ
1289 4130 1427 4198 μετὰ
1466 4134 1576 4185 τῶν
1624 4133 1842 4196 ζώντων

268 4210 465 4265 ὡσανεὶ
507 4212 878 4282 συνδιάγουσι,
905 4217 975 4271 τὰ
1009 4217 1236 4272 ἐκείνων
1265 4224 1534 4286 παντοίως
1568 4224 1841 4293 θεραπεύ-

270 4322 422 4368 οντες
447 4304 824 4375 σώματα,καὶ
878 4308 977 4374 τὰς
1027 4310 1138 4364 τῶν
1189 4312 1460 4382 δεομένων
1511 4316 1663 4379 λιτὰς
1722 4318 1842 4389 Θεῷ

270 4398 654 4469 ἀναφέρουσιν,
690 4401 888 4470 ἐπίσης
931 4405 996 4473 τῇ
1031 4404 1279 4475 προτέρᾳ
1309 4405 1460 4477 βιοτῇ
1522 4408 1836 4477 διαζῶντες,

1944 3195 2271 3253 necessaria:
2304 3204 2455 3258 sunt,
2496 3194 2719 3249 satietas
2770 3192 2885 3261 ipsa
2932 3191 3112 3246 locum
3168 3189 3384 3244 habeat.
3434 3188 3515 3244 lta

1944 3292 2021 3347 illi
2054 3305 2275 3360 semper
2323 3288 2578 3343 esuriunt
2623 3298 2679 3343 et
2712 3288 2931 3347 sitiunt,
2981 3282 3515 3353 temperantiamque

1942 3394 2001 3439 et
2030 3381 2437 3439 continentiam
2472 3382 2528 3435 in
2559 3381 2730 3436 rebus
2778 3377 3040 3433 omnibus
3087 3376 3327 3432 retinere
3366 3376 3515 3445 leges

1940 3492 2132 3531 eorum
2154 3476 2373 3548 iubent.
2398 3476 2548 3530 Adeo
2575 3476 2743 3530 etiam
2776 3473 2881 3528 illa
2909 3485 3108 3541 corpus
3140 3470 3514 3539 constringere

1943 3568 2291 3639 prmeipiunt,
2335 3578 2392 3623 ut
2441 3567 2491 3621 vi
2539 3567 2705 3623 etiam
2753 3565 3057 3621 necessitas
3097 3564 3513 3633 comprimatur.

1943 3660 2075 3714 'l‘am
2124 3674 2279 3728 requa
2312 3658 2475 3713 etiam
2512 3672 2609 3727 per
2634 3655 3039 3711 exactissimam
3074 3654 3345 3709 rationem
3399 3662 3513 3707 sta.

1943 3758 2060 3806 tera
2086 3750 2197 3805 vita
2250 3750 2330 3805 eis
2379 3750 2639 3812 libratur,
2686 3759 2748 3803 ut
2796 3748 2924 3803 dum
2969 3746 3097 3802 lanx
3159 3755 3392 3815 utraque
3415 3760 3514 3814 per

1941 3842 2277 3897 diametrum
2305 3850 2360 3895 et
2389 3841 2588 3895 lineam
2619 3840 2855 3893 mediam
2898 3840 3042 3892 inter
3090 3852 3148 3892 se
3178 3836 3365 3900 distat,
3393 3836 3514 3891 nul-

1942 3938 2052 3992 lum
2084 3939 2353 3991 sentiatur
2386 3943 2745 3988 momentum.
2782 3933 2849 3986 Et
2897 3942 3187 4001 tantopere
3234 3946 3324 3985 res
3368 3931 3513 3984 inter

1944 4048 2003 4087 se
2035 4030 2326 4086 contrariae
2354 4032 2406 4082 in
2441 4029 2526 4084 eis
2560 4039 2614 4083 et
2646 4034 2866 4082 exstant
2891 4035 2948 4081 et
2978 4027 3301 4088 miscentur,
3328 4024 3515 4081 divina

1943 4123 2117 4190 gratia
2152 4134 2216 4172 ea
2268 4134 2390 4188 quae
2438 4118 2657 4175 misceri
2703 4124 2988 4186 nequeunt
3031 4117 3421 4187 eonjungente,
3461 4123 3514 4170 et

1944 4224 2195 4286 tempore
2229 4230 2447 4269 rursum
2479 4230 2581 4270 suo
2612 4213 2983 4282 disjungcnte,
3041 4222 3101 4268 ut
3128 4210 3275 4282 quod
3322 4211 3515 4264 auditu

1943 4310 2142 4363 mirum
2190 4317 2294 4373 est,
2339 4308 2394 4362 in
2443 4306 2636 4363 eodem
2687 4320 2923 4374 corpore
2968 4315 3023 4361 et
3074 4306 3185 4375 vita
3240 4303 3404 4367 simul
3463 4314 3514 4357 et

1945 4400 2294 4458 mortiﬁcatio
2327 4400 2556 4466 habitet,
2581 4416 2703 4470 qua:
2733 4409 2951 4463 natura,
2979 4400 3194 4453 ratione
3229 4404 3285 4452 et
3313 4410 3369 4450 re
3402 4396 3516 4465 ipsa

274 4492 409 4561 πλὴν
439 4492 549 4561 ὅσῳ
580 4493 655 4563 μὴ
683 4493 792 4545 τῶν
809 4495 1122 4564 ἀναγκαίων
1146 4496 1343 4561 ἐνδεεῖς
1376 4493 1517 4552 εἶναι.
1560 4503 1656 4554 καὶ
1689 4503 1839 4575 τόπῳ

1945 4492 2093 4559 inter
2126 4508 2186 4548 se
2227 4492 2463 4547 maxime
2503 4503 2635 4546 sunt
2669 4490 2990 4560 pugnantia.
3035 4488 3174 4544 Cum
3206 4488 3351 4543 enim
3382 4487 3515 4541 atte-

274 4583 714 4653 περιορίζεσθαι,
767 4587 904 4640 πᾶσι
946 4588 993 4640 δ’
1036 4588 1233 4658 ἀκαρεὶ
1282 4592 1545 4655 συνεῖναι,
1590 4593 1685 4646 καὶ
1745 4595 1843 4658 τὰς

276 4676 534 4730 ἁπάντων
572 4678 794 4731 ἀκούειν
847 4679 1056 4748 φωνὰς,
1121 4682 1214 4733 καὶ
1262 4684 1396 4735 πᾶσι
1449 4685 1841 4753 συγγίνεσθαιο

277 4761 352 4820 ὧν
385 4770 582 4839 συχναὶ
611 4772 851 4838 γονάτων
884 4771 1092 4835 κλίσεις
1125 4774 1187 4824 τὸ
1219 4773 1401 4845 ἔργον,
1470 4776 1739 4845 σύμπονοί
1784 4796 1845 4833 τε

276 4859 691 4925 ἐπαναστάσεις,
718 4860 816 4929 τῆς
836 4861 1076 4929 ἐφέσεως
1100 4862 1269 4929 μόνης
1293 4864 1391 4932 τὴν
1418 4863 1636 4933 ἠλικίαν
1669 4865 1844 4920 ὐπανο

276 4948 526 5018 εχηύσης,
566 4950 660 5003 καὶ
706 4955 806 5019 τὴν
852 4952 1098 5007 ἑκούσιον
1128 4953 1417 5009 ἀσθένειαν
1452 4956 1847 5029 ἀναζωπυρούο

280 5058 375 5111 σης
404 5056 417 5069 ⁸
448 5041 685 5111 ἄσαρκοί
714 5060 861 5106 τινες
911 5044 1143 5115 ἀθληταὶ
1176 5046 1272 5100 καὶ
1302 5046 1595 5117 ἀναίμονες
1645 5050 1846 5105 παλαι-

282 5133 424 5186 σταί.
455 5127 549 5195 Οἷς
567 5134 767 5205 ἀρίστη
796 5135 1098 5190 πανδαισία
1129 5138 1224 5192 καὶ
1252 5141 1434 5212 τρυφὴ
1483 5141 1735 5211 νηστείας
1786 5142 1848 5196 τὸ

281 5229 587 5295 κράτιστον,
612 5226 707 5279 καὶ
737 5226 1024 5296 σφριγῶσα
1052 5228 1303 5299 τράπεζα
1328 5231 1389 5283 τὸ
1425 5232 1593 5303 μηδὲν
1630 5234 1846 5288 ἑλέσθαι

279 5316 349 5380 ὡς
376 5311 491 5369 οἶόν
522 5334 582 5370 τε
619 5319 1012 5386 ἀπογεύεσθαι.
1046 5322 1110 5375 Εἰ
1142 5322 1198 5374 δέ
1232 5339 1337 5376 που
1375 5323 1523 5387 ξένος
1554 5324 1845 5396 ἐπιδημοίη

284 5403 382 5456 κᾶν
407 5404 466 5470 ἐξ
493 5404 738 5471 ἑωθινοῦ,
766 5404 909 5459 οὕτω
942 5407 1279 5476 φιλοφρόνως
1296 5410 1593 5465 διάκεινται
1628 5414 1850 5483 φιλοτηη

286 5495 426 5557 οίαις
449 5500 665 5559 καιναῖς
694 5498 1052 5569 δεξιούμενοι,
1104 5502 1180 5564 ὡς
1208 5502 1425 5555 είκάσαι
1494 5506 1659 5573 μηδὲν
1719 5506 1848 5559 ἄλλο

286 5586 421 5653 σφᾶς
449 5587 538 5638 διὰ
566 5588 687 5656 βίου
723 5589 1042 5656 σπουδάσαι,
1080 5592 1112 5661 ἢ
1142 5593 1274 5644 αὐτὸ
1306 5592 1371 5663 δὴ
1398 5593 1557 5647 τοῦτο
1590 5596 1804 5667 τρυφᾷν
1828 5613 1846 5630 ο

286 5681 740 5750 παρηλλαγμένον
768 5678 908 5744 εἶδος
953 5689 1209 5753 νηστείας
1239 5687 1587 5749 ἐπινοοῦντες
1623 5705 1638 5719 ·
1672 5689 1847 5752 ἀδεῶς

286 5769 442 5842 ὀξθεν
495 5775 696 5828 ἐσθίειν
750 5775 823 5849 μὴ
887 5776 1243 5847 βου”ομέ·ιους
1275 5795 1290 5811 ·
1348 5779 1421 5843 ὡς
1472 5781 1734 5846 ἔκπληξιν
1788 5782 1847 5837 τδ

1945 4587 2058 4643 ctio
2088 4584 2357 4655 quaepiam
2395 4599 2490 4638 seu
2519 4581 2803 4653 perpessio
2834 4581 3137 4649 subrepsit,
3170 4588 3284 4635 tum
3316 4592 3515 4648 corpus

1946 4679 2138 4734 videas
2167 4685 2445 4731 mortuum
2478 4686 2537 4731 et
2561 4674 2700 4729 nihil
2743 4688 2933 4741 agens,
2971 4670 3202 4742 perinde
3254 4681 3423 4739 atque
3458 4672 3514 4724 in

1946 4771 2204 4841 sepulcro
2256 4768 2561 4838 repositum
2614 4775 2781 4822 esset.
2829 4764 2965 4820 Cum
3002 4774 3187 4819 autem
3229 4762 3512 4832 egregium

1946 4862 2167 4918 virtutis
2194 4875 2335 4930 opus
2360 4860 2755 4929 peragendum,
2788 4865 2839 4911 et
2872 4871 3059 4926 preces
3088 4854 3154 4909 ad
3184 4855 3351 4909 Deum
3381 4855 3509 4907 fun-

1947 4952 2141 5008 dendze
2175 4958 2328 5017 sunt,
2358 4961 2471 5006 tum
2510 4950 2679 5004 robur
2704 4963 2907 5003 novum
2939 4956 2995 5001 et
3037 4962 3241 5016 corpus
3285 4946 3514 5001 miriﬁce

1945 5045 2193 5099 vividum
2217 5058 2431 5108 cernas,
2467 5042 2680 5097 etiamsi
2710 5041 2761 5096 id
2800 5041 2955 5097 senio
2978 5043 3089 5112 jam
3117 5039 3431 5096 confectum
3460 5047 3514 5094 et

1947 5134 2224 5190 exoletum
2252 5133 2548 5189 admodum
2584 5133 2677 5188 sit.
2731 5133 2907 5189 Vitam
2956 5142 3183 5201 utraque
3219 5132 3319 5197 illi,
3379 5148 3512 5203 prae-

1947 5235 2161 5282 sentem
2212 5226 2467 5281 videlicet
2517 5237 2571 5281 et
2620 5226 2897 5290 futuram,
2955 5226 3024 5281 ita
3089 5225 3423 5294 complicaut
3460 5235 3515 5280 et

1947 5323 2312 5391 conjungunt,
2348 5329 2410 5375 ut
2450 5336 2615 5376 carne
2647 5334 2876 5389 prorsus
2908 5320 2963 5373 in
2998 5321 3153 5375 obitu
3186 5318 3513 5374 mortiﬁcata

1948 5423 2114 5483 atque
2150 5412 2424 5482 deposita,
2467 5428 2689 5483 semper
2734 5412 2942 5480 vivant,
3004 5421 3058 5467 et
3105 5410 3514 5481 quodammodo

1950 5522 2075 5561 cum
2112 5508 2426 5561 viventibus
2457 5508 2623 5562 simul
2655 5516 3079 5571 conversentur,
3114 5520 3343 5575 corpora
3388 5506 3511 5559 illo-

1950 5614 2072 5653 rum
2103 5598 2254 5652 varie
2300 5610 2582 5666 curantes,
2632 5609 2687 5653 et
2732 5599 3158 5670 supplicantium
3208 5614 3401 5668 preces
3444 5596 3511 5650 ad

1946 5692 2121 5746 Deum
2158 5690 2461 5751 referentes
2494 5710 2508 5748 :
2544 5691 2734 5745 itidem
2763 5700 2823 5745 ut
2852 5709 2904 5744 ιιι
2937 5693 3119 5761 priore
3156 5693 3261 5744 vita
3310 5691 3514 5758 degen-

1954 5795 2057 5844 tes.
2085 5796 2450 5843 Dreetcrouam
2484 5783 2631 5842 uuod
2667 5786 2835 5839 rebus
2878 5783 3204 5840 necessariis
3232 5800 3338 5838 non
3368 5781 3482 5837 im‘i
3509 5810 3515 5819 ο
