3946 6196
422 201 564 277 1239

1636 197 2054 261 NICEPHORI
2098 199 2442 262 CALLlSTl

3575 185 3728 252 1240

415 332 606 392 geaot,
638 328 693 373 et
718 319 840 374 loco
869 316 1019 371 nullo
1038 312 1593 370 circumscribautur.
1628 312 1902 371 Omnibus
1936 316 1989 370 in

2104 316 2471 385 πραττόμενον
2494 308 2658 377 εἶναι,
2693 311 2859 364 πόσον
2910 311 2966 375 ἐς
3000 308 3208 381 τροςὴν
3238 308 3515 381 αὐτάρκη
3592 307 3724 361 δεόο

419 420 700 467 momento
732 410 956 473 adsunt,
990 407 1236 463 omnium
1283 421 1447 464 voces
1482 405 1739 471 audiunt,
1764 415 1821 461 et
1864 423 1991 462 cum

415 501 673 559 omnibus
698 509 1015 557 versantur.
1046 498 1210 570 558
1242 498 1448 553 ﬂorum
1470 513 1609 568 Opus
1628 510 1715 555 est
1740 497 1996 570 lrcquen~

418 608 500 653 tes
518 612 759 668 genuum
794 594 1179 649 inclinationes
1207 605 1260 649 et
1292 608 1487 665 graves
1531 607 1751 647 rursum
1800 592 1994 647 statio-

420 706 540 755 nes,
584 687 864 744 desiderio
894 686 1014 742 solo
1044 701 1279 755 corpora
1315 701 1509 741 eorum
1561 684 1895 750 sustinente,
1937 694 1995 740 et

421 781 789 836 voluntariam
820 778 1260 835 imbecillitatem
1297 787 1607 833 recreante.
1635 776 1718 833 Illi
1772 776 1995 832 athletae

418 872 642 940 quidam
678 878 809 925 sunt
842 884 1010 924 carne
1034 879 1310 933 carentes,
1338 881 1388 924 et
1426 870 1729 924 luctatores
1768 868 1992 937 sangui-

420 961 509 1015 nis
538 973 822 1028 expcrtes.
866 960 978 1014 Illis
1026 959 1279 1014 convivia
1333 958 1621 1029 splendida
1672 968 1730 1014 et
1783 957 1996 1014 delicia:

419 1069 649 1108 summa:
672 1062 824 1119 sunt,
857 1052 1139 1108 assiduum
1167 1053 1439 1123 jejunium
1484 1072 1498 1108 :
1543 1062 1600 1107 et
1638 1068 1830 1111 mensa
1871 1051 1995 1121 Opi-

422 1161 575 1213 para,
602 1152 661 1198 ut
703 1142 887 1213 quoad
921 1143 1041 1212 ejus
1067 1143 1184 1198 licri
1225 1154 1429 1213 potest,
1489 1142 1626 1196 nihil
1660 1141 1775 1198 cibi
1824 1140 1995 1211 degu-

420 1246 587 1291 stcut.
618 1235 773 1303 Quod
816 1236 861 1290 si
891 1235 1148 1291 alicunde
1186 1236 1388 1305 hospes
1417 1233 1698 1297 adveniat,
1724 1230 1997 1287 matutino

420 1327 590 1381 etiam
647 1337 920 1396 tempore,
976 1334 1087 1380 tam
1141 1325 1380 1396 benigne
1432 1335 1491 1379 et
1543 1332 1798 1378 amanter
1852 1336 1996 1377 novo

424 1416 814 1486 hospitalitatis
837 1431 1041 1488 genere
1081 1430 1209 1470 eum
1244 1414 1552 1484 excipiunt,
1584 1422 1645 1469 ut
1675 1413 1812 1468 nihil
1842 1412 1994 1468 aliud

422 1523 518 1562 eos
548 1524 646 1578 per
698 1508 887 1572 vitam,
923 1522 1089 1580 quam
1147 1507 1216 1561 ad
1275 1523 1404 1563 eum
1465 1506 1690 1562 modum
1746 1505 1995 1560 deliciari

422 1599 706 1653 studuisse
739 1606 902 1668 putes
935 1616 949 1653 :
982 1597 1135 1653 aliud
1161 1613 1290 1654 mox
1337 1613 1536 1653 rursus
1572 1595 1772 1668 jejunii
1818 1609 1997 1666 genus

2099 425 2277 477 μενοι,
2309 407 2507 479 κομιδῆ
2561 406 2874 477 βραχυτάτῃ
2922 403 3152 469 διαζῶσι
3198 405 3421 475 τροφῇ·
3501 400 3723 473 ἐχθροὶ

2097 502 2311 564 ἑαυτοίς
2339 498 2705 563 καθεστῶτες,
2734 496 2960 553 καὶτῶν
3015 496 3164 550 ἰδίων
3204 495 3549 567 βουλήσεων
3615 491 3725 546 καὶ

2095 597 2194 663 τῆς
2228 593 2442 663 φύσεως
2471 593 2677 647 ἔκδοτοι
2699 594 2815 655 τοῖς
2847 591 3017 646 πάλαι
3070 589 3198 660 θελή
3208 606 3376 660 μασιν
3407 605 3423 622 ³
3482 587 3587 651 ὥς
3651 586 3726 639 ἂν

2095 686 2186 740 διὰ
2209 687 2433 741 πάντων
2464 686 2650 747 αὐτοῖς
2674 684 2736 737 τὸ
2770 678 2898 754 ἦδον
2926 684 3026 754 τῆς
3077 681 3287 751 σαρκὸς
3340 681 3728 749 ὰποσφαιρι-

2099 779 2276 846 σθείη,
2303 779 2396 832 καὶ
2429 778 2576 850 ψυχὴ
2609 776 2833 849 διεξάγῃ
2858 777 2929 830 τὰ
2978 775 3263 837 κάλλιστα,
3292 776 3398 829 ὅσα
3446 774 3535 843 δὴ

2099 872 2236 944 πρὸς
2280 872 2579 942 ἀρέσκειαν
2624 870 2897 941 νουνεχῶς
2943 868 3308 939 ἐπιλεγομένη
3343 870 3439 921 καὶ
3482 864 3724 921 διασῶ-

2098 965 2290 1029 ζουσα.
2324 965 2608 1035 Μακάριοι
2634 964 2807 1029 οὕτως
2835 964 2936 1033 τῆς
2969 963 3018 1016 τ’
3043 961 3300 1017 ἐνταυθοῖ
3330 960 3577 1030 διαίτης
3619 958 3726 1012 καὶ

2099 1058 2382 1123 πολιτείας
2415 1073 2429 1089 ⁸
2470 1058 2654 1128 πολλῷ
2675 1058 2732 1113 δὲ
2768 1058 2970 1129 μᾶλλον
3004 1055 3422 1127 μακαριώτεροι
3452 1054 3584 1119 τῆς
3630 1050 3728 1103 ὲν-

2097 1150 2288 1206 τεῦθεν
2319 1152 2791 1221 μεταναστάσεως,
2813 1155 2870 1213 ἐς
2896 1150 2963 1222 ἣν
2986 1148 3077 1203 διὰ
3102 1149 3305 1212 παντὸς
3332 1140 3621 1219 χαίνουσι
3655 1142 3723 1198 τδ

2098 1244 2433 1316 ποθούμενον
2462 1247 2594 1301 ίδεῖν
2639 1244 3009 1314 ἐπειγόμενοι.
3040 1241 3146 1298 Καὶ
3176 1243 3360 1296 τοίνυν
3390 1243 3423 1313 ἡ
3468 1237 3723 1310 βασιλὶς

2098 1338 2335 1394 Εύδοκία
2386 1338 2601 1405 πολλοῖς
2631 1339 2901 1401 τοιούτοις
2951 1336 3345 1408 περιτυχοῦσα,
3393 1333 3595 1391 πολλά
3627 1349 3719 1395 τι.

2097 1431 2175 1495 ὼς
2204 1432 2447 1503 εἴρηται,
2479 1431 2763 1502 μοναστῶν
2796 1430 3191 1503 ὲνδιαιτήματά
3210 1446 3269 1485 τε
3291 1429 3387 1483 καὶ
3415 1426 3722 1497 κατα-τώ·

2097 1542 2195 1593 για
2245 1524 2743 1596 δειμαμένη,,καὶ
2772 1525 2842 1579 τὰ
2898 1523 3007 1579 τῶν
3075 1522 3472 1594 Ἱεροσολύμων
3537 1518 3717 1589 τείχη

2100 1616 2384 1688 εὐρύνασα
2449 1617 2547 1671 καὶ
2599 1615 2976 1683 ἀνανεώσασα,
3045 1617 3140 1671 καί
3192 1616 3325 1687 πρὸς
3362 1614 3427 1669 τό
3476 1614 3718 1685 adaps-

422 1691 821 1762 excogitantes,
883 1691 1183 1761 cibumque
1254 1692 1530 1746 arbitratu
1612 1706 1716 1746 suo
1796 1703 1997 1759 capere

2104 1706 2366 1774 πέστερον
2436 1706 2912 1778 διασκευασαμένη
2940 1747 2954 1771 ,
3022 1709 3115 1760 καὶ
3185 1706 3249 1759 τὸ
3323 1705 3719 1759 ἑπισκοπεΐον

422 1786 696 1849 uolentes,
744 1785 883 1840 adeo
936 1794 997 1841 ut
1048 1799 1137 1840 res
1179 1799 1246 1839 ea
1294 1784 1553 1839 omnibus
1605 1783 1663 1839 in
1717 1792 1998 1853 stuporem

422 1879 640 1943 evadat,
680 1891 805 1933 cum
857 1879 926 1933 ad
972 1879 1181 1933 victum
1242 1878 1608 1934 sudicientem
1653 1885 1869 1933 tantum
1919 1876 2002 1931 eis

423 1971 591 2035 desit,
625 1973 905 2041 quomodo
936 1983 1047 2027 tam
1077 1974 1278 2043 exiguo
1321 1972 1586 2027 alimento
1635 1971 1821 2025 vivere
1874 1985 2002 2040 pos-

424 2066 557 2121 sint.
620 2064 831 2120 luimici
910 2064 950 2120 ii
1011 2065 1119 2121 sibi
1175 2066 1309 2133 ipsis
1371 2072 1536 2128 sunt,
1588 2064 2001 2132 voluntatisque

423 2157 662 2228 propria:
687 2166 743 2213 et
773 2169 986 2213 natura
1040 2157 1417 2214 destinatione
1458 2156 1628 2210 animi
1672 2154 1998 2226 jamdudum

422 2260 713 2321 concepta.
746 2251 1080 2321 proditores,
1113 2257 1173 2304 ut
1204 2250 1258 2304 in
1281 2248 1448 2306 rebus
1476 2248 1742 2304 omnibus
1774 2248 2002 2304 delicias

422 2343 610 2398 carnis
638 2341 804 2412 longe
834 2358 864 2395 a
901 2358 961 2399 se
1004 2342 1283 2414 rejiciant.
1322 2349 1381 2397 et
1419 2336 1603 2396 anima
1636 2342 1721 2396 eis
1758 2340 1814 2394 in
1854 2349 1999 2395 statu

421 2450 525 2495 Suo
597 2436 972 2507 pulcherrime
1042 2435 1314 2491 consistat
1382 2452 1399 2490 :
1476 2448 1820 2506 quaecunque
1887 2433 2000 2487 Deo

425 2528 627 2597 placita
659 2538 807 2593 sunt,
840 2529 1143 2597 prudenter
1167 2527 1415 2600 deligens
1447 2536 1613 2597 atque
1639 2540 1997 2582 conservans.

429 2620 640 2683 Felices
667 2620 747 2675 illi
799 2634 1027 2690 prorsus
1077 2620 1415 2690 ejuscemodi
1462 2618 1883 2677 conversatione
1946 2626 2002 2672 et

428 2713 555 2769 vita
579 2714 887 2778 instituto:
920 2715 1082 2784 longe
1116 2723 1299 2770 autem
1337 2712 1621 2769 feliciores
1652 2727 1749 2766 sua
1780 2726 1848 2766 ex
1898 2709 2003 2764 hac

421 2807 537 2861 vita
579 2805 937 2878 migratione,
964 2807 1032 2860 ad
1059 2821 1225 2875 quam
1268 2806 1346 2861 illi
1378 2821 1601 2874 semper
1630 2804 1902 2874 aspirant,
1934 2803 2001 2856 ad

422 2909 673 2969 optatum
729 2900 885 2954 illum
934 2900 1423 2970 desideratumque
1469 2898 1769 2953 vivendum
1825 2896 2000 2951 anhe-

421 2994 625 3062 lantes.
690 2993 877 3063 Itaque
928 2991 1171 3050 Eudocia
1221 2993 1469 3063 Augusta
1520 3005 1645 3045 cum
1708 2990 1899 3046 multis
1944 2989 1997 3043 id

419 3103 596 3159 genus
642 3089 934 3145 monachis
983 3088 1260 3144 collocuta
1304 3098 1412 3151 est,
1464 3096 1522 3142 et
1576 3086 1748 3141 multa
1793 3083 1999 3155 (sicuti

421 3180 633 3237 dictum
665 3182 771 3251 est)
807 3182 1205 3237 monachorum
1230 3181 1509 3236 domicilia
1542 3188 1599 3234 et
1630 3178 2002 3234 habitationes

422 3277 757 3337 construxit.
792 3276 1302 3347 Hierosolymorum
1335 3275 1503 3330 etiam
1551 3289 1742 3327 muros
1774 3272 2004 3343 protulit

420 3378 482 3426 et
531 3371 845 3425 renovavit.
906 3366 1288 3439 EpiscOpalem
1348 3376 1611 3437 praeterea
1650 3366 1874 3420 domum
1924 3364 2004 3419 ibi

421 3477 489 3519 ex
529 3461 908 3519 fundamentis
930 3463 1065 3532 ipsis
1096 3470 1337 3518 erectam
1368 3458 1741 3531 pulcherrime
1772 3474 2006 3514 exorna-

424 3558 527 3619 vit,
554 3554 850 3624 eidemque
873 3555 1023 3609 mille
1050 3554 1441 3609 numismatum
1467 3552 1705 3608 reditum
1726 3551 2001 3607 attribuit.

428 3649 486 3701 ln
514 3643 825 3701 Phordisiis
857 3660 1160 3716 pauperum
1189 3644 1530 3699 domicilium
1557 3643 1874 3707 aediﬁcavit,
1910 3642 2003 3701 ubi

427 3736 821 3808 quadringenti
873 3751 1033 3792 sacro
1079 3735 1274 3790 morbo
1313 3734 1631 3790 laborantes
1665 3734 2004 3791 habitarent.

430 3832 552 3890 Alia
583 3831 712 3885 item
742 3843 1049 3899 pauperum
1082 3830 1363 3898 hospitum
1398 3837 1455 3884 et
1484 3827 1775 3883 viduarqu
1820 3827 2008 3885 diver-

431 3923 584 3981 soria
616 3921 893 3989 condidit,
930 3922 1123 3989 eisque
1153 3921 1525 3977 substantiam
1558 3936 1716 3975 suam
1755 3922 2005 3976 donavit.

436 4018 724 4086 Ecclesiis,
791 4015 1133 4073 nosocomiis
1205 4032 1301 4072 seu
1372 4031 1646 4085 aegrorum
1726 4014 2009 4082 domibus,

436 4111 811 4168 sacrosanctis
860 4109 1109 4176 adibus,
1169 4118 1228 4164 et
1279 4108 1596 4163 monasticis
1651 4108 1897 4177 virorum
1955 4119 2011 4167 et

437 4204 735 4269 mulierum
767 4201 1088 4269 domiciliis,
1120 4201 1358 4259 vicesies
1401 4201 1551 4258 mille
1599 4201 2014 4273 quandringen-

438 4310 525 4364 tas
550 4305 611 4352 et
642 4297 922 4367 octoginta
956 4309 1141 4349 aureae
1184 4304 1421 4349 monetae
1450 4293 1626 4350 libras
1680 4294 1961 4351 dedicavit
1991 4311 2008 4350 ι

2099 1798 2166 1849 ἐκ
2233 1796 2449 1865 βάθρων
2506 1799 2687 1852 αὐτῶν
2732 1798 2971 1864 ἀνίστα,
3019 1799 3479 1872 ὰποχαρισαμένη
3568 1798 3713 1853 τούς

2099 1905 2181 1960 τῳ
2236 1892 2331 1943 καὶ
2406 1891 2673 1962 πρόσοδον
2754 1891 3111 1961 νομισμάτων
3185 1892 3398 1963 χιλίων.
3474 1890 3587 1944 Ἑν
3649 1890 3713 1945 δὲ

2099 1981 2403 2053 Φορδισίοις
2455 1985 2723 2054 πτωχείον
2773 1982 2994 2054 ἀνίστη.
3035 1983 3095 2036 ὲν
3140 1975 3187 2052 ᾧ
3230 1981 3601 2052 τετρακόσιοι
3633 1982 3710 2052 τῇ

2102 2075 2224 2148 ίερᾷ
2249 2078 2389 2149 νόσῳ
2440 2076 2903 2148 προσειλημμένοι
2952 2076 3280 2147 ἐνδιαίτημα
3330 2071 3505 2147 εἶχον.
3585 2071 3714 2132 Καὶ

2098 2170 2236 2225 ἄλλα
2292 2169 2353 2225 δὲ
2413 2171 2658 2239 πτωχεία
2708 2168 2803 2223 καὶ
2867 2167 3105 2236 ξενῶνας
3176 2170 3273 2222 καὶ
3334 2168 3708 2238 meome

2098 2265 2360 2336 ἀνήγειρε
2397 2280 2412 2294 ·
2473 2266 2565 2317 καὶ
2622 2264 2686 2317 τι
2744 2264 2938 2335 περιὸν
2987 2261 3126 2335 αὐτῇ
3180 2262 3283 2332 τῆς
3319 2262 3513 2326 ούσίας
3579 2262 3707 2325 τοῖς

2098 2360 2370 2424 τοιούτοις
2427 2359 2824 2431 ἀπεκλήρωσεν
2855 2374 2872 2393 ο
2924 2358 3267 2430 ἐκκλησίαις,
3306 2361 3705 2430 νοσοκομείοις

2101 2457 2197 2511 καὶ
2248 2458 2520 2526 σεμνείοις
2587 2458 2834 2529 εύαγέσι,
2890 2458 2987 2513 καὶ
3034 2456 3356 2529 διαιτήμασι
3426 2454 3705 2526 μοηχῶν

2101 2550 2315 2624 ἀνδρῶν
2336 2569 2396 2607 τε
2424 2552 2519 2604 καὶ
2558 2551 2857 2621 γυναικῶν,
2883 2552 2981 2606 δύο
3010 2549 3282 2622 μυριάδας
3304 2550 3399 2603 καὶ
3418 2548 3699 2619 τετρακό·

2102 2660 2193 2698 σια
2243 2643 2339 2698 καὶ
2395 2644 2731 2714 ὀγδοήκοντα
2802 2644 3031 2715 χρυσίου
3081 2641 3273 2713 λίτρας
3323 2644 3699 2712 νομισμάτων

2100 2736 2310 2801 τούτοις
2337 2737 2723 2810 ἀφιερώσασα,
2751 2738 2880 2792 ἄνευ
2910 2737 3019 2792 τῶν
3045 2736 3235 2791 ἄλλοτε
3286 2751 3690 2805 προσαφιερω·

2100 2828 2304 2883 θέντων
2340 2829 2500 2883 θείων
2548 2830 2850 2901 προσόδων,
2902 2829 3000 2884 καὶ
3054 2828 3166 2883 τῶν
3216 2827 3491 2898 διαφόρως
3540 2827 3692 2895 αὐτῇ

2099 2921 2407 2991 κειμηλίων
2437 2923 2480 2977 la
2490 2921 2600 2991 ρῶν
2624 2920 3033 2992 γεγενημένων,
3073 2921 3263 2984 τόποις
3290 2919 3521 2988 εύαγὲσι
3545 2919 3689 2973 τισί.

2104 3014 2216 3069 Καί
2236 3029 2379 3067 ποτε
2412 3014 2479 3082 τῇ
2506 3011 2601 3065 τοῦ
2646 3012 2836 3082 Πάσχα
2866 3012 3054 3084 ἡμέρᾳ
3089 3011 3171 3076 τίς
3204 3010 3304 3082 τὴν
3363 3011 3534 3080 ἁγίαν
3588 3009 3691 3065 τοῦ

2106 3101 2346 3176 Χριστοῦ
2385 3102 2682 3158 ἀνάστασιν
2744 3102 3082 3167 εἰσελθοῦσα,
3144 3106 3229 3167 είς
3274 3104 3432 3172 λόγον
3480 3105 3686 3172 φώτων

2103 3195 2357 3268 ἐδωρεῖτο
2384 3194 2566 3249 ελαίου
2591 3194 2783 3260 ξέστας
2815 3196 3043 3265 μυρίους
3064 3213 3079 3229 ο
3105 3196 3197 3251 καὶ
3226 3199 3341 3261 τοῖς
3360 3201 3546 3268 χοροξ
3572 3196 3687 3252 τῶν

2107 3286 2464 3344 σπουδαστῶν
2498 3289 2599 3359 τῆς
2626 3289 2791 3359 άγίας
2820 3291 3062 3361 Χριστοῦ
3124 3292 3287 3365 ἡμῶν
3330 3294 3687 3355 ἀναστάσεως

2106 3380 2370 3451 πρόσοδον
2427 3381 2702 3437 ἐνιαύσιον
2736 3384 3055 3453 νομίσματα
3094 3385 3448 3456 τετρακόσια.
3478 3385 3685 3440 Τελευ-

2104 3474 2257 3526 ταῖον
2281 3472 2339 3526 δὲ
2359 3472 2579 3527 πάντων
2604 3476 2831 3546 τέμενος
2857 3476 3003 3545 μέγα
3028 3475 3250 3549 ἀνίστη,
3280 3478 3438 3549 ὲξοχῇ
3470 3496 3532 3533 τε
3591 3480 3684 3533 καὶ

2106 3567 2297 3622 κάλλει
2324 3568 2582 3639 προῦχον.
2607 3568 2685 3639 τῷ
2713 3572 2917 3641 πρώτῳ
2944 3572 3004 3623 ιν
3029 3570 3299 3634 διακόνοις
3316 3572 3411 3624 καὶ
3441 3573 3685 3639 μάρτυσι

2108 3661 2368 3733 Στεφάνῳ
2387 3660 2464 3732 τῷ
2494 3662 2793 3731 θαυμαστῷ
2822 3663 2880 3728 ἐξ
2900 3662 3148 3733 ἐσχάτων
3162 3665 3447 3733 κρηπίδων
3472 3664 3682 3724 αὐτῶν.

2107 3756 2168 3810 οὐ
2184 3756 2326 3810 πάνυ
2359 3773 2411 3810 τι
2439 3753 2662 3819 διεστὼς
2720 3754 3139 3828 Ἱεροσολύμων,
3192 3756 3337 3829 πλὴν
3382 3757 3509 3812 ὅσον
3556 3774 3687 3812 στα-

2106 3850 2222 3904 δίου
2254 3850 2374 3915 ἐνός
2399 3864 2414 3889 ε
2443 3848 2573 3903 ἔνθα
2626 3848 2784 3915 λόγος
2819 3849 2923 3903 ὑπὸ
2956 3848 3066 3904 τῶν
3117 3850 3503 3922 Κυριοκτόνων
3555 3850 3684 3920 βληο

2109 3941 2272 3995 θέντα
2310 3941 2501 4007 λίθοις,
2532 3942 2628 3997 τὸν
2676 3944 3050 4014 ἀμαράντινον
3090 3946 3429 4016 κομίσασθαι
3478 3948 3681 4017 otiqu-

2112 4050 2201 4086 νον
2232 4048 2248 4063 ο
2276 4034 2335 4084 ὲν
2360 4026 2406 4102 ᾧ
2452 4033 2550 4087 καὶ
2613 4033 2754 4104 αύτὴ
2801 4036 2978 4107 πολλῷ
3023 4036 3373 4092 κατατίθεται
3433 4037 3678 4109 ὕστερον,

2113 4126 2251 4195 πρὸς
2288 4125 2387 4196 τὴν
2435 4125 2627 4196 ἀγήρω
2677 4130 3126 4198 μεταχωρῄσασα
3180 4129 3388 4200 βιοτὴν,
3440 4134 3681 4202 τετάρτῃ

2111 4220 2221 4271 ξτει
2249 4219 2347 4287 τῆς
2392 4216 2487 4271 τοῦ
2540 4218 2782 4289 μεγάλου
2826 4219 3056 4281 Λέοντος
3103 4220 3407 4292 βασιλείας,
3444 4222 3683 4286 εὐσεϐῶς

2060 4356 2065 4363 .
2115 4313 2211 4364 καὶ
2255 4310 2567 4381 θεαρέστως
2626 4311 2895 4381 βιώσασα,
2972 4311 3256 4367 Ἐτελεύτα
3309 4314 3368 4369 δὲ
3422 4316 3519 4370 τὸν
3569 4316 3680 4389 βίον

436 4401 648 4464 prater
675 4391 815 4451 alios
847 4406 990 4460 quos
1029 4390 1136 4444 alio
1165 4389 1441 4445 convertit
1473 4404 1661 4445 sacros
1686 4398 2004 4459 proventus.

2122 4405 2256 4460 ἐτῶν
2286 4404 2554 4468 ἐξήκοντα
2593 4404 2687 4457 καὶ
2716 4404 2859 4458 ἑπτά
2906 4406 3170 4478 γενομένη
3205 4420 3221 4438 ⁶
3279 4410 3531 4465 είκοστδν
3578 4412 3683 4483 γὰρ

436 4496 495 4545 et
533 4487 673 4546 varii
719 4484 939 4558 generis
975 4483 1226 4551 donaria,
1269 4500 1392 4553 qua:
1436 4484 1645 4538 sauetis
1674 4482 2010 4553 quibusdam

437 4583 579 4645 locis
627 4580 993 4639 consecravit.
1034 4578 1100 4633 Et
1130 4578 1429 4650 aliquando
1471 4580 1560 4634 die
1614 4578 1759 4635 festo
1790 4576 2014 4637 Pascha:

441 4677 708 4747 templum
732 4674 800 4730 ad
838 4682 1085 4730 sanctam
1116 4672 1321 4729 Christi
1355 4670 1839 4728 ltesurrectionem
1871 4672 2013 4727 cele—'

442 4769 706 4825 brandam
740 4768 1010 4838 ingressa,
1046 4767 1099 4819 in
1126 4766 1480 4820 lucernarum
1510 4767 1778 4821 rationem
1829 4766 2016 4821 decies

441 4863 593 4922 mille
624 4862 895 4919 sextarios
928 4859 1034 4915 olei
1068 4861 1278 4914 retulit.
1312 4858 1476 4929 559
1496 4859 1561 4914 Et
1589 4861 1775 4914 choris
1808 4873 2018 4914 memo-

444 4960 583 5018 riam
621 4972 790 5013 sacra:
813 4954 1022 5011 Christi
1067 4956 1516 5014 Resurrectionis
1545 4954 1882 5017 colentibus.
1913 4970 2015 5009 an-

442 5068 616 5109 nuum
657 5031 987 5119 proventum
1035 5048 1565 5118 quadringentorum
1619 5049 2016 5103 numismatum

442 5146 752 5204 Constituit.
788 5145 1075 5199 Postremo
1116 5143 1383 5213 templum
1419 5143 1617 5213 ingens
1655 5143 2019 5213 amplitudine

443 5253 501 5298 ct
530 5245 708 5296 forma
733 5239 1083 5309 przeclarum.
1118 5252 1184 5293 ex
1229 5238 1367 5307 ipsis
1400 5236 1799 5303 fundamentis,
1842 5238 2021 5293 admi-

446 5336 622 5391 rando
681 5335 758 5390 illi
815 5345 872 5388 et
935 5331 1115 5402 primo
1174 5329 1410 5389 diacono
1464 5330 1631 5386 simul
1681 5341 1738 5385 et
1787 5332 2018 5402 martyri

444 5427 725 5497 Stephano
761 5424 1079 5479 stadiouno
1114 5423 1183 5477 ab
1218 5422 1614 5494 Hierosolymis
1650 5423 1828 5478 erexit
1865 5438 1879 5476 :
1908 5438 2020 5491 quo

446 5521 569 5577 loco
619 5535 649 5573 a
694 5516 1121 5589 percuSsoribus
1158 5515 1371 5570 Donnni
1423 5516 1568 5571 saxis
1620 5515 1711 5570 ille
1759 5516 2018 5579 obrutus,

446 5610 963 5672 immarcescibilem
1014 5625 1276 5665 coronam
1331 5618 1645 5678 reportasse
1692 5607 1921 5664 dicitur.
1959 5609 2021 5664 ln

452 5720 564 5792 quo
594 5704 795 5788 templo
845 5705 1032 5780 aliquo
1081 5712 1204 5775 pest
1246 5712 1493 5776 tempore
1525 5712 1582 5758 et
1609 5702 1747 5785 ipsa,
1797 5718 1921 5761 cum
1954 5704 2019 5759 ad

2115 4498 2235 4561 ἔτος
2272 4497 2502 4567 ἄγουσα,
2546 4497 2627 4564 τῷ
2678 4496 2893 4567 βασιλεῖ
2940 4497 3208 4571 Θεοδοσίῳ
3261 4501 3549 4574 συνῆφθησ
3597 4506 3683 4559 καὶ

2113 4590 2300 4643 διεόίω
2325 4593 2435 4649 τοῖς
2457 4590 2807 4661 ἀνακτόροις,
2845 4591 2953 4645 ὑπὸ
2986 4594 3153 4663 μητρὶ
3183 4594 3279 4648 καὶ
3304 4596 3593 4671 Δύγούστῃ
3619 4601 3681 4669 τῇ

2119 4681 2423 4754 Πούλχερίᾳ
2444 4681 2542 4752 ἔτη
2588 4681 2956 4737 είκοσιεννέα·
3016 4684 3111 4740 καὶ
3155 4685 3298 4755 μόνη
3353 4687 3684 4760 Πουλχερίας

2119 4777 2245 4831 ἄνευ
2273 4778 2372 4846 τὴν
2421 4776 2707 4848 βασιλείαν
2767 4776 3003 4831 διίθυνεν
3062 4782 3158 4835 ἐπὶ
3197 4780 3296 4853 ἐτη
3353 4783 3544 4838 ἑπτά*
3596 4786 3685 4839 καὶ

2117 4870 2309 4924 ἕνδεκα
2342 4871 2436 4939 ἔτη
2468 4870 2528 4923 ὲν
2567 4869 2965 4940 Ἱεροσολύμοις
2995 4870 3283 4940 διήγαγεν.
3327 4873 3424 4928 Ἐκ
3478 4876 3681 4931 τούτων

2116 4964 2172 5016 δὲ
2194 4966 2442 5032 τέσσαρα
2467 4961 2772 5017 διεϐίὸασεν
2803 4961 2900 5032 ἐτη
2933 4962 3033 5032 τὴν
3068 4964 3125 5015 ἐν
3175 4964 3488 5039 Χαλκηδόνι
3519 4970 3685 5041 μηδα-

2122 5057 2243 5125 μῶς
2282 5054 2700 5125 παραδεχομένη
2727 5053 2946 5108 σύνοδον
2981 5058 3399 5127 οἰκουμενικὴν,
3422 5060 3497 5125 ὡς
3530 5069 3685 5134 προι-

2118 5148 2270 5207 ὀντες
2299 5143 2645 5213 δηλώσομεν,
2679 5144 2834 5199 Μετὰ
2878 5144 2938 5199 δὲ
2962 5145 3024 5198 τό
3051 5145 3151 5215 τὴν
3179 5148 3401 5205 σύνοδον
3450 5155 3684 5225 παραδέ·

2120 5237 2341 5307 ξασθαι,
2378 5236 2474 5292 καὶ
2530 5236 2664 5291 ἄλλα
2732 5236 2976 5307 τέσσαρα
3038 5239 3240 5293 ὲπιὸἕω
3292 5243 3386 5315 ἔτη
3424 5260 3440 5276 ·
3497 5246 3684 5303 ἔπειτα

2120 5328 2378 5383 ἐτελεύτα
2415 5346 2432 5359 ο
2466 5328 2598 5397 περὶ
2629 5320 2697 5398 ἦς
2723 5344 2859 5395 φασι
2888 5329 2984 5381 καὶ
3018 5328 3110 5382 τὸν
3140 5334 3434 5403 προφήτην
3469 5338 3682 5408 είρηκέ.

2121 5439 2208 5474 ναι
2242 5421 2405 5475 Δαυῖδ
2430 5437 2443 5452 ο
2487 5419 2837 5487 ’Δγάθυνον,
2866 5422 3063 5489 Κύριε,
3097 5422 3169 5476 ἐν
3186 5423 3260 5493 τῇ
3288 5427 3533 5497 εὐδοκία
3574 5444 3683 5486 σου

2120 5516 2235 5585 τὴν
2261 5518 2415 5571 Σιών
2437 5533 2451 5547 ο
2472 5514 2570 5569 καί
2589 5515 3033 5587 οὶκοδομηθήτω
3062 5520 3137 5573 τὰ
3184 5520 3353 5589 τείχη
3399 5522 3680 5590 Ἰερουσα-

2120 5609 2269 5678 λήμ.
2312 5609 2474 5664 Ἀλλὰ
2503 5608 2573 5662 τά
2608 5610 2708 5679 μὲν
2745 5610 2886 5665 κατὰ
2912 5609 3014 5681 τὴν
3047 5610 3371 5682 βασίλισσαν
3431 5615 3681 5681 Εύεοκξαν

2120 5702 2308 5759 τοῦτον
2333 5702 2586 5773 γενέσθαι
2608 5703 2909 5773 ξυνηνέχθη
2949 5704 3043 5769 τὸν
3076 5706 3298 5764 τρόπον.
