3976 6202
306 213 437 278 Iul
1219 228 1816 292 ECCLESIASTIC:E
1857 232 2240 292 [llS'I‘ORLE
2276 234 2417 295 LIB.
2466 235 2617 297 XIV.
3422 236 3555 303 1252

300 329 666 388 immortalem
692 334 1011 404 emigrasset
1037 346 1225 401 vitam,
1252 341 1477 397 condita
1503 354 1611 408 est,
1660 353 1861 413 quarto
1904 348 2081 418 magni
2125 344 2327 401 Leonis
2386 346 2601 416 imperii
2639 362 2808 410 anno,
2874 363 3001 404 cum
3033 347 3123 401 hic
3158 348 3303 418 piam
3333 350 3553 419 Deoque

302 427 556 498 placitam
640 432 913 502 exegisset
972 435 1158 489 vitam.
1226 438 1492 494 beluucta
1569 451 1753 497 autem
1820 453 1904 497 est
1978 444 2156 498 a'latis
2219 446 2559 515 sexagesimo
2612 445 2851 515 septimo
2911 460 3094 499 anno:
3163 460 3288 499 nam
3352 447 3548 517 viginti

299 537 478 578 annos
516 534 667 590 nata,
712 527 1028 599 imperatori
1060 530 1374 588 Theodosio
1394 535 1686 605 conjuncta
1715 544 1822 592 est.
1875 535 1943 591 Et
1981 536 2033 591 in
2065 538 2186 592 aula
2225 537 2499 608 imperiali
2548 538 2654 594 sub
2706 550 2905 604 matre,
2940 538 3245 608 eademque
3307 540 3552 609 Augusta

298 616 609 689 Pulcheria,
643 624 837 695 viginti
870 642 1064 681 novem
1088 630 1375 702 transegit.
1420 630 1542 701 Ipsa
1567 648 1698 688 vero
1728 633 1865 695 sola,
1904 633 2113 704 absque
2152 634 2469 701 Pulcberia,
2505 635 2802 707 imperium
2833 634 2996 689 annis
3044 644 3254 704 septem
3301 635 3549 691 admini-

297 712 515 769 stravit.
548 715 721 771 Porro
745 717 1143 793 Hierosolymis
1173 725 1428 781 undecim
1460 727 1746 799 transegit.
1781 728 1861 782 Ex
1898 743 1967 784 eo
2036 738 2281 800 tempore
2309 743 2551 801 quatuor
2616 731 2753 785 vixit
2784 746 2979 789 annos.
3035 729 3363 784 universalis
3389 730 3521 785 Chal

297 808 524 864 cedonis
547 812 740 882 synodi
768 824 890 870 aeta
939 833 1052 873 non
1098 819 1432 887 approbans,
1483 821 1650 877 sicuti
1683 834 1869 893 postea
1908 822 2180 879 dicemus.
2248 824 2545 897 Postquam
2607 833 2790 879 autem
2824 823 3019 896 synodi
3049 825 3169 894 ejus
3191 824 3414 878 decreta
3439 840 3554 878 rata

298 914 565 973 grataque
590 907 807 976 habuit,
843 912 983 968 alios
1015 915 1182 969 etiam
1229 918 1490 987 transegit
1536 930 1812 987 quatuor;
1854 930 1909 974 et
1952 922 2171 975 tandem
2222 930 2438 976 mortua
2469 930 2575 977 est.
2652 921 2727 978 De
2770 937 2876 992 qua
2922 920 3248 991 prophetam
3291 922 3551 975 Uavidem

299 995 431 1052 illud
462 998 627 1054 etiam
668 1002 872 1062 dixisse
918 1006 1153 1065 ferunt:
1197 1007 1335 1067 Bene
1384 1011 1489 1082 (ac,
1537 1011 1785 1075 Domine,
1833 1014 1888 1066 in
1930 1014 2068 1068 bona
2111 1014 2384 1071 voluntate
2416 1022 2509 1069 tua
2542 1013 2698 1081 Sion,
2733 1024 2784 1070 et
2843 1014 3172 1083 cdiﬁcentur
3211 1013 3353 1068 muri
3394 1013 3558 1070 Jeruo

297 1094 461 1149 salem
499 1096 540 1150 ‘.
570 1098 680 1157 Res
721 1100 979 1160 Eudocia:
1008 1105 1380 1178 imperatricis
1406 1108 1477 1166 ad
1508 1110 1657 1167 hunc
1694 1127 1753 1166 se
1778 1110 2025 1167 habuere
2057 1112 2305 1169 modum.
2370 1112 2371 1115 “

871 1244 1125 1301 ΚΕΟΑΔ.
1179 1244 1313 1303 Νιν.

301 1352 437 1424 Περι
464 1354 571 1411 τοῦ
596 1355 771 1431 ἁγίου
802 1356 1067 1431 Συμεὼν.
1101 1359 1172 1427 ὃς
1210 1360 1443 1429 πρῶτος
1489 1361 1603 1431 τὴν
1629 1360 1732 1418 ἐπὶ
1763 1361 1871 1419 τοῦ

696 1428 900 1496 κίονος
917 1430 1217 1498 ἐπενόησε
1240 1428 1489 1490 στάσιν.

370 1541 527 1599 Κατὰ
579 1542 637 1598 δὲ
706 1541 900 1599 τοῦτον
945 1546 1039 1601 τδν
1093 1547 1290 1618 χρόνον
1347 1550 1442 1604 καὶ
1504 1548 1802 1623 Συμεὼνης
1842 1550 1875 1604 ὁ

302 1635 467 1697 πάνυ,
497 1635 527 1688 δ
561 1638 660 1707 τῆς
709 1636 866 1699 ὁσίας
906 1638 999 1691 καὶ
1055 1639 1302 1709 ἀοιδίμου
1361 1642 1606 1715 μνήμης,
1659 1643 1874 1713 πρῶτος

302 1726 401 1797 τὴν
428 1728 526 1780 ἐπὶ
560 1728 739 1793 κίονος
797 1731 992 1786 στάσιν
1055 1734 1374 1803 ἐπινοήσας,
1427 1734 1643 1806 ἤκμαζᾶ
1666 1753 1726 1790 τε
1778 1736 1873 1789 καὶ

300 1821 649 1890 ἑγνωρίζετο.
682 1822 823 1894 ἔχων
850 1826 912 1878 τὸ
949 1826 1157 1880 ἄνωθεν
1187 1826 1283 1881 τοῦ
1314 1827 1488 1893 κίονος
1524 1829 1870 1899 ἐνδιαίτημα.

299 1915 503 1987 δίπηχυ
529 1918 590 1971 τὸ
625 1917 749 1972 ὅλον
811 1917 1144 1988 περίμετρον
1176 1933 1192 1949 ·
1222 1920 1459 1991 ὁπηνίκα
1515 1921 1720 1988 Δόμνος
1774 1922 1877 1983 τὰς

304 2010 457 2079 ἱερὰς
486 2012 645 2082 ἡνίας
703 2011 804 2082 τῆς
869 2010 1148 2083 ’Δντιόχου
1203 2010 1581 2083 διεχειρίζετο.
1628 2015 1723 2076 ⁸ος
1779 2013 1875 2068 καὶ

304 2102 492 2174 ιπειδὴ
522 2103 763 2167 ἀκούσας
789 2102 852 2158 τὸ
908 2102 1072 2177 ἔργον
1113 2102 1245 2175 παρ’
1272 2104 1436 2158 αὑτὸν
1482 2106 1742 2174 ἐγεγόνει,
1781 2106 1877 2158 ἐκσ-

302 2194 545 2267 πληκτος
574 2196 695 2259 ὅλος
718 2191 809 2267 ἦν,
838 2198 933 2250 καὶ
974 2196 1403 2268 μυστικωτέρως
1449 2200 1634 2267 ἐφίετο
1684 2198 1876 2253 συνελ-

304 2290 439 2346 θεῖν.
479 2288 631 2343 Ἐπεὶ
648 2288 695 2342 δ’
731 2287 828 2343 οὖν
847 2290 1020 2362 ἄμφω
1048 2289 1337 2362 συνῆλθον,
1364 2292 1463 2362 τὴν
1486 2291 1752 2368 ἄχραντον
1780 2288 1877 2346 καὶ

303 2382 643 2452 ἀναίμακτον
695 2382 889 2437 θυσίαν
915 2382 1259 2448 τελέσαντες,
1289 2385 1389 2453 τῆς
1443 2384 1709 2451 ζωοποιοῠ
1763 2402 1876 2439 κοι-

303 2474 499 2540 νωνίας
516 2474 767 2545 ἀλλήλοις
792 2474 1110 2546 μετέδοσαν.
1136 2476 1244 2529 Καὶ
1266 2476 1446 2529 τοίνυν
1478 2480 1505 2530 ὁ
1528 2479 1701 2548 μέγας
1722 2471 1878 2540 οὗτος

308 2566 446 2636 μετὰ
472 2568 566 2621 τοῦ
595 2567 747 2622 κάτω
772 2567 1052 2639 βρίθοντος
1078 2571 1353 2639 σώματος,
1381 2570 1480 2641 τὴν
1500 2572 1608 2623 τῶν
1629 2569 1876 2639 ἀγγέλων

308 2657 590 2714 πολιτείαν
619 2659 1096 2730 ἐκμιμησάμενος,
1140 2662 1306 2714 πᾶσιν
1334 2661 1705 2715 ἀποτάσσεται
1733 2662 1879 2729 πρά-

306 2770 480 2823 γμασι
514 2770 528 2785 ο
562 2752 657 2824 βίᾳ
704 2753 763 2807 δὲ
813 2753 1033 2822 φύσεως
1094 2756 1162 2807 τὰ
1229 2753 1483 2826 μετέωρα
1547 2756 1881 2809 καταλαϐεῖν

304 2848 681 2916 ἑπαγόμενος.
714 2850 886 2916 μέσον
920 2846 1154 2917 οὐρανοῦ
1185 2848 1283 2901 καὶ
1312 2846 1417 2918 γῆς
1454 2848 1517 2902 τὸ
1557 2848 1882 2922 ἐνδιαίτημα

305 2943 599 3010 πήγνυσιν,
635 2940 777 2995 ὥστε
800 2941 933 2995 Θεὸν
957 2942 1246 3014 ἀταράχως
1271 2941 1596 3012 δοξολογεῖν,
1629 2945 1725 2997 καὶ
1761 2946 1880 3015 μετ’

306 3037 558 3105 ἀγγέλων
578 3036 846 3107 ἀσίγητον
883 3038 1080 3107 ἐκείνῳ
1135 3037 1362 3091 πλέκειν
1402 3038 1505 3107 τῂν
1564 3038 1879 3109 ὑμνῳδίανο

308 3128 374 3180 ὲκ
403 3126 506 3197 μὲν
537 3127 642 3195 γῆς
702 3128 804 3191 τὰς
854 3125 966 3181 τῶν
1027 3127 1333 3198 ἀνθρώπων
1382 3129 1596 3201 δεήσεις
1663 3125 1753 3185 οἷά
1797 3148 1883 3194 τις

310 3220 478 3289 μέσος
504 3220 885 3291 καθεστηκὼς,
912 3222 1208 3289 προσάγων
1240 3220 1385 3292 Θεῷ,
1416 3222 1629 3276 ἐκεῖθεν
1667 3222 1725 3275 δὲ
1782 3226 1884 3295 τὴν

308 3313 539 3381 ἄφθονον
566 3314 729 3385 χάριν
756 3313 933 3367 καὶτὸ
968 3313 1201 3385 ἄπειρον
1231 3315 1330 3385 τῆς
1376 3314 1666 3386 εὐμενείας
1708 3317 1884 3371 κατά·-

307 3406 654 3471 γων-αὑτοίς.
691 3398 766 3460 Οὗ
813 3407 882 3460 τὰ
940 3407 1221 3479 παράδοξα
1279 3406 1389 3461 τῶν
1442 3408 1618 3478 ἔργων
1666 3410 1884 3475 πολλοῖς

312 3505 408 3570 μιν
442 3500 721 3569 ἱστόρηται
758 3500 1054 3565 αὖτόπταις
1088 3501 1198 3556 τῶν
1227 3501 1548 3572 παραδόξων
1580 3505 1886 3574 γεγενημιο

307 3609 417 3653 νοις
443 3608 461 3626 ο
488 3592 726 3658 ἐπαξίως
759 3592 814 3645 δὲ
851 3593 997 3663 μάλα
1031 3597 1124 3647 καὶ
1146 3594 1343 3664 λογίως
1391 3596 1485 3647 καὶ
1533 3595 1881 3668 Θεοδώρητος

309 3685 706 3755 κιθιστόρησεν
734 3687 762 3737 ὁ
789 3685 890 3756 τὴν
917 3686 1289 3758 Κυρεστηνῶν
1328 3687 1625 3757 ἐκκλησίαν
1657 3690 1885 3742 ἐπισκο-

310 3777 490 3850 πήσας
518 3778 576 3830 ὲν
608 3779 674 3849 τῇ
706 3783 837 3848 παρ’
861 3777 1010 3847 αὐτῷ
1060 3780 1322 3847 Φι.ῖοθέῳ
1370 3782 1605 3849 ἱστορίᾳ
1657 3782 1887 3853 ἑπιγρα-

309 3871 492 3943 φείσῃ.
533 3873 663 3925 Ὅτε
694 3873 876 3925 τοίνυν
898 3872 928 3923 ὁ
956 3872 1198 3942 ἐπίγειος
1227 3866 1380 3935 οὗτος
1404 3874 1636 3942 ἄγγελος
1662 3876 1886 3945 Συμεώ-

1907 1253 1955 1309 Α

2594 1248 2823 1307 CAPUT
2868 1248 2956 1305 LI.

1974 1361 2054 1418 De
2081 1372 2270 1418 sancto
2297 1362 2577 1449 Symeone,
2613 1366 2705 1449 qui
2745 1367 2951 1448 primus
2992 1368 3152 1449 ritum
3194 1374 3241 1421 et
3269 1373 3553 1424 stationem

2460 1446 2518 1491 τη
2552 1446 2803 1492 columna
2836 1446 3054 1491 inuenit.

2044 1545 2158 1603 Iloc
2197 1547 2317 1617 ipso
2373 1557 2620 1617 tempore
2678 1549 2851 1604 etiam
2913 1564 3146 1621 magnus
3214 1550 3546 1623 Symeones,

1973 1650 2175 1695 sanctae
2219 1650 2276 1695 et
2310 1640 2547 1696 celebris
2605 1640 3033 1704 recordationis,
3067 1643 3159 1713 qui
3196 1645 3410 1713 primus
3440 1653 3550 1699 sta-

1976 1732 2179 1786 tionem
2240 1732 2292 1785 iu
2347 1734 2601 1787 columna
2657 1733 2892 1795 invenit.
2948 1736 3171 1804 viguit:
3222 1746 3279 1791 et
3336 1738 3556 1793 celebre

1974 1834 2307 1877 consecutus
2344 1837 2429 1880 est
2470 1840 2698 1889 nomen,
2720 1824 3066 1881 domicilium
3098 1843 3265 1897 super
3297 1828 3554 1882 columna

1974 1914 2276 1969 bicubitale
2309 1920 2677 1987 undequaquc
2709 1917 2942 1982 babcns,
2974 1934 3086 1988 quo
3114 1928 3361 1988 tempore
3394 1920 3557 1974 Dom-

1975 1999 2081 2061 nus
2137 2021 2321 2061 sacras
2377 2008 2738 2063 Antiochenre
2805 2008 2964 2063 urbis
3017 2009 3264 2064 habenas
3319 2012 3551 2079 tenuit:

1974 2098 2263 2168 quietiam
2295 2114 2361 2154 ea
2417 2115 2477 2155 re
2543 2100 2755 2163 audita,
2793 2116 2920 2155 cum
2980 2100 3047 2155 ad
3115 2117 3242 2159 eum
3290 2101 3553 2167 venisset,

1978 2202 2125 2246 totus
2148 2201 2539 2249 consternatus
2569 2203 2678 2259 est,
2704 2205 2764 2250 et
2792 2208 2918 2248 cum
2949 2176 3018 2249 eo
3045 2196 3280 2265 mystico
3326 2211 3557 2249 art-ano-

1975 2299 2084 2355 que
2114 2300 2408 2355 congressu
2441 2288 2741 2343 convenire
2771 2290 3078 2359 exoptavit.
3128 2288 3555 2345 Conveneruut-

1976 2393 2087 2450 que
2125 2379 2264 2433 adeo
2310 2381 2495 2444 ambo,
2545 2388 2603 2436 et
2641 2380 2915 2437 sacriﬁcio
2972 2383 3329 2438 immaculato
3390 2392 3556 2453 atque

1980 2473 2269 2528 incruento
2294 2484 2540 2544 peracto,
2568 2474 2708 2529 alter
2729 2474 2887 2529 alteri
2917 2474 3190 2529 viviﬁcam
3214 2476 3556 2529 communio-

1980 2580 2104 2619 nem
2138 2565 2401 2635 porrexit.
2429 2565 2592 2638 560
2630 2566 2858 2638 Magnus
2910 2567 3081 2636 igitur
3112 2571 3199 2622 vir
3237 2566 3363 2630 iste,
3387 2567 3553 2621 etiam

1981 2658 2036 2712 in
2097 2674 2333 2727 corpore
2367 2659 2628 2715 deorsum
2664 2674 2883 2716 versum
2920 2669 3204 2731 vergente,
3239 2661 3555 2730 angelorum

1979 2750 2199 2806 vivendi
2279 2753 2590 2807 institutum
2642 2753 2909 2820 imitatus,
2990 2754 3156 2810 rebus
3212 2753 3556 2825 negotiisque

1978 2846 2238 2900 omnibus
2270 2848 2525 2901 nuntium
2568 2847 2819 2901 remisit:
2846 2856 2902 2900 et
2929 2846 2980 2901 vi
3011 2856 3218 2904 natura
3248 2846 3421 2911 illata,
3487 2846 3557 2900 ad

1981 2939 2238 2995 sublimia
2268 2940 2552 3010 aspiravit,
2590 2949 2758 3009 atque
2787 2940 3029 2994 medium
3074 2939 3223 2994 inter
3257 2940 3459 2995 cmluni
3503 2949 3561 2994 et

1984 3044 2184 3090 terram
2244 3034 2584 3088 domicilium
2637 3035 2742 3088 sibi
2784 3031 2923 3090 llxit.
2962 3045 3019 3088 ut
3061 3044 3217 3088 extra
3253 3032 3472 3088 turbam
3504 3041 3563 3087 et

1983 3130 2275 3185 tumultum
2312 3143 2531 3183 omnem
2585 3131 2819 3200 positus,
2886 3129 3059 3184 Deum
3095 3128 3469 3199 gloriﬁcaret,
3506 3137 3564 3184 et

1981 3225 2266 3294 perpetuis
2296 3237 2421 3277 cum
2471 3222 2681 3293 angelis
2718 3222 3046 3293 hymnorum
3098 3222 3360 3277 laudibus
3418 3222 3565 3277 cele~

1983 3315 2192 3371 braret.
2238 3314 2377 3370 Hinc
2402 3316 2627 3386 quidem
2660 3316 2832 3370 veluti
2877 3314 3149 3370 mediator
3179 3314 3400 3384 quidam
3432 3329 3566 3384 nup-

1976 3392 2313 3478 ‘plicantium
2372 3409 2662 3464 hominum
2700 3424 2894 3478 preces
2934 3407 3001 3463 ad
3067 3407 3239 3464 Deum
3292 3406 3560 3470 referens,

1983 3500 2112 3555 inde
2148 3510 2333 3556 autem
2364 3501 2679 3558 aﬂlucntem
2709 3510 2875 3571 atque
2902 3500 3228 3554 immensam
3257 3497 3566 3569 benignita-

1987 3595 2056 3650 tis
2089 3594 2322 3665 gratiam
2352 3592 2461 3648 illis
2506 3593 2849 3661 impertiens.
2869 3592 3039 3664 Cujus
3055 3591 3376 3664 admiranda
3397 3605 3563 3661 opera

1983 3705 2015 3743 a
2054 3687 2242 3743 multis
2276 3688 2523 3757 quidem,
2554 3688 2646 3757 qui
2674 3703 2737 3740 ea
2784 3687 2966 3743 oculis
2996 3687 3098 3756 ipsi
3132 3687 3253 3741 suis
3280 3686 3562 3740 viderunt.

1987 3781 2269 3837 memoria:
2292 3782 2503 3849 prodita
2536 3790 2687 3835 sunt.
2717 3778 3020 3835 Commode
3046 3789 3229 3834 autem
3252 3788 3308 3833 et
3336 3776 3576 3847 pulchre‘

1987 3890 2049 3929 ea
2084 3873 2453 3928 Theodoritus
2498 3872 2625 3944 Cyri
2662 3874 2977 3943 episcopus,
3014 3873 3067 3926 in
3138 3870 3232 3926 Dei
3280 3876 3565 3924 amantum

311 3981 434 4034 νης,
463 3966 559 4019 καὶ⁸
576 3968 632 4020 ἐν
652 3967 820 4036 σαρκὶ
871 3969 937 4036 τῇ
964 3968 1228 4021 ἀνωτάτω
1277 3967 1741 4038 πολιτευσάμενος
1782 3970 1882 4023 ’ῐε-

1993 3967 2220 4020 historia
2250 3976 2335 4020 est
2362 3976 2708 4036 prosecutus.
2738 3965 2844 4020 Sed
2867 3965 3013 4019 enim
3045 3964 3137 4019 ubi
3172 3974 3432 4019 terrenus
3459 3962 3565 4015 iste

317 4058 748 4131 ρουσαλὴμ,τὴν
797 4060 998 4131 ἀτριδῆ
1056 4062 1150 4113 καὶ
1208 4060 1367 4130 ξένην
1421 4063 1651 4131 ταυτηνὶ
1698 4063 1885 4132 τρίϐον

314 4154 501 4207 ἀνύειν
530 4154 790 4216 ἐπέϐαλε,
853 4152 1252 4224 φιλανθρώπως
1307 4154 1359 4206 οἱ
1418 4153 1515 4216 τὰς
1562 4154 1673 4207 τῶν
1712 4156 1886 4226 ὀρέων

314 4247 559 4312 κορυφὰς
618 4241 1014 4312 κατειληφότες
1068 4243 1307 4312 Πατέρες
1370 4242 1731 4308 διατεθέντες,
1777 4244 1887 4297 τῶν

312 4354 463 4399 τινας
488 4336 697 4390 ἑαυτῶν
727 4337 1153 4407 ἀποκρίναντες,
1183 4336 1467 4389 στέλλουσι
1514 4336 1642 4408 παρ’
1696 4338 1885 4403 αὑτὸν,

313 4428 471 4483 ταῦτῗ
501 4430 678 4483 εἰπεῖν
705 4427 1081 4496 ιντειλάμενοι
1104 4445 1119 4458 ·
1154 4427 1221 4481 Τί
1254 4444 1337 4481 σοι
1385 4423 1640 4498 βούλεται
1674 4432 1707 4500 ἡ
1739 4430 1886 4494 ξενο-

314 4522 532 4593 πρεπὴς
588 4520 728 4586 αὕτη
781 4520 1043 4590 οἴκησις;
1095 4520 1165 4573 Τί
1212 4519 1312 4592 τὴν
1377 4524 1748 4593 τετριμμένην
1797 4526 1889 4577 καὶ

315 4614 499 4685 σχεδὸν
527 4614 643 4677 τοῖς
672 4615 840 4667 πᾶσιν
871 4614 1050 4680 ἁγίοις
1076 4613 1476 4682 πεπατημένην
1505 4613 1622 4667 ὁδὸν
1651 4614 1885 4682 διαφεὶς,

315 4706 785 4779 παρηλλαγμίνην
844 4706 971 4760 τινὰ
1017 4707 1110 4758 καὶ
1160 4706 1382 4772 ἀγνῶτα
1434 4707 1692 4772 καθάπαξ
1744 4710 1890 4763 εἵλου

314 4798 523 4852 ὁδεύειν
548 4817 565 4865 ;
597 4800 737 4868 Πρὸς
758 4798 825 4870 δὴ
846 4798 1062 4862 τούτοις
1090 4798 1517 4869 ὲπιτετρὰφασι,
1541 4800 1893 4856 καταϐαίνειν

317 4892 534 4947 ἐκεῖθεν
592 4891 870 4959 κελεῦσαι,
904 4892 1002 4945 καὶ
1037 4892 1137 4961 τὴν
1161 4890 1274 4944 τῶν
1320 4890 1590 4947 ἐκλεκτῶν
1634 4894 1893 4964 Πατέρων

315 4986 521 5042 ὁδεύειν
552 4985 830 5056 αἱρεῖσθαι
862 5000 878 5016 ο
915 4983 1017 5040 κᾶν
1049 4984 1149 5047 μὲν
1176 4984 1456 5056 πρόθυμος
1510 4986 1722 5055 γένοιτο
1757 4988 1893 5057 πρὶς

316 5080 416 5152 τὴν
443 5079 653 5133 ἐκεῖθεν
686 5077 994 5133 κατάϐασιν
1024 5078 1217 5130 ἑαυτὸν
1261 5078 1551 5141 ἐκδιδόναι,
1588 5084 1894 5151 συγχωρεῖν

317 5170 589 5236 ἐκέλευον,
616 5170 709 5223 καὶ
741 5168 959 5239 τρίχειν
984 5170 1052 5233 ἢν
1092 5169 1380 5239 ᾑρετίσατο
1401 5184 1415 5198 ⁸
1453 5170 1616 5238 δῆλον
1670 5170 1779 5241 γὰρ
1827 5174 1892 5243 τῇ

318 5264 534 5333 ὑπακοῇ
556 5260 630 5322 ὡς
654 5259 785 5322 Θεὸς
800 5260 995 5329 ὁδηγός
1029 5261 1178 5314 ἐστιν
1204 5253 1305 5327 ᾦδε
1327 5262 1563 5314 διαθλείν
1581 5263 1845 5333 ᾑρημένῳ
1874 5281 1888 5297 ο

317 5356 368 5410 εί
396 5356 453 5409 δέ
480 5371 545 5423 γε
573 5353 759 5418 δοῦλος
782 5354 927 5415 ,ἰδίας
945 5351 1177 5424 ὀρέξεως
1208 5354 1439 5421 γένοιτο,
1496 5357 1593 5408 καὶ
1642 5357 1889 5409 ἀντιϐαί-

317 5464 431 5500 νειν
466 5444 727 5516 πειρῷτο,
757 5446 853 5499 καὶ
889 5445 965 5515 μὴ
1006 5445 1141 5514 πρὸς
1200 5444 1299 5515 τὴν
1358 5445 1662 5515 ἐπιτροπὴν
1715 5446 1886 5510 ὀξέως

316 5536 740 5609 εὐθυδρομήσειε
792 5538 927 5607 πρὸς
962 5538 1082 5610 βίαν
1130 5539 1196 5589 ἐκ
1226 5535 1385 5601 ποδός
1427 5538 1629 5606 ἕλκειν,
1661 5540 1754 5591 καὶ
1806 5540 1885 5612 εἰς

428 5725 444 5756 ³
486 5721 619 5785 Ρδῖὶι.
661 5736 710 5785 1.,

1986 4060 2234 4130 angelus,
2269 4068 2433 4128 atque
2474 4061 2773 4114 etiamnum
2805 4058 2857 4113 in
2894 4072 3058 4112 carne
3092 4072 3363 4127 supremae
3414 4054 3567 4108 illius

1988 4151 2291 4207 Jerusalem
2329 4151 2468 4207 civis
2498 4159 2553 4204 ct
2584 4151 2764 4205 incola
2792 4152 3117 4223 Symeoncs,
3145 4164 3175 4202 a
3214 4146 3434 4201 nemine
3469 4160 3569 4198 an-

1990 4256 2076 4301 tea
2130 4246 2313 4300 tritam
2368 4260 2677 4314 novamque
2730 4245 2891 4313 plane
2943 4243 3083 4297 viam
3131 4241 3408 4311 ingressus
3457 4249 3566 4304 est,

1988 4350 2237 4390 summos
2277 4335 2546 4389 montium
2590 4334 2827 4389 vertices
2856 4333 3161 4387 incolentes
3200 4329 3391 4384 Patres
3438 4344 3567 4398 per-

1992 4428 2229 4499 benigne
2265 4443 2393 4499 erga
2420 4442 2548 4482 eum
2582 4425 2833 4488 animati,
2864 4424 3108 4479 delectos
3141 4438 3207 4477 ex
3242 4436 3437 4475 eorum
3466 4435 3569 4473 nu-

1996 4538 2145 4576 mero
2180 4520 2441 4590 quosdam
2470 4519 2535 4573 ad
2577 4534 2703 4572 eum
2761 4519 2984 4579 misere,
3011 4515 3175 4584 eique
3219 4514 3334 4568 hrec
3366 4528 3570 4568 renun-

1993 4614 2131 4668 tiare
2151 4613 2364 4684 jussere
2390 4629 2404 4666 :
2436 4610 2577 4677 Quid
2616 4610 2721 4665 sibi
2765 4609 2881 4663 vult
2914 4609 3165 4663 insolens
3184 4607 3298 4660 ba’c
3324 4616 3379 4659 et
3409 4620 3572 4675 pere-

1991 4706 2147 4777 griua
2182 4703 2487 4759 habitatio?
2513 4701 2831 4757 Curtritain
2882 4701 3022 4755 hanc
3050 4709 3109 4754 et
3144 4712 3175 4753 a
3210 4698 3417 4753 sanctis
3456 4697 3571 4751 fere

1993 4796 2254 4852 omnibus
2302 4796 2569 4850 calcatam
2602 4796 2745 4848 viam
2788 4791 3129 4861 relinquens,
3162 4790 3323 4843 aliain
3379 4806 3573 4859 quani-

1996 4889 2119 4945 dam
2177 4896 2234 4943 et
2275 4903 2501 4959 prorsus
2562 4887 2802 4959 ignotam
2858 4885 3113 4940 semitam
3161 4880 3376 4937 iniisti?
3435 4881 3571 4936 Illud

1995 4991 2261 5052 pra-terea
2301 4980 2618 5036 mandatum
2661 4979 2743 5035 eis
2784 4978 3011 5044 dedere,
3049 4986 3111 5029 ut
3138 4973 3477 5031 descendere
3509 4975 3576 5028 il-

1996 5077 2131 5137 lum,
2158 5083 2213 5130 et
2240 5075 2545 5130 electorum
2578 5071 2800 5128 Patrum
2824 5070 3055 5141 vestigia
3087 5069 3247 5140 sequi
3278 5069 3568 5140 juberent.

1995 5169 2073 5222 Ac
2106 5166 2383 5236 siquidem
2443 5175 2757 5235 promptum
2810 5180 2892 5228 se,
2951 5171 3011 5217 ut
3061 5175 3130 5218 ex
3162 5161 3421 5216 columna
3470 5159 3573 5213 de-

1998 5261 2313 5324 scenderet,
2340 5261 2650 5329 praeberet:
2686 5258 3009 5329 permittere
3038 5257 3111 5320 ei,
3138 5265 3198 5311 ut
3222 5270 3385 5325 quam
3409 5253 3570 5310 vellet

2000 5352 2218 5407 vivendi
2288 5352 2561 5406 rationem
2634 5359 3097 5422 persequeretur,
3166 5356 3569 5418 praeceperunt,

1994 5443 2379 5501 Obedieuliattt
2419 5460 2662 5515 namque
2699 5444 2841 5514 ejus,
2871 5444 2916 5496 si
2956 5446 3098 5499 licus
3129 5440 3367 5496 instituti
3419 5440 3571 5511 ejus-

1996 5538 2209 5594 ccmodi
2246 5537 2353 5592 dux
2390 5547 2557 5603 esset,
2605 5536 3007 5591 declaraturam
3040 5548 3161 5589 esse
3210 5538 3568 5591 censuerunt.
