3976 6202
202 328 337 398 ί245

189 544 350 615 ἡμῖν,
381 544 614 615 γένηται
674 552 855 621 τεῖχος
917 550 1012 605 καὶ
1063 551 1369 623 ὀχύρωμαο
1416 572 1435 605 ι
1482 549 1564 617 οἷς
1616 553 1771 624 μόλις

186 636 562 708 δυσωπηθεὶς,
591 641 776 705 ἐνδούς
805 659 866 696 τι
891 645 964 714 τῇ
990 645 1180 714 δεήσει
1215 645 1465 713 ἐκείνων,
1487 645 1549 700 τὸ
1570 645 1773 700 σεπτὸν

188 731 425 797 ἐκείνοις
459 734 608 787 εἴασε
643 735 804 804 σῶμα
833 735 926 791 τοῦ
965 737 1216 807 Συμεὼν,
1251 739 1281 794 δ
1317 739 1414 794 καὶ
1458 741 1622 811 μέχρι
1663 738 1773 792 τῶν

192 823 496 892 κατωτέρω
549 824 762 893 χρόνων
814 828 997 881 ἐκεῖσε
1050 828 1117 898 δὴ
1164 828 1532 898 φυλάττεσθαι
1585 830 1680 884 καὶ
1714 829 1773 894 ἐς

188 913 358 985 δεῦρο
383 915 588 985 ἔγνων.
626 917 742 986 Ἐφ’
837 920 903 990 δὴ
935 921 1032 976 καί
1059 938 1114 975 τι
1138 923 1450 991 παράδοξον
1477 923 1774 995 ἱστορεῖται

192 1013 304 1074 τοῖς
334 1010 672 1081 θεωρήσασι.
711 1014 824 1078 Τὰς
859 1015 969 1084 γὰρ
999 1017 1140 1069 κατὰ
1165 1017 1267 1088 τῆς
1293 1018 1536 1089 κεφαλῆς
1561 1016 1772 1073 καὶτοῦ

192 1104 458 1175 πώγωνος
491 1107 804 1176 προσούσας
827 1109 1022 1182 τρίχας
1052 1113 1129 1182 μὴ
1156 1111 1461 1175 διαπεσεῖν,
1487 1113 1630 1182 μήτε
1663 1111 1770 1184 μὴν

191 1199 270 1268 τῷ
294 1200 471 1272 χρόνῳ
494 1201 886 1274 διαφθαρῆναι,
926 1206 1082 1275 φασί·
1111 1207 1411 1272 νικήσασαι
1438 1207 1496 1262 δὲ
1523 1206 1616 1261 τὸν
1645 1209 1770 1280 χρό-

192 1312 305 1361 νον,
341 1293 425 1348 ἔτι
477 1295 864 1365 διαφαίνονται
914 1297 1193 1365 σώζουσαι
1233 1303 1311 1372 τῷ
1358 1300 1494 1372 ὁσίῳ
1534 1301 1627 1356 τὸν
1669 1319 1772 1373 χα-

195 1388 471 1460 ρακτῆρα,
499 1389 692 1462 ὥσπερ
723 1391 888 1456 ζῶντι
929 1394 1022 1446 καὶ
1057 1392 1368 1462 ἀνθρώποις
1401 1395 1766 1466 διομιλοῦντι·

194 1481 597 1550 περισώζεσθαι
625 1483 682 1538 δὲ
712 1485 864 1556 αὐτῷ
900 1488 994 1540 καὶ
1040 1486 1188 1540 ἅπαν
1215 1490 1274 1541 τὸ
1306 1488 1502 1559 δέρμα,
1552 1488 1635 1560 τῷ
1669 1504 1773 1559 μαι

193 1576 313 1647 κρῷ
346 1579 493 1649 πόνῳ
528 1582 624 1633 καὶ
667 1581 847 1652 χρόνῳ
895 1584 1328 1653 ὲῤῥυτιδωμένον
1378 1600 1438 1638 τε
1487 1584 1587 1637 καὶ
1629 1585 1772 1637 ἀπι-

196 1673 457 1743 σκ).ηκός⁶
488 1675 624 1744 προς
651 1676 705 1729 δὲ
738 1677 834 1728 καὶ
859 1680 909 1730 οἱ
943 1681 1083 1730 κατὰ
1114 1676 1210 1729 τοῦ
1244 1678 1514 1749 στόματος
1538 1679 1774 1744 ὀδόντες,

1131 342 1731 404 ECCLESIASTICE
1769 345 2156 408 HISTORIIE
2197 351 2337 414 LIB.
2382 353 2539 414 XIV.

189 450 309 518 νου)
339 450 623 521 ἠγάγομεν
649 455 709 507 τὸ
730 457 999 526 πανὰγιον
1028 458 1188 529 σῶμα
1223 458 1318 512 τοῦ
1342 459 1591 529 Συμεὼν,
1616 459 1764 522 ὅπως

1885 475 1984 525 .nr,
2018 462 2371 518 decertarent

3324 353 3462 420 1246

2420 481 2434 519 :
2486 474 2650 536 atque
2693 464 2746 519 id
2805 466 2893 520 vix
2939 465 3161 521 tandem
3223 468 3457 530 salvum,

1875 555 2063 609 multis
2093 557 2151 610 in
2182 555 2380 612 itinere
2411 558 2695 614 miraculis
2713 559 2999 626 exhibitis,
3033 560 3339 616 Antiochia:
3375 577 3467 615 re-

1875 647 2116 720 positum
2145 658 2250 704 est.
2291 650 2348 704 id
2382 653 2550 705 etiam
2587 662 2773 721 postea
2807 653 3111 722 imperator
3144 654 3189 707 is
3223 654 3293 708 ab
3351 653 3461 709 An-

1877 739 2152 799 tiochcnis
2179 745 2285 800 sibi
2312 745 2431 800 dari
2470 747 2648 816 petiit.
2702 749 2770 802 At
2814 747 2888 801 illi
2948 748 3338 816 precatoribus
3388 748 3456 802 ad

1873 852 2002 892 eum
2034 837 2236 902 missis,
2277 838 2425 892 inter
2447 838 2551 892 alia
2579 851 2634 894 et
2667 839 2782 893 haec
2807 840 3062 908 pret-ibus
3085 842 3204 896 suis
3230 841 3464 894 addide-

1874 945 1980 987 re:
2015 951 2033 983 ι
2073 933 2374 1001 Propterea
2406 934 2551 1003 quod
2589 934 2720 988 urbs
2745 943 2931 988 nostra
2960 951 3179 988 murum
3214 953 3322 990 non
3363 935 3466 990 lia-

1871 1025 2053 1089 beret,
2080 1027 2174 1096 qui
2225 1042 2426 1097 magno
2461 1036 2814 1082 terramotus
2858 1030 3063 1097 impetu
3099 1029 3331 1090 corruit.
3372 1044 3463 1083 sa-

1873 1129 2223 1176 crosanctum
2260 1120 2552 1192 Symeunis
2607 1137 2812 1190 corpus
2857 1123 2965 1176 huc
2995 1121 3353 1188 adduximus,
3405 1131 3466 1175 ut

1876 1214 2037 1271 nobis
2063 1230 2162 1285 pro
2223 1229 2381 1269 muro
2412 1224 2469 1269 et
2504 1216 2649 1268 vallo
2688 1224 2859 1269 esset.
2936 1233 2955 1266 ι
3007 1217 3237 1280 ρυίὺυεο
3279 1215 3466 1270 verbis

1874 1324 2021 1381 aegre
2071 1309 2184 1364 Leo
2247 1319 2550 1375 exoratus,
2594 1309 2856 1379 precibus
2909 1323 3101 1366 eorum
3162 1308 3352 1376 cessit,
3411 1319 3466 1364 et

1877 1414 2128 1458 sanctum
2161 1402 2454 1474 Symeonis
2515 1419 2721 1472 corpus
2752 1404 2836 1458 eis
2875 1403 3119 1472 reliquit.
3178 1401 3335 1470 Quod
3388 1401 3465 1457 ibi

1877 1498 2288 1568 posterioribus
2340 1497 2681 1567 temporibus
2725 1499 2792 1551 ad
2851 1495 2957 1552 hoc
3005 1513 3182 1568 usque
3243 1507 3467 1567 tempus

1879 1603 2160 1646 servatum
2183 1604 2305 1646 esse
2337 1589 2546 1646 scimus
2579 1589 2681 1661 (l).
2720 1589 2795 1644 De
2823 1589 2928 1645 boc
2961 1589 3273 1646 mirandum
3304 1591 3468 1660 quid-

1881 1684 2027 1748 dam.
2070 1685 2164 1755 qui
2190 1685 2243 1740 id
2283 1685 2561 1743 viderunt.
2589 1694 2919 1739 memorant.
2950 1684 3084 1740 Nam
3107 1679 3310 1756 capitis
3344 1686 3468 1753 ejus

195 1766 340 1836 πλὴν
395 1769 622 1822 ἐκείνων
673 1770 789 1824 ὅσοι
846 1771 1054 1824 πιστῶν
1114 1773 1304 1842 χερσὶν
1354 1772 1778 1842 ἁνεσπέισθησαν

1885 1788 1937 1833 ct
1995 1778 2178 1834 barba:
2215 1777 2445 1848 capillos
2478 1794 2588 1833 non
2642 1777 2936 1841 excidisse,
2988 1793 3168 1846 neque
3209 1788 3461 1847 tempore

194 1861 406 1944 φίλτρῳ
430 1862 508 1932 τῷ
531 1865 667 1932 πρὸς
694 1864 880 1919 αὐτόν.
919 1866 986 1918 ’Δ
1015 1864 1079 1935 δὴ
1116 1866 1290 1919 πάντα
1330 1864 1663 1936 κηρύττουσι
1687 1864 1780 1918 διὰ

195 1951 294 2005 τοῦ
327 1955 634 2022 σχήματος,
674 1948 789 2019 οἶός
819 1973 878 2009 τε
911 1957 1008 2009 καὶ
1034 1954 1222 2023 πόσοξ,
1258 1957 1484 2027 πηλίκο;
1521 1974 1582 2009 τε
1617 1959 1643 2010 ὁ
1681 1956 1776 2009 τιιῦ

193 2048 336 2102 Θεοῦ
359 2049 650 2122 ἄνθρωπος
693 2048 764 2122 ἦν
794 2051 1045 2121 Συμεών.
1092 2049 1433 2121 Παράκειται
1464 2052 1518 2105 δὲ
1565 2052 1643 2122 τῷ
1675 2052 1780 2104 σώ-

199 2159 335 2211 ματι
370 2143 468 2198 καὶ
496 2147 524 2198 ὁ
571 2146 636 2198 ἐκ
684 2146 912 2216 σιδήρου
951 2147 1328 2215 πεποιημένος
1359 2146 1560 2209 κλοιός·
1594 2146 1651 2208 ὃς
1684 2147 1776 2199 καὶ

195 2238 382 2306 αὐτὸς,
413 2241 634 2310 σύναμα
665 2241 744 2310 τῷ
769 2240 1088 2312 καρτερικῷ
1110 2241 1327 2293 ἐκείνου
1360 2238 1457 2295 καὶ
1490 2239 1778 2309 πολυὰθλῳ

198 2336 417 2404 σώματι
449 2336 848 2399 συναεθλεύων,
901 2342 998 2392 καὶ
1044 2337 1157 2390 τῶν
1202 2342 1265 2390 ἐκ
1299 2336 1437 2390 Θεοῦ
1470 2337 1776 2405 μετέσχηκε

193 2427 441 2497 δωρεῶν.
479 2427 617 2480 Οὐδὲ
652 2431 757 2496 γὰρ
787 2429 994 2500 καίπερ
1042 2429 1392 2483 ἀποθανόντα
1429 2428 1521 2483 τὸν
1551 2427 1777 2497 Συμεὼν

195 2523 224 2573 ο
253 2523 492 2592 ἐραστὴς
525 2522 698 2592 αὐτῷ,
731 2525 872 2578 εἴπω
905 2523 950 2575 δ’
980 2523 1062 2576 ὅτι
1105 2521 1199 2576 καὶ
1245 2521 1522 2592 ἐρώμενος
1560 2522 1778 2592 σίδηρος

195 2615 586 2681 ἀπολέλοιπεν,
606 2613 801 2687 ὥσπερ
826 2617 1250 2687 ἀποσκιρτήσας
1275 2618 1373 2686 τῆς
1390 2617 1559 2685 καλῆς
1584 2617 1779 2680 ξυναυσ

196 2710 339 2771 liae“
370 2709 488 2763 ἁλλ’
522 2710 717 2780 ἐκείνῳ
752 2709 1111 2778 παράκειται,
1145 2711 1246 2762 ὅσα
1267 2708 1333 2780 δὴ
1365 2711 1460 2762 καὶ
1486 2708 1548 2760 τὸ
1568 2709 1779 2783 ἐκείνου

200 2803 364 2874 σῶμα
402 2803 901 2871 διαπραττόμενος.
939 2801 1129 2864 Οὕτως
1169 2803 1360 2871 ἔμοιγε
1390 2804 1506 2864 τοῖς
1540 2803 1779 2855 καθέκαο

200 2916 328 2952 στον
374 2899 482 2950 τῶν
516 2898 727 2951 ἐκείνου
771 2899 911 2966 ἔρως
942 2895 1287 2962 ἐπεξελθεῖν,
1339 2898 1612 2967 ὠφέλειαν
1650 2913 1781 2967 προ-

199 2989 489 3063 ξενήσουσι
508 2990 854 3061 διηγουμένῳ
881 2990 973 3043 καὶ
1002 2993 1116 3052 τοῖς
1148 2989 1595 3059 ἐντυγχάνουσιν,
1629 2990 1677 3042 εί
1704 2991 1782 3058 μὴ

201 3085 634 3157 προειρημένοις
663 3085 832 3146 θείοις
862 3082 1122 3152 ἀνδράσιν
1149 3083 1314 3149 ἀξίως
1345 3083 1440 3136 καὶ
1472 3081 1782 3154 μάλαιλαμ-

201 3181 359 3252 πρῶς
390 3181 486 3234 καὶ
520 3181 601 3242 είς
651 3178 855 3242 πλάτος
905 3179 1087 3233 πάντα
1140 3179 1449 3247 πεπόνηται
1470 3192 1485 3208 υ
1516 3174 1688 3239 ἄλλως
1719 3193 1779 3230 τε

200 3276 301 3331 καὶ
337 3274 475 3345 πρὸς
521 3272 657 3328 ἄλλα
687 3271 789 3340 τῆς
829 3271 1167 3341 ἐπαγγελίας
1211 3272 1338 3340 ἐμοὶ
1383 3267 1780 3340 προκειμένης,

197 3365 341 3427 τέως
413 3364 553 3433 ὅπερ
618 3363 851 3424 ικείνοις
921 3359 1360 3431 παραλέλειπται
1422 3360 1781 3431 διηγήσομαι.

164 3454 463 3525 -Μὰνδραν
516 3453 640 3525 μὲν,
684 3450 759 3515 ὡς
798 3448 1041 3521 είρηται,
1090 3450 1182 3503 τὸν
1216 3450 1394 3521 χῶρον
1443 3446 1701 3503 καλοῦσιν
1732 3447 1785 3501 οἱ

203 3544 496 3619 ιπιχῶριοι
523 3547 622 3616 τῆς
643 3545 958 3615 ἀσκήσεως,
989 3542 1088 3596 τοῦ
1114 3544 1263 3600 όσίου
1285 3543 1384 3615 τὴν
1413 3541 1608 3613 κλῆσιν
1635 3540 1786 3612 αὐτῷ

205 3639 618 3702 ὲπιδεδωκότος.
649 3638 914 3709 Διέστηκε
949 3639 1006 3692 δὲ
1042 3637 1393 3701 Θεουπόλεως
1420 3637 1658 3701 σταδίοις
1683 3638 1785 3708 pd-

203 3734 367 3788 λιστα
414 3734 752 3804 τριακοσίοις
799 3735 937 3802 πρὸς
970 3732 1103 3785 αὐτὸ
1131 3732 1193 3786 τδ
1225 3731 1455 3793 ἄναντες
1489 3731 1587 3802 τῆς
1622 3745 1788 3802 κορυ-

205 3828 316 3899 φῆς
338 3827 432 3882 τοῦ
463 3827 621 3899 δρους
650 3827 998 3896 διακειμένῳ
1025 3826 1087 3878 τὸ
1118 3825 1163 3880 δ’
1193 3826 1454 3880 ἐπέκεινα
1483 3823 1786 3894 πρόσαντες

203 3924 391 3994 διήκει
427 3923 664 3986 σταδίοις
696 3921 930 3975 εἴκοσιν·
969 3921 1054 3989 ἐφ’
1103 3918 1132 3972 δ
1179 3919 1274 3972 καὶ
1304 3916 1438 3982 νεὼς
1480 3917 1679 3987 ἀνέστη
1709 3915 1800 3986 τῷ*

206 4019 355 4088 ἁγίῳ
398 4020 456 4080 ις
504 4014 745 4086 σταυροῦ
777 4017 964 4085 σχῆμα
1002 4011 1456 4080 διατυπούμενος,
1497 4001 1562 4063 ἑκ
1587 4011 1788 4064 τεσσα-

212 4128 323 4180 ρων
363 4109 619 4180 πλευρῶν
647 4106 828 4170 θόλοις
860 4106 1266 4176 κοσμούμενος.
1293 4103 1485 4167 Κίονες
1507 4103 1565 4155 δὲ
1598 4100 1790 4167 ξεστοῦ

208 4207 363 4260 λίθου
389 4203 760 4274 πεποιημένοι
789 4201 1251 4272 παρατετάχαται
1281 4199 1404 4260 ταῖς
1438 4199 1622 4256 στοαῖς
1656 4196 1790 4265 πρὸς

207 4300 270 4355 τὸ
302 4298 773 4372 εὐπρεπέστερον,
823 4293 884 4349 εὖ
942 4293 1090 4366 μάλα
1142 4295 1242 4361 τὴν
1287 4290 1497 4362 ὀροφὴν
1535 4291 1614 4352 είς
1659 4288 1791 4360 Etim;

207 4394 554 4465 ἐπαίροντες·
599 4393 663 4445 τὸ
710 4390 769 4444 δὲ
812 4389 979 4458 μέσον
1017 4387 1156 4458 αὐλή
1182 4387 1264 4449 τίς
1293 4389 1442 4445 ἐστιν
1477 4385 1788 4454 ὑπαίθριος,

1882 1869 2203 1938 longissimo
2240 1868 2594 1924 intercidisse
2621 1868 2820 1923 aiunt:
2855 1867 2951 1936 qui
2987 1869 3038 1920 vi
3072 1869 3341 1937 temporis
3370 1884 3466 1922 su-

1881 1974 2092 2035 perata,
2122 1964 2355 2019 formam
2381 1963 2563 2018 adhuc
2591 1962 2693 2017 viri
2717 1960 2896 2016 sancti
2937 1962 3109 2015 veluti
3151 1963 3390 2016 viventis
3409 1968 3467 2015 et

1880 2061 2023 2115 inter
2061 2059 2317 2115 homines
2338 2058 2610 2114 versantis
2638 2058 3038 2114 conservarint.
3064 2048 3279 2128 Integra
3296 2056 3466 2118 etiam

1880 2154 2002 2222 ejus
2040 2152 2189 2209 dicta
2217 2163 2302 2208 est
2353 2151 2525 2207 fuisse
2553 2151 2699 2205 cutis
2733 2149 2937 2215 omnis,
2975 2161 3140 2219 atque
3174 2151 3229 2206 in
3282 2149 3466 2204 [route

1882 2245 2368 2317 praecipuelabore
2404 2255 2461 2300 et
2490 2254 2739 2314 tempore
2793 2242 2970 2297 multo
3006 2243 3259 2315 rugosior
3297 2252 3465 2312 atque

1879 2337 2076 2392 durior
2107 2337 2271 2391 facta.
2295 2334 2422 2392 Oris
2445 2336 2577 2390 item
2608 2335 2830 2399 dentes,
2868 2334 2979 2389 illis
3028 2335 3278 2403 execptis
3325 2349 3468 2403 quos

1882 2432 2125 2487 fidelium
2156 2447 2351 2486 manus
2391 2439 2616 2502 propter
2647 2429 2930 2498 egregium
2979 2430 3034 2483 in
3063 2445 3189 2482 eum
3218 2443 3464 2482 amorem

1881 2525 2183 2582 abstulere.
2218 2525 2351 2594 Qum
2376 2540 2510 2580 sane
2543 2527 2728 2579 omnia
2761 2534 3035 2578 staturam
3071 2524 3192 2591 ejus
3221 2531 3278 2576 et
3308 2521 3467 2575 babi-

1884 2629 2023 2683 tum.
2056 2620 2240 2690 qualis
2261 2628 2318 2675 et
2367 2630 2611 2689 quantus
2663 2618 2756 2673 Dei
2795 2617 2964 2671 homo
2990 2616 3294 2686 Symeones
3343 2614 3467 2669 fue-

1883 2715 1978 2778 rit.
2014 2714 2281 2769 declarat.
2319 2714 2483 2769 Juxta
2507 2728 2715 2781 corpus
2745 2712 2870 2781 ejus
2893 2711 3061 2765 etiam
3095 2720 3324 2778 torques
3354 2706 3467 2762 fer-

1884 2824 2014 2864 reus
2040 2809 2257 2876 positus
2282 2816 2368 2862 est
2406 2825 2421 2861 :
2451 2807 2546 2876 qui
2583 2815 2640 2861 et
2680 2806 2819 2876 ipse,
2861 2805 3009 2875 quod
3044 2803 3318 2860 constanti
3383 2803 3464 2857 illi

1881 2912 1938 2958 et
1972 2900 2100 2956 forti
2163 2900 2217 2955 in
2265 2898 2664 2955 certaminibus
2707 2893 2879 2952 variis
2929 2897 3152 2965 corpori
3202 2894 3465 2962 adfuerit,

1884 2993 2154 3050 honorem
2187 3008 2316 3047 eum
2365 3008 2395 3046 a
2426 2993 2538 3047 Deo
2567 3000 2904 3046 consecutus
2951 2997 3056 3044 est.
3114 2986 3248 3043 Nam
3289 3001 3466 3056 quan-

1885 3088 2090 3143 tumvis
2120 3086 2444 3143 dciunctum
2472 3085 2806 3158 Symeonem
2846 3097 3039 3137 amans
3081 3081 3250 3140 illius.
3283 3079 3465 3134 dicam

1883 3184 2050 3239 etiam
2071 3189 2314 3236 amatum
2339 3182 2407 3234 ab
2429 3180 2522 3234 illo
2549 3180 2782 3241 ferrum,
2803 3193 2914 3231 non
2940 3173 3186 3246 reliquit,
3209 3182 3465 3242 tanquam

1884 3271 1955 3328 ab
1985 3271 2135 3327 illius
2164 3272 2398 3342 pulchra
2430 3268 2838 3325 consuetudine
2874 3267 3130 3321 resiliens
3154 3281 3170 3318 :
3196 3264 3288 3320 sed
3309 3264 3466 3335 juxta

1883 3366 2040 3423 illum
2073 3366 2242 3422 situm
2266 3375 2368 3429 est,
2408 3363 2577 3419 veluti
2612 3378 2816 3434 corpus
2840 3362 2988 3417 illius
3018 3359 3339 3430 perliciens.
3374 3359 3464 3412 In-

1884 3476 2022 3534 gens
2051 3477 2185 3517 vero
2218 3461 2356 3516 mihi
2410 3459 2612 3531 cupido
2653 3459 2980 3523 incesserat,
3004 3455 3241 3524 resejus
3265 3452 3470 3523 sigilla-

1887 3556 1984 3610 tim
2031 3553 2380 3619 recensendi,
2415 3552 2707 3606 utilitatem
2739 3560 2796 3605 et
2819 3547 2952 3603 mihi
2981 3547 3468 3610 commemoranti,

1885 3656 1944 3703 et
1973 3648 2264 3703 historiam
2298 3649 2440 3701 banc
2470 3646 2668 3717 legenti
2732 3644 3001 3698 allatura:
3046 3661 3061 3698 :
3103 3642 3208 3696 nisi
3259 3643 3328 3695 ab
3364 3640 3468 3703 eis,

1885 3756 2025 3810 quos
2047 3740 2185 3807 dixi,
2215 3740 2420 3795 sanctis
2446 3741 2577 3795 viris
2609 3754 2708 3808 pro
2735 3753 2803 3791 eo
2859 3745 3025 3806 atque
3064 3737 3248 3797 decet,
3303 3734 3466 3788 lucu-

1887 3833 2067 3888 lenter
2094 3843 2151 3888 et
2173 3832 2398 3902 copiose
2426 3840 2614 3887 essent
2646 3830 2942 3900 descripta:
2977 3848 2988 3882 :
3023 3829 3299 3898 prmeipue
3341 3839 3470 3878 cum

1889 3924 1955 3980 ad
1989 3927 2094 3979 alia
2128 3941 2250 3995 qua:
2282 3926 2518 3980 instituti
2551 3925 2916 3994 promissique
2949 3924 3128 3975 nostri
3172 3930 3303 3974 sunt
3330 3918 3472 3971 reie-

1891 4019 2062 4072 renda
2092 4019 2255 4075 nobis
2291 4018 2700 4089 pr0perandum
2728 4018 2820 4072 sit.
2861 4017 3044 4083 Quare
3078 4031 3248 4068 unum
3276 4013 3470 4066 salu-nt

1890 4113 2039 4182 quod
2075 4113 2143 4165 ab
2171 4112 2282 4166 illis
2312 4111 2748 4180 praeteritiissum
2795 4121 2903 4178 est,
2945 4127 3091 4164 nunc
3132 4120 3472 4161 ευιιιιιιριιιο‹

1894 4208 2045 4261 rabo.
2075 4206 2378 4269 Mandram,
2405 4206 2570 4260 sicuti
2602 4205 2811 4260 dictum
2853 4213 2962 4266 est,
2989 4201 3277 4255 monastici
3311 4214 3469 4252 etcr-

1892 4301 2010 4355 citii
2045 4303 2168 4371 ejus
2195 4301 2378 4355 locum
2409 4301 2607 4355 incolze
2630 4303 2943 4361 nominant,
2975 4297 3344 4366 appellatione
3378 4293 3475 4347 tali

1893 4395 1943 4446 ei
1971 4408 2000 4446 a
2034 4403 2226 4449 sancto
2250 4395 2367 4462 ipso
2398 4394 2518 4448 viro
2540 4393 2818 4464 imposita.
2839 4390 2998 4462 563
3026 4391 3199 4443 Distat
3237 4405 3266 4440 a
3294 4387 3480 4441 Theo-

209 4489 374 4560 τέχνῃ
403 4489 466 4558 δή
514 4503 619 4540 τινι
669 4485 902 4559 πλείστῃ
948 4484 1139 4554 ἄκρως
1183 4479 1610 4552 ὲξειργασμένη·
1653 4480 1782 4533 ὅπου

1895 4487 2004 4557 poli
2037 4489 2230 4544 stadiis
2256 4487 2556 4558 plurimum
2605 4489 2891 4548 trecentis,
2924 4486 2991 4539 ad
3029 4483 3293 4538 acclirem
3321 4496 3478 4534 mon-

209 4583 355 4637 κατά
391 4581 559 4649 μέσον
605 4583 633 4633 ό
689 4579 1294 4650 τεσσαρακοντάπηχυς
1349 4578 1558 4639 ἐκεῖνος
1610 4575 1794 4645 ἵδρυτο

211 4674 383 4726 κίων⁶
433 4664 479 4739 ᾧ
529 4672 886 4741 χρησάμενος
931 4670 960 4722 ὁ
1005 4671 1156 4731 ὅσιος
1186 4669 1441 4739 κλίμακι,
1474 4669 1504 4721 ὁ
1532 4668 1794 4736 ενςαρκος

209 4766 447 4832 ἄγγελος
477 4766 613 4833 πρὸς
643 4763 733 4816 τὸν
762 4765 1021 4833 οὐράνιον
1048 4763 1326 4832 ἀνέδραμε
1359 4763 1562 4831 χῶρον.
1594 4761 1716 4816 Τῶν
1749 4758 1795 4812 δ’

211 4859 524 4931 εἰρημένων
559 4877 650 4928 μοι
702 4857 876 4910 στοῶν
921 4857 1060 4926 πρὸς
1111 4859 1178 4927 τῇ
1225 4858 1441 4926 κορυφῇ
1491 4854 1793 4923 κλειθρίδιά

211 4967 335 5004 τινα
360 4949 716 5012 καθεστᾶσιν,
741 4949 847 5002 ἂπε
857 4966 889 5018 ρ
920 4947 1055 5000 ἔνιοι
1081 4945 1305 5016 θυρίδας
1339 4947 1523 4999 καλεῖν
1548 4945 1789 5000 εἰώθασι.

217 5043 362 5115 Πρὸς
396 5045 590 5104 αὑταῖς
617 5043 684 5113 δὴ
709 5044 829 5105 τοῖς
864 5044 1053 5103 στοαῖς
1086 5043 1182 5094 καὶ
1206 5042 1268 5092 τὺ
1303 5041 1468 5110 ῥηθὲν
1500 5037 1793 5109 προαύλιον

213 5137 488 5209 ὕπαιθρον
536 5138 924 5208 ἀποκρίνεται,
984 5136 1083 5190 καὶ
1131 5137 1318 5206 χώραν
1374 5133 1646 5197 δδούσαις
1681 5136 1792 5194 τοῖς

214 5230 517 5300 ᾑρημένοις
569 5229 727 5290 ἐκτὸς
764 5228 902 5297 ὁρᾷν
936 5226 1161 5290 ἔσωθεν,
1201 5225 1296 5279 καὶ
1340 5225 1449 5277 ἔσω
1500 5224 1662 5277 πάλιν
1690 5223 1796 5276 ἀπὸ

215 5323 327 5378 τῶν
369 5321 592 5389 ἔξωθεν.
652 5321 824 5374 Ἔνθα
871 5321 966 5372 τὸν
1005 5321 1442 5389 παρακύπτοντα
1485 5318 1620 5388 ὁρᾷν
1647 5318 1796 5369 ἔστιν

213 5417 424 5488 ἀστέρα
450 5417 574 5470 τινὰ
606 5416 967 5485 ὑπερμεγέθη
996 5414 1118 5467 καθ’
1149 5413 1296 5469 ἅπαν
1326 5413 1386 5466 τὸ
1410 5413 1650 5483 θυρίδιον
1678 5412 1796 5466 δια-

218 5511 412 5564 θέοντα
447 5511 538 5563 καὶ
568 5508 886 5580 περιφανῶς
916 5508 1405 5576 σελαγίξοντα,καὶ
1429 5506 1628 5560 ὡσανεὶ
1653 5525 1792 5559 παυ-

289 5670 368 5741 (i)
415 5669 630 5740 Corpus
669 5669 941 5725 Simeonis
976 5686 1146 5739 usque
1177 5671 1242 5722 ad
1299 5667 1514 5739 Evagrii
1565 5668 1792 5725 Schola-

220 5743 340 5795 stici
367 5753 612 5811 tempora
635 5743 909 5809 integrum
938 5743 1170 5794 duravit.
1192 5741 1361 5811 llnjus
1387 5751 1551 5810 caput
1576 5759 1634 5796 se
1661 5757 1787 5794 cum

224 5814 410 5868 multis
439 5813 817 5866 sacerdotibus
861 5812 1063 5866 VllllsSU
1109 5814 1299 5867 scribit
1350 5813 1614 5881 Evagrius
1670 5813 1788 5879 cpi-

222 5897 448 5948 a‘copum
499 5883 804 5939 Antiochia:
858 5893 1050 5946 agt-nte
1107 5885 1464 5940 tticbcrrimo
1499 5885 1785 5944 Gregorio.

1905 4582 1974 4634 tis
2001 4581 2268 4636 verticem
2303 4581 2432 4637 sita.
2472 4583 2752 4636 Ascensus
2810 4578 3018 4633 arduus
3056 4577 3363 4630 stadiorum
3395 4573 3479 4626 vi-

1899 4676 2035 4745 [:iuti
2065 4685 2170 4737 est.
2221 4674 2314 4730 ubi
2360 4683 2417 4728 et
2461 4673 2730 4742 templum
2766 4670 2886 4724 viro
2917 4678 3129 4734 sancto,
3182 4667 3236 4721 in
3292 4665 3480 4720 crucis

1898 4769 2137 4836 speciem
2173 4765 2674 4831 conformatum,et
2705 4780 2773 4819 ex
2803 4774 3044 4835 quatuor
3072 4759 3326 4832 partibus
3349 4776 3480 4828 por-

1901 4861 2101 4916 ticibus
2129 4871 2485 4927 exornatum,
2517 4861 2822 4916 excit-itum
2888 4869 2995 4914 est.
3031 4859 3193 4914 Juxta
3228 4857 3480 4927 porticus

1895 4967 1990 5008 eas
2014 4969 2084 5008 ex
2129 4968 2260 5007 saxo
2287 4953 2455 5022 polito
2481 4953 2756 5006 columna:
2779 4951 3170 5006 decentissime
3191 4959 3483 5003 construc-

1900 5058 1966 5102 tze
2001 5055 2150 5112 sunt,
2179 5063 2303 5118 qua:
2357 5063 2629 5102 summam
2663 5044 3001 5102 testudinem
3034 5044 3370 5116 perpulebre
3421 5044 3479 5096 in

1898 5140 2130 5194 sublime
2153 5139 2429 5193 attollunt.
2467 5139 2523 5193 In
2558 5139 2740 5193 medio
2767 5139 3072 5210 hypaztbra,
3105 5136 3221 5191 sive
3248 5136 3504 5190 subdia--

1896 5235 1969 5288 lis
1994 5233 2117 5288 aula
2144 5243 2249 5298 est,
2284 5243 2402 5287 arte
2427 5232 2701 5301 exquisita
2734 5229 3110 5285 adsutmnutn
3173 5229 3471 5284 elaborata.

1898 5327 1956 5381 lu
1984 5325 2161 5380 media
2196 5343 2284 5388 ea.
2317 5326 2575 5380 columna
2611 5326 2701 5379 illa
2736 5325 3100 5395 quadraginta
3157 5321 3477 5376 cubitorum

1897 5429 2028 5482 stat,
2077 5435 2182 5489 qua
2223 5429 2446 5473 sanctus
2478 5420 2567 5474 ille
2597 5419 2680 5472 vir
2728 5426 2784 5473 et
2807 5417 3044 5481 carm-slis
3096 5416 3324 5485 angelus
3356 5424 3479 5467 tan-

1899 5529 2063 5583 quam
2093 5513 2257 5568 scalis
2287 5528 2441 5579 usus,
2475 5513 2541 5567 ad
2579 5512 2861 5568 cmlcstem
2897 5509 3224 5570 conscendit
3287 5507 3472 5577 regiu-

1895 5685 2019 5723 cnm
2054 5669 2395 5740 Philippicus
2425 5666 2771 5721 orientalium
2805 5666 3086 5740 copiarum
3124 5666 3248 5740 tlux_
3285 5661 3479 5740 μιξοδί-

1894 5743 1964 5796 tlii
1988 5756 2154 5868 lcausa
2186 5733 2289 5796 sibi
2322 5755 2505 5797 sacras
2529 5749 2843 5795 sanctorum
2874 5733 3142 5807 reliquias
3178 5733 3321 5790 mitti
3373 5748 3475 5805 po-

1894 5829 1978 5868 Btu
2010 5821 2147 5868 aret.

1893 5829 2147 5868 ειυιιιτυι.
