3946 6196
460 328 597 395 1259

1672 324 2091 388 NICEPHORI
2135 326 2481 390 CALIJSTI

3592 312 3739 382 1260

458 447 696 502 formam
723 439 1143 513 reipublicm‘ab
1171 438 1504 507 imperatore
1531 438 1782 508 regendae
1803 440 2042 511 comple-

2153 457 2284 505 ρου·
2333 445 2382 496 οἱ
2411 440 2505 495 δύο
2529 438 2659 509 περὶ
2713 436 2988 508 προνοίας,
3016 434 3109 498 οὓς
3136 431 3503 503 Αίγυπτίους
3533 430 3735 485 καλεῖ·

455 551 636 594 cteris.
680 535 1018 607 Opusculum
1064 532 1138 587 De
1183 534 1481 587 insomniis.
1525 533 1607 588 Ad
1639 532 1919 588 l‘monium
1964 533 2040 588 De

456 630 591 682 dono
623 627 783 681 liber.
808 627 883 681 De
906 624 1256 679 Providentia
1288 624 1414 677 libri
1434 624 1565 688 duo,
1593 637 1734 693 quos
1759 623 2038 694 [Egyptian

434 718 726 798 ,nominat.
766 717 897 771 ltcm
944 714 1087 770 Laus
1130 716 1358 769 caluitii.
1393 714 1457 768 Et
1490 714 1675 786 hymni
1708 714 1934 786 quidam
1970 716 2037 770 ad

466 811 638 865 Deum
690 823 955 878 perquam
999 812 1136 864 scite
1176 809 1245 864 ab
1303 824 1370 863 eo
1411 808 1727 878 compositi.
1759 808 2034 863 Caeterum

456 918 579 973 ego,
604 903 698 972 qui
720 904 1010 956 Veritatem
1038 901 1286 971 proferre
1308 900 1527 963 studeo,
1549 900 1840 971 epistolam
1863 901 2040 970 ipsius

462 998 548 1050 hic
592 1010 897 1063 apponam,
943 1008 1107 1063 quam
1151 994 1218 1048 ad
1267 994 1489 1048 fratrem
1533 992 1803 1064 Evopinm
1842 991 2032 1047 dedit:

461 1088 608 1143 unde
665 1088 972 1156 intelligere
1020 1086 1188 1149 licet,
1239 1088 1305 1141 de
1355 1087 1688 1156 quibusnam
1742 1084 1911 1139 rebus
1956 1083 2038 1139 illi

459 1177 789 1247 ambigenti,
834 1192 933 1245 per
959 1177 1308 1231 ceintnodam
1349 1176 1817 1247 dispensationem
1851 1190 2039 1230 sacer-

458 1269 594 1323 dotii
643 1269 965 1338 dignitatem
1010 1271 1294 1339 suscipere
1340 1270 1673 1341 permissum
1707 1278 1812 1323 est.
1841 1267 1917 1323 Ea
1950 1277 2038 1324 est

458 1362 627 1417 talis:
665 1381 683 1414 ι
724 1361 1166 1416 lnconsidcratus
1208 1378 1341 1417 sane
1386 1378 1569 1418 essent
1596 1402 1612 1429 ,
1662 1362 1767 1417 nisi
1808 1362 2035 1416 multam

457 1455 718 1510 haberem
758 1453 1117 1510 Ptolemaidis
1148 1455 1363 1510 civibus
1390 1456 1647 1524 gratiam,
1679 1456 1775 1526 qui
1813 1470 1900 1510 me
1936 1455 2040 1510 lto-

459 1561 595 1602 nore
615 1561 703 1609 eo,
729 1561 841 1615 quo
883 1546 1154 1617 meipsum
1204 1548 1488 1618 indignum
1538 1558 1695 1619 puto,
1744 1547 2038 1603 honestum

453 1654 579 1695 esse
624 1639 839 1693 volunt.
888 1639 1094 1695 Verum
1145 1654 1256 1693 non
1287 1654 1357 1693 an
1406 1641 1484 1693 illi
1532 1654 1730 1710 magna
1769 1639 2037 1705 tribuant,

451 1727 550 1784 sed
596 1730 782 1797 potius
810 1742 880 1781 an
926 1743 993 1782 ea
1036 1743 1069 1783 a
1106 1742 1192 1783 me
1240 1728 1557 1799 recipienda
1602 1730 1737 1795 sint,
1785 1737 2039 1800 spectare

2144 533 2239 586 xui.
2267 532 2327 586 ὃν
2372 529 2673 601 ἐπιγράφει
2701 526 3022 595 Φαλάκρας
3065 525 3393 596 ἐγκώμιον*
3445 521 3543 577 καί
3580 536 3736 582 τινες

2143 626 2284 698 πρὸς
2310 624 2446 679 Θεὸν
2478 624 2638 694 ὕμνοι
2666 622 2901 685 εὐτόνως
2927 619 3107 689 τούτῳ
3151 616 3539 687 πεποιημένοι.
3586 612 3741 679 Ἐγὼ

2143 721 2202 774 δὲ
2228 717 2461 790 τάληθὲς
2496 717 2585 772 ἀεὶ
2618 712 3001 788 πρυτανεύων,
3033 710 3128 766 καὶ
3175 710 3349 780 αὐτὴν
3379 712 3609 775 ἐκείνην
3638 706 3742 759 a5-

2142 810 2237 863 τοῦ
2268 809 2369 881 τὴν
2409 807 2700 878 ἐπιστολὴν
2732 805 3149 878 παραθήσομαι,
3184 803 3253 875 ἥν
3302 798 3442 872 πρὸς
3490 800 3742 853 Εύὸπιον

2141 902 2347 973 γράφει
2364 901 2456 955 τὸν
2470 900 2717 971 ἀδελφδν,
2733 899 2856 952 τίνα
2882 897 3063 965 ζητῶν
3086 895 3403 967 ὲξεχωρήθη
3428 893 3555 947 κατ’
3579 893 3740 943 nixo-

2145 982 2342 1067 νομίαν
2358 996 2458 1065 τὴν
2482 992 2787 1065 ἱερωσύνην
2806 992 3180 1046 ).α6εἶν.”Εστι
3203 990 3261 1044 δὲ
3289 987 3430 1058 αῦτη
3456 1000 3473 1017 ⁸
3495 1006 3518 1039 ι
3543 985 3743 1054 ’Δνότδο

2142 1108 2232 1155 τος
2262 1092 2328 1146 ἂν
2355 1089 2561 1158 είην,εί
2587 1089 2663 1159 μὴ
2697 1085 2902 1156 πολλὴν
2923 1086 3085 1156 χάριν
3118 1084 3318 1154 εἰδείην
3347 1082 3736 1150 “relegatae,

2141 1186 2225 1239 ὅτι
2260 1201 2328 1255 με
2358 1180 2630 1237 τοσούτων
2652 1178 2898 1245 ἀξιοῦσιν
2937 1179 3065 1231 ὅσον
3093 1174 3204 1228 οὐδ’
3237 1175 3305 1227 ἂν
3334 1171 3497 1235 αὐτὸς
3546 1172 3732 1239 ὲμαυ-

2138 1277 2251 1333 τὸν.
2290 1273 2432 1330 Ἀλλ’
2460 1273 2561 1327 ούκ
2602 1273 2653 1326 εί
2707 1271 2923 1342 μεγάλα
2970 1268 3311 1340 χαρίζονται,
3338 1265 3503 1355 τοῦτο
3552 1280 3741 1355 atpos-

2139 1368 2263 1437 ήκει
2318 1364 2581 1418 σκοπείν’
2614 1361 2731 1415 ἀλλ’
2763 1363 2811 1415 εί
2844 1360 3029 1413 λαϐεῖν
3065 1358 3190 1426 ἐμοὶ
3242 1354 3489 1411 δυνατά·
3530 1354 3592 1407 τὸ
3625 1356 3740 1422 γάρ

2141 1458 2435 1529 ἄνθρωπον
2464 1455 2597 1510 ὄντα
2628 1453 2830 1527 μικροῦ
2863 1452 3014 1515 θείας
3043 1448 3393 1519 καρποῦσθαι
3425 1448 3628 1518 τιμὰς,
3657 1448 3739 1500 δι-

2142 1551 2286 1621 καίῳ
2329 1549 2431 1621 μὲν
2486 1546 2603 1602 θντι
2656 1546 2972 1616 τυγχάνειν,
3019 1544 3237 1616 ἣδιστον
3290 1544 3373 1604 είς
3424 1541 3740 1596 ἀπόλαυσιν

2143 1642 2363 1715 ἔρχεται
2388 1682 2405 1708 ,
2432 1640 2750 1711 λειπομένῳ
2778 1640 2836 1693 δὲ
2865 1637 3160 1708 παραπολῦ
3197 1637 3298 1706 τῆς
3328 1634 3509 1700 ἀξίας,
3534 1634 3739 1688 ἐλπίδα

2145 1735 2355 1806 πικρὰν
2383 1732 2660 1788 ὑποτείνει
2691 1729 2787 1786 τοῦ
2834 1731 3124 1802 μέλλοντος
3147 1744 3163 1761 ο
3198 1729 3262 1783 οὐ
3306 1730 3419 1800 γὰρ
3458 1726 3739 1799 νεώτερόν

452 1821 735 1879 convenit.
767 1820 924 1886 Quod
953 1819 1001 1875 si
1031 1824 1180 1876 enim
1214 1821 1376 1875 homo
1405 1821 1595 1876 divino
1621 1837 1793 1891 prope
1823 1822 2039 1876 fruatur

2153 1826 2261 1878 itm
2309 1824 2372 1877 τὸ
2399 1824 2539 1887 δέος,
2567 1821 2700 1875 ἀλλά
2745 1819 2869 1875 λίαν
2916 1821 3190 1890 ἀρχαῖον·
3234 1817 3297 1873 τ’)
3346 1817 3425 1889 μή
3472 1806 3549 1870 ’τι
3598 1815 3741 1885 περὶ

454 1910 691 1980 honore,
726 1915 999 1985 siquidem
1027 1917 1212 1986 justus
1245 1916 1338 1983 sit,
1374 1916 1763 1973 dulcissimum
1803 1917 2045 1988 percipit

456 2010 744 2064 fructum:
795 2008 882 2062 sin
934 2007 1207 2077 dignitate
1259 2025 1324 2063 ea
1376 2008 1551 2079 longe
1610 2011 1683 2065 sit
1737 2011 2041 2082 indignior,

458 2103 711 2157 acerbam
739 2099 911 2155 futuri
938 2101 1178 2156 sustinet
1203 2105 1699 2170 exspectationem.
1728 2104 1903 2159 Porro
1930 2119 2043 2159 non

459 2208 638 2249 novus
671 2192 763 2247 hic
784 2233 800 2258 ,
842 2191 939 2248 sed
980 2203 1234 2248 vetustus
1269 2193 1568 2249 admodum
1610 2203 1697 2249 est
1727 2206 1940 2261 metus,
1972 2211 2044 2253 ne

458 2284 592 2355 quid
625 2285 680 2339 in
712 2282 885 2337 Deum
922 2284 1296 2347 committens,
1330 2287 1597 2340 honorem
1624 2284 1693 2339 ab
1725 2286 2047 2343 hominibus

460 2378 820 2434 commissum
868 2378 1066 2435 feram.
1109 2378 1223 2449 Ego
1252 2392 1385 2433 sane
1429 2378 1523 2447 qui
1576 2377 1847 2448 meipsum
1892 2377 2043 2443 novi,

462 2470 794 2542 ineptiorem
824 2475 1055 2526 omnino
1082 2471 1389 2541 comperio,
1421 2486 1587 2541 quam
1626 2481 1685 2525 ut
1712 2470 2045 2525 sacerdotali

462 2560 716 2632 dignitati
747 2561 998 2631 gerenda:
1029 2559 1261 2615 idoneus
1285 2560 1411 2615 sim.
1441 2559 1602 2629 572
1632 2560 1871 2616 Proinde
1897 2560 2044 2632 apud

463 2660 516 2708 te
558 2650 627 2706 dc
660 2650 828 2706 animi
861 2650 967 2705 mei
1010 2649 1253 2703 motibus
1281 2658 1339 2703 et
1381 2648 1814 2717 cogitationibus
1860 2664 2043 2719 agant.

463 2743 587 2799 Non
621 2741 792 2797 enim
843 2741 1013 2796 alium
1078 2739 1279 2800 habeo,
1330 2739 1475 2811 apud
1524 2754 1691 2809 quem
1739 2739 1795 2795 id
1836 2741 2047 2795 rectius

464 2834 688 2900 faciam,
721 2848 885 2904 quam
916 2844 990 2899 te,
1017 2831 1348 2904 percharum
1385 2831 1517 2885 mibi
1550 2846 1878 2901 mecumque
1910 2832 2048 2886 edu-

464 2933 649 2982 catum
683 2933 871 2995 caput.
918 2922 994 2979 Te
1041 2938 1277 2993 namque
1323 2938 1544 2993 atquum
1590 2932 1675 2977 est
1715 2923 2045 2993 participem

463 3032 588 3074 esse
619 3031 874 3072 curarum
924 3030 1193 3080 mearum,
1224 3030 1289 3068 ac
1324 3024 1489 3069 noctu
1522 3015 1839 3085 vigilantem
1904 3014 2047 3069 deli-

466 3111 701 3176 berare,
742 3117 800 3165 et
829 3109 1069 3164 interdiu
1112 3108 1445 3178 cogitantem
1485 3108 1863 3172 considerare,
1903 3118 1963 3163 ut
1991 3117 2047 3161 et

466 3205 601 3260 boni
661 3203 797 3258 mihi
846 3202 1055 3273 aliquid
1102 3205 1420 3273 contingat,
1475 3212 1532 3258 et
1587 3203 1713 3256 mali
1765 3201 2047 3272 quidpiam

465 3296 750 3369 cﬂugiam.
804 3296 1008 3366 Accipe
1039 3294 1210 3365 igitur
1264 3311 1377 3365 quo
1428 3294 1553 3349 loco
1603 3310 1693 3350 res
1743 3312 1875 3349 mea:
1911 3295 2046 3357 sint,

466 3404 591 3460 qua:
632 3388 732 3442 tibi
777 3388 943 3443 etiam
986 3387 1195 3457 majore
1233 3401 1300 3439 ex
1350 3394 1528 3455 parte,
1560 3386 1781 3455 opinor,
1817 3387 2052 3455 cognita

468 3489 620 3537 sunt.
665 3479 836 3535 Fasce
875 3478 1077 3550 exiguo
1120 3478 1360 3543 sublato,
1403 3477 1633 3547 pulchre
1679 3477 1815 3531 mihi
1860 3476 2053 3532 vidi-0r

469 3573 759 3641 hucusque
781 3569 1184 3641 philosophiam
1210 3569 1385 3639 ipsam
1411 3570 1727 3639 pertulisse.
1753 3568 1892 3624 Cum
1920 3583 2052 3622 vero

469 3668 539 3723 ab
569 3665 889 3721 hominibus
922 3680 1031 3719 non
1059 3678 1290 3733 prorsus
1316 3676 1597 3733 perperam
1631 3662 1685 3716 in
1712 3677 1777 3717 ea
1805 3673 2055 3717 versatus

470 3773 595 3817 esse
642 3774 894 3824 censear,
946 3758 1230 3812 laudatum
1278 3772 1310 3812 a
1357 3756 1730 3825 quibusdam,
1784 3754 2053 3823 ampliore

471 3867 622 3907 nunc
652 3851 864 3905 honore
891 3865 978 3905 me
1004 3858 1263 3905 ornatum
1299 3862 1423 3902 esse
1449 3847 1667 3912 volunt,
1702 3846 1795 3916 qui
1827 3845 1895 3899 de
1932 3845 2053 3898 ido—

472 3948 597 4004 neis
659 3947 831 4002 animi
888 3946 993 4001 mei
1047 3945 1258 4000 viribus
1307 3944 1563 4012 judicare
1628 3958 1738 3997 non
1797 3948 2051 4012 possunt.

474 4040 681 4097 Vereor
718 4049 903 4097 autem
936 4054 1005 4095 ne
1037 4038 1083 4094 si
1110 4054 1203 4109 per
1230 4039 1467 4109 ineptam
1489 4038 1847 4092 ambitionem
1873 4034 2051 4107 digiti-

473 4143 647 4189 tatem
704 4133 945 4188 oblatam
1004 4131 1309 4200 recipiam,
1370 4141 1634 4185 neutrum
1696 4144 2051 4198 consequar:

475 4226 734 4282 videlicet
788 4239 972 4295 neque
1030 4223 1249 4278 laudem
1307 4238 1375 4278 ex
1440 4224 1654 4278 honore
1711 4232 2050 4292 contempto,

481 4334 660 4390 neque
712 4319 941 4390 gloriam
993 4331 1061 4372 ex
1110 4317 1381 4386 dignitate
1434 4317 1622 4370 minus
1676 4326 1825 4370 recte
1875 4325 2050 4386 gesta.

483 4414 614 4467 Rem
667 4411 839 4481 ipsam
867 4408 948 4465 sic
978 4424 1190 4463 mecum
1236 4407 1553 4463 considera.
1606 4408 1793 4463 Rebus
1839 4406 2056 4461 duabus

2145 1916 2281 1970 Θεὸν
2323 1914 2653 1986 ἀμπλακὼν,
2711 1913 2881 1983 τιμάς
2928 1914 3066 1985 πρὸς
3122 1911 3433 1984 ἀνθρώπιον
3484 1909 3735 1981 ἐφεύρω.

2160 2007 2304 2079 Ἐγὼ
2332 2010 2391 2063 δὲ
2450 2007 2891 2080 καταμανθάνων
2933 2007 3198 2077 ὲμαυτδν,
3236 2005 3479 2077 εὑρίσκω
3521 2003 3741 2058 παντά-

2148 2117 2319 2154 πασιν
2348 2098 2717 2169 ἐνδεέστερον,
2744 2097 2778 2169 ἦ
2806 2098 2881 2160 ὡς
2912 2098 3153 2168 ἁρμόσαι
3194 2100 3260 2168 τῇ
3288 2096 3389 2165 τῆς
3425 2094 3739 2166 ἱερωσύνης

2148 2192 2465 2263 σεμνότητι.
2502 2192 2611 2244 Καὶ
2655 2190 2797 2262 δῆτα
2825 2190 3146 2258 διαλέξομαι
3192 2188 3330 2260 πρός
3358 2204 3419 2243 σε
3452 2189 3588 2259 περὶ
3622 2187 3739 2242 τῶν

2145 2286 2245 2353 τῆς
2279 2280 2522 2353 ἐμαυτοῦ
2556 2282 2739 2353 ψυχῆς
2786 2280 3109 2351 κινημάτων
3137 2296 3153 2313 ⁸
3184 2281 3246 2334 οὐ
3292 2280 3400 2352 γάρ
3450 2279 3563 2351 ἔχω
3595 2280 3741 2350 πρὶς

2147 2378 2335 2431 δντινα
2362 2376 2524 2431 ἀλλον
2552 2378 2675 2431 ἀντὶ
2698 2375 2801 2445 τῆς
2846 2375 2943 2445 σῆς
2976 2374 3141 2446 φίλης
3176 2375 3273 2428 καὶ
3308 2375 3615 2443 συντρόφου
3642 2388 3739 2444 μοι

2149 2468 2416 2538 κεφαλῆς.
2450 2467 2516 2520 Σὲ
2558 2470 2669 2538 γάρ
2699 2468 2846 2531 είκδς
2877 2469 2973 2521 καὶ
3018 2468 3273 2537 μετέχειν
3316 2482 3412 2535 μοι
3445 2466 3557 2519 τῶν
3596 2466 3739 2519 ῐσων

2150 2562 2481 2635 φροντίδων
2512 2562 2607 2613 καὶ
2639 2560 2857 2633 νύκτωρ
2892 2561 3222 2630 ἀγρυπνεῖν,
3271 2560 3367 2611 καὶ
3400 2557 3737 2628 μεθημέραν

2150 2663 2399 2725 σκοπεῖν,
2424 2660 2572 2719 ὅπως
2598 2657 2665 2711 ἂν
2700 2636 2906 2722 ἀγαθόν
2941 2652 2994 2705 τί
3031 2667 3121 2722 μοι
3150 2652 3403 2720 γένοιτο,
3447 2650 3546 2703 καὶ⁵
3585 2649 3737 2711 ὅπως

2148 2754 2216 2808 ἀν
2272 2754 2442 2807 κακόν
2496 2769 2548 2805 τι
2598 2750 2954 2817 διαφύγοιμι.
3016 2746 3225 2798 Ἀκουε
3278 2742 3572 2805 τοίνυνὼς
3617 2742 3738 2811 εχει

2149 2847 2335 2916 τὰμά’
2374 2846 2441 2898 τά
2477 2842 2647 2896 πλείω
2697 2840 2743 2893 δ’
2783 2842 2851 2893 ἀν
2901 2837 3082 2891 αὐτῶν
3114 2834 3213 2890 καὶ
3258 2835 3482 2904 εἰδείης.
3514 2835 3737 2905 Mutpr

2149 2938 2427 3008 ἀράμενος
2461 2934 2708 3004 φορτίον,
2746 2929 2928 2994 καλῶς
2960 2930 3211 2997 ινεγκεῖν
3253 2944 3348 2998 μοι
3376 2926 3523 2981 δοκῶ
3547 2927 3610 2979 τὸ
3642 2926 3741 2996 μέ-

2151 3047 2247 3101 χρι
2272 3028 2427 3083 τοῦδε
2460 3026 2809 3096 φιλοσοφίαν.
2842 3024 2941 3076 Διά
2970 3022 3026 3075 δὲ
3054 3022 3117 3075 τὸ
3146 3018 3299 3085 δόξαι
3341 3018 3419 3092 μὴ
3448 3019 3739 3074 παντάπα-

2155 3140 2241 3175 σιν
2272 3122 2457 3181 αὐτοῖς
2494 3119 2860 3188 ἁμαρτάνειν,
2882 3114 3193 3176 ἐπαινεθεὶς
3222 3113 3315 3167 ὑπ’
3338 3113 3524 3177 ἐνίων,
3555 3108 3742 3179 ἀξιοῦ-

2157 3230 2255 3281 μαι
2300 3210 2567 3281 μειζόνων
2598 3208 2753 3279 παρὰ
2782 3207 2893 3260 τῶν
2923 3206 3025 3259 ούκ
3070 3205 3293 3258 εἰδότων
3324 3207 3512 3276 κρῖναι
3554 3204 3737 3276 ψυχῆς

2153 3305 2599 3375 ἐπιτηδειότητα.
2634 3299 2911 3370 Φοϐοῦμαι
2961 3298 3042 3363 δὲ,
3094 3297 3171 3367 μὴ
3196 3297 3396 3367 χαῦνος
3438 3298 3738 3370 γενόμενος

2154 3397 2252 3449 καὶ
2284 3396 2624 3467 προσέμενος
2652 3393 2753 3464 τὴν
2799 3391 2994 3461 τιμὴν,
3034 3391 3242 3460 ἀμφοῖν
3272 3389 3567 3461 διαμάρτω
3591 3406 3606 3421 '
3643 3390 3737 3444 τοῦ

2158 3492 2255 3563 μὲν
2291 3491 2586 3561 ὑπεριδὼν,
2625 3487 2722 3541 τοῦ
2777 3487 2835 3541 δι
2861 3488 2961 3557 τῆς
3012 3486 3174 3553 ἀξίας
3212 3484 3316 3539 οὐκ
3364 3483 3738 3555 φυόμενον

2155 3582 2352 3635 σκόπει
2385 3581 2491 3650 γάρ
2521 3580 2685 3633 οῦτω.
2721 3578 2827 3631 Δύο
2859 3577 3072 3641 τούτοις
3103 3578 3365 3630 ἑκάστοτε
3403 3575 3615 3647 μερίζω
3644 3577 3738 3630 τδν

2153 3677 2369 3749 χρόνον,
2403 3674 2594 3745 παιδιᾷ
2636 3672 2732 3725 καὶ
2784 3671 3018 3741 σπουδῇ.
3057 3670 3170 3724 Kal
3219 3669 3566 3734 σπουδάζων,
3600 3668 3739 3732 ωιός

2155 3772 2296 3839 είμι,
2330 3767 2568 3832 μάλιστα
2603 3782 2667 3835 γε
2695 3765 2764 3818 τά
2805 3764 2928 3818 θεία
2950 3780 2966 3794 ·
2999 3763 3096 3817 καὶ
3126 3763 3362 3828 παίζων,
3398 3762 3736 3826 κοινότατος.

2156 3858 2332 3916 Οἶσθα
2362 3862 2472 3931 γὰρ
2504 3861 2579 3923 ὼς
2613 3859 2743 3913 ὃταν
2773 3855 3041 3928 ἀνακύψω
3073 3856 3184 3911 τῶν
3225 3855 3472 3925 βιϐλίων,
3514 3858 3740 3930 ἐπιρρε-

2158 3955 2265 4023 πής
2302 3954 2419 4023 είμι
2447 3953 2581 4023 πρὸς
2617 3954 2840 4006 ἃπασαν
2874 3952 3100 4006 παιδιὰν
3124 3994 3141 4019 ,
3167 3951 3453 4023 πολιτικῆς
3482 3951 3539 4006 δὲ
3567 3968 3736 4022 φρον-

2156 4046 2302 4109 τίδος
2331 4046 2549 4116 ἀμοιρῶ
2594 4046 2688 4098 καὶ
2718 4045 2883 4111 φύσει
2932 4045 3027 4099 καὶ
3060 4044 3283 4116 μελέτῃ.
3332 4043 3439 4098 Τὸν
3480 4044 3539 4098 δὲ
3585 4045 3737 4116 ίερέα

2157 4138 2324 4208 ἄνδρα
2355 4136 2437 4191 δεῖ
2485 4137 2780 4191 θεσπέσιον
2818 4132 2986 4201 εἶναι,
3023 4135 3157 4206 πρδς
3194 4136 3296 4205 μὶν
3338 4136 3565 4189 παιδ.άν
3592 4135 3739 4191 ἀπα·

2159 4247 2282 4296 σαν,
2322 4229 2412 4283 ίσα
2448 4230 2545 4282 καὶ
2570 4230 2689 4299 Θεῷ
2716 4228 3036 4299 ἀμείλικτον
3063 4225 3205 4282 εἶναι
3232 4227 3362 4299 χρὴ,
3386 4226 3449 4289 ὃς
3477 4227 3569 4282 ἴνα
3595 4231 3737 4298 τηρῇ

2157 4323 2257 4393 τὴν
2291 4323 2487 4377 ὑπόθες
2501 4341 2550 4376 ιν
2585 4321 2693 4376 ύπδ
2739 4322 2950 4393 μυρίων
2975 4320 3245 4392 ὀμμάτων
3275 4324 3595 4392 φρουρεῖται
3620 4338 3639 4353 ⁹
3663 4315 3737 4377 ὧν

2156 4417 2312 4471 οὐδὲν
2361 4418 2393 4486 ἢ
2443 4416 2642 4487 μικρὸν
2682 4415 2897 4485 θφελος,
2941 4416 2993 4468 εί
3039 4416 3115 4486 μή
3156 4434 3241 4477 τις
3273 4417 3360 4486 εἴη
3402 4432 3738 4469 κατεσκευα-

479 4519 699 4572 semper
754 4511 969 4572 tempus
1017 4515 1182 4554 omne
1238 4500 1463 4565 tribuo,
1524 4499 1728 4554 studiis
1788 4506 1844 4552 et
1896 4498 2048 4551 ludo.

2163 4513 2383 4580 σμένος,
2418 4510 2652 4573 σύννους
2684 4526 2744 4561 τε
2789 4511 2885 4562 καὶ
2921 4510 3060 4579 πρὸς
3096 4510 3319 4562 ἃπασαν
3352 4508 3736 4579 γλυκυθυμίαν

483 4596 706 4653 Litteris
745 4609 965 4660 vacans,
1012 4602 1071 4648 et
1116 4594 1395 4664 praecipue
1439 4591 1666 4655 divinis,
1713 4589 1867 4644 solus
1907 4604 2052 4643 sum.

480 4690 636 4745 Ludo
667 4704 886 4758 operam
919 4687 1076 4749 dans,
1109 4702 1273 4757 quam
1316 4686 1584 4756 plurimos
1619 4683 1872 4738 admitto.
1901 4679 2055 4736 Nosti

480 4787 661 4851 enim,
701 4800 825 4839 cum
872 4799 901 4835 a
948 4782 1105 4837 libris
1151 4795 1409 4851 exsurgo,
1462 4788 1640 4833 totum
1690 4793 1776 4833 me
1821 4779 1876 4830 in
1909 4775 2057 4831 ludis

480 4895 602 4937 esse
634 4918 651 4944 ,
688 4894 719 4932 a
759 4876 1013 4931 civilibus
1047 4884 1231 4929 autem
1279 4874 1431 4929 curis
1472 4882 1529 4926 et
1562 4881 1760 4925 natura
1794 4878 1851 4924 et
1886 4868 2057 4923 animi

483 4972 849 5031 destinatione
873 4969 1197 5024 abhorrere.
1233 4965 1593 5021 Sacerdotem
1625 4973 1807 5018 autem
1840 4968 2060 5031 oportet

484 5081 603 5121 esse
635 5066 813 5117 virum
850 5062 1118 5123 divinum,
1148 5070 1204 5115 et
1243 5060 1311 5113 aal
1345 5060 1535 5113 ludum
1572 5073 1792 5113 omnem
1828 5057 2060 5126 perinde

482 5168 649 5225 atque
680 5156 850 5210 Deum
876 5153 1148 5207 dillieilem
1172 5160 1229 5205 et
1257 5153 1477 5213 durum,
1504 5151 1594 5220 qui
1626 5159 1684 5203 ut
1713 5148 2058 5220 propositum

485 5250 913 5316 institutumque
949 5261 1109 5299 suum
1144 5254 1359 5308 teneat,
1404 5242 1723 5297 innumeros
1759 5243 1813 5295 in
1847 5256 1906 5295 se
1939 5240 2062 5310 pitt-

489 5341 755 5395 titnorum
808 5351 1109 5393 conversos
1155 5337 1319 5390 habet
1363 5335 1579 5390 oculos.
1619 5335 1698 5389 Ad
1741 5351 1880 5405 quos
1912 5335 2062 5388 nulla

487 5443 546 5487 ut
570 5441 723 5487 certe
758 5445 922 5500 parva
957 5430 1209 5498 pervenit
1244 5428 1471 5491 utilitas,
1508 5427 1613 5480 nisi
1647 5428 1847 5497 aliquis
1889 5427 2063 5497 probe

485 5528 789 5581 instructus
834 5536 891 5579 ct
941 5523 1203 5577 cordatus
1250 5524 1345 5588 sit,
1395 5529 1450 5577 et
1484 5537 1516 5576 α
1567 5524 1840 5576 suavitate
1886 5520 2057 5574 animi

486 5622 636 5676 onirii
684 5619 939 5673 alienus.
979 5616 1037 5671 In
1070 5618 1137 5672 iis
1162 5626 1346 5671 autem
1400 5630 1522 5685 qun
1567 5615 1634 5669 ad
1683 5615 1856 5669 Deum
1897 5614 2067 5684 perti-

486 5722 643 5777 nent,
676 5727 783 5765 non
827 5711 1085 5781 privatim
1117 5709 1271 5764 solus
1302 5723 1424 5763 esse
1454 5717 1654 5778 potest,
1691 5707 1787 5763 sed
1823 5707 1877 5760 in
1912 5721 2066 5761 com-

487 5807 639 5863 mani
677 5815 954 5865 conventu
989 5804 1131 5860 inter
1156 5801 1425 5875 plurimos
1461 5811 1735 5871 versatur,
1768 5814 1893 5858 cum
1924 5798 2063 5871 legis

2161 4599 2468 4659 ἀνένδοτος.
2491 4598 2573 4651 Τά
2599 4598 2656 4651 δέ
2680 4614 2745 4666 γε
2772 4597 2908 4666 πρὸς
2932 4597 3024 4650 τὶν
3045 4596 3179 4651 θεὸν
3203 4598 3305 4649 οὐκ
3330 4598 3398 4651 ἂν
3424 4598 3578 4661 (diog,
3596 4597 3733 4651 ἀλλά

2161 4692 2477 4756 κοινότατος
2505 4693 2591 4763 εἴη
2618 4691 3078 4762 νομοδιδάσκαλος
3114 4688 3214 4757 ὢν,
3245 4692 3340 4745 καὶ
3372 4693 3735 4762 νενομισμένα

2161 4786 2561 4857 φθεγγόμενος.
2592 4784 2715 4857 Χρὴ
2743 4785 2801 4838 δὲ
2825 4784 2988 4838 αὐτον
3020 4784 3115 4837 καὶ⁵
3147 4785 3451 4855 πράγματα
3474 4783 3737 4855 πράττειν

2160 4877 2336 4929 ὁπόσα
2388 4877 2590 4940 πάντες
2638 4875 2780 4946 ἅμα.
2842 4875 2923 4929 Τά
2972 4876 3081 4946 γὰρ
3126 4876 3386 4929 ἁπάντων
3443 4877 3606 4940 μόνον
3661 4875 3737 4929 δεῖ

2162 4970 2450 5039 πράττειν,
2483 4969 2515 5040 ἢ
2550 4968 2756 5032 πάσαις
2785 4967 2992 5031 αίτίαις
3023 4967 3331 5040 ἐνέχεσθαι.
3367 4968 3488 5032 Πῶς
3520 4967 3614 5021 οῦν
3639 4968 3736 5020 ούιι

2166 5061 2500 5130 εὐμεγέθους
2540 5060 2720 5131 ψυχῆς
2747 5063 2843 5113 καὶ
2871 5060 3177 5131 κρατίστης
3224 5062 3451 5129 ἐνέγκαι
3485 5058 3737 5113 τοσοῦτον

2164 5153 2330 5221 ὄγκον
2361 5154 2687 5224 φροντίδων,
2716 5156 2811 5209 καὶ
2846 5155 2921 5224 μὴ
2966 5154 3313 5207 κατακλύσαι
3342 5152 3437 5206 τὸν
3469 5152 3614 5217 νοῦν,
3648 5151 3737 5205 καὶ

2170 5245 2246 5314 μὴ
2282 5244 2753 5297 κατασϐεσθείσαν
2784 5247 2840 5297 ἐν
2860 5246 2929 5315 τῇ
2958 5243 3106 5314 ψυχῇ
3140 5243 3409 5313 περιιδεῖν
3435 5242 3537 5312 τὴν
3567 5240 3735 5305 θείαν,

2165 5337 2308 5390 οὕτω
2337 5335 2700 5390 παντοδαπῶν
2724 5336 3178 5405 ἐπιτηδευμάτων
3201 5335 3528 5401 ἀπαγόντων
3546 5334 3736 5396 αύτόνς

2168 5424 2241 5481 Εὖ
2275 5424 2371 5481 οἶδ’
2404 5429 2487 5481 ὅτι
2518 5426 2745 5480 δυνατὸν
2772 5425 2936 5490 ἐνίοις
2966 5427 3146 5492 τοῦτο,
3187 5426 3281 5480 καὶ
3324 5425 3616 5497 μακαρίζω
3642 5426 3737 5485 τάς

2167 5520 2360 5590 φύσεις
2412 5519 2629 5573 αύτῶνο
2680 5519 2973 5583 κάκείνους
3020 5518 3243 5589 ἀληθῶς
3300 5514 3444 5572 εἶναι
3499 5517 3738 5590 ἡγοῦμαι

2165 5616 2293 5678 τοὺς
2326 5614 2507 5679 θείους
2538 5613 2760 5684 ἄνδρας,
2791 5612 2883 5677 οὓς
2912 5613 2973 5667 τὸ
2997 5612 3211 5684 ὁμιλεῖν
3250 5614 3392 5668 πάνυ
3420 5614 3736 5681 πράγμασιν

2168 5705 2537 5779 ἀνθρωπίνοις
2588 5705 2665 5777 μὴ
2715 5708 3023 5761 ἀποκόπτοι
3065 5705 3162 5759 τοῦ
3194 5705 3377 5761 Θείου.
3432 5705 3595 5760 Ἀλλά
3645 5704 3735 5757 καί

2168 5798 2556 5881 ίμαντδνιοίδα
2586 5801 2666 5867 εἰς
2709 5799 2845 5855 ἄστυ
2878 5817 2939 5856 τε
2973 5800 3257 5873 κατιόντα,
3290 5803 3387 5858 καὶ
3429 5798 3518 5856 ἔπ’
3554 5798 3736 5861 ἄστεος
