3976 6202
314 328 443 393 1251

1269 335 1872 401 ECCLESlAST:C.E
1914 329 2304 398 ηἰδτοιιιλῖ
2343 340 2482 399 un.
2530 340 2678 400 xw.

308 445 553 511 ἀνιᾶντα,
608 446 702 499 aut
740 447 1119 518 Ξνεύοέμενον
1168 455 1277 518 τοῖς
1314 455 1449 524 πρὸς
1480 457 1547 508 τὶ
1589 455 1767 525 γεώδη
1810 471 1877 524 με

1983 452 2174 505 doctor
2211 456 2317 516 sit,
2358 467 2408 509 et
2458 454 2590 506 nihil
2642 453 2789 507 aliud
2832 467 2994 523 quam
3032 452 3176 523 quod
3241 453 3553 520 legitimum

308 539 585 600 ἕλκουσιν,
623 540 716 593 καὶ
752 541 1174 610 ἐμπιπλάμενον
1226 547 1441 617 κηλῖδος
1482 548 1586 602 οὐκ
1625 549 1693 602 ἂν
1733 550 1881 601 εῐποι

305 647 391 692 τις
416 630 552 699 ὅστις
577 646 591 660 ο
624 631 703 703 τῷ
732 633 841 704 γὰρ
871 636 1109 701 οἰκείους
1143 633 1286 692 εἷναί
1334 656 1424 709 μοι
1460 642 1555 695 καὶ
1589 641 1735 709 μάλα
1778 658 1881 710 μο-

306 720 571 789 λυσμοὺς,
628 724 725 779 καὶ
772 726 834 778 τὸ
886 728 1045 799 τυχὸν
1102 730 1271 801 μέρος
1333 732 1745 801 ἐπιγενόμενον,
1799 733 1881 795 είς

306 815 632 888 προσθήκην
684 820 1083 889 συμϐάλλεται.
1122 823 1311 894 Ῥώμη
1345 823 1391 878 δ’
1430 827 1530 879 οὐκ
1588 826 1706 881 ἔστι
1760 844 1876 896 μοι,

305 909 374 961 τὰ
410 923 473 962 τε
509 909 660 963 ἔνδον
688 912 787 983 οὐχ
817 913 970 984 ὑγιῆ,
1005 915 1100 969 καὶ
1124 917 1191 970 τὰ
1218 917 1356 987 πρὸς
1384 917 1540 982 ἐκτὸς
1568 919 1760 990 ἀρκεῖν
1783 920 1879 990 οὐχ

303 993 416 1062 οἷός
449 1000 507 1054 τὲ
542 1001 661 1072 είμι
686 1021 703 1040 ο
745 1008 838 1058 καὶ
867 1007 1065 1061 πολλοῦ
1091 1008 1196 1062 δέω
1226 1009 1326 1080 τὴν
1355 1010 1419 1063 ἐκ
1453 1010 1546 1064 τοῦ
1576 1012 1881 1078 συνειδότος

305 1090 497 1158 φέρειν
542 1092 720 1148 ἀνίαν.
754 1095 863 1150 Καὶ
896 1096 1091 1163 ὁσάκις
1137 1098 1206 1153 ἄν
1241 1100 1309 1169 μέ
1344 1116 1427 1163 τις
1468 1100 1685 1170 ἔρηται.
1729 1101 1883 1173 διαρ’

304 1181 481 1251 ρήδην
518 1182 704 1251 λέγειν
732 1187 833 1240 οὐκ
867 1188 1187 1260 ἀναδύομαι,
1212 1188 1289 1254 ὡς
1318 1191 1410 1245 τὸν
1445 1192 1594 1261 ίερέα
1632 1192 1720 1246 διὰ
1747 1194 1883 1247 πάν-

303 1289 414 1338 των
440 1274 776 1342 ἀκηλίδωτον
802 1274 940 1332 εἶναι
972 1281 1243 1352 προσήκει
1287 1282 1472 1354 πολλῷ
1502 1284 1579 1354 τῷ
1611 1286 1877 1356 περιόντι,

302 1363 382 1427 ὡς
406 1366 505 1419 καὶ
538 1368 749 1437 ἑτέροις
778 1370 887 1423 τῶν
932 1374 1263 1443 μιασμάτων
1293 1376 1628 1430 ὲκπλύνοντα
1658 1378 1880 1431 κάκεῖνο

300 1456 386 1509 δεῖ
413 1463 701 1531 προσεῖναι
723 1464 835 1525 τοῖς
861 1467 999 1535 πρὸς
1026 1466 1120 1518 τὸν
1147 1466 1375 1536 ἀδελφὸν
1398 1469 1712 1541 γράμμασι.
1740 1473 1880 1526 Πάν-

303 1569 411 1616 τως
461 1552 520 1605 δὲ
575 1554 981 1623 ἀναγνώσονται
1035 1562 1227 1629 συχνοὶ
1279 1561 1376 1630 τὴν
1430 1564 1739 1634 ἐπιστολήν.
1775 1564 1880 1619 Καὶ

302 1646 415 1713 γὰρ
461 1645 562 1716 οὐχ
598 1647 804 1717 ἥκιστα
847 1649 1040 1703 τούτου
1082 1651 1248 1721 χάριν
1293 1652 1465 1724 αὐτὴν
1525 1654 1880 1726 ὐπηγόρευσα

302 1737 399 1789 τοῦ
434 1740 576 1791 πᾶσι
634 1740 950 1807 καταφανὲς
995 1736 1142 1796 εἷναί
1180 1744 1242 1798 τὸ
1274 1747 1532 1817 πρᾶγμα,
1564 1748 1635 1801 ἶν’
1663 1750 1693 1803 δ
1721 1766 1776 1803 τι
1810 1751 1879 1804 ἂν

1984 545 2077 607 sit,
2152 557 2329 600 sonet.
2415 545 2643 615 Negotia
2700 561 2825 600 eum
2878 560 3066 614 gerere
3134 554 3375 615 oportet,
3433 558 3556 612 qua!

1983 637 2146 695 simul
2215 654 2407 693 omnes
2481 649 2731 710 tangunt.
2817 638 2949 705 Qum
3021 638 3167 693 enim
3235 637 3551 692 communia

1982 731 2230 783 omnium
2263 740 2413 791 sunt,
2443 747 2612 784 mnnn
2661 730 2837 798 ipsum
2889 744 3085 783 curare
3125 743 3265 797 opus
3296 737 3406 789 est,
3447 726 3553 779 nisi

1983 822 2310 879 criminibus
2342 824 2599 878 omnibus
2625 823 2898 878 obnoxius
2929 837 3052 876 esse
3084 822 3237 876 velit.
3270 819 3555 885 Quomodo

1984 916 2153 986 igitur
2198 931 2307 971 non
2361 919 2580 972 maximi
2631 918 3032 987 fortissimique
3071 916 3241 972 animi
3282 916 3388 976 sit,
3436 923 3556 969 tan-

1985 1010 2094 1057 tam
2127 1018 2384 1058 curarum
2418 1007 2617 1061 molem
2659 1008 2733 1060 ita
2764 1008 2930 1070 ferre,
2963 1014 3021 1059 nt
3054 1021 3208 1060 mens
3238 1020 3347 1059 non
3387 1004 3557 1058 obru-

1981 1105 2141 1158 atur,
2185 1104 2243 1149 et
2280 1096 2547 1151 exstincta
2591 1097 2645 1151 in
2684 1097 2867 1150 anima
2902 1096 3174 1165 particula
3222 1096 3404 1150 divina
3443 1110 3553 1148 non

1983 1185 2316 1255 negligatur,
2349 1188 2393 1240 si
2426 1190 2551 1255 quis
2591 1197 2669 1241 tot
2715 1188 2913 1242 studiis
2949 1197 3004 1242 et
3044 1189 3351 1243 actionibus
3386 1187 3556 1242 variis

1982 1278 2358 1334 distinentur?
2396 1280 2583 1349 Neque
2618 1281 2807 1344 ignoro
2839 1297 2959 1335 esse
2991 1280 3280 1349 quosdam,
3314 1278 3410 1349 qui
3447 1279 3556 1334 hoc

1982 1377 2241 1439 prazstare
2284 1371 2532 1439 possint:
2560 1383 2615 1425 et
2640 1373 2853 1427 felicem
2879 1388 3072 1427 eorum
3101 1381 3351 1426 naturam
3379 1380 3548 1442 atque

1983 1461 2230 1528 beatam,
2250 1462 2505 1531 ipsosque
2526 1478 2650 1518 vere
2668 1465 2885 1518 divinos
2909 1466 3055 1519 viros
3074 1480 3193 1519 esse
3217 1478 3438 1529 censeo,
3458 1462 3551 1532 qui

1984 1569 2110 1607 cum
2144 1555 2198 1608 in
2238 1555 2427 1608 multis
2462 1557 2717 1610 humanis
2746 1568 3034 1611 versentur
3062 1556 3320 1628 negotiis,
3343 1572 3451 1610 non
3478 1566 3554 1609 ta-

1982 1659 2107 1698 men
2148 1644 2321 1700 divini
2349 1645 2603 1701 Numinis
2636 1663 2766 1701 cura
2792 1648 3067 1702 excidant.
3111 1650 3221 1718 Ego
3249 1662 3383 1703 vero
3410 1647 3551 1702 mei—

1981 1750 2143 1807 psum
2169 1737 2259 1806 qui
2282 1737 2335 1791 in
2368 1737 2559 1792 urbem
2584 1739 2917 1795 descendere
2938 1740 3080 1794 etab
3098 1741 3234 1795 urbe
3254 1739 3554 1795 ascendere

302 1829 483 1902 ἀποδῇ
535 1832 789 1905 καὶπρὸς
831 1834 966 1888 Θεοῦ
1012 1836 1111 1890 καὶ
1161 1838 1490 1907 ἀνθρώπων,
1534 1843 1780 1904 ἀναίτιος
1805 1836 1872 1908 ὧ,

1983 1827 2207 1893 soleam,
2226 1828 2385 1901 573
2407 1831 2571 1886 rebus
2598 1831 2906 1885 involutum
2935 1847 3055 1899 qua:
3084 1832 3150 1887 ad
3184 1842 3436 1886 terrenas
3459 1845 3557 1885 cu-

300 1925 397 1978 καὶ
425 1924 628 1996 ἥκιστα
663 1930 804 1998 πρῐς
839 1927 937 1982 τοῦ
969 1931 1177 2001 πατρδς
1207 1932 1497 2002 Θεοφίλου.
1540 1935 1729 1999 Τιθεὶς
1765 1938 1881 2009 γὰρ

301 2016 362 2072 ιν
400 2021 552 2090 μέσῳ
587 2020 760 2091 τάμὰ,
811 2021 907 2076 καὶ
937 2022 1115 2089 διδοὺς
1162 2025 1221 2092 ἐξ
1264 2028 1522 2082 ἁπάντων
1574 2029 1725 2100 αὑτῷ
1757 2029 1884 2099 βου-

300 2112 601 2171 λεύσασθαι
631 2118 761 2189 περὶ
790 2119 968 2189 ἡμῶν,
1006 2120 1126 2185 πῶς
1157 2125 1226 2177 ἂν
1250 2124 1503 2189 ὑπαίτιος
1526 2126 1687 2198 εῖηνς
1727 2128 1883 2197 Ἐμοὶ

300 2208 595 2279 τοιγαροῦν
635 2211 665 2264 δ
698 2227 755 2263 τε
791 2210 949 2279 Θεὸς,
982 2214 1080 2267 καὶ
1113 2217 1140 2268 ό
1178 2218 1368 2286 νόμος,
1408 2219 1442 2290 ἦ
1489 2236 1552 2272 τε
1585 2220 1708 2292 ίερὰ
1748 2222 1881 2274 Θεοο

304 2300 464 2369 φίλου
505 2303 627 2372 χεὶρ
690 2306 926 2371 γυναῖκα
980 2306 1241 2363 ἐπέδωκε.
1294 2312 1657 2383 Προαγορεύω
1702 2313 1883 2368 τοίνυν

304 2393 477 2446 ἅπασι
507 2396 602 2449 καὶ
648 2394 1024 2468 μαρτύρομαι,
1069 2399 1143 2462 ὡς
1174 2400 1349 2471 ἔγωγε
1383 2404 1588 2471 ταύτης
1625 2404 1750 2458 οὔτε
1788 2406 1882 2458 ἀ).-

303 2479 674 2552 λοτριὼσομαι
732 2484 1013 2550 καθάπαξ,
1053 2486 1259 2553 οὔθ’ὠς
1292 2490 1480 2561 μοιχὸς
1526 2492 1664 2563 αὐτῇ
1709 2491 1884 2563 λάθρα

305 2572 604 2643 συνέσομαι
627 2588 642 2603 ⁸
675 2575 738 2629 τὸ
771 2576 873 2645 μὲν
902 2578 1010 2647 γὰρ
1050 2579 1259 2649 ἥκιστα
1296 2582 1541 2646 εὐσεϐὲς,
1571 2583 1632 2637 τὸ
1676 2584 1735 2639 δὲ
1758 2586 1884 2653 ἥκι-

306 2682 409 2718 στα
455 2667 711 2738 νόμιμον.
764 2669 926 2723 Ἀλλὰ
976 2671 1315 2744 βουλήσομαι(
1370 2691 1429 2727 τε
1470 2676 1568 2730 καὶ
1625 2675 1878 2747 εὔξομαι,

298 2759 473 2829 ’συχνά
512 2777 604 2830 μοι
637 2760 778 2814 πάνυ
829 2763 928 2817 καὶ
966 2767 1181 2835 χρηστὰ
1233 2767 1489 2834 γενέσθαι
1531 2769 1741 2824 παιδία.
1776 2770 1875 2823 Ἐν

300 2849 365 2920 δὴ
390 2850 551 2906 τοῦτο
578 2854 660 2906 δεῖ
693 2854 784 2906 τὸν
818 2856 1009 2926 κύριον
1053 2856 1154 2925 τῆς
1194 2861 1534 2929 χειροτονέας
1570 2862 1647 2931 μὴ
1679 2861 1881 2933 ἀγνοῆ-

304 2955 418 2997 σαι.
468 2945 705 2999 Μλθέτω
736 2946 795 3001 δὲ
840 2948 975 3003 αὐτὸ
1004 2951 1158 3019 παρὰ
1205 2956 1317 3006 τῶν
1359 2952 1504 3022 ἀμφὶ
1529 2954 1621 3008 τὸν
1660 2954 1880 3026 ἑταῖρον

303 3038 517 3094 Παῦλον
565 3041 660 3094 καὶ
719 3041 1037 3095 Διονύσιον
1078 3040 1173 3107 οὓς
1229 3044 1576 3115 πρεσϐευτὰς
1633 3044 1878 3115 ᾑρῆσθαι

302 3132 455 3201 παρὰ
504 3129 596 3183 τοῦ
640 3131 816 3201 δήμου
851 3132 1215 3202 πυνθάνομαι.
1255 3135 1462 3189 Ἐκεῖνο
1504 3135 1561 3187 δὲ
1614 3136 1769 3188 οὐδὲν
1795 3137 1879 3191 δεῖ

303 3223 502 3292 μαθεῖν
551 3224 738 3290 αὐτὸν,
778 3225 896 3278 ἀλλ’
944 3227 1389 3297 ὑπομνησθῆναι.
1446 3229 1775 3300 Διαλέξομαι
1821 3229 1878 3283 δὲ

303 3313 478 3368 πλείω
504 3318 632 3386 περὶ
662 3316 848 3370 αὑτοῦ.
889 3319 1001 3371 Καὶ
1024 3320 1132 3387 γὰρ
1161 3318 1227 3372 ἂν
1256 3320 1477 3374 ἅπαντα
1502 3322 1673 3375 τᾶλλα
1704 3321 1879 3392 μικρὰ

306 3407 442 3478 πρὸς
467 3408 527 3461 ἓν
562 3425 651 3472 τις
696 3400 860 3464 τοῦτο
892 3411 1063 3476 θεῖτο,
1104 3412 1347 3481 χαλεπόν
1388 3414 1561 3477 ἐστιν,
1593 3414 1644 3466 εί
1673 3412 1749 3485 μὴ
1782 3413 1879 3467 καὶ

304 3501 425 3555 λίαν
457 3500 742 3567 ἀδύνατον,
775 3503 855 3565 εἰς
881 3501 1060 3573 eam:
1088 3504 1152 3557 τὰ
1181 3504 1248 3557 δι’
1284 3507 1604 3577 ἐπιστήμης
1633 3505 1713 3568 είς
1741 3506 1881 3559 ἀπό-

299 3595 475 3658 δειξιν
518 3594 744 3649 ἐλθόντα
793 3595 1042 3664 δόγματα
1097 3596 1451 3668 σαλευθῆναι.
1497 3596 1675 3653 Οἶσθα
1703 3597 1749 3652 δ’
1794 3597 1880 3652 ὅτι

306 3686 480 3738 πολλὰ
527 3686 817 3755 φιλοσοφία
854 3688 969 3751 τοῖς
1012 3686 1431 3757 θρυλλουμένοις
1476 3688 1690 3752 τούτοις
1725 3689 1880 3741 ἀντι-

308 3778 560 3831 τάττεται
581 3780 872 3848 δόγμασιν.
891 3779 1107 3849 Ἀμέλει
1126 3783 1218 3835 καὶ
1235 3782 1333 3852 τὴν
1350 3781 1536 3854 ψυχὴν
1551 3783 1651 3835 οὐκ
1665 3781 1883 3848 ἀξιώσω

309 3870 446 3926 ποτε
484 3870 740 3940 σώματος
782 3874 1120 3942 ὑστερογενῆ
1151 3875 1421 3942 νομίζειν.
1454 3875 1560 3929 Τὸν
1587 3875 1792 3944 κόσμον
1818 3875 1880 3927 οὐ

306 3961 473 4029 φήσω
511 3960 608 4015 καὶ
633 3958 804 4013 τᾶλλα
835 3960 976 4031 μέρη
1009 3960 1449 4031 διαφθείρεσθαι.
1487 3960 1600 4034 Τὴν
1640 3962 1884 4031 καθωμι-

311 4051 558 4121 λημένην
580 4052 879 4106 ἀνάστασιν
914 4052 1060 4125 ἱερόν
1087 4071 1139 4107 τι
1167 4056 1264 4108 καὶ
1293 4055 1611 4127 ἀπόρρητον
1634 4056 1879 4128 ἥγημαι·

311 4147 407 4199 καὶ
436 4144 635 4200 πολλοῦ
665 4146 772 4201 δέω
813 4149 936 4211 ταῖς
977 4147 1071 4201 τοῦ
1107 4148 1345 4219 πλήθους
1374 4150 1714 4221 ὑπολήψεσιν
1752 4153 1885 4221 ὁμο-

310 4238 562 4308 λογῆσαι.
596 4238 740 4303 Νοῦς
770 4239 871 4309 μὲν
900 4235 997 4295 οὖν
1038 4243 1352 4312 φιλόσοφος,
1385 4244 1629 4314 ἐπόπτης
1656 4242 1731 4297 ὢν
1784 4247 1884 4298 τά-

310 4331 533 4403 ληθοῦς,
562 4336 841 4404 συγχωρεῖ
859 4337 924 4404 τῇ
948 4336 1109 4406 χρείᾳ
1131 4334 1226 4389 τοῦ
1247 4338 1544 4406 ψεύδεσθαι
1569 4352 1587 4373 ο
1617 4337 1885 4405 ἀνάλογον

311 4428 424 4496 γάρ
454 4428 570 4479 ἐστι
612 4426 731 4495 φῶς
779 4428 916 4500 πρὸς
946 4429 1228 4499 ἀλήθειαν,
1269 4433 1365 4484 καὶ
1410 4431 1570 4502 δμμα
1612 4434 1752 4503 πρὸς
1789 4431 1885 4502 δῆ-

311 4537 436 4587 μον.
490 4517 562 4573 Ἦ
620 4515 719 4575 οὖν
746 4520 1028 4592 ὀφθαλμὸς
1074 4524 1156 4586 είς
1203 4525 1370 4578 κακὸν
1410 4526 1478 4579 ἂν
1522 4525 1885 4579 ἀπολαύσειεν

312 4612 596 4681 ἀπλήστου
652 4614 853 4682 φωτὸς,
900 4609 999 4688 ἢῇ
1047 4618 1159 4678 τοῖς
1209 4618 1557 4688 ὀφθαλμιῶσι
1584 4619 1644 4672 τὸ
1694 4620 1886 4683 σκότος

311 4704 758 4777 ὠφελιμώτερον,
788 4711 959 4782 ταύτῃ
996 4712 1090 4765 καὶ
1118 4712 1176 4762 τὸ
1215 4710 1411 4780 ψεῦδος
1447 4713 1638 4780 ὄφελος
1667 4713 1884 4783 τίθεμαι

267 4834 271 4838 ~
313 4799 471 4869 δήμῳ
497 4815 510 4830 ο
544 4801 639 4853 καὶ
683 4799 951 4872 βλαϐερὸν
983 4802 1079 4872 τὴν
1094 4803 1364 4872 ἀλήθειαν
1396 4807 1506 4867 τοῖς
1548 4806 1646 4857 οὐκ
1677 4804 1888 4876 ίσχύου-

314 4908 403 4945 σιν
456 4894 767 4946 ἐνατενίσαι
806 4896 944 4964 πρὸς
980 4895 1081 4965 τὴν
1122 4896 1233 4947 τῶν
1262 4884 1432 4950 ὄντων
1479 4897 1792 4967 ἐνάργειαν.
1825 4896 1888 4950 Εἰ

314 4985 494 5038 ταῦτα
533 4987 629 5039 καὶ
657 4987 708 5039 οἱ
753 4987 854 5058 τῆς
886 4986 1007 5040 καθ’
1036 4989 1185 5057 ἡμᾶς
1223 4990 1526 5058 ίερωσύνης
1569 4990 1890 5060 συγχωροῦ-

318 5095 403 5130 σ.ν
429 5079 579 5147 ἐμοὶ,
603 5079 874 5146 δυναίμην
909 5080 975 5133 ἂν
1014 5081 1291 5151 ἱερᾶσθαι,
1320 5084 1389 5135 τὰ
1423 5085 1524 5152 μὲν
1571 5085 1709 5138 οἶκοι
1738 5084 1893 5153 φιλο-

318 5172 521 5242 σοφῶν,
546 5172 616 5224 τὰ
654 5171 702 5225 δ’
728 5172 833 5236 ἔξω
860 5172 1211 5241 φιλομυθῶνο
1241 5176 1291 5227 εί
1329 5174 1406 5246 μὴ
1452 5172 1743 5239 διδάσκων,
1772 5178 1888 5231 ἀλλ’

316 5263 442 5317 οὐδὲ
478 5266 661 5332 μέντοι
720 5264 1165 5333 μεταδιδάσκων·
1215 5268 1397 5335 μένειν
1428 5268 1472 5322 δ’
1513 5270 1617 5322 ὲῷν
1648 5271 1742 5322 ἐπὶ
1786 5270 1889 5335 τῆς

319 5353 668 5422 προλήψεως.
711 5352 772 5406 El
806 5352 864 5405 δέ
918 5370 1086 5421 φασιν
1118 5352 1260 5406 οὕτω
1304 5355 1415 5407 δεῖν
1462 5359 1557 5409 καὶ
1622 5360 1888 5413 κινεῖσθαι

319 5447 412 5500 καὶ
440 5447 612 5516 δῆμον
643 5444 781 5500 εἶναι
825 5448 918 5501 τὸν
947 5448 1098 5517 ίερὲα
1141 5452 1257 5511 ταῖς
1291 5449 1490 5515 δόξαις,
1527 5451 1626 5503 οὐκ
1663 5451 1727 5504 ἂν
1753 5452 1893 5520 φθά-

320 5558 471 5610 νοιμι
518 5542 754 5611 φανερὸν
794 5541 969 5593 ἆπασι
1017 5540 1319 5603 καθιστάς·
1350 5543 1511 5614 δήμῳ
1557 5545 1667 5615 γὰρ
1692 5545 1756 5614 δὴ
1796 5546 1892 5598 καὶ

321 5634 615 5703 φιλοσοφίᾳ
641 5635 696 5685 τί
727 5633 863 5703 πρὸς
894 5632 1097 5703 ἄλληλα
1123 5651 1138 5697 ;
1175 5635 1286 5703 Τὴν
1312 5636 1410 5703 μὲν
1434 5636 1695 5706 ἀλήθειαν
1718 5638 1893 5709 ἁπὸῥ-

323 5730 492 5799 ρητον
538 5724 651 5778 τῶν
676 5724 836 5778 θείων
866 5720 1008 5779 εἶναι
1058 5727 1172 5780 δεῖ·
1215 5727 1279 5780 τὸ
1321 5727 1379 5780 δὲ
1424 5727 1651 5796 πλῆθος,
1697 5730 1891 5800 ἑτέρας

324 5820 492 5886 ἕξεως
523 5819 717 5876 δεῖται.
741 5815 904 5886 Αὖθις
931 5820 986 5876 δὲ
1014 5823 1107 5875 καὶ
1132 5821 1393 5887 πολλάκις
1426 5822 1537 5889 ἐρῶ
1562 5839 1577 5853 ο
1618 5825 1890 5891 μηδεμιᾶς

1984 1935 2077 1973 ras
2100 1920 2365 1987 trahunt,
2400 1930 2567 1991 atque
2604 1923 3079 1992 inquinationibus
3108 1923 3377 1993 repletum
3405 1936 3551 1986 esse,

1982 2029 2220 2083 quarum
2251 2030 2360 2068 non
2399 2014 2571 2093 facile.
2607 2017 2900 2086 quisquam
2934 2014 3371 2086 magnitudinem
3395 2015 3556 2070 dixe-

1914 2107 1923 2116 ’
1986 2110 2080 2171 rit.
2102 2104 2236 2162 scio.
2268 2106 2401 2162 Nam
2427 2124 2547 2176 qua:
2570 2107 2638 2162 ad
2662 2109 2842 2163 nativa
2873 2119 2927 2164 et
2961 2107 3181 2177 propria
3209 2104 3431 2162 aliunde
3457 2104 3556 2159 ad-

1983 2201 2218 2257 veniunt
2240 2202 2545 2270 piacula,in
2579 2201 2915 2259 accessionis
2942 2202 3213 2258 rationem
3255 2197 3557 2255 conferun—

1986 2305 2098 2349 tur.
2137 2292 2403 2364 Corporis
2436 2294 2608 2348 robur
2642 2295 2777 2350 mihi
2809 2310 2918 2349 non
2964 2302 3068 2356 est,
3114 2290 3383 2348 interiora
3430 2302 3555 2343 mea

1985 2404 2095 2442 non
2128 2397 2278 2444 recte
2304 2402 2363 2443 se
2405 2388 2629 2443 habent.
2680 2390 2763 2444 Ab
2804 2388 3054 2443 externis
3079 2388 3247 2442 etiam
3273 2386 3455 2456 aliqua
3484 2398 3553 2438 ex

1985 2489 2141 2550 parte
2166 2480 2475 2535 destituor:
2512 2488 2627 2532 tum
2659 2490 2843 2533 autem
2869 2476 3224 2533 conscientiae
3254 2484 3554 2528 maerorem

1986 2572 2132 2627 ferre
2189 2587 2426 2643 nequeo.
2490 2570 2554 2625 Et
2618 2571 3061 2642 quotiescunque
3140 2582 3229 2623 me
3277 2565 3555 2638 quispiam

1987 2673 2166 2735 rogat,
2203 2664 2424 2720 disertis
2466 2664 2655 2719 verbis
2693 2662 2878 2718 statim
2929 2663 3077 2728 dico,
3116 2663 3459 2717 sacerdotem
3498 2658 3555 2711 in

1986 2762 2153 2818 rebus
2204 2760 2468 2816 omnibus
2524 2760 2764 2814 maxime
2824 2773 2853 2812 a
2910 2754 3133 2826 probris
3175 2753 3381 2809 debere
3431 2764 3558 2813 esse

1983 2856 2249 2921 alienum,
2282 2855 2518 2910 multum
2556 2864 2617 2907 ut
2671 2853 2721 2907 ei
2762 2852 3022 2922 supersit,
3056 2848 3261 2920 quippe
3290 2845 3386 2916 qui
3415 2845 3559 2899 alio-

1986 2965 2111 3005 rum
2142 2963 2364 3020 quoque
2407 2949 2599 3004 sordes
2634 2946 2842 3017 expiet.
2870 2944 3072 2999 Verum
3101 2941 3384 2997 enimvero
3419 2936 3557 2992 illud

1983 3057 2207 3114 quoque
2238 3041 2441 3096 litteris
2476 3041 2542 3095 ad
2576 3041 2800 3095 fratrem
2826 3037 2972 3092 datis
2994 3036 3242 3091 inserere
3270 3031 3554 3087 convenit.

1987 3136 2251 3191 Permulti
2277 3136 2424 3190 enim
2465 3134 2754 3205 epistolam
2790 3134 2932 3186 hanc
2960 3130 3167 3201 legent,
3194 3136 3248 3183 et
3273 3142 3335 3181 ea
3376 3123 3555 3197 gratia

1983 3226 2131 3280 illam
2173 3225 2523 3297 potissimum
2561 3224 2790 3287 dictari,
2842 3232 2903 3276 ut
2935 3237 3061 3277 cum
3113 3236 3201 3275 res
3252 3219 3368 3290 ipsa
3418 3225 3554 3271 nota

1979 3320 2241 3375 omnibus
2278 3319 2393 3383 ﬁat,
2431 3328 2546 3373 tum
2603 3327 2887 3387 utcunque
2914 3330 2978 3372 ea
3015 3313 3301 3385 procedat.
3325 3324 3381 3366 et
3407 3309 3554 3379 apud

1983 3412 2155 3468 Deum
2200 3422 2256 3467 et
2304 3413 2450 3482 apud
2490 3411 2764 3475 homines,
2811 3426 2915 3466 nec
2958 3410 3141 3464 minus
3186 3407 3330 3478 apud
3369 3405 3555 3476 ipsum

1983 3518 2194 3578 patrem
2226 3506 2599 3575 Theophilum
2640 3513 2799 3573 culpa
2827 3518 3068 3558 caream.
3101 3498 3391 3570 Siquidem
3426 3512 3555 3553 cum

1981 3617 2070 3657 res
2108 3616 2256 3656 meas
2293 3602 2347 3655 ln
2386 3600 2626 3655 medium
2660 3598 3009 3670 protulerim,
3045 3606 3101 3652 et
3134 3592 3394 3666 potestati
3432 3593 3557 3658 eius

1980 3693 2252 3765 quidquid
2286 3694 2419 3748 velit
2464 3694 2533 3747 de
2570 3707 2654 3747 me
2700 3687 2983 3746 statuendi
3019 3688 3379 3759 permiserim,
3413 3700 3555 3756 quo—

1984 3786 2148 3841 modo
2173 3786 2390 3841 crimini
2442 3766 2608 3839 alicui
2645 3785 2920 3839 obnoxius
2964 3781 3112 3840 sim?
3145 3781 3276 3837 Mihi
3313 3790 3370 3836 et
3412 3778 3557 3834 Deus

1984 3879 2191 3951 ipse,et
2223 3878 2390 3949 leges,
2420 3877 2649 3949 ipsaque
2683 3892 2840 3932 sacra
2868 3874 3163 3946 Theophili
3190 3888 3387 3929 manus
3417 3889 3558 3926 uxo-

1986 3988 2099 4029 rem
2154 3972 2328 4028 dedit.
2375 3971 2727 4042 Quapropter
2769 3969 3032 4025 omnibus
3074 3967 3336 4038 praedico,
3389 3974 3561 4021 testa-

1987 4075 2215 4136 tumque
2240 4081 2365 4122 esse
2400 4066 2553 4127 volo,
2592 4079 2678 4118 me
2722 4064 2869 4117 illam
2923 4077 3153 4132 prorsus
3202 4062 3555 4117 deserturum

1988 4174 2097 4213 non
2129 4172 2272 4221 esse,
2307 4170 2488 4226 neque
2521 4170 2646 4210 cum
2686 4155 2775 4210 illa
2810 4153 2980 4210 veluti
3024 4152 3299 4208 moechum
3331 4150 3560 4206 clande-

1989 4253 2191 4307 stinam
2231 4249 2695 4306 consuetudinem
2735 4247 3079 4303 habiturum.
3118 4246 3368 4299 Alterum
3407 4243 3560 4298 enim

1987 4344 2213 4398 minime
2247 4342 2419 4413 pium.
2445 4342 2679 4396 alterum
2708 4339 2932 4394 minimc
2955 4339 3256 4408 legitimum
3285 4348 3387 4391 est.
3414 4336 3560 4402 Quin

1990 4438 2174 4503 potius
2201 4443 2257 4489 et
2293 4434 2417 4487 volo
2442 4443 2495 4488 et
2522 4445 2675 4502 opto,
2710 4433 2897 4503 plures
2929 4431 3063 4485 mihi
3093 4439 3150 4487 et
3176 4429 3380 4499 probos
3411 4428 3562 4484 nasci

1918 4530 2218 4607 Dliheros.
2285 4528 2400 4584 lloc
2470 4528 2648 4599 ipsum
2708 4524 3076 4581 ordinationis
3138 4533 3424 4578 auctorem
3504 4532 3564 4576 ct

1992 4624 2298 4693 principem
2340 4622 2593 4691 ignorare
2631 4636 2738 4673 Ιιιιιι
2770 4627 3008 4689 oportet.
3050 4616 3242 4672 Sciant
3292 4614 3346 4668 id
3396 4614 3561 4669 amici

1990 4719 2156 4770 etiam
2210 4716 2383 4769 nostri
2434 4714 2635 4767 l‘aulus
2680 4721 2737 4767 et
2788 4711 3101 4781 Dionysius,
3157 4723 3298 4777 quos
3357 4706 3563 4777 legatos

1992 4809 2134 4865 hanc
2164 4808 2235 4862 ob
2264 4821 2485 4861 causam
2518 4822 2547 4859 a
2582 4804 2783 4873 pornlo
2825 4804 2997 4857 lectos
3023 4817 3145 4857 esse
3170 4800 3363 4855 audio.
3407 4801 3560 4855 lllam

1991 4916 2122 4955 vero
2154 4915 2269 4955 rem
2302 4898 2613 4967 Theophila
2649 4914 2756 4950 non
2784 4893 3109 4966 signiﬁcari,
3135 4893 3233 4949 sed
3267 4892 3321 4946 in
3355 4908 3563 4947 memo-

1992 4994 2130 5047 riam
2170 5002 2380 5047 tantum
2414 4990 2656 5045 reVocani
2699 5006 2839 5059 opus
2867 4997 2975 5043 est.
3011 4988 3086 5043 De
3112 5002 3174 5041 ea
3209 4997 3392 5041 autem
3439 4986 3564 5057 plu-

1991 5084 2146 5139 rihus
2180 5084 2381 5147 dicam,
2430 5098 2555 5138 eum
2586 5096 2693 5150 qua
2724 5081 2947 5150 quidem
2995 5095 3101 5133 una
3130 5079 3423 5149 quisquam
3456 5078 3564 5132 alia

1991 5178 2176 5233 Omnia
2229 5178 2428 5233 collata
2486 5191 2653 5246 parva
2715 5189 2839 5229 esse
2891 5172 3126 5245 iudicet.
3179 5170 3407 5226 Dillicile
3456 5179 3561 5236 est,

1992 5283 2157 5339 atque
2202 5272 2342 5327 adeo
2387 5271 2505 5325 lleri
2551 5268 2780 5323 omnino
2828 5284 2937 5322 non
2990 5275 3195 5338 potest,
3244 5275 3306 5321 ut
3346 5266 3564 5319 animus

1992 5366 2265 5434 dogmata.
2314 5380 2435 5434 qua:
2490 5378 2588 5433 per
2632 5362 3002 5417 eruditionem
3052 5370 3110 5414 et
3160 5358 3448 5413 scientiam
3509 5359 3564 5412 in

1992 5471 2198 5512 certam
2251 5458 2731 5526 nccessariamque
2785 5453 3204 5524 persuasionem
3258 5451 3563 5513 evaserint,

1996 5550 2263 5603 lluctuare
2307 5559 2363 5604 ct
2419 5549 2473 5603 in
2503 5547 2733 5603 dubium
2765 5547 2947 5601 vocari
2981 5548 3149 5601 sinat.
3185 5542 3339 5598 Nosti
3377 5558 3565 5612 porro,

1998 5641 2400 5712 philosophiam
2449 5640 2746 5694 admodum
2793 5639 3090 5708 dirulgatis
3138 5636 3262 5690 istis
3294 5634 3566 5689 Gliristia-

1996 5749 2194 5787 norum
2219 5731 2498 5786 adversari
2518 5730 2894 5800 opinionibus.
2916 5730 3102 5798 Itaque
3134 5726 3275 5780 haud
3324 5738 3566 5795 unquam

1996 5824 2260 5890 adducar,
2293 5832 2353 5878 ut
2386 5823 2664 5890 posterius
2698 5823 2937 5876 animum
2967 5835 3132 5887 quam
3173 5833 3375 5887 corpus
3417 5815 3565 5887 gigni

3423 339 3560 405 1262
3661 338 3674 351 ’
