3972 6200
285 367 3539 445 W

895 559 1903 700 ΝΙΚΗΦΟΡΟΥ
1982 517 2974 691 ΚΑΛΛΙΣΤΟΥ

1664 786 2180 845 ΞΔΝΘΟΠΟΥΔΟΥ

845 884 2234 1093 ΕΚΚΑΗΣΙΑΣΤΙΚΗΣ
2363 967 3071 1085 ΙΣΤΟΡΙΑΣ

1629 1186 2015 1277 ΤΟΜΟΣ
2090 1187 2214 1275 Η’.

1096 1549 1957 1676 NICEPHORI
2054 1547 2794 1678 CALLISTI

1670 1783 2199 1845 XANTHOPULI

912 1969 2076 2088 ECCLESIASTlC/E
2186 1965 2925 2087 HISTORL‘E

1564 2205 1976 2298 TOMUS
2052 2210 2336 2303 VIII.

905 2557 1158 2617 ΚΕΦΑΔ.
1200 2558 1277 2615 Δ’.

312 2670 857 2746 Ἆγακεςειιιαὶωσις
910 2675 1032 2728 τῶν
1062 2674 1521 2746 προρῤηθέντων
1547 2671 1647 2726 καὶ
1678 2664 1765 2725 ὧν
1807 2670 1876 2722 ἐν

667 2746 747 2811 τῷ
777 2747 1029 2813 παρόντι
1052 2745 1489 2825 διαληψόμεθα.

377 2861 514 2913 Ὅσα
548 2860 647 2913 ιιέν
668 2859 731 2930 δὴ
770 2859 846 2929 τῷ
885 2858 1224 2926 ίσαποστόλῳ
1254 2857 1552 2926 γεγένηται
1584 2856 1876 2908 Κωνσταν-

299 2948 455 3019 τίνῳ,
490 2950 621 3019 πρὶν
665 2952 721 3012 ἐς
754 2949 1051 3001 ἀντίπαλον
1100 2948 1356 3016 κριθῆναι
1403 2949 1601 3017 μοῖραν
1649 2948 1878 3018 Λικινίῳ

299 3043 381 3110 τῷ
408 3041 684 3104 δυσσεϐεῖ,
717 3042 846 3112 ἄχρι
875 3040 941 3112 δὴ
974 3043 1071 3094 καὶ
1102 3042 1183 3103 είς
1220 3041 1320 3110 τὴν
1368 3040 1641 3103 Βύζαντος
1670 3039 1877 3092 οἰκοδο-

302 3136 415 3205 μήν
448 3150 505 3184 τε
530 3136 622 3185 καὶ
652 3134 744 3185 ἐπὶ
770 3133 831 3185 τὸ
860 3135 1109 3204 κρεῖττον
1144 3131 1451 3193 ἀλλοίωσιν,
1482 3130 1655 3184 ταῦτά
1685 3132 1836 3183 ἐστιν
1857 3146 1873 3162 ·

302 3227 432 3279 ἐπεὶ
460 3226 516 3278 δὲ
544 3225 650 3278 τῶν
683 3225 806 3277 λίαν
832 3225 1052 3278 ἀτόπων
1089 3224 1281 3291 ἔμοιγε
1313 3223 1585 3293 κρίνεται,
1613 3221 1712 3291 τὴν
1736 3220 1879 3274 οὕτω

300 3318 586 3385 περιφανῆ
643 3315 948 3385 βασιλείαν,
983 3316 1076 3367 καὶ
1105 3314 1205 3384 τὴν
1249 3313 1347 3383 τῆς
1367 3311 1664 3381 εὐσεϐείας
1704 3311 1779 3374 ὡς
1812 3313 1878 3367 ἄν

299 3425 389 3471 τις
421 3409 562 3460 είποι
610 3408 855 3477 κρηπῖδα
885 3406 980 3459 καὶ
1023 3406 1312 3476 κορωνίδα.
1351 3406 1430 3475 τῷ
1466 3405 1574 3457 τῶν
1624 3404 1880 3458 δυσσεϐε-

303 3499 515 3551 στάτων
541 3497 826 3564 τυράννων
871 3495 1164 3565 καταλόγῳ
1206 3496 1519 3564 σύμμικτον
1564 3490 1735 3549 οὖσαν
1783 3496 1879 3566 ἐᾷν

300 3590 495 3661 (τοῦτο
543 3589 600 3642 δέ
634 3590 853 3650 πάντως
902 3587 960 3653 ἐξ
1009 3588 1312 3654 ἀναγκαίου
1350 3587 1728 3653 συνέϐαινεν),
1778 3588 1879 3641 οὐκ

300 3683 489 3749 ἀνήσω
539 3682 615 3748 μὴ
670 3680 862 3733 διελεῖν
903 3678 1108 3747 ταύτην
1155 3678 1230 3741 ὡς
1264 3678 1567 3750 ἐγχωροῦν,
1615 3679 1711 3731 καὶ
1764 3677 1878 3749 ίδίῳ

302 3771 455 3839 τόμῳ
507 3769 1000 3839 συμπεριγράψαι,
1048 3768 1326 3840 περιφανῆ
1381 3786 1443 3822 τε
1480 3767 1648 3822 οὖσαν
1689 3768 1879 3822 καὶτὸ

301 3862 616 3931 ὑπερφέρον
643 3861 1093 3932 προόεόλημένην
1118 3862 1416 3929 ἐφ’ἆπασι.
1448 3863 1556 3915 Καὶ
1576 3862 1755 3915 τοίνυν
1778 3861 1879 3913 ὅσα

307 3955 409 4022 μὲν
436 3953 856 4022 προδιείληπται
902 3955 1012 4015 τοῖς
1050 3953 1161 4005 τῶν
1209 3953 1494 4022 τυράννων
1530 3953 1744 4022 χρόνοις
1790 3954 1881 4020 ἐγ-

303 4047 796 4115 καταμεμιγμένα,
830 4046 903 4108 ὡς
938 4042 1051 4099 οἷόν
1087 4045 1136 4097 τ’
1168 4043 1582 4114 ἐπιδραμοῦμαι
1612 4045 1691 4114 τῷ
1736 4044 1883 4114 λόγῳ

302 4136 396 4187 τόν
430 4153 487 4187 τε
519 4138 732 4206 πατέρι
779 4138 871 4189 καὶ
904 4138 1118 4206 γένεσιν
1166 4139 1262 4190 καὶ
1300 4138 1637 4207 ἀνατροφὴν,
1682 4136 1777 4188 καὶ
1805 4135 1881 4199 ὡς

305 4230 403 4281 ἐπὶ
433 4229 533 4297 τὴν
590 4230 766 4299 ἀρχὴν
818 4230 1078 4300 κατέστη,
1121 4228 1585 4298 ἐκδιηγούμενος·
1639 4223 1758 4281 εἶτα
1805 4228 1881 4290 ὡς

303 4327 403 4375 καὶ
433 4325 532 4391 τῆς
560 4322 899 4390 παλαι-τέρας
944 4323 1211 4393 κατάρχει
1255 4321 1499 4391 Ῥώμης,
1529 4323 1623 4372 καὶ
1648 4322 1768 4374 κατ’
1790 4322 1883 4374 οὐ·

303 4415 464 4485 ρανὸν
499 4415 560 4467 τὸ
590 4416 864 4467 νικοποιὸν
899 4415 1162 4485 τρόπαιον
1204 4414 1416 4480 ἐθεᾶτο,
1458 4414 1526 4467 δι’
1555 4414 1615 4466 οὖ
1646 4416 1742 4466 καὶ
1775 4416 1881 4465 τῶν

301 4508 605 4577 ἀλιτηρίων
652 4510 932 4578 τυράννων
988 4509 1378 4576 περιεγένετο·
1442 4506 1635 4560 ἔπειτα
1664 4508 1738 4569 ὡς
1786 4507 1878 4560 τοῦ

302 4598 453 4651 θείου
484 4601 542 4650 ἐν
574 4599 771 4670 Τώμῃ
819 4599 1137 4669 κατηξιώθη
1172 4600 1406 4669 λούτρου
1430 4617 1443 4631 ο
1478 4602 1569 4652 καὶ
1610 4600 1711 4652 ὅσα
1740 4600 1880 4670 ὑπὲρ

297 4693 648 4761 Χριστιανῶν
672 4696 765 4746 καὶ
792 4694 905 4746 τῶν
928 4691 1236 4761 ἐκκλησιῶν
1264 4692 1626 4760 διεπράξατο·
1656 4692 1749 4744 καὶ
1769 4693 1878 4745 τίσι

298 4784 651 4853 νομοθεσίαις
701 4785 840 4854 ὑπὲρ
890 4785 1050 4853 ἡμῶν
1100 4783 1465 4854 κεχρημένος,
1514 4782 1585 4835 τὰ
1636 4784 1882 4852 ἡμέτερα

298 4875 374 4935 ὡς
411 4874 573 4943 τάχος
626 4874 906 4928 ἐπιδοῦναι
941 4874 1433 4944 παρεσκευάσατο·
1465 4873 1546 4926 ἔτι
1591 4874 1649 4927 δὲ
1680 4876 1773 4927 καὶ
1802 4874 1879 4937 ὡς

301 4967 545 5028 Λικίνιος
577 4967 725 5037 αύτῴ
749 4967 1057 5028 τελευταῖος
1096 4966 1391 5036 διέφθαρτο
1415 4982 1429 4997 ·
1465 4964 1565 5019 καὶ
1604 4965 1777 5030 τέλος,
1802 4966 1878 5029 ὡς

299 5059 598 5121 Βυζάντιον
643 5059 1071 5128 χειρωσάμενος,
1113 5059 1241 5120 τοὺς
1287 5060 1345 5110 ἐν
1394 5058 1546 5127 αὐτῷ
1576 5056 1875 5111 ἀπελαύνει

297 5150 529 5220 λῃστὰς,
564 5155 656 5200 καὶ
682 5148 779 5218 τὴν
811 5152 866 5201 ἐν
911 5151 1061 5219 αὐτῷ
1104 5150 1398 5219 ἐπώνυμον
1445 5149 1605 5202 πόλιν
1637 5150 1873 5219 μεγαλο-

1904 2560 1956 2619 Δ

301 5258 405 5310 πρε
418 5241 533 5301 πῶς
561 5242 776 5309 ἀνιστᾷ,
809 5241 942 5304 νεώς
971 5258 1031 5293 τε
1068 5243 1159 5294 καὶ
1200 5243 1373 5305 οίκοις
1413 5242 1668 5312 ἐμόόλοις
1698 5259 1757 5295 τε
1787 5242 1877 5295 καὶ
1901 5271 1946 5331 C

298 5335 641 5401 ἀγάλμασιν,
686 5333 843 5386 ὕδασί
884 5350 943 5387 τε
973 5336 1068 5387 καὶ
1103 5334 1383 5404 δημοσίοις
1410 5334 1589 5397 ἄλλοις
1629 5334 1872 5403 διαρκῶς

298 5425 565 5491 ἀγλαΐσας
601 5425 805 5479 ἐσωθέν
837 5441 894 5477 τε
926 5428 1021 5481 καὶ⁸
1050 5425 1274 5491 ἔξωθεν.
1301 5427 1620 5497 Ταῦτανμέν
1649 5427 1763 5494 οὖν,
1789 5426 1873 5480 ἆτ’

300 5516 381 5578 είς
412 5515 612 5579 πλάτος
652 5518 944 5588 είρημένα,
984 5519 1369 5588 ἐπιδραμεῖται
1409 5514 1565 5581 αὖθις
1605 5522 1632 5572 ὁ
1676 5521 1867 5586 λόγος’

299 5608 368 5659 τὰ
395 5606 441 5660 δ’
488 5610 684 5681 ἐφεξῆς
737 5612 1075 5681 πλατύτερον
1126 5613 1422 5679 διεξέλθοι’
1476 5614 1545 5667 τὰ
1604 5615 1745 5666 κατὰ
1783 5613 1872 5666 τὸν

297 5704 729 5760 δυσσεὸέστατον
770 5707 976 5776 δηλαδὴ
1017 5707 1257 5775 Ἀρειον,
1306 5708 1398 5759 καὶ
1432 5708 1532 5777 τὴν
1578 5709 1635 5761 ἐν
1670 5706 1872 5777 Nini;

659 5801 927 5862 Ρλτιιυι..
961 5805 1073 5860 Gn.
1125 5799 1344 5864 CXLVI

244 5918 522 6131 si?"

2516 2548 2681 2625 528
2717 2547 2943 2610 CAPUT
2988 2554 3028 2610 I.

1979 2668 2233 2743 Repetitio
2268 2678 2448 2724 eorum
2489 2686 2606 2739 qua:
2633 2672 2773 2752 dicta
2794 2680 2957 2753 ⁸ιιιιιι,
2984 2677 3032 2723 et
3062 2669 3403 2725 dicendorum
3428 2681 3556 2743 pro-

2647 2750 2857 2809 positio.

2052 2860 2160 2915 Res
2202 2868 2371 2929 gesta:
2410 2858 2676 2930 apostolis
2720 2858 2855 2928 ipsis
2889 2856 3245 2927 comparandi
3283 2857 3557 2913 Constan-

1980 2952 2104 3018 tini,
2138 2961 2428 3023 postquam
2477 2952 2748 3007 hostiliter
2786 2967 2910 3006 cum
2955 2950 3124 3020 impio
3160 2950 3378 3006 Licinio
3414 2950 3559 3006 bello

1981 3054 2067 3100 est
2114 3059 2466 3112 congressus,
2512 3057 2689 3114 usque
2729 3043 2796 3098 ad
2829 3042 3114 3098 conditum
3162 3052 3327 3112 atque
3357 3043 3411 3098 in
3444 3059 3560 3096 amo

1980 3135 2210 3204 pliorem
2240 3135 2432 3189 urbem
2461 3133 2745 3189 redactum
2770 3133 3114 3204 Byzantium,
3141 3133 3222 3188 sic
3246 3149 3305 3188 se
3329 3133 3557 3188 habent.

1981 3224 2439 3297 Quandoquidem
2462 3240 2595 3282 vero
2618 3226 2915 3281 admodum
2945 3226 3245 3280 absurdum
3273 3225 3407 3280 mihi
3435 3241 3559 3281 esse

1981 3319 2224 3385 videtur,
2259 3327 2370 3373 tam
2414 3318 2686 3373 illustrem
2731 3318 2949 3386 imperii
2997 3316 3555 3379 administrationem,

1984 3426 2241 3479 veraeque
2303 3414 2359 3464 in
2408 3411 2580 3466 Deum
2623 3410 2865 3479 pietatis,
2904 3419 2964 3464 ut
3012 3409 3088 3463 ita
3123 3408 3323 3475 dicam,
3360 3408 3560 3464 fundae

1982 3510 2230 3556 mentum
2262 3501 2427 3556 simul
2462 3509 2517 3555 et
2548 3502 2850 3571 fastigium,
2882 3500 3335 3570 impiissimorum
3369 3509 3559 3571 tyran-

1983 3607 2181 3647 norum
2208 3594 2465 3662 catalogo
2493 3603 2550 3648 et
2578 3594 2822 3648 historia:
2853 3593 2929 3648 ita
2960 3594 3215 3648 insertam
3247 3591 3413 3661 (quod
3439 3592 3562 3661 qui.

1984 3682 2109 3736 dem
2162 3682 2476 3738 necessario
2521 3697 2745 3749 prorsus
2801 3681 2997 3735 factum
3052 3681 3156 3749 est)
3202 3678 3558 3747 relinquere,

1983 3774 2168 3830 facere
2197 3790 2307 3829 non
2344 3775 2564 3843 possum
2599 3774 2733 3843 quin
2774 3788 2917 3836 eam,
2949 3772 3127 3841 quoad
3154 3771 3276 3840 ejus
3308 3770 3425 3824 ﬁeri
3459 3785 3559 3838 ρος

1989 3874 2115 3929 test,
2147 3867 2213 3918 ah
2249 3865 2356 3920 illis
2397 3866 2699 3936 sejunctam
2747 3864 2972 3933 prOprio
3020 3877 3321 3931 persequar
3358 3860 3503 3914 libro
3540 3878 3555 3914 :

1985 3973 2111 4011 cum
2149 3958 2363 4012 scilicet
2394 3966 2501 4011 tam
2547 3957 2725 4026 ampla
2753 3956 2847 4017 sit.
2876 3964 2933 4009 et
2963 3953 3128 4009 rebus
3166 3954 3422 4007 omnibus
3465 3969 3563 4007 ex-

1986 4050 2212 4105 cellens.
2242 4049 2588 4119 Quapropter
2613 4063 2736 4118 quaa
2762 4041 2924 4102 antea
2952 4055 3310 4118 tyrannorum
3342 4056 3561 4113 tempo-

1986 4140 2142 4194 ribus
2170 4141 2460 4211 conjuncta
2505 4140 2754 4209 exposui,
2794 4153 2960 4207 qnam
3001 4147 3192 4207 potero
3234 4135 3560 4190 brevissime

1984 4233 2236 4287 oratione
2276 4232 2665 4302 perstringam,
2700 4229 2769 4284 de
2817 4240 2970 4298 patre
3013 4228 3273 4283 nimirum
3314 4222 3560 4298 ejus,'tle

1987 4323 2293 4389 nativitate,
2325 4322 2391 4376 de
2434 4320 2786 4381 educatione,
2815 4320 3093 4389 quomodo
3129 4318 3197 4372 ad
3234 4334 3419 4373 rerum
3455 4319 3560 4372 ad-

1988 4408 2455 4462 ministrationem
2522 4407 2872 4477 pervenerit;
2933 4423 3060 4462 mox
3123 4408 3289 4463 etiam
3357 4410 3559 4462 veteris

1986 4500 2173 4554 Romae
2223 4500 2514 4568 imperium
2570 4508 2905 4554 consecutus
2954 4500 3027 4554 sit
3064 4519 3077 4554 :
3111 4508 3170 4554 ut
3222 4501 3557 4569 triumphale

1982 4591 2230 4645 victoriae
2284 4592 2500 4661 signum
2552 4592 2605 4644 in
2652 4593 2793 4646 cmlo
2851 4594 3218 4660 conspexerit,
3257 4609 3356 4662 per
3409 4595 3556 4663 quod

1983 4684 2149 4737 etiam
2180 4685 2429 4738 exitiales
2454 4694 2510 4738 et
2534 4686 2907 4745 exsecrandos
2958 4687 3080 4741 illos
3114 4697 3375 4757 tyrannos
3403 4689 3559 4743 devi-

1982 4780 2085 4840 cit;
2122 4775 2320 4830 deinde
2349 4777 2628 4845 quomodo
2664 4777 2855 4831 divino
2891 4779 3075 4832 Bonna:
3112 4780 3332 4834 lavacro
3363 4783 3435 4835 sit
3460 4780 3557 4836 ab-

1980 4867 2163 4934 lutus;
2200 4885 2323 4937 quae
2356 4886 2458 4939 pro
2500 4869 2831 4927 Christianis
2864 4880 2922 4927 et
2946 4872 3205 4929 Eeelesiis
3242 4874 3361 4943 ipse
3394 4892 3558 4944 pere-

1982 4961 2158 5030 gerit;
2192 4962 2395 5030 quibus
2422 4964 2917 5023 constitutionibus
2941 4972 3042 5035 pro
3074 4966 3338 5038 religione
3368 4977 3556 5023 nostra

1983 5058 2343 5127 promulgatis
2378 5058 2650 5125 ell‘ecerit,
2685 5068 2746 5114 ut
2792 5076 2882 5115 res
2921 5071 3126 5116 nostra:
3164 5063 3315 5117 brevi
3361 5078 3556 5131 magna

1984 5148 2146 5219 529
2175 5152 2492 5219 acceperint
2522 5150 2902 5220 incrementa;
2935 5165 2997 5208 ut
3037 5164 3374 5222 postremum
3406 5154 3556 5208 Lici-

1981 5246 2132 5296 nium
2171 5242 2480 5309 attriverit;
2522 5244 2764 5316 denique
2804 5246 3067 5317 Byzantio
3112 5258 3295 5315 capto,
3340 5247 3555 5316 praedo-

1980 5337 2252 5408 nibusque
2313 5338 2440 5394 inde
2499 5340 2707 5409 pulsis.
2760 5342 3143 5413 cognominem
3193 5340 3297 5395 sibi
3360 5342 3552 5395 urbem

1981 5432 2268 5500 magniﬁce
2303 5434 2580 5498 excitarit,
2613 5435 2976 5505 eamdemque
3009 5434 3184 5487 sacris
3220 5443 3274 5487 et
3311 5435 3557 5502 profanis

1981 5524 2213 5590 aedibus,
2244 5526 2576 5594 porticibus,
2610 5529 2888 5598 projeetis,
2922 5527 3119 5582 statuis
3143 5566 3158 5589 ,
3196 5529 3355 5596 aquis
3406 5530 3557 5583 aliis-

1982 5631 2088 5685 que
2128 5617 2365 5687 publicis
2401 5620 2545 5675 intra
2577 5629 2633 5674 et
2664 5630 2816 5675 extra
2862 5620 3063 5675 mmnia
3108 5621 3356 5678 ardilieiis
3390 5638 3553 5677 exor-

1983 5713 2142 5765 narit.
2175 5710 2337 5768 Hisce
2371 5715 2653 5783 omnibus,
2684 5729 2805 5782 quae
2834 5714 3071 5768 antehac
3102 5716 3269 5770 latius
3302 5727 3430 5770 sunt
3462 5734 3557 5772 es-

3180 5810 3205 5870 l
