3972 6200
2640 238 2661 275 \

266 356 333 420 11
773 387 787 397 ο
1457 366 1878 429 NICEPHORI
1912 368 2263 432 CALLISTI
3431 369 3500 435 ιε

272 466 495 537 plicata,
541 465 783 522 breviter
831 470 1099 540 repetitis,
1139 486 1259 539 qua:
1299 482 1609 543 sequuntur
1654 474 1814 530 fusiu:

1936 476 2161 549 πρώτην
2213 477 2599 551 οίκουμενικὴν
2642 476 2892 533 σύνοδον·
2922 480 3020 550 τήν
3068 495 3127 533 τε
3182 480 3354 551 φορὰν
3386 481 3498 534 τῶν

271 560 826 615 commemorabimus
861 575 876 615 :
918 578 1006 619 res
1054 564 1267 620 scilicet
1325 567 1629 637 impiissimi
1675 569 1824 633 Arii,

263 650 605 719 primamque
638 651 1033 707 mcumenicam
1068 662 1125 709 et
1159 654 1518 712 iiiiiverSalem
1550 656 1825 713 Nicaenam

263 741 570 812 synodum;
608 750 663 795 et
700 742 951 810 uberem,
983 746 1075 815 qui
1107 754 1221 802 tum
1253 747 1577 814 floruerunt,
1607 750 1825 806 divino-

263 848 385 886 rum
414 835 657 887 virorum
688 843 1053 905 proventum;
1084 853 1206 908 quae
1233 848 1443 910 gentes,
1470 849 1525 895 et
1549 841 1825 911 quomodo

259 924 661 994 professionem
707 926 834 982 fidei
863 938 1068 985 nostra:
1102 934 1471 1002 susceperint,
1499 934 1823 991 Arianorum

260 1026 386 1086 post
411 1017 678 1088 synodum
709 1019 1057 1089 improbitate
1083 1022 1320 1093 reiecta;
1353 1039 1473 1094 quae
1495 1025 1820 1093 Antiochiae,

260 1107 610 1179 Tyri,Eli:e,
650 1108 994 1168 Alexandria
1032 1119 1091 1167 et
1121 1113 1598 1185 Constantinopoli
1632 1126 1823 1173 contra

259 1197 607 1255 Eustathium
629 1211 686 1256 et
706 1200 1063 1257 Athanasium
1101 1218 1245 1259 verae
1270 1205 1492 1275 pietatis
1522 1207 1826 1263 illustrato—

259 1304 376 1344 rem
413 1299 533 1346 acta
574 1292 704 1348 sint.
751 1292 1020 1364 Deinceps
1064 1295 1134 1352 de
1177 1297 1344 1352 rebus
1361 1299 1549 1355 ‘beatze
1580 1298 1820 1367 Helenae,

257 1383 532 1453 quomodo
549 1399 613 1440 ea
629 1383 1015 1457 Hierosolymis
1029 1390 1325 1457 pretiosam
1343 1391 1822 1463 venerandamque

258 1473 475 1530 Domini
524 1489 745 1530 crucem
803 1476 1099 1544 invenerit,
1150 1477 1349 1548 quibus
1387 1482 1552 1536 rebus
1592 1480 1668 1534 ibi
1707 1480 1824 1552 pul-

256 1565 531 1619 cherrime
559 1573 910 1619 sacrosancta
942 1568 1246 1625 excoluerit
1276 1571 1418 1637 loca,
1452 1579 1507 1625 et
1544 1571 1820 1640 quomodo

258 1654 473 1709 tandem
505 1654 648 1710 diem
680 1670 840 1710 suum
871 1658 1093 1714 ohierit.
1125 1659 1292 1714 Multa
1322 1669 1587 1731 praeterea
1614 1662 1818 1716 alicubi

255 1748 594 1812 inserentur.
625 1750 885 1806 videlicet
917 1751 985 1806 de
1015 1752 1329 1819 Melitianis,
1361 1763 1474 1808 tum
1508 1755 1577 1811 de
1602 1756 1818 1811 Asterio

1931 569 2238 639 τηνικαῦτα
2292 570 2716 639 διαλαμψάντων
2770 570 2930 625 θείων
2973 572 3207 642 ἀνδρῶν,
3252 574 3347 626 καὶ
3397 573 3498 626 ὃσα

1928 660 2037 714 τῶν
2087 661 2257 715 ἐθνῶν
2290 662 2383 714 καὶ
2427 661 2576 726 ὅπως
2607 661 2706 732 τὴν
2752 662 3028 733 ἡμετέραν
3080 663 3264 716 πίστιν
3313 664 3498 734 ἠσπὰ-

1928 769 2093 807 σαντο
2111 769 2125 786 ο
2152 751 2249 825 τὴν
2279 753 2419 824 μετὰ
2442 754 2542 825 τὴν
2567 753 2783 807 σύνοδον
2814 754 2923 808 τῶν
2958 755 3015 809 ’Δ
3026 755 3254 825 ριιανῶν
3275 758 3502 824 δυστρο-

1927 843 2094 897 πίαν·
2146 845 2247 899 ὅσα
2292 863 2351 899 τε
2404 846 2461 898 ὲν
2505 846 2826 919 ’Δντιοχείᾳ,
2866 846 3030 918 Τύρῳ
3077 865 3136 901 τε
3175 850 3268 903 καὶ
3316 848 3496 920 Δίλίᾳ,

1939 933 2317 1005 Ἀλεξανδρείᾳ
2346 950 2408 988 τε
2438 936 2536 990 καὶ
2558 938 2626 1005 τῇ
2658 938 3068 991 Κωνσταντίνου
3097 939 3234 1010 αὐτῇ
3263 940 3497 1010 διεπρά-

1926 1026 2086 1091 ξαντο
2131 1026 2273 1081 κατά
2301 1044 2357 1081 τε
2406 1027 2710 1081 Εὐσταθίου
2745 1032 2839 1083 καὶ
2889 1028 3212 1085 ’Δθανασίου
3259 1031 3352 1085 τοῦ
3395 1031 3496 1101 τῆς

1923 1117 2207 1182 εὐσεϐείας
2235 1117 2584 1189 λαμπτῆρος.
2630 1115 2763 1174 Εἶτα
2790 1119 2858 1173 τὰ
2901 1122 3041 1175 κατὰ
3081 1121 3181 1193 τὴν
3216 1122 3493 1193 μακαρίαν

1933 1208 2178 1279 Ἑλένην,
2218 1209 2294 1273 ὠς
2335 1212 2416 1273 είς
2455 1210 2813 1281 Ἰεροσόλυμα
2852 1214 3148 1285 γενομένη,
3186 1216 3278 1269 τὸν
3310 1216 3491 1286 τίμιον

1921 1298 2117 1368 ἀνεῦρε
2148 1299 2243 1353 τοῦ
2296 1300 2505 1370 Κυρίου
2555 1304 2817 1372 σταυρόν·
2866 1304 3014 1367 ὅσοις
3049 1321 3107 1357 τε
3138 1306 3327 1369 καλοῖς
3364 1296 3492 1369 τοὺς

1922 1391 2101 1456 θείους
2129 1391 2372 1455 ἐκείνους
2408 1394 2673 1462 ἐσέμνυνε
2700 1395 2930 1458 τόπους·
2972 1397 3067 1450 καὶ
3104 1397 3201 1465 οῐῳ
3229 1397 3370 1450 τέλει
3398 1396 3492 1448 καὶ

1920 1484 2057 1555 αὐτὴ
2088 1485 2377 1558 ἐχρήσατο.
2413 1487 2589 1540 Πολλὰ
2622 1485 2680 1540 δι
2726 1487 2824 1541 καὶ
2870 1488 3036 1559 ἕτερα
3072 1491 3128 1542 ὲν
3176 1490 3254 1558 τῷ
3287 1487 3490 1559 μεταξὺ

1920 1574 2239 1645 διαλήψεται
2269 1578 2400 1651 περί
2430 1595 2489 1633 τε
2516 1577 2627 1633 τῶν
2661 1577 3021 1646 Μελιτιανῶν,
3068 1581 3228 1633 ’Δστε
3241 1580 3358 1649 ρίου
3408 1594 3488 1643 τε,

1920 1669 2016 1721 καὶ
2043 1669 2391 1739 Μαρκέλλου,
2426 1671 2519 1724 καὶ
2559 1670 2915 1724 Ναυατιανῶν
2934 1688 2949 1704 ο
2980 1673 3074 1724 καὶ
3099 1673 3175 1733 ὡς
3224 1672 3490 1742 mappam

1923 1760 2166 1831 ΙἌρειος,
2213 1761 2478 1831 πρότερον
2511 1760 2757 1816 λίϐελλον
2807 1763 2968 1832 δῆθεν
3007 1762 3291 1833 εὐσεϐείας
3341 1760 3485 1822 δούς.

252 1850 309 1895 ει
356 1839 647 1905 Marcello,
697 1843 762 1897 de
816 1843 1169 1911 Novatianis;
1218 1854 1277 1900 et
1328 1846 1603 1916 quomodo
1656 1847 1814 1903 Arius

1935 1828 2059 1906 Ἐπὶ
2087 1852 2144 1905 δὲ
2182 1828 2317 1907 πᾶσι
2358 1828 2571 1916 τούτοις
2603 1853 2732 1922 περὶ
2776 1828 2870 1905 του
2921 1828 3262 1923 μακαριστοῦ
3299 1852 3488 1914 τέλους

254 1932 554 1999 crepuerit,
590 1933 775 1989 libello
818 1934 972 2004 prius
1015 1935 1248 1991 verioris
1290 1936 1510 2006 pietatis
1551 1937 1817 1993 exhibito.

250 2021 383 2077 Post
412 2024 529 2078 haec
560 2026 743 2080 omnia
789 2027 1159 2081 felicissimam
1197 2028 1541 2099 constantini
1587 2039 1817 2085 mortem

251 2116 676 2187 magnificasque
726 2127 781 2174 et
830 2120 922 2174 tali
965 2120 1215 2192 principe
1264 2122 1459 2193 dignas
1501 2124 1815 2192 exsequias,

250 2208 344 2278 qui
370 2210 658 2266 innumera
686 2212 886 2267 deinde
910 2213 1173 2269 miracula
1200 2223 1257 2269 et
1281 2214 1532 2286 prodigia
1560 2215 1815 2283 ediderit,

249 2297 571 2354 referemus.
627 2298 886 2355 Sedenim
942 2317 1166 2356 manum
1218 2303 1371 2372 operi
1425 2304 1782 2360 admoventes

250 2391 537 2445 commode
570 2388 622 2444 id
654 2390 746 2445 tali
781 2391 938 2446 initio
964 2392 1266 2449 ordiemur.

862 2501 1090 2559 CAPUT
1127 2503 1196 2558 ιι.

246 2591 427 2649 Brevis
468 2595 896 2669 commemoratio
932 2612 1109 2669 rerum
1140 2596 1395 2669 apostolis
1424 2598 1655 2669 faqualis
1682 2599 1818 2653 Con-

313 2664 558 2787 ‘stantini,
597 2680 627 2717 ο
675 2665 950 2720 παιὶυἱιαεε
992 2667 1105 2737 ejus
1142 2664 1306 2739 usque
1360 2668 1432 2721 ad
1469 2664 1676 2737 iinperii
1722 2669 1819 2722 ini-

337 2750 467 2788 mm.

311 2847 451 2902 Divo
481 2846 846 2903 Constantino
882 2856 1043 2917 pater
1089 2846 1191 2902 fuit
1222 2846 1516 2913 Constans,
1549 2847 1638 2912 cui
1680 2849 1817 2904 Pro-

243 2940 358 2993 ceri
405 2937 506 3009 (l),
559 2939 630 2993 ab
672 2938 949 3008 aliquibus
1001 2938 1167 2993 etiam
1203 2937 1391 2993 Chlori
1444 2952 1542 2994 seu
1574 2937 1815 2997 Vlrentis

243 3045 547 3101 cognomen
609 3030 951 3101 impositum.
1002 3029 1209 3085 lllustri
1258 3031 1306 3085 is
1349 3030 1645 3086 admodum
1690 3032 1814 3089 loco

240 3133 441 3183 natus,
498 3136 670 3191 genus
719 3121 788 3175 ad
838 3121 1232 3191 imperatorum
1286 3121 1548 3178 familiam
1606 3124 1813 3179 retulit.
1841 3155 1887 3214 ο

240 3212 456 3268 Claudii
498 3213 671 3278 enim,
711 3213 805 3282 qui
852 3223 983 3268 ante
1025 3214 1421 3269 Diocletianum
1465 3225 1522 3270 et
1568 3215 1810 3270 Aurelia-

241 3322 372 3360 num
429 3306 609 3376 ipsum
670 3305 855 3360 Romae
905 3305 1224 3376 imperavit,
1271 3322 1337 3362 ex
1387 3307 1496 3362 filia
1550 3317 1804 3379 nepotem

241 3397 411 3452 fuisse
438 3405 672 3451 constat.
709 3396 1072 3466 Posteaquam
1101 3407 1283 3453 autem
1312 3398 1513 3466 Persae,
1546 3396 1807 3454 Sarmatae

240 3498 297 3543 et
345 3490 573 3559 insuper
617 3489 825 3554 Parthi,
862 3490 1113 3544 Varaeho
1160 3489 1495 3555 concitante,
1543 3490 1806 3544 adversus

240 3578 518 3633 Romanos
551 3578 755 3633 bellum
802 3594 1025 3636 movere
1061 3596 1075 3634 :
1118 3580 1514 3648 Diocletianus,
1546 3583 1641 3652 qui
1691 3592 1804 3637 tum

240 3670 533 3748 imperium
566 3670 872 3732 obtinebat.
906 3670 1261 3727 Constantem
1304 3684 1579 3728 oratorem
1622 3673 1700 3745 (2)
1738 3673 1805 3727 ad

242 3760 510 3815 Barbaros
546 3761 942 3831 chmponendaa
973 3762 1126 3833 pacis
1172 3764 1346 3833 gratia
1395 3765 1565 3819 misit.
1608 3764 1707 3819 Hic
1737 3780 1805 3819 ex

238 3849 686 3906 Occidentalibus
740 3850 796 3905 in
837 3850 1120 3906 Orientem
1169 3851 1505 3921 profectus,
1533 3850 1696 3921 530
1736 3850 1803 3904 ad

238 3943 416 3999 locum
443 3941 532 3996 cui
563 3941 798 4011 Drepani
826 3956 1025 3996 nomen
1051 3951 1188 4006 erat,
1214 3942 1449 4013 appulit.
1475 3942 1553 3995 lbi
1580 3942 1805 4011 hospes,

230 4018 535 4092 comitatus
566 4034 687 4105 ejus
712 4042 769 4087 et
800 4033 1047 4088 cohortis
1080 4033 1242 4102 regiae
1273 4033 1564 4103 splendore
1591 4040 1804 4102 captus,

238 4128 406 4181 filiam
438 4127 486 4180 ei
521 4139 675 4181 suam
710 4125 893 4178 vivida
927 4135 985 4178 et
1015 4124 1188 4178 nubili
1221 4124 1332 4193 jam
1370 4132 1528 4178 atate
1570 4123 1837 4191 puellam‘

240 4218 485 4289 SUhjil‘il.
531 4214 825 4279 Constans,
868 4215 1073 4270 amoris
1118 4215 1552 4284 concubitusque
1600 4228 1806 4269 merce-

240 4316 389 4374 dem,
423 4309 650 4378 pallium
688 4307 933 4374 mulieri,
970 4307 1117 4378 regia
1148 4320 1391 4376 purpura
1425 4307 1691 4360 intextum
1725 4311 1807 4359 at-

237 4419 346 4474 que
377 4410 726 4467 exornatum,
752 4401 955 4467 donat;
984 4410 1040 4454 et
1069 4400 1264 4471 puella:
1292 4409 1526 4470 patrem,
1545 4398 1690 4468 quod
1717 4397 1806 4451 illa

1920 1944 2241 2015 διαλήψεται
2288 1946 2736 2000 Κωνσταντίνου·
2784 1946 2877 1998 καὶ
2905 1946 2982 2009 ὡς
3027 1944 3343 2014 περιφανῶς
3384 1942 3485 2011 τῆς

1921 2037 2231 2107 ἀνηκούσης
2266 2036 2489 2107 κηδείας
2518 2038 2806 2108 τετύχηκε,
2831 2037 3130 2106 θαυμάτων
3150 2037 3245 2090 καὶ
3274 2036 3485 2104 μυρίων

1918 2133 2160 2199 τεράτων
2189 2131 2484 2198 γενόμενος
2516 2129 2845 2201 αὐτουργός.
2877 2130 3049 2197 Χεῖρα
3085 2128 3130 2181 δ’
3181 2126 3488 2182 ἐπιϐάλλων

1918 2221 1996 2292 τῷ
2022 2221 2188 2293 ἔργῳ,
2226 2220 2476 2276 ἐντεῦθεν
2507 2223 2807 2291 ποιήσομαι
2838 2218 2938 2290 τὴν
2972 2219 3173 2290 ἀρχήν.

2511 2495 2768 2550 ΚΕΦΔΔ.
2818 2492 2898 2549 B’.

1930 2588 2218 2661 Ἐπιτομὴ
2244 2588 2368 2642 τῶν
2391 2587 2545 2661 κατὰ
2574 2588 2682 2661 τὸν
2721 2590 3135 2661 ίσαπόᾳτολον
3152 2592 3485 2661 ᾍΚωνιζταν-

1990 2654 2157 2797 giras?
2179 2654 2592 2729 γεγενημένων
2627 2659 2747 2714 ἀπὸ
2796 2658 3092 2730 γενέσεως
3143 2657 3253 2728 ἓως
3280 2654 3350 2715 οὗ
3380 2659 3486 2727 ἆρ-

2028 2747 2172 2785 ειεν.

2028 2747 2172 2785 ειεν.

1985 2846 2077 2918 Τῷ
2130 2843 2260 2918 θείῳ
2308 2842 2715 2913 Κωνσταντίνῳ
2759 2842 2945 2914 πατὴρ
3001 2843 3265 2907 Κώνστας
3299 2839 3389 2916 ἦν,
3439 2837 3488 2913 ᾧ

1915 2939 2274 3010 Πανύπερτος
2311 2939 2626 3007 ἐπώνυμον,
2661 2938 2801 3008 πρός
2832 2952 2997 2990 τινων
3043 2936 3101 2990 δὲ
3135 2938 3228 2991 καὶ
3256 2936 3487 3008 Χλωρδς

1914 3031 2336 3103 κατωνόμαστο.
2377 3024 2547 3093 Οὗτος
2571 3029 2678 3083 τῶν
2704 3026 2765 3082 εὖ
2797 3030 3106 3099 γεγονότων
3138 3028 3238 3096 ὣν,
3268 3030 3350 3093 είς
3385 3029 3485 3100 βα-

1920 3128 2127 3183 σιλείαν
2157 3125 2219 3179 τὸ
2244 3124 2400 3192 γένος
2445 3123 2701 3193 ἀνέφερε.
2740 3122 3014 3177 Κλαυδίου
3045 3124 3139 3177 καὶ
3174 3123 3284 3195 γὰρ
3319 3122 3484 3192 θυγα-

1911 3219 2127 3295 τριδοῦς
2154 3216 2487 3288 ὲγνωρίζετο
2510 3229 2523 3245 ·
2558 3213 2617 3279 δς
2651 3214 2821 3286 πρινὴ
2852 3216 3241 3286 Διοκλητιανὸν
3268 3216 3365 3269 καὶ
3390 3215 3483 3267 τὸν

1910 3313 2018 3385 πρὸ
2051 3307 2221 3364 αὑτοῦ
2268 3307 2545 3376 Δύρήλιον
2582 3308 2666 3369 είς
2696 3306 2797 3378 τὴν
2846 3306 3022 3377 ἀρχὴν
3067 3305 3348 3377 παριέναι,
3381 3306 3481 3375 τὴν

1909 3399 2190 3474 βασιλείαν
2223 3397 2280 3450 ὲν
2324 3394 2516 3467 Ῥώμῃ
2539 3394 2770 3449 διεῖπεν.
2814 3394 2968 3447 Ἐπεί⁵
2990 3393 3048 3447 δὲ
3077 3394 3314 3464 Πέρσαι,
3339 3395 3481 3464 Σαρ-

1913 3492 2081 3563 μάται
2128 3489 2179 3542 δ’
2211 3486 2306 3541 ἐπὶ
2343 3486 2558 3550 τούτοις
2606 3486 2704 3541 καὶ
2750 3484 2958 3557 Πάρθοι
3008 3487 3150 3541 κατὰ
3186 3486 3480 3559 Ῥωμαίων

1911 3584 2219 3652 κεκίνηντο,
2272 3577 2560 3650 Οὑαράχου
2602 3578 2801 3642 αὐτοὺς
2851 3575 3213 3649 ἐρεθίζοντος,
3252 3578 3481 3649 Διοκλη-

1909 3675 2089 3734 τιανδς
2120 3670 2165 3724 δ’
2195 3666 2264 3741 ἦν
2294 3667 2602 3740 τηνικαῦτα
2633 3669 2703 3723 τὰ
2755 3666 3040 3739 Ῥωμαίων
3080 3669 3337 3740 σκῆπτρα
3364 3669 3480 3722 δια-

1906 3754 2162 3837 χειρίζων
2187 3780 2204 3797 ⁶
2241 3764 2476 3833 πρέσϐιν
2519 3763 2613 3815 τδν
2646 3760 2988 3818 Κώνσταντα
3019 3760 3234 3831 ἔπεμπε
3279 3760 3378 3832 τὴν
3400 3761 3479 3813 εί-

1909 3858 2081 3925 ρήνην
2132 3852 2640 3921 καταστησόμενον.
2708 3850 2800 3913 Ἐξ
2854 3849 3129 3921 Ἐσπέρας
3171 3849 3217 3902 δ’
3276 3851 3334 3913 ὲς
3378 3849 3480 3921 τὴν

1909 3945 2022 3998 Ἕω
2065 3943 2381 4013 γενόμενος,
2416 3941 2512 3992 ἐπὶ
2561 3940 2766 4010 χῶρον,
2791 3939 2849 4002 ὃς
2880 3941 3158 4011 Δρέπανον
3206 3940 3474 4007 ὲκαλείτο,

1907 4036 2265 4103 κατασκηνοῖ.
2323 4030 2578 4086 Ἐνταῦθ⁹
2612 4033 2640 4083 δ
2676 4030 2901 4099 ξεναγὸς
2942 4032 3042 4098 τὴν
3079 4032 3365 4105 βασιλικὴν
3390 4034 3478 4087 δο-

1907 4125 2173 4196 ρυφορίαν
2218 4121 2361 4188 ἰδὼν,
2395 4119 2693 4174 ὑποϐάλλει
2743 4120 2896 4187 αὐτῷ
2930 4120 2991 4173 τὺ
3030 4121 3344 4193 θυγάτριον,
3382 4125 3480 4178 ἀκ-

1908 4217 2081 4288 μάζον
2109 4218 2205 4270 καὶ
2243 4213 2393 4284 ὥραν
2444 4213 2547 4283 ἤδη
2594 4213 2777 4281 γάμου
2822 4211 3287 4282 προϐεϐλημένον.
3318 4215 3479 4267 Κών-

1908 4326 2035 4373 στας
2061 4309 2118 4363 δὲ
2151 4305 2343 4378 μισθὸν
2370 4304 2481 4358 τῶν
2511 4303 2750 4375 φίλτρων
2778 4303 2947 4358 ἐδίδου
3002 4304 3208 4358 πέπλον
3236 4323 3290 4359 τι
3326 4305 3481 4376 βασι⁶

1906 4403 2033 4472 λικῇ
2067 4400 2323 4471 πορφύρᾳ
2380 4396 2788 4467 διηνθισμένον·
2845 4397 3140 4466 φυλάττειν
3179 4399 3234 4452 δὲ
3281 4400 3376 4453 καὶ
3420 4402 3479 4454 τδ

277 4506 595 4550 rocreatura
652 4503 825 4558 esset,
870 4493 1061 4548 tollere
1120 4502 1286 4561 atque
1338 4491 1574 4546 educare
1619 4490 1805 4560 jubet;

1918 4492 2103 4564 τεχθὲν
2132 4490 2432 4561 παρηγγύα
2465 4489 2539 4561 τῷ
2564 4488 2663 4559 τῆς
2688 4489 2857 4560 κόρης
2908 4491 3077 4561 πατρί
3107 4504 3124 4521 ⁹
3157 4492 3341 4545 καινὸν
3368 4491 3478 4562 γάρ

246 4600 440 4640 novum
470 4586 525 4641 id
555 4595 610 4641 et
639 4585 1022 4640 admirandum
1050 4584 1308 4655 quiddam
1335 4582 1452 4637 fore
1481 4581 1801 4645 arbitratus,

238 4695 303 4731 nx
353 4694 420 4734 eo
470 4680 618 4749 quod
668 4693 793 4734 cum
834 4677 1014 4747 puella
1059 4674 1360 4741 dormiens,
1403 4673 1459 4729 in
1500 4672 1805 4733 occidente,

124 4800 137 4807 ι
253 4774 442 4827 :ircum
485 4772 661 4841 ipsum
707 4769 934 4833 lectum,
976 4767 1148 4822 solem
1191 4767 1599 4821 illucescentem
1633 4779 1692 4820 se
1727 4763 1808 4817 vi-

258 4865 386 4918 lisse
434 4863 488 4917 in
536 4861 815 4925 cubiculo,
856 4859 1015 4915 dixit.
1066 4858 1337 4915 Caeterum
1385 4859 1657 4929 legatione
1706 4871 1805 4911 sua

257 4960 339 5019 ite
379 4955 695 5022 defunctus,
732 4954 957 5010 domum
992 4954 1178 5017 rediit,
1207 4954 1392 5023 ibique
1426 4955 1559 5023 egit.
1593 4951 1806 5007 interea

252 5047 635 5114 .liocletianns,
674 5055 965 5118 postquam
1016 5046 1084 5100 ad
1134 5046 1422 5117 imperium
1463 5052 1806 5115 pervenerat,

251 5150 433 5210 μηδι-ιο
477 5137 979 5194 administrationis
1025 5138 1144 5210 ejus
1190 5152 1372 5203 anno,
1418 5135 1805 5191 Maximianum

252 5232 558 5287 ilerculium
590 5231 798 5286 socium
826 5230 929 5286 sibi
958 5230 1174 5300 imperii
1206 5230 1497 5284 asciverat.
1531 5226 1806 5281 Constans

129 5308 137 5315 ’
246 5340 370 5379 δἐι-ο
416 5333 471 5379 et
509 5322 839 5378 Maximinus
877 5322 1154 5402 Gallerius
1184 5320 1462 5377 Cwsarum
1498 5318 1807 5390 insignibus

240 5417 484 5471 decorati
519 5426 666 5471 sunt.
712 5415 982 5471 Maximus
1014 5416 1237 5486 quidem
1271 5414 1562 5470 Galleriam
1599 5412 1809 5465 Diocle-

240 5509 395 5576 lintti,
422 5507 698 5565 Constans
726 5524 862 5581 vero
886 5509 1159 5565 Procerus
1186 5506 1531 5562 Theodoram
1568 5500 1807 5558 Herculii

309 5648 389 5715 (ι)
430 5646 535 5703 Alii
579 5663 644 5703 ex
701 5648 807 5703 filia
842 5646 1042 5717 Crispi,
1087 5648 1179 5717 qn':
1228 5645 1331 5700 fuit
1378 5644 1545 5700 frater
1572 5643 1807 5710 Claudii,

238 5728 400 5788 patre
427 5718 694 5787 Eutropio
724 5720 970 5788 genitum
1013 5721 1254 5773 tradunt.

316 5788 396 5860 (εξ)
425 5806 443 5841 ι
482 5785 756 5846 Constans
789 5790 970 5844 dicere
1022 5789 1215 5845 solitus
1246 5786 1366 5853 fuit,
1401 5800 1533 5857 opes
1562 5785 1811 5858 publicas

1907 4602 1961 4638 τι
2001 4582 2221 4636 ἔσεσθαι
2275 4581 2534 4647 ὑπενόει,
2583 4574 2664 4644 οἷς
2707 4581 3092 4650 συγκαθεύδων
3143 4586 3209 4654 τῇ
3261 4586 3479 4652 γυναικὶ

1908 4676 2051 4729 κατὰ
2081 4674 2179 4745 τὴν
2215 4673 2481 4744 ἑσπέραν,
2509 4674 2639 4742 περὶ
2671 4672 2773 4744 τὴν
2806 4674 2969 4744 εὐνὴν
3007 4674 3196 4743 ἔλεγεν
3233 4674 3362 4727 ίδεῖν
3391 4674 3478 4727 ἔν-

1907 4768 1996 4821 δον
2027 4765 2373 4836 περιλάμψαι
2401 4766 2495 4819 τὸν
2541 4766 2713 4836 ἥλιον.
2746 4766 2854 4818 Καὶ
2886 4766 2915 4818 δ
2944 4765 3047 4835 μὲν
3070 4765 3139 4818 τὰ
3181 4766 3282 4834 τῆς
3312 4783 3479 4837 πρεσ-

1909 4859 2060 4922 ϐείας
2088 4859 2270 4922 καλῶς
2300 4858 2619 4928 διαθέμενος
2651 4859 2746 4911 καὶ
2783 4857 3095 4929 ἐπανήκων,
3129 4859 3268 4911 οῐκοι
3295 4860 3475 4929 διῆγε.

1908 4953 2103 5024 Χρόνῳ
2164 4952 2221 5004 δὲ
2264 4949 2343 5019 τῷ
2400 4952 2550 5021 μέσῳ
2594 4949 2977 5020 Διοκλητιανδς
3014 4951 3094 5012 είς
3147 4949 3247 5020 τὴν
3302 4952 3480 5023 ἀρχὴν

1911 5043 2221 5116 παρελθὼν,
2266 5042 2347 5113 τῷ
2376 5043 2622 5113 τετάρτῳ
2659 5044 2761 5114 τῆς
2791 5040 3089 5111 ἡγεμονίας
3138 5041 3269 5108 ἔτει,
3308 5042 3481 5105 M15;-

1913 5136 2105 5206 μιανὺν
2142 5135 2236 5189 τὸν
2277 5133 2626 5203 Ἐρκούλλιον
2676 5133 2972 5202 συνάρχειν
3026 5133 3289 5205 αἱρεῖται.
3327 5131 3479 5185 Κών-

1911 5248 2043 5295 στας
2072 5230 2130 5284 δὲ
2153 5232 2247 5284 καὶ
2275 5229 2583 5298 Μαξιμϊνος
2605 5230 2632 5282 ὁ
2656 5226 2947 5299 Γαλλέριος
2972 5229 3090 5290 ταῖς
3115 5223 3479 5293 Καισαρικστς

1910 5323 2144 5385 ταινίαις
2178 5320 2625 5390 ἀναγορεύονται,
2649 5322 2677 5373 ὁ
2711 5319 2809 5389 μὲν
2849 5319 2944 5390 τὴν
2973 5312 3355 5386 Διοκλητιανοῦ
3384 5312 3477 5365 θύ-

1911 5433 2090 5487 γατρα
2119 5416 2330 5487 γήμας,
2364 5417 2392 5467 ὁ
2422 5412 2747 5483 Μαξιμῖνος,
2776 5411 3074 5481 Γαλλερίαν
3101 5409 3294 5475 ὄνομα,
3325 5404 3479 5457 Κῶν-

1915 5526 2045 5570 στας
2078 5508 2135 5561 δὲ
2171 5510 2198 5561 ὁ
2238 5508 2592 5578 Πανύπερτος
2642 5504 2925 5575 Θεοδὼραν
2953 5502 3051 5573 τὴν
3086 5496 3180 5552 τοῦ
3225 5495 3480 5567 Ἐρκουλ-

1915 5644 2114 5699 melius
2171 5660 2202 5725 τι
2259 5641 2485 5725 privatis
2537 5641 2788 5712 pluribus
2836 5635 3063 5717 haberi,
3111 5629 3478 5725 quam-“intra
3571 5716 3578 5725 ἠ

1918 5731 2083 5770 unum
2122 5702 2388 5785 principis
2416 5702 2714 5768 claustrum
2756 5708 3044 5765 reservari.
3094 5723 3113 5757 ι
3151 5702 3378 5770 Eutrop.

3362 5916 3375 5933 η
3431 5880 3446 5917 ί
