3972 6200
491 464 556 526 13
1417 456 2014 521 ECCLESIASTlCE
2054 456 2435 519 IlISTORlxﬁ
2475 460 2618 522 LIB.
2659 461 2825 522 νῐίῐο
3670 464 3731 527 ii

486 562 604 626 λὶου
640 570 810 626 παῖδα
839 570 918 633 είς
950 570 1140 639 λέχους
1180 568 1470 623 κοινωνίαν
1514 567 1695 621 λαϐὼν
1715 585 1730 601 ο
1768 568 1866 622 καὶ
1895 569 2045 637 ἄμφι.

2167 565 2333 621 filiam
2381 583 2605 622 uxorem
2640 569 2799 625 dtixit
2832 587 2845 623 :
2879 584 3001 625 cum
3038 570 3256 641 quidem
3299 582 3525 645 uterque
3567 592 3729 645 quam

490 665 547 717 δὲ
576 663 646 722 ἃς
695 659 843 730 εἶχον
874 660 1142 730 πρότερον
1171 660 1437 729 γαμετάς.
1479 662 1543 729 τῇ
1586 658 1723 728 πρὸς
1766 658 1890 720 τοὺς
1926 677 2057 730 κρα-

489 752 719 815 τοῦντας
778 753 981 820 στοργῇ
1035 752 1327 806 ἀπέλιπον.
1371 751 1433 803 '0
1494 751 1595 818 μὲν
1646 746 1741 804 οὖν
1790 750 2059 815 Κώνστας

495 839 824 911 Βρεταννίας
851 835 990 919 ἦρχε
1022 839 1119 891 καὶ
1150 839 1402 893 ’Ἄλπεων
1430 840 1524 892 καὶ
1553 839 1665 894 τῶν
1696 840 1810 895 ἄνω
1839 857 1898 893 τε
1924 842 2061 895 Γαλ-

496 934 628 988 λιῶν
653 950 670 965 ο
700 934 1014 1004 δυσέμϐολα
1042 935 1099 988 δὲ
1128 934 1302 989 ταῦτα
1330 936 1506 1006 χωρία
1543 952 1603 988 τε
1647 937 1742 990 καὶ
1789 936 2061 1008 δυσπρόσο

493 1027 605 1080 οδα.
652 1028 865 1097 Χρόνου
906 1028 953 1081 δ’
981 1028 1212 1100 ἥκοντος
1259 1028 1519 1098 πρέσϐεις
1554 1030 1648 1082 καὶ
1695 1028 1857 1094 αὐτὸς
1889 1033 1945 1093 ἐς
1991 1030 2059 1101 ἢν

488 1119 690 1189 ἐστάλη
752 1118 1054 1190 πρεσϐείαν
1090 1120 1362 1189 ἔπεμπεν.
1415 1119 1616 1190 ἄνδρας
1663 1121 1810 1189 γένει
1860 1122 2058 1191 διαφα-

484 1215 619 1274 νεῐς.
665 1211 822 1265 Ἐπεὶ
859 1213 916 1266 δὲ
947 1214 1040 1265 καὶ
1065 1207 1213 1267 οὗτοι
1244 1212 1386 1265 κατὰ
1408 1212 1470 1265 τδ
1486 1214 1768 1283 Δρέπανον
1793 1214 2056 1282 γένοιντο,

484 1306 551 1373 τῇ
584 1305 735 1374 οἰκίᾳ
782 1305 1162 1372 ὲπιξενοῦνται
1204 1304 1307 1375 τῆς
1349 1304 1443 1359 τοῦ
1465 1306 1897 1361 ’Κωνσταντίνου
1957 1325 2061 1376 μη-

485 1396 637 1465 τρός.
692 1396 911 1461 Παίζων
950 1396 996 1448 δ’
1023 1398 1052 1448 ὁ
1104 1399 1257 1461 παῖς,
1300 1397 1434 1467 πρός
1467 1413 1614 1460 τινος
1640 1399 1747 1451 τῶν
1776 1397 2059 1466 πρέσϐεων

486 1488 847 1557 παρωξύνετο
870 1502 886 1518 ·
913 1488 1009 1540 καὶ⁸
1038 1488 1324 1557 ἀσχάλλων
1362 1490 1472 1550 τοῖς
1499 1489 1830 1558 είρημὲνοις,
1863 1490 1939 1542 025‘
1961 1507 2061 1543 κα-

485 1578 700 1640 θεκτῶς
757 1574 873 1648 εἶχε
920 1582 987 1649 τῇ
1030 1581 1200 1649 μητρὶ
1248 1579 1546 1649 ιπίδακρυς
1594 1583 1856 1650 προσῖών.
1908 1582 1973 1635 Ἥ
2010 1580 2054 1635 δ’

498 1669 687 1738 Ἑλένη
718 1670 778 1723 τὸ
805 1672 937 1739 περὶ
962 1672 1053 1723 τὸν
1077 1671 1243 1723 παῖδα
1272 1672 1456 1742 δρᾶμα
1491 1672 1736 1741 προῆγεν
1757 1675 1836 1736 είς
1869 1674 2053 1741 μέσον*

484 1756 560 1814 ὡς
610 1756 890 1820 βασιλικὸς
952 1758 1052 1825 μὲν
1100 1759 1185 1828 εῐη
1224 1759 1518 1826 σκύμνοςό
1568 1763 1733 1823 παῖςο
1775 1761 1950 1832 ἀληθῆ
1997 1763 2055 1817 δὲ

486 1845 674 1898 πίστιν
706 1849 938 1916 παρεῖχε
986 1851 1098 1910 τοῖς
1135 1848 1313 1914 λόγοις
1354 1850 1380 1901 ὅ
1404 1868 1462 1901 τε
1497 1850 1592 1902 τοῦ
1635 1850 1826 1915 παιδὸς
1878 1870 2054 1923 χαρα-

481 1938 624 2006 κτὴρ
655 1937 977 2007 ἁκραιφνῶς
1002 1938 1095 1991 τὸν
1130 1938 1466 1993 Κώνσταντα
1500 1942 1824 2011 διαγράφων
1845 1981 1861 2005 ,
1882 1920 1969 1996 ἔτι
1999 1944 2057 1997 δὲ
2089 1920 2132 1975 Β

485 2030 584 2081 καὶ
620 2029 681 2081 ὃν
710 2030 742 2095 ἡ
776 2029 1035 2099 πορφύρα
1068 2029 1274 2092 πέπλος
1302 2031 1583 2100 ὲπέχρωσε
1618 2033 1716 2100 τῆς
1748 2033 1904 2104 θίδης
1932 2035 2059 2101 ἐξα-

486 2120 753 2187 γαγοῦσα.
792 2121 882 2181 Ὠς
913 2119 969 2173 δὲ
999 2118 1240 2174 κάκεῖνοι
1286 2121 1348 2172 τὺ
1387 2121 1526 2189 πρὸς
1561 2121 1759 2191 βουλῆς
1790 2124 1866 2194 τῷ
1897 2124 2055 2179 Κῶν.

493 2227 678 2264 σταντι
725 2210 1174 2280 ἐκπληρώσαντες
1220 2215 1519 2281 ἐπανῆκον,
1551 2215 1623 2268 τά
1667 2231 1727 2268 τε
1772 2216 1910 2271 ἄλλα
1956 2220 2056 2288 τῆς

497 2304 796 2373 πρεσϐείας
840 2304 1148 2372 κατέλεγον,
1202 2306 1558 2374 προσετίθουν
1596 2308 1654 2362 δὲ
1684 2309 1778 2362 καὶ
1816 2311 1884 2363 τὰ
1915 2311 2058 2365 κατὰ

494 2395 587 2448 τὸν
623 2397 782 2449 παῖδα
813 2399 1223 2451 Κωνσταντὶνον
1243 2414 1258 2429 ·
1302 2399 1376 2460 ὠς
1411 2400 1613 2470 ὡραῖόν
1643 2418 1701 2453 τε
1730 2404 1826 2456 καὶ
1858 2403 2057 2472 εὐφυὲς

487 2489 773 2557 μειράκιον
797 2491 883 2560 εἴη
905 2506 921 2519 ·
948 2491 1299 2562 σκιρτήματα
1334 2490 1390 2543 δὲ
1423 2492 1677 2560 βασιλικὰ
1697 2494 2052 2563 διαδείκνυσι,

482 2580 584 2634 καὶ
613 2581 800 2650 σχεδὸν
822 2582 944 2634 ὅλον
977 2580 1144 2634 αὐτοῦ
1174 2581 1267 2634 τὸν
1294 2581 1464 2635 τύπον
1489 2584 1814 2654 άκραιιρνῶς
1841 2588 2055 2657 ἀναμά-

481 2667 656 2732 ξαιτο.
689 2670 952 2732 Κῶνστας
1002 2668 1061 2721 δὲ
1097 2670 1495 2738 μετάπεμπτον
1539 2670 1703 2734 εὐθὺς
1735 2673 1911 2727 ἐποίει
1959 2676 2054 2732 τὸν

484 2763 651 2816 παῖδα
680 2762 780 2816 σὺν
800 2764 868 2832 τῇ
902 2761 1091 2831 μητρί.
1131 2762 1282 2815 Ἐπεὶ
1309 2763 1366 2816 δὲ
1399 2764 1472 2833 μή
1503 2780 1555 2817 τι
1578 2764 1741 2818 πάθοι
1758 2768 1787 2820 ό
1810 2769 1938 2832 παῖς
1959 2770 2053 2823 καὶ

476 2855 515 2926 ἡ
543 2856 729 2926 μήτηρ
757 2853 848 2908 διὰ
877 2853 939 2907 τὸ
965 2853 1272 2923 ζηλότυπον
1291 2851 1386 2921 τῆς
1422 2854 1678 2921 γυναικὸς
1714 2856 1959 2931 ὑφεὼρα,
1990 2862 2052 2914 τὺ

478 2946 625 3000 κατὰ
644 2945 747 3016 τὴν
778 2944 1002 3014 Ἑλένην
1025 2943 1218 3013 ῶσπερ
1246 2944 1421 3014 ἐχρῆν
1441 2945 1739 3017 διῳκήσας,
1764 2947 1856 3002 τὸν
1886 2950 2050 3005 παῖδα

480 3034 662 3105 πολλῷ
690 3035 922 3107 ὕστερον
948 3034 1092 3089 κατὰ
1117 3033 1218 3105 τὴν
1248 3035 1598 3107 Νικομήδους
1619 3038 1906 3112 ἀνέπεμπε
1933 3044 2052 3097 Ato-

479 3127 783 3198 κλητιανῷ.
821 3127 934 3181 Καὶ
961 3128 990 3180 δ
1016 3125 1121 3196 μὶν
1143 3121 1235 3180 οἷά
1254 3144 1308 3181 τι
1333 3126 1593 3198 ἐνέχυρον
1619 3132 1732 3192 τοῖς
1754 3130 2049 3205 βασιλείοις

2168 666 2325 711 antea
2363 660 2628 718 habuerat
2657 666 2968 733 conjugem,
2996 673 3225 735 propter
3253 681 3375 721 eam
3408 682 3573 751 quam
3603 683 3731 735 erga

2170 749 2531 818 imperatores
2557 755 2816 823 gerebant
2843 757 3012 812 animi
3040 758 3385 815 affectionem
3415 770 3470 816 et
3500 749 3735 832 prepon-

2166 837 2401 907 sionem,
2435 844 2796 912 repudiasset.
2830 847 3112 902 Constanti
3145 849 3449 916 Britannia,
3482 854 3648 921 Alpes
3679 866 3734 909 et

2164 928 2339 985 Gallia
2371 935 2620 1003 superior
2644 937 2928 1006 provincia
2960 939 3210 1003 obvenit,
3236 941 3389 999 aditu
3416 952 3475 998 et
3507 959 3730 999 accessu

2166 1020 2417 1077 diliiciles
2457 1025 2728 1095 regiones.
2771 1028 2947 1084 Annis
2986 1032 3196 1101 aliquot
3237 1032 3731 1098 intercedentibus.

2166 1126 2277 1180 quo
2306 1112 2422 1183 ipse
2447 1126 2607 1171 antea
2632 1119 2844 1188 legatus
2875 1121 3078 1177 missus
3106 1123 3302 1189 fuerat,
3328 1133 3579 1181 oratores
3602 1143 3735 1196 quo-

2167 1217 2277 1270 que
2304 1204 2386 1258 ire
2407 1206 2585 1275 jubet,
2616 1212 2766 1266 viros
2787 1228 2989 1283 genere
3017 1216 3216 1270 claros.
3241 1215 3511 1272 Caeterum
3542 1228 3599 1274 et
3627 1221 3728 1283 illi,

2165 1308 2290 1348 cum
2323 1297 2632 1368 Drepanum
2665 1302 2835 1359 delati
2863 1317 3076 1370 essent,
3107 1309 3349 1379 hospitio
3378 1313 3571 1367 matris
3586 1312 3733 1369 Cou-

2163 1388 2392 1443 stantini
2419 1392 2797 1462 excipiuntur.
2832 1398 2932 1454 Ubi
2968 1414 3105 1468 puer
3130 1402 3349 1467 ludens,
3376 1407 3446 1460 ab
3470 1422 3580 1461 uno
3611 1423 3734 1461 ora-

2165 1487 2344 1533 torum
2369 1482 2437 1535 ad
2465 1485 2635 1541 animi
2663 1489 3020 1546 acerbitatem
3048 1509 3147 1563 per
3175 1496 3614 1567 objurgationem
3646 1514 3732 1557 est

2162 1583 2493 1630 commotus.
2528 1576 2699 1645 Cujus
2740 1581 2905 1636 verba
2952 1581 3043 1637 ille
3075 1599 3220 1655 πει-ο
3266 1588 3728 1663 impatientcrque

2162 1656 2369 1721 ferens,
2404 1662 2657 1733 lacrymis
2684 1668 2926 1736 profusis
2951 1670 3018 1726 ad
3052 1683 3282 1731 matrem
3317 1682 3600 1746 querelam
3635 1684 3730 1738 tle~

2163 1751 2286 1806 fert.
2325 1753 2460 1808 Tum
2502 1757 2588 1811 illa
2634 1775 2749 1814 rem
2791 1778 3011 1820 omnem
3057 1768 3126 1823 de
3165 1784 3339 1839 puero
3382 1774 3438 1827 in
3484 1776 3723 1831 medium

2164 1843 2443 1909 producit,
2470 1849 2604 1920 regii
2634 1866 2953 1910 asseverans
2979 1861 3258 1929 sanguinis
3284 1878 3426 1919 esse.
3462 1868 3528 1920 lit
3559 1871 3725 1925 verba

2160 1948 2224 1987 ea
2257 1936 2416 1993 facile
2442 1942 2862 2007 confirmabant,
2886 1962 3010 2002 cum
3037 1952 3190 2019 pueri
3222 1953 3414 2018 facies,
3439 1972 3560 2025 qua:
3586 1959 3730 2015 Con-

2160 2027 2360 2082 stantis
2405 2030 2616 2085 vultum
2669 2037 2919 2104 apprime
2975 2040 3269 2109 referebat,
3312 2053 3429 2100 tum
3480 2062 3722 2119 purpura

2160 2117 2236 2171 illi
2282 2118 2483 2176 infecta
2512 2125 2702 2191 vestis,
2738 2142 2901 2195 quam
2948 2145 3020 2185 ex
3064 2147 3189 2188 arca
3235 2137 3434 2192 mulier
3470 2117 3718 2209 protulit.

2156 2210 2342 2280 Atque
2368 2214 2404 2268 ii
2435 2229 2656 2286 quoque
2690 2217 2962 2289 legatione
2999 2238 3067 2276 ex
3101 2224 3420 2283 Constantis
3449 2234 3723 2289 sententia

2159 2300 2429 2370 confecta,
2471 2305 2526 2360 in
2574 2308 2805 2377 patriam
2860 2314 3093 2379 reversi,
3132 2327 3259 2371 cum
3288 2319 3424 2375 alias
3478 2325 3725 2381 muneris

2156 2392 2240 2445 sui
2281 2408 2369 2449 res
2406 2395 2485 2449 illi
2520 2412 2850 2468 exposuere,
2888 2412 3001 2457 tum
3046 2406 3114 2462 de
3153 2423 3325 2478 puero
3368 2412 3531 2468 etiam
3576 2419 3724 2471 Con-

2155 2483 2320 2538 stanti
2384 2489 2666 2555 retulere,
2724 2493 3027 2551 formosum
3082 2516 3209 2555 eum
3269 2503 3722 2581 ingeniosumque

2154 2573 2629 2636 adolescentulum
2681 2594 2866 2654 gestus
2919 2588 3086 2647 edere
3148 2596 3351 2665 regios.
3397 2607 3453 2653 et
3508 2602 3718 2658 vultum

2155 2667 2721 2744 constitutionemque
2771 2678 2889 2748 ejus
2933 2680 3049 2737 fere
3094 2698 3312 2741 omnem
3364 2693 3582 2761 egregie
3629 2711 3718 2751 re-

2156 2756 2320 2814 ferre.
2349 2760 2523 2827 Quam
2550 2765 2623 2821 ob
2646 2780 2869 2823 causam
2894 2770 3164 2830 Constans
3190 2776 3361 2833 lilium
3394 2756 3576 2839 statim
3611 2803 3717 2843 ωδε

2154 2866 2278 2905 cum
2321 2861 2496 2910 matre
2523 2855 2596 2911 ad
2626 2872 2686 2914 se
2717 2860 3101 2920 adducendum
3130 2871 3361 2925 curavit.
3391 2872 3549 2947 531
3579 2879 3716 2936 Cum

2152 2955 2286 2998 vero
2331 2953 2602 3005 metueret
2651 2965 2720 3006 ne
2763 2954 2896 3024 quid
2946 2957 3031 3014 vel
3074 2974 3249 3028 puero
3297 2965 3384 3019 vel
3435 2972 3594 3025 matri
3648 2975 3718 3027 ab

2152 3049 2324 3091 uxore
2368 3052 2467 3092 sua
2512 3054 2611 3109 per
2656 3043 2984 3117 zelotypiam
3027 3057 3085 3105 et
3124 3055 3463 3126 coniugalem
3497 3066 3720 3119 aemula—

2153 3122 2357 3181 tionem
2406 3130 2715 3196 accideret.
2763 3134 2986 3194 Helena
3039 3140 3172 3210 ipsi,
3221 3122 3385 3203 sicuti
3448 3150 3713 3218 decebat.

474 3219 742 3288 διέτρισε,
789 3217 1112 3287 δομέστικος
1170 3220 1575 3292 προχειρισθεὶς
1634 3222 1745 3277 τῶν
1795 3225 2005 3295 σχολῶν
2028 3242 2044 3259 ο

2152 3219 2452 3287 prospexit,
2489 3237 2726 3292 puerum
2765 3236 2948 3284 autem
2988 3233 3270 3303 aliquanto
3307 3250 3430 3308 post
3466 3217 3718 3303 Nicoa‘ue?

475 3313 704 3381 γενναῖα
738 3310 795 3365 δὲ
826 3311 1009 3382 χειρὸς
1034 3311 1174 3381 ἔργα
1203 3312 1670 3384 διαπραξάμενος,
1701 3316 1914 3381 ἰθείαζε
1944 3320 2045 3389 μὲν

473 3406 547 3460 τὰ
597 3404 941 3477 Χριστιανῶν
988 3404 1210 3475 ἠρέμα·
1260 3404 1459 3475 ἤχθετο
1491 3407 1548 3460 δὲ
1591 3409 1660 3479 τῇ
1721 3410 1891 3482 πολλῇ
1936 3414 2046 3468 τῶν

475 3498 830 3568 κρατούντων
863 3496 1285 3567 δεισιδαιμονίᾳ,
1319 3498 1415 3551 καὶ
1453 3500 1537 3553 δτι
1584 3503 1651 3571 τῇ
1700 3502 1867 3575 πολλῇ
1908 3508 2044 3576 ἐφή-

471 3588 631 3641 δοντο
650 3587 762 3641 τῶν
793 3587 1094 3658 μαρτύρων
1122 3589 1330 3657 σφαγῇ.
1366 3587 1454 3650 Ὧς
1475 3588 1533 3642 δὲ
1557 3592 1652 3645 καὶ
1679 3599 2044 3664 μαγγανείαις

471 3680 542 3749 δή
574 3697 718 3733 τισιν
745 3682 909 3733 αὐτὸν
961 3680 1123 3749 μόνον
1155 3678 1418 3771 τῇςᾷὄλης
1444 3681 1637 3771 ,ἀρχῆς
1670 3684 1915 3771 ἐγκρατῇ
1945 3705 2042 3756 γε.

472 3771 688 3837 νισθαι,
714 3772 810 3824 καὶ
852 3769 952 3835 τὴν
980 3771 1095 3825 τῶν
1140 3769 1377 3824 εἰδώλων
1427 3770 1728 3842 θρησκείαν
1756 3776 1821 3828 ὲκ
1869 3769 2039 3846 μέσου

472 3866 653 3917 ποιεῖν
689 3864 742 3915 οἱ
793 3864 923 3932 περὶ
950 3863 1340 3930 Διοκλητιανδν
1388 3863 1669 3933 εὕρισκον.
1716 3869 1797 3926 είς
1844 3870 2041 3939 φθόνον

468 3947 896 4022 ἀνερριπίζοντο
922 3964 937 3980 ο
979 3948 1074 4002 καὶ
1123 3948 1261 4018 δόλῳ
1310 3949 1403 4002 τὸν
1438 3951 1653 4004 ἐκείνου
1693 3955 1852 4022 φόνον
1898 3951 2040 4027 ἦσαν

468 4038 910 4111 ἑμμελετῶντες.
962 4039 1028 4092 Ὃ
1076 4039 1239 4107 γνοὺς
1272 4039 1708 4105 Κωνστανττνος,
1757 4046 1895 4114 πρὸς
1947 4049 2038 4103 τὸν

469 4134 686 4203 πατέρα
714 4131 1009 4186 διέϐαινεν.
1066 4129 1219 4183 Ἐπεὶ
1249 4129 1297 4184 δ’
1337 4132 1397 4183 ὲν
1434 4133 1774 4200 τελευταίαις
1806 4138 1898 4192 τὸν
1936 4159 2039 4197 πα-

466 4227 603 4295 τέρα
636 4224 957 4294 κατειλήφει
987 4223 1307 4284 άναπνοαῐς.
1354 4222 1455 4294 ἥδη
1479 4223 1537 4277 δὲ
1565 4227 1660 4280 καὶ
1686 4229 1744 4291 ἐς
1771 4229 2038 4302 διαθήκας

467 4317 805 4387 ηὐτρέπιστο
824 4332 839 4348 ο
876 4317 1071 4388 ἐκείνῳ
1107 4310 1196 4368 οἷα
1222 4315 1287 4386 δὴ
1317 4315 1386 4368 τά
1419 4315 1764 4387 Χριστιανῶν
1793 4322 2036 4395 ἑλομένῳ

466 4411 530 4463 τὸ
562 4412 764 4481 κράτος
808 4410 972 4478 ἐφίει,
1005 4411 1133 4475 τοὺς
1164 4413 1227 4464 ἐκ
1276 4413 1384 4466 τῶν
1423 4415 1666 4482 γνησίων
1702 4418 2035 4487 σπερμάτων

464 4503 564 4571 τῆς
593 4504 875 4575 Θεοδώρας
907 4505 1307 4576 παρωσάμενος
1339 4506 1536 4569 παῖδας
1560 4521 1575 4536 ο
1608 4506 1770 4570 αὐτὸς
1803 4508 2033 4571 οἰκείαις

2148 3309 2293 3366 diam
2322 3314 2389 3367 ad
2423 3314 2823 3376 Diocletianum
2852 3324 3025 3380 misit.
3060 3326 3137 3383 lbi
3172 3330 3263 3386 ille
3311 3332 3365 3387 in
3408 3334 3713 3405 imperato-

2149 3402 2232 3521 rio
2264 3405 2756 3521 palatioaperindie
2786 3422 2956 3521 atque
2993 3419 3193 3489 pignus
3227 3402 3506 3521 quoddam
3550 3431 3715 3521 deget.-

2146 3492 2260 3556 bat,
2284 3495 2620 3557 domesticus
2647 3503 2963 3562 scholarum
2987 3522 3228 3568 creatus.
3258 3514 3322 3570 Et
3350 3516 3511 3574 fortia
3541 3492 3708 3578 manu

2145 3601 2414 3658 peragens
2441 3590 2709 3661 facinora,
2742 3596 3184 3659 Christianorum
3226 3622 3386 3663 saeta
3415 3614 3622 3668 sensim
3652 3626 3711 3670 et

2143 3681 2361 3736 occulte
2390 3693 2475 3741 est
2506 3688 2865 3756 complexus,
2898 3701 2958 3746 et
2990 3693 3370 3764 imperatores,
3399 3704 3497 3772 qui
3532 3715 3713 3762 tanto-

2142 3784 2272 3838 pere
2303 3787 2454 3827 vanre
2494 3780 2875 3845 superstitioni
2910 3784 3081 3841 dediti
3123 3797 3329 3854 essent,
3371 3801 3428 3846 et
3468 3796 3705 3864 plurima

2145 3874 2441 3935 martyrum
2486 3868 2635 3926 caede
2676 3871 3108 3939 oblectarentur,
3163 3881 3489 3940 detestatus.
3536 3888 3709 3943 Poxro

2142 3964 2204 4009 ut
2258 3955 2730 4019 incantationibus
2779 3965 3327 4043 divinationibusque
3373 3978 3703 4046 quibusdam

2139 4047 2514 4107 Diocletianus
2542 4056 2825 4125 cognovit,
2857 4058 3037 4128 ipsum
3069 4061 3490 4123 Constantinum
3526 4071 3704 4126 solum

2139 4153 2351 4194 summa
2384 4156 2568 4197 rerum
2607 4154 2664 4200 et
2697 4146 2932 4216 imperio
2964 4151 3289 4219 potiturum,
3320 4156 3703 4232 idolorumque

2138 4229 2344 4285 cultum
2390 4235 2761 4303 sublaturum,
2796 4240 2924 4297 odio
2972 4258 3100 4315 erga
3139 4262 3265 4301 eum
3295 4259 3383 4303 est
3416 4267 3700 4317 accensus,

2136 4321 2539 4393 consiliumque
2580 4329 2866 4386 occidendi
2910 4333 3031 4403 ejus
3082 4338 3250 4406 cepit.
3289 4338 3405 4405 Qua
3447 4358 3508 4397 re
3545 4360 3702 4398 com-

2136 4421 2319 4480 perta,
2347 4413 2744 4475 Constantinus
2795 4423 2861 4477 ad
2905 4434 3113 4490 patrem
3144 4443 3201 4482 se
3235 4432 3471 4486 contulit
3498 4451 3513 4487 :
3540 4451 3700 4504 quem

2131 4503 2241 4573 jam
2272 4519 2589 4575 supremum
2618 4526 2789 4581 prope
2822 4515 3128 4572 trahentem
3157 4519 3433 4589 spiritum,
3464 4534 3520 4579 et
3553 4527 3698 4583 circa

461 4596 623 4667 χερσὶ
671 4596 814 4649 κατὰ
869 4596 1236 4666 Βρετταννίαν
1289 4597 1382 4650 τὸν
1430 4596 1713 4667 βασιλικὸν
1767 4599 2032 4669 στόφανον

2150 4606 2528 4654 testamentum
2584 4603 2932 4660 condcndum
2986 4622 3313 4679 occupatum
3367 4620 3601 4685 reperit;
3641 4620 3699 4674 iu

458 4686 611 4755 αὐτῷ
637 4687 908 4757 περιθεὶς,
938 4686 996 4753 ἒξ
1022 4687 1124 4757 μὲν
1150 4688 1242 4741 καὶ
1283 4689 1624 4757 πεντήκοντα
1650 4687 1821 4755 ζήσας
1846 4691 2029 4743 ἐνιαυ-

460 4779 608 4842 τοὺς,
646 4782 798 4848 τρεῖς
828 4779 885 4831 δὲ
931 4780 1024 4832 καὶ
1055 4779 1229 4833 είκοσι
1257 4779 1465 4832 τούτων
1507 4780 1910 4850 ἡγεμονεύσας,
1948 4784 2029 4836 λι-

461 4872 567 4940 μὴν
593 4872 861 4933 ἄκλυστος
910 4873 1020 4933 τοῖς
1060 4872 1309 4924 εὐσεϐεῖν
1358 4873 1656 4943 ᾑρημένοις
1709 4874 2025 4944 γενόμενος.

456 4962 569 5014 Καὶ
595 4964 625 5015 ὁ
656 4963 759 5029 μὲν
817 4964 1225 5026 Κωνσταντῖνος
1265 4961 1408 5016 οὕτω
1437 4963 1534 5035 τὴν
1572 4965 1747 5037 ἀρχὴν
1782 4967 2029 5031 άναζὼν-

452 5069 651 5117 νυται,
711 5055 811 5124 τῆς
866 5056 1249 5126 διακοσιοστῆς
1303 5055 1715 5128 ἑϐδομηκοστῆς
1767 5060 2029 5130 πέμπτης

450 5144 768 5215 ἀρχομένης
823 5146 1228 5216 Ὀλυμπιάδος·
1280 5149 1420 5217 ὅπερ
1471 5149 1592 5201 ἐστὶ
1645 5150 1852 5219 κόσμου
1905 5151 2024 5214 ἔτος

450 5238 996 5307 πεντακισχιλιοστὺν
1032 5238 1452 5294 ὀκτακοσιοστὸν
1502 5239 1757 5306 πέμπτον
1805 5242 1902 5295 καὶ⁵
1938 5243 2026 5297 δέ-

447 5345 638 5384 κατον.

2133 4699 2243 4756 quo
2271 4687 2350 4742 illi
2381 4689 2822 4771 Christianorum
2849 4698 3169 4768 religionem
3199 4710 3565 4773 consectanti,
3601 4712 3704 4765 im-

2132 4779 2351 4847 perium
2406 4792 2845 4857 potestatemque
2900 4804 3054 4845 suam
3116 4794 3338 4864 reliquit
3383 4815 3396 4850 :
3446 4802 3698 4870 reliquis.

2132 4885 2271 4938 quos
2311 4887 2377 4926 ex
2427 4874 2716 4932 Theodora
2756 4893 3078 4951 susceperat
3112 4886 3323 4950 liberis,
3366 4896 3696 4961 przeteritis;

2132 4961 2249 5031 ipse
2283 4979 2503 5034 quoque
2551 4971 2807 5026 manibus
2848 4974 2986 5035 suis.
3026 4977 3078 5030 in
3116 4977 3396 5036 Britannia
3435 4999 3696 5041 coronam

2130 5053 2468 5125 imperialem
2503 5060 2552 5114 ei
2586 5061 2872 5131 imposuit,
2902 5066 3301 5141 quinquaginta
3341 5083 3398 5128 et
3439 5091 3535 5130 sex
3566 5087 3697 5132 atta-

2130 5146 2220 5214 tis,
2247 5149 2423 5205 tribus
2454 5166 2584 5207 vero
2614 5163 2670 5208 et
2697 5155 2895 5226 viginti
2926 5157 3145 5229 imperii
3174 5165 3380 5219 exactis
3406 5168 3568 5222 annis
3590 5168 3692 5237 (l);

2126 5255 2250 5296 cum
2284 5244 2507 5312 quidem
2546 5247 2826 5314 omnibus,
2856 5250 2951 5319 qui
2987 5267 3187 5308 veram'
3209 5256 3466 5325 pietatem
3496 5259 3694 5329 colen-

2125 5336 2249 5391 dam
2283 5340 2611 5397 statuissent
2646 5351 2797 5419 tutus
2829 5354 2885 5400 et
2912 5350 3242 5418 tranquillus
3270 5349 3465 5405 fuisset
3496 5364 3690 5420 portus

444 5433 503 5478 et
536 5425 867 5496 perfugium.
893 5425 969 5481 Eo
997 5427 1160 5483 modo
1186 5428 1585 5486 Constantinus
1615 5441 1901 5502 paternum
1965 5440 2052 5488 est
2126 5447 2457 5493 consecutus
2507 5439 2822 5509 imperium,
2863 5440 3239 5499 ducentesiiua
3292 5449 3689 5517 septuagesima

446 5518 641 5586 quinta
672 5518 896 5576 ineunte
923 5520 1234 5592 Olympiade
1263 5541 1276 5578 :
1302 5523 1396 5594 qui
1428 5539 1609 5580 annus
1634 5534 1720 5581 est
1747 5542 1777 5580 a
1808 5526 2016 5582 mnudo
2056 5528 2279 5585 condito
2316 5532 2614 5603 quinquies
2642 5533 2969 5592 millesimus
3000 5537 3488 5609 octingentesimus
3527 5541 3691 5612 quin-

444 5626 536 5671 tus
563 5612 831 5670 decimus.

516 5730 598 5799 (1)
623 5730 718 5809 ,19
766 5740 829 5787 ut
864 5729 1074 5809 _C:esar,
1104 5731 1155 5809 ﬁ
1203 5741 1279 5809 ut_
1318 5731 1622 5809 Augustus.
1655 5733 2007 5809 ApudAalios

2154 5736 2369 5793 liander
2401 5740 2557 5809 ponit
2600 5756 2806 5798 annum
2844 5740 3034 5799 mundi
3075 5739 3286 5801 conditi
3330 5743 3472 5802 4289
3505 5754 3684 5803 stunc

437 5800 739 5855 cltrouicos
769 5800 1318 5873 scriptoresinvcnio
1351 5800 1717 5873 oljvmpiadem'
1752 5804 1879 5869 272,
1913 5822 2010 5860 an-

439 5888 575 5925 num
606 5875 792 5927 mundi
824 5870 1029 5927 conditi
1061 5871 1221 5937 427i,
1268 5870 1469 5926 annum
1508 5870 1724 5928 Domini
1759 5876 1883 5929 510.
1917 5876 2006 5931 Bi-

2120 5823 2249 5863 num
2289 5810 2504 5866 Domiui
2535 5812 2660 5869 3M.
