3972 6200
271 478 342 543 15
1455 468 1881 533 NICEPHOBI
1918 468 2265 527 CALLISTI
3436 476 3500 538 ιδ

865 586 1090 645 CAPUT
1143 587 1233 642 111.
1861 579 1913 639 Α

1861 579 1913 639 Α
2530 579 2779 638 ΚΕΦΔΛ.
2831 582 2906 638 Γ¹.

271 685 335 739 ω
386 682 762 737 Constantinus
793 687 1047 746 tyrannos
1114 677 1314 740 vicerit,
1368 684 1417 728 et
1470 673 1833 729 Christianam

1953 669 2049 737 Ὠς
2082 668 2203 746 rei»:
2230 668 2560 746 ,τυράιςγων
2607 674 2985 746 περιεγένετο
3026 678 3500 746 Κωνσεαντῖνος,

681 740 953 818 amplexus
981 751 1048 803 sit
1079 747 1405 818 religionem.
2043 740 2140 793 καὶ
2168 740 2247 805 ὡς

2043 740 2140 793 καὶ
2168 740 2247 805 ὡς
2275 740 2389 807 τὴν
2411 740 2795 809 Χριστιανῶν
2810 743 3136 812 ἠσπάσατο
3156 748 3391 802 πίστιν.

337 866 713 921 Diocletianus
743 872 927 918 autem
954 871 1009 917 et
1034 861 1418 922 Maximianus,
1446 857 1640 930 viginti
1672 855 1834 913 annis

2007 853 2390 923 Διοκλητιανδς
2432 852 2489 906 δὲ
2522 854 2616 908 καλ⁸
2659 855 3009 927 Μαξιμιανδς
3056 857 3177 921 ἔτος
3217 876 3324 914 που
3363 860 3505 914 είκο-

265 960 324 1013 in
355 955 587 1024 imperio
628 952 1068 1008 administrando
1110 952 1425 1021 completis,
1460 961 1681 1019 propter
1708 963 1833 1003 cer-

1940 944 2065 999 στὸν
2083 945 2433 1009 διανύσαντες
2451 949 2706 1018 τῇοάρχῇ,
2732 949 2953 1012 ἑκόντες
2974 951 3181 1021 ταύτης
3201 951 3501 1018 ἐξίσταντο.

268 1060 352 1101 tas
383 1060 600 1109 causas,
628 1058 686 1100 et
724 1044 870 1111 quod
903 1044 1036 1097 dura
1069 1043 1318 1113 quaedam
1345 1040 1588 1110 perpessi
1618 1048 1828 1102 essent,

1950 1037 2074 1091 Ἐπὶ
2123 1038 2232 1092 τισι
2262 1039 2307 1092 δ’
2367 1040 2594 1106 αἰτίαις,
2643 1043 2740 1095 καὶ
2796 1042 2918 1095 τίνα
2970 1044 3304 1109 πεπονθότες
3333 1048 3502 1113 δεινά,

270 1147 606 1210 potestatem
641 1127 760 1191 eam
792 1151 891 1191 sua
937 1144 1131 1204 sponte
1163 1134 1265 1187 sibi
1304 1132 1439 1202 ipsis
1469 1131 1830 1199 abrogarunt.

1938 1131 2058 1183 τίνα
2094 1146 2153 1183 τε
2202 1133 2621 1202 προγράμματα
2656 1135 2775 1186 καθ’
2818 1134 2977 1203 ἡμῶν
3009 1137 3105 1189 καὶ
3159 1137 3297 1207 ὑπὲρ
3347 1138 3506 1208 ἡμῶν

267 1231 463 1295 Qualia
499 1236 684 1283 autem
714 1226 803 1281 vel
845 1236 1040 1280 contra
1072 1239 1197 1288 nos,
1242 1222 1325 1275 vel
1356 1221 1522 1274 etiam
1553 1234 1650 1288 pro
1674 1216 1835 1271 nobis

1938 1220 2327 1289 ἐνεστήσαντο,
2379 1224 2476 1276 καὶ
2523 1224 2668 1287 ὅσοις
2711 1225 2803 1277 τὸν
2837 1225 2978 1296 ὑπὲρ
3020 1228 3264 1295 Χριστοῦ
3316 1230 3506 1297 ἀγῶνα

268 1320 661 1392 praposueriut
714 1318 916 1382 edicta,
965 1324 1022 1370 et
1070 1326 1205 1385 quot
1242 1320 1541 1383 martyrum
1587 1309 1833 1363 millibus

1940 1310 2236 1379 διενεγκεῖν
2288 1313 2643 1380 κατέστησαν
2695 1316 2973 1385 πρόξενοι,
3032 1318 3183 1371 αὐτοί
3222 1337 3283 1372 τε
3340 1322 3433 1373 καὶ
3480 1322 3508 1373 6

269 1424 491 1469 strenue
542 1427 643 1482 pro
694 1410 902 1466 Christi
951 1407 1179 1462 nomine
1227 1403 1675 1466 decertantibus,
1731 1400 1835 1470 ipsi

1942 1403 2061 1472 μετ’
2114 1404 2311 1467 αὐτοὺς
2345 1404 2673 1473 Μαξιμίνος,
2706 1407 2900 1476 φθάνει
2946 1425 3006 1461 τε
3059 1412 3253 1479 μικρὸν
3285 1409 3508 1464 ὄπισθεν

269 1506 433 1559 simul
481 1514 536 1558 et
580 1501 911 1556 Maximinus
943 1512 1239 1554 successor
1264 1508 1455 1550 eorum
1487 1491 1641 1547 necis
1668 1505 1833 1544 causa

1942 1495 2034 1545 καὶ
2066 1494 2204 1562 πρὸς
2237 1493 2437 1549 λεπτὸν
2467 1496 2780 1566 είρημένον.
2830 1499 3132 1566 Μαξέντιος
3160 1500 3205 1552 δ’
3230 1503 3287 1553 ὲν
3324 1500 3510 1574 Ῥώμῃ

268 1598 604 1658 exstiterint,
643 1594 802 1663 532
856 1590 1175 1660 plenissime
1225 1604 1255 1641 a
1295 1586 1453 1640 nobis
1496 1585 1659 1654 paulo
1707 1591 1836 1637 ante

1941 1588 2035 1640 καὶ
2070 1586 2382 1655 Μαξιμϊνος
2419 1588 2477 1642 ἐν
2510 1589 2853 1662 Νικομηδεῖς.
2899 1590 3312 1660 τυραννοῦντες,
3342 1595 3370 1646 6
3406 1594 3508 1659 μὲν

269 1701 355 1745 est
389 1688 743 1757 explicatum.
794 1682 1103 1738 Maxentius
1137 1695 1302 1750 porro
1330 1680 1536 1736 Romae.
1573 1683 1629 1728 et
1661 1673 1837 1728 Maxi-

1942 1681 2083 1734 κατά
2115 1680 2214 1750 τὴν
2242 1680 2379 1748 Ἕω,
2410 1682 2439 1733 6
2462 1682 2506 1734 δ’
2542 1684 2599 1735 ὲν
2639 1682 2906 1755 Ἑσπέρα,
2938 1684 3008 1737 τὰ
3051 1686 3142 1740 ῐσα
3175 1687 3510 1755 πράττοντες

270 1783 453 1837 minus
483 1778 835 1842 Nicomediae,
854 1777 945 1830 hic
969 1777 1026 1829 in
1051 1774 1296 1838 Oriente,
1318 1772 1407 1826 ille
1433 1771 1488 1824 in
1513 1767 1835 1829 Occidente,

1945 1767 2120 1842 ἦσαν’
2173 1775 2449 1843 ἁρπαγαῖς
2505 1778 2815 1847 χρώμενοι,
2867 1780 3081 1848 γάμους
3137 1779 3513 1849 διορύττοντες

274 1874 620 1948 tyrannidem
652 1880 999 1932 exercentes,
1039 1867 1248 1922 eisdem
1294 1863 1692 1919 detinebantur
1722 1867 1839 1961 stu-

1947 1865 2279 1935 ἀλλοτρίους,
2335 1868 2430 1922 καὶ
2460 1869 2620 1937 φόνον
2662 1871 2891 1942 ἄπειρον
2930 1872 3278 1943 καθεκάστην
3308 1875 3386 1937 ώς
3433 1875 3515 1926 εἰ-

273 1965 403 2029 dlis,
436 1963 641 2017 civium
685 1960 1033 2015 subditorum
1074 1956 1218 2010 bona
1269 1952 1618 2023 diripientes,
1650 1948 1841 2004 matri-

1945 1960 2068 2010 πεῖν
2116 1960 2514 2030 κεραννύντες*
2567 1961 2692 2015 καθ’
2725 1959 2800 2017 ὧν
2846 1965 2909 2016 ὲκ
2952 1965 3255 2033 πρεσϐείας
3301 1962 3513 2018 πολλῶν

273 2060 454 2111 monia
487 2055 664 2109 aliena
693 2052 986 2114 violantes,
1037 2056 1093 2104 et
1141 2046 1317 2101 caedes
1352 2046 1674 2098 innumeras
1702 2054 1841 2110 quo-

1947 2051 2051 2103 τῶν
2106 2050 2349 2104 Γαλλιῶν
2394 2054 2640 2122 κινηθεὶς
2681 2055 3115 2121 Κωνσταντίνος,
3167 2057 3362 2126 πρῶτα
3416 2059 3515 2125 μὲν

271 2148 408 2203 libet
479 2161 650 2216 prope
722 2142 811 2197 die
885 2143 1275 2195 subornantes.
1344 2135 1629 2190 Adversus
1690 2133 1839 2196 hos,

1950 2137 2087 2191 κατὰ
2133 2139 2435 2203 Μαξεντίου
2475 2143 2865 2211 ἐπιστρατεύει
2901 2146 2959 2197 ἐν
3005 2143 3223 2215 Ῥώμῃ·
3275 2145 3518 2214 ὁπηνίκα

272 2251 659 2309 oppressorum
684 2233 1049 2302 legationibus
1075 2230 1328 2301 pluribus
1351 2229 1567 2284 excitus
1596 2240 1625 2280 e
1649 2224 1840 2280 Galliis

1955 2228 2007 2298 δὴ
2040 2228 2385 2299 συρραγῆναι
2421 2229 2633 2298 μέλλων
2668 2231 2806 2299 πρὸς
2843 2233 3025 2301 μάχην
3051 2234 3269 2303 ἐκείνῳ,
3299 2234 3391 2288 τὸν
3418 2250 3523 2287 πα-

272 2329 689 2392 Constantinus,
721 2326 961 2396 primum
987 2323 1260 2378 Maxentio
1289 2321 1356 2375 ad
1383 2321 1577 2375 urbem
1609 2319 1840 2374 Romam

1953 2316 2120 2387 τρῷον
2174 2317 2498 2369 ἐπεκαλεῖτο
2550 2317 2706 2371 Θεόν.
2755 2320 2967 2388 Αῐφνης
2998 2321 3044 2374 δ’
3087 2323 3149 2376 έν
3199 2323 3418 2396 οὐρανῷ
3459 2325 3521 2379 τὸ

275 2422 484 2478 bellum
528 2419 732 2474 intulit.
770 2419 889 2481 Quo
930 2425 1178 2485 tempore
1211 2415 1387 2469 aleam
1422 2410 1612 2466 Martis
1654 2408 1843 2478 praelia

1952 2408 2222 2476 σωτήριον
2251 2407 2344 2459 τοῦ
2379 2408 2621 2478 σταυροῦ
2652 2411 3003 2479 ἐπιφαίνεται
3035 2413 3200 2468 ὅπλον
3240 2418 3365 2471 κατ’
3393 2417 3520 2471 άναο

276 2511 543 2565 adversus
602 2523 729 2563 eum
790 2517 1144 2575 estperturus,
1204 2513 1498 2573 paternum
1567 2498 1844 2555 invocavit

1951 2497 2130 2563 τολὰς,
2172 2500 2266 2551 ἐπὶ
2298 2499 2568 2569 μήκιστον
2610 2502 2822 2572 διῆκον,
2854 2506 2913 2559 έν
2940 2506 3125 2578 ἡμέρᾳ
3175 2509 3314 2581 μέσῃ
3344 2510 3519 2579 ὑπερ·

275 2604 466 2658 Deum.
510 2600 580 2669 Et
625 2600 926 2667 derepente
975 2598 1033 2650 in
1078 2595 1222 2650 ctelo
1265 2592 1608 2648 salutiferum
1661 2589 1843 2644 crucis

1952 2591 2265 2661 αστράπτον
2291 2595 2355 2662 τῇ
2390 2592 2555 2665 αῐγλῃ
2581 2593 2672 2647 τὸν
2696 2594 2868 2666 ἣλιον.
2906 2593 3050 2669 Ἶρις
3080 2600 3137 2652 δὲ
3182 2601 3520 2669 περιθέουσα

276 2695 495 2764 signum
546 2689 766 2759 longius
814 2688 1134 2752 distentum,
1172 2689 1444 2742 orientem
1487 2699 1698 2747 versus,
1737 2697 1844 2737 me-

1952 2684 2136 2755 κύκλῳ
2186 2684 2251 2737 ἐκ
2282 2684 2392 2738 τῶν
2444 2686 2577 2740 ἴσων
2610 2687 2829 2757 άστρων
2860 2689 2995 2761 πρὸς
3035 2692 3385 2762 γραμμάτων
3417 2709 3520 2764 χα-

278 2786 495 2842 ridiano
517 2793 784 2854 tempore,
815 2782 1110 2852 splendore
1132 2781 1304 2835 solem
1325 2780 1503 2849 ipsum
1528 2786 1845 2847 superante,

1954 2780 2206 2851 ρακτῆρα
2223 2777 2640 2849 ῥυθμιζομένων
2655 2780 2977 2853 Ῥωμαϊστὶ,
3002 2784 3106 2839 Ἐν
3126 2786 3320 2849 τούτῳ
3353 2786 3517 2851 νίκα,

277 2878 572 2950 apparuit:
603 2877 812 2949 circum
849 2874 1021 2946 quod,
1056 2872 1111 2927 in
1160 2871 1375 2937 orbem,
1407 2870 1583 2925 stellis
1634 2869 1845 2938 itidem,

1953 2872 2273 2941 ὐπέγραιρεν
2297 2886 2313 2901 ·
2350 2872 2379 2925 6
2416 2871 2614 2927 αὐτίκα
2660 2873 2725 2928 ὲκ
2767 2875 2968 2945 χρυσοῦ
3009 2877 3105 2930 καὶ
3146 2876 3312 2932 λίθων
3353 2877 3521 2931 πολυ-

282 2982 343 3024 ut
388 2971 444 3024 in
493 2983 681 3032 cruce,
718 2968 1028 3022 litterarum
1058 2962 1380 3018 Latinarum
1412 2961 1660 3017 formam
1702 2961 1850 3017 refe-

1958 2965 2122 3019 τελῶν
2141 2964 2528 3032 διασκευάσας,
2550 2962 2856 3033 Μαξέντιόν
2882 2985 2943 3020 τε
2971 2969 3116 3023 κατὰ
3134 2970 3336 3040 κράτος
3366 2969 3526 3024 ἐνίκα

281 3063 556 3126 rentibus,
595 3059 884 3129 inscriptio
928 3058 1082 3112 hisce
1112 3057 1300 3113 verbis
1337 3064 1423 3111 est
1465 3056 1605 3118 visa,
1644 3055 1709 3110 In
1757 3058 1849 3109 hoc

1956 3055 2096 3109 κατά
2130 3057 2227 3124 τῆς
2277 3053 2519 3122 γεφύρας
2577 3053 2966 3126 διαφθαρέντα,
3015 3058 3110 3110 καὶ
3157 3058 3255 3128 τῆς
3293 3056 3524 3127 Ῥώμης

280 3159 473 3211 vince:
508 3154 910 3223 quodsignum
957 3149 1249 3205 confestim
1285 3163 1352 3203 ex
1380 3161 1517 3202 auro
1556 3155 1612 3201 et
1649 3145 1848 3215 lapillis

1957 3143 2070 3217 εἶχε
2102 3148 2163 3200 τὸ
2197 3146 2418 3223 κράτος.
2459 3146 2745 3201 Ἐντεῦθεν
2765 3149 2832 3203 τά
2857 3149 2956 3219 μὲν
2987 3149 3182 3204 εἴδωλα
3207 3134 3289 3214 είς
3316 3150 3525 3221 λεπτὴν

284 3247 561 3319 pretiosis,
591 3246 655 3300 ad
690 3244 944 3298 militaris
973 3242 1157 3297 vexilli
1190 3241 1386 3306 instar,
1423 3239 1544 3294 fleri
1590 3239 1803 3294 curavit
1831 3254 1845 3291 :

1959 3243 2176 3298 διετίθει
2230 3228 2401 3309 κόνιν,
2436 3242 2531 3297 καὶ
2582 3245 2711 3307 τοὺς
2757 3245 2982 3300 ἐκείνων
3030 3245 3165 3309 νεὼς
3200 3249 3282 3311 εἰς
3332 3246 3527 3317 ἔδαφος

281 3354 339 3398 et
388 3339 551 3396 simul
595 3338 929 3393 Maxentium
976 3336 1276 3391 fortissime
1321 3333 1545 3399 devicit,
1580 3334 1635 3389 in
1681 3344 1849 3405 ponte

1959 3338 2210 3394 ἔϐαλλεν*
2248 3336 2414 3399 αὐτὸς
2456 3335 2513 3388 δὲ
2544 3334 2777 3399 οίκείαις
2818 3341 2978 3408 χερσὶ
3019 3339 3098 3410 τῷ
3127 3340 3346 3410 Σωτῆρι
3390 3338 3527 3395 νεὼν

283 3438 655 3499 submersum,
697 3441 752 3486 et
785 3431 1017 3486 Romam
1043 3430 1100 3484 in
1136 3437 1463 3499 potestatem
1494 3444 1650 3486 suam
1694 3444 1851 3485 rece-

1961 3434 2013 3486 ὲν
2050 3435 2164 3495 τοῖς
2216 3431 2360 3485 κατὰ
2407 3430 2625 3501 Ῥώμην
2661 3432 2987 3502 ἀνακτόροις
3035 3435 3101 3503 τῇ
3155 3433 3368 3487 σκαλίδι
3413 3432 3529 3486 διέ-

284 3504 385 3601 pit.
441 3526 647 3582 Deinde
703 3525 932 3579 deorum
985 3521 1281 3578 simulacra
1339 3522 1745 3588 comminuens,
1793 3521 1852 3578 in

1961 3535 2137 3588 γραφε
2188 3519 2283 3571 καὶ
2316 3519 2549 3572 ἀνίστα·
2597 3519 2693 3572 καὶ
2741 3519 2941 3589 νόμους
2998 3520 3138 3589 ὑπὲρ
3184 3521 3529 3591 Χριστιανῶν

283 3622 525 3677 cinerem
559 3617 789 3686 redegit,
815 3614 1251 3684 eorumdemque
1274 3615 1501 3669 delubra
1532 3617 1651 3672 solo
1671 3630 1851 3685 aequa-

1962 3610 2142 3673 ὲτίθει,
2194 3611 2293 3665 καὶ
2343 3610 2515 3665 τᾶλλα
2566 3611 3132 3682 κατεσπουδασμένως
3177 3613 3320 3679 ὑπὲρ
3371 3612 3530 3684 ἡμῶν

284 3713 386 3767 vit.
414 3710 557 3773 Mox,
594 3708 850 3763 manibus
879 3706 996 3775 ipse
1045 3706 1181 3770 suis,
1210 3706 1498 3762 'Servatori
1541 3709 1596 3763 in
1645 3707 1852 3763 Palatio

2035 3717 2253 3770 ραττεν,
2296 3703 2399 3756 ὅσα
2437 3702 2502 3774 δὴ
2538 3703 2737 3775 μικρὸν
2783 3702 2995 3758 άνωθεν
3039 3704 3387 3776 διελάϐυμεν.
3420 3707 3533 3759 Καὶ
3594 3748 3602 3758 .

285 3803 472 3859 Roma:
521 3803 785 3871 templum
842 3800 1060 3855 sarculo
1109 3800 1404 3869 descripsit
1454 3809 1511 3856 et
1568 3800 1853 3857 excitavit.

1963 3792 2250 3863 vdsoqptv
2302 3794 2499 3864 ἐκείνῳ
2534 3794 2884 3865 ἐπέσκηπτεν
2910 3808 2925 3824 ⁸
2979 3796 3177 3864 αἵμασι
3218 3796 3276 3850 δὲ
3320 3796 3531 3866 νηπίων

286 3894 459 3964 Leges
492 3908 591 3962 pro
631 3890 960 3946 Christianis
1008 3890 1157 3956 tulit,
1192 3891 1410 3953 aliaque
1438 3906 1636 3961 magno
1669 3891 1854 3947 studio

1962 3884 2392 3956 ἑκκαθαίρεσθαι
2438 3886 2539 3957 τὴν
2569 3886 2725 3941 νόσον
2756 3888 2960 3958 ἰατρῶν
2991 3888 3176 3952 παῖδες
3218 3888 3530 3957 διήγγελον.

288 4004 387 4057 pro
428 3984 588 4039 nobis
626 3984 758 4051 egit,
805 3998 929 4053 qua:
970 3983 1135 4053 paulo
1179 3992 1307 4038 ante
1344 3984 1745 4039 recensuimus.
1787 3984 1856 4038 Et

1970 3979 2112 4034 Ἆλλ⁹
2143 3979 2459 4066 ἀπηγρρευε
2504 3979 2605 4050 τὴν
2643 3979 2848 4048 πρᾶξιν
2887 3982 2916 4033 6
2954 3980 3212 4052 θεοφιλὴς
3253 3982 3532 4051 βασιλεὺς.

290 4096 413 4134 cum
466 4093 592 4132 eum
643 4075 868 4129 morbus
903 4075 1215 4140 invasisset,
1248 4084 1304 4130 et
1349 4076 1547 4130 medici
1585 4075 1857 4130 infantum

1963 4072 2249 4143 μητρικῶν
2266 4071 2581 4141 ἡττώμενος
2599 4073 2836 4142 θρήνων.
2866 4072 2915 4124 Ν
2921 4073 2983 4139 ὺξ
2999 4073 3093 4125 ἐπὶ
3112 4074 3327 4138 τούτοις
3350 4075 3531 4145 ὲπῄει’

291 4170 559 4238 sanguine
605 4167 656 4221 id
706 4166 907 4219 malum
938 4165 1139 4219 discuti
1191 4167 1529 4235 purgarique
1572 4181 1736 4235 posse
1770 4181 1859 4221 re-

1967 4164 2059 4216 καὶ
2087 4163 2138 4214 ot
2190 4164 2492 4231 κορυφαῖοι
2524 4163 2631 4216 τῶν
2681 4163 2999 4216 ἀποστόλων
3047 4165 3392 4226 όπτάνονται.
3440 4165 3535 4219 τὸν

290 4262 629 4325 nuntiarent,
667 4256 958 4313 abhorruit
1005 4258 1333 4326 resiluitque
1383 4257 1453 4311 ab
1495 4272 1564 4312 eo
1608 4257 1858 4313 facinore

1964 4255 2059 4322 τῆς
2101 4252 2325 4324 Ῥώμης
2358 4253 2826 4323 μεταστέλλεσθαι
2863 4256 3013 4327 ἱερέα
3043 4256 3532 4328 παρεγγυώμενοι·

290 4355 402 4408 Deo
434 4349 796 4405 charissimus
829 4349 1150 4417 imperator,
1184 4348 1337 4402 luctu
1378 4357 1432 4402 et
1480 4348 1688 4419 ejulatu
1742 4363 1858 4402 ma-

1967 4346 2095 4415 παρ⁹
2129 4338 2174 4413 ᾧ
2214 4344 2611 4417 κολυμϐήθραν
2659 4341 2825 4411 εῖναι,
2864 4343 2899 4422 ᾖ
2935 4348 3289 4418 λουσάμενον,
3338 4349 3535 4423 ἀθρόον

290 4455 438 4499 trum
483 4452 786 4512 permotus.
820 4439 1123 4496 lnterccdit
1154 4456 1283 4505 nox,
1313 4450 1369 4495 et
1401 4439 1680 4511 principes
1721 4454 1858 4510 apo-

1970 4438 2161 4506 ἐξάντη
2199 4436 2454 4501 γενέσθαι
2506 4438 2609 4509 τῆς
2640 4439 2821 4495 νόσου.
2870 4440 2983 4494 Καὶ
3032 4441 3061 4494 6
3102 4443 3205 4512 μὲν
3236 4437 3339 4513 ἧκε
3368 4457 3383 4474 ο
3439 4444 3538 4496 καὶ

290 4537 557 4591 stnlnrum
604 4550 664 4588 se
705 4535 756 4589 ei
809 4533 1137 4604 spectandos
1166 4532 1450 4601 exhibent,
1492 4534 1858 4602 Romanaeque

1970 4531 2067 4583 ὅσα
2099 4527 2167 4601 ἦν
2193 4529 2342 4595 εἰκὸς
2382 4528 2651 4595 ἐπειπὼν,
2700 4531 2985 4598 ισάπτιζε.
3021 4534 3131 4587 Καὶ
3166 4535 3198 4604 ἠ
3254 4533 3356 4603 μὲν
3384 4535 3538 4596 νόσος

300 4629 449 4684 :lrbis
478 4628 786 4682 antistitem
831 4641 1116 4682 accersere
1158 4627 1379 4695 jubent,
1410 4626 1678 4696 piscinam
1712 4628 1858 4697 apud

1972 4621 2045 4692 τῷ
2080 4621 2236 4676 ὕδατι
2269 4623 2631 4690 ἐπεπόλαζεν,
2660 4623 2795 4678 diod
2833 4624 3048 4689 λεπίδες
3092 4628 3193 4679 οὐκ
3219 4627 3314 4679 ἀπ’
3339 4625 3540 4697 ὀφθαλ·

308 4738 416 4775 sum
449 4736 568 4775 esse
595 4720 974 4782 ostendentes,
1000 4718 1156 4789 cujus
1179 4718 1399 4773 lavacro
1426 4719 1675 4773 ablutum
1700 4719 1856 4773 illum

1973 4715 2112 4785 μῶν,
2140 4714 2259 4768 ἀλλ’
2285 4715 2469 4769 αὐτῶν
2502 4716 2722 4786 σαρκῶν
2748 4716 3178 4774 ἀποπίπτουσαι.
3220 4719 3279 4772 '0
3304 4719 3362 4773 δὲ
3392 4719 3541 4791 ῥᾴων

306 4816 501 4869 salvum
539 4814 724 4867 subito
752 4821 809 4865 et
855 4811 1188 4865 incolumem
1228 4810 1344 4864 fore
1376 4808 1591 4865 dicunt.
1617 4808 1861 4865 Advenit

1976 4806 2037 4881 ἢν
2061 4826 2076 4842 ο
2116 4810 2214 4864 καὶ
2247 4811 2340 4865 ἐπὶ
2372 4813 2531 4864 τόσον
2560 4813 2637 4877 ώς
2680 4813 2775 4867 καὶ
2806 4813 3114 4884 θαυμάζειν
3148 4817 3198 4868 εί
3235 4816 3438 4880 ἐκεῖνος
3469 4814 3544 4869 ὣν

306 4907 407 4973 lle,
444 4919 565 4975 quae
596 4918 739 4973 Opus
767 4914 897 4957 sunt
926 4902 1116 4965 refert,
1150 4903 1541 4971 imperatorem
1578 4900 1859 4972 baptizat:

1427 4916 1541 4955 rem
1578 4900 1859 4972 baptizat:
1972 4905 1999 4955 6
2025 4901 2220 4973 πρώην
2254 4901 2521 4972 ἐτύγχανε
2561 4904 2995 4969 Κωνσταντϊνος.

313 5008 352 5053 ει
383 4999 608 5051 morbus
641 4997 759 5066 ipse
804 4997 963 5065 aquis
998 4996 1229 5060 innatat,
1263 5010 1619 5065 squamarum
1690 4996 1745 5049 in
1794 5010 2027 5059 morem,
2092 5011 2201 5050 non
2268 4996 2339 5050 ab
2375 4996 2574 5062 oculis,
2614 5013 2804 5053 verum
2844 5015 2875 5055 a
2902 5014 3069 5056 carne
3111 5002 3228 5072 ipsa
3290 5002 3552 5058 deciden-

319 5093 458 5145 ium.
494 5091 682 5159 Itaque
720 5090 811 5143 ille
836 5090 1029 5143 melius
1056 5088 1239 5154 habet,
1281 5104 1454 5159 usque
1528 5089 1669 5143 adeo
1733 5096 1795 5143 ut
1870 5089 2172 5144 miraretur
2218 5089 2357 5160 ipse,
2418 5089 2537 5145 isne
2584 5101 2749 5155 esset,
2794 5094 2889 5163 qui
2937 5102 3097 5149 antea
3144 5096 3325 5151 fuerat
3404 5094 3547 5151 Con-

308 5184 595 5239 :tantinus.

369 5277 565 5339 Postea
596 5275 911 5330 Judaeorum
940 5278 1100 5331 turba
1134 5262 1488 5346 exsistit,qui
1519 5276 1871 5346 imperatoris

2053 5272 2343 5328 Ἐντεῦθεν
2406 5275 2680 5329 Ἰουδαίων
2736 5279 2923 5347 στῖφος
2969 5279 3312 5351 έγείρονταιυ
3352 5281 3446 5333 καὶ
3480 5283 3545 5350 τῇ

308 5378 530 5422 matrem
566 5367 853 5427 adeuntes,
889 5365 1240 5421 Constantini
1291 5366 1517 5438 quidem
1568 5366 1639 5421 ab
1692 5366 1870 5421 idolo-

1984 5366 2064 5420 τοῦ
2095 5366 2366 5436 βασιλέως
2404 5370 2725 5438 προσιόντες
2757 5370 2951 5441 μητρὶ,
2992 5373 3091 5442 τὴν
3134 5373 3232 5442 μὲν
3259 5373 3368 5425 τῶν
3398 5372 3552 5426 είδώ-

310 5474 423 5511 rum
451 5458 602 5511 cultu
638 5457 1006 5512 defectionem
1036 5458 1263 5512 laudant
1286 5468 1342 5513 et
1370 5460 1739 5522 admirantur,
1772 5458 1872 5513 sed

1986 5466 2082 5514 ttov
2136 5459 2232 5513 τοῦ
2274 5461 2689 5515 Κωνσταντίνου
2726 5463 3087 5535 ἀποστροφὴν
3128 5464 3201 5517 δι’
3248 5463 3431 5526 αἰδοῦς
3476 5459 3554 5518 εῖ-

303 5551 688 5604 transitionem
737 5552 858 5620 ejus
891 5552 957 5605 ad
988 5550 1271 5606 Christum
1319 5553 1475 5606 valde
1533 5561 1772 5622 arguunt
1819 5560 1871 5606 et

1983 5568 2100 5623 χον·
2132 5554 2232 5621 τὴν
2262 5551 2305 5603 δ’
2338 5554 2432 5605 ἐπὶ
2467 5554 2705 5621 Χριστὸν
2732 5557 3028 5627 μετάθεσιν
3067 5557 3164 5609 καὶ
3197 5554 3409 5625 σφόδρα
3450 5571 3551 5609 κα·

304 5642 690 5696 crimiuanlur.
726 5642 904 5713 533‘
929 5643 994 5696 Et
1025 5643 1220 5697 littera:
1246 5659 1309 5699 ea
1349 5642 1418 5697 de
1464 5659 1522 5697 re
1567 5644 1633 5696 ab
1670 5641 1872 5697 Helena

1983 5642 2237 5714 τῃτιῶντο
2261 5659 2277 5677 ο
2315 5645 2412 5697 καὶ
2465 5649 2676 5714 γραφαὶ
2721 5649 2822 5718 τῆς
2858 5645 3080 5715 Ἑλένης
3116 5627 3449 5716 προήγοντο.
3493 5645 3551 5704 ’0

304 5732 370 5785 ad
403 5732 573 5786 lilium
620 5732 779 5788 dalte.
818 5736 888 5788 At
930 5735 1021 5789 ille
1064 5734 1240 5789 ﬁrmis
1290 5735 1449 5789 nixus
1495 5734 1872 5789 fundamentis

1987 5736 2025 5788 δ’
2053 5736 2446 5807 ἐρηρεισμένος
2497 5741 2765 5811 στερρῶς,
2796 5743 2853 5804 ἐς
2884 5740 3130 5807 διάλογον
3175 5739 3422 5802 ἐκείνους
3453 5755 3555 5792 κα-

302 5826 489 5889 cllicit,
537 5836 593 5879 ut
637 5827 713 5881 illi
754 5828 860 5898 ipsi
908 5827 1083 5883 Judaei
1125 5844 1249 5885 cum
1296 5828 1573 5900 Sylvestro
1611 5828 1870 5884 Romana!

1988 5829 2142 5881 θίστα
2202 5829 2510 5899 Σιλύέστρῳ
2568 5832 2646 5900 τῷ
2693 5835 2790 5901 τῆς
2844 5830 3061 5901 Ῥώμης
3121 5832 3407 5902 ἀρχιερεῖ’
3459 5830 3556 5886 καὶ

302 5918 458 5972 urbis
487 5920 748 5991 episcopo
782 5922 1215 5991 congrediantur
1246 5936 1641 5992 scrmomesque
1681 5922 1869 5979 confe-

1984 5922 2148 5985 πολὺς
2197 5922 2316 5976 κατ’
2377 5925 2605 5979 ἐκείνων
2654 5926 2817 5994 ῥέων,
2878 5924 2937 5977 τὸ
3002 5924 3204 5994 κράτος
3256 5928 3552 5995 ἠνέγκατο.
