3972 6200
307 268 376 335 19
423 248 434 258 “
1495 266 1898 326 Μαιεριιοῐι

2004 270 2040 324 Α
2056 270 2304 333 LLISTI
3479 263 3550 326 9.0

304 387 513 438 circum
536 390 875 451 equestrem,
901 380 1171 450 porticus,
1196 379 1461 451 projeeta,
1493 379 1874 446 aquastluctus,

2003 384 2410 438 ιετεστέλ).ετο⁶
2470 382 2804 453 ίππόδρομόν
2864 398 2921 434 τε
2989 379 3084 433 καί
3142 377 3402 447 ἐμϐόλους
3453 380 3553 431 καὶ

305 477 512 540 fontes,
567 480 801 537 statuas,
852 472 1139 542 imagines,
1191 480 1246 526 et
1295 485 1640 540 qumcuuque
1685 477 1874 524 essent

2003 478 2184 544 ταμεῖα
2216 476 2446 541 ὑδάτων,
2480 476 2574 528 καὶ
2620 475 2851 545 κρήνας,
2900 470 3190 545 ἀγάλματα
3226 470 3322 522 καὶ
3350 470 3458 521 πᾶν
3491 486 3545 522 τι

307 566 599 637 praecipue
641 565 780 619 artis
828 578 1022 634 opera,
1055 562 1173 617 ﬁeri
1203 578 1385 633 eoque
1417 561 1779 631 comportari,
1817 570 1875 614 ut

2003 542 2110 629 τῶν,
2161 568 2260 622 ὅσα
2296 567 2477 639 χειρὸς
2508 542 2772 631 ἐξαισίοις,
2829 564 3050 633 ἐκόμιζέ
3083 579 3141 614 τε
3162 542 3278 613 χκαὶ
3318 561 3555 613 κατεκό-

305 656 591 730 splendida
625 665 931 725 ornataque
976 653 1234 709 redderet
1266 655 1472 717 omnia,
1526 668 1747 708 curans.
1793 649 1878 705 Ad

2003 674 2132 729 ςμει,
2190 658 2426 729 διαφανῆ
2466 656 2764 711 καθιστῶν.
2819 654 2973 717 Νεὼς
3023 653 3114 705 ἐπὶ
3163 651 3377 713 τούτοις
3436 650 3557 720 Θεῷ

306 751 446 815 haec,
513 749 719 819 templa
765 748 902 811 Deo,
957 747 1224 817 apostolis
1275 755 1334 800 ct
1401 744 1769 814 unartyribus,
1821 752 1880 798 et

2003 749 2197 814 ινίστα,
2240 749 2334 802 καὶ
2378 748 2705 811 ἀποστόλοις
2738 747 2832 801 καὶ
2880 746 3153 815 μάρτυσι·
3192 744 3289 796 καὶ
3335 741 3427 796 τὸν
3464 742 3559 809 μὲ-

307 841 602 895 maximam
634 838 783 893 illam
816 836 1190 907 porphyretici
1238 836 1531 890 marmoris
1565 835 1878 889 columnam

2003 857 2171 906 ftd‘tO‘J
2202 839 2519 913 πορφυροῦν
2570 840 2746 905 κίονα,
2788 841 2844 892 ὲν
2878 830 2922 906 ᾧ
2962 839 3056 890 καὶ
3101 836 3230 889 tam
3262 833 3560 902 ἀνδριάντα

311 943 666 997 construens,
695 932 749 986 in
784 945 893 1001 qua
936 938 1174 983 statuam
1203 943 1423 997 quoque
1458 943 1611 982 suam
1640 926 1882 981 colloca-

312 1025 412 1089 vit,
442 1025 496 1078 in
548 1024 679 1094 polo
735 1039 834 1079 seu
875 1022 1105 1105 vertice\
1131 1020 1320 1075 mundi
1378 1036 1599 1076 crucem
1658 1020 1881 1076 inﬁxam

307 1130 475 1170 manu
524 1122 832 1170 tenentem.
864 1113 986 1181 Quo
1032 1114 1124 1169 ille
1158 1114 1404 1183 symbolo
1441 1112 1723 1177 indicavit,
1772 1114 1885 1166 vir-

313 1216 427 1263 tute
461 1207 648 1261 invicti
681 1207 801 1275 ejus
835 1205 1026 1275 tropzei
1066 1214 1122 1260 et
1164 1204 1306 1275 signi
1342 1214 1543 1258 terram
1574 1220 1792 1259 omnem
1828 1213 1886 1259 et

312 1314 466 1354 mare
498 1299 677 1368 ipsum
710 1314 740 1354 a
771 1314 829 1353 se
860 1313 981 1354 esse
1019 1296 1330 1353 subactum.
1372 1295 1428 1350 In
1460 1298 1683 1365 regione
1712 1300 1882 1353 etiam

313 1408 378 1448 ea
401 1407 524 1461 quae
547 1391 904 1447 Sostbenium
946 1390 1171 1456 dicitur,
1211 1398 1268 1445 et
1310 1390 1366 1443 in
1411 1392 1668 1460 trajectu,
1695 1407 1758 1445 ex
1791 1408 1886 1463 ap-

312 1483 590 1555 paritione
624 1482 938 1553 archangeli
997 1481 1302 1549 Michaelis,
1363 1483 1563 1552 templa
1612 1483 1885 1553 condidit,

312 1575 530 1646 aliaque
581 1575 739 1641 plura
794 1590 960 1645 opera
1010 1575 1272 1646 perfecit,
1325 1591 1449 1646 qua:
1497 1576 1647 1630 illius
1701 1576 1884 1631 divina

314 1678 499 1725 mente
528 1680 584 1724 et
614 1669 912 1739 prudentia
939 1679 1107 1739 atque
1140 1669 1308 1724 etiam
1342 1668 1395 1722 in
1437 1668 1604 1723 rebus
1628 1668 1889 1724 outnibus

317 1762 727 1833 magniﬁcentia
758 1763 923 1834 digna
961 1770 1141 1817 erant.
1173 1762 1251 1817 De
1279 1762 1609 1833 cognomine
1648 1763 1699 1817 ei
1748 1760 1886 1817 urbe

318 1855 548 1918 dicitur,
589 1869 701 1909 non
744 1855 906 1925 longe
934 1854 1005 1909 ab
1034 1854 1155 1921 llio,
1193 1854 1338 1910 circa
1369 1853 1686 1909 Grmcorum
1718 1868 1888 1907 nava-

314 1945 425 2001 lem
466 1945 790 2013 stationem,
822 1962 943 2002 eam
976 1945 1132 2001 illum
1165 1946 1408 2001 excitare
1434 1946 1707 2015 coepisse:
1741 1945 1888 2015 quod

318 2045 506 2092 autem
550 2046 719 2095 noctu
765 2038 993 2093 oraculo
1035 2036 1228 2093 divino
1273 2036 1623 2101 admonitus,
1676 2036 1889 2091 circum

317 2129 667 2201 Byzantium,
699 2145 730 2186 e
760 2131 984 2201 regione
1020 2128 1354 2185 Chalcedoni
1384 2136 1671 2185 exstruere
1700 2129 1892 2200 jussus

318 2231 491 2285 esset.
539 2237 807 2292 responso
851 2223 903 2278 ei
959 2237 1172 2277 morem
1219 2232 1526 2293 gerentem,
1574 2221 1776 2291 amplis
1816 2219 1892 2274 ita

320 2315 600 2372 montibus
640 2316 716 2372 ibi
749 2314 1179 2371 cireumdedisse
1200 2355 1216 2380 ,
1250 2314 1527 2384 rebusque
1553 2311 1815 2367 omnibus
1838 2319 1893 2365 et

321 2408 663 2464 ornamentis
703 2418 869 2478 atque
914 2407 1223 2471 honoribus
1254 2405 1548 2476 praecipuis
1579 2405 1766 2460 Roma:
1792 2419 1891 2475 pa-

321 2515 437 2557 rem
464 2500 828 2565 exstr‘uxisse,
861 2499 1077 2554 curiam
1104 2508 1272 2569 atque
1300 2508 1577 2564 senatum,
1610 2506 1888 2566 sumptus,

323 2603 561 2650 tesseras
575 2591 1395 2664 frumentarias,dignitatisque
1406 2606 1581 2663 genus
1592 2604 1777 2654 omne,
1791 2589 1895 2643 im-

321 2685 596 2756 peratoria
615 2699 843 2756 prorsus
858 2682 1729 2752 muniﬁcentiacivibuslargitum
1748 2696 1895 2748 esse;

324 2786 490 2847 atque
515 2778 589 2833 ita
617 2777 878 2833 omnibus
907 2777 1074 2831 rebus
1114 2776 1215 2831 rite
1246 2784 1413 2845 atque
1432 2775 1629 2829 ordine
1656 2774 1899 2844 disposi-

323 2869 417 2932 tis,
435 2867 974 2937 Constantinopolim
1002 2876 1058 2922 et
1089 2865 1291 2921 Novam
1315 2866 1543 2921 Romam
1566 2866 1895 2935 appellasse,

324 2960 486 3032 535
508 2960 812 3031 eademque
841 2975 965 3015 cum
985 2959 1076 3015 illa
1099 2966 1394 3030 potestate,
1412 2958 1621 3013 eisdem
1648 2958 1899 3015 moribus

1985 934 2214 1003 ἐπῆγεν,
2260 934 2356 987 ἐπὶ
2405 934 2556 1003 πόλῳ
2608 930 2845 1002 σταυρὸν
2893 928 3254 1000 ὲμπεπηγότα
3302 926 3559 979 διακατέ-

1986 1044 2171 1098 χοντα.
2200 1020 2295 1090 Οἷς
2329 1027 2659 1096 παρεδήλου,
2695 1024 2770 1087 ὡς
2801 1022 2876 1091 γῆ
2915 1040 2973 1075 τε
3010 1020 3157 1089 αὐτῴ
3184 1019 3279 1071 καὶ
3314 1015 3558 1070 θάλαττα

1987 1117 2310 1172 δεδούλωται
2330 1120 2479 1172 πᾶσα
2504 1120 2571 1187 τῇ
2600 1116 2830 1185 δυνάμει
2854 1113 2944 1166 τοῦ
2967 1111 3240 1182 ἀηττήτου
3265 1108 3558 1180 τροπαίου.

1988 1208 2099 1261 Καὶ
2135 1202 2276 1264 κατὰ
2313 1209 2406 1262 τὸν
2439 1207 2495 1271 ὃς
2528 1209 2783 1261 καλεῖται
2833 1204 3013 1275 χῶρος
3063 1199 3363 1254 Σωσθὲνιον
3396 1199 3453 1250 ὲν
3481 1195 3563 1266 τῷ

1990 1301 2240 1370 ἀνάπλῳ,
2270 1299 2406 1356 νεὼν
2437 1301 2497 1365 ἐξ
2549 1296 2873 1367 ἐπιφανείας
2907 1296 3002 1349 τοῦ
3047 1291 3396 1366 ἀρχαγγέλου
3445 1288 3577 1342 ἁνί-’

1993 1410 2135 1460 ett-11'
2166 1396 2263 1447 κοιλ⁸
2287 1392 2402 1449 ἀλλ’
2427 1392 2587 1458 ἄττα,
2622 1390 2751 1458 ἄξιά
2784 1406 2846 1455 γε
2874 1390 2971 1457 τῆς
2998 1386 3212 1440 ἐκείνου
3247 1384 3343 1437 καὶ
3368 1380 3567 1453 φρενὸς
3614 1454 3615 1457 η

1991 1486 2087 1538 καὶ
2121 1482 2272 1546 θείας
2307 1483 2603 1546 συνέσεως,
2628 1483 2710 1536 ἔτι
2736 1482 2793 1535 δὲ
2825 1480 2918 1534 καὶ
2941 1478 3036 1532 τοῦ
3062 1476 3151 1546 ἐφ’
3176 1475 3350 1529 ἅπασι
3393 1488 3567 1541 μεγα-

1989 1570 2298 1644 λοπρεποῦς
2344 1571 2738 1641 διεπράττετο..
2756 1568 2991 1636 Λέγεται
3046 1565 3239 1634 μέντοι
3291 1559 3424 1630 περὶ
3466 1562 3568 1629 τῆς

1993 1665 2288 1735 ἐπωνύμου
2321 1663 2473 1734 αύτῷ
2513 1663 2745 1727 πόλεως,
2777 1661 2853 1724 ὡς
2897 1658 3038 1712 κατὰ
3081 1656 3181 1728 τὴν
3218 1653 3387 1709 Ἰλιον
3435 1652 3571 1722 περὶ

1992 1758 2053 1811 τὸ
2090 1758 2199 1811 τῶν
2246 1757 2521 1824 Ἑλλήνων
2553 1754 2903 1823 ναύσταθμον
2937 1748 3251 1804 ἐπιϐάλλειν
3294 1746 3568 1817 πρότερον

1992 1850 2164 1921 αὐτὴν
2220 1850 2488 1920 ἀνιστᾷνο
2520 1846 2614 1901 τοῦ
2661 1845 2719 1900 δὲ
2770 1844 2911 1899 Θεοῦ
2962 1842 3272 1914 χρήσαντος
3327 1838 3568 1906 νύκτωρ,

1991 1945 2136 1998 κατὰ
2172 1942 2232 1995 τὸ
2284 1941 2580 2007 Βυζάντιον
2628 1939 2862 2007 ἀντικρὺ
2917 1934 3283 2004 Χαλκηδόνος,
3330 1931 3574 2000 ὲγεὲρειν

1993 2035 2189 2102 αὐτὴν,
2243 2032 2322 2103 τῷ
2373 2030 2610 2104 χρησμῷ
2662 2028 2981 2093 πεισθέντα,
3037 2026 3250 2097 τείχεσι
3312 2022 3574 2093 μεγαλοις

1995 2125 2339 2196 περιϐαλεῖν,
2370 2122 2637 2195 ὁμότιμόν
2674 2138 2733 2175 τε
2767 2122 2833 2191 τῇ
2870 2116 3065 2189 Ῥώμῃ
3116 2114 3433 2184 πρεσϐείοις
3468 2114 3575 2166 πᾶ-

1996 2238 2081 2273 σιν
2124 2217 2505 2288 οίκοδομῆσαι,
2560 2209 2947 2286 βουλευτήριόν
2981 2226 3042 2263 τε
3090 2208 3184 2261 καλ⁸
3241 2203 3573 2274 σύγκλητον.

1996 2310 2089 2364 καὶ
2123 2309 2395 2377 δαπάνην,
2429 2308 2525 2360 καὶ
2560 2303 2874 2375 σιτηρέσια,
2920 2303 3017 2354 καὶ
3054 2296 3369 2368 φιλοτιμίαν
3407 2294 3575 2364 ἄλλην

1996 2400 2450 2473 αὐταρκεστάτην
2487 2396 2787 2470 βασιλικῶς
2813 2397 2925 2458 τοῖς
2956 2394 3239 2460 οἰκήτορσι
3273 2388 3575 2454 διανεῖμαι.

1994 2496 2307 2557 Φιλοκάλως
2358 2492 2403 2546 δ’
2452 2491 2672 2544 ἅπαντα
2725 2488 2795 2542 τὰ
2837 2485 2958 2540 κατ’
3004 2484 3175 2555 αὐτὴν
3233 2479 3578 2549 διαθέμενος,

1997 2587 2143 2640 Νέαν
2183 2584 2404 2654 Ῥώμην
2436 2577 3013 2636 Κωνσταντινούπολιν
3041 2574 3455 2643 κατωνόμασεν,
3485 2570 3577 2621 ἴσα

1998 2682 2046 2733 τ’
2087 2679 2272 2749 ἐκείνῃ
2304 2677 2551 2747 κρατεῖν,
2589 2675 2684 2729 καὶ
2717 2670 3046 2742 οἰκονομεῖν,
3094 2668 3190 2724 καὶ
3233 2662 3578 2735 θεμιστεύειν

1999 2769 2174 2823 ἐδίδου
2197 2783 2212 2799 ο
2260 2772 2355 2821 καὶ
2403 2764 2650 2837 βασιλίδα
2684 2763 2793 2817 τῶν
2831 2763 3043 2817 πόλεων
3082 2757 3408 2829 ἀνηγόρευε,
3442 2753 3575 2817 τῶν,

2000 2865 2113 2916 ὅσοι
2151 2860 2250 2934 τὴν
2296 2859 2580 2929 Ῥωμαίων
2630 2857 2873 2927 ὑπήκοον
2915 2852 3269 2924 γινώσκουσι,
3312 2848 3448 2919 πρὸς
3482 2847 3580 2912 ἄρ-

2002 2972 2132 3009 κτον
2161 2954 2254 3006 καὶ
2288 2952 2439 3007 νότον
2465 2950 2560 3005 καὶ
2579 2948 2873 3019 ἀνίσχοντα
2901 2945 3074 3017 ἥλιον,
3112 2942 3208 2995 καὶ
3235 2941 3304 2995 τὰ
3329 2943 3389 2993 ὲν
3427 2939 3577 3008 μέσῳ

325 3030 493 3123 atque
542 3030 829 3117 institutis,
867 3054 1188 3122 eisdemque
1221 3053 1434 3122 legibus
1471 3067 1597 3108 esse
1643 3052 1898 3123 jussisse,

2005 3048 2241 3119 πελάγη,
2274 3049 2339 3100 ὲκ
2362 3044 2467 3100 τῶν
2500 3045 2648 3115 παρὰ
2677 3043 2767 3097 τὸν
2793 3042 3006 3110 Ἴστρον
3038 3036 3265 3100 πόλεων,
3296 3032 3390 3086 καὶ
3432 3030 3581 3082 Ἐπιι-

326 3162 383 3204 et
417 3150 647 3217 insuper
686 3148 1091 3218 imperatricem
1144 3146 1335 3200 urbem
1362 3146 1691 3210 declarasse,
1725 3159 1902 3215 popu-

322 3242 507 3296 lorum
531 3240 777 3295 omnium
807 3239 900 3307 qui
941 3239 1247 3294 Romanum
1277 3237 1569 3303 imperium
1601 3251 1904 3307 agnoscen-

332 3345 433 3396 tes,
487 3334 940 3404 septentrionem,
979 3341 1227 3386 austrum
1280 3338 1334 3386 et
1392 3331 1560 3384 solem
1630 3330 1902 3385 orientem

327 3442 544 3490 versus,
576 3436 632 3481 et
657 3424 804 3496 quod
838 3424 891 3478 in
927 3423 1110 3478 medio
1139 3432 1226 3478 est
1272 3438 1422 3478 mare
1462 3423 1673 3485 colunt,
1719 3424 1787 3477 ab
1820 3425 1903 3477 eis

329 3536 452 3589 quae
483 3519 551 3574 ad
591 3519 790 3574 Istrum
834 3525 1127 3573 exstructas
1158 3525 1285 3571 sunt
1315 3514 1563 3577 urbibus,
1590 3525 1646 3569 et
1674 3515 1743 3569 ab
1775 3514 1901 3583 Epi-

330 3613 557 3677 damno,
591 3628 711 3682 quae
741 3626 850 3665 non
883 3610 1044 3679 longe
1072 3608 1141 3664 ab
1180 3608 1332 3663 Ionio
1374 3607 1498 3662 sinu
1542 3616 1630 3661 est
1654 3607 1779 3667 sita,
1813 3623 1903 3661 us-

329 3722 438 3776 que
465 3705 530 3759 ad
558 3705 823 3776 Cyrenem
852 3715 908 3758 et
940 3703 1246 3772 proximam
1288 3699 1537 3770 Libyam,
1559 3714 1656 3770 per
1705 3709 1903 3762 totum,

330 3799 476 3871 quod
508 3797 734 3857 dicitur,
764 3798 986 3853 boreale
1030 3796 1191 3851 clima
1226 3805 1281 3849 et
1315 3793 1599 3864 regionem
1625 3804 1903 3857 arctoam;

330 3903 387 3947 et
442 3892 631 3945 urbem
680 3904 798 3943 eam
846 3886 1009 3941 condi
1058 3887 1313 3953 cwpisse,
1368 3901 1398 3938 a
1458 3883 1668 3938 mundo
1718 3892 1906 3938 creato

330 3983 628 4054 quinquies
704 3980 997 4035 millesimo
1096 3978 1557 4048 octingentesimo
1642 3977 1905 4031 vicesimo

329 4077 547 4139 quinto,
595 4072 813 4143 imperii
860 4071 984 4140 ejus
1036 4069 1299 4124 decimo:
1357 4070 1662 4124 absolutam
1722 4080 1905 4123 autem

330 4181 556 4239 prorsus
611 4180 757 4227 esse,
820 4162 1065 4234 ejusdem
1121 4160 1339 4230 imperii
1392 4160 1657 4217 vicesimo
1714 4170 1909 4215 octavo

331 4276 500 4323 anno,
535 4257 630 4327 qui
671 4255 871 4311 incidit
911 4255 965 4308 in
1006 4253 1223 4313 conditi
1253 4251 1443 4308 mundi
1488 4267 1693 4307 annum
1748 4251 1910 4321 quin-

2003 3144 2213 3214 δάμνου
2246 3142 2346 3212 τῆς
2380 3141 2514 3210 πρὸς
2548 3138 2626 3209 τῷ
2670 3135 2844 3206 Ἰονίῳ
2874 3135 3057 3200 κόλπῳ
3086 3130 3251 3201 μέχρι
3292 3126 3575 3197 Κυρήνης,

2006 3238 2104 3291 καὶ
2133 3236 2240 3289 τῶν
2279 3235 2407 3304 τῇδε
2446 3231 2684 3295 Λιϐύων,
2725 3227 2881 3300 παρὰ
2915 3226 2977 3279 τὸ
2997 3223 3209 3295 βόρειον
3243 3218 3580 3287 καλούμενον

2008 3329 2202 3400 κλίμα.
2227 3328 2338 3383 Καὶ
2362 3322 2632 3397 ἄρξασθαί
2663 3339 2728 3391 γε
2760 3322 2860 3392 τῆς
2888 3316 3177 3386 οἰκοδομῆς
3207 3312 3347 3366 κατὰ
3376 3310 3434 3363 τὸ
3462 3325 3581 3360 πεν-

2006 3419 2448 3496 τακισχιλιοετὸν
2476 3414 2896 3471 ὀκτακοσιοστδν
2920 3410 3174 3480 πέμπτον
3206 3408 3300 3459 καὶ
3334 3403 3583 3462 εἰκοστὸν

2008 3517 2126 3578 ἔτος
2165 3513 2258 3568 τοῦ
2290 3514 2522 3581 κόσμου,
2570 3510 2669 3579 τῆς
2700 3509 2757 3561 δὲ
2787 3506 2964 3576 ἀρχῆς
2994 3502 3159 3558 αὑτοῦ
3208 3499 3465 3553 δέκατον·
3498 3512 3585 3546 τε·

2008 3608 2164 3661 λέσαι
2191 3606 2249 3660 δὲ
2274 3604 2485 3673 ταύτην
2515 3600 2835 3655 παντάπασι
2863 3596 3006 3651 κατὰ
3034 3595 3094 3649 τὸ
3118 3590 3368 3646 εἰκοστὸν
3396 3588 3582 3654 ὃγδοον

2009 3697 2172 3757 αὐτοῦ
2206 3697 2303 3766 τῆς
2329 3695 2503 3764 ἀρχῆς
2522 3708 2537 3722 ο
2569 3693 2706 3762 ὅπερ
2739 3688 2857 3744 ἐστὶ
2887 3687 3096 3752 κόσμου
3130 3682 3250 3745 ἔτος
3277 3692 3582 3733 πεντακισ-

2008 3790 2277 3863 χιλιοστδν
2323 3782 2743 3840 ὀκτακοσιοστδν
2802 3775 2893 3849 μγ¹
2914 3815 2930 3843 ,
2964 3777 3040 3839 ὡς
3069 3774 3115 3829 δ’
3154 3774 3357 3842 ἕτεροι,
3389 3768 3580 3842 γεωλτπ.

2010 3859 2120 3940 lia).
2159 3881 2321 3936 τοῦτο
2357 3878 2415 3932 δὲ
2448 3875 2579 3947 περὶ
2613 3873 2823 3942 ταύτης
2855 3870 3181 3939 ἱστορεῖται,
3221 3864 3296 3927 ὡς
3334 3863 3425 3916 τὸν
3456 3859 3588 3912 ταύ-

2009 3994 2107 4046 της
2139 3971 2427 4041 περίϐολον
2458 3967 2798 4037 ὁριζόμενον,
2835 3961 3007 4032 βάδην
3039 3957 3318 4028 περιιέναι
3357 3954 3451 4007 τὸν
3485 3952 3582 4046 βας

2014 4045 2166 4123 σιλέα
2192 4064 2317 4133 δόρυ
2352 4061 2652 4129 κατέχοντα
2681 4059 2749 4127 τῇ
2783 4053 2959 4125 χειρίο
2988 4053 3111 4106 ἐπεὶ
3136 4051 3194 4105 δὲ
3240 4050 3355 4113 τοῖς
3382 4045 3579 4115 ἑπομέ-

2012 4176 2123 4223 νοις
2151 4157 2327 4211 ὲδόκει
2375 4148 2623 4224 μεῖζονῆ
2670 4147 2916 4219 προσῆκε
2952 4144 3014 4197 τὸ
3057 4143 3256 4213 μέτρον
3296 4137 3586 4198 ἐκτείνειν,

2013 4249 2333 4322 προσελθεῖν
2364 4263 2425 4299 τε
2460 4242 2610 4314 αὐτῷ
2642 4259 2762 4295 τινα
2793 4239 2889 4293 καὶ
2918 4234 3405 4293 διαπυνθάνεσθαι,
3442 4230 3588 4292 Ἕως

332 4352 494 4424 quies
543 4349 899 4404 millesimum
952 4345 1474 4414 octingentesimum
1543 4342 1898 4414 quadragesi-

2017 4344 2143 4408 ποῦ,
2174 4342 2451 4403 δέσποτας
2481 4338 2574 4390 τὸν
2601 4335 2656 4388 δὲ
2688 4332 2989 4404 διαρρήδην
3023 4328 3463 4397 ἀποκρινάμενον
3491 4327 3593 4390 φά-

335 4457 484 4497 mum
538 4441 786 4505 tertium,
830 4439 968 4500 sive,
1027 4447 1087 4490 ut
1121 4437 1215 4491 alii
1258 4434 1503 4501 tradunt,
1562 4434 1902 4490 tricesimum

334 4543 609 4593 octavum.
639 4533 710 4585 De
733 4546 797 4586 ea
836 4529 968 4585 illud
1018 4543 1241 4599 quoque
1286 4527 1567 4582 memoria:
1599 4534 1684 4581 est
1723 4527 1905 4597 prodi-

336 4640 450 4685 tum
488 4626 599 4698 (i),
636 4636 696 4678 ut
726 4625 1026 4692 imperator
1047 4622 1163 4690 ipse
1195 4621 1452 4690 pedibus,
1486 4621 1698 4676 hastam
1735 4636 1902 4679 manu

337 4734 552 4781 tenens,
601 4715 870 4771 ambitum
927 4712 1239 4781 mmniaque
1300 4711 1419 4781 ejus
1471 4710 1740 4768 definiens
1793 4711 1905 4765 cir-

334 4813 570 4871 cumiit:
612 4807 759 4880 quod
785 4806 1083 4863 comitibus
1103 4806 1225 4876 ejus
1252 4803 1487 4859 ulterius
1509 4817 1673 4872 quam
1702 4818 1907 4859 conve-

334 4911 501 4974 niret,
536 4905 781 4978 pomeria
809 4903 964 4959 urbis
998 4901 1251 4972 proferre
1280 4899 1581 4962 videretur,
1614 4900 1907 4969 quemdam

333 5017 401 5058 ex
432 5001 515 5057 eis
535 5001 604 5054 ad
633 5014 761 5053 eum
786 4996 1087 5053 accessisse
1131 5004 1298 5064 atque
1326 5009 1565 5064 rogasse,
1593 4992 1713 5059 Quo
1738 5009 1911 5061 usque

337 5092 584 5155 tandem,
617 5088 799 5144 here?
837 5088 1102 5154 illumque
1143 5083 1350 5141 diserte
1401 5083 1797 5153 respondisse:
1832 5084 1910 5137 En

336 5198 535 5252 usque,
568 5180 700 5235 dum
724 5180 818 5248 qui
868 5192 955 5232 me
998 5175 1260 5246 prmeedit
1308 5174 1529 5241 ductor,
1577 5175 1908 5229 constiterit.

337 5272 490 5328 Unde
552 5271 688 5327 satis
745 5266 1074 5331 constabat,
1135 5266 1414 5321 caelestem
1483 5265 1801 5335 quampiam
1859 5266 1910 5320 ei

254 5378 257 5381 '
338 5367 584 5436 prmiisse
632 5365 916 5429 virtutem,
950 5377 1073 5431 quze
1112 5375 1237 5415 eum
1265 5403 1279 5427 ,
1322 5361 1470 5430 quod
1514 5358 1629 5413 ﬁeri
1666 5358 1913 5421 deberet,

409 5549 493 5613 (ιι
518 5546 575 5603 Si
606 5545 817 5602 scilicet
853 5552 948 5600 aut
976 5542 1118 5598 intra
1156 5541 1520 5613 tredecimunt
1554 5555 1757 5594 annum
1788 5554 1914 5607 per-

337 5610 500 5681 fecta,
530 5625 626 5670 aut
650 5618 843 5685 quinto
879 5614 1093 5685 imperii
1119 5614 1243 5679 ejus
1267 5626 1413 5685 anno
1443 5610 1703 5685 mditicziri
1736 5617 1915 5677 empta

338 5680 506 5746 esset.
527 5680 797 5743 Justiitian
808 5702 869 5740 us
891 5680 1421 5754 Constantinopolim
1445 5694 1639 5736 novam
1663 5680 1912 5743 Romam,

2016 4454 2130 4501 ναι,
2160 4433 2304 4496 Ἕως
2332 4433 2400 4485 ἂν
2421 4433 2449 4485 ὁ
2470 4427 2781 4499 ἔμπροσθεν
2809 4424 3021 4491 ὁδηγῶν
3047 4439 3113 4491 με
3137 4424 3257 4490 στῇ.
3304 4418 3589 4485 Ἐπίδηλον

2016 4529 2072 4584 δὲ
2099 4527 2210 4597 ἄρα
2235 4522 2326 4596 ἦν,
2356 4526 2432 4587 ὡς
2455 4522 2683 4591 δύναμις
2712 4517 2880 4572 αὐτοῦ
2908 4534 2992 4579 τις
3013 4515 3241 4586 οὐρανία
3268 4512 3590 4583 προηγεῖτο,

2015 4618 2113 4675 τοῦ
2147 4617 2530 4689 πραττομένου
2567 4611 2910 4669 διδάσκαλος.
2943 4608 3099 4663 Οὕτω
3136 4607 3194 4661 δὲ
3245 4604 3590 4676 μεγαλοπρε-

2019 4708 2136 4772 πῶς
2169 4706 2551 4778 ἱδρυσάμενον.
2586 4702 2735 4772 ἅλμα
2779 4699 3002 4769 Ῥώμαν
3044 4697 3313 4767 ὀνομάσαι
3347 4693 3541 4765 αὐτὴν,
3564 4690 3593 4744 δ

2000 4794 2085 4875 ’τῇ
2131 4801 2419 4872 Ῥωμαίων
2479 4798 2695 4868 γλώττῃ
2764 4795 2865 4864 τὴν
2917 4791 3128 4859 ἔνδοξον
3184 4790 3588 4845 ύπαινίσσεται.

2028 4896 2200 4966 ’Υπὲρ
2242 4895 2298 4949 δὲ
2323 4894 2422 4965 τῆς
2450 4890 2731 4952 εὐσεϐείας
2764 4889 2793 4942 ὁ
2827 4886 3241 4946 Κωνσταντῖνος
3271 4882 3358 4935 ἀεί
3398 4898 3449 4934 τι
3497 4896 3595 4933 πο-

2022 4990 2128 5045 νῶν
2162 4987 2419 5042 διετέλει⁸
2454 4985 2553 5040 καὶ
2598 4983 2701 5037 οὐκ
2746 4982 2804 5035 ἐν
2842 4978 2920 5048 τῷ
2970 4976 3276 5044 Βυζαντίῳ,
3309 4974 3449 5029 ἀλλὰ
3498 4972 3595 5027 καὶ

2023 5077 2337 5149 ἁπανταχοῦ
2367 5078 2466 5147 τῆς
2498 5077 2624 5144 γῆς,
2670 5071 3019 5141 περικαλλεῖς
3046 5068 3238 5139 ἀνίστη
3279 5067 3437 5130 νεώς.
3468 5067 3595 5118 Δια-

2024 5194 2087 5245 (ps
2099 5175 2301 5246 ρόντως
2319 5171 2365 5226 δ’
2385 5173 2444 5225 ὲν
2459 5171 2579 5231 ταῖς
2604 5166 2975 5236 μητρόπολεσι
2994 5164 3142 5219 τοῦθ’
3167 5165 3379 5232 ἑωρᾶτο
3401 5159 3593 5214 ποιῶψ

1994 5265 2213 5348 ,ὥσπερ
2240 5264 2298 5317 ἐν
2322 5265 2389 5332 τῇ
2421 5260 2563 5315 κατὰ
2595 5258 2971 5328 Νικομήδειαν
2998 5256 3108 5313 τῶν
3142 5255 3384 5312 Βιθυνῶν
3427 5255 3597 5320 ἐπαρ-

2024 5359 2149 5429 χίᾳ·
2184 5357 2278 5409 καὶ
2328 5356 2384 5408 ἐν
2434 5356 2500 5423 τῇ
2541 5352 2676 5422 πρὸς
2722 5351 2978 5422 Ὀρόντην
3039 5348 3354 5417 Ἀντιοχείᾳ,
3399 5347 3491 5416 καί
3525 5347 3592 5417 τῇ

2029 5536 2137 5592 Deo
2169 5537 2425 5607 propitio,
2464 5534 2784 5607 melioribus
2807 5546 2987 5607 quam
3033 5537 3271 5607 veterem
3306 5527 3581 5607 cgnditam

2025 5623 2144 5690 esse
2169 5598 2424 5730 'aug'u’riis
2469 5618 2677 5671 censet,
2720 5604 2755 5659 l.
2797 5598 2904 5658 Deo
2943 5608 3174 5656 auctore.
3209 5598 3272 5653 C.
3317 5598 3391 5652 De
3426 5604 3589 5651 ceter.

2025 5693 2144 5730 mre
2183 5692 2310 5730 enuc
2340 5718 2351 5730 .

2013 5693 2144 5749 jure
2183 5692 2351 5732 enim.
