3972 6200
407 278 480 342 21
1351 280 1955 341 ECCLESIASTICE
1999 285 2384 344 HISTORIE
2425 288 2572 345 LIB.
2613 289 2772 351 \‘lll'.
3595 297 3674 357 22‘

412 385 782 456 πρεσϐυτέρᾳ
823 385 1034 456 Ῥώμῃ,
1074 385 1170 439 καὶ
1200 387 1258 438 ὲν
1279 387 1416 458 αὐτῇ
1458 387 1815 458 Ἰερουσαλήμ
1836 405 1849 417 ·
1881 408 1971 460 περ

2108 393 2428 447 instrueret.
2463 393 2595 450 Eam
2634 404 2742 449 tam
2774 396 3062 467 magniﬁce
3110 399 3430 466 fundatam,
3469 403 3668 459 almam

404 473 479 548 ἧς
538 477 748 546 μικρὸν
803 475 1037 547 ὕστερον
1093 477 1163 530 τά
1216 477 1366 546 αὺτῷ
1420 479 1757 549 εἰργασμένα
1786 479 1971 534 διέλθω

2107 499 2327 554 quoque
2377 486 2604 541 Romam
2654 487 2892 552 vocavit,
2938 490 3084 559 quod
3139 492 3370 546 verbum
3405 492 3669 551 Romanis

419 567 578 620 Ἐπεὶ
613 567 674 619 δὲ
703 567 858 636 αὐτῷ
887 567 1072 621 πάντα
1104 569 1244 621 κατά
1269 567 1498 641 γνώμην
1530 570 1865 641 προύχώρει,
1903 588 1971 625 κα

2104 577 2278 646 gloria
2343 579 2663 643 praeclaram
2709 580 3009 651 signiﬁcat.
3083 582 3478 640 Constantinus
3537 603 3670 642 sane

408 659 520 722 λῶς
546 661 605 713 δέ
647 659 699 713 οί
734 660 889 730 αὐτῷ
924 663 1022 715 καὶ⁸
1067 659 1136 713 τὰ
1171 661 1279 714 τῶν
1326 662 1642 732 ἀλλοφύλων
1695 665 1971 717 συνέϐαινε

2106 681 2386 734 nunquam
2416 683 2526 721 non
2560 684 2661 737 pro
2687 667 3000 724 Christiana
3027 671 3230 740 pietate
3245 673 3453 742 aliquid
3476 689 3664 744 agens,

416 751 530 804 τῶν
562 768 621 802 τε
658 751 1002 820 πορρωτέρω
1029 751 1126 804 καὶ
1158 751 1426 821 σύνεγγυς
1451 754 1600 823 νόμῳ
1635 755 1874 824 πολέμου
1906 756 2002 807 καὶ

426 843 677 903 σπονδαῖς
729 841 1223 912 ἐξημερουμένων,
1255 843 1446 912 βαθεῖα
1476 846 1667 915 είρήνη
1716 848 1829 909 τοῖς
1868 845 1999 898 Ῥώ-

433 936 605 1004 μαίων
659 934 965 1002 ἐπεχόρευε
1009 934 1338 1004 πράγμασιν
1391 936 1569 988 ἐτεσιν
1612 937 1712 1007 ήδη
1763 939 1998 1006 συχνοῖς,

427 1028 516 1080 καὶ
554 1027 587 1095 ή
618 1027 759 1080 κατά
783 1027 1023 1096 Χριστὸν
1056 1029 1242 1090 πίστις
1274 1029 1595 1100 ἁπανταχοῦ
1623 1031 1724 1100 τῆς
1752 1031 1860 1098 γῆς
1891 1031 2000 1084 διε-

419 1118 700 1189 σπείρετο,
731 1118 809 1182 ὡς
837 1119 930 1171 καὶ
959 1119 1133 1173 πολλά
1171 1121 1275 1173 τῶν
1305 1121 1514 1192 ἀγρίων
1553 1122 1722 1176 ἐθνῶν
1750 1123 2001 1177 ἀσπάσα-

422 1209 548 1263 σθαι
578 1211 649 1262 τὰ
695 1210 944 1280 ἡμέτερα
970 1227 984 1242 ’
1021 1211 1272 1264 πολιτεία
1308 1229 1371 1265 τε
1424 1213 1811 1286 ὑπερφέρουσα
1854 1213 1912 1268 ἔν
1941 1230 1998 1267 τε

417 1305 542 1364 ταῖς
586 1302 909 1370 ἐκκλησίαις
948 1304 1045 1356 καὶ
1086 1305 1321 1375 πλήθεσι
1368 1305 1558 1375 δήμων
1586 1305 1679 1359 καὶ
1719 1308 1777 1359 ἐν
1815 1307 2000 1369 αὐτοῖς

420 1398 534 1457 τοῖς
568 1395 751 1462 ὄρεσιν
777 1395 1261 1466 ὑπερήστραπτεν,
1293 1395 1418 1466 ἄρτι
1452 1397 1560 1450 τῶν
1595 1398 1846 1468 μοναχῶν
1869 1399 2000 1450 ὑπο-

424 1486 746 1554 φυομένωνο
781 1485 862 1538 ἔτι
894 1487 950 1539 δὲ
985 1489 1284 1558 μαρτύρων
1318 1490 1411 1542 καὶ
1433 1489 1780 1560 δμολογητῶν
1803 1491 1999 1543 διασω-

430 1577 696 1645 ζομένων,
736 1579 822 1632 καὶ
857 1581 1052 1649 ἱερέων
1104 1582 1487 1645 ἀποστολικοῖς
1543 1584 1848 1654 χαρίσμασι
1901 1582 1998 1636 καὶ

435 1669 668 1740 θαύμασι
704 1672 793 1724 καὶ
841 1673 1110 1743 ἁπλότητι
1159 1673 1278 1743 βίου
1316 1675 1749 1744 διαπρεπόντων,
1795 1667 1870 1728 ὧν
1914 1673 1995 1726 ἔτι

431 1761 739 1830 περιόντων,
778 1761 874 1833 τὴν
896 1763 1154 1832 οὐράνιον
1179 1761 1248 1836 ἦν
1273 1765 1554 1818 πολιτείαν
1578 1766 1710 1835 όρᾷν
1741 1763 1835 1816 ἐπὶ
1863 1765 1988 1833 γῆς,

424 1850 766 1920 καθεκάστην
799 1854 894 1905 καὶ
923 1851 1012 1905 διὰ
1042 1855 1264 1907 πάντων
1295 1855 1383 1907 ἀεὶ
1414 1854 1515 1923 τῆς
1546 1853 1844 1925 θρησκείας
1874 1855 1991 1906 ἑπι-

419 1938 684 2008 διδούσης,
719 1941 813 1993 τοῦ
855 1943 1278 1997 Κωνσταντίνου
1310 1947 1495 1997 πᾶσαν
1530 1944 1850 2010 εἰσάγοντος
1886 1944 1986 2014 τήν

419 2034 676 2102 σπουδὴν,
700 2033 842 2086 ὥστε
870 2034 1204 2090 καθεστάναι
1232 2039 1344 2099 τοῖς
1370 2038 1534 2101 ὅλοις,
1562 2036 1748 2100 αὔξειν
1772 2053 1832 2088 τε
1860 2037 1990 2088 ταύ-

423 2143 525 2195 την
555 2127 645 2178 καὶ
691 2128 768 2190 είς
803 2127 1034 2196 μέγεθος
1081 2129 1237 2198 ἣκειν
1261 2145 1276 2160 ·
1312 2131 1408 2184 καὶ
1443 2129 1510 2183 δι’
1561 2129 1748 2196 αὐτὸν,
1791 2129 1862 2182 τὰ
1891 2127 1985 2182 τοῦ

431 2217 847 2288 Χριστιανισμοῦ
897 2221 956 2273 ὲν
995 2223 1234 2293 σταθερᾷ
1285 2224 1380 2276 καὶ
1435 2224 1698 2293 ἀταράχῳ
1749 2222 1983 2292 γαλήνῃ,

424 2310 518 2359 καὶ
550 2309 815 2380 ἐνβαθείξι
864 2314 1226 2384 καθειστήκει
1270 2316 1465 2385 εἰρήνῃ
1496 2331 1510 2347 ·
1556 2319 1650 2367 καὶ
1688 2313 1871 2375 ἁπλῶς
1905 2315 1986 2365 εί-

414 2398 558 2460 πεῖν,
595 2401 849 2468 τηνικάδε
883 2402 1105 2471 χορείας
1149 2404 1244 2456 καὶ
1269 2404 1539 2476 θυμηδίας
1585 2401 1726 2476 ἦσαν
1765 2403 1988 2472 ἐμπλεω

410 2490 480 2542 τὰ
515 2491 791 2562 ἡμέτερα·
824 2494 894 2547 τά
938 2496 994 2548 δὲ
1026 2497 1134 2550 τῶν
1178 2498 1440 2550 ἐναντίων
1480 2501 1562 2561 είς
1594 2498 1692 2568 τὴν
1733 2498 1971 2550 ἐναντίαι

2089 2499 2358 2568 vigerent.
2382 2498 2488 2552 Per
2507 2512 2644 2566 quos
2661 2497 2940 2552 caelestem
2966 2511 3198 2566 prorsus
3223 2495 3389 2547 vitam
3421 2493 3475 2546 in
3499 2489 3663 2544 terris

409 2583 713 2654 μετεχώρει
743 2585 941 2656 ἀηδίαν
968 2604 1029 2640 τε
1065 2590 1159 2641 καὶ
1187 2589 1516 2659 κατήφειαν.

2085 2603 2319 2644 cernere
2358 2597 2498 2653 erat,
2532 2587 2800 2658 religione
2852 2586 2973 2658 ipsa
3007 2587 3062 2640 in
3095 2575 3214 2639 dies
3259 2595 3476 2651 semper
3525 2589 3578 2632 et
3606 2577 3658 2629 in

404 2673 571 2731 rebus
609 2679 869 2735 omnibus
918 2692 1207 2752 augmenta
1255 2697 1354 2737 sua
1403 2682 1707 2750 capiente:
1751 2691 1806 2738 et
1848 2680 2206 2737 Constantino
2253 2679 2436 2734 studio
2491 2679 2637 2733 omni
2698 2679 2752 2732 in
2796 2677 2902 2732 hoc
2953 2675 3326 2739 incumbente,
3397 2681 3454 2726 ut
3508 2669 3656 2739 apud

404 2788 596 2829 omnes
641 2791 705 2830 ea
757 2778 961 2846 ubique
1007 2778 1332 2832 conﬁrmata
1371 2778 1711 2833 stabiliretur
1738 2820 1753 2844 ,
1825 2785 1878 2832 et
1915 2777 1984 2832 ad
2050 2776 2374 2845 ampliorem
2418 2773 2854 2843 magnitudinem
2897 2779 3247 2827 excrescerct
3287 2785 3302 2822 :
3355 2780 3525 2837 utque
3565 2780 3663 2836 per

400 2865 604 2934 ipsum,
657 2870 953 2941 adjuvante
1006 2872 1137 2935 Deo,
1188 2870 1647 2926 Cbristianismns
1699 2870 1755 2924 in
1819 2883 2016 2924 serena
2058 2879 2318 2938 certaque
2393 2866 2792 2935 tranquillitate
2833 2873 2887 2920 et
2932 2866 3194 2920 altissima
3230 2880 3360 2935 pace
3393 2865 3660 2919 consiste-

400 2970 509 3015 ret.
549 2963 728 3032 Atque
790 2948 847 3017 υἱ
891 2964 1218 3034 simpliciter
1267 2966 1469 3032 dicam,
1526 2980 1592 3019 ea
1649 2973 1977 3034 tempestate
2017 2977 2107 3019 res
2173 2971 2378 3016 nostrae
2446 2960 2762 3022 laetissima},
2796 2959 3211 3030 jncundissima:
3243 2968 3298 3014 et
3341 2958 3659 3014 ﬂorentissi-

395 3068 507 3109 ma:
558 3053 747 3110 fuere:
800 3057 1106 3112 adversarii
1156 3069 1338 3112 autem
1376 3068 1566 3113 contra
1617 3058 1673 3112 in
1727 3057 1970 3124 tristitia,
2007 3057 2398 3112 summissione
2423 3064 2479 3110 et
2506 3068 2744 3110 maerore
2773 3067 2988 3108 summo
3025 3052 3228 3108 vixere.

2104 771 2212 810 non
2234 756 2478 827 Byzantii
2509 765 2742 823 tantum,
2771 761 2865 815 sed
2903 769 2958 815 et
2987 761 3190 831 ubique
3215 775 3508 827 terrarum,
3543 764 3666 832 pul-

2103 847 2377 903 cherrima
2432 848 2722 903 azdiﬁcavit
2776 859 3019 921 tempta,
3092 855 3556 924 potissimumque
3609 855 3662 909 in

2104 940 2539 1008 metropolitanis
2588 941 2828 1009 sedibus,
2886 944 3047 1000 sicuti
3087 946 3421 1002 Nicomedia:
3481 948 3535 1001 in
3573 946 3656 1001 Bi-

2104 1029 2288 1100 thynia
2322 1031 2624 1098 provincia,
2654 1031 2960 1088 Antiochiae
2987 1033 3054 1088 ad
3077 1032 3337 1089 Orontem
3359 1073 3375 1099 ,
3410 1034 3464 1087 in
3494 1033 3662 1087 veteri

2104 1121 2298 1187 Roma,
2338 1131 2394 1177 et
2419 1122 2818 1194 Hierosolymis
2854 1125 3008 1195 ipsis.
3053 1125 3130 1180 De
3165 1126 3387 1196 quibus,
3422 1139 3544 1195 qua:
3589 1123 3671 1177 ibi-

2101 1227 2264 1281 opera
2301 1212 2614 1281 perfecerit,
2667 1225 2858 1283 postea
2899 1216 3164 1271 dicemus.
3198 1215 3333 1271 Cum
3388 1230 3520 1269 vero
3577 1229 3664 1267 res

2101 1321 2292 1359 omnes
2312 1305 2362 1358 ei
2394 1320 2458 1358 ex
2494 1306 2768 1359 sententia
2791 1305 3252 1367 cederent.etiam
3283 1305 3426 1374 apud
3450 1314 3666 1357 exteras

2101 1398 2372 1462 nationes,
2411 1395 2671 1450 ﬁnitimas
2701 1397 2864 1451 simul
2892 1406 2946 1450 et
2971 1397 3404 1467 longinquiores.
3437 1397 3518 1450 vel
3543 1397 3665 1466 jure

2100 1489 2228 1545 belli
2263 1488 2345 1544 vel
2377 1488 2679 1543 foederibus
2710 1491 2886 1558 pactis
2919 1498 3138 1558 pacatas
3169 1489 3467 1543 :altissima
3505 1488 3664 1542 annis

2099 1581 2349 1651 pluribus
2382 1596 2488 1650 pax
2518 1590 2574 1634 et
2616 1581 2984 1650 tranquillitas
3009 1581 3062 1634 in
3109 1581 3241 1634 orbe
3277 1579 3524 1634 Romano
3561 1578 3662 1632 ﬁo-

2101 1674 2232 1736 ruit,
2263 1680 2320 1726 et
2352 1669 2620 1740 professio
2656 1669 2781 1724 ﬁdei
2805 1669 3130 1726 Christiana:
3162 1671 3361 1738 ubique
3395 1679 3662 1722 terrarum

2097 1774 2182 1820 est
2215 1773 2529 1835 propagata.
2571 1764 2751 1818 Multae
2778 1779 2997 1833 quoque
3040 1763 3168 1818 fera)
3214 1762 3464 1817 nationes
3509 1777 3665 1816 sacra

2096 1868 2285 1913 nostra
2319 1866 2450 1913 sunt
2481 1857 2780 1927 complexa:
2808 1873 2822 1909 :
2851 1866 2908 1912 et
2955 1856 3246 1911 miriﬁcum
3283 1856 3410 1910 vita
3441 1853 3662 1909 institu-

2093 1958 2209 2003 tum
2262 1947 2318 2001 in
2373 1947 2646 2011 ecclesiis,
2697 1955 2755 2000 et
2793 1945 2937 2015 apud
2996 1943 3405 1999 multitudinem
3464 1942 3663 2011 ipsam,

2090 2040 2330 2109 denique
2351 2038 2409 2094 in
2441 2038 2722 2093 montibus
2769 2037 2937 2094 etiam
2966 2045 3021 2093 et
3062 2036 3195 2091 solis
3242 2035 3379 2090 locis
3415 2033 3665 2103 resplen—

2091 2131 2232 2194 duit,
2271 2129 2435 2202 536
2463 2130 2610 2200 quod
2638 2145 2816 2200 nuper
2846 2129 3144 2185 admodum
3189 2126 3448 2183 monachi
3485 2125 3666 2196 pullu~

2088 2225 2204 2278 lare
2221 2224 2538 2292 coepissent,
2579 2231 2636 2278 et
2671 2220 2819 2292 quod
2849 2229 3120 2293 martyres
3145 2218 3324 2274 adhuc
3356 2226 3412 2273 et
3441 2217 3661 2272 confes-

2091 2330 2246 2370 sores
2295 2315 2625 2383 superstites
2689 2314 2906 2379 essent,
2965 2313 3388 2380 sacerdotesque
3439 2308 3664 2375 insuper

2091 2406 2408 2475 apostolicis
2442 2405 2604 2460 donis
2625 2413 2680 2459 et
2710 2405 3013 2469 miraculis,
3038 2403 3275 2472 vitaeque
3311 2398 3662 2469 simplicitate

2022 1726 2072 1785 B

999 3233 1253 3289 ΚΕΦΑΛ.
1295 3232 1372 3289 Ε’.

2724 3225 2948 3282 CAPUT
2979 3229 3037 3281 V.

2079 3369 2152 3424 De
2185 3369 2298 3422 Arii
2355 3384 2470 3420 cum
2527 3364 2832 3418 Alexandro
2877 3367 3249 3420 contentione:
3306 3369 3369 3420 de
3407 3366 3651 3425 Malitia:

2147 3441 2283 3492 unde
2329 3447 2378 3492 et
2411 3437 2688 3514 quomodo,
2719 3444 2775 3514 et.
2795 3451 2886 3504 per
2911 3451 3041 3504 quas
3067 3452 3254 3490 causas
3275 3446 3323 3492 et
3356 3441 3650 3492 occasiones

2145 3526 2205 3563 ea
2238 3510 2502 3562 contentio
2539 3510 2822 3582 exstiterit.

394 3371 538 3438 Περὶ
563 3369 673 3438 τῆς
700 3362 930 3437 Ἀρὲίου
954 3373 1106 3440 πρὸς
1147 3369 1547 3439 Ἀλέξανδρον
1572 3372 1965 3440 φιλονεικίας

467 3442 563 3494 καί
598 3443 731 3507 περὶ
760 3439 1043 3496 Μελιτιόυ
1066 3461 1078 3473 ·
1111 3443 1213 3496 καὶ
1236 3443 1376 3496 ὅθεν
1420 3441 1516 3493 καὶ
1566 3441 1725 3506 ὅπως
1767 3443 1862 3493 καὶ
1893 3439 1967 3492 δι’

465 3509 540 3574 ἀς
572 3513 764 3577 αἰτίας
794 3512 831 3578 ἡ
861 3511 1268 3582 ἔρις-ἐγένετο.

467 3645 684 3715 Καίπερ
737 3647 802 3716 δὴ
859 3646 1005 3700 οὕτω
1052 3649 1153 3718 τῆς
1206 3649 1507 3718 θρησκείας
1543 3648 1960 3718 εὐδοκιμούσης,

2146 3644 2357 3712 Religio
2392 3651 2576 3696 nostra
2610 3656 2732 3695 cum
2766 3641 2820 3693 in
2855 3649 3000 3694 tanta
3032 3651 3176 3696 esset
3205 3642 3378 3710 gloria
3407 3652 3462 3697 et
3490 3646 3643 3703 llol‘t‘.

391 3737 487 3788 καὶ
514 3735 683 3800 οὕτως
718 3738 1019 3807 ἀγομένης,
1048 3739 1154 3806 τὴν
1201 3739 1460 3809 τοιαύτην
1517 3739 1741 3808 εἰρήνην
1787 3738 1965 3807 ἐμφύ-

386 3823 502 3887 λιός
526 3843 611 3888 τις
643 3826 882 3895 πόλεμος
914 3829 1296 3898 ἀνερρίπισεν.
1343 3827 1652 3897 Ἐριστικαὶ
1681 3829 1786 3898 γάρ
1822 3843 1963 3889 τινες

382 3917 572 3985 λέσχαι
613 3918 709 3970 καὶ
739 3917 1027 3982 διαλέξεις,
1067 3918 1344 3987 πρόφασιν
1388 3917 1608 3988 ἔχουσαι
1666 3918 1762 3989 τὴν
1805 3917 1962 3970 εὗσέ-

382 4010 556 4074 δειαν,
593 4011 688 4064 καὶ
733 4010 834 4076 τὴν
866 4010 1077 4063 τελείαν
1111 4011 1205 4063 τοῦ
1252 4010 1398 4063 θείου
1447 4009 1698 4079 εὕρεσιν,
1729 4015 1796 4064 τὰ
1829 4015 1960 4081 πρὶν

382 4102 717 4165 ἀνεξέταστα
764 4101 872 4153 ὑπὸ
915 4101 1147 4171 ζήτησιν
1183 4097 1338 4169 ἦγον,
1372 4099 1672 4154 κάντεῦθεν
1723 4103 1813 4154 καὶ
1860 4101 1959 4162 τὰς

382 4192 682 4257 ἐκκλησίας
735 4189 1060 4258 ἐτάραττον.
1125 4189 1185 4242 Ὀ
1245 4187 1352 4257 γὰρ
1398 4187 1492 4239 τοῦ
1552 4187 1744 4255 γένους
1802 4187 1958 4256 ἡμῶν

380 4281 654 4350 ἀλάστωρ,
715 4283 745 4333 ό
791 4281 1152 4350 παμπόνηρος
1210 4281 1300 4333 καὶ
1344 4279 1686 4349 παλαμναῖος
1743 4279 1954 4348 ἐχθρὸς,

379 4374 519 4425 οὕτω
549 4373 645 4438 τὴν
675 4372 1146 4441 ἐκκλησιαστικὴν
1175 4371 1374 4426 ὁλκάδα
1405 4373 1464 4436 ἐξ
1497 4371 1694 4442 ούρίων
1718 4371 1794 4440 τῷ
1825 4371 1955 4440 θείῳ

382 4466 650 4535 πνεύματι
684 4467 1002 4536 φερομένην
1036 4465 1204 4535 ὀρῶν,
1238 4465 1334 4519 καὶ
1384 4465 1812 4535 κυϐερνωμένην
1848 4463 1954 4518 ὑπὸ

2073 3750 2260 3806 pacem
2292 3741 2348 3788 et
2376 3733 2618 3802 quietem
2666 3741 2871 3786 tantam
2907 3730 3226 3786 intestinum
3255 3732 3496 3786 turbavit
3529 3735 3641 3787 hel-

2071 3828 2203 3880 lum.
2247 3825 2412 3894 Nngze
2453 3837 2687 3893 namque
2731 3831 2786 3876 et
2830 3823 3232 3890 disputationes
3263 3823 3642 3883 contentiusar.

2071 3933 2252 3972 veram
2328 3917 2584 3985 pietatem
2653 3915 3064 3984 perfectamque
3142 3914 3314 3969 divini
3399 3917 3642 3970 nutninis

2068 4008 2438 4077 cognitiomm
2487 4015 2865 4074 praetexentes.
2899 4005 2968 4059 de
3012 4006 3216 4074 quibus
3263 4013 3421 4060 antea
3457 4006 3642 4074 inqui.

2066 4100 2230 4154 situm
2280 4114 2389 4152 non
2422 4097 2620 4161 fuerat,
2652 4113 2714 4151 ea
2759 4097 2834 4150 in‘
2868 4099 3223 4166 quaestionem
3272 4098 3636 4164 deduxerunt,

2064 4207 2238 4261 eaque
2273 4205 2331 4244 re
2379 4190 2629 4260 iungentes
2658 4189 2849 4245 turbas
2890 4191 2944 4243 in
2980 4191 3233 4246 ecclesiis
3263 4189 3634 4245 concitarunt.

2067 4282 2342 4352 Siquidem
2371 4283 2586 4352 generis
2611 4281 2781 4336 nostri
2827 4282 3018 4351 pestis,
3053 4281 3441 4350 improbusque
3473 4296 3635 4350 pror-

2063 4389 2156 4428 sus
2201 4382 2252 4428 et
2302 4372 2569 4428 exitiosus
2623 4373 2819 4438 hostis,
2852 4373 3033 4428 navim
3064 4373 3632 4429 eeclesiastieamtam

2062 4464 2274 4536 placide
2321 4462 2578 4520 secundis
2619 4465 2801 4520 ventis
2857 4465 2987 4520 ferri
3034 4473 3090 4520 et
3139 4465 3210 4520 ab
3259 4467 3648 4520 universitatis-

374 4558 471 4610 τοῦ
519 4558 632 4611 τῶν
687 4559 826 4611 ὅλων
869 4559 1163 4625 Δεσπότου,
1210 4559 1313 4611 οὐκ
1363 4557 1602 4620 ἀνεκτῶς
1651 4555 1817 4627 εἶχεν.
1865 4559 1954 4608 Ἐν

2081 4557 2227 4627 iujus
2255 4557 2367 4610 Deo
2411 4555 2702 4625 guberna-ri
2738 4555 2954 4619 videns,
2979 4556 3122 4611 ferre
3167 4556 3225 4611 id
3265 4571 3384 4611 non
3425 4556 3629 4625 potuit,

376 4649 533 4719 δεινῷ
581 4649 628 4702 δ’
671 4651 912 4703 ἐποιεῖτο
961 4651 1011 4702 εί
1065 4649 1140 4720 μή
1190 4649 1491 4704 καταδῦσαι
1539 4648 1745 4719 ταύτην
1778 4666 1956 4718 παρα-

382 4743 727 4804 σκευάσαιεν,
759 4740 935 4805 οὕτως
995 4741 1280 4801 άκλύστως
1327 4741 1437 4793 τῶν
1486 4741 1740 4812 πονηρῶν
1786 4742 1954 4810 ὑπερ-

376 4833 680 4902 νηχομένην
708 4834 1024 4902 δογμάτων.
1073 4832 1161 4895 Ὠς
1189 4833 1297 4900 γάρ
1345 4827 1454 4886 εἶδε
1482 4831 1580 4902 τὴν
1627 4830 1951 4900 Ἑλληνικὴν

371 4925 779 4996 διαπτυομένην
811 4924 1124 4996 τερθρείαν,
1155 4926 1237 4989 εἱς
1272 4924 1546 4993 προῦπτόν
1575 4940 1633 4976 τε
1679 4925 1774 4985 τὰς
1805 4923 1948 4974 ὲκεί-

370 5031 466 5068 νου
496 5015 851 5083 φωραθείσας
882 5016 1086 5084 πάγας,
1125 5015 1222 5070 καὶ
1263 5016 1353 5068 ἐπ’
1403 5015 1626 5085 άκριὸὲς
1674 5015 1946 5084 διελεγχθ-

371 5108 582 5178 μένας,
626 5109 722 5161 καὶ
765 5108 866 5178 τὴν
911 5110 1011 5179 μὲν
1061 5110 1242 5162 κτίσιν
1290 5107 1475 5162 οὐκέτι
1522 5107 1822 5176 σεϐομένην
1867 5106 1943 5168 ὡς

366 5198 660 5265 πρότερον,
687 5197 780 5251 τὸν
811 5198 870 5252 δὲ
917 5198 1124 5269 ταύτης
1157 5197 1391 5268 ποιητὴν
1422 5197 1498 5259 ὡς
1530 5195 1707 5268 χρεὼν
1743 5196 1942 5266 ὑμνού-

370 5290 618 5358 μενόν-τε
655 5291 751 5343 καὶ
795 5291 1305 5360 προσκυνούμενον·
1340 5292 1540 5343 ἀπεῖπε
1579 5289 1677 5358 μὲν
1707 5289 1771 5342 τὸ
1803 5305 1938 5359 προ-

365 5379 555 5446 φανῶς
605 5381 749 5434 οὕτω
808 5383 952 5436 κατὰ
1008 5382 1146 5436 Θεοῦ
1199 5381 1582 5453 ἀναρριπίζειν
1636 5377 1791 5444 αὖθις
1847 5382 1937 5434 τὸν

367 5470 642 5540 πόλεμον·
679 5475 889 5543 μέτεισι
930 5476 989 5529 δὲ
1022 5474 1083 5528 τὸ
1118 5477 1351 5545 πρᾶγμα
1399 5475 1519 5527 λίαν
1560 5474 1811 5536 ὑπούλως
1842 5473 1936 5526 καὶ

363 5561 625 5634 δολερῶς.
655 5565 844 5634 Εὑρὼν
878 5567 987 5636 γάρ
1030 5584 1202 5632 τινας,
1233 5568 1331 5636 τὴν
1380 5566 1478 5635 μὲν
1518 5567 1628 5621 τῶν
1669 5568 1935 5636 Χριστια-

2057 4659 2112 4704 et
2142 4661 2304 4720 grave
2344 4647 2744 4717 molestumque
2774 4647 2878 4702 sibi
2919 4661 3040 4702 esse
3087 4647 3320 4716 putavit,
3361 4647 3465 4700 nisi
3497 4647 3631 4702 sub-

2054 4739 2403 4811 mergeudam
2453 4755 2574 4794 eam
2622 4748 2841 4794 curaret
2887 4755 3008 4810 quae
3044 4747 3150 4795 tam
3190 4751 3452 4794 securum
3492 4741 3626 4793 citra

2055 4849 2343 4905 pravorum
2399 4833 2711 4902 dogmatum
2764 4832 2963 4888 ﬁuctus
3012 4843 3068 4888 et
3120 4833 3385 4902 procellas
3416 4842 3626 4888 teneret

2051 4941 2291 4980 cursum.
2323 4923 2392 4977 Ut
2437 4925 2584 4978 enim
2616 4922 2819 4980 Graecae
2864 4926 3275 4994 superstitionis
3323 4925 3626 4997 praestigias

2052 5016 2376 5085 proculcari,
2426 5016 2757 5086 dolososque
2807 5019 3034 5088 laqueos
3082 5021 3202 5090 ejus
3261 5019 3313 5074 in
3373 5031 3621 5088 apertum

2054 5106 2294 5173 protrahi
2353 5114 2405 5160 et
2468 5107 2759 5161 manifesto
2805 5108 2958 5178 argui
3019 5117 3184 5177 atque
3236 5109 3508 5171 convinci,
3567 5117 3622 5161 et

2050 5207 2356 5254 creaturam
2406 5201 2623 5270 quidem
2672 5205 2753 5269 (ut
2782 5202 3037 5271 antehac)
3070 5203 3304 5272 amplius
3346 5215 3452 5254 non
3486 5199 3616 5263 coli,

2046 5290 2358 5346 Creatorem
2392 5307 2521 5347 vero
2549 5294 2690 5362 ejus,
2722 5294 2882 5349 sicuti
2909 5294 3182 5356 convenit,
3209 5291 3464 5347 laudibus
3491 5291 3612 5346 vebi

2049 5389 2103 5434 et
2146 5379 2362 5433 adorari
2391 5380 2778 5436 animadvertit
2813 5399 2828 5437 :
2860 5393 3111 5452 apertum
3155 5395 3375 5435 rursum
3418 5389 3609 5434 contra

1983 5459 1988 5464 ’
2035 5473 2204 5527 Deum
2269 5488 2489 5529 movere
2542 5475 2742 5530 bellum
2803 5474 3137 5545 posthabuit,
3199 5481 3254 5528 et
3305 5474 3428 5528 dolo
3484 5490 3599 5528 rem

2034 5565 2370 5620 clandestine
2415 5567 2708 5622 admodum
2757 5577 2811 5622 et
2861 5567 3244 5621 fraudulenter
3310 5583 3598 5639 aggressus

363 5651 474 5706 νῶν
508 5653 691 5707 πίστιν
718 5657 1158 5728 ἀσπαζομένους,
1185 5657 1339 5727 τύφῳ
1378 5658 1432 5710 δὲ
1476 5660 1568 5712 καὶ
1601 5661 1665 5728 τῇ
1703 5658 1934 5727 διακένῳ

2077 5669 2130 5713 tt.
2169 5658 2416 5727 Repertis
2461 5675 2694 5730 namque
2724 5658 3073 5729 quihusdam,
3103 5661 3194 5729 qui
3226 5659 3607 5717 Christianam.
