3972 6200
252 290 322 351 Q7
1438 287 1866 348 NlCEPHORI
1911 286 2258 347 CALLlS'l‘I
3409 284 3478 351 23

244 401 320 454 illi
345 397 620 468 ascripsit.
651 399 960 453 Alexander
1007 413 1140 453 vero
1171 398 1484 469 cpiscopus.
1519 409 1813 468 utrumque

1942 402 2090 454 μέλων
2119 399 2314 452 παύειν
2345 399 2441 467 τῆς
2471 396 2651 464 ἔριδος
2679 397 2867 466 ἄμφω,
2903 396 2983 458 είς
3031 396 3262 466 ἅμιλλαν
3296 397 3476 468 λόγων

239 489 648 544 acontentione
699 489 971 542 abducere
1024 491 1230 548 volens.
1282 490 1346 542 ad
1400 490 1802 559 disputationes

239 595 664 647 sermonumque
692 579 1012 633 collationes
1028 594 1122 634 eos
1140 580 1412 645 invitavit,
1441 582 1803 649 persuasione

237 674 420 743 potius
449 687 610 740 quam
641 671 880 725 violenta
931 671 1178 740 iussione
1224 673 1656 727 controversiam
1711 688 1804 726 so-

240 765 358 832 pire
399 762 800 816 conducibilius
840 777 960 816 esse
991 762 1221 816 ducens.
1258 763 1325 816 Et
1364 778 1486 817 cum
1520 763 1804 818 multoties

239 854 570 922 disputando
619 851 895 921 congressi
935 860 1138 912 essent.
1188 852 1349 906 sicuti
1389 852 1503 905 ﬁeri
1536 853 1802 916 assuevit,

239 946 591 999 contentione
623 945 766 997 inter
797 945 1084 1013 quos-piam
1119 953 1284 1003 mota,
1320 943 1614 1012 episcopus
1659 960 1807 999 nunc

242 1039 392 1101 huic,
445 1053 590 1090 nunc
641 1038 716 1089 illi
757 1037 1023 1091 benevole
1071 1049 1126 1090 et
1179 1038 1464 1091 commode
1523 1037 1805 1093 adhaesit:

241 1139 518 1198 postremo
550 1144 679 1182 vero
706 1130 922 1182 tandem
953 1138 1007 1182 et
1049 1129 1161 1198 ipse
1200 1137 1532 1181 comtcrnum
1577 1137 1634 1182 et
1677 1143 1810 1181 con-

241 1217 658 1272 substantialem
708 1217 852 1270 Patri
900 1216 1117 1279 Filium,
1151 1217 1224 1269 ita
1274 1216 1350 1270 uti
1394 1226 1554 1270 antea
1592 1232 1811 1285 semper

1912 493 2114 551 ἐκὰλει.
2155 494 2334 544 πειθοῖ
2382 491 2582 559 μᾶλλον
2636 488 2668 558 ἢ
2721 488 2812 560 βίᾳ
2855 487 3018 541 λῦσαι
3066 490 3129 541 τὸ
3179 491 3479 559 ἀμφίϐολον

1913 583 2209 653 ᾑρημένος.
2245 582 2354 634 Καὶ
2387 580 2677 648 συνεδρίων
2707 579 3092 649 γεγενημένων
3137 580 3371 643 πολλῶν,
3393 577 3482 634 οἷα

1911 673 2042 740 δῆτα
2073 674 2220 740 φιλεῖ
2245 673 2342 739 τῆς
2387 670 2565 739 ἐριδος
2595 669 2939 738 ἑκατέρωθεν
2987 671 3308 741 αἰρομένης,
3352 673 3482 725 ποτέ

1917 762 2014 831 μὲν
2047 762 2240 831 τούτῳ,
2268 761 2461 814 ἄλλοτε
2509 760 2556 812 δ’
2605 761 2798 828 ἐκείνῳ
2843 760 3059 828 εὐφυῶς
3105 762 3429 829 προσέκειτο
3458 766 3485 815 ό

1908 852 2203 914 ἐπίσκοπος
2227 867 2241 881 °
2267 852 2422 914 τέλος
2448 851 2503 903 δὲ
2536 852 2628 903 καὶ
2657 852 2839 912 αὐτὸς,
2869 851 3140 903 συναῖδιον
3174 855 3264 905 καὶ
3291 853 3484 919 όμοού--

1912 959 2027 994 σιον
2073 943 2150 1012 τῷ
2185 944 2358 1012 Πατρὶ
2409 946 2501 994 τὸν
2553 943 2698 1003 Υίδν,
2733 941 2922 1010 ὥσπερ
2974 945 3066 994 καὶ
3111 943 3316 996 ἄνωθεν
3370 941 3482 1013 εἶχε

1911 1035 2088 1100 δόξης,
2113 1034 2323 1102 τρανῶς
2350 1033 2708 1102 ἁνεκήρυττε,
2743 1035 2837 1085 καὶ
2870 1035 3088 1103 Ἀρειον
3122 1034 3191 1087 τὰ
3231 1037 3321 1088 ἴσα
3353 1053 3482 1103 φροσ

1913 1129 2024 1177 νεῖν
2057 1125 2326 1179 ἐκέλευεν.
2372 1126 2464 1187 Ὠς
2499 1126 2542 1177 δ’
2587 1125 2689 1177 οὒκ
2738 1124 2944 1189 ἔπειθε,
2975 1126 3080 1178 τῶν
3132 1127 3293 1196 ἱερῶν
3330 1143 3487 1198 περι-

1916 1217 2086 1276 6όλ,ων
2122 1218 2271 1280 τέλος
2307 1217 2588 1282 ἐξήλαυνε.

242 1324 506 1375 senserat,
557 1313 776 1367 disertis
819 1314 998 1368 verbis
1049 1313 1444 1381 pronuntiavit,
1500 1313 1807 1383 Ariumque
1841 1312 1984 1367 idem
2036 1313 2238 1366 sentire
2280 1313 2468 1384 jussit.
2542 1312 2699 1379 Quod
2747 1311 2843 1368 ubi
2921 1311 3033 1378 ille,
3064 1320 3125 1366 ut
3170 1312 3395 1379 faceret,
3430 1311 3486 1366 in

244 1407 484 1460 animum
516 1405 771 1460 inducere
803 1419 912 1459 non
939 1405 1138 1473 potuit,
1175 1406 1348 1460 sacris
1378 1388 1588 1460 aedibus
1618 1415 1701 1459 est
1739 1405 1807 1460 ab
1844 1421 1910 1460 eo
1941 1407 2174 1475 ejectus.

768 1521 930 1591 540
957 1521 1182 1577 CAPUT
1232 1522 1318 1578 Vl.

249 1615 426 1680 Quiea
456 1622 756 1686 tempestate
776 1629 1094 1686 magnarum
1113 1615 1320 1686 urbium
1345 1616 1819 1686 fuerintepiacopi:

318 1695 366 1738 et
408 1687 470 1737 de
515 1684 768 1753 episcopis
814 1683 902 1752 qui
951 1685 1016 1736 ab
1050 1685 1200 1737 initio
1249 1683 1500 1754 Byzantii
1549 1683 1820 1739 ecclesiam

321 1762 589 1808 rexerant.

322 1869 400 1922 Eo
428 1875 672 1936 tempore
704 1867 964 1920 Romana:
993 1866 1243 1922 Ecclesiae
1266 1865 1546 1938 Sylvester
1575 1867 1814 1937 praefuit,

252 1959 511 2015 Miltiadis
541 1974 849 2022 successor,
888 1959 980 2028 qui
1030 1968 1153 2028 post
1188 1959 1559 2014 Marcellinum
1601 1960 1818 2030 egregie

254 2053 308 2106 in
359 2051 742 2120 persecutione
785 2051 898 2119 ipsa
957 2051 1257 2106 certamine
1293 2051 1634 2116 defunctum,
1675 2053 1817 2106 sacri

253 2145 500 2198 muneris
555 2143 797 2212 suscepit
855 2142 1412 2198 administrationem.
1475 2144 1819 2198 Alexandriae

254 2243 438 2288 autem
499 2242 623 2302 post
690 2233 968 2287 Theonam
1032 2242 1088 2287 et
1139 2234 1384 2299 Petrum,
1445 2235 1706 2297 Achillas,
1756 2249 1821 2288 ac

256 2325 454 2380 deinde
478 2340 639 2394 quem
671 2324 782 2378 dixi
814 2325 1144 2392 Alexander,
1179 2327 1609 2382 ecclesiasticam
1645 2326 1823 2380 tenuit

259 2417 666 2486 praefecturam;
692 2416 1019 2480 Antiochia,
1067 2418 1324 2489 Tyranno
1353 2419 1408 2472 in
1445 2417 1823 2473 ecclesiastico

258 2498 564 2563 ministerio
595 2509 786 2564 Vitalis
819 2508 1103 2573 suffectus,
1135 2524 1267 2577 pace
1304 2510 1542 2577 primum
1576 2507 1826 2563 ecclesiis

260 2601 495 2655 reddita.
544 2601 595 2655 ls
647 2616 676 2654 a
722 2601 967 2672 tyrannis
1016 2601 1302 2656 ecclesiam
1352 2600 1592 2654 dirutam
1646 2601 1827 2655 denuo

258 2693 538 2756 excitavit,
567 2693 725 2763 cujus
775 2700 1115 2747 structuram
1161 2693 1425 2762 reliquam
1467 2691 1829 2760 Pbilogonius

259 2786 511 2856 perfecit,
533 2786 625 2854 qui
659 2801 724 2838 ex
759 2786 1038 2839 causidico
1065 2785 1357 2853 episcopus
1383 2784 1558 2838 factus
1598 2784 1673 2837 illi
1708 2799 1831 2837 suc-

260 2880 447 2938 cessit,
499 2877 806 2944 Liciniique
868 2875 1227 2944 temporibus,
1262 2874 1340 2928 uti
1397 2873 1576 2926 virum
1630 2873 1827 2927 fortem

262 2971 441 3032 decet,
475 2968 727 3022 ardorem
774 2967 1293 3034 aemulationemque
1345 2980 1500 3019 suam
1551 2981 1652 3034 pro
1703 2979 1830 3017 vera

2507 1525 2762 1578 ΚΕΦΑΛ.
2807 1522 2899 1592 q'.

1926 1618 2091 1682 Τίνες
2129 1615 2456 1683 τηνικαῦτα
2477 1615 2596 1668 τῶν
2614 1615 2896 1682 μεγάλων
2925 1615 3163 1668 πόλεων
3185 1611 3346 1683 ἦσαν
3369 1613 3492 1666 6.1!-

1992 1702 2208 1740 σκοποι
2237 1702 2249 1714 ⁸
2291 1685 2389 1737 καί
2419 1686 2549 1753 περὶ
2582 1683 2698 1736 τῶν
2721 1683 2984 1752 ἀρχῆθεν
3015 1684 3364 1737 ἐπισκόπων
3387 1684 3491 1736 τοῦ

1855 1731 1896 1784 Β
1993 1755 2342 1816 Βυζαντίου.

1992 1870 2146 1924 Κατὰ
2188 1869 2376 1922 τοῦτον
2421 1867 2479 1922 δὲ
2524 1867 2616 1920 τὸν
2665 1866 2857 1938 χρόνον
2899 1867 2999 1936 τῆς
3055 1865 3154 1932 μὲν
3202 1864 3492 1932 Ῥωμαίων

1932 1961 2260 2029 Ἐκκλησίας
2311 1959 2637 2028 Σίλὸεστρος
2676 1959 2777 2020 τὰς
2818 1957 2977 2024 ἡνίας
3021 1951 3155 2026 εἶχε,
3187 1955 3490 2025 Μιλτιάδην

1920 2054 2324 2122 διαδεξαμενος,
2355 2050 2409 2113 ὃς
2447 2052 2588 2120 μετὰ
2636 2046 3014 2117 Μαρκελλῖνον
3041 2047 3132 2099 τὸν
3160 2047 3220 2098 ἐν
3253 2046 3331 2114 τῷ
3363 2045 3492 2097 διω-

1921 2145 2047 2215 γμῷ
2075 2143 2255 2207 καλῶς
2283 2140 2774 2210 διαγωνισάμενον,
2803 2141 2869 2208 τῇ
2903 2135 3177 2207 ίερωσύνῃ
3198 2135 3458 2201 διέπρεπε
3479 2149 3493 2162 ο

1922 2239 2020 2308 τὴν
2051 2237 2095 2289 δ’
2139 2234 2493 2303 Ἀλεξάνδρου
2531 2230 2670 2301 μετὰ
2703 2229 2926 2283 Θεωνᾶν
2958 2227 3053 2281 καὶ
3083 2227 3288 2296 Πέτρον
3324 2223 3502 2294 ’Δχιλ-

1921 2330 2059 2392 λᾶς·
2105 2320 2226 2378 εἶτα
2280 2327 2308 2377 6
2357 2321 2698 2393 προρῤηθεὶς
2764 2317 3118 2381 Ἀλέξανδρος
3187 2315 3286 2385 τὴν
3344 2315 3496 2366 θείαν

1925 2417 2223 2489 ἡγεμονίαν
2252 2415 2427 2467 διεῖπε
2450 2428 2465 2442 θ
2497 2413 2598 2482 τῆς
2627 2411 2674 2462 δ’
2711 2407 2991 2477 Ἀντιόχου
3041 2405 3178 2475 μετὰ.
3212 2403 3492 2472 Τύραννον

1925 2510 2173 2571 Βιτάλιος
2195 2505 2290 2577 τὴν
2327 2502 2601 2559 διακονίαν
2633 2500 3033 2570 ἐγκεχείριστο,
3067 2498 3167 2566 τῆς
3198 2496 3496 2564 ἐκκλησια-

1930 2603 2121 2669 στικῆς
2174 2598 2480 2672 ἀρξάμενος
2532 2595 2754 2664 είρήνης
2782 2608 2798 2624 ο
2836 2591 2931 2645 καὶ
2980 2590 3078 2660 τὴν
3112 2586 3216 2640 ὑπὸ
3255 2587 3363 2640 τῶν
3404 2603 3500 2639 τυ-

1933 2697 2147 2768 ράννων
2176 2692 2573 2747 καταλυθεῖσαν
2599 2685 2894 2753 ἐκκλησίαν
2917 2683 3226 2768 ἀνήγειρεν·
3256 2679 3318 2768 δν
3342 2677 3498 2768 φιλο·

1932 2762 2110 2853 γόνιος
2135 2784 2163 2835 ὀ
2191 2781 2299 2835 ἀπὸ
2333 2777 2615 2844 δικολόγου
2647 2775 2950 2832 ἐπίσκοπος
2977 2767 3216 2836 γεγονὼς
3250 2762 3503 2826 διαδεξά-

1938 2893 2118 2947 μενος,
2152 2874 2220 2928 τὰ
2263 2872 2516 2924 λείποντα
2546 2868 2612 2937 τῇ
2661 2863 2918 2930 οἰκοδομῇ
2953 2857 3214 2920 ἐπετίθει,
3242 2857 3344 2910 κάν
3387 2856 3502 2916 τοῖς

1935 2969 2179 3023 Λικινίου
2226 2963 2458 3032 καιροῖς,
2493 2960 2584 3011 τὸν
2615 2957 2756 3026 ὑπὲρ
2789 2953 3075 3014 εὐσεϐείας
3112 2949 3272 3019 ζῆλον
3319 2947 3502 3016 ἀνδρι-

262 3063 465 3132 pietate
513 3061 773 3113 ostendit.
811 3058 980 3112 Porro
1017 3057 1408 3126 Hierosolymis
1449 3067 1570 3126 post
1600 3055 1825 3109 Hermo-

1942 3063 2038 3123 ιῶς
2069 3056 2354 3111 ὃιεδείκνυ.
2390 3051 2510 3103 Τῶν
2541 3049 2598 3102 δέ
2636 3044 3034 3118 Ἰεροσολύμων
3069 3043 3208 3110 μετὰ
3238 3041 3504 3132 Ἕρμωνα
3575 3045 3580 3050 ’

180 3145 214 3168 ⁸
263 3168 390 3207 nem
438 3150 673 3206 Macario
703 3165 918 3204 sacrum
962 3164 1164 3207 munus
1206 3149 1499 3214 creditum,
1533 3148 1696 3217 digno
1739 3147 1828 3202 tali

267 3242 488 3296 nomine
522 3243 663 3305 viro,
703 3249 760 3294 ut
794 3240 886 3310 qui
921 3241 1176 3294 omnibus
1208 3240 1369 3294 bonis
1397 3250 1452 3294 et
1495 3237 1833 3294 ornamentis

267 3335 538 3390 ﬂoruerit.
604 3331 1078 3400 Constantinopoli
1133 3345 1287 3395 vero,
1347 3341 1473 3399 post
1531 3329 1836 3397 Metropha-

270 3443 416 3491 nem,
445 3425 604 3481 Probi
653 3424 997 3493 imperatoris
1041 3421 1228 3477 fratris
1282 3421 1478 3485 lilium,
1521 3420 1833 3475 Alexandro

270 3533 550 3574 sacrorum
598 3531 730 3570 cura
778 3525 926 3569 sorte
983 3523 1239 3568 cesserat.
1290 3513 1491 3568 Verum
1549 3512 1834 3564 enimvero

271 3612 375 3668 hoc
402 3611 522 3665 loco
548 3608 854 3663 faciendum
887 3608 1018 3660 mihi
1059 3607 1284 3660 omnino
1317 3605 1556 3668 videtur,
1590 3610 1647 3655 ut
1673 3601 1838 3655 altius

273 3704 340 3756 ab
389 3703 520 3771 ipsis
579 3701 844 3771 apostolis
897 3701 1161 3766 repetitos
1209 3696 1497 3767 Byzantios
1549 3694 1838 3762 episcopos

276 3809 609 3858 recenseam,
644 3804 697 3848 ct
751 3791 914 3845 veluti
949 3805 1159 3845 sacram
1195 3787 1486 3858 quamdam
1523 3783 1840 3853 inscriptio-

277 3904 400 3942 nem
436 3886 678 3941 historia:
718 3884 845 3937 huic
870 3882 1143 3952 adjiciam.

347 3978 613 4041 Andreas,
642 3972 858 4028 Domini
911 3971 1213 4040 apostolus,
1242 3968 1560 4029 Thraciam,
1588 3965 1836 4021 Macedo-

279 4071 424 4124 niam
478 4079 533 4123 et
586 4067 886 4126 Euxinum,
926 4062 1241 4131 provincias
1292 4061 1548 4120 sortitus,
1599 4056 1840 4130 Byzantii

277 4159 554 4216 Christum
589 4156 922 4226 praedicavit.
966 4155 1033 4208 Et
1077 4168 1201 4207 cum
1245 4169 1274 4206 a
1329 4151 1632 4219 Zeuxippo,
1659 4158 1842 4218 tyran-

279 4253 462 4305 nidem
496 4261 608 4304 tum
639 4247 839 4302 ibidem
874 4255 1114 4304 tenente.
1145 4244 1210 4299 ad
1253 4243 1452 4298 etedcm
1481 4249 1842 4311 quaareretur,

279 4340 657 4412 Argyropolim
699 4338 937 4400 transiit,
967 4347 1128 4404 atque
1163 4335 1236 4389 ibi
1273 4331 1556 4387 biennium
1610 4344 1848 4383 conven-

281 4445 370 4488 tus
407 4447 592 4502 agens,
635 4429 934 4500 permultos
989 4427 1056 4482 ad
1105 4425 1310 4481 Christi
1348 4423 1507 4476 [idem
1563 4421 1848 4492 pertraxit.

278 4525 549 4579 Caeterum
600 4537 755 4576 sacra
797 4535 864 4574 eo
913 4520 1034 4573 loco
1087 4516 1313 4572 fundata
1362 4515 1504 4577 :ede,
1540 4521 1594 4567 et
1647 4511 1847 4580 Stachy

283 4615 526 4684 apostolo
578 4615 838 4684 episcopo
892 4611 1180 4674 ordinato,
1245 4608 1488 4674 Sinopen
1550 4601 1848 4657 concessit.

283 4707 510 4777 Stat-hys
556 4720 714 4759 sacro
753 4718 821 4758 eo
851 4717 1078 4756 munere
1127 4699 1286 4752 annis
1321 4695 1562 4751 sedecim
1609 4690 1850 4746 admini-

284 4807 476 4861 strate,
512 4795 716 4850 ibidem
745 4794 1012 4861 sepultus,
1051 4789 1370 4844 Onesimum
1400 4784 1591 4839 habuit
1626 4796 1850 4836 succes-

287 4905 495 4945 sorcm.
531 4886 822 4940 Onesimus
865 4880 1282 4952 quatuordecim
1333 4892 1510 4932 annos
1564 4873 1852 4928 ecclesiam

286 4997 405 5037 eam
460 4977 816 5050 gubernavit,
872 4976 1033 5043 eique
1099 4972 1427 5042 Polycarpus
1488 4967 1852 5035 subrogatus,

288 5075 380 5146 qui
413 5075 602 5128 decem
651 5079 707 5122 et
757 5079 883 5121 octo
924 5068 1084 5120 annis
1115 5079 1343 5118 munere
1379 5076 1478 5115 suo
1527 5075 1651 5114 cum
1693 5056 1856 5110 laude

289 5168 533 5228 functus,
587 5159 880 5217 Plutarcho
937 5158 991 5212 id
1053 5157 1298 5226 reliquit.
1354 5153 1454 5208 Hic
1503 5167 1612 5205 non
1677 5150 1858 5203 minus

294 5273 458 5328 quam
507 5253 748 5310 sedecim
802 5250 958 5304 annis
1007 5233 1254 5303 Ecclesiae
1309 5245 1558 5316 prmlttit,
1625 5253 1859 5309 eamque

295 5353 537 5406 moriens
565 5344 855 5404 Sedecioni
901 5340 1172 5397 concessit
1202 5357 1215 5393 :
1249 5354 1360 5409 quo
1391 5347 1513 5407 post
1562 5348 1737 5389 annos
1763 5347 1860 5386 no-

301 5458 422 5497 vem
483 5441 776 5504 defuncto,
840 5435 1105 5504 Diogenes
1162 5431 1474 5501 quindecim
1532 5427 1691 5482 annis
1739 5441 1860 5480 eam

1935 3153 2223 3220 Μακάριος
2265 3148 2364 3218 τὴν
2390 3141 2733 3211 λειτουργίαν
2773 3134 3180 3198 ἐνεπιστεύετο,
3213 3129 3504 3220 ἄξιοςῗτῆς

1935 3219 2272 3306 ἐπικλήσεως
2317 3236 2346 3287 ό
2401 3230 2563 3300 ἀνὴρ,
2605 3229 2697 3280 καὶ
2739 3226 2909 3279 πᾶσιν
2957 3221 3326 3292 ἅδρυνόμενος
3369 3219 3505 3306 ἀγα-

1936 3331 2067 3391 θοῖς.
2107 3304 2218 3395 Τῆς
2260 3325 2315 3376 δὲ
2364 3316 2777 3373 Κωνσταντίνου
2817 3312 2955 3381 μετὰ
2989 3309 3367 3379 Μητροφόινην
3415 3304 3507 3395 τον

1937 3392 2308 3485 ἀδελφάτέκιδα
2341 3409 2548 3478 [Ιρόὸου
2588 3403 2685 3458 τοῦ
2723 3402 2984 3473 βασιλέως
3028 3397 3377 3464 Ἀλέξανδρος
3409 3392 3510 3462 τὴν

1939 3508 2088 3577 ίερὰν
2141 3502 2439 3573 ἐκληροῦτο
2497 3499 2692 3568 ἀρχήν.
2765 3491 3030 3546 Ἐνταῦθα
3083 3490 3142 3542 δὲ
3204 3486 3509 3577 γενομένῳ,

1940 3576 2218 3671 προῦργου
2243 3595 2389 3647 δοκεῖ
2432 3608 2521 3661 μοι
2554 3587 2761 3643 ἀνωθεν
2789 3587 2852 3637 ἐκ
2876 3584 2987 3635 τῶν
3013 3578 3352 3643 ἀποστόλων,
3381 3576 3513 3671 τοὺς

1939 3664 2032 3745 τοῦ
2080 3686 2376 3751 Βυζαντίου
2426 3679 2758 3740 ἐπισκόπους
2802 3673 3102 3739 διαλαϐεῖν,
3133 3671 3226 3724 καὶ
3270 3668 3344 3730 ὡς
3387 3664 3517 3733 πρό-

1942 3781 2176 3855 γραμμά
2212 3795 2264 3831 τι
2301 3776 2446 3831 θεῖον
2481 3775 2546 3843 τῇ
2587 3769 2800 3840 ἱστορίᾳ
2833 3765 3091 3820 ἐνθεῖναι.

2020 3947 2280 4030 Ἄνδρέας
2310 3957 2418 4025 γὰρ
2463 3956 2491 4007 6
2531 3949 2626 4005 τοῦ
2670 3948 2877 4018 Κυρίου
2911 3942 3230 4006 ἀπόστολος,
3275 3942 3358 4030 τάῗ
3383 3940 3518 4030 περὶ

1945 4029 2167 4124 Θρᾴκην
2225 4050 2319 4102 καὶ
2357 4039 2699 4099 Μακεδονίαν
2738 4037 2833 4090 καὶ
2884 4035 2980 4085 τὸν
3026 4031 3281 4124 Εὔξεινον
3313 4029 3518 4124 κλῆρον

1945 4115 2146 4214 λαγὼν,
2181 4139 2302 4190 ἐπεὶ
2335 4138 2393 4189 ἐν
2435 4128 2720 4197 Βυζαντίῳ
2769 4124 3067 4215 γενόμενος
3116 4119 3388 4215 ἐκήρυττε
3424 4115 3516 4166 τὸν

1948 4211 2341 4305 Χριστὸν,εὑπδ
2375 4223 2684 4287 Ζευξίππου
2711 4215 2806 4269 τοῦ
2837 4211 3097 4284 τηνικάδε
3126 4211 3519 4278 τυραννοῦντος

1952 4293 2304 4394 ζητούμενος,
2332 4317 2388 4368 ἐν
2433 4307 2829 4382 Ἀργυροπόλει
2880 4303 3166 4375 μετέϐαινε
3189 4296 3349 4394 οἱκαὶ
3381 4293 3524 4394 ’χρό-

1953 4386 2043 4469 νόν
2068 4386 2220 4478 διετῆ
2253 4407 2430 4460 ἐκεῖσε
2462 4402 2734 4468 συνάγων,
2767 4395 2999 4456 πολλοὺς
3023 4390 3304 4445 ἐπεσπᾶτο
3333 4386 3520 4438 πίστει

1957 4508 2024 4577 τῇ
2053 4505 2130 4566 είς
2164 4475 2420 4570 Χριστόν.
2455 4493 2850 4560 Θυσιαστήριον
2877 4485 3058 4577 τοίνυν
3087 4481 3162 4551 τῷ
3191 4480 3344 4546 τόπῳ
3367 4475 3529 4577 ἐδρά-

1959 4567 2076 4657 σας,
2118 4567 2332 4644 καὶτὸν
2362 4582 2660 4638 ἀπόστολον
2692 4578 2904 4647 Στάχυν
2933 4575 3112 4628 ἐκεῖσε
3136 4567 3525 4642 χειροτονήσας

1957 4687 2275 4745 ἐπίσκοπον,
2310 4679 2388 4741 είς
2415 4675 2669 4743 Σινώπην
2702 4670 2952 4738 ἀπαίρει.
2989 4667 3084 4728 Ὃς
3109 4666 3176 4732 τῇ
3212 4657 3529 4728 λειτουργίᾳ

1960 4779 2055 4847 ἔτη
2087 4782 2158 4840 ις’
2196 4769 2563 4840 παραμείνας,
2599 4764 2696 4818 καὶ
2743 4759 2934 4830 ταφεὶς
2981 4759 3184 4820 ἐκεῖσε,
3233 4753 3530 4847 ίυνήσιμον

2856 4850 2995 4922 πρὸς
3039 4851 3154 4910 τοῖς
3197 4845 3334 4900 δέκα
3384 4843 3531 4896 ἐτεσι

1961 4929 2319 5028 διαγεγονότα
2376 4947 2744 5016 Πολίικαρπος
2799 4937 3095 5002 διεδέξατο.
3150 4929 3444 5028 Δεκαοκτιῖ)
3487 4929 3534 4980 δ’

1963 5024 2073 5123 ἐτη⁷
2105 5024 2170 5120 τῇ
2221 5045 2468 5112 διακονίᾳ
2505 5039 2598 5093 καὶ
2642 5031 2798 5096 οὗτος
2844 5030 3153 5123 ἐμπρέψῌας,
3204 5024 3534 5123 Πλουτάρχῳ

1965 5115 2170 5210 ταύτης
2197 5137 2496 5202 ἐξίσταται.
2527 5132 2634 5182 Καὶ
2663 5127 2820 5188 οὗτος
2842 5124 2898 5177 δέ
2925 5123 3024 5194 οὐχ
3047 5116 3214 5194 ἦττον
3242 5119 3274 5190 ἢ
3313 5121 3404 5210 ιςδ-
3423 5115 3539 5167 δια-

1965 5201 2227 5305 γεγονιῦς,
2251 5224 2539 5280 Σεδεκίωνι
2583 5220 2676 5272 τοῦ
2722 5217 2915 5288 θρόνου
2956 5212 3317 5282 παραχωρεῖ·
3347 5201 3408 5261 οὗ
3440 5221 3538 5274 με·

1966 5300 2054 5382 et
2083 5326 2127 5378 ϐ’
2175 5324 2295 5384 ἔτος
2342 5316 2598 5386 Διογένης
2642 5309 3034 5364 πεντεκαίδεκα
3078 5306 3174 5373 ἐτη
3239 5300 3539 5370 ίερατεύει.

1971 5419 2107 5476 Μεθ’
2134 5417 2194 5472 ὃν
2234 5411 2599 5478 Ἐλευθέριος’
2633 5405 2690 5465 6:
2744 5401 2787 5467 ζ’
2818 5403 2910 5471 ἐτη
2964 5397 3306 5470 ἱερατεύσας,
3335 5389 3539 5459 Φήλικα

302 5531 466 5586 rexit.
510 5529 590 5584 llli
631 5528 984 5584 Eleutherius
1031 5522 1314 5587 sutl'ectus,
1345 5521 1437 5590 qui
1463 5529 1671 5589 septem
1705 5517 1832 5571 anni

1972 5512 2212 5580 διάδοχον
2239 5506 2384 5575 ἔσχε.
2423 5503 2589 5555 Πέντε
2630 5498 2687 5551 δὲ
2724 5498 2818 5549 καὶ
2866 5489 3021 5554 οὗτος
3050 5487 3535 5590 διακονιηῇσόιρενος,

305 5623 603 5695 episcopali
635 5637 858 5676 munere.
891 5619 1058 5673 obito.
1089 5615 1323 5670 Felicem
1351 5612 1544 5666 habuit
1583 5625 1864 5665 successo-

312 5728 450 5769 rem.
507 5712 655 5767 l‘clix
719 5711 960 5780 quinque
1029 5706 1187 5762 annis
1257 5704 1438 5759 sedem
1503 5701 1864 5771 episcopalem

550 5982 592 6004 ρ

1974 5569 2334 5670 Πολυκὰρπιιῐ
2349 5593 2674 5666 μεταδίδωσι
2702 5589 2802 5654 τῆς
2836 5580 3195 5674 λειτουργίας..
3222 5575 3287 5674 Ol
3315 5573 3382 5642 δὴ
3404 5569 3538 5674 παν-

1974 5715 2059 5752 ta;
2089 5696 2175 5748 6t):
2200 5666 2306 5754 ’τάξ
2355 5685 2459 5741 τῶν
2508 5683 2746 5738 ἀπίστων
2783 5676 3021 5745 ἐφόδους,
3059 5670 3134 5741 τῷ
3167 5666 3538 5734 διειλημμένη)
