3972 6200
256 302 321 365 31
1435 298 1851 361 NICEPHORI
1895 298 2245 359 CALLISTI
3431 292 3502 357 32

260 413 481 481 scripsit
534 429 547 464 :

260 505 591 563 Alexandro.
620 501 925 557 Alexander
970 504 1025 556 in
1073 502 1302 556 Domino
1338 502 1591 555 salutem.
1627 500 1828 552 Pravo-

262 619 382 657 rum
418 601 721 663 hominum,
761 601 851 669 qui
882 599 1197 653 dominandi
1241 598 1467 653 libidine
1494 608 1549 652 et
1586 598 1829 666 pecunize

265 693 563 761 cupiditate
604 691 900 755 ducuntur,
931 691 1261 747 institutum.
1301 704 1514 757 semper
1560 704 1679 757 quae
1719 703 1825 740 am,

268 785 472 851 pliores
497 783 578 836 eis
612 796 731 835 esse
767 782 1044 845 videntur,
1088 781 1381 834 insidiatur
1412 781 1662 834 ecclesiis
1690 798 1703 833 :
1734 779 1829 848 qni

267 872 422 925 vario
457 887 585 923 sane
621 879 881 937 praetextu
918 870 1176 937 pietatem
1220 869 1649 923 ecclesiasticam
1682 868 1836 921 inva-

270 964 398 1017 dere
427 962 915 1030 solent.Siquidem
946 972 1200 1031 tanquam
1226 961 1461 1015 stimulis
1482 959 1829 1028 quibusdam.
1864 976 1867 977 '

272 1055 341 1106 ab
386 1068 451 1105 eo
494 1044 586 1119 qui
636 1051 688 1103 in
742 1051 851 1103 illis
888 1050 1075 1103 etlieax
1117 1061 1221 1114 est,
1254 1050 1491 1109 diabolo,
1518 1047 1584 1101 ad
1631 1062 1835 1117 propo-

273 1145 433 1197 sitam
487 1143 587 1197 sibi
652 1142 988 1210 voluptatem
1058 1142 1303 1204 incitati,
1369 1140 1630 1210 religione
1686 1139 1832 1193 omni

274 1235 537 1303 projerta,
569 1232 759 1302 judicii
794 1233 885 1285 Dei
941 1231 1191 1283 timorem
1240 1231 1576 1298 proculcant.
1607 1230 1678 1283 De
1720 1229 1839 1297 qui-

275 1323 377 1376 bus
422 1324 719 1377 necessitas
764 1322 894 1375 mihi
951 1322 1201 1389 imposita
1251 1330 1365 1386 est,
1426 1323 1592 1375 multa
1644 1322 1712 1376 ab
1756 1325 1840 1376 eis

276 1429 460 1484 passo,
498 1424 557 1468 ut
606 1408 672 1467 ad
721 1413 978 1482 pietatem
1014 1422 1251 1467 vestram
1301 1413 1558 1473 scribam.
1592 1422 1650 1468 ut
1692 1413 1840 1482 ejus-

277 1505 424 1559 modi
470 1505 717 1559 homines
754 1506 1011 1569 caveatis,
1055 1515 1110 1559 et
1162 1520 1230 1558 ne
1263 1505 1386 1574 quis
1433 1517 1624 1559 eorum
1676 1519 1734 1559 se
1783 1504 1839 1558 in

277 1597 544 1665 parmcias
568 1605 623 1650 et
652 1596 918 1651 ecclesias
953 1605 1162 1651 vestras
1204 1596 1587 1650 subinsinuare
1618 1595 1839 1660 audeat,

611 429 628 463 ι
698 409 1174 465 Reverendissimo
1231 418 1284 463 et
1345 410 1589 463 unanimi
1664 404 1819 461 fratri

1958 408 2331 478 Λπέξινδροςο
2388 423 2407 457 ι
2465 404 2556 475 Τῷ
2616 403 2927 473 τιμιωτάτῳ
2975 400 3191 471 ἀδελφῷ
3239 401 3334 455 καὶ
3371 405 3500 471 ὁμο·

1929 501 2088 570 ψύχῳ
2134 499 2468 569 Ἀλεξάνδρῳ
2521 496 2867 567 Ἀλέξανδρος
2916 497 2974 547 ἐν
3030 494 3221 564 Κυρίῳ
3268 493 3500 564 χαίρειν.

1942 593 2006 644 'H
2042 592 2303 661 φίλαρχος
2347 592 2456 642 τῶν
2503 588 2793 659 μοχθηρῶν
2842 586 3147 655 ἀνθρώπων
3193 603 3253 638 τε
3284 590 3378 639 καὶ
3418 603 3504 653 φι-

1931 684 2202 751 λάργυρος
2276 682 2555 751 πρόθεσις,
2606 681 2726 742 ταῖς
2780 678 3068 741 δοκούσαις
3130 679 3219 731 ἀεὶ
3291 677 3503 746 μείζοσι

1936 776 2253 844 παροικίαις
2324 774 2569 841 πέφυκεν
2626 771 3021 836 ἐπιϐουλεύειν,
3088 768 3178 823 διὰ
3253 770 3507 839 ποικίλης

1934 866 2260 935 προφάσεως
2303 864 2413 916 τῶν
2453 862 2714 933 τοιούτων
2747 860 3147 930 ἐπιτιθεμένων
3193 861 3256 931 τῇ
3302 859 3506 926 ἐκκλη-

1939 960 2192 1026 σιαστικῇ
2226 954 2498 1025 εὐσεϐείᾳ.
2536 951 3074 1023 Οίστρηλατούμενοι
3120 952 3230 1020 γὰρ
3274 951 3381 1005 ύπδ
3406 949 3502 1003 τοῦ

1937 1051 1993 1102 ἐν
2032 1049 2216 1109 αὐτοῖς
2246 1046 2593 1115 ἐνεργοῦντος
2635 1045 2886 1099 διαϐόλου
2943 1046 3024 1104 είς
3069 1044 3170 1114 τὴν
3207 1043 3506 1113 προκειμέ-

1937 1154 2036 1201 νην
2088 1136 2273 1197 αὐτοῖς
2323 1133 2541 1204 ἡδονὴν,
2602 1134 2786 1201 πάσης
2836 1132 3123 1192 εὐλαϐείας
3168 1131 3505 1200 άποσκιρτήο

1942 1241 2153 1288 σαντες,
2181 1224 2414 1277 πατοῦσι
2463 1225 2556 1276 τὸν
2598 1223 2699 1293 τῆς
2736 1223 2972 1291 κρίσεως
3020 1220 3114 1274 τοῦ
3152 1220 3285 1274 Θεοῦ
3318 1221 3504 1289 φόϐον.

1941 1319 2075 1387 Περὶ
2113 1310 2188 1368 ὧν
2227 1319 2523 1383 ἀναγκαῖον
2576 1310 2645 1385 ἦν
2701 1331 2790 1384 μοι
2833 1314 2911 1383 τῷ
2958 1312 3224 1384 πάσχοντι
3270 1314 3509 1385 δηλῶσαι

1939 1412 2005 1477 τῇ
2042 1410 2281 1479 ὑμετέρᾳ
2328 1409 2602 1479 εὐλαϐείᾳ,
2637 1408 2724 1461 ἵνα
2761 1406 3107 1476 φυλάττησθε
3158 1407 3285 1468 τοὺς
3332 1406 3512 1460 τοιού-

1941 1518 2087 1568 τους,
2122 1504 2195 1570 μή
2255 1518 2338 1564 τις
2385 1500 2567 1553 αὐτῶν
2613 1501 2860 1570 τολμήσῃ
2904 1499 2999 1552 καὶ
3043 1501 3164 1561 ταῖς
3211 1499 3509 1565 ὑμετέραις

1944 1593 2255 1663 παροικίαις
2324 1593 2600 1662 ἐπιϐῆναι.
2669 1589 2867 1644 Ἰκανοὶ
2936 1589 3047 1657 γὰρ
3122 1587 3512 1656 ὑποκρίνεσθαι

279 1688 633 1758 provideatis.
669 1688 923 1742 lnstructi
950 1689 1096 1743 enim
1136 1698 1266 1742 sunt
1296 1704 1397 1758 per
1433 1688 1837 1744 simulationem

1958 1687 2082 1755 πρὸς
2110 1685 2325 1753 ἀπάτην
2349 1686 2397 1737 οἱ
2424 1685 2619 1753 γόητες
2643 1683 2764 1754 ἦτοι
2793 1681 2861 1735 δι’
2889 1681 3124 1739 ἑαυτῶν,
3153 1678 3184 1748 ἦ
3214 1679 3303 1731 διὰ
3335 1696 3513 1748 γραμ-

277 1788 336 1833 et
381 1779 892 1842 dissimulationem,
934 1779 1001 1834 ad
1046 1778 1294 1833 fraudem
1341 1788 1396 1835 et
1441 1781 1841 1846 seductionem,

282 1871 607 1940 impostores
634 1870 745 1934 isti,
776 1879 835 1923 ut
860 1870 977 1924 sive
1012 1885 1108 1939 per
1133 1885 1190 1924 se
1228 1870 1395 1939 ipsos,
1423 1886 1519 1925 seu
1555 1887 1650 1940 per
1691 1871 1846 1926 litte-

280 1976 392 2025 ras,
450 1976 545 2029 per
598 1961 1019 2015 assentationem
1072 1969 1128 2016 et
1174 1962 1602 2016 venditationem
1654 1962 1845 2016 falsam

282 2060 400 2104 arte
435 2050 667 2119 quadam
699 2051 1044 2118 compositas,
1069 2060 1411 2106 transversos
1438 2046 1603 2121 agant
1631 2052 1847 2121 simpli-

282 2157 400 2196 cem
431 2151 596 2211 atque
630 2142 897 2195 sinceram
950 2142 1108 2196 ﬁdem
1160 2152 1536 2197 consectantes
1577 2142 1845 2206 homines.

281 2232 741 2301 Quandoquidem
798 2233 963 2286 Arius
1020 2241 1075 2287 et
1138 2233 1401 2298 Achillas,
1471 2231 1849 2303 conjuratione

285 2336 461 2389 nuper
504 2321 668 2382 facta,
717 2320 936 2374 Coluthi
986 2321 1059 2390 (l)
1101 2321 1421 2375 dominandi
1471 2321 1849 2388 cupiditatem,

285 2412 447 2480 longe
477 2412 643 2466 etiam
668 2414 912 2466 deterius
940 2428 1103 2480 quam
1132 2413 1251 2481 ipse
1281 2412 1394 2476 ille,
1427 2420 1557 2466 sunt
1584 2412 1848 2465 aemulati.

285 2502 381 2555 llle
424 2516 657 2571 namque
708 2503 1058 2557 accusatione
1099 2502 1363 2556 adversus
1418 2503 1517 2555 bos
1576 2503 1721 2570 ipsos
1769 2501 1853 2554 in-

285 2595 499 2653 stituta,
534 2591 755 2660 maligni
793 2592 1011 2647 consilii
1069 2595 1155 2646 sui
1195 2592 1431 2661 aliquem
1481 2592 1687 2659 reperit
1717 2608 1854 2658 prae-

289 2691 519 2737 textum.
559 2683 654 2735 isti
698 2698 847 2748 vero,
878 2685 1301 2739 aeruscationem
1329 2684 1476 2738 illius
1508 2686 1613 2739 sub
1648 2684 1852 2738 Christi

287 2775 509 2829 nomine
565 2785 876 2842 susceptam
942 2776 1229 2840 videntes,
1295 2776 1554 2830 Ecclesia:
1620 2775 1855 2844 amplius

1948 1778 2133 1849 μάτων
2174 1776 2386 1845 ψευδῶς
2440 1774 2927 1844 κεκομψευμένων,
2959 1772 3274 1833 δυναμένων
3332 1773 3512 1840 ἀφαρ-

1944 1870 2115 1922 πάσαι
2142 1868 2232 1920 τὸν
2263 1867 2406 1937 ἁπλῇ
2433 1867 2614 1920 πίστει
2656 1866 2752 1918 καὶ
2801 1865 3035 1936 ἀκεραίᾳ
3066 1862 3507 1932 προσεσχηκότα.

1949 1962 2165 2032 Ἄρειος
2217 1954 2310 2013 οὖν
2375 1958 2469 2012 καὶ
2545 1957 2812 2027 Ἀχιλλᾶς,
2879 1957 3222 2026 συνωμοσίαν
3281 1956 3510 2024 ἔναγχον

1950 2053 2333 2120 ποιησάμενοι,
2381 2050 2480 2120 τήν
2509 2049 2783 2103 Κολούθου
2825 2048 3117 2118 φιλαρχίαν
3162 2049 3297 2102 πολὺ
3326 2051 3510 2117 χεῖρον

1945 2141 1978 2212 ἢ
2024 2145 2227 2204 ἐκεῖνος
2286 2141 2584 2212 ἐζήλωσαν.
2629 2141 2690 2194 '0
2748 2140 2848 2209 μὲν
2906 2141 3017 2208 γὰρ
3065 2140 3250 2202 αὐτοῖς
3304 2141 3514 2203 τούτοις

1947 2234 2232 2303 ἐγκαλῶν,
2276 2234 2376 2301 τῆς
2426 2231 2622 2286 ἑαυτοῦ
2678 2231 2959 2301 μοχθηρᾶς
3018 2230 3329 2300 προθέσεως
3386 2223 3515 2300 εὗρε

1949 2327 2224 2397 πρόφασιν
2248 2344 2263 2358 °
2291 2328 2343 2379 oi
2371 2326 2426 2378 δὲ
2448 2325 2544 2395 τὴν
2567 2325 2775 2377 ἐκείνου
2811 2323 3145 2393 Θεωροῦντες
3169 2324 3519 2393 Χριστεμπο-

1953 2420 2109 2490 ρίαν,
2170 2419 2354 2472 ούκέτι
2405 2418 2506 2488 τῆς
2566 2417 2894 2486 Ἑκκλησίας
2960 2415 3264 2485 ὑποχείριοι
3336 2416 3516 2484 μένειν

1949 2505 2366 2575 ἐκαρτέρησανο
2401 2502 2516 2556 ἀλλ’
2560 2502 2775 2564 ἑαυτοῖς
2825 2500 3068 2570 σπήλαια
3120 2500 3330 2573 λῃστῶν
3375 2500 3518 2552 οἰκο-

1950 2598 2309 2666 δομήσαντες,
2334 2594 2718 2656 ἀδιαλείπτους
2750 2595 2810 2646 ἐν
2830 2593 3014 2655 αὐτοῖς
3039 2591 3324 2653 ποιοῦντες
3355 2590 3515 2644 συνό-

1952 2687 2096 2747 δους,
2124 2686 2338 2756 νύκτωρ
2369 2703 2429 2738 τε
2473 2685 2570 2739 καὶ
2605 2682 2925 2753 μεθημέραν
2956 2684 3012 2736 ἐν
3042 2684 3160 2744 ταῖς
3202 2682 3343 2734 κατά
3387 2680 3523 2748 Χρι-

1956 2777 2083 2831 στοῦ
2113 2778 2206 2830 καὶ
2235 2777 2392 2846 ἡμῶν
2422 2776 2699 2838 διαϐολαῖς
2744 2774 3095 2841 ἀσκούμενοι,
3125 2774 3175 2826 oi
3214 2774 3393 2841 πάσης
3421 2774 3521 2841 τῆς

290 2865 521 2936 subjecti
558 2880 675 2920 esse
710 2882 819 2920 non
851 2867 1236 2920 sustinuerunt
1259 2882 1274 2918 :
1300 2866 1395 2919 sed
1420 2865 1714 2921 exstructis
1750 2865 1853 2920 sibi

1958 2869 2213 2933 εὐσεϐοῦς
2256 2866 2624 2938 άποστολικῆς
2666 2866 2826 2938 δόξης
2881 2863 3335 2935 κατηγοροῦντες,
3390 2863 3522 2915 ’1ου-

293 2957 429 3027 ipsis
452 2958 728 3010 latronum
775 2957 1069 3026 speluncis,
1105 2956 1396 3010 continuos
1427 2955 1502 3012 ibi
1533 2964 1856 3025 peragentes

1958 2961 2126 3031 δαῖκῷ
2160 2961 2509 3030 προσχήματι
2555 2959 2941 3029 Χριστομάχον
2987 2957 3393 3026 συνεκρότησαν
3433 2956 3526 3024 ἐρ-

293 3056 616 3112 conventus,
645 3048 737 3101 diu
778 3055 1052 3116 noctuque
1076 3062 1135 3102 se
1166 3048 1221 3101 in
1251 3046 1542 3102 calumniis
1565 3048 1854 3103 adversum

1958 3053 2280 3122 γαστήριον,
2322 3050 2418 3121 τὴν
2449 3051 2677 3122 θεότητα
2717 3050 2812 3103 τοῦ
2856 3049 3109 3119 Σωτῆρος
3139 3048 3298 3117 ήμῶν
3327 3044 3524 3116 άρνού·

293 3137 574 3193 Christum
622 3147 678 3193 et
717 3153 818 3192 nos
865 3139 1205 3205 excogitatis.
1239 3139 1554 3194 meditando
1579 3150 1856 3206 exercent,

296 3236 461 3297 atque
500 3242 691 3281 omnes
732 3229 850 3297 pias
876 3237 932 3283 et
969 3230 1298 3298 apostolicae
1339 3213 1645 3285 sen’tentias
1673 3246 1861 3300 repre-

300 3320 623 3382 hendentes,
674 3319 831 3390 543
874 3320 1103 3376 Iudaico
1160 3336 1384 3389 prorsus
1436 3337 1611 3386 more,
1656 3321 1859 3378 Christi

301 3412 727 3480 persecutricem
802 3413 1094 3466 instituunt
1158 3412 1465 3479 ofﬁcinam,
1517 3414 1863 3470 divinitatem

303 3503 604 3557 Salvatoris
654 3504 825 3557 nostri
887 3515 1270 3573 pernegantes.
1319 3507 1688 3576 omnibusque
1736 3522 1860 3562 eum

303 3609 490 3664 parem
520 3582 666 3649 esse
722 3594 1004 3660 docentes,
1064 3606 1119 3650 et
1177 3612 1340 3651 voces
1392 3598 1689 3653 salutifera:
1741 3599 1865 3668 ejus

303 3686 625 3741 meonomiaz
673 3695 731 3740 et
784 3675 1279 3742 administrationis
1338 3699 1636 3758 nostraque
1700 3705 1863 3746 causa

306 3778 630 3848 abjectionis
676 3777 1020 3849 colligentes,
1075 3793 1371 3849 congerere
1420 3797 1489 3836 ex
1519 3782 1630 3837 illis
1673 3784 1867 3853 impie-

308 3871 436 3925 tatis
469 3886 580 3926 suze
608 3871 806 3941 dogma
836 3872 1203 3939 contendunt,
1237 3875 1516 3944 verbaque
1562 3875 1868 3932 divinitatis

307 3963 468 4017 initio
516 3964 755 4017 carentis
782 3972 837 4017 et
868 3962 1167 4020 inell‘abilis
1220 3965 1366 4035 apud
1418 3966 1634 4021 Patrem
1680 3967 1871 4036 gloriae

306 4056 429 4122 ejus
457 4065 801 4129 aversantur.
836 4056 1179 4125 Quapropter
1211 4057 1433 4126 impiam
1464 4057 1779 4113 Graecorum
1812 4068 1870 4113 et

307 4147 624 4202 Iudaeorum
673 4147 741 4201 de
792 4146 1013 4201 Christo
1061 4148 1378 4217 opinionem
1426 4151 1868 4217 corroborantes,

311 4239 528 4292 laudem
552 4239 620 4291 ab
649 4239 776 4302 illis,
812 4253 977 4308 quam
1022 4238 1257 4293 maxime
1286 4248 1533 4308 possunt,
1558 4249 1827 4295 venantur
1854 4256 1868 4293 :

310 4332 494 4386 omnia
535 4346 597 4385 ea
629 4332 830 4400 quibus
856 4332 963 4385 illis
988 4332 1229 4386 ludibrio
1260 4349 1469 4397 smnus,
1506 4334 1874 4390 suber-nantes

314 4433 480 4491 atque
522 4434 897 4491 procurantes,
927 4424 1333 4494 seditionesque
1376 4436 1432 4480 et
1459 4427 1874 4496 persecutiones

313 4515 561 4583 quotidie
622 4524 809 4570 contra
856 4532 954 4571 nos
1016 4518 1364 4573 excitantes:
1400 4528 1453 4574 et
1490 4535 1612 4574 cum
1667 4519 1874 4589 judicia

315 4620 580 4659 aversus
620 4622 754 4671 nos,
812 4607 1105 4678 impudicis
1158 4609 1531 4691 mulierculis,
1587 4626 1721 4680 quas
1771 4612 1875 4681 ipsi

319 4696 508 4751 dolose
550 4699 906 4763 seduxerunt,
951 4701 1448 4756 intervenientibus
1486 4704 1874 4769 institue-Mes,

319 4795 434 4841 tum
472 4786 946 4845 Christianismum
992 4792 1057 4845 ad
1096 4792 1549 4849 obtrectationem
1581 4794 1875 4849 traducen-

320 4890 505 4947 tes,ex
537 4895 604 4935 eo
634 4882 779 4951 quod
812 4884 1042 4951 turpiter
1072 4899 1167 4954 per
1191 4885 1393 4954 plateas
1421 4895 1479 4940 et
1505 4886 1656 4941 vicos
1685 4901 1880 4941 omnes

313 4970 618 5042 juvencula:
661 4988 851 5027 eorum
907 4975 1236 5031 discurrant.
1293 4976 1434 5042 Quin
1486 4977 1651 5032 etiam
1710 4978 1880 5034 indis-

317 5065 609 5120 solubilem
636 5066 839 5121 Christi
873 5068 1129 5134 tunicam,
1149 5085 1310 5139 quam
1339 5085 1405 5124 ne
1434 5070 1721 5126 carniﬁces
1757 5072 1883 5143 qui-

321 5159 448 5214 dem
498 5159 575 5214 illi
623 5158 870 5213 dividere
940 5161 1250 5224 voluerunt,
1298 5160 1551 5216 scindere
1609 5163 1713 5231 ipsi
1761 5166 1878 5218 ausi

320 5260 472 5306 sunt.
528 5250 712 5321 Itaque
764 5268 863 5306 nos
910 5267 975 5306 ea
1019 5269 1139 5321 quas
1200 5254 1446 5309 moribus
1506 5256 1881 5326 improbisque

318 5344 608 5399 conatibus
651 5345 867 5399 illorum
919 5353 1258 5412 congruunt,
1309 5346 1436 5400 licet
1481 5362 1604 5401 sero
1659 5358 1882 5417 propter

322 5438 406 5490 rel
439 5437 853 5507 ignorationem,
902 5437 1227 5491 adhibentes
1283 5439 1543 5506 remedia,
1574 5440 1882 5496 communi-

1966 3152 2138 3215 μενοι,
2167 3145 2265 3198 καὶ
2290 3147 2404 3207 τοῖς
2435 3145 2601 3198 πᾶσιν
2648 3143 2763 3196 ίσον
2791 3137 2930 3195 εἶναι
2971 3140 3376 3210 κηρύσσοντες
3418 3139 3528 3192 πᾶ-

1966 3239 2066 3293 σάν
2088 3254 2148 3291 τε
2180 3236 2345 3291 αὐτοῦ
2379 3237 2478 3305 τῆς
2508 3236 2776 3304 σωτηρίου
2809 3234 3125 3302 οίκονομίας
3156 3232 3248 3285 καὶ
3280 3229 3349 3285 δι’
3374 3231 3523 3299 ἡμᾶς

1962 3328 2346 3391 ταπεινώσεως
2398 3328 2580 3399 φωνὴν
2627 3327 2996 3397 ἐκλεξάμενοι,
3032 3327 3092 3391 ἐξ
3137 3326 3317 3380 αὐτῶν
3367 3341 3528 3380 συνα-

1964 3420 2173 3487 γείρειν
2201 3419 2497 3488 πειρῶνται
2521 3420 2622 3489 τῆς
2641 3419 2896 3480 ἀσεϐείας
2922 3419 3102 3473 αὐτῶν
3146 3420 3208 3472 τὸ
3241 3421 3524 3490 κήρυγμα,

1965 3512 2063 3580 τῆς
2110 3509 2350 3581 ἀρχῆθεν
2398 3507 2652 3578 θεότητος
2704 3508 2870 3562 αὐτοῦ
2918 3510 3013 3563 καὶ
3060 3510 3209 3579 παρὰ
3237 3509 3314 3579 τῷ
3353 3510 3529 3579 Πατρὶ

1966 3604 2125 3675 δόξης
2172 3604 2401 3659 ἀλέκτου
2448 3604 2574 3666 τοὺς
2614 3603 2811 3672 λόγους
2864 3604 3357 3673 ἀποστρεφόμενοι.
3416 3602 3529 3674 Τὴν

1967 3696 2101 3766 γοῦν
2157 3696 2424 3766 Ἐλλήνων
2477 3698 2572 3750 καὶ
2631 3696 2900 3750 Ἰουδαίων
2955 3697 3124 3765 ἀσεϐῆ
3179 3694 3339 3760 δόξαν
3397 3695 3526 3764 περὶ

1969 3790 2206 3862 Χριστοῦ
2254 3790 2635 3862 κρατύνοντες,
2662 3789 2754 3843 τὸν
2792 3790 2930 3859 παρ’
2971 3790 3159 3852 αὐτοῖς
3193 3788 3414 3842 ἔπαινον
3456 3787 3531 3851 ὡς

1971 3884 2049 3937 ενι
2080 3883 2315 3954 μάλιστα
2344 3882 2640 3953 θηρῶνται,
2682 3881 2862 3936 πάντα
2917 3879 3018 3949 μὲν
3053 3880 3156 3933 ὅσα
3203 3878 3325 3933 καθ’
3372 3876 3532 3947 ήμῶν

1972 3974 2102 4043 παρ’
2144 3973 2329 4034 αὐτοῖς
2360 3972 2588 4039 γελᾶται
2622 3970 3163 4041 πραγματευόμενοι,
3212 3968 3433 4029 στάσεις
3473 3967 3533 4019 δέ

1971 4068 2101 4136 ἡμῖν
2146 4064 2267 4118 καθ’
2314 4064 2527 4135 ἡμέραν
2565 4064 2659 4118 καὶ
2690 4062 2962 4131 διωγμοὺς
3007 4061 3409 4129 ἐπεγείροντες·
3436 4060 3532 4110 καὶ

1971 4158 2130 4210 τοῦτο
2181 4157 2300 4226 μὲν,
2334 4153 2658 4226 δικαστήρια
2688 4151 3120 4222 συγκροτοῦντες
3169 4149 3239 4204 δι’
3278 4148 3532 4218 ἐντυχίας

1972 4247 2343 4317 γυναικαρίων
2391 4247 2643 4301 ἀτάκτων
2686 4246 2723 4300 ἃ
2773 4244 3084 4316 ἠπάτησαν,
3129 4240 3287 4295 τοῦτο
3326 4240 3404 4305 δὲ,
3443 4238 3533 4291 τὸν

1973 4337 2399 4408 Χριστιανισμδν
2446 4337 2812 4408 διασύροντες,
2863 4336 2927 4389 ἐκ
2969 4333 3063 4389 τοῦ
3118 4329 3534 4402 περιτροχάξειν

1910 4409 1950 4463 D
1977 4434 2155 4485 πᾶσαν
2191 4430 2389 4499 ἀγυιὰν
2426 4430 2681 4500 ἀσέμνως
2723 4427 2824 4490 τάς
2869 4426 3003 4496 παρ’
3051 4424 3234 4486 αὐτοῖς
3276 4436 3539 4491 νεωτερο-

1976 4525 2179 4587 ποιίας.
2227 4522 2389 4577 Ἀλλά
2436 4521 2532 4575 καὶ
2588 4521 2679 4574 τὸν
2713 4521 2989 4591 ἄρρηκτον
3025 4516 3120 4571 τοῦ
3161 4515 3400 4587 Χριστοῦ
3447 4531 3537 4585 χι-

1975 4616 2144 4682 τῶνα,
2174 4616 2234 4670 ὃν
2262 4616 2312 4669 οἱ
2337 4616 2521 4687 δήμιοι
2569 4613 2766 4667 διελεῖν
2795 4613 2896 4666 οὐκ
2931 4611 3346 4672 ἐϐουλεύσαντο,
3381 4606 3540 4661 αὐτοὶ

1979 4707 2159 4777 σχίσαι
2188 4706 2518 4775 ἐτόλμησαν.
2555 4704 2750 4773 Ἡμεῖς
2801 4702 2900 4772 μὲν
2950 4701 3043 4756 οὖν
3090 4700 3127 4755 ἃ
3174 4699 3268 4755 καὶ
3321 4698 3401 4768 τῷ
3441 4698 3543 4768 βίῳ

1982 4798 2162 4853 αὐτῶν
2188 4799 2280 4851 καὶ
2307 4798 2374 4868 τῇ
2407 4796 2610 4865 ἀνοσίῳ
2634 4795 3004 4865 ἀπιχειρήσει,
3024 4792 3114 4848 διὰ
3140 4792 3201 4846 τὸ
3222 4790 3537 4853 λανθάνειν,

1987 4891 2233 4962 βραχέως
2261 4889 2676 4959 ἐπιστήσαντες,
2714 4886 3007 4957 παμψηφεὶ
3050 4887 3151 4956 τῆς
3201 4881 3544 4955 προσκυνού-

1986 4998 2085 5050 σης
2115 4980 2354 5051 Χριστοῦ
2385 4980 2483 5051 τήν
2529 4979 2759 5050 θεότητα
2805 4977 3128 5048 Ἐκκλησίας
3156 4976 3504 5049 ἐξηλάσαμεν
3523 4988 3539 5007 ·

1985 5073 2352 5145 ἐπεχείρησαν
2382 5072 2438 5126 δὲ
2475 5072 2833 5143 περιδρομαῖς
2866 5072 3140 5141 χρώμενοι
3191 5069 3316 5124 καθ’
3360 5067 3540 5137 ἡμῶν,

1987 5165 2376 5236 παρεκϐαίνειν
2424 5165 2559 5234 πρὸς
2605 5155 2735 5225 ’τοὺς
2780 5164 3089 5232 ὁμόφρονας
3133 5161 3290 5233 ήμῶν
3336 5160 3547 5214 συλλει-

1984 5255 2268 5327 τουργοὺς,
2296 5256 2536 5325 σχήματι
2570 5253 2668 5323 μέν
2697 5255 2921 5326 εἰρήνης
2952 5255 3048 5309 καὶ
3074 5252 3356 5320 ἀξιώσεως
3379 5252 3548 5316 ἀξίω-ο

1984 5366 2072 5402 σιν
2106 5347 2547 5418 ὑποκρινόμενοι,
2573 5347 2635 5400 τὺ
2660 5347 2705 5401 δ’
2735 5347 2952 5419 ἀληθὲς,
2987 5347 3353 5417 συναρπάσαι.
3378 5343 3546 5407 Τινάς

1988 5440 2166 5494 αὐτῶν
2202 5441 2283 5503 εἰς
2328 5440 2426 5509 τὴν
2475 5439 2612 5494 ἰδίαν
2663 5439 2816 5495 νόσον
2856 5440 2944 5495 διά
3004 5441 3103 5510 τὴν
3151 5438 3546 5510 χρηστολογίαν

391 5620 473 5695 (ῃ
501 5638 519 5671 ι
545 5621 611 5675 Ει
639 5622 1168 5695 Coluthusquaedam
1199 5640 1452 5693 perversa
1481 5621 1727 5689 docebat,
1768 5626 1862 5682 sed
1906 5642 2011 5681 non
2046 5625 2259 5681 duravit
2326 5623 2446 5695 ejus
2514 5624 2779 5682 haeresis:
2810 5638 2933 5680 nam
2972 5622 3154 5680 statim
3192 5615 3484 5695 disparuit.
3516 5634 3538 5673 ι

319 5690 586 5762 Epiphan.
617 5702 799 5745 contra
837 5690 1211 5751 Ariamauitass
