3972 6200
404 369 476 434 33
1295 368 1907 429 ECCl.ESIASTIC/E
1946 366 2333 428 HISTORIA?
2375 369 2521 428 LIB.
2565 370 2727 430 VIII.
3234 425 3248 445 ,
3573 372 3643 435 34

402 482 833 551 σπουδάζοντες,
892 483 986 539 καὶ
1037 482 1440 554 στωμυλὼτερα
1495 484 1799 554 γράμματα
1846 484 1974 553 παρ’

2086 482 2181 536 bus
2213 483 2487 553 snﬂ'ragiis
2520 487 2746 546 nostris,
2780 484 2903 539 illos
2943 486 3009 540 ab
3053 501 3115 539 ea
3152 501 3270 554 qua:
3301 485 3640 544 divinitatem

400 576 591 628 αὐτῶν
620 576 922 639 αἰτοῦντες,
956 576 1043 631 ἴνα
1067 576 1656 646 παραναγινώσκοντες
1689 577 1828 631 αύτά
1858 578 1968 639 τοῖς

399 666 498 720 ὑπ’
559 668 740 720 αὐτῶν
804 668 1214 739 ήπατημένοις,
1274 669 1682 740 ἀμετανοήτους
1734 668 1821 737 ἐφ’
1887 662 1970 731 οἷς

399 757 722 826 ἐσφάλησαν
791 759 1311 825 κατασκευάζωσιν,
1378 761 1829 830 ἐπιτριϐομένους
1889 760 1971 824 είς

408 849 693 914 ἀσέϐειαν,
745 849 823 912 ὡς
872 850 1202 922 συμψήφους
1255 854 1440 915 αὐτοῖς
1508 854 1602 905 καὶ
1661 852 1971 922 ὁμόφρονας

407 941 618 1008 ἱχοντες
641 940 1004 1002 ἐπισκόπους.
1038 942 1151 1012 Οὐχ
1196 942 1338 1013 ἅπερ
1371 943 1505 1011 γοῦν
1552 945 1803 1014 πονηρῶς
1838 943 1971 1013 παρ’

410 1032 538 1096 ἡμῖν
565 1029 814 1093 ἐδίδαξαν
847 1034 941 1084 καὶ
987 1032 1377 1102 διεπράξαντο,
1406 1034 1763 1102 ὁμολογοῦσιν
1793 1034 1967 1098 αὐτοὶ,

405 1119 474 1172 δι’
495 1119 531 1173 ἃ
566 1122 659 1173 καὶ
712 1122 1029 1193 ἐξώσθησαν
1053 1140 1067 1154 ·
1109 1124 1225 1176 ἀλλ’
1256 1124 1288 1193 ἦ
1324 1128 1501 1194 σιωπῇ
1534 1124 1704 1177 ταῦτα
1741 1125 1969 1195 παραδι-

404 1212 609 1278 δόασιν,
642 1214 677 1286 ἢ
707 1214 1117 1285 πεπλασμένοις
1156 1217 1333 1283 λόγοις
1382 1217 1473 1269 καὶ
1518 1218 1815 1286 ἐγγράφοις
1850 1219 1974 1269 ἐπι-

405 1303 750 1368 σκιάζοντες,
792 1307 1068 1360 ἀπατῶσι.
1107 1307 1516 1377 Πιθανωτέραις
1548 1308 1677 1376 γοῦν
1729 1309 1823 1362 καὶ
1869 1308 1973 1377 βω-

407 1395 722 1464 μολοχικαῖς
744 1398 987 1465 ὁμιλίαις
1013 1400 1111 1469 τὴν
1140 1399 1468 1471 φθοροποιὸν
1506 1400 1686 1452 αὐτῶν
1718 1400 1974 1453 διδασκαηο

403 1491 530 1543 λίαν
564 1492 1020 1563 ἐπικρύπτοντες,
1066 1495 1473 1563 σνναρπάζουσι
1508 1493 1600 1546 τὸν
1638 1493 1714 1555 είς
1753 1494 1973 1562 ἀπάτην

407 1583 759 1653 ἐκκείμενον,
804 1586 903 1637 οὐκ
956 1586 1285 1655 ἀπεχόμενοι
1338 1586 1431 1639 καὶ
1481 1584 1576 1637 τοῦ
1632 1584 1783 1655 παρὰ
1839 1585 1972 1637 πᾶσι

414 1680 773 1743 συκοφαντεῖν
817 1677 914 1748 τὴν
965 1678 1240 1748 ἡμετέραν
1300 1678 1603 1731 ενῖισέϐειαν.
1658 1677 1822 1731 Ὅθεν
1879 1676 1974 1729 καὶ

415 1764 704 1833 συμϐαίνει
751 1767 866 1827 τοῖς
911 1766 1236 1835 γράμμασιν
1293 1765 1475 1818 αὐτῶν
1521 1782 1674 1827 τινας
1732 1765 1976 1832 ὑπογρά-

2076 574 2277 628 Christi
2312 575 2507 630 adorat
2554 576 2794 631 Ecclesia
2847 576 3290 647 proscripsimns,
3336 577 3643 637 Consilium

2078 679 2297 734 quoque
2336 675 2618 735 ceperunt,
2667 677 2725 720 ut
2769 682 2869 721 nos
2915 668 3290 722 fraudulenter
3335 671 3645 724 circumve-

2076 754 2254 819 niant,
2311 755 2377 808 ad
2446 756 2854 810 consentientes
2919 757 3077 810 nobis
3152 759 3388 827 collegas
3455 759 3644 814 furtim

2056 849 2335 909 transire,
2364 846 2467 901 sub
2499 848 2724 901 obtentu
2776 849 2927 916 pacis
2976 860 3138 918 atque
3173 851 3415 914 Uninltis,
3452 852 3648 920 depre-

2078 939 2348 992 cationem
2400 938 2621 1008 quidem
2669 956 2781 1008 pne
2832 957 2892 995 se
2943 941 3200 1003 ferentes,
3237 958 3295 996 re
3341 944 3457 1012 ipsa
3513 959 3647 997 vero

2078 1030 2292 1099 aliquos
2335 1046 2399 1084 ex
2437 1031 2544 1085 illis
2588 1032 2641 1084 in
2688 1034 3068 1102 contagionem
3107 1036 3280 1089 morbi
3314 1037 3397 1089 sui
3431 1046 3648 1105 pertra-

2080 1121 2209 1174 here
2254 1136 2350 1189 per
2390 1120 2910 1190 blandiloquentiam
2965 1134 3295 1193 satagentes,
3340 1134 3396 1178 et
3445 1137 3504 1178 ut
3547 1140 3643 1180 ca-

2079 1215 2273 1282 ptiosis
2302 1215 2615 1282 argutisqne
2647 1214 2715 1266 ab
2743 1215 2823 1268 eis
2858 1215 3097 1282 acceptis
3131 1216 3347 1279 titteris,
3376 1215 3642 1280 habeant,

2079 1318 2215 1372 quas
2243 1319 2273 1357 a
2310 1318 2367 1357 se
2412 1303 2464 1356 in
2512 1305 2756 1358 fraudem
2789 1306 3039 1361 abductis
3094 1322 3380 1375 perperam
3413 1308 3594 1375 legant
3626 1324 3643 1361 :

2078 1408 2283 1463 eosque
2320 1394 2585 1463 impietati
2613 1396 2724 1465 jam
2763 1398 3121 1462 assuefactos,
3159 1414 3386 1466 prorsus
3410 1415 3438 1451 a
3467 1398 3645 1466 poeni-

2083 1486 2247 1539 tentia
2285 1492 2342 1539 et
2381 1485 2506 1555 fuga
2555 1502 2826 1554 errorum,
2855 1490 3056 1558 quibus
3101 1498 3229 1543 sunt
3279 1491 3516 1553 seducti,
3549 1491 3647 1543 ab-

2080 1577 2349 1640 strahant,
2387 1578 2611 1643 perinde
2659 1589 2823 1643 atque
2870 1581 3232 1650 sullrngantes
3262 1581 3366 1634 sibi
3407 1590 3463 1635 et
3512 1596 3647 1635 eon-

2081 1669 2385 1725 sentientes
2416 1671 2683 1725 haberent
2717 1671 3024 1740 episcopos.
3055 1671 3173 1725 Non
3219 1671 3292 1725 illi
3332 1687 3484 1736 sane,
3521 1686 3643 1741 quae

2082 1764 2225 1832 apud
2252 1778 2351 1817 nos
2385 1763 2523 1817 male
2550 1772 2615 1817 et
2641 1763 2947 1817 docuerunt
2985 1772 3041 1816 et
3068 1770 3302 1831 egerunt
3350 1764 3533 1831 (quam
3571 1762 3645 1815 ob

412 1870 635 1922 φοντας,
661 1856 741 1916 εἰς
776 1852 1069 1922 ἐκκλησίαν
1100 1853 1458 1922 εἰσδέχεσθαι,
1496 1853 1760 1923 μεγίστης
1803 1853 1979 1905 διαϐο-

2086 1868 2193 1907 rem
2242 1855 2404 1908 etiam
2453 1854 2905 1909 excommunicati
2953 1856 3123 1923 sunt),
3159 1854 3511 1915 confitentur,
3542 1851 3641 1907 sed

408 1944 508 2009 λῆς
565 1947 958 2017 ὑποκειμένης,
1001 1947 1075 2010 ὡς
1128 1943 1302 2015 οἶμαι,
1344 1948 1459 2009 τοῖς
1516 1947 1675 1999 τοῦτο
1730 1945 1974 2013 τολμῶσι

413 2036 872 2106 συλλειτουργοῖς,
900 2036 977 2106 τῷ
1030 2039 1169 2108 μήτε
1214 2037 1308 2089 τὸν
1356 2036 1715 2089 ἀποστολικδν
1768 2038 1974 2090 κανόνα

415 2130 572 2183 τοῦτο
596 2132 917 2200 συγχωρεῖν,
952 2130 1085 2183 ἀλλὰ
1116 2130 1210 2183 καὶ
1238 2129 1562 2181 ὑπεκκαίειν
1604 2128 1703 2199 τὴν
1749 2127 1836 2182 ἐπ’
1880 2130 1977 2181 αὑ-

424 2223 535 2283 τοῖς
583 2221 891 2291 διαϐολικὴν
940 2221 1080 2274 κατὰ
1126 2220 1362 2289 Χριστοῦ
1403 2220 1703 2288 ἐνέργειαν.
1742 2222 1820 2272 Δι’
1846 2219 1881 2271 ά
1912 2218 1976 2289 δὴ

424 2311 519 2364 καὶ
566 2312 710 2364 οὐδὲν
747 2311 1042 2380 μελλήσας,
1074 2310 1370 2381 ἀγαπητοὶ,
1421 2311 1661 2377 δηλῶσαι
1713 2312 1842 2378 ὑμῖν
1880 2309 1977 2377 τὴν

416 2403 523 2456 τῶν
548 2404 805 2457 τοιούτων
832 2404 1091 2459 ἀπιστίαν
1129 2405 1364 2474 ἐμαυτὸν
1401 2403 1751 2469 διανέστησα.
1787 2423 1808 2453 ο

2081 1961 2175 2001 aut
2221 1947 2441 2000 silentio
2478 1963 2541 2001 ea
2595 1948 2968 2011 committunt,
3010 1957 3104 1999 aut
3162 1946 3414 1999 conﬁctis
3474 1955 3644 2014 atque

2080 2040 2398 2106 compositis
2429 2039 2612 2092 verbis
2655 2048 2709 2093 et
2742 2040 2961 2108 scriptis
3001 2039 3399 2092 adumbrantes
3427 2047 3642 2109 tegunt,

2075 2129 2438 2199 hominesque
2493 2130 2801 2199 decipiunt,
2852 2143 3018 2201 atque
3071 2131 3138 2186 ad
3197 2132 3642 2200 persuadendum

2075 2221 2406 2288 comparatis
2466 2221 2852 2291 insidiosisque
2904 2225 3251 2280 sermonibus
3322 2224 3643 2293 pestiferam

2074 2325 2226 2364 suam
2266 2312 2604 2366 occultantes
2654 2313 2987 2379 doctrinam,
3019 2316 3331 2369 sednctioni
3365 2326 3421 2370 et
3467 2315 3647 2371 fraudi

2074 2402 2353 2469 expositos
2382 2402 2684 2471 abripiunt.
2718 2403 2879 2475 544.
2919 2405 3026 2459 Sed
3062 2414 3114 2460 et
3140 2408 3398 2475 pietatem
3431 2421 3650 2477 quoque

414 2510 679 2563 nostram,
706 2503 908 2571 passim
941 2502 1086 2572 apud
1111 2517 1303 2557 omnes
1341 2500 1724 2572 sycophantice
1748 2513 1974 2566 carpere
2014 2513 2125 2552 non
2166 2499 2475 2556 .omittunt.
2504 2499 2848 2569 Quapropter
2894 2502 3027 2556 illud
3073 2504 3277 2567 evenit,
3313 2519 3437 2557 cum
3504 2519 3650 2558 non-

412 2596 551 2650 nulli
579 2597 781 2652 litteris
832 2613 1021 2653 eorum
1068 2598 1441 2661 subscribant,
1477 2605 1537 2650 ut
1587 2597 1641 2650 in
1676 2594 1969 2650 Ecclesiam
2010 2593 2090 2647 illi
2160 2594 2539 2662 recipiantur:
2568 2604 2623 2649 et
2662 2597 2902 2666 collega},
2935 2597 3031 2666 qui
3080 2598 3132 2652 id
3199 2600 3520 2666 permittere
3552 2615 3652 2652 au-

415 2674 567 2756 dent,
611 2700 674 2745 ut
709 2692 961 2762 equidem
1010 2677 1162 2760 puto,
1207 2692 1360 2762 gravi
1413 2689 1715 2757 calumnia}
1746 2686 1976 2743 crimine
2016 2701 2125 2741 non
2180 2694 2451 2740 careant:
2515 2687 2608 2755 qui
2655 2688 2867 2742 scilicet
2912 2705 3022 2743 non
3077 2689 3254 2744 solum
3343 2692 3392 2742 id
3418 2690 3649 2753 faciunt,

415 2784 562 2854 quod
595 2785 933 2853 apostolicus
966 2799 1140 2839 canon
1209 2783 1290 2839 eis
1334 2799 1444 2837 non
1497 2781 1792 2852 permittit.
1854 2794 2047 2832 verum
2086 2777 2250 2832 etiam
2301 2778 2655 2842 diabolicam,
2689 2796 2808 2849 qua:
2856 2781 2912 2836 in
2958 2782 3064 2836 illis
3116 2792 3219 2847 est,
3254 2794 3446 2837 contra
3491 2785 3652 2838 Chri-

413 2889 559 2936 stum
614 2881 919 2937 ellicaciatn
951 2879 1296 2940 succendunt
1346 2887 1403 2934 et
1454 2888 1672 2948 augent.
1724 2876 1854 2930 Eam
1904 2875 1975 2928 ob
2006 2889 2230 2928 causam
2296 2874 2433 2929 nihil
2469 2885 2780 2941 cunctatus,
2852 2877 3057 2941 dilecti,
3093 2879 3362 2946 tneipsum
3392 2878 3650 2947 excitavi,

417 2988 477 3033 ut
517 2978 706 3032 talium
753 2977 1038 3031 hominum
1077 2976 1238 3030 vobis
1284 2972 1633 3029 ostenderem
1689 2968 2101 3024 infidelitatem.
2145 2987 2164 3019 ι

488 3073 721 3125 Ἔπειτα
762 3071 904 3123 κατὰ
934 3069 1097 3138 μέρος
1130 3068 1225 3131 τὰς
1254 3066 1478 3120 ἐκείνων
1509 3064 1853 3135 βλασφημίας
1890 3062 1980 3113 ex-

2159 3061 2365 3116 Deinde
2399 3061 2766 3132 blaspliemias
2799 3064 3015 3117 illorum
3058 3065 3372 3135 singillatim
3401 3069 3650 3137 exponit,

416 3164 627 3235 τίθησι,
664 3165 758 3216 καὶ
814 3162 1134 3216 ἀνθίσταται
1170 3161 1396 3223 ταύταις
1450 3159 1520 3212 τὰ
1570 3162 1634 3211 ἐκ
1677 3158 1786 3210 τῶν
1818 3155 1977 3208 θείων

416 3260 498 3321 είς
533 3258 733 3319 πλάτος
754 3256 1020 3324 παράγων
1048 3254 1087 3307 Γ
1094 3253 1302 3322 ραφῶν,
1333 3250 1650 3320 ἀπελέγχων
1676 3249 1853 3301 αὐτῶν
1880 3249 1978 3316 τὴν

415 3347 739 3402 δυσσέϐειαν
764 3362 778 3377 ·
817 3343 1033 3399 καὶτοῦ
1065 3344 1252 3413 πρόσω
1308 3342 1443 3395 πολὺ
1480 3342 1705 3410 προῖὼν,
1748 3340 1942 3404 ἐπάγει
1964 3352 1976 3365 ·

424 3460 443 3492 ι
490 3440 669 3493 Πολλά
704 3438 884 3507 λέγειν
909 3436 1071 3507 ἔχων,
1101 3435 1397 3504 ἀγαπητοὶ,
1431 3434 1806 3503 παρέρχομαι,
1848 3445 1980 3497 φορ-

415 3532 568 3583 τικόν
601 3526 739 3582 εἶναι
767 3529 996 3597 νομίσας
1026 3528 1115 3581 διὰ
1152 3527 1414 3579 πλειόνων
1442 3524 1796 3584 διδασκάλους
1850 3520 1981 3590 spe.

419 3642 625 3694 φρονας
654 3621 1123 3692 ὑπομιμνήσκειν.
1158 3618 1325 3671 Αὐτοὶ
1361 3618 1471 3685 γὰρ
1505 3617 1663 3684 ὑμεῖς
1691 3612 1982 3666 θεοδίδακ-

418 3715 502 3767 τοί
558 3716 706 3777 ἐστε,
772 3712 872 3764 οὐκ
906 3710 1249 3780 ἀγνοοῦντες,
1285 3708 1359 3771 ὡς
1390 3710 1422 3778 ἡ
1467 3704 1787 3759 διδασκαλία
1817 3703 1982 3771 αὕτη,

429 3806 691 3868 Ἐϐἰωνός
719 3806 835 3857 ἐστι
864 3805 962 3856 καὶ
1027 3801 1275 3873 Ἀρτεμᾶ
1313 3801 1409 3853 καλ¹
1467 3797 1562 3850 τοῦ
1623 3794 1985 3866 Σαμοσατὲως

417 3897 635 3951 Παύλου
658 3913 673 3928 ο
709 3890 785 3949 ὧν
804 3897 905 3965 τῆς
941 3893 1203 3955 ἀσεϐείας
1231 3891 1331 3963 τὴν
1373 3889 1552 3961 τρύγα
1591 3887 1984 3959 ἐρῤοφηκότεςι

416 3991 515 4044 νῦν
545 3990 682 4059 ἡμῖν
712 3986 775 4052 ἐξ
800 3987 900 4038 οὐκ
927 3986 1099 4039 ὄντων
1129 3984 1450 4053 ἐπεφύησαν
1500 3981 1567 4034 τά
1620 3980 1845 4033 ἐκείνων
1896 3994 1986 4029 κε·
2012 3999 2019 4009 -

418 4081 757 4150 κρυμμένως
804 4078 1182 4149 μοσχεύματα,
1220 4076 1436 4147 "Apud;
1475 4089 1533 4126 τε
1568 4072 1663 4125 καὶ
1706 4070 1984 4141 Ἀχιλλᾶς,

418 4176 514 4227 καὶ
548 4175 582 4243 ἡ
616 4172 725 4225 τῶν
754 4174 853 4225 σὺν
879 4172 1063 4233 αὐτοῖς
1119 4167 1576 4240 πονηρευομένων
1616 4164 1856 4228 σύνοδος,
1892 4163 1986 4216 καὶ

417 4269 520 4320 οὐκ
556 4264 654 4320 οἷδ’
684 4268 830 4327 ὅπως
871 4266 928 4317 ἐν
977 4263 1145 4334 Συρίςι⁸
1184 4258 1659 4332 χειροτονηθέντες
1695 4255 1987 4308 ἐπίσκοποι

417 4368 609 4434 τρεῖς·
657 4364 785 4434 περὶ
834 4356 911 4417 ὧν
950 4363 984 4429 ή
1051 4362 1232 4429 κρίσις
1261 4361 1329 4429 τῇ
1385 4357 1629 4427 ὑμετέρᾳ
1677 4350 1989 4407 ἀνακείσθω

418 4456 533 4509 δοκι
540 4457 732 4528 μασία.
781 4474 801 4507 ι

495 4527 734 4599 Ἔπειτα
761 4543 1104 4613 διασαφήσας
1138 4538 1267 4610 περὶ
1324 4537 1436 4589 τῶν
1467 4530 1871 4601 ταπεινοτέρων
1901 4527 1983 4580 λέ-

421 4641 562 4705 ξεων
590 4642 687 4705 τῆς
713 4637 960 4706 Γραφῆς,
989 4634 1055 4696 ἃς
1096 4632 1424 4701 ἐπικτήτους
1451 4630 1479 4680 ὁ
1510 4624 1701 4695 Σωτὴρ
1729 4621 1796 4676 δι’
1840 4621 1986 4691 ἡμᾶς

420 4731 708 4795 ἀνεδέξατο
742 4729 830 4782 διὰ.
874 4728 971 4798 τὴν
1006 4729 1239 4780 κένωσιν
1265 4725 1360 4778 καὶ
1392 4723 1453 4775 τὸ
1475 4721 1744 4788 σωτήριον
1770 4715 1942 4775 πάθος
1969 4728 1983 4744 ο

419 4822 681 4883 ὡσαύτως
710 4821 766 4872 δὲ
790 4820 884 4871 καί
910 4820 1033 4871 ὅσαι
1088 4817 1186 4885 τὴν
1216 4814 1478 4868 ἀνωτάτω
1528 4808 1701 4879 ἀρχὴν
1729 4805 1821 4859 κοιλ⁵
1873 4804 1985 4856 θεό-

420 4932 581 4983 τητα,
612 4913 715 4983 τήν
749 4929 809 4963 τε
840 4908 1076 4978 φυσικὴν
1111 4906 1277 4960 αὐτοῦ
1307 4905 1465 4970 δόξαν
1518 4919 1577 4953 τε
1611 4902 1704 4954 καὶ
1758 4898 1988 4965 θεότητα

421 5003 652 5058 διελθὼν
700 5004 795 5056 καὶ
829 4999 1228 5069 φιλοσοφήσας,
1272 4994 1528 5064 ἐπιφέρει
1562 4992 1775 5058 λέγων·
1808 5007 1825 5040 ι
1879 4986 1988 5041 Καὶ

419 5099 476 5150 τί
501 5096 690 5149 λοιπὸν
732 5097 811 5146 ἑτι
842 5091 1155 5161 θαυμαστὸν
1182 5088 1210 5141 ὃ
1248 5086 1427 5157 μέλλω
1466 5086 1721 5152 γράφειν,
1764 5084 1988 5150 ἀγαπηο

409 5190 530 5252 -τοὶ,
584 5190 631 5240 εί
669 5187 767 5251 τάς
825 5186 946 5237 κατ’
992 5180 1128 5253 ἐμοῦ
1183 5178 1401 5249 ψευδεῖς
1457 5175 1733 5239 διαϐολὰς,
1767 5171 1988 5224 καὶτοῦ

423 5276 820 5332 εὐσεϐεστάτου
854 5275 986 5327 λαοῦ
1033 5273 1189 5342 ἡμῶν
1219 5271 1557 5339 Exime-opai;
1604 5268 1664 5319 ΟΞ
1706 5266 1813 5334 γάρ
1847 5265 1989 5316 κατὰ

420 5374 525 5436 τῆς
582 5370 837 5438 θεότητος
879 5367 972 5418 τοῦ
1028 5366 1157 5418 Υἱοῦ
1214 5362 1307 5416 τοῦ
1354 5361 1491 5414 Θεοῦ
1539 5357 1987 5428 παραταξάμενοι

423 5462 547 5515 οὐδὲ
580 5460 678 5521 τὰς
708 5459 831 5510 καθ’
864 5456 1020 5527 ἡμῶν
1072 5454 1403 5523 ἀχαρίστους
1458 5451 1745 5520 παροινίας
1792 5464 1992 5514 παραι-

423 5552 649 5607 τοῦνται
676 5552 858 5617 λέγειν
882 5568 892 5579 ο
924 5548 978 5600 οἵ
1000 5564 1064 5616 γε
1087 5545 1208 5599 οὑδέ
1236 5545 1343 5596 τῶν
1384 5544 1630 5613 ἀρχαίων
1670 5545 1820 5605 τινας
1858 5558 1991 5609 συγ-

425 5647 641 5719 κρίνειν
687 5644 903 5703 ἑαυτοῖς
932 5642 1178 5706 αξιοῦσιν
1231 5639 1351 5691 οὐδέ
1383 5633 1462 5700 οἷς
1502 5639 1661 5707 ἡμεῖς
1691 5639 1752 5689 ἐκ
1782 5628 1988 5688 παίδων

500 5779 575 5851 (1)
610 5775 712 5832 Hic
738 5775 901 5830 etiam
931 5773 1189 5828 Artemon
1222 5785 1386 5841 Supra
1413 5769 1612 5826 dictus.

2081 3154 2272 3223 eisque
2310 3155 2530 3224 copiose
2582 3173 2644 3209 cx
2695 3157 2894 3211 divinis
2943 3156 3244 3226 Scripturis
3292 3162 3653 3219 refutationes

2082 3244 2306 3313 objicit,
2344 3244 2683 3312 impietatem
2727 3247 2972 3313 ipsorum
3020 3248 3359 3318 redarguens
3389 3271 3402 3304 :
3432 3263 3485 3306 et
3534 3253 3654 3307 lon-

2082 3337 2204 3406 gius
2250 3336 2389 3406 style
2436 3351 2794 3405 progressus,
2852 3338 3015 3390 infert
3059 3355 3072 3391 :
3128 3356 3146 3389 ι
3202 3339 3390 3407 Multa,
3440 3343 3649 3408 dilecti,

2084 3440 2206 3478 cum
2234 3425 2416 3479 dicere
2446 3440 2682 3494 possem,
2717 3436 3021 3494 pra-terea:
3050 3427 3291 3482 molestae
3324 3433 3651 3501 arrogantia:

2083 3529 2204 3569 esse
2254 3514 2482 3578 ducens,
2516 3517 2705 3569 eadem
2744 3517 3045 3571 sentientes
3090 3518 3362 3578 doctores.
3397 3524 3650 3591 pluribus

2085 3605 2402 3660 admonere.
2438 3607 2573 3661 Nam
2602 3621 2699 3660 vos
2731 3609 2831 3676 ipsi
2862 3624 2891 3661 a
2926 3608 3035 3660 Deo
3066 3608 3212 3664 docti
3245 3612 3397 3675 estis,
3423 3614 3647 3669 minime

2088 3697 2421 3765 ignorantes,
2449 3698 2754 3752 doctrinam
2806 3701 2944 3753 hanc
2978 3698 3203 3755 Ebionis
3238 3703 3428 3771 ipsius,
3459 3717 3516 3761 et
3552 3707 3653 3759 Ar-

2086 3796 2243 3869 temze
2273 3788 2369 3858 (1),
2407 3797 2463 3843 et
2500 3787 2654 3844 Pauli
2709 3790 3049 3848 SamnSateni
3098 3809 3239 3858 esse,
3278 3811 3512 3864 quorum
3563 3797 3652 3853 isti

2087 3880 2380 3948 impietatis
2435 3880 2657 3937 faecibus
2706 3883 2936 3947 haustis,
2990 3886 3147 3939 nobis
3195 3903 3361 3950 nunc,
3414 3903 3479 3941 ex
3543 3904 3653 3944 non

2088 3971 2496 4034 exsistentibus,
2527 3973 2741 4027 illorum
2764 3974 2901 4028 clam
2929 3975 3035 4028 vivi
3066 3976 3279 4031 radices
3305 3981 3649 4047 producunt;

2089 4059 2252 4113 Arius
2294 4061 2549 4114 nimirum
2594 4062 2709 4131 ipse
2745 4073 2800 4116 et
2845 4063 3103 4128 Achillas,
3137 4076 3192 4119 et
3230 4069 3375 4134 quod
3417 4084 3540 4121 cum
3573 4070 3654 4123 eis

2089 4163 2173 4208 est
2205 4134 2612 4221 m‘alignantium
2663 4158 3085 4212 conciliabulum
3121 4176 3133 4212 :
3162 4169 3212 4213 et
3244 4170 3354 4214 tres
3393 4173 3658 4230 prazterea

2091 4245 2166 4301 illi
2202 4247 2255 4299 in
2296 4245 2453 4316 Syria
2495 4246 2679 4301 nescio
2724 4264 2833 4318 quo
2884 4251 3045 4304 modo
3081 4254 3249 4306 creati
3296 4254 3557 4322 episcopi,
3588 4255 3657 4310 de

2092 4339 2294 4409 quibus
2320 4340 2590 4411 judicium
2624 4342 2856 4397 arbitrio
2882 4354 3066 4399 vestro
3099 4346 3490 4414 permittimus.
3526 4366 3547 4399 ι

2164 4520 2432 4590 Deinceps
2484 4521 2778 4578 declaratis
2835 4527 3311 4582 sunnnissioribus
3358 4529 3661 4601 Scriptura:

2095 4615 2347 4677 vocibus,
2379 4632 2516 4685 quas
2543 4616 2796 4670 Salvator
2826 4620 3025 4673 ascititi
3050 4637 3093 4673 .s
3140 4633 3329 4676 nostra
3358 4639 3522 4679 causa
3560 4642 3659 4694 per

2095 4708 2524 4762 exinanitionem
2581 4709 2991 4779 salutaremque
3024 4712 3336 4779 passionem
3388 4721 3656 4787 suscepit,

2096 4799 2396 4869 itidemque
2425 4802 2507 4854 eis
2538 4800 2676 4855 locis
2708 4803 2891 4856 relatis
2918 4813 3080 4872 atque
3108 4808 3377 4874 esposi‘tis
3405 4850 3418 4871 ,
3454 4813 3659 4880 quibus

2094 4902 2248 4946 extra
2299 4891 2515 4945 initium
2552 4908 2711 4947 omne
2743 4895 3071 4964 principium
3104 4914 3166 4951 ac
3197 4899 3407 4966 duitas,
3438 4916 3662 4958 natura-

2095 4984 2269 5052 lisque
2320 4984 2491 5053 gloria
2544 4994 2601 5039 et
2652 4985 2912 5041 divinitas
2968 4989 3086 5059 ejus
3130 4993 3492 5060 exprimitur,
3547 4998 3663 5051 hac

2096 5079 2492 5147 prosequitur:
2538 5095 2554 5126 ι
2596 5075 2731 5143 Quis
2789 5094 2920 5132 vero
2969 5083 3114 5150 quod
3165 5086 3474 5154 scripturus
3538 5104 3659 5145 sum

2098 5170 2411 5234 mirabitur,
2447 5170 2655 5236 dilecti,
2695 5171 2738 5224 si
2769 5182 2962 5228 contra
3014 5193 3100 5230 me
3127 5187 3182 5231 ct
3214 5179 3511 5246 piissimam
3548 5181 3664 5249 ple-

2097 5262 2221 5316 bem
2270 5274 2505 5317 nostram
2552 5264 2843 5319 ementitas
2904 5282 3093 5322 eorum
3142 5270 3447 5323 calumnias
3496 5288 3664 5340 expo-

2098 5354 2305 5409 suero?
2335 5355 2435 5421 Qui
2476 5357 2676 5411 etenim
2715 5358 2979 5414 adversus
3028 5361 3371 5414 divinitatem
3406 5361 3527 5417 Filii
3564 5365 3660 5421 Dei

2098 5450 2269 5503 aciem
2303 5461 2518 5504 struere
2547 5452 2665 5505 ausi
2688 5461 2842 5517 sunt,
2866 5463 3054 5507 contra
3079 5468 3178 5506 nos
3202 5470 3417 5523 quoque
3450 5455 3660 5526 ingrata

2101 5543 2298 5612 probra
2325 5553 2379 5597 et
2412 5543 2657 5597 convicia
2689 5544 2873 5599 dicere
2900 5560 3008 5598 non
3052 5553 3330 5599 verentur.
3363 5546 3465 5613 Qui
3494 5557 3659 5604 etiam

2100 5651 2164 5689 ex
2193 5634 2470 5690 veteribus
2504 5636 2679 5690 nullos
2739 5651 2858 5689 csse
2917 5636 3109 5706 dignos
3140 5647 3369 5705 putant,
3413 5639 3505 5710 qui
3538 5655 3667 5697 cum
