3972 6200
260 457 335 520 35
1449 442 1889 523 Nicepnoni
1915 439 2266 503 CALLlSTl
3438 432 3507 494 εδ

256 571 346 625 eis
369 568 724 624 conferantur
760 579 775 618 :
804 575 987 632 neque
1043 558 1124 615 eis
1159 555 1370 627 aequari
1418 571 1478 611 se
1524 553 1835 625 patiuntur,

1963 551 2308 622 ὺμιλήσαμεν
2328 547 2675 610 διδασκάλοις
2709 544 3026 614 ὲξισοίσθαι
3047 543 3335 615 ἀνέχονται
3355 558 3371 577 ο
3392 543 3508 597 ἀλλ’

261 661 463 732 quibus
494 674 593 714 nos
652 673 683 713 a
734 654 921 726 pueris
978 647 1411 722 praeceptoribus
1460 647 1546 701 usi
1596 659 1832 699 sumus:

263 751 359 807 sed
392 766 462 805 ne
500 765 565 804 ex
593 747 850 803 omnibus
886 743 1109 814 quidem
1140 740 1233 810 qui
1281 737 1485 809 passim
1540 744 1691 798 sunt,
1724 736 1837 790 col-

263 845 398 914 legis
425 850 481 896 et
514 838 888 912 presbyteris,
938 847 1274 905 quemquam
1318 831 1458 902 ipsis
1520 827 1835 899 comparari

262 938 477 1003 volunt,
500 938 649 992 solos
699 949 759 989 se
807 932 1112 1015 sapientes,
1144 928 1553 1000 possessionum
1592 931 1839 980 contem-

263 1039 472 1100 ptores,
505 1038 562 1084 et
586 1027 902 1097 dogmatum
937 1032 1246 1094 repertores
1266 1035 1388 1075 esse
1424 1019 1692 1089 jactantes
1729 1032 1744 1069 :
1777 1022 1838 1069 ut

265 1123 470 1190 quibus
523 1122 646 1176 unis
688 1118 992 1175 revelatum
1031 1115 1103 1171 sit
1148 1111 1295 1184 quod
1338 1107 1547 1165 nemini
1589 1106 1836 1162 omnium

266 1214 360 1282 qui
393 1213 499 1269 sub
533 1213 649 1267 sole
709 1218 843 1267 sunt
894 1207 1177 1263 hominum
1210 1204 1267 1258 in
1325 1209 1566 1257 mentem
1598 1196 1837 1253 venerit.

1941 645 2068 701 οὐδὲ
2090 644 2200 697 τῶν
2228 643 2327 697 νῦν
2356 642 2633 712 πανταχοῦ
2677 639 3113 710 συλλειτουργῶν
3138 655 3261 693 τινα
3291 638 3371 699 είς
3419 637 3513 707 μέο

1942 754 2072 804 τρον
2130 736 2418 806 ἡγοῦνται,
2474 735 2629 805 μόνοι
2688 734 2843 802 σοφοὶ
2904 732 3001 785 καὶ
3053 732 3363 798 ἀκτήμονες
3419 727 3515 780 καὶ⁹

1939 830 2230 899 δογμάτων
2261 830 2485 900 εὑρεταὶ
2516 829 2770 897 λέγοντες
2803 823 2968 891 εἶναι,
3002 825 3100 879 καὶ
3155 824 3344 886 αὐτοῖς
3380 826 3517 875 ἁποο

1941 925 2285 994 κεκαλύφθαι
2326 926 2537 995 μόνοις,
2569 924 2716 994 ἆπερ
2738 923 2918 976 οὐδενὶ
2966 922 3075 976 τῶν
3107 921 3212 972 ὑπὸ
3250 921 3342 973 τὸν
3360 918 3513 988 ἣλιον

1942 1017 2116 1086 ἑτέρῳ
2151 1016 2397 1084 πέφυκεν
2422 1016 2601 1069 ἐλθεῖν
2628 1016 2709 1078 είς
2740 1015 2973 1069 ἔννοιαν.
3007 1014 3072 1066 Ὠ
3096 1013 3311 1067 ἀνοσίου
3341 1011 3511 1078 τύφου

1940 1107 2037 1160 καὶ
2080 1107 2319 1177 ἀμέτρου
2371 1109 2589 1179 μανίας,
2621 1107 2716 1160 καὶ⁵
2756 1105 3158 1178 μελαγχολικῆς
3207 1104 3368 1172 δόξης
3415 1102 3514 1154 καὶ

1942 1199 2236 1251 σατανικοῦ
2268 1198 2659 1269 φρονήματοςῑ
2700 1216 2721 1251 t

269 1305 431 1377 545
482 1304 526 1359 Ο
565 1315 834 1360 tumorem
860 1300 1111 1371 impium,
1141 1306 1198 1352 et
1222 1295 1463 1350 furorem
1506 1289 1873 1347 immensum!
1915 1303 1950 1343 o
1981 1289 2296 1360 opinionem
2339 1292 2626 1357 insanam,
2683 1300 2739 1346 et
2820 1290 3131 1347 Satanicum
3182 1290 3341 1360 plane
3394 1301 3517 1342 gen.

272 1401 431 1458 sum!
472 1418 491 1451 ι

343 1497 457 1552 Sub
486 1496 604 1551 hinc
624 1495 746 1549 aliis
770 1491 1099 1562 quibusdam
1130 1483 1469 1549 memoratis,
1495 1494 1550 1538 et
1581 1481 1839 1553 dogmate

2020 1477 2207 1532 Εἰπὼν
2247 1478 2305 1532 δὲ
2337 1478 2428 1532 καὶ
2468 1478 2607 1532 ἄλλα
2641 1479 2736 1531 καὶ
2775 1478 2833 1531 τὸ
2861 1477 3043 1545 δόγμα
3085 1477 3184 1545 τῆς
3222 1474 3390 1527 αὑτοῦ
3423 1475 3516 1526 πίο

273 1590 398 1643 ﬁdei
435 1601 627 1642 eorum
666 1584 843 1638 fusius
883 1580 1155 1649 exposito,
1197 1577 1343 1631 circa
1396 1575 1558 1628 linem
1592 1570 1841 1641 epistola:

1963 1589 2123 1634 ςτεως
2149 1572 2490 1640 πλατύτερον
2527 1573 2898 1640 διεκθέμενος,
2937 1572 3067 1638 περὶ
3116 1571 3177 1622 τὸ
3236 1570 3388 1625 τέλος
3418 1568 3515 1634 τῆς

273 1683 388 1735 luet:
443 1676 632 1746 adjicit
668 1692 682 1728 :
729 1692 747 1724 ι
782 1672 956 1726 Hosce
1001 1670 1167 1740 igitur
1193 1665 1560 1721 enathematis
1589 1664 1839 1727 fulmine,

1963 1665 2243 1726 ἐπιστολῆς
2286 1663 2586 1717 καὶταῦτα
2620 1665 2818 1730 ἐπάγει
2845 1680 2859 1694 ·
2897 1681 2915 1714 ι
2962 1662 3197 1723 Τούτους
3256 1661 3348 1713 οὖν
3390 1663 3521 1711 ἁνα-

272 1773 341 1828 de
374 1770 613 1825 fidelium
644 1765 873 1819 fratrum
899 1777 1193 1825 consensu,
1218 1758 1374 1824 ictos,
1402 1771 1566 1811 nemo
1595 1764 1840 1811 vestrum

1963 1755 2382 1823 θεματισθέντας
2421 1756 2527 1808 ὑπὸ
2557 1756 2656 1825 τῆς
2710 1755 3070 1823 ἀδελφότητος
3135 1752 3324 1820 μηδεὶς
3364 1748 3518 1815 ὑμῶν

274 1862 529 1932 recipiat,
571 1872 750 1927 neque
783 1856 867 1910 vel
895 1856 1042 1909 dicta
1073 1852 1160 1906 vel
1201 1852 1405 1919 scripta
1445 1862 1638 1902 eorum
1673 1845 1843 1901 susti-

1963 1847 2208 1918 Ξεχέσδω,
2256 1849 2394 1918 μηδὲ
2419 1842 2745 1919 ἀνασχὲσθω
2781 1850 2892 1902 τῶν
2940 1847 3251 1917 λεγομένων
3304 1846 3335 1915 ἢ
3383 1862 3519 1914 γρα-

274 1963 424 2011 neat.
465 1952 569 2018 Qui
612 1950 756 2005 enim
790 1946 1009 2002 mentiri
1040 1943 1224 1999 omnia
1271 1954 1630 2004 consuevere,
1673 1938 1848 2006 impo-

1963 1937 2204 2005 ρομένων
2238 1937 2330 1991 ὑπ’
2362 1938 2566 1994 αύτῶν.
2606 1941 2792 1993 Πάντα
2825 1939 2934 2009 γὰρ
2960 1939 3010 1991 οἱ
3047 1940 3243 2006 γόητες
3287 1936 3514 2005 ψεύδον-

274 2058 477 2109 stores,
522 2042 813 2096 veritatem
853 2046 1003 2093 certe
1048 2051 1154 2090 non
1210 2033 1627 2104 proloquentur.
1674 2028 1847 2102 Urbes

1963 2046 2073 2082 r1t°
2108 2031 2370 2102 ἀλήθειαν
2401 2032 2462 2086 ού
2495 2034 2569 2103 μὴ
2596 2034 2874 2103 λαλήσωσι
2905 2049 2920 2064 ⁸
2975 2033 3357 2103 περιέρχονται
3406 2032 3514 2098 γὰρ

280 2137 360 2191 illi
401 2137 769 2195 circumeunt,
804 2128 941 2183 nihil
972 2126 1115 2181 aliud
1151 2133 1375 2194 agentes
1405 2137 1569 2191 quam
1617 2128 1676 2173 ut
1708 2121 1850 2171 ami-

1963 2120 2049 2184 τὰς
2083 2122 2288 2187 πόλεις,
2315 2124 2472 2178 οὐδὲν
2497 2126 2691 2194 ἕτερον
2742 2123 3166 2187 σπουδάζοντες,
3214 2123 3248 2192 ἢ
3300 2122 3382 2191 τῷ
3418 2120 3517 2188 τῆς

278 2227 421 2283 cilia:
450 2228 677 2281 obtentu
719 2237 817 2291 per
851 2216 1182 2289 hypocrisim
1213 2221 1268 2269 et
1300 2212 1672 2266 adulationem
1700 2208 1849 2262 litte-

1963 2211 2136 2279 φιλίας
2169 2216 2520 2283 προσχήματι
2568 2182 2635 2267 δι’
2665 2182 3013 2281 ὑποκρίσεως
3230 2182 3519 2273 ξιολέκείοίς

280 2333 371 2372 ras
404 2317 535 2370 tlent
579 2322 632 2368 et
679 2311 972 2380 accipiant,
1021 2306 1225 2377 quibus
1268 2303 1555 2363 seducant,
1604 2299 1673 2353 ab
1719 2299 1851 2367 ips's

1963 2303 2258 2374 γράμματα
2286 2306 2490 2357 διδόναι
2523 2307 2615 2358 καὶ
2650 2305 2952 2374 λαμδάνειν
2982 2320 2997 2334 ⁶
3032 2303 3171 2374 πρὸς
3206 2302 3267 2353 τὸ
3314 2301 3523 2371 πλανᾷν

275 2411 387 2480 jam
442 2408 698 2476 deet-ptas
745 2415 948 2471 paucas
999 2395 1347 2471 mulierculas
1383 2390 1621 2461 peccatis
1650 2402 1850 2442 onera.

285 2511 408 2565 tas,
459 2518 476 2551 ι
531 2509 587 2551 et
645 2510 766 2564 quae
816 2498 1145 2561 sequuntur.
1204 2504 1222 2537 ι
1280 2484 1455 2537 Hosce
1504 2482 1688 2550 itaque
1723 2480 1851 2532 talia

281 2603 474 2647 contra
500 2589 781 2644 Christum
809 2598 994 2647 ausos,
1020 2589 1077 2635 et
1099 2578 1192 2649 qui
1212 2574 1692 2630 Christianismum
1724 2585 1850 2626 cum

282 2683 507 2755 publice
562 2679 630 2734 ad
675 2675 935 2748 populum
983 2670 1305 2733 traducunt,
1363 2675 1476 2720 tum
1525 2665 1579 2719 in
1630 2662 1855 2734 judiciis

281 2797 483 2853 magno
536 2778 720 2835 studio
769 2785 827 2831 et
868 2770 1225 2830 contentione
1276 2766 1494 2835 probris
1549 2760 1858 2818 manifestis

283 2851 605 2945 exagitant;
638 2870 732 2939 qui
768 2863 1209 2938 persecutionem
1254 2854 1595 2925 temporibus
1628 2851 1853 2921 pacatis,

284 2941 550 3037 quantum
578 2962 631 3016 in
662 2960 745 3015 eis
775 2958 942 3013 situm
977 2960 1082 3013 est,
1114 2951 1377 3003 adversus
1407 2959 1507 2998 nos
1536 2941 1852 2996 concitant:

284 3036 381 3130 qui
430 3054 706 3111 ineffabile
750 3048 954 3106 Christi
998 3040 1298 3099 nativitatis
1332 3036 1650 3109 mysterium
1697 3047 1857 3088 ener-

287 3125 467 3205 vant:
512 3147 701 3210 hosce,
740 3139 948 3204 dilecti,
1000 3142 1337 3195 aversantes,
1384 3126 1630 3185 unanimi
1673 3125 1861 3181 nobis-

1958 2398 2061 2449 ὐπδ
2098 2397 2307 2451 τούτων
2338 2397 2410 2451 τὰ
2440 2398 2508 2451 δι’
2545 2397 2725 2451 αὐτῶν
2751 2394 3084 2465 ἠπατημένα
3134 2394 3294 2461 ὀλίγα
3330 2410 3522 2460 γυναι-

1956 2494 2126 2561 κάρια
2161 2492 2557 2560 σεσωρευμένα
2596 2488 2920 2560 ἁμαρτίαις.
2956 2488 3067 2540 Καὶ
3093 2491 3161 2540 τὰ
3206 2487 3352 2553 ἑξῆς.
3381 2483 3519 2538 Τού-

1957 2599 2080 2645 τους
2106 2580 2201 2634 οὖν
2229 2580 2356 2642 τοὺς
2396 2577 2640 2633 τοσαῦτα
2670 2578 2812 2631 κατὰ
2846 2577 3084 2649 Χριστοῦ
3118 2576 3520 2646 τολμήσαντας,

1956 2672 2083 2737 τοὺς
2108 2673 2199 2727 τὸν
2223 2672 2658 2744 Χριστιανισμδν
2695 2670 2856 2724 τοῦτο
2890 2670 2989 2739 μὲν
3042 2668 3280 2740 δημοσίᾳ
3333 2668 3525 2735 σύρου-

1955 2781 2077 2828 τας,
2109 2766 2269 2816 τοῦτο
2295 2763 2352 2816 δὲ
2381 2762 2475 2815 ἐπὶ
2499 2761 2870 2832 δικαστηρίων
2903 2759 3287 2821 ἐπιδεικτικῶς
3318 2758 3525 2827 φιλοτι-

1960 2854 2293 2924 μουμένους,
2318 2854 2445 2917 τοὺς
2471 2852 2714 2922 διωγμὸν
2740 2853 2876 2922 ἡμῖν
2896 2852 2953 2904 ἐν
2984 2851 3182 2922 εἰρήνῃ
3202 2849 3264 2902 τὺ
3289 2850 3413 2901 ὅσον
3429 2846 3525 2901 ἐπὶ

1958 2944 2143 3006 αὐτοῖς
2190 2942 2608 3014 έπεγείραντας,
2652 2941 2781 3005 τοὺς
2833 2940 2894 2993 τὸ
2950 2940 3190 3011 ἄρρητον
3228 2938 3525 3008 μυστήριον

1958 3039 2057 3106 τῆς
2117 3035 2355 3108 Χριστοῦ
2415 3035 2723 3105 γεννήσεως
2787 3033 3248 3102 ὲκνευρίσαντας“
3301 3029 3526 3091 τούτους

1957 3128 2430 3197 ἀποστραφέντες,
2475 3125 2760 3195 ἀγαπητοὶ
2802 3125 2898 3177 καὶ
2955 3121 3244 3192 ὁμόψυχοι,
3309 3118 3528 3188 σύμψη-

286 3256 411 3299 cum
444 3251 719 3294 consensu
744 3244 804 3289 et
827 3229 1112 3301 suffragio,
1150 3224 1381 3281 calculis
1413 3233 1637 3291 quoque
1663 3216 1858 3271 vestris

1963 3237 2053 3289 φοι
2104 3219 2333 3287 γένεσθε
2385 3218 2525 3272 κατὰ
2569 3217 2670 3287 τῆς
2705 3214 3011 3286 μανιώδους
3067 3211 3246 3266 αὐτῶν
3295 3210 3526 3281 τόλμης.

290 3332 645 3391 furibundum
701 3339 892 3383 eorum
942 3319 1229 3378 audaciam
1278 3314 1559 3388 iugulate,
1609 3309 1860 3378 exemplo

288 3425 622 3494 collegarum
647 3426 965 3475 nostrorum
996 3410 1091 3482 qui
1113 3405 1382 3478 indignati
1408 3413 1538 3460 sunt
1565 3410 1621 3456 et
1648 3401 1862 3455 litteras

289 3492 483 3575 contra
535 3529 631 3570 eos
678 3510 747 3567 ad
804 3523 891 3564 me
949 3504 1245 3563 dederunt,
1294 3496 1598 3565 libelloque
1638 3492 1865 3547 damna-

292 3609 460 3666 tionis
487 3605 937 3673 subscripserunt
961 3615 978 3653 :
1002 3610 1124 3666 quae
1147 3593 1329 3647 omnia
1360 3602 1458 3660 per
1477 3586 1651 3641 lilium
1678 3596 1863 3638 meum

290 3701 594 3772 Appionem
626 3692 1073 3750 archidiaconum
1109 3684 1232 3741 misi
1272 3697 1370 3754 per
1415 3678 1711 3749 Egyptum
1745 3689 1865 3728 om-

291 3766 441 3857 nem,
482 3786 843 3851 Thebaidem,
904 3781 1149 3853 Libyam,
1201 3772 1562 3844 Pentapolim,
1623 3766 1862 3840 Syriam,

290 3885 553 3956 Lyciam,
594 3875 1007 3948 Pamphyliam,
1068 3869 1295 3933 Asiam,
1350 3861 1747 3934 Cappadociam
1807 3864 1865 3913 et

294 3978 432 4034 alias
465 3972 829 4031 circumcirca
885 3966 1166 4037 regiones.
1207 3958 1288 4013 Ad
1338 3959 1539 4012 horum
1584 3967 1718 4007 sane
1765 3964 1863 4004 ex-

297 4067 567 4137 emplum,
595 4079 624 4117 a
666 4060 823 4115 vobis
853 4057 1017 4111 etiam
1048 4066 1173 4108 eum
1203 4045 1584 4102 confirmatum
1618 4039 1709 4103 iri,
1743 4051 1867 4107 per-

295 4174 524 4217 suasum
566 4154 763 4209 habco.
799 4149 1025 4204 Multum
1060 4142 1282 4213 quidem
1312 4147 1460 4193 certe
1487 4134 1606 4204 opis
1634 4148 1664 4185 a
1693 4145 1780 4184 me
1810 4129 1865 4183 in

294 4263 390 4302 eos
426 4246 521 4315 qui
570 4242 638 4296 ab
684 4239 791 4294 illis
824 4243 951 4291 sunt
976 4232 1308 4286 detrimento
1339 4224 1544 4287 affecti.
1577 4230 1664 4278 est
1693 4220 1866 4275 colla-

299 4350 411 4392 tum
446 4311 479 4390 ﬁ:
519 4333 613 4388 sed
666 4328 800 4384 illud
858 4323 1157 4380 niaximum
1209 4317 1375 4373 fuerit
1415 4311 1867 4384 depellendorum

297 4448 326 4486 a
358 4428 586 4484 seducta
618 4424 775 4492 plebe
823 4419 1093 4472 malorum
1126 4410 1412 4474 auxilium,
1450 4408 1495 4462 si
1532 4405 1865 4475 collegarum

298 4532 612 4577 nostrorum
649 4515 726 4584 (l)
765 4504 1026 4567 concordi
1054 4517 1326 4561 consensu
1360 4500 1450 4554 illa
1483 4512 1766 4568 persuasa,
1799 4495 1867 4550 ad

1963 3312 2087 3367 καθ’
2114 3313 2420 3381 ὁμοιότητα
2452 3308 2563 3363 τῶν
2617 3307 3130 3378 ἀγανακτησάντων
3182 3302 3528 3374 συλλειτουρ-

1964 3405 2075 3474 γῶν
2096 3404 2277 3475 ἡμῶν,
2318 3403 2414 3456 καὶ
2440 3400 2870 3455 ἐπιστειλάντων
2897 3415 2986 3469 μοι
3026 3398 3150 3450 κατ’
3200 3395 3405 3460 αὐτῶν,
3434 3393 3529 3448 καί⁵

1963 3495 2043 3564 τῷ
2075 3497 2228 3565 τόμῳ
2279 3492 2854 3561 συνυπογραψὰντωνο
2915 3489 2952 3543 ἃ
3004 3488 3102 3542 καὶ
3136 3487 3528 3557 διεπεμψάμην

1961 3582 2049 3635 διὰ
2074 3582 2168 3635 τοῦ
2196 3580 2325 3633 Υἱυῦ
2351 3599 2454 3649 μου
2482 3581 2752 3642 Ἀπίωνος
2775 3580 2872 3632 καὶ
2920 3577 3328 3648 άρχιδιακόνου,
3365 3575 3527 3629 τοῦτο

1967 3678 2067 3750 μὲν
2099 3676 2283 3745 πάσης
2317 3674 2598 3743 Αἰγύπτου
2630 3673 2726 3725 καί⁸
2764 3671 3051 3741 Θηϐαΐδος,
3109 3669 3269 3722 τοῦτο
3328 3669 3385 3721 δὲ
3436 3671 3532 3723 At.

1967 3769 2103 3838 δύης
2132 3768 2228 3821 καὶ
2261 3766 2651 3829 Πενταπόλεως
2696 3765 2791 3819 καὶ
2820 3764 3041 3835 Συρίας,
3081 3763 3177 3816 καὶ
3208 3762 3287 3816 ἔτι
3321 3762 3530 3823 Λυκίας

1965 3861 2060 3915 καὶ
2087 3858 2437 3929 Παμφυλίας,
2478 3857 2667 3920 Ἀσίας
2720 3873 2781 3909 τε
2832 3858 2926 3910 καὶ
2989 3855 3408 3915 Καππαδοκίας.
3453 3845 3531 3909 ὧν

1968 3952 2066 4005 καὶ
2119 3950 2228 4003 τῶν
2294 3951 2473 4004 ἄλλων
2524 3948 2856 4021 περιχώρων
2900 3947 3019 4000 καθ’
3077 3947 3371 4016 ὁμοιότητα
3438 3949 3530 3999 καὶ

1970 4042 2102 4112 παρ’
2157 4042 2289 4111 ὑμῖν
2316 4040 2576 4105 δέξασθαι
2609 4038 2870 4091 πέποιθα.
2911 4037 3131 4089 Πολλῶν
3158 4037 3266 4107 γάρ
3294 4053 3383 4107 μοι
3403 4036 3533 4106 βοη-

1970 4133 2234 4203 Θημάτων
2264 4133 2398 4202 πρὸς
2433 4133 2563 4194 τοὺς
2607 4131 3396 4202 βλαϐένταςεπεπορισμένων,
3439 4126 3533 4180 καὶ

1970 4225 2130 4277 τοῦτο
2163 4223 2394 4296 εὕρηται
2422 4223 2846 4294 λυσιφάρμοικον
2903 4222 2999 4275 τοῦ
3061 4220 3152 4273 ὑπ’
3185 4219 3366 4272 αὐτῶν
3398 4221 3533 4271 ἁπαο

1967 4316 2227 4387 τηθέντος
2255 4315 2408 4380 λαοῦ,
2443 4317 2806 4386 πειθομένων,
2845 4315 2940 4367 καὶ
2991 4315 3112 4375 ταῖς
3158 4311 3268 4365 τῶν
3321 4310 3533 4361 συλλει-

1968 4406 2221 4477 τουργῶν
2262 4407 2422 4477 ήμῶν
2457 4406 2926 4474 συγκαταθέσεσιν
2983 4406 3064 4467 είς
3119 4405 3410 4473 μετάνοιαν
3441 4401 3534 4471 ερ-

1971 4517 2032 4569 χε
2044 4499 2164 4551 σθαι
2194 4499 2284 4552 διὰ
2329 4499 2525 4552 τούτου
2550 4497 2982 4560 σπουδαζόντων.
3006 4494 3349 4550 Ἀσπάσασθε
3373 4492 3536 4562 άλλη-

299 4564 508 4577 """""'
528 4564 612 4570 “““”
652 4564 725 4584 \‘I
776 4564 790 4567 ν
814 4564 819 4566 ·
890 4564 897 4565 ί
1485 4564 1500 4568 -

299 4609 680 4685 pmnitentiam
718 4604 1020 4659 decurrere
1053 4594 1347 4653 studuerit.
1384 4593 1627 4646 Salutate
1655 4603 1755 4643 vos
1784 4589 1858 4643 in.

1972 4564 2097 4685 λους
2119 4593 2178 4644 ὲν
2217 4593 2284 4662 τῇ
2322 4591 2453 4662 παρ’
2486 4591 2646 4661 ἡμῶν
2687 4589 3032 4659 ἀδελφότητι.
3060 4586 3370 4658 Ἐῥρὦθαι
3390 4587 3536 4652 ὑμᾶς

295 4712 497 4767 vicem,
542 4701 659 4772 ejus
697 4712 819 4767 quae
865 4690 1009 4762 apud
1049 4702 1151 4742 nos
1199 4692 1284 4739 est
1334 4680 1731 4737 consentientis
1762 4678 1871 4732 fra-

302 4797 576 4855 ternitatis
631 4791 872 4846 nomine.
928 4782 1123 4839 Valere
1174 4792 1271 4833 vos
1322 4775 1377 4829 in
1435 4774 1668 4828 Domino
1714 4779 1865 4838 opto,

298 4888 506 4944 dilecti.
540 4884 759 4939 Utinam
796 4879 1038 4933 fructum
1073 4872 1311 4941 aliquem
1344 4876 1653 4922 vestrorum
1691 4869 1870 4914 tanto-

298 4997 427 5054 pere
456 4976 659 5033 Christi
687 4971 988 5028 amantium
1029 4967 1337 5021 animorum
1367 4956 1689 5031 percipiam.
1732 4971 1751 5005 ι

370 5070 578 5127 Deinde
617 5064 967 5119 anathemate
1001 5054 1505 5115 excommunicatos
1547 5050 1601 5103 in
1641 5046 1869 5118 epistola

299 5172 574 5226 recenset,
602 5174 743 5230 quos
767 5164 823 5211 ct
854 5169 953 5209 nos
981 5168 1147 5222 supra
1177 5148 1493 5203 retulimus.
1524 5144 1584 5199 In
1614 5141 1867 5198 eamdem

300 5256 628 5312 sententiain
687 5250 788 5322 (2),
835 5243 1158 5314 Philogonio
1209 5236 1535 5303 Antiochiar,
1577 5233 1869 5290 Eustathio

299 5349 576 5402 Bcrrhosce
608 5345 663 5399 in
699 5340 879 5413 Syria,
918 5346 1083 5407 atque
1125 5333 1250 5389 aliis
1282 5332 1447 5387 etiam
1491 5329 1725 5384 aliarum
1770 5326 1871 5381 Ec-

302 5440 593 5494 clesiaruin
647 5432 988 5490 antistitibus
1032 5426 1279 5496 scripsit,
1324 5439 1465 5495 quos
1511 5421 1868 5493 apostolicam

302 5532 610 5613 doctrinam
650 5526 1011 5597 comprobare
1054 5519 1283 5575 sciebat.
1319 5515 1483 5588 546
1511 5515 1675 5568 Arius
1703 5527 1868 5582 porro

308 5605 485 5695 neque
514 5624 631 5692 ipse
668 5620 771 5676 sibi
813 5615 1146 5674 cessandum
1187 5626 1309 5667 esse
1357 5606 1589 5680 putavit.
1625 5605 1875 5675 Quapro-

378 5798 785 5872 (l)Scriptuu_i
850 5794 1304 5872 liocnintegrum
1377 5786 1652 5872 reperitur
1726 5782 1869 5852 apud

302 5856 701 5927 Tlfeédoritum
742 5865 937 5919 Eccles.
970 5856 1277 5917 liistorflib.
1317 5876 1354 5923 ι,
1389 5874 1506 5923 cap.
1541 5856 1591 5909 l.

1972 4682 2030 4735 ὲν
2059 4682 2249 4752 Κυρίῳ
2277 4681 2533 4751 εὔχομαι,
2594 4681 2890 4752 ἀγαπητοί.
2937 4681 3203 4750 Ὀναίμην
3235 4678 3391 4748 ὑμῶν
3437 4677 3537 4747 τῆς

1973 4774 2318 4844 φιλοχρίστου
2343 4776 2542 4847 ψυχῆς.
2581 4791 2601 4827 ι

2044 5043 2180 5101 Εἶτα
2213 5050 2341 5110 τοὺς
2364 5042 2899 5116 ἀναθεματισθέντας
2955 5042 3023 5111 τῇ
3078 5037 3335 5106 ἐπιστολῇ
3377 5051 3542 5089 κατα·
3576 5060 3596 5087 κ

1971 5141 2142 5208 λέγει,
2168 5139 2262 5203 οὓς
2287 5140 2382 5192 καὶ
2414 5141 2577 5208 ἡμεῖς
2606 5135 2814 5189 ἄνωθεν
2843 5132 3189 5200 διελάσομεν.
3217 5131 3297 5182 Τά
3325 5128 3371 5180 δ’
3399 5124 3540 5178 αὐτὰ

1977 5233 2074 5285 καὶ
2103 5231 2402 5299 Φιλογονίῳ
2431 5228 2527 5280 καὶ
2563 5228 2868 5294 Εὑσταθίῳ,
2893 5215 2968 5276 ὧν
2991 5224 3020 5275 ὁ
3058 5221 3160 5290 μὲν
3182 5215 3538 5286 Ἀντιοχείας,

1974 5322 2278 5385 Εὐστάθιος
2314 5322 2372 5375 δὲ
2405 5324 2503 5388 τῆς
2534 5321 2592 5373 εν
2632 5317 2805 5386 Συρίᾳ
2862 5314 3130 5386 Βεῤῥοίας
3168 5311 3373 5381 ἠγεῖτο,
3416 5304 3545 5357 ἐπέ-

1925 5461 1929 5464 .
1975 5416 2186 5480 στελλε,
2229 5415 2325 5467 καὶ
2376 5413 2492 5473 τοῖς
2517 5409 2700 5470 ἄλλοις
2749 5407 2860 5461 τῶν
2894 5401 3207 5472 ἐκκλησιῶν
3253 5394 3539 5466 ἡγεμόσιν,

1974 5505 2068 5570 οὓς
2097 5504 2213 5577 ᾔδει
2241 5506 2355 5565 τοῖς
2378 5500 2762 5561 ἁποστολικοῖς
2784 5491 3251 5563 νσυνηγοροῦντας
3280 5485 3543 5550 διδάγμα-

1976 5618 2082 5656 σιν.
2105 5574 2195 5652 "'0
2236 5614 2299 5665 γε
2336 5597 2441 5667 μὴν
2475 5596 2716 5666 Ἄρειος,
2748 5588 2862 5644 οὐδ’
2915 5586 3081 5648 αὐτὸς
3107 5580 3342 5652 ἡσυχίαν
3386 5574 3540 5642 ἄγειν

2045 5778 2123 5851 (ε)
2157 5777 2288 5846 Cap.
2328 5776 2361 5831 5
2393 5766 2533 5829 eod.’
