3972 6200
381 373 455 437 3-;
1295 364 1900 433 ECCLESIASTlCrE

2042 363 2332 425 ΞἸῘΟΒΙΕ
2372 365 2521 429 LIB.
2565 369 2732 430 Vill.
3559 375 3632 439 38

383 485 576 558 ᾑρεῖτο
596 497 613 516 ο
635 479 938 549 ἀναγκαῖον
993 479 1041 534 δ’
1068 479 1208 551 ᾤετο
1254 478 1355 549 τὴν
1387 477 1604 532 εὔνοιαν
1631 474 1936 548 προφθάνει

2042 523 2046 534 _
2075 481 2198 543 pter
2242 476 2569 533 necessitate
2600 480 2833 548 quadam
2871 480 3089 551 ductus,
3121 498 3391 554 occupare
3421 485 3635 556 cpisco—

383 576 496 630 τῶν
528 572 889 626 ἐπισκόπων·
945 570 1044 623 καὶ
1079 571 1402 638 πρεσϐεύων
1435 568 1674 640 ἔγραφεν
1707 567 1785 630 ὡς
1836 565 1960 618 ἐπί-

384 680 590 720 στευε⁸
639 665 736 717 καὶ
779 664 960 735 ιξῂτει
1011 662 1172 732 δῆθεν
1213 664 1262 715 εἰ
1298 664 1400 731 μὲν
1446 662 1623 733 ὀρθῶς
1685 657 1956 723 πιστεύοι,

384 756 684 819 κάκείνους
707 756 937 825 κυροῦν
971 754 1311 824 Ἀλεξάνδρῳ
1368 771 1428 807 τε
1479 752 1674 822 δηλοῦν
1707 751 1784 823 μὴ
1835 750 1956 805 κατ’

386 848 554 904 αὐτοῦ
579 864 640 901 τε
662 848 760 901 καὶ
785 845 897 900 τῶν
926 849 1057 917 περὶ⁵
1077 845 1238 900 αὑτὸν
1259 847 1611 917 χαλεπαίνειν
1646 861 1660 875 ·
1689 843 1736 896 εί
1771 841 1821 895 δ’
1838 837 1954 905 οὖν,

393 939 571 1003 καλῶς
600 939 816 993 ἐθέλειν
838 938 1193 993 διδάσκεσθαι
1213 939 1274 992 ὃν
1302 938 1407 1010 χρὴ
1429 937 1630 1007 τρόπον
1652 932 1958 989 πιστεύειν.

397 1028 505 1082 Καὶ
550 1029 608 1081 οὐ
675 1027 892 1097 μικρῶς
947 1043 1012 1096 γε
1068 1025 1247 1095 ὢνησε
1297 1025 1361 1078 τὸ
1400 1023 1614 1077 τοιοῦτο
1664 1022 1779 1084 τοῖς
1825 1017 1957 1087 περὶ

397 1122 641 1191 ’Δρειονο
675 1121 774 1189 τῆς
813 1120 928 1192 γὰρ
957 1118 1219 1187 τοιαύτης
1253 1116 1412 1187 δόξης
1469 1116 1584 1178 τοῖς
1638 1107 1954 1180 ἅπανταχοῦ

387 1213 577 1283 σχεδὸν
607 1213 938 1276 ἐπισκόποις
964 1211 1393 1280 διασπαρείσης,
1424 1206 1579 1276 κοινὴ
1628 1207 1764 1260 πᾶσι
1788 1204 1957 1272 ζήτη-

384 1319 468 1366 σις
487 1297 575 1373 ἦν.
611 1303 678 1355 Oi
714 1302 816 1372 μὲν
851 1297 945 1356 οὖν
979 1301 1246 1372 μηδαμῶς
1276 1297 1601 1372 προσίεσθαι
1648 1298 1777 1360 τοὺς
1824 1295 1955 1365 περὶ

387 1396 613 1464 Ἄρειον
655 1392 999 1463 Ἀλεξάνδρῳ
1028 1391 1380 1456 ἐπέστελλον,
1427 1395 1559 1463 πρὶν
1590 1393 1690 1462 τὴν
1743 1389 1955 1446 ἑαυτῶν

377 1484 788 1552 ἀποκηρύξωσι
838 1483 1224 1553 βλασφημίαν·
1260 1485 1312 1537 οἱ
1352 1483 1408 1537 δὲ
1454 1482 1767 1537 τούναντίον
1823 1482 1954 1553 μᾶλα

378 1576 503 1638 λον,
527 1574 920 1628 ἀντιποιεῖσθαι
945 1574 1021 1638 ὡς
1053 1574 1295 1629 εὐσεϐῶν
1328 1576 1425 1629 καὶ
1466 1575 1637 1645 μηδὲν
1670 1574 1802 1645 περὶ
1851 1573 1951 1642 τὴν

384 1663 579 1716 πίστιν
601 1661 1051 1731 νεωτεριζόντων.
1097 1661 1159 1717 '0
1194 1668 1329 1731 γοῦν
1385 1662 1754 1732 ⁹Αλέξανδρος,
1804 1661 1949 1731 ὁρῶν

385 1753 625 1814 πολλοὺς
651 1751 763 1805 τῶν
798 1751 1101 1822 τηνικαῦτα
1124 1754 1183 1807 ὲν
1217 1755 1458 1823 σχήματι
1478 1754 1810 1823 σεμνότητος
1824 1753 1949 1815 τοὺς

2066 577 2261 632 porum
2302 563 2741 622 benevolentiam
2790 569 2962 624 voluit
3019 589 3033 628 :
3081 580 3135 626 ct
3178 572 3392 642 culpam
3434 573 3633 643 depre-

2067 667 2221 722 cans,
2255 654 2325 709 de
2356 653 2464 710 ﬁde
2501 672 2599 711 sua
2633 658 2697 712 ad
2731 674 2827 714 eos
2860 662 3101 731 scripsit,
3144 663 3417 732 simulque
3450 665 3629 733 petiit,

2065 745 2110 799 si
2140 755 2291 802 recte
2322 746 2543 815 quidem
2595 750 2869 818 crederet,
2931 762 2991 806 ut
3037 764 3093 807 et
3151 754 3257 824 ipsi
3300 758 3630 811 auctoritate

2064 852 2163 891 sua
2199 837 2250 891 id
2280 838 2693 907 conﬁrmarent,
2734 850 2790 896 et
2814 842 3125 900 Alexandro
3155 861 3222 900 ne
3252 846 3355 901 sibi
3403 848 3631 918 suisque

2063 928 2368 983 molestiam
2398 931 2706 997 exhiberet,
2744 933 3117 1000 signiﬁcarent
3156 953 3171 997 :
3204 938 3287 992 sin
3331 939 3535 1006 minus,
3571 950 3630 995 ut

2064 1020 2524 1091 quemadmodum
2574 1025 2910 1079 credendum
2960 1038 3126 1091 esset,
3169 1030 3269 1085 rite
3313 1031 3627 1086 doceretur.

2062 1114 2175 1171 Nec
2202 1131 2395 1184 parum
2431 1131 2496 1170 ea
2529 1132 2618 1172 res
2648 1119 2765 1173 Arii
2797 1122 3045 1189 partibus
3092 1124 3320 1193 profuit.
3359 1124 3627 1193 Opinione

2060 1222 2296 1276 namque
2326 1209 2420 1263 tali
2457 1210 2663 1280 ubique
2713 1215 2827 1269 fere
2868 1217 3014 1283 apud
3060 1217 3348 1287 episcopos
3388 1220 3624 1289 vulgata,

2059 1299 2368 1355 communis
2396 1302 2642 1357 omnium
2683 1304 2750 1358 de
2787 1320 2854 1360 eo
2881 1310 3112 1376 quaestio
3149 1310 3271 1364 luit.
3310 1310 3497 1382 Itaque
3528 1313 3623 1367 alii

2060 1390 2127 1445 ad
2195 1391 2565 1447 Alexandrum
2622 1395 3006 1465 scripserunt,
3062 1417 3408 1472 nequaquam
3471 1403 3625 1474 prius

2058 1481 2249 1537 Arium
2281 1483 2656 1552 recipiendum
2697 1502 2816 1543 esse
2841 1499 3020 1557 quant
3041 1491 3345 1548 solenniter
3376 1494 3626 1563 blaSphc-

2059 1573 2180 1627 miae
2209 1589 2322 1629 sua:
2350 1576 2604 1630 nuntium
2640 1580 2982 1645 remisisset,
3016 1582 3108 1636 alii
3144 1593 3333 1638 contra
3374 1585 3528 1639 illum
3564 1593 3623 1639 ut

2057 1664 2207 1734 pium
2234 1674 2288 1720 et
2324 1667 2460 1720 nihil
2493 1668 2545 1721 in
2576 1667 2700 1722 ﬁdei
2726 1669 2971 1725 doctrina
3006 1683 3295 1727 novantem
3324 1675 3507 1745 potius
3531 1679 3625 1729 de-

2058 1755 2369 1812 fenderunt.
2408 1758 2716 1815 Alexander
2747 1777 2932 1830 porro,
2961 1781 3084 1819 cum
3124 1779 3376 1821 cerneret
3420 1768 3621 1821 nmltos

380 1847 513 1911 περι
555 1839 776 1911 ’Δρειον
806 1841 1385 1910 συηαμσανομίνους,
1420 1840 1516 1894 καὶ
1543 1839 1736 1902 ἄλλους
1771 1841 1939 1909 διερε-

2055 1853 2194 1911 ιιιιιι,
2227 1862 2328 1915 per
2363 1849 2603 1917 speciem
2637 1854 3011 1908 sanctimonia:
3045 1864 3099 1908 ct
3130 1857 3433 1924 gravitatis,
3468 1860 3621 1911 Aria-

378 1929 658 1994 θίζοντας,
700 1929 1060 2000 Ἀλέξανδρον
1094 1929 1305 1984 πείθειν
1327 1931 1671 2002 είσδεχεσθαι
1703 1933 1947 2002 Ἀρειον,

379 2023 477 2076 καὶ
508 2021 755 2091 μάλιστα
784 2021 881 2074 τδν
936 2021 1314 2092 Νικομηδείας
1349 2023 1635 2089 Εὐσέϐιον,
1668 2024 1835 2096 ἄνδρα
1863 2024 1949 2077 ἔλ-

382 2112 630 2181 λόγιμον,
692 2113 968 2183 ἑκατέραν
1011 2131 1074 2167 τε
1114 2114 1366 2170 παιδείαν
1419 2117 1500 2178 είς
1560 2116 1728 2185 ἄκρον
1778 2117 1950 2188 ἀσκή-

387 2220 582 2268 σαντα,
608 2203 779 2275 τιμῆς
816 2221 879 2258 τε
902 2204 1168 2276 πλείστης
1203 2209 1261 2259 ἐν
1287 2207 1403 2270 τοῖς
1436 2205 1730 2277 βασιλείοις
1760 2207 1949 2278 εὐμοι-

390 2296 606 2367 ροῦντα,
650 2297 778 2366 περὶ
816 2297 929 2368 γὰρ
956 2298 1058 2369 τὴν
1095 2300 1469 2372 Νικομήδειαν
1493 2301 1541 2353 οί
1572 2300 1680 2371 πρὸ
1723 2302 1948 2369 Διοκλη-

381 2388 564 2441 τιανοῦ
632 2388 733 2455 τὴν
799 2389 1090 2461 διατριϐὴν
1158 2387 1327 2460 εῐχον,
1408 2391 1736 2462 διεγείρεται
1777 2407 1792 2422 ο
1850 2394 1947 2445 καὶ

379 2478 539 2532 πάλιν
562 2479 664 2532 οὐκ
684 2480 842 2551 ἀνῄει
872 2482 1123 2551 γράφων,
1162 2481 1237 2553 μὴ
1276 2482 1358 2541 είς
1419 2481 1711 2536 κοινωνίαν
1749 2482 1943 2545 αὐτοὺς

376 2570 631 2640 δέχεσθαι
657 2587 673 2606 ο
714 2572 838 2627 λίαν
868 2573 925 2626 δὲ
953 2574 1071 2636 τοῖς
1100 2572 1396 2643 γράμμασι
1428 2574 1523 2628 καὶ
1565 2572 1661 2626 τοῦ
1715 2573 1817 2642 τῆς
1847 2571 1946 2624 Νι-

376 2659 670 2729 κομηδείας
701 2659 966 2716 Εὑσεσίου
987 2661 1337 2733 καθήπτετοο
1369 2660 1405 2717 a
1436 2661 1495 2716 δὶ
1518 2660 1785 2733 ἔγραφεν,
1804 2656 1944 2734 ἦσαν

377 2767 570 2806 ταυτα.

967 2953 1220 3012 ΚΕΦΔΛ.
1245 2959 1325 3013 H'.

382 3050 592 3117 Ἐτέρα
638 3049 935 3118 ἐπιστολὴ
981 3050 1087 3105 τοῦ
1112 3054 1298 3108 αὐτοῦ
1346 3052 1666 3120 καθολικὴ,
1710 3053 1941 3117 ἀποκη-

433 3121 769 3210 egrum:an
806 3120 1093 3210 Ἀρειον-λ’
1119 3123 1538 3191 καθαπτομένη
1584 3124 1654 3176 δὲ
1703 3124 1798 3177 καί
1830 3125 1938 3180 τοῦ
1963 3150 2007 3210 c

442 3188 844 3257 Νικομηδείας
868 3190 1187 3246 Εὐσεϐίου.

450 3301 611 3364 εΤοῐς
631 3304 939 3374 ἀγαπητοῖς
981 3305 1076 3358 καὶ
1114 3305 1473 3375 τιμιωτάτοις
1502 3305 1938 3379 συλλειτουργοῖς

368 3393 485 3456 τοῖς
542 3393 868 3465 ἁπανταχοῦ
907 3395 1010 3466 τῆς
1041 3396 1343 3467 καθολικῆς
1370 3396 1709 3468 Ἐκκλησίας
1755 3398 1938 3465 Ἀλέξ-

368 3481 565 3550 ανδρος
588 3484 647 3535 ιν
683 3482 878 3554 Κυρίῳ
905 3485 1146 3556 χαίρειν.
1187 3484 1341 3551 Ἐνὸς
1372 3486 1626 3558 σώματος
1655 3490 1808 3555 δντος
1838 3493 1936 3563 τῆς

367 3572 671 3641 καθολικῆς
722 3574 1078 3645 Ἐκκλησίας,
1131 3576 1352 3649 ιντολῆς
1389 3596 1450 3633 τε
1488 3579 1657 3652 οὔσης
1706 3582 1764 3635 ὲν
1814 3585 1936 3648 ταῖς

369 3664 549 3727 θείαις
589 3665 836 3736 Γραφαϊς
866 3670 1054 3740 τηρεῖν
1076 3669 1169 3722 τὸν
1200 3669 1500 3742 σύνδεσμον
1542 3673 1644 3743 τῆς
1681 3675 1934 3745 ὁμονοίας

371 3755 473 3807 καὶ
523 3756 768 3828 εἰρήνης,
825 3758 1124 3812 ἀκόλουθόν
1176 3762 1295 3814 ἐστι
1345 3764 1581 3833 γράφειν
1631 3766 1779 3834 ἡμᾶς
1838 3769 1932 3819 καὶ

369 3846 670 3915 σημαίνειν
725 3848 976 3920 ἀλλήλοις
1021 3849 1089 3904 τὰ
1133 3850 1269 3922 παρ’
1310 3852 1564 3919 ἑκάστοις
1627 3856 1886 3925 γινόμενα
1912 3874 1926 3888 ·

365 3936 459 3990 ἕνα
491 3938 603 3991 εἴτε
637 3939 832 4011 πάσχει
859 3941 976 3995 είτε
1004 3944 1188 4014 χαίρει
1212 3942 1272 3998 ἓν
1321 3943 1506 4016 μέλος,
1536 3945 1569 4017 ἢ
1598 3950 1940 4019 συμπάσχωέ

361 4027 536 4097 μενῆ
602 4030 994 4102 συγχαίρωμεν
1058 4033 1330 4105 ἀλλήλοις.
1403 4034 1491 4088 Ἐν
1541 4036 1607 4107 τῇ
1680 4038 1928 4107 ἡμετέρᾳ

364 4122 542 4175 τοίνυν
570 4124 837 4192 παροικίᾳ
864 4123 1090 4194 ἐξῆλθον
1120 4124 1218 4178 νῦν
1270 4125 1464 4197 ἄνδρες
1495 4129 1805 4198 παράνομοι
1833 4129 1926 4182 καὶ

359 4212 402 4264 Χ
415 4212 764 4281 ριστομάχοι,
804 4213 1152 4278 διδάσκοντες
1181 4216 1554 4271 ἀποστασίαν·
1592 4217 1660 4289 ἢν
1696 4219 1926 4281 εἰκότως

358 4304 425 4355 ἄν
461 4319 545 4365 τις
604 4304 916 4373 πρόδρομον
969 4308 1067 4359 τοῦ
1121 4307 1502 4379 Ἀντιχρίστου
1545 4312 1790 4380 νομίσειε
1831 4312 1924 4363 καὶ

2051 1952 2153 1992 nos
2195 1938 2262 1992 ad
2299 1954 2358 1993 se
2404 1940 2696 1997 admittere
2735 1962 2748 1997 :
2794 1947 2997 1999 multos
3030 1948 3196 2001 etiam
3249 1950 3528 2020 instigare,
3560 1960 3621 2006 ιιι

2050 2027 2168 2097 ipse
2196 2029 2266 2085 ad
2307 2032 2682 2101 recipiendum
2718 2036 2771 2088 in
2806 2036 3037 2105 gratiam
3086 2039 3274 2092 Arium
3321 2042 3620 2109 persuade-

2050 2128 2203 2175 retur
2256 2139 2271 2177 :
2320 2124 2556 2180 maxime
2604 2141 2735 2182 vero
2781 2128 3081 2183 Eusebium
3118 2130 3614 2198 Nicomediensem,

2049 2212 2227 2266 virum
2288 2217 2655 2285 praeclarum,
2709 2231 2875 2290 atque
2930 2214 2984 2274 in
3045 2230 3278 2292 utraque
3324 2223 3614 2294 disciplina

2047 2318 2260 2360 summe
2282 2319 2584 2374 versatum,
2611 2320 2666 2365 et
2699 2310 2752 2365 in
2784 2313 3052 2382 imperiali
3083 2316 3285 2384 palatio
3316 2317 3610 2385 plurimum

2049 2394 2373 2450 Itanoratum
2412 2400 2704 2469 (siquidem
2732 2404 3082 2472 Nicomediae,
3118 2410 3210 2476 qui
3250 2420 3375 2463 ante
3404 2410 3617 2465 Diocle-

2034 2485 2254 2545 tianum
2288 2487 2444 2544 fuere
2488 2492 2791 2562 principes,
2830 2497 3221 2566 imperatorum
3268 2498 3610 2554 domicilium

2045 2579 2469 2653 constituerant)
2492 2584 2731 2653 seipsum
2759 2590 2980 2655 excitat,
3005 2599 3167 2660 atque
3197 2592 3305 2646 illis
3335 2593 3608 2659 rescribit,

2044 2669 2277 2726 Arianos
2331 2687 2391 2728 se
2447 2677 2514 2728 ad
2568 2680 3011 2736 communionem
3064 2698 3173 2735 non
3234 2694 3606 2752 recepturum.

2040 2761 2351 2817 Admodum
2393 2775 2576 2820 autem
2611 2767 2810 2826 litteris
2843 2773 2958 2828 suis
2992 2773 3466 2831 Nicomediensem
3499 2777 3609 2832 Ειι-

2044 2849 2258 2906 sebium
2288 2855 2600 2924 pertrinxit,
2635 2845 2755 2929 quae
2783 2862 2863 2917 sic
2893 2864 3114 2920 habent.

2630 2972 2851 3030 CAPUT
2892 2977 3026 3033 νιιι.

2041 3055 2420 3146 Αίὶαςῇιιειζειη
2470 3066 2691 3133 epistola
2734 3068 2936 3146 publica
2966 3075 3227 3146 universis
3268 3079 3488 3146 scripta,
3548 3081 3605 3134 in

2111 3143 2216 3250 κισ
2248 3131 2400 3184 Arius
2425 3131 3014 3194 exbommunicaturﬁn
3032 3160 3136 3210 qua
3166 3148 3322 3200 etiam
3353 3131 3604 3204 ἐυεέδειεὲ

2164 3199 2428 3250 icomediu:
2461 3206 2728 3250 eniscnnus
2761 3212 3129 3250 "preti-innum-

2164 3199 2428 3255 icomedt'tc
2461 3206 2728 3275 episcopus
2756 3199 3150 3279 perstringiiur.

2120 3328 2139 3362 ι
2177 3309 2529 3370 Charissimis
2552 3317 2629 3388 (1)
2652 3327 2706 3373 et
2738 3322 3236 3389 reverendissimis,
3268 3328 3360 3398 qui
3397 3330 3602 3401 ubique

2038 3413 2190 3467 sunt,
2213 3420 2314 3475 per
2337 3407 2661 3464 catholicam
2687 3411 3009 3481 Ecclesiam,
3027 3418 3271 3488 collegis,
3295 3421 3603 3479 Alexander

2039 3494 2092 3547 in
2131 3495 2364 3553 Domino
2410 3500 2663 3557 salutem.
2710 3502 2847 3558 Cum
2894 3520 3095 3576 corpus
3153 3526 3319 3566 unum
3365 3514 3438 3567 sit
3483 3516 3597 3584 ipsa

2035 3585 2304 3641 catholica
2337 3587 2603 3654 Ecclesia,
2630 3604 3072 3666 praeceptumque
3102 3610 3280 3655 exstet
3312 3601 3365 3657 in
3399 3606 3600 3663 divinis

2034 3674 2255 3739 litteris,
2292 3691 2351 3732 ut
2399 3682 2678 3736 vinculum
2729 3688 3041 3743 concordia:
3083 3700 3139 3745 et
3185 3694 3332 3761 pacis
3363 3699 3600 3753 retinea-

2035 3782 2177 3826 mus.
2212 3784 2524 3840 peraequum
2550 3784 2629 3829 est
2662 3785 2722 3832 ut
2746 3778 2867 3832 aliis
2898 3781 2989 3836 alii
3019 3782 3274 3851 invicem,
3298 3802 3418 3856 quae
3445 3791 3594 3859 apud

2032 3873 2278 3927 quosque
2325 3861 2602 3930 accidunt,
2657 3869 3085 3937 perscribanius,
3138 3885 3197 3929 ut
3239 3880 3355 3932 sive
3413 3881 3595 3938 doleat

2030 3962 2125 4001 seu
2162 3947 2378 4003 lauetur
2427 3954 2730 4010 membrum
2776 3975 2970 4024 unum.
3025 3963 3127 4033 ipsi
3181 3966 3324 4023 inter
3370 3987 3469 4028 nos
3505 3975 3591 4029 vel

2030 4039 2422 4098 condoleamns
2451 4045 2537 4098 vel
2572 4053 3041 4118 congratulemur.
3092 4058 3146 4112 In
3186 4060 3427 4118 Ecclesia
3455 4082 3589 4123 sane

2029 4138 2215 4185 nostra
2265 4146 2695 4193 exsurrexerunt
2726 4157 2874 4197 nunc
2911 4146 3010 4199 viri
3068 4148 3240 4220 iniqui
3291 4164 3344 4207 et
3379 4154 3587 4213 Christi

2029 4222 2258 4287 inimici,
2290 4224 2650 4284 defectionem
2694 4232 2973 4296 docentes,
3012 4238 3173 4310 547
3227 4260 3389 4313 quam
3441 4260 3588 4305 recte

2026 4315 2203 4384 quivis
2253 4310 2648 4387 praecursorem
2692 4326 3015 4383 Antichristi
3072 4310 3471 4392 existimaverit
3500 4350 3585 4394 at-

357 4395 629 4449 καλέσειε.
660 4396 769 4448 Καὶ
786 4396 1090 4467 ἐϐουλόμην
1128 4399 1229 4466 μὲν
1277 4402 1459 4469 σιωπῇ
1492 4399 1829 4470 παραδοῦναι
1859 4401 1922 4453 τὸ

2042 4423 2130 4477 [ne
2159 4410 2375 4465 dixerit.
2412 4413 2810 4471 Constitueram
2835 4423 3085 4489 equidem
3114 4427 3166 4478 id
3192 4429 3411 4484 silentio
3433 4448 3551 4487 cum
3569 4463 3585 4474 -

354 4483 622 4549 τοιοῦτον,
649 4486 717 4537 ἶν’
746 4486 877 4550 ἴσως
902 4488 962 4539 ὲν
993 4489 1108 4550 τοῖς
1161 4489 1499 4552 ἀποστάταις
1553 4491 1737 4560 μόνοις
1792 4491 1923 4545 ἀνα-

2042 4498 2261 4564 nittere,
2298 4509 2355 4554 ut
2390 4500 2528 4557 forte
2568 4505 2711 4561 inter
2735 4509 2882 4563 solos
2911 4512 3224 4570 desertores
3253 4521 3450 4574 malum
3483 4523 3586 4578 hoc

353 4577 500 4648 λωθῇ
532 4577 595 4630 τὸ
640 4580 836 4645 κακον,
865 4581 966 4633 καὶ
1001 4582 1076 4652 μὴ
1099 4583 1179 4645 είς
1218 4582 1445 4652 ἑτέρους
1479 4584 1680 4647 τόπους
1707 4583 1939 4656 διαϐὰν,

2042 4603 2460 4660 :onsumerctnr,
2490 4610 2667 4665 neque
2695 4599 2745 4651 in
2774 4600 2889 4655 loca
2925 4604 3027 4657 alia
3059 4622 3428 4674 progressum,
3457 4631 3591 4670 sm-

352 4674 588 4746 ῥυπώσῃ
614 4675 777 4729 τινῶν
812 4675 1091 4746 ἀκεραίων
1114 4678 1213 4737 τὰς
1252 4677 1423 4740 ἀκοάς
1448 4693 1466 4710 ο
1496 4678 1685 4747 ἐπειδὴ
1715 4678 1771 4731 δὲ
1817 4676 1923 4729 Εὐ-

2042 4681 2246 4736 ιιὶοἰιιηι
2279 4688 2639 4753 quorumdam
2680 4704 2841 4745 aures
2871 4701 3290 4754 contaminaret.
3322 4704 3584 4765 Quando.

354 4764 536 4829 σέδιος
561 4767 589 4818 ό
636 4764 735 4820 νῦν
766 4769 825 4819 ὲν
853 4769 921 4836 τῇ
951 4766 1312 4840 Νικομηδείᾳ,
1346 4768 1582 4839 νομίσας
1636 4769 1724 4821 ἐπ’
1754 4769 1918 4823 αὑτοῦ

351 4853 570 4907 κεῖσθαι
617 4854 686 4907 τὰ
726 4853 827 4924 τῆς
895 4854 1250 4925 Ἐκκλησίας,
1303 4856 1388 4909 ότι
1440 4856 1772 4927 καταλείψας
1819 4860 1917 4930 τὴν

349 4940 617 5014 Βηρυτὸν,
644 4945 740 4998 καὶ
763 4947 1185 5017 ὲποςρθαλμίσας
1230 4950 1297 5019 τῇ
1325 4947 1628 5020 Ἐκκλησία
1667 4949 1917 5021 Νικομη-

344 5035 503 5099 δέων,
531 5036 633 5088 οὐκ
666 5036 1014 5106 ἑκδεδίκηται
1057 5038 1127 5090 τὰ
1187 5041 1311 5091 κατ’
1349 5038 1533 5106 αὑτὸν,
1587 5042 1916 5110 προΐσταται

347 5124 445 5175 καὶ
470 5124 677 5176 τούτων
706 5124 817 5177 τῶν
842 5123 1191 5192 ἀποστατῶν,
1213 5129 1305 5180 καὶ
1331 5130 1568 5198 γράφειν
1590 5133 1913 5202 ἐπεχείρησε

345 5213 651 5284 πανταχοῦ,
685 5215 952 5269 συνιστῶν
978 5217 1200 5282 αὐτοὺς,
1250 5218 1340 5274 ἵνα
1392 5220 1468 5291 μὴ
1501 5220 1633 5286 ἴσως
1664 5222 1912 5294 ὑποσύρῃ

340 5305 499 5369 τινὰς
529 5307 867 5374 ἀγνοοῦντας
899 5311 978 5370 είς
1005 5308 1103 5377 τὴν
1142 5311 1378 5382 ἐσχάτην
1400 5312 1495 5366 καὶ
1525 5314 1912 5387 Χριστομὰχον

342 5395 583 5465 αἵρεσιν,
613 5399 861 5468 ἀνάγκην
906 5401 1089 5471 ἔσχον,
1118 5402 1274 5465 εἰδὼς
1304 5404 1366 5456 τὸ
1411 5407 1468 5457 ὲν
1501 5405 1579 5475 τῷ
1632 5406 1784 5477 νόμῳ
1823 5425 1914 5475 γε-

346 5489 948 5562 γραμμένον,ξμηκέτι
1011 5494 1113 5563 μὶν
1157 5496 1457 5565 σιωπῆσαι,
1504 5498 1822 5567 ἀναγγεῖλαι
1855 5502 1911 5554 δὲ

348 5584 520 5638 πᾶσιν
552 5585 814 5653 ὑμῖν,ἴνα
844 5588 1155 5660 γινώσκητε
1194 5591 1323 5655 τούς
1357 5609 1417 5644 τε
1466 5593 1780 5657 ἀποστάτας
1814 5613 1907 5665 γε·

416 5747 490 5815 (ι)
520 5747 796 5807 Socrates.
837 5751 1035 5807 Ecclcs.
1072 5753 1256 5807 histor.
1290 5753 1387 5811 lib.
1426 5769 1463 5820 ι,
1494 5744 1612 5825 cap.
1638 5755 1694 5811 6.

2022 4772 2243 4842 quidem
2282 4792 2412 4830 vero
2463 4778 2753 4843 Eusebius,
2791 4785 2883 4852 qui
2937 4803 3082 4842 nunc
3114 4790 3446 4849 Nicomrdia:
3476 4808 3582 4863 cst,

2021 4865 2073 4918 in
2109 4880 2168 4918 se
2196 4867 2453 4923 Ecclesiae
2501 4886 2589 4925 res
2618 4874 2752 4928 sitas
2784 4892 2904 4930 esse
2940 4882 3262 4936 existimans
3297 4890 3582 4955 (quoniam

2020 4958 2075 5011 in
2106 4974 2257 5022 eum,
2289 4969 2437 5031 quod
2482 4964 2679 5037 Beryto
2712 4968 2920 5033 relicta,
2957 4974 3135 5029 oculis
3166 4978 3487 5048 cupiditatis
3525 4982 3582 5037 ir.

2016 5052 2808 5125 Nicomedienscijcclesiam
2843 5068 3090 5138 adjectis,
3120 5086 3239 5126 eam
3275 5086 3586 5132 assectatus

2016 5151 2121 5208 est,
2165 5144 2409 5214 legitime
2453 5149 2791 5207 vindicatum
2824 5171 2933 5210 non
2964 5162 3093 5229 est),
3126 5167 3459 5231 patrocinari
3486 5168 3584 5222 de-

2014 5236 2320 5291 sertoribus
2364 5239 2505 5308 istis,
2554 5252 2609 5297 et
2648 5244 2714 5299 ad
2760 5246 2875 5303 loca
2916 5253 3122 5319 quaevis
3173 5257 3436 5314 scribere.
3481 5272 3582 5312 eos

2016 5332 2431 5400 commendans,
2479 5336 2668 5406 cmpit,
2714 5355 2783 5395 ne
2837 5343 2978 5396 forte
3021 5346 3335 5414 ignorantes
3363 5348 3577 5417 aliquos

2016 5417 2072 5473 in
2112 5431 2410 5477 extremam
2458 5435 2514 5480 et
2554 5428 2759 5485 Christi
2820 5433 3095 5488 inimicam
3143 5437 3391 5491 haeresim
3442 5457 3568 5509 pcr-

2017 5512 2214 5576 traltat,
2251 5529 2477 5570 necesse
2526 5518 2725 5587 habeo,
2761 5522 2811 5575 id
2853 5524 2998 5593 quod
3043 5526 3093 5577 in
3144 5526 3262 5596 lege
3304 5533 3573 5600 scriptum

2014 5613 2092 5657 est
2125 5607 2386 5662 memoria
2422 5618 2635 5677 tenens,
2673 5616 2905 5683 amplius
2933 5632 3041 5670 non
3073 5618 3255 5685 silcrc,
3290 5624 3380 5677 sed
3418 5634 3578 5680 ι·υὲ;ιϐ
