3972 6200
379 368 452 431 39
1547 362 1980 426 NlCEPHORI
2016 362 2365 428 CALLISTI
3551 366 3623 429 ιο

372 499 485 537 rem
543 493 665 536 eam
724 479 985 534 omnibus
1031 476 1386 543 annuntiare,
1437 483 1499 532 ut
1540 486 1598 532 et
1642 476 1951 531 defectores

2071 480 2316 550 νομένους
2340 480 2434 534 καὶ
2464 480 2533 533 τὰ
2551 479 2651 550 τῆς
2681 481 2950 553 αἱρέσεως
2999 478 3184 534 αὐτῶν
3244 479 3481 548 δύστηνα
3529 480 3626 549 ῥή-

372 574 525 643 ipsos
555 582 722 643 atque
763 571 1109 641 inauspicata
1150 584 1343 625 eorum
1371 570 1538 625 verba
1565 570 1946 640 cognoscatis:

369 676 425 721 et
470 681 595 721 cum
648 666 923 720 Eusebius
974 661 1284 734 scripserit,
1324 661 1572 716 animum
1630 661 1697 717 ad
1731 661 1948 717 litteras

368 757 487 828 ejus
515 771 623 810 non
651 739 968 809 attendatis.
994 752 1213 805 Dudum
1237 764 1474 820 namque
1501 748 1946 804 malevolentiam

373 864 534 902 suam
571 856 821 916 tempore
862 845 1217 910 occultatam,
1265 858 1413 899 nunc
1453 841 1674 897 tandem
1711 856 1811 910 per
1846 840 1949 895 bos

370 955 642 994 renovare
677 937 894 1001 volens,
928 952 1039 1007 prae
1067 952 1128 991 se
1171 935 1279 990 fert
1310 935 1402 989 ille
1430 934 1651 1004 quidem
1688 940 1947 1001 tanquam

371 1046 475 1101 pro
524 1031 612 1084 liis
658 1029 889 1095 scribat,
936 1043 1132 1084 revera
1189 1037 1374 1083 autem
1415 1040 1515 1095 pro
1562 1024 1745 1093 seipse
1795 1022 1848 1075 id
1892 1036 1951 1074 se

374 1121 628 1177 studiose
680 1120 865 1174 facere
917 1118 1189 1171 declarat.
1244 1114 1307 1170 Et
1356 1115 1670 1168 desertores
1727 1109 1949 1180 quidem

371 1223 523 1275 sunt.
577 1213 765 1278 Arius,
806 1209 1072 1274 Achillas,
1126 1207 1393 1269 Aithales,
1444 1204 1752 1274 Carpones,
1812 1203 1953 1254 alter

371 1304 563 1368 Arius,
587 1302 889 1368 Sarmates,
913 1301 1175 1365 Euzoius,
1198 1297 1425 1362 Lucius,
1449 1295 1719 1357 Julianus,
1745 1293 1950 1356 Menas,

372 1396 676 1463 llelladius,
707 1396 896 1460 Caius,
926 1404 980 1450 et
1007 1408 1132 1448 cum
1163 1392 1244 1446 eis
1278 1389 1567 1443 Secundus
1588 1395 1643 1442 et
1671 1386 1951 1447 Theonas,

373 1487 676 1557 aliquando
697 1484 946 1555 episcopi
975 1482 1131 1537 dicti.
1160 1481 1292 1548 Quae
1320 1494 1454 1533 vero
1483 1487 1675 1532 contra
1703 1477 1954 1545 Scriptu-

373 1593 464 1632 ras
518 1578 813 1632 adinventa
871 1575 1097 1641 docent,
1152 1575 1267 1627 hare
1318 1581 1446 1627 sunt
1499 1587 1514 1624 :
1565 1570 1686 1624 Non
1737 1584 1955 1638 semper

2056 572 2240 641 ματαξο
2266 572 2362 625 καὶ
2397 572 2493 625 ἐὰν
2522 571 2711 643 γράφῃ
2746 572 3031 637 Εὐσέϐιος,
3067 571 3144 641 μὴ
3177 570 3481 640 πρόσχητε.
3511 569 3628 637 Τὴν

2052 662 2223 716 πάλαι
2244 663 2355 731 γάρ
2388 662 2552 715 αὐτοῦ
2583 662 2877 715 κακόνοιαν
2902 663 3001 732 τὴν
3044 661 3223 731 χρόνῳ
3248 656 3624 727 σιωπηθιῘσαν

2051 752 2151 808 νῦν
2180 754 2270 807 διὰ
2287 753 2498 808 τούτων
2516 754 2825 807 ἀνανεῶσαι
2851 752 3198 824 βουλόμενος,
3226 746 3624 821 σχηματίξεται

2056 843 2158 913 μὲν
2187 845 2262 909 ὡς
2296 844 2440 913 ὑπὲρ
2485 844 2692 897 τούτων
2741 844 2975 912 γράφων
2996 882 3010 907 ,
3044 843 3193 914 ιργῳ
3239 840 3298 894 δὲ
3330 840 3627 902 δείκνυσιν,

2052 934 2129 997 ὡς
2163 934 2246 987 ὄτι
2276 935 2420 1005 ὑπὲρ
2456 933 2653 987 ἑαυτοῦ
2684 934 3002 997 σπουδάζων
3030 933 3190 986 τοῦτο
3240 932 3409 984 ποιεῖ.
3436 929 3498 981 Οἱ
3531 928 3628 995 μὶν

2052 1026 2147 1079 οὖν
2177 1029 2486 1080 ἀποστάται
2535 1027 2679 1079 εἰσὶν
2713 1026 2958 1094 Ἄρειος,
3005 1023 3279 1093 Ἀχιλλᾶς,
3314 1017 3628 1088 ’Λειθαλὴς,

2055 1118 2149 1171 καὶ
2179 1118 2517 1187 Καρπὼνης,
2553 1116 2648 1168 καὶ
2674 1116 2860 1184 ἕτερος
2888 1115 3127 1185 Ἄρειος,
3168 1112 3273 1165 καὶ
3307 1113 3380 1164 Σα
3394 1108 3631 1180 ρμὰτης,

2054 1216 2147 1266 καὶ
2171 1212 2433 1278 Εὐζώῖος,
2477 1214 2574 1266 καὶ
2606 1211 2857 1276 Λούκιος,
2917 1212 3014 1264 καὶ
3041 1209 3353 1272 Ἰουλιανὸς,
3382 1207 3478 1261 καὶ
3509 1208 3632 1275 Μη-

2055 1310 2177 1373 νᾶς,
2216 1309 2312 1360 καὶ
2347 1305 2650 1371 Ἐλλάδιος,
2689 1305 2997 1367 καὶ-Γάϊος,
3030 1306 3122 1357 καὶ
3167 1303 3265 1357 σὺν
3301 1302 3499 1362 αὐτοῖς
3530 1300 3633 1352 Σε-

2056 1400 2286 1463 κοῦνδος
2314 1402 2411 1452 καὶ
2435 1400 2662 1463 Θεωνᾶς
2692 1401 2742 1452 oi
2771 1398 2905 1453 ποτε
2966 1398 3255 1467 λεχθέντες
3312 1395 3630 1448 ἐπίσκοποι.

2058 1493 2195 1544 ῐιοῖα
2239 1490 2299 1543 δὲ
2345 1491 2499 1562 παρὰ
2527 1490 2626 1554 τὰς
2675 1492 2899 1559 Γραφάς
2959 1488 3290 1560 ἐφευρόντες
3343 1484 3629 1546 λαλοῦσιν,

2058 1582 2177 1635 ἔστι
2210 1581 2407 1637 ταῦτα.
2440 1582 2555 1635 Οὔκ
2590 1582 2678 1635 ἀεὶ
2708 1584 2735 1635 6
2766 1582 2898 1644 Θεὸς
2935 1581 3113 1650 πατὴρ
3171 1576 3262 1650 ἦν,
3298 1576 3410 1630 ἀλλ’
3447 1572 3515 1646 ἦν
3541 1574 3631 1626 ὅτε

374 1670 517 1723 Deus
564 1677 721 1740 pater
769 1678 925 1732 erat,
974 1666 1071 1721 sed
1120 1676 1241 1720 erat
1289 1679 1411 1718 cum
1465 1662 1605 1716 Deus
1642 1670 1798 1730 pater
1846 1676 1953 1714 non

2071 1671 2082 1721 l
2113 1668 2246 1731 Θεὸς
2282 1669 2463 1738 πατὴρ
2499 1670 2600 1722 οὐκ
2624 1665 2725 1739 ἦν’
2759 1670 2860 1722 οὐκ
2911 1667 2998 1719 ἀεὶ
3049 1666 3142 1719 οὖν
3190 1662 3259 1737 ἦν
3310 1667 3339 1717 6
3370 1662 3466 1716 τοῦ
3496 1658 3633 1713 Θεοῦ

373 1768 494 1814 erat
531 1780 545 1815 :
580 1775 689 1813 non
730 1774 947 1827 semper
971 1758 1138 1827 igitur
1175 1757 1270 1810 Dei
1302 1754 1542 1809 Verbum
1574 1763 1713 1819 erat,
1759 1753 1855 1807 sed
1886 1768 1954 1806 ex

2060 1761 2257 1825 Λόγος,
2291 1760 2408 1813 ἀλλ’
2444 1761 2502 1826 ἐξ
2538 1763 2640 1813 οὐκ
2663 1761 2834 1814 ὄντων
2862 1762 3107 1827 γέγονεν.
3154 1757 3214 1811 '0
3248 1756 3359 1826 γὰρ
3393 1753 3470 1806 ὢν
3500 1750 3634 1810 Θεὸς

375 1868 485 1908 non
520 1852 919 1907 exsistentibus
954 1852 1158 1905 factum
1194 1857 1300 1904 est.
1326 1847 1429 1915 Qui
1466 1846 1613 1899 enim
1645 1854 1762 1900 erat
1798 1846 1961 1912 Deus,

2071 1850 2135 1902 τὰ
2162 1850 2237 1920 μὴ
2267 1851 2397 1904 ὄντα
2428 1853 2491 1904 ὲκ
2522 1852 2613 1904 τοῦ
2673 1851 2748 1921 μὴ
2776 1851 2929 1911 ὄντος
2966 1849 3263 1918 πεποίηκε.
3318 1847 3411 1898 Διὸ
3440 1845 3531 1897 καὶ
3568 1839 3637 1913 ἦν

380 1962 508 2000 enm
541 1945 635 2014 qui
686 1959 797 1998 non
834 1952 975 2010 erat,
1009 1960 1075 1998 ex
1109 1958 1214 1997 non
1246 1942 1547 1997 exsistente
1588 1939 1735 1993 fecit.
1771 1937 1958 2008 itaque

377 2037 682 2106 aliquando
727 2045 847 2091 erat
896 2046 1135 2104 tempus,
1186 2048 1311 2088 cum
1348 2047 1459 2086 non
1502 2039 1644 2097 erat,
1679 2030 1958 2100 siquidem

376 2139 632 2183 creatura
666 2136 719 2180 et
763 2126 974 2179 factura
1018 2132 1104 2178 est
1137 2123 1328 2178 Filius.
1375 2122 1564 2192 Neque
1597 2136 1727 2175 vero
1761 2108 1961 2176 similis

378 2220 693 2274 substantia
720 2228 806 2273 est
839 2218 1005 2281 Patri,
1035 2232 1213 2286 neque
1238 2232 1427 2269 verum
1461 2226 1515 2270 et
1546 2215 1793 2270 naturale
1831 2215 1964 2271 Ver-

389 2313 522 2367 bum
559 2310 733 2365 Patris
772 2320 878 2374 est,
908 2324 1087 2379 neque
1118 2309 1283 2363 etiam
1323 2322 1449 2361 vera
1496 2308 1763 2377 sapientia
1796 2308 1914 2378 ejus
1945 2326 1959 2361 :

389 2404 485 2459 sed
531 2417 675 2456 unus
708 2402 931 2471 quidem
968 2418 1033 2456 ex
1067 2401 1271 2454 creatis
1312 2410 1367 2452 et
1409 2398 1567 2454 factis
1592 2408 1697 2464 est,
1737 2398 1965 2453 abusive

380 2505 566 2551 autem
598 2495 841 2551 Verbum
871 2503 929 2547 et
962 2491 1243 2561 Sapientia
1278 2494 1477 2545 factus.
1514 2490 1579 2542 Et
1608 2491 1723 2559 ipse
1752 2490 1806 2542 in
1836 2505 1965 2558 pru-

379 2589 505 2656 prio
534 2603 631 2641 seu
656 2588 843 2640 nativo
873 2585 969 2638 Dei
996 2584 1204 2649 Verbo,
1234 2592 1289 2636 et
1321 2584 1375 2636 in
1412 2581 1508 2636 Dei
1547 2581 1829 2651 Sapientia
1856 2592 1963 2646 est,

382 2677 437 2731 in
463 2691 571 2746 qua
614 2684 671 2729 et
695 2674 881 2728 omnia
913 2683 969 2729 et
1000 2673 1176 2743 ipsum
1216 2688 1435 2741 quoque
1466 2671 1597 2725 fecit
1628 2670 1792 2724 Deus.
1836 2671 1970 2724 Pro-

382 2777 571 2837 pterea
596 2767 763 2821 etiam
802 2765 1103 2820 mutationi
1131 2774 1186 2819 et
1218 2764 1532 2819 alterationi
1568 2773 1765 2817 natura
1790 2764 1966 2819 obno-

381 2862 507 2915 xius
551 2867 656 2921 est,
699 2859 863 2913 sicuti
894 2857 1081 2912 omnia
1112 2873 1335 2926 quoque
1375 2857 1692 2911 rationalia.
1721 2856 1969 2927 Peregri-

385 2968 518 3007 num
564 2967 787 3022 quoque
826 2959 881 3005 et
923 2951 1161 3005 alienum
1208 2958 1668 3020 segregatumque
1702 2956 1787 3003 est
1835 2950 1970 3004 Ver-

384 3043 516 3097 bum
560 3057 589 3096 a
626 3042 935 3097 substantia
979 3042 1096 3095 Dei.
1130 3041 1199 3095 Et
1248 3040 1643 3096 inenarrabilis
1676 3048 1762 3095 est
1801 3038 1969 3097 Pater

385 3134 527 3190 Filio
564 3151 578 3189 :
608 3150 789 3204 neque
812 3135 961 3189 enim
986 3132 1231 3204 perfecte
1258 3148 1486 3207 cernere
1515 3141 1698 3202 potest
1728 3133 1968 3189 Verbum

385 3226 629 3293 Patrem,
664 3242 846 3297 neque
878 3227 1131 3297 perfecte
1176 3238 1231 3281 et
1260 3238 1412 3282 certo
1449 3240 1574 3281 eum
1609 3241 1967 3297 cognoscere.

387 3317 554 3391 548
590 3319 809 3374 Etenim
865 3335 1020 3373 Suam
1083 3320 1254 3389 ipsius
1303 3334 1523 3389 quoque
1579 3319 1965 3386 substantiam,

387 3414 466 3463 uti
522 3420 627 3477 est,
664 3410 833 3464 Filius
874 3427 979 3464 non
1028 3411 1182 3465 novit
1233 3428 1247 3464 :
1303 3420 1531 3480 prepter
1580 3425 1681 3465 nos
1718 3425 1962 3481 namque

387 3502 566 3558 factus
601 3514 706 3570 ρει,
742 3513 798 3557 ιιι
829 3520 928 3559 nos
972 3520 1071 3573 per
1111 3520 1262 3569 eum,
1301 3503 1470 3558 veluti
1510 3505 1966 3571 instrumentum,

389 3603 605 3649 erraret
638 3596 781 3651 Deus
814 3616 826 3649 :
865 3612 1045 3665 neque
1081 3596 1128 3651 is
1163 3596 1524 3663 substitisset,
1547 3595 1654 3650 nisi
1689 3612 1791 3651 nos
1827 3596 1971 3650 Deus

391 3702 584 3742 creare
624 3689 919 3744 voluisset.
959 3689 1192 3758 Rogavit
1232 3690 1399 3760 igitur
1429 3705 1525 3745 eos
1560 3688 1807 3759 quidam.
1843 3687 1974 3741 Pus-

393 3790 550 3835 setne
578 3781 821 3837 Verbum
851 3782 947 3836 Dei
980 3782 1205 3846 mutari,
1246 3784 1410 3838 sicuti
1443 3783 1697 3836 diabolus
1728 3790 1971 3836 mutatus

393 3873 518 3927 est?
571 3882 736 3943 atque
789 3874 867 3927 illi
934 3873 1269 3944 respondere
1325 3889 1437 3928 non
1505 3872 1969 3937 reiermidarunt,

391 3964 564 4021 Posse
606 3984 620 4020 :
652 3967 938 4022 mutabilis
962 3967 1107 4021 enim
1139 3977 1347 4022 naturae
1381 3981 1524 4029 esse,
1550 3966 1891 4036 generatieni
1919 3976 1976 4021 et

395 4059 691 4112 mutationi
725 4059 1052 4113 obnoxium.
1086 4058 1213 4113 Hec
1242 4059 1514 4122 dicentes.
1559 4068 1724 4128 atque
1758 4059 1845 4114 liis
1871 4060 1976 4113 im-

396 4154 671 4218 pudenter
714 4166 838 4205 sese
870 4151 1220 4204 venditantes
1254 4150 1509 4213 Arianos,
1554 4158 1978 4220 sectatoresque

398 4256 614 4309 eorum,
659 4258 761 4298 nos
807 4243 1027 4311 quidem
1061 4258 1186 4297 cum
1235 4241 1509 4314 Egyptiis
1551 4253 1608 4297 et
1658 4243 1853 4297 vicinis
1888 4241 1979 4296 Li-

402 4334 555 4405 bycis
599 4333 716 4387 fere
764 4344 987 4388 centum
1041 4349 1273 4388 numero
1337 4334 1648 4403 episeopis,
1701 4341 1977 4393 conventu

402 4435 571 4489 acto,
624 4425 973 4479 anathemate
1035 4425 1432 4497 jugulavimus.
1505 4423 1779 4477 Eusebius
1848 4440 1981 4479 vero

2064 1943 2194 1996 ποτὲ
2224 1945 2312 1996 ὅτε
2352 1945 2452 1997 οὐκ
2481 1940 2569 2015 ἦν.
2608 1945 2829 2014 Κτίσμα
2859 1943 2969 2013 γάρ
3021 1946 3138 1995 ἐστι
3200 1941 3297 1994 καὶ
3331 1937 3545 2008 ποίημα
3608 1937 3638 1987 6

2068 2035 2217 2097 Υἱός.
2254 2035 2394 2089 Οῡτε
2430 2037 2485 2089 δὲ
2520 2037 2706 2106 ὅμοιος
2752 2036 2877 2089 κατ’
2911 2035 3098 2088 οὐσίαν
3129 2034 3207 2103 τῷ
3236 2031 3408 2101 Πατρί
3463 2031 3636 2095 ἐστιν,

2065 2126 2187 2180 οὔτε
2222 2128 2498 2196 ἀληθινὸς,
2528 2130 2623 2181 καὶ
2674 2127 2836 2196 φύσει
2863 2130 2959 2179 τοῦ
2992 2126 3205 2194 Πατρδξ
3239 2124 3413 2190 Λὸγος
3445 2121 3597 2174 ἐστίν
3618 2134 3635 2153 ’

2018 2289 2024 2295 .
2065 2219 2189 2271 οὔτε
2213 2219 2444 2289 ἀληθινὴ
2472 2221 2636 2289 σοφία
2663 2221 2830 2274 αὐτοῦ
2873 2221 3022 2272 ἐστίν
3047 2234 3063 2250 ⁸
3096 2217 3212 2272 ἀλλ’
3247 2214 3325 2280 εἷς
3374 2219 3473 2285 μὲν
3526 2216 3638 2265 τῶν

2069 2312 2398 2379 ποιημάτων
2434 2314 2530 2364 καὶ
2550 2310 2831 2381 γεννητῶν
2858 2311 2975 2363 ἐστι
3002 2324 3019 2340 ⁸
3075 2306 3533 2378 καταχρηστικῶς
3581 2303 3639 2355 δὲ

2066 2402 2240 2469 Λόγος
2272 2404 2363 2456 καὶ
2398 2404 2562 2472 σοφία
2591 2406 2905 2473 γενόμενος.
2955 2402 3063 2456 Kal
3114 2402 3275 2465 αὐτὸς
3335 2400 3414 2461 δὲ,
3470 2401 3527 2451 ὲν
3559 2395 3635 2462 τῷ

2071 2493 2187 2562 ἰδίῳ
2214 2493 2305 2547 τοῦ
2341 2494 2476 2546 θεοῦ
2513 2494 2672 2563 Λόγῳ
2703 2495 2795 2545 καὶ
2817 2496 2882 2562 τῇ
2919 2494 2977 2545 ἐν
3001 2491 3080 2560 τῷ
3108 2490 3225 2559 Θεῷ
3256 2489 3419 2557 σοφίᾳ
3453 2484 3632 2537 ἐστίν·

2069 2588 2125 2637 ὲν
2223 2586 2318 2638 καὶ
2362 2587 2430 2638 τά
2472 2587 2650 2639 πάντα
2697 2587 2789 2637 καὶ
2844 2584 3004 2637 αὐτὸν
3067 2581 3369 2647 πεποίηκεν
3425 2579 3452 2629 ὁ
3480 2575 3637 2639 θεός.

2069 2679 2159 2730 Διὸ
2190 2679 2284 2731 καὶ
2312 2678 2545 2749 τρεπτός
2572 2679 2688 2730 ἐστι
2717 2676 2811 2730 καὶ
2854 2676 3148 2737 ἀλλοιωτδς
3206 2675 3305 2742 τὴν
3341 2671 3525 2740 φύσιν,
3562 2672 3640 2734 ὡς

2073 2772 2166 2825 καὶ
2201 2772 2376 2826 πάντα
2411 2772 2480 2823 τὰ
2513 2772 2731 2838 λογικά.
2781 2769 2945 2831 Ξένος
2978 2785 3038 2821 τε
3079 2769 3173 2821 καὶ
3222 2766 3504 2834 ἀλλότριος
3546 2764 3641 2815 καὶ

2072 2868 2558 2937 ἀπεσχοινισμένος
2592 2868 2742 2919 ἐστὶν
2768 2868 2795 2919 6
2820 2868 2990 2933 Λόγος
3014 2869 3116 2934 τῆς
3136 2864 3231 2917 τοῦ
3263 2863 3399 2916 Θεοῦ
3430 2864 3639 2922 οὐσίας·

2073 2961 2169 3013 καὶ
2197 2960 2437 3031 ἄρρητός
2472 2961 2620 3014 ἐστιν
2650 2960 2678 3011 6
2735 2960 2928 3028 Πατὴρ
2970 2959 3047 3029 τῷ
3078 2957 3223 3026 Υἱῷο
3259 2956 3381 3007 οὕτε
3419 2955 3528 3023 γὰρ
3558 2970 3645 3005 τε-

2072 3053 2231 3116 λείως
2266 3054 2400 3125 όρᾷν
2430 3052 2657 3106 δύναται
2692 3053 2782 3105 τὸν
2824 3051 3045 3121 Πατέρα
3075 3053 3104 3104 ὁ
3158 3051 3355 3118 Λόγος,
3395 3048 3519 3102 οὗτε
3558 3065 3646 3102 τε-

2074 3147 2236 3209 λείως
2260 3147 2355 3199 καὶ
2384 3146 2631 3216 ἀκριϐῶς
2660 3144 2923 3214 γινώσκει
2952 3145 3136 3198 αὐτόν.
3176 3144 3283 3196 Καὶ
3313 3144 3420 3211 γὰρ
3450 3139 3644 3194 ἑαυτοῦ

2073 3242 2171 3306 τὴν
2202 3237 2391 3291 οὐσίαν
2426 3237 2526 3290 οὐκ
2547 3235 2687 3290 οῐδεν
2716 3240 2743 3289 6
2784 3238 2910 3299 Υἱὸς
2939 3236 3013 3299 ὡς
3049 3236 3186 3290 ἔστι.
3228 3236 3304 3287 Δι’
3355 3236 3499 3306 ἡμᾶς
3540 3234 3645 3306 γὰρ

2071 3332 2396 3402 πεποίηται,
2427 3331 2515 3385 ἵνα
2539 3332 2683 3400 ἡμᾶς
2709 3329 2777 3382 δι’
2801 3328 2963 3381 αὐτοῦ
3002 3328 3077 3391 ὡς
3111 3328 3180 3381 δι’
3221 3326 3455 3396 ὀργάνου
3482 3326 3644 3395 κτίσῃ

2070 3426 2099 3478 6
2128 3424 2283 3487 Θεός.
2346 3422 2459 3477 Καὶ
2492 3422 2594 3474 οὐκ
2626 3421 2690 3474 ἂν
2737 3421 2970 3491 ὑπέστη,
3031 3422 3078 3473 si
3119 3420 3192 3490 μὴ
3266 3421 3415 3489 ἡμᾶς
3448 3420 3475 3470 6
3512 3417 3647 3480 Θεὸς

2072 3518 2306 3590 ἠθέλησε
2364 3517 2615 3586 ποιῆσαι.
2674 3515 2961 3585 Ἠρὼτησε
3022 3513 3155 3581 γοῦν
3196 3530 3279 3575 τις
3312 3511 3541 3575 αὐτοὺς,
3596 3510 3647 3562 εί

2071 3610 2301 3663 δύναται
2323 3611 2349 3661 6
2377 3608 2470 3660 τοῦ
2504 3607 2640 3660 Θεοῦ
2665 3605 2837 3673 Λόγος
2869 3605 3171 3674 τραπῆναι,
3205 3603 3278 3663 ὡς
3310 3605 3336 3655 6
3394 3600 3645 3662 διάϐολος

2072 3703 2289 3769 ἐτράπη
2314 3717 2325 3729 ·
2361 3701 2452 3751 καὶ
2479 3699 2579 3751 οὐκ
2604 3698 2959 3769 εφοϐήθησαν
2992 3700 3191 3763 εἰπεῖν,
3226 3696 3334 3748 Ναὶ
3382 3696 3611 3747 δύναται
3631 3710 3645 3723 ·

2073 3793 2318 3862 τρεπτῆς
2352 3793 2461 3861 γὰρ
2514 3790 2733 3860 φύσεώς
2779 3794 2916 3856 ὲστι,
2969 3790 3230 3861 γεννητὸς
3285 3791 3381 3842 καὶ
3414 3788 3649 3859 τρεπτδς

2073 3884 2357 3953 ὑπάρχων.
2406 3880 2593 3935 Ταῦτα
2641 3882 2900 3950 λέγοντας
2948 3882 3077 3944 τους
3127 3880 3259 3949 περ)⁸
3309 3881 3527 3950 Ἀρειον
3557 3881 3652 3933 καὶ

2074 3977 2169 4029 ἐπὶ
2201 3972 2416 4036 τούτοις
2486 3974 3005 4043 ἀναισχυντοῦντας,
3042 3973 3239 4035 αὐτούς
3296 3989 3355 4025 τε
3394 3971 3489 4023 καὶ
3522 3972 3653 4033 τούς

2080 4069 2667 4140 συνακολουθήσαντας
2719 4070 2930 4134 αὐτοῖς,
2964 4069 3126 4137 ἡμεῖς
3181 4067 3281 4138 μὲν
3346 4068 3487 4136 μετὰ
3542 4065 3652 4119 τῶν

2078 4164 2200 4216 κατ’
2226 4164 2502 4230 Αἴγυπτον
2560 4162 2876 4215 ἐπισκόπων
2914 4162 3008 4214 καὶ
3072 4162 3170 4229 τῆς
3226 4159 3435 4228 Λιϐύης
3485 4157 3653 4223 ἔγγὺς

2080 4255 2279 4308 ἑκατὸν
2310 4254 2478 4307 ὄντων
2537 4253 2888 4314 συνελθόντες
2948 4250 3445 4319 ἀνεθεματίσαμεψ
3500 4248 3548 4300 οἱ
3594 4247 3653 4299 δὲ

2082 4350 2215 4417 περὶ
2247 4346 2508 4399 Εὐσέϐιον
2552 4344 2950 4416 προσεδέξαντο
3008 4342 3402 4406 σπουδάζοντες
3452 4356 3654 4407 συγκα-

2083 4439 2313 4507 ταμίξαι
2340 4439 2401 4492 τὸ
2451 4439 2645 4508 ψεῦδος
2676 4442 2744 4507 τῇ
2778 4437 3030 4507 ἀληθείᾳ,
3065 4437 3160 4490 καὶ
3192 4437 3259 4503 τῇ
3285 4432 3536 4501 εὐσεϐείᾳ.
3556 4432 3656 4500 τὴν

403 4528 659 4587 receptos
696 4517 1019 4587 complexus
1060 4526 1170 4580 est,
1219 4518 1310 4585 qui
1364 4515 1711 4569 mendacium
1762 4515 1967 4570 veritati

2083 4531 2356 4585 ἀσέϐειαν.
2416 4530 2557 4583 Ἀλλ’
2594 4531 2692 4583 οὐκ
2728 4531 3042 4599 ἰσχύσουσι⁹
3095 4528 3224 4597 νικᾷ
3274 4526 3380 4595 γὰρ
3437 4527 3471 4594 ἡ
3524 4523 3657 4593 ἀλή-

402 4621 456 4663 ct
483 4613 819 4679 impietatem
855 4612 1045 4681 pietati
1080 4612 1449 4666 commiscere
1482 4610 1686 4666 studet.
1725 4608 1831 4663 Sed
1866 4626 1977 4664 non

404 4703 727 4772 puevalebit
762 4719 777 4757 :
813 4704 988 4757 vincit
1033 4704 1181 4757 enim
1232 4704 1453 4757 veritas.
1496 4703 1657 4757 Nulla
1698 4702 1843 4756 enim
1894 4712 1980 4756 est

405 4796 719 4847 communio
746 4796 853 4849 luci
880 4811 1003 4848 cum
1035 4795 1299 4860 tenebris,
1328 4797 1478 4849 nulla
1502 4794 1793 4849 concordia
1821 4794 1982 4848 Chri-

407 4896 492 4938 sto
524 4902 646 4938 cum
692 4888 883 4942 Belial.
915 4886 1049 4953 Quis
1085 4888 1232 4941 enim
1278 4904 1517 4958 unquam
1561 4888 1774 4943 audivit
1814 4889 1981 4942 talia?

406 4978 533 5045 quis
560 4977 625 5029 ad
676 4993 791 5031 rem
843 4989 949 5032 tam
993 4981 1341 5050 peregrinam
1374 4990 1427 5034 et
1472 4981 1823 5045 insolentem,
1858 4994 1979 5035 eam

408 5066 641 5121 audiens
669 5108 683 5131 ,
738 5084 849 5122 non
906 5068 1249 5143 obstupescit
1292 5088 1567 5141 auresque
1616 5072 1874 5136 obturat,
1912 5088 1981 5126 ne

410 5160 706 5212 verborum
773 5158 1004 5212 istorum
1067 5161 1260 5215 sordes
1311 5162 1558 5215 auditum
1596 5161 1982 5232 pertingant?

409 5253 546 5318 Quis
571 5253 839 5307 Joannem
876 5254 1106 5307 audiens
1139 5256 1437 5321 dicentem,
1478 5256 1540 5309 In
1574 5256 1838 5327 principio
1868 5266 1983 5310 erat

424 5343 666 5407 Verbum,
718 5360 828 5398 non
866 5345 1091 5399 damnat
1135 5346 1302 5401 hosce
1342 5360 1681 5413 asserentes,
1716 5347 1848 5402 Erat
1884 5348 1985 5403 ali-

408 5439 629 5504 quando
658 5450 875 5508 tempus
906 5454 1029 5492 cum
1055 5453 1164 5491 non
1193 5438 1357 5493 erat?
1392 5440 1498 5493 Aut
1532 5442 1658 5510 quis
1677 5441 1904 5496 audiens
1928 5442 1982 5496 in

412 5526 744 5598 Evangelio,
782 5529 1092 5602 Uuigenitus
1133 5527 1332 5596 Filius,
1374 5544 1453 5594 et,
1497 5531 1602 5585 Per
1637 5535 1808 5603 ipsum
1841 5535 1985 5603 facta

412 5631 534 5671 sunt
563 5624 763 5687 omnia,
801 5639 912 5677 non
956 5625 1303 5679 aversabitur
1344 5638 1622 5693 sonantes,
1669 5643 1833 5680 unum
1865 5643 1987 5682 esse

418 5721 796 5766 creaturarum
844 5714 1082 5769 Filium?
1116 5716 1404 5782 Quomodo
1431 5731 1561 5769 vero
1608 5732 1703 5783 par
1745 5731 1868 5770 esse
1906 5718 1989 5773 eis

415 5813 613 5868 pottsl,
652 5819 770 5871 quzi-
811 5821 908 5873 per
955 5808 1131 5876 ipsum
1181 5810 1318 5861 facta
1364 5807 1540 5862 sunt?
1585 5818 1679 5861 aut
1712 5809 1987 5877 quomodo

2089 4624 2229 4679 θεια.
2263 4623 2372 4676 Καὶ
2415 4624 2641 4693 οὐδεμία
2663 4622 2779 4676 ἐστι
2816 4621 3077 4675 κοινωνία
3098 4620 3238 4687 φωτὶ
3274 4618 3408 4689 πρὸς
3441 4616 3657 4680 σκότος,

2082 4711 2202 4765 οὐδὲ
2222 4709 2574 4780 συμφώνησις
2594 4711 2813 4779 Χριστῷ
2832 4709 2965 4779 πρὸς
2982 4707 3198 4774 Βελίαρ.
3217 4706 3314 4768 Τίς
3333 4707 3440 4774 γάρ
3458 4704 3660 4775 ἢκουσε

2086 4805 2307 4856 πώποτε
2365 4802 2634 4867 τοιαῦτα,
2681 4802 2826 4873 ῆτίς
2866 4802 2963 4853 νῦν
3018 4798 3232 4853 ἀκούων
3264 4799 3322 4850 οὐ
3357 4798 3656 4863 ξενίζεται,

2086 4895 2298 4958 καὶτὰς
2327 4895 2496 4957 ἀκοὰς
2531 4895 2669 4963 βύει,
2704 4893 2842 4964 ὑπὲρ
2876 4892 2972 4947 τοῦ
3012 4895 3087 4963 μὴ
3109 4893 3197 4944 τὸν
3228 4890 3404 4962 ῥύπον
3450 4889 3661 4943 τούτων

2087 4987 2198 5039 τῶν
2252 4988 2518 5058 ῥημάτων
2566 4988 2772 5058 ψαῦσαι
2816 4988 2912 5057 τῆς
2984 4988 3188 5053 άκοῆς;
3271 4984 3365 5048 Τίς
3447 4982 3662 5036 ἁκούων

2100 5076 2355 5131 Ἰωάννου
2395 5079 2669 5147 λέγοντος,
2714 5079 2817 5132 Ἐν
2850 5077 3007 5147 ἀρχῇ
3045 5074 3125 5148 ἦν
3156 5080 3188 5131 ό
3213 5078 3427 5143 Λόγος,
3460 5075 3519 5127 οὐ
3567 5091 3660 5126 κα-

2085 5173 2414 5239 ταγινώσκει
2444 5171 2651 5223 τούτων
2675 5170 2969 5239 λεγόντων,
2995 5167 3104 5223 Ἦν
3142 5170 3272 5224 ποτὲ
3306 5172 3394 5223 ὅτε
3428 5169 3525 5220 οὐκ
3548 5162 3614 5233 ἦν
3640 5183 3657 5233 ;

2089 5265 2160 5315 ’Ἡ
2192 5264 2273 5326 τίς
2329 5262 2545 5316 ἀκούων
2576 5265 2636 5317 ἐν
2664 5264 2741 5333 τῷ
2803 5263 3147 5333 Εὐαγγελίῳ,
3209 5262 3272 5316 '0
3316 5259 3661 5331 μονογενὴς

2095 5353 2247 5420 Υἱὸς,
2282 5354 2401 5419 καὶ,
2430 5354 2509 5407 Δι’
2533 5356 2718 5411 αὐτοῦ
2743 5357 2983 5426 ἐγένετο
3000 5357 3071 5410 τὰ
3103 5356 3215 5408 πάν
3230 5373 3329 5421 ta,
3346 5357 3403 5408 οὐ
3441 5355 3662 5424 μισήσει

2088 5447 2309 5509 τούτους
2341 5446 2779 5517 φθεγγομένους,
2831 5449 2914 5501 ὅτι
2950 5447 3029 5510 εἷς
3065 5452 3176 5501 ἐστι
3205 5448 3313 5499 τῶν
3337 5448 3661 5515 ποιημάτων

2090 5539 2117 5590 ὁ
2149 5537 2314 5602 Υἱόςς
2349 5537 2472 5601 Πῶς
2527 5539 2583 5593 δὲ
2633 5540 2859 5593 δύναται
2902 5543 3015 5602 ἶσος
3066 5538 3207 5593 εἶναι
3239 5539 3349 5591 τῶν
3382 5540 3448 5592 δι’
3495 5535 3663 5589 αὐτοῦ

2092 5629 2401 5695 γενομένων
2431 5644 2447 5694 ;
2476 5629 2509 5698 ῆ
2536 5632 2649 5691 πῶς
2680 5632 2975 5700 μονογενὴς
3006 5633 3033 5684 6
3066 5633 3181 5692 τοῖς
3219 5633 3357 5682 πᾶσι
3378 5629 3496 5681 κατ’
3516 5628 3665 5679 ἐκεί-

2093 5736 2217 5784 νους
2260 5720 2764 5793 συναριθμούμενο;
2794 5742 2806 5788 ;
2840 5723 2962 5785 Πῶς
3020 5723 3077 5775 δὲ
3127 5721 3187 5785 ἐξ
3240 5722 3338 5775 οὐκ
3385 5721 3553 5774 ὄντων
3596 5721 3664 5774 ἂν

2096 5814 2185 5884 εἴη
2216 5813 2311 5867 τοῦ
2344 5815 2555 5886 [ἰατρὸς
2613 5818 2883 5883 λέγοντος,
2946 5815 3347 5883 Ἔξηρεύξατο
3377 5814 3413 5880 ἡ
3448 5816 3664 5882 παίδιά
