3972 6200
363 176 430 237 4Ὶ
1541 179 1965 239 NlCEl‘IlORl
2014 180 2358 240 CALLISTI
3521 182 3582 245 41

363 287 452 340 lus
499 287 687 342 eadem
717 304 745 342 a
789 290 1077 346 Scrt'atore
1113 290 1338 346 edoctus
1380 291 1596 361 scripsit
1634 293 1672 355 ‘,
1705 294 1844 359 quoil
1881 295 1921 345 ir

2037 294 2131 345 τοῦ
2188 296 2462 363 Σωτῆρος,
2519 294 2778 363 ἔγραφεν,
2839 295 2918 347 ὅτι
2973 295 3029 348 ἐν
3071 295 3315 363 ὑστέροις
3375 292 3585 365 καιρυῖί

360 380 626 433 extremis
689 384 1028 450 temporibus
1062 382 1316 438 deﬁcient
1365 383 1586 450 quidam
1623 399 1650 435 a
1691 383 1794 436 ﬁde
1841 397 1926 437 sa-

362 469 542 530 niore,
569 470 917 526 inti-ridentes
942 473 1227 542 spiritibus
1283 474 1508 535 erroris,
1541 482 1596 526 et
1661 472 1926 526 doctrinis

365 559 784 625 daamomorum,
813 563 1180 617 aversantium
1212 565 1522 618 veritatem.
1560 564 1746 633 Itaque
1799 579 1925 616 cuin

364 660 420 704 et
456 652 712 705 Servator
734 663 898 722 atque
931 653 1192 710 Dominus
1216 664 1404 708 noster
1461 655 1620 710 Jesus
1672 654 1925 709 Christus

361 757 458 809 per
488 757 546 794 se
582 745 741 796 nobis
772 745 1114 813 pnecepcrit,
1149 756 1205 800 et
1240 762 1334 815 per
1363 747 1685 816 Apostolum
1711 745 1779 798 de
1807 745 1925 799 istis

366 832 780 901 signiﬁcaverit,
812 834 971 904 550
1005 837 1109 890 rite
1133 852 1260 890 sane
1289 837 1482 890 ordine
1521 851 1643 894 nos.
1674 834 1762 902 qui
1825 849 1924 886 au-

361 925 520 978 ribus
550 925 653 993 ipsi
695 928 896 981 nostris
953 928 1291 996 impietatem
1339 929 1556 982 illorum
1595 925 1922 987 audivimus,

360 1031 481 1076 eos.
517 1016 676 1070 sicuti
705 1027 864 1072 antea
897 1018 1153 1083 diximus,
1193 1019 1525 1073 anathemati
1563 1017 1922 1086 subiecimus,

359 1117 416 1158 et
474 1108 684 1162 alienos
735 1124 958 1178 prorsus
1003 1112 1072 1165 ab
1107 1111 1351 1166 Ecclesia
1392 1121 1448 1164 et
1498 1111 1602 1164 ﬁde
1655 1111 1923 1165 catholica

359 1197 781 1256 declaravimus.
814 1200 980 1271 quue
1001 1213 1289 1272 propterea
1321 1201 1512 1272 pietati
1544 1210 1761 1264 vestrm,
1790 1203 1923 1256 cha-

361 1289 562 1343 rissimi
587 1299 752 1359 atque
768 1293 1205 1345 reverendissimi
1224 1293 1460 1360 collega,
1479 1292 1921 1362 signiﬁcavimus,

365 1392 424 1433 ut
461 1397 637 1450 neque
665 1398 728 1436 ex
766 1382 848 1436 eis
877 1397 1231 1450 quemquam,
1266 1384 1310 1437 si
1336 1399 1432 1452 per
1463 1383 1825 1438 temeritatem
1856 1383 1922 1438 ad

359 1487 460 1525 vos
480 1471 741 1526 accedere
767 1473 884 1526 ausi
921 1472 1140 1540 fuerint,
1172 1474 1481 1543 suscipiatis
1506 1490 1521 1528 :
1546 1489 1726 1544 neque
1753 1473 1922 1528 Euse-

362 1562 478 1626 bio,
521 1572 616 1616 aut
651 1563 743 1617 alii
798 1563 1033 1632 cuipiam
1085 1565 1153 1618 de
1207 1565 1292 1618 eis
1335 1564 1620 1628 scribenti,
1666 1562 1918 1618 credatis.

357 1656 627 1711 Convenit
670 1658 818 1712 enim
849 1658 1025 1721 vobis,
1084 1668 1145 1712 ut
1190 1657 1534 1719 Christianis,
1579 1671 1771 1711 omnes
1825 1655 1920 1725 qui

359 1756 552 1800 contra
583 1747 861 1802 Christum
897 1749 1207 1813 veldicunt,
1233 1748 1315 1804 vel
1334 1748 1594 1811 sentiunt,
1634 1747 1803 1802 veluti
1825 1746 1919 1799 Dei

360 1839 568 1901 hostes,
587 1847 643 1892 et
665 1841 968 1895 animarum
994 1849 1197 1909 pestes,
1229 1837 1492 1904 aversari,
1522 1845 1579 1894 et
1609 1853 1677 1892 ne
1712 1837 1919 1892 saluta-

361 1931 510 1987 tione
540 1933 760 2001 quidem
794 1933 1034 2001 dignari,
1061 1947 1131 1987 ne
1153 1930 1371 1998 quando
1391 1930 1603 1986 scilicet
1625 1928 1922 1998 participes

360 2032 712 2092 peccatorum
737 2038 924 2077 eorum
978 2023 1210 2076 ﬁamus:
1244 2020 1405 2074 sicuti
1461 2019 1652 2074 beatus
1707 2033 1920 2072 annun-

362 2115 519 2169 tiavit
552 2114 812 2170 Joannes.
845 2113 1109 2179 Salutem,
1149 2113 1338 2174 dicite,
1367 2113 1458 2181 qui
1491 2112 1632 2182 apud
1662 2126 1760 2166 vos
1792 2119 1920 2165 sunt

359 2206 660 2274 fratribus;
689 2222 809 2272 vos,
841 2207 934 2276 qui
968 2221 1181 2262 mecum
1237 2213 1382 2269 sunt,
1408 2204 1616 2258 salvere
1645 2204 1864 2274 jubent.
1897 2220 1915 2254 ι

432 2389 526 2443 Ηω
552 2389 748 2442 littera:
774 2387 839 2440 ad
865 2389 978 2441 loca
997 2385 1178 2440 omnia
1203 2385 1441 2453 perlatre,
1471 2384 1730 2452 majorem
1755 2383 1918 2436 etiam

362 2481 771 2537 contentionem
807 2493 1088 2546 peperere,
1140 2476 1454 2541 malumque
1485 2483 1705 2542 propter
1755 2473 1918 2527 dissi-

361 2573 528 2628 dendi
561 2569 801 2626 studium
832 2569 1125 2622 adauxere.
1159 2567 1261 2631 Qui
1286 2567 1433 2621 enim
1463 2566 1771 2618 Alexandro
1790 2571 1920 2617 sunt

367 2661 680 2732 suﬁragati,
713 2660 795 2714 eis
832 2659 1243 2728 subscripsere;
1276 2656 1368 2710 alii
1393 2664 1572 2709 autem
1607 2661 1796 2706 contra
1827 2667 1920 2706 eas

362 2773 587 2822 venere,
624 2756 677 2810 in
714 2753 908 2824 primis
935 2768 1064 2808 vero
1093 2752 1370 2805 Eusebius
1395 2745 1832 2803 Nicomediensis
1864 2746 1918 2798 in

360 2852 694 2907 contrariam
719 2846 1044 2904 sententiam
1083 2855 1168 2898 est
1201 2852 1410 2912 raptus,
1451 2841 1594 2910 quod
1627 2837 1920 2893 admodum

2031 385 2433 452 ἀποστήσονταί
2467 401 2612 447 τινες
2663 385 2756 455 τῆς
2800 386 3037 449 πίστεως
3069 385 3171 452 τῆς
3217 386 3570 451 ὑγιαινούσης

2032 478 2398 550 προσέχοντες
2462 475 2738 545 πνεύμασι
2788 478 2996 547 πλάνης
3057 478 3152 529 καὶ
3215 475 3584 537 διδασκαλίαις

2029 566 2326 634 δαιμονίων
2357 567 2851 636 ἀποστρεφομένων
2905 571 3003 636 τὴν
3029 566 3309 636 ἀλήθειαν.
3345 565 3449 617 Τοῦ
3473 566 3582 616 τοί⁹

2029 671 2124 706 νυν
2157 655 2413 724 Σωτῆρος
2452 657 2547 708 καὶ
2581 656 2789 726 Κυρίου
2815 656 2975 726 ἡμῶν
3007 656 3186 724 Ἰησοῦ
3217 653 3458 721 Χριστοῦ
3490 655 3576 704 αύ-

2030 746 2127 800 τοῦ
2158 747 2656 814 παραγγέλλοντος,
2691 749 2783 799 καὶ
2817 747 2906 799 διὰ
2931 746 3024 799 τοῦ
3045 746 3373 798 Ἀποστόλου
3407 746 3580 810 σημά-

2028 855 2225 900 ναντος
2260 839 2388 910 ιτερλ⁹
2419 837 2526 891 τῶν
2563 838 2848 899 τοιούτων,
2883 837 3193 898 ἀκολούθως
3231 838 3393 904 ἡμεῖς
3429 835 3582 902 αῦτή⁸

2029 946 2144 983 κοοι
2170 930 2269 999 τῆς
2281 930 2535 993 ἀσεδείας
2553 930 2736 984 αὐτῶν
2752 931 3056 996 γενόμενοι,
3084 926 3584 994 ἀνεθεματίσαμεν,

2028 1023 2172 1076 καθὰ
2226 1026 2583 1092 προείπομεν,
2644 1022 2772 1085 τοὺς
2841 1016 3140 1082 τοιούτους,
3205 1015 3583 1083 ἀποδείξαντες

2028 1115 2222 1177 αὐτοὺς
2247 1115 2559 1182 ἀλλοτρίους
2589 1115 2685 1182 τῆς
2713 1111 3009 1179 καθολικῆς
3036 1110 3368 1180 Ἐκκλησίας
3409 1127 3465 1160 τε
3495 1111 3583 1160 καὶ

2027 1204 2285 1265 πίστεως.
2339 1205 2730 1274 Ἐδηλώσαμεν
2759 1205 2816 1257 δέ
2859 1204 2954 1256 καὶ
2995 1207 3062 1274 τῇ
3123 1202 3360 1270 ὑμετέρα
3409 1200 3583 1252 θεοσε-

2027 1295 2172 1365 6είᾳ,
2201 1297 2478 1363 ἀγαπητοὶ
2524 1299 2618 1349 καὶ
2667 1295 2994 1364 τιμιώτατοι
3030 1293 3460 1360 συλλειτουργοὶ,
3499 1293 3583 1342 ἵνα

2030 1387 2168 1456 μήτε
2209 1387 2363 1448 τινὰς
2405 1383 2464 1450 ἐξ
2503 1387 2706 1450 αὐτῶν,
2750 1387 2800 1439 εί
2833 1383 3304 1455 προπετεύσαιντο
3331 1383 3422 1435 καὶ
3450 1383 3583 1459 πρὶς

2025 1478 2167 1546 ὑμᾶς
2193 1477 2391 1540 ἐλθεῖν,
2428 1477 2824 1549 προσδέξησθε,
2880 1479 3017 1547 μήτε
3074 1475 3320 1546 Εὑσεδίῳ
3349 1477 3380 1544 ἢ
3415 1476 3583 1544 ἐτέρῳ

2024 1569 2135 1622 τινὶ
2165 1569 2432 1640 γράφοντι
2478 1571 2609 1639 περὶ
2665 1570 2846 1624 αὐτῶν
2893 1570 3186 1639 πεισθῆτεο
3233 1569 3433 1638 πρέπει
3476 1569 3582 1637 γὰρ

2023 1659 2190 1726 ὑμᾶς,
2235 1659 2310 1721 ὡς
2354 1660 2717 1726 Χριστιανοὺς
2761 1659 2947 1724 ὄντας,
3011 1659 3221 1720 πάντας
3267 1659 3394 1719 τοὺς
3443 1659 3584 1708 κατά

2019 1746 2260 1816 Χριστοῦ
2293 1748 2557 1815 λέγοντάς
2586 1743 2764 1802 τεκαὶ
2789 1748 3126 1819 φρονοῦντας
3173 1749 3248 1808 ὡς
3277 1741 3607 1815 θεομάχους’

2020 1840 2115 1893 καὶ
2145 1840 2380 1908 φθορέας
2416 1841 2524 1892 τῶν
2555 1839 2748 1911 ψυχῶν
2793 1839 3258 1910 ἀποστρέφεσθαι,
3315 1840 3410 1890 καὶ⁹
3447 1838 3583 1906 μηδὲ
3636 1827 3640 1831 ’

2021 1930 2128 1984 κᾶν
2156 1929 2368 2001 χαίρειν
2398 1934 2508 1994 τοῖς
2533 1931 2798 1995 τοιούτοις
2824 1932 3026 2000 λέγειν,
3083 1932 3168 1983 ἵνα
3201 1931 3277 2000 μή
3322 1943 3450 1982 ποτε
3489 1931 3581 1980 καὶ

2021 2026 2142 2085 ταῖς
2171 2023 2470 2093 ἁμαρτίαις
2501 2024 2680 2078 αὐτῶν
2709 2024 2959 2077 κοινωνοὶ
2988 2023 3298 2092 γενώμεθα,
3327 2023 3402 2085 ὡς
3446 2037 3583 2092 παρ-

2022 2113 2280 2183 ήγγειλεν
2315 2115 2345 2166 6
2393 2113 2664 2182 μακάριος
2729 2114 3010 2182 Ἰωάννης.
3058 2114 3393 2183 Προσείπατε
3453 2114 3579 2174 τοὺς

2024 2206 2153 2276 παρ’
2187 2206 2317 2271 ὑμῖν
2370 2205 2670 2273 ἀδελφούς·
2705 2207 2851 2277 ὑμᾶς
2896 2209 2945 2260 oi
2999 2207 3099 2260 σὺν
3155 2207 3279 2276 ἐμοὶ
3313 2223 3581 2275 προσαγοα

2024 2299 2292 2369 ρεύουσιν.
2333 2317 2350 2349 ι

2093 2391 2278 2442 Ταῦτα
2327 2392 2392 2441 τὰ
2425 2391 2733 2459 γράμματα
2787 2389 3101 2459 ἁπανταχοῦ
3139 2384 3405 2458 φοιτῶντα
3453 2387 3573 2457 μεί-

2024 2481 2154 2544 ζονα
2194 2480 2290 2550 τὴν
2310 2481 2424 2550 ἐριν
2451 2482 2692 2544 ἐποίουν,
2723 2483 2821 2534 καὶ
2844 2482 2907 2533 τὸ
2935 2481 3103 2534 κακὸν
3137 2481 3198 2532 ἐκ
3238 2481 3576 2550 φιλονεικίας

2021 2571 2488 2642 ἐπικρατέστερον
2518 2567 2606 2642 ἦν.
2638 2572 2700 2624 Oi
2736 2571 2837 2637 μὲν
2871 2573 2979 2640 γὰρ
3016 2569 3298 2639 σύμψηφοι
3346 2571 3579 2638 γενόμε-

2023 2677 2125 2723 νοι,
2167 2665 2630 2732 προσυπέγραφον
2653 2679 2668 2695 ·
2703 2665 2752 2716 οἱ
2781 2663 2834 2715 δὲ
2861 2664 2955 2715 καὶ
2983 2663 3273 2729 ἀντέλεγον
3297 2677 3311 2690 ·
3346 2661 3580 2730 μάλιστα

2022 2746 2065 2799 δ’
2108 2747 2362 2809 Εὐσέϐιος
2392 2751 2420 2800 6
2451 2747 2848 2818 Νικομηδείας,
2882 2750 2976 2802 καὶ
3022 2749 3157 2820 πρὸς
3217 2749 3580 2802 ἀντιπάθειαι)

2024 2837 2217 2909 ῶρμα’
2256 2840 2446 2909 ὅτιπερ
2504 2843 2606 2893 κάν
2668 2843 2781 2903 τοῖς
2819 2841 3116 2910 γράμμασι
3161 2840 3367 2910 πολλὴν
3417 2841 3579 2892 αὑτοῦ

363 2958 424 2997 se
453 2944 508 2996 in
549 2943 628 2998 eis
662 2940 1013 3012 perstrictum
1071 2950 1192 2990 esse
1245 2934 1604 2988 intellexerat.
1657 2930 1915 2984 Permulti

2026 2925 2285 2997 εἶναιτὴν
2317 2932 2636 2999 καταφορὰν
2689 2931 3022 2984 ἐπυνθάνετο
3051 2947 3063 2960 ·
3104 2932 3290 2984 πολλοὶ
3343 2931 3387 2984 δ’
3435 2930 3581 3000 αὐτῷ

364 3041 549 3087 autem
585 3039 768 3100 partes
793 3029 912 3098 ejus
951 3025 1338 3096 sequebantur.
1395 3023 1573 3090 Atque
1609 3020 1654 3074 is
1696 3019 1918 3073 crebras

362 3126 431 3180 ad
461 3123 826 3180 Alexandrum
845 3119 995 3174 dedit
1019 3119 1229 3172 litteras
1260 3125 1318 3169 ut
1346 3116 1598 3178 Arianos,
1618 3114 1919 3181 quastione

364 3217 697 3288 posthabita,
734 3212 1045 3280 reciperet:
1085 3225 1246 3279 quem
1275 3208 1341 3262 ad
1377 3209 1479 3261 hoc
1511 3206 1744 3259 maxime
1775 3205 1922 3258 litte-

365 3309 442 3361 ris
464 3308 578 3360 suis
605 3304 852 3358 excitans
882 3299 1098 3354 induxit
1131 3299 1310 3351 Arius.
1348 3296 1427 3350 Ex
1487 3294 1688 3363 quibus
1739 3293 1918 3360 aliqua

367 3398 609 3452 historia:
647 3395 907 3456 inseram,
939 3400 1000 3445 ut
1030 3390 1188 3445 simul
1223 3397 1275 3443 et
1311 3387 1605 3456 participes
1668 3386 1786 3454 ejus
1816 3386 1917 3436 im-

365 3489 584 3558 pietatis
616 3483 889 3539 manifesti
913 3483 1043 3536 ﬁant
1070 3490 1125 3536 et
1151 3479 1447 3534 Alexandri
1476 3476 1627 3534 ﬁdes.
1661 3475 1754 3542 qui
1786 3475 1917 3528 nihil

366 3595 653 3650 perperam
681 3585 875 3632 contra
913 3591 1009 3630 eos
1044 3575 1317 3634 statuerit,
1346 3569 1687 3624 ostendatur.
1717 3566 1922 3621 Scribit

365 3674 528 3743 igitur
557 3671 624 3725 ad
651 3668 948 3724 Eusebium
988 3664 1460 3721 Nicomedieusem
1491 3661 1656 3718 Arius
1689 3661 1744 3715 in
1807 3660 1921 3714 haec

366 3764 567 3819 verba:

954 3847 1176 3904 CAPUT
1235 3845 1326 3902 IX.

433 3949 628 4014 Quibus
649 3945 712 3998 de
741 3945 888 3998 rebus
928 3943 1084 3994 Arius
1125 3939 1195 3991 ad
1231 3939 1509 4014 Eusebium
1537 3935 1854 3990 Nicomedia:
1881 3967 1886 3976 -

847 4015 1141 4084 episcopum
1157 4009 1443 4077 scripserit.

433 4107 909 4166 Desideratissimo
941 4103 1183 4164 domino,
1239 4101 1356 4152 viro
1380 4100 1495 4164 Dei,
1529 4097 1698 4162 ﬁdeli,
1740 4095 1921 4151 ortho-

362 4205 527 4266 doxo,
580 4199 835 4262 Eusebio,
877 4195 1062 4256 Arius,
1103 4192 1197 4262 qui
1243 4190 1449 4259 injuste
1484 4189 1920 4260 persecutionem

2023 3022 2294 3083 συνιόντες
2326 3023 2621 3090 ὑπήκουον.
2663 3022 3004 3092 Ἀλεξάνδρῳ
3035 3022 3096 3074 δ’
3130 3024 3342 3086 ἐκεῖνος
3373 3024 3581 3092 συχνῶς

2021 3115 2368 3178 ἐπέστελλεν,
2398 3115 2484 3167 ἵνα
2513 3115 2642 3177 τοὺς
2668 3116 2797 3184 περὶ
2844 3116 3066 3186 Ἀρειον
3095 3117 3313 3186 δέξηται
3365 3118 3422 3171 τὸ
3483 3117 3580 3183 ζήδ

2021 3221 2169 3273 τημα
2195 3207 2601 3276 παρωσαμένῳ.
2642 3207 2833 3275 Ἐνῆγε
2861 3207 2919 3259 δέ
2971 3208 3131 3260 αὐτὸν
3165 3209 3381 3278 Ἀρειος
3429 3210 3583 3278 μάλι-

2025 3313 2125 3347 στα
2159 3297 2498 3363 παραθήγων
2521 3299 2632 3359 τοῖς
2663 3299 2988 3366 γράμμασιν
3015 3315 3031 3332 ο
3069 3292 3143 3352 ὧν
3189 3317 3310 3352 τινα
3363 3304 3456 3354 καὶ
3512 3305 3578 3370 τῇ

2026 3386 2233 3456 ἱστορίᾳ
2293 3390 2518 3452 ὲντάξω,
2557 3388 2629 3447 ὡς
2680 3389 2750 3442 ἂν
2793 3391 2886 3442 καὶ
2934 3391 2984 3441 οί
3029 3393 3417 3454 κοινωνοῦντες
3481 3395 3580 3461 τῆς

2023 3478 2275 3539 ἀσεϐείας
2315 3479 2610 3547 κατάδηλοι
2635 3479 2924 3545 γένωνται,
2965 3482 3156 3543 πιστὸς
3213 3480 3389 3534 δὲκαὶ
3418 3482 3578 3535 Ἀλέ-

2023 3570 2246 3638 ξανδρος
2273 3570 2434 3634 δόξοι,
2470 3571 2546 3638 μὴ
2568 3570 2739 3639 ψευδῆ
2774 3572 2894 3624 κατ’
2926 3573 3106 3624 αὐτῶν
3141 3574 3576 3642 συστησάμενος.

2022 3660 2230 3729 Γράφει
2263 3655 2356 3711 οὖν
2389 3658 2607 3728 ’Ἄρειος
2638 3660 2715 3731 τῷ
2740 3661 3108 3733 Νικομηδείας
3138 3661 3386 3733 Εὐσεὸίῳ
3447 3662 3584 3733 πρὸς

2022 3751 2168 3812 λέξιν
2195 3751 2368 3804 οῦτω’

2605 3846 2859 3900 ΚΕΦΑΛ.
2891 3848 2968 3900 ϐ’.

2024 3935 2159 4003 Περὶ
2195 3929 2284 3989 ὧν
2307 3937 2538 4005 ’Ἄρειος
2565 3936 2647 4002 τῷ
2679 3938 3078 4058 Νὲιῖομηδείας
3103 3937 3369 4008 ἔγραψεν
3397 3941 3587 3994 Εὐσε-

2785 4023 2870 4058 ων

2785 4023 2870 4069 «ar

2097 4097 2286 4166 Κυρίῳ
2319 4096 2686 4166 ποθεινοτάτῳ
2719 4097 2995 4168 ἀνθρώπῳ
3046 4100 3207 4164 Θεοῦ,
3250 4101 3446 4168 πιστῷ,
3494 4104 3585 4167 δρ-

2028 4187 2250 4253 θοδόξῳ,
2291 4187 2555 4257 Εὐσεσίῳ,
2585 4188 2801 4256 Ἀρειος
2842 4191 2870 4241 6
2902 4189 3238 4260 διωκόμενος
3297 4193 3401 4245 ὑπὸ
3439 4191 3586 4244 Ἀλε-

361 4293 428 4346 ab
462 4287 768 4344 Alexandro
794 4299 953 4354 papa,
989 4288 1212 4350 propter
1242 4278 1424 4331 omnia
1475 4280 1782 4331 vincentem
1838 4291 1921 4330 ve-

2033 4275 2255 4344 ξάνδρου
2291 4277 2384 4328 τοῦ
2417 4279 2619 4329 πάππα
2651 4277 2855 4339 ἀδίκως
2887 4278 2978 4332 διὰ
3003 4280 3103 4348 τὴν
3132 4279 3310 4332 πάντα
3345 4279 3586 4332 νικῶσαν

363 4387 600 4446 ritatem,
620 4391 783 4449 quam
811 4384 866 4430 et
897 4383 952 4428 tu
977 4385 1309 4442 propugnas,
1345 4369 1572 4437 patitur,
1601 4367 1656 4420 in
1691 4366 1921 4419 Domino

362 4472 614 4524 salutem.
683 4463 1070 4519 l'roﬁciscente
1138 4457 1510 4513 Nicomediam
1585 4465 1738 4524 patre
1797 4468 1920 4508 meo

363 4557 675 4620 Ammonio,
709 4565 856 4609 recte
889 4568 973 4605 tne
1007 4549 1281 4605 facturum
1317 4562 1437 4600 esse
1472 4547 1680 4611 putavi,
1743 4543 1786 4597 si
1825 4558 1922 4612 per

363 4652 543 4717 ipsum
568 4656 617 4701 te
655 4643 1063 4714 contpellarem,
1091 4637 1247 4708 551
1276 4635 1549 4704 simrulque
1578 4634 1798 4687 insitam
1823 4632 1920 4686 tibi

363 4741 709 4799 elinritatem,
745 4747 799 4789 et
833 4747 995 4803 quam
1027 4747 1156 4799 erga
1182 4729 1381 4781 fratres
1405 4735 1630 4795 propter
1664 4725 1833 4778 Deum
1869 4729 1924 4776 et

361 4829 635 4885 Cinistum
659 4825 782 4892 ejus
809 4823 950 4893 geris
978 4819 1346 4880 all‘ectionem,
1379 4814 1758 4878 admonerem,-
1811 4827 1924 4864 ma-

361 4933 600 4992 gnopere
649 4913 904 4985 persequi
966 4928 1052 4966 me
1101 4917 1157 4965 et
1197 4921 1537 4979 Oppugnare,
1591 4917 1921 4970 omnemque

364 5015 654 5068 adversum
685 5022 784 5059 nos
811 5007 992 5058 funem
1027 5015 1246 5056 movere
1302 5001 1645 5068 episc0pum,
1709 5004 1768 5049 ut
1828 5009 1929 5048 nos

367 5102 590 5174 perinde
627 5108 790 5166 atque
818 5096 936 5150 sine
968 5094 1079 5147 Deo
1105 5091 1355 5146 homines
1382 5090 1516 5144 urbe
1561 5087 1766 5156 cjiciat,
1799 5102 1925 5155 pru-

367 5207 553 5265 pterea
578 5191 722 5262 quod
756 5203 863 5242 non
910 5185 1330 5254 comprobamus
1360 5197 1520 5236 voces
1568 5181 1709 5250 ejus,
1745 5179 1929 5249 publi-

364 5289 504 5340 citus
532 5282 800 5340 dicentis:
828 5281 1054 5346 Semper
1074 5277 1237 5342 Deus,
1271 5289 1486 5343 semper
1515 5271 1685 5326 Filius
1709 5287 1721 5324 :
1759 5271 1924 5324 simul

370 5379 543 5440 νάιοι,
562 5376 723 5430 simul
743 5373 909 5428 Filius
933 5367 1246 5425 :coexsistit
1261 5366 1502 5437 ingenito
1529 5364 1616 5419 Dei
1640 5363 1808 5418 Filius
1828 5364 1928 5435 (ι),

473 5472 486 5499 ¹
523 5470 565 5523 ll
593 5469 734 5522 Tim.
771 5481 848 5520 tv.

440 5590 512 5644 ιιι
550 5587 791 5651 lngentto
823 5583 991 5636 Filius
1023 5579 1154 5634 Deo.

2029 4368 2308 4438 ἀληθειαν,
2344 4364 2410 4440 ἧς
2439 4374 2533 4420 καί
2575 4371 2638 4421 σὺ
2673 4371 3048 4443 ὑπερασπίζῃ,
3097 4372 3153 4422 ἐν
3211 4372 3402 4440 Κυρίῳ
3459 4372 3585 4440 χαί⁴

2032 4476 2165 4528 ρειν.
2227 4460 2332 4511 Τοῦ
2369 4460 2584 4527 Πατρός
2639 4475 2740 4528 μου
2790 4461 3104 4530 Ἀμμωνίου
3156 4461 3454 4530 ἐρχομένου
3507 4464 3586 4523 εἰς

2027 4551 2126 4618 τὴν
2189 4549 2581 4620 Νικομήδειαν,
2620 4551 2842 4618 εὔλογον
2897 4551 3249 4620 ὀφειλόμενον
3309 4567 3586 4619 προσαγο-

2030 4641 2221 4710 ρεῦσαί
2250 4658 2309 4693 σε
2337 4643 2510 4710 ἐφάνη
2535 4641 2604 4693 δι’
2630 4642 2795 4695 αὐτοῦ
2819 4658 2830 4673 ’
2861 4642 2996 4712 ὁμοῦ
3023 4658 3081 4693 τε
3145 4643 3240 4694 καὶ
3275 4643 3587 4712 ὑπομνῆσαι

2028 4731 2124 4801 τὴν
2186 4733 2425 4800 ἔμφυτόν
2476 4750 2566 4785 σου
2615 4733 2839 4801 ἀγάπην
2877 4735 2972 4787 καὶ
3021 4733 3283 4799 διάθεσιν,
3331 4735 3402 4804 ἢν
3449 4736 3592 4803 ἔχεις

2029 4825 2166 4890 πρὸς
2196 4825 2322 4884 τοὺς
2361 4822 2626 4889 ἀδελφοὺς
2660 4823 2748 4875 διὰ
2778 4822 2870 4875 τὸν
2892 4822 3045 4890 εΘεδν
3080 4823 3177 4876 καὶ
3215 4823 3306 4875 τὸν
3356 4821 3592 4893 Χριστὸν

2030 4911 2234 4963 αὐτοῦ’
2275 4912 2356 4964 ὅτι
2389 4913 2641 4982 μεγάλως
2681 4913 2833 4980 ἡμᾶς
2873 4910 3129 4980 ἐκπορθεῖ
3175 4913 3268 4964 xui.
3319 4913 3590 4974 ἐκδιώκει,

2032 5005 2126 5057 καὶ
2186 5003 2363 5056 πάντα
2426 5005 2604 5066 κάλων
2667 5007 2809 5055 κινεί
2842 5003 2963 5056 καθ’
2988 5003 3147 5073 ἡμῶν
3210 5007 3236 5056 6
3261 5005 3554 5063 ἐπίσκοπος
3576 5017 3588 5030 ·

2031 5093 2171 5147 ὥστε
2209 5093 2464 5160 ἐκδιῶξαι
2493 5097 2639 5164 ἡμᾶς
2675 5096 2736 5147 ἐκ
2768 5096 2864 5164 τῆς
2898 5094 3103 5147 πόλεως
3137 5094 3211 5155 ὡς
3267 5091 3591 5163 ἀνθρώπους

2032 5185 2223 5247 ἀθέους
2245 5201 2259 5216 ο
2296 5185 2485 5257 ἐπειδὴ
2508 5188 2568 5238 οὑ
2604 5185 3004 5256 συμφωνοῦμεν
3055 5185 3201 5254 αύτῴ
3238 5183 3476 5255 δημοσίᾳ
3505 5183 3593 5234 λέ.
3617 5199 3634 5216 ι

2033 5291 2207 5340 γοντι,
2256 5273 2373 5328 Ἀεὶ
2427 5275 2582 5339 Θεὸς,
2636 5276 2724 5328 ἀεὶ
2784 5274 2944 5336 Υίὸςο
3015 5275 3134 5341 ἅμα
3200 5274 3412 5342 Πατὴρ,
3479 5272 3596 5341 ἀμα

2038 5367 2186 5429 Υἱὸς.
2219 5368 2572 5438 Συνυπάρχει
2595 5369 2913 5437 ἀγεννήτως
2949 5371 2977 5421 6
3027 5368 3150 5429 Υίὺς
3181 5368 3258 5438 τῷ
3281 5367 3419 5437 Θεῷ.
3457 5368 3599 5420 Ἀει-
