3972 6200
1104 159 1141 184 δ

395 190 463 251 47
1602 189 2022 275 NiCEPllORI
2064 191 2411 251 CALLlSTI
3558 196 3629 258 ιε

395 321 558 361 mur:
588 305 653 359 de
690 312 741 358 te
771 312 951 357 autem
979 304 1247 369 dolemus,
1286 304 1421 359 tanti
1451 303 1552 359 viri
1587 304 1804 359 silentio
1831 319 1954 357 cau-

2065 320 2216 371 μενοι
2253 304 2353 373 τὴν
2384 302 2595 372 σιωπὴν
2623 302 2815 372 ἀνδρὸς
2847 304 3102 357 τοαουτου
3137 298 3306 377 ἧτταν
3363 305 3514 372 ἡμῶν
3551 303 3628 358 εἷ-

394 412 510 451 ram
568 403 808 449 nostram
862 394 1107 449 damnari
1158 396 1558 449 existimantes.
1609 395 1953 463 Quaproyter

394 496 469 547 te,
494 486 584 555 qui
619 486 761 542 nosti
791 485 1045 554 prudenti
1074 487 1189 537 viro
1221 484 1447 538 minime
1479 484 1724 538 omnium
1753 498 1954 538 convc-

392 578 534 640 nire,
585 589 645 631 ut
688 578 869 632 aliena
914 585 967 630 et
1020 575 1254 629 absurda
1313 576 1515 630 sentiat
1560 576 1955 644 veritatemque

392 669 654 732 obticeat,
694 668 906 730 hortor,
944 675 1002 719 ut
1036 665 1233 735 Spiritu
1272 675 1513 721 mentem
1544 676 1691 722 tuam
1725 667 1792 721 ad
1820 667 1956 721 scri-

393 760 632 814 bendum
675 758 1107 829 reulintegraute,
1148 759 1389 813 scribere
1426 759 1643 813 tandem
1690 758 1759 813 de
1794 759 1955 814 rebus

391 850 460 905 iis
491 848 722 916 incipias
762 862 882 915 quae
913 859 966 900 et
1004 846 1100 899 tibi
1132 856 1187 899 et
1220 846 1566 900 auditoribus
1601 846 1797 901 futurae
1827 856 1955 931 sun‘t

391 941 589 994 utiles:
642 938 951 1006 pracipue,
987 937 1031 991 si
1080 946 1450 991 consentanea
1492 937 1826 1005 Scriptum,
1865 954 1956 990 ve-

389 1031 567 1100 stigiis
610 1028 903 1083 verborum
956 1039 1014 1082 et
1059 1028 1455 1082 sententiarum
1506 1028 1625 1097 ejus
1671 1027 1952 1092 insistens,

390 1123 633 1175 scribere
668 1121 910 1173 animum
949 1117 1255 1173 induxeris.
1296 1119 1485 1188 Neque
1525 1118 1675 1173 enim
1717 1118 1827 1172 duo
1870 1118 1955 1172 in-

388 1213 572 1281 genita
620 1210 963 1272 audivimus,
1016 1223 1192 1277 neque
1238 1223 1408 1261 unum
1451 1206 1507 1260 in
1553 1209 1660 1262 duo
1689 1208 1948 1271 divisum,

388 1304 484 1359 sed
528 1318 704 1371 neque
736 1313 1058 1368 corporeum
1104 1296 1253 1368 quid
1282 1298 1619 1368 perpessioni
1654 1298 1951 1354 obnoxium

389 1395 684 1449 didicimus
716 1400 810 1445 aut
846 1389 1185 1444 credidimus
1209 1427 1223 1454 ,
1253 1389 1517 1444 domine:
1551 1404 1740 1443 verum
1781 1405 1949 1444 unum

386 1488 609 1558 quidem
647 1483 947 1554 ingenitum
977 1499 991 1535 :
1025 1495 1194 1540 unum
1228 1496 1360 1535 vero
1389 1481 1459 1534 ab
1492 1480 1613 1549 ipso
1642 1497 1804 1543 vere,
1841 1498 1950 1536 non

388 1589 569 1633 autem
605 1591 671 1629 ex
713 1572 1022 1630 substantia
1050 1574 1168 1642 ejus
1217 1572 1453 1636 factum,
1489 1587 1715 1641 prorsus
1745 1581 1952 1626 naturae

2057 410 2166 446 ναι.
2200 394 2290 445 Διὸ
2342 393 2651 463 παρακαλῶ
2704 411 2788 461 σε,
2838 394 3020 447 εἰδότα
3072 394 3147 457 ὡς
3180 395 3431 464 ἀπρεπὲς
3471 400 3628 465 ἀνδρὶ

2058 487 2311 557 φρονίμῳ
2335 487 2526 540 ἀλλοῖα
2565 492 2805 557 φρονεῖν,
2857 489 2955 542 καὶ
2989 492 3204 559 σιωπᾷν
3236 491 3466 562 τάληθῆ,
3498 496 3630 546 ἀνα-

2059 577 2393 630 σκευάσαντι
2442 568 2519 645 τῷ
2561 575 2834 643 πνεύματι
2893 576 2984 629 τὸν
3052 577 3339 648 λογισμὸν,
3399 583 3529 652 περὶ
3566 583 3629 635 τὸ

2054 667 2291 738 γράφειν
2354 669 2523 738 ἄρχου
2579 668 2988 731 λυσιτελοῦντος
3061 671 3157 722 καὶ
3221 673 3305 723 σοὶ
3367 673 3459 724 καὶ
3514 676 3632 736 τοῖς

2057 760 2319 812 ἀκούουσι
2351 777 2445 813 σου
2474 775 2489 791 °
2541 759 2761 829 μάλισθ’
2802 762 2931 813 ὅταν
2986 762 3109 813 κατ’
3154 763 3484 816 ἀκολουθίαν
3531 768 3632 833 τῆς

2057 847 2281 914 Γραφῆς
2320 849 2414 898 καὶ
2444 848 2562 907 τοῖς
2593 847 2767 916 ἴχνεσι
2805 846 2913 899 τών
2950 847 3129 914 λόγων
3175 849 3344 917 αὐτῆς
3395 853 3490 903 καὶ
3519 850 3628 902 τῶν

2057 936 2422 1006 βουλημάτων
2451 936 2660 998 ἐθέλοις
2691 936 2954 1006 γράφειν.
2987 937 3123 990 Οὔτε
3169 940 3277 1008 γὰρ
3329 939 3424 992 δύο
3467 942 3630 1006 ara“:-

2056 1045 2191 1094 νητα
2222 1026 2566 1096 ἀκηκόαμεν,
2611 1024 2735 1079 οὔτε
2777 1026 2835 1078 ἓν
2871 1029 2948 1090 είς
2978 1028 3072 1081 δύο
3116 1029 3469 1100 διῃρημένον,
3506 1032 3628 1085 οὐδὲ

2059 1117 2372 1187 σωματικά)
2411 1134 2464 1168 τι
2494 1117 2765 1179 πεπονθὸς
2814 1118 2891 1187 (1)
2946 1121 3353 1189 μεμαθήκαμεν
3387 1121 3419 1190 ἢ
3463 1139 3630 1175 πεπι-

2057 1211 2393 1276 στεύκαμεν,
2423 1210 2655 1262 δέσποτα
2682 1226 2695 1238 ο
2733 1210 2846 1263 ἀλλ’
2882 1210 2941 1264 ἓν
2974 1213 3070 1279 μὲν
3098 1215 3156 1265 τὸ
3192 1214 3523 1283 ἀγέννητον*
3567 1215 3628 1267 ἓν

2054 1296 2111 1348 δὲ
2138 1297 2196 1347 τὸ
2221 1296 2311 1348 ὑπ’
2342 1296 2509 1349 αὐτοῦ
2540 1296 2755 1366 ἀληθῶς
2780 1299 2873 1350 καὶ
2899 1299 2961 1351 ἐκ
2993 1299 3089 1367 τῆς
3129 1302 3316 1365 οὐσίας
3344 1302 3509 1355 αὑτοῦ
3539 1321 3631 1370 γε·

2056 1388 2232 1454 γονδς,
2267 1386 2499 1440 καθόλου
2533 1388 2629 1457 τῆς
2662 1387 2878 1456 φύσεως
2916 1391 3011 1457 τῆς
3044 1389 3344 1462 ἀγεννήτου
3374 1396 3626 1464 μετέχον,

2053 1477 2128 1540 ὡς
2157 1479 2257 1530 οὐκ
2290 1479 2358 1531 ἂν
2390 1479 2454 1531 ὲκ
2486 1480 2582 1546 τῆς
2625 1479 2816 1543 οὐσίας
2862 1481 3055 1548 αὐτοῦ,
3086 1482 3226 1537 ἀλλὰ
3258 1487 3479 1552 γεγονὸς
3508 1488 3629 1539 ὀλο-

2058 1570 2292 1641 σχερῶς,
2324 1571 2517 1640 ἕτερον
2543 1573 2607 1641 τῇ
2635 1571 2797 1639 φύσει
2825 1574 2916 1625 καὶ
2958 1573 3185 1643 δυνάμει
3235 1579 3371 1647 πρὸς
3415 1579 3627 1632 τελείαν

389 1667 616 1739 ingeniti
653 1682 761 1721 non
795 1664 1071 1735 particeps
1104 1679 1117 1718 :
1158 1678 1334 1731 neque
1367 1664 1513 1731 quod
1546 1677 1612 1716 ex
1647 1662 1953 1717 substantia

2059 1661 2353 1731 ὁμοιότητα
2387 1660 2682 1723 διαθέσεώς
2711 1679 2771 1715 τε
2810 1664 2905 1715 καὶ
2948 1663 3228 1733 δυνάμεως
3262 1667 3360 1720 τοῦ
3396 1684 3627 1737 πεποιη·

388 1761 508 1833 ejus
551 1760 657 1825 sit,
693 1758 785 1813 sed
817 1757 1021 1811 factum
1054 1755 1217 1824 plane
1251 1757 1344 1818 sit,
1382 1753 1528 1807 aliud
1560 1761 1755 1808 natura
1788 1762 1954 1823 atque

384 1852 625 1913 virtute,
668 1850 734 1904 ad
768 1849 1069 1918 perfectam
1101 1844 1521 1901 similitudinem
1556 1845 1867 1899 affectionis
1897 1852 1954 1898 et

2055 1752 2216 1815 κότος
2245 1752 2563 1821 γενόμενον.
2597 1746 2670 1806 Οῧ
2693 1753 2791 1823 τὴν
2823 1754 2997 1825 ἀρχὴν
3024 1756 3083 1808 οὑ
3111 1757 3257 1827 λόγῳ
3288 1760 3449 1826 μόνον
3474 1762 3629 1829 ἀδιή-

2054 1858 2244 1910 γητον,
2279 1842 2413 1894 ἀλλά
2446 1843 2541 1894 καὶ
2582 1844 2783 1913 ἐννοίᾳ,
2826 1844 2928 1897 οὐκ
2972 1845 3242 1914 ἀνθρώπῳ
3266 1849 3445 1915 μόνον,
3487 1850 3625 1901 ἀλλὰ

385 1944 608 1997 virtutis
650 1940 879 1995 factoris
923 1937 1096 2007 ipsius
1138 1936 1366 1990 iactant.
1401 1935 1572 2004 Cujus
1620 1936 1951 2004 principium

2054 1933 2290 1988 καὶτῶν
2321 1933 2465 2004 ὑπὲρ
2510 1933 2856 2003 ἀνθρώπους,
2903 1936 3122 1989 πάντων
3168 1932 3304 1990 εἶναι
3343 1938 3623 2010 ἀκατάλη-

388 2049 503 2089 non
538 2032 703 2087 verbo
739 2038 950 2083 tantum
980 2026 1376 2090 inenarrabile,
1408 2026 1504 2081 sed
1532 2041 1711 2095 neque
1746 2033 1951 2089 mente,

385 2143 495 2182 non
537 2125 659 2180 dico
702 2122 1018 2185 hominum,
1051 2117 1146 2173 sed
1190 2132 1416 2182 eorum,
1458 2132 1579 2186 quae
1629 2132 1796 2185 supra
1849 2116 1954 2170 bo-

304 2270 309 2279 ι
385 2217 563 2272 mines
593 2223 756 2277 sunt,
790 2211 1060 2273 omnium,
1093 2208 1585 2279 comprehensibile
1618 2220 1743 2261 esse
1772 2206 1955 2260 credi-

386 2325 527 2365 mus.
574 2306 919 2375 Proindeque
969 2319 1079 2358 non
1110 2303 1315 2357 nostris
1364 2302 1611 2370 ipsorum
1646 2299 1954 2353 rationibus

384 2400 541 2465 freti,
581 2398 676 2453 sed
704 2410 874 2452 sacrae
924 2393 1227 2463 Scriptura:
1283 2390 1708 2445 auctoritatibus
1745 2386 1951 2451 edocti,

385 2491 650 2554 dicimus,
692 2486 977 2543 conditum
1026 2498 1145 2537 esse
1191 2492 1247 2536 et
1287 2481 1571 2535 fundatum
1611 2488 1667 2534 et
1706 2479 1950 2549 genitura

383 2579 712 2642 substantia,
751 2556 910 2647 553
942 2584 997 2630 et
1037 2572 1364 2627 immutabili
1394 2580 1559 2641 atque
1594 2570 1951 2626 inenarrabili

386 2682 577 2726 natura
620 2679 676 2723 et
719 2664 1078 2723 similitudine
1123 2662 1191 2717 ad
1236 2662 1499 2717 factorem
1537 2662 1752 2731 ipsum,
1786 2661 1950 2715 sicuti

386 2765 505 2832 ipse
545 2761 680 2816 dicit
711 2758 1010 2812 Dominus:
1049 2753 1185 2807 Deus
1216 2754 1409 2806 creauit
1441 2767 1520 2806 me
1559 2752 1614 2803 in
1651 2750 1802 2804 initio
1837 2750 1953 2804 via-

387 2871 505 2907 rum
538 2853 669 2922 ejus,
706 2859 830 2903 ante
856 2862 1033 2901 omnes
1058 2843 1216 2898 colles
1251 2844 1417 2913 gignit
1446 2858 1527 2895 me
1560 2843 1601 2894 ⁸.
1632 2841 1689 2896 Si
1719 2857 1853 2895 vero
1883 2856 1950 2896 ex

386 2948 526 3015 ipso.
558 2944 660 2997 bee
694 2950 807 3004 est,
850 2939 918 2992 ab
951 2939 1069 3007 ipso
1099 2946 1247 2999 erat,
1283 2949 1391 2999 ceu
1418 2948 1547 3003 pars
1581 2934 1722 3004 ejus,
1753 2943 1849 2988 aut
1882 2948 1946 2987 ex

2055 2042 2189 2080 πτον
2243 2025 2697 2095 πεπιστεύκαμεν
2723 2042 2736 2056 ·
2771 2027 2864 2078 καὶ
2907 2027 3117 2090 ταῦτα,
3159 2030 3278 2099 οὐχὶ
3328 2031 3623 2100 λογισμοὺς

2054 2117 2271 2170 ἑαυτῶν
2306 2116 2711 2186 ὑποτιθέμενοι,
2758 2117 2877 2171 ἀλλ’
2913 2119 3018 2171 ἀπὸ
3050 2122 3148 2189 τῆς
3186 2121 3344 2187 ἁγίας
3398 2122 3623 2190 Γραφῆς

2060 2206 2463 2277 μεμαθηκότες,
2492 2206 2730 2276 λέγομεν
2772 2209 2989 2260 κτιστδν
3031 2203 3194 2272 εἶναι,
3245 2210 3337 2261 καὶ
3369 2209 3628 2272 θεμελιω-

2054 2292 2167 2355 τὸν,
2204 2294 2296 2345 καὶ
2317 2293 2581 2363 γεννητὸν
2608 2295 2675 2365 τῇ
2710 2294 2892 2364 οὐσίᾳ,
2923 2297 3014 2347 καὶ
3046 2299 3113 2365 τῇ
3160 2297 3507 2365 ἀναλλοιώτῳ
3530 2302 3623 2352 καὶ

2052 2387 2281 2455 ἀρρήτῳ
2317 2388 2477 2452 φύσει
2520 2385 2617 2437 κα)⁸
2666 2388 2733 2455 τῇ
2765 2387 3051 2455 ὁμοιότητι
3087 2387 3221 2457 πρὸς
3268 2389 3359 2442 τὸν
3397 2407 3625 2461 πεποιη-

2053 2478 2186 2529 κότα
2236 2477 2665 2548 μεμαθήκαμεν,
2720 2480 2795 2540 ὡς
2848 2479 3005 2542 αὐτὸς
3064 2482 3089 2533 ὁ
3146 2482 3349 2550 Κύριός
3403 2499 3568 2552 φησιν
3606 2500 3621 2514 ο

2063 2570 2125 2622 '0
2170 2569 2314 2634 Θεὸς
2347 2569 2555 2623 ἕκτισέ
2583 2586 2660 2639 με
2695 2570 2890 2639 ἀρχὴν
2931 2571 3087 2627 ὁδῶν
3116 2574 3304 2628 αὐτοῦ
3333 2592 3346 2605 ·
3389 2576 3503 2644 πρὸ
3555 2577 3624 2629 δὲ

2050 2656 2295 2711 πάντων
2314 2656 2563 2722 ,βουνῶν
2593 2659 2778 2727 γεννᾷ
2805 2678 2904 2730 με.
2964 2663 3028 2715 Ei
3080 2663 3136 2723 δὲ
3165 2665 3224 2729 ἐξ
3256 2666 3444 2729 αὐτοῦ,
3473 2668 3618 2720 τοῦτ’

2050 2749 2220 2816 ἐστιν,
2250 2750 2347 2802 ἀπ’
2381 2749 2548 2801 αὑτοῦ
2581 2745 2670 2820 ἦν,
2701 2750 2777 2814 ὡς
2807 2752 2875 2806 ἀν
2909 2753 3070 2823 μέρος
3110 2755 3275 2807 αὐτοῦ
3305 2756 3337 2827 ἦ
3369 2755 3427 2820 ἐξ
3453 2760 3621 2828 ἁπορο

2052 2839 2204 2909 ficia;
2232 2841 2333 2906 τῆς
2364 2839 2577 2904 οὐσίας,
2609 2840 2709 2892 οὐκ
2731 2840 2797 2892 ἂν
2828 2841 2910 2892 ἔτι
2947 2841 3180 2907 κτιστδν,
3205 2843 3327 2895 οὐδὲ
3360 2843 3620 2913 θεμελίω-

2054 2933 2145 2986 τδν
2183 2927 2323 2985 εἶναι
2354 2931 2596 2999 ἐλέγετοο
2630 2932 2753 2985 οὐδὲ
2792 2934 2956 2996 αὐτὸς
2995 2935 3231 3003 ἀγνοεῖς,
3267 2936 3447 3006 κύριε,
3481 2937 3617 3007 ἀλη-

387 3008 607 3091 delluxu
638 3031 980 3093 substantiae,
1017 3043 1125 3081 non
1152 3028 1263 3097 jam
1297 3036 1517 3080 creatus
1547 3040 1727 3094 neque
1756 3025 1952 3079 funda-

2057 3023 2183 3086 θῶς·
2209 3024 2267 3076 τὸ
2298 3022 2409 3091 γὰρ
2436 3025 2501 3075 ὲκ
2533 3022 2630 3075 τοῦ
2665 3026 2967 3093 ἀγεννήτου
3012 3027 3257 3097 ὑπάρχον
3291 3031 3509 3082 κτιστδν
3539 3033 3617 3083 ἔτι

389 3140 479 3183 tus
506 3139 627 3181 esse
661 3123 978 3177 cheretur:
1017 3117 1069 3172 id
1103 3117 1245 3186 quod
1276 3117 1390 3185 ipse
1416 3132 1666 3185 quoque,
1709 3115 1948 3181 domine,

389 3217 636 3289 profecto
709 3228 819 3267 non
876 3212 1115 3282 ignoras.
1184 3209 1337 3274 Quod
1391 3208 1536 3262 enim
1587 3223 1655 3263 ex
1710 3208 1953 3278 ingenito

389 3308 643 3368 exsistat,
685 3302 966 3357 conditum
994 3301 1105 3369 jam
1142 3299 1210 3351 ab
1249 3298 1375 3361 alio,
1407 3298 1493 3352 vel
1527 3314 1559 3352 a
1587 3298 1795 3367 seipso,
1828 3298 1952 3351 fun-

391 3399 648 3453 datumve
683 3410 791 3449 non
822 3393 914 3454 sit,
948 3401 1134 3460 utpote
1168 3388 1237 3443 ab
1277 3388 1437 3443 initio
1474 3389 1776 3457 ingenitum
1811 3387 1955 3443 exsi-

391 3502 560 3547 steus.
614 3489 668 3544 Si
699 3502 829 3542 vero
872 3486 1112 3555 genitum
1142 3482 1194 3536 id
1241 3498 1360 3537 esse
1389 3482 1640 3545 dicatur,
1691 3480 1951 3536 indicium

395 3582 667 3654 quoddam
712 3579 782 3634 de
825 3595 883 3634 se
928 3579 1186 3647 praebeat,
1225 3574 1388 3630 veluti
1431 3590 1497 3629 ex
1549 3584 1779 3644 paterna
1824 3572 1955 3626 sub-

389 3674 591 3731 stantia
638 3672 912 3741 genitum,
960 3679 1015 3723 et
1061 3667 1205 3737 quod
1247 3666 1497 3721 eamdem
1547 3665 1747 3719 habeat
1773 3679 1841 3718 ex
1885 3677 1954 3718 eo

390 3776 684 3828 naturam,
716 3763 921 3817 scimus
956 3760 1101 3830 quod
1152 3774 1263 3813 non
1313 3756 1381 3811 de
1430 3771 1497 3810 eo
1549 3756 1666 3811 solo
1705 3756 1951 3826 genitum

390 3874 533 3921 esse,
589 3856 907 3925 Scriptura,
959 3866 1147 3906 verum
1197 3852 1362 3905 etiam
1408 3848 1476 3901 de
1524 3846 1682 3908 aliis,
1736 3845 1813 3900 illi
1855 3859 1955 3914 per

391 3964 575 4006 omina
616 3956 812 4001 natura
855 3943 1254 4005 dissimilibus,
1306 3939 1571 4008 loquitur.
1617 3936 1752 3991 Nam
1799 3946 1857 3990 et
1886 3935 1955 3989 de

392 4039 714 4095 hominibus
761 4036 894 4089 dicit
924 4035 978 4087 ἐ
1024 4032 1189 4087 Filios
1237 4033 1396 4103 genui
1449 4042 1495 4083 et
1541 4028 1803 4092 excitaui,
1853 4027 1954 4096 ipsi

393 4142 570 4186 autem
593 4136 898 4197 spreverunt
926 4140 1026 4179 me.
1062 4125 1149 4189 Et,
1179 4123 1347 4176 Deum
1373 4123 1461 4193 qui
1490 4123 1667 4192 genuit
1704 4130 1773 4183 te,
1808 4121 1956 4172 dere-

394 4223 661 4292 liquisti’.
698 4221 761 4273 Et
808 4219 861 4271 in
895 4216 1016 4271 aliis
1048 4214 1180 4284 quid
1210 4214 1383 4267 dicit?
1421 4212 1520 4276 Qui
1569 4213 1749 4282 genuit
1779 4220 1954 4280 guttas

392 4317 530 4369 roris
554 4317 608 4367 δε
640 4328 749 4365 non
782 4318 1033 4364 naturam
1061 4322 1127 4360 ex
1153 4314 1348 4358 natura
1372 4344 1384 4363 .
1433 4303 1528 4357 sed
1556 4302 1850 4373 cujuslibet
1878 4303 1953 4355 rei

391 4421 513 4478 quae.
556 4412 887 4475 generatur,
917 4414 985 4453 ex
1028 4397 1309 4452 voluntate
1352 4397 1506 4464 ejus,
1547 4394 1971 4464 generationem-

391 4498 690 4554 dedueens.
714 4492 865 4547 Nihil
892 4490 1037 4544 enim
1062 4498 1145 4542 est
1165 4503 1232 4540 cx
1257 4487 1562 4539 substantia
1593 4486 1737 4554 ejus,
1762 4500 1954 4539 verum

392 4591 577 4647 omnia
601 4589 884 4641 voluntate
911 4584 1052 4653 ejus.
1078 4597 1176 4651 pro
1200 4595 1258 4633 se
1285 4578 1562 4646 quodque,
1593 4576 1774 4646 genita
1802 4586 1953 4637 sunt,

391 4677 551 4733 sicuti
585 4675 766 4745 genita
811 4679 962 4728 sunt.
999 4673 1175 4738 Atque
1225 4668 1316 4723 ille
1351 4666 1573 4737 quidem
1612 4667 1792 4729 Deus,
1836 4667 1955 4719 bwe

391 4784 522 4824 vero
567 4767 636 4821 ad
680 4763 1098 4821 similitudinem
1158 4762 1279 4831 ejus
1327 4758 1543 4835 ratione
1598 4773 1698 4812 sua
1753 4757 1953 4812 similia

391 4861 597 4919 futura,
624 4865 680 4909 et
708 4864 893 4909 tamen
925 4853 1108 4907 omnia
1143 4867 1210 4907 ex
1237 4854 1372 4905 Deo.
1407 4848 1538 4914 Quae
1567 4859 1623 4903 tu
1655 4858 1880 4917 accepta
1907 4857 1963 4901 et

391 4951 667 5006 elaborata
691 4987 706 5009 ,
748 4960 848 5014 pro
886 4959 948 4997 ea
978 4960 1099 5013 qu.e
1132 4942 1229 4995 tibi
1279 4941 1546 4994 divinitus
1584 4939 1738 4993 adest
1769 4938 1961 5008 gratia,

393 5043 462 5097 ad
506 5038 790 5095 dominqu
843 5049 1023 5087 meum
1071 5032 1440 5086 Alexandrum
1494 5029 1798 5098 perscribe.
1836 5028 1965 5081 Per-

393 5147 615 5190 suasum
648 5130 797 5185 enim
826 5127 1004 5180 habeo
1026 5165 1039 5189 ,
1076 5125 1122 5179 si
1150 5124 1217 5177 ad
1260 5124 1541 5177 hominem
1570 5121 1879 5190 scripseris,
1913 5132 1964 5174 te

397 5241 524 5281 eum
558 5232 939 5296 permaturum
967 5231 1110 5272 esse.
1142 5216 1325 5270 Saluta
1375 5229 1563 5268 omnes
1613 5212 1667 5266 in
1714 5211 1965 5266 Domino.

2053 3116 2143 3184 ὑφ’
2194 3117 2383 3188 ἑτέρου
2428 3116 2461 3186 ἡ
2523 3115 2712 3179 αὐτοῦ,
2754 3116 2786 3186 ἢ
2833 3117 3176 3187 θεμελιωτδν,
3236 3123 3337 3175 οὐκ
3393 3125 3458 3176 ἂν
3507 3126 3615 3193 εἴη,

2052 3207 2293 3275 sema,-
2323 3207 2619 3274 ἀγέννητον
2652 3208 2919 3277 ὑπάρχον.
2954 3209 3016 3262 Et
3059 3211 3114 3263 δὲ
3145 3212 3202 3263 τδ
3240 3215 3496 3285 γεννητὸν
3522 3216 3622 3267 αὑ-

2052 3300 2147 3353 τοῦ
2178 3300 2435 3367 λέγεσθαι
2473 3301 2746 3369 ὑπόφασίν
2772 3301 2850 3371 (2)
2889 3319 3014 3356 τινα
3054 3307 3304 3375 παρέχει,
3350 3308 3422 3369 ὡς
3466 3307 3532 3360 ἂν
3559 3311 3622 3363 ἐκ

2052 3394 2153 3462 τῆς
2182 3392 2372 3455 οὐσίας
2401 3392 2499 3463 τῆς
2532 3394 2803 3464 πατρικῆς
2842 3395 3005 3447 αὐτὸν
3039 3399 3321 3465 γεγονότα.
3355 3399 3447 3452 καὶ
3474 3399 3619 3470 ἔχειν

2054 3483 2119 3534 ὲκ
2140 3481 2332 3534 τούτου
2361 3480 2461 3550 τῆς
2493 3484 2712 3549 φύσεως
2757 3482 2853 3554 τὴν
2899 3485 3231 3556 ταυτότητα,
3273 3488 3619 3558 γινώσκομεν

2052 3572 2128 3634 ὡς
2156 3573 2216 3624 οὐ
2249 3574 2381 3642 περὶ
2410 3573 2576 3625 αὑτοῦ
2622 3576 2788 3642 μόνου
2818 3576 2880 3629 τὸ
2915 3576 3178 3647 γεννητὸν
3222 3576 3363 3633 εἶναί
3386 3598 3550 3650 φησιν
3587 3583 3620 3652 ὴ

2054 3664 2264 3733 Γραφὴ,
2326 3663 2462 3717 ἀλλά
2516 3665 2613 3718 καὶ
2658 3665 2751 3717 ἐπὶ
2793 3665 2900 3718 τῶν
2952 3668 3229 3738 ἀνομοίων
3285 3670 3434 3739 αὐτῴ
3478 3675 3620 3725 κατα

2054 3754 2232 3808 πάντα
2258 3757 2325 3823 τῇ
2363 3755 2544 3822 φύσει.
2581 3754 2695 3808 Καὶ
2721 3758 2829 3826 γὰρ
2853 3757 2947 3810 καὶ
2978 3760 3066 3813 ἐπ’
3096 3759 3401 3830 ἀνθρώπων
3433 3767 3622 3831 φησὶν,

2064 3845 2229 3909 Υιοὺς
2264 3844 2567 3914 ἐγέννησα
2623 3846 2720 3899 καί
2775 3847 2994 3916 ὕψωσα
3017 3866 3030 3881 ·
3072 3852 3243 3904 αὐτοὶ
3276 3851 3342 3905 δέ
3365 3869 3443 3920 με
3482 3854 3621 3919 ἠθέ-

2053 3950 2273 4002 τησαν·
2294 3936 2407 3999 καὶ,
2430 3935 2580 3989 Θεὸν
2594 3939 2701 3989 τὸν
2714 3942 3095 4007 γεννήσαντά
3116 3957 3191 3995 σε
3211 3942 3618 4011 ἐγκατέλιπες.

2056 4029 2166 4081 Kal.
2196 4029 2254 4081 ὲν
2284 4028 2491 4096 ἑτέροις
2517 4029 2572 4080 τί
2602 4046 2797 4098 (metu;
2850 4033 2907 4083 Ὀ
2940 4035 3195 4099 τετοκὼς
3219 4035 3461 4099 βώλους
3484 4038 3621 4105 δρό-

2055 4134 2191 4173 σου·
2226 4119 2286 4171 οὐ
2342 4119 2442 4190 τὴν
2499 4119 2662 4187 φύσιν
2709 4124 2769 4174 ἐκ
2818 4124 2918 4193 τῆς
2969 4125 3185 4192 φύσεως
3240 4127 3620 4197 διηγούμενος,

2056 4212 2191 4264 ἀλλά
2219 4213 2318 4279 τὴν
2352 4212 2438 4278 ἐφ’
2467 4213 2684 4284 ἑκάστῳ
2710 4214 2820 4267 τῶν
2853 4216 3162 4283 γενομένων
3204 4220 3268 4270 ἐκ
3298 4220 3392 4270 τοῦ
3425 4221 3623 4291 βουλή.

1993 4332 2033 4383 D
2062 4318 2226 4372 ματος
2257 4300 2424 4355 αὐτοῦ
2452 4304 2665 4369 γένεσιν
2701 4320 2716 4336 ο
2747 4304 2870 4356 οὐδὲ
2894 4307 3001 4373 γάρ
3023 4307 3171 4360 ἐστιν
3203 4310 3266 4360 ἐκ
3308 4309 3406 4378 τῆς
3432 4312 3622 4375 οὐσίας

2063 4391 2249 4444 αὑτοῦ·
2287 4393 2462 4443 πάντα
2504 4392 2559 4444 δὲ
2605 4392 2910 4463 βουλήματι
2954 4396 3118 4448 αὐτοῦ
3154 4399 3442 4466 γενόμενα,
3488 4400 3623 4453 ἐκα-

2064 4499 2189 4536 στον
2214 4484 2289 4543 ὡς
2318 4483 2413 4535 καὶ
2456 4484 2673 4551 ἐγένετο
2699 4501 2714 4516 ο
2746 4488 2773 4537 ὁ
2810 4486 2909 4554 μὲν
2942 4488 3052 4556 γὰρ
3101 4487 3255 4552 Θεὸς,
3292 4490 3359 4540 τὰ
3389 4490 3444 4542 δὲ
3490 4492 3623 4560 πρὸς

2060 4574 2358 4643 ὁμοιότητα
2394 4574 2559 4627 αὐτοῦ
2598 4574 2740 4645 λόγῳ
2767 4576 2928 4644 ὃμοια
2967 4578 3204 4646 ἐσόμενα
3229 4596 3243 4609 ·
3271 4581 3445 4632 πάντα
3479 4582 3534 4633 δὲ
3563 4587 3623 4637 ἐκ

2058 4664 2156 4718 τοῦ
2184 4664 2342 4721 Θεοῦ.
2376 4667 2555 4736 ’Δπερ
2604 4666 2785 4720 λαϐὼν
2832 4668 2929 4721 καὶ
2971 4665 3411 4738 ἐξεργασάμενος
3435 4712 3449 4734 ,
3483 4674 3624 4726 κατά

2059 4757 2159 4826 τὴν
2192 4758 2504 4828 προσοῦσάν
2529 4775 2611 4811 σοι
2635 4759 2821 4812 θεόθεν
2849 4765 3029 4829 χάριν,
3057 4762 3265 4829 γράψαι
3288 4764 3365 4832 τῷ
3389 4765 3624 4838 δεσπότῃ

2061 4867 2165 4918 μου
2202 4848 2541 4918 Ἀλεξάνδρῳ
2566 4851 2885 4903 σπούδασον.
2930 4853 3278 4906 Πεπίστευκα
3301 4856 3407 4925 γάρ
3442 4854 3517 4916 ὡς
3537 4895 3551 4916 ,
3578 4858 3625 4907 εί

2058 4939 2289 5009 γράψεις
2332 4942 2504 5011 αὐτῷ,
2546 4942 2821 5011 ἐντρέψεις
2869 4945 3052 4998 αὐτόν.
3105 4946 3319 5001 Πάντας
3364 4948 3625 5016 πρόσειπε

2060 5034 2185 5092 τοὺς
2238 5033 2296 5083 ἐν
2334 5034 2541 5103 Κυρίῳ.
2612 5033 2958 5103 Ἐῤῥωμὲνον
3011 5053 3095 5097 σε,
3147 5039 3239 5089 καὶ
3283 5038 3425 5106 ὑπὲρ
3473 5039 3626 5107 ἡμῶν

2062 5123 2407 5190 εὐχόμενον,
2480 5128 2511 5193 ἡ
2584 5123 2702 5177 θεία
2757 5125 2914 5194 χάρις
2975 5127 3327 5194 διαφυλάττοι
3386 5146 3477 5190 σε,
3539 5131 3623 5181 65'-

2064 5229 2257 5267 σποτα.
2304 5231 2323 5264 δ

392 5322 675 5379 Valentem
702 5331 788 5385 te,
818 5327 875 5373 et
896 5321 1007 5385 {pro
1054 5306 1215 5367 nobis
1245 5318 1495 5365 orantem
1521 5347 1539 5374 ,
1568 5308 1753 5362 divina
1781 5311 1954 5376 gratia
2000 5320 2311 5372 conservet.
2342 5310 2584 5366 domine.
2628 5332 2645 5362 ι

467 5463 483 5491 ¹
520 5462 678 5516 Prov.
712 5476 835 5526 vni,
862 5458 954 5513 '22.
1030 5458 1051 5488 ’
1085 5454 1189 5509 lsa.
1223 5467 1261 5517 ι,
1287 5450 1343 5504 ‘2.
1421 5450 1440 5480 ³
1477 5448 1637 5504 Deut.
1671 5464 1842 5514 χχιιι,
1880 5450 1961 5502 18.

467 5580 544 5649 (ι)
571 5579 682 5633 llnc
708 5588 809 5644 est,
844 5574 1284 5637 diminutionem,
1319 5569 1755 5625 decrcntentum.

2044 5450 2063 5479 ‘
2097 5451 2195 5503 Jul.
2233 5465 2454 5512 xxxviii,
2483 5449 2574 5504 28.

2143 5570 2216 5637 (Et)
2251 5569 2355 5622 .‘iiii
2386 5568 2591 5623 habent
2632 5572 2917 5626 ὑπ’ίῦασιν.
