3972 6200
308 428 376 492 49
1150 447 1757 516 ΕΟΕΗΞΞΙΛΞΤΙΟΑΞ
1802 459 1872 518 HI

1977 458 2200 521 .‘ORUE
2240 464 2388 527 LIB.
2432 465 2602 526 VIII.
3358 436 3363 442 ’
3471 446 3575 529 50'

889 548 1144 605 KEoAA;
1176 556 1284 609 IA'.

830 638 1066 724 Ἀρείου.
1102 648 1381 724 qva-dator
1401 666 1414 679 ·
1470 653 1566 707 καί
1607 657 1878 724 περὶτῆς

375 703 488 791 chr
510 703 894 791 οἰκουμένηνί
928 709 1344 786 διαλαϐούσης
1394 703 1752 791 συῇύᾶἐῶξ

373 788 610 828 τουτον.

379 884 613 980 Τοιαῦτα
640 889 740 941 καὶ
794 885 945 947 οὗτοι
997 893 1244 968 ἔγραφον
1291 905 1427 974 πρὸς
1456 908 1549 960 τὸν
1608 911 1749 964 κατὰ
1774 911 1875 980 τῆς

310 975 564 1071 ἀληθείας
588 982 942 1051 ὁπλιζόμενοι
962 987 1221 1059 πόλεμον.
1257 994 1343 1057 Ὠς
1363 996 1418 1048 δέ
1442 998 1611 1052 πολλὰ
1639 975 1879 1071 γράφον-

308 1081 396 1127 τες
419 1066 620 1159 ἥκιστα
653 1073 867 1126 πείθειν
898 1076 990 1129 τὸν
1035 1080 1387 1152 Ἀλέξανδρον
1415 1083 1581 1157 εἶχον,
1615 1066 1875 1159 χαλεπαί-

308 1174 490 1250 νοντες
537 1156 681 1230 ἦσαν
724 1165 800 1227 ὡς
836 1168 1181 1239 ὑϐρισμένον
1230 1177 1325 1229 καὶ
1372 1180 1609 1250 σπουδὴν
1637 1156 1877 1236 ἐτίθεντο

305 1247 367 1298 τὸ
400 1248 612 1318 ’Δρείου
647 1254 915 1322 κρατῦναι
950 1257 1150 1329 δόγμα.
1200 1264 1312 1316 Καὶ
1342 1266 1405 1335 δὴ
1440 1269 1498 1321 ἐν
1526 1247 1590 1337 τῇ
1632 1271 1877 1325 Βιθυνῶν

305 1338 367 1431 τὸ
383 1338 490 1431 τῆς
525 1342 785 1407 ἀσεϐείας
835 1352 1311 1421 συγκροτήσαντες
1348 1358 1731 1431 ἐργαστήριον,
1763 1367 1876 1427 τοῖς

304 1428 408 1480 ave
431 1430 545 1497 τὴν“
579 1435 918 1507 οἰκουμένην
969 1441 1017 1493 οί
1065 1443 1195 1513 περὶ
1239 1445 1505 1501 Εὐσέϐιον
1551 1428 1876 1516 ἐπισκόποις

304 1518 580 1589 ἔγραψαν,
617 1524 838 1595 ’Δρειόν
868 1545 926 1583 τε
949 1532 1044 1584 καὶ
1070 1533 1199 1598 τοὺς
1243 1539 1365 1605 μετ’
1392 1540 1558 1594 αὐτοῦ
1590 1549 1875 1607 κοινωνίας

301 1608 532 1706 άξιοῦψ
586 1613 728 1706 εἶναι
765 1621 874 1689 γὰρ
924 1623 1121 1688 αὐτοῖς
1164 1627 1489 1701 ἐρρωμένην
1512 1633 1610 1704 τὴν
1662 1638 1787 1706 περὶ
1817 1639 1878 1690 τὸ

300 1700 484 1772 δόγμα
517 1705 701 1772 δόξαν·
729 1713 825 1765 καὶ
855 1712 1210 1787 Ἀλέξανδρον
1252 1718 1309 1770 δὲ
1352 1700 1523 1775 ταυτδ
1554 1700 1712 1777 τοῦτο
1735 1700 1876 1795 ’δρᾶ-

303 1809 395 1884 σαι
460 1799 935 1866 παρασκευάζειν.
998 1805 1086 1869 Ὠς
1120 1807 1178 1861 δέ
1209 1810 1365 1865 οὐδὲν
1415 1806 1579 1884 ἧττον
1602 1817 1665 1869 τδ
1707 1817 1878 1871 σποῦ*

2572 571 2795 629 CAPUT
2849 574 2943 630 XI.

1983 659 2058 713 De
2090 662 2302 731 synodi:
2330 678 2425 730 pro
2439 664 2562 735 Aria
2590 664 2802 727 coactis,
2826 673 2876 718 et
2901 666 2965 719 de
2990 665 3141 719 turba
3173 673 3223 719 et
3246 665 3554 735 confusione

2261 746 2380 796 qum
2407 734 2578 785 orbem
2602 741 2816 805 propter
2830 735 3015 790 Arium
3056 736 3269 790 invasit.

2055 904 2203 958 Taua
2257 915 2314 960 et
2369 907 2453 959 isti
2503 908 2879 977 scripserunt}
2936 911 3204 966 adversus
3259 912 3547 969 veritatem

1981 995 2181 1051 bellum
2214 998 2586 1054 instituentes.
2618 1001 2912 1070 Postquam
2942 1014 3122 1058 autem
3157 1004 3253 1060 diu
3284 1006 3549 1060 multum-

1980 1102 2085 1155 que
2116 1088 2422 1143 scribentes
2442 1129 2458 1152 .
2502 1092 2833 1159 persuadere
2864 1095 3176 1149 Alexandro
3214 1096 3548 1165 qttod‘vole-

1978 1178 2108 1231 bant
2151 1192 2265 1232 non
2308 1189 2576 1247 potuere,
2625 1182 2855 1249 perinde
2901 1194 3065 1253 atque
3125 1185 3324 1256 injuria
3364 1185 3546 1240 allecti

1978 1277 2192 1333 essent,
2245 1284 2389 1338 aegre
2439 1270 2492 1324 id
2552 1270 2823 1339 ferentes,
2864 1290 3063 1344 magno
3093 1276 3276 1330 studio
3331 1276 3386 1331 iu
3444 1277 3549 1331 hoc

1978 1359 2286 1415 incubuere
2310 1371 2373 1415 ut
2395 1361 2511 1415 Arii
2540 1361 2733 1432 dogma
2760 1364 3059 1419 obtineret.
3093 1366 3160 1421 Et
3190 1367 3248 1420 in
3276 1366 3549 1437 Bithynia:

1979 1451 2237 1516 primaria
2266 1452 2402 1506 urbe
2424 1490 2439 1515 ,
2473 1453 2773 1522 impietatis
2811 1455 3059 1511 instituta
3086 1456 3300 1512 oﬂicina
3322 1496 3337 1522 ,
3378 1458 3550 1514 Euse-

1979 1541 2101 1594 bius
2137 1540 2204 1595 ad
2235 1542 2531 1612 plerosque
2563 1545 2715 1600 orbis
2750 1545 3049 1601 Christiani
3082 1548 3373 1619 episcopos
3399 1549 3550 1604 litte-

1979 1647 2066 1686 ras
2091 1633 2264 1696 dedit,
2295 1642 2355 1687 ut
2384 1634 2574 1688 Arium
2610 1645 3023 1706 sectatoresque
3050 1634 3169 1709 ejus
3201 1638 3269 1693 ad
3300 1654 3548 1695 comnm-

1977 1723 2197 1779 nionetn
2216 1724 2594 1780 admitterent.
2617 1725 2708 1781 Sic
2724 1726 2873 1781 enim
2898 1727 3166 1795 futurum,
3189 1741 3249 1785 ut
3268 1730 3543 1799 ingentem

1977 1813 2045 1868 de
2068 1813 2319 1883 dogmate
2340 1824 2817 1883 consequerentur
2844 1815 3094 1885 gloriam,
3123 1823 3178 1870 et
3206 1816 3542 1881 Alexandro,

298 1881 491 1979 δασμα
523 1888 676 1979 παρὰ
730 1891 956 1963 γνώμην
1006 1896 1308 1966 ἐξέϐαινεν,
1367 1881 1719 1978 ⁹Αλεξάνδρου
1760 1912 1872 1973 τοῖς

1978 1914 2037 1958 ιιι
2078 1881 2224 1959 idem
2281 1881 2809 1974 iaceretgauctores
2849 1881 3262 1979 lierent.’55&.
3289 1908 3359 1963 Ut
3407 1923 3542 1963 vero

297 1972 453 2039 ἅπαξ
481 1978 608 2030 κατ’
666 1981 884 2051 ’Δρείου
917 1985 1264 2059 δεδογμένοις
1311 1972 1663 2064 ἐμμένοντος,
1713 1972 1877 2055 ἀπειέ-

298 2065 413 2162 πων
454 2070 750 2162 -ἶΔρειοςζ
782 2077 1083 2147 πρεσϐείαν
1121 2082 1340 2137 ἔστελλε
1388 2088 1641 2162 Παυλίνῳ
1674 2109 1737 2146 τε
1781 2096 1876 2149 καὶ

297 2152 549 2248 Είισεϐίῳ
593 2158 672 2228 τῷ
706 2161 1017 2231 Παμφίλου,
1054 2170 1147 2222 καὶ
1193 2171 1518 2246 Πατροφίλῳ
1563 2152 1641 2248 τῷ
1673 2180 1876 2235 Σκυθο-

297 2245 537 2342 πόλεως,
573 2251 668 2303 καί⁵
698 2256 830 2323 περὶ
849 2255 1091 2321 ἐκείνᾱυς
1117 2264 1451 2334 συστήματι,
1477 2245 1873 2342 ἐπιτετράφθαι

294 2336 343 2387 οι
375 2339 486 2434 καί.
522 2343 635 2434 τοῖς
673 2345 815 2414 ἀμφ’
841 2347 1026 2413 αὑτὸν,
1062 2352 1155 2405 τὸν
1202 2358 1332 2425 περὶ
1365 2358 1528 2414 αὐτὸν
1572 2362 1646 2424 ὡς
1670 2336 1875 2434 ’προτει-

295 2445 384 2526 ρον
455 2431 843 2526 ἐκκλησιάζειν
890 2438 1057 2503 λαὸν,
1094 2437 1185 2497 οἷα
1228 2446 1293 2517 δὴ
1330 2450 1425 2502 καὶ
1454 2452 1552 2521 τὴν
1594 2452 1706 2507 τῶν
1725 2431 1874 2526 ’πρε-

293 2521 586 2592 σϐυτέρων
615 2525 770 2590 τάξιν
806 2529 870 2582 ἐκ
890 2531 1091 2587 πολλοῦ
1121 2534 1336 2609 ἔχοντα,
1365 2539 1520 2606 ἔθους
1546 2544 1610 2596 ἐκ
1641 2521 1873 2602 παλαιοῦ

292 2614 691 2684 κρατήσαντος
740 2619 835 2673 ἕνα
890 2622 992 2692 μὲν
1019 2621 1160 2680 είναι
1198 2630 1291 2684 τὸν
1340 2634 1482 2688 κατὰ
1506 2635 1725 2691 πάντων
1758 2640 1876 2692 ent.

296 2721 536 2799 σκοπον,
560 2710 683 2774 τοὺς
712 2712 769 2765 δὲ
801 2716 1212 2788 πρεσϐυτέρους
1270 2722 1407 2785 ιδίας
1438 2724 1537 2790 τὰς
1576 2727 1874 2799 ἐκκλησίας

294 2797 467 2869 ἔχειν,
511 2804 609 2854 καὶ
644 2803 733 2855 τὸν
767 2803 894 2859 λαὸν
928 2810 1108 2863 ἐκεῖσε
1146 2815 1483 2882 συνάγοντας
1518 2797 1872 2875 ἐκδιδάσκειν.

294 2889 739 2982 Οίᾼδὲ-δέχονται
767 2895 868 2965 τὴν
916 2901 1239 2970 πρεσϐείανο
1294 2907 1389 2959 καὶ
1437 2907 1495 2958 ἐν
1544 2909 1872 2982 Παλαιστίνῃ

296 2976 417 3071 μεθ’
450 2979 665 3049 ἐτέρων
692 2986 998 3054 γενόμενοι,
1031 2990 1130 3059 τὴν
1177 2992 1391 3062 Ἀρείου
1421 2997 1641 3065 αῐτησιν
1669 2976 1878 3071 iaman

297 3067 537 3135 ροῦσιν,
579 3072 873 3143 ἐγγράφως
910 3077 1302 3150 διαταξάμενοι
1357 3087 1614 3155 συνάγειν
1670 3091 1768 3159 μὲν
1799 3067 1874 3155 ὧς

291 3162 862 3261 πρότερονΑἈρειον,
906 3171 1242 3247 Ἀλεξάνδρῳ
1277 3193 1342 3247 γε
1372 3178 1480 3250 μὴν
1508 3180 1830 3238 ὑποκεῖσθαι
1856 3200 1870 3215 ’
1902 3204 1943 3261 c

290 3252 517 3344 δεῖσθαι
559 3257 618 3309 δὲ
665 3261 761 3311 καὶ
792 3260 1096 3317 ἀντιϐολεῖν
1138 3267 1235 3338 τῆς
1278 3268 1491 3323 ἐκείνου
1525 3276 1873 3344 κατατυγχά-

290 3356 406 3394 νειν
433 3343 671 3414 είρήνης
692 3362 752 3399 τε
791 3350 883 3400 καί
915 3347 1185 3415 ἐνώσεως.
1219 3354 1327 3407 Καὶ
1374 3356 1505 3427 άλλη
1537 3358 1585 3412 δ’
1622 3360 1678 3413 ἐν
1703 3343 1870 3429 Αιγι-

290 3434 674 3502 πτῳσύνοδος
705 3437 846 3509 ὑπὲρ
865 3443 1076 3497 τούτων
1102 3445 1409 3502 συνίστατο.
1451 3451 1793 3521 Συνέπραττε
1814 3453 1871 3506 δὲ

289 3528 448 3595 αὐτῷ
479 3532 577 3583 καὶ
616 3532 874 3597 Μελίτιος
910 3537 1006 3588 καὶ
1054 3539 1104 3591 οἱ
1138 3541 1266 3611 περὶ
1304 3542 1489 3608 αὑτὸν,
1527 3546 1577 3599 oi
1607 3547 1704 3615 τῆς
1748 3547 1870 3599 Ἐκ-

290 3616 535 3687 κλησίας
589 3620 697 3690 πρὸ
742 3620 979 3692 βραχέος
1018 3629 1352 3697 σχισθέντες,
1388 3634 1481 3686 καὶ
1523 3636 1589 3688 τὰ
1635 3636 1870 3705 μέγιστα

294 3708 779 3798 συνελαμϐάνοντο
813 3713 931 3780 ,άτε
958 3716 1022 3786 δὴ
1044 3720 1139 3773 καὶ
1169 3714 1317 3774 οὗτοι
1342 3726 1527 3789 κακῶς
1547 3728 1683 3798 πρὸς
1722 3730 1870 3783 Ἀλέ-

293 3796 530 3868 ξανδρον
556 3800 916 3870 διακείμενοι.
968 3807 1063 3871 Τίς
1103 3809 1160 3863 δὲ
1185 3811 1214 3863 ὁ
1256 3813 1513 3879 Μελίτιος
1552 3796 1704 3881 οὗτος
1728 3820 1870 3888 φθά-

291 3907 467 3961 νομεν
504 3893 809 3964 εἰρηκότες.
857 3898 987 3962 Τοῖς
1023 3900 1080 3954 δέ
1117 3904 1241 3956 κατ’
1288 3906 1565 3975 Αἴγυπτον
1612 3910 1704 3964 καὶ
1748 3916 1869 3976 ταῖς

294 3984 627 4053 ἅπανταχοῦ
681 3987 1000 4058 ἐκκλησίαις
1019 3991 1418 4068 διασπαρείσης
1451 4003 1550 4069 τῆς
1581 4001 1864 4071 αίρέσεως,

294 4073 413 4142 ιρις
447 4075 511 4127 ἐν
541 4075 800 4139 ἑκάστοις
844 4080 1055 4151 ἄμαχος
1106 4084 1450 4157 ἁνηγείρεεο.
1499 4089 1557 4144 '0
1591 4091 1647 4144 δὲ
1692 4096 1870 4156 κοινὸς

290 4164 456 4235 ὄχλος
486 4167 690 4237 κρίνων
715 4164 783 4238 ἦν
815 4169 881 4223 τὰ
914 4172 1160 4227 τοιαῦταο
1196 4178 1292 4229 καὶ
1331 4179 1422 4233 ἐπ’
1457 4183 1663 4255 ἀγορᾶς
1701 4186 1871 4256 προῦο

292 4274 501 4324 κειντο,
551 4259 663 4312 τῶν
710 4262 813 4330 μὲν
860 4266 1059 4330 τοῖσδε,
1104 4268 1215 4322 τῶν
1250 4270 1297 4323 δ’
1324 4272 1554 4338 ἐκείνοις
1584 4278 1869 4343 προστιθε-

293 4350 481 4418 μένων
512 4353 606 4403 καὶ
640 4353 1096 4425 ἐπικλινομένων.
1137 4359 1427 4431 Τραγῳδία
1459 4381 1517 4416 τε
1559 4368 1649 4417 καὶ
1691 4365 1867 4434 γέλως

292 4441 560 4512 ἄντικρυς
604 4445 674 4497 τὰ
713 4443 970 4516 δρώμενα
1020 4445 1191 4521 ἦσαν.
1238 4454 1311 4506 Οὐ
1342 4455 1451 4525 γὰρ
1499 4456 1865 4526 ἀλλόγλωσσοι

1976 1995 2151 2050 nihilo
2177 1997 2350 2067 magis
2371 2005 2612 2067 coeptum
2637 2013 2828 2053 eorum
2856 2013 2923 2054 ex
2949 1997 3222 2054 sententia
3251 2000 3538 2068 processit,

1975 2088 2119 2157 quod
2148 2089 2454 2144 Alexander
2474 2092 2532 2145 in
2563 2090 2646 2145 eis
2680 2106 2803 2160 quae
2832 2092 2997 2146 semel
3026 2091 3383 2154 decrevisset.
3413 2106 3542 2147 eon-

1976 2187 2183 2234 stanter
2212 2191 2618 2250 perseveraret,
2649 2182 2938 2251 desperata
2967 2197 3031 2238 ea
3065 2199 3123 2238 re
3155 2183 3321 2238 Arius
3369 2183 3541 2237 inter-

1975 2272 2198 2325 nuntios
2242 2272 2309 2327 ad
2341 2273 2665 2329 Paulinum.
2699 2281 2755 2327 et
2793 2273 3090 2327 Eusebium
3148 2272 3447 2342 Pamphili,
3487 2282 3544 2329 et

1974 2363 2347 2433 Patrophilum
2378 2362 2919 2434 Scytbopolitanum.
2948 2376 3004 2420 et
3027 2365 3095 2419 ad
3127 2365 3345 2419 illorum
3378 2366 3545 2419 colle-

1973 2452 2122 2522 gium
2169 2453 2346 2514 misit.
2394 2462 2455 2508 ut
2504 2455 2607 2509 sibi
2666 2456 3145 2525 sectatoribusque
3202 2456 3316 2510 suis
3358 2456 3542 2524 populi

1975 2543 2058 2597 sui
2088 2544 2141 2597 in
2171 2543 2403 2598 ecclesia
2437 2545 2692 2615 cogendi,
2729 2546 2895 2600 sicuti
2935 2552 3094 2599 antea
3130 2544 3409 2608 fecissent,
3446 2559 3543 2613 po-

1976 2644 2143 2690 testas
2190 2634 2374 2700 lleret,
2427 2643 2658 2706 petens:
2690 2637 2894 2707 quippe
2942 2637 3037 2699 qui
3080 2637 3244 2707 longo
3279 2636 3395 2703 ipse
3428 2637 3540 2705 jam

1977 2737 2220 2796 tempore
2259 2726 2510 2782 ordinem
2550 2728 2846 2797 locumque
2886 2743 3046 2782 suum
3085 2728 3229 2783 inter
3258 2729 3544 2798 presbyte-

1977 2833 2068 2873 ros
2116 2818 2366 2880 haberet.
2424 2828 2480 2872 et
2530 2834 2597 2875 ex
2654 2818 3059 2874 consuetudine
3113 2819 3342 2890 antiqua
3397 2833 3543 2874 unus

1975 2908 2195 2978 quidem
2240 2909 2498 2965 omnibus
2547 2917 2808 2981 praeesset
2854 2910 3186 2980 episcopus,
3239 2910 3541 2981 presbyteri

1975 3009 2156 3053 autem
2200 3015 2329 3054 suas
2369 2999 2475 3068 ipsi
2515 3009 2771 3070 regerent
2805 3000 3104 3066 ecclesias,
3156 3010 3320 3072 atque
3364 3000 3418 3054 in
3460 3001 3542 3055 eis

1975 3088 2234 3157 pOpulum
2271 3099 2659 3161 congregatum
2702 3106 2802 3162 pro
2830 3092 3099 3147 concione
3139 3094 3419 3148 docerent.
3457 3091 3540 3146 illi

1977 3179 2306 3250 legationem
2360 3182 2602 3237 hominis
2650 3184 2996 3253 suscipiunt,
3046 3195 3100 3240 et
3146 3201 3270 3242 cum
3320 3186 3442 3242 aliis
3485 3191 3539 3241 in

1977 3272 2263 3328 Palaestina
2290 3274 2715 3339 convenientes,
2753 3276 3189 3346 petitionemque
3218 3278 3340 3349 ejus
3366 3278 3541 3333 adim-

1979 3366 2235 3438 plentes,
2285 3367 2570 3423 decretum
2612 3370 2667 3423 in
2701 3368 2965 3438 scriptum
3010 3370 3298 3424 referunt:
3349 3370 3537 3425 Arium
3622 3439 3643 3448 ἰ

1978 3459 2221 3528 quidem,
2247 3468 2305 3514 ut
2326 3468 2509 3526 antea,
2532 3470 2837 3517 conventus
2862 3477 3059 3531 cogere
3080 3478 3240 3532 posse
3265 3481 3276 3516 :
3305 3462 3542 3517 Alexan-

1977 3550 2076 3605 dro
2108 3561 2288 3606 autem
2317 3552 2598 3607 subditum
2627 3568 2779 3617 esse,
2813 3554 3209 3624 deprecariquc
3241 3565 3294 3609 cl
3329 3557 3539 3625 suppli-

1977 3657 2103 3697 care
2132 3642 2218 3705 ei,
2260 3658 2370 3711 quo
2401 3644 2456 3698 in
2497 3644 2732 3714 gratiam
2774 3646 3147 3717 unionemque
3190 3648 3312 3719 t-jus
3348 3663 3542 3716 perve-

1977 3738 2097 3791 nire
2128 3745 2331 3805 posset,
2360 3735 2585 3791 debere.
2620 3736 2726 3793 Sed
2757 3738 2945 3803 etalia
2973 3755 3189 3809 quoque
3222 3740 3273 3792 in
3312 3739 3539 3811 (Egyplt)

1978 3824 2222 3896 synodus
2246 3826 2350 3899 hac
2378 3826 2444 3879 de
2474 3841 2532 3881 re
2561 3835 2701 3880 acta.
2734 3827 2867 3881 Ario
2906 3826 3146 3885 Melitius
3170 3829 3335 3882 etiam
3364 3840 3537 3883 secta-

1980 3927 2233 3987 toresque
2269 3917 2513 3989 ejusdem
2541 3918 2813 3984 faverunt,
2855 3934 3094 3988 eumque
3127 3922 3360 3975 maxime
3386 3922 3540 3993 juve-

1978 4016 2106 4062 runt
2132 4024 2144 4060 :
2177 4007 2268 4077 qui
2293 4018 2349 4062 et
2376 4007 2481 4077 ipsi
2508 4023 2617 4062 non
2646 4008 2720 4062 ita
2749 4007 2958 4078 pridem
2987 4008 3055 4063 ab
3089 4008 3328 4063 Ecclesia
3358 4010 3537 4065 desci-

1976 4108 2207 4165 verant,
2248 4109 2303 4154 et
2340 4100 2481 4155 male
2527 4098 2653 4170 ev’ga
2694 4100 3065 4155 Alexandrum
3098 4103 3323 4158 animati
3356 4114 3539 4159 erant.

1975 4193 2109 4259 Quis
2137 4202 2321 4247 autem
2349 4192 2588 4248 Melitius
2614 4193 2713 4248 iste
2742 4194 2928 4258 fuerit,
2952 4198 3060 4265 jam
3086 4204 3245 4250 antea
3274 4196 3535 4251 diximus.

1975 4284 2244 4339 Caeterum
2283 4283 2475 4337 haeresi
2510 4283 2612 4339 hac
2645 4298 2743 4353 per
2771 4281 3059 4354 [Egyptum
3091 4293 3145 4339 et
3173 4286 3304 4340 alibi
3336 4288 3536 4356 passim

1975 4378 2029 4432 iu
2062 4376 2312 4431 ecclesiis
2339 4376 2585 4445 vulgata,
2629 4375 2917 4431 dissidium
2950 4378 3153 4448 ubique
3193 4379 3538 4449 implacabile

1976 4469 2271 4523 excitatum
2321 4476 2425 4522 est.
2478 4466 2542 4521 Et
2573 4468 2767 4537 vulgus
2807 4469 3078 4538 judicium
3114 4486 3300 4526 carum
3352 4487 3535 4526 rerum

292 4537 412 4598 ταῖς
436 4537 763 4606 ἐκκλησίαις
812 4542 1240 4614 ἐπεστράτευον,
1287 4547 1401 4600 ἀλλ’
1428 4551 1726 4619 ὁμοδίαιτοι
1771 4556 1866 4608 καὶ

1977 4557 2076 4611 sibi
2104 4557 2375 4613 sumebat.
2428 4558 2708 4628 Agebatur
2758 4537 2825 4613 de
2873 4560 2961 4613 his
3014 4560 3231 4630 publice
3284 4562 3336 4614 in
3391 4561 3535 4620 foro.

293 4626 570 4692 ὁμόφυλοι
620 4631 743 4683 κατ’
781 4631 1034 4703 ἀλλήλων
1078 4635 1401 4701 ὡπλίζοντο,
1429 4643 1547 4703 ταῖς
1594 4643 1870 4709 γλώσσαις

295 4710 384 4769 οἶα
411 4719 608 4790 δόρασι
640 4721 940 4793 χρώμενον
978 4727 1070 4779 καὶ
1100 4727 1192 4780 ὑπ’
1230 4729 1477 4798 ἀλλήλων
1513 4735 1870 4802 κατησθίοντο

296 4808 541 4866 ἕκαστοι.
568 4813 663 4877 Εἰς
693 4814 951 4868 τοσοῦτον
969 4817 1015 4869 δ’
1037 4817 1265 4881 ἀτοπίας
1288 4822 1498 4893 προέϐη
1532 4825 1592 4876 τὸ
1616 4828 1867 4897 πρᾶγμα,

293 4900 369 4962 ὡς
401 4901 641 4971 δημοσίᾳ
688 4908 746 4956 ἐν
791 4907 1132 4975 καταγέλωτι
1194 4909 1262 4962 τὰ
1310 4911 1400 4964 τοῦ
1442 4915 1871 4988 Χριστιανισμοῦ

293 4995 604 5049 ἐκκεῖσθαι.
623 4997 909 5061 Νεανικῶς
927 5000 1036 5070 γὰρ
1054 5001 1589 5073 διαπληκτιζόμενοι,
1612 5008 1866 5077 πρέσϐεις

292 5080 569 5143 ἔστελλον,
606 5085 792 5138 ὁποῖον
839 5087 948 5140 τῶν
1000 5091 1185 5159 μερῶν
1221 5091 1443 5160 μείζονα
1492 5096 1865 5165 περιαθροίσει

292 5174 387 5226 τὶν
414 5175 694 5242 σὺλλογτιν.
720 5177 1032 5247 Γράμμειτσ.
1076 5181 1120 5234 δ’
1171 5184 1392 5237 ἐναντία
1430 5186 1560 5255 παρ’
1611 5187 1867 5254 ἑκάστοις

1968 4648 2093 4704 aliis
2119 4649 2186 4704 ad
2214 4650 2377 4715 hanc,
2398 4650 2521 4704 aliis
2544 4648 2610 4703 ad
2639 4650 2785 4703 illam
2811 4660 3024 4719 partem
3051 4651 3219 4703 animi
3246 4651 3535 4705 all'ectione

1970 4742 2391 4797 inclinantibus.
2429 4742 2617 4810 anue
2651 4756 2840 4796 rerum
2886 4741 3055 4796 facies
3094 4742 3264 4795 risum
3315 4758 3537 4810 prorsus

1971 4835 2348 4905 tragicumque
2379 4835 2654 4904 praebebat
2683 4835 3085 4903 spectaculum.
3117 4834 3400 4903 Siquidem
3428 4851 3533 4889 non

1972 4925 2246 4996 peregrini
2285 4936 2340 4980 et
2387 4925 2613 4980 advenae
2662 4923 2937 4981 Eeclesias
2981 4927 3404 4997 oppugnabant,
3438 4928 3533 4982 sed

1969 5019 2117 5071 cives
2152 5032 2213 5070 ac
2245 5015 2479 5071 tribules
2505 5017 2825 5086 quotidiana
2866 5018 3264 5074 consuetudine
3298 5019 3441 5072 inter
3473 5033 3532 5073 se

1969 5108 2269 5176 conjuncti,
2305 5108 2511 5162 bellum
2544 5109 2861 5162 intestinum
2888 5110 3174 5179 gerebant,
3201 5109 3403 5179 linguis
3431 5124 3531 5177 pro

1969 5199 2141 5254 hastis
2179 5208 2428 5264 utentes,
2470 5207 2525 5252 et
2558 5199 2772 5267 seipsos
2816 5199 3053 5255 invicem
3094 5202 3433 5256 mordentes.
3468 5199 3530 5255 in

291 5267 635 5332 ἐπέμποντο,
666 5268 740 5330 ὡς
766 5271 995 5322 πλεῖστα
1020 5274 1111 5324 καὶ
1151 5274 1492 5346 Ἀλέξανδρον
1518 5278 1611 5330 καὶ
1642 5280 1864 5348 Ἀρειον

1977 5304 2085 5343 eam
2118 5303 2247 5343 sane
2276 5288 2658 5358 indignitatem
2687 5305 2773 5344 res
2799 5292 2995 5357 evasit,
3027 5300 3086 5345 ut
3119 5291 3335 5361 publice
3363 5289 3529 5345 Chri-

292 5358 742 5428 ταῖςσφετέραις
787 5361 969 5426 δόξαις
1023 5369 1368 5433 συναγαγεῖν·
1417 5368 1492 5430 ὡς
1537 5368 1596 5434 ἐξ
1632 5371 1862 5427 ἐκείνων

1977 5377 2286 5431 stiauisntus
2326 5376 2392 5430 ad
2435 5377 2616 5432 locum
2653 5386 2708 5432 et
2743 5380 3044 5434 ludibrium
3070 5379 3328 5433 omnibus
3355 5395 3527 5448 expo-

294 5452 392 5498 καὶ
427 5448 521 5511 τὰς
551 5449 677 5518 ἑξῆς
707 5452 948 5523 αἱρέσεις
1001 5453 1317 5526 ’Λρειανῶν,
1370 5459 1742 5535 Εὑνομιανῶν,
1768 5466 1862 5519 καὶ

1977 5470 2107 5524 situs
2151 5478 2318 5522 esset.
2370 5467 2698 5524 Juveniliter
2750 5487 2986 5539 namque
3039 5471 3184 5524 inter
3225 5486 3284 5525 se
3334 5471 3531 5527 deccr-
3574 5538 3581 5547 ο

293 5542 441 5595 ὂσων
470 5542 666 5609 ἄλλων,
715 5546 815 5615 τὴν
860 5548 1133 5619 πρόφασιν
1181 5550 1281 5621 τῆς
1334 5554 1645 5618 συστάσεως
1693 5557 1858 5629 ἐσχη-

1977 5570 2185 5624 tantes,
2245 5560 2545 5629 legationes
2605 5561 3151 5627 circummittebant,
3222 5572 3344 5619 utra
3406 5582 3531 5635 pars

294 5634 473 5691 κέναι.
1970 5655 2227 5725 majorem
2269 5653 2336 5706 ad
2366 5668 2423 5706 se
2453 5654 2798 5722 pertraheret
2828 5654 3107 5708 hominum
3136 5653 3523 5725 frequentiam.

295 5726 362 5779 Et
419 5732 832 5801 quamplurima:
888 5734 1168 5803 epistolze,
1230 5736 1375 5791 inter
1429 5755 1487 5794 se
1577 5746 1888 5810 contrariae,
1935 5748 2133 5817 passim
2190 5744 2548 5799 mittebantur
2623 5747 2692 5799 ab
2748 5747 2831 5800 eis
2879 5746 2972 5817 qui
3023 5748 3109 5802 vel
3155 5748 3523 5805 Alexandrum

298 5819 382 5872 v-l
433 5822 618 5878 Arium
668 5825 1051 5894 opinionibus,
1101 5830 1214 5884 suis
1260 5834 1514 5886 assentiri
1565 5837 1880 5904 cupiebant.
1924 5840 2082 5910 555
2126 5841 2277 5895 Unde
2323 5840 2619 5907 deinceps,
2668 5855 2789 5909 qua:
2865 5851 3069 5896 secuta:
3104 5853 3233 5895 sunt
3286 5843 3524 5898 hterescs

302 5911 657 5983 Arianorum,
696 5916 1190 5989 Eunomianorum,
1233 5931 1287 5978 et
1324 5924 1368 5981 si
1399 5941 1518 5989 quae
1546 5938 1673 5982 sunt
1709 5931 1846 5991 alim.
1891 5932 2103 5987 dissidii
2134 5942 2186 5987 et
2222 5930 2646 5987 conﬂictationis
2672 5933 3018 5990 occasionem
3049 5948 3355 6004 sumpsere.
