3972 6200
1090 176 1127 201 ἢ

381 207 450 268 Π
1588 211 1633 270 Ν
1648 206 2008 293 iCEPllOltI
2050 211 2263 270 GALLI
2278 211 2397 269 ST!
3542 217 3611 279 48

381 338 506 377 mur
531 340 544 375 :
575 321 639 375 de
677 329 727 374 te
757 328 938 375 autem
965 321 1233 386 dolemus,
1272 321 1407 376 tanti
1437 320 1538 376 viri
1574 322 1791 376 silentio
1818 337 1937 375 eam

2051 338 2202 389 μενοι
2239 323 2339 392 τὴν
2370 321 2581 391 σιωπὴν
2609 321 2802 391 ἀνδρὸς
2832 324 3088 376 coacti-tau
3123 319 3292 397 ἧτταν
3348 324 3498 393 ἡμῶν
3534 323 3611 379 εἷ-

380 429 496 468 tam
553 420 794 466 nostram
848 412 1093 466 damnari
1144 413 1545 467 existimantes.
1595 412 1939 481 Quapropter

381 513 455 563 te,
480 503 570 571 qui
604 502 747 559 nosti
776 503 1031 571 prudenti
1060 504 1175 554 viro
1208 501 1432 556 minime
1465 503 1710 555 omnium
1739 516 1940 556 conve-

378 595 519 656 nire.
571 605 630 648 ut
674 594 855 649 aliena
900 602 954 647 et
1006 593 1241 647 absurda
1299 593 1502 647 sentiat
1547 594 1941 662 veritatemque

378 685 640 748 obtieeat,
680 685 893 746 horter,
930 692 988 736 ut
1022 683 1220 753 spiritu
1258 693 1499 739 mentem
1530 693 1677 739 tuam
1711 684 1777 738 ad
1806 685 1942 749 seri-

378 777 619 831 llendum
661 775 1093 845 redintegrante,
1133 777 1375 831 scribere
1411 776 1628 830 tandem
1676 776 1745 831 de
1779 777 1941 831 rebus

377 867 446 922 iis
477 864 708 934 incipias
748 879 869 932 quae
899 877 952 917 et
990 864 1085 917 tibi
1119 873 1173 916 et
1205 864 1551 918 auditoribus
1586 864 1783 919 futura:
1813 874 1941 949 sunt

377 957 574 1011 utiles:
628 955 937 1024 praecipue,
972 955 1016 1008 si
1066 964 1435 1008 consentanea
1478 955 1811 1023 Scripturte,
1850 972 1941 1008 ve-

375 1048 553 1117 stigiis
595 1046 889 1100 verborum
942 1056 999 1099 et
1045 1046 1441 1099 sententiarum
1491 1045 1610 1115 ejus
1656 1044 1937 1110 insistens,

375 1140 618 1192 scribere
654 1138 896 1190 animum
934 1134 1240 1190 induxeris.
1281 1136 1470 1205 Neque
1510 1136 1659 1190 enim
1701 1135 1812 1189 duo
1855 1136 1941 1189 in-

374 1229 557 1297 genita
606 1227 947 1287 audivimus,
1001 1239 1178 1294 neque
1224 1240 1394 1279 unum
1436 1223 1492 1278 in
1539 1226 1645 1279 duo
1675 1225 1933 1289 divisum,

374 1320 469 1376 sed
513 1334 689 1387 neque
721 1330 1044 1385 corporeum
1090 1312 1239 1385 quid
1267 1316 1605 1385 perpessioni
1639 1315 1936 1371 obnoxium

374 1411 669 1466 didicimus
702 1417 795 1462 aut
831 1406 1170 1462 credidimus
1194 1445 1208 1470 ,
1238 1406 1502 1461 domine:
1535 1421 1725 1460 verum
1766 1422 1934 1461 unum

371 1504 594 1574 quidem
632 1499 932 1570 ingenitum
962 1516 976 1552 :
1010 1512 1180 1557 unum
1213 1513 1345 1552 vero
1374 1498 1444 1552 ab
1476 1497 1598 1567 ipso
1628 1514 1790 1561 vere,
1825 1515 1935 1554 non

373 1605 554 1649 autem
590 1608 656 1645 ex
698 1590 1007 1646 substantia
1034 1591 1153 1659 ejus
1202 1589 1438 1653 factum,
1473 1604 1701 1659 prorsus
1730 1598 1937 1644 natura:

2044 429 2152 465 ναι.
2186 413 2276 464 Διὸ
2329 412 2636 481 παρακαλῶ
2690 430 2773 480 σε,
2824 414 3005 467 εἰδότα
3058 414 3132 477 ὡς
3166 415 3417 484 ἀπρεπὲς
3456 420 3611 486 ἀνδρὶ

2044 505 2296 575 φρονίμῳ
2321 505 2512 559 ἀλλοῖα
2551 511 2790 576 φρονεῖν,
2842 509 2940 561 καὶ
2975 512 3189 579 σιωπᾷν
3221 511 3452 582 τάληθῆ,
3482 516 3613 566 ἀνα-

2045 595 2379 649 σκευάσαντι
2428 586 2505 664 τῷ
2547 595 2819 662 πνεύματι
2879 596 2970 649 τὸν
3037 597 3324 668 λογισμὸν,
3385 604 3513 672 περὶ
3550 604 3613 655 τὸ

2040 685 2277 756 γράφειν
2339 688 2509 757 άρχου
2565 687 2973 750 λυσιτελοῦντος
3047 691 3142 742 καὶ
3206 693 3289 743 σοὶ
3353 693 3444 744 καὶ
3500 696 3614 756 τοῖς

2043 778 2305 830 ἀκούουσι
2337 795 2430 831 σου
2460 794 2475 809 ⁶
2527 778 2747 848 μάλισθ’
2787 781 2916 832 ὅταν
2972 782 3094 832 κατ’
3138 783 3468 836 ἀκολουθίαν
3515 789 3616 852 τῆς

2043 866 2267 933 Γραφῆς
2305 868 2399 917 xui.
2429 867 2548 926 τοῖς
2578 866 2753 935 ἴχνεσι
2790 866 2898 918 τῶν
2935 866 3114 933 λόγων
3159 870 3329 937 αὐτῆς
3380 873 3474 923 καὶ
3504 871 3613 922 τῶν

2043 954 2407 1024 βουλημάτων
2437 955 2645 1017 ἐθέλοις
2677 955 2939 1025 γράφειν.
2972 956 3108 1009 Οὔτε
3154 942 3262 1028 γάρ
3314 959 3408 1012 δύο
3452 962 3615 1026 ἀγέν-

2041 1062 2176 1113 νητα
2207 1044 2552 1114 ἀκηκόαμεν,
2596 1043 2720 1097 οὐτε
2762 1045 2821 1097 ἓν
2856 1048 2933 1109 είς
2963 1047 3057 1100 δύο
3101 1049 3454 1119 διῃρημένον,
3491 1052 3613 1105 οὐδὲ

2043 1136 2358 1205 σωματικόι
2396 1152 2449 1187 τι
2479 1135 2750 1197 πεπονθὸς
2799 1136 2876 1205 (1)
2931 1140 3338 1209 μεμαθήκαμεν
3372 1141 3402 1210 ἢ
3447 1158 3616 1195 πεπι-

2042 1229 2378 1295 στεύκαμεν,
2408 1228 2640 1281 δέσποτα
2668 1245 2680 1257 ·
2719 1229 2831 1281 ἀλλ’
2867 1229 2925 1283 ἓν
2958 1233 3055 1299 μὲν
3083 1234 3141 1285 τὸ
3177 1233 3507 1302 ἀγέννητον·
3551 1235 3613 1287 ἒν

2039 1313 2096 1366 δὲ
2123 1315 2181 1365 τὸ
2206 1314 2297 1367 ὐπ’
2327 1314 2493 1368 αὐτοῦ
2525 1315 2740 1384 ἀληθῶς
2766 1318 2858 1368 καὶ
2884 1318 2946 1370 ἐκ
2978 1318 3075 1386 τῆς
3114 1321 3300 1384 οὐσίας
3329 1322 3492 1374 αὐτοῦ
3524 1341 3615 1391 γε·

2041 1405 2217 1472 γονδς,
2252 1405 2484 1458 καθόλου
2518 1407 2615 1476 τῆς
2647 1406 2863 1475 φύσεως
2900 1410 2996 1477 τῆς
3029 1409 3329 1482 ἀγεννήτου
3358 1416 3611 1485 μετέχον,

2038 1495 2113 1558 ὡς
2142 1497 2242 1548 οὐκ
2275 1497 2342 1550 ἂν
2375 1498 2439 1549 ὲκ
2471 1498 2567 1565 τῆς
2610 1499 2801 1561 οὐσίας
2846 1500 3039 1567 αὐτοῦ,
3071 1502 3210 1556 ἀλλὰ
3241 1507 3463 1572 γεγονὸς
3492 1508 3613 1559 ὁλο-

2043 1588 2276 1658 σχερῶς,
2309 1590 2503 1658 ἕτερον
2527 1592 2592 1659 τῇ
2620 1590 2782 1657 φύσει
2810 1594 2901 1644 καὶ
2942 1592 3170 1662 δυνάμει
3220 1598 3355 1666 πρὸς
3399 1598 3610 1651 τελείαν

374 1684 602 1756 ingeniti
638 1698 746 1738 non
780 1681 1056 1752 particeps
1088 1697 1102 1736 :
1142 1695 1319 1749 neque
1352 1681 1497 1748 quod
1531 1695 1597 1734 ex
1632 1680 1937 1735 substantia

2044 1679 2338 1750 ὁμοιότητα
2371 1679 2667 1742 διαθέσεώς
2696 1698 2755 1733 τε
2795 1683 2889 1734 καὶ
2932 1682 3212 1753 δυνάμεως
3247 1686 3344 1740 τοῦ
3379 1705 3610 1756 πεποιη-

373 1778 493 1848 ejus
536 1776 642 1842 sit,
677 1775 770 1830 sed
802 1774 1005 1828 factum
1039 1771 1201 1842 plane
1235 1774 1329 1835 sit,
1366 1771 1514 1825 aliud
1544 1779 1739 1826 natura
1773 1780 1939 1840 atque

368 1869 576 1922 virtute
597 1908 610 1930 ,
653 1867 718 1920 ad
752 1866 1053 1935 perfectam
1086 1862 1506 1918 similitudinem
1541 1863 1851 1917 ail‘ectionis
1882 1870 1939 1916 et

370 1961 592 2014 virtutis
635 1957 863 2011 factoris
907 1954 1081 2024 ipsius
1122 1954 1350 2007 factum.
1385 1953 1556 2022 Cujus
1605 1953 1936 2022 principium

373 2065 487 2105 non
522 2049 688 2104 verbo
723 2055 934 2100 tantum
964 2043 1361 2108 inenarrabile,
1392 2044 1488 2099 sed
1517 2058 1696 2113 neque
1730 2052 1935 2107 mente,

369 2159 480 2198 non
521 2142 644 2197 dico
686 2139 1002 2202 hominum,
1035 2135 1130 2190 sed
1174 2150 1400 2200 eorum,
1442 2150 1564 2204 quae
1613 2150 1781 2203 supra
1833 2134 1938 2188 ho-

286 2284 293 2293 .
369 2233 548 2288 mines
577 2240 740 2294 sunt,
775 2228 1044 2290 omnium,
1076 2226 1569 2296 comprehensibile
1603 2238 1727 2279 esse
1756 2224 1939 2278 credi-

370 2341 511 2381 mus.
557 2323 903 2392 Proindeque
952 2335 1062 2375 non
1094 2320 1300 2374 nostris
1348 2320 1596 2388 ipsorum
1630 2316 1938 2371 rationibus

368 2416 526 2482 freti,
566 2415 660 2469 sed
688 2427 857 2469 sacra:
908 2410 1210 2480 Scriptura:
1267 2407 1692 2462 auctoritatibus
1729 2404 1935 2469 edocti,

369 2508 634 2571 dicimus,
679 2503 961 2579 conditum
1010 2515 1129 2554 esse
1175 2509 1232 2553 et
1271 2498 1555 2553 fundatum
1596 2506 1652 2552 et
1690 2497 1933 2567 genitum

366 2596 696 2659 substantia,
735 2593 894 2664 553
925 2601 981 2647 et
1021 2589 1348 2645 innnutabili
1377 2598 1543 2659 atque
1579 2587 1934 2644 inenarrabili

369 2698 561 2743 natura
604 2695 661 2740 et
702 2681 1061 2740 similitudine
1107 2681 1175 2735 ad
1219 2680 1482 2734 factorem
1521 2680 1735 2748 ipsum,
1769 2679 1934 2733 sicuti

369 2781 488 2849 ipse
529 2777 663 2832 dicit
695 2775 994 2829 Dominus:
1032 2771 1168 2824 Deus
1199 2772 1393 2823 creavit
1425 2785 1503 2822 me
1543 2770 1598 2821 in
1635 2768 1785 2822 initio
1820 2768 1936 2821 via-

370 2887 488 2923 rum
521 2869 653 2938 ejus,
690 2876 813 2919 ante
839 2879 1017 2918 omnes
1041 2860 1199 2915 colles
1234 2861 1400 2930 gignit
1430 2875 1511 2913 me
1543 2860 1585 2911 ⁸.
1616 2858 1672 2913 Si
1703 2874 1837 2913 vero
1866 2874 1933 2913 ex

370 2965 509 3031 ipso.
540 2960 643 3013 hoc
677 2967 790 3020 est,
833 2956 902 3009 ab
934 2956 1052 3024 ipso
1083 2963 1230 3017 erat,
1266 2967 1364 3007 ceu
1401 2965 1530 3020 pars
1564 2952 1705 3021 ejus,
1736 2960 1833 3006 aut
1865 2967 1929 3005 ex

2040 1770 2200 1833 κότος
2229 1770 2548 1840 γενόμενον.
2581 1766 2655 1825 Οὐ
2678 1772 2775 1843 τὴν
2808 1773 2982 1844 ἀρχὴν
3008 1776 3067 1827 οὐ
3096 1776 3241 1846 λόγῳ
3273 1779 3433 1847 μόνον
3458 1781 3612 1849 ἀδιή-

2039 1877 2228 1928 γητον,
2263 1860 2398 1913 ἀλλὰ
2431 1861 2525 1913 καὶ⁵
2566 1862 2767 1933 ἐννοίᾳ,
2810 1863 2913 1916 οὐκ
2957 1865 3226 1934 ἀνθρώπῳ
3250 1869 3430 1935 μόνον,
3471 1869 3609 1921 αὶ.λᾶ

2030 1951 2274 2007 καὶτῶν
2305 1952 2450 2023 ὑπὲρ
2494 1952 2840 2022 ἀνθρώπους,
2887 1956 3105 2009 πάντων
3152 1952 3289 2009 εἶναι
3328 1957 3608 2030 ἀκατάλη-

2039 2060 2173 2098 πτον
2227 2043 2681 2114 πεπιστεύκαμεν
2707 2061 2721 2075 ο
2755 2047 2848 2097 καὶ
2891 2047 3101 2110 ταῦτα,
3143 2050 3262 2119 οὐχὶ
3312 2050 3608 2120 λογισμοὺς

2038 2136 2255 2189 ἑαυτῶν
2290 2135 2695 2204 ὑποτιθέμενοι,
2742 2136 2860 2190 ἀλλ’
2897 2138 3003 2190 ἀπὸ
3034 2142 3132 2208 τῆς
3170 2140 3328 2207 ἁγίας
3381 2142 3606 2211 Γραφῆς

2044 2224 2448 2296 μεμαθηκότες,
2477 2225 2714 2295 λέγομεν
2757 2228 2973 2279 κτιστδν
3015 2222 3178 2291 εἶναι,
3229 2230 3320 2280 καὶ
3352 2230 3609 2292 θεμελιω-

2038 2311 2151 2373 τὸν,
2188 2313 2279 2364 καὶ
2301 2312 2565 2381 γεννητὸν
2592 2315 2658 2383 τῇ
2694 2314 2876 2383 οὐσίᾳ,
2907 2316 2999 2366 καὶ
3030 2318 3098 2385 τῇ
3144 2317 3489 2385 ἀναλλοιώτῳ
3513 2323 3605 2372 καὶ

2036 2405 2264 2473 ἀρρήτῳ
2301 2406 2461 2470 φύσει
2504 2404 2600 2456 καὶ
2650 2407 2717 2474 τῇ
2748 2406 3035 2474 ὁμοιότητι
3072 2407 3205 2476 πρός
3252 2409 3343 2461 τὸν
3380 2428 3607 2481 πεποιη-

2037 2496 2169 2548 κότα
2220 2496 2648 2566 μεμαθήκαμεν,
2704 2499 2779 2560 ὡς
2831 2498 2990 2561 αὐτὸς
3047 2502 3074 2552 ὀ
3130 2502 3333 2570 Κύριός
3386 2520 3550 2572 φησιν
3588 2520 3602 2535 ’

2047 2588 2109 2640 '0
2154 2587 2298 2653 Θεὸς
2330 2587 2540 2641 ἐκτισέ
2567 2605 2643 2658 με
2678 2590 2873 2659 ἀρχὴν
2915 2591 3072 2646 ὁδῶν
3100 2594 3287 2648 αὑτοῦ
3315 2611 3329 2624 ·
3372 2596 3486 2664 πρὸ
3537 2597 3606 2649 δὲ

2033 2675 2278 2730 πάντων
2298 2675 2546 2740 βουνῶν
2577 2678 2761 2746 γεννᾷ
2788 2697 2888 2749 με.
2949 2682 3012 2734 Εἰ
3065 2682 3119 2743 δὲ
3148 2684 3207 2749 ἐξ
3239 2686 3427 2749 αὐτοῦ,
3456 2688 3601 2740 τοῦτ’

2034 2767 2203 2835 ἐστιν,
2234 2768 2330 2821 ἀπ’
2364 2767 2532 2821 αὐτοῦ
2564 2763 2654 2839 ἦν,
2685 2769 2760 2833 ὡς
2791 2771 2858 2824 ἂν
2892 2772 3054 2842 μέρος
3094 2774 3258 2827 αὐτοῦ
3288 2777 3319 2847 ἢ
3352 2775 3410 2840 ἐξ
3435 2779 3603 2848 ἁττορ-

2036 2858 2187 2927 ροίας
2216 2859 2316 2925 τῆς
2348 2858 2561 2923 οὐσίας,
2593 2858 2693 2911 οὐκ
2715 2859 2780 2911 ἂν
2811 2859 2894 2912 ἔτι
2931 2860 3164 2927 κτιστδν,
3189 2863 3309 2914 οὐδὲ
3342 2862 3603 2933 θεμελιω-

2037 2951 2129 3004 τὸν
2166 2946 2307 3004 εῐναι
2337 2950 2579 3017 ἐλέγετοο
2613 2951 2737 3004 οὐδὲ
2775 2953 2940 3016 αὐτὸς
2979 2954 3215 3022 ἀγνοεῖς,
3249 2956 3431 3025 κύριε,
3464 2956 3600 3027 ἁλη-

371 3025 591 3107 detluxu
621 3048 963 3110 substantiae,
1000 3060 1108 3098 non
1135 3045 1246 3115 jam
1280 3053 1501 3098 creatus
1530 3058 1711 3112 neque
1739 3043 1936 3097 funda-

2040 3041 2166 3105 θῶςο
2192 3042 2250 3095 τὸ
2282 3040 2392 3110 γάρ
2420 3043 2485 3094 ὲκ
2516 3041 2613 3094 τοῦ
2648 3045 2950 3112 ἀγεννήτου
2996 3046 3240 3116 ὑπάρχον
3274 3052 3492 3102 κτιστδν
3522 3025 3600 3103 ἔτι

372 3156 461 3200 tus
489 3156 610 3197 esse
644 3140 960 3194 dLeeretur:
1000 3135 1053 3189 id
1086 3134 1229 3203 quod
1258 3134 1373 3202 ipse
1399 3149 1649 3203 quoque,
1691 3132 1931 3199 domine,

371 3234 619 3306 profecto
691 3245 801 3284 non
859 3228 1098 3299 ignoras.
1167 3226 1320 3291 Quod
1374 3226 1519 3279 enim
1569 3241 1638 3280 ex
1692 3226 1936 3296 ingenito

372 3326 626 3385 exsistat,
668 3320 949 3375 conditum
976 3318 1088 3387 jam
1125 3316 1193 3369 ab
1232 3316 1358 3379 alio,
1390 3315 1475 3370 vel
1510 3331 1541 3370 a
1570 3316 1778 3385 seipso,
1811 3316 1935 3369 iun-

373 3416 631 3470 datumve
666 3428 773 3466 non
804 3410 896 3471 sit,
930 3418 1117 3477 utpote
1151 3406 1220 3460 ab
1261 3406 1420 3460 initio
1457 3406 1759 3475 ingenitum
1794 3406 1938 3461 exsi-

374 3518 543 3564 stens.
597 3506 651 3560 Si
682 3519 811 3559 vero
854 3502 1095 3572 genitum
1125 3499 1177 3553 id
1223 3515 1343 3554 esse
1372 3500 1623 3563 dicatur,
1674 3498 1935 3554 indicimn

377 3599 650 3670 quoddam
694 3596 763 3651 de
807 3612 866 3651 se
910 3596 1169 3664 praebeat,
1208 3590 1371 3647 veluti
1415 3608 1479 3646 ex
1532 3602 1761 3661 paterna
1808 3590 1938 3644 sub-

371 3691 573 3747 stantia
620 3689 895 3759 genitum,
943 3696 998 3740 et
1043 3685 1188 3755 quod
1230 3683 1479 3738 eamdem
1529 3683 1729 3737 habeat
1756 3697 1823 3736 ex
1868 3695 1937 3736 eo

373 3793 666 3845 naturam,
698 3780 904 3834 scimus
938 3777 1083 3847 quod
1135 3791 1247 3830 non
1296 3774 1363 3828 de
1412 3788 1479 3827 eo
1531 3773 1648 3828 solo
1688 3773 1934 3843 genitum

372 3890 515 3937 esse,
571 3873 889 3942 Scriptura,
941 3884 1130 3923 verum
1179 3869 1344 3922 etiam
1391 3865 1458 3919 de
1507 3864 1664 3926 aliis,
1718 3863 1795 3918 illi
1838 3877 1938 3932 per

372 3973 556 4022 omnia
598 3973 793 4018 natura
837 3948 1237 4023 dissimilibus,
1288 3957 1554 4026 loquitur.
1599 3954 1734 4008 Nam
1781 3965 1840 4008 et
1868 3953 1937 4007 de

374 4056 696 4112 hominibus
743 4054 875 4106 dicit
906 4052 960 4104 ἰ
1006 4050 1171 4105 Filios
1219 4051 1378 4120 genui
1432 4060 1477 4101 et
1523 4046 1786 4110 exaltavi,
1836 4045 1936 4113 ipsi

375 4159 552 4203 autem
576 4153 879 4213 spreverunt
908 4158 1008 4196 me.
1044 4143 1131 4206 Et,
1161 4140 1329 4194 Deum
1355 4141 1442 4211 qui
1472 4141 1649 4210 genuit
1686 4148 1755 4201 te,
1790 4139 1938 4191 dere-

376 4240 577 4309 liquiin
603 4240 643 4291 ⁸.
679 4238 742 4290 Et
789 4236 843 4288 in
875 4233 998 4288 aliis
1029 4232 1162 4302 quid
1192 4231 1365 4285 dicit?
1403 4230 1502 4294 Qui
1551 4231 1730 4300 genuit
1761 4237 1936 4299 guttas

2036 3135 2127 3202 ὐφ’
2178 3136 2366 3207 ἑτέρου
2411 3135 2445 3205 ἢ
2506 3134 2695 3199 αὐτοῦ,
2738 3136 2770 3205 ἥ
2817 3136 3159 3206 θεμελιωτὺν,
3218 3143 3321 3195 οὐκ
3376 3145 3442 3196 ἂν
3491 3146 3598 3213 εἴη,

2036 3225 2276 3294 ὲξαρχῆς
2307 3225 2603 3294 ἀγέννητον
2636 3227 2902 3296 ὑπάρχον.
2938 3229 2999 3282 Et
3041 3230 3097 3282 δὲ
3128 3231 3185 3282 τὸ
3222 3235 3479 3305 γεννητὸν
3504 3237 3604 3286 αὐς

2035 3319 2130 3372 τοῦ
2161 3319 2418 3386 λέγεσθαι
2458 3320 2729 3387 ὐπόφασίν
2756 3319 2833 3391 (2)
2872 3339 2997 3375 τινα
3036 3326 3287 3393 παρέχει,
3332 3328 3404 3388 ὡς
3448 3327 3514 3380 ἂν
3541 3331 3603 3382 ἐκ

2035 3412 2136 3480 τῆς
2165 3411 2354 3474 οὐσίας
2384 3411 2482 3481 τῆς
2515 3414 2785 3483 πατρικῆς
2825 3414 2988 3467 αὐτὸν
3021 3418 3303 3484 γεγονότι,
3337 3418 3429 3471 καὶ
3454 3419 3599 3489 ἔχειν

2037 3502 2102 3552 ὲκ
2123 3499 2315 3551 τούτου
2343 3499 2444 3569 τῆς
2477 3503 2696 3568 φύσεως
2740 3501 2836 3573 τὴν
2883 3505 3214 3576 ταυτότητά,
3255 3507 3599 3577 γινώσκομεν

2035 3589 2111 3653 ὡς
2139 3591 2199 3642 οὐ
2232 3592 2364 3661 περὶ
2394 3591 2558 3644 αὐτοῦ
2604 3594 2771 3660 μόνου
2801 3595 2863 3647 τὸ
2897 3597 3161 3666 γεννητὸν
3204 3596 3344 3653 εἷναί
3368 3617 3531 3669 φησιν
3568 3603 3600 3672 ἡ

2037 3682 2247 3751 Γραφὴ,
2308 3682 2445 3735 ἀλλὰ
2499 3684 2595 3736 καὶ⁵
2641 3683 2734 3736 ἐπὶ
2775 3684 2883 3738 τῶν
2934 3688 3212 3757 ἀνομοίων
3268 3690 3417 3758 αὐτῷ
3461 3694 3601 3743 κατὰ

2037 3773 2215 3826 πάντα
2242 3775 2308 3841 τῇ
2345 3773 2527 3841 φύσει.
2564 3773 2678 3827 Καὶ⁸
2703 3777 2812 3846 γὰρ
2836 3777 2929 3829 καὶ
2960 3779 3049 3832 ἐπ’
3078 3779 3385 3849 ἀνθρώπων
3416 3787 3602 3850 φησὶν,

2047 3863 2211 3928 Υίοὺς
2247 3863 2549 3932 ἐγέννησα
2604 3866 2703 3917 καὶ
2757 3866 2975 3934 ῦψωσα
2998 3885 3012 3900 ο
3053 3871 3225 3923 αὐτοὶ
3258 3871 3325 3924 δέ
3348 3889 3426 3940 με
3466 3873 3601 3938 ἠθέ-

2037 3968 2256 4020 τησαν·
2277 3955 2390 4017 καὶ,
2413 3954 2562 4006 Θεὸν
2576 3957 2682 4008 τὸν
2696 3961 3077 4026 γεννήσαντα
3097 3975 3173 4013 σε
3193 3960 3598 4030 ἐγκατέλιπες.

2038 4047 2149 4099 Καὶ
2178 4048 2237 4099 ὲν
2266 4047 2473 4115 ἑτέροις
2499 4048 2554 4098 τί
2584 4065 2778 4117 φησινς
2832 4051 2888 4101 '0
2921 4054 3177 4117 τετοκὼς
3201 4055 3443 4119 βώλους
3467 4056 3601 4124 δρό-

2038 4152 2174 4191 σου·
2208 4138 2269 4189 οὐ
2325 4137 2425 4207 τὴν
2482 4136 2644 4205 φύσιν
2690 4142 2751 4194 ὲκ
2800 4142 2899 4211 τῆς
2950 4144 3168 4210 φύσεως
3222 4146 3600 4217 διηγούμενος,

2037 4229 2173 4282 ἀλλὰ
2202 4231 2301 4298 τὴν
2334 4230 2420 4297 ἐφ’
2449 4231 2667 4302 ἑκάστῳ
2692 4232 2802 4285 τῶν
2835 4236 3144 4303 γενομένων
3186 4239 3250 4289 ὲκ
3280 4240 3375 4291 τοῦ
3408 4241 3603 4310 βουλή-

374 4334 512 4387 roris
535 4333 589 4383 δε
622 4345 730 4382 non
763 4335 1015 4381 naturam
1042 4340 1108 4377 ex
1134 4331 1330 4376 natura
1353 4362 1366 4381 .
1415 4321 1510 4375 sed
1538 4321 1832 4391 cujuslibet
1860 4321 1935 4373 rei

2044 4337 2208 4390 ματος
2239 4318 2406 4373 αὐτοῦ
2435 4322 2648 4387 γένεσιν
2683 4338 2699 4354 ο
2729 4322 2853 4375 οὐδὲ
2877 4326 2983 4393 γάρ
3006 4326 3154 4380 ἐστιν
3186 4330 3249 4379 ἐκ
3290 4329 3389 4398 τῆς
3415 4330 3602 4394 οὐσίας

373 4438 495 4495 qua:
538 4429 868 4491 generatur,
898 4432 966 4470 ex
1009 4414 1290 4470 voluntate
1334 4415 1488 4483 ejus,
1528 4412 1934 4483 generationem

372 4515 672 4570 deducens.
694 4509 846 4564 Nihil
873 4508 1019 4562 enim
1044 4514 1127 4559 est
1147 4521 1214 4557 ex
1238 4505 1544 4557 substantia
1575 4504 1718 4573 ejus,
1744 4518 1935 4557 verum

373 4608 558 4664 omnia
582 4606 865 4658 voluntate
892 4601 1033 4670 ejus,
1060 4614 1157 4668 pio
1182 4613 1240 4651 se
1267 4596 1544 4665 quodque,
1575 4594 1755 4664 genita
1783 4604 1934 4655 sunt.

372 4694 533 4750 sicuti
567 4692 747 4762 genita
792 4696 944 4745 sunt.
981 4691 1156 4755 Atque
1207 4686 1298 4740 ille
1333 4684 1555 4755 quidem
1593 4685 1774 4747 Deus,
1818 4685 1937 4737 hwc

372 4801 503 4841 vero
549 4784 617 4838 ad
662 4781 1079 4838 similitudinem
1140 4780 1260 4849 ejus
1309 4776 1524 4855 ratione
1580 4791 1679 4830 sua
1734 4774 1934 4830 similia

372 4878 578 4935 futura.
605 4882 662 4926 et
689 4881 874 4926 tamen
906 4871 1090 4924 omnia
1124 4884 1190 4924 ex
1218 4872 1354 4923 Deo.
1388 4865 1519 4932 Quae
1548 4877 1604 4920 tu
1636 4876 1861 4935 accepta
1888 4875 1945 4919 et

372 4968 648 5023 elaborata
671 5003 687 5027 ,
729 4976 829 5031 pro
867 4976 929 5015 ea
959 4978 1080 5031 qua
1113 4959 1210 5013 tibi
1260 4959 1527 5012 divinitus
1566 4956 1719 5010 adest
1750 4956 1942 5027 gratia,

374 5059 444 5112 ad
487 5055 771 5111 dotninum
824 5067 1004 5105 meum
1052 5049 1421 5103 Alexandrum
1475 5047 1779 5116 perscribe.
1816 5047 1947 5100 Per-

373 5164 596 5206 suasum
628 5147 778 5202 enim
806 5145 985 5198 habeo
1008 5182 1020 5206 ,
1056 5142 1103 5196 si
1131 5142 1197 5195 ad
1241 5141 1522 5195 hominem
1551 5139 1859 5208 scripseris,
1894 5151 1945 5193 te

377 5257 505 5297 eum
539 5249 920 5313 permaturum
947 5249 1091 5289 esse.
1123 5234 1307 5288 Saluta
1356 5247 1544 5287 omnes
1593 5230 1648 5283 in
1695 5229 1947 5284 Domino.

2044 4410 2231 4462 αὐτοῦ’
2269 4410 2444 4461 πάντα
2486 4411 2542 4462 δὲ
2588 4411 2893 4482 βουλήματι
2937 4415 3101 4467 αὐτοῦ
3136 4419 3423 4486 γενόμενα,
3471 4420 3603 4472 ἐκα-

2045 4517 2171 4554 στον
2195 4501 2270 4562 ὡς
2299 4501 2395 4555 καὶ
2439 4503 2657 4569 ἐγένετο
2683 4520 2696 4535 ·
2730 4507 2757 4556 ὁ
2793 4505 2893 4574 μὲν
2926 4508 3035 4576 γὰρ
3083 4507 3236 4571 Θεὸς,
3272 4509 3341 4559 τὰ
3370 4509 3425 4560 δὲ
3471 4511 3603 4578 πρὸς

2041 4592 2339 4661 ὁμοιότητα
2376 4593 2542 4645 αὐτοῦ
2582 4593 2723 4663 λόγῳ
2750 4595 2911 4663 ὅμοια
2951 4598 3184 4665 ἐσόμενα
3210 4616 3223 4628 ·
3251 4599 3426 4651 πάντα
3459 4600 3515 4652 δὲ
3543 4605 3602 4655 ἐκ

2040 4682 2137 4736 τοῦ
2166 4683 2323 4739 Θεοῦ.
2357 4686 2537 4754 ’Λπερ
2587 4684 2768 4739 λαϐὼν
2816 4687 2911 4739 καὶ
2954 4684 3390 4757 ἐξεργασάμενος
3415 4732 3429 4753 ,
3463 4693 3604 4746 κατὰ

2040 4776 2140 4845 τὴν
2174 4777 2485 4846 προσοῦσάν
2511 4794 2593 4830 σοι
2618 4778 2804 4830 θεόθεν
2831 4783 3010 4847 χάριν,
3038 4780 3246 4846 γράψαι
3268 4782 3345 4851 τῷ
3370 4783 3605 4858 δεσπότῃ

2042 4886 2146 4936 μου
2184 4867 2523 4937 Ἀλεξάνδρῳ
2549 4869 2867 4921 σπούδασον.
2912 4870 3259 4924 Πεπίοτευκα
3282 4874 3388 4943 γὰρ
3423 4873 3498 4935 ὡς
3519 4915 3532 4935 ,
3558 4877 3604 4926 εί

2040 4958 2271 5028 γράψεις
2313 4961 2486 5030 αὐτῷ,
2528 4959 2803 5029 ἐντρέψεις
2849 4960 3034 5014 αὐτόν.
3086 4964 3300 5019 Πάντας
3346 4968 3603 5035 πρόσειπε

2040 5052 2167 5111 τούς
2220 5052 2277 5102 ἐν
2315 5052 2521 5121 Κυρίῳ.
2593 5051 2940 5120 Ἐρρωμένοον
2993 5070 3077 5115 σε,
3129 5057 3222 5107 καὶ
3265 5055 3406 5124 ὑπὲρ
3454 5056 3605 5125 ἡμῶν

2043 5142 2387 5209 εὐχόμενον,
2462 5146 2492 5211 ἡ
2565 5140 2684 5197 θεία
2738 5142 2895 5211 χάρις
2956 5144 3309 5213 διαφυλάττοι
3368 5164 3459 5208 σε,
3520 5149 3603 5198 δέ-

2045 5248 2239 5285 σποτα.
2285 5250 2305 5282 δ

373 5339 655 5395 Valentem
683 5347 769 5402 te,
798 5344 855 5390 et
876 5340 988 5403 ἶρτο
1034 5328 1195 5385 nobis
1226 5336 1475 5383 orantem
1502 5365 1519 5392 ,
1549 5325 1734 5380 divina
1762 5329 1935 5395 gratia
1981 5339 2292 5390 conservet,
2323 5328 2565 5385 domine.
2609 5350 2626 5381 ι

448 5479 465 5507 ⁸
501 5478 660 5532 Prov.
694 5493 816 5543 vni,
845 5475 935 5530 22.
1012 5475 1032 5504 ³
1066 5471 1170 5526 lsa.
1205 5485 1241 5534 ι,
1268 5468 1323 5521 2.
1402 5467 1421 5498 ³
1457 5466 1618 5522 Deut.
1652 5482 1823 5533 χχχιι,
1862 5468 1943 5522 l8.

448 5596 525 5667 (l)
550 5596 663 5649 lluc
689 5605 790 5661 est,
825 5591 1264 5654 diminutionem,
1300 5585 1733 5643 decrcmeutum.

2025 5468 2045 5498 ⁸
2078 5470 2177 5523 Job
2215 5483 2436 5531 xxxviii,
2464 5467 2555 5524 28.

2125 5590 2198 5656 (‘2)
2232 5588 2337 5641 Atii
2368 5588 2573 5643 habent
2614 5592 2898 5645 ὐπιὶσασιν.
