  <div class='ocr_page' id='page_1' title='image "/cluster/home/n/w/nwhite01/storage/ocr_20150623/146/hvd.32044073502601/033.png"; bbox 0 0 3972 6200; ppageno 0'>
   <div class='ocr_carea' id='block_1_1' title="bbox 358 373 1924 475">
    <p class='ocr_par' dir='ltr' id='par_1_1' title="bbox 358 373 1924 475">
     <span class='ocr_line' id='line_1_1' title="bbox 358 373 1924 475; baseline 0.002 -37"><span class='ocrx_word' id='word_1_1' title='bbox 358 373 419 439; x_wconf 71' lang='grc' dir='ltr'>ει</span> <span class='ocrx_word' id='word_1_2' title='bbox 676 464 687 475; x_wconf 31' lang='grc' dir='ltr'><strong><em>ν</em></strong></span> <span class='ocrx_word' id='word_1_3' title='bbox 1576 377 1924 441; x_wconf 81' lang='lat' dir='ltr'><strong><em>NICEPHO]</em></strong></span> 
     </span>
    </p>
   </div>
   <div class='ocr_carea' id='block_1_2' title="bbox 2034 373 3601 475">
    <p class='ocr_par' dir='ltr' id='par_1_2' title="bbox 2035 378 3601 447">
     <span class='ocr_line' id='line_1_2' title="bbox 2035 378 3601 447; baseline -0.001 -2"><span class='ocrx_word' id='word_1_4' title='bbox 2035 383 2380 447; x_wconf 82' lang='lat' dir='ltr'><strong><em>CALLISTI</em></strong></span> <span class='ocrx_word' id='word_1_5' title='bbox 3528 378 3601 445; x_wconf 76' lang='grc'><strong><em>52</em></strong></span> 
     </span>
    </p>
   </div>
   <div class='ocr_carea' id='block_1_3' title="bbox 940 487 1324 544">
    <p class='ocr_par' dir='ltr' id='par_1_3' title="bbox 940 487 1324 544">
     <span class='ocr_line' id='line_1_3' title="bbox 940 487 1324 544; baseline -0.008 0"><span class='ocrx_word' id='word_1_6' title='bbox 940 487 1166 544; x_wconf 71' lang='lat' dir='ltr'><strong><em>CAPUT</em></strong></span> <span class='ocrx_word' id='word_1_7' title='bbox 1210 489 1324 542; x_wconf 81' lang='lat' dir='ltr'><strong><em>Xll.</em></strong></span> 
     </span>
    </p>
   </div>
   <div class='ocr_carea' id='block_1_4' title="bbox 356 574 1919 644">
    <p class='ocr_par' dir='ltr' id='par_1_4' title="bbox 356 574 1919 644">
     <span class='ocr_line' id='line_1_4' title="bbox 356 574 1919 644; baseline 0.004 -15"><span class='ocrx_word' id='word_1_8' title='bbox 356 574 418 630; x_wconf 80' lang='lat' dir='ltr'><strong><em>Ut</em></strong></span> <span class='ocrx_word' id='word_1_9' title='bbox 446 575 819 632; x_wconf 70' lang='lat' dir='ltr'><strong><em>Constantinus</em></strong></span> <span class='ocrx_word' id='word_1_10' title='bbox 843 579 1025 631; x_wconf 82' lang='lat' dir='ltr'><strong><em>audita</em></strong></span> <span class='ocrx_word' id='word_1_11' title='bbox 1052 577 1302 633; x_wconf 70' lang='lat' dir='ltr'><strong><em>Ecclesia</em></strong></span> <span class='ocrx_word' id='word_1_12' title='bbox 1316 581 1667 644; x_wconf 76' lang='lat' dir='ltr'><strong><em>contentione,</em></strong></span> <span class='ocrx_word' id='word_1_13' title='bbox 1702 582 1919 635; x_wconf 80' lang='lat' dir='ltr'><strong><em>Hosinm</em></strong></span> 
     </span>
    </p>
   </div>
   <div class='ocr_carea' id='block_1_5' title="bbox 420 645 1920 713">
    <p class='ocr_par' dir='ltr' id='par_1_5' title="bbox 420 645 1920 713">
     <span class='ocr_line' id='line_1_5' title="bbox 420 645 1920 713; baseline 0.001 -13"><span class='ocrx_word' id='word_1_14' title='bbox 420 646 721 708; x_wconf 70' lang='lat' dir='ltr'><strong><em>Hispanum</em></strong></span> <span class='ocrx_word' id='word_1_15' title='bbox 780 648 836 703; x_wconf 74' lang='lat' dir='ltr'><strong><em>in</em></strong></span> <span class='ocrx_word' id='word_1_16' title='bbox 876 645 1142 704; x_wconf 74' lang='lat' dir='ltr'><strong><em>Orientem</em></strong></span> <span class='ocrx_word' id='word_1_17' title='bbox 1180 649 1399 713; x_wconf 71' lang='lat' dir='ltr'><strong><em>miserit,</em></strong></span> <span class='ocrx_word' id='word_1_18' title='bbox 1448 651 1519 705; x_wconf 79' lang='lat' dir='ltr'><strong><em>od</em></strong></span> <span class='ocrx_word' id='word_1_19' title='bbox 1582 652 1920 706; x_wconf 78' lang='lat' dir='ltr'><strong><em>concordiam</em></strong></span> 
     </span>
    </p>
   </div>
   <div class='ocr_carea' id='block_1_6' title="bbox 420 716 1321 773">
    <p class='ocr_par' dir='ltr' id='par_1_6' title="bbox 420 716 1321 773">
     <span class='ocr_line' id='line_1_6' title="bbox 420 716 1321 773; baseline 0.003 -3"><span class='ocrx_word' id='word_1_20' title='bbox 420 717 560 770; x_wconf 79' lang='lat' dir='ltr'><strong><em>inter</em></strong></span> <span class='ocrx_word' id='word_1_21' title='bbox 586 716 891 773; x_wconf 70' lang='lat' dir='ltr'><strong><em>dissidentes</em></strong></span> <span class='ocrx_word' id='word_1_22' title='bbox 911 717 1321 773; x_wconf 74' lang='lat' dir='ltr'><strong><em>conciliandam.</em></strong></span> 
     </span>
    </p>
   </div>
   <div class='ocr_carea' id='block_1_7' title="bbox 422 893 1920 967">
    <p class='ocr_par' dir='ltr' id='par_1_7' title="bbox 422 893 1920 967">
     <span class='ocr_line' id='line_1_7' title="bbox 422 893 1920 967; baseline 0.002 -20"><span class='ocrx_word' id='word_1_23' title='bbox 422 893 555 960; x_wconf 67' lang='lat' dir='ltr'><strong><em>Qua</em></strong></span> <span class='ocrx_word' id='word_1_24' title='bbox 577 895 860 951; x_wconf 78' lang='lat' dir='ltr'><strong><em>contentio</em></strong></span> <span class='ocrx_word' id='word_1_25' title='bbox 883 911 1010 952; x_wconf 89' lang='lat' dir='ltr'><strong><em>cum</em></strong></span> <span class='ocrx_word' id='word_1_26' title='bbox 1031 897 1100 952; x_wconf 88' lang='lat' dir='ltr'><strong><em>ad</em></strong></span> <span class='ocrx_word' id='word_1_27' title='bbox 1122 897 1475 967; x_wconf 74' lang='lat' dir='ltr'><strong><em>imperatoris</em></strong></span> <span class='ocrx_word' id='word_1_28' title='bbox 1496 912 1716 967; x_wconf 85' lang='lat' dir='ltr'><strong><em>quoque</em></strong></span> <span class='ocrx_word' id='word_1_29' title='bbox 1740 899 1920 953; x_wconf 85' lang='lat' dir='ltr'><strong>aulam</strong></span> 
     </span>
    </p>
   </div>
   <div class='ocr_carea' id='block_1_8' title="bbox 354 987 1913 1055">
    <p class='ocr_par' dir='ltr' id='par_1_8' title="bbox 354 987 1913 1055">
     <span class='ocr_line' id='line_1_8' title="bbox 354 987 1913 1055; baseline 0.003 -15"><span class='ocrx_word' id='word_1_30' title='bbox 354 987 720 1055; x_wconf 76' lang='lat' dir='ltr'><strong><em>pervenisset,</em></strong></span> <span class='ocrx_word' id='word_1_31' title='bbox 760 1002 873 1042; x_wconf 75' lang='lat' dir='ltr'><strong><em>rion</em></strong></span> <span class='ocrx_word' id='word_1_32' title='bbox 901 989 1280 1055; x_wconf 76' lang='lat' dir='ltr'><strong><em>mediocriter,</em></strong></span> <span class='ocrx_word' id='word_1_33' title='bbox 1314 1004 1380 1044; x_wconf 88' lang='lat' dir='ltr'><strong><em>ea</em></strong></span> <span class='ocrx_word' id='word_1_34' title='bbox 1411 989 1619 1055; x_wconf 87' lang='lat' dir='ltr'><strong><em>audita,</em></strong></span> <span class='ocrx_word' id='word_1_35' title='bbox 1654 990 1913 1045; x_wconf 85' lang='lat' dir='ltr'><strong><em>laudatis-</em></strong></span> 
     </span>
    </p>
   </div>
   <div class='ocr_carea' id='block_1_9' title="bbox 352 1077 1923 1150">
    <p class='ocr_par' dir='ltr' id='par_1_9' title="bbox 352 1077 1923 1150">
     <span class='ocr_line' id='line_1_9' title="bbox 352 1077 1923 1150; baseline 0.003 -21"><span class='ocrx_word' id='word_1_36' title='bbox 352 1077 523 1132; x_wconf 87' lang='lat' dir='ltr'><strong><em>simns</em></strong></span> <span class='ocrx_word' id='word_1_37' title='bbox 572 1087 858 1147; x_wconf 79' lang='lat' dir='ltr'><strong><em>permotus</em></strong></span> <span class='ocrx_word' id='word_1_38' title='bbox 902 1090 988 1136; x_wconf 89' lang='lat' dir='ltr'><strong><em>est</em></strong></span> <span class='ocrx_word' id='word_1_39' title='bbox 1041 1088 1210 1150; x_wconf 86' lang='lat' dir='ltr'><strong><em>atque</em></strong></span> <span class='ocrx_word' id='word_1_40' title='bbox 1254 1079 1495 1137; x_wconf 81' lang='lat' dir='ltr'><strong><em>indoluit</em></strong></span> <span class='ocrx_word' id='word_1_41' title='bbox 1541 1081 1819 1150; x_wconf 80' lang='lat' dir='ltr'><strong><em>princeps.</em></strong></span> <span class='ocrx_word' id='word_1_42' title='bbox 1852 1081 1923 1135; x_wconf 89' lang='lat' dir='ltr'><strong><em>Et</em></strong></span> 
     </span>
    </p>
   </div>
   <div class='ocr_carea' id='block_1_10' title="bbox 352 1168 1920 1241">
    <p class='ocr_par' dir='ltr' id='par_1_10' title="bbox 352 1168 1920 1241">
     <span class='ocr_line' id='line_1_10' title="bbox 352 1168 1920 1241; baseline 0.003 -21"><span class='ocrx_word' id='word_1_43' title='bbox 352 1168 504 1234; x_wconf 81' lang='lat' dir='ltr'><strong><em>gravi</em></strong></span> <span class='ocrx_word' id='word_1_44' title='bbox 549 1168 605 1223; x_wconf 92' lang='lat' dir='ltr'><strong><em>in</em></strong></span> <span class='ocrx_word' id='word_1_45' title='bbox 647 1169 836 1225; x_wconf 81' lang='lat' dir='ltr'><strong><em>animo</em></strong></span> <span class='ocrx_word' id='word_1_46' title='bbox 866 1180 1139 1240; x_wconf 87' lang='lat' dir='ltr'><strong><em>concepto</em></strong></span> <span class='ocrx_word' id='word_1_47' title='bbox 1183 1185 1453 1238; x_wconf 63' lang='lat' dir='ltr'><strong><em>merere,</em></strong></span> <span class='ocrx_word' id='word_1_48' title='bbox 1485 1170 1766 1241; x_wconf 82' lang='lat' dir='ltr'><strong><em>propriam</em></strong></span> <span class='ocrx_word' id='word_1_49' title='bbox 1797 1186 1920 1225; x_wconf 87' lang='lat' dir='ltr'><strong><em>eam</em></strong></span> 
     </span>
    </p>
   </div>
   <div class='ocr_carea' id='block_1_11' title="bbox 356 1260 1921 1332">
    <p class='ocr_par' dir='ltr' id='par_1_11' title="bbox 356 1260 1921 1332">
     <span class='ocr_line' id='line_1_11' title="bbox 356 1260 1921 1332; baseline 0.004 -23"><span class='ocrx_word' id='word_1_50' title='bbox 356 1260 639 1327; x_wconf 77' lang='lat' dir='ltr'><strong><em>reputavit</em></strong></span> <span class='ocrx_word' id='word_1_51' title='bbox 677 1275 801 1315; x_wconf 86' lang='lat' dir='ltr'><strong><em>esse</em></strong></span> <span class='ocrx_word' id='word_1_52' title='bbox 848 1261 1234 1319; x_wconf 80' lang='lat' dir='ltr'><strong><em>calamitatem.</em></strong></span> <span class='ocrx_word' id='word_1_53' title='bbox 1264 1261 1564 1317; x_wconf 80' lang='lat' dir='ltr'><strong><em>Confestim</em></strong></span> <span class='ocrx_word' id='word_1_54' title='bbox 1606 1276 1738 1332; x_wconf 80' lang='lat' dir='ltr'><strong><em>ergo</em></strong></span> <span class='ocrx_word' id='word_1_55' title='bbox 1768 1261 1921 1316; x_wconf 82' lang='lat' dir='ltr'><strong><em>llam-</em></strong></span> 
     </span>
    </p>
   </div>
   <div class='ocr_carea' id='block_1_12' title="bbox 356 1354 1920 1424">
    <p class='ocr_par' dir='ltr' id='par_1_12' title="bbox 356 1354 1920 1424">
     <span class='ocr_line' id='line_1_12' title="bbox 356 1354 1920 1424; baseline 0.005 -22"><span class='ocrx_word' id='word_1_56' title='bbox 356 1365 499 1403; x_wconf 89' lang='lat' dir='ltr'><strong><em>mam</em></strong></span> <span class='ocrx_word' id='word_1_57' title='bbox 550 1365 838 1407; x_wconf 82' lang='lat' dir='ltr'><strong><em>accensam</em></strong></span> <span class='ocrx_word' id='word_1_58' title='bbox 882 1354 1269 1423; x_wconf 76' lang='lat' dir='ltr'><strong><em>exstinguere,</em></strong></span> <span class='ocrx_word' id='word_1_59' title='bbox 1314 1363 1373 1409; x_wconf 91' lang='lat' dir='ltr'><strong><em>et</em></strong></span> <span class='ocrx_word' id='word_1_60' title='bbox 1417 1368 1581 1424; x_wconf 79' lang='lat' dir='ltr'><strong><em>quam</em></strong></span> <span class='ocrx_word' id='word_1_61' title='bbox 1630 1354 1920 1411; x_wconf 83' lang='lat' dir='ltr'><strong><em>celerrime</em></strong></span> 
     </span>
    </p>
   </div>
   <div class='ocr_carea' id='block_1_13' title="bbox 353 1440 1921 1507">
    <p class='ocr_par' dir='ltr' id='par_1_13' title="bbox 353 1440 1921 1507">
     <span class='ocr_line' id='line_1_13' title="bbox 353 1440 1921 1507; baseline 0.005 -16"><span class='ocrx_word' id='word_1_62' title='bbox 353 1440 622 1499; x_wconf 85' lang='lat' dir='ltr'><strong><em>malorum</em></strong></span> <span class='ocrx_word' id='word_1_63' title='bbox 644 1441 853 1496; x_wconf 87' lang='lat' dir='ltr'><strong><em>fontem</em></strong></span> <span class='ocrx_word' id='word_1_64' title='bbox 872 1442 1140 1496; x_wconf 83' lang='lat' dir='ltr'><strong><em>obturare</em></strong></span> <span class='ocrx_word' id='word_1_65' title='bbox 1160 1442 1397 1498; x_wconf 81' lang='lat' dir='ltr'><strong><em>studuit.</em></strong></span> <span class='ocrx_word' id='word_1_66' title='bbox 1422 1443 1729 1499; x_wconf 78' lang='lat' dir='ltr'><strong><em>Verebatur</em></strong></span> <span class='ocrx_word' id='word_1_67' title='bbox 1750 1446 1921 1507; x_wconf 86' lang='lat' dir='ltr'><strong><em>enim,</em></strong></span> 
     </span>
    </p>
   </div>
   <div class='ocr_carea' id='block_1_14' title="bbox 350 1531 1917 1605">
    <p class='ocr_par' dir='ltr' id='par_1_14' title="bbox 350 1531 1917 1605">
     <span class='ocr_line' id='line_1_14' title="bbox 350 1531 1917 1605; baseline 0.004 -22"><span class='ocrx_word' id='word_1_68' title='bbox 350 1531 497 1599; x_wconf 84' lang='lat' dir='ltr'><strong><em>quod</em></strong></span> <span class='ocrx_word' id='word_1_69' title='bbox 559 1548 739 1601; x_wconf 83' lang='lat' dir='ltr'><strong><em>nuper</em></strong></span> <span class='ocrx_word' id='word_1_70' title='bbox 796 1532 1093 1588; x_wconf 80' lang='lat' dir='ltr'><strong><em>admodum</em></strong></span> <span class='ocrx_word' id='word_1_71' title='bbox 1148 1533 1342 1603; x_wconf 77' lang='lat' dir='ltr'><strong><em>religio</em></strong></span> <span class='ocrx_word' id='word_1_72' title='bbox 1397 1535 1584 1604; x_wconf 78' lang='lat' dir='ltr'><strong><em>vigere</em></strong></span> <span class='ocrx_word' id='word_1_73' title='bbox 1638 1537 1917 1605; x_wconf 63' lang='lat' dir='ltr'><strong><em>coepisset,</em></strong></span> 
     </span>
    </p>
   </div>
   <div class='ocr_carea' id='block_1_15' title="bbox 354 1623 1919 1695">
    <p class='ocr_par' dir='ltr' id='par_1_15' title="bbox 354 1623 1919 1695">
     <span class='ocr_line' id='line_1_15' title="bbox 354 1623 1919 1695; baseline 0.007 -21"><span class='ocrx_word' id='word_1_74' title='bbox 354 1623 557 1678; x_wconf 83' lang='lat' dir='ltr'><strong><em>multos</em></strong></span> <span class='ocrx_word' id='word_1_75' title='bbox 584 1624 861 1695; x_wconf 81' lang='lat' dir='ltr'><strong><em>ejusmodi</em></strong></span> <span class='ocrx_word' id='word_1_76' title='bbox 890 1625 1216 1692; x_wconf 79' lang='lat' dir='ltr'><strong><em>opinionum</em></strong></span> <span class='ocrx_word' id='word_1_77' title='bbox 1249 1626 1596 1683; x_wconf 80' lang='lat' dir='ltr'><strong><em>dissensione</em></strong></span> <span class='ocrx_word' id='word_1_78' title='bbox 1627 1629 1919 1695; x_wconf 86' lang='lat' dir='ltr'><strong><em>adductos,</em></strong></span> 
     </span>
    </p>
   </div>
   <div class='ocr_carea' id='block_1_16' title="bbox 354 1713 1922 1791">
    <p class='ocr_par' dir='ltr' id='par_1_16' title="bbox 354 1713 1922 1791">
     <span class='ocr_line' id='line_1_16' title="bbox 354 1713 1922 1791; baseline 0.008 -26"><span class='ocrx_word' id='word_1_79' title='bbox 354 1713 516 1768; x_wconf 77' lang='lat' dir='ltr'><strong><em>fidem</em></strong></span> <span class='ocrx_word' id='word_1_80' title='bbox 549 1726 900 1772; x_wconf 79' lang='lat' dir='ltr'><strong><em>aversaturos</em></strong></span> <span class='ocrx_word' id='word_1_81' title='bbox 937 1732 1080 1773; x_wconf 89' lang='lat' dir='ltr'><strong><em>esse.</em></strong></span> <span class='ocrx_word' id='word_1_82' title='bbox 1125 1718 1310 1787; x_wconf 85' lang='lat' dir='ltr'><strong><em>Itaque</em></strong></span> <span class='ocrx_word' id='word_1_83' title='bbox 1345 1718 1547 1775; x_wconf 85' lang='lat' dir='ltr'><strong><em>litteris</em></strong></span> <span class='ocrx_word' id='word_1_84' title='bbox 1583 1722 1826 1791; x_wconf 84' lang='lat' dir='ltr'><strong><em>scriptis,</em></strong></span> <span class='ocrx_word' id='word_1_85' title='bbox 1865 1733 1922 1777; x_wconf 91' lang='lat' dir='ltr'><strong><em>et</em></strong></span> 
     </span>
    </p>
   </div>
   <div class='ocr_carea' id='block_1_17' title="bbox 351 1806 2000 1905">
    <p class='ocr_par' dir='ltr' id='par_1_17' title="bbox 351 1806 2000 1905">
     <span class='ocr_line' id='line_1_17' title="bbox 351 1806 2000 1905; baseline 0.004 -46"><span class='ocrx_word' id='word_1_86' title='bbox 351 1806 541 1860; x_wconf 82' lang='lat' dir='ltr'><strong><em>Arium</em></strong></span> <span class='ocrx_word' id='word_1_87' title='bbox 576 1816 633 1863; x_wconf 91' lang='lat' dir='ltr'><strong><em>et</em></strong></span> <span class='ocrx_word' id='word_1_88' title='bbox 668 1807 1041 1863; x_wconf 79' lang='lat' dir='ltr'><strong><em>Alexandrum</em></strong></span> <span class='ocrx_word' id='word_1_89' title='bbox 1088 1809 1418 1880; x_wconf 74' lang='lat' dir='ltr'><strong><em>obiurgans,</em></strong></span> <span class='ocrx_word' id='word_1_90' title='bbox 1448 1811 1586 1865; x_wconf 85' lang='lat' dir='ltr'><strong><em>vitio</em></strong></span> <span class='ocrx_word' id='word_1_91' title='bbox 1624 1815 1711 1867; x_wconf 83' lang='lat' dir='ltr'><strong><em>eis</em></strong></span> <span class='ocrx_word' id='word_1_92' title='bbox 1750 1814 1923 1867; x_wconf 83' lang='lat' dir='ltr'><strong><em>vertit</em></strong></span> <span class='ocrx_word' id='word_1_93' title='bbox 1960 1851 2000 1905; x_wconf 64' lang='grc' dir='ltr'><strong><em>Β</em></strong></span> 
     </span>
    </p>
   </div>
   <div class='ocr_carea' id='block_1_18' title="bbox 351 1899 1922 1974">
    <p class='ocr_par' dir='ltr' id='par_1_18' title="bbox 351 1899 1922 1974">
     <span class='ocr_line' id='line_1_18' title="bbox 351 1899 1922 1974; baseline 0.008 -24"><span class='ocrx_word' id='word_1_94' title='bbox 351 1899 518 1965; x_wconf 85' lang='lat' dir='ltr'><strong><em>quod,</em></strong></span> <span class='ocrx_word' id='word_1_95' title='bbox 543 1916 666 1970; x_wconf 65' lang='lat' dir='ltr'><strong><em>qua:</em></strong></span> <span class='ocrx_word' id='word_1_96' title='bbox 694 1902 870 1957; x_wconf 85' lang='lat' dir='ltr'><strong><em>latere</em></strong></span> <span class='ocrx_word' id='word_1_97' title='bbox 900 1904 1170 1973; x_wconf 84' lang='lat' dir='ltr'><strong><em>potuerit,</em></strong></span> <span class='ocrx_word' id='word_1_98' title='bbox 1194 1904 1566 1974; x_wconf 25' lang='lat' dir='ltr'><strong><em>qrusstiOuem</em></strong></span> <span class='ocrx_word' id='word_1_99' title='bbox 1590 1905 1647 1959; x_wconf 78' lang='lat' dir='ltr'><strong><em>in</em></strong></span> <span class='ocrx_word' id='word_1_100' title='bbox 1677 1906 1922 1962; x_wconf 87' lang='lat' dir='ltr'><strong><em>medium</em></strong></span> 
     </span>
    </p>
   </div>
   <div class='ocr_carea' id='block_1_19' title="bbox 352 1992 1919 2064">
    <p class='ocr_par' dir='ltr' id='par_1_19' title="bbox 352 1992 1919 2064">
     <span class='ocr_line' id='line_1_19' title="bbox 352 1992 1919 2064; baseline 0.008 -21"><span class='ocrx_word' id='word_1_101' title='bbox 352 1992 639 2049; x_wconf 86' lang='lat' dir='ltr'><strong><em>attulerint</em></strong></span> <span class='ocrx_word' id='word_1_102' title='bbox 665 2012 680 2049; x_wconf 88' lang='lat'><strong>:</strong></span> <span class='ocrx_word' id='word_1_103' title='bbox 705 2005 762 2049; x_wconf 84' lang='lat' dir='ltr'><strong><em>et</em></strong></span> <span class='ocrx_word' id='word_1_104' title='bbox 783 1996 952 2050; x_wconf 85' lang='lat' dir='ltr'><strong><em>nimia</em></strong></span> <span class='ocrx_word' id='word_1_105' title='bbox 975 1996 1043 2051; x_wconf 86' lang='lat' dir='ltr'><strong><em>ad</em></strong></span> <span class='ocrx_word' id='word_1_106' title='bbox 1068 1996 1513 2053; x_wconf 84' lang='lat' dir='ltr'><strong><em>contendendum</em></strong></span> <span class='ocrx_word' id='word_1_107' title='bbox 1535 1998 1919 2064; x_wconf 68' lang='lat' dir='ltr'><strong><em>inclinatione,</em></strong></span> 
     </span>
    </p>
   </div>
   <div class='ocr_carea' id='block_1_20' title="bbox 350 2091 1925 2165">
    <p class='ocr_par' dir='ltr' id='par_1_20' title="bbox 350 2091 1925 2165">
     <span class='ocr_line' id='line_1_20' title="bbox 350 2091 1925 2165; baseline 0.007 -25"><span class='ocrx_word' id='word_1_108' title='bbox 350 2102 415 2141; x_wconf 74' lang='lat' dir='ltr'><strong><em>ra</em></strong></span> <span class='ocrx_word' id='word_1_109' title='bbox 448 2102 733 2158; x_wconf 84' lang='lat' dir='ltr'><strong><em>perperam</em></strong></span> <span class='ocrx_word' id='word_1_110' title='bbox 767 2091 1065 2161; x_wconf 78' lang='lat' dir='ltr'><strong><em>vnlgarint,</em></strong></span> <span class='ocrx_word' id='word_1_111' title='bbox 1104 2107 1227 2161; x_wconf 64' lang='lat' dir='ltr'><strong><em>qum</em></strong></span> <span class='ocrx_word' id='word_1_112' title='bbox 1257 2108 1436 2161; x_wconf 84' lang='lat' dir='ltr'><strong><em>neque</em></strong></span> <span class='ocrx_word' id='word_1_113' title='bbox 1472 2109 1713 2159; x_wconf 85' lang='lat' dir='ltr'><strong><em>movere,</em></strong></span> <span class='ocrx_word' id='word_1_114' title='bbox 1744 2111 1925 2165; x_wconf 86' lang='lat' dir='ltr'><strong><em>neque</em></strong></span> 
     </span>
    </p>
   </div>
   <div class='ocr_carea' id='block_1_21' title="bbox 354 2180 1927 2253">
    <p class='ocr_par' dir='ltr' id='par_1_21' title="bbox 354 2180 1927 2253">
     <span class='ocr_line' id='line_1_21' title="bbox 354 2180 1927 2253; baseline 0.006 -22"><span class='ocrx_word' id='word_1_115' title='bbox 354 2194 580 2245; x_wconf 82' lang='lat' dir='ltr'><strong><em>prorsus</em></strong></span> <span class='ocrx_word' id='word_1_116' title='bbox 616 2180 673 2235; x_wconf 89' lang='lat' dir='ltr'><strong><em>in</em></strong></span> <span class='ocrx_word' id='word_1_117' title='bbox 704 2182 949 2236; x_wconf 89' lang='lat' dir='ltr'><strong><em>animum</em></strong></span> <span class='ocrx_word' id='word_1_118' title='bbox 980 2184 1297 2246; x_wconf 86' lang='lat' dir='ltr'><strong><em>admittere,</em></strong></span> <span class='ocrx_word' id='word_1_119' title='bbox 1334 2195 1429 2239; x_wconf 84' lang='lat' dir='ltr'><strong><em>aut</em></strong></span> <span class='ocrx_word' id='word_1_120' title='bbox 1456 2195 1627 2253; x_wconf 86' lang='lat' dir='ltr'><strong><em>certe,</em></strong></span> <span class='ocrx_word' id='word_1_121' title='bbox 1660 2188 1706 2242; x_wconf 89' lang='lat' dir='ltr'><strong><em>si</em></strong></span> <span class='ocrx_word' id='word_1_122' title='bbox 1747 2187 1927 2241; x_wconf 83' lang='lat' dir='ltr'><strong><em>admi-</em></strong></span> 
     </span>
    </p>
   </div>
   <div class='ocr_carea' id='block_1_22' title="bbox 353 2270 1926 2346">
    <p class='ocr_par' dir='ltr' id='par_1_22' title="bbox 353 2270 1926 2346">
     <span class='ocr_line' id='line_1_22' title="bbox 353 2270 1926 2346; baseline 0.008 -27"><span class='ocrx_word' id='word_1_123' title='bbox 353 2270 574 2338; x_wconf 74' lang='lat' dir='ltr'><strong><em>sissent,</em></strong></span> <span class='ocrx_word' id='word_1_124' title='bbox 610 2272 831 2327; x_wconf 81' lang='lat' dir='ltr'><strong><em>silentio</em></strong></span> <span class='ocrx_word' id='word_1_125' title='bbox 868 2284 1070 2346; x_wconf 64' lang='lat' dir='ltr'><strong><em>tegere,</em></strong></span> <span class='ocrx_word' id='word_1_126' title='bbox 1108 2293 1287 2344; x_wconf 82' lang='lat' dir='ltr'><strong><em>neque</em></strong></span> <span class='ocrx_word' id='word_1_127' title='bbox 1314 2278 1389 2332; x_wconf 84' lang='lat' dir='ltr'><strong><em>ita</em></strong></span> <span class='ocrx_word' id='word_1_128' title='bbox 1425 2279 1568 2332; x_wconf 86' lang='lat' dir='ltr'><strong><em>inter</em></strong></span> <span class='ocrx_word' id='word_1_129' title='bbox 1606 2293 1727 2334; x_wconf 89' lang='lat' dir='ltr'><strong><em>sese</em></strong></span> <span class='ocrx_word' id='word_1_130' title='bbox 1758 2279 1926 2334; x_wconf 85' lang='lat' dir='ltr'><strong><em>dissi-</em></strong></span> 
     </span>
    </p>
   </div>
   <div class='ocr_carea' id='block_1_23' title="bbox 353 2361 1924 2438">
    <p class='ocr_par' dir='ltr' id='par_1_23' title="bbox 353 2361 1924 2438">
     <span class='ocr_line' id='line_1_23' title="bbox 353 2361 1924 2438; baseline 0.008 -26"><span class='ocrx_word' id='word_1_131' title='bbox 353 2361 521 2429; x_wconf 83' lang='lat' dir='ltr'><strong><em>dere,</em></strong></span> <span class='ocrx_word' id='word_1_132' title='bbox 563 2366 815 2435; x_wconf 83' lang='lat' dir='ltr'><strong><em>quamvis</em></strong></span> <span class='ocrx_word' id='word_1_133' title='bbox 861 2368 969 2422; x_wconf 83' lang='lat' dir='ltr'><strong><em>illis</em></strong></span> <span class='ocrx_word' id='word_1_134' title='bbox 1014 2376 1129 2422; x_wconf 89' lang='lat' dir='ltr'><strong><em>tum</em></strong></span> <span class='ocrx_word' id='word_1_135' title='bbox 1169 2368 1237 2422; x_wconf 89' lang='lat' dir='ltr'><strong><em>de</em></strong></span> <span class='ocrx_word' id='word_1_136' title='bbox 1280 2368 1534 2438; x_wconf 64' lang='lat' dir='ltr'><strong><em>tingmate</em></strong></span> <span class='ocrx_word' id='word_1_137' title='bbox 1572 2385 1685 2424; x_wconf 86' lang='lat' dir='ltr'><strong><em>non</em></strong></span> <span class='ocrx_word' id='word_1_138' title='bbox 1718 2385 1924 2426; x_wconf 83' lang='lat' dir='ltr'><strong><em>conve-</em></strong></span> 
     </span>
    </p>
   </div>
   <div class='ocr_carea' id='block_1_24' title="bbox 356 2455 1924 2529">
    <p class='ocr_par' dir='ltr' id='par_1_24' title="bbox 356 2455 1924 2529">
     <span class='ocr_line' id='line_1_24' title="bbox 356 2455 1924 2529; baseline 0.009 -24"><span class='ocrx_word' id='word_1_139' title='bbox 356 2455 519 2519; x_wconf 86' lang='lat' dir='ltr'><strong><em>niret,</em></strong></span> <span class='ocrx_word' id='word_1_140' title='bbox 545 2455 891 2513; x_wconf 80' lang='lat' dir='ltr'><strong><em>debuissent.</em></strong></span> <span class='ocrx_word' id='word_1_141' title='bbox 925 2459 1184 2514; x_wconf 84' lang='lat' dir='ltr'><strong><em>Omnium</em></strong></span> <span class='ocrx_word' id='word_1_142' title='bbox 1222 2462 1426 2529; x_wconf 81' lang='lat' dir='ltr'><strong><em>quippe</em></strong></span> <span class='ocrx_word' id='word_1_143' title='bbox 1461 2461 1696 2517; x_wconf 80' lang='lat' dir='ltr'><strong><em>maxime</em></strong></span> <span class='ocrx_word' id='word_1_144' title='bbox 1729 2478 1924 2519; x_wconf 87' lang='lat' dir='ltr'><strong><em>neces-</em></strong></span> 
     </span>
    </p>
   </div>
   <div class='ocr_carea' id='block_1_25' title="bbox 352 2547 1923 2623">
    <p class='ocr_par' dir='ltr' id='par_1_25' title="bbox 352 2547 1923 2623">
     <span class='ocr_line' id='line_1_25' title="bbox 352 2547 1923 2623; baseline 0.008 -25"><span class='ocrx_word' id='word_1_145' title='bbox 352 2547 559 2601; x_wconf 84' lang='lat' dir='ltr'><strong><em>sarium</em></strong></span> <span class='ocrx_word' id='word_1_146' title='bbox 583 2565 753 2604; x_wconf 90' lang='lat' dir='ltr'><strong><em>unum</em></strong></span> <span class='ocrx_word' id='word_1_147' title='bbox 781 2565 901 2606; x_wconf 89' lang='lat' dir='ltr'><strong><em>esse</em></strong></span> <span class='ocrx_word' id='word_1_148' title='bbox 926 2553 1162 2622; x_wconf 87' lang='lat' dir='ltr'><strong><em>putavit,</em></strong></span> <span class='ocrx_word' id='word_1_149' title='bbox 1191 2561 1250 2606; x_wconf 83' lang='lat' dir='ltr'><strong><em>ut</em></strong></span> <span class='ocrx_word' id='word_1_150' title='bbox 1270 2552 1339 2606; x_wconf 90' lang='lat' dir='ltr'><strong><em>de</em></strong></span> <span class='ocrx_word' id='word_1_151' title='bbox 1363 2552 1548 2607; x_wconf 82' lang='lat' dir='ltr'><strong><em>divina</em></strong></span> <span class='ocrx_word' id='word_1_152' title='bbox 1575 2553 1923 2623; x_wconf 82' lang='lat' dir='ltr'><strong><em>providentia</em></strong></span> 
     </span>
    </p>
   </div>
   <div class='ocr_carea' id='block_1_26' title="bbox 352 2642 1921 2709">
    <p class='ocr_par' dir='ltr' id='par_1_26' title="bbox 352 2642 1921 2709">
     <span class='ocr_line' id='line_1_26' title="bbox 352 2642 1921 2709; baseline 0.006 -16"><span class='ocrx_word' id='word_1_153' title='bbox 352 2642 785 2709; x_wconf 87' lang='lat' dir='ltr'><strong><em>consentiamus,</em></strong></span> <span class='ocrx_word' id='word_1_154' title='bbox 828 2653 887 2699; x_wconf 91' lang='lat' dir='ltr'><strong><em>et</em></strong></span> <span class='ocrx_word' id='word_1_155' title='bbox 911 2658 1105 2700; x_wconf 85' lang='lat' dir='ltr'><strong><em>omnes</em></strong></span> <span class='ocrx_word' id='word_1_156' title='bbox 1139 2644 1388 2700; x_wconf 87' lang='lat' dir='ltr'><strong><em>eamdem</em></strong></span> <span class='ocrx_word' id='word_1_157' title='bbox 1419 2645 1582 2700; x_wconf 76' lang='lat' dir='ltr'><strong><em>ﬁdem</em></strong></span> <span class='ocrx_word' id='word_1_158' title='bbox 1612 2662 1921 2704; x_wconf 88' lang='lat' dir='ltr'><strong><em>servemus.</em></strong></span> 
     </span>
    </p>
   </div>
   <div class='ocr_carea' id='block_1_27' title="bbox 358 2732 1927 2805">
    <p class='ocr_par' dir='ltr' id='par_1_27' title="bbox 358 2732 1927 2805">
     <span class='ocr_line' id='line_1_27' title="bbox 358 2732 1927 2805; baseline 0.006 -22"><span class='ocrx_word' id='word_1_159' title='bbox 358 2732 639 2802; x_wconf 76' lang='lat' dir='ltr'><strong><em>Exquisite</em></strong></span> <span class='ocrx_word' id='word_1_160' title='bbox 660 2749 793 2789; x_wconf 86' lang='lat' dir='ltr'><strong><em>vero</em></strong></span> <span class='ocrx_word' id='word_1_161' title='bbox 814 2734 883 2789; x_wconf 91' lang='lat' dir='ltr'><strong><em>de</em></strong></span> <span class='ocrx_word' id='word_1_162' title='bbox 905 2736 1175 2805; x_wconf 85' lang='lat' dir='ltr'><strong><em>ejusmodi</em></strong></span> <span class='ocrx_word' id='word_1_163' title='bbox 1201 2736 1368 2791; x_wconf 81' lang='lat' dir='ltr'><strong><em>rebus</em></strong></span> <span class='ocrx_word' id='word_1_164' title='bbox 1399 2737 1697 2805; x_wconf 90' lang='lat' dir='ltr'><strong><em>inquirere,</em></strong></span> <span class='ocrx_word' id='word_1_165' title='bbox 1726 2752 1927 2793; x_wconf 85' lang='lat' dir='ltr'><strong><em>secun-</em></strong></span> 
     </span>
    </p>
   </div>
   <div class='ocr_carea' id='block_1_28' title="bbox 274 2824 1923 2903">
    <p class='ocr_par' dir='ltr' id='par_1_28' title="bbox 274 2824 1923 2903">
     <span class='ocr_line' id='line_1_28' title="bbox 274 2824 1923 2903; baseline 0.007 -27"><span class='ocrx_word' id='word_1_166' title='bbox 274 2902 277 2903; x_wconf 13' lang='grc' dir='ltr'><em>ν</em></span> <span class='ocrx_word' id='word_1_167' title='bbox 351 2824 543 2879; x_wconf 85' lang='lat' dir='ltr'><strong><em>darum</em></strong></span> <span class='ocrx_word' id='word_1_168' title='bbox 572 2841 690 2882; x_wconf 85' lang='lat' dir='ltr'><strong><em>esse</em></strong></span> <span class='ocrx_word' id='word_1_169' title='bbox 720 2828 981 2897; x_wconf 89' lang='lat' dir='ltr'><strong><em>partium.</em></strong></span> <span class='ocrx_word' id='word_1_170' title='bbox 1009 2828 1167 2894; x_wconf 85' lang='lat' dir='ltr'><strong><em>Quod</em></strong></span> <span class='ocrx_word' id='word_1_171' title='bbox 1200 2829 1245 2883; x_wconf 88' lang='lat' dir='ltr'><strong><em>si</em></strong></span> <span class='ocrx_word' id='word_1_172' title='bbox 1277 2830 1547 2897; x_wconf 70' lang='lat' dir='ltr'><strong><em>ambiguas</em></strong></span> <span class='ocrx_word' id='word_1_173' title='bbox 1575 2842 1923 2901; x_wconf 79' lang='lat' dir='ltr'><strong><em>emergerem</em></strong></span> 
     </span>
    </p>
   </div>
   <div class='ocr_carea' id='block_1_29' title="bbox 351 2917 1922 2981">
    <p class='ocr_par' dir='ltr' id='par_1_29' title="bbox 351 2917 1922 2981">
     <span class='ocr_line' id='line_1_29' title="bbox 351 2917 1922 2981; baseline 0.003 -12"><span class='ocrx_word' id='word_1_174' title='bbox 351 2917 671 2981; x_wconf 62' lang='lat' dir='ltr'><strong><em>sententias,</em></strong></span> <span class='ocrx_word' id='word_1_175' title='bbox 714 2919 924 2975; x_wconf 87' lang='lat' dir='ltr'><strong><em>rectius</em></strong></span> <span class='ocrx_word' id='word_1_176' title='bbox 971 2920 1165 2974; x_wconf 76' lang='lat' dir='ltr'><strong><em>eas‘in</em></strong></span> <span class='ocrx_word' id='word_1_177' title='bbox 1215 2918 1529 2974; x_wconf 82' lang='lat' dir='ltr'><strong><em>recessibus</em></strong></span> <span class='ocrx_word' id='word_1_178' title='bbox 1564 2922 1765 2974; x_wconf 83' lang='lat' dir='ltr'><strong><em>mentis</em></strong></span> <span class='ocrx_word' id='word_1_179' title='bbox 1801 2930 1922 2974; x_wconf 80' lang='lat' dir='ltr'><strong><em>tan-</em></strong></span> 
     </span>
    </p>
   </div>
   <div class='ocr_carea' id='block_1_30' title="bbox 351 3006 1925 3081">
    <p class='ocr_par' dir='ltr' id='par_1_30' title="bbox 351 3006 1925 3081">
     <span class='ocr_line' id='line_1_30' title="bbox 351 3006 1925 3081; baseline 0.004 -21"><span class='ocrx_word' id='word_1_180' title='bbox 351 3022 517 3078; x_wconf 86' lang='lat' dir='ltr'><strong><em>quant</em></strong></span> <span class='ocrx_word' id='word_1_181' title='bbox 569 3006 628 3062; x_wconf 91' lang='lat' dir='ltr'><strong><em>in</em></strong></span> <span class='ocrx_word' id='word_1_182' title='bbox 671 3009 909 3077; x_wconf 89' lang='lat' dir='ltr'><strong><em>umbra,</em></strong></span> <span class='ocrx_word' id='word_1_183' title='bbox 960 3010 1095 3081; x_wconf 79' lang='lat' dir='ltr'><strong><em>regi.</em></strong></span> <span class='ocrx_word' id='word_1_184' title='bbox 1142 3008 1491 3079; x_wconf 82' lang='lat' dir='ltr'><strong><em>Quapropter</em></strong></span> <span class='ocrx_word' id='word_1_185' title='bbox 1539 3020 1599 3064; x_wconf 92' lang='lat' dir='ltr'><strong><em>ut</em></strong></span> <span class='ocrx_word' id='word_1_186' title='bbox 1644 3024 1675 3063; x_wconf 90' lang='lat' dir='ltr'><strong><em>a</em></strong></span> <span class='ocrx_word' id='word_1_187' title='bbox 1724 3010 1925 3067; x_wconf 84' lang='lat' dir='ltr'><strong><em>talibus</em></strong></span> 
     </span>
    </p>
   </div>
   <div class='ocr_carea' id='block_1_31' title="bbox 352 3100 1925 3172">
    <p class='ocr_par' dir='ltr' id='par_1_31' title="bbox 352 3100 1925 3172">
     <span class='ocr_line' id='line_1_31' title="bbox 352 3100 1925 3172; baseline 0.004 -17"><span class='ocrx_word' id='word_1_188' title='bbox 352 3100 725 3157; x_wconf 86' lang='lat' dir='ltr'><strong><em>contentionis</em></strong></span> <span class='ocrx_word' id='word_1_189' title='bbox 756 3102 915 3172; x_wconf 78' lang='lat' dir='ltr'><strong><em>nugis</em></strong></span> <span class='ocrx_word' id='word_1_190' title='bbox 946 3102 1291 3167; x_wconf 84' lang='lat' dir='ltr'><strong><em>alienissimi,</em></strong></span> <span class='ocrx_word' id='word_1_191' title='bbox 1321 3103 1462 3156; x_wconf 87' lang='lat' dir='ltr'><strong><em>idem</em></strong></span> <span class='ocrx_word' id='word_1_192' title='bbox 1502 3106 1794 3169; x_wconf 87' lang='lat' dir='ltr'><strong><em>sentirent,</em></strong></span> <span class='ocrx_word' id='word_1_193' title='bbox 1829 3118 1925 3161; x_wconf 86' lang='lat' dir='ltr'><strong><em>eos</em></strong></span> 
     </span>
    </p>
   </div>
   <div class='ocr_carea' id='block_1_32' title="bbox 2620 497 3013 551">
    <p class='ocr_par' dir='ltr' id='par_1_32' title="bbox 2620 497 3013 551">
     <span class='ocr_line' id='line_1_32' title="bbox 2620 497 3013 551; baseline 0 0"><span class='ocrx_word' id='word_1_194' title='bbox 2620 498 2871 551; x_wconf 74' lang='grc' dir='ltr'><strong><em>ΚΕΦΑΛ.</em></strong></span> <span class='ocrx_word' id='word_1_195' title='bbox 2910 497 3013 551; x_wconf 82' lang='grc' dir='ltr'><strong>1Β’.</strong></span> 
     </span>
    </p>
   </div>
   <div class='ocr_carea' id='block_1_33' title="bbox 2041 583 3602 653">
    <p class='ocr_par' dir='ltr' id='par_1_33' title="bbox 2041 583 3602 653">
     <span class='ocr_line' id='line_1_33' title="bbox 2041 583 3602 653; baseline -0.001 -15"><span class='ocrx_word' id='word_1_196' title='bbox 2041 585 2138 653; x_wconf 84' lang='grc' dir='ltr'>Ὠς</span> <span class='ocrx_word' id='word_1_197' title='bbox 2165 587 2437 653; x_wconf 82' lang='grc' dir='ltr'>ἀκούσας</span> <span class='ocrx_word' id='word_1_198' title='bbox 2485 586 2602 653; x_wconf 81' lang='grc' dir='ltr'>τὴν</span> <span class='ocrx_word' id='word_1_199' title='bbox 2649 586 2760 653; x_wconf 83' lang='grc' dir='ltr'>τῆς</span> <span class='ocrx_word' id='word_1_200' title='bbox 2816 585 3181 652; x_wconf 73' lang='grc' dir='ltr'>Ἐκκλησίας</span> <span class='ocrx_word' id='word_1_201' title='bbox 3210 583 3341 652; x_wconf 69' lang='grc' dir='ltr'>ἔριν</span> <span class='ocrx_word' id='word_1_202' title='bbox 3373 586 3407 638; x_wconf 86' lang='grc' dir='ltr'><strong><em>δ</em></strong></span> <span class='ocrx_word' id='word_1_203' title='bbox 3442 587 3602 639; x_wconf 67' lang='lat' dir='ltr'><strong><em>Kur-</em></strong></span> 
     </span>
    </p>
   </div>
   <div class='ocr_carea' id='block_1_34' title="bbox 2100 652 3605 724">
    <p class='ocr_par' dir='ltr' id='par_1_34' title="bbox 2100 652 3605 724">
     <span class='ocr_line' id='line_1_34' title="bbox 2100 652 3605 724; baseline -0.001 -15"><span class='ocrx_word' id='word_1_204' title='bbox 2100 652 2442 724; x_wconf 65' lang='grc' dir='ltr'>σταντῖνυςί.</span> <span class='ocrx_word' id='word_1_205' title='bbox 2498 652 2710 711; x_wconf 75' lang='grc' dir='ltr'>Ὄσιον</span> <span class='ocrx_word' id='word_1_206' title='bbox 2759 658 2868 709; x_wconf 81' lang='grc' dir='ltr'><strong><em>τὸν</em></strong></span> <span class='ocrx_word' id='word_1_207' title='bbox 2916 655 3213 724; x_wconf 65' lang='grc' dir='ltr'>’Ῑσπαιςὸν</span> <span class='ocrx_word' id='word_1_208' title='bbox 3265 652 3501 724; x_wconf 25' lang='grc' dir='ltr'>είςᾼτὴν</span> <span class='ocrx_word' id='word_1_209' title='bbox 3528 654 3605 707; x_wconf 80' lang='grc' dir='ltr'>ἕω</span> 
     </span>
    </p>
   </div>
   <div class='ocr_carea' id='block_1_35' title="bbox 2100 721 3601 854">
    <p class='ocr_par' dir='ltr' id='par_1_35' title="bbox 2100 721 3601 854">
     <span class='ocr_line' id='line_1_35' title="bbox 2100 721 3601 854; baseline -0.003 -74"><span class='ocrx_word' id='word_1_210' title='bbox 2100 721 2484 854; x_wconf 59' lang='grc' dir='ltr'>ἀπᾷζοντελᾰεν</span> <span class='ocrx_word' id='word_1_211' title='bbox 2509 727 2599 791; x_wconf 80' lang='grc' dir='ltr'><strong><em>είς</em></strong></span> <span class='ocrx_word' id='word_1_212' title='bbox 2629 724 2964 795; x_wconf 71' lang='grc' dir='ltr'>διαλλαγὰς</span> <span class='ocrx_word' id='word_1_213' title='bbox 2983 721 3255 793; x_wconf 78' lang='grc' dir='ltr'>χωρῆσαι</span> <span class='ocrx_word' id='word_1_214' title='bbox 3290 721 3418 789; x_wconf 81' lang='grc' dir='ltr'>τοῖς</span> <span class='ocrx_word' id='word_1_215' title='bbox 3451 737 3601 776; x_wconf 77' lang='grc' dir='ltr'>στα-</span> 
     </span>
     <span class='ocr_line' id='line_1_36' title="bbox 2101 810 2437 850; baseline 0.003 -2"><span class='ocrx_word' id='word_1_216' title='bbox 2101 810 2206 848; x_wconf 87' lang='grc' dir='ltr'><strong><em>σια</em></strong></span> <span class='ocrx_word' id='word_1_217' title='bbox 2237 810 2437 850; x_wconf 83' lang='grc' dir='ltr'>ουσιν.</span> 
     </span>
    </p>
   </div>
   <div class='ocr_carea' id='block_1_36' title="bbox 2110 902 3598 978">
    <p class='ocr_par' dir='ltr' id='par_1_36' title="bbox 2110 902 3598 978">
     <span class='ocr_line' id='line_1_37' title="bbox 2110 902 3598 978; baseline -0.001 -19"><span class='ocrx_word' id='word_1_218' title='bbox 2110 906 2268 959; x_wconf 77' lang='grc' dir='ltr'>Ἐπεὶ</span> <span class='ocrx_word' id='word_1_219' title='bbox 2295 906 2352 959; x_wconf 79' lang='grc' dir='ltr'>δὲ</span> <span class='ocrx_word' id='word_1_220' title='bbox 2395 908 2428 976; x_wconf 80' lang='grc' dir='ltr'><strong>ή</strong></span> <span class='ocrx_word' id='word_1_221' title='bbox 2457 906 2574 978; x_wconf 80' lang='grc' dir='ltr'>ἔρις</span> <span class='ocrx_word' id='word_1_222' title='bbox 2607 906 2740 977; x_wconf 76' lang='grc' dir='ltr'>ἄχρι</span> <span class='ocrx_word' id='word_1_223' title='bbox 2771 906 2869 963; x_wconf 67' lang='grc' dir='ltr'>καὶ</span> <span class='ocrx_word' id='word_1_224' title='bbox 2898 903 3008 959; x_wconf 86' lang='grc' dir='ltr'><strong><em>τῶν</em></strong></span> <span class='ocrx_word' id='word_1_225' title='bbox 3056 902 3353 975; x_wconf 83' lang='grc' dir='ltr'>βασιλείων</span> <span class='ocrx_word' id='word_1_226' title='bbox 3386 903 3598 973; x_wconf 71' lang='grc' dir='ltr'>ἐφοίτα,</span> 
     </span>
    </p>
   </div>
   <div class='ocr_carea' id='block_1_37' title="bbox 2027 995 3602 1069">
    <p class='ocr_par' dir='ltr' id='par_1_37' title="bbox 2027 995 3602 1069">
     <span class='ocr_line' id='line_1_38' title="bbox 2027 995 3602 1069; baseline 0 -20"><span class='ocrx_word' id='word_1_227' title='bbox 2027 996 2089 1049; x_wconf 77' lang='grc' dir='ltr'>οὐ</span> <span class='ocrx_word' id='word_1_228' title='bbox 2134 999 2370 1066; x_wconf 84' lang='grc' dir='ltr'>μετρίως</span> <span class='ocrx_word' id='word_1_229' title='bbox 2414 998 2754 1069; x_wconf 76' lang='grc' dir='ltr'>ὲδυσφόρησε</span> <span class='ocrx_word' id='word_1_230' title='bbox 2801 995 3100 1061; x_wconf 75' lang='grc' dir='ltr'><strong><em>διακούσας</em></strong></span> <span class='ocrx_word' id='word_1_231' title='bbox 3152 998 3182 1049; x_wconf 82' lang='grc' dir='ltr'><strong>ὁ</strong></span> <span class='ocrx_word' id='word_1_232' title='bbox 3239 996 3602 1066; x_wconf 83' lang='grc' dir='ltr'>πανεύφημος</span> 
     </span>
    </p>
   </div>
   <div class='ocr_carea' id='block_1_38' title="bbox 2031 1086 3607 1159">
    <p class='ocr_par' dir='ltr' id='par_1_38' title="bbox 2031 1086 3607 1159">
     <span class='ocr_line' id='line_1_39' title="bbox 2031 1086 3607 1159; baseline 0.001 -20"><span class='ocrx_word' id='word_1_233' title='bbox 2031 1086 2304 1156; x_wconf 79' lang='grc' dir='ltr'>βασιλεύς.</span> <span class='ocrx_word' id='word_1_234' title='bbox 2355 1088 2666 1159; x_wconf 82' lang='grc' dir='ltr'>Περιαλγὴς</span> <span class='ocrx_word' id='word_1_235' title='bbox 2694 1088 2751 1141; x_wconf 74' lang='grc' dir='ltr'>δὲ</span> <span class='ocrx_word' id='word_1_236' title='bbox 2799 1088 2900 1158; x_wconf 84' lang='grc' dir='ltr'>τὴν</span> <span class='ocrx_word' id='word_1_237' title='bbox 2944 1087 3127 1158; x_wconf 73' lang='grc' dir='ltr'>ψυχὴν</span> <span class='ocrx_word' id='word_1_238' title='bbox 3172 1088 3489 1157; x_wconf 84' lang='grc' dir='ltr'>γενόμενος,</span> <span class='ocrx_word' id='word_1_239' title='bbox 3529 1088 3607 1140; x_wconf 80' lang='grc' dir='ltr'><strong><em>οι-</em></strong></span> 
     </span>
    </p>
   </div>
   <div class='ocr_carea' id='block_1_39' title="bbox 2030 1177 3601 1251">
    <p class='ocr_par' dir='ltr' id='par_1_39' title="bbox 2030 1177 3601 1251">
     <span class='ocr_line' id='line_1_40' title="bbox 2030 1177 3601 1251; baseline -0.001 -19"><span class='ocrx_word' id='word_1_240' title='bbox 2030 1181 2187 1234; x_wconf 87' lang='grc' dir='ltr'>κείαν</span> <span class='ocrx_word' id='word_1_241' title='bbox 2218 1181 2503 1247; x_wconf 75' lang='grc' dir='ltr'>ἐλογίσατο</span> <span class='ocrx_word' id='word_1_242' title='bbox 2532 1180 2822 1251; x_wconf 86' lang='grc' dir='ltr'>συμφοράν</span> <span class='ocrx_word' id='word_1_243' title='bbox 2842 1196 2858 1211; x_wconf 80' lang='lat'>&#39;</span> <span class='ocrx_word' id='word_1_244' title='bbox 2894 1180 2991 1234; x_wconf 77' lang='grc' dir='ltr'>καὶ</span> <span class='ocrx_word' id='word_1_245' title='bbox 3022 1177 3378 1250; x_wconf 80' lang='grc' dir='ltr'>παραχρῆμα</span> <span class='ocrx_word' id='word_1_246' title='bbox 3411 1178 3601 1231; x_wconf 83' lang='grc' dir='ltr'>σϐέσαι</span> 
     </span>
    </p>
   </div>
   <div class='ocr_carea' id='block_1_40' title="bbox 2032 1268 3603 1342">
    <p class='ocr_par' dir='ltr' id='par_1_40' title="bbox 2032 1268 3603 1342">
     <span class='ocr_line' id='line_1_41' title="bbox 2032 1268 3603 1342; baseline -0.001 -20"><span class='ocrx_word' id='word_1_247' title='bbox 2032 1273 2132 1340; x_wconf 69' lang='grc' dir='ltr'>τὴν</span> <span class='ocrx_word' id='word_1_248' title='bbox 2158 1273 2542 1342; x_wconf 72' lang='grc' dir='ltr'><strong><em>ἀναπτομένην</em></strong></span> <span class='ocrx_word' id='word_1_249' title='bbox 2589 1272 2763 1340; x_wconf 73' lang='grc' dir='ltr'>φλόγα</span> <span class='ocrx_word' id='word_1_250' title='bbox 2796 1270 3036 1337; x_wconf 82' lang='grc' dir='ltr'>σπουδὴν</span> <span class='ocrx_word' id='word_1_251' title='bbox 3082 1271 3345 1334; x_wconf 68' lang='grc' dir='ltr'>ἐποιεῖτο,</span> <span class='ocrx_word' id='word_1_252' title='bbox 3375 1270 3471 1321; x_wconf 80' lang='grc' dir='ltr'>καὶ</span> <span class='ocrx_word' id='word_1_253' title='bbox 3502 1268 3603 1338; x_wconf 78' lang='grc' dir='ltr'>τὴν</span> 
     </span>
    </p>
   </div>
   <div class='ocr_carea' id='block_1_41' title="bbox 2033 1356 3604 1432">
    <p class='ocr_par' dir='ltr' id='par_1_41' title="bbox 2033 1356 3604 1432">
     <span class='ocr_line' id='line_1_42' title="bbox 2033 1356 3604 1432; baseline -0.003 -18"><span class='ocrx_word' id='word_1_254' title='bbox 2033 1361 2143 1414; x_wconf 87' lang='grc' dir='ltr'><strong><em>τῶν</em></strong></span> <span class='ocrx_word' id='word_1_255' title='bbox 2164 1363 2350 1415; x_wconf 80' lang='grc' dir='ltr'>κακῶν</span> <span class='ocrx_word' id='word_1_256' title='bbox 2371 1363 2444 1424; x_wconf 79' lang='grc' dir='ltr'>ὠς</span> <span class='ocrx_word' id='word_1_257' title='bbox 2474 1364 2639 1432; x_wconf 80' lang='grc' dir='ltr'>τάχος</span> <span class='ocrx_word' id='word_1_258' title='bbox 2658 1361 2939 1431; x_wconf 71' lang='grc' dir='ltr'>ἐμφράξαι</span> <span class='ocrx_word' id='word_1_259' title='bbox 2966 1361 3173 1430; x_wconf 79' lang='grc' dir='ltr'>πηγήν.</span> <span class='ocrx_word' id='word_1_260' title='bbox 3201 1360 3313 1413; x_wconf 76' lang='grc' dir='ltr'><strong><em>Καὶ</em></strong></span> <span class='ocrx_word' id='word_1_261' title='bbox 3337 1360 3446 1427; x_wconf 77' lang='grc' dir='ltr'><strong><em>γάρ</em></strong></span> <span class='ocrx_word' id='word_1_262' title='bbox 3465 1356 3604 1430; x_wconf 74' lang='grc' dir='ltr'>ᾤετο</span> 
     </span>
    </p>
   </div>
   <div class='ocr_carea' id='block_1_42' title="bbox 2031 1450 3597 1525">
    <p class='ocr_par' dir='ltr' id='par_1_42' title="bbox 2031 1450 3597 1525">
     <span class='ocr_line' id='line_1_43' title="bbox 2031 1450 3597 1525; baseline -0.001 -22"><span class='ocrx_word' id='word_1_263' title='bbox 2031 1454 2365 1523; x_wconf 70' lang='grc' dir='ltr'>προσφάτως</span> <span class='ocrx_word' id='word_1_264' title='bbox 2409 1454 2508 1525; x_wconf 71' lang='grc' dir='ltr'>ἥδη</span> <span class='ocrx_word' id='word_1_265' title='bbox 2559 1455 2659 1524; x_wconf 76' lang='grc' dir='ltr'>τῆς</span> <span class='ocrx_word' id='word_1_266' title='bbox 2699 1451 2999 1523; x_wconf 76' lang='grc' dir='ltr'>θρησκείας</span> <span class='ocrx_word' id='word_1_267' title='bbox 3038 1450 3225 1516; x_wconf 76' lang='grc' dir='ltr'>αὖξειν</span> <span class='ocrx_word' id='word_1_268' title='bbox 3266 1451 3597 1520; x_wconf 74' lang='grc' dir='ltr'>ἀρχομένης,</span> 
     </span>
    </p>
   </div>
   <div class='ocr_carea' id='block_1_43' title="bbox 2030 1540 3601 1617">
    <p class='ocr_par' dir='ltr' id='par_1_43' title="bbox 2030 1540 3601 1617">
     <span class='ocr_line' id='line_1_44' title="bbox 2030 1540 3601 1617; baseline -0.004 -20"><span class='ocrx_word' id='word_1_269' title='bbox 2030 1545 2261 1609; x_wconf 82' lang='grc' dir='ltr'>πολλοὺς</span> <span class='ocrx_word' id='word_1_270' title='bbox 2291 1548 2359 1617; x_wconf 72' lang='grc' dir='ltr'>τῇ</span> <span class='ocrx_word' id='word_1_271' title='bbox 2399 1545 2671 1617; x_wconf 76' lang='grc' dir='ltr'>διαφωνία</span> <span class='ocrx_word' id='word_1_272' title='bbox 2698 1544 2797 1615; x_wconf 84' lang='grc' dir='ltr'>τῆς</span> <span class='ocrx_word' id='word_1_273' title='bbox 2836 1543 3000 1613; x_wconf 83' lang='grc' dir='ltr'>δόξης</span> <span class='ocrx_word' id='word_1_274' title='bbox 3043 1542 3470 1613; x_wconf 75' lang='grc' dir='ltr'>ἀποστραφῆναι</span> <span class='ocrx_word' id='word_1_275' title='bbox 3500 1540 3601 1610; x_wconf 82' lang='grc' dir='ltr'>τὴν</span> 
     </span>
    </p>
   </div>
   <div class='ocr_carea' id='block_1_44' title="bbox 2032 1631 3601 1704">
    <p class='ocr_par' dir='ltr' id='par_1_44' title="bbox 2032 1631 3601 1704">
     <span class='ocr_line' id='line_1_45' title="bbox 2032 1631 3601 1704; baseline -0.002 -19"><span class='ocrx_word' id='word_1_276' title='bbox 2032 1633 2216 1685; x_wconf 86' lang='grc' dir='ltr'>πίστιν</span> <span class='ocrx_word' id='word_1_277' title='bbox 2244 1647 2260 1663; x_wconf 77' lang='grc' dir='ltr'><strong>ο</strong></span> <span class='ocrx_word' id='word_1_278' title='bbox 2301 1633 2396 1689; x_wconf 76' lang='grc' dir='ltr'><strong><em>καὶ</em></strong></span> <span class='ocrx_word' id='word_1_279' title='bbox 2421 1635 2675 1704; x_wconf 81' lang='grc' dir='ltr'>γράφων,</span> <span class='ocrx_word' id='word_1_280' title='bbox 2711 1634 2772 1687; x_wconf 71' lang='grc' dir='ltr'><strong><em>ιν</em></strong></span> <span class='ocrx_word' id='word_1_281' title='bbox 2806 1632 3008 1694; x_wconf 82' lang='grc' dir='ltr'>αίτίαις</span> <span class='ocrx_word' id='word_1_282' title='bbox 3048 1631 3218 1687; x_wconf 72' lang='grc' dir='ltr'>ἐτίθει</span> <span class='ocrx_word' id='word_1_283' title='bbox 3243 1632 3343 1684; x_wconf 70' lang='grc' dir='ltr'>καὶ</span> <span class='ocrx_word' id='word_1_284' title='bbox 3383 1631 3601 1699; x_wconf 81' lang='grc' dir='ltr'>Ἀρειον</span> 
     </span>
    </p>
   </div>
   <div class='ocr_carea' id='block_1_45' title="bbox 2030 1717 3603 1794">
    <p class='ocr_par' dir='ltr' id='par_1_45' title="bbox 2030 1717 3603 1794">
     <span class='ocr_line' id='line_1_46' title="bbox 2030 1717 3603 1794; baseline -0.001 -18"><span class='ocrx_word' id='word_1_285' title='bbox 2030 1725 2127 1778; x_wconf 76' lang='grc' dir='ltr'>καὶ</span> <span class='ocrx_word' id='word_1_286' title='bbox 2177 1723 2552 1794; x_wconf 73' lang='grc' dir='ltr'>Ἀλέξανδρον,</span> <span class='ocrx_word' id='word_1_287' title='bbox 2596 1722 2874 1789; x_wconf 67' lang='grc' dir='ltr'>ἐγκαλῶν,</span> <span class='ocrx_word' id='word_1_288' title='bbox 2921 1717 3006 1785; x_wconf 75' lang='grc' dir='ltr'><strong><em>οἷς</em></strong></span> <span class='ocrx_word' id='word_1_289' title='bbox 3055 1721 3367 1793; x_wconf 73' lang='grc' dir='ltr'>δυναμένην</span> <span class='ocrx_word' id='word_1_290' title='bbox 3416 1721 3603 1775; x_wconf 85' lang='grc' dir='ltr'>λαθεῖν</span> 
     </span>
    </p>
   </div>
   <div class='ocr_carea' id='block_1_46' title="bbox 2030 1811 3605 1887">
    <p class='ocr_par' dir='ltr' id='par_1_46' title="bbox 2030 1811 3605 1887">
     <span class='ocr_line' id='line_1_47' title="bbox 2030 1811 3605 1887; baseline -0.003 -18"><span class='ocrx_word' id='word_1_291' title='bbox 2030 1816 2260 1887; x_wconf 82' lang='grc' dir='ltr'>ζήτησιν</span> <span class='ocrx_word' id='word_1_292' title='bbox 2297 1812 2436 1886; x_wconf 78' lang='grc' dir='ltr'>ἦγον</span> <span class='ocrx_word' id='word_1_293' title='bbox 2464 1817 2544 1878; x_wconf 80' lang='grc' dir='ltr'><strong><em>είς</em></strong></span> <span class='ocrx_word' id='word_1_294' title='bbox 2585 1815 2754 1885; x_wconf 75' lang='grc' dir='ltr'>μέσον</span> <span class='ocrx_word' id='word_1_295' title='bbox 2780 1830 2794 1844; x_wconf 89' lang='grc'><strong>·</strong></span> <span class='ocrx_word' id='word_1_296' title='bbox 2830 1814 2927 1869; x_wconf 77' lang='grc' dir='ltr'>καὶ</span> <span class='ocrx_word' id='word_1_297' title='bbox 2953 1816 3021 1884; x_wconf 78' lang='grc' dir='ltr'><strong><em>τῇ</em></strong></span> <span class='ocrx_word' id='word_1_298' title='bbox 3063 1815 3207 1883; x_wconf 81' lang='grc' dir='ltr'>ἀγαν</span> <span class='ocrx_word' id='word_1_299' title='bbox 3245 1811 3338 1866; x_wconf 82' lang='grc' dir='ltr'><strong><em>τοῦ</em></strong></span> <span class='ocrx_word' id='word_1_300' title='bbox 3368 1812 3605 1879; x_wconf 78' lang='grc' dir='ltr'>φιλονει-</span> 
     </span>
    </p>
   </div>
   <div class='ocr_carea' id='block_1_47' title="bbox 2033 1903 3603 1977">
    <p class='ocr_par' dir='ltr' id='par_1_47' title="bbox 2033 1903 3603 1977">
     <span class='ocr_line' id='line_1_48' title="bbox 2033 1903 3603 1977; baseline -0.003 -17"><span class='ocrx_word' id='word_1_301' title='bbox 2033 1908 2150 1961; x_wconf 82' lang='grc' dir='ltr'>κεῖν</span> <span class='ocrx_word' id='word_1_302' title='bbox 2178 1906 2522 1977; x_wconf 78' lang='grc' dir='ltr'>μετακλίσει,</span> <span class='ocrx_word' id='word_1_303' title='bbox 2553 1905 2826 1977; x_wconf 68' lang='grc' dir='ltr'>παράγειν</span> <span class='ocrx_word' id='word_1_304' title='bbox 2853 1904 2892 1961; x_wconf 74' lang='grc' dir='ltr'>ἃ</span> <span class='ocrx_word' id='word_1_305' title='bbox 2925 1907 3065 1975; x_wconf 79' lang='grc' dir='ltr'>μήτε</span> <span class='ocrx_word' id='word_1_306' title='bbox 3094 1905 3264 1958; x_wconf 77' lang='grc' dir='ltr'>κινεῖν</span> <span class='ocrx_word' id='word_1_307' title='bbox 3294 1903 3426 1968; x_wconf 73' lang='grc' dir='ltr'>ἔδει,</span> <span class='ocrx_word' id='word_1_308' title='bbox 3460 1903 3603 1973; x_wconf 78' lang='grc' dir='ltr'>μήτε</span> 
     </span>
    </p>
   </div>
   <div class='ocr_carea' id='block_1_48' title="bbox 2028 1995 3600 2070">
    <p class='ocr_par' dir='ltr' id='par_1_48' title="bbox 2028 1995 3600 2070">
     <span class='ocr_line' id='line_1_49' title="bbox 2028 1995 3600 2070; baseline -0.002 -19"><span class='ocrx_word' id='word_1_309' title='bbox 2028 1999 2130 2069; x_wconf 68' lang='grc' dir='ltr'>τὴν</span> <span class='ocrx_word' id='word_1_310' title='bbox 2165 1999 2344 2069; x_wconf 79' lang='grc' dir='ltr'>ἀρχὴν</span> <span class='ocrx_word' id='word_1_311' title='bbox 2372 1998 2734 2070; x_wconf 67' lang='grc' dir='ltr'>ἐνθυμεῖσθαι</span> <span class='ocrx_word' id='word_1_312' title='bbox 2756 2014 2772 2029; x_wconf 77' lang='grc' dir='ltr'><strong><em>ο</em></strong></span> <span class='ocrx_word' id='word_1_313' title='bbox 2814 2000 2913 2056; x_wconf 75' lang='grc' dir='ltr'>καὶ</span> <span class='ocrx_word' id='word_1_314' title='bbox 2951 1996 3376 2070; x_wconf 69' lang='grc' dir='ltr'>ἐνθυμηθέντας,</span> <span class='ocrx_word' id='word_1_315' title='bbox 3417 1995 3600 2065; x_wconf 76' lang='grc' dir='ltr'>σιωπῇ</span> 
     </span>
    </p>
   </div>
   <div class='ocr_carea' id='block_1_49' title="bbox 2027 2086 3601 2160">
    <p class='ocr_par' dir='ltr' id='par_1_49' title="bbox 2027 2086 3601 2160">
     <span class='ocr_line' id='line_1_50' title="bbox 2027 2086 3601 2160; baseline -0.002 -18"><span class='ocrx_word' id='word_1_316' title='bbox 2027 2086 2334 2158; x_wconf 79' lang='grc' dir='ltr'><strong><em>κρύπτειν⁸</em></strong></span> <span class='ocrx_word' id='word_1_317' title='bbox 2370 2090 2496 2160; x_wconf 84' lang='grc' dir='ltr'>μηδ’</span> <span class='ocrx_word' id='word_1_318' title='bbox 2545 2089 2719 2151; x_wconf 75' lang='grc' dir='ltr'>οὓτως</span> <span class='ocrx_word' id='word_1_319' title='bbox 2761 2088 3008 2160; x_wconf 76' lang='grc' dir='ltr'>ἀλλήλων</span> <span class='ocrx_word' id='word_1_320' title='bbox 3063 2086 3510 2155; x_wconf 78' lang='grc' dir='ltr'>ἀποδιίστασθαι,</span> <span class='ocrx_word' id='word_1_321' title='bbox 3550 2089 3601 2139; x_wconf 85' lang='grc' dir='ltr'><strong><em>εί</em></strong></span> 
     </span>
    </p>
   </div>
   <div class='ocr_carea' id='block_1_50' title="bbox 2027 2178 3602 2250">
    <p class='ocr_par' dir='ltr' id='par_1_50' title="bbox 2027 2178 3602 2250">
     <span class='ocr_line' id='line_1_51' title="bbox 2027 2178 3602 2250; baseline 0.001 -20"><span class='ocrx_word' id='word_1_322' title='bbox 2027 2180 2121 2231; x_wconf 79' lang='grc' dir='ltr'><strong><em>καὶ</em></strong></span> <span class='ocrx_word' id='word_1_323' title='bbox 2153 2180 2294 2241; x_wconf 82' lang='grc' dir='ltr'>τέως</span> <span class='ocrx_word' id='word_1_324' title='bbox 2321 2195 2389 2230; x_wconf 75' lang='grc' dir='ltr'><strong><em>πε</em></strong></span> <span class='ocrx_word' id='word_1_325' title='bbox 2400 2180 2453 2248; x_wconf 88' lang='grc' dir='ltr'><strong><em>ρί</em></strong></span> <span class='ocrx_word' id='word_1_326' title='bbox 2478 2196 2537 2233; x_wconf 83' lang='grc' dir='ltr'><strong><em>τε</em></strong></span> <span class='ocrx_word' id='word_1_327' title='bbox 2567 2179 2663 2233; x_wconf 84' lang='grc' dir='ltr'><strong><em>τοῦ</em></strong></span> <span class='ocrx_word' id='word_1_328' title='bbox 2692 2178 2965 2250; x_wconf 79' lang='grc' dir='ltr'>δόγματος</span> <span class='ocrx_word' id='word_1_329' title='bbox 2989 2179 3364 2249; x_wconf 67' lang='grc' dir='ltr'>διαφέρονται.</span> <span class='ocrx_word' id='word_1_330' title='bbox 3388 2179 3434 2232; x_wconf 84' lang='grc' dir='ltr'>Τ</span> <span class='ocrx_word' id='word_1_331' title='bbox 3435 2178 3463 2232; x_wconf 84' lang='grc' dir='ltr'><strong><em>δ</em></strong></span> <span class='ocrx_word' id='word_1_332' title='bbox 3491 2179 3602 2249; x_wconf 81' lang='grc' dir='ltr'><strong><em>γάρ</em></strong></span> 
     </span>
    </p>
   </div>
   <div class='ocr_carea' id='block_1_51' title="bbox 2026 2267 3605 2342">
    <p class='ocr_par' dir='ltr' id='par_1_51' title="bbox 2026 2267 3605 2342">
     <span class='ocr_line' id='line_1_52' title="bbox 2026 2267 3605 2342; baseline 0.001 -20"><span class='ocrx_word' id='word_1_333' title='bbox 2026 2272 2327 2338; x_wconf 83' lang='grc' dir='ltr'>ἀναγκαῖον</span> <span class='ocrx_word' id='word_1_334' title='bbox 2365 2271 2424 2324; x_wconf 75' lang='grc' dir='ltr'>ἓν</span> <span class='ocrx_word' id='word_1_335' title='bbox 2457 2267 2622 2337; x_wconf 79' lang='grc' dir='ltr'>εἷναι,</span> <span class='ocrx_word' id='word_1_336' title='bbox 2655 2273 2791 2342; x_wconf 75' lang='grc' dir='ltr'>περὶ</span> <span class='ocrx_word' id='word_1_337' title='bbox 2830 2272 2932 2341; x_wconf 82' lang='grc' dir='ltr'>τῆς</span> <span class='ocrx_word' id='word_1_338' title='bbox 2977 2271 3130 2335; x_wconf 79' lang='grc' dir='ltr'>θείας</span> <span class='ocrx_word' id='word_1_339' title='bbox 3167 2271 3430 2341; x_wconf 86' lang='grc' dir='ltr'>προνοίας</span> <span class='ocrx_word' id='word_1_340' title='bbox 3464 2288 3605 2340; x_wconf 83' lang='grc' dir='ltr'>συμ-</span> 
     </span>
    </p>
   </div>
   <div class='ocr_carea' id='block_1_52' title="bbox 2027 2362 3603 2434">
    <p class='ocr_par' dir='ltr' id='par_1_52' title="bbox 2027 2362 3603 2434">
     <span class='ocr_line' id='line_1_53' title="bbox 2027 2362 3603 2434; baseline 0.002 -19"><span class='ocrx_word' id='word_1_341' title='bbox 2027 2363 2229 2430; x_wconf 80' lang='grc' dir='ltr'>φωνεῖν</span> <span class='ocrx_word' id='word_1_342' title='bbox 2262 2362 2495 2428; x_wconf 83' lang='grc' dir='ltr'>πάντας,</span> <span class='ocrx_word' id='word_1_343' title='bbox 2526 2364 2623 2417; x_wconf 74' lang='grc' dir='ltr'>καὶ</span> <span class='ocrx_word' id='word_1_344' title='bbox 2655 2364 2756 2434; x_wconf 75' lang='grc' dir='ltr'>τὴν</span> <span class='ocrx_word' id='word_1_345' title='bbox 2791 2363 2964 2432; x_wconf 74' lang='grc' dir='ltr'>αὐτὴν</span> <span class='ocrx_word' id='word_1_346' title='bbox 2996 2366 3188 2433; x_wconf 77' lang='grc' dir='ltr'>τηρεῖν</span> <span class='ocrx_word' id='word_1_347' title='bbox 3217 2365 3428 2418; x_wconf 86' lang='grc' dir='ltr'>πίστιν.</span> <span class='ocrx_word' id='word_1_348' title='bbox 3454 2364 3528 2418; x_wconf 81' lang='grc' dir='ltr'>Τδ</span> <span class='ocrx_word' id='word_1_349' title='bbox 3557 2363 3603 2417; x_wconf 81' lang='grc' dir='ltr'>δ’</span> 
     </span>
    </p>
   </div>
   <div class='ocr_carea' id='block_1_53' title="bbox 2026 2446 3604 2526">
    <p class='ocr_par' dir='ltr' id='par_1_53' title="bbox 2026 2446 3604 2526">
     <span class='ocr_line' id='line_1_54' title="bbox 2026 2446 3604 2526; baseline 0.002 -20"><span class='ocrx_word' id='word_1_350' title='bbox 2026 2452 2408 2523; x_wconf 80' lang='grc' dir='ltr'>ἀκριϐολογεῖν</span> <span class='ocrx_word' id='word_1_351' title='bbox 2442 2453 2573 2525; x_wconf 78' lang='grc' dir='ltr'>περὶ</span> <span class='ocrx_word' id='word_1_352' title='bbox 2620 2446 2729 2509; x_wconf 82' lang='grc' dir='ltr'><strong><em>τῶν</em></strong></span> <span class='ocrx_word' id='word_1_353' title='bbox 2779 2455 3040 2508; x_wconf 81' lang='grc' dir='ltr'>τοιούτων</span> <span class='ocrx_word' id='word_1_354' title='bbox 3070 2456 3130 2509; x_wconf 76' lang='grc' dir='ltr'>ἑν</span> <span class='ocrx_word' id='word_1_355' title='bbox 3182 2454 3423 2526; x_wconf 75' lang='grc' dir='ltr'><strong><em>δευτέρῳ</em></strong></span> <span class='ocrx_word' id='word_1_356' title='bbox 3449 2455 3604 2509; x_wconf 87' lang='grc' dir='ltr'>τίθε-</span> 
     </span>
    </p>
   </div>
   <div class='ocr_carea' id='block_1_54' title="bbox 2028 2544 3602 2618">
    <p class='ocr_par' dir='ltr' id='par_1_54' title="bbox 2028 2544 3602 2618">
     <span class='ocr_line' id='line_1_55' title="bbox 2028 2544 3602 2618; baseline 0.001 -19"><span class='ocrx_word' id='word_1_357' title='bbox 2028 2544 2177 2601; x_wconf 87' lang='grc' dir='ltr'>σθαι.</span> <span class='ocrx_word' id='word_1_358' title='bbox 2234 2546 2296 2600; x_wconf 79' lang='lat' dir='ltr'><strong><em>Et</em></strong></span> <span class='ocrx_word' id='word_1_359' title='bbox 2328 2546 2387 2601; x_wconf 85' lang='grc' dir='ltr'>δὲ</span> <span class='ocrx_word' id='word_1_360' title='bbox 2443 2549 2540 2600; x_wconf 69' lang='grc' dir='ltr'><strong><em>καὶ</em></strong></span> <span class='ocrx_word' id='word_1_361' title='bbox 2591 2547 2892 2617; x_wconf 76' lang='grc' dir='ltr'>ἀμφίϐολοι</span> <span class='ocrx_word' id='word_1_362' title='bbox 2950 2547 3194 2617; x_wconf 73' lang='grc' dir='ltr'>γίνοιντο</span> <span class='ocrx_word' id='word_1_363' title='bbox 3236 2548 3482 2618; x_wconf 74' lang='grc' dir='ltr'>γνῶμαι,</span> <span class='ocrx_word' id='word_1_364' title='bbox 3541 2550 3602 2601; x_wconf 78' lang='grc' dir='ltr'>ὲν</span> 
     </span>
    </p>
   </div>
   <div class='ocr_carea' id='block_1_55' title="bbox 2025 2637 3603 2711">
    <p class='ocr_par' dir='ltr' id='par_1_55' title="bbox 2025 2637 3603 2711">
     <span class='ocr_line' id='line_1_56' title="bbox 2025 2637 3603 2711; baseline 0.001 -19"><span class='ocrx_word' id='word_1_365' title='bbox 2025 2639 2325 2710; x_wconf 72' lang='grc' dir='ltr'>ἀπορρήτῳ</span> <span class='ocrx_word' id='word_1_366' title='bbox 2363 2640 2465 2708; x_wconf 80' lang='grc' dir='ltr'>τῆς</span> <span class='ocrx_word' id='word_1_367' title='bbox 2493 2637 2739 2700; x_wconf 77' lang='grc' dir='ltr'>διανοίας</span> <span class='ocrx_word' id='word_1_368' title='bbox 2790 2639 3182 2711; x_wconf 75' lang='grc' dir='ltr'>ἐπηλυγάζειν.</span> <span class='ocrx_word' id='word_1_369' title='bbox 3240 2640 3342 2692; x_wconf 90' lang='grc' dir='ltr'>Διά</span> <span class='ocrx_word' id='word_1_370' title='bbox 3384 2655 3469 2692; x_wconf 89' lang='grc' dir='ltr'><strong><em>τοι</em></strong></span> <span class='ocrx_word' id='word_1_371' title='bbox 3506 2641 3603 2694; x_wconf 77' lang='grc' dir='ltr'><strong><em>καὶ</em></strong></span> 
     </span>
    </p>
   </div>
   <div class='ocr_carea' id='block_1_56' title="bbox 2023 2731 3597 2805">
    <p class='ocr_par' dir='ltr' id='par_1_56' title="bbox 2023 2731 3597 2805">
     <span class='ocr_line' id='line_1_57' title="bbox 2023 2731 3597 2805; baseline 0 -20"><span class='ocrx_word' id='word_1_372' title='bbox 2023 2733 2123 2802; x_wconf 82' lang='grc' dir='ltr'>τῆς</span> <span class='ocrx_word' id='word_1_373' title='bbox 2152 2731 2283 2803; x_wconf 75' lang='grc' dir='ltr'>περὶ</span> <span class='ocrx_word' id='word_1_374' title='bbox 2334 2733 2406 2785; x_wconf 70' lang='grc' dir='ltr'><strong><em>τά</em></strong></span> <span class='ocrx_word' id='word_1_375' title='bbox 2436 2731 2670 2786; x_wconf 79' lang='grc' dir='ltr'>τοιαῦτα</span> <span class='ocrx_word' id='word_1_376' title='bbox 2705 2732 2906 2803; x_wconf 79' lang='grc' dir='ltr'>λέσχης</span> <span class='ocrx_word' id='word_1_377' title='bbox 2936 2734 3014 2796; x_wconf 82' lang='grc' dir='ltr'>ὡς</span> <span class='ocrx_word' id='word_1_378' title='bbox 3065 2733 3405 2805; x_wconf 69' lang='grc' dir='ltr'>πορρωτέρω</span> <span class='ocrx_word' id='word_1_379' title='bbox 3442 2748 3597 2800; x_wconf 87' lang='grc' dir='ltr'>γενο-</span> 
     </span>
    </p>
   </div>
   <div class='ocr_carea' id='block_1_57' title="bbox 2029 2824 3600 2896">
    <p class='ocr_par' dir='ltr' id='par_1_57' title="bbox 2029 2824 3600 2896">
     <span class='ocr_line' id='line_1_58' title="bbox 2029 2824 3600 2896; baseline 0.002 -20"><span class='ocrx_word' id='word_1_380' title='bbox 2029 2825 2248 2894; x_wconf 81' lang='grc' dir='ltr'>μένους,</span> <span class='ocrx_word' id='word_1_381' title='bbox 2271 2824 2342 2877; x_wconf 84' lang='grc' dir='ltr'><strong><em>τὰ</em></strong></span> <span class='ocrx_word' id='word_1_382' title='bbox 2377 2825 2468 2879; x_wconf 79' lang='grc' dir='ltr'><strong><em>ίσα</em></strong></span> <span class='ocrx_word' id='word_1_383' title='bbox 2498 2827 2720 2895; x_wconf 83' lang='grc' dir='ltr'>φρονεῖν</span> <span class='ocrx_word' id='word_1_384' title='bbox 2743 2826 2996 2880; x_wconf 77' lang='grc' dir='ltr'>ὑπετίθει</span> <span class='ocrx_word' id='word_1_385' title='bbox 3017 2842 3031 2857; x_wconf 73' lang='grc' dir='ltr'><strong><em>ο</em></strong></span> <span class='ocrx_word' id='word_1_386' title='bbox 3063 2826 3327 2896; x_wconf 75' lang='grc' dir='ltr'>ἄχθεσθαι</span> <span class='ocrx_word' id='word_1_387' title='bbox 3353 2825 3463 2896; x_wconf 76' lang='grc' dir='ltr'><strong><em>γάρ</em></strong></span> <span class='ocrx_word' id='word_1_388' title='bbox 3487 2827 3600 2890; x_wconf 82' lang='grc' dir='ltr'>τοῖς</span> 
     </span>
    </p>
   </div>
   <div class='ocr_carea' id='block_1_58' title="bbox 2024 2916 3605 2990">
    <p class='ocr_par' dir='ltr' id='par_1_58' title="bbox 2024 2916 3605 2990">
     <span class='ocr_line' id='line_1_59' title="bbox 2024 2916 3605 2990; baseline -0.001 -19"><span class='ocrx_word' id='word_1_389' title='bbox 2024 2916 2293 2980; x_wconf 80' lang='grc' dir='ltr'>τοιούτοις</span> <span class='ocrx_word' id='word_1_390' title='bbox 2325 2916 2402 2981; x_wconf 79' lang='grc' dir='ltr'>ὡς</span> <span class='ocrx_word' id='word_1_391' title='bbox 2449 2916 2701 2972; x_wconf 84' lang='grc' dir='ltr'>πλεῖστον</span> <span class='ocrx_word' id='word_1_392' title='bbox 2724 2934 2739 2949; x_wconf 77' lang='grc' dir='ltr'><strong>ο</strong></span> <span class='ocrx_word' id='word_1_393' title='bbox 2770 2919 2867 2972; x_wconf 87' lang='grc' dir='ltr'><strong><em>καί</em></strong></span> <span class='ocrx_word' id='word_1_394' title='bbox 2896 2935 2963 2988; x_wconf 84' lang='grc' dir='ltr'><strong><em>γε</em></strong></span> <span class='ocrx_word' id='word_1_395' title='bbox 2998 2917 3280 2990; x_wconf 80' lang='grc' dir='ltr'>προύργου</span> <span class='ocrx_word' id='word_1_396' title='bbox 3317 2917 3605 2989; x_wconf 81' lang='grc' dir='ltr'>τιθέμενον</span> 
     </span>
    </p>
   </div>
   <div class='ocr_carea' id='block_1_59' title="bbox 2027 3009 3605 3081">
    <p class='ocr_par' dir='ltr' id='par_1_59' title="bbox 2027 3009 3605 3081">
     <span class='ocr_line' id='line_1_60' title="bbox 2027 3009 3605 3081; baseline -0.001 -16"><span class='ocrx_word' id='word_1_397' title='bbox 2027 3011 2121 3065; x_wconf 80' lang='grc' dir='ltr'><strong><em>καὶ</em></strong></span> <span class='ocrx_word' id='word_1_398' title='bbox 2154 3010 2255 3073; x_wconf 73' lang='grc' dir='ltr'><strong><em>τὰς</em></strong></span> <span class='ocrx_word' id='word_1_399' title='bbox 2278 3011 2425 3065; x_wconf 78' lang='grc' dir='ltr'>κατὰ</span> <span class='ocrx_word' id='word_1_400' title='bbox 2458 3012 2561 3081; x_wconf 74' lang='grc' dir='ltr'>τὴν</span> <span class='ocrx_word' id='word_1_401' title='bbox 2590 3011 2668 3064; x_wconf 72' lang='grc' dir='ltr'>ἕω</span> <span class='ocrx_word' id='word_1_402' title='bbox 2695 3011 2886 3075; x_wconf 86' lang='grc' dir='ltr'>πόλεις</span> <span class='ocrx_word' id='word_1_403' title='bbox 2920 3011 3055 3065; x_wconf 86' lang='grc' dir='ltr'>ίδεῖν</span> <span class='ocrx_word' id='word_1_404' title='bbox 3084 3011 3183 3065; x_wconf 70' lang='grc' dir='ltr'>καὶ</span> <span class='ocrx_word' id='word_1_405' title='bbox 3233 3011 3413 3081; x_wconf 76' lang='grc' dir='ltr'>αὐτὴν</span> <span class='ocrx_word' id='word_1_406' title='bbox 3455 3009 3605 3065; x_wconf 79' lang='grc' dir='ltr'>Ἀλε-</span> 
     </span>
    </p>
   </div>
   <div class='ocr_carea' id='block_1_60' title="bbox 2029 3101 3602 3175">
    <p class='ocr_par' dir='ltr' id='par_1_60' title="bbox 2029 3101 3602 3175">
     <span class='ocr_line' id='line_1_61' title="bbox 2029 3101 3602 3175; baseline 0.001 -20"><span class='ocrx_word' id='word_1_407' title='bbox 2029 3101 2312 3172; x_wconf 83' lang='grc' dir='ltr'>ξάνδρειαν</span> <span class='ocrx_word' id='word_1_408' title='bbox 2365 3104 2469 3174; x_wconf 77' lang='grc' dir='ltr'>τὴν</span> <span class='ocrx_word' id='word_1_409' title='bbox 2521 3103 2786 3175; x_wconf 90' lang='grc' dir='ltr'>τοιαύτην</span> <span class='ocrx_word' id='word_1_410' title='bbox 2841 3102 2957 3173; x_wconf 74' lang='grc' dir='ltr'>ἔριν</span> <span class='ocrx_word' id='word_1_411' title='bbox 3003 3102 3376 3157; x_wconf 81' lang='grc' dir='ltr'>καθίστασθαι</span> <span class='ocrx_word' id='word_1_412' title='bbox 3426 3105 3602 3171; x_wconf 69' lang='grc' dir='ltr'>ἔμπο-</span> 
     </span>
    </p>
   </div>
   <div class='ocr_carea' id='block_1_61' title="bbox 352 3182 2161 3267">
    <p class='ocr_par' dir='ltr' id='par_1_61' title="bbox 352 3182 2161 3267">
     <span class='ocr_line' id='line_1_62' title="bbox 352 3182 2161 3267; baseline 0.001 -20"><span class='ocrx_word' id='word_1_413' title='bbox 352 3201 439 3247; x_wconf 86' lang='lat' dir='ltr'><strong><em>est</em></strong></span> <span class='ocrx_word' id='word_1_414' title='bbox 468 3193 824 3250; x_wconf 85' lang='lat' dir='ltr'><strong><em>cohortatus:</em></strong></span> <span class='ocrx_word' id='word_1_415' title='bbox 856 3211 999 3267; x_wconf 67' lang='lat' dir='ltr'><strong><em>aegre</em></strong></span> <span class='ocrx_word' id='word_1_416' title='bbox 1029 3195 1133 3251; x_wconf 89' lang='lat' dir='ltr'><strong><em>sibi</em></strong></span> <span class='ocrx_word' id='word_1_417' title='bbox 1160 3211 1284 3250; x_wconf 83' lang='lat' dir='ltr'><strong><em>esse</em></strong></span> <span class='ocrx_word' id='word_1_418' title='bbox 1307 3211 1470 3265; x_wconf 88' lang='lat' dir='ltr'><strong><em>quam</em></strong></span> <span class='ocrx_word' id='word_1_419' title='bbox 1499 3197 1732 3251; x_wconf 85' lang='lat' dir='ltr'><strong><em>maxime</em></strong></span> <span class='ocrx_word' id='word_1_420' title='bbox 1763 3205 1929 3252; x_wconf 87' lang='lat' dir='ltr'><strong><em>testa-</em></strong></span> <span class='ocrx_word' id='word_1_421' title='bbox 1953 3182 2000 3245; x_wconf 82' lang='lat' dir='ltr'><strong><em>C</em></strong></span> <span class='ocrx_word' id='word_1_422' title='bbox 2030 3195 2161 3249; x_wconf 79' lang='grc' dir='ltr'>δῶν.</span> 
     </span>
    </p>
   </div>
   <div class='ocr_carea' id='block_1_62' title="bbox 356 3285 3605 3363">
    <p class='ocr_par' dir='ltr' id='par_1_62' title="bbox 356 3285 3605 3363">
     <span class='ocr_line' id='line_1_63' title="bbox 356 3285 3605 3363; baseline 0.001 -26"><span class='ocrx_word' id='word_1_423' title='bbox 356 3296 475 3347; x_wconf 85' lang='lat' dir='ltr'><strong><em>tus,</em></strong></span> <span class='ocrx_word' id='word_1_424' title='bbox 515 3285 768 3342; x_wconf 84' lang='lat' dir='ltr'><strong><em>homines</em></strong></span> <span class='ocrx_word' id='word_1_425' title='bbox 810 3288 947 3343; x_wconf 89' lang='lat' dir='ltr'><strong><em>tales</em></strong></span> <span class='ocrx_word' id='word_1_426' title='bbox 991 3300 1047 3345; x_wconf 91' lang='lat' dir='ltr'><strong><em>et</em></strong></span> <span class='ocrx_word' id='word_1_427' title='bbox 1096 3289 1262 3343; x_wconf 85' lang='lat' dir='ltr'><strong><em>urbes</em></strong></span> <span class='ocrx_word' id='word_1_428' title='bbox 1290 3288 1634 3355; x_wconf 85' lang='lat' dir='ltr'><strong><em>Orientales,</em></strong></span> <span class='ocrx_word' id='word_1_429' title='bbox 1707 3291 1962 3360; x_wconf 83' lang='lat' dir='ltr'><strong><em>quamvis</em></strong></span> <span class='ocrx_word' id='word_1_430' title='bbox 2001 3306 2102 3347; x_wconf 87' lang='lat' dir='ltr'><strong><em>usu</em></strong></span> <span class='ocrx_word' id='word_1_431' title='bbox 2146 3292 2368 3362; x_wconf 89' lang='lat' dir='ltr'><strong><em>publico</em></strong></span> <span class='ocrx_word' id='word_1_432' title='bbox 2406 3291 2461 3347; x_wconf 93' lang='lat' dir='ltr'><strong><em>id</em></strong></span> <span class='ocrx_word' id='word_1_433' title='bbox 2491 3290 2803 3362; x_wconf 76' lang='lat' dir='ltr'><strong><em>flagitante,</em></strong></span> <span class='ocrx_word' id='word_1_434' title='bbox 2872 3291 3159 3363; x_wconf 84' lang='lat' dir='ltr'><strong><em>ipsamque</em></strong></span> <span class='ocrx_word' id='word_1_435' title='bbox 3200 3289 3341 3344; x_wconf 86' lang='lat' dir='ltr'><strong><em>adeo</em></strong></span> <span class='ocrx_word' id='word_1_436' title='bbox 3367 3288 3605 3343; x_wconf 82' lang='lat' dir='ltr'><strong><em>Alexan-</em></strong></span> 
     </span>
    </p>
   </div>
   <div class='ocr_carea' id='block_1_63' title="bbox 352 3379 2174 3453">
    <p class='ocr_par' dir='ltr' id='par_1_63' title="bbox 352 3379 2174 3453">
     <span class='ocr_line' id='line_1_64' title="bbox 352 3379 2174 3453; baseline 0.003 -20"><span class='ocrx_word' id='word_1_437' title='bbox 352 3379 559 3442; x_wconf 78' lang='lat' dir='ltr'><strong><em>driam;</em></strong></span> <span class='ocrx_word' id='word_1_438' title='bbox 582 3386 735 3435; x_wconf 88' lang='lat' dir='ltr'><strong><em>tanto</em></strong></span> <span class='ocrx_word' id='word_1_439' title='bbox 755 3380 859 3435; x_wconf 85' lang='lat' dir='ltr'><strong><em>sibi</em></strong></span> <span class='ocrx_word' id='word_1_440' title='bbox 886 3383 1007 3450; x_wconf 85' lang='lat' dir='ltr'><strong><em>ejus</em></strong></span> <span class='ocrx_word' id='word_1_441' title='bbox 1029 3382 1243 3437; x_wconf 82' lang='lat' dir='ltr'><strong><em>dissidii</em></strong></span> <span class='ocrx_word' id='word_1_442' title='bbox 1266 3381 1663 3452; x_wconf 89' lang='lat' dir='ltr'><strong><em>impedimento</em></strong></span> <span class='ocrx_word' id='word_1_443' title='bbox 1678 3381 1924 3453; x_wconf 89' lang='lat' dir='ltr'><strong><em>objecto,</em></strong></span> <span class='ocrx_word' id='word_1_444' title='bbox 1967 3384 2174 3440; x_wconf 88' lang='lat' dir='ltr'><strong><em>visere.</em></strong></span> 
     </span>
    </p>
   </div>
   <div class='ocr_carea' id='block_1_64' title="bbox 426 3473 1924 3548">
    <p class='ocr_par' dir='ltr' id='par_1_64' title="bbox 426 3473 1924 3548">
     <span class='ocr_line' id='line_1_65' title="bbox 426 3473 1924 3548; baseline 0.003 -20"><span class='ocrx_word' id='word_1_445' title='bbox 426 3473 577 3531; x_wconf 89' lang='lat' dir='ltr'><strong><em>Talia</em></strong></span> <span class='ocrx_word' id='word_1_446' title='bbox 616 3475 866 3548; x_wconf 66' lang='lat' dir='ltr'><strong><em>quaedam</em></strong></span> <span class='ocrx_word' id='word_1_447' title='bbox 910 3476 1289 3548; x_wconf 74' lang='lat' dir='ltr'><strong><em>objurgatione</em></strong></span> <span class='ocrx_word' id='word_1_448' title='bbox 1323 3484 1380 3531; x_wconf 88' lang='lat' dir='ltr'><strong><em>et</em></strong></span> <span class='ocrx_word' id='word_1_449' title='bbox 1420 3475 1680 3532; x_wconf 88' lang='lat' dir='ltr'><strong><em>suasione</em></strong></span> <span class='ocrx_word' id='word_1_450' title='bbox 1715 3486 1924 3546; x_wconf 89' lang='lat' dir='ltr'><strong><em>tempe-</em></strong></span> 
     </span>
    </p>
   </div>
   <div class='ocr_carea' id='block_1_65' title="bbox 357 3552 1924 3639">
    <p class='ocr_par' dir='ltr' id='par_1_65' title="bbox 357 3552 1924 3639">
     <span class='ocr_line' id='line_1_66' title="bbox 357 3552 1924 3639; baseline 0.001 -18"><span class='ocrx_word' id='word_1_451' title='bbox 357 3577 494 3633; x_wconf 88' lang='lat' dir='ltr'><strong><em>rata,</em></strong></span> <span class='ocrx_word' id='word_1_452' title='bbox 543 3569 858 3624; x_wconf 81' lang='lat' dir='ltr'><strong><em>Alexandro</em></strong></span> <span class='ocrx_word' id='word_1_453' title='bbox 906 3578 961 3625; x_wconf 89' lang='lat' dir='ltr'><strong><em>et</em></strong></span> <span class='ocrx_word' id='word_1_454' title='bbox 1016 3552 1148 3623; x_wconf 83' lang='lat' dir='ltr'><strong><em>Ario</em></strong></span> <span class='ocrx_word' id='word_1_455' title='bbox 1203 3568 1646 3639; x_wconf 68' lang='lat' dir='ltr'><strong><em>sapientissimus</em></strong></span> <span class='ocrx_word' id='word_1_456' title='bbox 1697 3568 1924 3639; x_wconf 85' lang='lat' dir='ltr'><strong><em>scripsit</em></strong></span> 
     </span>
    </p>
   </div>
   <div class='ocr_carea' id='block_1_66' title="bbox 354 3660 1923 3732">
    <p class='ocr_par' dir='ltr' id='par_1_66' title="bbox 354 3660 1923 3732">
     <span class='ocr_line' id='line_1_67' title="bbox 354 3660 1923 3732; baseline -0.001 -15"><span class='ocrx_word' id='word_1_457' title='bbox 354 3662 675 3732; x_wconf 78' lang='lat' dir='ltr'><strong><em>imperator.</em></strong></span> <span class='ocrx_word' id='word_1_458' title='bbox 724 3662 977 3718; x_wconf 88' lang='lat' dir='ltr'><strong><em>Graviter</em></strong></span> <span class='ocrx_word' id='word_1_459' title='bbox 1016 3663 1181 3717; x_wconf 89' lang='lat' dir='ltr'><strong><em>etiam</em></strong></span> <span class='ocrx_word' id='word_1_460' title='bbox 1230 3660 1524 3715; x_wconf 83' lang='lat' dir='ltr'><strong><em>admodum</em></strong></span> <span class='ocrx_word' id='word_1_461' title='bbox 1573 3660 1728 3727; x_wconf 90' lang='lat' dir='ltr'><strong><em>tulit,</em></strong></span> <span class='ocrx_word' id='word_1_462' title='bbox 1777 3662 1923 3730; x_wconf 86' lang='lat' dir='ltr'><strong><em>quod</em></strong></span> 
     </span>
    </p>
   </div>
   <div class='ocr_carea' id='block_1_67' title="bbox 357 3753 1924 3824">
    <p class='ocr_par' dir='ltr' id='par_1_67' title="bbox 357 3753 1924 3824">
     <span class='ocr_line' id='line_1_68' title="bbox 357 3753 1924 3824; baseline 0.001 -19"><span class='ocrx_word' id='word_1_463' title='bbox 357 3754 627 3820; x_wconf 87' lang='lat' dir='ltr'><strong><em>audisset,</em></strong></span> <span class='ocrx_word' id='word_1_464' title='bbox 659 3754 925 3824; x_wconf 89' lang='lat' dir='ltr'><strong><em>quosdam</em></strong></span> <span class='ocrx_word' id='word_1_465' title='bbox 959 3755 1013 3809; x_wconf 90' lang='lat' dir='ltr'><strong><em>in</em></strong></span> <span class='ocrx_word' id='word_1_466' title='bbox 1045 3753 1270 3810; x_wconf 89' lang='lat' dir='ltr'><strong><em>Oriente</em></strong></span> <span class='ocrx_word' id='word_1_467' title='bbox 1300 3753 1499 3809; x_wconf 87' lang='lat' dir='ltr'><strong><em>festum</em></strong></span> <span class='ocrx_word' id='word_1_468' title='bbox 1532 3753 1754 3808; x_wconf 80' lang='lat' dir='ltr'><strong><em>Pascbze</em></strong></span> <span class='ocrx_word' id='word_1_469' title='bbox 1778 3753 1924 3808; x_wconf 90' lang='lat' dir='ltr'><strong><em>diem</em></strong></span> 
     </span>
    </p>
   </div>
   <div class='ocr_carea' id='block_1_68' title="bbox 356 3845 1923 3918">
    <p class='ocr_par' dir='ltr' id='par_1_68' title="bbox 356 3845 1923 3918">
     <span class='ocr_line' id='line_1_69' title="bbox 356 3845 1923 3918; baseline -0.002 -14"><span class='ocrx_word' id='word_1_470' title='bbox 356 3864 467 3904; x_wconf 86' lang='lat' dir='ltr'><strong><em>non</em></strong></span> <span class='ocrx_word' id='word_1_471' title='bbox 504 3848 698 3904; x_wconf 91' lang='lat' dir='ltr'><strong><em>eodem</em></strong></span> <span class='ocrx_word' id='word_1_472' title='bbox 740 3857 985 3918; x_wconf 80' lang='lat' dir='ltr'><strong><em>tempore</em></strong></span> <span class='ocrx_word' id='word_1_473' title='bbox 1017 3863 1127 3918; x_wconf 91' lang='lat' dir='ltr'><strong><em>quo</em></strong></span> <span class='ocrx_word' id='word_1_474' title='bbox 1157 3847 1399 3917; x_wconf 88' lang='lat' dir='ltr'><strong><em>reliquos</em></strong></span> <span class='ocrx_word' id='word_1_475' title='bbox 1430 3862 1624 3902; x_wconf 87' lang='lat' dir='ltr'><strong><em>omnes</em></strong></span> <span class='ocrx_word' id='word_1_476' title='bbox 1651 3845 1923 3902; x_wconf 83' lang='lat' dir='ltr'><strong><em>Christia-</em></strong></span> 
     </span>
    </p>
   </div>
   <div class='ocr_carea' id='block_1_69' title="bbox 360 3936 1923 4010">
    <p class='ocr_par' dir='ltr' id='par_1_69' title="bbox 360 3936 1923 4010">
     <span class='ocr_line' id='line_1_70' title="bbox 360 3936 1923 4010; baseline -0.003 -16"><span class='ocrx_word' id='word_1_477' title='bbox 360 3957 493 4006; x_wconf 89' lang='lat' dir='ltr'><strong><em>nos,</em></strong></span> <span class='ocrx_word' id='word_1_478' title='bbox 540 3942 868 3996; x_wconf 88' lang='lat' dir='ltr'><strong><em>celebrare:</em></strong></span> <span class='ocrx_word' id='word_1_479' title='bbox 907 3954 1114 4010; x_wconf 91' lang='lat' dir='ltr'><strong><em>eosque</em></strong></span> <span class='ocrx_word' id='word_1_480' title='bbox 1162 3954 1286 3993; x_wconf 91' lang='lat' dir='ltr'><strong><em>cum</em></strong></span> <span class='ocrx_word' id='word_1_481' title='bbox 1334 3937 1609 4010; x_wconf 80' lang='lat' dir='ltr'><strong><em>singulare</em></strong></span> <span class='ocrx_word' id='word_1_482' title='bbox 1661 3936 1923 4007; x_wconf 84' lang='lat' dir='ltr'><strong><em>quiddam</em></strong></span> 
     </span>
    </p>
   </div>
   <div class='ocr_carea' id='block_1_70' title="bbox 358 4029 1927 4102">
    <p class='ocr_par' dir='ltr' id='par_1_70' title="bbox 358 4029 1927 4102">
     <span class='ocr_line' id='line_1_71' title="bbox 358 4029 1927 4102; baseline -0.003 -16"><span class='ocrx_word' id='word_1_483' title='bbox 358 4035 465 4088; x_wconf 83' lang='lat' dir='ltr'><strong><em>sibi</em></strong></span> <span class='ocrx_word' id='word_1_484' title='bbox 514 4049 817 4102; x_wconf 87' lang='lat' dir='ltr'><strong><em>usurpare,</em></strong></span> <span class='ocrx_word' id='word_1_485' title='bbox 865 4042 1028 4102; x_wconf 85' lang='lat' dir='ltr'><strong><em>atque</em></strong></span> <span class='ocrx_word' id='word_1_486' title='bbox 1058 4048 1088 4086; x_wconf 89' lang='lat' dir='ltr'><strong><em>a</em></strong></span> <span class='ocrx_word' id='word_1_487' title='bbox 1120 4031 1398 4087; x_wconf 88' lang='lat' dir='ltr'><strong><em>destinato</em></strong></span> <span class='ocrx_word' id='word_1_488' title='bbox 1431 4041 1668 4100; x_wconf 64' lang='lat' dir='ltr'><strong><em>receptae</em></strong></span> <span class='ocrx_word' id='word_1_489' title='bbox 1698 4030 1769 4084; x_wconf 91' lang='lat' dir='ltr'><strong><em>ab</em></strong></span> <span class='ocrx_word' id='word_1_490' title='bbox 1803 4029 1927 4082; x_wconf 85' lang='lat' dir='ltr'><strong><em>aliis</em></strong></span> 
     </span>
    </p>
   </div>
   <div class='ocr_carea' id='block_1_71' title="bbox 358 4123 1928 4185">
    <p class='ocr_par' dir='ltr' id='par_1_71' title="bbox 358 4123 1928 4185">
     <span class='ocr_line' id='line_1_72' title="bbox 358 4123 1928 4185; baseline -0.003 -6"><span class='ocrx_word' id='word_1_491' title='bbox 358 4123 778 4180; x_wconf 82' lang='lat' dir='ltr'><strong><em>consuetudinis</em></strong></span> <span class='ocrx_word' id='word_1_492' title='bbox 827 4124 1079 4178; x_wconf 88' lang='lat' dir='ltr'><strong><em>instituto</em></strong></span> <span class='ocrx_word' id='word_1_493' title='bbox 1125 4123 1423 4185; x_wconf 88' lang='lat' dir='ltr'><strong><em>recedere,</em></strong></span> <span class='ocrx_word' id='word_1_494' title='bbox 1470 4132 1583 4176; x_wconf 89' lang='lat' dir='ltr'><strong><em>tum</em></strong></span> <span class='ocrx_word' id='word_1_495' title='bbox 1630 4123 1795 4177; x_wconf 83' lang='lat' dir='ltr'><strong><em>ferias</em></strong></span> <span class='ocrx_word' id='word_1_496' title='bbox 1833 4136 1928 4176; x_wconf 86' lang='lat' dir='ltr'><strong><em>eas</em></strong></span> 
     </span>
    </p>
   </div>
   <div class='ocr_carea' id='block_1_72' title="bbox 357 4214 1929 4288">
    <p class='ocr_par' dir='ltr' id='par_1_72' title="bbox 357 4214 1929 4288">
     <span class='ocr_line' id='line_1_73' title="bbox 357 4214 1929 4288; baseline -0.004 -15"><span class='ocrx_word' id='word_1_497' title='bbox 357 4219 589 4274; x_wconf 81' lang='lat' dir='ltr'><strong><em>.lndaico</em></strong></span> <span class='ocrx_word' id='word_1_498' title='bbox 616 4214 857 4288; x_wconf 89' lang='lat' dir='ltr'><strong><em>quodam</em></strong></span> <span class='ocrx_word' id='word_1_499' title='bbox 900 4230 1051 4269; x_wconf 87' lang='lat' dir='ltr'><strong><em>more</em></strong></span> <span class='ocrx_word' id='word_1_500' title='bbox 1084 4230 1376 4284; x_wconf 80' lang='lat' dir='ltr'><strong><em>peragere:</em></strong></span> <span class='ocrx_word' id='word_1_501' title='bbox 1408 4224 1746 4284; x_wconf 85' lang='lat' dir='ltr'><strong><em>quapropter</em></strong></span> <span class='ocrx_word' id='word_1_502' title='bbox 1775 4214 1929 4267; x_wconf 79' lang='lat' dir='ltr'><strong><em>fieret</em></strong></span> 
     </span>
    </p>
   </div>
   <div class='ocr_carea' id='block_1_73' title="bbox 364 4306 1929 4364">
    <p class='ocr_par' dir='ltr' id='par_1_73' title="bbox 364 4306 1929 4364">
     <span class='ocr_line' id='line_1_74' title="bbox 364 4306 1929 4364; baseline -0.001 -1"><span class='ocrx_word' id='word_1_503' title='bbox 364 4319 424 4364; x_wconf 89' lang='lat' dir='ltr'><strong><em>ut</em></strong></span> <span class='ocrx_word' id='word_1_504' title='bbox 476 4319 582 4364; x_wconf 88' lang='lat' dir='ltr'><strong><em>tam</em></strong></span> <span class='ocrx_word' id='word_1_505' title='bbox 629 4309 788 4364; x_wconf 64' lang='lat' dir='ltr'><strong><em>laetus</em></strong></span> <span class='ocrx_word' id='word_1_506' title='bbox 830 4315 886 4363; x_wconf 87' lang='lat' dir='ltr'><strong><em>et</em></strong></span> <span class='ocrx_word' id='word_1_507' title='bbox 927 4307 1099 4362; x_wconf 88' lang='lat' dir='ltr'><strong><em>festus</em></strong></span> <span class='ocrx_word' id='word_1_508' title='bbox 1137 4306 1575 4361; x_wconf 75' lang='lat' dir='ltr'><strong><em>Christianorum</em></strong></span> <span class='ocrx_word' id='word_1_509' title='bbox 1623 4315 1929 4361; x_wconf 84' lang='lat' dir='ltr'><strong><em>conventus</em></strong></span> 
     </span>
    </p>
   </div>
   <div class='ocr_carea' id='block_1_74' title="bbox 362 4397 1930 4468">
    <p class='ocr_par' dir='ltr' id='par_1_74' title="bbox 362 4397 1930 4468">
     <span class='ocr_line' id='line_1_75' title="bbox 362 4397 1930 4468; baseline -0.003 -11"><span class='ocrx_word' id='word_1_510' title='bbox 362 4405 758 4457; x_wconf 86' lang='lat' dir='ltr'><strong><em>obscuraretur</em></strong></span> <span class='ocrx_word' id='word_1_511' title='bbox 780 4440 794 4462; x_wconf 92' lang='lat'><strong><em>,</em></strong></span> <span class='ocrx_word' id='word_1_512' title='bbox 829 4410 886 4454; x_wconf 90' lang='lat' dir='ltr'><strong><em>et</em></strong></span> <span class='ocrx_word' id='word_1_513' title='bbox 914 4399 1258 4455; x_wconf 84' lang='lat' dir='ltr'><strong><em>dissensione</em></strong></span> <span class='ocrx_word' id='word_1_514' title='bbox 1288 4399 1703 4468; x_wconf 87' lang='lat' dir='ltr'><strong><em>depravaretnr.</em></strong></span> <span class='ocrx_word' id='word_1_515' title='bbox 1741 4397 1930 4467; x_wconf 87' lang='lat' dir='ltr'><strong><em>Itaque</em></strong></span> 
     </span>
    </p>
   </div>
   <div class='ocr_carea' id='block_1_75' title="bbox 362 4489 1925 4554">
    <p class='ocr_par' dir='ltr' id='par_1_75' title="bbox 362 4489 1925 4554">
     <span class='ocr_line' id='line_1_76' title="bbox 362 4489 1925 4554; baseline -0.003 -7"><span class='ocrx_word' id='word_1_516' title='bbox 362 4495 799 4548; x_wconf 71' lang='lat' dir='ltr'><strong><em>consentientem</em></strong></span> <span class='ocrx_word' id='word_1_517' title='bbox 837 4502 1037 4547; x_wconf 85' lang='lat' dir='ltr'><strong><em>statum</em></strong></span> <span class='ocrx_word' id='word_1_518' title='bbox 1083 4491 1340 4546; x_wconf 86' lang='lat' dir='ltr'><strong><em>Ecclesiis</em></strong></span> <span class='ocrx_word' id='word_1_519' title='bbox 1372 4490 1669 4545; x_wconf 89' lang='lat' dir='ltr'><strong><em>conciliare</em></strong></span> <span class='ocrx_word' id='word_1_520' title='bbox 1710 4489 1925 4554; x_wconf 79' lang='lat' dir='ltr'><strong><em>volens,</em></strong></span> 
     </span>
    </p>
   </div>
   <div class='ocr_carea' id='block_1_76' title="bbox 364 4580 1929 4659">
    <p class='ocr_par' dir='ltr' id='par_1_76' title="bbox 364 4580 1929 4659">
     <span class='ocr_line' id='line_1_77' title="bbox 364 4580 1929 4659; baseline -0.005 -18"><span class='ocrx_word' id='word_1_521' title='bbox 364 4587 527 4659; x_wconf 81' lang='lat'><strong><em>556</em></strong></span> <span class='ocrx_word' id='word_1_522' title='bbox 562 4595 791 4655; x_wconf 88' lang='lat' dir='ltr'><strong><em>utraque</em></strong></span> <span class='ocrx_word' id='word_1_523' title='bbox 826 4587 881 4639; x_wconf 93' lang='lat' dir='ltr'><strong><em>in</em></strong></span> <span class='ocrx_word' id='word_1_524' title='bbox 924 4600 983 4638; x_wconf 90' lang='lat' dir='ltr'><strong><em>re</em></strong></span> <span class='ocrx_word' id='word_1_525' title='bbox 1022 4583 1274 4638; x_wconf 76' lang='lat' dir='ltr'><strong><em>inhibere</em></strong></span> <span class='ocrx_word' id='word_1_526' title='bbox 1309 4582 1434 4636; x_wconf 70' lang='lat' dir='ltr'><strong><em>ntali</em></strong></span> <span class='ocrx_word' id='word_1_527' title='bbox 1468 4591 1785 4635; x_wconf 88' lang='lat' dir='ltr'><strong><em>currentem</em></strong></span> <span class='ocrx_word' id='word_1_528' title='bbox 1825 4580 1929 4634; x_wconf 81' lang='lat' dir='ltr'><strong><em>im-</em></strong></span> 
     </span>
    </p>
   </div>
   <div class='ocr_carea' id='block_1_77' title="bbox 365 4674 1928 4748">
    <p class='ocr_par' dir='ltr' id='par_1_77' title="bbox 365 4674 1928 4748">
     <span class='ocr_line' id='line_1_78' title="bbox 365 4674 1928 4748; baseline -0.001 -20"><span class='ocrx_word' id='word_1_529' title='bbox 365 4690 575 4747; x_wconf 80' lang='lat' dir='ltr'><strong><em>petum.</em></strong></span> <span class='ocrx_word' id='word_1_530' title='bbox 612 4679 929 4748; x_wconf 86' lang='lat' dir='ltr'><strong><em>priusquam</em></strong></span> <span class='ocrx_word' id='word_1_531' title='bbox 962 4676 1126 4731; x_wconf 86' lang='lat' dir='ltr'><strong><em>latius</em></strong></span> <span class='ocrx_word' id='word_1_532' title='bbox 1166 4676 1231 4728; x_wconf 86' lang='lat' dir='ltr'><strong><em>ad</em></strong></span> <span class='ocrx_word' id='word_1_533' title='bbox 1269 4676 1449 4743; x_wconf 88' lang='lat' dir='ltr'><strong><em>plures</em></strong></span> <span class='ocrx_word' id='word_1_534' title='bbox 1489 4674 1840 4743; x_wconf 71' lang='lat' dir='ltr'><strong><em>perveniret,</em></strong></span> <span class='ocrx_word' id='word_1_535' title='bbox 1871 4681 1928 4726; x_wconf 88' lang='lat' dir='ltr'><strong><em>et</em></strong></span> 
     </span>
    </p>
   </div>
   <div class='ocr_carea' id='block_1_78' title="bbox 2103 3475 3604 3550">
    <p class='ocr_par' dir='ltr' id='par_1_78' title="bbox 2103 3475 3604 3550">
     <span class='ocr_line' id='line_1_79' title="bbox 2103 3475 3604 3550; baseline 0 -21"><span class='ocrx_word' id='word_1_536' title='bbox 2103 3475 2347 3531; x_wconf 81' lang='grc' dir='ltr'>Τοιαῦτα</span> <span class='ocrx_word' id='word_1_537' title='bbox 2401 3479 2463 3549; x_wconf 84' lang='grc' dir='ltr'>δή</span> <span class='ocrx_word' id='word_1_538' title='bbox 2525 3495 2655 3534; x_wconf 86' lang='grc' dir='ltr'>τινα</span> <span class='ocrx_word' id='word_1_539' title='bbox 2715 3476 3004 3548; x_wconf 86' lang='grc' dir='ltr'>σύμμικτα</span> <span class='ocrx_word' id='word_1_540' title='bbox 3059 3478 3271 3550; x_wconf 77' lang='grc' dir='ltr'>μέμψει</span> <span class='ocrx_word' id='word_1_541' title='bbox 3317 3477 3416 3531; x_wconf 74' lang='grc' dir='ltr'>καὶ</span> <span class='ocrx_word' id='word_1_542' title='bbox 3463 3481 3604 3548; x_wconf 80' lang='grc' dir='ltr'>συμ⁹</span> 
     </span>
    </p>
   </div>
   <div class='ocr_carea' id='block_1_79' title="bbox 2027 3567 3601 3641">
    <p class='ocr_par' dir='ltr' id='par_1_79' title="bbox 2027 3567 3601 3641">
     <span class='ocr_line' id='line_1_80' title="bbox 2027 3567 3601 3641; baseline -0.001 -19"><span class='ocrx_word' id='word_1_543' title='bbox 2027 3569 2191 3641; x_wconf 80' lang='grc' dir='ltr'>ϐουλῇ</span> <span class='ocrx_word' id='word_1_544' title='bbox 2234 3569 2575 3641; x_wconf 81' lang='grc' dir='ltr'>Ἀλεξάνδρῳ</span> <span class='ocrx_word' id='word_1_545' title='bbox 2622 3570 2721 3625; x_wconf 76' lang='grc' dir='ltr'>καὶ</span> <span class='ocrx_word' id='word_1_546' title='bbox 2761 3571 2955 3640; x_wconf 83' lang='grc' dir='ltr'>’Δρείῳ</span> <span class='ocrx_word' id='word_1_547' title='bbox 3002 3572 3032 3625; x_wconf 85' lang='grc' dir='ltr'><strong><em>δ</em></strong></span> <span class='ocrx_word' id='word_1_548' title='bbox 3064 3572 3347 3639; x_wconf 83' lang='grc' dir='ltr'>πάνσοφος</span> <span class='ocrx_word' id='word_1_549' title='bbox 3393 3567 3601 3639; x_wconf 69' lang='grc' dir='ltr'>ἔγραφε</span> 
     </span>
    </p>
   </div>
   <div class='ocr_carea' id='block_1_80' title="bbox 2028 3661 3685 3737">
    <p class='ocr_par' dir='ltr' id='par_1_80' title="bbox 2028 3661 3685 3737">
     <span class='ocr_line' id='line_1_81' title="bbox 2028 3661 3685 3737; baseline -0.005 -16"><span class='ocrx_word' id='word_1_550' title='bbox 2028 3666 2309 3736; x_wconf 70' lang='grc' dir='ltr'>βασλεύς.</span> <span class='ocrx_word' id='word_1_551' title='bbox 2350 3666 2492 3722; x_wconf 87' lang='grc' dir='ltr'>Λίαν</span> <span class='ocrx_word' id='word_1_552' title='bbox 2539 3667 2597 3720; x_wconf 73' lang='grc' dir='ltr'>δὲ</span> <span class='ocrx_word' id='word_1_553' title='bbox 2644 3665 2904 3737; x_wconf 74' lang='grc' dir='ltr'>χαλεπῶς</span> <span class='ocrx_word' id='word_1_554' title='bbox 2951 3664 3118 3735; x_wconf 76' lang='grc' dir='ltr'>ἔφερε</span> <span class='ocrx_word' id='word_1_555' title='bbox 3169 3661 3600 3730; x_wconf 80' lang='grc' dir='ltr'>πυνθανόμενος,</span> <span class='ocrx_word' id='word_1_556' title='bbox 3681 3687 3685 3690; x_wconf 80' lang='lat'><strong>~</strong></span> 
     </span>
    </p>
   </div>
   <div class='ocr_carea' id='block_1_81' title="bbox 2026 3750 3602 3830">
    <p class='ocr_par' dir='ltr' id='par_1_81' title="bbox 2026 3750 3602 3830">
     <span class='ocr_line' id='line_1_82' title="bbox 2026 3750 3602 3830; baseline -0.005 -19"><span class='ocrx_word' id='word_1_557' title='bbox 2026 3759 2122 3813; x_wconf 86' lang='grc' dir='ltr'><strong><em>καί</em></strong></span> <span class='ocrx_word' id='word_1_558' title='bbox 2168 3750 2324 3821; x_wconf 78' lang='grc' dir='ltr'>τινας</span> <span class='ocrx_word' id='word_1_559' title='bbox 2368 3759 2514 3811; x_wconf 86' lang='grc' dir='ltr'><strong><em>κατά</em></strong></span> <span class='ocrx_word' id='word_1_560' title='bbox 2549 3761 2643 3830; x_wconf 86' lang='grc' dir='ltr'>τὴν</span> <span class='ocrx_word' id='word_1_561' title='bbox 2676 3759 2751 3812; x_wconf 73' lang='grc' dir='ltr'>ἕω</span> <span class='ocrx_word' id='word_1_562' title='bbox 2790 3759 2889 3827; x_wconf 76' lang='grc' dir='ltr'>τὴν</span> <span class='ocrx_word' id='word_1_563' title='bbox 2926 3756 3021 3810; x_wconf 85' lang='grc' dir='ltr'><strong><em>τοῦ</em></strong></span> <span class='ocrx_word' id='word_1_564' title='bbox 3054 3757 3246 3824; x_wconf 81' lang='grc' dir='ltr'>Πάσχα</span> <span class='ocrx_word' id='word_1_565' title='bbox 3295 3752 3491 3824; x_wconf 72' lang='grc' dir='ltr'>ἑορτὴν</span> <span class='ocrx_word' id='word_1_566' title='bbox 3526 3750 3602 3822; x_wconf 77' lang='grc' dir='ltr'>μὴ</span> 
     </span>
    </p>
   </div>
   <div class='ocr_carea' id='block_1_82' title="bbox 2027 3847 3603 3922">
    <p class='ocr_par' dir='ltr' id='par_1_82' title="bbox 2027 3847 3603 3922">
     <span class='ocr_line' id='line_1_83' title="bbox 2027 3847 3603 3922; baseline -0.002 -20"><span class='ocrx_word' id='word_1_567' title='bbox 2027 3851 2120 3903; x_wconf 72' lang='grc' dir='ltr'><strong><em>ἐπὶ</em></strong></span> <span class='ocrx_word' id='word_1_568' title='bbox 2162 3853 2293 3920; x_wconf 82' lang='grc' dir='ltr'>μιᾶς</span> <span class='ocrx_word' id='word_1_569' title='bbox 2341 3852 2499 3920; x_wconf 76' lang='grc' dir='ltr'>ἄγειν</span> <span class='ocrx_word' id='word_1_570' title='bbox 2546 3853 2782 3922; x_wconf 79' lang='grc' dir='ltr'>ἡμέρας,</span> <span class='ocrx_word' id='word_1_571' title='bbox 2828 3850 2905 3914; x_wconf 84' lang='grc' dir='ltr'><strong><em>ὡς</em></strong></span> <span class='ocrx_word' id='word_1_572' title='bbox 2952 3850 3079 3911; x_wconf 78' lang='grc' dir='ltr'>τοὺς</span> <span class='ocrx_word' id='word_1_573' title='bbox 3112 3847 3308 3908; x_wconf 77' lang='grc' dir='ltr'>ἄλλους</span> <span class='ocrx_word' id='word_1_574' title='bbox 3350 3847 3603 3907; x_wconf 73' lang='grc' dir='ltr'>ἅπαντας</span> 
     </span>
    </p>
   </div>
   <div class='ocr_carea' id='block_1_83' title="bbox 2029 3936 3598 4014">
    <p class='ocr_par' dir='ltr' id='par_1_83' title="bbox 2029 3936 3598 4014">
     <span class='ocr_line' id='line_1_84' title="bbox 2029 3936 3598 4014; baseline -0.006 -17"><span class='ocrx_word' id='word_1_575' title='bbox 2029 3942 2427 4014; x_wconf 52' lang='grc' dir='ltr'>Χριστιανούς</span> <span class='ocrx_word' id='word_1_576' title='bbox 2468 3942 2764 4013; x_wconf 77' lang='grc' dir='ltr'>διαφόρους</span> <span class='ocrx_word' id='word_1_577' title='bbox 2805 3942 2852 3995; x_wconf 80' lang='grc' dir='ltr'>δ’</span> <span class='ocrx_word' id='word_1_578' title='bbox 2891 3940 3146 3993; x_wconf 75' lang='grc' dir='ltr'>ἐντεῦθεν</span> <span class='ocrx_word' id='word_1_579' title='bbox 3187 3936 3557 3991; x_wconf 82' lang='grc' dir='ltr'>καθίστασθαι</span> <span class='ocrx_word' id='word_1_580' title='bbox 3582 3950 3598 3964; x_wconf 77' lang='grc' dir='ltr'><strong><em>ο</em></strong></span> 
     </span>
    </p>
   </div>
   <div class='ocr_carea' id='block_1_84' title="bbox 2029 4025 3603 4105">
    <p class='ocr_par' dir='ltr' id='par_1_84' title="bbox 2029 4025 3603 4105">
     <span class='ocr_line' id='line_1_85' title="bbox 2029 4025 3603 4105; baseline -0.008 -16"><span class='ocrx_word' id='word_1_581' title='bbox 2029 4038 2125 4089; x_wconf 50' lang='grc' dir='ltr'><strong><em>καί¹</em></strong></span> <span class='ocrx_word' id='word_1_582' title='bbox 2153 4035 2231 4105; x_wconf 73' lang='grc' dir='ltr'><strong><em>τῷ</em></strong></span> <span class='ocrx_word' id='word_1_583' title='bbox 2266 4036 2616 4105; x_wconf 79' lang='grc' dir='ltr'>ἀκοινωνήτῳ</span> <span class='ocrx_word' id='word_1_584' title='bbox 2648 4034 2748 4104; x_wconf 80' lang='grc' dir='ltr'>μὲν</span> <span class='ocrx_word' id='word_1_585' title='bbox 2783 4033 2858 4103; x_wconf 84' lang='grc' dir='ltr'>μὴ</span> <span class='ocrx_word' id='word_1_586' title='bbox 2884 4029 3216 4094; x_wconf 83' lang='grc' dir='ltr'>διίστασθαι,</span> <span class='ocrx_word' id='word_1_587' title='bbox 3248 4027 3345 4082; x_wconf 76' lang='grc' dir='ltr'>ἅτε</span> <span class='ocrx_word' id='word_1_588' title='bbox 3368 4025 3428 4080; x_wconf 74' lang='grc' dir='ltr'>δὲ</span> <span class='ocrx_word' id='word_1_589' title='bbox 3468 4026 3603 4079; x_wconf 85' lang='grc' dir='ltr'>’Ῑου-</span> 
     </span>
    </p>
   </div>
   <div class='ocr_carea' id='block_1_85' title="bbox 2028 4116 3601 4197">
    <p class='ocr_par' dir='ltr' id='par_1_85' title="bbox 2028 4116 3601 4197">
     <span class='ocr_line' id='line_1_86' title="bbox 2028 4116 3601 4197; baseline -0.008 -16"><span class='ocrx_word' id='word_1_590' title='bbox 2028 4127 2363 4197; x_wconf 84' lang='grc' dir='ltr'>δαῖκὼτερον</span> <span class='ocrx_word' id='word_1_591' title='bbox 2395 4126 2781 4187; x_wconf 78' lang='grc' dir='ltr'>ἐπιτελοῦντας</span> <span class='ocrx_word' id='word_1_592' title='bbox 2820 4122 2976 4182; x_wconf 79' lang='grc' dir='ltr'>αὐτὸ.</span> <span class='ocrx_word' id='word_1_593' title='bbox 3020 4119 3348 4189; x_wconf 80' lang='grc' dir='ltr'>συμϐαίνειν</span> <span class='ocrx_word' id='word_1_594' title='bbox 3377 4116 3439 4169; x_wconf 82' lang='grc' dir='ltr'>τὸ</span> <span class='ocrx_word' id='word_1_595' title='bbox 3470 4122 3601 4185; x_wconf 79' lang='grc' dir='ltr'>φαι-</span> 
     </span>
    </p>
   </div>
   <div class='ocr_carea' id='block_1_86' title="bbox 2028 4208 3602 4293">
    <p class='ocr_par' dir='ltr' id='par_1_86' title="bbox 2028 4208 3602 4293">
     <span class='ocr_line' id='line_1_87' title="bbox 2028 4208 3602 4293; baseline -0.01 -18"><span class='ocrx_word' id='word_1_596' title='bbox 2028 4221 2155 4293; x_wconf 82' lang='grc' dir='ltr'>δρὸν</span> <span class='ocrx_word' id='word_1_597' title='bbox 2193 4221 2296 4288; x_wconf 78' lang='grc' dir='ltr'>τῆς</span> <span class='ocrx_word' id='word_1_598' title='bbox 2324 4220 2689 4291; x_wconf 84' lang='grc' dir='ltr'>πανηγύρεως</span> <span class='ocrx_word' id='word_1_599' title='bbox 2717 4213 3107 4287; x_wconf 80' lang='grc' dir='ltr'>ἀμαυροῦσθαι</span> <span class='ocrx_word' id='word_1_600' title='bbox 3137 4215 3203 4283; x_wconf 78' lang='grc' dir='ltr'>τῇ</span> <span class='ocrx_word' id='word_1_601' title='bbox 3235 4211 3475 4282; x_wconf 80' lang='grc' dir='ltr'>διχονοίᾳ</span> <span class='ocrx_word' id='word_1_602' title='bbox 3504 4208 3602 4261; x_wconf 75' lang='grc' dir='ltr'>καὶ</span> 
     </span>
    </p>
   </div>
   <div class='ocr_carea' id='block_1_87' title="bbox 2030 4301 3603 4377">
    <p class='ocr_par' dir='ltr' id='par_1_87' title="bbox 2030 4301 3603 4377">
     <span class='ocr_line' id='line_1_88' title="bbox 2030 4301 3603 4377; baseline -0.009 -10"><span class='ocrx_word' id='word_1_603' title='bbox 2030 4313 2539 4367; x_wconf 73' lang='grc' dir='ltr'>καταϐλάπτεσθαι.</span> <span class='ocrx_word' id='word_1_604' title='bbox 2594 4310 2704 4365; x_wconf 79' lang='grc' dir='ltr'>Καί</span> <span class='ocrx_word' id='word_1_605' title='bbox 2746 4326 2810 4377; x_wconf 86' lang='grc' dir='ltr'><strong><em>γε</em></strong></span> <span class='ocrx_word' id='word_1_606' title='bbox 2844 4309 2905 4361; x_wconf 81' lang='grc' dir='ltr'>τὸ</span> <span class='ocrx_word' id='word_1_607' title='bbox 2953 4305 3323 4361; x_wconf 81' lang='grc' dir='ltr'>ἀστασίαστον</span> <span class='ocrx_word' id='word_1_608' title='bbox 3368 4304 3437 4372; x_wconf 81' lang='grc' dir='ltr'><strong><em>τῇ</em></strong></span> <span class='ocrx_word' id='word_1_609' title='bbox 3483 4301 3603 4354; x_wconf 86' lang='grc' dir='ltr'><strong><em>Ἐκ-</em></strong></span> 
     </span>
    </p>
   </div>
   <div class='ocr_carea' id='block_1_88' title="bbox 2031 4390 3603 4478">
    <p class='ocr_par' dir='ltr' id='par_1_88' title="bbox 2031 4390 3603 4478">
     <span class='ocr_line' id='line_1_89' title="bbox 2031 4390 3603 4478; baseline -0.011 -17"><span class='ocrx_word' id='word_1_610' title='bbox 2031 4408 2233 4478; x_wconf 79' lang='grc' dir='ltr'>κλησίᾳ</span> <span class='ocrx_word' id='word_1_611' title='bbox 2287 4403 2836 4476; x_wconf 81' lang='grc' dir='ltr'>πραγματευόμενος,</span> <span class='ocrx_word' id='word_1_612' title='bbox 2877 4399 3175 4457; x_wconf 72' lang='grc' dir='ltr'>ἐσπούδασε</span> <span class='ocrx_word' id='word_1_613' title='bbox 3206 4395 3273 4450; x_wconf 83' lang='grc' dir='ltr'><strong><em>δι’</em></strong></span> <span class='ocrx_word' id='word_1_614' title='bbox 3314 4390 3603 4465; x_wconf 84' lang='grc' dir='ltr'>ἀμφότερα</span> 
     </span>
    </p>
   </div>
   <div class='ocr_carea' id='block_1_89' title="bbox 2033 4483 3604 4567">
    <p class='ocr_par' dir='ltr' id='par_1_89' title="bbox 2033 4483 3604 4567">
     <span class='ocr_line' id='line_1_90' title="bbox 2033 4483 3604 4567; baseline -0.011 -15"><span class='ocrx_word' id='word_1_615' title='bbox 2033 4497 2474 4567; x_wconf 76' lang='grc' dir='ltr'>προκαταλαϐεῖν</span> <span class='ocrx_word' id='word_1_616' title='bbox 2509 4497 2608 4566; x_wconf 75' lang='grc' dir='ltr'>τὴν</span> <span class='ocrx_word' id='word_1_617' title='bbox 2640 4493 2735 4549; x_wconf 86' lang='grc' dir='ltr'><strong><em>τοῦ</em></strong></span> <span class='ocrx_word' id='word_1_618' title='bbox 2762 4494 2945 4547; x_wconf 76' lang='grc' dir='ltr'>κακοῦ</span> <span class='ocrx_word' id='word_1_619' title='bbox 2968 4494 3171 4562; x_wconf 79' lang='grc' dir='ltr'>ῥύμην,</span> <span class='ocrx_word' id='word_1_620' title='bbox 3210 4490 3339 4557; x_wconf 82' lang='grc' dir='ltr'>πρὶν</span> <span class='ocrx_word' id='word_1_621' title='bbox 3371 4487 3452 4549; x_wconf 83' lang='grc' dir='ltr'><strong><em>είς</em></strong></span> <span class='ocrx_word' id='word_1_622' title='bbox 3474 4483 3604 4566; x_wconf 49' lang='grc' dir='ltr'>πολ-ξ</span> 
     </span>
    </p>
   </div>
   <div class='ocr_carea' id='block_1_90' title="bbox 2030 4577 3575 4659">
    <p class='ocr_par' dir='ltr' id='par_1_90' title="bbox 2030 4577 3575 4659">
     <span class='ocr_line' id='line_1_91' title="bbox 2030 4577 3575 4659; baseline -0.011 -15"><span class='ocrx_word' id='word_1_623' title='bbox 2030 4591 2159 4653; x_wconf 70' lang='grc' dir='ltr'>λοῦς</span> <span class='ocrx_word' id='word_1_624' title='bbox 2195 4590 2379 4659; x_wconf 76' lang='grc' dir='ltr'>διαϐῇ,</span> <span class='ocrx_word' id='word_1_625' title='bbox 2418 4589 2515 4641; x_wconf 74' lang='grc' dir='ltr'>καὶ</span> <span class='ocrx_word' id='word_1_626' title='bbox 2548 4589 2609 4642; x_wconf 82' lang='grc' dir='ltr'>τὸ</span> <span class='ocrx_word' id='word_1_627' title='bbox 2658 4586 2952 4650; x_wconf 73' lang='grc' dir='ltr'>στασιάζον</span> <span class='ocrx_word' id='word_1_628' title='bbox 2992 4583 3324 4648; x_wconf 79' lang='grc' dir='ltr'>συναγαγεῖν</span> <span class='ocrx_word' id='word_1_629' title='bbox 3369 4581 3448 4639; x_wconf 78' lang='grc' dir='ltr'><strong><em>είς</em></strong></span> <span class='ocrx_word' id='word_1_630' title='bbox 3474 4577 3575 4646; x_wconf 85' lang='grc' dir='ltr'>ὀμό</span> 
     </span>
    </p>
   </div>
   <div class='ocr_carea' id='block_1_91' title="bbox 2032 4668 3604 4746">
    <p class='ocr_par' dir='ltr' id='par_1_91' title="bbox 2032 4668 3604 4746">
     <span class='ocr_line' id='line_1_92' title="bbox 2032 4668 3604 4746; baseline -0.01 -14"><span class='ocrx_word' id='word_1_631' title='bbox 2032 4696 2203 4732; x_wconf 80' lang='grc' dir='ltr'>νοιαν.</span> <span class='ocrx_word' id='word_1_632' title='bbox 2235 4678 2346 4730; x_wconf 53' lang='grc' dir='ltr'><strong><em>Καὶ⁸</em></strong></span> <span class='ocrx_word' id='word_1_633' title='bbox 2380 4678 2448 4746; x_wconf 87' lang='grc' dir='ltr'>δή</span> <span class='ocrx_word' id='word_1_634' title='bbox 2480 4694 2601 4729; x_wconf 88' lang='grc' dir='ltr'>τινα</span> <span class='ocrx_word' id='word_1_635' title='bbox 2624 4676 2733 4729; x_wconf 86' lang='grc' dir='ltr'>τῶν</span> <span class='ocrx_word' id='word_1_636' title='bbox 2756 4675 2898 4744; x_wconf 79' lang='grc' dir='ltr'>ἀμφ’</span> <span class='ocrx_word' id='word_1_637' title='bbox 2928 4673 3090 4727; x_wconf 76' lang='grc' dir='ltr'>αὐτὸν</span> <span class='ocrx_word' id='word_1_638' title='bbox 3123 4670 3224 4740; x_wconf 87' lang='grc' dir='ltr'>βίῳ</span> <span class='ocrx_word' id='word_1_639' title='bbox 3252 4687 3313 4723; x_wconf 82' lang='grc' dir='ltr'><strong><em>τε</em></strong></span> <span class='ocrx_word' id='word_1_640' title='bbox 3344 4670 3440 4721; x_wconf 80' lang='grc' dir='ltr'><strong><em>καὶ</em></strong></span> <span class='ocrx_word' id='word_1_641' title='bbox 3463 4668 3604 4733; x_wconf 81' lang='grc' dir='ltr'>λόγῳ</span> 
     </span>
    </p>
   </div>
   <div class='ocr_carea' id='block_1_92' title="bbox 366 4754 1924 4837">
    <p class='ocr_par' dir='ltr' id='par_1_92' title="bbox 366 4764 1924 4834">
     <span class='ocr_line' id='line_1_93' title="bbox 366 4764 1924 4834; baseline -0.006 -9"><span class='ocrx_word' id='word_1_642' title='bbox 366 4772 690 4825; x_wconf 85' lang='lat' dir='ltr'><strong><em>seditionem</em></strong></span> <span class='ocrx_word' id='word_1_643' title='bbox 732 4769 798 4822; x_wconf 91' lang='lat' dir='ltr'><strong><em>ad</em></strong></span> <span class='ocrx_word' id='word_1_644' title='bbox 842 4769 1193 4822; x_wconf 83' lang='lat' dir='ltr'><strong><em>concordiam</em></strong></span> <span class='ocrx_word' id='word_1_645' title='bbox 1231 4766 1494 4819; x_wconf 89' lang='lat' dir='ltr'><strong><em>reducere</em></strong></span> <span class='ocrx_word' id='word_1_646' title='bbox 1526 4764 1759 4819; x_wconf 87' lang='lat' dir='ltr'><strong><em>studuit.</em></strong></span> <span class='ocrx_word' id='word_1_647' title='bbox 1796 4764 1924 4834; x_wconf 84' lang='lat' dir='ltr'><strong><em>Ejus</em></strong></span> 
     </span>
    </p>
   </div>
   <div class='ocr_carea' id='block_1_93' title="bbox 2034 4754 3608 4837">
    <p class='ocr_par' dir='ltr' id='par_1_93' title="bbox 2035 4754 3608 4837">
     <span class='ocr_line' id='line_1_94' title="bbox 2035 4754 3608 4837; baseline -0.011 -15"><span class='ocrx_word' id='word_1_648' title='bbox 2035 4769 2304 4837; x_wconf 72' lang='grc' dir='ltr'>διάσημον</span> <span class='ocrx_word' id='word_1_649' title='bbox 2335 4766 2504 4836; x_wconf 78' lang='grc' dir='ltr'>ἄνδρα</span> <span class='ocrx_word' id='word_1_650' title='bbox 2535 4764 2712 4835; x_wconf 79' lang='grc' dir='ltr'>εὑρών</span> <span class='ocrx_word' id='word_1_651' title='bbox 2737 4781 2752 4797; x_wconf 76' lang='grc' dir='ltr'><strong>ο</strong></span> <span class='ocrx_word' id='word_1_652' title='bbox 2790 4762 3075 4830; x_wconf 73' lang='grc' dir='ltr'>διαϐόητον</span> <span class='ocrx_word' id='word_1_653' title='bbox 3105 4760 3204 4831; x_wconf 79' lang='grc' dir='ltr'>μὲν</span> <span class='ocrx_word' id='word_1_654' title='bbox 3237 4760 3341 4811; x_wconf 82' lang='grc' dir='ltr'><strong><em>κάν</em></strong></span> <span class='ocrx_word' id='word_1_655' title='bbox 3369 4759 3480 4817; x_wconf 84' lang='grc' dir='ltr'>τοῖς</span> <span class='ocrx_word' id='word_1_656' title='bbox 3512 4754 3608 4807; x_wconf 80' lang='grc' dir='ltr'><strong><em>ἄλ-</em></strong></span> 
     </span>
    </p>
   </div>
   <div class='ocr_carea' id='block_1_94' title="bbox 365 4856 1926 4932">
    <p class='ocr_par' dir='ltr' id='par_1_94' title="bbox 365 4856 1926 4932">
     <span class='ocr_line' id='line_1_95' title="bbox 365 4856 1926 4932; baseline -0.007 -13"><span class='ocrx_word' id='word_1_657' title='bbox 365 4865 444 4919; x_wconf 82' lang='lat' dir='ltr'><strong><em>rei</em></strong></span> <span class='ocrx_word' id='word_1_658' title='bbox 479 4865 677 4932; x_wconf 77' lang='lat' dir='ltr'><strong><em>gratia,</em></strong></span> <span class='ocrx_word' id='word_1_659' title='bbox 712 4862 893 4916; x_wconf 87' lang='lat' dir='ltr'><strong><em>virum</em></strong></span> <span class='ocrx_word' id='word_1_660' title='bbox 934 4870 982 4914; x_wconf 90' lang='lat' dir='ltr'><strong><em>et</em></strong></span> <span class='ocrx_word' id='word_1_661' title='bbox 1028 4860 1136 4913; x_wconf 91' lang='lat' dir='ltr'><strong><em>vita</em></strong></span> <span class='ocrx_word' id='word_1_662' title='bbox 1172 4871 1230 4913; x_wconf 87' lang='lat' dir='ltr'><strong><em>et</em></strong></span> <span class='ocrx_word' id='word_1_663' title='bbox 1269 4858 1518 4911; x_wconf 81' lang='lat' dir='ltr'><strong><em>doctrina</em></strong></span> <span class='ocrx_word' id='word_1_664' title='bbox 1558 4856 1759 4926; x_wconf 80' lang='lat' dir='ltr'><strong><em>insigni</em></strong></span> <span class='ocrx_word' id='word_1_665' title='bbox 1796 4871 1926 4925; x_wconf 66' lang='lat' dir='ltr'><strong><em>pre-</em></strong></span> 
     </span>
    </p>
   </div>
   <div class='ocr_carea' id='block_1_95' title="bbox 367 4949 1929 5022">
    <p class='ocr_par' dir='ltr' id='par_1_95' title="bbox 367 4949 1929 5022">
     <span class='ocr_line' id='line_1_96' title="bbox 367 4949 1929 5022; baseline -0.004 -15"><span class='ocrx_word' id='word_1_666' title='bbox 367 4956 569 5019; x_wconf 85' lang='lat' dir='ltr'><strong><em>ditnm,</em></strong></span> <span class='ocrx_word' id='word_1_667' title='bbox 598 4954 690 5022; x_wconf 88' lang='lat' dir='ltr'><strong><em>qui</em></strong></span> <span class='ocrx_word' id='word_1_668' title='bbox 720 4949 994 5009; x_wconf 78' lang='lat' dir='ltr'><strong><em>cuuf’aliis</em></strong></span> <span class='ocrx_word' id='word_1_669' title='bbox 1022 4954 1076 5007; x_wconf 85' lang='lat' dir='ltr'><strong><em>in</em></strong></span> <span class='ocrx_word' id='word_1_670' title='bbox 1103 4955 1269 5007; x_wconf 88' lang='lat' dir='ltr'><strong><em>rebus</em></strong></span> <span class='ocrx_word' id='word_1_671' title='bbox 1295 4953 1589 5021; x_wconf 60' lang='lat' dir='ltr'><strong><em>praeclarus</em></strong></span> <span class='ocrx_word' id='word_1_672' title='bbox 1619 4958 1784 5013; x_wconf 87' lang='lat' dir='ltr'><strong><em>esset,</em></strong></span> <span class='ocrx_word' id='word_1_673' title='bbox 1816 4958 1929 5003; x_wconf 88' lang='lat' dir='ltr'><strong><em>tum</em></strong></span> 
     </span>
    </p>
   </div>
   <div class='ocr_carea' id='block_1_96' title="bbox 366 5046 1931 5118">
    <p class='ocr_par' dir='ltr' id='par_1_96' title="bbox 366 5046 1931 5118">
     <span class='ocr_line' id='line_1_97' title="bbox 366 5046 1931 5118; baseline -0.006 -14"><span class='ocrx_word' id='word_1_674' title='bbox 366 5052 422 5104; x_wconf 91' lang='lat' dir='ltr'><strong><em>in</em></strong></span> <span class='ocrx_word' id='word_1_675' title='bbox 459 5049 660 5103; x_wconf 88' lang='lat' dir='ltr'><strong><em>tuenda</em></strong></span> <span class='ocrx_word' id='word_1_676' title='bbox 702 5049 825 5103; x_wconf 86' lang='lat' dir='ltr'><strong><em>fidei</em></strong></span> <span class='ocrx_word' id='word_1_677' title='bbox 875 5047 1223 5118; x_wconf 83' lang='lat' dir='ltr'><strong><em>professione</em></strong></span> <span class='ocrx_word' id='word_1_678' title='bbox 1258 5046 1422 5115; x_wconf 89' lang='lat' dir='ltr'><strong><em>paulo</em></strong></span> <span class='ocrx_word' id='word_1_679' title='bbox 1466 5055 1627 5099; x_wconf 88' lang='lat' dir='ltr'><strong><em>antea</em></strong></span> <span class='ocrx_word' id='word_1_680' title='bbox 1681 5056 1931 5113; x_wconf 78' lang='lat' dir='ltr'><strong><em>magnam</em></strong></span> 
     </span>
    </p>
   </div>
   <div class='ocr_carea' id='block_1_97' title="bbox 369 5136 1929 5216">
    <p class='ocr_par' dir='ltr' id='par_1_97' title="bbox 369 5136 1929 5216">
     <span class='ocr_line' id='line_1_98' title="bbox 369 5136 1929 5216; baseline -0.008 -17"><span class='ocrx_word' id='word_1_681' title='bbox 369 5146 472 5201; x_wconf 90' lang='lat' dir='ltr'><strong><em>sibi</em></strong></span> <span class='ocrx_word' id='word_1_682' title='bbox 507 5144 732 5216; x_wconf 77' lang='lat' dir='ltr'><strong><em>gloriam</em></strong></span> <span class='ocrx_word' id='word_1_683' title='bbox 765 5149 1159 5211; x_wconf 80' lang='lat' dir='ltr'><strong><em>cumparasset,</em></strong></span> <span class='ocrx_word' id='word_1_684' title='bbox 1191 5142 1396 5208; x_wconf 84' lang='lat' dir='ltr'><strong><em>quique</em></strong></span> <span class='ocrx_word' id='word_1_685' title='bbox 1432 5139 1485 5192; x_wconf 91' lang='lat' dir='ltr'><strong><em>in</em></strong></span> <span class='ocrx_word' id='word_1_686' title='bbox 1521 5136 1756 5191; x_wconf 81' lang='lat' dir='ltr'><strong><em>maxima</em></strong></span> <span class='ocrx_word' id='word_1_687' title='bbox 1787 5136 1929 5205; x_wconf 89' lang='lat' dir='ltr'><strong><em>apud</em></strong></span> 
     </span>
    </p>
   </div>
   <div class='ocr_carea' id='block_1_98' title="bbox 368 5229 1925 5308">
    <p class='ocr_par' dir='ltr' id='par_1_98' title="bbox 368 5229 1925 5308">
     <span class='ocr_line' id='line_1_99' title="bbox 368 5229 1925 5308; baseline -0.008 -15"><span class='ocrx_word' id='word_1_688' title='bbox 368 5234 755 5308; x_wconf 76' lang='lat' dir='ltr'><strong><em>imperatorem</em></strong></span> <span class='ocrx_word' id='word_1_689' title='bbox 780 5235 1130 5288; x_wconf 75' lang='lat' dir='ltr'><strong><em>\encratione</em></strong></span> <span class='ocrx_word' id='word_1_690' title='bbox 1148 5241 1203 5285; x_wconf 86' lang='lat' dir='ltr'><strong><em>et</em></strong></span> <span class='ocrx_word' id='word_1_691' title='bbox 1232 5233 1438 5284; x_wconf 80' lang='lat' dir='ltr'><strong><em>honore</em></strong></span> <span class='ocrx_word' id='word_1_692' title='bbox 1464 5229 1740 5300; x_wconf 63' lang='lat' dir='ltr'><strong><em>prmeipuo</em></strong></span> <span class='ocrx_word' id='word_1_693' title='bbox 1761 5238 1925 5290; x_wconf 85' lang='lat' dir='ltr'><strong><em>esset,</em></strong></span> 
     </span>
    </p>
   </div>
   <div class='ocr_carea' id='block_1_99' title="bbox 366 5318 1922 5387">
    <p class='ocr_par' dir='ltr' id='par_1_99' title="bbox 366 5318 1922 5387">
     <span class='ocr_line' id='line_1_100' title="bbox 366 5318 1922 5387; baseline -0.008 -4"><span class='ocrx_word' id='word_1_694' title='bbox 366 5332 589 5384; x_wconf 82' lang='lat' dir='ltr'><strong><em>notuine</em></strong></span> <span class='ocrx_word' id='word_1_695' title='bbox 641 5327 903 5387; x_wconf 83' lang='lat' dir='ltr'><strong><em>Hosium,</em></strong></span> <span class='ocrx_word' id='word_1_696' title='bbox 952 5324 1194 5380; x_wconf 83' lang='lat' dir='ltr'><strong><em>civitatis</em></strong></span> <span class='ocrx_word' id='word_1_697' title='bbox 1239 5320 1509 5378; x_wconf 66' lang='lat' dir='ltr'><strong><em>Cordubae</em></strong></span> <span class='ocrx_word' id='word_1_698' title='bbox 1558 5320 1609 5378; x_wconf 89' lang='lat' dir='ltr'><strong><em>in</em></strong></span> <span class='ocrx_word' id='word_1_699' title='bbox 1660 5318 1922 5387; x_wconf 80' lang='lat' dir='ltr'><strong><em>Hispania</em></strong></span> 
     </span>
    </p>
   </div>
   <div class='ocr_carea' id='block_1_100' title="bbox 365 5411 1927 5491">
    <p class='ocr_par' dir='ltr' id='par_1_100' title="bbox 365 5411 1927 5491">
     <span class='ocr_line' id='line_1_101' title="bbox 365 5411 1927 5491; baseline -0.008 -16"><span class='ocrx_word' id='word_1_700' title='bbox 365 5425 711 5491; x_wconf 66' lang='lat' dir='ltr'><strong><em>i-pisc0pnm,</em></strong></span> <span class='ocrx_word' id='word_1_701' title='bbox 733 5437 800 5477; x_wconf 85' lang='lat' dir='ltr'><strong><em>ex</em></strong></span> <span class='ocrx_word' id='word_1_702' title='bbox 826 5418 1085 5475; x_wconf 89' lang='lat' dir='ltr'><strong><em>omnibus</em></strong></span> <span class='ocrx_word' id='word_1_703' title='bbox 1107 5414 1469 5471; x_wconf 89' lang='lat' dir='ltr'><strong><em>familiaribus</em></strong></span> <span class='ocrx_word' id='word_1_704' title='bbox 1491 5413 1606 5467; x_wconf 85' lang='lat' dir='ltr'><strong><em>suis</em></strong></span> <span class='ocrx_word' id='word_1_705' title='bbox 1627 5411 1927 5472; x_wconf 79' lang='lat' dir='ltr'><strong><em>delectum,</em></strong></span> 
     </span>
    </p>
   </div>
   <div class='ocr_carea' id='block_1_101' title="bbox 367 5499 1933 5579">
    <p class='ocr_par' dir='ltr' id='par_1_101' title="bbox 367 5499 1933 5579">
     <span class='ocr_line' id='line_1_102' title="bbox 367 5499 1933 5579; baseline -0.01 -10"><span class='ocrx_word' id='word_1_706' title='bbox 367 5531 488 5569; x_wconf 81' lang='lat' dir='ltr'><strong><em>cum</em></strong></span> <span class='ocrx_word' id='word_1_707' title='bbox 532 5515 732 5569; x_wconf 90' lang='lat' dir='ltr'><strong><em>litteris</em></strong></span> <span class='ocrx_word' id='word_1_708' title='bbox 774 5511 841 5566; x_wconf 84' lang='lat' dir='ltr'><strong><em>ad</em></strong></span> <span class='ocrx_word' id='word_1_709' title='bbox 875 5526 972 5567; x_wconf 90' lang='lat' dir='ltr'><strong><em>eos</em></strong></span> <span class='ocrx_word' id='word_1_710' title='bbox 1006 5507 1099 5579; x_wconf 93' lang='lat' dir='ltr'><strong><em>qui</em></strong></span> <span class='ocrx_word' id='word_1_711' title='bbox 1135 5508 1188 5561; x_wconf 89' lang='lat' dir='ltr'><strong><em>in</em></strong></span> <span class='ocrx_word' id='word_1_712' title='bbox 1219 5505 1449 5576; x_wconf 65' lang='lat' dir='ltr'><strong><em>Egypto</em></strong></span> <span class='ocrx_word' id='word_1_713' title='bbox 1498 5504 1642 5557; x_wconf 90' lang='lat' dir='ltr'><strong><em>inter</em></strong></span> <span class='ocrx_word' id='word_1_714' title='bbox 1674 5516 1731 5557; x_wconf 89' lang='lat' dir='ltr'><strong><em>se</em></strong></span> <span class='ocrx_word' id='word_1_715' title='bbox 1769 5499 1933 5555; x_wconf 85' lang='lat' dir='ltr'><strong><em>dissi-</em></strong></span> 
     </span>
    </p>
   </div>
   <div class='ocr_carea' id='block_1_102' title="bbox 370 5596 1928 5660">
    <p class='ocr_par' dir='ltr' id='par_1_102' title="bbox 370 5596 1928 5660">
     <span class='ocr_line' id='line_1_103' title="bbox 370 5596 1928 5660; baseline -0.007 -1"><span class='ocrx_word' id='word_1_716' title='bbox 370 5607 576 5660; x_wconf 84' lang='lat' dir='ltr'><strong><em>debant</em></strong></span> <span class='ocrx_word' id='word_1_717' title='bbox 604 5606 983 5660; x_wconf 88' lang='lat' dir='ltr'><strong><em>conciliandos</em></strong></span> <span class='ocrx_word' id='word_1_718' title='bbox 1006 5613 1062 5659; x_wconf 89' lang='lat' dir='ltr'><strong><em>et</em></strong></span> <span class='ocrx_word' id='word_1_719' title='bbox 1082 5603 1147 5655; x_wconf 87' lang='lat' dir='ltr'><strong><em>ad</em></strong></span> <span class='ocrx_word' id='word_1_720' title='bbox 1170 5598 1523 5656; x_wconf 88' lang='lat' dir='ltr'><strong><em>concordiam</em></strong></span> <span class='ocrx_word' id='word_1_721' title='bbox 1548 5596 1928 5651; x_wconf 86' lang='lat' dir='ltr'><strong><em>reducendos:</em></strong></span> 
     </span>
    </p>
   </div>
   <div class='ocr_carea' id='block_1_103' title="bbox 369 5688 1931 5765">
    <p class='ocr_par' dir='ltr' id='par_1_103' title="bbox 369 5688 1931 5765">
     <span class='ocr_line' id='line_1_104' title="bbox 369 5688 1931 5765; baseline -0.006 -15"><span class='ocrx_word' id='word_1_722' title='bbox 369 5706 423 5750; x_wconf 79' lang='lat' dir='ltr'><strong><em>et</em></strong></span> <span class='ocrx_word' id='word_1_723' title='bbox 456 5696 584 5750; x_wconf 86' lang='lat' dir='ltr'><strong><em>item</em></strong></span> <span class='ocrx_word' id='word_1_724' title='bbox 632 5697 699 5750; x_wconf 90' lang='lat' dir='ltr'><strong><em>ad</em></strong></span> <span class='ocrx_word' id='word_1_725' title='bbox 730 5713 825 5751; x_wconf 89' lang='lat' dir='ltr'><strong><em>eos</em></strong></span> <span class='ocrx_word' id='word_1_726' title='bbox 858 5698 947 5765; x_wconf 88' lang='lat' dir='ltr'><strong><em>qui</em></strong></span> <span class='ocrx_word' id='word_1_727' title='bbox 1001 5697 1056 5749; x_wconf 89' lang='lat' dir='ltr'><strong><em>in</em></strong></span> <span class='ocrx_word' id='word_1_728' title='bbox 1098 5695 1329 5751; x_wconf 86' lang='lat' dir='ltr'><strong><em>Oriente</em></strong></span> <span class='ocrx_word' id='word_1_729' title='bbox 1374 5690 1639 5746; x_wconf 83' lang='lat' dir='ltr'><strong><em>Ecclesiis</em></strong></span> <span class='ocrx_word' id='word_1_730' title='bbox 1685 5688 1807 5741; x_wconf 88' lang='lat' dir='ltr'><strong><em>aliis</em></strong></span> <span class='ocrx_word' id='word_1_731' title='bbox 1872 5701 1931 5741; x_wconf 89' lang='lat' dir='ltr'><strong><em>se</em></strong></span> 
     </span>
    </p>
   </div>
   <div class='ocr_carea' id='block_1_104' title="bbox 373 5777 1931 5846">
    <p class='ocr_par' dir='ltr' id='par_1_104' title="bbox 373 5777 1931 5846">
     <span class='ocr_line' id='line_1_105' title="bbox 373 5777 1931 5846; baseline -0.01 0"><span class='ocrx_word' id='word_1_732' title='bbox 373 5788 621 5846; x_wconf 75' lang='lat' dir='ltr'><strong><em>i‘aschali</em></strong></span> <span class='ocrx_word' id='word_1_733' title='bbox 663 5788 751 5844; x_wconf 85' lang='lat' dir='ltr'><strong><em>die</em></strong></span> <span class='ocrx_word' id='word_1_734' title='bbox 784 5787 1115 5844; x_wconf 83' lang='lat' dir='ltr'><strong><em>celebrando</em></strong></span> <span class='ocrx_word' id='word_1_735' title='bbox 1149 5802 1259 5842; x_wconf 90' lang='lat' dir='ltr'><strong><em>non</em></strong></span> <span class='ocrx_word' id='word_1_736' title='bbox 1298 5781 1823 5842; x_wconf 72' lang='lat' dir='ltr'><strong><em>accommodabant,</em></strong></span> <span class='ocrx_word' id='word_1_737' title='bbox 1865 5777 1931 5831; x_wconf 89' lang='lat' dir='ltr'><strong><em>ad</em></strong></span> 
     </span>
    </p>
   </div>
   <div class='ocr_carea' id='block_1_105' title="bbox 2036 4845 3607 4925">
    <p class='ocr_par' dir='ltr' id='par_1_105' title="bbox 2036 4845 3607 4925">
     <span class='ocr_line' id='line_1_106' title="bbox 2036 4845 3607 4925; baseline -0.011 -12"><span class='ocrx_word' id='word_1_738' title='bbox 2036 4860 2170 4923; x_wconf 83' lang='grc' dir='ltr'>λοις,</span> <span class='ocrx_word' id='word_1_739' title='bbox 2205 4859 2306 4911; x_wconf 81' lang='grc' dir='ltr'><strong><em>κάν</em></strong></span> <span class='ocrx_word' id='word_1_740' title='bbox 2338 4861 2458 4920; x_wconf 80' lang='grc' dir='ltr'>ταῖς</span> <span class='ocrx_word' id='word_1_741' title='bbox 2489 4856 2629 4925; x_wconf 80' lang='grc' dir='ltr'>ὑπὲρ</span> <span class='ocrx_word' id='word_1_742' title='bbox 2663 4856 2761 4922; x_wconf 76' lang='grc' dir='ltr'>τῆς</span> <span class='ocrx_word' id='word_1_743' title='bbox 2801 4855 3038 4915; x_wconf 76' lang='grc' dir='ltr'>πίστεως</span> <span class='ocrx_word' id='word_1_744' title='bbox 3069 4849 3380 4920; x_wconf 85' lang='grc' dir='ltr'>ὁμολογίαις</span> <span class='ocrx_word' id='word_1_745' title='bbox 3423 4845 3607 4917; x_wconf 83' lang='grc' dir='ltr'>μικρῷ</span> 
     </span>
    </p>
   </div>
   <div class='ocr_carea' id='block_1_106' title="bbox 2037 4937 3606 5021">
    <p class='ocr_par' dir='ltr' id='par_1_106' title="bbox 2037 4937 3606 5021">
     <span class='ocr_line' id='line_1_107' title="bbox 2037 4937 3606 5021; baseline -0.009 -18"><span class='ocrx_word' id='word_1_746' title='bbox 2037 4952 2277 5021; x_wconf 74' lang='grc' dir='ltr'>πρόσθεν</span> <span class='ocrx_word' id='word_1_747' title='bbox 2306 4950 2747 5019; x_wconf 80' lang='grc' dir='ltr'>εὐδοκιμήσαντα</span> <span class='ocrx_word' id='word_1_748' title='bbox 2768 4963 2782 4977; x_wconf 88' lang='grc'><strong>·</strong></span> <span class='ocrx_word' id='word_1_749' title='bbox 2818 4946 2884 5000; x_wconf 85' lang='grc' dir='ltr'>δι’</span> <span class='ocrx_word' id='word_1_750' title='bbox 2916 4942 3099 5005; x_wconf 78' lang='grc' dir='ltr'>αἰδοῦς</span> <span class='ocrx_word' id='word_1_751' title='bbox 3129 4942 3184 4994; x_wconf 79' lang='grc' dir='ltr'>δὲ</span> <span class='ocrx_word' id='word_1_752' title='bbox 3212 4941 3306 4993; x_wconf 72' lang='grc' dir='ltr'>καὶ</span> <span class='ocrx_word' id='word_1_753' title='bbox 3342 4939 3425 4993; x_wconf 84' lang='grc' dir='ltr'>ὅτι</span> <span class='ocrx_word' id='word_1_754' title='bbox 3448 4937 3606 4990; x_wconf 81' lang='grc' dir='ltr'>πλεί-</span> 
     </span>
    </p>
   </div>
   <div class='ocr_carea' id='block_1_107' title="bbox 2040 5031 3608 5115">
    <p class='ocr_par' dir='ltr' id='par_1_107' title="bbox 2040 5031 3608 5115">
     <span class='ocr_line' id='line_1_108' title="bbox 2040 5031 3608 5115; baseline -0.011 -16"><span class='ocrx_word' id='word_1_755' title='bbox 2040 5065 2165 5110; x_wconf 81' lang='grc' dir='ltr'>στης</span> <span class='ocrx_word' id='word_1_756' title='bbox 2197 5042 2301 5115; x_wconf 64' lang='grc' dir='ltr'>ἦγε</span> <span class='ocrx_word' id='word_1_757' title='bbox 2326 5045 2490 5113; x_wconf 80' lang='grc' dir='ltr'>τιμῆς</span> <span class='ocrx_word' id='word_1_758' title='bbox 2520 5043 2710 5097; x_wconf 86' lang='grc' dir='ltr'>τοῦτον</span> <span class='ocrx_word' id='word_1_759' title='bbox 2746 5044 2775 5095; x_wconf 85' lang='grc' dir='ltr'><strong><em>δ</em></strong></span> <span class='ocrx_word' id='word_1_760' title='bbox 2807 5038 3060 5110; x_wconf 83' lang='grc' dir='ltr'>βασιλεύς</span> <span class='ocrx_word' id='word_1_761' title='bbox 3083 5054 3096 5068; x_wconf 74' lang='grc' dir='ltr'><strong>ο</strong></span> <span class='ocrx_word' id='word_1_762' title='bbox 3138 5036 3313 5106; x_wconf 75' lang='grc' dir='ltr'>ὄνομα</span> <span class='ocrx_word' id='word_1_763' title='bbox 3339 5033 3384 5086; x_wconf 84' lang='grc' dir='ltr'>δ’</span> <span class='ocrx_word' id='word_1_764' title='bbox 3414 5031 3608 5101; x_wconf 70' lang='grc' dir='ltr'>ἐκείνῳ</span> 
     </span>
    </p>
   </div>
   <div class='ocr_carea' id='block_1_108' title="bbox 2039 5120 3608 5204">
    <p class='ocr_par' dir='ltr' id='par_1_108' title="bbox 2039 5120 3608 5204">
     <span class='ocr_line' id='line_1_109' title="bbox 2039 5120 3608 5204; baseline -0.01 -16"><span class='ocrx_word' id='word_1_765' title='bbox 2039 5137 2225 5198; x_wconf 74' lang='lat' dir='ltr'><strong><em>&quot;Octo;</em></strong></span> <span class='ocrx_word' id='word_1_766' title='bbox 2272 5130 2381 5204; x_wconf 78' lang='grc' dir='ltr'><strong><em>ἦν’</em></strong></span> <span class='ocrx_word' id='word_1_767' title='bbox 2423 5134 2553 5202; x_wconf 83' lang='grc' dir='ltr'>μιᾶς</span> <span class='ocrx_word' id='word_1_768' title='bbox 2596 5132 2653 5184; x_wconf 81' lang='grc' dir='ltr'>δὲ</span> <span class='ocrx_word' id='word_1_769' title='bbox 2702 5130 2808 5182; x_wconf 84' lang='grc' dir='ltr'>τῶν</span> <span class='ocrx_word' id='word_1_770' title='bbox 2857 5131 2917 5182; x_wconf 82' lang='grc' dir='ltr'>ὲν</span> <span class='ocrx_word' id='word_1_771' title='bbox 2957 5126 3211 5196; x_wconf 82' lang='grc' dir='ltr'>ἰσπανίᾳ</span> <span class='ocrx_word' id='word_1_772' title='bbox 3250 5123 3463 5177; x_wconf 77' lang='grc' dir='ltr'>πόλεων</span> <span class='ocrx_word' id='word_1_773' title='bbox 3507 5120 3608 5189; x_wconf 75' lang='grc' dir='ltr'>τὴν</span> 
     </span>
    </p>
   </div>
   <div class='ocr_carea' id='block_1_109' title="bbox 2038 5213 3606 5296">
    <p class='ocr_par' dir='ltr' id='par_1_109' title="bbox 2038 5213 3606 5296">
     <span class='ocr_line' id='line_1_110' title="bbox 2038 5213 3606 5296; baseline -0.011 -16"><span class='ocrx_word' id='word_1_774' title='bbox 2038 5227 2347 5296; x_wconf 74' lang='grc' dir='ltr'>ἐπισκοπὴν</span> <span class='ocrx_word' id='word_1_775' title='bbox 2418 5222 2716 5293; x_wconf 61' lang='grc' dir='ltr'>ἐκληροῦτο</span> <span class='ocrx_word' id='word_1_776' title='bbox 2748 5236 2761 5251; x_wconf 79' lang='grc' dir='ltr'><strong>ο</strong></span> <span class='ocrx_word' id='word_1_777' title='bbox 2830 5218 3154 5289; x_wconf 83' lang='grc' dir='ltr'>Κουρδούϐη</span> <span class='ocrx_word' id='word_1_778' title='bbox 3202 5216 3259 5269; x_wconf 81' lang='grc' dir='ltr'>δὲ</span> <span class='ocrx_word' id='word_1_779' title='bbox 3315 5213 3606 5267; x_wconf 73' lang='grc' dir='ltr'>ἐκαλεῖτοο</span> 
     </span>
    </p>
   </div>
   <div class='ocr_carea' id='block_1_110' title="bbox 2033 5300 3603 5381">
    <p class='ocr_par' dir='ltr' id='par_1_110' title="bbox 2033 5300 3603 5381">
     <span class='ocr_line' id='line_1_111' title="bbox 2033 5300 3603 5381; baseline -0.012 -12"><span class='ocrx_word' id='word_1_780' title='bbox 2033 5314 2222 5369; x_wconf 80' lang='grc' dir='ltr'>τοῦτον</span> <span class='ocrx_word' id='word_1_781' title='bbox 2274 5313 2412 5381; x_wconf 88' lang='grc' dir='ltr'><strong><em>μετά</em></strong></span> <span class='ocrx_word' id='word_1_782' title='bbox 2462 5310 2809 5379; x_wconf 77' lang='grc' dir='ltr'>γραμμάτων</span> <span class='ocrx_word' id='word_1_783' title='bbox 2841 5311 2955 5370; x_wconf 86' lang='grc' dir='ltr'>τοῖς</span> <span class='ocrx_word' id='word_1_784' title='bbox 2993 5310 3048 5358; x_wconf 81' lang='grc' dir='ltr'>ὲν</span> <span class='ocrx_word' id='word_1_785' title='bbox 3075 5307 3338 5371; x_wconf 86' lang='grc' dir='ltr'>Δίγύπτῳ</span> <span class='ocrx_word' id='word_1_786' title='bbox 3379 5300 3603 5353; x_wconf 81' lang='grc' dir='ltr'>στασιά-</span> 
     </span>
    </p>
   </div>
   <div class='ocr_carea' id='block_1_111' title="bbox 2033 5394 3597 5474">
    <p class='ocr_par' dir='ltr' id='par_1_111' title="bbox 2033 5394 3597 5474">
     <span class='ocr_line' id='line_1_112' title="bbox 2033 5394 3597 5474; baseline -0.013 -11"><span class='ocrx_word' id='word_1_787' title='bbox 2033 5408 2219 5474; x_wconf 73' lang='grc' dir='ltr'>ζουσιν</span> <span class='ocrx_word' id='word_1_788' title='bbox 2267 5407 2524 5474; x_wconf 76' lang='grc' dir='ltr'>ἔπεμπε.</span> <span class='ocrx_word' id='word_1_789' title='bbox 2576 5402 2912 5467; x_wconf 78' lang='grc' dir='ltr'>καταλλάξαι</span> <span class='ocrx_word' id='word_1_790' title='bbox 2962 5416 3020 5452; x_wconf 87' lang='grc' dir='ltr'><strong><em>τε</em></strong></span> <span class='ocrx_word' id='word_1_791' title='bbox 3079 5397 3176 5450; x_wconf 78' lang='grc' dir='ltr'>καὶ</span> <span class='ocrx_word' id='word_1_792' title='bbox 3219 5396 3299 5455; x_wconf 82' lang='grc' dir='ltr'><strong><em>είς</em></strong></span> <span class='ocrx_word' id='word_1_793' title='bbox 3344 5394 3597 5462; x_wconf 73' lang='grc' dir='ltr'>ὁμόνοιαν</span> 
     </span>
    </p>
   </div>
   <div class='ocr_carea' id='block_1_112' title="bbox 2033 5489 3603 5567">
    <p class='ocr_par' dir='ltr' id='par_1_112' title="bbox 2033 5489 3603 5567">
     <span class='ocr_line' id='line_1_113' title="bbox 2033 5489 3603 5567; baseline -0.013 -12"><span class='ocrx_word' id='word_1_794' title='bbox 2033 5502 2265 5567; x_wconf 74' lang='grc' dir='ltr'>ἀγαγεῖν</span> <span class='ocrx_word' id='word_1_795' title='bbox 2284 5512 2299 5528; x_wconf 79' lang='grc'><em>’</em></span> <span class='ocrx_word' id='word_1_796' title='bbox 2343 5497 2425 5550; x_wconf 71' lang='grc' dir='ltr'>ἔτι</span> <span class='ocrx_word' id='word_1_797' title='bbox 2454 5490 2509 5548; x_wconf 76' lang='grc' dir='ltr'>δὲ</span> <span class='ocrx_word' id='word_1_798' title='bbox 2540 5498 2633 5547; x_wconf 72' lang='grc' dir='ltr'>καὶ</span> <span class='ocrx_word' id='word_1_799' title='bbox 2667 5497 2777 5558; x_wconf 78' lang='grc' dir='ltr'>τοῖς</span> <span class='ocrx_word' id='word_1_800' title='bbox 2825 5493 2952 5561; x_wconf 76' lang='grc' dir='ltr'>περὶ</span> <span class='ocrx_word' id='word_1_801' title='bbox 2982 5494 3081 5561; x_wconf 76' lang='grc' dir='ltr'>τὴν</span> <span class='ocrx_word' id='word_1_802' title='bbox 3111 5489 3305 5560; x_wconf 78' lang='grc' dir='ltr'>ἑορτὴν</span> <span class='ocrx_word' id='word_1_803' title='bbox 3347 5489 3603 5553; x_wconf 84' lang='grc' dir='ltr'>διαφερο-</span> 
     </span>
    </p>
   </div>
   <div class='ocr_carea' id='block_1_113' title="bbox 2040 5578 3603 5662">
    <p class='ocr_par' dir='ltr' id='par_1_113' title="bbox 2040 5578 3603 5662">
     <span class='ocr_line' id='line_1_114' title="bbox 2040 5578 3603 5662; baseline -0.009 -17"><span class='ocrx_word' id='word_1_804' title='bbox 2040 5594 2224 5662; x_wconf 78' lang='grc' dir='ltr'>μένοις</span> <span class='ocrx_word' id='word_1_805' title='bbox 2284 5592 2426 5643; x_wconf 84' lang='grc' dir='ltr'><strong><em>κατά</em></strong></span> <span class='ocrx_word' id='word_1_806' title='bbox 2478 5589 2577 5659; x_wconf 85' lang='grc' dir='ltr'>τὴν</span> <span class='ocrx_word' id='word_1_807' title='bbox 2625 5590 2700 5641; x_wconf 79' lang='grc' dir='ltr'>ἓω</span> <span class='ocrx_word' id='word_1_808' title='bbox 2733 5587 2834 5655; x_wconf 79' lang='grc' dir='ltr'>τὴν</span> <span class='ocrx_word' id='word_1_809' title='bbox 2893 5583 3217 5654; x_wconf 65' lang='grc' dir='ltr'>συμφωνίαν</span> <span class='ocrx_word' id='word_1_810' title='bbox 3277 5578 3603 5651; x_wconf 85' lang='grc' dir='ltr'>βραϐεῦσαι.</span> 
     </span>
    </p>
   </div>
   <div class='ocr_carea' id='block_1_114' title="bbox 2038 5667 3604 5753">
    <p class='ocr_par' dir='ltr' id='par_1_114' title="bbox 2038 5667 3604 5753">
     <span class='ocr_line' id='line_1_115' title="bbox 2038 5667 3604 5753; baseline -0.012 -15"><span class='ocrx_word' id='word_1_811' title='bbox 2038 5685 2211 5753; x_wconf 80' lang='grc' dir='ltr'>Μέρος</span> <span class='ocrx_word' id='word_1_812' title='bbox 2240 5682 2296 5733; x_wconf 78' lang='grc' dir='ltr'>δὲ</span> <span class='ocrx_word' id='word_1_813' title='bbox 2325 5679 2400 5733; x_wconf 86' lang='grc' dir='ltr'>ὦν</span> <span class='ocrx_word' id='word_1_814' title='bbox 2427 5681 2726 5749; x_wconf 69' lang='grc' dir='ltr'>ἐπεφέρετο</span> <span class='ocrx_word' id='word_1_815' title='bbox 2747 5677 3116 5747; x_wconf 84' lang='grc' dir='ltr'>γραμμάτων,</span> <span class='ocrx_word' id='word_1_816' title='bbox 3138 5675 3239 5727; x_wconf 85' lang='grc' dir='ltr'>οὐκ</span> <span class='ocrx_word' id='word_1_817' title='bbox 3270 5673 3336 5726; x_wconf 88' lang='grc' dir='ltr'>ἂν</span> <span class='ocrx_word' id='word_1_818' title='bbox 3359 5668 3426 5723; x_wconf 78' lang='grc' dir='ltr'><strong><em>δι’</em></strong></span> <span class='ocrx_word' id='word_1_819' title='bbox 3447 5667 3604 5740; x_wconf 68' lang='grc' dir='ltr'>ὄχλου</span> 
     </span>
    </p>
   </div>
   <div class='ocr_carea' id='block_1_115' title="bbox 2038 5761 3603 5846">
    <p class='ocr_par' dir='ltr' id='par_1_115' title="bbox 2038 5761 3603 5846">
     <span class='ocr_line' id='line_1_116' title="bbox 2038 5761 3603 5846; baseline -0.011 -18"><span class='ocrx_word' id='word_1_820' title='bbox 2038 5780 2265 5846; x_wconf 82' lang='grc' dir='ltr'>γένοιτο,</span> <span class='ocrx_word' id='word_1_821' title='bbox 2298 5777 2347 5828; x_wconf 76' lang='grc' dir='ltr'>εἴ</span> <span class='ocrx_word' id='word_1_822' title='bbox 2374 5792 2435 5843; x_wconf 83' lang='grc' dir='ltr'><strong><em>γε</em></strong></span> <span class='ocrx_word' id='word_1_823' title='bbox 2479 5776 2542 5843; x_wconf 75' lang='grc' dir='ltr'>τῇ</span> <span class='ocrx_word' id='word_1_824' title='bbox 2589 5771 2880 5840; x_wconf 70' lang='grc' dir='ltr'>συγγραφῇ</span> <span class='ocrx_word' id='word_1_825' title='bbox 2930 5766 3343 5838; x_wconf 79' lang='grc' dir='ltr'>παραθείημεν·</span> <span class='ocrx_word' id='word_1_826' title='bbox 3392 5761 3454 5815; x_wconf 82' lang='grc' dir='ltr'>τὸ</span> <span class='ocrx_word' id='word_1_827' title='bbox 3498 5762 3603 5829; x_wconf 70' lang='grc' dir='ltr'>γὰρ</span> 
     </span>
    </p>
   </div>
  </div>
