3972 6200
331 445 404 508 53
1217 444 1814 504 ECCLESIAS’I‘IC/E
1855 444 2244 504 IIISTORUE
2286 443 2432 504 LIB.
2473 441 2639 505 VIII.
3271 493 3292 508 ν
3505 436 3573 497 5i

328 559 540 625 πλῆρες
593 555 848 618 Εὐσέϐιος
876 558 930 608 ἐν
965 555 1039 624 τῷ
1073 557 1244 626 τρίτῳ
1290 557 1396 608 τῶν
1432 556 1567 626 πρὸς
1616 558 1908 610 Κωνσταν-

2023 556 2423 612 consentientes
2451 554 2736 609 nobiscum
2766 550 3122 607 caeremonias
3147 546 3568 618 pertrahendos,

326 649 476 700 τίνον
509 647 736 718 βιϐλίων
759 647 1088 716 ἀνέγραψεν.
1130 649 1285 718 Ἔχει
1319 648 1375 701 δὲ
1404 647 1545 700 οὕτω
1567 663 1580 677 ·

2007 647 2177 702 misit.
2211 646 2542 702 Litterarum
2579 660 2768 700 earum
2803 652 3013 716 partem
3050 642 3291 710 aliquam
3333 655 3442 694 non
3485 639 3573 692 in-

326 742 684 796 commodum
732 741 900 796 fuerit
951 741 1058 796 hoc
1104 741 1226 796 loco
1279 741 1541 797 inserere.
1597 741 1895 812 Epistolam
1936 742 2085 796 enim
2150 748 2320 796 totam
2356 741 2628 796 Eusebius
2669 739 2812 795 libro
2897 738 3063 794 tertio
3102 752 3292 793 eorum
3339 750 3478 805 quos
3512 735 3579 789 de

329 831 701 889 Constantino
735 834 980 904 scripsit,
1018 833 1084 888 de
1126 833 1298 889 verbo
1330 835 1394 890 ad
1427 836 1653 890 verbum
1691 835 1900 890 retulit.
1940 834 2112 905 Cujus
2137 835 2316 904 capita
2343 833 2588 904 quaedam
2621 832 2701 887 sic
2733 831 2974 886 habent:

921 971 1174 1025 ΚΕΦΑΛ.
1215 970 1312 1025 II".

347 1059 673 1128 Ἐπιστολὴ
704 1060 810 1114 τοῦ
840 1061 1161 1129 θεοφιλοῦς
1178 1061 1505 1126 βασιλέως,
1539 1061 1904 1129 Ἀλεξάνδρῳ

759 1131 860 1183 καί
889 1131 1082 1198 Ἀρείῳ
1107 1131 1466 1199 πεμφθεῖσα.

409 1261 427 1294 ι
467 1244 717 1314 Νικητής
756 1246 1199 1308 Κωνσταντῖνος,
1255 1245 1548 1315 μέγιστος,
1599 1247 1899 1312 σεϐαστδς,

341 1335 465 1388 ’Δλε
476 1333 690 1405 ξάνδρῳ
711 1337 807 1389 καὶ
833 1338 1049 1407 Ἀρείῳ.
1085 1337 1357 1392 Μανθάνω
1382 1339 1594 1392 ἐκεῖθεν
1618 1339 1898 1409 ὑπῆρχθαι

329 1427 426 1479 τοῦ
460 1428 732 1498 παρόντος
758 1427 1072 1496 ζητήματος
1099 1427 1198 1498 τὴν
1225 1429 1556 1500 καταϐολήν.
1591 1431 1764 1484 Ὅταν
1791 1432 1902 1503 γάρ

332 1518 424 1580 σὺ,
452 1511 500 1570 ὦ
535 1517 893 1588 Ἀλέξανδρε,
934 1520 1150 1587 ἐζήτεις
1187 1520 1337 1591 παρὰ
1360 1519 1471 1576 τῶν
1510 1522 1900 1592 πρεσϐυτέρων

337 1609 554 1679 μαθεῖν,
587 1608 642 1661 τί
672 1608 737 1676 δή
774 1625 906 1660 ποτε
952 1610 1064 1662 νοεῖ
1099 1608 1331 1674 ἕκαστος
1360 1612 1539 1665 αὐτῶν
1583 1613 1724 1683 ύπέρ
1757 1633 1902 1679 τινος

333 1701 508 1753 τόπου
535 1701 642 1753 τῶν
678 1701 734 1752 ἐν
763 1700 916 1770 νόμῳ
943 1702 1353 1772 γεγραμμένων
1373 1720 1390 1736 ο
1425 1704 1626 1772 μᾶλλον
1666 1707 1723 1759 δὲ
1762 1707 1903 1780 ὑπέρ

332 1807 484 1854 τινος
523 1793 757 1860 ματαίου
793 1793 1108 1862 ζητήματος
1137 1795 1338 1866 μέρους
1366 1797 1657 1851 πυνθάνοιο
1680 1814 1696 1830 ’
1726 1799 1790 1852 σύ
1817 1817 1901 1866 τε,

2595 971 2822 1026 CAPUT
2863 969 3003 1024 XIII.

2011 1064 2256 1136 Epistola
2281 1063 2443 1118 Deum
2470 1063 2735 1136 diligentis
2753 1062 3106 1136 imperatoris,
3123 1061 3193 1115 ad
3220 1061 3581 1117 Alexandrum

2565 1143 2613 1186 et
2643 1134 2827 1188 Arium
2858 1133 3039 1188 missa.

2087 1264 2106 1297 ι
2143 1246 2328 1303 Victor
2355 1245 2767 1309 Constantinus,
2801 1244 3091 1310 Maximus,
3119 1245 3416 1314 Augustus,
3453 1247 3576 1302 Ale-

2012 1339 2226 1392 xandro
2249 1347 2304 1391 et
2328 1337 2478 1391 Ario.
2503 1337 2836 1402 Questionis
2873 1337 3160 1406 praesentis
3205 1337 3493 1390 exordium
3551 1353 3578 1390 a

2011 1427 2172 1482 vobis
2199 1427 2404 1481 isthiuc
2427 1425 2702 1482 exstitisse
2730 1425 2996 1496 intelligo.
3024 1425 3159 1480 Cum
3185 1426 3330 1480 etaim
3359 1435 3438 1489 tu,
3459 1427 3584 1480 Ale-

2011 1519 2242 1584 xander,
2267 1534 2295 1572 a
2314 1517 2650 1589 presbyteris
2667 1517 2980 1586 requireres
2997 1516 3126 1585 quid
3144 1517 3378 1585 quisque
3393 1533 3584 1572 eorum

2008 1610 2244 1664 sentiret
2263 1608 2330 1662 de
2362 1607 2600 1676 quodam
2632 1607 2754 1663 loco
2774 1607 2934 1677 legis,
2965 1622 3060 1662 seu
3097 1611 3280 1677 potius
3306 1611 3375 1661 de
3397 1610 3584 1676 cujus-

2009 1700 2134 1755 dam
2179 1699 2348 1768 partis
2388 1698 2536 1753 inani
2582 1697 2888 1766 quaestione
2935 1698 3350 1768 interrogares:
3389 1708 3443 1752 et
3492 1708 3582 1760 tu,

2010 1791 2104 1844 Ari
2127 1830 2141 1853 ,
2177 1789 2322 1859 quod
2357 1790 2436 1844 vel
2475 1804 2702 1860 prorsus
2743 1789 2800 1843 in
2832 1793 3078 1844 animum
3113 1806 3220 1845 non
3255 1785 3586 1853 admissum,

332 1875 380 1934 ὧ
415 1883 628 1952 Ἀρειε,
663 1884 801 1953 ὅπερ
843 1883 877 1955 ἢ
926 1885 1060 1954 μήτε
1105 1885 1203 1954 τὴν
1233 1886 1409 1957 ἀρχὴν
1448 1886 1847 1958 ἐνθυμηθῆναι,
1878 1889 1912 1958 ἢ

2023 1881 2102 1936 vel
2149 1891 2300 1936 certe
2345 1881 2646 1936 admissum
2682 1882 2908 1936 silentio
2950 1882 3270 1936 mandatum
3313 1883 3584 1952 oportuit.

333 1975 710 2044 ἐνθυμηθέντα
737 1980 917 2047 σιωπῇ
945 1977 1288 2046 παραδοῦναι
1319 1978 1600 2049 προσῆκον
1623 1975 1710 2049 ἦν,
1739 1982 1912 2050 ἀπρο-

333 2068 520 2130 όπτως
568 2069 901 2132 ἐντέθεικας,
934 2070 1034 2137 τῆς
1083 2071 1141 2122 ἐν
1180 2071 1309 2140 ὑμῖν
1347 2071 1617 2141 διχονοίας
1667 2073 1912 2143 ἐγερθεί-

337 2177 460 2228 σης,
505 2161 539 2230 ή
579 2160 677 2230 μὲν
711 2161 931 2223 σύνοδος
978 2162 1189 2233 ήρνήθη
1218 2177 1233 2193 ·
1282 2163 1310 2215 ό
1339 2163 1396 2216 δὲ
1452 2164 1756 2231 ἁγιώτατος
1785 2166 1914 2228 λαὸς

336 2254 417 2314 εἰς
448 2253 796 2322 ἀμφοτέρους
821 2253 1085 2322 σχισθεὶς,
1116 2255 1179 2305 ἐκ
1199 2252 1300 2322 τῆς
1321 2253 1418 2306 τοῦ
1445 2255 1630 2308 κοινοῦ
1660 2255 1912 2324 σώματος

339 2345 602 2413 ἁρμονίας
626 2345 900 2415 ἐχωρίσθη
925 2361 938 2374 ο
969 2343 1170 2397 οὐκοῦν
1198 2345 1459 2417 ἑκάτερος
1509 2346 1665 2415 ὑμῶν
1705 2347 1766 2412 ἐξ
1793 2348 1909 2400 ίσου

336 2439 436 2506 τὴν
493 2439 723 2506 γνώμην
783 2437 1107 2508 παρασχὼν,
1165 2438 1300 2509 ὅπερ
1359 2439 1426 2492 ἂν
1475 2441 1503 2492 ό
1560 2439 1914 2511 συνθεράπων

338 2529 495 2596 ὑμῶν
524 2529 754 2590 δικαίως
788 2533 1056 2600 παραινῇ,
1090 2529 1337 2594 δέξασθε.
1372 2531 1438 2583 Τί
1466 2531 1523 2585 δὲ
1553 2531 1712 2584 τοῦτό
1739 2533 1910 2597 ἐστιν,

337 2618 463 2670 οὔτε
501 2621 714 2688 ἐρωτᾷν
763 2621 906 2690 ὑπὲρ
937 2621 1045 2673 τῶν
1075 2619 1338 2676 τοιούτων
1371 2623 1602 2692 ἐξαρχῆς
1636 2623 1915 2692 προσῆκον

335 2702 426 2776 ἦν,
461 2705 586 2758 οὕτε
621 2706 973 2776 ἐρωτώμενον
1002 2709 1430 2778 ἀποκρίνασθαι.
1462 2710 1572 2770 Τάς
1600 2709 1711 2779 γάρ
1737 2711 1917 2763 τοιαύ-

335 2812 437 2858 τας
467 2797 752 2865 ζητήσεις,
795 2797 1001 2858 ὁπόσας
1028 2797 1089 2850 ού
1125 2797 1290 2866 νόμου
1321 2797 1468 2859 τινὸς
1491 2797 1706 2868 ἀνάγκη
1749 2814 1916 2866 προσ-

336 2889 550 2950 τάττει,
599 2887 714 2938 ἀλλ’
747 2888 1065 2958 ἀνωφελοῦς
1111 2888 1309 2958 ἀργίας
1361 2888 1648 2959 έρεσχελία
1692 2889 1915 2958 προστί-

339 2981 525 3049 θησιν,
575 2983 626 3034 εί
681 2981 777 3034 καὶ
829 2983 1069 3050 φυσικῆς
1129 2998 1273 3044 τινος
1331 2983 1644 3052 γυμνασίας
1703 2983 1918 3049 γένοιτο

338 3075 534 3139 ἕνεκα,
564 3075 716 3143 ὅμως
747 3075 1042 3142 ὀφείλομεν
1070 3075 1202 3128 είσω
1231 3076 1331 3145 τῆς
1359 3075 1600 3138 διανοίας
1629 3073 1914 3142 ἐγκλείειν,

2014 1973 2324 2043 improvide
2371 1973 2758 2043 respondendo
2787 1991 3098 2044 exponeres
3119 2016 3133 2040 ,
3166 1975 3405 2028 excitata
3443 1973 3588 2030 inter

2012 2081 2112 2121 vos
2143 2065 2494 2120 dissensione
2518 2107 2532 2127 ,
2569 2075 2880 2120 conventus
2909 2066 3132 2135 quidem
3169 2052 3431 2120 solemnis
3464 2069 3588 2135 qui-

2013 2158 2240 2213 busdam
2270 2157 2593 2226 denegatus,
2626 2158 3016 2212 sanctissimus
3045 2167 3229 2212 autem
3263 2159 3497 2228 populus
3530 2159 3584 2212 in

2011 2257 2194 2317 partes
2229 2248 2458 2311 scissus,
2485 2248 2797 2302 communis
2826 2249 3078 2315 corporis
3103 2256 3231 2317 apta
3265 2258 3322 2302 et
3352 2262 3587 2301 consen-

2013 2341 2184 2395 tiente
2226 2339 2430 2394 unione
2459 2339 2682 2394 excidit.
2723 2339 2915 2408 Itaque
2963 2349 3196 2408 uterque
3242 2350 3487 2394 vestrum
3519 2355 3587 2393 ex

2012 2445 2170 2500 aequo
2216 2431 2550 2485 sententiam
2599 2430 2939 2499 aniuumque
2987 2431 3466 2492 animadvertetis.
3518 2433 3586 2486 ad

2013 2523 2158 2593 quod
2206 2539 2302 2577 vos
2339 2537 2642 2578 conservus
2679 2532 2736 2576 et
2774 2523 2984 2592 collega
3023 2531 3205 2577 vester
3235 2523 3481 2590 legitime
3522 2539 3586 2577 ac

2009 2617 2156 2686 juste
2185 2615 2510 2671 cohortatus
2535 2615 2724 2676 fuerit,
2755 2614 2809 2667 id
2837 2614 3128 2681 suscipiat.
3155 2614 3294 2679 Quid
3323 2629 3458 2668 vero
3483 2615 3588 2669 hoc

2016 2710 2191 2780 ipsum
2225 2709 2347 2762 est?
2377 2707 2564 2777 Neque
2593 2707 2932 2776 interrogare
2963 2706 3030 2760 de
3057 2706 3328 2776 ejusmodi
3365 2708 3530 2760 rebus
3556 2722 3584 2760 a

2015 2800 2310 2871 principio,
2337 2814 2515 2868 neque
2549 2799 2944 2868 interrogatum
2980 2798 3341 2868 respondere,
3369 2815 3586 2869 aequum

2016 2906 2152 2954 erat.
2178 2898 2528 2968 Ejuscemodi
2555 2897 2700 2952 enim
2725 2893 3078 2964 quaestiones.
3103 2907 3239 2960 quas
3266 2909 3375 2948 non
3407 2894 3588 2962 aliqua

2016 2991 2154 3060 legis
2180 2999 2238 3045 et
2274 2990 2559 3060 religionis
2592 2997 2792 3044 nostra:
2836 2987 3140 3042 necessitas
3181 2987 3454 3056 iniungit.
3492 2987 3587 3040 sed

2018 3081 2210 3137 inanes
2246 3082 2456 3136 inutilis
2491 3081 2590 3136 otii
2632 3095 2789 3152 nugs:
2815 3079 3137 3149 proferunt,
3175 3078 3392 3132 etiamsi
3429 3086 3591 3132 natu-

341 3168 441 3220 καὶ
473 3167 550 3237 μή
582 3167 890 3238 προχείρως
921 3169 1002 3231 είς
1031 3167 1300 3238 δημοσίας
1339 3168 1593 3229 συνόδους
1636 3167 1912 3237 ἐκφέρειν,

2023 3175 2148 3228 ralis
2191 3175 2426 3244 alicujus
2467 3171 2921 3228 exeereitationis
2962 3169 3136 3240 gratia
3186 3177 3588 3239 preponantur,

344 3260 484 3330 μηδὲ
531 3263 649 3323 ταῖς
691 3262 908 3314 πάντων
957 3261 1150 3324 ἀκοαῖς
1201 3262 1555 3334 ἀπρονοήτως
1612 3261 1912 3315 πιστεύειν.

341 3355 517 3414 Πότος
549 3354 658 3425 γάρ
693 3357 844 3408 ἐστιν
895 3355 1150 3422 ἕκαστος,
1198 3354 1340 3408 ὥστε
1375 3356 1720 3427 πραγμάτων
1772 3354 1916 3408 οὕτω

339 3445 602 3514 μεγάλων
663 3447 759 3499 καὶ
815 3445 936 3500 λίαν
995 3448 1274 3518 δυσχερῶν
1325 3447 1624 3518 δύναμινῆ
1680 3447 1815 3518 πρὸς
1856 3448 1916 3500 τὸ

336 3539 574 3607 ἀκριϐὲς
616 3539 874 3599 συνιδεῖν.
910 3539 941 3610 ή
986 3541 1104 3592 κατ’
1143 3539 1300 3607 ἀξίαν
1340 3539 1724 3611 ἐρμηνεῦσαι;
1770 3541 1831 3593 El
1859 3539 1916 3593 δὲ

339 3634 446 3685 καὶ
479 3633 640 3685 τοῦτο
668 3634 847 3685 ποιεῖν
881 3650 964 3695 τις
993 3632 1234 3702 εὐχερῶς
1273 3633 1584 3702 νομισθείη.
1620 3633 1785 3686 πόσον
1819 3632 1918 3702 μέ-

346 3739 448 3793 ρος
473 3724 572 3776 τοῦ
605 3725 782 3795 δήμου
815 3724 1034 3788 πείσεις
1073 3725 1144 3776 Ἢ
1173 3724 1255 3788 τίς
1293 3724 1351 3787 ὃς
1378 3726 1497 3787 ταῖς
1524 3725 1632 3778 τῶν
1658 3723 1918 3778 τοιούτων

343 3817 661 3884 ἀκριϐείαις
695 3816 804 3880 ἔξω
835 3817 932 3885 τῆς
963 3814 1309 3869 ἐπικινδύνου
1341 3814 1792 3884 παρολισθήσεως
1826 3816 1920 3868 ἀν-

345 3907 611 3976 τισταίης
668 3907 883 3961 Οὐκοῦν
937 3907 1194 3973 ἐφεκτέον
1246 3909 1304 3961 ἐν
1352 3909 1466 3969 τοῖς
1513 3907 1777 3970 τοιούτοις
1823 3909 1920 3975 τὴν

347 3993 714 4060 πολυλογίαν*
748 3994 834 4046 ἵνα
881 3994 1141 4063 μήπωςή
1183 3993 1341 4064 ήμῶν
1381 3993 1640 4046 ἀσθένεια
1691 3994 1788 4062 τῆς
1820 3994 1922 4062 φύ-

350 4101 514 4151 σεως,
549 4084 609 4136 τὸ
638 4082 904 4154 προτεθὲν
937 4081 1274 4152 ἑρμηνεῦσαι
1304 4084 1380 4154 μὴ
1429 4083 1789 4153 δυνηθέντων,
1825 4083 1859 4152 ἢ
1887 4084 1920 4152 ή

350 4177 463 4228 τῶν
510 4175 919 4244 διδασκομένων
976 4173 1264 4244 ἀκροατῶν
1324 4174 1632 4244 βραδυτέρα
1681 4175 1920 4239 σύνεσις,

353 4272 494 4338 πρὸς
517 4268 720 4338 ἀκριϐῆ
754 4267 848 4320 τοῦ
883 4265 1140 4336 ῥηθέντος
1161 4267 1468 4336 κατάληψιν
1495 4266 1674 4320 ἐλθεῖν
1706 4267 1781 4337 μὴ
1811 4285 1923 4337 χω-

357 4362 662 4432 ρησάντων,
695 4358 848 4421 αὖθις
879 4357 938 4422 ἐξ
963 4359 1226 4427 ἑκατέρου
1251 4358 1477 4425 τούτων,
1506 4358 1538 4429 ἣ
1568 4359 1924 4430 βλασφημίας

352 4451 388 4520 ἥ
433 4451 753 4518 σχίσματος,
797 4450 877 4512 εἰς
907 4449 1155 4518 ἀνάγκην
1184 4451 1211 4502 ό
1252 4448 1423 4519 δῆμος
1458 4451 1776 4522 περισταίη.
1807 4452 1926 4504 Διό-

2023 3275 2204 3320 tamen
2232 3266 2372 3319 intra
2403 3265 2588 3318 abdita
2620 3263 2823 3318 mentis
2856 3271 3058 3316 nostra:
3087 3262 3397 3323 continere,
3431 3259 3590 3330 557

2023 3373 2202 3428 neque
2235 3358 2321 3413 vel
2351 3357 2509 3412 facile
2549 3357 2604 3410 in
2647 3354 2900 3424 publicos
2928 3360 3237 3408 conventus
3265 3351 3588 3421 producere,

2024 3451 2110 3504 vel
2167 3450 2385 3504 incaute
2433 3447 2680 3502 omnium
2735 3446 2965 3500 auribus
3015 3443 3248 3498 credere
3302 3443 3588 3497 debemus.

2023 3543 2238 3610 Quotus
2280 3543 2428 3596 enim
2472 3541 2707 3609 quisque
2752 3547 2836 3594 est
2881 3537 2975 3607 qui
3027 3552 3112 3592 res
3161 3537 3235 3590 ita
3275 3549 3499 3605 magnas
3536 3545 3593 3589 et

2027 3633 2275 3688 diﬂieiles
2316 3633 2610 3688 admodum
2653 3639 2748 3684 aut
2789 3639 2938 3684 certo
2972 3629 3321 3698 perspicere,
3356 3634 3449 3682 aut
3486 3627 3592 3679 rite

2025 3741 2302 3793 exponere
2336 3724 2541 3794 queat?
2577 3722 2734 3788 Quod
2775 3721 2819 3775 si
2853 3719 2980 3789 quis
3015 3717 3070 3772 id
3110 3718 3214 3772 sibi
3251 3717 3432 3771 facere
3467 3731 3592 3784 pro-

2025 3813 2168 3868 clive
2196 3827 2320 3867 esse
2354 3813 2557 3876 ducat,
2589 3809 2679 3866 cui
2716 3810 2857 3880 parti
2896 3807 3070 3878 plebis
3104 3808 3158 3861 id
3199 3805 3593 3876 persuadebit?

2027 3903 2138 3956 Aut
2176 3902 2302 3970 quis
2341 3901 2557 3955 tandem
2589 3900 2724 3961 erit.
2777 3901 2869 3968 qui
2904 3907 3092 3952 contra
3139 3899 3274 3952 tales
3317 3907 3591 3951 tantarum

2030 4009 2214 4047 rerum
2247 3994 2489 4062 argutias
2509 4003 2564 4046 et.
2591 3991 2930 4046 subtilitates
2951 3991 3072 4044 sine
3102 3991 3409 4059 periculoso
3437 3988 3590 4057 lapsu

2029 4082 2333 4139 consistet?
2367 4082 2542 4148 Quam
2574 4083 2645 4136 ob
2686 4097 2800 4134 rem
2843 4079 3142 4134 inhibenda
3182 4090 3259 4133 est
3300 4080 3354 4132 in
3393 4079 3596 4132 talibus

2031 4180 2330 4250 disputatio
2377 4178 2612 4249 longior,
2659 4193 2728 4232 ne
2776 4193 2886 4247 quo
2927 4175 3126 4243 modo,
3163 4175 3210 4230 si
3255 4175 3339 4230 vel
3387 4184 3597 4230 naturae

2031 4285 2232 4331 nostrae
2265 4273 2620 4329 imbecillitas
2655 4271 2800 4338 quod
2835 4271 3177 4340 propositum
3216 4269 3289 4323 sit
3319 4284 3597 4338 exponere

2031 4383 2142 4422 non
2169 4366 2346 4420 valeat
2372 4383 2386 4419 :
2415 4365 2501 4418 vel
2527 4362 2854 4417 discentium
2883 4360 3197 4414 auditorum
3226 4357 3481 4413 hebetius
3515 4358 3595 4410 iu-

2032 4461 2254 4532 genium
2296 4458 2350 4513 id
2391 4455 2540 4526 quod
2579 4453 2851 4524 exquisite
2883 4453 3092 4508 dictum
3129 4452 3201 4507 sit
3236 4451 3452 4518 assequi
3486 4465 3596 4502 non

357 4561 465 4613 περ
516 4545 610 4596 καὶ
663 4544 931 4615 ἐρώτησις
985 4542 1426 4611 ἀπροφύλακτος,
1483 4547 1574 4596 καὶ
1628 4545 1917 4614 ἀπόκρισις

2030 4552 2239 4623 possit,
2287 4551 2340 4604 in
2389 4548 2616 4602 alterius
2662 4547 2932 4610 istorum,
2975 4543 3329 4613 blasphemiae
3360 4540 3596 4603 scilicet,

361 4636 719 4705 ἁπρονόητος,
769 4637 870 4706 τὴν
927 4636 1048 4706 ίσην
1099 4633 1361 4704 ἀλλήλαις
1411 4635 1796 4718 ἐπιδιδότωσαν
1843 4635 1928 4704 ἐφ’

360 4729 607 4797 ἐκατέρῳ
634 4728 987 4798 συγγνώμην.
1031 4727 1164 4780 Οὐδὲ
1190 4726 1296 4794 γὰρ
1329 4727 1467 4796 ὑπὲρ
1501 4727 1594 4779 τοῦ
1627 4727 1928 4794 κορυφαίου

360 4819 467 4871 τῶν
499 4819 560 4870 ἐν
595 4817 675 4887 τῷ
703 4820 854 4888 νόμῳ
887 4818 1368 4888 παραγγελμάτων
1398 4820 1531 4888 ἡμῖν
1557 4819 1768 4889 ἐξήφθη
1794 4819 1931 4888 πρό·

361 4927 549 4978 φασις,
608 4910 732 4963 οὐδὲ
785 4913 946 4982 καινή
995 4929 1078 4974 τις
1137 4911 1265 4980 ύμῖν
1304 4911 1446 4981 ὑπὲρ
1478 4911 1578 4981 τῆς
1636 4911 1728 4963 τοῦ
1788 4910 1927 4963 Θεοῦ

359 5002 663 5070 θρησκείας
719 5001 932 5070 αἵρεσις
990 5001 1361 5070 ἀντεισήχοηο
1393 5002 1512 5055 ἀλλ’
1563 5001 1659 5054 ἕνα
1714 5002 1928 5055 καὶτὸν

356 5095 520 5147 αὐτὸν
549 5093 702 5163 ἔχετε
735 5095 1015 5162 λογισμὸν,
1053 5095 1242 5162 ὥσπερ
1271 5097 1331 5147 τὸ
1362 5096 1459 5164 τῆς
1491 5099 1775 5159 κοινωνίας
1803 5096 1929 5150 σύν-

356 5185 535 5255 θημα.
573 5185 760 5254 ’Υμῶν
808 5189 916 5256 γὰρ
973 5190 1031 5238 ἐν
1091 5187 1342 5255 ἀλλήλοις
1393 5188 1534 5258 ὑπὲρ
1583 5190 1795 5258 μικρῶν
1836 5191 1928 5241 καὶ⁵

355 5278 493 5346 Mani.
519 5278 822 5346 ἐλαχίστων
863 5278 1339 5349 φιλονεικούντων,
1395 5281 1645 5334 τοσοῦτον
1692 5282 1784 5334 τὸν
1833 5281 1927 5334 τοῦ

358 5369 497 5420 Θεοῦ
553 5369 684 5421 λαὸν
734 5371 854 5433 ταῖς
913 5371 1208 5440 ὑμετέραις
1268 5370 1544 5424 ἰθύνεσθαι
1613 5373 1807 5441 φρεσὶν
1866 5374 1928 5425 ού

361 5459 631 5530 προσήκει
659 5459 750 5512 διὰ
793 5464 852 5513 τὸ
881 5463 1145 5532 διχονοεῖν
1175 5478 1188 5493 °
1226 5463 1344 5516 ἀλλ’
1393 5463 1516 5516 οὔτε
1570 5466 1778 5534 πρέπον
1806 5464 1929 5517 οὔτε

359 5552 498 5615 ὅλως
531 5554 756 5622 θεμιτὸν
790 5550 932 5608 εἶναι
977 5555 1310 5611 πιστεύεται.
1347 5556 1466 5609 Ἵνα
1510 5557 1566 5609 δὲ
1603 5557 1782 5629 μικρῷ
1827 5576 1930 5610 πα-

366 5643 696 5710 ραδείγματι
722 5644 820 5712 τὴν
849 5644 1124 5716 ὑμετέραν
1156 5647 1371 5699 σύνεσιν
1418 5647 1739 5715 ὑπομνήσω,
1769 5648 1927 5716 λέξω.

368 5731 514 5786 Ἰστι
542 5733 608 5801 δὴ
665 5736 761 5787 καὶ
791 5737 920 5798 τοὺς
962 5738 1289 5806 φιλοσόφους
1345 5739 1561 5801 αὐτοὺς.
1597 5739 1674 5802 ὡς
1714 5740 1791 5792 ἐνὶ
1833 5743 1930 5806 μὲν

371 5826 603 5889 instate;
646 5827 880 5897 δόγματι
929 5831 1305 5884 συντίθενται·
1341 5833 1596 5895 πολλάκις
1627 5834 1679 5885 δὲ
1819 5851 1924 5888 τινι

2032 4654 2126 4698 aut
2149 4641 2464 4697 schismatis
2491 4645 2656 4708 atque
2681 4636 2918 4700 dissidii,
2952 4635 3336 4690 necessitatem
3364 4633 3598 4703 pepulus

2032 4735 2260 4790 incidat.
2291 4733 2480 4802 Itaque
2509 4741 2566 4784 et
2594 4727 2953 4797 interrogatio
2977 4727 3200 4781 incauta
3232 4736 3288 4781 et
3310 4729 3600 4794 responsio

2033 4826 2336 4896 improvida
2368 4839 2581 4892 aequam
2623 4821 2727 4876 sibi
2761 4821 2996 4876 invicem
3030 4820 3084 4873 in
3116 4827 3351 4889 utroque
3381 4820 3596 4874 veniam

2033 4918 2357 4975 concedant.
2401 4917 2588 4985 Neque
2619 4915 2765 4970 enim
2805 4914 2873 4968 de
2914 4911 3193 4982 praecipuo
3231 4911 3421 4981 aliquo
3460 4911 3597 4980 legis

2030 5016 2234 5063 nostrae
2283 5000 2558 5076 praecepto
2619 5005 2964 5059 occasionem
3021 5003 3373 5058 concertandi
3441 5017 3593 5056 sum-

2033 5100 2253 5169 psistis,
2310 5113 2491 5166 neque
2535 5111 2738 5152 novum
2787 5096 3011 5166 aliquod
3055 5111 3085 5150 a
3133 5096 3292 5151 vobis
3340 5095 3409 5148 de
3444 5093 3593 5147 cultu

2034 5191 2132 5246 Dei
2188 5190 2500 5245 institutum
2559 5198 2647 5244 est
2695 5189 3010 5254 inductum,
3066 5189 3164 5244 sed
3221 5203 3382 5241 unam
3440 5202 3590 5240 eam-

2032 5284 2266 5353 demque
2342 5282 2559 5337 habetis
2636 5281 2972 5352 propositam
3050 5267 3359 5340 rationem'.
3430 5277 3594 5331 sicuti

2033 5372 2438 5429 communionis
2484 5371 2650 5426 etiam
2701 5381 2988 5427 tesseram.
3027 5370 3095 5423 Et
3142 5383 3264 5422 eum
3313 5366 3381 5420 de
3431 5367 3600 5420 rebus

2036 5466 2281 5521 minimis
2319 5465 2463 5519 inter
2491 5444 2588 5519 vos
2624 5463 2972 5518 contentiose
3007 5458 3339 5523 deeertetis,
3373 5457 3598 5512 minime

2034 5559 2280 5613 omnium
2306 5558 2481 5619 decet,
2505 5573 2602 5628 per
2629 5555 3032 5612 dissensionem
3059 5566 3155 5606 vos
3179 5559 3386 5606 tantam
3411 5551 3595 5620 populi

2036 5651 2127 5704 Dei
2195 5648 2607 5703 multitudinem
2665 5661 2764 5715 pro
2825 5641 3056 5697 arbitrio
3113 5651 3303 5697 vestro
3371 5641 3596 5696 ducere.

2033 5741 2187 5806 Quod
2217 5754 2395 5809 neque
2434 5739 2716 5800 decorum,
2752 5751 2928 5804 neque
2952 5749 3180 5805 prorsus
3208 5735 3289 5788 fas
3319 5749 3440 5789 esse
3467 5747 3594 5787 ere-

2034 5835 2198 5890 ditur.
2258 5830 2546 5893 Sedcuim,
2610 5839 2667 5884 ut
2720 5827 3066 5898 prudentiam
3123 5838 3370 5884 vestram.
3423 5839 3588 5893 νοννι-
