  <div class='ocr_page' id='page_1' title='image "/cluster/home/n/w/nwhite01/storage/ocr_20150623/146/hvd.32044073502601/035.png"; bbox 0 0 3972 6200; ppageno 0'>
   <div class='ocr_carea' id='block_1_1' title="bbox 355 359 1935 445">
    <p class='ocr_par' dir='ltr' id='par_1_1' title="bbox 355 377 1935 445">
     <span class='ocr_line' id='line_1_1' title="bbox 355 377 1935 445; baseline -0.003 -2"><span class='ocrx_word' id='word_1_1' title='bbox 355 377 422 445; x_wconf 67' lang='grc' dir='ltr'>ῖῗν</span> <span class='ocrx_word' id='word_1_2' title='bbox 1568 379 1935 441; x_wconf 72' lang='grc' dir='ltr'><strong>ΝΙΟΕΡΙῙΟΈ</strong></span> 
     </span>
    </p>
   </div>
   <div class='ocr_carea' id='block_1_2' title="bbox 2038 359 3582 445">
    <p class='ocr_par' dir='ltr' id='par_1_2' title="bbox 2038 359 3582 434">
     <span class='ocr_line' id='line_1_2' title="bbox 2038 359 3582 434; baseline -0.01 0"><span class='ocrx_word' id='word_1_3' title='bbox 2038 373 2374 434; x_wconf 77' lang='lat' dir='ltr'><strong>CALLISTI</strong></span> <span class='ocrx_word' id='word_1_4' title='bbox 3515 359 3582 421; x_wconf 74' lang='grc'>56</span> 
     </span>
    </p>
   </div>
   <div class='ocr_carea' id='block_1_3' title="bbox 350 475 1935 566">
    <p class='ocr_par' dir='ltr' id='par_1_3' title="bbox 350 486 1912 566">
     <span class='ocr_line' id='line_1_3' title="bbox 350 486 1912 566; baseline -0.003 -15"><span class='ocrx_word' id='word_1_5' title='bbox 350 498 602 566; x_wconf 63' lang='lat' dir='ltr'><strong>exemplo</strong></span> <span class='ocrx_word' id='word_1_6' title='bbox 634 486 1191 556; x_wconf 67' lang='lat' dir='ltr'><strong>‘commonefaciam.</strong></span> <span class='ocrx_word' id='word_1_7' title='bbox 1254 510 1365 549; x_wconf 92' lang='lat' dir='ltr'><strong>non</strong></span> <span class='ocrx_word' id='word_1_8' title='bbox 1428 493 1696 563; x_wconf 75' lang='lat' dir='ltr'><strong>ignoratis</strong></span> <span class='ocrx_word' id='word_1_9' title='bbox 1757 505 1912 554; x_wconf 84' lang='lat' dir='ltr'><strong>sane,</strong></span> 
     </span>
    </p>
   </div>
   <div class='ocr_carea' id='block_1_4' title="bbox 2038 475 3582 566">
    <p class='ocr_par' dir='ltr' id='par_1_4' title="bbox 2038 475 3582 555">
     <span class='ocr_line' id='line_1_4' title="bbox 2038 475 3582 555; baseline -0.007 -18"><span class='ocrx_word' id='word_1_10' title='bbox 2038 487 2124 540; x_wconf 75' lang='grc' dir='ltr'>τῶν</span> <span class='ocrx_word' id='word_1_11' title='bbox 2160 487 2492 555; x_wconf 82' lang='grc' dir='ltr'><strong>ἀποφάσεων</strong></span> <span class='ocrx_word' id='word_1_12' title='bbox 2532 482 2690 550; x_wconf 85' lang='grc' dir='ltr'>μὲρει</span> <span class='ocrx_word' id='word_1_13' title='bbox 2727 478 3090 546; x_wconf 74' lang='grc' dir='ltr'>δαφωνοῦσιν</span> <span class='ocrx_word' id='word_1_14' title='bbox 3116 490 3130 509; x_wconf 79' lang='grc' dir='ltr'><strong>ο</strong></span> <span class='ocrx_word' id='word_1_15' title='bbox 3180 477 3227 528; x_wconf 80' lang='grc' dir='ltr'>εἰ</span> <span class='ocrx_word' id='word_1_16' title='bbox 3266 475 3360 527; x_wconf 59' lang='grc' dir='ltr'>καὶ</span> <span class='ocrx_word' id='word_1_17' title='bbox 3387 478 3454 545; x_wconf 74' lang='grc' dir='ltr'>τῇ</span> <span class='ocrx_word' id='word_1_18' title='bbox 3485 476 3582 542; x_wconf 75' lang='grc' dir='ltr'>τῆς</span> 
     </span>
    </p>
   </div>
   <div class='ocr_carea' id='block_1_5' title="bbox 353 584 1913 662">
    <p class='ocr_par' dir='ltr' id='par_1_5' title="bbox 353 584 1913 662">
     <span class='ocr_line' id='line_1_5' title="bbox 353 584 1913 662; baseline -0.004 -17"><span class='ocrx_word' id='word_1_19' title='bbox 353 590 698 662; x_wconf 76' lang='lat' dir='ltr'><strong>philosophis</strong></span> <span class='ocrx_word' id='word_1_20' title='bbox 726 589 891 643; x_wconf 87' lang='lat' dir='ltr'><strong>etiam</strong></span> <span class='ocrx_word' id='word_1_21' title='bbox 925 587 1059 653; x_wconf 83' lang='lat' dir='ltr'><strong>ipsis</strong></span> <span class='ocrx_word' id='word_1_22' title='bbox 1087 588 1154 642; x_wconf 90' lang='lat' dir='ltr'><strong>de</strong></span> <span class='ocrx_word' id='word_1_23' title='bbox 1185 601 1294 640; x_wconf 92' lang='lat' dir='ltr'><strong>uno</strong></span> <span class='ocrx_word' id='word_1_24' title='bbox 1325 585 1585 639; x_wconf 87' lang='lat' dir='ltr'><strong>omnibus</strong></span> <span class='ocrx_word' id='word_1_25' title='bbox 1615 584 1913 639; x_wconf 86' lang='lat' dir='ltr'><strong>convenire</strong></span> 
     </span>
    </p>
   </div>
   <div class='ocr_carea' id='block_1_6' title="bbox 352 676 1916 752">
    <p class='ocr_par' dir='ltr' id='par_1_6' title="bbox 352 676 1916 752">
     <span class='ocr_line' id='line_1_6' title="bbox 352 676 1916 752; baseline -0.006 -16"><span class='ocrx_word' id='word_1_26' title='bbox 352 683 606 752; x_wconf 87' lang='lat' dir='ltr'><strong>dogmate</strong></span> <span class='ocrx_word' id='word_1_27' title='bbox 629 723 643 747; x_wconf 92' lang='lat'><strong>,</strong></span> <span class='ocrx_word' id='word_1_28' title='bbox 672 691 729 735; x_wconf 90' lang='lat' dir='ltr'><strong>et</strong></span> <span class='ocrx_word' id='word_1_29' title='bbox 764 695 1003 749; x_wconf 68' lang='lat' dir='ltr'><strong>persmpe</strong></span> <span class='ocrx_word' id='word_1_30' title='bbox 1030 678 1253 733; x_wconf 87' lang='lat' dir='ltr'><strong>eosdem</strong></span> <span class='ocrx_word' id='word_1_31' title='bbox 1291 680 1355 731; x_wconf 91' lang='lat' dir='ltr'><strong>de</strong></span> <span class='ocrx_word' id='word_1_32' title='bbox 1395 686 1549 746; x_wconf 88' lang='lat' dir='ltr'><strong>parte</strong></span> <span class='ocrx_word' id='word_1_33' title='bbox 1577 676 1760 744; x_wconf 85' lang='lat' dir='ltr'><strong>aliqua</strong></span> <span class='ocrx_word' id='word_1_34' title='bbox 1789 689 1916 728; x_wconf 90' lang='lat' dir='ltr'><strong>sen-</strong></span> 
     </span>
    </p>
   </div>
   <div class='ocr_carea' id='block_1_7' title="bbox 354 764 1915 829">
    <p class='ocr_par' dir='ltr' id='par_1_7' title="bbox 354 764 1915 829">
     <span class='ocr_line' id='line_1_7' title="bbox 354 764 1915 829; baseline -0.008 0"><span class='ocrx_word' id='word_1_35' title='bbox 354 774 650 829; x_wconf 84' lang='lat' dir='ltr'><strong>tentiarum</strong></span> <span class='ocrx_word' id='word_1_36' title='bbox 681 780 775 824; x_wconf 89' lang='lat' dir='ltr'><strong>aut</strong></span> <span class='ocrx_word' id='word_1_37' title='bbox 805 769 1054 824; x_wconf 86' lang='lat' dir='ltr'><strong>brevium</strong></span> <span class='ocrx_word' id='word_1_38' title='bbox 1109 769 1380 823; x_wconf 88' lang='lat' dir='ltr'><strong>dictorum</strong></span> <span class='ocrx_word' id='word_1_39' title='bbox 1414 765 1707 821; x_wconf 89' lang='lat' dir='ltr'><strong>dissentire</strong></span> <span class='ocrx_word' id='word_1_40' title='bbox 1739 781 1752 818; x_wconf 89' lang='lat'>:</span> <span class='ocrx_word' id='word_1_41' title='bbox 1787 764 1915 819; x_wconf 84' lang='lat' dir='ltr'><strong>sed-</strong></span> 
     </span>
    </p>
   </div>
   <div class='ocr_carea' id='block_1_8' title="bbox 348 859 1915 926">
    <p class='ocr_par' dir='ltr' id='par_1_8' title="bbox 348 859 1915 926">
     <span class='ocr_line' id='line_1_8' title="bbox 348 859 1915 926; baseline -0.006 -6"><span class='ocrx_word' id='word_1_42' title='bbox 348 867 499 921; x_wconf 86' lang='lat' dir='ltr'><strong>enim</strong></span> <span class='ocrx_word' id='word_1_43' title='bbox 526 864 692 918; x_wconf 88' lang='lat' dir='ltr'><strong>etiam</strong></span> <span class='ocrx_word' id='word_1_44' title='bbox 724 863 770 917; x_wconf 89' lang='lat' dir='ltr'><strong>si</strong></span> <span class='ocrx_word' id='word_1_45' title='bbox 803 862 1045 916; x_wconf 68' lang='lat' dir='ltr'><strong>scientite</strong></span> <span class='ocrx_word' id='word_1_46' title='bbox 1076 862 1277 915; x_wconf 89' lang='lat' dir='ltr'><strong>virtute</strong></span> <span class='ocrx_word' id='word_1_47' title='bbox 1308 861 1645 920; x_wconf 80' lang='lat' dir='ltr'><strong>discordem,</strong></span> <span class='ocrx_word' id='word_1_48' title='bbox 1665 859 1915 926; x_wconf 89' lang='lat' dir='ltr'><strong>corporis</strong></span> 
     </span>
    </p>
   </div>
   <div class='ocr_carea' id='block_1_9' title="bbox 360 952 1913 1023">
    <p class='ocr_par' dir='ltr' id='par_1_9' title="bbox 360 952 1913 1023">
     <span class='ocr_line' id='line_1_9' title="bbox 360 952 1913 1023; baseline -0.003 -14"><span class='ocrx_word' id='word_1_49' title='bbox 360 968 538 1010; x_wconf 85' lang='lat' dir='ltr'><strong>tamen</strong></span> <span class='ocrx_word' id='word_1_50' title='bbox 569 958 774 1010; x_wconf 92' lang='lat' dir='ltr'><strong>unione</strong></span> <span class='ocrx_word' id='word_1_51' title='bbox 807 956 949 1009; x_wconf 89' lang='lat' dir='ltr'><strong>inter</strong></span> <span class='ocrx_word' id='word_1_52' title='bbox 977 970 1036 1009; x_wconf 88' lang='lat' dir='ltr'><strong>se</strong></span> <span class='ocrx_word' id='word_1_53' title='bbox 1063 955 1401 1023; x_wconf 74' lang='lat' dir='ltr'><strong>conspirant.</strong></span> <span class='ocrx_word' id='word_1_54' title='bbox 1431 954 1584 1018; x_wconf 83' lang='lat' dir='ltr'><strong>Quod</strong></span> <span class='ocrx_word' id='word_1_55' title='bbox 1623 952 1667 1005; x_wconf 96' lang='lat' dir='ltr'><strong>si</strong></span> <span class='ocrx_word' id='word_1_56' title='bbox 1699 952 1804 1006; x_wconf 88' lang='lat' dir='ltr'><strong>hoc</strong></span> <span class='ocrx_word' id='word_1_57' title='bbox 1835 953 1913 1006; x_wconf 89' lang='lat' dir='ltr'><strong>sic</strong></span> 
     </span>
    </p>
   </div>
   <div class='ocr_carea' id='block_1_10' title="bbox 2022 570 3585 651">
    <p class='ocr_par' dir='ltr' id='par_1_10' title="bbox 2022 570 3585 651">
     <span class='ocr_line' id='line_1_10' title="bbox 2022 570 3585 651; baseline -0.009 -16"><span class='ocrx_word' id='word_1_58' title='bbox 2022 583 2337 651; x_wconf 76' lang='grc' dir='ltr'><strong>ἐπιστήμης</strong></span> <span class='ocrx_word' id='word_1_59' title='bbox 2364 579 2533 650; x_wconf 84' lang='grc' dir='ltr'>ἀρετῇ</span> <span class='ocrx_word' id='word_1_60' title='bbox 2566 574 2918 645; x_wconf 72' lang='grc' dir='ltr'>διαφωνοῦσι,</span> <span class='ocrx_word' id='word_1_61' title='bbox 2950 577 3015 643; x_wconf 83' lang='grc' dir='ltr'><strong>τῇ</strong></span> <span class='ocrx_word' id='word_1_62' title='bbox 3060 576 3242 642; x_wconf 70' lang='grc' dir='ltr'>μέντοι</span> <span class='ocrx_word' id='word_1_63' title='bbox 3277 570 3369 623; x_wconf 70' lang='grc' dir='ltr'><strong>τοῦ</strong></span> <span class='ocrx_word' id='word_1_64' title='bbox 3402 570 3585 639; x_wconf 72' lang='grc' dir='ltr'>σῶμα·</span> 
     </span>
    </p>
   </div>
   <div class='ocr_carea' id='block_1_11' title="bbox 2021 664 3583 735">
    <p class='ocr_par' dir='ltr' id='par_1_11' title="bbox 2021 664 3583 735">
     <span class='ocr_line' id='line_1_11' title="bbox 2021 664 3583 735; baseline -0.008 -7"><span class='ocrx_word' id='word_1_65' title='bbox 2021 692 2111 735; x_wconf 91' lang='grc' dir='ltr'><strong>τος</strong></span> <span class='ocrx_word' id='word_1_66' title='bbox 2141 672 2333 726; x_wconf 85' lang='grc' dir='ltr'>ἐνὼσει</span> <span class='ocrx_word' id='word_1_67' title='bbox 2378 669 2541 722; x_wconf 86' lang='grc' dir='ltr'>πάλιν</span> <span class='ocrx_word' id='word_1_68' title='bbox 2576 669 2653 729; x_wconf 73' lang='grc' dir='ltr'><strong>είς</strong></span> <span class='ocrx_word' id='word_1_69' title='bbox 2686 667 2951 734; x_wconf 76' lang='grc' dir='ltr'>ἀλλήλους</span> <span class='ocrx_word' id='word_1_70' title='bbox 2997 664 3391 732; x_wconf 82' lang='grc' dir='ltr'>συμπνέουσιν.</span> <span class='ocrx_word' id='word_1_71' title='bbox 3435 664 3495 715; x_wconf 85' lang='grc' dir='ltr'><strong>Εἰ</strong></span> <span class='ocrx_word' id='word_1_72' title='bbox 3528 664 3583 715; x_wconf 77' lang='grc' dir='ltr'><strong>δὲ</strong></span> 
     </span>
    </p>
   </div>
   <div class='ocr_carea' id='block_1_12' title="bbox 2022 753 3583 825">
    <p class='ocr_par' dir='ltr' id='par_1_12' title="bbox 2022 753 3583 825">
     <span class='ocr_line' id='line_1_12' title="bbox 2022 753 3583 825; baseline -0.009 -5"><span class='ocrx_word' id='word_1_73' title='bbox 2022 764 2179 820; x_wconf 78' lang='grc' dir='ltr'>τοῦτό</span> <span class='ocrx_word' id='word_1_74' title='bbox 2226 765 2366 825; x_wconf 78' lang='grc' dir='ltr'>ἐστι,</span> <span class='ocrx_word' id='word_1_75' title='bbox 2398 761 2513 821; x_wconf 88' lang='grc' dir='ltr'><strong>πῶς</strong></span> <span class='ocrx_word' id='word_1_76' title='bbox 2560 759 2622 810; x_wconf 78' lang='grc' dir='ltr'><strong>οὐ</strong></span> <span class='ocrx_word' id='word_1_77' title='bbox 2679 757 2859 825; x_wconf 85' lang='grc' dir='ltr'>πολλῷ</span> <span class='ocrx_word' id='word_1_78' title='bbox 2901 756 3244 824; x_wconf 79' lang='grc' dir='ltr'>δικαιότερον</span> <span class='ocrx_word' id='word_1_79' title='bbox 3290 756 3437 823; x_wconf 72' lang='grc' dir='ltr'>ὑμᾶς</span> <span class='ocrx_word' id='word_1_80' title='bbox 3490 753 3583 806; x_wconf 65' lang='grc' dir='ltr'>τοῦ</span> 
     </span>
    </p>
   </div>
   <div class='ocr_carea' id='block_1_13' title="bbox 2029 846 3585 927">
    <p class='ocr_par' dir='ltr' id='par_1_13' title="bbox 2029 846 3585 927">
     <span class='ocr_line' id='line_1_13' title="bbox 2029 846 3585 927; baseline -0.01 -16"><span class='ocrx_word' id='word_1_81' title='bbox 2029 858 2267 927; x_wconf 77' lang='grc' dir='ltr'>μεγάλου</span> <span class='ocrx_word' id='word_1_82' title='bbox 2302 853 2437 906; x_wconf 78' lang='grc' dir='ltr'><strong>Θεοῦ</strong></span> <span class='ocrx_word' id='word_1_83' title='bbox 2485 850 2822 918; x_wconf 83' lang='grc' dir='ltr'>θεράποντας</span> <span class='ocrx_word' id='word_1_84' title='bbox 2868 847 3217 908; x_wconf 71' lang='grc' dir='ltr'><strong>καθεστῶτας</strong></span> <span class='ocrx_word' id='word_1_85' title='bbox 3257 848 3315 899; x_wconf 83' lang='grc' dir='ltr'>ὲν</span> <span class='ocrx_word' id='word_1_86' title='bbox 3360 846 3585 915; x_wconf 79' lang='grc' dir='ltr'>τοιαύτῃ</span> 
     </span>
    </p>
   </div>
   <div class='ocr_carea' id='block_1_14' title="bbox 2026 934 3579 1019">
    <p class='ocr_par' dir='ltr' id='par_1_14' title="bbox 2026 934 3579 1019">
     <span class='ocr_line' id='line_1_14' title="bbox 2026 934 3579 1019; baseline -0.01 -16"><span class='ocrx_word' id='word_1_87' title='bbox 2026 948 2344 1019; x_wconf 69' lang='grc' dir='ltr'><strong>προαιρέσει</strong></span> <span class='ocrx_word' id='word_1_88' title='bbox 2373 944 2693 1014; x_wconf 74' lang='grc' dir='ltr'><strong>θρησκείας,</strong></span> <span class='ocrx_word' id='word_1_89' title='bbox 2721 940 3027 1008; x_wconf 73' lang='grc' dir='ltr'>ὁμοψύχσυς</span> <span class='ocrx_word' id='word_1_90' title='bbox 3059 939 3310 1003; x_wconf 81' lang='grc' dir='ltr'>ἀλλήλοις</span> <span class='ocrx_word' id='word_1_91' title='bbox 3340 934 3509 997; x_wconf 72' lang='grc' dir='ltr'>εἷναις</span> <span class='ocrx_word' id='word_1_92' title='bbox 3562 955 3579 986; x_wconf 77' lang='grc' dir='ltr'><strong>ι</strong></span> 
     </span>
    </p>
   </div>
   <div class='ocr_carea' id='block_1_15' title="bbox 352 1029 3573 1116">
    <p class='ocr_par' dir='ltr' id='par_1_15' title="bbox 352 1029 3573 1116">
     <span class='ocr_line' id='line_1_15' title="bbox 352 1029 3573 1116; baseline -0.006 -16"><span class='ocrx_word' id='word_1_93' title='bbox 352 1047 540 1109; x_wconf 81' lang='lat' dir='ltr'><strong>habet,</strong></span> <span class='ocrx_word' id='word_1_94' title='bbox 577 1047 851 1116; x_wconf 89' lang='lat' dir='ltr'><strong>quomodo</strong></span> <span class='ocrx_word' id='word_1_95' title='bbox 881 1062 990 1100; x_wconf 91' lang='lat' dir='ltr'><strong>non</strong></span> <span class='ocrx_word' id='word_1_96' title='bbox 1022 1047 1193 1099; x_wconf 91' lang='lat' dir='ltr'><strong>multo</strong></span> <span class='ocrx_word' id='word_1_97' title='bbox 1223 1045 1429 1115; x_wconf 80' lang='lat' dir='ltr'><strong>justius</strong></span> <span class='ocrx_word' id='word_1_98' title='bbox 1458 1045 1646 1107; x_wconf 87' lang='lat' dir='ltr'><strong>fuerit,</strong></span> <span class='ocrx_word' id='word_1_99' title='bbox 1691 1058 1810 1105; x_wconf 85' lang='lat' dir='ltr'><strong>vos,</strong></span> <span class='ocrx_word' id='word_1_100' title='bbox 1852 1044 1947 1111; x_wconf 85' lang='lat' dir='ltr'><strong>qui</strong></span> <span class='ocrx_word' id='word_1_101' title='bbox 2011 1042 2195 1111; x_wconf 86' lang='lat' dir='ltr'><strong>magni</strong></span> <span class='ocrx_word' id='word_1_102' title='bbox 2227 1039 2321 1094; x_wconf 86' lang='lat' dir='ltr'><strong>Dei</strong></span> <span class='ocrx_word' id='word_1_103' title='bbox 2354 1033 2594 1091; x_wconf 88' lang='lat' dir='ltr'><strong>ministri</strong></span> <span class='ocrx_word' id='word_1_104' title='bbox 2632 1031 2919 1091; x_wconf 78' lang='lat' dir='ltr'><strong>constituti</strong></span> <span class='ocrx_word' id='word_1_105' title='bbox 2960 1029 3129 1092; x_wconf 84' lang='lat' dir='ltr'><strong>estis,</strong></span> <span class='ocrx_word' id='word_1_106' title='bbox 3163 1030 3218 1083; x_wconf 92' lang='lat' dir='ltr'><strong>in</strong></span> <span class='ocrx_word' id='word_1_107' title='bbox 3259 1038 3421 1083; x_wconf 65' lang='lat' dir='ltr'><strong>tanta:</strong></span> <span class='ocrx_word' id='word_1_108' title='bbox 3458 1029 3573 1082; x_wconf 87' lang='lat' dir='ltr'><strong>reii-</strong></span> 
     </span>
    </p>
   </div>
   <div class='ocr_carea' id='block_1_16' title="bbox 350 1135 1617 1213">
    <p class='ocr_par' dir='ltr' id='par_1_16' title="bbox 350 1135 1617 1213">
     <span class='ocr_line' id='line_1_16' title="bbox 350 1135 1617 1213; baseline -0.004 -19"><span class='ocrx_word' id='word_1_109' title='bbox 350 1142 530 1213; x_wconf 81' lang='lat' dir='ltr'><strong>gionis</strong></span> <span class='ocrx_word' id='word_1_110' title='bbox 561 1141 816 1195; x_wconf 90' lang='lat' dir='ltr'><strong>instituto</strong></span> <span class='ocrx_word' id='word_1_111' title='bbox 849 1140 1139 1193; x_wconf 84' lang='lat' dir='ltr'><strong>unanimes</strong></span> <span class='ocrx_word' id='word_1_112' title='bbox 1169 1139 1313 1193; x_wconf 91' lang='lat' dir='ltr'><strong>inter</strong></span> <span class='ocrx_word' id='word_1_113' title='bbox 1344 1152 1439 1191; x_wconf 91' lang='lat' dir='ltr'><strong>vos</strong></span> <span class='ocrx_word' id='word_1_114' title='bbox 1464 1135 1617 1191; x_wconf 85' lang='lat' dir='ltr'><strong>esse?</strong></span> 
     </span>
    </p>
   </div>
   <div class='ocr_carea' id='block_1_17' title="bbox 427 1233 1918 1305">
    <p class='ocr_par' dir='ltr' id='par_1_17' title="bbox 427 1233 1918 1305">
     <span class='ocr_line' id='line_1_17' title="bbox 427 1233 1918 1305; baseline -0.001 -20"><span class='ocrx_word' id='word_1_115' title='bbox 427 1254 445 1285; x_wconf 86' lang='grc'>‹</span> <span class='ocrx_word' id='word_1_116' title='bbox 475 1237 671 1290; x_wconf 78' lang='lat' dir='ltr'><strong>Verum</strong></span> <span class='ocrx_word' id='word_1_117' title='bbox 698 1251 818 1305; x_wconf 88' lang='lat' dir='ltr'><strong>age,</strong></span> <span class='ocrx_word' id='word_1_118' title='bbox 836 1234 1231 1288; x_wconf 89' lang='lat' dir='ltr'><strong>deliberatione</strong></span> <span class='ocrx_word' id='word_1_119' title='bbox 1256 1235 1458 1303; x_wconf 84' lang='lat' dir='ltr'><strong>majore</strong></span> <span class='ocrx_word' id='word_1_120' title='bbox 1479 1233 1918 1291; x_wconf 81' lang='lat' dir='ltr'><strong>consideremus.</strong></span> 
     </span>
    </p>
   </div>
   <div class='ocr_carea' id='block_1_18' title="bbox 355 1323 1921 1397">
    <p class='ocr_par' dir='ltr' id='par_1_18' title="bbox 355 1323 1921 1397">
     <span class='ocr_line' id='line_1_18' title="bbox 355 1323 1921 1397; baseline -0.002 -19"><span class='ocrx_word' id='word_1_121' title='bbox 355 1338 412 1381; x_wconf 84' lang='lat' dir='ltr'><strong>et</strong></span> <span class='ocrx_word' id='word_1_122' title='bbox 440 1327 774 1397; x_wconf 79' lang='lat' dir='ltr'><strong>cOgitat&#39;rone</strong></span> <span class='ocrx_word' id='word_1_123' title='bbox 805 1326 1096 1393; x_wconf 78' lang='lat' dir='ltr'><strong>prolixiore</strong></span> <span class='ocrx_word' id='word_1_124' title='bbox 1135 1324 1281 1393; x_wconf 87' lang='lat' dir='ltr'><strong>quod</strong></span> <span class='ocrx_word' id='word_1_125' title='bbox 1313 1325 1518 1378; x_wconf 87' lang='lat' dir='ltr'><strong>dictum</strong></span> <span class='ocrx_word' id='word_1_126' title='bbox 1549 1334 1636 1378; x_wconf 88' lang='lat' dir='ltr'><strong>est</strong></span> <span class='ocrx_word' id='word_1_127' title='bbox 1672 1323 1921 1377; x_wconf 87' lang='lat' dir='ltr'><strong>animad-</strong></span> 
     </span>
    </p>
   </div>
   <div class='ocr_carea' id='block_1_19' title="bbox 358 1416 1921 1486">
    <p class='ocr_par' dir='ltr' id='par_1_19' title="bbox 358 1416 1921 1486">
     <span class='ocr_line' id='line_1_19' title="bbox 358 1416 1921 1486; baseline -0.001 -17"><span class='ocrx_word' id='word_1_128' title='bbox 358 1428 661 1483; x_wconf 84' lang='lat' dir='ltr'><strong>vertamus,</strong></span> <span class='ocrx_word' id='word_1_129' title='bbox 692 1433 758 1471; x_wconf 90' lang='lat' dir='ltr'><strong>an</strong></span> <span class='ocrx_word' id='word_1_130' title='bbox 792 1425 939 1471; x_wconf 90' lang='lat' dir='ltr'><strong>recte</strong></span> <span class='ocrx_word' id='word_1_131' title='bbox 970 1425 1193 1486; x_wconf 88' lang='lat' dir='ltr'><strong>propter</strong></span> <span class='ocrx_word' id='word_1_132' title='bbox 1220 1430 1420 1484; x_wconf 86' lang='lat' dir='ltr'><strong>paucas</strong></span> <span class='ocrx_word' id='word_1_133' title='bbox 1446 1424 1500 1469; x_wconf 91' lang='lat' dir='ltr'><strong>et</strong></span> <span class='ocrx_word' id='word_1_134' title='bbox 1531 1431 1696 1469; x_wconf 89' lang='lat' dir='ltr'><strong>vanas</strong></span> <span class='ocrx_word' id='word_1_135' title='bbox 1726 1416 1921 1470; x_wconf 83' lang='lat' dir='ltr'><strong>verbu-</strong></span> 
     </span>
    </p>
   </div>
   <div class='ocr_carea' id='block_1_20' title="bbox 361 1507 1920 1569">
    <p class='ocr_par' dir='ltr' id='par_1_20' title="bbox 361 1507 1920 1569">
     <span class='ocr_line' id='line_1_20' title="bbox 361 1507 1920 1569; baseline -0.004 -4"><span class='ocrx_word' id='word_1_136' title='bbox 361 1529 480 1566; x_wconf 89' lang='lat' dir='ltr'><strong>rnm</strong></span> <span class='ocrx_word' id='word_1_137' title='bbox 519 1515 659 1565; x_wconf 90' lang='lat' dir='ltr'><strong>inter</strong></span> <span class='ocrx_word' id='word_1_138' title='bbox 699 1524 796 1563; x_wconf 86' lang='lat' dir='ltr'><strong>vos</strong></span> <span class='ocrx_word' id='word_1_139' title='bbox 838 1512 985 1565; x_wconf 77' lang='lat' dir='ltr'><strong>rixas</strong></span> <span class='ocrx_word' id='word_1_140' title='bbox 1016 1511 1215 1563; x_wconf 80' lang='lat' dir='ltr'><strong>fratres</strong></span> <span class='ocrx_word' id='word_1_141' title='bbox 1245 1507 1508 1563; x_wconf 86' lang='lat' dir='ltr'><strong>fratribus</strong></span> <span class='ocrx_word' id='word_1_142' title='bbox 1537 1507 1920 1569; x_wconf 83' lang='lat' dir='ltr'><strong>adversentur,</strong></span> 
     </span>
    </p>
   </div>
   <div class='ocr_carea' id='block_1_21' title="bbox 357 1600 1922 1670">
    <p class='ocr_par' dir='ltr' id='par_1_21' title="bbox 357 1600 1922 1670">
     <span class='ocr_line' id='line_1_21' title="bbox 357 1600 1922 1670; baseline -0.004 -13"><span class='ocrx_word' id='word_1_143' title='bbox 357 1613 414 1657; x_wconf 92' lang='lat' dir='ltr'><strong>et</strong></span> <span class='ocrx_word' id='word_1_144' title='bbox 447 1603 723 1657; x_wconf 85' lang='lat' dir='ltr'><strong>solemnes</strong></span> <span class='ocrx_word' id='word_1_145' title='bbox 767 1611 1073 1656; x_wconf 89' lang='lat' dir='ltr'><strong>conventus</strong></span> <span class='ocrx_word' id='word_1_146' title='bbox 1113 1601 1278 1670; x_wconf 90' lang='lat' dir='ltr'><strong>impia</strong></span> <span class='ocrx_word' id='word_1_147' title='bbox 1322 1600 1665 1654; x_wconf 84' lang='lat' dir='ltr'><strong>dissensione</strong></span> <span class='ocrx_word' id='word_1_148' title='bbox 1698 1615 1794 1667; x_wconf 88' lang='lat' dir='ltr'><strong>per</strong></span> <span class='ocrx_word' id='word_1_149' title='bbox 1826 1613 1922 1651; x_wconf 84' lang='lat' dir='ltr'><strong>vos</strong></span> 
     </span>
    </p>
   </div>
   <div class='ocr_carea' id='block_1_22' title="bbox 357 1690 1921 1763">
    <p class='ocr_par' dir='ltr' id='par_1_22' title="bbox 357 1690 1921 1763">
     <span class='ocr_line' id='line_1_22' title="bbox 357 1690 1921 1763; baseline -0.002 -16"><span class='ocrx_word' id='word_1_150' title='bbox 357 1701 732 1763; x_wconf 84' lang='lat' dir='ltr'><strong>segregentur,</strong></span> <span class='ocrx_word' id='word_1_151' title='bbox 767 1693 860 1763; x_wconf 91' lang='lat' dir='ltr'><strong>qui</strong></span> <span class='ocrx_word' id='word_1_152' title='bbox 910 1692 978 1745; x_wconf 88' lang='lat' dir='ltr'><strong>de</strong></span> <span class='ocrx_word' id='word_1_153' title='bbox 1028 1692 1211 1761; x_wconf 82' lang='lat' dir='ltr'><strong>parvis</strong></span> <span class='ocrx_word' id='word_1_154' title='bbox 1257 1690 1553 1745; x_wconf 85' lang='lat' dir='ltr'><strong>admodum</strong></span> <span class='ocrx_word' id='word_1_155' title='bbox 1603 1699 1655 1745; x_wconf 86' lang='lat' dir='ltr'><strong>et</strong></span> <span class='ocrx_word' id='word_1_156' title='bbox 1696 1690 1921 1744; x_wconf 89' lang='lat' dir='ltr'><strong>minime</strong></span> 
     </span>
    </p>
   </div>
   <div class='ocr_carea' id='block_1_23' title="bbox 360 1779 1919 1841">
    <p class='ocr_par' dir='ltr' id='par_1_23' title="bbox 360 1779 1919 1841">
     <span class='ocr_line' id='line_1_23' title="bbox 360 1779 1919 1841; baseline -0.005 -1"><span class='ocrx_word' id='word_1_157' title='bbox 360 1786 692 1840; x_wconf 84' lang='lat' dir='ltr'><strong>necessariis</strong></span> <span class='ocrx_word' id='word_1_158' title='bbox 749 1787 916 1841; x_wconf 64' lang='lat' dir='ltr'><strong>rebus</strong></span> <span class='ocrx_word' id='word_1_159' title='bbox 968 1795 1155 1838; x_wconf 86' lang='lat' dir='ltr'><strong>mutua</strong></span> <span class='ocrx_word' id='word_1_160' title='bbox 1205 1781 1559 1838; x_wconf 83' lang='lat' dir='ltr'><strong>contentione</strong></span> <span class='ocrx_word' id='word_1_161' title='bbox 1605 1779 1919 1835; x_wconf 89' lang='lat' dir='ltr'><strong>decertatis.</strong></span> 
     </span>
    </p>
   </div>
   <div class='ocr_carea' id='block_1_24' title="bbox 357 1870 1926 1947">
    <p class='ocr_par' dir='ltr' id='par_1_24' title="bbox 357 1870 1926 1947">
     <span class='ocr_line' id='line_1_24' title="bbox 357 1870 1926 1947; baseline -0.006 -13"><span class='ocrx_word' id='word_1_162' title='bbox 357 1876 522 1947; x_wconf 80' lang='lat'><strong>558</strong></span> <span class='ocrx_word' id='word_1_163' title='bbox 556 1877 812 1944; x_wconf 80' lang='lat' dir='ltr'><strong>Vulgaria</strong></span> <span class='ocrx_word' id='word_1_164' title='bbox 856 1877 971 1931; x_wconf 64' lang='lat' dir='ltr'><strong>haec</strong></span> <span class='ocrx_word' id='word_1_165' title='bbox 1014 1884 1167 1940; x_wconf 88' lang='lat' dir='ltr'><strong>sunt,</strong></span> <span class='ocrx_word' id='word_1_166' title='bbox 1202 1884 1261 1929; x_wconf 91' lang='lat' dir='ltr'><strong>et</strong></span> <span class='ocrx_word' id='word_1_167' title='bbox 1294 1872 1598 1943; x_wconf 87' lang='lat' dir='ltr'><strong>puerilibus</strong></span> <span class='ocrx_word' id='word_1_168' title='bbox 1644 1870 1926 1926; x_wconf 83' lang='lat' dir='ltr'><strong>mentibus</strong></span> 
     </span>
    </p>
   </div>
   <div class='ocr_carea' id='block_1_25' title="bbox 358 1963 1923 2036">
    <p class='ocr_par' dir='ltr' id='par_1_25' title="bbox 358 1963 1923 2036">
     <span class='ocr_line' id='line_1_25' title="bbox 358 1963 1923 2036; baseline -0.004 -15"><span class='ocrx_word' id='word_1_169' title='bbox 358 1967 534 2036; x_wconf 85' lang='lat' dir='ltr'><strong>magis</strong></span> <span class='ocrx_word' id='word_1_170' title='bbox 561 1967 964 2031; x_wconf 85' lang='lat' dir='ltr'><strong>convenientia,</strong></span> <span class='ocrx_word' id='word_1_171' title='bbox 999 1981 1162 2035; x_wconf 89' lang='lat' dir='ltr'><strong>quam</strong></span> <span class='ocrx_word' id='word_1_172' title='bbox 1190 1979 1472 2020; x_wconf 89' lang='lat' dir='ltr'><strong>sacrorum</strong></span> <span class='ocrx_word' id='word_1_173' title='bbox 1495 1971 1548 2018; x_wconf 89' lang='lat' dir='ltr'><strong>et</strong></span> <span class='ocrx_word' id='word_1_174' title='bbox 1569 1963 1923 2033; x_wconf 89' lang='lat' dir='ltr'><strong>prudentium</strong></span> 
     </span>
    </p>
   </div>
   <div class='ocr_carea' id='block_1_26' title="bbox 359 2056 1925 2130">
    <p class='ocr_par' dir='ltr' id='par_1_26' title="bbox 359 2056 1925 2130">
     <span class='ocr_line' id='line_1_26' title="bbox 359 2056 1925 2130; baseline -0.007 -13"><span class='ocrx_word' id='word_1_175' title='bbox 359 2065 607 2118; x_wconf 89' lang='lat' dir='ltr'><strong>virorum</strong></span> <span class='ocrx_word' id='word_1_176' title='bbox 643 2062 922 2130; x_wconf 67' lang='lat' dir='ltr'><strong>sapientia:</strong></span> <span class='ocrx_word' id='word_1_177' title='bbox 957 2060 1334 2129; x_wconf 80' lang='lat' dir='ltr'><strong>congruentia.</strong></span> <span class='ocrx_word' id='word_1_178' title='bbox 1370 2056 1708 2111; x_wconf 88' lang='lat' dir='ltr'><strong>Decedamus</strong></span> <span class='ocrx_word' id='word_1_179' title='bbox 1741 2066 1925 2109; x_wconf 86' lang='lat' dir='ltr'><strong>nostra</strong></span> 
     </span>
    </p>
   </div>
   <div class='ocr_carea' id='block_1_27' title="bbox 360 2144 1928 2223">
    <p class='ocr_par' dir='ltr' id='par_1_27' title="bbox 360 2144 1928 2223">
     <span class='ocr_line' id='line_1_27' title="bbox 360 2144 1928 2223; baseline -0.006 -15"><span class='ocrx_word' id='word_1_180' title='bbox 360 2162 557 2223; x_wconf 83' lang='lat' dir='ltr'><strong>sponte</strong></span> <span class='ocrx_word' id='word_1_181' title='bbox 581 2169 611 2206; x_wconf 90' lang='lat' dir='ltr'><strong>a</strong></span> <span class='ocrx_word' id='word_1_182' title='bbox 637 2150 923 2207; x_wconf 88' lang='lat' dir='ltr'><strong>diabolicis</strong></span> <span class='ocrx_word' id='word_1_183' title='bbox 948 2149 1365 2204; x_wconf 89' lang='lat' dir='ltr'><strong>tentationibus.</strong></span> <span class='ocrx_word' id='word_1_184' title='bbox 1391 2148 1618 2216; x_wconf 80' lang='lat' dir='ltr'><strong>Magnus</strong></span> <span class='ocrx_word' id='word_1_185' title='bbox 1642 2144 1760 2214; x_wconf 87' lang='lat' dir='ltr'><strong>ipse</strong></span> <span class='ocrx_word' id='word_1_186' title='bbox 1787 2144 1928 2199; x_wconf 68' lang='lat' dir='ltr'><strong>lleus</strong></span> 
     </span>
    </p>
   </div>
   <div class='ocr_carea' id='block_1_28' title="bbox 361 2236 1930 2299">
    <p class='ocr_par' dir='ltr' id='par_1_28' title="bbox 361 2236 1930 2299">
     <span class='ocr_line' id='line_1_28' title="bbox 361 2236 1930 2299; baseline -0.004 -2"><span class='ocrx_word' id='word_1_187' title='bbox 361 2256 415 2299; x_wconf 73' lang='lat' dir='ltr'><strong>et</strong></span> <span class='ocrx_word' id='word_1_188' title='bbox 453 2244 700 2299; x_wconf 85' lang='lat' dir='ltr'><strong>Salvator</strong></span> <span class='ocrx_word' id='word_1_189' title='bbox 741 2244 986 2297; x_wconf 92' lang='lat' dir='ltr'><strong>omnium</strong></span> <span class='ocrx_word' id='word_1_190' title='bbox 1034 2252 1279 2296; x_wconf 91' lang='lat' dir='ltr'><strong>nostrum</strong></span> <span class='ocrx_word' id='word_1_191' title='bbox 1346 2254 1637 2294; x_wconf 85' lang='lat' dir='ltr'><strong>commune</strong></span> <span class='ocrx_word' id='word_1_192' title='bbox 1672 2236 1930 2292; x_wconf 91' lang='lat' dir='ltr'><strong>omnibus</strong></span> 
     </span>
    </p>
   </div>
   <div class='ocr_carea' id='block_1_29' title="bbox 365 2330 1927 2404">
    <p class='ocr_par' dir='ltr' id='par_1_29' title="bbox 365 2330 1927 2404">
     <span class='ocr_line' id='line_1_29' title="bbox 365 2330 1927 2404; baseline -0.004 -17"><span class='ocrx_word' id='word_1_193' title='bbox 365 2336 594 2404; x_wconf 87' lang='lat' dir='ltr'><strong>protulit</strong></span> <span class='ocrx_word' id='word_1_194' title='bbox 634 2334 843 2396; x_wconf 86' lang='lat' dir='ltr'><strong>lumen,</strong></span> <span class='ocrx_word' id='word_1_195' title='bbox 880 2349 977 2403; x_wconf 89' lang='lat' dir='ltr'><strong>per</strong></span> <span class='ocrx_word' id='word_1_196' title='bbox 1020 2335 1177 2404; x_wconf 82' lang='lat' dir='ltr'><strong>cujus</strong></span> <span class='ocrx_word' id='word_1_197' title='bbox 1218 2330 1643 2402; x_wconf 81' lang='lat' dir='ltr'><strong>providentiam,</strong></span> <span class='ocrx_word' id='word_1_198' title='bbox 1680 2337 1927 2395; x_wconf 88' lang='lat' dir='ltr'><strong>coeptum</strong></span> 
     </span>
    </p>
   </div>
   <div class='ocr_carea' id='block_1_30' title="bbox 366 2417 1929 2493">
    <p class='ocr_par' dir='ltr' id='par_1_30' title="bbox 366 2417 1929 2493">
     <span class='ocr_line' id='line_1_30' title="bbox 366 2417 1929 2493; baseline -0.004 -14"><span class='ocrx_word' id='word_1_199' title='bbox 366 2426 473 2479; x_wconf 89' lang='lat' dir='ltr'><strong>hoc</strong></span> <span class='ocrx_word' id='word_1_200' title='bbox 515 2426 673 2488; x_wconf 88' lang='lat' dir='ltr'><strong>mihi,</strong></span> <span class='ocrx_word' id='word_1_201' title='bbox 711 2424 857 2478; x_wconf 88' lang='lat' dir='ltr'><strong>illius</strong></span> <span class='ocrx_word' id='word_1_202' title='bbox 903 2424 1068 2491; x_wconf 81' lang='lat' dir='ltr'><strong>longe</strong></span> <span class='ocrx_word' id='word_1_203' title='bbox 1115 2422 1439 2493; x_wconf 88' lang='lat' dir='ltr'><strong>potentioris</strong></span> <span class='ocrx_word' id='word_1_204' title='bbox 1484 2420 1689 2475; x_wconf 88' lang='lat' dir='ltr'><strong>famulo</strong></span> <span class='ocrx_word' id='word_1_205' title='bbox 1722 2418 1822 2487; x_wconf 82' lang='lat' dir='ltr'><strong>(l),</strong></span> <span class='ocrx_word' id='word_1_206' title='bbox 1860 2417 1929 2472; x_wconf 82' lang='lat' dir='ltr'><strong>ad</strong></span> 
     </span>
    </p>
   </div>
   <div class='ocr_carea' id='block_1_31' title="bbox 368 2509 1928 2583">
    <p class='ocr_par' dir='ltr' id='par_1_31' title="bbox 368 2509 1928 2583">
     <span class='ocr_line' id='line_1_31' title="bbox 368 2509 1928 2583; baseline -0.006 -14"><span class='ocrx_word' id='word_1_207' title='bbox 368 2521 529 2571; x_wconf 87' lang='lat' dir='ltr'><strong>linem</strong></span> <span class='ocrx_word' id='word_1_208' title='bbox 560 2516 804 2571; x_wconf 90' lang='lat' dir='ltr'><strong>debitum</strong></span> <span class='ocrx_word' id='word_1_209' title='bbox 837 2515 1140 2583; x_wconf 89' lang='lat' dir='ltr'><strong>perducere</strong></span> <span class='ocrx_word' id='word_1_210' title='bbox 1165 2514 1491 2583; x_wconf 87' lang='lat' dir='ltr'><strong>permittite,</strong></span> <span class='ocrx_word' id='word_1_211' title='bbox 1514 2522 1574 2565; x_wconf 90' lang='lat' dir='ltr'><strong>ut</strong></span> <span class='ocrx_word' id='word_1_212' title='bbox 1595 2526 1692 2579; x_wconf 92' lang='lat' dir='ltr'><strong>per</strong></span> <span class='ocrx_word' id='word_1_213' title='bbox 1713 2525 1811 2563; x_wconf 88' lang='lat' dir='ltr'><strong>vos</strong></span> <span class='ocrx_word' id='word_1_214' title='bbox 1829 2509 1928 2577; x_wconf 69' lang='grc' dir='ltr'><strong>(Ξ),</strong></span> 
     </span>
    </p>
   </div>
   <div class='ocr_carea' id='block_1_32' title="bbox 365 2603 1933 2677">
    <p class='ocr_par' dir='ltr' id='par_1_32' title="bbox 365 2603 1933 2677">
     <span class='ocr_line' id='line_1_32' title="bbox 365 2603 1933 2677; baseline -0.004 -14"><span class='ocrx_word' id='word_1_215' title='bbox 365 2609 513 2663; x_wconf 89' lang='lat' dir='ltr'><strong>illius</strong></span> <span class='ocrx_word' id='word_1_216' title='bbox 541 2608 793 2677; x_wconf 74' lang='lat' dir='ltr'><strong>populos,</strong></span> <span class='ocrx_word' id='word_1_217' title='bbox 825 2621 944 2662; x_wconf 89' lang='lat' dir='ltr'><strong>mea</strong></span> <span class='ocrx_word' id='word_1_218' title='bbox 991 2607 1388 2668; x_wconf 90' lang='lat' dir='ltr'><strong>admonitione,</strong></span> <span class='ocrx_word' id='word_1_219' title='bbox 1419 2603 1729 2658; x_wconf 90' lang='lat' dir='ltr'><strong>ministerio</strong></span> <span class='ocrx_word' id='word_1_220' title='bbox 1757 2612 1815 2657; x_wconf 90' lang='lat' dir='ltr'><strong>et</strong></span> <span class='ocrx_word' id='word_1_221' title='bbox 1840 2617 1933 2657; x_wconf 57' lang='lat' dir='ltr'><strong>co.</strong></span> 
     </span>
    </p>
   </div>
   <div class='ocr_carea' id='block_1_33' title="bbox 370 2695 1933 2762">
    <p class='ocr_par' dir='ltr' id='par_1_33' title="bbox 370 2695 1933 2762">
     <span class='ocr_line' id='line_1_33' title="bbox 370 2695 1933 2762; baseline -0.003 -10"><span class='ocrx_word' id='word_1_222' title='bbox 370 2701 697 2755; x_wconf 88' lang='lat' dir='ltr'><strong>hortationis</strong></span> <span class='ocrx_word' id='word_1_223' title='bbox 738 2700 1115 2762; x_wconf 89' lang='lat' dir='ltr'><strong>contentione,</strong></span> <span class='ocrx_word' id='word_1_224' title='bbox 1146 2697 1211 2752; x_wconf 91' lang='lat' dir='ltr'><strong>ad</strong></span> <span class='ocrx_word' id='word_1_225' title='bbox 1248 2707 1552 2751; x_wconf 82' lang='lat' dir='ltr'><strong>conventus</strong></span> <span class='ocrx_word' id='word_1_226' title='bbox 1581 2695 1933 2749; x_wconf 87' lang='lat' dir='ltr'><strong>communio-</strong></span> 
     </span>
    </p>
   </div>
   <div class='ocr_carea' id='block_1_34' title="bbox 369 2786 1930 2859">
    <p class='ocr_par' dir='ltr' id='par_1_34' title="bbox 369 2786 1930 2859">
     <span class='ocr_line' id='line_1_34' title="bbox 369 2786 1930 2859; baseline -0.004 -14"><span class='ocrx_word' id='word_1_227' title='bbox 369 2808 494 2846; x_wconf 89' lang='lat' dir='ltr'><strong>nem</strong></span> <span class='ocrx_word' id='word_1_228' title='bbox 529 2792 808 2846; x_wconf 85' lang='lat' dir='ltr'><strong>reducam.</strong></span> <span class='ocrx_word' id='word_1_229' title='bbox 838 2789 933 2844; x_wconf 85' lang='lat' dir='ltr'><strong>Est</strong></span> <span class='ocrx_word' id='word_1_230' title='bbox 964 2790 1133 2854; x_wconf 89' lang='lat' dir='ltr'><strong>enim,</strong></span> <span class='ocrx_word' id='word_1_231' title='bbox 1166 2788 1629 2859; x_wconf 86' lang='lat' dir='ltr'><strong>quemadmodum</strong></span> <span class='ocrx_word' id='word_1_232' title='bbox 1660 2786 1793 2847; x_wconf 78' lang='lat' dir='ltr'><strong>dixi,</strong></span> <span class='ocrx_word' id='word_1_233' title='bbox 1825 2801 1930 2839; x_wconf 93' lang='lat' dir='ltr'><strong>una</strong></span> 
     </span>
    </p>
   </div>
   <div class='ocr_carea' id='block_1_35' title="bbox 370 2879 1932 2952">
    <p class='ocr_par' dir='ltr' id='par_1_35' title="bbox 370 2879 1932 2952">
     <span class='ocr_line' id='line_1_35' title="bbox 370 2879 1932 2952; baseline -0.002 -19"><span class='ocrx_word' id='word_1_234' title='bbox 370 2884 618 2952; x_wconf 58' lang='lat' dir='ltr'><strong>quadam</strong></span> <span class='ocrx_word' id='word_1_235' title='bbox 652 2883 705 2936; x_wconf 92' lang='lat' dir='ltr'><strong>in</strong></span> <span class='ocrx_word' id='word_1_236' title='bbox 736 2883 892 2936; x_wconf 89' lang='lat' dir='ltr'><strong>vobis</strong></span> <span class='ocrx_word' id='word_1_237' title='bbox 923 2881 1076 2945; x_wconf 85' lang='lat' dir='ltr'><strong>fides,</strong></span> <span class='ocrx_word' id='word_1_238' title='bbox 1101 2896 1206 2935; x_wconf 88' lang='lat' dir='ltr'><strong>una</strong></span> <span class='ocrx_word' id='word_1_239' title='bbox 1239 2881 1478 2935; x_wconf 87' lang='lat' dir='ltr'><strong>instituti</strong></span> <span class='ocrx_word' id='word_1_240' title='bbox 1509 2879 1672 2934; x_wconf 85' lang='lat' dir='ltr'><strong>vestri</strong></span> <span class='ocrx_word' id='word_1_241' title='bbox 1706 2886 1932 2932; x_wconf 90' lang='lat' dir='ltr'><strong>sentcn-</strong></span> 
     </span>
    </p>
   </div>
   <div class='ocr_carea' id='block_1_36' title="bbox 370 2969 1930 3043">
    <p class='ocr_par' dir='ltr' id='par_1_36' title="bbox 370 2969 1930 3043">
     <span class='ocr_line' id='line_1_36' title="bbox 370 2969 1930 3043; baseline -0.003 -16"><span class='ocrx_word' id='word_1_242' title='bbox 370 2985 470 3035; x_wconf 61' lang='lat' dir='ltr'><strong>t&#39;a,</strong></span> <span class='ocrx_word' id='word_1_243' title='bbox 496 2982 550 3027; x_wconf 91' lang='lat' dir='ltr'><strong>et</strong></span> <span class='ocrx_word' id='word_1_244' title='bbox 576 2972 710 3043; x_wconf 81' lang='lat' dir='ltr'><strong>legis</strong></span> <span class='ocrx_word' id='word_1_245' title='bbox 738 2972 911 3041; x_wconf 85' lang='lat' dir='ltr'><strong>ipsius</strong></span> <span class='ocrx_word' id='word_1_246' title='bbox 942 2980 1296 3040; x_wconf 65' lang='lat' dir='ltr'><strong>praceptum,</strong></span> <span class='ocrx_word' id='word_1_247' title='bbox 1331 2970 1587 3023; x_wconf 87' lang='lat' dir='ltr'><strong>omnibus</strong></span> <span class='ocrx_word' id='word_1_248' title='bbox 1618 2971 1732 3022; x_wconf 89' lang='lat' dir='ltr'><strong>suis</strong></span> <span class='ocrx_word' id='word_1_249' title='bbox 1761 2969 1930 3037; x_wconf 88' lang='lat' dir='ltr'><strong>parti-</strong></span> 
     </span>
    </p>
   </div>
   <div class='ocr_carea' id='block_1_37' title="bbox 371 3062 1929 3132">
    <p class='ocr_par' dir='ltr' id='par_1_37' title="bbox 371 3062 1929 3132">
     <span class='ocr_line' id='line_1_37' title="bbox 371 3062 1929 3132; baseline -0.003 -14"><span class='ocrx_word' id='word_1_250' title='bbox 371 3065 475 3119; x_wconf 88' lang='lat' dir='ltr'><strong>bus</strong></span> <span class='ocrx_word' id='word_1_251' title='bbox 524 3065 578 3117; x_wconf 91' lang='lat' dir='ltr'><strong>in</strong></span> <span class='ocrx_word' id='word_1_252' title='bbox 628 3079 798 3117; x_wconf 90' lang='lat' dir='ltr'><strong>unum</strong></span> <span class='ocrx_word' id='word_1_253' title='bbox 851 3064 1045 3117; x_wconf 74' lang='lat' dir='ltr'><strong>animae</strong></span> <span class='ocrx_word' id='word_1_254' title='bbox 1099 3063 1437 3132; x_wconf 83' lang='lat' dir='ltr'><strong>pmpositum</strong></span> <span class='ocrx_word' id='word_1_255' title='bbox 1492 3070 1547 3117; x_wconf 90' lang='lat' dir='ltr'><strong>et</strong></span> <span class='ocrx_word' id='word_1_256' title='bbox 1598 3062 1929 3115; x_wconf 83' lang='lat' dir='ltr'><strong>voluntatem</strong></span> 
     </span>
    </p>
   </div>
   <div class='ocr_carea' id='block_1_38' title="bbox 371 3146 1935 3224">
    <p class='ocr_par' dir='ltr' id='par_1_38' title="bbox 371 3146 1935 3224">
     <span class='ocr_line' id='line_1_38' title="bbox 371 3146 1935 3224; baseline -0.001 -15"><span class='ocrx_word' id='word_1_257' title='bbox 371 3157 557 3211; x_wconf 86' lang='lat' dir='ltr'><strong>omnia</strong></span> <span class='ocrx_word' id='word_1_258' title='bbox 592 3156 893 3211; x_wconf 85' lang='lat' dir='ltr'><strong>concludit.</strong></span> <span class='ocrx_word' id='word_1_259' title='bbox 929 3154 1043 3210; x_wconf 87' lang='lat' dir='ltr'><strong>lloc</strong></span> <span class='ocrx_word' id='word_1_260' title='bbox 1084 3155 1260 3224; x_wconf 91' lang='lat' dir='ltr'><strong>ipsum</strong></span> <span class='ocrx_word' id='word_1_261' title='bbox 1295 3157 1439 3224; x_wconf 89' lang='lat' dir='ltr'><strong>quod</strong></span> <span class='ocrx_word' id='word_1_262' title='bbox 1475 3146 1638 3210; x_wconf 32' lang='lat' dir='ltr'><strong>vobis.</strong></span> <span class='ocrx_word' id='word_1_263' title='bbox 1662 3155 1806 3208; x_wconf 91' lang='lat' dir='ltr'><strong>inter</strong></span> <span class='ocrx_word' id='word_1_264' title='bbox 1839 3170 1935 3208; x_wconf 90' lang='lat' dir='ltr'><strong>vos</strong></span> 
     </span>
    </p>
   </div>
   <div class='ocr_carea' id='block_1_39' title="bbox 371 3246 1935 3317">
    <p class='ocr_par' dir='ltr' id='par_1_39' title="bbox 371 3246 1935 3317">
     <span class='ocr_line' id='line_1_39' title="bbox 371 3246 1935 3317; baseline -0.004 -12"><span class='ocrx_word' id='word_1_265' title='bbox 371 3250 782 3305; x_wconf 84' lang='lat' dir='ltr'><strong>contentionem</strong></span> <span class='ocrx_word' id='word_1_266' title='bbox 822 3247 1059 3316; x_wconf 84' lang='lat' dir='ltr'><strong>peperit.</strong></span> <span class='ocrx_word' id='word_1_267' title='bbox 1101 3246 1544 3317; x_wconf 85' lang='lat' dir='ltr'><strong>quandoquidem</strong></span> <span class='ocrx_word' id='word_1_268' title='bbox 1588 3260 1696 3301; x_wconf 92' lang='lat' dir='ltr'><strong>non</strong></span> <span class='ocrx_word' id='word_1_269' title='bbox 1737 3246 1804 3300; x_wconf 88' lang='lat' dir='ltr'><strong>ad</strong></span> <span class='ocrx_word' id='word_1_270' title='bbox 1851 3257 1935 3300; x_wconf 85' lang='lat' dir='ltr'><strong>to-</strong></span> 
     </span>
    </p>
   </div>
   <div class='ocr_carea' id='block_1_40' title="bbox 375 3337 1937 3410">
    <p class='ocr_par' dir='ltr' id='par_1_40' title="bbox 375 3337 1937 3410">
     <span class='ocr_line' id='line_1_40' title="bbox 375 3337 1937 3410; baseline -0.002 -15"><span class='ocrx_word' id='word_1_271' title='bbox 375 3344 485 3396; x_wconf 89' lang='lat' dir='ltr'><strong>tius</strong></span> <span class='ocrx_word' id='word_1_272' title='bbox 520 3341 655 3410; x_wconf 87' lang='lat' dir='ltr'><strong>legis</strong></span> <span class='ocrx_word' id='word_1_273' title='bbox 686 3340 793 3393; x_wconf 91' lang='lat' dir='ltr'><strong>vim</strong></span> <span class='ocrx_word' id='word_1_274' title='bbox 824 3339 1081 3405; x_wconf 84' lang='lat' dir='ltr'><strong>refertur,</strong></span> <span class='ocrx_word' id='word_1_275' title='bbox 1113 3354 1458 3408; x_wconf 87' lang='lat' dir='ltr'><strong>nequaquam</strong></span> <span class='ocrx_word' id='word_1_276' title='bbox 1489 3339 1632 3407; x_wconf 86' lang='lat' dir='ltr'><strong>apud</strong></span> <span class='ocrx_word' id='word_1_277' title='bbox 1662 3353 1757 3392; x_wconf 75' lang='lat' dir='ltr'><strong>vos</strong></span> <span class='ocrx_word' id='word_1_278' title='bbox 1791 3337 1937 3392; x_wconf 88' lang='lat' dir='ltr'><strong>sedi-</strong></span> 
     </span>
    </p>
   </div>
   <div class='ocr_carea' id='block_1_41' title="bbox 376 3429 1937 3500">
    <p class='ocr_par' dir='ltr' id='par_1_41' title="bbox 376 3429 1937 3500">
     <span class='ocr_line' id='line_1_41' title="bbox 376 3429 1937 3500; baseline -0.003 -13"><span class='ocrx_word' id='word_1_279' title='bbox 376 3435 586 3488; x_wconf 83' lang='lat' dir='ltr'><strong>tionem</strong></span> <span class='ocrx_word' id='word_1_280' title='bbox 622 3431 861 3500; x_wconf 86' lang='lat' dir='ltr'><strong>aliquam</strong></span> <span class='ocrx_word' id='word_1_281' title='bbox 894 3439 951 3486; x_wconf 90' lang='lat' dir='ltr'><strong>et</strong></span> <span class='ocrx_word' id='word_1_282' title='bbox 987 3430 1350 3485; x_wconf 80' lang='lat' dir='ltr'><strong>secessionem</strong></span> <span class='ocrx_word' id='word_1_283' title='bbox 1388 3429 1569 3483; x_wconf 84' lang='lat' dir='ltr'><strong>faciat.</strong></span> <span class='ocrx_word' id='word_1_284' title='bbox 1607 3429 1782 3498; x_wconf 80' lang='lat' dir='ltr'><strong>Atque</strong></span> <span class='ocrx_word' id='word_1_285' title='bbox 1823 3429 1937 3483; x_wconf 57' lang='lat' dir='ltr'><strong>haec</strong></span> 
     </span>
    </p>
   </div>
   <div class='ocr_carea' id='block_1_42' title="bbox 373 3521 1934 3591">
    <p class='ocr_par' dir='ltr' id='par_1_42' title="bbox 373 3521 1934 3591">
     <span class='ocr_line' id='line_1_42' title="bbox 373 3521 1934 3591; baseline -0.005 -10"><span class='ocrx_word' id='word_1_286' title='bbox 373 3528 538 3591; x_wconf 88' lang='lat' dir='ltr'><strong>dico,</strong></span> <span class='ocrx_word' id='word_1_287' title='bbox 589 3541 701 3580; x_wconf 84' lang='lat' dir='ltr'><strong>non</strong></span> <span class='ocrx_word' id='word_1_288' title='bbox 760 3534 820 3578; x_wconf 87' lang='lat' dir='ltr'><strong>ut</strong></span> <span class='ocrx_word' id='word_1_289' title='bbox 870 3524 1096 3578; x_wconf 90' lang='lat' dir='ltr'><strong>omnino</strong></span> <span class='ocrx_word' id='word_1_290' title='bbox 1148 3523 1524 3577; x_wconf 88' lang='lat' dir='ltr'><strong>necessitatem</strong></span> <span class='ocrx_word' id='word_1_291' title='bbox 1572 3522 1727 3574; x_wconf 84' lang='lat' dir='ltr'><strong>vobis</strong></span> <span class='ocrx_word' id='word_1_292' title='bbox 1776 3521 1934 3575; x_wconf 89' lang='lat' dir='ltr'><strong>istam</strong></span> 
     </span>
    </p>
   </div>
   <div class='ocr_carea' id='block_1_43' title="bbox 372 3613 1939 3687">
    <p class='ocr_par' dir='ltr' id='par_1_43' title="bbox 372 3613 1939 3687">
     <span class='ocr_line' id='line_1_43' title="bbox 372 3613 1939 3687; baseline -0.006 -13"><span class='ocrx_word' id='word_1_293' title='bbox 372 3620 537 3675; x_wconf 78' lang='lat' dir='ltr'><strong>valde</strong></span> <span class='ocrx_word' id='word_1_294' title='bbox 582 3618 851 3687; x_wconf 81' lang='lat' dir='ltr'><strong>puerilem</strong></span> <span class='ocrx_word' id='word_1_295' title='bbox 898 3624 1062 3685; x_wconf 88' lang='lat' dir='ltr'><strong>atque</strong></span> <span class='ocrx_word' id='word_1_296' title='bbox 1112 3615 1408 3677; x_wconf 78' lang='lat' dir='ltr'><strong>incautam,</strong></span> <span class='ocrx_word' id='word_1_297' title='bbox 1446 3622 1539 3666; x_wconf 89' lang='lat' dir='ltr'><strong>aut</strong></span> <span class='ocrx_word' id='word_1_298' title='bbox 1581 3613 1939 3683; x_wconf 85' lang='lat' dir='ltr'><strong>qualemcun-</strong></span> 
     </span>
    </p>
   </div>
   <div class='ocr_carea' id='block_1_44' title="bbox 376 3706 1939 3783">
    <p class='ocr_par' dir='ltr' id='par_1_44' title="bbox 376 3706 1939 3783">
     <span class='ocr_line' id='line_1_44' title="bbox 376 3706 1939 3783; baseline -0.005 -17"><span class='ocrx_word' id='word_1_299' title='bbox 376 3729 484 3783; x_wconf 87' lang='lat' dir='ltr'><strong>que</strong></span> <span class='ocrx_word' id='word_1_300' title='bbox 516 3711 733 3765; x_wconf 84' lang='lat' dir='ltr'><strong>tandem</strong></span> <span class='ocrx_word' id='word_1_301' title='bbox 760 3709 1116 3779; x_wconf 54' lang='lat' dir='ltr'><strong>qua’stionem</strong></span> <span class='ocrx_word' id='word_1_302' title='bbox 1145 3707 1393 3776; x_wconf 85' lang='lat' dir='ltr'><strong>50piendi</strong></span> <span class='ocrx_word' id='word_1_303' title='bbox 1426 3707 1720 3776; x_wconf 76' lang='lat' dir='ltr'><strong>imponam.</strong></span> <span class='ocrx_word' id='word_1_304' title='bbox 1754 3706 1939 3761; x_wconf 86' lang='lat' dir='ltr'><strong>Potest</strong></span> 
     </span>
    </p>
   </div>
   <div class='ocr_carea' id='block_1_45' title="bbox 375 3797 1937 3861">
    <p class='ocr_par' dir='ltr' id='par_1_45' title="bbox 375 3797 1937 3861">
     <span class='ocr_line' id='line_1_45' title="bbox 375 3797 1937 3861; baseline -0.006 -1"><span class='ocrx_word' id='word_1_305' title='bbox 375 3806 525 3860; x_wconf 83' lang='lat' dir='ltr'><strong>enim</strong></span> <span class='ocrx_word' id='word_1_306' title='bbox 548 3817 578 3855; x_wconf 88' lang='lat' dir='ltr'><strong>a</strong></span> <span class='ocrx_word' id='word_1_307' title='bbox 602 3802 761 3856; x_wconf 92' lang='lat' dir='ltr'><strong>vobis</strong></span> <span class='ocrx_word' id='word_1_308' title='bbox 782 3800 995 3854; x_wconf 90' lang='lat' dir='ltr'><strong>sincere</strong></span> <span class='ocrx_word' id='word_1_309' title='bbox 1017 3799 1337 3853; x_wconf 89' lang='lat' dir='ltr'><strong>solemnitas</strong></span> <span class='ocrx_word' id='word_1_310' title='bbox 1358 3808 1659 3853; x_wconf 85' lang='lat' dir='ltr'><strong>conventus</strong></span> <span class='ocrx_word' id='word_1_311' title='bbox 1686 3797 1937 3861; x_wconf 83' lang='lat' dir='ltr'><strong>retineri,</strong></span> 
     </span>
    </p>
   </div>
   <div class='ocr_carea' id='block_1_46' title="bbox 377 3888 1939 3958">
    <p class='ocr_par' dir='ltr' id='par_1_46' title="bbox 377 3888 1939 3958">
     <span class='ocr_line' id='line_1_46' title="bbox 377 3888 1939 3958; baseline -0.006 -8"><span class='ocrx_word' id='word_1_312' title='bbox 377 3904 436 3951; x_wconf 88' lang='lat' dir='ltr'><strong>et</strong></span> <span class='ocrx_word' id='word_1_313' title='bbox 464 3892 779 3948; x_wconf 90' lang='lat' dir='ltr'><strong>communio</strong></span> <span class='ocrx_word' id='word_1_314' title='bbox 803 3891 1049 3945; x_wconf 90' lang='lat' dir='ltr'><strong>omnium</strong></span> <span class='ocrx_word' id='word_1_315' title='bbox 1077 3889 1306 3952; x_wconf 85' lang='lat' dir='ltr'><strong>servari,</strong></span> <span class='ocrx_word' id='word_1_316' title='bbox 1346 3888 1597 3958; x_wconf 89' lang='lat' dir='ltr'><strong>quamvis</strong></span> <span class='ocrx_word' id='word_1_317' title='bbox 1620 3888 1857 3942; x_wconf 75' lang='lat' dir='ltr'><strong>maxime</strong></span> <span class='ocrx_word' id='word_1_318' title='bbox 1885 3888 1939 3941; x_wconf 91' lang='lat' dir='ltr'><strong>in</strong></span> 
     </span>
    </p>
   </div>
   <div class='ocr_carea' id='block_1_47' title="bbox 380 3966 1939 4057">
    <p class='ocr_par' dir='ltr' id='par_1_47' title="bbox 380 3966 1939 4057">
     <span class='ocr_line' id='line_1_47' title="bbox 380 3966 1939 4057; baseline -0.007 -17"><span class='ocrx_word' id='word_1_319' title='bbox 380 3996 539 4057; x_wconf 87' lang='lat' dir='ltr'><strong>parte</strong></span> <span class='ocrx_word' id='word_1_320' title='bbox 573 3966 1012 4052; x_wconf 35' lang='lat' dir='ltr'><strong>quapiam&#39;inler</strong></span> <span class='ocrx_word' id='word_1_321' title='bbox 1052 3994 1151 4034; x_wconf 91' lang='lat' dir='ltr'><strong>vos</strong></span> <span class='ocrx_word' id='word_1_322' title='bbox 1183 3978 1367 4047; x_wconf 87' lang='lat' dir='ltr'><strong>aliqua</strong></span> <span class='ocrx_word' id='word_1_323' title='bbox 1405 3977 1478 4032; x_wconf 86' lang='lat' dir='ltr'><strong>sit</strong></span> <span class='ocrx_word' id='word_1_324' title='bbox 1511 3977 1579 4031; x_wconf 93' lang='lat' dir='ltr'><strong>de</strong></span> <span class='ocrx_word' id='word_1_325' title='bbox 1621 3991 1679 4031; x_wconf 92' lang='lat' dir='ltr'><strong>re</strong></span> <span class='ocrx_word' id='word_1_326' title='bbox 1714 3976 1939 4029; x_wconf 87' lang='lat' dir='ltr'><strong>minima</strong></span> 
     </span>
    </p>
   </div>
   <div class='ocr_carea' id='block_1_48' title="bbox 380 4068 1943 4143">
    <p class='ocr_par' dir='ltr' id='par_1_48' title="bbox 380 4068 1943 4143">
     <span class='ocr_line' id='line_1_48' title="bbox 380 4068 1943 4143; baseline -0.007 -11"><span class='ocrx_word' id='word_1_327' title='bbox 380 4075 674 4132; x_wconf 86' lang='lat' dir='ltr'><strong>dissensio.</strong></span> <span class='ocrx_word' id='word_1_328' title='bbox 719 4073 1004 4143; x_wconf 85' lang='lat' dir='ltr'><strong>Siquidem</strong></span> <span class='ocrx_word' id='word_1_329' title='bbox 1037 4086 1147 4125; x_wconf 91' lang='lat' dir='ltr'><strong>non</strong></span> <span class='ocrx_word' id='word_1_330' title='bbox 1184 4069 1441 4125; x_wconf 89' lang='lat' dir='ltr'><strong>omnibus</strong></span> <span class='ocrx_word' id='word_1_331' title='bbox 1475 4070 1652 4132; x_wconf 86' lang='lat' dir='ltr'><strong>nobis,</strong></span> <span class='ocrx_word' id='word_1_332' title='bbox 1691 4068 1746 4122; x_wconf 93' lang='lat' dir='ltr'><strong>in</strong></span> <span class='ocrx_word' id='word_1_333' title='bbox 1781 4068 1943 4121; x_wconf 84' lang='lat' dir='ltr'><strong>rebus</strong></span> 
     </span>
    </p>
   </div>
   <div class='ocr_carea' id='block_1_49' title="bbox 378 4159 1944 4241">
    <p class='ocr_par' dir='ltr' id='par_1_49' title="bbox 378 4159 1944 4241">
     <span class='ocr_line' id='line_1_49' title="bbox 378 4159 1944 4241; baseline -0.007 -17"><span class='ocrx_word' id='word_1_334' title='bbox 378 4168 687 4241; x_wconf 89' lang='lat' dir='ltr'><strong>quibusvis,</strong></span> <span class='ocrx_word' id='word_1_335' title='bbox 710 4167 901 4219; x_wconf 88' lang='lat' dir='ltr'><strong>eadem</strong></span> <span class='ocrx_word' id='word_1_336' title='bbox 930 4165 1183 4217; x_wconf 88' lang='lat' dir='ltr'><strong>voluntas</strong></span> <span class='ocrx_word' id='word_1_337' title='bbox 1203 4172 1308 4225; x_wconf 90' lang='lat' dir='ltr'><strong>est,</strong></span> <span class='ocrx_word' id='word_1_338' title='bbox 1333 4177 1509 4230; x_wconf 90' lang='lat' dir='ltr'><strong>neque</strong></span> <span class='ocrx_word' id='word_1_339' title='bbox 1540 4177 1648 4215; x_wconf 88' lang='lat' dir='ltr'><strong>una</strong></span> <span class='ocrx_word' id='word_1_340' title='bbox 1674 4159 1817 4229; x_wconf 86' lang='lat' dir='ltr'><strong>apud</strong></span> <span class='ocrx_word' id='word_1_341' title='bbox 1844 4174 1944 4214; x_wconf 91' lang='lat' dir='ltr'><strong>nos</strong></span> 
     </span>
    </p>
   </div>
   <div class='ocr_carea' id='block_1_50' title="bbox 381 4250 1945 4320">
    <p class='ocr_par' dir='ltr' id='par_1_50' title="bbox 381 4250 1945 4320">
     <span class='ocr_line' id='line_1_50' title="bbox 381 4250 1945 4320; baseline -0.009 -3"><span class='ocrx_word' id='word_1_342' title='bbox 381 4273 576 4317; x_wconf 82' lang='lat' dir='ltr'><strong>natura</strong></span> <span class='ocrx_word' id='word_1_343' title='bbox 616 4267 712 4311; x_wconf 88' lang='lat' dir='ltr'><strong>aut</strong></span> <span class='ocrx_word' id='word_1_344' title='bbox 754 4254 1025 4310; x_wconf 84' lang='lat' dir='ltr'><strong>sententia</strong></span> <span class='ocrx_word' id='word_1_345' title='bbox 1057 4253 1293 4307; x_wconf 91' lang='lat' dir='ltr'><strong>obtinet.</strong></span> <span class='ocrx_word' id='word_1_346' title='bbox 1327 4252 1515 4317; x_wconf 66' lang='lat' dir='ltr'><strong>Itaque</strong></span> <span class='ocrx_word' id='word_1_347' title='bbox 1546 4252 1614 4305; x_wconf 90' lang='lat' dir='ltr'><strong>de</strong></span> <span class='ocrx_word' id='word_1_348' title='bbox 1646 4250 1945 4320; x_wconf 89' lang='lat' dir='ltr'><strong>providen-</strong></span> 
     </span>
    </p>
   </div>
   <div class='ocr_carea' id='block_1_51' title="bbox 382 4340 1942 4407">
    <p class='ocr_par' dir='ltr' id='par_1_51' title="bbox 382 4340 1942 4407">
     <span class='ocr_line' id='line_1_51' title="bbox 382 4340 1942 4407; baseline -0.01 -1"><span class='ocrx_word' id='word_1_349' title='bbox 382 4353 457 4407; x_wconf 89' lang='lat' dir='ltr'><strong>tia</strong></span> <span class='ocrx_word' id='word_1_350' title='bbox 504 4347 692 4403; x_wconf 91' lang='lat' dir='ltr'><strong>divina</strong></span> <span class='ocrx_word' id='word_1_351' title='bbox 738 4360 847 4399; x_wconf 87' lang='lat' dir='ltr'><strong>una</strong></span> <span class='ocrx_word' id='word_1_352' title='bbox 884 4344 940 4397; x_wconf 90' lang='lat' dir='ltr'><strong>in</strong></span> <span class='ocrx_word' id='word_1_353' title='bbox 985 4343 1143 4397; x_wconf 88' lang='lat' dir='ltr'><strong>vobis</strong></span> <span class='ocrx_word' id='word_1_354' title='bbox 1190 4342 1262 4396; x_wconf 89' lang='lat' dir='ltr'><strong>sit</strong></span> <span class='ocrx_word' id='word_1_355' title='bbox 1312 4340 1464 4406; x_wconf 83' lang='lat' dir='ltr'><strong>fides,</strong></span> <span class='ocrx_word' id='word_1_356' title='bbox 1502 4356 1608 4394; x_wconf 91' lang='lat' dir='ltr'><strong>una</strong></span> <span class='ocrx_word' id='word_1_357' title='bbox 1651 4341 1942 4403; x_wconf 86' lang='lat' dir='ltr'><strong>sententia,</strong></span> 
     </span>
    </p>
   </div>
   <div class='ocr_carea' id='block_1_52' title="bbox 381 4430 1946 4500">
    <p class='ocr_par' dir='ltr' id='par_1_52' title="bbox 381 4430 1946 4500">
     <span class='ocr_line' id='line_1_52' title="bbox 381 4430 1946 4500; baseline -0.009 -4"><span class='ocrx_word' id='word_1_358' title='bbox 381 4454 527 4497; x_wconf 90' lang='lat' dir='ltr'><strong>unus</strong></span> <span class='ocrx_word' id='word_1_359' title='bbox 561 4447 630 4494; x_wconf 87' lang='lat' dir='ltr'><strong>de</strong></span> <span class='ocrx_word' id='word_1_360' title='bbox 663 4438 775 4492; x_wconf 91' lang='lat' dir='ltr'><strong>Deo</strong></span> <span class='ocrx_word' id='word_1_361' title='bbox 812 4449 1135 4490; x_wconf 90' lang='lat' dir='ltr'><strong>consensus.</strong></span> <span class='ocrx_word' id='word_1_362' title='bbox 1170 4432 1242 4485; x_wconf 81' lang='lat' dir='ltr'><strong>Ea</strong></span> <span class='ocrx_word' id='word_1_363' title='bbox 1278 4447 1409 4486; x_wconf 82' lang='lat' dir='ltr'><strong>vero</strong></span> <span class='ocrx_word' id='word_1_364' title='bbox 1442 4447 1563 4500; x_wconf 66' lang='lat' dir='ltr'><strong>quae</strong></span> <span class='ocrx_word' id='word_1_365' title='bbox 1600 4430 1670 4486; x_wconf 88' lang='lat' dir='ltr'><strong>de</strong></span> <span class='ocrx_word' id='word_1_366' title='bbox 1705 4430 1946 4484; x_wconf 87' lang='lat' dir='ltr'><strong>minimis</strong></span> 
     </span>
    </p>
   </div>
   <div class='ocr_carea' id='block_1_53' title="bbox 2101 1218 3584 1293">
    <p class='ocr_par' dir='ltr' id='par_1_53' title="bbox 2101 1218 3584 1293">
     <span class='ocr_line' id='line_1_53' title="bbox 2101 1218 3584 1293; baseline -0.011 -12"><span class='ocrx_word' id='word_1_367' title='bbox 2101 1249 2118 1281; x_wconf 81' lang='grc' dir='ltr'><strong>ι</strong></span> <span class='ocrx_word' id='word_1_368' title='bbox 2158 1222 2616 1293; x_wconf 72' lang='grc' dir='ltr'>Ἐπισκεψὼμεθα</span> <span class='ocrx_word' id='word_1_369' title='bbox 2634 1221 2690 1274; x_wconf 76' lang='grc' dir='ltr'>δὲ</span> <span class='ocrx_word' id='word_1_370' title='bbox 2713 1218 2959 1287; x_wconf 80' lang='grc' dir='ltr'>λογισμῷ</span> <span class='ocrx_word' id='word_1_371' title='bbox 2985 1218 3215 1286; x_wconf 75' lang='grc' dir='ltr'>μείζονι,</span> <span class='ocrx_word' id='word_1_372' title='bbox 3257 1220 3350 1272; x_wconf 73' lang='grc' dir='ltr'><strong>καὶ</strong></span> <span class='ocrx_word' id='word_1_373' title='bbox 3380 1220 3584 1273; x_wconf 79' lang='grc' dir='ltr'>πλείονι</span> 
     </span>
    </p>
   </div>
   <div class='ocr_carea' id='block_1_54' title="bbox 2025 1308 3581 1384">
    <p class='ocr_par' dir='ltr' id='par_1_54' title="bbox 2025 1308 3581 1384">
     <span class='ocr_line' id='line_1_54' title="bbox 2025 1308 3581 1384; baseline -0.005 -14"><span class='ocrx_word' id='word_1_374' title='bbox 2025 1319 2239 1371; x_wconf 77' lang='grc' dir='ltr'>συνέσει</span> <span class='ocrx_word' id='word_1_375' title='bbox 2270 1316 2327 1368; x_wconf 71' lang='grc' dir='ltr'><strong>τὸ</strong></span> <span class='ocrx_word' id='word_1_376' title='bbox 2376 1313 2541 1384; x_wconf 82' lang='grc' dir='ltr'>ῥηθὲν</span> <span class='ocrx_word' id='word_1_377' title='bbox 2584 1308 3002 1377; x_wconf 67' lang='grc' dir='ltr'>ἐνθυμηθῶμεν,</span> <span class='ocrx_word' id='word_1_378' title='bbox 3038 1308 3194 1374; x_wconf 81' lang='grc' dir='ltr'>εἴπερ</span> <span class='ocrx_word' id='word_1_379' title='bbox 3245 1308 3432 1383; x_wconf 41' lang='grc' dir='ltr'>ὀρθῶς.</span> <span class='ocrx_word' id='word_1_380' title='bbox 3470 1310 3581 1378; x_wconf 82' lang='grc' dir='ltr'>ἔχει</span> 
     </span>
    </p>
   </div>
   <div class='ocr_carea' id='block_1_55' title="bbox 2020 1399 3584 1474">
    <p class='ocr_par' dir='ltr' id='par_1_55' title="bbox 2020 1399 3584 1474">
     <span class='ocr_line' id='line_1_55' title="bbox 2020 1399 3584 1474; baseline -0.008 -12"><span class='ocrx_word' id='word_1_381' title='bbox 2020 1410 2089 1462; x_wconf 86' lang='grc' dir='ltr'>δι’</span> <span class='ocrx_word' id='word_1_382' title='bbox 2116 1409 2305 1474; x_wconf 83' lang='grc' dir='ltr'>ὀλίγας</span> <span class='ocrx_word' id='word_1_383' title='bbox 2332 1406 2427 1459; x_wconf 74' lang='grc' dir='ltr'>καὶ</span> <span class='ocrx_word' id='word_1_384' title='bbox 2455 1404 2688 1474; x_wconf 77' lang='grc' dir='ltr'><strong>ματαίας</strong></span> <span class='ocrx_word' id='word_1_385' title='bbox 2720 1402 2980 1470; x_wconf 77' lang='grc' dir='ltr'><strong>ῥημάτων</strong></span> <span class='ocrx_word' id='word_1_386' title='bbox 3010 1399 3068 1449; x_wconf 84' lang='grc' dir='ltr'><strong>ἐν</strong></span> <span class='ocrx_word' id='word_1_387' title='bbox 3100 1399 3230 1467; x_wconf 82' lang='grc' dir='ltr'>ύμῖν</span> <span class='ocrx_word' id='word_1_388' title='bbox 3255 1399 3584 1465; x_wconf 75' lang='grc' dir='ltr'><strong>φιλονεικίας</strong></span> 
     </span>
    </p>
   </div>
   <div class='ocr_carea' id='block_1_56' title="bbox 2023 1490 3582 1566">
    <p class='ocr_par' dir='ltr' id='par_1_56' title="bbox 2023 1490 3582 1566">
     <span class='ocr_line' id='line_1_56' title="bbox 2023 1490 3582 1566; baseline -0.006 -14"><span class='ocrx_word' id='word_1_389' title='bbox 2023 1498 2287 1566; x_wconf 76' lang='grc' dir='ltr'>ἀδελφοὺς</span> <span class='ocrx_word' id='word_1_390' title='bbox 2332 1497 2584 1563; x_wconf 84' lang='grc' dir='ltr'><strong>ἀδελφοῖς</strong></span> <span class='ocrx_word' id='word_1_391' title='bbox 2615 1492 2974 1551; x_wconf 82' lang='grc' dir='ltr'>ἀντικεῖσθαι,</span> <span class='ocrx_word' id='word_1_392' title='bbox 3012 1490 3107 1543; x_wconf 73' lang='grc' dir='ltr'><strong>καὶ</strong></span> <span class='ocrx_word' id='word_1_393' title='bbox 3137 1490 3197 1543; x_wconf 82' lang='grc' dir='ltr'><strong>τὸ</strong></span> <span class='ocrx_word' id='word_1_394' title='bbox 3238 1491 3334 1559; x_wconf 82' lang='grc' dir='ltr'>τῆς</span> <span class='ocrx_word' id='word_1_395' title='bbox 3367 1492 3582 1544; x_wconf 78' lang='grc' dir='ltr'>συνόδου</span> 
     </span>
    </p>
   </div>
   <div class='ocr_carea' id='block_1_57' title="bbox 2023 1581 3583 1658">
    <p class='ocr_par' dir='ltr' id='par_1_57' title="bbox 2023 1581 3583 1658">
     <span class='ocr_line' id='line_1_57' title="bbox 2023 1581 3583 1658; baseline -0.006 -15"><span class='ocrx_word' id='word_1_396' title='bbox 2023 1592 2205 1658; x_wconf 88' lang='grc' dir='ltr'>τίμιον</span> <span class='ocrx_word' id='word_1_397' title='bbox 2227 1588 2416 1641; x_wconf 84' lang='grc' dir='ltr'>ἀσεϐεῖ</span> <span class='ocrx_word' id='word_1_398' title='bbox 2447 1585 2684 1655; x_wconf 75' lang='grc' dir='ltr'>διχονοίᾳ</span> <span class='ocrx_word' id='word_1_399' title='bbox 2709 1583 3036 1653; x_wconf 76' lang='grc' dir='ltr'>χωρίζεσθαι</span> <span class='ocrx_word' id='word_1_400' title='bbox 3079 1581 3145 1633; x_wconf 72' lang='grc' dir='ltr'>δι’</span> <span class='ocrx_word' id='word_1_401' title='bbox 3170 1581 3345 1649; x_wconf 81' lang='grc' dir='ltr'>ὑμῶν,</span> <span class='ocrx_word' id='word_1_402' title='bbox 3376 1583 3424 1635; x_wconf 82' lang='grc' dir='ltr'>οἳ</span> <span class='ocrx_word' id='word_1_403' title='bbox 3450 1582 3583 1650; x_wconf 70' lang='grc' dir='ltr'>πρὸς</span> 
     </span>
    </p>
   </div>
   <div class='ocr_carea' id='block_1_58' title="bbox 2028 1670 3586 1746">
    <p class='ocr_par' dir='ltr' id='par_1_58' title="bbox 2028 1670 3586 1746">
     <span class='ocr_line' id='line_1_58' title="bbox 2028 1670 3586 1746; baseline -0.006 -15"><span class='ocrx_word' id='word_1_404' title='bbox 2028 1678 2291 1746; x_wconf 78' lang='grc' dir='ltr'><strong>ἀλλήλους</strong></span> <span class='ocrx_word' id='word_1_405' title='bbox 2314 1676 2454 1746; x_wconf 81' lang='grc' dir='ltr'>ὑπὲρ</span> <span class='ocrx_word' id='word_1_406' title='bbox 2473 1674 2686 1743; x_wconf 84' lang='grc' dir='ltr'>μικρῶν</span> <span class='ocrx_word' id='word_1_407' title='bbox 2707 1674 2849 1724; x_wconf 76' lang='grc' dir='ltr'>οὕτω</span> <span class='ocrx_word' id='word_1_408' title='bbox 2872 1674 2962 1724; x_wconf 71' lang='grc' dir='ltr'><strong>καὶ</strong></span> <span class='ocrx_word' id='word_1_409' title='bbox 2991 1670 3257 1741; x_wconf 82' lang='grc' dir='ltr'>μηδαμῶς</span> <span class='ocrx_word' id='word_1_410' title='bbox 3276 1670 3586 1737; x_wconf 79' lang='grc' dir='ltr'>ἀναγκαίων</span> 
     </span>
    </p>
   </div>
   <div class='ocr_carea' id='block_1_59' title="bbox 2031 1762 3586 1840">
    <p class='ocr_par' dir='ltr' id='par_1_59' title="bbox 2031 1762 3586 1840">
     <span class='ocr_line' id='line_1_59' title="bbox 2031 1762 3586 1840; baseline -0.006 -17"><span class='ocrx_word' id='word_1_411' title='bbox 2031 1771 2404 1840; x_wconf 74' lang='grc' dir='ltr'>φιλονεικεῖτε.</span> <span class='ocrx_word' id='word_1_412' title='bbox 2436 1766 2670 1836; x_wconf 81' lang='grc' dir='ltr'>Δημώδη</span> <span class='ocrx_word' id='word_1_413' title='bbox 2698 1764 2849 1817; x_wconf 79' lang='grc' dir='ltr'>ταῦτ’</span> <span class='ocrx_word' id='word_1_414' title='bbox 2879 1763 3030 1814; x_wconf 78' lang='grc' dir='ltr'>ἐστί’</span> <span class='ocrx_word' id='word_1_415' title='bbox 3064 1762 3159 1814; x_wconf 79' lang='grc' dir='ltr'>καὶ</span> <span class='ocrx_word' id='word_1_416' title='bbox 3190 1764 3467 1823; x_wconf 79' lang='grc' dir='ltr'>παιδικαῖς</span> <span class='ocrx_word' id='word_1_417' title='bbox 3497 1764 3586 1814; x_wconf 77' lang='grc' dir='ltr'><strong>ὲνο</strong></span> 
     </span>
    </p>
   </div>
   <div class='ocr_carea' id='block_1_60' title="bbox 2026 1853 3589 1928">
    <p class='ocr_par' dir='ltr' id='par_1_60' title="bbox 2026 1853 3589 1928">
     <span class='ocr_line' id='line_1_60' title="bbox 2026 1853 3589 1928; baseline -0.008 -15"><span class='ocrx_word' id='word_1_418' title='bbox 2026 1859 2194 1921; x_wconf 89' lang='grc' dir='ltr'>νοίαις</span> <span class='ocrx_word' id='word_1_419' title='bbox 2220 1858 2561 1928; x_wconf 74' lang='grc' dir='ltr'><strong>ἁρμόττοντα</strong></span> <span class='ocrx_word' id='word_1_420' title='bbox 2590 1855 2790 1923; x_wconf 76' lang='grc' dir='ltr'>μᾶλλον</span> <span class='ocrx_word' id='word_1_421' title='bbox 2820 1855 2851 1922; x_wconf 84' lang='grc' dir='ltr'>ἢ</span> <span class='ocrx_word' id='word_1_422' title='bbox 2882 1856 2946 1921; x_wconf 85' lang='grc' dir='ltr'>τῇ</span> <span class='ocrx_word' id='word_1_423' title='bbox 2972 1853 3080 1904; x_wconf 86' lang='grc' dir='ltr'><strong>τῶν</strong></span> <span class='ocrx_word' id='word_1_424' title='bbox 3110 1853 3302 1923; x_wconf 78' lang='grc' dir='ltr'>ἱερέων</span> <span class='ocrx_word' id='word_1_425' title='bbox 3330 1854 3422 1903; x_wconf 74' lang='grc' dir='ltr'><strong>καὶ</strong></span> <span class='ocrx_word' id='word_1_426' title='bbox 3458 1869 3589 1921; x_wconf 80' lang='grc' dir='ltr'>φρο-</span> 
     </span>
    </p>
   </div>
   <div class='ocr_carea' id='block_1_61' title="bbox 2027 1940 3589 2016">
    <p class='ocr_par' dir='ltr' id='par_1_61' title="bbox 2027 1940 3589 2016">
     <span class='ocr_line' id='line_1_61' title="bbox 2027 1940 3589 2016; baseline -0.006 -15"><span class='ocrx_word' id='word_1_427' title='bbox 2027 1950 2200 2016; x_wconf 89' lang='grc' dir='ltr'>νίμων</span> <span class='ocrx_word' id='word_1_428' title='bbox 2254 1948 2467 1999; x_wconf 77' lang='grc' dir='ltr'>συνέσει</span> <span class='ocrx_word' id='word_1_429' title='bbox 2523 1942 2732 2014; x_wconf 86' lang='grc' dir='ltr'>ἀνδρῶν</span> <span class='ocrx_word' id='word_1_430' title='bbox 2790 1946 3159 2010; x_wconf 80' lang='grc' dir='ltr'>προσήκοντα.</span> <span class='ocrx_word' id='word_1_431' title='bbox 3232 1940 3589 2007; x_wconf 76' lang='grc' dir='ltr'>’Δποστῶμεν</span> 
     </span>
    </p>
   </div>
   <div class='ocr_carea' id='block_1_62' title="bbox 2027 2033 3590 2102">
    <p class='ocr_par' dir='ltr' id='par_1_62' title="bbox 2027 2033 3590 2102">
     <span class='ocr_line' id='line_1_62' title="bbox 2027 2033 3590 2102; baseline -0.006 -10"><span class='ocrx_word' id='word_1_432' title='bbox 2027 2041 2245 2102; x_wconf 76' lang='grc' dir='ltr'>ἑκόντες</span> <span class='ocrx_word' id='word_1_433' title='bbox 2279 2039 2388 2090; x_wconf 90' lang='grc' dir='ltr'><strong>τῶν</strong></span> <span class='ocrx_word' id='word_1_434' title='bbox 2419 2035 2744 2090; x_wconf 77' lang='grc' dir='ltr'>διασολικῶν</span> <span class='ocrx_word' id='word_1_435' title='bbox 2783 2033 3128 2102; x_wconf 75' lang='grc' dir='ltr'>πειρασμῶν.</span> <span class='ocrx_word' id='word_1_436' title='bbox 3166 2033 3223 2086; x_wconf 87' lang='grc' dir='ltr'>Ὀ</span> <span class='ocrx_word' id='word_1_437' title='bbox 3255 2035 3427 2101; x_wconf 71' lang='grc' dir='ltr'>μέγας</span> <span class='ocrx_word' id='word_1_438' title='bbox 3456 2033 3590 2093; x_wconf 68' lang='grc' dir='ltr'>Θεὸς</span> 
     </span>
    </p>
   </div>
   <div class='ocr_carea' id='block_1_63' title="bbox 2030 2124 3593 2201">
    <p class='ocr_par' dir='ltr' id='par_1_63' title="bbox 2030 2124 3593 2201">
     <span class='ocr_line' id='line_1_63' title="bbox 2030 2124 3593 2201; baseline -0.007 -14"><span class='ocrx_word' id='word_1_439' title='bbox 2030 2134 2127 2186; x_wconf 74' lang='grc' dir='ltr'><strong>καὶ</strong></span> <span class='ocrx_word' id='word_1_440' title='bbox 2160 2128 2351 2201; x_wconf 77' lang='grc' dir='ltr'>Σωτὴρ</span> <span class='ocrx_word' id='word_1_441' title='bbox 2380 2129 2537 2200; x_wconf 81' lang='grc' dir='ltr'>ἡμῶν</span> <span class='ocrx_word' id='word_1_442' title='bbox 2569 2129 2788 2181; x_wconf 83' lang='grc' dir='ltr'>πάντων</span> <span class='ocrx_word' id='word_1_443' title='bbox 2830 2128 3010 2179; x_wconf 72' lang='grc' dir='ltr'>κοινὸν</span> <span class='ocrx_word' id='word_1_444' title='bbox 3044 2126 3214 2177; x_wconf 74' lang='grc' dir='ltr'>ἅπασι</span> <span class='ocrx_word' id='word_1_445' title='bbox 3242 2127 3301 2177; x_wconf 71' lang='grc' dir='ltr'><strong>τὸ</strong></span> <span class='ocrx_word' id='word_1_446' title='bbox 3338 2125 3455 2193; x_wconf 86' lang='grc' dir='ltr'><strong>φῶς</strong></span> <span class='ocrx_word' id='word_1_447' title='bbox 3482 2124 3593 2189; x_wconf 77' lang='grc' dir='ltr'><strong>ἐ.ξέ-</strong></span> 
     </span>
    </p>
   </div>
   <div class='ocr_carea' id='block_1_64' title="bbox 2030 2215 3594 2289">
    <p class='ocr_par' dir='ltr' id='par_1_64' title="bbox 2030 2215 3594 2289">
     <span class='ocr_line' id='line_1_64' title="bbox 2030 2215 3594 2289; baseline -0.005 -13"><span class='ocrx_word' id='word_1_448' title='bbox 2030 2238 2240 2277; x_wconf 87' lang='grc' dir='ltr'>τεινεν·</span> <span class='ocrx_word' id='word_1_449' title='bbox 2278 2221 2363 2289; x_wconf 77' lang='grc' dir='ltr'><strong>ἐφ’</strong></span> <span class='ocrx_word' id='word_1_450' title='bbox 2412 2220 2472 2273; x_wconf 77' lang='grc' dir='ltr'>οὗ</span> <span class='ocrx_word' id='word_1_451' title='bbox 2512 2222 2578 2289; x_wconf 82' lang='grc' dir='ltr'>τῇ</span> <span class='ocrx_word' id='word_1_452' title='bbox 2633 2217 2860 2287; x_wconf 77' lang='grc' dir='ltr'>προνοίᾳ</span> <span class='ocrx_word' id='word_1_453' title='bbox 2906 2217 3114 2286; x_wconf 90' lang='grc' dir='ltr'>ταύτην</span> <span class='ocrx_word' id='word_1_454' title='bbox 3155 2217 3279 2285; x_wconf 79' lang='grc' dir='ltr'>ἐμοὶ</span> <span class='ocrx_word' id='word_1_455' title='bbox 3323 2215 3401 2286; x_wconf 78' lang='grc' dir='ltr'><strong>τῷ</strong></span> <span class='ocrx_word' id='word_1_456' title='bbox 3433 2215 3594 2284; x_wconf 86' lang='grc' dir='ltr'>θερα-</span> 
     </span>
    </p>
   </div>
   <div class='ocr_carea' id='block_1_65' title="bbox 2032 2308 3595 2381">
    <p class='ocr_par' dir='ltr' id='par_1_65' title="bbox 2032 2308 3595 2381">
     <span class='ocr_line' id='line_1_65' title="bbox 2032 2308 3595 2381; baseline -0.003 -16"><span class='ocrx_word' id='word_1_457' title='bbox 2032 2313 2205 2381; x_wconf 79' lang='grc' dir='ltr'>πευτῇ</span> <span class='ocrx_word' id='word_1_458' title='bbox 2232 2311 2324 2364; x_wconf 75' lang='grc' dir='ltr'>τοῦ</span> <span class='ocrx_word' id='word_1_459' title='bbox 2353 2309 2663 2381; x_wconf 86' lang='grc' dir='ltr'>κρείττονος</span> <span class='ocrx_word' id='word_1_460' title='bbox 2691 2308 2788 2378; x_wconf 82' lang='grc' dir='ltr'><strong>τὴν</strong></span> <span class='ocrx_word' id='word_1_461' title='bbox 2818 2308 3054 2378; x_wconf 84' lang='grc' dir='ltr'>σπουδὴν</span> <span class='ocrx_word' id='word_1_462' title='bbox 3078 2310 3158 2371; x_wconf 83' lang='grc' dir='ltr'>εἰς</span> <span class='ocrx_word' id='word_1_463' title='bbox 3180 2309 3330 2370; x_wconf 83' lang='grc' dir='ltr'>τέλος</span> <span class='ocrx_word' id='word_1_464' title='bbox 3350 2310 3595 2376; x_wconf 76' lang='grc' dir='ltr'>ἐνεγκεῖν</span> 
     </span>
    </p>
   </div>
   <div class='ocr_carea' id='block_1_66' title="bbox 2035 2400 3593 2474">
    <p class='ocr_par' dir='ltr' id='par_1_66' title="bbox 2035 2400 3593 2474">
     <span class='ocr_line' id='line_1_66' title="bbox 2035 2400 3593 2474; baseline -0.003 -18"><span class='ocrx_word' id='word_1_465' title='bbox 2035 2404 2427 2474; x_wconf 82' lang='grc' dir='ltr'>συγχωρήσατε</span> <span class='ocrx_word' id='word_1_466' title='bbox 2447 2420 2460 2434; x_wconf 77' lang='grc' dir='ltr'><strong>ο</strong></span> <span class='ocrx_word' id='word_1_467' title='bbox 2491 2404 2642 2462; x_wconf 82' lang='grc' dir='ltr'>ὅπως</span> <span class='ocrx_word' id='word_1_468' title='bbox 2685 2401 2755 2454; x_wconf 84' lang='grc' dir='ltr'>δι’</span> <span class='ocrx_word' id='word_1_469' title='bbox 2778 2400 2933 2470; x_wconf 82' lang='grc' dir='ltr'>ὑμῶν</span> <span class='ocrx_word' id='word_1_470' title='bbox 2966 2403 3089 2461; x_wconf 78' lang='grc' dir='ltr'>τοὺς</span> <span class='ocrx_word' id='word_1_471' title='bbox 3136 2402 3345 2455; x_wconf 78' lang='grc' dir='ltr'>ἐκείνου</span> <span class='ocrx_word' id='word_1_472' title='bbox 3388 2401 3593 2471; x_wconf 76' lang='grc' dir='ltr'>δήμους</span> 
     </span>
    </p>
   </div>
   <div class='ocr_carea' id='block_1_67' title="bbox 2033 2494 3596 2569">
    <p class='ocr_par' dir='ltr' id='par_1_67' title="bbox 2033 2494 3596 2569">
     <span class='ocr_line' id='line_1_67' title="bbox 2033 2494 3596 2569; baseline -0.004 -18"><span class='ocrx_word' id='word_1_473' title='bbox 2033 2501 2140 2569; x_wconf 74' lang='grc' dir='ltr'><strong>ἐμῇ</strong></span> <span class='ocrx_word' id='word_1_474' title='bbox 2190 2499 2574 2567; x_wconf 83' lang='grc' dir='ltr'>προσφωνήσει</span> <span class='ocrx_word' id='word_1_475' title='bbox 2618 2498 2712 2549; x_wconf 74' lang='grc' dir='ltr'><strong>καὶ</strong></span> <span class='ocrx_word' id='word_1_476' title='bbox 2739 2494 3017 2565; x_wconf 78' lang='grc' dir='ltr'>ὑπηρεσίᾳ</span> <span class='ocrx_word' id='word_1_477' title='bbox 3051 2497 3146 2548; x_wconf 80' lang='grc' dir='ltr'>καὶ</span> <span class='ocrx_word' id='word_1_478' title='bbox 3191 2494 3471 2555; x_wconf 80' lang='grc' dir='ltr'>νουθεσίας</span> <span class='ocrx_word' id='word_1_479' title='bbox 3515 2497 3596 2546; x_wconf 81' lang='grc' dir='ltr'><strong>ὲν-</strong></span> 
     </span>
    </p>
   </div>
   <div class='ocr_carea' id='block_1_68' title="bbox 2036 2587 3596 2658">
    <p class='ocr_par' dir='ltr' id='par_1_68' title="bbox 2036 2587 3596 2658">
     <span class='ocr_line' id='line_1_68' title="bbox 2036 2587 3596 2658; baseline -0.003 -15"><span class='ocrx_word' id='word_1_480' title='bbox 2036 2590 2223 2643; x_wconf 86' lang='grc' dir='ltr'>στάσει</span> <span class='ocrx_word' id='word_1_481' title='bbox 2259 2590 2395 2656; x_wconf 81' lang='grc' dir='ltr'>πρὸς</span> <span class='ocrx_word' id='word_1_482' title='bbox 2443 2589 2543 2658; x_wconf 80' lang='grc' dir='ltr'><strong>τὴν</strong></span> <span class='ocrx_word' id='word_1_483' title='bbox 2582 2589 2681 2657; x_wconf 80' lang='grc' dir='ltr'>τῆς</span> <span class='ocrx_word' id='word_1_484' title='bbox 2728 2588 2944 2642; x_wconf 83' lang='grc' dir='ltr'>συνόδου</span> <span class='ocrx_word' id='word_1_485' title='bbox 2999 2587 3285 2640; x_wconf 80' lang='grc' dir='ltr'>κοινωνίαν</span> <span class='ocrx_word' id='word_1_486' title='bbox 3321 2588 3596 2650; x_wconf 76' lang='grc' dir='ltr'>ἐπαναγά-</span> 
     </span>
    </p>
   </div>
   <div class='ocr_carea' id='block_1_69' title="bbox 2034 2679 3595 2750">
    <p class='ocr_par' dir='ltr' id='par_1_69' title="bbox 2034 2679 3595 2750">
     <span class='ocr_line' id='line_1_69' title="bbox 2034 2679 3595 2750; baseline -0.004 -16"><span class='ocrx_word' id='word_1_487' title='bbox 2034 2680 2207 2750; x_wconf 73' lang='grc' dir='ltr'>γοιμί.</span> <span class='ocrx_word' id='word_1_488' title='bbox 2262 2680 2479 2750; x_wconf 79' lang='grc' dir='ltr'>Ἐπειδὴ</span> <span class='ocrx_word' id='word_1_489' title='bbox 2535 2680 2661 2748; x_wconf 85' lang='grc' dir='ltr'>γὰρ,</span> <span class='ocrx_word' id='word_1_490' title='bbox 2697 2680 2770 2743; x_wconf 84' lang='grc' dir='ltr'>ὡς</span> <span class='ocrx_word' id='word_1_491' title='bbox 2820 2679 2979 2747; x_wconf 77' lang='grc' dir='ltr'>ἔφην,</span> <span class='ocrx_word' id='word_1_492' title='bbox 3015 2679 3109 2745; x_wconf 87' lang='grc' dir='ltr'><strong>μία</strong></span> <span class='ocrx_word' id='word_1_493' title='bbox 3152 2679 3235 2741; x_wconf 87' lang='grc' dir='ltr'><strong>τίς</strong></span> <span class='ocrx_word' id='word_1_494' title='bbox 3269 2679 3384 2730; x_wconf 81' lang='grc' dir='ltr'>ἐστι</span> <span class='ocrx_word' id='word_1_495' title='bbox 3416 2680 3595 2740; x_wconf 81' lang='grc' dir='ltr'>πίστις</span> 
     </span>
    </p>
   </div>
   <div class='ocr_carea' id='block_1_70' title="bbox 2037 2766 3595 2839">
    <p class='ocr_par' dir='ltr' id='par_1_70' title="bbox 2037 2766 3595 2839">
     <span class='ocr_line' id='line_1_70' title="bbox 2037 2766 3595 2839; baseline -0.004 -15"><span class='ocrx_word' id='word_1_496' title='bbox 2037 2775 2094 2824; x_wconf 80' lang='grc' dir='ltr'><strong>ἐν</strong></span> <span class='ocrx_word' id='word_1_497' title='bbox 2133 2771 2282 2839; x_wconf 82' lang='grc' dir='ltr'>ὑμῖν,</span> <span class='ocrx_word' id='word_1_498' title='bbox 2311 2769 2406 2820; x_wconf 75' lang='grc' dir='ltr'><strong>καὶ</strong></span> <span class='ocrx_word' id='word_1_499' title='bbox 2456 2770 2555 2836; x_wconf 79' lang='grc' dir='ltr'><strong>μία</strong></span> <span class='ocrx_word' id='word_1_500' title='bbox 2589 2770 2684 2836; x_wconf 74' lang='grc' dir='ltr'>τῆς</span> <span class='ocrx_word' id='word_1_501' title='bbox 2720 2768 2840 2820; x_wconf 77' lang='grc' dir='ltr'>καθ’</span> <span class='ocrx_word' id='word_1_502' title='bbox 2879 2770 3022 2836; x_wconf 72' lang='grc' dir='ltr'>ἡμᾶς</span> <span class='ocrx_word' id='word_1_503' title='bbox 3055 2769 3317 2835; x_wconf 68' lang='grc' dir='ltr'>αἱρέσεως</span> <span class='ocrx_word' id='word_1_504' title='bbox 3360 2766 3595 2827; x_wconf 76' lang='grc' dir='ltr'>σύνεσις,</span> 
     </span>
    </p>
   </div>
   <div class='ocr_carea' id='block_1_71' title="bbox 2036 2857 3601 2929">
    <p class='ocr_par' dir='ltr' id='par_1_71' title="bbox 2036 2857 3601 2929">
     <span class='ocr_line' id='line_1_71' title="bbox 2036 2857 3601 2929; baseline -0.004 -13"><span class='ocrx_word' id='word_1_505' title='bbox 2036 2864 2096 2916; x_wconf 87' lang='grc' dir='ltr'>τό</span> <span class='ocrx_word' id='word_1_506' title='bbox 2122 2880 2180 2915; x_wconf 91' lang='grc' dir='ltr'>τε</span> <span class='ocrx_word' id='word_1_507' title='bbox 2213 2862 2309 2915; x_wconf 83' lang='grc' dir='ltr'>τοῦ</span> <span class='ocrx_word' id='word_1_508' title='bbox 2339 2862 2509 2929; x_wconf 85' lang='grc' dir='ltr'>νόμου</span> <span class='ocrx_word' id='word_1_509' title='bbox 2552 2861 2921 2929; x_wconf 80' lang='grc' dir='ltr'>παράγγελμα</span> <span class='ocrx_word' id='word_1_510' title='bbox 2957 2861 3069 2921; x_wconf 85' lang='grc' dir='ltr'>τοῖς</span> <span class='ocrx_word' id='word_1_511' title='bbox 3115 2859 3183 2909; x_wconf 77' lang='grc' dir='ltr'>δι’</span> <span class='ocrx_word' id='word_1_512' title='bbox 3212 2857 3405 2911; x_wconf 80' lang='grc' dir='ltr'>ἑαυτοῦ</span> <span class='ocrx_word' id='word_1_513' title='bbox 3440 2860 3601 2927; x_wconf 83' lang='grc' dir='ltr'>μέρε-</span> 
     </span>
    </p>
   </div>
   <div class='ocr_carea' id='block_1_72' title="bbox 2038 2947 3597 3020">
    <p class='ocr_par' dir='ltr' id='par_1_72' title="bbox 2038 2947 3597 3020">
     <span class='ocr_line' id='line_1_72' title="bbox 2038 2947 3597 3020; baseline -0.003 -17"><span class='ocrx_word' id='word_1_514' title='bbox 2038 2969 2123 3003; x_wconf 87' lang='grc' dir='ltr'><strong>σιν</strong></span> <span class='ocrx_word' id='word_1_515' title='bbox 2181 2954 2259 3014; x_wconf 83' lang='grc' dir='ltr'><strong>είς</strong></span> <span class='ocrx_word' id='word_1_516' title='bbox 2312 2950 2443 3020; x_wconf 90' lang='grc' dir='ltr'>μίαν</span> <span class='ocrx_word' id='word_1_517' title='bbox 2489 2949 2667 3018; x_wconf 70' lang='grc' dir='ltr'>ψυχῆς</span> <span class='ocrx_word' id='word_1_518' title='bbox 2720 2949 2981 3017; x_wconf 83' lang='grc' dir='ltr'>πρόθεσιν</span> <span class='ocrx_word' id='word_1_519' title='bbox 3018 2949 3078 2999; x_wconf 82' lang='grc' dir='ltr'>τὸ</span> <span class='ocrx_word' id='word_1_520' title='bbox 3131 2947 3251 3000; x_wconf 83' lang='grc' dir='ltr'>δλον</span> <span class='ocrx_word' id='word_1_521' title='bbox 3299 2947 3597 3013; x_wconf 86' lang='grc' dir='ltr'>συγκλείει,</span> 
     </span>
    </p>
   </div>
   <div class='ocr_carea' id='block_1_73' title="bbox 2036 3038 3594 3111">
    <p class='ocr_par' dir='ltr' id='par_1_73' title="bbox 2036 3038 3594 3111">
     <span class='ocr_line' id='line_1_73' title="bbox 2036 3038 3594 3111; baseline -0.006 -13"><span class='ocrx_word' id='word_1_522' title='bbox 2036 3044 2196 3098; x_wconf 84' lang='grc' dir='ltr'>τοῦτο</span> <span class='ocrx_word' id='word_1_523' title='bbox 2235 3045 2373 3111; x_wconf 84' lang='grc' dir='ltr'>ὅπερ</span> <span class='ocrx_word' id='word_1_524' title='bbox 2407 3042 2536 3111; x_wconf 86' lang='grc' dir='ltr'>ύμῖν</span> <span class='ocrx_word' id='word_1_525' title='bbox 2577 3044 2634 3093; x_wconf 83' lang='grc' dir='ltr'>ὲν</span> <span class='ocrx_word' id='word_1_526' title='bbox 2678 3039 2926 3109; x_wconf 84' lang='grc' dir='ltr'>ἀλλήλοις</span> <span class='ocrx_word' id='word_1_527' title='bbox 2967 3038 3297 3108; x_wconf 83' lang='grc' dir='ltr'>φιλονεικίαν</span> <span class='ocrx_word' id='word_1_528' title='bbox 3350 3040 3594 3108; x_wconf 77' lang='grc' dir='ltr'>ἤγειρεν,</span> 
     </span>
    </p>
   </div>
   <div class='ocr_carea' id='block_1_74' title="bbox 1964 3129 3595 3216">
    <p class='ocr_par' dir='ltr' id='par_1_74' title="bbox 1964 3129 3595 3216">
     <span class='ocr_line' id='line_1_74' title="bbox 1964 3129 3595 3216; baseline -0.003 -32"><span class='ocrx_word' id='word_1_529' title='bbox 1964 3159 2006 3216; x_wconf 78' lang='lat' dir='ltr'>c</span> <span class='ocrx_word' id='word_1_530' title='bbox 2041 3132 2230 3200; x_wconf 75' lang='grc' dir='ltr'>ἐπειδὴ</span> <span class='ocrx_word' id='word_1_531' title='bbox 2267 3132 2341 3202; x_wconf 82' lang='grc' dir='ltr'>μὴ</span> <span class='ocrx_word' id='word_1_532' title='bbox 2366 3132 2501 3199; x_wconf 65' lang='grc' dir='ltr'>πρὶς</span> <span class='ocrx_word' id='word_1_533' title='bbox 2525 3131 2625 3199; x_wconf 79' lang='grc' dir='ltr'><strong>τὴν</strong></span> <span class='ocrx_word' id='word_1_534' title='bbox 2653 3129 2744 3182; x_wconf 79' lang='grc' dir='ltr'>τοῦ</span> <span class='ocrx_word' id='word_1_535' title='bbox 2778 3131 2976 3192; x_wconf 63' lang='grc' dir='ltr'>παντὸς</span> <span class='ocrx_word' id='word_1_536' title='bbox 3014 3130 3180 3196; x_wconf 84' lang='grc' dir='ltr'>νόμου</span> <span class='ocrx_word' id='word_1_537' title='bbox 3205 3129 3440 3198; x_wconf 86' lang='grc' dir='ltr'>δύναμιν</span> <span class='ocrx_word' id='word_1_538' title='bbox 3461 3131 3595 3198; x_wconf 75' lang='grc' dir='ltr'>ἀνή-</span> 
     </span>
    </p>
   </div>
   <div class='ocr_carea' id='block_1_75' title="bbox 2041 3221 3599 3293">
    <p class='ocr_par' dir='ltr' id='par_1_75' title="bbox 2041 3221 3599 3293">
     <span class='ocr_line' id='line_1_75' title="bbox 2041 3221 3599 3293; baseline -0.002 -18"><span class='ocrx_word' id='word_1_539' title='bbox 2041 3240 2145 3283; x_wconf 75' lang='grc' dir='ltr'>κει,</span> <span class='ocrx_word' id='word_1_540' title='bbox 2178 3223 2455 3293; x_wconf 83' lang='grc' dir='ltr'>χωρισμόν</span> <span class='ocrx_word' id='word_1_541' title='bbox 2498 3238 2619 3274; x_wconf 88' lang='grc' dir='ltr'>τινα</span> <span class='ocrx_word' id='word_1_542' title='bbox 2661 3222 2755 3274; x_wconf 71' lang='grc' dir='ltr'><strong>καὶ</strong></span> <span class='ocrx_word' id='word_1_543' title='bbox 2808 3221 2997 3273; x_wconf 81' lang='grc' dir='ltr'>στάσιν</span> <span class='ocrx_word' id='word_1_544' title='bbox 3050 3223 3105 3273; x_wconf 81' lang='grc' dir='ltr'>ὲν</span> <span class='ocrx_word' id='word_1_545' title='bbox 3157 3222 3284 3289; x_wconf 80' lang='grc' dir='ltr'>ὑμῖν</span> <span class='ocrx_word' id='word_1_546' title='bbox 3335 3221 3599 3291; x_wconf 84' lang='grc' dir='ltr'>μηδαμῶς</span> 
     </span>
    </p>
   </div>
   <div class='ocr_carea' id='block_1_76' title="bbox 2038 3311 3601 3384">
    <p class='ocr_par' dir='ltr' id='par_1_76' title="bbox 2038 3311 3601 3384">
     <span class='ocr_line' id='line_1_76' title="bbox 2038 3311 3601 3384; baseline -0.003 -16"><span class='ocrx_word' id='word_1_547' title='bbox 2038 3314 2354 3384; x_wconf 76' lang='grc' dir='ltr'>ὲμποιείτω.</span> <span class='ocrx_word' id='word_1_548' title='bbox 2408 3314 2519 3367; x_wconf 73' lang='grc' dir='ltr'>Καὶ</span> <span class='ocrx_word' id='word_1_549' title='bbox 2571 3312 2714 3380; x_wconf 86' lang='grc' dir='ltr'>λέγω</span> <span class='ocrx_word' id='word_1_550' title='bbox 2756 3311 2947 3377; x_wconf 79' lang='grc' dir='ltr'>ταῦτα,</span> <span class='ocrx_word' id='word_1_551' title='bbox 3003 3313 3099 3381; x_wconf 79' lang='grc' dir='ltr'><strong>οὐχ</strong></span> <span class='ocrx_word' id='word_1_552' title='bbox 3147 3313 3222 3374; x_wconf 80' lang='grc' dir='ltr'>ὡς</span> <span class='ocrx_word' id='word_1_553' title='bbox 3274 3311 3601 3379; x_wconf 69' lang='grc' dir='ltr'>ἀναγκάζων</span> 
     </span>
    </p>
   </div>
   <div class='ocr_carea' id='block_1_77' title="bbox 2039 3403 3603 3475">
    <p class='ocr_par' dir='ltr' id='par_1_77' title="bbox 2039 3403 3603 3475">
     <span class='ocr_line' id='line_1_77' title="bbox 2039 3403 3603 3475; baseline -0.002 -17"><span class='ocrx_word' id='word_1_554' title='bbox 2039 3407 2181 3474; x_wconf 81' lang='grc' dir='ltr'>ὑμᾶς</span> <span class='ocrx_word' id='word_1_555' title='bbox 2212 3405 2511 3469; x_wconf 77' lang='grc' dir='ltr'>ὲξάπαντος</span> <span class='ocrx_word' id='word_1_556' title='bbox 2538 3407 2604 3473; x_wconf 79' lang='grc' dir='ltr'>τῇ</span> <span class='ocrx_word' id='word_1_557' title='bbox 2637 3405 2757 3456; x_wconf 90' lang='grc' dir='ltr'>λίαν</span> <span class='ocrx_word' id='word_1_558' title='bbox 2789 3403 2974 3471; x_wconf 85' lang='grc' dir='ltr'>εύήθει</span> <span class='ocrx_word' id='word_1_559' title='bbox 3003 3407 3098 3456; x_wconf 76' lang='grc' dir='ltr'><strong>καὶ</strong></span> <span class='ocrx_word' id='word_1_560' title='bbox 3132 3404 3418 3475; x_wconf 78' lang='grc' dir='ltr'>οἱᾳδήποτέ</span> <span class='ocrx_word' id='word_1_561' title='bbox 3452 3405 3603 3456; x_wconf 77' lang='grc' dir='ltr'>ἐστιν</span> 
     </span>
    </p>
   </div>
   <div class='ocr_carea' id='block_1_78' title="bbox 2038 3492 3604 3570">
    <p class='ocr_par' dir='ltr' id='par_1_78' title="bbox 2038 3492 3604 3570">
     <span class='ocr_line' id='line_1_78' title="bbox 2038 3492 3604 3570; baseline -0.003 -18"><span class='ocrx_word' id='word_1_562' title='bbox 2038 3500 2221 3570; x_wconf 80' lang='grc' dir='ltr'>ἐκείνῃ</span> <span class='ocrx_word' id='word_1_563' title='bbox 2279 3497 2508 3567; x_wconf 76' lang='grc' dir='ltr'>ζητήσει</span> <span class='ocrx_word' id='word_1_564' title='bbox 2561 3492 2928 3549; x_wconf 73' lang='grc' dir='ltr'>συντίθεσθαι.</span> <span class='ocrx_word' id='word_1_565' title='bbox 2976 3495 3211 3548; x_wconf 85' lang='grc' dir='ltr'>Δύναται</span> <span class='ocrx_word' id='word_1_566' title='bbox 3262 3496 3370 3565; x_wconf 78' lang='grc' dir='ltr'><strong>γὰρ</strong></span> <span class='ocrx_word' id='word_1_567' title='bbox 3414 3497 3508 3551; x_wconf 75' lang='grc' dir='ltr'><strong>καὶ</strong></span> <span class='ocrx_word' id='word_1_568' title='bbox 3541 3497 3604 3548; x_wconf 74' lang='grc' dir='ltr'><strong>τὸ</strong></span> 
     </span>
    </p>
   </div>
   <div class='ocr_carea' id='block_1_79' title="bbox 2039 3576 3603 3659">
    <p class='ocr_par' dir='ltr' id='par_1_79' title="bbox 2039 3576 3603 3659">
     <span class='ocr_line' id='line_1_79' title="bbox 2039 3576 3603 3659; baseline -0.003 -14"><span class='ocrx_word' id='word_1_569' title='bbox 2039 3595 2141 3659; x_wconf 70' lang='grc' dir='ltr'>τῆς</span> <span class='ocrx_word' id='word_1_570' title='bbox 2173 3576 2392 3645; x_wconf 79' lang='grc' dir='ltr'>συνόδου</span> <span class='ocrx_word' id='word_1_571' title='bbox 2421 3593 2599 3655; x_wconf 82' lang='grc' dir='ltr'>τίμιον</span> <span class='ocrx_word' id='word_1_572' title='bbox 2632 3591 2758 3658; x_wconf 88' lang='grc' dir='ltr'>ύμῖν</span> <span class='ocrx_word' id='word_1_573' title='bbox 2804 3589 3062 3659; x_wconf 86' lang='grc' dir='ltr'>ἀκέραιον</span> <span class='ocrx_word' id='word_1_574' title='bbox 3090 3589 3475 3659; x_wconf 81' lang='grc' dir='ltr'>φυλάττεσθαι.</span> <span class='ocrx_word' id='word_1_575' title='bbox 3509 3591 3603 3641; x_wconf 76' lang='grc' dir='ltr'>καὶ</span> 
     </span>
    </p>
   </div>
   <div class='ocr_carea' id='block_1_80' title="bbox 2040 3681 3605 3756">
    <p class='ocr_par' dir='ltr' id='par_1_80' title="bbox 2040 3681 3605 3756">
     <span class='ocr_line' id='line_1_80' title="bbox 2040 3681 3605 3756; baseline -0.003 -19"><span class='ocrx_word' id='word_1_576' title='bbox 2040 3688 2073 3756; x_wconf 87' lang='grc' dir='ltr'><strong>ἡ</strong></span> <span class='ocrx_word' id='word_1_577' title='bbox 2105 3687 2243 3755; x_wconf 75' lang='grc' dir='ltr'>αὑτὴ</span> <span class='ocrx_word' id='word_1_578' title='bbox 2286 3685 2429 3738; x_wconf 84' lang='grc' dir='ltr'><strong>κατά</strong></span> <span class='ocrx_word' id='word_1_579' title='bbox 2477 3684 2695 3735; x_wconf 86' lang='grc' dir='ltr'>πάντων</span> <span class='ocrx_word' id='word_1_580' title='bbox 2732 3682 2988 3735; x_wconf 89' lang='grc' dir='ltr'>κοινωνία</span> <span class='ocrx_word' id='word_1_581' title='bbox 3023 3681 3312 3751; x_wconf 83' lang='grc' dir='ltr'>τηρεῖσθαι</span> <span class='ocrx_word' id='word_1_582' title='bbox 3335 3697 3350 3713; x_wconf 77' lang='grc' dir='ltr'><strong>ο</strong></span> <span class='ocrx_word' id='word_1_583' title='bbox 3382 3681 3487 3734; x_wconf 74' lang='grc' dir='ltr'>κᾶν</span> <span class='ocrx_word' id='word_1_584' title='bbox 3535 3682 3605 3733; x_wconf 76' lang='grc' dir='ltr'><strong>τὰ</strong></span> 
     </span>
    </p>
   </div>
   <div class='ocr_carea' id='block_1_81' title="bbox 2045 3772 3603 3849">
    <p class='ocr_par' dir='ltr' id='par_1_81' title="bbox 2045 3772 3603 3849">
     <span class='ocr_line' id='line_1_81' title="bbox 2045 3772 3603 3849; baseline -0.005 -18"><span class='ocrx_word' id='word_1_585' title='bbox 2045 3778 2281 3849; x_wconf 84' lang='grc' dir='ltr'>μάλιστά</span> <span class='ocrx_word' id='word_1_586' title='bbox 2309 3793 2391 3839; x_wconf 91' lang='grc' dir='ltr'><strong>τις</strong></span> <span class='ocrx_word' id='word_1_587' title='bbox 2417 3778 2475 3829; x_wconf 81' lang='grc' dir='ltr'>ὲν</span> <span class='ocrx_word' id='word_1_588' title='bbox 2500 3775 2659 3844; x_wconf 89' lang='grc' dir='ltr'>μέρει</span> <span class='ocrx_word' id='word_1_589' title='bbox 2685 3773 2820 3843; x_wconf 80' lang='grc' dir='ltr'>πρὸς</span> <span class='ocrx_word' id='word_1_590' title='bbox 2853 3772 3115 3843; x_wconf 76' lang='grc' dir='ltr'>ἀλλήλους</span> <span class='ocrx_word' id='word_1_591' title='bbox 3156 3773 3297 3841; x_wconf 78' lang='grc' dir='ltr'>ὑπὲρ</span> <span class='ocrx_word' id='word_1_592' title='bbox 3323 3773 3603 3841; x_wconf 79' lang='grc' dir='ltr'>ἐλαχίστου</span> 
     </span>
    </p>
   </div>
   <div class='ocr_carea' id='block_1_82' title="bbox 2040 3865 3606 3938">
    <p class='ocr_par' dir='ltr' id='par_1_82' title="bbox 2040 3865 3606 3938">
     <span class='ocr_line' id='line_1_82' title="bbox 2040 3865 3606 3938; baseline -0.006 -13"><span class='ocrx_word' id='word_1_593' title='bbox 2040 3872 2306 3937; x_wconf 83' lang='grc' dir='ltr'>διαφωνία</span> <span class='ocrx_word' id='word_1_594' title='bbox 2346 3870 2605 3938; x_wconf 81' lang='grc' dir='ltr'>γένηται·</span> <span class='ocrx_word' id='word_1_595' title='bbox 2638 3869 2759 3919; x_wconf 64' lang='grc' dir='ltr'>ἐπεὶ</span> <span class='ocrx_word' id='word_1_596' title='bbox 2796 3868 2930 3936; x_wconf 78' lang='grc' dir='ltr'>μηδὲ</span> <span class='ocrx_word' id='word_1_597' title='bbox 2961 3867 3159 3928; x_wconf 87' lang='grc' dir='ltr'>πάντες</span> <span class='ocrx_word' id='word_1_598' title='bbox 3190 3866 3247 3917; x_wconf 77' lang='grc' dir='ltr'>ὲν</span> <span class='ocrx_word' id='word_1_599' title='bbox 3280 3867 3412 3918; x_wconf 82' lang='grc' dir='ltr'>πᾶσι</span> <span class='ocrx_word' id='word_1_600' title='bbox 3441 3865 3606 3917; x_wconf 81' lang='grc' dir='ltr'>ταυτδ</span> 
     </span>
    </p>
   </div>
   <div class='ocr_carea' id='block_1_83' title="bbox 2044 3954 3603 4034">
    <p class='ocr_par' dir='ltr' id='par_1_83' title="bbox 2044 3954 3603 4034">
     <span class='ocr_line' id='line_1_83' title="bbox 2044 3954 3603 4034; baseline -0.005 -18"><span class='ocrx_word' id='word_1_601' title='bbox 2044 3963 2383 4034; x_wconf 79' lang='grc' dir='ltr'>βουλόμεθα·</span> <span class='ocrx_word' id='word_1_602' title='bbox 2446 3960 2580 4030; x_wconf 68' lang='grc' dir='ltr'>μηδὶ</span> <span class='ocrx_word' id='word_1_603' title='bbox 2618 3959 2714 4029; x_wconf 87' lang='grc' dir='ltr'><strong>μία</strong></span> <span class='ocrx_word' id='word_1_604' title='bbox 2756 3975 2833 4019; x_wconf 72' lang='grc' dir='ltr'><strong>τις</strong></span> <span class='ocrx_word' id='word_1_605' title='bbox 2882 3960 2940 4010; x_wconf 82' lang='grc' dir='ltr'>ὲν</span> <span class='ocrx_word' id='word_1_606' title='bbox 2978 3959 3106 4025; x_wconf 82' lang='grc' dir='ltr'>ὑμῖν</span> <span class='ocrx_word' id='word_1_607' title='bbox 3134 3959 3293 4025; x_wconf 81' lang='grc' dir='ltr'>φύσις</span> <span class='ocrx_word' id='word_1_608' title='bbox 3338 3957 3369 4024; x_wconf 81' lang='grc' dir='ltr'>ἤ</span> <span class='ocrx_word' id='word_1_609' title='bbox 3410 3954 3603 4025; x_wconf 85' lang='grc' dir='ltr'>γνώμη</span> 
     </span>
    </p>
   </div>
   <div class='ocr_carea' id='block_1_84' title="bbox 2045 4047 3608 4122">
    <p class='ocr_par' dir='ltr' id='par_1_84' title="bbox 2045 4047 3608 4122">
     <span class='ocr_line' id='line_1_84' title="bbox 2045 4047 3608 4122; baseline -0.008 -11"><span class='ocrx_word' id='word_1_610' title='bbox 2045 4057 2413 4111; x_wconf 81' lang='grc' dir='ltr'>πολιτεύεται.</span> <span class='ocrx_word' id='word_1_611' title='bbox 2446 4054 2583 4122; x_wconf 76' lang='grc' dir='ltr'>Περὶ</span> <span class='ocrx_word' id='word_1_612' title='bbox 2622 4053 2719 4118; x_wconf 83' lang='grc' dir='ltr'><strong>μὲν</strong></span> <span class='ocrx_word' id='word_1_613' title='bbox 2747 4048 2841 4103; x_wconf 75' lang='grc' dir='ltr'><strong>οὖν</strong></span> <span class='ocrx_word' id='word_1_614' title='bbox 2893 4049 2988 4118; x_wconf 81' lang='grc' dir='ltr'><strong>τῆς</strong></span> <span class='ocrx_word' id='word_1_615' title='bbox 3021 4048 3169 4110; x_wconf 85' lang='grc' dir='ltr'>θείας</span> <span class='ocrx_word' id='word_1_616' title='bbox 3208 4049 3466 4112; x_wconf 78' lang='grc' dir='ltr'>προνοίας</span> <span class='ocrx_word' id='word_1_617' title='bbox 3510 4047 3608 4115; x_wconf 88' lang='grc' dir='ltr'><strong>μία</strong></span> 
     </span>
    </p>
   </div>
   <div class='ocr_carea' id='block_1_85' title="bbox 2044 4138 3606 4215">
    <p class='ocr_par' dir='ltr' id='par_1_85' title="bbox 2044 4138 3606 4215">
     <span class='ocr_line' id='line_1_85' title="bbox 2044 4138 3606 4215; baseline -0.006 -14"><span class='ocrx_word' id='word_1_618' title='bbox 2044 4166 2128 4207; x_wconf 86' lang='grc' dir='ltr'><strong>τις</strong></span> <span class='ocrx_word' id='word_1_619' title='bbox 2161 4150 2218 4200; x_wconf 80' lang='grc' dir='ltr'>ἐν</span> <span class='ocrx_word' id='word_1_620' title='bbox 2247 4147 2376 4215; x_wconf 83' lang='grc' dir='ltr'>ὑμῖν</span> <span class='ocrx_word' id='word_1_621' title='bbox 2409 4144 2547 4197; x_wconf 77' lang='grc' dir='ltr'>ἔστω</span> <span class='ocrx_word' id='word_1_622' title='bbox 2577 4144 2781 4205; x_wconf 84' lang='grc' dir='ltr'>πίστις,</span> <span class='ocrx_word' id='word_1_623' title='bbox 2817 4140 2911 4210; x_wconf 77' lang='grc' dir='ltr'><strong>μία</strong></span> <span class='ocrx_word' id='word_1_624' title='bbox 2946 4142 3181 4204; x_wconf 84' lang='grc' dir='ltr'>σύνεσις,</span> <span class='ocrx_word' id='word_1_625' title='bbox 3233 4141 3332 4207; x_wconf 90' lang='grc' dir='ltr'><strong>μία</strong></span> <span class='ocrx_word' id='word_1_626' title='bbox 3362 4138 3606 4208; x_wconf 74' lang='grc' dir='ltr'>συνθήκη</span> 
     </span>
    </p>
   </div>
   <div class='ocr_carea' id='block_1_86' title="bbox 2046 4228 3611 4309">
    <p class='ocr_par' dir='ltr' id='par_1_86' title="bbox 2046 4228 3611 4309">
     <span class='ocr_line' id='line_1_86' title="bbox 2046 4228 3611 4309; baseline -0.008 -15"><span class='ocrx_word' id='word_1_627' title='bbox 2046 4241 2140 4294; x_wconf 83' lang='grc' dir='ltr'>τοῦ</span> <span class='ocrx_word' id='word_1_628' title='bbox 2174 4240 2513 4309; x_wconf 82' lang='grc' dir='ltr'>κρείττονος·</span> <span class='ocrx_word' id='word_1_629' title='bbox 2550 4234 2586 4288; x_wconf 75' lang='grc' dir='ltr'><strong>ἃ</strong></span> <span class='ocrx_word' id='word_1_630' title='bbox 2633 4234 2688 4286; x_wconf 82' lang='grc' dir='ltr'>δὲ</span> <span class='ocrx_word' id='word_1_631' title='bbox 2724 4233 2865 4302; x_wconf 84' lang='grc' dir='ltr'>ὑπὲρ</span> <span class='ocrx_word' id='word_1_632' title='bbox 2915 4231 3020 4283; x_wconf 90' lang='grc' dir='ltr'><strong>τῶν</strong></span> <span class='ocrx_word' id='word_1_633' title='bbox 3065 4229 3362 4299; x_wconf 80' lang='grc' dir='ltr'>ἐλαχίστων</span> <span class='ocrx_word' id='word_1_634' title='bbox 3403 4228 3611 4282; x_wconf 87' lang='grc' dir='ltr'>τούτων</span> 
     </span>
    </p>
   </div>
   <div class='ocr_carea' id='block_1_87' title="bbox 2049 4320 3612 4401">
    <p class='ocr_par' dir='ltr' id='par_1_87' title="bbox 2049 4320 3612 4401">
     <span class='ocr_line' id='line_1_87' title="bbox 2049 4320 3612 4401; baseline -0.008 -17"><span class='ocrx_word' id='word_1_635' title='bbox 2049 4331 2330 4401; x_wconf 79' lang='grc' dir='ltr'>ζητήσεων</span> <span class='ocrx_word' id='word_1_636' title='bbox 2354 4332 2410 4381; x_wconf 80' lang='grc' dir='ltr'>ὲν</span> <span class='ocrx_word' id='word_1_637' title='bbox 2444 4328 2696 4396; x_wconf 81' lang='grc' dir='ltr'>ἀλλήλοις</span> <span class='ocrx_word' id='word_1_638' title='bbox 2727 4320 3197 4395; x_wconf 76' lang='grc' dir='ltr'>ἀκριϐολογεῖσθε,</span> <span class='ocrx_word' id='word_1_639' title='bbox 3235 4320 3337 4374; x_wconf 85' lang='grc' dir='ltr'><strong>κᾶν</strong></span> <span class='ocrx_word' id='word_1_640' title='bbox 3370 4322 3444 4389; x_wconf 81' lang='grc' dir='ltr'>μὴ</span> <span class='ocrx_word' id='word_1_641' title='bbox 3475 4321 3612 4392; x_wconf 71' lang='grc' dir='ltr'>πρὸς</span> 
     </span>
    </p>
   </div>
   <div class='ocr_carea' id='block_1_88' title="bbox 2054 4417 3613 4493">
    <p class='ocr_par' dir='ltr' id='par_1_88' title="bbox 2054 4417 3613 4493">
     <span class='ocr_line' id='line_1_88' title="bbox 2054 4417 3613 4493; baseline -0.004 -18"><span class='ocrx_word' id='word_1_642' title='bbox 2054 4426 2184 4493; x_wconf 91' lang='grc' dir='ltr'>μίαν</span> <span class='ocrx_word' id='word_1_643' title='bbox 2238 4421 2464 4491; x_wconf 74' lang='grc' dir='ltr'>γνώμην</span> <span class='ocrx_word' id='word_1_644' title='bbox 2516 4421 2893 4487; x_wconf 73' lang='grc' dir='ltr'>συμφέρηται.</span> <span class='ocrx_word' id='word_1_645' title='bbox 2949 4419 3130 4487; x_wconf 82' lang='grc' dir='ltr'>μένειν</span> <span class='ocrx_word' id='word_1_646' title='bbox 3165 4417 3295 4469; x_wconf 81' lang='grc' dir='ltr'>εἵσω</span> <span class='ocrx_word' id='word_1_647' title='bbox 3337 4417 3613 4485; x_wconf 78' lang='grc' dir='ltr'>λογισμῶν</span> 
     </span>
    </p>
   </div>
   <div class='ocr_carea' id='block_1_89' title="bbox 382 4506 1935 4602">
    <p class='ocr_par' dir='ltr' id='par_1_89' title="bbox 382 4522 1935 4602">
     <span class='ocr_line' id='line_1_89' title="bbox 382 4522 1935 4602; baseline -0.01 -11"><span class='ocrx_word' id='word_1_648' title='bbox 382 4536 509 4591; x_wconf 87' lang='lat' dir='ltr'><strong>istis</strong></span> <span class='ocrx_word' id='word_1_649' title='bbox 553 4529 952 4602; x_wconf 64' lang='lat' dir='ltr'><strong>quaestionibus</strong></span> <span class='ocrx_word' id='word_1_650' title='bbox 1000 4528 1144 4580; x_wconf 90' lang='lat' dir='ltr'><strong>inter</strong></span> <span class='ocrx_word' id='word_1_651' title='bbox 1185 4540 1284 4579; x_wconf 91' lang='lat' dir='ltr'><strong>vos</strong></span> <span class='ocrx_word' id='word_1_652' title='bbox 1326 4524 1598 4593; x_wconf 80' lang='lat' dir='ltr'><strong>exquisite</strong></span> <span class='ocrx_word' id='word_1_653' title='bbox 1642 4522 1935 4591; x_wconf 77' lang='lat' dir='ltr'><strong>inquiritis1</strong></span> 
     </span>
    </p>
   </div>
   <div class='ocr_carea' id='block_1_90' title="bbox 2038 4506 3617 4602">
    <p class='ocr_par' dir='ltr' id='par_1_90' title="bbox 2056 4507 3617 4585">
     <span class='ocr_line' id='line_1_90' title="bbox 2056 4507 3617 4585; baseline -0.007 -16"><span class='ocrx_word' id='word_1_654' title='bbox 2056 4516 2318 4585; x_wconf 77' lang='grc' dir='ltr'>προσήκει</span> <span class='ocrx_word' id='word_1_655' title='bbox 2342 4513 2420 4580; x_wconf 84' lang='grc' dir='ltr'>τῷ</span> <span class='ocrx_word' id='word_1_656' title='bbox 2453 4512 2549 4580; x_wconf 76' lang='grc' dir='ltr'><strong>τῆς</strong></span> <span class='ocrx_word' id='word_1_657' title='bbox 2583 4512 2820 4572; x_wconf 76' lang='grc' dir='ltr'>διανοίας</span> <span class='ocrx_word' id='word_1_658' title='bbox 2844 4511 3141 4581; x_wconf 62' lang='grc' dir='ltr'>ἀπορρήτῳ</span> <span class='ocrx_word' id='word_1_659' title='bbox 3166 4510 3510 4578; x_wconf 76' lang='grc' dir='ltr'>τηρουμένῳ.</span> <span class='ocrx_word' id='word_1_660' title='bbox 3544 4507 3617 4558; x_wconf 81' lang='grc' dir='ltr'><strong>Τὸ</strong></span> 
     </span>
    </p>
   </div>
   <div class='ocr_carea' id='block_1_91' title="bbox 294 4616 1946 4682">
    <p class='ocr_par' dir='ltr' id='par_1_91' title="bbox 294 4616 1946 4682">
     <span class='ocr_line' id='line_1_91' title="bbox 294 4616 1946 4682; baseline -0.009 0"><span class='ocrx_word' id='word_1_661' title='bbox 294 4670 301 4676; x_wconf 82' lang='grc'><strong>.</strong></span> <span class='ocrx_word' id='word_1_662' title='bbox 382 4626 599 4682; x_wconf 82' lang='lat' dir='ltr'><strong>tametsi</strong></span> <span class='ocrx_word' id='word_1_663' title='bbox 644 4624 712 4679; x_wconf 89' lang='lat' dir='ltr'><strong>ad</strong></span> <span class='ocrx_word' id='word_1_664' title='bbox 757 4620 1008 4678; x_wconf 90' lang='lat' dir='ltr'><strong>eamdem</strong></span> <span class='ocrx_word' id='word_1_665' title='bbox 1059 4619 1386 4674; x_wconf 84' lang='lat' dir='ltr'><strong>sententiam</strong></span> <span class='ocrx_word' id='word_1_666' title='bbox 1428 4632 1537 4671; x_wconf 92' lang='lat' dir='ltr'><strong>non</strong></span> <span class='ocrx_word' id='word_1_667' title='bbox 1580 4616 1946 4677; x_wconf 85' lang='lat' dir='ltr'><strong>deducantur,</strong></span> 
     </span>
    </p>
   </div>
   <div class='ocr_carea' id='block_1_92' title="bbox 385 4707 1950 4783">
    <p class='ocr_par' dir='ltr' id='par_1_92' title="bbox 385 4707 1950 4783">
     <span class='ocr_line' id='line_1_92' title="bbox 385 4707 1950 4783; baseline -0.011 -8"><span class='ocrx_word' id='word_1_668' title='bbox 385 4718 645 4775; x_wconf 85' lang='lat' dir='ltr'><strong>convenit</strong></span> <span class='ocrx_word' id='word_1_669' title='bbox 708 4717 852 4771; x_wconf 87' lang='lat' dir='ltr'><strong>intra</strong></span> <span class='ocrx_word' id='word_1_670' title='bbox 913 4713 1302 4783; x_wconf 85' lang='lat' dir='ltr'><strong>cogitationem</strong></span> <span class='ocrx_word' id='word_1_671' title='bbox 1373 4711 1611 4763; x_wconf 86' lang='lat' dir='ltr'><strong>retinere</strong></span> <span class='ocrx_word' id='word_1_672' title='bbox 1670 4716 1834 4775; x_wconf 88' lang='lat' dir='ltr'><strong>atque</strong></span> <span class='ocrx_word' id='word_1_673' title='bbox 1896 4707 1950 4759; x_wconf 91' lang='lat' dir='ltr'><strong>in</strong></span> 
     </span>
    </p>
   </div>
   <div class='ocr_carea' id='block_1_93' title="bbox 385 4797 1951 4878">
    <p class='ocr_par' dir='ltr' id='par_1_93' title="bbox 385 4797 1951 4878">
     <span class='ocr_line' id='line_1_93' title="bbox 385 4797 1951 4878; baseline -0.011 -13"><span class='ocrx_word' id='word_1_674' title='bbox 385 4811 555 4865; x_wconf 90' lang='lat' dir='ltr'><strong>animi</strong></span> <span class='ocrx_word' id='word_1_675' title='bbox 609 4806 992 4878; x_wconf 84' lang='lat' dir='ltr'><strong>penetralibus</strong></span> <span class='ocrx_word' id='word_1_676' title='bbox 1048 4816 1400 4857; x_wconf 87' lang='lat' dir='ltr'><strong>conservare.</strong></span> <span class='ocrx_word' id='word_1_677' title='bbox 1451 4800 1638 4868; x_wconf 79' lang='lat' dir='ltr'><strong>Itaque</strong></span> <span class='ocrx_word' id='word_1_678' title='bbox 1684 4797 1843 4851; x_wconf 82' lang='lat' dir='ltr'><strong>facite</strong></span> <span class='ocrx_word' id='word_1_679' title='bbox 1893 4805 1951 4848; x_wconf 89' lang='lat' dir='ltr'><strong>nt</strong></span> 
     </span>
    </p>
   </div>
   <div class='ocr_carea' id='block_1_94' title="bbox 388 4889 1953 4965">
    <p class='ocr_par' dir='ltr' id='par_1_94' title="bbox 388 4889 1953 4965">
     <span class='ocr_line' id='line_1_94' title="bbox 388 4889 1953 4965; baseline -0.01 -10"><span class='ocrx_word' id='word_1_680' title='bbox 388 4900 669 4957; x_wconf 73' lang='lat' dir='ltr'><strong>inetl‘abile</strong></span> <span class='ocrx_word' id='word_1_681' title='bbox 717 4900 851 4952; x_wconf 87' lang='lat' dir='ltr'><strong>illud</strong></span> <span class='ocrx_word' id='word_1_682' title='bbox 903 4906 958 4951; x_wconf 90' lang='lat' dir='ltr'><strong>et</strong></span> <span class='ocrx_word' id='word_1_683' title='bbox 1011 4895 1350 4965; x_wconf 79' lang='lat' dir='ltr'><strong>praecipuum</strong></span> <span class='ocrx_word' id='word_1_684' title='bbox 1405 4891 1715 4946; x_wconf 88' lang='lat' dir='ltr'><strong>communis</strong></span> <span class='ocrx_word' id='word_1_685' title='bbox 1760 4889 1953 4943; x_wconf 81' lang='lat' dir='ltr'><strong>amici-</strong></span> 
     </span>
    </p>
   </div>
   <div class='ocr_carea' id='block_1_95' title="bbox 388 4981 1952 5048">
    <p class='ocr_par' dir='ltr' id='par_1_95' title="bbox 388 4981 1952 5048">
     <span class='ocr_line' id='line_1_95' title="bbox 388 4981 1952 5048; baseline -0.01 -1"><span class='ocrx_word' id='word_1_686' title='bbox 388 4996 476 5047; x_wconf 78' lang='lat' dir='ltr'><strong>tia:</strong></span> <span class='ocrx_word' id='word_1_687' title='bbox 520 5003 577 5046; x_wconf 89' lang='lat' dir='ltr'><strong>et</strong></span> <span class='ocrx_word' id='word_1_688' title='bbox 620 4990 905 5045; x_wconf 83' lang='lat' dir='ltr'><strong>cbaritatis</strong></span> <span class='ocrx_word' id='word_1_689' title='bbox 943 4994 1373 5048; x_wconf 85' lang='lat' dir='ltr'><strong>sacramentum,</strong></span> <span class='ocrx_word' id='word_1_690' title='bbox 1406 4994 1463 5038; x_wconf 89' lang='lat' dir='ltr'><strong>et</strong></span> <span class='ocrx_word' id='word_1_691' title='bbox 1497 4983 1747 5037; x_wconf 86' lang='lat' dir='ltr'><strong>veritatis</strong></span> <span class='ocrx_word' id='word_1_692' title='bbox 1795 4981 1952 5040; x_wconf 87' lang='lat' dir='ltr'><strong>fides,</strong></span> 
     </span>
    </p>
   </div>
   <div class='ocr_carea' id='block_1_96' title="bbox 392 5076 1958 5156">
    <p class='ocr_par' dir='ltr' id='par_1_96' title="bbox 392 5076 1958 5156">
     <span class='ocr_line' id='line_1_96' title="bbox 392 5076 1958 5156; baseline -0.01 -14"><span class='ocrx_word' id='word_1_693' title='bbox 392 5088 601 5156; x_wconf 90' lang='lat' dir='ltr'><strong>Deique</strong></span> <span class='ocrx_word' id='word_1_694' title='bbox 644 5084 864 5145; x_wconf 88' lang='lat' dir='ltr'><strong>cultus,</strong></span> <span class='ocrx_word' id='word_1_695' title='bbox 916 5088 974 5136; x_wconf 86' lang='lat' dir='ltr'><strong>et</strong></span> <span class='ocrx_word' id='word_1_696' title='bbox 1026 5079 1307 5149; x_wconf 87' lang='lat' dir='ltr'><strong>religionis</strong></span> <span class='ocrx_word' id='word_1_697' title='bbox 1356 5086 1521 5145; x_wconf 88' lang='lat' dir='ltr'><strong>atque</strong></span> <span class='ocrx_word' id='word_1_698' title='bbox 1571 5076 1707 5145; x_wconf 86' lang='lat' dir='ltr'><strong>legis</strong></span> <span class='ocrx_word' id='word_1_699' title='bbox 1758 5082 1958 5127; x_wconf 79' lang='lat' dir='ltr'><strong>nostra:</strong></span> 
     </span>
    </p>
   </div>
   <div class='ocr_carea' id='block_1_97' title="bbox 392 5170 1959 5238">
    <p class='ocr_par' dir='ltr' id='par_1_97' title="bbox 392 5170 1959 5238">
     <span class='ocr_line' id='line_1_97' title="bbox 392 5170 1959 5238; baseline -0.011 -4"><span class='ocrx_word' id='word_1_700' title='bbox 392 5185 569 5234; x_wconf 84' lang='lat' dir='ltr'><strong>honor</strong></span> <span class='ocrx_word' id='word_1_701' title='bbox 604 5173 937 5236; x_wconf 87' lang='lat' dir='ltr'><strong>reverentia,</strong></span> <span class='ocrx_word' id='word_1_702' title='bbox 970 5182 1229 5227; x_wconf 88' lang='lat' dir='ltr'><strong>constans</strong></span> <span class='ocrx_word' id='word_1_703' title='bbox 1257 5180 1312 5225; x_wconf 88' lang='lat' dir='ltr'><strong>et</strong></span> <span class='ocrx_word' id='word_1_704' title='bbox 1343 5172 1494 5224; x_wconf 83' lang='lat' dir='ltr'><strong>firma</strong></span> <span class='ocrx_word' id='word_1_705' title='bbox 1527 5170 1673 5238; x_wconf 88' lang='lat' dir='ltr'><strong>apud</strong></span> <span class='ocrx_word' id='word_1_706' title='bbox 1712 5181 1805 5221; x_wconf 84' lang='lat' dir='ltr'><strong>vos</strong></span> <span class='ocrx_word' id='word_1_707' title='bbox 1836 5181 1959 5234; x_wconf 89' lang='lat' dir='ltr'><strong>pcr-</strong></span> 
     </span>
    </p>
   </div>
   <div class='ocr_carea' id='block_1_98' title="bbox 394 5263 1960 5329">
    <p class='ocr_par' dir='ltr' id='par_1_98' title="bbox 394 5263 1960 5329">
     <span class='ocr_line' id='line_1_98' title="bbox 394 5263 1960 5329; baseline -0.011 -2"><span class='ocrx_word' id='word_1_708' title='bbox 394 5280 673 5327; x_wconf 80' lang='lat' dir='ltr'><strong>tnnneant.</strong></span> <span class='ocrx_word' id='word_1_709' title='bbox 726 5265 958 5321; x_wconf 78' lang='lat' dir='ltr'><strong>Reddite</strong></span> <span class='ocrx_word' id='word_1_710' title='bbox 998 5264 1064 5317; x_wconf 85' lang='lat' dir='ltr'><strong>ad</strong></span> <span class='ocrx_word' id='word_1_711' title='bbox 1109 5272 1353 5316; x_wconf 86' lang='lat' dir='ltr'><strong>mutuam</strong></span> <span class='ocrx_word' id='word_1_712' title='bbox 1393 5263 1718 5316; x_wconf 77' lang='lat' dir='ltr'><strong>clraritatent</strong></span> <span class='ocrx_word' id='word_1_713' title='bbox 1756 5268 1810 5329; x_wconf 61' lang='lat' dir='ltr'><strong>et</strong></span> <span class='ocrx_word' id='word_1_714' title='bbox 1840 5273 1960 5327; x_wconf 82' lang='lat' dir='ltr'><strong>gra-</strong></span> 
     </span>
    </p>
   </div>
   <div class='ocr_carea' id='block_1_99' title="bbox 397 5354 1962 5426">
    <p class='ocr_par' dir='ltr' id='par_1_99' title="bbox 397 5354 1962 5426">
     <span class='ocr_line' id='line_1_99' title="bbox 397 5354 1962 5426; baseline -0.008 -10"><span class='ocrx_word' id='word_1_715' title='bbox 397 5367 547 5426; x_wconf 85' lang='lat' dir='ltr'><strong>tiam,</strong></span> <span class='ocrx_word' id='word_1_716' title='bbox 586 5362 797 5418; x_wconf 86' lang='lat' dir='ltr'><strong>reddite</strong></span> <span class='ocrx_word' id='word_1_717' title='bbox 846 5358 1104 5412; x_wconf 76' lang='lat' dir='ltr'><strong>universo</strong></span> <span class='ocrx_word' id='word_1_718' title='bbox 1159 5357 1360 5425; x_wconf 82' lang='lat' dir='ltr'><strong>populo</strong></span> <span class='ocrx_word' id='word_1_719' title='bbox 1397 5370 1527 5410; x_wconf 86' lang='lat' dir='ltr'><strong>suos</strong></span> <span class='ocrx_word' id='word_1_720' title='bbox 1572 5354 1874 5421; x_wconf 77' lang='lat' dir='ltr'><strong>amplexus,</strong></span> <span class='ocrx_word' id='word_1_721' title='bbox 1906 5360 1962 5406; x_wconf 87' lang='lat' dir='ltr'><strong>et</strong></span> 
     </span>
    </p>
   </div>
   <div class='ocr_carea' id='block_1_100' title="bbox 397 5449 1963 5525">
    <p class='ocr_par' dir='ltr' id='par_1_100' title="bbox 397 5449 1963 5525">
     <span class='ocr_line' id='line_1_100' title="bbox 397 5449 1963 5525; baseline -0.01 -15"><span class='ocrx_word' id='word_1_722' title='bbox 397 5476 505 5512; x_wconf 78' lang='lat' dir='ltr'><strong>vos</strong></span> <span class='ocrx_word' id='word_1_723' title='bbox 545 5458 650 5525; x_wconf 91' lang='lat' dir='ltr'><strong>ipsi</strong></span> <span class='ocrx_word' id='word_1_724' title='bbox 696 5456 865 5510; x_wconf 90' lang='lat' dir='ltr'><strong>veluti</strong></span> <span class='ocrx_word' id='word_1_725' title='bbox 922 5451 1135 5507; x_wconf 87' lang='lat' dir='ltr'><strong>animas</strong></span> <span class='ocrx_word' id='word_1_726' title='bbox 1180 5457 1390 5502; x_wconf 86' lang='lat' dir='ltr'><strong>vestras</strong></span> <span class='ocrx_word' id='word_1_727' title='bbox 1435 5449 1738 5515; x_wconf 66' lang='lat' dir='ltr'><strong>expiantvs,</strong></span> <span class='ocrx_word' id='word_1_728' title='bbox 1770 5458 1963 5497; x_wconf 86' lang='lat' dir='ltr'><strong>rursus</strong></span> 
     </span>
    </p>
   </div>
   <div class='ocr_carea' id='block_1_101' title="bbox 400 5540 1962 5617">
    <p class='ocr_par' dir='ltr' id='par_1_101' title="bbox 400 5540 1962 5617">
     <span class='ocr_line' id='line_1_101' title="bbox 400 5540 1962 5617; baseline -0.011 -11"><span class='ocrx_word' id='word_1_729' title='bbox 400 5554 538 5606; x_wconf 84' lang='lat' dir='ltr'><strong>alter</strong></span> <span class='ocrx_word' id='word_1_730' title='bbox 580 5552 810 5605; x_wconf 88' lang='lat' dir='ltr'><strong>alterum</strong></span> <span class='ocrx_word' id='word_1_731' title='bbox 861 5544 1163 5617; x_wconf 84' lang='lat' dir='ltr'><strong>agnoscite.</strong></span> <span class='ocrx_word' id='word_1_732' title='bbox 1210 5540 1516 5595; x_wconf 84' lang='lat' dir='ltr'><strong>Jucundior</strong></span> <span class='ocrx_word' id='word_1_733' title='bbox 1561 5553 1795 5606; x_wconf 90' lang='lat' dir='ltr'><strong>namque</strong></span> <span class='ocrx_word' id='word_1_734' title='bbox 1841 5554 1962 5605; x_wconf 87' lang='lat' dir='ltr'><strong>pcr-</strong></span> 
     </span>
    </p>
   </div>
   <div class='ocr_carea' id='block_1_102' title="bbox 401 5629 1965 5712">
    <p class='ocr_par' dir='ltr' id='par_1_102' title="bbox 401 5629 1965 5712">
     <span class='ocr_line' id='line_1_102' title="bbox 401 5629 1965 5712; baseline -0.012 -11"><span class='ocrx_word' id='word_1_735' title='bbox 401 5658 583 5712; x_wconf 55' lang='lat' dir='ltr'><strong>sa’pe,</strong></span> <span class='ocrx_word' id='word_1_736' title='bbox 624 5650 747 5697; x_wconf 90' lang='lat' dir='ltr'><strong>uost</strong></span> <span class='ocrx_word' id='word_1_737' title='bbox 791 5639 1071 5709; x_wconf 88' lang='lat' dir='ltr'><strong>depositas</strong></span> <span class='ocrx_word' id='word_1_738' title='bbox 1120 5634 1470 5697; x_wconf 90' lang='lat' dir='ltr'><strong>inimicitias,</strong></span> <span class='ocrx_word' id='word_1_739' title='bbox 1521 5629 1965 5687; x_wconf 86' lang='lat' dir='ltr'><strong>reconciliatione</strong></span> 
     </span>
    </p>
   </div>
   <div class='ocr_carea' id='block_1_103' title="bbox 477 5799 945 5872">
    <p class='ocr_par' dir='ltr' id='par_1_103' title="bbox 477 5799 945 5872">
     <span class='ocr_line' id='line_1_103' title="bbox 477 5799 945 5872; baseline -0.004 -19"><span class='ocrx_word' id='word_1_740' title='bbox 477 5803 554 5872; x_wconf 71' lang='grc' dir='ltr'><strong>(ί)</strong></span> <span class='ocrx_word' id='word_1_741' title='bbox 588 5801 680 5855; x_wconf 87' lang='lat' dir='ltr'><strong>Dci</strong></span> <span class='ocrx_word' id='word_1_742' title='bbox 716 5799 945 5853; x_wconf 82' lang='lat' dir='ltr'><strong>scilicet.</strong></span> 
     </span>
    </p>
   </div>
   <div class='ocr_carea' id='block_1_104' title="bbox 2055 4598 3619 4677">
    <p class='ocr_par' dir='ltr' id='par_1_104' title="bbox 2055 4598 3619 4677">
     <span class='ocr_line' id='line_1_104' title="bbox 2055 4598 3619 4677; baseline -0.007 -16"><span class='ocrx_word' id='word_1_743' title='bbox 2055 4609 2239 4677; x_wconf 79' lang='grc' dir='ltr'>μέντοι</span> <span class='ocrx_word' id='word_1_744' title='bbox 2265 4606 2362 4675; x_wconf 81' lang='grc' dir='ltr'>τῆς</span> <span class='ocrx_word' id='word_1_745' title='bbox 2389 4607 2576 4671; x_wconf 80' lang='grc' dir='ltr'>κοινῆς</span> <span class='ocrx_word' id='word_1_746' title='bbox 2602 4602 2788 4668; x_wconf 83' lang='grc' dir='ltr'>φιλίας</span> <span class='ocrx_word' id='word_1_747' title='bbox 2820 4601 3132 4670; x_wconf 74' lang='grc' dir='ltr'>ἀπόρρητόν</span> <span class='ocrx_word' id='word_1_748' title='bbox 3171 4617 3229 4652; x_wconf 89' lang='grc' dir='ltr'>τε</span> <span class='ocrx_word' id='word_1_749' title='bbox 3272 4601 3363 4651; x_wconf 68' lang='grc' dir='ltr'>καὶ</span> <span class='ocrx_word' id='word_1_750' title='bbox 3401 4598 3619 4665; x_wconf 76' lang='grc' dir='ltr'>ἐξαίρε-</span> 
     </span>
    </p>
   </div>
   <div class='ocr_carea' id='block_1_105' title="bbox 2052 4684 3620 4761">
    <p class='ocr_par' dir='ltr' id='par_1_105' title="bbox 2052 4684 3620 4761">
     <span class='ocr_line' id='line_1_105' title="bbox 2052 4684 3620 4761; baseline -0.008 -13"><span class='ocrx_word' id='word_1_751' title='bbox 2052 4713 2164 4757; x_wconf 91' lang='grc' dir='ltr'>τον,</span> <span class='ocrx_word' id='word_1_752' title='bbox 2198 4694 2291 4745; x_wconf 69' lang='grc' dir='ltr'><strong>καὶ</strong></span> <span class='ocrx_word' id='word_1_753' title='bbox 2319 4694 2351 4760; x_wconf 85' lang='grc' dir='ltr'>ἡ</span> <span class='ocrx_word' id='word_1_754' title='bbox 2384 4691 2482 4761; x_wconf 85' lang='grc' dir='ltr'>τῆς</span> <span class='ocrx_word' id='word_1_755' title='bbox 2511 4688 2773 4758; x_wconf 82' lang='grc' dir='ltr'>ἀληθείας</span> <span class='ocrx_word' id='word_1_756' title='bbox 2803 4687 3006 4750; x_wconf 89' lang='grc' dir='ltr'>πίστις,</span> <span class='ocrx_word' id='word_1_757' title='bbox 3047 4688 3081 4755; x_wconf 81' lang='grc' dir='ltr'><strong>ἠ</strong></span> <span class='ocrx_word' id='word_1_758' title='bbox 3111 4702 3169 4738; x_wconf 88' lang='grc' dir='ltr'><strong>τε</strong></span> <span class='ocrx_word' id='word_1_759' title='bbox 3213 4688 3340 4753; x_wconf 78' lang='grc' dir='ltr'>περὶ</span> <span class='ocrx_word' id='word_1_760' title='bbox 3369 4685 3458 4737; x_wconf 77' lang='grc' dir='ltr'><strong>τδν</strong></span> <span class='ocrx_word' id='word_1_761' title='bbox 3486 4684 3620 4736; x_wconf 77' lang='grc' dir='ltr'>Θεὸν</span> 
     </span>
    </p>
   </div>
   <div class='ocr_carea' id='block_1_106' title="bbox 2055 4770 3648 4857">
    <p class='ocr_par' dir='ltr' id='par_1_106' title="bbox 2055 4770 3648 4857">
     <span class='ocr_line' id='line_1_106' title="bbox 2055 4770 3648 4857; baseline -0.008 -18"><span class='ocrx_word' id='word_1_762' title='bbox 2055 4786 2146 4840; x_wconf 67' lang='grc' dir='ltr'>καὶ</span> <span class='ocrx_word' id='word_1_763' title='bbox 2172 4785 2272 4857; x_wconf 77' lang='grc' dir='ltr'>τὴν</span> <span class='ocrx_word' id='word_1_764' title='bbox 2323 4783 2418 4836; x_wconf 82' lang='grc' dir='ltr'>τοῦ</span> <span class='ocrx_word' id='word_1_765' title='bbox 2462 4783 2628 4849; x_wconf 88' lang='grc' dir='ltr'>νόμου</span> <span class='ocrx_word' id='word_1_766' title='bbox 2679 4778 2977 4848; x_wconf 82' lang='grc' dir='ltr'>θρησκείαν</span> <span class='ocrx_word' id='word_1_767' title='bbox 3028 4778 3183 4847; x_wconf 80' lang='grc' dir='ltr'>τιμὴ,</span> <span class='ocrx_word' id='word_1_768' title='bbox 3242 4778 3450 4846; x_wconf 82' lang='grc' dir='ltr'>μενέτω</span> <span class='ocrx_word' id='word_1_769' title='bbox 3490 4770 3648 4846; x_wconf 55' lang='grc' dir='ltr'>παρ’*</span> 
     </span>
    </p>
   </div>
   <div class='ocr_carea' id='block_1_107' title="bbox 2055 4868 3622 4948">
    <p class='ocr_par' dir='ltr' id='par_1_107' title="bbox 2055 4868 3622 4948">
     <span class='ocr_line' id='line_1_107' title="bbox 2055 4868 3622 4948; baseline -0.008 -17"><span class='ocrx_word' id='word_1_770' title='bbox 2055 4879 2184 4948; x_wconf 88' lang='grc' dir='ltr'>ύμῖν</span> <span class='ocrx_word' id='word_1_771' title='bbox 2211 4877 2527 4937; x_wconf 80' lang='grc' dir='ltr'>ἀσάλευτος.</span> <span class='ocrx_word' id='word_1_772' title='bbox 2574 4870 2929 4925; x_wconf 83' lang='grc' dir='ltr'>Ἐπανέλθετε</span> <span class='ocrx_word' id='word_1_773' title='bbox 2969 4870 3032 4939; x_wconf 78' lang='grc' dir='ltr'>δὴ</span> <span class='ocrx_word' id='word_1_774' title='bbox 3080 4871 3217 4940; x_wconf 79' lang='grc' dir='ltr'>πρὸς</span> <span class='ocrx_word' id='word_1_775' title='bbox 3251 4870 3350 4939; x_wconf 73' lang='grc' dir='ltr'><strong>τὴν</strong></span> <span class='ocrx_word' id='word_1_776' title='bbox 3376 4868 3622 4937; x_wconf 77' lang='grc' dir='ltr'>ἀλλήλων</span> 
     </span>
    </p>
   </div>
   <div class='ocr_carea' id='block_1_108' title="bbox 2058 4959 3624 5040">
    <p class='ocr_par' dir='ltr' id='par_1_108' title="bbox 2058 4959 3624 5040">
     <span class='ocr_line' id='line_1_108' title="bbox 2058 4959 3624 5040; baseline -0.008 -17"><span class='ocrx_word' id='word_1_777' title='bbox 2058 4972 2240 5040; x_wconf 84' lang='grc' dir='ltr'>φιλίαν</span> <span class='ocrx_word' id='word_1_778' title='bbox 2265 4987 2322 5021; x_wconf 88' lang='grc' dir='ltr'>τε</span> <span class='ocrx_word' id='word_1_779' title='bbox 2352 4969 2443 5021; x_wconf 63' lang='grc' dir='ltr'><strong>καὶ¹</strong></span> <span class='ocrx_word' id='word_1_780' title='bbox 2477 4966 2660 5037; x_wconf 85' lang='grc' dir='ltr'>χάριν.</span> <span class='ocrx_word' id='word_1_781' title='bbox 2700 4966 2953 5019; x_wconf 68' lang='grc' dir='ltr'>’Λπὲδοτε</span> <span class='ocrx_word' id='word_1_782' title='bbox 2979 4962 3056 5029; x_wconf 81' lang='grc' dir='ltr'><strong>τῷ</strong></span> <span class='ocrx_word' id='word_1_783' title='bbox 3090 4960 3365 5029; x_wconf 64' lang='grc' dir='ltr'>σύμπαντι</span> <span class='ocrx_word' id='word_1_784' title='bbox 3393 4959 3507 5030; x_wconf 84' lang='grc' dir='ltr'>λαῴ</span> <span class='ocrx_word' id='word_1_785' title='bbox 3528 4961 3624 5020; x_wconf 85' lang='grc' dir='ltr'><strong>τάς</strong></span> 
     </span>
    </p>
   </div>
   <div class='ocr_carea' id='block_1_109' title="bbox 2060 5054 3626 5133">
    <p class='ocr_par' dir='ltr' id='par_1_109' title="bbox 2060 5054 3626 5133">
     <span class='ocr_line' id='line_1_109' title="bbox 2060 5054 3626 5133; baseline -0.01 -14"><span class='ocrx_word' id='word_1_786' title='bbox 2060 5067 2268 5129; x_wconf 84' lang='grc' dir='ltr'>οἰκείας</span> <span class='ocrx_word' id='word_1_787' title='bbox 2320 5062 2696 5133; x_wconf 85' lang='grc' dir='ltr'>περιπλοκάς·</span> <span class='ocrx_word' id='word_1_788' title='bbox 2727 5060 2881 5128; x_wconf 85' lang='grc' dir='ltr'>ὑμεῖς</span> <span class='ocrx_word' id='word_1_789' title='bbox 2921 5075 2979 5108; x_wconf 88' lang='grc' dir='ltr'><strong>τε</strong></span> <span class='ocrx_word' id='word_1_790' title='bbox 3023 5057 3199 5119; x_wconf 69' lang='grc' dir='ltr'>αὐτοὶ,</span> <span class='ocrx_word' id='word_1_791' title='bbox 3240 5054 3496 5122; x_wconf 85' lang='grc' dir='ltr'>καθάπερ</span> <span class='ocrx_word' id='word_1_792' title='bbox 3530 5054 3626 5113; x_wconf 72' lang='grc' dir='ltr'>τὰς</span> 
     </span>
    </p>
   </div>
   <div class='ocr_carea' id='block_1_110' title="bbox 2061 5143 3629 5224">
    <p class='ocr_par' dir='ltr' id='par_1_110' title="bbox 2061 5143 3629 5224">
     <span class='ocr_line' id='line_1_110' title="bbox 2061 5143 3629 5224; baseline -0.013 -11"><span class='ocrx_word' id='word_1_793' title='bbox 2061 5161 2272 5213; x_wconf 79' lang='grc' dir='ltr'>ἑαυτῶν</span> <span class='ocrx_word' id='word_1_794' title='bbox 2304 5155 2484 5224; x_wconf 64' lang='grc' dir='ltr'>ψυχὰς</span> <span class='ocrx_word' id='word_1_795' title='bbox 2532 5150 2961 5220; x_wconf 80' lang='grc' dir='ltr'>ἐκκαθάραντες,</span> <span class='ocrx_word' id='word_1_796' title='bbox 2993 5144 3151 5206; x_wconf 79' lang='grc' dir='ltr'>αὖθις</span> <span class='ocrx_word' id='word_1_797' title='bbox 3201 5146 3464 5216; x_wconf 75' lang='grc' dir='ltr'>ἀλλήλους</span> <span class='ocrx_word' id='word_1_798' title='bbox 3509 5143 3629 5197; x_wconf 80' lang='grc' dir='ltr'>ἐπί-</span> 
     </span>
    </p>
   </div>
   <div class='ocr_carea' id='block_1_111' title="bbox 2061 5235 3628 5320">
    <p class='ocr_par' dir='ltr' id='par_1_111' title="bbox 2061 5235 3628 5320">
     <span class='ocr_line' id='line_1_111' title="bbox 2061 5235 3628 5320; baseline -0.01 -18"><span class='ocrx_word' id='word_1_799' title='bbox 2061 5268 2257 5320; x_wconf 86' lang='grc' dir='ltr'>γνωτε.</span> <span class='ocrx_word' id='word_1_800' title='bbox 2296 5246 2489 5301; x_wconf 84' lang='grc' dir='ltr'>Ἡδίων</span> <span class='ocrx_word' id='word_1_801' title='bbox 2517 5246 2627 5314; x_wconf 76' lang='grc' dir='ltr'><strong>γὰρ</strong></span> <span class='ocrx_word' id='word_1_802' title='bbox 2659 5243 2913 5302; x_wconf 56' lang='grc' dir='ltr'>πολλάκις</span> <span class='ocrx_word' id='word_1_803' title='bbox 2948 5241 3159 5307; x_wconf 82' lang='grc' dir='ltr'>γίνεται</span> <span class='ocrx_word' id='word_1_804' title='bbox 3189 5238 3339 5307; x_wconf 83' lang='grc' dir='ltr'>φιλία</span> <span class='ocrx_word' id='word_1_805' title='bbox 3368 5238 3507 5306; x_wconf 84' lang='grc' dir='ltr'>μετὰ</span> <span class='ocrx_word' id='word_1_806' title='bbox 3530 5235 3628 5305; x_wconf 77' lang='grc' dir='ltr'>τὴν</span> 
     </span>
    </p>
   </div>
   <div class='ocr_carea' id='block_1_112' title="bbox 2030 5326 3631 5417">
    <p class='ocr_par' dir='ltr' id='par_1_112' title="bbox 2030 5326 3631 5417">
     <span class='ocr_line' id='line_1_112' title="bbox 2030 5326 3631 5417; baseline -0.012 -23"><span class='ocrx_word' id='word_1_807' title='bbox 2030 5328 2160 5403; x_wconf 55' lang='grc' dir='ltr'>’πλε</span> <span class='ocrx_word' id='word_1_808' title='bbox 2211 5336 2409 5407; x_wconf 78' lang='grc' dir='ltr'>ἔχθρας</span> <span class='ocrx_word' id='word_1_809' title='bbox 2441 5334 2720 5395; x_wconf 83' lang='grc' dir='ltr'>ἀπόθεσιν,</span> <span class='ocrx_word' id='word_1_810' title='bbox 2744 5330 2895 5417; x_wconf 73' lang='grc' dir='ltr'>αὖθις</span> <span class='ocrx_word' id='word_1_811' title='bbox 2935 5331 3013 5391; x_wconf 89' lang='grc' dir='ltr'>εἰς</span> <span class='ocrx_word' id='word_1_812' title='bbox 3068 5328 3414 5396; x_wconf 72' lang='grc' dir='ltr'>καταλλαγὴν</span> <span class='ocrx_word' id='word_1_813' title='bbox 3461 5326 3631 5376; x_wconf 77' lang='grc' dir='ltr'>ἐπαν-</span> 
     </span>
    </p>
   </div>
   <div class='ocr_carea' id='block_1_113' title="bbox 2066 5418 3606 5490">
    <p class='ocr_par' dir='ltr' id='par_1_113' title="bbox 2066 5418 3606 5490">
     <span class='ocr_line' id='line_1_113' title="bbox 2066 5418 3606 5490; baseline -0.012 -5"><span class='ocrx_word' id='word_1_814' title='bbox 2066 5433 2315 5485; x_wconf 70' lang='grc' dir='ltr'>ἐλθοῦσα.</span> <span class='ocrx_word' id='word_1_815' title='bbox 2378 5427 2630 5479; x_wconf 80' lang='grc' dir='ltr'>Ἀπόδοτε</span> <span class='ocrx_word' id='word_1_816' title='bbox 2677 5423 2770 5475; x_wconf 76' lang='grc' dir='ltr'><strong>οὖν</strong></span> <span class='ocrx_word' id='word_1_817' title='bbox 2821 5440 2913 5490; x_wconf 90' lang='grc' dir='ltr'><strong>μοι</strong></span> <span class='ocrx_word' id='word_1_818' title='bbox 2960 5420 3201 5489; x_wconf 81' lang='grc' dir='ltr'>γαληνὰς</span> <span class='ocrx_word' id='word_1_819' title='bbox 3258 5419 3354 5485; x_wconf 86' lang='grc' dir='ltr'>μὲν</span> <span class='ocrx_word' id='word_1_820' title='bbox 3395 5418 3606 5487; x_wconf 75' lang='grc' dir='ltr'>ἡμέρας</span> 
     </span>
    </p>
   </div>
   <div class='ocr_carea' id='block_1_114' title="bbox 2069 5508 3630 5591">
    <p class='ocr_par' dir='ltr' id='par_1_114' title="bbox 2069 5508 3630 5591">
     <span class='ocr_line' id='line_1_114' title="bbox 2069 5508 3630 5591; baseline -0.012 -16"><span class='ocrx_word' id='word_1_821' title='bbox 2069 5526 2265 5584; x_wconf 76' lang='grc' dir='ltr'>νύκτας</span> <span class='ocrx_word' id='word_1_822' title='bbox 2298 5523 2353 5575; x_wconf 77' lang='grc' dir='ltr'>δὲ</span> <span class='ocrx_word' id='word_1_823' title='bbox 2389 5519 2761 5591; x_wconf 80' lang='grc' dir='ltr'>ἀμερίμνους”</span> <span class='ocrx_word' id='word_1_824' title='bbox 2798 5516 2883 5566; x_wconf 76' lang='grc' dir='ltr'>ἵνα</span> <span class='ocrx_word' id='word_1_825' title='bbox 2930 5512 3097 5582; x_wconf 76' lang='grc' dir='ltr'>κάμοί</span> <span class='ocrx_word' id='word_1_826' title='bbox 3143 5529 3226 5575; x_wconf 90' lang='grc' dir='ltr'><strong>τις</strong></span> <span class='ocrx_word' id='word_1_827' title='bbox 3270 5509 3431 5580; x_wconf 74' lang='grc' dir='ltr'>ἡδονὴ</span> <span class='ocrx_word' id='word_1_828' title='bbox 3466 5508 3630 5560; x_wconf 74' lang='grc' dir='ltr'>καθα-</span> 
     </span>
    </p>
   </div>
   <div class='ocr_carea' id='block_1_115' title="bbox 2072 5596 3629 5690">
    <p class='ocr_par' dir='ltr' id='par_1_115' title="bbox 2072 5596 3629 5690">
     <span class='ocr_line' id='line_1_115' title="bbox 2072 5596 3629 5690; baseline -0.021 -18"><span class='ocrx_word' id='word_1_829' title='bbox 2072 5618 2169 5690; x_wconf 82' lang='grc' dir='ltr'><strong>ροῦ</strong></span> <span class='ocrx_word' id='word_1_830' title='bbox 2209 5616 2384 5686; x_wconf 66' lang='grc' dir='ltr'>φωτὸς</span> <span class='ocrx_word' id='word_1_831' title='bbox 2417 5614 2512 5665; x_wconf 74' lang='grc' dir='ltr'>καὶ</span> <span class='ocrx_word' id='word_1_832' title='bbox 2561 5611 2673 5680; x_wconf 78' lang='grc' dir='ltr'>βίου</span> <span class='ocrx_word' id='word_1_833' title='bbox 2713 5608 2902 5661; x_wconf 72' lang='grc' dir='ltr'>λοιπὸν</span> <span class='ocrx_word' id='word_1_834' title='bbox 2932 5608 3133 5675; x_wconf 81' lang='grc' dir='ltr'>ἥσυχος</span> <span class='ocrx_word' id='word_1_835' title='bbox 3181 5601 3490 5672; x_wconf 65' lang='grc' dir='ltr'>εὐφροσύνη</span> <span class='ocrx_word' id='word_1_836' title='bbox 3523 5596 3629 5651; x_wconf 79' lang='grc' dir='ltr'><strong>σὼ.</strong></span> 
     </span>
    </p>
   </div>
   <div class='ocr_carea' id='block_1_116' title="bbox 2142 5780 2849 5849">
    <p class='ocr_par' dir='ltr' id='par_1_116' title="bbox 2142 5780 2849 5849">
     <span class='ocr_line' id='line_1_116' title="bbox 2142 5780 2849 5849; baseline -0.004 -22"><span class='ocrx_word' id='word_1_837' title='bbox 2142 5782 2217 5849; x_wconf 54' lang='grc' dir='ltr'><strong>(ἢ)</strong></span> <span class='ocrx_word' id='word_1_838' title='bbox 2249 5780 2303 5830; x_wconf 68' lang='grc' dir='ltr'>Ιιί</span> <span class='ocrx_word' id='word_1_839' title='bbox 2339 5787 2441 5840; x_wconf 81' lang='lat' dir='ltr'><strong>est,</strong></span> <span class='ocrx_word' id='word_1_840' title='bbox 2475 5782 2652 5827; x_wconf 80' lang='lat' dir='ltr'><strong>vestra</strong></span> <span class='ocrx_word' id='word_1_841' title='bbox 2694 5784 2849 5839; x_wconf 77' lang='lat' dir='ltr'><strong>pace.</strong></span> 
     </span>
    </p>
   </div>
  </div>
