3972 6200
251 357 316 415 57
1135 363 1744 425 ECCLESIASTICE
1777 361 2165 421 lliSTORHi
2207 363 2352 422 LIB.
2391 363 2567 424 Vill.
3419 365 3491 429 58

247 467 410 534 ζηται
439 478 453 493 ·
494 465 631 518 εἰδὲ
671 467 766 537 μὴ,
805 469 1010 522 στένειν
1045 471 1256 540 ἀνάγκη
1296 475 1391 524 καὶ
1430 471 1684 540 δακρύοις
1716 471 1818 522 διό-

1928 471 2347 530 intervenicnte.
2399 470 2458 526 lit
2511 472 2773 527 amicitia.
2819 474 3054 531 Reddite
3097 477 3230 532 mihi
3275 467 3497 550 qtﬁique

245 557 342 609 λου
373 557 726 626 συνέχεσθαι.
760 561 854 612 καὶ
883 561 1015 630 μηδὲ
1046 563 1138 614 τὸν
1164 563 1258 615 τοῦ
1287 564 1388 634 ζῇν
1417 565 1586 615 αίῶνα
1609 564 1824 631 πραέως

246 649 608 716 ὑφίστασθαι.
643 651 766 702 Τῶν
803 653 913 720 γάρ
951 670 1032 706 τοι
1067 654 1162 706 τοῦ
1193 655 1331 707 Θεοῦ
1365 655 1529 715 λαῶν,
1560 655 1670 706 τῶν
1702 671 1838 706 συν--

247 739 603 807 θεραπόντων
663 742 808 808 λέγω
862 745 970 796 τῶν
1028 746 1200 812 ἐμῶν,
1257 746 1430 808 οὕτως
1481 747 1682 806 ἀδίκως
1734 746 1824 798 καὶ

245 828 503 900 βὶαΰερᾷ
533 833 669 899 προς
709 833 973 902 ἀλλήλους
1019 835 1326 910 φιλονεικίᾳ
1379 837 1822 906 κεχωρισμένων,

244 921 351 988 ἐμὲ
393 923 513 984 πῶς
551 925 790 994 ἐγχωρεῖ
827 926 904 993 τῷ
939 926 1187 995 λογισμῷ
1229 928 1545 980 συνεστάναι
1593 927 1821 990 lout-sv;

247 1009 373 1064 Ἱνα
409 1013 547 1081 μηδέ
578 1015 676 1081 τῆς
710 1016 802 1068 ἐπὶ
845 1017 1020 1086 τούτῳ
1048 1017 1224 1084 λύπης
1247 1017 1356 1086 τὴν
1392 1019 1699 1088 ὑπερϐολὴν
1739 1019 1824 1069 σῖ-

251 1102 482 1168 σθησθε,
511 1103 805 1158 ἀκούσατε.
849 1107 1049 1177 Πςώην
1098 1109 1328 1170 ἐπιστὰς
1366 1111 1430 1178 τῇ
1466 1109 1823 1177 Νικομηδέων

249 1193 448 1255 πόλει,
503 1201 849 1267 παραχρῆμα
907 1201 986 1262 εἰς
1043 1200 1140 1269 τὴν
1187 1201 1332 1270 ἑῴαν
1386 1201 1696 1270 ἠπειγόμην
1754 1203 1820 1270 τῇ

246 1287 479 1356 γνώμῃ⁶
542 1290 826 1343 σπεύδοντι
869 1291 925 1343 δέ
971 1309 1060 1360 μοι
1097 1293 1232 1360 πρὸς
1289 1295 1431 1363 ὑμᾶς
1462 1293 1582 1362 ἤδη,
1617 1295 1710 1346 καὶ
1745 1293 1824 1362 τῷ

247 1375 464 1429 πλείονι
505 1379 670 1448 μέρει
711 1381 809 1432 σὺν
844 1381 972 1450 ὑμῖν
1003 1382 1140 1444 ὄντι,
1183 1387 1212 1450 ἡ
1253 1383 1406 1436 τοῦδε
1438 1384 1528 1436 τοῦ
1561 1385 1824 1450 πρᾶγμα-

246 1478 337 1522 τος
369 1463 606 1530 ἀγγελία
635 1467 769 1534 πρὸς
801 1468 864 1519 τὸ
913 1469 1150 1536 ἔμπαλιν
1182 1471 1274 1521 τόν
1305 1470 1564 1539 λογισμῖιν
1603 1471 1823 1537 ἀνεχαί-

244 1572 438 1608 τισεν·
483 1559 576 1610 ῐνα
608 1558 680 1627 μὴ
723 1562 836 1619 τοῖς
866 1561 1163 1629 ὀφθαλμοῖς,
1211 1563 1346 1632 δρᾷν
1392 1564 1820 1632 ἀναγκασθείη-ι,

245 1644 282 1698 ἃ
329 1647 472 1716 μηδὲ
524 1653 644 1712 ταῖς
671 1650 864 1712 ἀκοαῖς
900 1651 1221 1720 προσίεσθαι
1267 1654 1492 1706 δυνατὸν
1546 1653 1818 1722 ἡγούμην.

1928 577 2155 616 serenos
2188 563 2307 616 dics
2337 572 2393 617 et
2423 573 2612 617 noctes
2653 581 2896 630 securas,
2927 569 3090 638 559
3113 579 3173 623 ut
3204 570 3333 624 mihi
3369 587 3495 624 sua-

1928 652 2068 705 vitas
2113 652 2297 720 aliqua
2338 668 2489 720 pura:
2533 653 2672 708 lucis
2708 665 2764 708 et
2805 659 3099 724 tranquilla
3139 661 3265 712 vitae
3304 661 3494 715 lwtitia

1927 742 2187 810 deinceps
2219 751 2488 797 servetur.
2533 744 2688 809 Quod
2739 747 2783 799 si
2827 761 2937 800 non
2974 746 3068 810 sit,
3100 747 3188 801 illa
3225 749 3357 802 mihi
3393 767 3492 802 ne-

1927 833 2155 888 cessitas
2205 834 2499 899 incumbit,
2543 847 2602 888 ut
2640 838 2896 906 suspiriis
2940 848 2995 892 et
3040 840 3294 909 lacrymis
3347 850 3494 895 totus

1925 935 2212 990 extenuer,
2267 934 2322 979 et
2384 942 2564 996 neque
2611 928 2737 982 vit:e
2792 931 2953 1000 hujus
3011 941 3226 999 tempus
3281 932 3492 998 placide

1926 1020 2251 1072 sustineam.
2284 1017 2340 1072 Si
2391 1020 2537 1072 enim
2585 1028 2667 1073 tot
2714 1021 2808 1074 Dei
2842 1021 3051 1090 populi,
3091 1022 3194 1075 hoc
3237 1032 3320 1076 est
3362 1037 3515 1081 con-,

1925 1109 2068 1164 servi
2098 1109 2224 1171 mei,
2257 1117 2364 1162 tam
2393 1109 2578 1178 iniqua
2609 1120 2662 1163 et
2699 1111 3098 1166 detrimentosa
3131 1113 3278 1167 inter
3308 1128 3366 1168 se
3397 1114 3518 1184 dc-i

1925 1201 2225 1255 certatione
2256 1201 2583 1266 dissideant,
2615 1203 2890 1270 quomodo
2927 1204 3042 1258 fieri
3075 1213 3250 1272 potest
3284 1213 3340 1256 ut
3372 1191 3520 1272 ἰρεοί

1925 1293 2184 1361 deinceps
2213 1291 2398 1344 animo
2429 1295 2764 1346 consistam?
2808 1296 3080 1349 Caeterum
3127 1305 3185 1350 ut
3214 1311 3488 1348 summum

1923 1399 2106 1438 meum
2157 1383 2261 1436 hac
2307 1382 2374 1436 de
2425 1398 2484 1436 re
2528 1398 2819 1438 maerorem
2869 1386 3104 1454 amplius
3149 1385 3489 1454 intelligatis,

1925 1477 2060 1532 illud
2101 1476 2179 1530 sic
2219 1476 2414 1530 habete
2445 1494 2458 1528 :
2494 1492 2670 1545 nuper
2701 1477 2860 1538 adeo,
2891 1493 3014 1530 cum
3049 1477 3378 1532 Nicomediae
3405 1491 3490 1532 es-

1924 1585 2060 1633 sem,
2097 1551 2419 1636 derepente,
2453 1568 2638 1622 nescio
2675 1585 2784 1638 quo
2828 1580 3078 1639 urgente,
3117 1569 3170 1622 in
3206 1569 3484 1623 Orientem

1922 1657 2180 1725 cogitavi.
2223 1655 2287 1710 Et
2329 1667 2714 1726 properantem
2759 1673 2843 1713 me
2877 1659 2944 1712 ad
2985 1674 3100 1718 vos.
3128 1669 3251 1736 cum
3281 1657 3486 1727 majore

256 1739 538 1802 ’Δνοίξατε
596 1741 657 1805 δή
693 1760 782 1809 μοι
820 1745 1010 1796 λοιπὸν
1041 1747 1097 1796 ἐν
1142 1749 1208 1816 τῇ
1239 1745 1365 1798 καθ’
1411 1747 1554 1814 ὑμᾶς
1593 1747 1818 1818 ὁμονοίᾳ

1922 1748 2028 1817 jam
2071 1761 2136 1799 ex
2181 1755 2336 1815 parte
2376 1746 2661 1801 vobiscum
2706 1762 2908 1805 essem.
2940 1747 3168 1800 nuntius
3200 1747 3359 1816 hujus
3402 1746 3480 1799 rei

245 1831 340 1897 τῆς
378 1829 526 1900 ἑῴας
554 1834 653 1902 τὴν
683 1834 822 1898 ὁδὸν,
854 1835 922 1906 ἣν
954 1840 1073 1896 ταῖς
1111 1837 1248 1906 πρὸς
1276 1838 1546 1907 ἀλλήλους
1584 1839 1820 1908 φιλονει-

246 1920 394 1983 κίαις
443 1923 814 1976 ἀπεκλείσατε
835 1939 850 1953 ο
880 1927 976 1978 καὶ
1015 1927 1404 1996 συγχωρήσατε
1448 1927 1641 1980 θᾶττον
1674 1927 1818 1994 ὑμᾶς

247 2027 302 2062 τε
337 2011 482 2078 ὁμοῦ
513 2014 612 2066 καὶ
666 2015 795 2077 τοὺς
843 2015 1038 2079 ἄλλους
1069 2017 1318 2079 ἅπαντας
1367 2019 1572 2088 δήμους
1612 2020 1818 2072 ἐπιδεῖν

248 2099 561 2168 χαίροντας,
594 2101 688 2156 καὶ
711 2103 810 2172 τὴν
840 2104 978 2173 ὑπὲρ
1017 2103 1120 2172 τῆς
1166 2106 1354 2174 κοινῆς
1384 2107 1642 2160 ἁπάντων
1681 2111 1817 2178 δμο-

245 2191 391 2252 νοῐας
422 2193 521 2244 καὶ
565 2191 875 2263 ἐλευθερίας
905 2196 1272 2264 ὀφειλομένην
1301 2198 1460 2266 χάριν
1503 2197 1818 2268 ὑπερευφήο

248 2297 368 2347 μοις
400 2282 587 2352 λόγων
623 2286 967 2355 συνθήμασιν
988 2287 1330 2356 ὁμολογῆσαι
1358 2288 1434 2358 τῷ
1458 2289 1752 2357 κρείττονι.
1793 2311 1810 2340 ι

1921 1838 2176 1908 perculit,
2212 1846 2270 1893 et
2307 1837 2598 1892 consilium
2642 1847 2996 1907 cmptumque
3047 1852 3228 1892 meum
3278 1837 3487 1890 distur-

1919 1931 2090 1994 bavit,
2122 1945 2318 1998 meque
2353 1930 2702 1984 retrocedere
2735 1930 2933 2000 coegit,
2973 1945 3040 1983 ne
3071 1928 3246 1982 oculis
3275 1927 3492 1996 conspi-

1920 2031 2046 2075 cere
2077 2036 2302 2090 cogerer
2331 2037 2453 2090 qua:
2496 2037 2565 2076 ne
2607 2021 2834 2076 auribus
2875 2021 3098 2090 quidem
3135 2020 3368 2073 tolerare
3403 2032 3488 2070 me

1920 2129 2080 2182 posse
2101 2112 2370 2184 judicavi.
2401 2114 2626 2182 Aperite
2659 2114 2816 2177 mihi,
2843 2128 3050 2183 quaeso,
3077 2113 3361 2180 deinceps,
3389 2125 3489 2177 per

1919 2205 2274 2259 concordiam
2320 2217 2582 2269 vestram,
2617 2206 2886 2260 oricntale
2932 2205 3057 2268 iter,
3093 2203 3241 2272 quod
3283 2203 3488 2256 mutuis

1921 2297 2120 2351 vestris
2147 2294 2598 2350 contentionibus
2625 2296 2922 2352 clausistis.
2952 2295 3084 2349 Date
3113 2295 3244 2348 mihi
3273 2294 3396 2354 hoc.
3426 2301 3488 2346 ut

245 2378 502 2433 celeriter
531 2393 634 2434 vos
656 2395 958 2451 omnesque
982 2383 1122 2436 alios
1147 2383 1378 2452 populos
1406 2384 1563 2438 lzctus
1591 2384 1798 2448 videre.
1823 2399 1880 2444 et
1912 2405 2012 2460 pro
2052 2389 2327 2446 communi
2369 2391 2615 2444 omnium
2647 2390 2939 2446 concordia
2971 2398 3028 2445 et
3057 2389 3335 2454 libertate,
3367 2399 3489 2440 ora-

245 2473 495 2530 tionibus
554 2476 1010 2546 auspicatissimis
1071 2478 1530 2548 faustissimisque
1589 2483 1807 2548 verbis,
1853 2486 2094 2540 debitam
2130 2489 2359 2558 gratiam
2396 2487 2507 2540 Deo
2539 2501 2699 2554 agere
2731 2489 2957 2556 possim.
2992 2504 3010 2535 ι

853 2624 1102 2678 ΚΕΦΑΔ.
1141 2627 1238 2680 IA'.

244 2715 383 2779 Περὶ
419 2712 536 2788 τῆς
561 2715 632 2768 ἐν
665 2718 876 2788 [ψη-’ᾳ
905 2721 1138 2784 πρώτης
1195 2721 1618 2788 οίκουμενικῆς
1645 2723 1819 2788 ἁγίας

308 2781 592 2838 συνόδου
619 2804 633 2817 ·
663 2781 756 2839 οἵα
786 2781 916 2853 ne}!
943 2781 1136 2855 αἰιτῆιξ·
1175 2793 1206 2842 ό
1234 2781 1527 2857 Εὺσὲσιος
1555 2781 1785 2860 ﬁdem.

323 2900 386 2952 Ὀ
419 2899 526 2967 μὲν
565 2896 659 2952 οὖν
713 2898 966 2968 βασιλεὺς
1013 2902 1236 2955 τοιαῦτα
1293 2905 1558 2968 συνέσεως
1607 2907 1817 2976 ἔγραφε

245 2991 475 3062 ῥήματα
500 3009 516 3022 ·
549 2993 772 3060 ἐκράτει
792 2993 838 3044 δ’
863 2992 958 3044 οὖν
988 2995 1135 3061 ὅμως
1159 2997 1190 3064 ἡ
1217 2998 1542 3061 φιλονεικία,
1561 2999 1658 3051 καὶ
1685 3000 1814 3069 παρ’

239 3087 469 3148 ἐλπίδας
499 3086 698 3155 ἐχώρει
729 3087 788 3138 τὸ
823 3089 1078 3155 πρᾶγμα,
1105 3091 1200 3142 καὶ
1232 3091 1500 3159 κρείττων
1533 3089 1603 3164 ἦν
1637 3095 1667 3162 ἡ
1699 3093 1816 3163 ἔρις

241 3179 577 3245 διαλλαγῶν.
607 3177 742 3231 Οὔτε
767 3180 876 3246 γὰρ
905 3181 1051 3249 ὴτοῦ
1080 3181 1410 3249 κρατοῦντος
1439 3185 1664 3252 σπουδὴ.
1694 3183 1817 3238 οὕτε

243 3272 277 3338 ἡ
306 3271 405 3322 τοῦ
441 3270 908 3339 διακονησαμένου
927 3275 1038 3334 τοῖς
1066 3274 1390 3342 γράμμασιν
1421 3275 1590 3344 ἀρετὴ
1625 3275 1776 3345 ἴσχυε
1800 3292 1814 3308 ο

239 3362 505 3415 τοσοῦτον
550 3363 659 3432 γὰρ
688 3359 834 3432 εῐχον
881 3363 1187 3424 πείθεσθαι,
1229 3364 1369 3418 ὥστε
1413 3367 1508 3419 καὶ
1545 3367 1638 3418 ἐπὶ
1687 3367 1821 3433 μᾶλ-

239 3455 330 3506 λον
386 3454 530 3522 πρὸς
581 3455 795 3522 ἄμυναν
835 3454 1184 3525 ἠρεθίζοντο·
1238 3457 1359 3508 ὅθεν
1399 3458 1493 3510 καὶ
1540 3457 1820 3526 ἄπρακτος

239 3541 473 3610 ἐπανῄει
520 3542 550 3594 ὀ
597 3540 696 3612 τὴν
743 3541 968 3612 εἰρήνην
1027 3542 1329 3612 βραϐεῦσαι
1386 3545 1816 3614 ἀπεσταλμένος.

245 3633 436 3702 Ὀρῶν
485 3632 666 3684 τοίνυν
706 3633 734 3684 δ
761 3633 1018 3702 βασιλεὺς
1061 3637 1120 3686 τὸ
1174 3636 1348 3690 δεινὸν
1379 3636 1812 3708 κορυφούμενον,

235 3729 340 3795 τὴν
397 3724 839 3795 πολυθρὺλλητον
882 3727 1100 3798 ἐκείνην
1150 3728 1369 3780 σύνοδον
1425 3729 1566 3782 κατὰ
1620 3729 1720 3796 τὴν
1761 3731 1819 3781 ἐν

237 3818 475 3886 Βιθυνίᾳ
506 3818 737 3870 Νίκαιαν
773 3819 1108 3886 συνεκρότει,
1147 3819 1441 3890 γρᾶμμασι
1475 3820 1600 3884 τοὺς
1639 3822 1817 3876 ἁπαν-

238 3908 415 3978 ταχοῦ
450 3908 784 3969 ἐπισκόπους
816 3909 895 3970 είς
946 3911 1118 3980 ῥητὴν
1146 3913 1355 3981 ἡμέραν
1390 3911 1821 3981 μεταστελλόμε-

237 4020 355 4054 νος.
406 3999 695 4069 Ὀχήματὰ
725 4015 784 4052 τε
823 4000 1062 4069 δημόσια
1095 4000 1320 4062 τούτους
1347 3992 1503 4070 ἦγον,
1536 4001 1690 4053 ἵπποι
1728 4003 1820 4054 καὶ

238 4096 392 4159 ὀρεῖς
435 4096 533 4144 καὶ
565 4092 787 4162 ἡμίονοι
813 4108 826 4124 ο
869 4092 968 4144 οὐκ
1007 4093 1202 4155 αὐτοὺς
1247 4092 1302 4144 δὲ
1335 4093 1517 4161 μόνον,
1554 4091 1689 4146 ἀλλὰ
1727 4095 1820 4144 καὶ

235 4187 356 4237 ὅσοι
405 4183 620 4248 τούτοις
663 4183 801 4253 πρὸς
835 4183 1134 4254 θερακπείαν
1187 4185 1536 4240 συνείποντο·
1587 4181 1728 4256 ἦσαν
1763 4185 1818 4236 δὲ

237 4272 436 4341 σχεδὸν
469 4273 532 4322 ἐκ
567 4270 756 4322 πασῶν
806 4269 1090 4339 ἐπαρχιῶν
1128 4287 1186 4321 τε
1219 4273 1312 4322 καὶ
1353 4271 1586 4332 πόλεων,
1619 4265 1692 4324 ὧν
1721 4273 1818 4334 τάς

231 4383 295 4418 τε
338 4365 586 4432 κλήσεις,
620 4363 714 4415 καὶ
742 4357 818 4414 ὧν
857 4363 1201 4415 ἐπεσκόπουν
1235 4363 1446 4416 πόλεων
1477 4364 1574 4421 τὰς
1616 4363 1818 4432 ὀνομα-

237 4463 388 4524 σίας,
420 4463 451 4512 ὀ
502 4459 670 4522 πολὺς
713 4459 1030 4523 Ἀθανᾶσιος
1067 4462 1124 4512 ἐν
1173 4460 1250 4528 τῷ
1295 4459 1491 4512 ἑαυτοῦ
1549 4461 1815 4530 συνοδικῷ
1847 4485 1892 4542 υ

237 4554 686 4622 κατηρίθμησεν.
723 4547 903 4604 Ἦσαν
936 4555 992 4605 δὲ
1036 4555 1310 4622 ἀρχιερεῖς
1349 4555 1490 4622 ἀμφὶ
1519 4559 1630 4616 τοῖς
1659 4572 1816 4624 τρια-

239 4648 450 4707 κοσίοις
497 4643 630 4695 δέκα
667 4644 804 4707 πρὸς
837 4645 949 4706 τοῖς
989 4641 1152 4696 ὀκτώ.
1187 4645 1300 4714 υὺχ
1345 4644 1542 4712 ἥττους
1577 4645 1632 4697 δὲ
1676 4641 1816 4712 ἦσαν

239 4743 338 4794 καὶ
366 4742 536 4810 ἱερεῖς
562 4741 655 4793 καὶ
687 4741 928 4792 διάκονοι
960 4742 1340 4807 συνεπόμενοι.
1370 4736 1490 4788 Τῶν
1515 4736 1560 4787 δ’
1585 4736 1820 4788 ἀποστο-

238 4831 413 4884 λικῶν
455 4831 660 4900 θρόνων
708 4829 1030 4904 ἐκοινῲνουν
1077 4829 1426 4896 Ἀλέξανδρος
1469 4826 1569 4897 μὲν
1597 4829 1624 4880 ὁ
1666 4827 1816 4878 Ἀλε-

236 4923 534 4992 ξανδρείας
589 4921 688 4990 τῆς
742 4921 880 4990 πρὸς
924 4923 989 4989 τῇ
1027 4921 1243 4989 Μαρείᾳ
1301 4918 1466 4986 λίμνῃ
1516 4917 1814 4986 κειμένηςο

237 5015 545 5076 Εὑστάθιὸς
574 5031 654 5074 τε,
685 5013 786 5083 ἢδη
814 5017 912 5080 τὴν
945 5013 1080 5082 πρὸς
1115 5011 1191 5080 τῷ
1236 5012 1460 5080 Ὀρόντῃ
1490 5009 1818 5078 ἐπιτραπεὶς

247 5108 616 5176 Ἀντιόχειαν.
664 5105 979 5170 Φιλογονίου
1027 5105 1136 5172 γὰρ
1184 5105 1310 5172 ἄρτι
1359 5103 1459 5173 τὴν
1491 5101 1628 5171 πρὸς
1684 5101 1816 5152 Θεὸν

236 5199 622 5267 στειλαμένου,
670 5199 764 5250 καὶ
829 5197 921 5248 τόν
979 5196 1188 5264 ἀμείνω
1251 5195 1365 5263 βίον
1409 5193 1814 5263 μετειληχότος,

235 5289 430 5340 τοῦτον
464 5288 515 5340 oi
544 5287 644 5350 τῆς
678 5285 952 5353 ἐπαρχίας
979 5287 1257 5356 ἀρχιερεῖς
1300 5302 1360 5336 τε
1392 5286 1486 5336 καὶ
1519 5285 1710 5351 ἱερεῖς,
1735 5284 1816 5335 ἔτι

236 5381 289 5433 δε
323 5381 422 5432 καὶ
451 5381 479 5432 ὁ
508 5381 686 5441 κοινὺς
713 5378 808 5432 τοῦ
835 5379 1040 5448 Κυρίου
1066 5379 1212 5441 λαὸς,
1243 5378 1364 5448 βίαν
1395 5369 1655 5446 πλείστην
1683 5378 1816 5428 ἐτεσι-

239 5475 530 5542 γατόντες,
585 5477 650 5526 ἐκ
691 5473 951 5543 Βερῥοίας
985 5473 1076 5525 ἐπὶ
1114 5471 1206 5524 τὸν
1253 5471 1442 5540 θρόνον
1487 5469 1814 5522 ἀνείλκυσαν

239 5565 599 5618 ἐπιπλεῖστον
659 5563 1106 5632 ἀπαγορεύοντα·
1157 5567 1183 5614 ό
1233 5561 1553 5630 φερώνυμός
1596 5578 1654 5614 τε
1701 5561 1812 5612 τῶν

255 5657 652 5726 Ἰεροσολύμων
684 5657 998 5721 Μακάριοςο
1033 5652 1280 5715 Ἰούλλιος
1313 5653 1370 5706 δὲ
1393 5655 1420 5705 ὁ
1448 5652 1688 5722 Ῥώμης,
1717 5652 1812 5704 καὶ

245 5752 272 5802 ὁ
301 5754 397 5820 τῆς
447 5750 864 5803 Κωνσταντίνου
917 5749 1310 5819 Μητροςάνης.
1351 5747 1410 5801 ’0
1463 5747 1564 5817 μὲν
1611 5749 1638 5799 ὁ
1676 5747 1810 5799 Ῥώ-

2503 2632 2727 2689 CAPUT
2765 2631 2906 2686 XIV.

1916 2723 1990 2778 De
2025 2725 2200 2794 prima
2231 2725 2514 2780 universali
2547 2734 2730 2777 sancta
2763 2722 2975 2794 Νἰεωηα
3013 2721 3211 2790 synodo
3232 2761 3247 2786 ,
3274 2732 3392 2787 qua:
3416 2716 3482 2769 de

2411 2811 2472 2848 ea
2499 2795 2746 2848 Eusebius
2771 2793 2988 2845 scribat.

1987 2911 2054 2966 Et
2081 2911 2379 2981 imperator
2408 2910 2633 2981 quidem
2666 2908 2970 2978 prudenter
2993 2907 3108 2961 haec
3137 2907 3208 2960 ita
3243 2903 3484 2974 scripsit.

1921 3004 2220 3058 Dissidium
2268 3013 2451 3058 autem
2505 3002 2680 3072 magis
2727 3000 3146 3055 invalescebat:
3186 3013 3273 3052 res
3313 3000 3488 3052 omnis

1925 3103 2123 3162 praeter
2170 3108 2321 3162 spem
2376 3093 2431 3146 in
2481 3091 2726 3146 deterius
2771 3091 3063 3157 vergebat,
3107 3099 3160 3142 et
3207 3087 3489 3142 contentio

1921 3182 2198 3252 impotens
2255 3180 2692 3237 reconciliationi
2734 3179 2912 3234 locum
2965 3195 3069 3233 non
3120 3179 3487 3248 relinquebat.

1919 3273 2108 3344 Neque
2135 3274 2284 3328 enim
2316 3283 2426 3326 tam
2459 3275 2606 3341 pium
2641 3271 2988 3341 imperatoris
3019 3270 3286 3335 studium,
3311 3285 3491 3337 neque

1919 3363 2193 3418 excellens
2225 3363 2396 3426 illius,
2421 3365 2514 3433 qui
2547 3363 2762 3418 litteras
2790 3363 3075 3424 attulerat,
3101 3361 3298 3426 virtus,
3332 3359 3496 3430 quid-

1920 3469 2084 3523 quam
2121 3453 2324 3508 effecit.
2360 3454 2425 3508 Et
2463 3463 2674 3507 tantum
2717 3455 2872 3507 abest
2918 3461 2977 3506 ut
3017 3452 3082 3505 ad
3124 3453 3351 3520 gratiam
3403 3465 3490 3503 re-

1921 3544 2340 3614 dintegrandum
2369 3543 2627 3597 homines
2650 3543 3140 3614 persuaderentur,
3169 3550 3227 3593 ut
3252 3539 3491 3608 amplius

1917 3635 2082 3688 etiam
2119 3633 2184 3686 ad
2226 3633 2528 3688 vindictam
2579 3636 2688 3686 sint
2725 3634 2973 3688 excitati.
3015 3637 3360 3701 QuaprOpter
3399 3621 3489 3682 in-

1920 3725 2080 3779 fcmis
2117 3724 2284 3778 rebus
2317 3724 2382 3778 ad
2427 3727 2814 3794 imperatorem
2855 3723 3039 3788 rediit,
3065 3724 3158 3792 qui
3195 3725 3260 3775 ad
3296 3735 3486 3790 pacem

1919 3817 2356 3887 componendam
2399 3819 2604 3871 missus
2643 3817 2844 3883 fuerat,
2883 3816 3106 3871 llosius.
3152 3814 3341 3882 Itaque
3389 3812 3492 3864 im-

1920 3919 2163 3978 perator,
2208 3909 2409 3962 malum
2464 3909 2516 3962 id
2567 3909 2633 3962 ad
2685 3923 2960 3962 Summum
3009 3920 3329 3961 exercsccre
3365 3917 3492 3957 eer-

1920 4018 2079 4063 nens,
2115 4002 2620 4055 decantatissimam
2659 4001 2802 4054 illam
2840 3999 2894 4053 in
2932 3999 3182 4068 Bithynia
3217 3996 3488 4052 Nicaanam

1920 4096 2190 4164 synodum
2233 4093 2564 4162 promulgat,
2603 4101 2658 4147 ct
2698 4091 2901 4146 litteris
2945 4091 3194 4145 locorum
3241 4087 3488 4142 omnium

1917 4186 2210 4254 episcopos
2258 4184 2323 4238 ad
2374 4185 2732 4238 constitutam
2786 4183 2929 4237 diem
2979 4196 3046 4236 eo
3093 4190 3304 4236 evocat.
3363 4177 3491 4233 Illos

1918 4276 2136 4348 publica
2169 4276 2442 4331 vehebant
2467 4275 2718 4330 vehicula
2743 4283 2798 4329 et
2820 4275 3090 4344 iumenta,
3122 4271 3328 4342 publici
3360 4271 3487 4340 equi

1919 4377 1974 4421 et
2009 4366 2174 4432 muli;
2214 4381 2315 4420 nec
2347 4367 2498 4434 ipsos
2539 4374 2774 4427 tantum,
2805 4365 2898 4419 sed
2933 4365 3098 4418 etiam
3129 4363 3224 4432 qui
3259 4376 3356 4417 eos
3388 4361 3490 4414 mi-

1919 4458 2136 4512 nisterii
2169 4458 2342 4527 gratia
2369 4456 2798 4510 comitabantur.
2826 4456 3148 4510 Convenere
3181 4470 3246 4508 eo
3280 4453 3393 4506 fere
3423 4468 3489 4505 ex

1925 4550 2182 4605 omnibus
2215 4549 2516 4620 previnciis
2561 4559 2618 4604 et
2666 4548 2894 4602 urbibus
2923 4549 3133 4610 Patres,
3159 4545 3320 4616 560
3355 4560 3493 4614 quo-

1920 4657 2040 4694 rum
2091 4643 2317 4695 nomina
2355 4657 2461 4695 una
2502 4655 2626 4695 cum
2665 4640 2910 4703 urbibus,
2950 4637 3152 4708 quibus
3190 4635 3488 4705 episcopali

1919 4732 2402 4787 administratione
2453 4731 2824 4801 praefuerunt,
2878 4743 3106 4799 magnus
3156 4726 3492 4781 Athanasius

1923 4827 1974 4878 in
2023 4825 2275 4895 synodali
2327 4839 2430 4879 suo
2483 4823 2628 4877 libro
2675 4823 2976 4876 recensuit.
3031 4819 3282 4890 Episcopi
3335 4819 3490 4872 fuere

1919 4919 2144 4973 circiter
2188 4916 2420 4971 trecenti
2463 4901 2652 4970 decem
2690 4925 2743 4968 et
2774 4926 2920 4979 octo,
2955 4929 3059 4968 nec
3089 4913 3376 4982 pauciores
3407 4926 3492 4964 sa-

1918 5009 2178 5064 cerdotes
2225 5017 2281 5064 et
2327 5007 2570 5068 diaconi,
2611 5023 2800 5060 eorum
2853 5005 3101 5060 comites.
3147 5003 3490 5072 Apostolicas

1919 5102 2080 5158 sedes
2121 5111 2238 5155 tum
2279 5109 2507 5154 tenuere
2537 5097 2880 5152 Alexandria:
2917 5097 2984 5152 ad
3020 5098 3197 5152 lacum
3235 5094 3489 5149 Mareoti-

1917 5210 2040 5249 cum
2076 5193 2216 5258 sitaz,
2251 5191 2559 5246 Alexander
2593 5209 2605 5244 :
2643 5189 2952 5245 Antiochiae
2996 5189 3060 5243 ad
3109 5187 3366 5244 Ortmlmtt
3400 5199 3490 5238 res

1917 5287 2081 5339 clesia
2112 5287 2222 5352 jam
2258 5293 2370 5337 tum
2408 5281 2698 5336 Eustathio
2733 5281 3027 5335 commissa
3063 5279 3260 5334 fuerat.
3295 5273 3485 5328 Philo-

1917 5377 2080 5446 gunio
2137 5391 2248 5429 non
2300 5375 2372 5428 ita
2428 5375 2640 5443 pridem
2692 5375 2758 5428 ad
2808 5374 2976 5427 Deum
3037 5381 3280 5437 recepto,
3316 5377 3370 5421 et
3415 5369 3482 5420 ad

1917 5469 2202 5522 meliorem
2249 5469 2416 5522 vitam
2465 5466 2752 5520 translato.
2795 5463 2950 5517 Hunc
2994 5460 3357 5520 Ettslnlhittltt,
3397 5457 3487 5509 in~

1917 5562 2090 5616 vitum
2127 5559 2425 5612 admodum
2455 5567 2510 5613 et
2545 5557 2926 5616 reluctantem,
2957 5553 3006 5606 vi
3041 5551 3278 5620 plurima
3318 5550 3483 5604 allata

1917 5652 2282 5722 provinciales
2329 5650 2610 5719 episcOpi,
2659 5646 3010 5708 sacerdotes,
3063 5643 3483 5710 communisque

1915 5745 2131 5800 Domini
2189 5745 2444 5814 populus,
2483 5758 2550 5798 ex
2604 5740 2864 5795 Bcrrhma
2925 5738 2993 5794 ad
3042 5753 3168 5795 cum
3219 5737 3480 5793 thronum
