3972 6200
429 324 500 383 ίη9
1631 332 2054 393 NlCEPllORl
2095 335 2181 395 CA
2196 338 2441 400 LLISTI
3584 339 3665 402 60

430 440 832 503 pertrﬂernnt.
861 437 1251 507 Hierosolymis
1272 440 1647 509 episcopatum
1672 439 1861 509 gessit,
1888 454 1988 492 suo

2110 463 2201 512 λης
2231 446 2318 497 διὰ
2375 449 2550 516 γῆρας
2612 448 2765 514 βαθὺ,
2812 453 2838 502 6
2876 449 2932 502 δὲ
2978 448 3064 501 διὰ
3116 446 3320 516 πολλὴν
3370 446 3664 503 ἀσθένειαν

431 524 772 591 respondens
806 525 1035 590 nomini,
1075 526 1373 593 Macarius;
1406 528 1590 583 Romre
1618 528 1815 591 Julius,
1843 528 1991 582 Con-

430 616 781 683 stantinOpoli
810 616 1138 672 Alexander.
1173 617 1235 671 Et
1266 619 1545 672 R’omanus
1576 620 1824 683 antistes,
1859 636 1988 683 pra-

433 717 555 773 pter
576 718 791 761 aetatem
818 709 1171 777 decrepitam,
1196 710 1835 779 Constantinopohtanus
1858 728 1989 765 vero

430 808 658 866 propter
684 801 907 853 multam
937 801 1389 867 imbecillitatem,
1417 803 1469 856 in
1503 803 1725 857 sedibus
1756 803 1873 858 suis
1903 821 1990 857 re-

435 904 721 955 mansere;
758 892 852 945 sed
883 908 1073 947 eorum
1108 897 1325 948 nomine
1360 895 1472 949 bini
1503 893 1801 965 presbyteri
1837 899 1987 951 missi

432 990 581 1044 sunt,
606 997 635 1033 a
655 982 797 1037 Julio
816 985 1037 1052 quidem
1059 987 1214 1041 Vitus
1234 998 1286 1041 et
1310 987 1654 1048 Vincentius.
1678 989 1745 1042 ab
1766 989 1991 1042 Alexan-

433 1069 533 1124 dro
566 1082 744 1127 antem
777 1074 886 1128 duo
915 1076 1031 1135 alii.
1057 1086 1114 1131 et
1142 1078 1245 1130 vita
1272 1087 1328 1132 et
1352 1078 1663 1132 eruditione
1694 1080 1989 1148 plurimum

433 1163 788 1218 excellentes.
820 1165 1103 1220 Habebam
1133 1169 1167 1220 ii
1201 1168 1268 1220 ab
1300 1169 1408 1225 illis
1439 1170 1751 1224 mandatum
1783 1182 1839 1225 et
1864 1188 1994 1227 cau.

439 1254 667 1320 tionem,
706 1263 766 1307 ut
803 1256 855 1309 in
886 1267 1156 1311 conventu
1194 1259 1371 1312 locum
1404 1260 1621 1315 illorum
1653 1262 1990 1326 obtinerent,

435 1350 490 1393 et
517 1342 662 1408 quod
700 1342 775 1396 ibi
816 1344 919 1397 rite
959 1356 1123 1413 atque
1160 1349 1353 1403 ordine
1383 1361 1565 1404 aetum
1601 1350 1993 1421 decretumque

437 1441 603 1495 esset,
638 1435 1082 1504 comprobarent.
1131 1438 1190 1492 ln
1230 1441 1438 1510 synodo
1477 1456 1541 1495 ea
1581 1443 1737 1496 multi
1777 1453 1998 1513 aposto-

438 1522 560 1576 licis
610 1524 771 1578 donis
814 1525 1089 1593 poliebant
1125 1543 1140 1581 :
1180 1544 1289 1585 non
1343 1533 1503 1600 pauci
1549 1534 1737 1600 etiam,
1771 1524 1996 1604 propter

439 1614 803 1704 Christianam
829 1629 1149 1677 constanter
1174 1620 1378 1691 obitum
1406 1621 1830 1687 confessionem,
1858 1628 1993 1696 stig-

444 1715 587 1759 mata
618 1717 675 1762 et
706 1718 860 1766 nobis
890 1712 945 1765 in
977 1728 1140 1768 carne
1173 1715 1655 1777 circumferebant.
1690 1718 1992 1786 praesertim

439 1813 506 1850 cx
546 1800 838 1869 episcOpis,
873 1804 1214 1873 Paphnutius
1260 1810 1563 1875 superioris
1594 1810 1913 1876 Thebaidis,
1940 1823 1996 1865 et

441 1890 711 1959 Spyridon
765 1892 999 1964 Cyprius
1043 1898 1482 1966 Trimythuntis,
1518 1912 1577 1955 et
1618 1900 1817 1957 Hosius
1855 1902 1994 1957 Cor-

441 1981 623 2044 dubae,
646 1992 701 2037 et
733 1985 967 2041 Jacobus
996 1988 1196 2043 Nisibis
1224 1993 1325 2061 (sic
1349 1994 1497 2046 enim
1528 1994 1815 2049 Antiochia
1848 1995 1998 2065 Myg-

442 2074 623 2131 doniae
667 2088 825 2133 antea
877 2094 1066 2135 vocata
1111 2090 1238 2149 est),
1274 2086 1365 2152 qui
1419 2087 1582 2139 ctiam
1631 2098 1877 2141 mortuos
1918 2104 2001 2142 re-

443 2168 717 2223 suscitans
752 2171 805 2223 in
837 2172 1000 2226 vitam
1046 2176 1265 2230 reduxit
1293 2186 1345 2229 et
1380 2178 1665 2232 innumera
1696 2180 1799 2233 alia
1835 2180 2003 2233 mira-

444 2259 565 2309 cula
597 2259 772 2313 edidit
803 2280 816 2314 :
854 2262 1103 2318 Meletius
1141 2264 1422 2327 Sebastiae.
1454 2268 1701 2323 Basileus
1732 2271 1999 2337 Amascte,

445 2347 700 2405 Nicolaus
746 2352 1050 2423 Myrorum,
1095 2355 1392 2426 Gregorius
1440 2361 1660 2431 majoris
1694 2361 1998 2425 Armeniae,

446 2438 646 2496 Paulus
674 2443 1037 2500 Neoczesarea:
1062 2448 1115 2502 in
1142 2450 1437 2516 Euphratis
1462 2452 1577 2518 ripa
1607 2452 1877 2518 conditae;
1908 2452 2003 2521 qui

445 2531 731 2587 ambarum
767 2551 1025 2590 manuum
1061 2556 1184 2601 usu,
1210 2540 1403 2594 Licinii
1439 2543 1812 2612 improbitate,
1835 2544 2004 2613 ignito

447 2620 595 2674 i'erro
620 2621 772 2677 venis
798 2635 961 2693 atque
987 2629 1191 2692 nervis,
1215 2630 1415 2697 quibus
1445 2631 1528 2684 vis
1556 2632 1807 2685 movendi
1838 2634 2001 2697 inest,

447 2711 707 2778 perustis,
756 2718 982 2770 orbatus
1033 2718 1231 2773 fuerat.
1283 2721 1349 2777 Et
1397 2721 1509 2784 alii,
1555 2722 1756 2789 quibus
1800 2724 2000 2793 partim

446 2802 586 2856 alter
629 2806 820 2859 oculus
873 2807 1123 2863 stridenti
1172 2809 1321 2864 ferro
1374 2812 1659 2881 ademptus
1703 2823 1844 2881 erat,
1876 2829 2003 2883 par-

451 2893 546 2946 tim
594 2895 828 2964 poplites
888 2898 1065 2953 dextri
1122 2902 1368 2955 cauterio
1415 2904 1675 2968 mntilati,
1716 2906 1886 2973 pedes
1937 2905 2004 2960 ad

449 2985 809 3051 gradientium
863 2990 1083 3045 inutili-3
1136 2992 1509 3049 reddiderant.
1562 2996 1711 3050 lnter
1757 3011 1894 3064 quos
1949 3003 2005 3051 et

2089 536 2511 607 ἀπελείφθησαν.
2556 543 2695 596 'Avt‘
2737 541 2913 594 αὐτῶν
2941 543 2996 594 δι
3033 542 3175 593 κατὰ
3224 541 3317 592 δύο
3351 541 3664 609 πρεσϐύτεο

2092 643 2175 694 ροι
2205 628 2650 698 διεπέμφθησαν·
2697 633 2958 702 Ῥωμαῖοι
2996 634 3094 701 μὲν
3126 633 3301 684 Βίτων
3346 649 3404 684 τε
3436 633 3530 684 καὶ
3567 635 3667 685 Βι-

2090 714 2333 776 κέντιος·
2367 718 2431 769 ὲκ
2476 718 2531 769 δὲ
2574 720 2973 789 Μητροφάνους
3003 720 3181 788 ἕτεροι
3227 720 3334 789 βίῳ
3368 720 3461 772 καὶ
3513 720 3665 789 λόγῳ

2091 802 2272 871 πολλῷ
2319 805 2667 875 διαφέροντες
2689 824 2702 838 ο
2738 812 2941 878 ἐγγύην
2984 810 3265 871 λαϐόντες.
3315 811 3406 863 τόν
3438 815 3489 863 τ’
3518 812 3667 864 ὲκεί-

2090 908 2195 944 νων
2234 894 2400 946 τόπον
2429 897 2804 964 ἀναπληροῦν,
2846 902 2938 950 καὶ
2968 902 3079 959 τοῖς
3113 899 3294 960 καλῶς
3340 900 3666 974 πραττομέτ-

2091 1001 2203 1046 νοις
2232 985 2545 1041 συνθέσθαι.
2578 988 2769 1040 Πολλοὶ
2787 990 2827 1041 δ’
2852 985 2991 1059 ἦσαν
3018 992 3242 1042 ἐκείνων
3269 990 3662 1051 ἀποστολικοϊς

2091 1077 2394 1145 χαρίσμασι
2435 1080 2850 1148 διαπρέποντες.
2888 1081 3003 1133 Οὐκ
3036 1082 3312 1149 ἐλάχιστοι
3351 1081 3394 1133 δ’
3425 1080 3504 1133 ἔτι
3540 1082 3663 1142 ταῖς

2092 1167 2179 1220 διὰ
2217 1168 2450 1235 Χριστὸν
2481 1171 2793 1238 ὁμολογίαις
2832 1172 2903 1224 τὰ
2935 1174 3208 1240 στίγματα
3250 1174 3312 1240 τῇ
3354 1173 3521 1239 σαρκὶ
3564 1188 3665 1223 πε-

2096 1259 2440 1328 ριφέροντες·
2479 1262 2545 1313 ἐκ
2575 1262 2675 1329 μὲν
2705 1262 2813 1315 τῶν
2859 1262 3175 1315 ἐπισκόπων
3211 1262 3550 1329 Παφνούτιος
3601 1260 3669 1314 ὲκ

2093 1353 2191 1418 τῆς
2220 1351 2334 1404 ἄνω
2372 1351 2659 1422 Θηϐαΐδος,
2709 1355 2804 1406 καὶ
2851 1354 3135 1422 Σπυρίδων
3176 1354 3205 1406 6
3241 1354 3508 1421 Κυπρίων
3564 1354 3670 1421 τῆς

2096 1438 2543 1511 Τριμυθούντων,
2586 1444 2682 1496 καὶ
2711 1444 2898 1507 Ὄσιος
2943 1447 2973 1497 6
3012 1443 3384 1514 Κουρδούσηςὲ
3428 1444 3524 1497 καὶ
3563 1444 3674 1496 Ἰά-

2097 1534 2275 1595 κωϐος
2305 1534 2332 1585 6
2376 1533 2649 1594 Νισίϐεως
2692 1535 2988 1602 (Μυγδονία
3026 1534 3083 1588 δὲ
3130 1537 3229 1607 τῆς
3270 1534 3609 1605 Ἀντιοχείας
3635 1538 3670 1606 ἡ

2099 1621 2311 1681 Νίσιϐις
2342 1624 2605 1693 πρότερον
2628 1623 2920 1692 ἐκαλεῖτο),
2951 1622 3007 1684 ὃς
3031 1623 3125 1675 καὶ
3148 1625 3377 1692 νεκροὺς
3403 1625 3671 1688 ἅνιστῶν,

2099 1714 2209 1774 τοῖς
2242 1712 2377 1776 ζῶσι
2404 1713 2716 1779 συνέταττε,
2745 1716 2841 1769 καὶ
2869 1715 3037 1783 μυρία
3067 1714 3357 1783 εἰργάζετο
3384 1714 3671 1785 θαύματα’

2101 1804 2358 1865 Maneto;
2398 1807 2426 1857 6
2458 1804 2943 1865 Σεϐαστουπόλειυς
2965 1822 2976 1835 ·
3010 1806 3271 1867 Βασιλεὺς
3300 1808 3328 1858 6
3355 1806 3465 1858 τῶν
3502 1807 3678 1875 Ἀμα-

2103 1898 2266 1951 σέων’
2298 1902 2325 1950 6
2361 1898 2469 1950 τῶν
2510 1899 2716 1964 Μύρων
2757 1899 3046 1960 Νικόλαος,
3078 1900 3168 1951 καὶ
3197 1900 3226 1948 6
3278 1900 3376 1968 τῆς
3425 1900 3676 1969 μεγάλης

2114 1988 2405 2059 Ἀρμενίας
2433 1990 2757 2058 Γρηγόριος,
2798 1992 2891 2042 καὶ
2918 1990 3123 2051 Παῦλος
3152 1993 3179 2042 ὀ
3204 1989 3674 2059 Νεοκαισαρείαςο

2102 2081 2235 2151 ὄχθῃ
2290 2079 2347 2132 δὲ
2393 2084 2458 2149 τῇ
2516 2080 2612 2133 τοῦ
2659 2081 2947 2148 Εὐφράτου
3002 2080 3141 2148 αὕτη
3189 2083 3563 2152 παράκειται·
3617 2081 3678 2142 ὃς

2105 2173 2273 2241 ἄμφω
2323 2171 2399 2224 τὼ
2440 2174 2587 2241 χεῖρε
2638 2173 3039 2241 πεπηρωμένος
3088 2169 3177 2242 ἦν,
3226 2172 3338 2225 τῶν
3376 2175 3680 2240 κινητικῶν

2107 2262 2355 2332 ὀργάνων
2400 2263 2870 2331 διαθραυσθέντων
2915 2265 3406 2335 πεπυρακτωμένῳ
3446 2266 3678 2334 σιδήρῳ,

2108 2352 2472 2421 προσϐαλόντι
2515 2356 2629 2415 τοῖς
2680 2354 2867 2423 μέλεσι
2922 2355 3042 2414 ταῖς
3092 2353 3336 2406 Λικινίου
3404 2371 3680 2425 κακοτρο-

2104 2446 2276 2508 πίαις.
2310 2445 2419 2500 Καὶ
2445 2445 2616 2507 ἄλλοι,
2653 2463 2728 2498 ων
2753 2446 2803 2497 οἱ
2835 2445 2935 2513 μὲν
2966 2445 3075 2497 τῶν
3117 2444 3413 2514 ὀφθαλμῶν
3444 2444 3682 2515 θάτερον

2106 2535 2310 2598 σίζοντι
2345 2534 2459 2601 σιδή
2470 2552 2545 2603 ρῳ
2580 2532 2722 2604 εἰχον
2774 2535 3213 2604 πεπηρωμένονο
3244 2536 3292 2586 oi
3325 2534 3383 2587 δὲ
3418 2534 3518 2596 τὰς
3563 2537 3680 2587 τῶν

2102 2628 2351 2695 γονάτων
2380 2626 2623 2693 ἀγκύλας
2672 2626 2772 2688 τὰς
2818 2626 2997 2691 δεξιὰς
3042 2628 3335 2695 ἀκινήτους
3369 2629 3483 2689 τοῖς
3531 2643 3679 2681 καυ-

2108 2720 2337 2786 στῆρσιν
2390 2719 2704 2787 ἐκέκτηντο.
2736 2711 2836 2769 Ὧν
2868 2720 3084 2787 μετεῖχε
3136 2718 3229 2771 καὶ
3280 2718 3626 2786 Παφνούτιος
3656 2721 3685 2772 6

2105 2807 2405 2874 Αἰγύπτιος
2433 2822 2447 2838 ⁸
2476 2810 2610 2878 περὶ
2643 2803 2705 2859 οὗ
2738 2808 2837 2861 καὶ
2871 2808 3214 2879 Σπυρίδωνος
3263 2807 3492 2877 ὕστερον
3518 2809 3686 2879 ἐροῦ-

2108 2916 2227 2971 μεν.
2258 2900 2366 2953 Καὶ
2416 2899 2602 2960 ἁπλῶς
2648 2901 2840 2962 εἰπεῖν,
2876 2899 3173 2970 μαρτύρων
3199 2900 3367 2971 δῆμος
3402 2896 3470 2971 ἦν
3515 2903 3603 2965 είς
3628 2901 3686 2954 ιν

2109 2991 2330 3045 συνιών.
2355 2992 2605 3045 Πλεῖστοι
2633 2990 2689 3043 δὲ
2719 2992 2814 3043 καὶ
2834 2991 2984 3043 ἄλλοι
3017 2993 3079 3043 ὲκ
3109 2992 3385 3061 διαφόρων
3407 2987 3553 3061 ἦσαν
3586 2992 3683 3045 καὶ

449 3078 793 3147 Paphnutius
819 3078 1107 3151 Egyptius
1136 3080 1256 3153 fuit,
1285 3085 1354 3140 de
1385 3102 1493 3154 quo
1521 3088 1666 3143 sicut
1692 3098 1747 3143 et
1770 3088 1837 3144 de
1867 3088 2004 3159 Spy-

2110 3086 2170 3138 έκ
2204 3084 2431 3149 λαῖκῶν,
2480 3084 2677 3151 ἁγαθοὶ
2707 3085 2802 3137 καὶ
2837 3086 2979 3136 νοεῖν
3020 3084 3114 3137 καὶ
3158 3083 3363 3151 λέγειν,
3417 3085 3689 3154 ἐπίσημοι

453 3171 644 3226 ridone
693 3182 879 3241 postea
919 3175 1187 3230 dicemus.
1223 3177 1419 3247 Atque,
1466 3190 1524 3232 ut
1567 3178 1887 3245 simpliriter
1923 3178 2006 3231 di-

453 3283 593 3329 cam,
630 3277 931 3338 martyrum
975 3270 1131 3339 plane
1167 3272 1404 3341 populus
1449 3271 1504 3325 in
1552 3288 1717 3325 unum
1754 3273 2010 3327 convenit

452 3357 484 3410 li
508 3373 653 3412 cum.
695 3358 850 3429 561
902 3360 1143 3417 Adfuere
1192 3363 1268 3417 ibi
1314 3366 1476 3418 etiam
1520 3363 1742 3433 plurimi
1793 3364 1910 3422 alii.
1945 3379 2011 3418 ex

2111 3195 2171 3232 τε
2205 3180 2270 3248 τῇ
2323 3194 2385 3230 τε
2430 3177 2537 3230 τῶν
2575 3177 2741 3248 ἱερῶν
2789 3177 2990 3248 βίϐλων
3043 3176 3285 3247 παιδείᾳ,
3323 3178 3417 3231 καὶ
3459 3182 3526 3247 τῇ
3580 3178 3689 3243 ἐξω

2117 3272 2283 3339 σοφίᾳ
2316 3269 2659 3339 διαπρεπεῖς,
2692 3270 2973 3340 ἑκατέροις
3006 3270 3197 3340 μέρεσι
3227 3269 3501 3339 πρόθυμοι
3542 3270 3688 3324 διδό-

2118 3379 2206 3416 ναι
2235 3363 2427 3432 ῥοπήν.

457 3453 839 3519 praestantibus
890 3464 946 3509 et
997 3455 1173 3519 laicis,
1216 3456 1356 3511 docti
1402 3465 1457 3510 et
1491 3457 1831 3525 eloquentes,
1862 3456 1916 3510 in
1959 3456 2258 3526 primisque
2310 3469 2591 3509 sacrarum
2635 3453 2999 3521 Litterarum,
3037 3470 3140 3512 nec
3190 3473 3297 3512 non
3332 3455 3689 3526 profanarum

454 3564 674 3620 quoque
718 3551 1131 3622 disciplinarum
1176 3554 1368 3623 peritia
1415 3555 1656 3625 praeclari
1692 3555 1820 3618 viri,
1854 3553 2105 3608 alterutri
2134 3553 2274 3622 parti
2308 3560 2642 3606 momentum
2675 3550 2872 3607 ati'erre
2904 3551 3157 3606 alacriter
3186 3552 3384 3623 parati.

526 3641 602 3696 De
627 3641 707 3697 eis
730 3658 896 3711 porro
933 3645 1025 3713 qui
1060 3644 1133 3699 ibi
1169 3659 1495 3713 convenere,
1525 3646 1793 3701 Eusebius
1836 3647 2018 3700 Palm-

454 3738 635 3792 stinus
661 3737 713 3790 in
737 3736 900 3791 tertio
935 3736 1003 3791 ad
1032 3735 1448 3795 Constantinum
1481 3740 1621 3793 libro
1651 3741 1765 3794 haec
1807 3739 2013 3794 refert:

2194 3645 2330 3712 Περὶ
2380 3645 2564 3713 μέντοι
2617 3644 2727 3696 τῶν
2774 3644 3217 3714 συνεληλυθότων
3260 3647 3319 3698 ὲν
3352 3645 3430 3715 τῷ
3483 3646 3563 3709 είς
3592 3646 3689 3705 τὸν

2121 3737 2530 3791 Κωνσταντῖνον
2557 3735 2729 3804 τρίτῳ
2758 3733 2950 3805 βιϐλίῳ
2979 3737 3105 3789 τάδε
3128 3738 3156 3789 6
3189 3734 3545 3797 Παλαιστινδς
3577 3734 3689 3789 Εὐ-

459 3849 482 3882 4
508 3831 586 3885 Ex
614 3828 863 3883 Ecclesiis
886 3829 1139 3884 omnibus
1165 3845 1284 3899 quae
1328 3846 1426 3899 per
1455 3830 1749 3902 Europam,
1797 3830 2005 3901 Libyam

2122 3829 2297 3890 σέϐιος
2328 3829 2534 3897 ἱστορεῖ
2557 3843 2571 3858 ο
2610 3845 2629 3878 ι
2667 3827 2790 3881 Τῶν
2829 3825 2960 3895 γοῦν
2987 3828 3292 3896 ὲκκλησιῶν
3347 3827 3599 3891 ἁπασῶν,
3631 3825 3691 3879 αἱ

452 3932 514 3975 et
543 3921 723 3976 Asiam
756 3936 973 3975 omnem
1012 3935 1162 3984 sunt,
1197 3922 1570 3979 ministrorum
1623 3922 1718 3977 Dei
1753 3923 2005 3977 columna

2118 3920 2219 3990 τὴν
2274 3919 2544 3989 Εὐρώπην
2573 3919 2815 3984 ἅπασαν,
2863 3918 3072 3988 Διϐύην
3111 3935 3171 3973 τε
3219 3920 3314 3972 καλ⁸
3358 3917 3457 3989 τὴν
3498 3919 3718 3973 Ἀσίανσ

453 4023 829 4067 convenerunt
850 4013 903 4066 in
940 4028 1046 4067 una
1070 4014 1308 4068 oratoria
1336 4015 1472 4074 ade.
1498 4015 1725 4082 perinde
1777 4022 1940 4082 atque
1986 4030 2005 4067 a

2119 4010 2418 4079 ἐπλήρουν,
2468 4009 2606 4079 ὁμοῦ
2639 4012 2872 4081 συνῆκτο
2899 4009 3006 4063 τῶν
3049 4009 3145 4063 τοῦ
3172 4009 3308 4062 Θεοῦ
3353 4010 3689 4083 λειτουργῶν

459 4104 571 4157 Deo
601 4102 966 4173 ampliﬁcata:
1005 4104 1126 4175 Syri
1157 4116 1212 4159 et
1236 4103 1455 4169 Cilices,
1486 4105 1775 4159 Phoenices
1795 4114 1849 4159 et
1877 4106 2005 4159 Ara-

2120 4103 2188 4156 τὰ
2211 4102 2494 4171 ἀκροθίνια
2512 4113 2527 4130 ⁶
2555 4098 2635 4166 εἷς
2659 4120 2717 4156 τε
2741 4101 2889 4165 οἶκος
2910 4102 3219 4172 εὐκτήριος,
3248 4100 3440 4171 ὥσπερ
3469 4105 3532 4156 ἐκ
3552 4101 3688 4156 Θεοῦ

463 4196 579 4260 bes,
605 4196 874 4250 Palaestini
892 4196 1083 4266 eisque
1106 4196 1268 4250 vicini
1289 4195 1799 4269 Egyptiiﬂhebtei,
1822 4198 2005 4269 Libye:

2123 4194 2543 4262 πλατυνόμενος,
2589 4195 2739 4248 ἔνδον
2793 4195 2991 4264 ἐχώρει
3032 4194 3177 4247 κατὰ
3208 4195 3269 4245 τὸ
3311 4193 3443 4246 αὐτὸ
3483 4194 3690 4265 Σύρους

460 4286 619 4352 ctqni
652 4302 681 4340 a
709 4286 1092 4359 Mesnpotamia
1117 4296 1414 4342 venerant:
1446 4290 1581 4359 quin
1608 4299 1661 4342 et
1691 4305 1755 4343 ex
1797 4290 2005 4345 Persilc

2123 4299 2182 4335 τε
2227 4282 2321 4335 καὶ
2368 4283 2620 4347 Κίλικας,
2673 4282 2929 4344 Φοίνικάς
2957 4297 3015 4332 τε
3071 4283 3169 4333 καλ¹
3228 4280 3537 4350 Ἀραϐίους,
3593 4284 3686 4337 καὶ

460 4379 748 4449 epist-opus
781 4383 985 4435 aderat.
1016 4380 1204 4452 Neque
1257 4380 1455 4453 Scytha
1483 4384 1535 4436 in
1576 4398 1643 4437 eo
1674 4383 1842 4437 choro
1875 4383 2022 4438 desi-

2126 4372 2558 4437 ῐιαλαιστινούς⁹
2612 4374 2708 4427 καὶ
2764 4374 2859 4426 ἐπὶ
2911 4372 3121 4435 τούτοις
3174 4373 3531 4441 Αἰγυπτίους,
3574 4375 3686 4441 8n-

460 4470 772 4527 derriiatur.
806 4473 1011 4529 Pontus
1043 4487 1282 4542 quoque,
1310 4473 1455 4536 Asia,
1490 4474 1719 4545 Phrygia
1774 4484 1830 4528 et
1863 4474 2005 4531 Pam-

2127 4466 2334 4530 ϐαίους,
2380 4467 2619 4531 Λίϐυας,
2672 4464 2800 4528 τούς
2840 4482 2897 4518 τε
2948 4466 3012 4520 ὲκ
3047 4465 3235 4535 Μέσης
3269 4467 3378 4519 τῶν
3426 4465 3691 4535 ποταμῶν

461 4564 646 4631 ii._.iia
686 4564 926 4618 delectos
953 4579 1081 4619 suos
1118 4574 1176 4617 et
1207 4564 1512 4633 praecipuos
1539 4566 1688 4619 viros
1735 4580 1800 4620 eo
1851 4566 2011 4619 mise-

463 4665 599 4711 rant.
621 4652 863 4708 Aderant
889 4668 1108 4724 quoque
1139 4653 1399 4717 Thraces,
1457 4654 1805 4719 Macedones,
1837 4654 2020 4710 Achaei

458 4752 518 4797 et
550 4745 804 4813 Epirotae.
837 4744 980 4810 Quin
1003 4753 1059 4799 et
1083 4745 1177 4816 qui
1235 4744 1301 4800 iis
1335 4745 1747 4816 longinquiores
1797 4747 2023 4800 remoti-

412 4860 427 4877 ι
464 4852 697 4906 oresque
726 4848 875 4899 sunt,
904 4839 1261 4892 advenerant.
1286 4837 1369 4892 Ab
1399 4838 1534 4908 ipsis
1553 4852 1774 4907 quoque
1828 4839 2024 4906 Hispa-

470 4928 553 4981 nis
582 4928 973 4983 ccleberrimus
1014 4929 1107 4983 ille
1138 4930 1216 4999 (l)
1261 4945 1368 4982 una
1397 4944 1521 4985 cum
1554 4929 1675 4983 aliis
1726 4929 1800 4982 ibi
1839 4929 2023 4982 consi-

465 5020 650 5075 debat.
712 5019 1083 5087 imperatoriae
1137 5034 1267 5074 sane
1315 5021 1465 5075 urbis
1519 5021 1750 5074 antistes
1805 5028 2026 5090 propter

467 5122 679 5168 aetatem
716 5110 943 5165 senilem
969 5111 1176 5172 aberat,
1205 5112 1297 5167 sed
1319 5110 1622 5182 presbyteri
1645 5111 1763 5181 ejus
1792 5126 2027 5181 praesui-

470 5214 555 5259 tes
577 5203 753 5257 vicem
783 5203 904 5272 ejus
931 5201 1253 5271 implebant.
1315 5200 1481 5258 Solus
1515 5202 1763 5270 proiecto
1795 5211 1850 5255 ct
1886 5216 2028 5255 unus

469 5294 768 5365 imperator
794 5294 1187 5349 Constantinus
1220 5304 1342 5364 post
1362 5295 1559 5348 saecula
1593 5292 1839 5359 condita,
1871 5292 2031 5348 Chri-

472 5394 556 5443 sto
585 5385 867 5440 Servatori
896 5400 1016 5447 suo,
1058 5400 1259 5439 corona
1310 5385 1462 5455 pacis
1489 5386 1712 5440 vinculo
1756 5394 2029 5448 contexta,

472 5473 541 5529 de
581 5474 810 5529 victoria
844 5485 1038 5531 contra
1075 5474 1264 5528 hostes
1293 5482 1467 5544 parta,
1508 5473 1839 5545 ejuscemodi
1888 5471 2030 5526 divi-

2122 4557 2499 4627 ὁρμωμένους.
2561 4556 2700 4625 Ἤδη
2736 4555 2792 4608 δὲ
2846 4557 2942 4609 καὶ
2998 4557 3214 4626 Πέρσης
3269 4556 3566 4617 ἐπίσκοπος
3622 4558 3686 4623 τῇ

2128 4647 2333 4716 συνόδῳ
2365 4647 2564 4718 παρῆν.
2602 4644 2737 4700 Οὔτε
2786 4646 2999 4718 Σκύθης
3030 4648 3438 4715 ἁπελιμπάνετο
3468 4645 3567 4712 τῆς
3598 4663 3690 4714 χο-

2129 4738 2306 4808 ρείας.
2335 4737 2534 4800 Πόντος
2561 4753 2621 4790 τε
2650 4738 2744 4790 καὶ
2784 4736 2958 4799 Ἀσία,
2990 4737 3203 4807 Φρυγία
3229 4755 3288 4790 τε
3334 4739 3426 4790 καὶ
3463 4739 3693 4805 Παμφυ-

2127 4828 2218 4882 λία
2268 4829 2392 4890 τοὺς
2427 4830 2561 4899 παρ’
2610 4829 2802 4892 αὐταῖς
2854 4825 3001 4898 εἶχον
3040 4828 3348 4899 ἐκκρίτους.
3395 4827 3554 4881 Ἀλλὰ
3602 4828 3692 4880 καὶ

2125 4915 2339 4989 Θρᾷκες
2380 4918 2471 4969 καὶ
2504 4917 2812 4979 Μακεδόνες
2837 4954 2853 4980 ,
2911 4916 3118 4986 Ἀχαιοί
3154 4931 3212 4968 τε
3267 4918 3361 4969 καὶ
3413 4915 3687 4982 Ἠπειρῶ-

2125 5027 2217 5064 ται
2242 5023 2258 5041 ⁶
2291 5007 2504 5062 τούτων
2552 5024 2611 5061 τε
2640 5009 2690 5061 οἱ
2725 5008 2807 5060 ἐτι
2845 5008 3183 5076 προσωτάτω
3206 5006 3485 5068 οἰκοῦντες
3520 5008 3692 5084 ἀπήν-

2127 5116 2275 5155 των’
2327 5101 2487 5163 αὐτός
2518 5116 2579 5152 τε
2623 5098 2887 5152 Ἱσπανῶν
2920 5100 2947 5150 6
2998 5100 3140 5154 πάνυ
3194 5097 3467 5167 βοώμενος
3513 5095 3589 5160 εἷς
3624 5093 3690 5166 ἦν

2128 5195 2239 5256 τοῖς
2270 5191 2486 5253 πολλοῖς
2510 5190 2624 5260 ἅμα
2659 5188 3017 5260 συνεδρεύων.
3053 5188 3167 5256 Τῆς
3198 5188 3254 5241 δέ
3284 5205 3347 5255 γε
3380 5187 3691 5257 βασιλευού-

2133 5301 2233 5354 σης
2285 5283 2491 5344 πόλεως
2539 5284 2567 5334 6
2619 5282 2718 5351 μὲν
2750 5281 3032 5350 προεστὼς
3076 5279 3165 5333 διὰ
3213 5279 3389 5349 γῆρας
3434 5278 3648 5346 ὑστέρει
3676 5292 3688 5305 ·

2133 5375 2496 5446 πρεσϐύτεροι
2547 5375 2605 5428 δὲ
2644 5370 2810 5427 αὑτοῦ
2867 5372 3163 5442 παρόντες,
3193 5371 3293 5440 τὴν
3332 5369 3499 5423 αὐτοῦ
3542 5367 3693 5430 τάξιν

2136 5467 2427 5535 ἐπλήρουν.
2479 5462 2734 5518 Τοιοῦτον
2770 5463 2929 5534 μόνος
2980 5461 3042 5525 ἐξ
3084 5461 3279 5524 αἰῶνος
3329 5456 3411 5523 εἷς
3451 5458 3692 5529 βασιλεὺς

476 5573 607 5614 nium
638 5561 933 5629 gratiarum
987 5562 1220 5617 actionis
1244 5562 1581 5619 consecravit
1630 5562 1940 5630 donarium,
1976 5575 2005 5617 c

2136 5559 2548 5623 Κωνσταντῐνος
2581 5556 2801 5630 Χριστῷ
2835 5555 3097 5626 στέφανον
3129 5553 3316 5626 δεσμῷ
3346 5551 3589 5624 συνάψας
3618 5548 3692 5602 εἰ·

555 5739 626 5800 (f)
660 5736 735 5789 llo
770 5742 850 5792 ius
888 5741 1152 5795 \idciu'ci.
