3972 6200
387 366 457 426 6⁷1
1612 387 2030 447 NICEPIIORI
2070 391 2409 451 CALLISTI
3579 404 3654 468 6‘

389 476 608 531 tentias.
646 479 845 532 \‘crum
882 484 1132 538 nonnulli
1169 487 1389 554 quulcm
1422 492 1711 545 consilium
1745 495 1957 547 confes-

2086 497 2108 545 μί
2138 495 2190 547 δὲ
2222 497 2317 549 τοῦ
2364 498 2609 565 διαλόγου
2659 499 2893 569 ἡσυχίαν
2944 501 3163 569 τῳτέως
3193 496 3355 571 ἦγον,
3410 506 3654 578 τάληθὶς

387 569 528 617 suris
556 567 785 621 minime
808 574 1271 627 contemnendum
1293 581 1787 645 cssejutlicarunt;
1822 600 1955 638 non-

859 574 1271 627 mtemucndum
1293 581 1787 645 cssejudiearunt;
1822 600 1957 638 nono
2061 585 2423 649 διακούοντες.

390 658 527 710 nulli
548 667 753 719 autem,
779 661 922 727 quod
945 677 1071 715 vera
1086 681 1211 718 cum
1233 668 1416 723 dicere
1436 670 1957 736 scirent,sermcnes

391 762 517 803 cum
554 765 620 801 80
651 759 762 802 111111
803 768 906 803 non
939 768 1365 811 COﬂSRl‘llCl’lllll.

461 840 564 893 Sed
588 850 641 893 et
666 842 822 895 multi
856 858 920 897 ex
966 844 1280 902 Graecorum
1323 851 1661 920 philosomiis
1709 854 1956 925 disputa-

2133 851 2319 903 Πολλοί
2348 867 2412 917 γε
2447 850 2552 920 μὴν
2599 851 2692 903 καὶ
2721 851 2832 902 τῶν
2874 853 3006 919 παρ’
3038 853 3268 922 Ἕλλησι
3328 857 3659 929 φιλοσόφων

393 931 635 984 tionibus
654 948 710 984 sc
747 934 1155 990 immiscuerant
1179 957 1192 993 :
1218 940 1303 992 alii
1335 940 1579 1009 quidem,
1615 953 1672 996 ut
1706 961 1954 1012 quamam

2092 941 2310 1005 ιετείχον
2344 939 2441 1006 τῆς
2497 937 2784 1001 διαλέξεως
2811 953 2825 969 ο
2852 939 2901 989 oi
2937 939 3037 1007 μὲν
3064 940 3093 989 ὂ
3126 958 3181 992 τι
3229 944 3367 995 ποτέ
3419 945 3545 998 ἐστι
3588 948 3660 999 τὸ

391 1031 537 1073 esset
574 1022 764 1090 religio
794 1035 975 1078 nostra
1010 1027 1302 1087 discerent.
1342 1030 1500 1100 563
1529 1033 1620 1085 alii
1651 1048 1781 1087 vero
1811 1037 1953 1103 quod

2100 1028 2327 1098 μέτερον
2374 1028 2566 1095 μαθεῖν
2606 1028 2908 1095 ἐφιέμενοι,
2942 1031 2991 1081 oi
3043 1031 3099 1081 δὲ
3137 1031 3407 1100 παρῆσαν
3437 1037 3660 1105 ἀσχάλ-

394 1111 824 1179 indignarentur,
847 1133 946 1183 per
968 1119 1444 1174 Christianismum
1471 1138 1647 1191 nuper
1662 1125 1955 1180 admodum

2092 1134 2264 1179 οντες,
2289 1112 2481 1178 οἷςδιά
2508 1118 2598 1169 τὸν
2620 1118 3053 1186 Χριστιανισμὸν
3083 1121 3276 1189 ἐώρων
3306 1126 3660 1192 προσφάτως

392 1214 574 1255 ortum
621 1205 821 1260 Graecae
856 1212 1265 1276 superstitionis
1320 1213 1652 1280 imposturas
1690 1218 1956 1285 supprimi

2092 1229 2185 1281 ηρτι
2220 1214 2318 1282 τὴν
2356 1213 2676 1282 Ἑλληνικὴν
2721 1214 3014 1281 τερθρείαν
3066 1216 3484 1288 ἀπολλυμένην.
3535 1223 3660 1276 Καὶ

391 1303 447 1346 et
476 1297 675 1359 perire.
706 1299 882 1366 Atque
921 1300 958 1352 ii
1002 1302 1398 1369 professionem
1433 1315 1674 1358 nostram
1735 1308 1788 1360 in
1828 1323 1958 1362 con-

2094 1307 2139 1364 Ξς
2168 1305 2350 1372 ἔριδας
2401 1306 2459 1356 τὸ
2510 1306 2779 1373 ἡμέτερον
2812 1305 3048 1358 ἐσαλον⁶
3106 1309 3174 1360 ἵν’
3220 1311 3298 1373 ὡς
3348 1316 3662 1380 στασιάζον

396 1388 682 1440 tentiosam
708 1394 1142 1445 controversiam
1173 1395 1485 1457 trahebant,
1528 1407 1583 1450 ut
1634 1408 1851 1465 promer
1876 1401 1955 1453 in-

2091 1394 2298 1444 vavtlw
2341 1393 2685 1462 καθίστηται,
2719 1397 2814 1448 καὶ
2858 1398 2972 1459 τοῖς
3010 1398 3229 1461 πολλοῖς
3267 1401 3659 1475 ἀπρόσδεκτον

398 1478 599 1531 testina
630 1478 853 1533 dissidia
909 1496 1126 1548 pessum
1162 1484 1266 1537 iret
1293 1486 1581 1554 minusque
1609 1488 1767 1555 vulgo
1804 1498 1953 1556 grata

2094 1483 2168 1553 ίη.
2202 1485 2313 1537 Καί
2347 1502 2431 1546 τις
2464 1486 2646 1537 αὐτῶν
2671 1488 2759 1537 ἐπὶ
2789 1487 3075 1556 φιλοτιμίᾳ
3105 1488 3283 1555 λόγων
3314 1495 3655 1563 κομπάζων,

394 1580 562 1621 esset.
603 1568 805 1622 llorum
835 1572 1079 1639 quidam,
1118 1584 1233 1627 arte
1256 1574 1473 1628 dicendi
1510 1592 1630 1630 sese
1666 1578 1955 1634 ambitiose

2086 1576 2151 1628 εαὶ
2187 1577 2294 1636 τοῖς
2337 1575 2570 1643 ἱερεῦσιν
2599 1577 2972 1642 ἐπιτωθάζων,
3006 1579 3211 1649 πολλὴν
3242 1583 3475 1637 ἐκείνων
3507 1603 3654 1640 κατ-

394 1656 705 1718 venditans,
740 1660 1122 1716 sacerdotibus
1153 1666 1360 1718 nostris
1391 1666 1708 1730 insultabat,
1735 1679 1790 1723 et
1847 1686 1954 1723 nu-

2088 1659 2243 1727 ydptt
2289 1661 2623 1728 ὲρεσχελίαν.
2684 1656 2908 1726 Οὖτινος
2946 1665 3040 1718 τὸν
3089 1666 3261 1737 τῦφον
3312 1671 3531 1735 ἁπλοῦς
3565 1693 3656 1738 τις

394 1759 490 1812 gas
510 1760 574 1797 ac
608 1746 968 1803 deliramenta
1000 1751 1142 1805 dicta
1191 1767 1382 1808 eorum
1419 1770 1539 1810 esse
1600 1772 1723 1810 cum
1769 1775 1953 1828 repre-

2088 1751 2236 1821 ’έρων
2273 1753 2347 1821 μὴ
2384 1754 2623 1818 ἐνεγκὼν
2652 1754 2831 1821 (λόγος
2856 1756 2902 1808 δ’
2929 1756 3045 1825 ἔχει
3082 1758 3177 1810 τὸν
3210 1761 3385 1814 πολὺν
3423 1766 3520 1816 καὶ
3551 1766 3656 1834 μέο

395 1833 664 1889 liensione
723 1837 1042 1904 objiciebat.
1098 1840 1223 1908 Ejus
1254 1850 1361 1895 tam
1391 1856 1731 1913 arrogantem
1765 1812 1955 1915 super-

2088 1812 2162 1892 'a'v
2191 1812 2543 1894 εἷναι-τοῦτον
2575 1812 3015 1912 Σπορίδωναμῖς
3033 1846 3275 1914 ἅμιλλαν
3300 1812 3656 1923 καταστῆῑαι

396 1924 544 1978 liiam
579 1927 810 1994 simplex
844 1931 1064 1997 quidam
1097 1947 1265 1986 senex
1314 1949 1421 1987 non
1464 1935 1645 1989 terens
1688 1939 1956 2004 (creditur

2086 1932 2249 1998 ,6ytov.
2280 1932 2390 1983 Καὶ
2412 1936 2522 1995 τοῖς
2545 1935 2643 2001 μὲν
2673 1936 2971 2004 προπετέσι
3005 1939 3185 2004 γέλως
3215 1942 3415 1994 ἐδόκει·
3451 1947 3577 1998 ὅσοι
3602 1948 3654 2000 δ’

395 2027 578 2070 autem
607 2020 834 2074 Celebris
857 2022 945 2073 ille
974 2032 1028 2075 et
1053 2038 1278 2093 magnus
1313 2024 1575 2094 Spyridon
1610 2026 1815 2097 fuisse),
1835 2042 1957 2082 cum

2086 2038 2197 2090 ισαν
2236 2023 2494 2084 ἐπιεικεῖς
2542 2023 2610 2076 δι’
2665 2025 2844 2084 αίδοῦς
2895 2028 3180 2083 ἐποιοῦντο
3232 2033 3309 2102 μὴ
3345 2035 3441 2089 ὑπ’
3489 2038 3654 2107 ἀνδρὶ

394 2124 462 2161 eo
490 2109 858 2177 disputatione
884 2121 967 2165 est
988 2127 1334 2182 congressus.
1373 2115 1438 2169 Et
1471 2118 1778 2172 temerariis
1827 2121 1953 2187 qui-

2086 2111 2277 2182 ἐχνίτῃ
2305 2112 2516 2179 γελοῖος
2545 2114 2574 2165 ό
2599 2115 2775 2183 γέρων
2809 2119 3031 2188 φανείη,
3067 2121 3271 2191 τέχνης
3301 2125 3405 2193 τῆς
3454 2127 3654 2199 Ἕλλη-

396 2201 522 2253 dum
555 2216 617 2253 ea
653 2218 739 2253 res
766 2204 900 2256 risui
937 2205 1072 2256 fuit:
1107 2206 1196 2272 qui
1233 2221 1361 2259 vero
1402 2208 1674 2276 aequiores
1703 2209 1962 2264 humaui-

2094 2202 2218 2269 ικῆς
2244 2204 2592 2258 παντάπασιν
2621 2205 2851 2276 ἄμοιρος
2881 2207 2956 2260 ὢν
2979 2224 2993 2238 °
3020 2212 3243 2280 ἐπέχειν
3271 2216 3384 2284 γάρ
3410 2221 3656 2289 είσάγαν

396 2298 632 2362 oresque
663 2306 842 2358 erant,
863 2296 1195 2351 verebantur
1216 2315 1282 2352 ne
1304 2299 1372 2352 ab
1393 2299 1614 2352 homine
1644 2312 1759 2354 arte
1786 2303 1957 2356 multa

2085 2293 2394 2361 ιύλαδοῦντο
2416 2294 2509 2347 τὸν
2559 2296 2730 2365 ἄνδρα
2775 2298 3013 2351 τοιοῦτον
3047 2301 3199 2355 ὄντα.
3249 2303 3406 2358 Ἐπεὶ
3460 2310 3521 2363 δὲ
3572 2313 3653 2363 εἵ-

397 2384 689 2449 instructo,
758 2388 841 2440 vir
892 2386 1203 2441 Graecarum
1257 2388 1668 2456 disciplinarum
1732 2406 1960 2459 prorsus

2094 2402 2218 2451 σαν,
2236 2386 2325 2439 Ἐν
2348 2385 2575 2455 ὀνόματι
2614 2387 2788 2455 Ἰησοῦ
2806 2390 3087 2456 Χριστοῦ,
3112 2394 3397 2463 φιλόσοιρε,
3429 2399 3662 2468 ἔλεγεν,

395 2491 609 2544 expers,
648 2478 810 2531 ludus
836 2478 1013 2539 ﬁeret,
1047 2489 1100 2532 et
1134 2488 1315 2532 tamen
1346 2479 1612 2547 dignitate
1645 2490 1793 2535 tanta
1832 2498 1958 2551 spes

2085 2476 2311 2529 ἱκουσον.
2346 2473 2440 2538 Εἷς
2498 2477 2614 2529 ἐστι
2652 2476 2785 2539 Θεὸς
2834 2480 3071 2548 ούρανοῦ
3103 2485 3199 2534 καὶ
3230 2484 3336 2552 γῆς
3376 2489 3472 2538 καὶ
3506 2489 3653 2542 πάν-

395 2577 603 2622 ctatum
648 2570 899 2625 inhibere
924 2570 1373 2624 reformidabaut.
1406 2571 1592 2641 Itaque
1646 2588 1772 2627 cum
1809 2574 1862 2629 id
1906 2575 1958 2630 ci

2085 2586 2192 2631 των,
2223 2569 2323 2621 ὅσα
2355 2584 2416 2621 τε
2438 2568 2610 2637 δρατὰ
2648 2571 2743 2621 καὶ
2774 2570 2874 2623 ὅσα
2903 2573 3135 2639 ἀόρατα,
3170 2574 3512 2648 δημιουργός
3540 2597 3557 2612 ’
3589 2582 3653 2645 ὃς

396 2662 721 2730 permissum
746 2674 933 2729 esset,
966 2664 1021 2717 ln
1051 2663 1273 2718 nomine
1299 2663 1429 2717 Jesu
1457 2664 1683 2726 Christi,
1713 2667 1960 2735 philoso-

2078 2661 2245 2714 πάντα
2279 2660 2448 2714 ταῦτα
2476 2663 2541 2730 τῇ
2573 2661 2804 2730 δυνάμει
2831 2662 2925 2715 τοῦ
2956 2663 3120 2731 λόγου
3149 2669 3413 2736 παράγει.
3450 2672 3549 2724 καλ⁸
3573 2678 3646 2744 τῇ

396 2752 527 2822 plie,
591 2755 789 2822 inquit,
826 2756 975 2810 audi.
1004 2756 1151 2811 linus
1183 2769 1266 2812 est
1296 2758 1439 2813 Deus
1474 2760 1600 2812 caeli
1669 2767 1723 2811 et
1781 2770 1957 2821 terrae,

2085 2750 2342 2822 ιγιωσύνῃ
2374 2749 2468 2802 τοῦ
2505 2754 2563 2803 ὲν
2604 2752 2755 2821 αύτῷ
2788 2752 3118 2823 Πνεύματος
3179 2757 3407 2827 έδραιοί.
3470 2759 3653 2828 Οὗτος

395 2844 807 2913 visibiliumque
836 2846 1272 2901 etinvisibilium
1295 2851 1538 2902 omnium
1561 2849 1834 2910 conditor,
1862 2852 1955 2919 qui

2087 2842 2152 2895 ,ὒν
2185 2845 2212 2895 ὁ
2263 2844 2459 2911 Λόγος,
2509 2842 2569 2897 δν
2605 2846 2766 2912 ἡμεῖς
2819 2846 2947 2900 Υίὸν
2989 2847 3125 2901 Θεοῦ
3180 2852 3553 2924 ὀνομάζομεν,
3585 2861 3655 2911 τὸ

398 2936 656 2988 universa
681 2937 795 2990 hmo
821 2937 1024 2991 virtute
1060 2938 1218 2992 Verbi
1253 2940 1501 3006 producit
1529 2950 1583 2994 et
1620 2943 1876 3005 sustinet,
1904 2953 1960 2996 et

2086 2935 2403 3003 ινθρὼπινον
2430 2934 2528 3004 τῆς
2571 2932 2783 3005 πλάνης
2812 2939 3111 3009 οἰκτείρας,
3154 2944 3407 2999 τίκτεται
3440 2948 3544 3016 μὲν
3581 2954 3654 3004 ὲκ

399 3027 685 3079 sanctitate
736 3026 973 3094 Spiritus
1009 3029 1127 3098 ejus
1176 3029 1381 3083 stabilit
1433 3040 1488 3084 et
1547 3031 1851 3085 confirmat.
1899 3032 1955 3086 ld

2087 3024 2336 3089 ὐναικδς,
2366 3025 2460 3077 καὶ
2490 3024 2830 3093 ἀνθρώπινον
2862 3027 3141 3082 ούσιοῦται
3170 3031 3353 3099 σῶμα,
3385 3037 3480 3089 καὶ
3513 3037 3655 3110 θνή-

399 3117 659 3182 Verbum,
694 3120 841 3188 quod
899 3135 928 3171 a
963 3120 1121 3173 nobis
1150 3121 1321 3175 Filius
1358 3121 1450 3175 Dei
1482 3124 1814 3188 nominatur,
1872 3139 1956 3177 er-

2085 3130 2185 3166 rxet
2221 3114 2359 3183 ὑπὲρ
2382 3113 2560 3184 ἡμῶν,
2592 3116 2682 3167 καὶ
2712 3116 3000 3169 ἀνίσταται
3030 3133 3045 3149 ’
3078 3117 3197 3189 ἥξει
3229 3121 3286 3174 δὲ
3318 3124 3445 3177 ὅσον
3484 3126 3653 3182 οὔπω

404 3226 581 3263 rorem
615 3219 671 3264 et
709 3210 1086 3265 seductiouem
1140 3209 1361 3264 humani
1386 3213 1600 3281 generis
1628 3214 1965 3277 miseratam,

2086 3204 2175 3255 τῶν
2207 3204 2422 3272 ἑκάστῳ
2458 3206 2865 3275 πεπραγμένων
2909 3206 3226 3279 ἐξεταστὴς.
3276 3212 3465 3268 Ταῦτα
3499 3220 3654 3286 γνὼ-

401 3311 589 3355 natum
636 3312 721 3356 est
751 3318 814 3355 ex
849 3302 1104 3365 muliere,
1126 3310 1182 3355 et
1214 3301 1509 3355 humanum
1538 3304 1968 3359 substantialiter

2083 3312 2151 3348 τει
2228 3296 2765 3366 πολυπραγμοσύνης
2825 3298 3024 3359 ὲκτόςο
3094 3302 3236 3355 οὕτω
3300 3309 3651 3378 πιστεύομεν

403 3392 609 3461 recepit
634 3407 856 3462 corpus,
882 3403 1155 3444 mortuum
1174 3392 1335 3445 etiam
1359 3402 1441 3447 est
1470 3408 1568 3462 pro
1596 3394 1767 3457 nobis,
1795 3408 1850 3449 et
1881 3411 1966 3448 rc-

2085 3386 2229 3456 ἱχειν.
2261 3387 2352 3455 Μὴ
2403 3387 2584 3439 τοίνυν
2615 3387 2732 3450 πῶς
2758 3388 2929 3440 ταῦτα
2968 3388 3143 3458 ζήτει,
3176 3394 3271 3445 καὶ
3312 3394 3409 3447 τὸν
3437 3400 3653 3466 τρόπον

401 3483 663 3537 surrexit.
682 3484 749 3537 Et
765 3484 943 3538 veniet
961 3483 1136 3550 primo
1158 3499 1375 3552 quoque
1404 3493 1670 3553 tempore,
1691 3484 1963 3539 factorum

2084 3476 2312 3544 ελέγχειν
2343 3477 2516 3546 πειρῶ
2543 3494 2556 3509 ο
2590 3477 2731 3546 ὑπὲρ
2753 3478 2861 3547 γὰρ
2891 3478 3049 3546 λόγον
3080 3480 3277 3549 ταῦτα,
3305 3485 3399 3537 καὶ
3434 3489 3652 3555 γνῶσιν

404 3577 671 3645 cujusque
704 3575 961 3645 quzcsitor
988 3583 1043 3628 et
1094 3576 1282 3643 judcx.
1322 3575 1447 3631 Haec
1504 3576 1583 3629 sic
1639 3591 1697 3631 se
1735 3577 1963 3641 habere,

2083 3569 2245 3619 πᾶσαν
2289 3568 2345 3618 ὲν
2373 3566 2610 3638 δευτέρῳ
2649 3568 2807 3620 τίθει.
2841 3570 2948 3621 Καὶ
2979 3572 3176 3639 μικρὸν
3222 3574 3491 3644 ἐπισχὼν,
3536 3579 3651 3631 Πι-

402 3668 537 3721 citra
565 3669 837 3723 curiosam
880 3668 1295 3735 inquisitionem
1323 3668 1745 3737 cognosceszita
1783 3670 1965 3724 credi-

2082 3658 2276 3721 ττεύεις
2307 3657 2521 3721 ταῦτας
2559 3657 2874 3729 ἀπόκριναι,
2915 3660 3040 3731 ἔφη.
3092 3662 3215 3715 Ἐπὶ
3263 3667 3475 3730 τούτοις
3504 3670 3650 3739 ἀχα-

401 3776 544 3813 tnns.
578 3757 690 3813 Nec
716 3770 794 3823 tu,
827 3758 1101 3827 quomodo
1134 3759 1249 3813 lucc
1265 3759 1395 3824 sint,
1418 3774 1603 3828 quazre
1628 3778 1641 3813 :
1666 3775 1840 3830 neque
1868 3776 1960 3813 ra-

2077 3752 2160 3820 θὴς
2188 3751 2477 3818 γενόμενος
2508 3753 2537 3804 ὀ
2582 3751 2890 3821 φιλόσοφος.
2935 3751 3054 3808 εἶτα
3105 3758 3387 3811 πιστεύειν
3431 3762 3594 3832 ἔλεγε
3626 3781 3645 3799 ο

405 3853 609 3905 tionem
634 3866 824 3904 eorum
859 3866 1089 3918 arguere
1120 3861 1209 3904 aut
1239 3852 1522 3919 explorare
1573 3853 1733 3906 aude.
1788 3852 1961 3922 Supe-

2078 3843 2160 3894 itatl.
2188 3842 2286 3911 τὴν
2310 3837 2484 3913 ἦτταν
2508 3843 2668 3905 εὐθὺς
2700 3844 2955 3912 ὁμολόγει
2981 3864 2993 3878 ’
3027 3851 3120 3900 καὶ
3152 3849 3218 3901 τὰ
3252 3852 3342 3902 [σα
3386 3853 3646 3919 δοξάζειν

401 3952 524 3995 rant
555 3942 701 3996 enim
750 3942 866 3995 lure
890 3943 1180 4005 rationem,
1234 3952 1288 3996 et
1321 3943 1687 4011 cognitionem
1740 3959 1958 3998 omnem

2078 3935 2252 4004 ᾑρεῖτο
2281 3934 2357 4004 τῷ
2386 3934 2513 4004 θείῳ
2546 3936 2826 4005 πρεσωτῃ
2854 3951 2869 3966 ⁶
2897 3938 2989 3990 καὶ
3030 3942 3143 4001 τοῖς
3174 3942 3359 4006 ἄλλοις
3399 3947 3493 3998 τὸν
3521 3948 3646 4003 ἴσον

400 4033 559 4102 longe
590 4033 931 4100 praecellunt.
960 4031 1024 4085 Et
1050 4032 1333 4100 paululum
1372 4032 1791 4087 conticescens:
1824 4033 1959 4089 Cre-

2074 4026 2270 4094 τρόπον
2299 4026 2609 4095 διατεθῆναι
2648 4027 2975 4092 ἐσπούδαζε,
3022 4032 3187 4084 πᾶσιν
3233 4033 3642 4105 ἐπομνύμενος,

401 4124 581 4188 disne,
625 4125 824 4191 inquit,
857 4122 1006 4176 ham?
1032 4125 1319 4191 responde.
1350 4124 1426 4176 Ad
1455 4124 1567 4177 hate
1605 4124 1839 4189 primum
1884 4125 1963 4177 bi-

2074 4120 2149 4186 μὴ
2205 4118 2333 4171 ἄνευ
2385 4116 2533 4178 θείας
2591 4116 2786 4186 μοίρας
2831 4119 2922 4171 επὶ
2955 4120 3013 4173 τὸ
3060 4121 3221 4187 σέϐας
3269 4125 3639 4182 ἐλαύνεσθαι·

399 4214 623 4266 antiore
640 4222 1022 4267 consternatus
1052 4211 1439 4279 philosophus,
1478 4210 1700 4276 deinde,
1733 4212 1963 4267 credere

2071 4209 2293 4279 ἀρρήτῳ
2324 4207 2382 4260 δὲ
2414 4206 2505 4275 βίᾳ
2536 4208 2627 4259 ἐπὶ
2654 4209 2723 4260 τὰ
2754 4208 3100 4278 Χριστιανῶν
3145 4215 3563 4283 μετατίθεσθαι.

396 4323 477 4368 se,
512 4304 682 4360 «‘ixit:
718 4307 1032 4373 victumque
1056 4320 1177 4359 esse
1212 4305 1393 4359 statim
1422 4304 1721 4373 professus,
1779 4306 1970 4362 eadem
2011 4321 2133 4377 quae
2197 4304 2415 4359 divinus
2446 4301 2539 4356 ille
2571 4316 2736 4356 senex
2805 4305 3055 4371 sentiret,
3087 4321 3146 4361 se
3177 4324 3400 4380 quoque
3428 4320 3643 4377 sentire

396 4403 716 4457 eons'ituit:
747 4411 910 4471 atque
939 4410 1075 4456 utet
1098 4402 1190 4456 alii
1214 4399 1473 4458 eumdem
1541 4403 1849 4472 reciperent
1911 4405 2178 4466 animum,
2250 4415 2471 4469 operam
2506 4397 2678 4462 dedit,
2715 4398 3069 4469 jurejurando
3133 4406 3472 4465 conﬁrmans
3521 4429 3645 4469 om-

395 4502 581 4562 nibm,
615 4517 720 4555 non
756 4502 873 4556 sine
907 4498 1094 4554 divino
1134 4502 1370 4555 Numine
1408 4501 1724 4572 religionem
1764 4518 1821 4557 se
1879 4501 2244 4572 complexum,
2299 4497 2394 4551 sed
2411 4511 2608 4551 arcana
2625 4495 2859 4565 quadam
2900 4498 2951 4552 vi
2976 4498 3044 4553 ad
3095 4515 3253 4557 sacra
3290 4503 3641 4567 Christiano-

397 4612 517 4650 rum
552 4597 862 4653 traductum
915 4614 1058 4653 esse.

468 4695 615 4747 ldetn
682 4705 870 4763 postea
937 4695 1248 4749 Alexandro
1306 4694 1565 4764 episcopo
1603 4694 2036 4755 ConstantiuoD

2135 4693 2210 4746 Τὸ
2240 4691 2285 4745 δ’
2306 4690 2439 4743 αὐτό
2466 4707 2630 4759 φασιν
2651 4688 2877 4760 ὕστερον
2904 4692 3157 4757 γενέσθαι
3184 4694 3261 4763 τῷ
3294 4696 3641 4773 Ἀλεξάνδρῳ

396 4786 661 4841 accidisse
692 4787 898 4841 dicunt.
929 4787 1162 4842 Vixdum
1211 4795 1329 4856 post
1358 4786 1623 4857 synodum
1656 4787 1960 4842 Constantis

2070 4783 2142 4853 τῷ
2191 4785 2291 4852 τῆς
2332 4781 2740 4835 Κωνσταντίνου
2793 4782 3143 4851 προεδρεύειν
3195 4786 3441 4855 λαχόντι.
3476 4793 3638 4863 ’Δρτι

395 4894 502 4933 nus
558 4878 873 4948 Byzantium
909 4888 1155 4944 venerat,
1204 4895 1329 4933 cum
1367 4878 1590 4947 quidam
1640 4879 1959 4934 Grazcorum

2069 4875 2176 4944 γὰρ
2228 4870 2639 4925 Κωνσταντίνου
2685 4870 2821 4939 μετὰ
2868 4871 2968 4941 τὴν
3003 4873 3222 4926 σύνοδον
3268 4879 3637 4946 παρελθόντος

398 4969 711 5041 philosophi
747 4969 1088 5035 accedentes,
1118 4988 1242 5026 eum
1285 4971 1772 5040 reprehenderunt,
1802 4972 1962 5043 564

2067 4968 2140 5028 εἰς
2186 4965 2245 5017 τὸ
2282 4962 2788 5027 Βυζάντιονπτινὲς
2834 4963 2940 5017 τῶν
2991 4963 3263 5033 Ἐλλήνων
3316 4974 3635 5039 προσιόντες

396 5062 542 5131 quod
570 5076 627 5115 se
659 5062 947 5130 illegitimo
977 5063 1258 5131 religionis
1281 5062 1454 5116 cultui
1484 5062 1749 5124 dedisset,
1784 5078 1847 5118 ac
1872 5079 1958 5117 res

2064 5056 2230 5124 τούτῳ
2249 5055 2525 5125 φιλόσοφοι
2544 5055 2646 5107 ὑπδ
2671 5054 2878 5122 μέμψιν
2903 5056 3209 5122 ἐποιοῦντο,
3236 5062 3319 5112 ὅτι
3348 5066 3426 5131 μὴ
3459 5083 3632 5136 προσ-

395 5156 609 5212 divinas
629 5164 905 5218 novasset,
932 5170 1083 5209 sacra
1118 5156 1223 5209 alia
1259 5171 1422 5225 quam
1450 5157 1681 5224 majores
1713 5155 1833 5226 ejus
1860 5170 1952 5208 co-

2066 5146 2263 5217 ιλκούσῃ
2303 5146 2570 5215 θρησκείᾳ
2599 5144 2907 5197 ἐπιδίδωσιν
2937 5146 3152 5209 ἑαυτὸν,
3208 5153 3301 5201 καί
3330 5151 3406 5213 ὡς
3435 5170 3634 5209 νεωτε-

397 5249 657 5309 Ιιιὶςειηι.
693 5255 748 5300 et
784 5256 862 5301 tot
892 5246 1217 5300 saeculorum
1252 5259 1491 5315 tempora
1529 5245 1802 5310 tulissent,
1831 5260 1951 5299 sec,

2068 5240 2203 5309 ρίζοι
2238 5239 2363 5308 περὶ
2414 5237 2474 5289 τὸ
2523 5237 2700 5303 Θεῖον,
2733 5239 2793 5291 τδ
2826 5238 2984 5304 δόξαν
3016 5241 3131 5302 τοῖς
3160 5245 3450 5311 προγόνοις
3485 5253 3636 5301 πολι-

394 5349 561 5394 tatus.
591 5340 660 5393 Et
687 5348 743 5392 ut
771 5338 1074 5407 periculum
1097 5337 1178 5390 eis
1200 5336 1267 5391 de
1295 5352 1432 5391 nova
1469 5337 1726 5405 opinione
1754 5336 1950 5400 facere,

2064 5331 2312 5384 τεύεσθαι
2335 5330 2634 5400 ᾑρημένος,
2660 5330 2752 5383 καὶ
2778 5330 2873 5392 οὓς
2899 5332 2926 5383 ὁ
2953 5331 3123 5399 μέγας
3150 5332 3287 5385 αίὼν
3312 5337 3375 5388 ὲκ
3397 5340 3632 5393 παλαιοῦ

398 5442 566 5498 atque
607 5445 732 5484 cum
767 5430 1027 5499 episcopo
1056 5442 1339 5482 sermones
1362 5428 1607 5481 conferre
1633 5428 1843 5490 liceret,
1877 5441 1964 5477 ro-

2065 5424 2281 5494 ῆνεγκε.
2314 5423 2521 5491 Πεῖραν
2551 5421 2607 5473 δὲ
2651 5422 2745 5474 καὶ
2791 5422 2889 5491 τῆς
2927 5426 3244 5493 προσφάτου
3277 5427 3438 5500 δόξης
3468 5431 3633 5501 ᾔτουν

398 5532 623 5591 garum.
656 5522 833 5590 Atque
873 5522 983 5582 ille,
1013 5519 1231 5573 tametsi
1270 5519 1659 5573 inexercitatus
1684 5519 1958 5572 etartium

2066 5514 2268 5567 λαδεῖν’
2300 5516 2395 5566 καὶ
2432 5512 2511 5583 τῷ
2539 5513 2823 5581 ἐπισκόπῳ
2854 5515 2932 5574 είς
2964 5515 3158 5581 λόγους
3188 5518 3343 5587 ἥκειν
3372 5538 3634 5592 κατηντι-

400 5612 711 5667 disserendi
740 5615 1048 5683 imperitus,
1102 5612 1339 5681 vitatque
1391 5621 1602 5665 tantum
1648 5610 1963 5681 integritate

2065 5607 2275 5660 δόλουν.
2306 5606 2365 5658 '0
2393 5604 2450 5658 δὲ
2478 5606 2681 5676 καίπερ
2715 5604 2948 5674 ἁτριϐὴς
2978 5609 3072 5660 xui.
3119 5611 3345 5679 ἄπειρος
3394 5610 3473 5665 ὢν
3520 5615 3632 5670 τῶν

402 5704 580 5757 frctus
608 5703 747 5764 (erat
776 5707 949 5769 enim,
982 5716 1041 5758 ut
1064 5704 1151 5759 vix
1184 5704 1326 5758 alius
1354 5703 1671 5773 quisquam,
1698 5702 1965 5757 honestus

2065 5695 2326 5751 τοιούτων
2368 5696 2565 5765 λόγων,
2601 5696 2748 5767 μόνῳ
2781 5698 2836 5750 δὲ
2870 5697 2947 5766 τῷ
2995 5698 3146 5767 βιοῦν
3176 5701 3453 5766 πεποιθὼς
3486 5708 3631 5774 (ἐγέ-

403 5802 455 5848 et
527 5791 727 5859 bonus)
784 5803 964 5848 tamen
1030 5794 1359 5861 imperatore
1417 5794 1665 5862 juliettte,
1707 5790 1965 5861 colloquii

2068 5807 2191 5843 νετο
2226 5788 2335 5857 γὰρ
2373 5789 2530 5857 εἴπερ
2558 5805 2640 5852 τις
2672 5788 2838 5851 καλός
2874 5805 2933 5841 τε
2968 5792 3061 5844 καὶ
3094 5793 3340 5858 ἀγαθὸς),
3370 5794 3626 5858 διαγωνί.
