3972 6200
383 290 389 307 ί
449 223 516 283 ιπ
1658 216 2077 278 NlCEPHOltl
2121 217 2460 277 CALLISTI
3618 215 3690 277 68

455 344 676 401 buntur,
695 349 751 395 et
768 341 1019 410 querelas
1042 354 1171 394 suas
1194 339 1428 409 scriptas
1455 337 1780 407 imperatori
1797 335 2020 390 dabant.

2134 338 2225 407 λίῳ
2272 337 2784 415 ὑποσημηνάμενος,
2836 336 3090 406 ἀσφαλῶς
3125 337 3315 403 τηρεῖν
3345 334 3691 405 ’παρηγγύα.

452 432 664 498 Quibus
694 431 787 485 ille
814 432 1072 485 omnibus
1117 431 1409 499 colligatis,
1444 429 1683 500 sigillum
1712 427 1901 482 annuli
1933 428 2017 480 sui

457 524 756 595 impressit,
792 536 999 591 eosque
1035 522 1328 591 diligenter
1366 522 1571 575 servari
1595 521 1870 589 praecepit.
1892 520 2021 574 Post

456 615 875 669 conventionem
906 627 1049 672 eam.
1086 611 1205 665 dies
1236 611 1574 665 constitutus
1600 625 1725 664 cum
1756 611 2015 672 venisset,

455 703 671 759 libellos
700 718 796 757 eos
827 716 1020 757 omnes
1052 703 1106 756 in
1136 702 1391 756 manibus
1426 710 1651 756 tenens:
1682 700 1795 765 lla,
1819 701 2017 769 inquit,

455 795 692 863 querela:
708 803 761 847 et
790 793 1171 848 accusationes
1198 793 1485 862 magnoilli
1506 791 1684 846 Judici
1707 789 2020 846 decidendae

459 884 840 944 remittuntur,
877 890 1191 951 statumque
1225 889 1438 950 tempus
1471 880 1697 933 extremi
1724 878 1913 948 judicii
1948 881 2019 932 sit

454 976 575 1028 dies
601 991 615 1025 :
645 974 735 1027 cui
767 971 945 1043 judici
975 971 1187 1026 occulta
1207 972 1371 1025 etiam
1392 971 1677 1023 manifesta
1709 980 1857 1024 sunt.
1889 967 2017 1021 Mihi

460 1065 681 1135 quidem
720 1065 951 1125 homini,
983 1064 1159 1118 errori
1184 1062 1443 1122 obnoxio,
1470 1060 1623 1115 nefas
1646 1073 1769 1114 esse
1801 1058 2018 1112 videtur

457 1155 965 1210 ecclesiasticarum
1005 1154 1244 1206 virorqu
1268 1151 1645 1206 accusationes
1678 1151 1922 1219 recipere
1944 1157 2016 1214 ,ει

414 1280 419 1287 ι
456 1246 670 1299 audire.
712 1244 903 1313 Neque
930 1244 1093 1299 etiam
1120 1242 1343 1297 omnino
1381 1244 1678 1295 convenire
1718 1249 1869 1309 puto,
1920 1238 2016 1293 Dei

412 1356 415 1365 π
457 1336 744 1390 ministros
765 1336 899 1389 tales
924 1347 982 1388 se
1013 1344 1268 1403 praestare
1292 1332 1513 1395 debere,
1541 1340 1600 1385 ut
1623 1331 1709 1385 vel
1762 1346 1793 1384 a
1820 1346 1905 1385 me
1933 1331 2017 1384 vel

457 1428 526 1481 ab
557 1427 666 1479 alio
691 1426 1027 1496 judicentur.
1060 1424 1115 1479 Si
1149 1439 1384 1493 namque
1434 1423 1774 1478 sacerdotum
1821 1422 2017 1477 delicta

457 1519 713 1586 plurimis
759 1519 1126 1579 innotescant,
1158 1517 1393 1570 maxima
1424 1515 1700 1585 praebetur
1739 1516 1820 1569 eis
1846 1515 2019 1569 oﬂ‘en-

400 1650 403 1675 ;
457 1608 628 1661 diculi
658 1607 902 1664 occasio.
952 1607 1047 1675 qui
1102 1609 1324 1675 impune
1357 1605 1504 1658 nullo
1543 1607 1740 1658 timore
1791 1617 2019 1673 peccare

457 1702 819 1752 constituere.
857 1696 1203 1765 Quapropter
1249 1698 1414 1764 agite.
1442 1693 1721 1749 Christum
1758 1695 2020 1759 aemulati,

457 1805 554 1857 per
577 1800 822 1844 mutuam
850 1789 1066 1844 veniam
1117 1786 1259 1841 ali’us
1294 1786 1386 1840 alii
1433 1784 1727 1839 commissa
1779 1784 2027 1839 remitta-

460 1896 601 1934 mus.
642 1878 912 1949 Oportere
971 1880 1242 1949 siquidem
1272 1877 1477 1932 remitti
1507 1877 1575 1931 ab
1601 1892 1671 1932 eo
1696 1876 1906 1941 debita,
1932 1877 2024 1931 ille

459 1970 615 2032 dicit,
638 1972 730 2039 qui
760 1972 875 2039 ipse
898 1970 1125 2038 gratiam
1148 1969 1330 2024 delicti
1348 1976 1509 2038 petat.
1535 1965 1630 2022 llis
1647 1966 1827 2021 verbis
1841 1966 2023 2029 dictis,

457 2063 674 2119 libellos
728 2064 783 2117 in
828 2072 1128 2132 conspectu
1163 2075 1356 2115 eorum
1410 2058 1731 2121 combussit,
1784 2058 2021 2128 iuratus,

458 2154 598 2209 nihil
626 2170 684 2208 se
722 2167 947 2222 prorsus
984 2169 1107 2221 qua:
1141 2152 1193 2206 in
1223 2153 1303 2205 eis
1336 2149 1538 2219 scripta
1568 2156 1750 2204 essent
1791 2146 2023 2218 legisse.

460 2245 625 2316 566
646 2245 867 2300 Addidit
919 2254 975 2299 et
998 2243 1129 2299 illud
1152 2261 1166 2298 :
1188 2243 1245 2297 Si
1277 2244 1329 2295 in
1362 2243 1680 2311 episcopum
1734 2241 2024 2304 incideret,

460 2338 701 2390 alienum
724 2336 1039 2406 conjugium
1062 2334 1380 2399 violante-n,
1413 2347 1473 2388 se
1509 2346 1752 2402 purpura
1784 2345 1882 2385 sua
1912 2330 2028 2398 pia-

461 2430 646 2480 culum
686 2427 739 2480 id
770 2431 1117 2481 ohtecturum
1141 2438 1286 2490 esse,
1329 2439 1398 2480 ne
1437 2433 1547 2478 tam
1576 2422 1780 2478 [tndem
1817 2422 2027 2476 facinus

468 2517 882 2588 spectatoribus
916 2518 1265 2571 occasionem
1298 2515 1423 2569 mali
1475 2524 1709 2569 crearet.

534 2609 709 2676 Atque
743 2607 858 2662 haec
883 2607 1104 2677 quidem
1136 2607 1218 2661 sic
1252 2614 1379 2660 ante
1413 2618 1760 2660 communem
1785 2618 2027 2659 conven-

464 2709 578 2753 tum
610 2707 749 2752 acta.
791 2694 847 2751 In
876 2712 1137 2752 consessu
1172 2707 1353 2752 autem
1396 2698 1641 2754 Patrum.
1681 2694 1930 2749 oratione
1958 2695 2026 2750 ad

465 2791 813 2844 concordiam
834 2803 931 2844 eos
952 2790 1271 2851 cobortans,
1292 2790 1358 2842 de
1387 2787 1732 2858 dogmatibus
1756 2787 1879 2840 ﬁdei
1902 2802 2032 2841 con-

464 2880 672 2935 sultare
689 2888 745 2935 et
767 2880 1071 2935 sententias
1098 2895 1197 2949 per
1212 2878 1473 2948 suﬂ‘ragia
1493 2878 1677 2931 dicere
1692 2875 1878 2946 jussit.
1898 2874 2031 2942 Quae

2122 430 2278 483 Μετὰ
2301 428 2358 482 δὲ
2384 431 2483 499 τὴν
2509 429 2804 497 σύμϐασιν,
2831 429 3175 498 ἀφικομένης
3199 426 3299 495 τῆς
3327 427 3690 496 προθεσμίας,

2120 521 2188 574 τὰ
2225 520 2402 589 βιϐλία
2456 521 2740 591 παρόντων
2789 518 3045 574 ἀπάντων
3098 521 3190 572 ἐπὶ
3238 520 3430 589 χεῖρας
3484 519 3694 589 φέρων,

2121 612 2290 664 Αὖται
2325 614 2444 680 μὲν.
2491 613 2618 683 ἔφη,
2648 613 2705 664 αἱ
2741 612 3070 682 κατηγορίαι
3102 610 3182 681 τῷ
3235 609 3458 680 μεγάλῳ
3499 608 3696 678 ἐκείνῳ

2122 705 2283 771 κριτῇ
2342 704 2603 768 ονεῖνται,
2655 704 2748 757 καὶ
2795 704 2987 772 καιρὸς
3021 703 3213 765 αὑταῖς
3261 700 3289 755 ὁ
3316 702 3414 769 τῆς
3455 702 3696 772 ἐσχάτης

2123 793 2357 864 κρίσεάς
2410 798 2577 860 ἐστιν,
2628 788 2673 861 ᾧ
2709 794 2845 863 δῆλοι
2898 794 2994 849 καὶ
3049 796 3265 864 τάφανῆ
3325 792 3691 847 καθίσταται⁸

2121 874 2243 952 ἐμοὶ
2277 883 2333 937 δὲ
2364 884 2425 936 ού
2459 885 2635 952 θέμις,
2665 885 2938 955 ἀνθρώπῳ
2978 886 3287 955 ὲφαμάρτῳ
3328 901 3392 952 γε
3422 885 3559 946 δντι,
3595 889 3693 938 ἀν·-

2119 973 2263 1044 δρῶν
2292 975 2483 1043 ἱερέων
2502 975 2837 1046 κατηγορίας
2859 975 3242 1046 ἀναδέχεσθαι,
3270 978 3366 1032 καὶ
3388 977 3467 1039 είς
3485 977 3692 1043 ἀκρόα-

2122 1080 2207 1117 σιν
2235 1063 2522 1134 καθιστᾷν.
2557 1065 2705 1133 Μηδὲ
2740 1065 2849 1134 γὰρ
2880 1066 3025 1118 ὅσιον
3062 1066 3257 1135 ἔμοιγε
3295 1067 3501 1136 χρῆναι
3538 1067 3694 1120 λελό-

2123 1168 2328 1221 γισται,
2381 1154 2516 1207 Θεοῦ
2568 1154 2921 1224 λειτουργοὺς
2977 1157 3352 1220 καθεστῶτας,
3411 1159 3695 1223 τοιούτους

2122 1245 2347 1306 ἑαυτοὺς
2375 1246 2666 1313 παρέχειν,
2685 1245 2756 1305 ὡς
2782 1246 2912 1315 παρ’
2942 1247 3140 1313 ἑτέρων
3164 1246 3195 1315 ἦ
3216 1247 3306 1314 ὑφ’
3326 1245 3482 1317 ἡμῶν
3509 1249 3697 1316 κρίνε-

2123 1335 2269 1389 σθαι.
2292 1335 2414 1387 Τῶν
2449 1338 2557 1404 γὰρ
2591 1328 3094 1406 πλημμεληθέντων
3118 1340 3229 1398 τοῖς
3276 1339 3483 1407 ἱερεῦσι
3516 1339 3696 1408 δήλων

2123 1426 2543 1495 καθισταμένων
2579 1429 2691 1488 τοῖς
2740 1428 3034 1491 πλείστοις,
3069 1429 3348 1497 πρόφασις
3389 1430 3692 1485 σκανδάλου

2122 1518 2426 1570 ἁνακύπτει
2459 1517 2688 1587 πλείστη
2731 1521 2844 1583 τοῖς
2895 1520 3068 1583 ἀδεῶς
3099 1521 3436 1589 ἁμαρτάνειν
3481 1521 3699 1574 ἑθέλουυ

2124 1626 2232 1662 σιν.
2266 1609 2402 1676 Ἀγε
2425 1607 2519 1662 οὖν
2547 1609 2786 1679 Χριστὸν
2821 1614 3223 1681 μιμησάμενοι,
3249 1615 3313 1682 τῇ
3361 1615 3499 1683 πρδς
3527 1615 3696 1684 ἀλλή-

2124 1700 2251 1765 λους
2284 1702 2584 1774 συγγνώμῃ
2627 1705 2697 1756 τά
2731 1704 2941 1757 ἑαυτῶν
2972 1703 3404 1775 θςραττεύσωμεν
3429 1719 3444 1734 ⁸
3472 1707 3697 1775 ἀφιέναι

2126 1794 2235 1864 γὰρ
2271 1809 2404 1863 φησι
2458 1796 2526 1848 τὰ
2563 1796 2908 1865 ὀφειλήματα
2934 1796 3043 1849 δεῖν
3091 1799 3180 1849 τὸν
3216 1798 3468 1865 ἀφέσεως
3511 1802 3699 1870 τυχεῖν

2125 1884 2474 1953 ὀρεγόμενον.
2504 1885 2690 1940 Ταῦτα
2718 1886 2911 1954 λέγων,
2942 1888 3009 1939 τὰ
3041 1887 3222 1957 βιϐλία
3245 1889 3529 1960 παρρησίᾳ
3561 1907 3699 1944 κατ-

2127 1975 2377 2042 έκαυσεν,
2445 1977 2823 2047 ἐπομνύμενος
2865 1978 3034 2048 μηδὲν
3070 1980 3180 2032 τῶν
3218 1981 3558 2049 ἐγκειμένων
3587 1985 3700 2041 τοῖς

2078 2118 2084 2127 ,
2126 2067 2463 2143 γράμμασιν
2505 2069 3217 2149 ἀναγελῶναι.(ῐ1ροσετίθει
3260 2071 3316 2123 δὲ
3357 2071 3592 2136 τούτοις,
3622 2073 3699 2135 ὡς

2126 2156 2182 2209 εί
2205 2174 2268 2223 γε
2299 2161 2395 2211 καὶ
2422 2159 2707 2228 ἐπισκόπῳ
2729 2160 2946 2230 ἐνέτυχε
2974 2161 3153 2232 γάμον
3177 2161 3457 2233 ἀλλότριον
3484 2163 3699 2235 διορύτ-

2126 2264 2297 2313 τοντι,
2325 2249 2673 2320 συγκαλύψαι
2707 2250 2774 2304 ἂν
2806 2253 2871 2323 τῇ
2904 2253 3198 2324 πορφυρίδι
3229 2254 3288 2307 τὸ
3316 2254 3468 2323 ἄγος,
3497 2256 3585 2310 ἵνα
3616 2261 3693 2328 μὴ

2127 2340 2253 2402 τοὺς
2284 2339 2594 2410 θεωμένους
2644 2343 2678 2412 ἡ
2706 2341 2815 2397 τῶν
2850 2343 3151 2415 δρωμένων
3188 2344 3313 2415 ὄψις
3365 2347 3446 2411 είς
3491 2347 3701 2420 βλάϐης

2128 2430 2407 2500 πρόφασιν
2444 2433 2512 2483 πε
2520 2433 2703 2504 ριστῇ.

2206 2607 2392 2662 Ταῦτα
2430 2609 2528 2679 μὲν
2558 2610 2665 2679 πρὸ
2695 2609 2790 2680 τῆς
2826 2614 3010 2677 κοινῆς
3059 2612 3427 2678 συνελεύσεως
3452 2630 3467 2645 ·
3500 2616 3620 2670 τότε
3654 2616 3701 2671 δ’

2130 2695 2225 2753 οὖν
2282 2701 2407 2763 τοὺς
2459 2701 2597 2768 πρὸς
2652 2701 2908 2772 ὁμόνοιαν
2969 2706 3414 2776 παρακλητικοὺς
3452 2706 3701 2772 διελθὼν,

2132 2792 2265 2860 περὶ
2299 2791 2408 2845 τῶν
2449 2791 2735 2861 δογμάτων
2771 2794 2869 2863 τῆς
2896 2796 3131 2860 πίστεως
3171 2798 3270 2868 τὴν
3302 2799 3493 2869 σκέψιν
3522 2805 3701 2853 ποιεῖ-

2127 2876 2263 2933 μσθαι
2316 2881 2452 2931 κατά
2484 2879 2713 2951 γνώμην
2750 2882 3078 2953 ἐπέτρεπεν.
3116 2887 3181 2938 Ἀ
3217 2887 3264 2939 δ’
3290 2887 3383 2940 οὖν
3431 2889 3704 2957 διελέγετο

466 2987 597 3027 vero
615 2983 728 3027 tum
759 2971 823 3027 ad
845 2987 941 3027 eos
966 2971 1100 3026 dixit
1118 2971 1170 3025 in
1195 2984 1405 3025 summa
1433 2969 1547 3023 haec
1570 2977 1698 3041 sunt
1723 2985 1736 3023 :
1770 2985 1788 3018 ι
1814 2966 2030 3023 Gratias

2134 2969 2366 3032 τούτοις,
2391 2970 2465 3033 ὡς
2492 2974 2549 3024 ὲν
2581 2972 2735 3042 τύπῳ
2766 2975 3103 3044 περιλαϐεῖν,
3129 2972 3270 3046 ἦσαν
3299 2977 3502 3033 ταῦτα’
3537 3000 3555 3033 ι
3591 2983 3703 3036 Χά-

465 3064 712 3134 quidem,
732 3063 930 3132 inquit,
950 3076 1134 3115 rerum
1157 3060 1400 3116 omnium
1426 3074 1615 3122 causa,
1635 3058 1728 3115 sed
1752 3058 1916 3128 hujus
1937 3073 2036 3129 po—

470 3154 739 3209 tissimum
761 3162 1067 3208 conventus
1087 3152 1329 3215 nomine,
1352 3162 1452 3220 ago
1484 3151 1615 3213 Deo,
1643 3150 1833 3203 Patres
1847 3157 1905 3202 et
1927 3147 2036 3202 ira-

470 3254 586 3300 tres
603 3243 933 3299 charissimi.
961 3243 1128 3297 Recte
1154 3242 1302 3296 enim
1326 3242 1409 3296 sic
1437 3257 1536 3296 vos
1553 3240 1790 3310 appello,
1817 3239 2036 3309 quando

470 3337 615 3390 banc
666 3333 800 3389 mibi
835 3334 1142 3389 communis
1174 3332 1434 3388 Servatur
1484 3333 1728 3386 omnium
1788 3340 2058 3390 nostrum,

472 3424 748 3479 concessit
769 3423 1021 3493 gratiam,
1052 3432 1111 3477 nt
1143 3421 1357 3477 felicius
1376 3422 1540 3476 etiam
1572 3422 1704 3475 mihi
1743 3434 1907 3491 quam
1940 3434 2035 3473 vo-

473 3517 547 3572 tis
570 3527 763 3584 optare
789 3518 892 3569 sim
923 3530 1111 3581 ausus,
1127 3529 1217 3569 res
1237 3515 1519 3570 ceciderit.
1546 3514 1774 3570 Tantam
1798 3529 2035 3586 namque

471 3606 817 3661 sacerdotum
838 3604 935 3660 Dei
963 3605 1016 3659 in
1034 3604 1266 3660 consilio
1282 3612 1337 3658 et
1353 3613 1624 3659 conventu
1647 3618 1758 3658 uno
1784 3604 2039 3673 lrequen-

475 3701 631 3760 tiam,
661 3696 756 3750 illo
782 3695 1119 3751 concedente
1147 3694 1371 3757 intueri,
1399 3711 1469 3749 an
1500 3711 1610 3749 non
1654 3696 1890 3763 ingentis
1920 3694 2041 3749 feli-

469 3789 655 3843 citatis
683 3787 806 3842 lot'o
848 3774 1199 3841 habendum?
1226 3786 1320 3841 sed
1368 3786 1626 3856 pervelim
1676 3800 1772 3840 vos
1821 3798 2039 3849 omnes,

470 3881 664 3937 eadem
685 3881 1012 3950 cogitantes,
1045 3889 1100 3933 et
1131 3881 1440 3933 animorum
1465 3892 1740 3932 consensu
1765 3878 1819 3930 in
1849 3876 2039 3931 eadem

469 3971 745 4026 sententia
762 3970 1147 4033 consistentes,
1172 3969 1378 4023 videre.
1403 3970 1586 4023 Rebus
1599 3968 1745 4023 enim
1777 3967 2043 4035 malisque

468 4064 630 4130 adeo,
655 4077 775 4132 qua
805 4063 931 4131 quis
947 4062 1131 4129 eloqui
1166 4061 1340 4130 possit
1373 4058 1655 4125 omnibus,
1690 4060 1851 4128 longe
1884 4057 2038 4112 dete-

473 4156 592 4209 rius
621 4154 757 4207 mihi
780 4167 902 4207 esse
924 4152 1091 4213 duco,
1123 4151 1270 4220 quod
1306 4150 1607 4207 Ecclesiam
1665 4149 1760 4204 Dei
1814 4148 2043 4203 seditio-

470 4246 634 4300 nibus
674 4244 817 4298 inter
851 4257 910 4297 se
951 4241 1306 4295 dissidentem
1341 4250 1397 4295 et
1435 4240 1727 4293 contrariis
1751 4239 2031 4295 hostiliter

2138 3076 2223 3128 ριν
2259 3063 2357 3130 μὲν
2408 3063 2610 3116 εἰδέναι
2655 3065 2775 3134 Θεῷ
2814 3061 3041 3120 πάντων
3081 3066 3268 3122 ἕνεκεν
3323 3069 3550 3140 ἔλεγεν
3604 3075 3706 3144 οὐχ

2133 3147 2297 3222 ἦττον
2325 3153 2381 3205 δὲ
2411 3153 2487 3222 τῷ
2528 3155 2759 3224 παρόντι
2791 3157 3056 3229 συλλόγῳ,
3084 3152 3129 3212 ὧ
3170 3158 3316 3228 φίλοι
3347 3163 3437 3216 καὶ
3468 3167 3707 3235 πατέρες

2139 3246 2233 3296 καὶ
2261 3243 2483 3311 ἀδελφοί
2508 3258 2524 3273 ο
2552 3244 2701 3299 καλῶ
2727 3246 2836 3319 γὰρ
2871 3249 3017 3318 ὑμᾶς
3040 3249 3206 3318 οὕτω,
3258 3252 3354 3305 τοῦ
3384 3253 3563 3308 κοινοῦ
3592 3256 3707 3309 Σω-

2137 3337 2303 3406 τῆρος
2336 3336 2496 3406 ἡμῶν
2537 3339 2709 3391 ταῦτα
2753 3342 3152 3412 χαρισαμένου.
3188 3344 3299 3397 Καὶ
3342 3345 3502 3399 πλέον
3532 3349 3642 3419 γὰρ
3673 3349 3707 3418 ἢ

2138 3428 2261 3480 κατ’
2294 3427 2457 3497 εὐχὴν
2513 3427 2701 3497 ἔμοιγε
2749 3431 3016 3502 περιέστη
3070 3434 3130 3486 τὸ
3170 3435 3436 3504 πρᾶγμα·
3478 3436 3538 3489 τὸ
3593 3438 3707 3509 γὰρ

2140 3519 2425 3581 τοσούτους
2445 3520 2623 3589 ἱερέας
2647 3521 2805 3588 Θεοῦ,
2831 3526 2886 3586 ἐς
2909 3524 3078 3578 ταυτδ
3104 3526 3509 3597 συνδραμόντας
3529 3529 3710 3593 ἀξιοῦ-

2142 3611 2268 3661 σθαι
2314 3612 2466 3681 ὁρᾷν,
2503 3613 2673 3664 πόσου
2699 3611 2765 3665 ἄν
2803 3627 2887 3675 τις
2908 3614 3060 3684 θείης
3113 3616 3273 3670 Ἀλλά
3316 3635 3378 3685 γε
3410 3617 3709 3690 βουλοίμην

2142 3702 2209 3756 ἂν
2238 3702 2487 3766 ἅπαντας
2535 3703 2709 3758 ταῦτα
2746 3707 2846 3775 μὲν
2896 3707 3127 3763 θεᾶσθαι
3167 3712 3525 3782 φρονοῦντας,
3572 3729 3710 3782 συμ-

2143 3794 2320 3863 φωνίᾳ
2348 3794 2403 3846 δὲ
2432 3794 2612 3866 ψυχῆς
2639 3796 2732 3849 ἐπὶ
2765 3798 2893 3866 μιᾶς
2923 3799 3143 3852 ἑστάναι
3165 3801 3263 3870 τῆς
3291 3800 3538 3871 γνώμης.
3565 3803 3714 3855 Παν-

2146 3884 2235 3947 τὸς
2267 3886 2376 3957 γὰρ
2407 3887 2599 3956 ἔμοιγε
2625 3890 2828 3956 χεῖρον,
2856 3889 2950 3941 καὶ
2984 3889 3110 3943 ὅσον
3145 3890 3210 3944 ἀν
3247 3909 3332 3955 τις
3357 3892 3504 3947 εῖποι
3536 3893 3712 3947 κακοῦ

2146 3976 2404 4030 ἐπέκεινα
2435 3977 2625 4046 κρίνω,
2656 3980 2757 4046 τὴν
2793 3978 3122 4050 Ἐκκλησίαν
3150 3982 3284 4036 Θεοῦ
3316 3985 3449 4056 ὁρᾷν
3485 3986 3714 4037 στασιά-

2148 4069 2369 4132 ζουσαν,
2421 4069 2516 4121 καὶ
2562 4072 2641 4132 είς
2704 4071 3037 4134 ἀντιπάλους
3093 4072 3475 4141 διακρίνεσθαι
3529 4075 3710 4141 δόξας.

2160 4157 2431 4228 Ὀπηνίκα
2459 4161 2663 4221 τοίνυν,
2695 4157 2769 4221 ὣς
2799 4177 2863 4227 γε
2894 4162 2968 4231 μὴ
2998 4161 3197 4230 ὤφελε,
3230 4166 3520 4235 καταφανῆ
3560 4167 3597 4220 ἃ.
3618 4184 3716 4236 μοι

2151 4250 2502 4320 προσηγγέλη
2558 4252 2799 4317 ἐγένετο,
2849 4253 2965 4315 πῶς
3014 4252 3219 4306 δοκεῖτε
3271 4255 3559 4326 δέδηγμαι,
3609 4257 3716 4327 τὴν

468 4335 760 4391 sententiis
787 4332 1192 4387 conﬂictantem
1212 4346 1401 4385 cerno.
1455 4328 1908 4397 Quandoquidem
1932 4344 2030 4383 au-

2139 4342 2318 4411 ψυχὴν
2345 4344 2657 4406 στασιάζειν
2693 4343 3041 4414 πεπυσμένος
3079 4345 3221 4414 ὑμᾶς
3252 4362 3266 4409 ;
3298 4321 3394 4409 οὓς
3413 4321 3625 4417 quam
3649 4321 3716 4416 γε

470 4438 580 4482 tem
616 4426 783 4496 (quod
816 4438 951 4480 sane
982 4424 1184 4480 factum
1213 4423 1438 4490 nollem)
1469 4437 1601 4496 qua:
1630 4420 1697 4475 ad
1744 4434 1832 4476 me
1868 4420 2035 4476 relata

467 4530 600 4575 sunt
627 4494 887 4572 omnibus
913 4517 1024 4589 jam
1059 4494 1510 4585 innotuere,quo
1572 4513 1759 4569 dolore
1789 4514 2033 4569 animum

470 4628 654 4666 meum
693 4610 1006 4683 perculsum
1028 4624 1147 4665 esse
1192 4608 1422 4677 putatis,
1485 4622 1607 4661 cum
1663 4607 2034 4663 seditionibus

469 4706 751 4759 involutos
778 4719 899 4759 esse
922 4719 1016 4758 vos
1033 4701 1276 4757 audirem
1302 4703 1327 4755 7
1354 4701 1509 4768 Quod
1539 4703 1763 4755 minime
1790 4699 2035 4754 omnium

467 4814 501 4850 ει
534 4796 690 4851 vobis
718 4797 921 4851 factum
941 4793 1205 4864 Oportuit,
1237 4795 1331 4864 qui
1379 4792 1469 4851 Dei
1490 4792 1743 4848 'ministri
1774 4801 1829 4845 et
1888 4791 2038 4861 pacis

472 4902 752 4957 pra-cones
770 4886 1038 4955 designati
1071 4886 1228 4941 estis.
1260 4884 1393 4949 Quis
1410 4884 1523 4953 jam
1558 4884 1680 4938 aliis
1701 4883 1882 4951 quieta
1904 4896 2037 4935 con-
2089 4910 2091 4913 ι

470 4980 595 5034 sitia
618 4980 774 5047 sequi
812 4978 1185 5047 persuadebit,
1218 4977 1435 5048 quando
1491 4990 1587 5031 vos
1618 4985 1726 5030 tam
1763 4976 2035 5030 hostiliter

472 5085 624 5125 arma
647 5072 864 5126 sumitis
908 5080 964 5125 et
992 5072 1136 5125 inter
1184 5086 1282 5125 vos
1319 5069 1678 5139 depugnatis?
1732 5070 1903 5134 Quam
1964 5067 2034 5121 ob

473 5178 697 5218 causam
762 5163 902 5218 hanc
932 5176 1141 5218 sacram
1168 5162 1320 5229 coegi
1353 5160 1642 5231 synodum,
1670 5161 1763 5228 qui
1799 5160 2037 5227 impera-

472 5268 565 5310 tor
593 5263 971 5311 ctmnservus
1000 5263 1181 5308 vester
1205 5267 1347 5306 sum.
1384 5253 1446 5305 Et
1476 5254 1614 5305 hanc
1645 5268 1675 5304 a
1700 5251 1855 5305 vobis
1872 5264 2034 5302 unam

472 5358 605 5417 peto
633 5346 887 5418 gratiam,
913 5361 1077 5415 quam
1113 5358 1235 5398 cum
1269 5362 1298 5397 a
1329 5360 1413 5396 me
1449 5344 1601 5397 νυὺίς
1626 5344 1892 5412 recipere,
1922 5352 2037 5395 tum

476 5454 575 5494 vos
610 5440 743 5494 mihi
776 5440 908 5493 dare
937 5447 1018 5492 cst
1053 5452 1293 5505 acquum,
1350 5447 1409 5488 ut
1444 5442 1606 5489 rebus
1635 5451 1756 5505 quae
1806 5436 2036 5488 SCdlllO-

472 5545 601 5584 neut
631 5531 770 5584 hanc
796 5545 1055 5599 peperere
1088 5530 1140 5581 iu
1175 5528 1416 5582 medium
1438 5528 1691 5597 prolatis,
1717 5538 2025 5579 controver-

476 5624 685 5692 siisque
718 5625 918 5691 quietis
946 5622 1193 5677 consiliis
1222 5621 1441 5683 decisis,
1488 5620 1551 5673 ad
1585 5634 1797 5688 pacem,
1823 5635 1919 5688 pro
1969 5635 2033 5673 ca

2140 4434 2410 4502 προσῆκε,
2443 4432 2577 4486 Θεοῦ
2625 4434 2974 4504 λειτουργοὺς
3019 4435 3117 4488 καὶ
3147 4435 3455 4504 βραϐευτὰς
3484 4438 3711 4507 εἰρήνης

2142 4522 2571 4593 καθεστηκότας.
2597 4526 2695 4589 Τίς
2720 4525 2832 4596 γὰρ
2855 4526 2921 4580 ἀν
2949 4528 3078 4590 τοὺς
3104 4526 3300 4592 ἄλλους
3322 4529 3562 4582 πείσειεν
3583 4530 3714 4599 ηρε-
3795 4548 3807 4557 ’

2144 4618 2287 4684 μεῖν,
2322 4616 2478 4685 ὑμῶν
2510 4617 2655 4671 οὕτω
2682 4619 2769 4672 διὰ
2805 4619 2986 4690 μάχης
3026 4621 3215 4675 ἰόντων
3265 4624 3363 4675 καὶ
3395 4622 3517 4675 κατ’
3549 4622 3719 4692 ἀλλή⁸

2140 4707 2248 4760 λων
2297 4707 2709 4779 ὀπλιζομένων;
2746 4711 2938 4764 Ἔνθεν
2968 4728 3050 4765 τοι
3098 4712 3194 4767 καὶ
3224 4712 3323 4784 τὴν
3373 4713 3524 4784 ίεράν
3552 4714 3713 4782 ὑμῶν

2144 4802 2518 4871 συνεκρότησα
2552 4800 2790 4866 σύνοδον,
2827 4801 3083 4871 βασιλεύς
3119 4819 3178 4855 τε
3207 4803 3284 4855 ὣν
3317 4806 3410 4858 καί
3444 4804 3711 4874 συνθερὰ-

2142 4913 2261 4947 πων
2299 4893 2588 4964 ὑμέτερος.
2633 4893 2741 4946 Καί
2771 4910 2835 4962 γε
2890 4895 3020 4964 μίαν
3058 4895 3195 4948 αἰτῶ
3222 4896 3405 4966 χάριν,
3432 4895 3499 4966 ἠν
3523 4896 3621 4963 ἐμέ
3652 4912 3712 4948 τε

2142 4983 2354 5047 λαϐεῖν,
2403 4984 2500 5035 καὶ
2534 4984 2678 5051 ὑμᾶς
2736 4985 2951 5047 πάντως
3003 4984 3185 5037 δοῦναι
3235 4984 3475 5039 δίκαιον·
3520 4983 3620 5056 τὴν
3652 4984 3714 5037 δὶ

2140 5071 2278 5127 εἶναι
2311 5074 2379 5125 τὰ
2406 5073 2504 5143 τὴν
2538 5073 2731 5125 στάσιν
2762 5073 3104 5143 γεννήσαντα
3141 5074 3237 5125 έ-πὶ
3280 5076 3446 5143 μέσου
3496 5074 3718 5142 προθεῖ-

2141 5185 2253 5228 ναι,
2306 5165 2399 5218 καὶ
2447 5165 2545 5234 τὴν
2583 5166 2998 5237 ἀμφισϐήτησιν
3041 5167 3217 5236 ἡσυχῆ
3267 5165 3716 5236 διαλυσαμένους,

2145 5256 2224 5316 είς
2253 5254 2478 5323 εἰρήνην
2507 5254 2647 5307 κατὰ
2676 5254 2776 5322 τὴν
2803 5252 3030 5306 ἐνοῦσαν
3055 5254 3186 5324 ὑμῖν
3211 5254 3371 5323 χάριν
3399 5255 3553 5321 ἄγειν
3581 5255 3723 5308 πάν-

2144 5362 2269 5409 τας,
2296 5346 2391 5397 καὶ
2421 5344 2481 5396 τὸ
2511 5344 2876 5398 ἀστασίαστον
2900 5344 2980 5415 τῷ
3016 5344 3251 5413 δόγματι
3286 5344 3715 5415 ὲπιχορηγῆσαι·

2148 5435 2234 5487 ἵνα
2283 5433 2500 5502 σύναμα
2545 5433 2786 5505 τοσούτῳ
2845 5434 2977 5501 θείῳ
3022 5431 3238 5504 στρατῷ
3293 5432 3390 5486 καὶ
3438 5430 3577 5486 κατά
3621 5429 3719 5483 τοῦ

2146 5527 2408 5596 φθονεροῦ
2464 5526 2720 5597 δαίμονος
2770 5526 2949 5579 κοινὸν
2996 5525 3286 5595 ἀναστήσω
3317 5525 3377 5577 τὸ
3413 5523 3677 5594 τρόπαιον
3701 5538 3717 5552 ⁸

2140 5618 2198 5680 ὃς
2227 5618 2332 5671 τῶν
2390 5618 2755 5689 παλαμναίων
2792 5617 3070 5689 τυράννων
3120 5618 3363 5671 ἐκποδὼν
3417 5617 3493 5679 ὡς
3551 5614 3719 5685 τάχος
