3972 6200
216 220 285 282 £9
1149 209 1756 272 ECCLESIAS'I‘ICrE
1803 210 1809 266 l

1911 208 2115 265 5T0“!
2137 209 2190 263 ,ἒξ
2233 209 2375 268 LIB.
2420 207 2581 266 Vill.
3403 212 3472 271 τί)

213 335 632 408 γεγενημένων,
663 329 712 384 οἳ
741 332 810 384 τὰ
837 329 964 399 φίλα
993 328 1188 398 ἐκείνῳ
1225 325 1365 397 ἦσαν
1391 326 1792 395 διαπραττόμε-

1914 338 2016 390 pne
2043 323 2194 376 vobis
2223 324 2364 375 inest
2403 323 2596 392 gratia,
2674 330 2902 375 cunctos
2959 319 3234 389 redigatis.
3283 330 3334 374 et
3381 323 3474 376 do-

213 445 320 490 νοι,
358 425 754 495 ἀμηχανήσας,
786 422 877 474 τὸν
916 421 1180 490 ἐμφύλιον
1207 419 1418 472 τουτονὶ
1460 418 1696 486 πόλεμον
1736 418 1802 470 ἂν

213 519 498 590 ἐρρίπισε.
545 513 800 583 νεμεσῶν
837 513 926 564 ἀεὶ
958 514 1050 564 καὶ
1084 513 1193 573 τοῖς
1225 512 1518 579 ἡμετέροις
1561 509 1804 562 ἐπιτιθέ-

216 627 385 679 μενος
414 609 664 673 ἀγαθοῖς.
701 605 792 658 Διδ
831 607 1024 674 δέομαι
1058 604 1132 668 ὡς
1173 602 1308 655 Θεοῦ
1348 603 1636 672 παρόντος,
1673 602 1800 654 ἕκα-

216 719 344 761 στος
379 699 682 770 διαρρίψας
729 699 785 749 εί
821 716 874 749 τι
912 697 1073 765 ἄχθος
1130 695 1375 764 ἐντριϐὲν
1407 695 1540 762 ἔχει,
1595 690 1672 760 τῷ
1703 695 1800 758 τῆς

217 793 409 859 κοινῆς
461 790 717 858 ὁμονοίας
769 787 1014 856 προσίτω
1049 784 1221 853 καλῷ.
1269 783 1421 851 Μηδέ
1456 783 1564 850 γὰρ
1613 780 1678 833 ἂν
1735 781 1802 832 τὰ

221 887 389 938 κοινά
417 882 593 942 καλῶς
621 880 769 948 ἔχειν
797 878 995 932 οἰέσθω
1034 894 1140 939 τις,
1167 878 1276 928 τῶν
1305 875 1426 928 καθ’
1455 875 1600 941 ὑμᾶς
1629 871 1804 934 οὕτως

225 972 290 1022 ἐν
328 971 548 1022 στάσεσι
575 966 937 1018 καθεστώτων
971 964 1067 1018 καὶ
1111 963 1422 1032 διχονοίαις.
1459 960 1570 1014 Καὶ
1601 960 1709 1029 γὰρ
1738 959 1804 1010 ἂν

234 1064 319 1131 εἴη
363 1063 527 1114 δεινὸν
561 1060 652 1113 καὶ
707 1061 817 1111 τῶν
851 1058 991 1126 ἄγαν
1023 1059 1261 1116 ἀτόπων,
1295 1057 1344 1109 εἰ
1373 1056 1485 1108 τῶν
1525 1055 1804 1122 πολεμίων

227 1155 376 1208 οὕτω
415 1152 852 1215 καταλυθέντων,
885 1151 1101 1211 οὐδενὸς
1127 1151 1172 1202 δ’
1202 1150 1282 1202 ἔτι
1307 1149 1649 1202 ⁵ἀντιτείνειν
1685 1149 1805 1199 τολ-

225 1246 463 1314 μῶντος,
498 1244 642 1311 ὑμᾶς
672 1241 797 1294 κατ’
842 1242 1092 1310 ἀλλήλων
1123 1240 1438 1304 ὁπλίζεσθαι
1466 1255 1482 1270 ⁹
1517 1239 1610 1292 καὶ
1650 1237 1805 1291 τοῦτό

219 1354 285 1405 γε
311 1337 394 1398 είς
435 1336 633 1404 ἡδονὴν
660 1335 996 1387 καθεστάναι
1035 1333 1142 1384 τῶν
1172 1335 1301 1384 πολε
1310 1337 1447 1400 μῖων
1475 1333 1567 1384 καὶ
1607 1333 1806 1401 εἴρωνα

220 1429 442 1496 γέλωτα
469 1445 485 1458 ο
520 1427 613 1479 καὶ
637 1427 812 1478 ταῦτα
841 1426 969 1493 περὶ
994 1425 1156 1478 θείων
1181 1424 1604 1492 διαλεγομένους
1627 1440 1806 1492 πραγ-

223 1519 446 1589 μάτων,
482 1513 565 1579 οἷς
601 1520 634 1586 ὴ
665 1518 759 1570 τοῦ
803 1515 1115 1584 Πνεύμάτος
1153 1515 1473 1568 διδασκαλία
1504 1515 1804 1585 διαρρήδην

218 1614 544 1679 εἰσηγεῖται
573 1609 631 1660 τὸ
659 1610 930 1677 ποιητέον.
964 1608 1038 1660 ’Ἡ
1068 1624 1126 1659 τε
1153 1608 1260 1676 γὰρ
1285 1607 1394 1660 τῶν
1425 1607 1588 1676 ιερῶν
1621 1607 1801 1673 Εὐαγ-

1905 415 2098 468 etrime
2132 414 2481 466 concordiam
2508 413 2780 466 reducatis
2831 411 2921 464 Sic
2946 413 3092 464 enim
3108 411 3349 465 futurum
3366 425 3470 477 est,

1906 514 1966 560 ut
1997 520 2097 573 ego
2127 521 2249 559 cum
2283 517 2389 558 tam
2437 505 2708 572 frequenti
2746 512 2802 557 et
2857 519 3012 557 sacro
3065 513 3206 556 emtu
3263 515 3466 568 vestro,

1905 607 2100 650 contra
2128 597 2371 650 invidum
2395 595 2694 650 daunonem
2729 610 3018 649 commune
3067 605 3300 650 statuam
3362 608 3472 648 tro-

1911 705 2109 759 paeum,
2141 691 2234 757 qui
2279 688 2550 756 pestiferis
2603 687 2713 740 illis
2745 690 3010 757 tyrannis,
3045 704 3278 757 quorum
3306 702 3469 757 Opera

1910 781 1966 834 in
2002 783 2168 837 rebus
2197 782 2458 834 omnibus
2483 789 2659 835 estex
2688 782 2960 834 sententia
3008 796 3164 846 usus,
3199 797 3360 850 quam
3387 798 3475 835 cc-

1905 874 2128 928 lerrime
2162 891 2193 928 e
2234 873 2414 926 medio
2441 874 2687 937 sublatis,
2721 888 2902 926 rerum
2928 887 3147 926 suarum
3199 882 3474 939 satagens,

1907 965 2232 1019 intestinum
2264 966 2367 1019 hoc
2388 965 2686 1018 commovit
2713 964 2939 1026 bellum,
2977 963 3232 1016 invidens
3259 979 3475 1031 semper

1904 1066 1959 1113 et
1991 1058 2154 1112 rebus
2183 1060 2385 1111 nostris
2404 1057 2681 1125 prosperis
2708 1057 3022 1110 imminens.
3049 1055 3202 1121 Quod
3231 1070 3330 1124 ego
3357 1070 3472 1117 vos,

1910 1159 2167 1218 tanquam
2195 1149 2306 1202 Deo
2341 1158 2632 1217 przesentc,
2663 1163 2782 1210 oro,
2811 1147 2970 1217 567
3007 1155 3066 1200 ut
3089 1163 3185 1215 pro
3237 1162 3294 1200 se
3323 1146 3476 1213 quis-

1908 1258 2042 1312 que,
2075 1257 2138 1296 ea
2171 1257 2291 1310 qua;
2326 1241 2570 1295 animum
2627 1241 2744 1310 ejus
2771 1243 2921 1307 angit
2951 1241 3201 1294 molestia
3240 1239 3472 1307 abiecta,

1910 1347 1974 1385 se
1995 1331 2062 1385 ad
2119 1331 2426 1385 communis
2451 1332 2759 1384 concordia:
2786 1332 3134 1385 commodum
3191 1335 3474 1399 adiungat.

1908 1425 2092 1492 Neque
2129 1423 2271 1476 enim
2305 1423 2595 1491 quisquam
2629 1433 2870 1476 vestrum
2895 1433 3050 1491 putet
3085 1424 3472 1491 rempublicam

1908 1519 2013 1570 rite
2040 1515 2412 1568 administrari
2443 1530 2623 1582 posse.
2672 1516 2716 1569 si
2751 1531 2847 1569 vos
2877 1515 2948 1567 ita
3009 1515 3376 1569 seditionibus
3421 1527 3477 1570 et

1909 1607 2155 1662 dissidiis
2199 1605 2656 1675 digladiabimini.
2693 1606 2760 1658 Et
2798 1605 3043 1675 profecto
3087 1621 3253 1674 grave
3287 1607 3474 1659 admo-

217 1703 427 1770 γελίων
482 1699 689 1771 γραφὴ,
724 1701 796 1751 τά
841 1715 900 1751 τε
956 1699 1064 1752 τῶν
1103 1697 1418 1750 ἀποστόλων
1469 1697 1807 1748 θεόπνευστα

1913 1700 2043 1754 dum
2073 1708 2129 1752 et
2158 1698 2459 1752 absurdum
2490 1695 2677 1760 fuerit,
2718 1697 2969 1753 hostibus
2994 1699 3104 1766 jam
3137 1699 3297 1754 victis
3349 1714 3472 1753 cum

222 1795 479 1863 ῥήματα,
513 1792 646 1862 πρὸς
686 1792 781 1844 ἐπὶ
815 1790 1023 1853 τούτοις
1053 1791 1110 1844 δὲ
1148 1793 1240 1843 καὶ
1275 1790 1572 1860 προφητῶν
1601 1790 1806 1858 ἀρχαῖα

221 1884 582 1952 θεσπίσματα
609 1881 797 1950 σαφῶς
824 1879 860 1934 ἃ.
882 1877 1078 1950 χρῆναι
1101 1881 1231 1951 περὶ
1255 1878 1391 1932 Θεοῦ
1426 1879 1607 1946 λέγειν
1628 1895 1688 1931 τε
1713 1879 1806 1930 καὶ

222 1977 446 2044 φρονεῖν
479 1975 628 2042 ἡμᾶς
655 1972 1053 2026 ἐκδιδάσκουσι.
1089 1972 1200 2024 Καὶ
1238 1971 1419 2024 τοίνυν
1450 1969 1548 2040 τὴν
1582 1969 1699 2038 ἔριν
1729 1969 1806 2033 ὡς

221 2070 567 2140 πορρωτέρω
618 2067 898 2136 βαλόντες,
929 2068 962 2136 ἠ
1016 2065 1108 2118 τὸν
1141 2065 1287 2132 ίερδν
1331 2063 1520 2117 τοῦτον
1566 2064 1810 2132 πόλεμον

222 2162 541 2230 ἀνηρέθισε,
570 2161 688 2222 τοῖς
734 2159 1048 2228 θεορῤήτοις
1077 2158 1371 2226 διδάγμασι
1421 2157 1531 2211 τῶν
1560 2157 1810 2226 ἀμφηρί-

229 2267 375 2304 στων
413 2251 515 2320 τὴν
558 2249 715 2304 λύσιν
765 2250 1112 2320 ζητήσωμεν.
1153 2250 1260 2302 Καί
1303 2266 1362 2316 ys
1414 2248 1592 2319 ῥᾳδία,
1641 2248 1716 2310 ῶς
1745 2264 1808 2316 γε

227 2337 410 2409 οἶμαι,
445 2341 710 2409 ἐσεῖταιη
745 2339 985 2410 εὕρεσις,
1014 2341 1172 2409 είπερ
1209 2339 1553 2408 βουλοίμεθα.
1591 2359 1608 2389 ι

1914 1807 2081 1845 nemo
2114 1799 2303 1844 contra
2335 1789 2435 1842 niti
2475 1789 2694 1851 audeat,
2724 1804 2820 1844 vos
2854 1789 3021 1844 armis
3051 1791 3196 1844 inter
3218 1807 3312 1845 vos
3341 1807 3476 1846 con-

1915 1881 2163 1945 tendere,
2197 1895 2530 1948 causamque
2565 1881 2803 1935 inimicis
2833 1897 2896 1935 ea
2928 1896 2985 1934 re
3021 1882 3268 1951 praebere
3322 1885 3477 1938 voln-
3545 1881 3552 1885 λ

1915 1973 2083 2042 ptatis
2111 1982 2167 2026 et
2195 1972 2392 2026 ir0nici
2418 1971 2748 2041 subdolique
2774 1973 2935 2035 risus,
2983 1972 3146 2042 idque
3209 1975 3276 2030 de
3313 1977 3477 2030 rebus

1913 2065 2118 2120 divinis
2155 2063 2517 2130 disserentes,
2550 2080 2690 2133 quos
2724 2063 2968 2118 doctrina
2995 2065 3232 2134 Spiritus
3293 2080 3479 2136 aperte

1917 2158 2049 2228 quid
2074 2157 2145 2211 sit
2174 2157 2485 2211 faciendum
2505 2158 2688 2212 docet.
2719 2159 3009 2212 Sacrorum
3040 2175 3276 2230 namque
3308 2161 3479 2214 Evan-

1915 2252 2182 2320 geliorum
2205 2251 2498 2320 scriptura,
2529 2261 2586 2305 et
2611 2251 2984 2320 apostolorum
3011 2252 3280 2306 divinitus
3309 2255 3478 2322 inspi-
3549 2307 3566 2320 χ

1918 2350 2036 2394 rata
2062 2341 2250 2405 verba,
2289 2341 2355 2393 ad
2406 2340 2520 2394 haec
2569 2340 2748 2409 prisca
2811 2356 3028 2409 quoque
3083 2343 3474 2411 prepltetarum

226 2437 480 2499 oracula,
529 2437 818 2490 manifeste
849 2451 946 2490 nos
976 2451 1100 2504 qua:
1154 2435 1220 2489 de
1253 2431 1363 2490 Deo
1397 2446 1453 2490 et
1509 2435 1692 2489 dicere
1747 2444 1802 2487 et
1841 2437 2048 2490 sentire
2109 2445 2383 2504 oporteat.
2449 2436 2741 2489 erudiunt.
2819 2436 3030 2505 Itaque,
3101 2453 3220 2505 quae
3260 2453 3473 2490 sacrum

231 2532 336 2585 hoc
388 2532 614 2584 bellum.
642 2531 921 2595 excitavit,
959 2532 1311 2586 contentione
1346 2548 1507 2600 quam
1540 2532 1860 2602 longissime
1901 2532 2066 2585 missa
2108 2533 2269 2594 facta,
2312 2530 2516 2584 divinis
2554 2530 2823 2584 doctrinis
2859 2531 3354 2584 controversiarum
3397 2532 3477 2584 in-

224 2627 519 2695 quiramus
557 2625 924 2692 decisioncm;
955 2627 1098 2695 quod
1129 2642 1258 2681 sane
1295 2627 1640 2680 commodum
1670 2628 1827 2683 nobis
1869 2637 1924 2682 ct
1964 2628 2185 2681 inventu
2223 2626 2379 2680 facile
2405 2625 2533 2690 erit,
2557 2626 2600 2680 si
2637 2625 2991 2680 voluerimus.
3022 2643 3041 2676 ι

822 2763 1070 2816 ΚΕΦᾹΛ.
1125 2761 1222 2816 1Ζ’.

2473 2759 2696 2815 CAPUT
2732 2757 2918 2814 Χνιη.

228 2873 372 2944 Περι
393 2869 485 2928 ὧν
518 2867 556 2939 ἡ
609 2870 870 2934 σύνοδος
920 2871 1100 2937 ὥρισε
1121 2888 1135 2902 ·
1191 2871 1286 2925 καί
1317 2872 1451 2939 περὶ
1498 2873 1604 2926 τοῦ
1633 2872 1806 2940 ἁγίου

1912 2872 1988 2926 De
2011 2870 2193 2942 quibus
2225 2868 2377 2922 rebus
2407 2869 2634 2944 synodus
2663 2868 2870 2920 decreta
2891 2869 3111 2944 fecerit,
3135 2877 3186 2921 et
3217 2868 3280 2921 de
3298 2875 3478 2921 sancto

837 2944 1175 3004 συμϐόλου.

301 3059 496 3112 Ταῦτα
528 3058 585 3109 δὲ
635 3056 830 3110 καὶτὰ
877 3057 1091 3120 τούτοις
1123 3058 1499 3127 ιπαραπλήσια
1549 3053 1637 3111 οἷα
1679 3058 1811 3120 παῖς

233 3149 562 3220 φιλοπάτωρ
607 3152 719 3212 τοῖς
779 3149 1020 3218 ἱερεῦσιν
1057 3148 1130 3212 ὡς
1182 3151 1420 3220 πατράσι
1459 3151 1808 3220 προσφέρων,

232 3244 332 3312 τὴν
382 3241 750 3309 ἀποστολικὴν
808 3241 1126 3310 συμφωνίαν
1151 3241 1624 3310 ἐπραγματεύετο.
1665 3241 1814 3292 Ἐπι-

235 3334 507 3404 συνείρων
547 3333 605 3386 δὲ
645 3334 742 3386 ml.
772 3333 926 3398 ἄλλα,
955 3331 1080 3401 ἐξῆς
1112 3333 1356 3403 περὶτοῦ
1383 3334 1654 3400 δόγματος
1683 3332 1816 3385 ἀνα-

235 3428 409 3479 κινεῖν
436 3427 708 3494 ἐπέτρεπε
742 3428 842 3494 τὴν
871 3425 1128 3490 διάλεξιν.
1155 3425 1264 3478 Καὶ
1293 3425 1576 3494 παρήγετο
1607 3425 1706 3492 μὲν
1733 3425 1814 3485 είς

238 3516 406 3583 μέσον
441 3515 468 3566 ὁ
504 3515 760 3585 ’Ἄρειος⁸
817 3512 913 3566 καὶ
957 3515 1065 3566 τῶν
1115 3515 1308 3584 ἐκείνῳ
1358 3511 1813 3583 προϐαλλομένων

232 3607 474 3675 ἀκριϐὴς
505 3608 539 3675 ἡ
558 3606 794 3675 βάσανος
811 3600 877 3675 ἦν
901 3622 916 3636 ο
949 3605 1310 3674 ἐφυλάττοντό
1333 3623 1399 3674 γε
1427 3606 1533 3676 μὴν
1558 3605 1812 3675 προπετῆ

233 3700 337 3769 τὴν
373 3699 554 3767 ψῆφον
599 3698 692 3750 ἐπὶ
725 3697 958 3765 θάτερον
1001 3698 1178 3764 ἄγειν.
1215 3693 1316 3751 Οἷα
1356 3698 1403 3750 δ’
1434 3700 1492 3751 ὲν
1541 3697 1617 3767 τῷ
1646 3697 1814 3773 τρίτῳ

235 3792 382 3862 πρὸς
433 3790 842 3842 Κωνσταντίνον
880 3789 1070 3859 βιϐλίῳ
1113 3790 1207 3844 καὶ
1253 3789 1382 3858 περὶ
1416 3790 1621 3843 τούτων
1649 3792 1812 3858 φησὶν

235 3888 263 3938 ὁ
293 3884 587 3946 Εὐσέϐιος,
632 3879 810 3952 χρεὼν
847 3882 1095 3936 διελθεῖν.
1138 3900 1157 3934 ι
1200 3882 1475 3935 Πλείστων
1499 3883 1562 3952 δὴ
1591 3883 1700 3934 τῶν
1723 3881 1816 3950 ὑφ’

237 3979 421 4045 ἑτέρῳ
469 3975 710 4042 τάγματι
742 3974 1200 4043 προτεινομένων,
1234 3975 1433 4043 πολλῆς
1472 3992 1530 4028 τε
1583 3974 1815 4042 ἀμφιλο-

237 4065 369 4129 γίας
396 4061 464 4112 τὰ
485 4061 676 4130 πρῶτα
704 4062 1124 4130 συνισταμένης,
1154 4061 1484 4125 ἀνεξικάκως
1506 4063 1815 4130 ἐπηκροᾶτο

235 4155 264 4204 ὁ
293 4149 558 4222 βασιλεὺς
591 4150 699 4202 τῶν
739 4152 978 4215 πάντων,
1015 4151 1180 4222 σχολῇ
1204 4169 1262 4203 τε
1301 4153 1502 4222 εὐτόνῳ
1535 4150 1632 4212 τὰς
1679 4170 1816 4224 προ-

236 4245 428 4304 τάσεις
482 4243 815 4311 ὑπεδέχετο·
849 4244 906 4295 ἐν
957 4243 1113 4314 μέρει
1169 4260 1227 4296 τε
1270 4244 1811 4312 ἀντιλαμϐανόμενος

238 4336 349 4387 τῶν
400 4332 534 4401 παρ’
588 4332 851 4401 ἐκατέρου
906 4334 1184 4403 τάγματος
1238 4334 1569 4402 λεγομένων,
1629 4335 1815 4404 ἡρέμα

242 4427 448 4494 συνῆγε
501 4425 629 4488 τοὺς
682 4425 998 4494 φιλονείκως
1034 4425 1423 4494 ἐνισταμένους
1449 4441 1462 4455 ·
1498 4427 1716 4494 πραέως
1757 4442 1814 4476 τε

241 4519 576 4584 ποιούμενος
604 4517 702 4579 τάς
739 4516 876 4585 πρὸς
905 4517 1134 4569 ἕκαστον
1163 4517 1399 4586 ὁμιλίας,
1430 4516 1720 4586 ἑλληνίζων
1753 4534 1812 4569 τε

241 4613 306 4678 τῇ
341 4611 518 4678 φωνῇ,
546 4609 630 4660 ὅτι
657 4607 792 4678 μηδέ
826 4606 1029 4676 ταύτης
1063 4607 1292 4676 ἀμαθῶς
1320 4603 1456 4676 εἶχε,
1483 4607 1816 4674 γλυκύτερὸς

241 4717 324 4761 τις
362 4697 422 4767 ἦν
457 4700 550 4750 καὶ
595 4699 748 4768 ἡδὺς,
786 4697 912 4760 τοὺς
951 4699 1051 4768 μὲν
1096 4700 1431 4768 συμπείθων,
1461 4701 1587 4762 τοὺς
1632 4701 1689 4752 δέ
1718 4702 1814 4751 καὶ

243 4791 472 4843 σιωπῶν
504 4790 581 4859 τῷ
604 4791 768 4859 λόγῳ,
803 4789 928 4852 τοὺς
955 4791 998 4843 δ’
1021 4785 1080 4843 εὖ
1106 4790 1362 4857 λέγοντας
1389 4791 1650 4857 ἐπαινῶν,
1683 4792 1818 4845 πάν-

239 4900 346 4944 τας
382 4897 442 4933 τε
473 4884 551 4944 εἰς
587 4881 845 4951 ὁμόνοιαν
894 4881 1154 4945 ἐλαύνων,
1188 4883 1579 4952 ὁμογνώμονάς
1614 4901 1674 4937 τε
1717 4885 1814 4937 καὶ

237 4973 532 5046 ὁμοδόξους
565 4975 764 5036 αὐτοὺς
789 4973 880 5026 ἐπὶ
906 4976 1016 5036 τοῖς
1047 4973 1585 5044 ἀμφισϐητουμένοις
1610 4975 1812 5029 ἅπασιν

238 5067 542 5120 ἐπιτοαυτδ
571 5068 943 5134 κατεστήσατο
971 5079 984 5094 ⁸
1026 5068 1100 5129 ὡς
1137 5068 1432 5137 ὁμοφώνως
1464 5070 1563 5139 μὲν
1607 5071 1812 5140 κρατῆ-

242 5175 338 5210 σαι
374 5157 478 5224 τὴν
511 5159 714 5220 πίστιν,
760 5156 859 5227 τῆς
887 5157 942 5210 δὲ
991 5161 1260 5228 σωτηρίου
1292 5161 1483 5230 ἑορτῆς
1524 5161 1615 5212 τὸν
1650 5161 1812 5213 αὐτὸν

239 5249 395 5319 παρά
447 5250 559 5312 τοῖς
595 5251 762 5302 πᾶσιν
812 5250 1214 5322 ὁμολογηθῆναι
1260 5253 1472 5320 καιρόν.
1518 5253 1812 5322 Ἐκυροῦτὸ

234 5361 296 5395 τε
339 5341 443 5414 ήδη
483 5345 581 5398 καὶ
629 5343 921 5413 ἐγγράφως
949 5342 1017 5396 δι’
1065 5343 1524 5414 ὑποσημειώσεως
1578 5345 1808 5398 ἐκὰστου

231 5438 304 5487 τὰ
335 5437 493 5504 κοινῇ
534 5434 854 5505 δεδογμένα.
885 5456 904 5489 ι

2390 2939 2515 3006 ﬁdei
2546 2949 2739 2992 nostra:
2766 2940 3022 3008 symbolo.

1981 3053 2107 3109 Ilaec
2145 3053 2243 3119 illi,
2275 3063 2370 3108 aut
2399 3062 2548 3109 certe
2592 3052 2744 3106 hisce
2777 3051 3002 3115 similia,
3043 3051 3210 3106 veluti
3244 3051 3368 3119 pius
3420 3053 3480 3105 li-

1912 3147 2040 3210 lius,
2088 3147 2155 3201 ad
2208 3147 2519 3215 episcopos,
2579 3156 2838 3214 tanquam
2892 3155 3095 3214 patres,
3159 3145 3314 3199 dixit.
3361 3146 3478 3198 Alia

1912 3253 2132 3308 quoque
2165 3238 2399 3302 addidit,
2428 3237 2629 3307 quibus
2655 3237 3081 3306 disputationem
3115 3238 3183 3292 de
3229 3237 3478 3291 doctrina

1914 3329 2120 3384 moveri
2158 3330 2427 3399 permisit,
2447 3329 2806 3399 apostolicam
2833 3328 3187 3382 concordiam
3214 3328 3476 3382 inducere

1914 3423 2159 3479 studens.
2183 3423 2250 3476 Et
2288 3423 2591 3490 productus
2616 3430 2698 3475 est
2734 3424 2786 3475 in
2821 3421 3062 3475 medimn
3099 3421 3282 3486 Arius,
3312 3432 3477 3490 atque

1914 3516 1982 3570 de
2015 3517 2098 3570 eis
2132 3530 2252 3584 qua:
2273 3515 2340 3568 ab
2369 3517 2487 3583 ipso
2509 3515 2561 3567 in
2594 3514 2954 3582 quaestionem
2978 3511 3212 3566 deducta
3237 3512 3477 3575 fuerant,

1913 3610 2147 3678 diligens
2194 3615 2250 3658 et
2289 3613 2547 3660 accurata
2601 3605 2918 3674 disquisitio
2969 3604 3134 3658 facta.
3184 3605 3242 3658 In
3288 3607 3481 3674 primis

1914 3715 2049 3754 vero
2070 3698 2369 3752 cavebatur
2407 3712 2474 3750 ne
2521 3705 2722 3752 temere
2768 3707 2931 3766 atque
2972 3697 3379 3767 praecipitanter
3423 3699 3476 3751 in

1914 3793 2232 3847 alterutram
2285 3798 2493 3861 partem
2550 3790 2839 3842 sententia:
2900 3787 3301 3858 proferrentur.
3350 3787 3480 3853 Qua:

1913 3899 2081 3953 porro
2123 3882 2276 3936 hisce
2314 3884 2382 3938 de
2437 3883 2603 3936 rebus
2661 3885 2716 3935 in
2750 3880 2915 3934 tertio
2945 3880 3012 3934 ad
3046 3881 3476 3934 Constantinum

1913 3976 2056 4029 libro
2084 3976 2357 4029 Eusebius
2392 3983 2684 4037 memoret,
2730 3972 3015 4027 referenda
3045 3971 3258 4028 censui.
3297 3989 3314 4022 ι
3357 3972 3483 4026 Pitt-

1916 4069 2074 4122 rimis
2115 4082 2245 4122 sane
2285 4067 2622 4136 argumentis
2665 4082 2694 4118 a
2729 4075 2884 4135 parte
2925 4066 3096 4118 altera
3124 4064 3372 4133 prolatis,
3418 4081 3482 4120 ac

1840 4176 1890 4236 ι)
1919 4161 2086 4214 multa
2123 4160 2356 4228 primum
2388 4159 2759 4228 disputatione
2791 4158 2922 4211 hinc
2945 4168 3001 4212 et
3035 4157 3160 4214 inde
3202 4157 3479 4224 instituta,

1917 4252 2190 4322 patienter
2227 4249 2522 4303 admodum
2572 4250 2756 4303 omnia
2811 4249 3020 4303 audivit
3075 4249 3393 4318 imperator.
3429 4263 3483 4303 rt

1915 4346 2124 4399 intenta
2155 4342 2437 4411 diligentia
2480 4343 2786 4411 propositas
2816 4342 3146 4410 quaestiones
3173 4343 3436 4395 sustinuit
3465 4360 3478 4394 :

1913 4437 2252 4504 scorsimque
2304 4435 2504 4488 deinde
2541 4449 2664 4504 quae
2713 4435 2781 4489 ab
2831 4446 3064 4504 utraque
3104 4434 3480 4488 efferebantur

1914 4536 2065 4596 parte
2093 4527 2396 4595 excipiens,
2429 4527 2698 4594 paulatim
2748 4542 2844 4580 eos
2876 4527 2972 4594 qui
3006 4527 3201 4579 ardere
3249 4536 3485 4579 conten-

1916 4614 2082 4668 tionis
2133 4614 2318 4668 acrius
2385 4614 2745 4678 ferebantur,
2793 4615 3122 4678 conciliavit,
3171 4623 3227 4666 et
3263 4615 3485 4681 placide

1914 4723 2039 4761 cum
2103 4722 2437 4776 unoquoque
2495 4722 2702 4774 agens,
2767 4719 2928 4774 atque
2981 4705 3170 4759 Graeco
3224 4722 3486 4759 sermone-

1915 4810 2098 4860 utens,
2129 4798 2275 4867 quod
2307 4808 2362 4851 et
2397 4798 2559 4867 hujus
2587 4797 2874 4866 imperitus
2912 4813 3017 4850 non
3059 4807 3225 4862 esset,
3253 4813 3484 4851 suavem

1912 4897 1968 4943 et
1997 4888 2292 4957 iucundum
2327 4903 2388 4943 se
2431 4888 2702 4942 exhibuit.
2738 4887 2805 4941 Et
2857 4887 2942 4941 bis
2977 4888 3199 4956 quidem
3249 4903 3474 4956 persua-

1912 4980 2072 5042 dens,
2098 4980 2205 5034 illis
2238 4996 2368 5034 vero
2411 4995 2665 5034 sermone
2694 4980 2972 5034 silentium
3021 4981 3308 5050 imponens
3331 5021 3344 5044 ,
3379 4999 3484 5035 nec

1913 5088 2022 5126 non
2081 5081 2226 5126 recta
2279 5072 2527 5126 dicentes
2567 5071 2813 5138 laudans,
2844 5073 3008 5144 568
3057 5089 3250 5128 omnes
3294 5085 3484 5128 autem

1911 5164 1979 5218 ad
2017 5164 2370 5217 concordiam
2402 5166 2669 5230 excitans,
2715 5167 2768 5219 in
2799 5168 3045 5220 eam-lem
3073 5167 3387 5237 opinionem
3421 5179 3482 5218 ιιι.

1915 5255 2245 5308 sententiam
2292 5257 2360 5310 de
2418 5258 2583 5311 rebus
2621 5259 2674 5312 in
2725 5261 3164 5314 controversiam
3220 5261 3485 5314 deductis.

1912 5348 2168 5400 omnibus
2227 5363 2419 5402 omnes
2474 5350 2749 5418 perduxit,
2795 5352 2864 5405 ita
2919 5362 2975 5406 ut
3029 5354 3080 5406 in
3130 5352 3482 5421 professione

1911 5440 2102 5492 eadem
2145 5441 2270 5494 fidei
2322 5445 2730 5508 consentirent,
2759 5454 2816 5497 et
2853 5446 3056 5497 eodem.
3081 5455 3324 5512 tempore
3359 5462 3478 5496 om-

232 5549 334 5588 uel
369 5548 436 5588 se
471 5532 816 5589 salutiferum
846 5535 1040 5590 festum
1113 5535 1486 5592 celebraturos
1561 5537 1966 5607 profiterentur.
2017 5539 2240 5594 Ιὶυοτειιι
2269 5558 2487 5610 quoque
2516 5545 2826 5596 emnmunia
2876 5543 2928 5594 in
2967 5546 3230 5610 scalptum
3279 5544 3474 5606 relata,

229 5637 287 5681 et
315 5624 756 5697 uniuscujusque
785 5627 1188 5698 subscriptione
1216 5629 1484 5684 roborata.
1519 5651 1535 5682 ι
