3972 6200
546 250 614 312 71
1486 216 1489 219 ’
1751 246 2167 305 MCEPIIURI
2213 246 2565 306 cauas“
3728 254 3807 314 ῃ

612 361 736 416 Haec
774 369 1063 430 propterea
1098 362 1189 416 hic
1221 360 1450 420 inserui,
1486 368 1539 412 ut
1580 359 1938 427 professionis
1975 356 2089 409 ﬁdei

2275 358 2459 410 Ταῦτα
2489 360 2543 411 δὲ
2578 359 2921 427 παρεθέμην,
2952 362 3016 412 ἵν’
3051 363 3081 429 ἡ
3111 362 3388 429 μαρτυρία
3433 363 3522 431 τῆς
3553 365 3807 427 πίστεως

537 453 912 508 testimonium
964 452 1129 505 etiam
1183 453 1252 505 ab
1307 451 1547 505 hostium
1598 449 1944 503 conte-Srione
1990 462 2107 501 mo-

535 555 778 598 mentum
809 553 865 597 et
893 543 1104 612 pondus
1135 542 1352 611 aliquod
1377 543 1597 605 haheat,
1631 557 1698 594 ne
1722 540 1844 605 quis
1866 541 2105 607 obiicere

532 645 630 689 aut
664 635 907 688 cavillari
964 643 1164 702 queat,
1212 635 1408 688 idiotas
1474 644 1528 685 et
1584 631 1833 685 indoctos
1877 645 2105 699 prorsus

531 725 725 788 fuisse,
754 725 845 793 qui
900 740 1019 778 eam
1082 725 1141 778 in
1202 725 1467 793 scriptum
1520 722 1777 776 retulere.
1838 741 1857 771 ι
1897 722 2101 775 Eorqu

514 816 705 879 'enim,
740 815 921 883 inquit
967 815 1260 878 Eusebius,
1309 815 1402 881 qui
1452 814 1641 867 Νίσαια
1699 823 2099 877 convenerunt,

531 921 816 960 servorum
843 906 960 967 Dei.
993 906 1084 959 alii
1108 906 1329 976 quidem
1361 906 1785 974 prmcelluerunt
1818 904 2103 973 sapientia:

531 1013 808 1060 sermone,
838 998 931 1051 alii
978 999 1099 1051 vita:
1149 999 1436 1066 gravitate.
1479 1014 1496 1046 ι
1553 996 1619 1049 Et
1662 996 1959 1064 imperator
1987 996 2100 1064 ipse

530 1103 789 1155 praesens,
822 1104 1015 1142 omnes
1040 1090 1113 1141 ita
1150 1089 1214 1141 ad
1242 1088 1589 1140 concordiam
1617 1086 1945 1154 producens,
1969 1101 2100 1140 con-

529 1180 832 1233 sentientes
881 1178 1086 1233 eII'ecit.
1123 1177 1379 1231 Sedeuiin
1416 1177 1688 1246 proiessio
1734 1175 1862 1230 ﬁdei
1904 1192 1933 1230 a
1988 1186 2098 1231 tre-

528 1271 703 1324 centis
732 1271 921 1324 decem
974 1280 1032 1324 et
1062 1279 1186 1323 octo
1220 1269 1493 1337 episcopis
1524 1269 1578 1321 in
1607 1268 1870 1336 scriptum
1903 1266 2093 1328 relata.

527 1371 697 1429 atque
719 1361 786 1414 ab
817 1362 1024 1414 eisdem
1054 1371 1111 1414 et
1138 1361 1298 1413 simul
1336 1375 1365 1412 a
1394 1359 1803 1428 sapientissimo
1825 1359 2095 1413 Constan-

527 1451 643 1502 tino
686 1450 1135 1503 adnotationibus
1182 1451 1522 1510 conﬁrmata.
1573 1466 1695 1519 quae
1748 1451 1914 1504 etiam
1946 1464 2094 1502 nunc

524 1540 785 1594 Ecclesiis
816 1540 946 1593 olim
978 1523 1175 1593 tradita
1212 1541 1448 1604 obtinet,
1471 1542 1539 1595 de
1574 1542 1741 1594 verbo
1768 1542 1836 1595 ad
1864 1543 2092 1595 verbum

523 1633 603 1684 sic
640 1632 876 1685 habebat
904 1649 917 1684 :
952 1651 971 1683 ι
1017 1631 1308 1686 Credimus
1337 1634 1388 1685 in
1424 1648 1591 1686 unum
1624 1633 1797 1687 Deum
1827 1674 1841 1698 ,
1875 1634 2089 1687 Patrem

2212 450 2306 502 καὶ
2339 450 2489 517 παρά
2517 448 2625 501 τῶν
2656 451 2866 519 ἐχθρῶν
2892 452 3005 520 ἔχοι
3033 451 3094 503 τὸ
3129 452 3344 520 βέϐαιον
3369 466 3385 481 ο
3413 453 3548 520 μηδέ
3582 470 3667 515 τις
3700 472 3813 505 κα-

2208 542 2465 609 τηγορεῖν
2494 541 2629 609 ἔχοι,
2665 542 2739 603 ὡς
2779 542 2985 594 ἰδιῶται
3017 539 3181 612 ἦσαν,
3214 543 3312 595 καὶ
3345 542 3510 611 μηδὲν
3564 546 3812 597 ἐπιστά-

2209 651 2364 703 μενοι
2386 636 2433 685 οί
2463 634 2766 703 ὲκθὲμενοι.
2805 655 2823 686 ι
2857 636 3073 689 Τούτων
3096 638 3226 707 γὰρ,
3248 639 3415 706 φησὶν
3443 640 3471 687 6
3501 638 3806 705 Εὐσέῦιος,

2205 723 2314 773 τῶν
2348 724 2404 774 ὲν
2444 722 2649 793 Νικαίᾳ
2691 724 2829 775 Θεοῦ
2871 725 3199 793 λειτουργῶν
3247 729 3295 779 οἱ
3352 726 3452 793 μὲν
3493 728 3813 797 διέπρεπον

2208 815 2401 879 σοφίας
2433 815 2595 883 λόγῳ,
2628 816 2675 867 οί
2704 816 2760 867 δὲ
2790 816 2903 883 βίου
2940 820 3262 887 στερρότητι
3290 834 3305 850 ⁸
3343 837 3363 869 ι
3398 822 3493 871 καὶ
3521 821 3604 872 ὅτι
3635 822 3665 872 ὁ
3699 820 3811 887 βαι

2206 905 2386 969 σιλεὺς
2425 906 2633 976 παρὼν,
2669 908 2878 969 πάντας
2907 912 2986 970 εἰς
3017 911 3271 977 ὁμόνοιαν
3294 910 3468 975 ἄγων,
3491 911 3808 977 ὁμοδόξους

2203 998 2556 1068 κατέστησεν.
2598 998 2671 1049 Ἥ
2699 1015 2760 1064 γε
2797 1000 2904 1067 μὴν
2952 1002 3103 1067 παρὰ
3141 1001 3249 1052 τῶν
3280 1002 3617 1068 τρακοσίων
3654 1003 3805 1054 δέκα

2203 1087 2294 1137 καὶ
2324 1085 2469 1138 ὀκτὼ
2502 1085 2837 1155 ἐξενεχθεῖσα
2880 1087 3082 1150 πίστις,
3114 1089 3147 1157 ἢ
3180 1090 3270 1140 καὶ
3308 1090 3425 1150 ταῖς
3461 1089 3808 1158 ἐκκλησίαις

2204 1178 2364 1247 μέχρι
2392 1177 2483 1229 καί¹
2509 1177 2603 1229 νῦν
2629 1178 2900 1229 ἐκδέδοται
2926 1178 3339 1246 πολιτευομένη,
3371 1180 3791 1245 ἀσφαλισθεῖσα

2199 1271 2319 1329 ταῖς
2354 1270 2594 1336 γραφαῖς
2647 1268 2755 1319 τῶν
2802 1269 3140 1333 ἐπισκόπων,
3204 1270 3300 1319 καὶ⁸
3356 1270 3801 1322 Κωνσταντίνου

2198 1357 2293 1407 τοῦ
2351 1356 2610 1424 θεοσόιρου
2662 1356 2951 1424 βασιλέως,
2991 1352 3137 1425 εἶχεν
3169 1357 3263 1408 ἐπὶ
3312 1356 3515 1419 λέξεως
3563 1358 3751 1421 οὕτως
3782 1375 3796 1388 ·

2204 1467 2223 1499 ι
2263 1450 2606 1517 Πιστεύομεν
2635 1450 2716 1510 είς
2752 1449 2848 1500 ἕνα
2895 1449 3026 1500 Θεὸν
3078 1450 3289 1517 πατέρα
3335 1451 3799 1517 παντοκράτορα,

2198 1537 2420 1589 πάντων
2452 1538 2665 1606 ὁρατῶν
2698 1542 2790 1590 καὶ
2832 1539 3081 1607 ἀοράτων
3118 1541 3384 1607 ποιητήν’
3417 1540 3509 1591 καὶ
3563 1541 3643 1601 είς
3688 1542 3801 1593 ἕνα

2200 1628 2402 1697 Κύριον
2445 1628 2652 1697 Ἰησοῦν
2698 1630 2935 1699 Χριστὸν
2968 1632 3059 1681 τὴν
3091 1632 3219 1683 Υίδν
3247 1632 3341 1683 τοῦ
3374 1632 3531 1698 Θεοῦ,
3583 1651 3799 1702 γεννη-

523 1727 974 1792 muuipotentem,
1007 1724 1304 1779 visibilium
1348 1734 1402 1778 et
1448 1724 1807 1778 invisibiliuin
1844 1725 2089 1778 omnium

2201 1717 2359 1771 θέντα
2390 1721 2454 1770 ἐκ
2484 1720 2577 1771 τοῦ
2633 1720 2866 1788 Πατρὺς,
2904 1723 3174 1789 μονογενῆ
3206 1737 3221 1752 ·
3257 1725 3541 1776 τουτέστιν
3587 1728 3651 1778 ἐκ
3682 1728 3797 1795 τῆς

524 1814 809 1870 factorem.
847 1815 916 1869 Et
957 1815 1010 1868 in
1036 1830 1202 1868 unum
1239 1815 1527 1867 Dominum
1563 1814 1753 1869 Jesum
1784 1814 2088 1878 ChriStum,

528 1905 723 1959 Filium
775 1906 889 1968 Dei,
941 1907 1186 1975 genitum
1215 1920 1281 1958 ex
1314 1906 1496 1968 Patre,
1537 1906 1876 1973 unigenitum
1912 1924 1925 1959 :
1986 1906 2091 1961 hoc

526 2008 631 2061 est,
662 2012 728 2050 ex
759 1997 1063 2051 substantia
1091 1997 1268 2051 Patris
1296 2013 1310 2050 :
1344 1997 1510 2050 Deum
1539 1997 1606 2051 de
1643 1998 1774 2059 Deo,
1807 1999 1993 2053 lumen
2022 1999 2091 2053 de

525 2086 752 2149 lumine,
794 2089 963 2141 Deum
1015 2104 1204 2141 verum
1239 2088 1307 2141 de
1352 2087 1461 2142 Deo
1494 2103 1647 2153 vero,
1677 2092 1946 2158 genitum,
1978 2107 2090 2145 non

523 2178 763 2239 factum;
798 2177 1319 2231 consubstantialem
1356 2177 1527 2239 Patri,
1562 2194 1661 2247 per
1698 2196 1861 2248 quem
1901 2184 2085 2235 omnia

525 2266 663 2318 tacta
689 2275 836 2319 sunt.
868 2265 968 2331 Qui
994 2276 1220 2336 propter
1243 2282 1343 2322 nos
1366 2268 1637 2333 homines,
1662 2282 1717 2324 et
1742 2281 1964 2340 propter
1984 2287 2090 2326 no-

522 2367 691 2410 stram
723 2357 976 2422 salutem,
1006 2358 1314 2421 descendit,
1346 2367 1402 2412 et
1445 2360 1763 2413 incarnatus
1789 2372 1893 2424 est,
1925 2363 2090 2415 homo

522 2449 700 2503 fictus
721 2460 776 2504 et
818 2466 1028 2517 passus,
1065 2459 1120 2505 et
1149 2452 1448 2506 resurrexit
1495 2452 1653 2505 tertia
1684 2452 1795 2505 die.
1825 2455 2093 2508 Ascendit

522 2540 578 2595 in
606 2544 795 2603 caelos.
815 2555 870 2596 et
893 2553 1156 2597 venturus
1178 2556 1263 2597 est
1286 2544 1533 2612 judicare
1556 2545 1708 2599 vivos
1734 2552 1792 2598 et
1818 2556 2085 2601 mortuos.

521 2633 588 2686 Et
619 2634 671 2687 in
704 2633 970 2702 Spiritum
1002 2642 1276 2688 sanctum.
1317 2634 1421 2699 Qui
1454 2644 1638 2688 autem
1667 2635 1879 2700 dicunt,
1916 2636 2089 2692 fuisse

519 2725 817 2792 aliquando
871 2735 1085 2792 tempus
1130 2740 1254 2779 eum
1296 2741 1404 2779 non
1433 2735 1600 2786 esset.
1632 2736 1727 2779 aut
1775 2742 1883 2780 non
1919 2728 2088 2782 fuisse

520 2818 840 2886 priusquam
871 2820 1089 2887 genitus
1122 2828 1288 2882 esset,
1326 2825 1417 2870 aut
1448 2834 1513 2870 ex
1550 2833 1661 2872 non
1692 2820 2089 2875 exsistentibus

521 2917 727 2962 tactum
757 2924 902 2973 esse,
937 2917 1027 2961 aut
1052 2924 1116 2961 ex
1147 2910 1252 2962 alia
1279 2908 1633 2962 subsistentia
1664 2910 1748 2963 vel
1772 2910 2081 2966 substantia

519 2996 729 3061 fuisse,
769 3007 859 3051 aut
898 3005 1140 3050 creatum
1166 3038 1181 3062 ,
1227 3009 1319 3051 aut
1364 2998 1651 3051 mutationi
1708 2999 2089 3057 alteratianive

520 3088 820 3143 obnoxium
856 3105 871 3143 :
908 3103 1005 3145 eos
1038 3092 1384 3147 anathemate
1413 3093 1539 3149 ferit
1568 3094 1835 3149 catholica
1863 3104 1919 3149 et
1958 3111 2092 3164 apo-

519 3180 712 3235 stolica
756 3180 997 3236 Ecclesia
1028 3183 1143 3237 Dei.
1179 3202 1198 3234 ι
1252 3183 1330 3236 Ad
1386 3185 1532 3239 hunc
1572 3186 1787 3240 modum
1835 3186 2092 3241 omnibus

517 3270 663 3326 inter
688 3287 747 3325 se
777 3273 1055 3334 convenit.
1086 3281 1139 3326 ut
1167 3272 1690 3330 consubstantialem
1716 3275 1864 3330 Patri
1890 3275 2089 3330 Filium

514 3376 638 3417 esse
681 3362 1046 3417 decernerent
1073 3373 1130 3417 et
1157 3379 1343 3419 sanam
1371 3364 1533 3420 [idem
1561 3366 2086 3436 complecterentur.

970 3477 1132 3549 569
1185 3478 1409 3534 CAPUT
1475 3478 1665 3533 XVIII.

515 3570 593 3624 De
652 3572 900 3641 episcopi:
959 3573 1048 3641 qui
1101 3588 1195 3640 per
1253 3572 1524 3624 dissidium
1578 3582 1759 3625 contra
1822 3574 2088 3628 decretum

583 3644 767 3712 synodi
817 3652 1120 3712 pugnarunt
1149 3659 1167 3695 :
1215 3651 1263 3695 ct
1302 3658 1416 3710 qum
1468 3652 1650 3695 contra
1700 3659 1785 3695 eos
1819 3645 2090 3714 ipsumque

584 3714 767 3766 Arium
799 3717 1028 3781 synodus
1057 3725 1103 3763 et
1137 3716 1245 3783 ipse
1293 3714 1580 3777 imperator
1608 3716 2012 3767 constituerunt.

585 3828 653 3881 At
688 3828 847 3896 pauci
892 3827 1186 3881 admodum
1243 3828 1355 3881 Arii
1409 3829 1705 3881 laudarunt
1747 3829 2088 3899 opinionem.

515 3918 683 3971 Paulo
724 3928 847 3987 post
876 3929 1051 3972 tamen
1092 3931 1147 3972 et
1187 3920 1288 3988 ipsi
1341 3918 1504 3973 ﬁdem
1547 3935 1670 3975 eam
1708 3920 2091 3990 approbaruut

459 4028 467 4088 _‘
514 4018 763 4083 (excepto
798 4012 1051 4067 Secundo
1081 4019 1137 4064 et
1169 4010 1413 4081 Theoua)
1440 4011 1537 4081 qui
1567 4014 1733 4065 etiam
1763 4013 2082 4082 ὀμοουσίου,

512 4102 996 4166 consubstantialts,
1027 4116 1217 4155 vocem
1246 4102 1746 4171 reprehenderunt.
1784 4104 1958 4158 Erant
1986 4120 2084 4157 au-

514 4210 622 4251 tem
665 4196 764 4250 hi:
812 4194 1083 4249 Eusebius
1114 4193 1451 4248 Nicomediae
1477 4235 1490 4257 ,
1536 4196 1813 4265 Theognis
1872 4196 2086 4260 Nicaeae,

514 4288 680 4343 Maris
715 4284 1101 4347 Chalcedonis,
1134 4282 1389 4339 Theonas
1413 4284 1767 4349 Marmaricae,
1796 4289 2090 4342 Secundus

2199 1807 2388 1867 οὐσίας
2419 1807 2511 1859 τοῦ
2561 1808 2772 1877 Πατρός
2796 1826 2809 1840 ο
2843 1810 2976 1862 Θεὸν
3006 1813 3068 1862 ἐκ
3099 1811 3256 1875 Θεοῦ,
3310 1814 3427 1878 φῶς
3470 1816 3533 1866 ὲκ
3579 1818 3795 1883 φωτὶς,

2200 1903 2332 1956 Θεὸν
2364 1903 2617 1973 ἀληθινὸν
2666 1906 2731 1957 ἐκ
2779 1904 2914 1957 Θεοῦ
2969 1905 3226 1973 ἀληθινοῦ
3255 1922 3270 1936 °
3318 1909 3680 1977 γεννηθέντα,
3723 1913 3788 1962 οὐ

2203 1995 2518 2064 ποιηθέντα,
2570 1994 2857 2064 ὀμοούσιον
2917 1996 2994 2065 τῷ
3037 1998 3230 2066 Πατρὶ,
3267 1999 3333 2050 δι’
3372 1998 3431 2051 οῦ
3480 2000 3549 2052 τὰ
3600 2004 3789 2054 πάντα

2199 2085 2441 2151 ἐγένετο,
2485 2085 2550 2138 τά
2580 2102 2640 2139 τε
2670 2088 2728 2138 ὲν
2757 2087 2832 2155 τῷ
2864 2086 3079 2156 οὐρανῷ
3112 2088 3202 2139 καὶ
3239 2089 3304 2140 τά
3345 2090 3401 2139 ὲν
3448 2092 3514 2159 τῇ
3549 2094 3618 2159 γῇ
3644 2106 3657 2119 ·
3688 2092 3787 2143 τὸν

2199 2175 2267 2226 δι’
2303 2177 2449 2245 ἡμᾶς
2506 2178 2631 2238 τοὺς
2682 2174 3028 2245 ἀνθρώπους,
3080 2178 3175 2229 καὶ
3206 2178 3294 2231 διὰ
3341 2180 3439 2247 τὴν
3497 2182 3786 2250 ἡμετέραν

2201 2268 2501 2335 σωτηρίαν,
2542 2266 2874 2319 κατελθόντα
2925 2270 3019 2320 καὶ
3067 2270 3447 2338 σαρκωθέντα,
3503 2272 3785 2341 ὲνανθρω-

2202 2359 2471 2426 πήσαντα,
2502 2358 2741 2410 παθόντα
2775 2359 2868 2410 καὶ
2912 2360 3223 2413 ἀναστάντα
3252 2364 3317 2429 τῇ
3351 2362 3513 2431 τρίτῃ
3554 2363 3778 2434 ἡμέραι

2199 2449 2492 2503 ἀνελθόντα
2538 2452 2613 2513 εἰς
2650 2451 2774 2512 τοὺς
2808 2452 3099 2520 οὐρανοὺς,
3132 2454 3225 2505 καὶ
3258 2454 3551 2523 ἐρχόμενον
3594 2458 3783 2522 κρῖναι

2199 2541 2410 2605 ζῶντας
2453 2543 2547 2594 καὶ
2578 2542 2801 2614 νεκρούς
2824 2558 2837 2572 ·
2872 2542 2966 2596 καὶ
3008 2545 3089 2606 είς
3120 2544 3182 2595 τὸ
3232 2544 3455 2613 Πνεῦμα
3484 2551 3544 2597 τὸ
3595 2547 3779 2611 ἅγιον.

2199 2634 2339 2695 Τοὺς
2371 2634 2425 2686 δὲ
2469 2634 2746 2701 λέγοντας,
2778 2630 2888 2688 Ἦν
2914 2637 3041 2687 ποτὲ
3077 2636 3166 2688 ὅτε
3205 2637 3304 2689 οὐκ
3350 2632 3440 2705 ἦν,
3471 2637 3526 2706 ἢ,
3558 2637 3677 2689 Οὐκ
3710 2637 3782 2706 ἦν

2198 2727 2332 2796 πρὶν
2384 2726 2732 2796 γεννηθῆναι,
2768 2727 2821 2796 ἢ,
2864 2728 2951 2793 Ἐξ
2979 2729 3075 2779 οὐκ
3117 2728 3288 2781 ὄντων
3316 2728 3551 2796 ἐγένετο,
3584 2730 3643 2801 ἦ,
3686 2731 3781 2797 ‘LE

2201 2819 2398 2887 ἑτέρας
2446 2817 2797 2880 ὑποστάσεως
2850 2819 2881 2886 ἦ
2931 2819 3117 2882 οὐσίας
3168 2822 3474 2887 φάσκοντας
3525 2816 3691 2884 εἶναι,
3740 2825 3776 2892 ἢ

2201 2911 2444 2973 κτιστίιν,
2481 2911 2512 2978 ἦ
2540 2911 2792 2977 τρεπτὸν,
2823 2912 2854 2981 ἢ
2890 2910 3179 2964 ἀλλοιωτὸν
3207 2913 3297 2964 τὸν
3328 2911 3459 2964 Υίὸν
3484 2910 3577 2963 τοῦ
3610 2911 3779 2974 Θεοῦ,

2194 3000 2415 3063 τούτους
2469 2999 2857 3065 ἀναθεματίζει
2891 3002 2923 3067 ἡ
2982 2999 3244 3069 καθολικὴ
3297 3001 3388 3052 καί
3435 3000 3783 3072 ἀποστολικη

2193 3090 2287 3141 τοῦ
2344 3089 2479 3143 Θεοῦ
2551 3090 2866 3159 Ἐκκλησία.
2920 3107 2938 3140 ι
2980 3089 3164 3152 Οὕτως
3218 3092 3458 3152 ἅπαντες
3512 3090 3779 3158 ἀλλήλοις

2195 3178 2503 3248 συνέδησαν
2545 3195 2558 3209 ο
2611 3181 2705 3231 καὶ
2759 3177 3043 3243 ὀμοούσιον
3097 3176 3236 3232 εἶναι
3291 3180 3369 3249 τῷ
3422 3181 3623 3249 Πατίρι
3676 3185 3781 3231 τὸυ

2194 3270 2323 3322 λ’ίὸν
2364 3270 2717 3340 ἐψηφίσαντο,
2760 3272 2855 3323 καὶ
2908 3271 2971 3324 τὸ
3000 3272 3147 3340 ὑγιὲς
3179 3274 3275 3343 τῆς
3321 3273 3555 3335 πίστεως
3601 3290 3781 3343 κατη-

2194 3365 2490 3417 σπάσαντο.

2779 3479 3027 3535 ΚΕΦΑΛ.
3058 3481 3165 3534 IH'.

2194 3569 2331 3637 Περὶ
2368 3569 2487 3623 τῶν
2546 3571 3016 3623 στασιασάντων
3076 3573 3430 3627 ἐπισκόπων
3479 3576 3631 3628 κατὰ
3657 3578 3777 3631 τοῦ

2264 3640 2562 3708 δόγματος
2589 3656 2603 3671 ·
2638 3640 2735 3693 καὶ
2766 3641 2882 3692 ὅσα
2909 3642 3059 3693 κατά
3086 3658 3148 3694 τε
3173 3642 3403 3709 Ἀρείου
3431 3645 3530 3697 καὶ
3562 3646 3777 3699 αὐτῶν

2260 3709 2299 3775 ἡ
2328 3711 2597 3775 σύνοδος
2624 3709 2722 3763 καί
2748 3713 2780 3763 ὁ
2798 3712 3103 3777 βασιλεὺς
3125 3713 3528 3780 ἐψηφίσαντο.

2275 3824 2478 3892 Ὀλίγοι
2514 3824 2571 3876 δέ
2598 3841 2743 3887 τινες
2767 3827 2866 3893 τὴν
2900 3825 3113 3895 Ἀρείου
3142 3825 3583 3897 ὲπῄνουνᾜόξαν·
3620 3847 3774 3900 μετα

2194 3919 2369 3989 βραχὺ
2399 3918 2454 3970 δὲ
2497 3917 2593 3970 καὶ
2623 3913 2772 3972 οὗτοι
2814 3917 3124 3983 συνέθεντο,
3156 3920 3299 3990 πλὴν
3327 3922 3628 3975 Σεκούνδου
3667 3929 3773 3978 καί

2191 4010 2381 4061 Geo-v5
2406 4048 2419 4071 ,
2453 4009 2503 4060 οἳ
2539 4011 2633 4063 καὶ
2670 4009 2726 4061 ὲν
2765 4008 2943 4070 αἰτίας
2986 4008 3083 4078 τὴν
3133 4010 3223 4061 τοῦ
3272 4013 3562 4079 ὁμοουσίου
3618 4013 3776 4080 λέξιν

2192 4100 2453 4154 ἐτίθεντο.
2485 4096 2668 4151 Ἰἰσαν
2712 4098 2767 4150 δὲ
2804 4098 2972 4163 οὗτοι,
3006 4098 3267 4163 Εὐσέϐιος
3301 4101 3329 4152 6
3366 4101 3773 4171 Νικομηδείας,

2190 4190 2412 4256 Θέογνις
2443 4191 2471 4242 6
2506 4188 2742 4249 Νικαίας
2764 4228 2776 4249 ,
2810 4188 2994 4254 Μάρις
3030 4187 3058 4237 6
3086 4187 3448 4257 Χαλκηδόνος,
3480 4188 3704 4251 sema;
3743 4194 3778 4243 6

2192 4280 2593 4349 Μαρμαρικῆς,
2635 4278 2928 4339 Σεκοῦνδος
2972 4282 3001 4331 6
3050 4278 3438 4348 Πτολεμαΐδος,
3471 4280 3782 4350 Μηνοφάν-

514 4377 905 4441 Ptolemaidis,
954 4376 1353 4444 Menophantus
1423 4376 1667 4443 Ephesi,
1737 4378 2086 4447 Patrophilus

2201 4388 2278 4433 τος
2315 4373 2343 4423 6
2381 4371 2637 4439 Ἐφέσου,
2673 4371 2699 4419 6
2746 4369 3153 4438 Σκυθοπολίτης
3207 4371 3573 4439 Πατρόιμλος,
3606 4375 3632 4425 6
3664 4374 3782 4427 Nc-

515 4471 887 4542 Seytliopolis,
933 4470 1220 4523 Narcissus
1266 4469 1591 4523 Neroniadis
1631 4471 1792 4539 (qua:
1821 4471 2080 4524 secundae

510 4568 715 4624 Cilicia:
743 4566 936 4619 civitas
975 4572 1096 4625 est,
1142 4576 1287 4615 nunc
1322 4561 1627 4628 Irenopolis
1678 4568 1911 4630 vocata),
1964 4564 2083 4632 epi-

510 4659 685 4727 scopi.
720 4656 984 4710 Dieebant
1033 4667 1268 4719 namque
1311 4653 1601 4720 ὁμοούσιον
1649 4666 1773 4704 esse
1824 4654 1971 4721 quod
2009 4669 2076 4705 ex

510 4752 694 4820 aliquo
721 4750 794 4804 sit
823 4762 920 4818 per
944 4747 1317 4816 partitionem.
1350 4753 1442 4797 aut
1468 4758 1568 4812 per
1596 4745 2078 4812 germinationcm,

510 4856 605 4897 aut
643 4858 738 4912 per
765 4841 993 4896 ﬂuxum.
1019 4840 1095 4893 Ac
1119 4853 1216 4907 per
1255 4837 1458 4890 ﬂuxum
1499 4836 1746 4903 quidem,
1780 4846 1840 4889 ut
1867 4837 2080 4905 paterni

512 4936 707 4998 liberi;
745 4948 836 5002 per
880 4932 1359 5001 get-minutionem,
1393 4937 1450 4980 ut
1483 4943 1547 4981 ex
1583 4926 1857 4982 radicibus
1889 4943 2084 4981 ειιτσιι-

515 5033 632 5093 lus;
688 5044 784 5097 per
830 5026 1181 5095 partitionem
1227 5033 1435 5084 autent,
1500 5030 1556 5072 ut
1601 5035 1666 5072 ex
1701 5035 1878 5072 massa
1914 5036 2082 5073 aurea

513 5131 760 5178 ramenta
791 5120 901 5171 duo
934 5118 1016 5169 vel
1057 5117 1180 5168 tria.
1211 5115 1278 5168 At
1306 5115 1431 5182 quia
1460 5114 1611 5181 juxta
1648 5113 1855 5165 nullam
1890 5114 2077 5165 talium

513 5214 801 5270 modorum
843 5212 1106 5262 rationein
1142 5223 1208 5260 ex
1241 5206 1395 5259 I‘atre
1426 5205 1595 5259 Filius
1622 5216 1789 5268 esset,
1829 5216 2082 5274 propter-

512 5326 575 5364 ea
609 5309 810 5360 edttam
845 5302 967 5355 fidei
1006 5300 1399 5369 prolessionem
1440 5298 1668 5367 rejicere
1704 5301 2079 5351 instituerunt.

513 5401 726 5454 Etcum
756 5393 1048 5466 ὁμοουσίου
1094 5405 1280 5445 vocem
1331 5407 1555 5460 prorsus
1584 5406 1693 5443 non
1732 5399 2081 5459 receperunt,

515 5503 627 5545 tam
658 5490 1004 5544 subscribere
1053 5484 1276 5538 decreto
1324 5484 1397 5545 ei,
1435 5498 1546 5553 quo
1579 5483 1817 5552 dignitas
1859 5482 2086 5551 presby-

514 5593 618 5637 teri
646 5583 776 5635 Δι’ίο
804 5590 889 5635 cst
919 5583 1177 5647 abrogata
1202 5616 1217 5638 ,
1251 5577 1571 5630 noluerunt.
1599 5576 1729 5641 Qua:
1762 5589 1849 5628 res
1876 5576 2087 5643 synodo

517 5689 736 5742 causam
784 5672 1016 5742 prtebuit
1059 5684 1114 5725 ut
1167 5671 1358 5724 Arium
1404 5679 1567 5738 atque
1624 5684 1730 5721 una
1766 5683 1961 5722 omnes
1993 5667 2086 5734 qui

2195 4462 2457 4529 ρωνιάὸος
2515 4462 2830 4529 Νάρκισσος
2870 4462 3116 4530 (Κιλικία
3155 4463 3199 4515 δ’
3240 4466 3296 4515 ὲν
3335 4468 3400 4534 τῇ
3443 4466 3677 4536 δευτέρᾳ
3734 4472 3775 4548 ἡ

2194 4555 2477 4623 Νερωνιάς
2518 4555 2702 4615 ἐστιν,
2736 4554 2769 4623 ἢ
2803 4554 2898 4604 νῦν
2940 4553 3335 4623 Εἰρηνούπολις
3384 4557 3774 4632 ὀνομάζεται).

2197 4646 2425 4712 Ἔλεγον
2460 4650 2570 4715 γὰρ
2600 4647 2889 4712 ὁμοούσιον
2935 4641 3076 4698 εἶναι
3099 4684 3114 4709 ,
3147 4645 3173 4697 δ
3203 4647 3267 4698 ἐκ
3299 4649 3443 4709 τινος
3473 4650 3587 4701 ἐστι
3617 4655 3777 4705 κατὰ

2196 4740 2498 4807 μερισμὸν,
2542 4739 2573 4809 ἢ
2611 4742 2752 4791 κατά
2794 4739 3103 4808 προϐολὴν,
3144 4740 3174 4809 ἦ
3208 4742 3351 4793 κατά
3394 4740 3621 4810 ρεῦσινο
3671 4750 3777 4798 καὶ

2196 4833 2336 4884 κατά
2396 4832 2496 4901 μὲν
2536 4831 2760 4901 ρεῦσιν,
2812 4832 2888 4893 ὡς
2941 4834 2993 4883 οἱ
3049 4831 3312 4900 πατρικοὶ
3371 4834 3579 4896 παῖδες·
3620 4842 3779 4892 κατὰ

2196 4923 2470 4994 προϐολὴν
2505 4925 2583 4987 δὲ,
2619 4925 2692 4986 ὡς
2733 4925 2795 4975 ὲκ
2834 4924 3001 4993 ῥιζῶν
3051 4922 3346 4992 βλάστημα
3372 4940 3385 4955 ⁶
3419 4942 3560 4977 κατα
3604 4944 3782 4997 napi.
3850 4918 3861 4927 ’

2197 5018 2333 5085 σμὸν
2363 5017 2438 5081 δὲ,
2494 5018 2568 5079 ὡς
2621 5016 2794 5083 βώλου
2830 5015 3080 5085 χρυσίδες
3113 5016 3268 5084 δύοῆ
3308 5019 3477 5085 τρεῖν
3502 5011 3603 5068 Ἶιν
3640 5024 3781 5072 κατ’

2192 5111 2387 5163 οὐδένα
2415 5110 2615 5179 τρόπον
2664 5105 2802 5161 εἶναι
2863 5110 2928 5161 ἐκ
2985 5109 3194 5177 ιιατρὸς
3227 5109 3318 5161 τὸν
3348 5109 3475 5161 Υίόν
3501 5125 3516 5139 ⁶
3551 5111 3645 5162 καὶ
3680 5112 3783 5168 διὰ

2195 5204 2353 5255 τοῦτο
2414 5203 2490 5270 μὴ
2553 5203 2895 5255 συντίθεσθαι
2961 5206 3025 5271 τῇ
3086 5203 3529 5273 ὑπαγορευθείσῃ
3584 5206 3783 5262 πίστει

2195 5296 2496 5347 ἐνίσταντο.
2554 5296 2628 5347 Τὸ
2680 5295 2944 5364 παράπαν
3002 5295 3058 5346 δὲ
3102 5294 3178 5365 μὴ
3212 5296 3498 5365 δεξάμενοι
3532 5297 3633 5366 τὴν
3674 5301 3781 5353 τοῦ

2194 5387 2488 5452 όμοονσίου
2524 5385 2690 5450 λέξιν,
2732 5390 2797 5456 τῇ
2843 5387 3055 5456 Ἀρείου
3086 5388 3401 5457 καθαιρέσει
3449 5390 3784 5462 ὑπογράψαι

2195 5479 2296 5528 οὐκ
2324 5476 2541 5545 ἤθελον.
2573 5480 2773 5547 Διόπερ
2804 5481 2835 5547 ὴ
2869 5481 2970 5547 μὲν
3007 5480 3222 5543 σύνοδος
3255 5484 3474 5549 Ἀρειον
3515 5490 3607 5535 καὶ
3642 5492 3785 5552 τοὺς

2195 5571 2510 5639 ὁμόφρονας
2535 5573 2728 5640 ἐκείνῳ
2765 5572 3039 5625 ὑπέλαόεν
3064 5575 3367 5641 άναθέματι
3394 5577 3785 5646 ἐκκηρῦξασα,

2200 5664 2407 5735 καὶμὴ
2445 5664 2747 5718 ἐπιϐαίνειν
2803 5664 3212 5736 Ἀλεξανδρείας
3264 5664 3511 5732 ἐθέσπιζε
3570 5687 3789 5730 τουτων
