3972 6200
261 275 339 339 13
1199 272 1800 334 ECCLESIASTICA!
1839 274 2228 335 HlSTORI/E
2261 278 2401 338 LIB.
2437 277 2600 338 VllI.
2875 260 2881 266 ’
3440 276 3510 339 τι

267 387 508 461 μηδένα.
542 385 622 438 Οὐ
658 385 770 452 μὴν
813 385 870 437 δὲ
900 384 1042 438 ἀλλὰ
1080 386 1174 438 καὶ
1211 385 1313 448 τὰς
1351 385 1526 450 λέξεις
1555 385 1722 439 αὐτοῦ
1749 387 1848 455 τῆς

1953 388 2072 459 ejus
2105 388 2450 443 adltaarerent
2497 389 2818 450 sententiae.
2849 389 3348 447 excommunicatos
3376 406 3506 447 ana-

264 482 543 552 αίρέσεως
597 478 1005 547 ἀνεθεμάτισε’
1065 480 1161 532 καὶ
1207 481 1271 531 τὺ
1310 479 1518 548 βιϐλίον
1545 481 1602 533 δὲ
1634 483 1662 534 ό
1699 481 1843 534 κατὰ.

261 578 362 643 τῆς
413 571 706 634 εὐσεϐείας
744 571 1014 638 συντάξας
1056 572 1341 642 ἐπέγραψε
1379 572 1682 634 Θάλειαν-⁸,
1713 566 1777 627 οὗ
1815 577 1848 628 ό

262 663 586 733 χαρακτὴρ,
610 661 686 723 ὡς
722 663 786 713 ἐκ
825 664 1046 731 γραφῆς
1075 663 1380 733 ἐπυθόμην,
1419 665 1628 735 ἀφελής
1663 683 1746 727 τις
1775 661 1844 736 ἦν

267 755 363 805 καὶ
403 753 816 820 διαλελυμένος,
843 752 1038 814 ἐοικὼς
1071 756 1182 815 τοῖς
1212 754 1457 808 Σωτάδου
1485 756 1580 810 τοῦ
1619 759 1844 829 ποιητοῦ

270 846 495 915 ᾄσμασι·
533 845 633 896 καὶ
664 845 716 895 εί
749 860 802 895 τι
827 844 886 896 δὲ
919 843 1088 897 αὐτοῦ
1142 848 1234 898 καὶ
1262 847 1370 899 τῶν
1398 849 1719 920 όμοφρόνων
1744 851 1847 904 αὐ-

279 937 376 988 τοῦ
405 935 716 1005 εὑρίσκοιτο
749 935 1120 1006 σύγγραμμα,
1148 938 1398 1010 δαπάνην
1424 945 1560 1011 πυρὶ
1591 943 1847 996 καταλεί-

290 1032 500 1093 πεσθαι,
527 1031 602 1094 ὡς
638 1033 774 1100 μήτι
798 1031 982 1084 αὐτῶν
1018 1032 1325 1103 ὑπόμνημα
1348 1035 1446 1104 τῆς
1473 1035 1742 1105 αἱρέσεως
1766 1037 1845 1108 τῷ

285 1125 408 1189 ἑξῆς
438 1124 536 1192 βίῳ
564 1124 932 1194 ἐμφέρεσθαι’
971 1124 1201 1179 θάνατον
1237 1125 1284 1178 δ’
1317 1123 1458 1180 εἶναι
1487 1127 1694 1198 ζημίαν
1727 1133 1844 1184 ἐνο-

276 1215 516 1281 μοθέτει,
545 1217 708 1276 εἴτις
753 1217 1038 1287 φωραθείη
1071 1235 1127 1269 τι
1160 1219 1569 1289 κατακρύπτων
1599 1222 1845 1287 ἐκείνων,

273 1302 368 1351 καὶ
414 1303 489 1370 μὴ
541 1301 739 1355 θᾶττον
795 1304 1134 1373 ἐμπίπρησι.
1194 1306 1403 1369 Πολλὰς
1457 1308 1505 1359 δ’
1555 1309 1846 1372 ἐπιστολὰς

269 1394 298 1442 ό
335 1391 598 1459 βασιλεὺς
633 1395 778 1446 κατὰ
838 1396 1020 1457 πόλεις
1070 1397 1288 1466 ἔπεμπε
1339 1398 1492 1452 κατάι
1529 1417 1592 1452 τε
1633 1401 1846 1480 ’ᾼρείου

268 1484 370 1535 καὶ
426 1485 544 1537 τῶν
585 1486 652 1538 τὰ
705 1487 797 1541 ἶσα
837 1487 1180 1556 φρονούντων
1239 1491 1454 1560 ἐκείνῳ.
1503 1491 1761 1546 Εὐσέϐιον
1793 1495 1850 1549 δὲ

268 1577 372 1626 καὶ
405 1575 639 1644 Θέογνιν
686 1578 793 1630 τῶν
859 1579 1008 1631 ἰδίων
1059 1582 1364 1647 ἐφυγάδευε
1414 1583 1644 1639 πόλεων.
1686 1586 1766 1656 Τῇ
1794 1587 1851 1640 δὲ

264 1670 617 1742 Νικομηδείᾳ
648 1673 868 1742 ἔχεσθαι
915 1675 1017 1743 τῆς
1049 1675 1216 1744 ὀρθῆς
1259 1679 1494 1742 πίστεως
1529 1683 1850 1752 παρηγγύα,

1946 479 2173 533 themati
2202 479 2522 549 snbjiceret,
2548 495 2612 534 ac
2641 495 2710 534 ne
2739 480 2862 549 quis
2899 497 3092 536 eorum
3126 482 3510 538 Alexandriam

1946 569 2160 638 ingredi
2187 569 2436 638 auderet,
2458 572 2909 629 sanciret.Voces
2940 575 3110 628 etiam
3137 573 3364 629 bmresis
3389 576 3514 645 ejus

1947 661 2448 728 anathematizavit,
2483 674 2538 718 et
2576 665 2776 719 librum
2803 681 2967 735 quem
2998 667 3088 721 ille
3117 676 3307 721 contra
3348 667 3520 733 pieta-

1947 762 2058 806 tem
2113 754 2474 823 compositum
2517 755 2755 813 Thaliam
2793 757 3180 828 inscripserat,
3211 761 3368 829 quasi
3419 761 3520 814 flo-

1948 844 2130 898 ridum
2152 856 2208 899 et
2233 846 2579 916 viridantem,
2598 852 2758 917 cujus
2783 853 2956 922 stylns
2990 861 3045 906 et
3066 853 3330 918 elocutio,
3354 852 3518 906 sicuti

1946 951 2015 990 ex
2046 937 2252 1006 scripto
2286 941 2402 1006 ipso
2431 943 2686 1010 cognovi,
2731 943 2966 1012 simplex
2991 956 3049 1000 et
3093 945 3385 1013 dissoluta,
3417 948 3518 1001 So-

1949 1028 2194 1097 tadisque
2224 1039 2396 1098 poeta:
2437 1034 2729 1088 cantilenis
2777 1036 3077 1104 persimilis
3109 1036 3250 1102 fuit;
3282 1053 3346 1092 ac
3378 1054 3519 1109 pra:-

1950 1125 2119 1180 terea,
2145 1119 2192 1173 si
2223 1121 2368 1190 quod
2399 1122 2546 1177 aliud
2569 1123 2692 1194 ejus
2719 1134 2814 1180 aut
2841 1136 3175 1182 sectatorum
3205 1130 3324 1199 ejus
3365 1129 3524 1183 inve~

1949 1210 2168 1265 niretnr
2225 1213 2515 1282 scriptum,
2574 1225 2633 1270 ut
2667 1217 2720 1270 id
2770 1218 2879 1287 igni
2925 1219 3280 1275 mandaretur
3323 1219 3520 1274 edixit.

1951 1302 2093 1368 Quin
2143 1303 2320 1370 capite
2350 1320 2572 1374 quoque
2617 1307 3016 1364 Constantinus
3050 1313 3237 1367 sanxit
3259 1354 3276 1380 ,
3313 1313 3360 1368 si
3392 1315 3519 1383 quis

1950 1395 2250 1464 quidquam
2281 1410 2471 1450 eorum
2520 1413 2773 1471 pressum
2805 1402 3112 1458 occultasse
3134 1443 3150 1468 ,
3193 1419 3296 1458 nec
3335 1406 3520 1459 statim

1951 1487 2225 1542 exussisse
2254 1499 2570 1554 compertus
2606 1502 2774 1551 esset.
2805 1492 3001 1551 Multas
3022 1494 3248 1564 insuper
3264 1497 3523 1568 epistolas

1955 1587 2051 1640 per
2073 1575 2234 1628 urbes
2281 1574 2480 1643 passim
2511 1589 2701 1634 contra
2739 1581 2930 1640 Arium
2965 1593 3020 1638 et
3059 1587 3156 1654 qui
3187 1598 3349 1642 secta:
3402 1587 3524 1656 ejus

1953 1673 2133 1728 erant,
2165 1666 2331 1720 misit.
2356 1668 2653 1749 Eusebium
2673 1679 2728 1726 et
2757 1672 3131 1746 Theoguidem
3162 1679 3387 1735 sedibus
3407 1684 3524 1736 suis

266 1762 342 1829 ἦν
370 1761 422 1813 οἱ
450 1765 760 1830 τριακόσιοι
781 1765 1092 1834 παρέδοσαν
1110 1782 1126 1798 ο
1158 1769 1252 1819 καὶ
1282 1769 1610 1834 ἐπισκόπους
1637 1789 1848 1842 προχει‹

1960 1755 2157 1825 exegit,
2191 1767 2247 1810 et
2271 1747 2719 1817 Nicomedienses
2751 1764 2818 1818 ad
2857 1741 3327 1839 coinplectendam
3355 1787 3384 1826 a
3417 1783 3527 1826 trc-

268 1854 455 1922 ρίζειν
487 1855 735 1924 ἑτέρους,
775 1856 917 1924 όρθὰ
939 1860 1160 1925 φρονεῖν
1195 1861 1548 1929 ᾑρημένους*
1590 1861 1774 1932 βυθοῖς
1797 1866 1854 1918 δὲ

269 1947 451 2015 λήθης
505 1948 771 2002 Εὐσεϐίου
828 1949 1173 2020 παραδοῦναι
1222 1951 1324 2023 τὴν
1371 1951 1754 2026 μνήμην.⁹οἷς
1807 1957 1852 2010 δ’

269 2039 584 2106 ἐπιχειρεῖν
612 2041 832 2105 γένοιτο
854 2043 922 2096 τὰ
943 2043 1171 2096 ἐκείνων
1202 2044 1236 2114 ἢ
1273 2049 1499 2115 φρονεῖν
1524 2049 1556 2117 ἢ
1585 2050 1848 2112 ἐπαινεῖν,

271 2129 533 2194 κολάζειν
587 2133 794 2202 σφόδρα
846 2135 1086 2202 ἠπείλει.
1133 2131 1226 2198 Οἷς
1283 2137 1348 2208 δὴ
1401 2139 1699 2209 γράμμασι
1759 2144 1855 2196 καὶ

272 2219 449 2280 ἄλλως
512 2221 910 2291 ἀπηχθημένον
980 2218 1124 2279 εἶναι
1184 2226 1379 2298 ἐδήλου
1435 2228 1736 2294 Εὐσέϐιον,
1775 2229 1852 2292 ὡς

271 2308 551 2377 πρότερον
606 2312 838 2381 Λικινίῳ
878 2313 1325 2382 συμφρονοῦντα.
1359 2316 1520 2370 Κατὰ
1569 2316 1634 2387 δὴ
1677 2319 1853 2372 ταῦτα

269 2398 345 2449 τὰ
369 2399 683 2468 γράμματα
709 2403 771 2453 οὐ
803 2401 964 2466 μόνον
995 2401 1302 2474 ἠλάθησαν,
1331 2405 1466 2460 ἀλλὰ
1495 2409 1592 2460 καὶ
1631 2407 1853 2476 ἐτέρους

270 2491 430 2560 ἔσχον
465 2493 560 2544 ἐπὶ
609 2493 714 2545 τῶν
748 2495 966 2547 οἰκείων
1006 2496 1231 2566 θρόνων.
1275 2498 1420 2552 ’Δντὶ
1448 2500 1556 2568 γὰρ
1586 2499 1852 2556 Εὐσεϐίου

285 2580 542 2650 Ἀμφίων
581 2583 684 2653 τὴν
728 2584 1078 2654 Νικομήδους
1131 2589 1446 2658 ἐλάμϐανε,
1495 2592 1746 2662 Χρηστδς
1791 2593 1848 2647 δέ

271 2672 375 2739 τὴν
424 2673 664 2736 Νικαίας
690 2691 704 2706 ο
746 2677 844 2728 καὶ
886 2677 1054 2745 ἄμφω
1082 2679 1138 2730 δὲ
1173 2680 1282 2731 τῶν
1339 2681 1710 2735 εὐσεϐούντων
1744 2687 1850 2753 μά-

273 2761 435 2816 λιστα
461 2759 629 2834 ἦσαν.
657 2764 871 2819 Είδέναι
899 2767 957 2820 δὲ
978 2769 1086 2838 χρὴ
1113 2769 1185 2831 ὡς
1209 2770 1474 2836 Εὐσέϐιος
1504 2775 1600 2828 καὶ
1629 2773 1852 2842 Θέογνις

273 2857 372 2908 καὶ
407 2858 458 2908 oi
516 2861 647 2927 περὶ
705 2859 903 2923 αὐτοὺς
959 2862 1224 2930 πρότερον
1257 2865 1358 2934 μὲν
1415 2869 1480 2935 τῇ
1517 2867 1720 2932 συνόδῳ
1759 2867 1852 2920 πί-

276 2964 454 3010 στεως
502 2947 856 3002 διδασκαλίαν
909 2952 1050 3004 ἰδίαν
1094 2954 1572 3024 ὐπαγορεύσαντες
1621 2958 1850 3022 ἔδοσαν,

1956 1849 2134 1901 ceutis
2162 1849 2435 1918 proditam
2471 1864 2677 1908 rectam
2712 1855 2872 1912 [idem
2895 1897 2910 1922 ,
2952 1860 3196 1930 aliosque
3234 1863 3525 1934 episc0pos

1955 1940 2244 2010 qui'recte
2304 1945 2575 2002 sentirent
2640 1949 2934 2021 legendos,
2981 1953 3393 2026 Euscbiumque
3447 1962 3524 2028 (Ι)

1956 2032 2220 2089 oblivioni
2260 2037 2678 2107 mandandum,
2737 2054 2821 2098 est
2879 2044 3153 2103 hortatus.
3207 2047 3371 2122 57o
3419 2050 3524 2116 Qui

1956 2140 2085 2181 vero
2125 2141 2250 2183 cum
2280 2130 2411 2187 Ario
2441 2135 2656 2187 sensuri
2688 2144 2785 2193 aut
2833 2138 3151 2206 opinionem
3182 2141 3303 2211 ejus
3331 2142 3526 2196 lauda-

1957 2219 2064 2273 turi
2129 2232 2333 2286 essent,
2374 2224 2429 2278 in
2456 2240 2553 2280 eos
2602 2241 2662 2282 se
2717 2231 2961 2300 graviter
3006 2233 3522 2292 animadversurum

1953 2325 2096 2376 esse,
2113 2323 2200 2370 est
2216 2315 2746 2390 minitatus.Quibus
2768 2322 2964 2393 litteris
2987 2327 3151 2380 etiam
3177 2328 3522 2397 signiﬁcavit,

1953 2405 2116 2461 aliam
2144 2407 2215 2461 ob
2247 2423 2469 2467 causam
2516 2413 2754 2468 invisum
2791 2417 2898 2472 sibi
2944 2419 3246 2479 Eusebium
3274 2438 3419 2490 esse,
3467 2440 3528 2480 ut

1953 2498 2047 2567 qui
2076 2511 2237 2556 antea
2269 2501 2469 2559 Licinii
2505 2517 2687 2575 partes
2708 2520 2932 2566 secutus
2962 2514 3150 2569 fuerit.
3182 2516 3371 2586 Itaque
3412 2534 3523 2573 non

1954 2591 2130 2646 solum
2163 2593 2239 2648 illi
2267 2604 2396 2651 sunt
2417 2600 2711 2668 proscripti
2731 2641 2746 2664 ,
2767 2605 2862 2657 sed
2887 2605 2979 2658 alii
3005 2620 3223 2678 quoque
3256 2610 3308 2663 in
3328 2625 3524 2666 eorum

1953 2684 2133 2739 locum
2179 2685 2331 2743 lecti.
2386 2689 2493 2743 Pro
2553 2692 2788 2748 Eusebio
2837 2697 2985 2750 enim
3027 2699 3362 2758 Nicomediae
3392 2705 3527 2761 Am-

1953 2775 2164 2845 phion,
2216 2795 2317 2849 pro
2365 2781 2686 2854 Theognide
2741 2799 2925 2845 autem
2991 2792 3186 2852 Nicaeae
3235 2797 3525 2864 Chrestus.

1953 2868 2194 2940 episc0pi
2227 2872 2380 2938 facti,
2409 2875 2574 2932 ambo
2594 2878 2915 2936 sincerioris
2949 2885 3167 2953 pietatis
3206 2906 3370 2958 quam
3401 2908 3520 2947 ma-

1953 2960 2098 3016 xime
2141 2962 2398 3020 studiosi.
2456 2966 2594 3023 lllud
2621 2973 2766 3028 scire
2824 2986 3063 3043 oportet,
3112 2979 3417 3038 Eusebium
3469 2997 3526 3040 et

272 3039 366 3109 ἢν,
398 3041 475 3102 ὡς
525 3040 777 3108 κίϐδηλον
829 3043 926 3095 καὶ
976 3044 1234 3109 ἀσεϐείας
1277 3046 1505 3119 μεστὴν,
1536 3048 1848 3124 διέρρηξαν·

1961 3049 2357 3123 Theognidem,
2385 3059 2591 3130 quique
2621 3039 2882 3132 praeterea
2914 3039 3173 3127 factionis
3215 3075 3334 3144 ejus
3365 3039 3526 3133 erant

276 3131 486 3185 πολλοῦ
519 3131 567 3184 δ’
598 3132 855 3186 ἐντεῦθεν
893 3137 1134 3206 ταράχου
1164 3139 1556 3206 ὰναχυθέντος.
1587 3144 1684 3196 καὶ
1724 3147 1848 3198 πάν-

1957 3144 2115 3210 alios,
2169 3147 2294 3204 fidei
2357 3166 2480 3209 suae
2522 3156 2829 3214 doctrinam
2866 3161 2922 3217 in
2966 3165 3236 3235 scriptum
3294 3171 3524 3227 relatam

273 3242 382 3278 των
437 3224 519 3294 τῷ
558 3225 813 3296 προδήλῳ
849 3227 952 3296 τῆς
997 3230 1251 3293 ἀσεϐείας
1289 3229 1412 3285 κατ’
1447 3233 1630 3288 αὐτῶν
1671 3251 1856 3290 κινου-

291 3315 497 3383 μένων,
532 3318 603 3369 τᾶ
654 3316 760 3387 μὲν
791 3318 990 3386 πρῶτα
1044 3321 1262 3391 ’Λρειον
1322 3323 1419 3376 καὶ
1457 3323 1619 3378 αὐτὸν
1656 3326 1853 3381 ἀναθέ-

280 3423 410 3472 ματι
467 3407 871 3474 καθυπέϐαλον,
955 3411 1094 3480 πλὴν
1172 3412 1470 3468 Σεκούνδου
1547 3419 1641 3471 καὶ
1705 3419 1855 3472 Θεω-

281 3494 373 3545 νᾶο
411 3494 732 3564 ὑπογράψαι
801 3497 987 3564 μέντοι
1052 3499 1117 3568 τῇ
1179 3499 1350 3553 αὐτοῦ
1387 3502 1703 3573 καθαιρέσει
1753 3507 1854 3560 οὐκ

275 3584 696 3654 ἠϐουλήθησαν,
775 3591 979 3656 καίπερ
1049 3591 1114 3659 τῇ
1197 3591 1294 3659 τῆς
1357 3593 1592 3656 πίστεως
1641 3597 1853 3650 ἐκθέσει

277 3677 841 3746 καθυπογραψαντες,
915 3681 1020 3732 κᾶν
1083 3680 1330 3746 ὑπούλως
1392 3684 1487 3736 καὶ
1556 3686 1654 3738 οὐκ
1717 3687 1853 3739 είλε-

273 3769 482 3842 κρινῷς
518 3773 657 3836 μετὰ
685 3771 784 3841 τὴν
830 3771 1042 3841 ἐξορίαν
1075 3773 1478 3838 ἐπανελθόντες,
1530 3775 1604 3838 ὡς
1640 3780 1854 3848 προῖόι-

271 3876 371 3921 τες
418 3859 752 3930 δηλώσομεν.
796 3864 1153 3935 Μαρτυρήσει
1200 3866 1258 3920 δὲ
1311 3868 1403 3921 καὶ
1447 3868 1587 3924 αὐτὰ
1623 3870 1690 3924 τὰ
1721 3873 1852 3940 παρ’

269 3950 461 4005 αὐτῶν
533 3954 874 4022 γεγενημένα
949 3957 1064 4018 τοῖς
1130 3957 1228 4025 τῆς
1303 3958 1584 4022 εὐσεϐείας
1652 3962 1852 4031 προϐό-

267 4044 424 4107 λοις,
461 4046 555 4094 καὶ
593 4044 692 4096 ὅσα
744 4045 875 4114 περὶ
911 4045 1118 4101 τούτων
1167 4048 1500 4106 κατέλιπον·
1555 4053 1592 4107 ἃ
1649 4053 1714 4125 δὴ
1754 4056 1852 4108 καὶ

269 4133 614 4202 ἐκθήσομαι.
644 4135 711 4188 ’0
739 4152 801 4202 γε
835 4137 940 4207 μὴν
975 4138 1237 4204 Εὐσέϐιος
1259 4140 1470 4212 ἔτερος,
1501 4145 1530 4195 ό
1563 4147 1849 4216 Παμφίλου

264 4225 375 4292 τὴν
431 4226 826 4294 προσωνυμίαν
882 4229 1341 4300 κεκληρωμένος,
1398 4235 1464 4306 τῇ
1504 4236 1708 4305 συνόδῳ
1745 4255 1853 4292 πα-

267 4314 411 4382 ρὼν,
444 4314 803 4383 ἀμφιϐαλλων
865 4312 934 4388 ἦν
985 4319 1080 4372 καὶ
1128 4319 1630 4394 διασκεπτόμενος,
1687 4331 1742 4384 ετ
1786 4348 1849 4399 γε

264 4405 392 4457 δεον
420 4406 498 4475 τῷ
543 4409 825 4460 ἐκτεθέντι
871 4409 984 4482 ὃριρ
1036 4415 1290 4481 στοιχεῖν
1340 4417 1434 4468 καὶ
1482 4420 1680 4489 μικρὸν
1721 4425 1846 4479 ἐπι·
1881 4402 1926 4456 D

271 4496 422 4568 σχὼν
449 4539 466 4562 ,
500 4500 762 4569 συνῄνεσε
792 4518 872 4564 τε,
906 4503 1000 4555 καὶ
1032 4507 1098 4574 τῇ
1131 4506 1280 4575 χειρὶ
1308 4509 1707 4579 ἐπεσφράγιζεο
1750 4518 1844 4570 καὶ

268 4596 339 4660 τῇ
380 4594 625 4662 σφετέρᾳ
655 4595 921 4664 ἐκκλησία
953 4597 1260 4669 αἰτιωμένῃ
1294 4601 1387 4651 τὸν
1417 4601 1541 4670 ὅρον
1565 4605 1838 4676 ἔπεμπεν,

269 4685 333 4733 ἐν
375 4677 416 4748 ᾧ
457 4688 552 4736 καὶ
602 4684 701 4753 τὴν
746 4683 840 4737 τοῦ
886 4688 1174 4756 ὀμοουσίου
1214 4689 1306 4756 λέξ

272 4775 354 4840 μή
381 4789 490 4825 τινι
527 4775 598 4826 δι’
651 4777 910 4840 ὑπονοίας
946 4779 1195 4848 γένηται,
1235 4781 1331 4834 ἅτε
1369 4783 1434 4854 δὴ
1465 4785 1842 4857 ἐμϐραδύνας,

267 4865 352 4924 ὡς
400 4866 767 4936 ἀτημελήτως
807 4869 906 4921 καὶ
953 4870 1028 4931 ὡς
1090 4872 1250 4940 ἔτυχε
1303 4876 1374 4925 τὰ
1424 4875 1518 4927 τοῦ
1547 4877 1676 4948 ὅρου
1711 4881 1846 4934 ὑπέ-

267 4972 304 5020 γ
312 4971 475 5026 ραφε.

271 5053 573 5119 ὀμοουσίου
603 5055 960 5125 declarant":
992 5060 1080 5114 cui
1103 5072 1392 5133 suSpectus
1450 5065 1605 5123 fieret
1668 5079 1925 5144 tanquam

267 5147 713 5218 subscripsissct.

346 5319 421 5385 (ι)
482 5319 754 5374 Eusebius
805 5320 1242 5379 Nicomediensis
1301 5327 1365 5380 ad
1425 5328 1842 5390 Constantinum

270 5387 689 5468 imperatorem,
721 5407 886 5468 manu
933 5404 1140 5448 vestem
1191 5411 1348 5450 suam
1399 5413 1562 5467 quam
1599 5387 1848 5468 gestabat

269 5458 675 5530 demonstrans,
701 5460 886 5514 dicere
937 5472 1024 5516 est
1075 5480 1243 5520 ausus
1295 5484 1308 5518 :
1367 5487 1385 5518 ι
1416 5458 1672 5526 Ἐιιοιίῖεὶ
1730 5458 1845 5530 haec

270 5540 358 5610 me
387 5528 715 5606 inspiciente
742 5542 900 5610 rupta
927 5533 1225 5610 dividatur,
1255 5551 1362 5589 non
1391 5547 1568 5610 tamen
1595 5528 1840 5610 ejusdem

274 5597 596 5676 substantia:
634 5615 754 5676 esse
804 5597 1036 5676 dixerim
1089 5613 1381 5676 utrumque
1414 5625 1435 5676 7:
1470 5609 1529 5659 El
1578 5597 1738 5666 τόὖτο
1767 5597 1846 5668 7:8

281 5663 496 5730 ἱμάτιον
523 5669 664 5736 ἐμοῦ
692 5673 967 5739 θεωμένου
998 5663 1322 5743 διαιρεθείη,
1363 5675 1549 5731 οὐποτ⁹
1579 5663 1844 5755 aveater

596 5764 868 5826 Parnm.
915 5767 1028 5825 Gn.
1083 5766 1180 5827 CX
1198 5767 1320 5828 LVI

1956 3240 2189 3295 seorsim
2225 3246 2434 3315 synodo
2459 3249 2744 3315 obtulisse,
2789 3270 3021 3328 eamque
3053 3268 3116 3315 ut
3159 3260 3525 3320 adulterinam

1954 3337 2014 3386 et
2067 3331 2364 3403 impietatis
2407 3339 2627 3409 plenam
2671 3343 3002 3414 discerptam
3039 3337 3191 3408 'esse.
3250 3353 3423 3420 Quam
3456 3361 3526 3413 ob

1957 3438 2199 3492 causam,
2233 3430 2380 3498 quod
2419 3435 2610 3502 ingens
2642 3437 2802 3491 turba
2847 3442 3102 3509 excitata,
3137 3453 3303 3514 atque
3335 3462 3529 3504 omnes

1958 3529 2181 3587 propter
2215 3523 2558 3579 manifestam
2588 3527 2924 3595 impietatem
2965 3534 3230 3591 adversus
3257 3553 3352 3592 eos
3381 3555 3531 3594 com-

1959 3607 2095 3661 moti
2147 3621 2351 3675 essent,
2413 3612 2517 3681 ipsi
2575 3630 2818 3687 quoque,
2867 3631 3066 3688 printer
3115 3625 3432 3685 Secundum
3473 3643 3530 3686 et

1959 3699 2260 3765 Theonam,
2290 3702 2482 3760 Arium
2508 3709 2731 3776 quidem
2760 3711 3096 3768 anathemati
3121 3717 3196 3784 (2)
3226 3721 3525 3790 subjicere,

1963 3795 2518 3868 exauctorationique
2551 3800 2702 3857 illius
2731 3804 3080 3862 subscribere
3106 3810 3369 3874 nolentes,
3405 3817 3529 3869 liile‘i

1959 3882 2285 3950 professioni
2323 3888 2812 3961 subscripserunt:
2851 3897 2999 3966 quod
3044 3909 3227 3958 tamen
3263 3903 3527 3957 simulau-

1958 3981 2042 4027 ter
2075 3983 2131 4029 et
2161 3977 2433 4034 insincere
2465 3981 2716 4039 fecerunt
2739 4025 2755 4052 ,
2795 3986 2864 4040 ab
2892 3989 3088 4043 exsilio
3121 3993 3352 4056 reversi,
3389 4010 3533 4049 sicut

1956 4074 2148 4134 postea
2177 4071 2552 4126 ostendemus.
2591 4073 3064 4136 Testilicabuntur
3105 4083 3158 4137 id
3187 4100 3409 4156 quoque
3443 4104 3531 4142 res

1957 4171 2151 4213 eorum
2190 4161 2450 4220 adversus
2491 4168 2716 4236 pictatis
2748 4170 3070 4228 defensores
3101 4187 3268 4243 actin,
3309 4190 3364 4234 et
3411 4198 3533 4250 quae

1958 4250 2062 4320 ipsi
2090 4253 2160 4308 de
2194 4256 2359 4311 rebus
2402 4257 2488 4313 bis
2535 4261 2880 4330 reliquerunt
2910 4269 3139 4336 scripta,
3174 4288 3294 4338 quae
3342 4275 3528 4327 itidum

1959 4348 2281 4402 recensebo.
2347 4349 2620 4408 Eusebius
2685 4371 2818 4412 sane
2884 4359 3059 4423 alter,
3117 4363 3204 4416 cui
3261 4365 3530 4435 Pamphili

1955 4453 2258 4506 cognomen
2295 4442 2553 4510 inditum,
2581 4447 2757 4522 adfuit
2786 4460 2842 4504 et
2862 4446 2978 4519 ipse
3009 4457 3265 4523 concilio,
3305 4461 3534 4514 dubius-

1952 4542 2063 4597 que
2117 4531 2283 4585 etiam
2358 4544 2522 4605 atque
2570 4539 2738 4594 etiam
2788 4557 2976 4597 secum
3033 4548 3408 4606 consideravit
3460 4569 3529 4606 an

1953 4621 2307 4691 promulgata:
2357 4624 2484 4680 fidei
2536 4629 2867 4697 professioni
2916 4636 3172 4690 assentiri
3248 4640 3528 4697 deberet:

1313 4709 1361 4743 ιν
1408 4691 1706 4764 διασαφεῖ·
1753 4699 1841 4756 ῖνα

1953 4720 2112 4780 atque
2139 4714 2541 4784 aliquantulum
2581 4723 2902 4779 assensione
2959 4736 3170 4783 retenta
3194 4771 3209 4794 ,
3237 4749 3357 4787 eam
3412 4743 3533 4788 tan-

1947 4806 2072 4861 dem
2102 4810 2428 4878 approbavit
2458 4825 2514 4869 et
2554 4818 2962 4884 subscriptione
3001 4838 3097 4876 sua
3123 4830 3473 4887 conlirmavit
3500 4851 3514 4886 :

1947 4894 2209 4951 Ecclesia:
2271 4917 2491 4973 quoque
2537 4921 2648 4960 suae
2697 4911 2965 4977 quaerenti
3023 4916 3420 4983 professionem
3463 4936 3521 4979 et

1949 4985 2323 5044 definitionem
2359 5008 2480 5047 eam
2514 4996 2684 5061 misit,
2713 4998 2768 5052 in
2804 5016 2910 5069 qua
2949 5018 3136 5060 vocem
3181 5025 3398 5080 quoque
3426 5015 3523 5066 τοῦ

1968 5081 2178 5138 tardius
2240 5095 2338 5140 aut
2383 5089 2706 5160 neglectim,
2754 5096 2902 5152 nulla
2943 5099 3190 5159 adhibita
3239 5121 3388 5172 cura,
3446 5107 3525 5161 illi

1948 5343 2050 5412 τῆς
2094 5345 2266 5428 αὐτῇς
2303 5347 2489 5428 οὐσίας
2521 5353 2803 5423 ἑκάτερον.
2843 5376 2862 5410 ›
2893 5358 3007 5422 Qua
3038 5359 3376 5428 blasphemia
3410 5377 3535 5428 pcr-

1949 5423 2150 5496 motus.
2171 5416 2588 5499 Constantinus,
2625 5416 3024 5499 eo'_proclivius
3080 5429 3133 5481 in
3159 5416 3536 5499 'proscriptio-

1948 5499 2073 5566 nem
2103 5487 2557 5566 ejuscon‘sensit.
2584 5512 2620 5566 _)
2660 5487 2904 5558 (Sinoni.
2941 5497 3037 5566 lib.
3068 5513 3128 5560 ιι,
3161 5487 3285 5566 cap.
3321 5487 3435 5563 ‘21}.

1947 5624 1980 5676 ά
2134 5557 2492 5637 Καθαιρὲσει,
2540 5555 2895 5633 abrdgalioui,
2942 5555 3290 5638 abdicationi,
3341 5555 3538 5642 deam.

1984 5643 2012 5676 (ι
2044 5643 2170 5676 iam.

1984 5643 2170 5679 αιιοηι.

3068 5802 3103 5864 3
