3972 6200
368 284 439 346 ’Π
1302 287 1911 348 ECCLESIASTlC/E
1947 288 2336 349 HISTORME
2371 292 2520 354 LIB.
2562 294 2731 354 VIII.
3550 296 3621 358 7S

364 400 473 466 τὴν
509 399 849 468 Ἐκκλησίαν
890 394 1176 468 φέρεσθαι.
1212 398 1323 450 Καὶ
1346 397 1669 467 πρόκεινται
1701 414 1766 465 γε
1793 399 1942 452 πᾶσιι

2055 399 2147 466 qui
2186 415 2410 454 uxorem
2444 419 2725 472 nunquam
2757 403 3023 468 duxisset,
3057 404 3342 470 suadente,
3377 409 3620 478 synodus

367 490 466 542 καὶ
491 490 546 542 εἴ
567 507 648 560 τῳ
679 491 835 557 φίλον
863 489 1236 558 ἐντυγχάνειν,
1274 489 1458 559 ῥᾴδιόν
1495 489 1666 541 ἐστιν.

2057 493 2474 558 comprobavit;
2499 504 2665 562 atque
2690 495 2760 548 de
2803 495 2907 549 hac
2947 511 3028 560 re,
3061 511 3225 566 quam
3260 498 3494 553 arbitrio
3523 515 3620 555 cu-

356 585 596 656 juslibet
626 585 874 655 reliquit,
906 584 1042 644 nihil
1077 584 1280 639 sanxit.
1307 584 1384 638 De
1410 583 1533 638 aliis
1565 592 1770 645 autem,
1807 589 1870 636 ut
1924 581 1976 637 ei
2015 591 2101 637 est
2126 585 2329 650 visum,
2367 587 2472 642 rite
2532 597 2698 657 atque
2727 590 2921 646 ordine
2940 591 3087 660 leges
3119 591 3266 655 tulit,
3299 593 3366 646 ad
3387 609 3616 662 quarum

362 683 754 750 praescriptum
783 681 1046 735 convenit
1078 694 1168 734 res
1208 677 1615 735 ecclesiasticas
1642 677 1783 748 geri.
1842 675 1976 743 Quae
2015 692 2149 734 sane
2182 680 2332 752 leges
2361 683 2658 752 propositae
2689 685 2951 762 omnibus
3008 696 3160 752 sunt,
3191 697 3247 742 et
3276 702 3305 740 a
3332 690 3547 758 quovis,
3576 699 3621 752 ei

361 773 519 837 velit,
553 771 714 826 facile
741 771 846 841 legi
875 778 1125 839 possunt.

972 888 1228 942 ΚΕΦᾹΛ.
1269 885 1354 941 ις’.

375 983 510 1033 Ὀτι
537 981 632 1032 καί
675 980 954 1033 Ἀκέσιον
988 981 1098 1031 τὸν
1126 977 1246 1031 τῶν
1278 976 1672 1032 Ναυατιανῶν
1701 976 1949 1030 ἑπΙσκο-

443 1067 560 1103 πον
583 1053 615 1102 ό
641 1049 945 1114 ,βασιλεὺς
959 1050 1047 1113 εὶς
1070 1048 1186 1116 τὴν
1208 1049 1478 1102 σύνοδον
1492 1048 1946 1115 μετεστείλατο.

456 1161 516 1214 Ὀ
548 1159 607 1212 δὲ
657 1159 915 1230 θεοφιλὴς
949 1158 1230 1228 βασιλεὺς,
1257 1161 1356 1228 τῆς
1387 1157 1576 1227 κοινῆς
1623 1156 1947 1226 προμηθού-

380 1268 542 1322 μενος
573 1251 836 1320 ὁμονοίας
857 1290 872 1314 ,
900 1250 996 1302 καὶ
1038 1251 1285 1304 Ἀκέσιον
1314 1250 1406 1302 τὸν
1438 1249 1546 1301 τῶν
1575 1249 1944 1303 Ναυατιανῶν

369 1348 676 1400 ἐπίσκοπον
706 1349 788 1409 εἰς
828 1347 928 1415 τὴν
987 1346 1205 1398 σύνοδον
1260 1345 1682 1414 μετεστέλλετο,
1721 1345 1818 1396 καὶ
1854 1344 1946 1397 τὸν

371 1441 470 1508 τῆς
519 1438 740 1490 συνόδου
793 1438 918 1504 ὅρον
963 1439 1096 1504 περί
1151 1453 1214 1489 τε
1266 1438 1360 1489 τοῦ
1414 1436 1686 1506 δόγματος
1718 1434 1945 1502 καὶτῆς

371 1530 571 1600 ἑορτῆς
615 1529 923 1582 ὑπεδείκνυ.
976 1527 1194 1596 Ἠρώτα
1237 1545 1296 1579 τε
1354 1531 1398 1579 εἱ
1434 1529 1528 1579 καὶ
1561 1528 1709 1594 αὐτῷ
1755 1526 1823 1579 τὰ
1857 1527 1945 1580 δό-

375 1631 553 1687 ξαντα
598 1623 690 1674 καὶ
745 1623 862 1684 τοῖς
897 1601 1220 1682 ἐπισκόποις
1271 1619 1638 1689 βεδαιωθὲντα
1693 1619 1839 1673 καλά
1880 1636 1944 1686 γε

371 1710 515 1765 εἶναι
546 1713 727 1764 δοκεῖ’
765 1712 859 1764 τὸν
896 1711 942 1765 δ’
991 1711 1383 1776 ἐπαινέσαντα,
1446 1711 1616 1780 μηδὲν
1659 1728 1709 1763 τι
1754 1711 1942 1764 καινὸν
1971 1729 2017 1788 Β

370 1805 662 1873 ὁρίσασθαι
695 1803 891 1871 φάναι.
925 1803 1032 1855 Καὶ
1058 1802 1222 1855 αὐτὸν
1255 1803 1366 1869 γὰρ
1396 1801 1536 1854 οὓτω
1561 1801 1770 1854 ἄνωθεν
1797 1801 1944 1872 εἱλη-

371 1899 534 1964 φὲναι
566 1897 630 1948 τὸ
666 1896 870 1963 δόγμα,
904 1896 1000 1948 καὶ
1047 1895 1189 1946 οὕτω
1223 1893 1286 1963 δὴ
1323 1893 1626 1964 ἑορτάζειν.
1673 1892 1730 1946 ’0
1766 1893 1822 1946 δὲ
1854 1893 1948 1962 βα-

370 1985 560 2046 σιλεὺς
585 2024 600 2047 ,
655 1983 722 2035 Τί
779 1982 871 2035 οὖν
912 1981 1056 2036 οὕτω
1089 1982 1353 2049 δοξάζων,
1383 1982 1502 2045 πῶς
1543 1983 1640 2035 τοῦ
1679 1984 1776 2036 σὺν
1811 1985 1943 2054 ἡμῖν

367 2077 651 2128 κοινωνεῖν
705 2073 1052 2146 πορρωτέρω
1119 2076 1284 2144 γίνῃ;
1347 2074 1458 2127 Καὶ
1519 2072 1578 2136 ὃς
1642 2074 1745 2142 τὴν
1801 2075 1945 2128 κατὰ

367 2169 626 2221 Ναυᾶτον
671 2169 766 2219 καὶ
797 2167 1106 2235 Κορνήλιον
1134 2166 1225 2218 τὸν
1265 2165 1484 2236 Ῥώμης
1509 2157 1776 2234 διαφορὰν
1813 2167 1945 2219 ὑπε-

372 2260 651 2327 μίμνησκε
697 2257 841 2310 κατὰ
870 2257 1060 2310 Δέκιον
1088 2271 1102 2284 ·
1149 2257 1344 2325 ὅτιπερ
1379 2257 1506 2318 τοὺς
1553 2258 1696 2327 μετὰ
1749 2256 1813 2309 τὸ
1846 2256 1945 2326 βά-

367 2367 588 2420 πτισμα
646 2349 993 2420 ἁμαρτόντας
1033 2347 1134 2419 τὴν
1161 2349 1296 2418 πρὸς
1340 2348 1570 2402 θάνατον
1637 2349 1942 2420 ἁμαρτίαν,

375 2448 476 2496 καὶ
520 2443 935 2507 ὲπιθύσαντας,
991 2441 1153 2495 θείων
1204 2441 1524 2511 μυστηρίων
1554 2442 1790 2512 ἀπηξίου
1843 2443 1944 2512 τῆς

371 2533 688 2594 κοινωνίας.
747 2528 882 2583 Θεοῦ
940 2529 1051 2601 γὰρ
1111 2525 1254 2583 εἶναι
1319 2530 1417 2598 τῆς
1475 2528 1726 2595 ἐξουσίας
1784 2529 1942 2598 ἔλεγε

383 2626 578 2696 μόνου,
625 2623 724 2676 καὶ
760 2624 860 2693 οὐχ
914 2621 1145 2691 ἱερέων,
1186 2620 1553 2691 πρυτανεύειν
1594 2620 1811 2682 τούτοις
1841 2622 1941 2685 τὴν

368 2717 590 2783 ἄφεσιν.
644 2714 704 2767 Ὀ
744 2713 801 2767 δὲ
836 2712 1095 2782 βασιλεὺς
1124 2711 1200 2776 ὡς
1237 2713 1404 2782 τάχος
1434 2712 1677 2783 ὑπέφερε
1699 2727 1713 2742 °
1741 2712 1864 2777 Θὲς,
1896 2711 1941 2766 ὦ

381 2808 626 2872 ’Δκέσιε,
654 2807 923 2876 κλίμακα,
964 2807 1060 2858 καὶ
1086 2804 1252 2873 μόνος
1275 2804 1355 2867 είς
1382 2804 1648 2874 οὐρανοὺς
1682 2804 1936 2876 ἀνάϐηθι.

368 2899 563 2953 Ταῦτα
616 2898 662 2950 δ’
708 2887 888 2950 εἰπεῖν
928 2895 1020 2948 τὸν
1073 2895 1405 2965 κρατοῦντα,
1441 2895 1516 2966 μὴ
1559 2895 1651 2948 τὸν
1693 2896 1940 2950 ’Δκέσιον

364 2991 724 3054 ἐπαινοῦντα.
754 2989 870 3042 ἀλλ’
899 2990 1090 3058 ὅτιπερ
1144 2987 1533 3058 ἀναμάρτητον
1563 2987 1762 3041 ἑαυτὸν
1800 2990 1940 3060 τάχα

2654 887 2886 944 CAPUT
2921 887 3039 944 XX.

2049 977 2198 1043 Quod
2223 977 2383 1031 etiam
2421 979 2546 1032 Αεει
2559 981 2666 1033 ium
2691 980 3110 1035 Novatianorum
3138 982 3428 1051 episcopum
3453 983 3621 1050 impc-

2433 1061 2582 1103 rator
2604 1053 2656 1104 in
2685 1052 2942 1120 synodum
2964 1054 3228 1105 acciverit.

2115 1159 2380 1214 Czetcrtttn
2415 1161 2714 1230 imperator
2744 1162 2837 1216 Dei
2882 1162 3294 1227 amantissimus
3321 1201 3334 1224 ,
3364 1162 3433 1218 de
3469 1177 3619 1215 com-

2045 1251 2193 1304 muni
2229 1250 2522 1304 concordia
2550 1252 2786 1306 sollicite
2815 1253 3085 1322 c'ogitans,
3109 1252 3365 1306 Acesium
3399 1269 3618 1320 quoque.

2046 1339 2474 1392 Novatianorum
2523 1340 2845 1410 episcopum
2892 1342 2958 1395 ad
3011 1343 3310 1395 concilium
3341 1343 3615 1401 evocavit,

2046 1428 2206 1495 eique
2244 1435 2299 1480 et
2345 1427 2413 1479 de
2464 1427 2590 1482 lidei
2626 1427 2882 1498 dogmate
2925 1440 2978 1482 et
3009 1428 3078 1484 de
3127 1430 3216 1483 die
3249 1430 3390 1484 l’csto
3425 1430 3618 1484 decre-

2048 1527 2163 1571 tum
2199 1518 2394 1588 synodi
2419 1520 2685 1585 ostendit,
2723 1521 3194 1590 interrogavitque
3225 1522 3363 1575 adeo
3385 1537 3511 1575 eum
3541 1539 3608 1574 an

2046 1623 2110 1664 ea
2146 1619 2296 1664 recte
2345 1612 2426 1664 sic
2479 1610 2547 1664 ab
2595 1611 2870 1680 episcopis
2906 1621 3093 1666 essent
3145 1613 3467 1666 constituta.
3508 1613 3611 1678 Qui

2046 1716 2172 1755 cum
2203 1715 2265 1756 ea
2297 1701 2594 1769 laudasset,
2632 1717 2809 1771 neque
2841 1705 2966 1756 novi
2997 1702 3293 1772 quidquam
3327 1703 3612 1757 definitum

2045 1805 2168 1846 esse
2199 1791 2457 1856 dixisset,
2511 1808 2570 1848 se
2618 1793 2766 1847 enim
2798 1802 2855 1848 et
2884 1793 3026 1847 idem
3054 1793 3248 1864 dogma
3279 1794 3406 1849 ﬁdei
3439 1811 3468 1847 a
3503 1811 3616 1847 tua-

2039 1883 2258 1954 joribus
2281 1885 2579 1952 accepisse,
2607 1896 2664 1939 et
2691 1901 2973 1954 nunquam
2997 1887 3156 1942 aliter
3175 1887 3396 1942 Pascha:
3415 1886 3611 1942 festum

2044 1975 2377 2040 celebrasse,
2411 1978 2732 2046 imperator,
2767 1977 2872 2042 Qui
2927 1977 3118 2046 igitur,
3143 1978 3363 2048 inquit,
3398 1995 3521 2033 cum
3559 1979 3610 2030 in

2041 2067 2233 2122 eadem
2295 2068 2371 2123 sis
2437 2069 2726 2124 nobiscum
2781 2073 3094 2138 sententia,
3145 2086 3176 2125 a
3227 2072 3614 2126 communione.

2044 2168 2231 2213 nostra
2280 2159 2564 2229 tantopere
2600 2161 2919 2217 abhorres?
2961 2161 3041 2216 lbi
3089 2163 3181 2217 ille
3205 2162 3420 2218 dissidii
3463 2165 3611 2232 quod

2045 2251 2188 2306 inter
2217 2252 2487 2306 Novatum
2516 2263 2570 2308 et
2595 2252 2910 2308 Cornelium
2935 2255 3195 2309 Romana:
3223 2257 3378 2311 urbis
3401 2259 3615 2326 episco-

2043 2356 2170 2410 pum
2204 2342 2306 2396 sub
2340 2342 2505 2397 Decio
2549 2346 2879 2414 imperatore
2933 2348 3038 2400 fuit
3063 2385 3078 2410 ,
3117 2348 3364 2402 meminit
3393 2366 3408 2414 ;
3439 2349 3617 2403 Novu-

2046 2443 2155 2488 tutn
2191 2434 2470 2500 videlicet,
2513 2451 2610 2495 eos
2649 2439 2743 2506 qui
2780 2447 2901 2507 post
2951 2440 3286 2509 baptismum
3328 2452 3612 2511 peccatum

2044 2527 2110 2579 ad
2161 2537 2391 2581 mortem
2446 2537 2805 2597 patrassent,
2855 2545 2918 2584 ac
2959 2532 3068 2586 diis
3121 2532 3550 2596 sacriﬁcassent,
3584 2550 3613 2585 a

2043 2620 2429 2675 communione
2490 2621 2801 2676 divinorum
2883 2624 3271 2693 mysteriorum
3329 2626 3611 2694 rejecisse,

2043 2712 2214 2767 solius
2241 2713 2359 2779 Dei,
2383 2725 2436 2769 et
2464 2729 2575 2768 non
2608 2714 2958 2770 sacerdomm
2992 2724 3318 2785 potestatem
3343 2733 3460 2771 eam
3494 2734 3613 2772 esse

2043 2802 2322 2867 dictitans,
2365 2804 2571 2858 talibus
2625 2805 2947 2861 hominibus
3000 2808 3384 2862 remissionem
3427 2808 3611 2865 delicti

2042 2893 2365 2947 concedere.
2399 2895 2478 2948 Ad
2497 2909 2660 2964 quem
2679 2911 2744 2950 ex
2778 2905 3026 2965 tempore
3047 2898 3345 2966 imperator
3368 2918 3381 2953 :
3403 2899 3609 2959 Scalas.

2044 2983 2244 3053 inquit,
2275 2984 2524 3049 admove,
2554 2984 2711 3041 Acesi
2735 3027 2750 3051 ,
2783 2997 2838 3041 et
2877 2986 3030 3042 solus
3061 2988 3114 3042 in
3155 2989 3324 3044 caelos
3354 2991 3611 3044 ascende.

369 3081 619 3153 ἐνόμιζε.
655 3081 766 3134 Καὶ
792 3079 863 3133 τὰ
889 3079 990 3150 μὲν
1023 3077 1168 3132 κατὰ
1204 3079 1304 3149 τὴν
1345 3077 1568 3131 σύνοδον
1597 3076 1743 3132 οὕτω
1777 3081 1942 3148 προέ-

2048 3073 2160 3140 Quo
2191 3074 2359 3140 dicto,
2389 3089 2498 3130 non
2535 3077 2790 3132 Acesium
2847 3078 2940 3133 ille
2980 3077 3228 3134 laudavit
3255 3123 3270 3146 ,
3301 3080 3395 3135 sed
3426 3083 3613 3150 potius

365 3176 464 3244 6η,
498 3175 576 3236 ὠς
609 3175 670 3228 έν
710 3171 963 3242 συντόμῳ
1002 3171 1200 3224 εἰπεῖν’
1229 3170 1340 3237 ἐγὼ
1366 3167 1414 3222 δ’
1448 3168 1548 3221 οὐκ
1591 3169 1810 3240 ὀκνήσω
1842 3171 1940 3222 τά-

369 3271 580 3338 σφαλὲς
615 3265 975 3337 πρυτανεύων
1019 3266 1133 3327 τοῖς
1185 3262 1621 3333 γεγραμμένοις,
1657 3263 1733 3332 μὴ
1778 3265 1873 3315 καὶ
1903 3262 1941 3316 ἃ.

369 3361 632 3433 περὶτοῦ
676 3360 832 3414 δόλου
889 3358 1000 3412 τῶν
1039 3354 1468 3427 ’Δρειομανιτῶν
1517 3353 1814 3418 Εὑστάθιος
1845 3355 1940 3407 καὶ

365 3455 698 3515 Ἀθανάσιος
749 3453 850 3520 τῆς
905 3448 1192 3508 εὐσεδείας
1225 3447 1278 3500 οἱ
1311 3444 1573 3515 πρόὸολοι
1619 3447 1936 3514 γεγράφασι

363 3549 624 3602 διελθεῖν·
660 3547 763 3598 ὅσα
802 3559 863 3596 τε
906 3540 1072 3602 αὐτὸς
1117 3541 1145 3592 ὁ
1175 3538 1466 3610 Παμφίλου
1508 3537 1772 3602 Εὐσέϐιος
1814 3543 1941 3608 περὶ

362 3641 478 3692 τῶν
508 3638 782 3702 δοξάντων
810 3638 884 3704 τῇ
908 3633 1111 3703 συνόδῳ
1168 3633 1236 3702 τῇ
1273 3631 1380 3701 ἰδίᾳ
1409 3631 1690 3700 γέγραφεν
1735 3630 1937 3698 ἐκκλη-

367 3733 499 3801 σία·
540 3732 622 3783 ἔτι
672 3728 731 3782 δὲ
776 3727 848 3781 τὰ
891 3725 1182 3797 ὁρισθέντα
1229 3725 1366 3778 πᾶσι
1426 3722 1674 3792 Πατράσι
1721 3721 1936 3784 κοινῶςυ

361 3825 511 3894 πρὸς
562 3823 620 3877 δὲ
669 3823 765 3875 καὶ
806 3820 910 3874 ὅσα
968 3820 998 3872 ό
1044 3815 1299 3888 θεοφιλὴς
1348 3816 1766 3877 Κωνσταντῖνος
1827 3816 1940 3877 τοῖς

363 3913 694 3984 ἅπανταχοῦ
730 3913 804 3982 μὴ
833 3908 1074 3980 παροῦσι
1107 3909 1216 3962 τῶν
1244 3907 1563 3962 ἐπισκόπων
1593 3908 1721 3977 περί
1755 3923 1815 3959 τε
1843 3905 1937 3960 τοῦ

359 4007 642 4074 δόγματος
673 4008 771 4055 καὶ
794 3999 890 4053 τοῦ
923 4000 1114 4067 Πάσχα
1131 4037 1146 4063 ,
1169 3999 1266 4049 καὶ
1293 3994 1529 4064 Ἀρείου,
1556 3996 1651 4049 καὶ
1673 3995 1782 4048 τῶν
1809 3997 1939 4063 περὶ

366 4101 617 4167 Ἀρειον,
652 4095 736 4146 έτι
767 4092 822 4145 δὲ
863 4092 958 4145 καὶ
984 4091 1116 4159 περὶ
1145 4087 1238 4143 τοῦ
1267 4087 1638 4158 Νικομηδείας
1662 4086 1939 4157 γέγραφεν

362 4189 660 4244 Εὑσεδίου.
701 4187 738 4238 Γ
744 4187 916 4239 ένοιτο
963 4183 1074 4253 γὰρ
1104 4181 1172 4237 ἂν
1222 4183 1287 4236 ὲκ
1327 4181 1536 4235 τούτων
1571 4181 1773 4251 μᾶλλον
1800 4181 1936 4251 δῆλα

361 4287 437 4336 τὰ
493 4284 560 4352 τῇ
614 4279 821 4347 συνόδῳ
878 4275 1219 4347 πραχθέντα.
1278 4276 1390 4330 Καὶ
1440 4275 1706 4344 πρότερόν
1757 4290 1822 4341 γε
1871 4275 1937 4328 τὰ

363 4372 678 4428 Εὑσταθίου
726 4365 837 4423 ’ποῦ’
878 4369 982 4436 τῆς
1022 4357 1354 4435 Ἀντιοχείας
1391 4365 1719 4435 ἐκθήσομαι*
1754 4367 1814 4416 ἐν
1854 4359 1938 4426 οἷς

363 4471 466 4537 τήν
518 4483 579 4518 τε
625 4463 734 4517 τῶν
774 4462 1069 4531 Ἀρειανῶν
1125 4458 1480 4528 βλασφημίαν
1539 4457 1790 4528 ἐλέγχει,
1841 4458 1937 4510 καὶ

364 4563 436 4614 τὰ
467 4559 790 4628 πραχθέντα
823 4554 1208 4608 ἀναδιδάσκει·
1259 4553 1354 4604 καὶ
1407 4557 1507 4623 τὴν
1559 4552 1717 4622 ῥῆσιν
1763 4553 1936 4622 ἑρμη-

364 4653 536 4714 νεύει,
572 4651 694 4718 τὴν,
724 4649 940 4714 Κύριος
972 4643 1176 4698 ἐκτισέ
1206 4660 1284 4712 με
1313 4644 1510 4713 ἀρχὴν
1541 4643 1696 4698 ὁδῶν
1725 4643 1934 4698 αὑτοῦ.

331 4788 338 4792 .
366 4744 576 4810 Γράφει
602 4743 660 4794 δὲ
700 4739 845 4793 οὔτω
869 4753 883 4766 ·

948 4936 1195 4988 ΚΕΦΛΛ.
1234 4935 1359 4988 AA'.

366 5026 482 5086 Οἷα
504 5030 841 5092 Είνστὰΰιος
891 5031 924 5082 ό
981 5027 1333 5093 Ἀντιοχείας
1386 5027 1483 5079 καὶ
1525 5026 1940 5093 Ἀθανάσιοςό

437 5101 880 5165 Ἀλεξανδρείας
894 5135 909 5155 .
937 5101 991 5151 οἱ
1013 5095 1122 5163 τῆς
1141 5098 1453 5161 εὐσεϐείας
1475 5099 1780 5162 πρόϐολοι.
1802 5100 1941 5166 περὶ

437 5170 557 5223 τῶν
585 5173 654 5222 ἐν
676 5169 748 5236 τῇ
781 5167 1022 5230 συνόδῳ
1056 5167 1443 5235 πραχθέντων
1471 5167 1828 5235 ἱστόρησαν.

446 5373 466 5406 ι
504 5352 686 5406 nasus
714 5350 760 5403 δ’
791 5347 1046 5400 ἐντεῦθεν
1071 5346 1165 5399 ἐπὶ
1186 5344 1253 5398 τὰ
1285 5344 1673 5415 πεπραγμένα.
1706 5345 1771 5396 Τί
1803 5345 1895 5399 οὖν
1922 5363 1937 5412 ;

371 5445 600 5515 Ἐπειδὴ
639 5444 726 5497 διὰ
747 5440 921 5495 ταῦτα
949 5439 1166 5500 σύνοδος
1192 5438 1270 5500 είς
1302 5438 1402 5506 τὴν
1433 5437 1669 5490 Νίκαιαν
1692 5438 1940 5506 ἀφικνεῖ-

356 5559 461 5595 ται
505 5539 764 5609 μεγίστη,
801 5536 930 5603 μήτι
960 5549 1024 5600 γε
1053 5532 1149 5584 καὶ
1179 5530 1554 5599 ἐϐδομήκοντα
1585 5530 1675 5581 τὸν
1709 5530 1941 5599 ἀριθμὸν

355 5633 535 5704 ὁμόσε
573 5628 978 5698 συναχθέντων.
1034 5625 1106 5677 Τὸ
1155 5624 1264 5693 γὰρ
1318 5624 1491 5691 σαφὲς
1530 5621 1617 5675 διὰ
1663 5625 1789 5684 τοὺς
1839 5623 1938 5691 τῆς

362 5723 736 5793 πολυανδρίας
801 5720 991 5790 δέλους
1045 5719 1144 5786 οὐχ
1193 5711 1304 5778 οἷός
1366 5717 1424 5767 τέ
1497 5716 1616 5783 εξμι
1663 5716 1932 5784 γράφειν,

2041 3166 2188 3236 quod
2245 3168 2546 3222 immunem
2596 3183 2627 3223 a
2673 3171 2915 3238 peccatis
2982 3186 3040 3226 se
3093 3171 3234 3226 forte
3282 3172 3614 3228 existimavit

2041 3273 2187 3322 esse,
2237 3261 2578 3329 perstrinxit.
2627 3262 2704 3316 Ac
2737 3277 2826 3318 res
2871 3262 3092 3332 quidem
3148 3265 3389 3328 concilii,
3448 3265 3610 3319 sicu:i

2043 3349 2366 3407 brevissime
2403 3355 2802 3422 exposuimus,
2854 3365 2984 3410 sunt
3049 3365 3237 3425 gestat.
3292 3355 3424 3410 Mihi
3483 3372 3612 3410 vero

2042 3457 2206 3514 grave
2230 3453 2326 3498 aut
2356 3445 2647 3500 molestum
2679 3461 2786 3500 non
2823 3446 3009 3511 fuerit,
3035 3447 3102 3501 ad
3138 3449 3298 3502 [idem
3335 3450 3607 3504 dictorum

2042 3531 2248 3586 certius
2295 3533 2751 3597 conﬁrmandam,
2804 3534 2965 3606 573
3011 3553 3131 3606 qua:
3160 3537 3228 3592 de
3260 3538 3387 3593 dolo
3424 3539 3612 3594 Iuren-

2043 3624 2179 3677 tium
2239 3625 2570 3679 Arianorum
2621 3626 2943 3682 Eustathius
2991 3636 3050 3682 et
3095 3629 3435 3686 Athanasius
3468 3646 3612 3685 verse

2041 3715 2262 3784 pietatis
2295 3716 2703 3786 propugnacula
2751 3717 3096 3786 scripserunt
3124 3759 3140 3784 ,
3179 3720 3416 3790 allegare
3440 3761 3455 3786 ,
3488 3739 3611 3791 qua:

2043 3807 2172 3862 item
2205 3807 2473 3862 Eusebius
2503 3807 2771 3876 Pamphili
2805 3810 2874 3864 de
2897 3810 3088 3880 synodi
3122 3813 3611 3870 constitutionibus

2042 3913 2154 3953 suae
2178 3897 2514 3969 signiﬁcavit
2543 3899 2820 3966 Ecclesiae,
2850 3910 3110 3970 praterea
3147 3919 3268 3972 quae
3295 3920 3323 3957 τι
3353 3905 3608 3962 Patribus

2044 3991 2316 4046 universis
2360 4000 2492 4045 sunt
2519 3996 2886 4046 communiter
2931 3994 3187 4058 decreta,
3218 3995 3454 4067 denique
3490 4013 3611 4068 qua:

2044 4084 2155 4138 Deo
2188 4083 2388 4138 chartis
2425 4082 2820 4137 Constantinus
2858 4085 2925 4138 ad
2957 4100 3322 4154 quoscunque
3351 4087 3610 4143 absentes

2044 4173 2332 4243 episcopos
2369 4173 2438 4227 de
2466 4172 2588 4226 lidei
2619 4174 2889 4244 dogmate,
2919 4176 2986 4229 de
3027 4176 3291 4231 Paschate
3317 4222 3332 4243 ,
3385 4179 3452 4234 de
3480 4181 3610 4233 Aria

2043 4265 2268 4335 ejusque
2299 4266 2683 4329 sectatoribus,
2721 4277 2776 4320 et
2825 4267 2893 4322 de
2935 4269 3051 4337 ipso
3094 4271 3328 4325 Eusebio
3358 4272 3610 4327 Nicon‘ie-

2042 4357 2218 4411 diensi
2273 4358 2514 4428 scripsit.
2541 4357 2621 4412 Ex
2667 4358 2733 4412 iis
2765 4360 2911 4414 enim
2963 4361 3198 4416 maxime
3247 4364 3438 4434 synodi
3489 4376 3609 4420 acta

2045 4459 2462 4520 cognoscentur.
2519 4452 2588 4506 Et
2639 4452 2874 4521 primum
2937 4453 3218 4509 Eustathii
3276 4457 3608 4513 Antiocheui

2043 4543 2282 4612 episcopi
2317 4543 2479 4597 verba
2514 4559 2824 4612 exponam,
2859 4546 3058 4614 quibus
3097 4546 3422 4602 Arianorum
3468 4551 3611 4604 blas-

2043 4633 2319 4703 phemiam
2371 4635 2675 4705 redarguit,
2722 4647 2778 4689 et
2807 4652 2920 4690 rem
2957 4649 3162 4705 gestam
3195 4640 3357 4695 docet
3387 4659 3402 4694 :
3443 4652 3609 4712 atque

2045 4728 2269 4795 insuper
2308 4726 2514 4781 dictum
2547 4727 2702 4789 illud.
2735 4727 2993 4782 Dominus
3022 4733 3219 4784 creavit
3257 4750 3336 4786 me
3366 4734 3429 4787 ab
3459 4736 3607 4789 initio

2045 4818 2249 4871 viarum
2283 4834 2528 4884 suarum,
2565 4819 2980 4888 interpretatur.
3011 4822 3113 4887 Qui
3142 4824 3222 4877 sic
3257 4825 3466 4881 scribit.

2626 4934 3023 4992 CAPU'P'XXI.

2048 5024 2242 5090 Qualia
2279 5025 2584 5080 Eustathius
2639 5026 3008 5090 Antioc/tcnus,
3049 5041 3095 5082 et
3140 5032 3456 5088 Athanasius
3490 5035 3610 5088 Alc-

2115 5097 2427 5173 ajandrinus,
2474 5097 2697 5173 episcopi
2715 5138 2736 5173 _,
2765 5114 2900 5151 vera:
2931 5101 3143 5168 pietatis
3174 5114 3605 5173 propugnatores,

2117 5169 2181 5246 de
2237 5167 2421 5236 synodi
2478 5168 2608 5220 acu’s
2648 5167 2902 5222 'Itistoriw
2934 5167 3297 5224 ’mouum‘entn
3342 5167 3610 5239 'prodide-

2121 5247 2245 5288 τιηι.

2126 5367 2143 5398 ι
2170 5347 2251 5402 Ad
2279 5361 2394 5401 rem
2429 5348 2600 5416 ipsam
2623 5388 2638 5413 ,
2669 5357 2730 5402 ut
2767 5363 2915 5419 geSta
2952 5358 3056 5412 est,
3100 5350 3440 5420 progredior.
3469 5350 3608 5417 Quid

2049 5441 2216 5510 igitur
2236 5439 2356 5492 est?
2385 5438 2681 5506 Postquam
2715 5455 2806 5492 eas
2833 5441 2901 5495 ob
2929 5456 3123 5494 causas
3154 5439 3345 5496 Nicteae
3367 5445 3612 5511 synodus

2049 5540 2236 5586 coacta
2272 5537 2355 5583 est
2399 5529 2633 5581 maxima
2667 5528 3067 5596 (convenerunt
3095 5530 3244 5583 enim
3287 5546 3354 5586 eo
3387 5531 3612 5588 ducenti

2047 5629 2102 5675 et
2165 5619 2506 5690 septuaginta
2572 5619 2688 5672 fere
2748 5626 3014 5686 praeterea
3065 5619 3313 5692 episcopi
3335 5641 3380 5688 °,,
3404 5633 3613 5678 certum

2049 5714 2198 5768 enim
2230 5725 2536 5777 numerum,
2581 5717 2805 5779 propter
2837 5719 3040 5766 tantam
3100 5715 3472 5772 multitudinis
3501 5729 3618 5770 tur-
