3972 6200
335 241 430 301 -79

1574 236 1999 300 NICEPIlORl
2041 239 2127 298 CA
2139 238 2387 298 LLlSTI

3537 237 3606 299 80

333 354 505 415 .bam,
537 348 742 405 referre
780 363 1016 418 nequeo,
1051 363 1231 416 neque
1273 346 1326 401 id
1357 346 1493 401 adeo
1526 363 1721 416 magno
1750 347 1932 401 studio

2056 346 2222 416 ,thi;
2255 347 2332 417 μὴ
2369 345 2548 416 πάντη
2575 343 2732 398 τοῦτο
2784 346 3269 417 περισπουδάστως
3301 346 3601 416 ἀνίχνευον.

359 446 829 512 sumserutatus),
863 442 954 496 ubi
983 441 1050 495 de
1095 440 1219 494 fidei
1262 441 1474 493 ratione
1501 449 1586 494 est
1609 439 1925 508 quaesitum,

358 536 586 607 perinde
613 545 776 604 atque
802 533 1150 586 manifestqu
1183 540 1566 601 argumentum
1590 539 1756 599 atque
1783 531 1928 583 indi-

359 629 509 683 cium
538 625 914 696 blaSphcmiae,
934 623 1152 679 Eusebii
1174 625 1436 692 scriptum
1463 632 1547 676 est
1572 622 1925 692 productum,

359 718 506 789 quod
555 717 624 781 in.
658 714 949 787 praesentia
980 714 1225 768 omnium
1261 715 1494 776 lectutu,
1545 728 1670 765 cum
1715 711 1926 764 variqu

340 807 709 866 auditoribus
737 815 952 861 motum.
986 814 1214 875 propter
1239 819 1548 874 perversam
1574 802 1928 870 depravatio-

362 919 510 967 nem,
542 911 656 956 tum
686 899 898 954 auctori
934 897 1054 967 ipsi
1103 897 1360 966 probrum
1393 895 1577 950 attulit
1607 895 1928 950 maximum.

361 996 722 1062 Posmaquam
759 1001 942 1045 autem
990 997 1220 1044 conatus
1270 987 1656 1042 fraudulentus
1706 985 1928 1041 Eusebii

362 1083 658 1138 manifesto
687 1090 772 1136 est
801 1080 1202 1150 deprehensus,
1247 1089 1302 1133 et
1345 1079 1608 1146 scriptum
1648 1075 1931 1145 iniquissi-

367 1188 514 1226 mum
559 1173 612 1225 in
641 1183 937 1240 conspectu
986 1171 1232 1223 omnium
1281 1168 1641 1237 discerptttm,
1671 1181 1736 1220 ex
1783 1181 1934 1221 com-

365 1267 547 1334 posito
582 1262 830 1318 nonnulli
860 1261 1259 1331 paciﬁcationis
1301 1274 1499 1314 nomen
1527 1273 1638 1328 prae
1662 1273 1719 1313 se
1750 1257 1934 1312 feren-

365 1367 486 1420 tes,
540 1354 880 1418 ctl'ecerunt,
917 1363 979 1406 ut
1015 1352 1108 1421 qui
1159 1351 1360 1420 optime
1397 1350 1700 1406 sententias
1745 1349 1930 1404 dicere

366 1451 512 1505 soliti
549 1451 788 1513 fuerant,
822 1447 1067 1502 silerent.
1109 1445 1297 1500 Ariani
1331 1460 1488 1508 vero,
1522 1454 1832 1499 metuentes
1860 1459 1931 1498 ne

368 1551 476 1594 tam
506 1539 808 1610 frequentis
831 1537 1049 1592 concilii
1088 1537 1306 1590 decreto
1350 1535 1595 1590 damnati
1627 1536 1933 1606 relegaren-

369 1642 480 1696 tur,
531 1633 744 1702 priores
778 1630 880 1700 ipsi
929 1629 1202 1683 sententia
1241 1643 1339 1682 sua
1373 1630 1690 1698 abrogatum
1737 1628 1931 1698 dogma

2044 439 2136 500 Ὠς
2183 438 2240 490 δὲ
2287 439 2533 506 ἐζητεῖτο
2581 437 2678 507 τῆς
2729 439 2968 501 πίστεως
3025 441 3053 491 6
3105 443 3328 508 τρόπος,
3370 439 3609 510 ἐναργὴς

2035 525 2135 594 μὲν
2173 525 2393 594 ἐλεγχος
2452 524 2514 576 τὸ
2557 524 2794 594 γράμμα
2825 525 2922 594 τῆς
2948 526 3213 578 Εύσεϐίου
3244 525 3610 596 προύϐάλλετο

2033 618 2384 688 βλασφημίας
2411 632 2425 648 ⁸
2464 619 2557 670 ἐπὶ⁸
2626 618 2846 671 πάντων
2895 619 2952 671 δὲ
3004 618 3372 687 ἁναγνωσθὲν,
3409 619 3612 673 αὐτίκα

2035 712 2325 781 συμφορὰν
2367 711 2471 782 μὲν
2502 711 2856 782 ἀστάθμητον
2881 714 2981 782 τῆς
3002 711 3280 782 ἐκτροπῆς
3307 713 3470 764 ἕνεκα
3496 717 3612 774 τοῖς

2033 805 2326 873 αὑτηκόοις
2393 805 2680 876 προξενεῖ·
2749 805 3012 876 αἰσχύνην
3074 806 3120 858 δ’
3182 805 3482 875 ἀνήκεστον
3535 805 3613 874 τῷ

2036 897 2313 966 γράψαντι
2379 899 2666 967 παρεῖχεν.
2721 897 2941 968 Ἐπειδὴ
2993 897 3056 960 δὲ,
3129 897 3191 949 τὸ
3247 898 3613 968 ἐργαστήριον

2033 988 2143 1042 τῶν
2193 989 2342 1056 ἀμφὶ
2405 989 2497 1040 τὸν
2558 987 2820 1041 Εύσέϐιον
2874 989 3064 1057 σαφῶς
3120 989 3303 1052 ἑάλω,
3349 989 3443 1042 τοῦ
3501 1006 3612 1042 πλ-

2018 1081 2288 1150 ⁷ρανόμου
2340 1081 2670 1150 γράμματος
2732 1079 3123 1152 διαρραγέντος
3177 1082 3269 1136 ὑπ’
3307 1081 3427 1151 ὄψει
3461 1085 3615 1135 »πάν-

2033 1190 2142 1226 των
2190 1171 2324 1243 ὁμοῦ
2357 1212 2372 1236 ,
2441 1172 2586 1235 τινὲς
2633 1173 2694 1226 ὲκ
2769 1173 3044 1240 συσκευῆς
3103 1172 3342 1243 τοῦνομα
3373 1173 3617 1244 προϐαλ-

2033 1271 2258 1340 λόμενοι
2301 1267 2404 1336 τῆς
2459 1267 2725 1336 εἰρήνης,
2787 1269 3156 1336 κατεσίγησαν
3217 1268 3315 1336 μὲν
3369 1269 3616 1328 ἃπαντας

2032 1362 2158 1426 τοὺς
2215 1364 2411 1432 ἄριστα
2470 1365 2645 1432 λέγειν
2681 1361 2938 1430 εἰωθότας
2968 1375 2982 1390 ⁸
3019 1362 3070 1412 οἱ
3102 1360 3160 1412 δὲ
3205 1358 3617 1429 ’Δρειομανῖται

2033 1455 2314 1518 δείσαντες
2354 1460 2567 1527 μήποτε
2620 1456 2728 1524 ἄρα
2762 1456 3034 1523 τοσαύτης
3075 1452 3295 1505 συνόδου
3349 1452 3407 1502 ἐν
3439 1449 3618 1517 τούτῳ

2037 1546 2561 1614 συγκεκροτημένης
2597 1543 3076 1613 ὲξοστρακισθεῐεν
3103 1581 3118 1606 ,
3150 1537 3618 1608 ἀναθεματίζουσι

2047 1635 2146 1706 μὲν
2175 1636 2629 1705 προπηδήσαντες
2661 1636 2722 1688 τὸ
2753 1632 3212 1707 ἀπηγορευμένον
3243 1631 3441 1700 δόγμα’
3476 1646 3616 1698 συμ-

371 1725 717 1778 anatbemate
770 1720 1134 1792 jugularunt;
1171 1729 1228 1774 et
1300 1717 1767 1774 consentientibus
1815 1693 1940 1771 van-

2056 1693 2249 1796 lgtbvot.‘
2298 1693 2360 1782 δέ
2398 1693 2721 1800 γράμμασιν
2752 1693 3073 1797 αὐτογειρία
3111 1693 3460 1794 ὑπέγραιξμαν.
3495 1693 3620 1773 Τι’ὖν

367 1814 746 1870 potationibus
798 1812 1129 1882 professioni
1179 1811 1299 1866 fidei
1348 1810 1600 1864 manibus
1662 1810 1764 1879 ipsi
1825 1809 1940 1864 suis

367 1908 857 1976 subscripserunt,
914 1915 970 1958 et
1030 1903 1438 1974 episcopalibus
1514 1918 1612 1972 per
1688 1901 1943 1957 ambitio~

370 2016 497 2057 netn
539 2009 593 2054 et
639 1996 1224 2054 circumcursationem
1274 1996 1564 2051 maximam
1600 2010 1796 2049 manus
1825 1993 1943 2064 ple-

367 2109 665 2163 i-orumque
734 2099 1096 2162 prensantes,
1145 2089 1240 2159 qui
1314 2089 1692 2159 pmnitentiam
1759 2086 1942 2158 potius

367 2202 529 2257 agere
581 2185 924 2248 debuissent,
955 2183 1218 2247 retentis;
1270 2190 1495 2252 postea,
1525 2196 1674 2235 nunc
1718 2180 1939 2250 quidem

365 2277 728 2343 clandestine,
750 2275 912 2346 574
940 2289 1089 2329 nunc
1120 2285 1305 2328 autem
1337 2273 1621 2343 propalam
1653 2271 1938 2326 damnatas

365 2371 606 2426 docuere
636 2369 924 2438 opiniones
954 2374 1010 2421 et
1038 2366 1206 2420 variis
1236 2380 1301 2420 ea
1332 2366 1390 2418 in
1411 2379 1470 2419 re
1503 2365 1588 2418 usi
1616 2374 1747 2419 sunt
1777 2379 1939 2434 argu-

367 2463 568 2517 mentis
593 2471 647 2517 et
678 2461 914 2516 insidiis.
941 2460 1009 2513 Et
1037 2474 1161 2512 cum
1192 2473 1428 2528 pangere
1460 2458 1936 2513 vellent.zizanio-

368 2569 488 2608 rum
514 2556 749 2624 plantas,
780 2552 849 2606 ab
896 2551 1214 2605 hominibus
1246 2550 1440 2620 peritis
1473 2549 1580 2604 sibi
1611 2559 1936 2614 metuentes,

367 2663 486 2716 eos,
513 2662 540 2700 a
575 2646 774 2716 quibus
819 2640 1158 2714 deprehendi
1200 2651 1480 2711 poterant,
1514 2642 1854 2718 devitarunt,
1885 2651 1940 2697 et

365 2739 507 2794 alios
557 2753 700 2792 verae
752 2736 976 2807 pietatis
1034 2748 1316 2804 praecones
1365 2744 1528 2803 atque
1595 2733 1940 2803 professores

368 2827 747 2883 fraudulenter
791 2832 1192 2893 expugnarunt.
1249 2819 1367 2876 Non
1413 2822 1690 2877 credimus
1731 2835 1938 2892 autent,

2045 1820 2100 1872 δὲ
2137 1820 2437 1890 προεδριῶν
2470 1821 2558 1873 διὰ
2589 1820 2847 1889 πλείστης
2879 1819 3010 1888 ὅσης
3043 1815 3384 1885 περιδρομῆς
3411 1817 3622 1882 κρατη-

2047 1929 2260 1976 σαντες,
2285 1913 2401 1965 δέον
2419 1913 2612 1974 αὐτοὺς
2638 1913 2953 1965 ὑπόπτωσιν
2977 1910 3297 1979 λαμϐάνειν,
3336 1907 3466 1959 ποτε
3504 1907 3607 1975 μὲν

2042 2003 2370 2073 λεληθότως,
2421 2006 2553 2057 ποτὲ
2586 2004 2643 2056 δὲ
2677 2003 2969 2074 προφανῶς
3018 2004 3116 2064 τὰς
3144 1999 3620 2070 ἀποψηφισθείσας

2049 2095 2417 2164 πρεσϐεύουσι
2462 2095 2641 2160 δόξας,
2685 2095 2968 2165 διαφόροις
3014 2094 3462 2154 ἐπιϐουλεύοντες
3498 2093 3615 2152 τοῖς

2048 2189 2314 2257 ἐλέγχοις.
2368 2188 2694 2256 Βουλόμενοι
2744 2189 2801 2241 δὲ
2865 2187 3149 2256 παγιῶσαι
3193 2187 3261 2238 τὰ
3319 2184 3620 2253 ζιζανιὼδη

2047 2279 2504 2349 φυτουργήματα,
2533 2278 2830 2340 δεδοικότες
2859 2278 2984 2340 τοὺς
3011 2276 3416 2346 ἐπιγνώμονας,
3439 2275 3623 2328 ἐκκλί-

2046 2388 2197 2423 νουσι
2232 2372 2358 2433 τοὺς
2389 2372 2770 2441 ἐφόρουςνκαὶ
2802 2371 2978 2442 ταύτῃ
3017 2371 3145 2434 τοὺς
3180 2371 3282 2441 τῆς
3319 2368 3624 2432 Εύσεϐείας

2033 2465 2293 2534 κήρυκας
2327 2464 2757 2532 ὲκπολεμοῦσιν.
2793 2466 2906 2533 Οιύχ
2936 2464 3109 2526 οὕτως
3163 2464 3218 2516 δὲ
3270 2463 3622 2530 πισ;εύομεν,

2046 2557 2124 2618 ὡς
2159 2556 2483 2626 ἀνθρώπους
2533 2557 2731 2620 ἀθέους
2778 2557 3043 2609 δύνασθαι
3078 2558 3352 2626 κρατῆσαι
3399 2555 3626 2606 πώποτε

2029 2647 2140 2699 ,τοῦ
2186 2648 2358 2702 θείου.
2418 2649 2537 2702 Κὶν
2586 2653 2693 2718 γάρ
2737 2648 2900 2702 πάλιν
2952 2648 3255 2718 ἰσχύσωσι,
3297 2649 3393 2699 καὶ
3460 2645 3626 2698 πάλιν

2047 2740 2494 2810 ἡττηθήσονται,
2547 2743 2691 2794 κατά
2759 2742 2850 2796 τὸν
2916 2741 3264 2813 σεμνόφωνον
3335 2741 3629 2810 προφήτην

2057 2830 2120 2883 Ἦ
2133 2833 2312 2886 σαϊαν.
2349 2850 2370 2885 ι

371 2927 567 2996 impios
617 2933 778 2994 atque
828 2923 948 2976 sine
1009 2920 1117 2974 Deo
1171 2919 1417 2973 homines
1469 2918 1654 2974 divino
1706 2922 1931 2978 numine
1973 2941 2213 2996 unquam
2279 2928 2396 2985 fore
2443 2933 2778 3000 superiores.
2834 2931 3060 2986 Etiamsi
3091 2931 3235 2985 enim
3284 2945 3477 2985 rursus
3545 2928 3634 2984 in-

372 3025 674 3085 valescant,
713 3034 931 3074 rursum
973 3027 1155 3072 tamen
1223 3018 1551 3085 vincentur,
1615 3018 1768 3088 juxta
1823 3023 2247 3094 grandiloquum
2287 3037 2341 3080 et
2374 3042 2596 3098 gravem
2639 3028 2962 3098 prophetam
2991 3025 3203 3094 Isaiam,
3236 3035 3342 3082 etc.
3382 3044 3404 3079 ι

447 3115 569 3170 llaec
623 3111 860 3183 inagnus
909 3111 1000 3166 ille
1031 3111 1365 3166 Eustathius.
1400 3112 1504 3178 Qui
1557 3129 1690 3169 vero
1750 3131 1816 3169 eo
1862 3118 1946 3170 vel
1975 3133 2016 3187 ρ

375 3208 581 3260 virtute
618 3205 703 3258 vel
763 3203 983 3272 pietatis
1028 3202 1377 3256 aemulatione
1428 3201 1656 3257 inferior
1703 3219 1811 3258 non
1847 3215 1955 3270 cst,

378 3294 844 3352 ceiebratissitnus
860 3293 1298 3359 Athanasius,ad
1331 3294 1492 3348 Afros
1541 3295 1812 3358 scribens,
1845 3297 1961 3352 haec

379 3390 580 3443 infert:
625 3407 643 3439 ι
673 3387 926 3456 Episcopi
950 3387 1042 3455 qui
1065 3397 1459 3451 convenerant,
1479 3401 1602 3440 cum
1639 3388 1859 3443 abolere
1890 3389 1959 3444 ab

379 3481 596 3536 Arianis
619 3479 954 3548 excogitatas
1009 3479 1302 3550 impietatis
1357 3495 1520 3534 voces
1568 3479 1688 3533 illas
1728 3483 1813 3549 (ex
1849 3495 1958 3534 non

379 3572 776 3628 assistentibus
796 3580 1106 3626 creaturam
1127 3586 1248 3626 esse
1267 3582 1327 3626 et
1353 3569 1617 3626 facturam
1641 3571 1860 3637 Filium,
1881 3582 1956 3637 et,

388 3668 520 3720 lirat
543 3664 832 3734 aliquando
852 3674 1067 3732 tempus
1093 3679 1219 3717 cutn
1245 3679 1353 3718 non
1383 3675 1526 3728 erat,
1549 3675 1604 3720 et
1623 3665 1766 3734 quod
1786 3676 1964 3721 muta-

384 3760 510 3812 bilis
546 3757 617 3812 sit
647 3757 905 3824 naturae),
929 3766 1091 3825 atque
1119 3771 1211 3810 cas
1243 3771 1363 3824 qua:
1382 3772 1447 3811 cx
1467 3756 1709 3826 professo
1739 3758 1794 3811 in
1812 3759 1959 3813 Scri-

384 3852 560 3921 pturis
612 3859 735 3904 sunt
792 3848 1398 3918 promulgare-vellent,
1437 3849 1583 3918 quod
1633 3850 1844 3905 scilicet
1889 3866 1958 3905 ex

383 3945 496 3997 Deo
527 3942 695 3996 Filius
737 3953 931 3994 natura
989 3941 1304 4010 unigenitus
1353 3950 1437 3994 est
1475 3939 1953 4010 \‘erbuni,-virtus,

388 4033 656 4100 sapientia
689 4031 805 4086 sola
837 4031 1035 4096 Patris,
1058 4031 1198 4085 Deus
1229 4040 1490 4094 verus,ut
1516 4031 1755 4086 Joannes
1783 4032 1955 4098 dixit;

386 4138 440 4179 ιι
472 4138 528 4180 ut
574 4127 775 4180 Paulus
805 4125 1064 4193 scripsit,
1113 4123 1615 4193 resplendescentia
1655 4126 1860 4193 glorias,
1904 4135 1960 4178 et

387 4234 645 4288 expressa
678 4218 855 4286 imago
905 4216 1275 4270 subsistentia:
1326 4214 1503 4268 Patris
1536 4217 1576 4279 ⁸,
1607 4215 1901 4268 Eusebiani
1928 4231 1958 4267 a

388 4311 608 4381 propria
641 4308 844 4362 insana!
879 4306 1155 4376 Opinionis
1196 4305 1551 4374 persuasione
1604 4304 1956 4358 transs'ersim

389 4405 521 4466 acti,
573 4403 718 4456 inter
766 4415 825 4455 se
873 4409 1002 4452 sunt
1035 4397 1337 4451 collocuti:
1390 4397 1612 4451 Pactum
1655 4397 1912 4451 feriamus
1941 4438 1954 4460 ,

2132 3123 2190 3174 '0
2235 3123 2334 3192 μὲν
2383 3120 2477 3177 οὖν
2528 3123 2695 3186 πολὺς
2741 3125 3039 3186 Εὑστάθιος
3090 3122 3299 3176 ταῦτα’
3347 3125 3376 3175 6
3427 3122 3483 3174 δὲ
3530 3120 3632 3194 τὴν

2065 3213 2386 3283 ἀρετὴν-οὐχ
2425 3211 2613 3287 ἦττον,
2644 3214 2677 3284 ἦ
2711 3216 2804 3266 καὶ
2851 3216 2942 3268 τὸν
2972 3215 3112 3280 ὑπὲρ
3149 3212 3435 3276 εὐσεϐείας
3464 3214 3636 3283 ζῆλον

2070 3306 2446 3376 πολυύμνητος
2513 3309 2836 3368 Ἀθανάσιος
2870 3346 2886 3370 ,

2067 3405 2160 3457 καὶ
2187 3403 2362 3456 ταῦτα
2394 3402 2648 3466 διέξεισι·
2690 3405 2838 3455 «Τῶν
2863 3403 2971 3472 γάρ
3005 3402 3369 3455 συνελθόντων
3409 3403 3633 3454 ἐπισκό-

2068 3514 2185 3548 πων
2216 3496 2553 3566 βουλομένων
2575 3496 2669 3558 τάς
2691 3497 2791 3564 μὲν
2814 3498 2963 3565 παρὰ
2985 3497 3092 3548 τῶν
3141 3496 3437 3563 ’Λρειανών
3467 3495 3632 3562 ἐφευ-

2067 3590 2322 3659 ρεθείσας
2375 3589 2476 3655 τῆς
2531 3589 2790 3652 ἀσεϐείας
2823 3587 2996 3652 λέξεις
3029 3588 3260 3654 ἀνελεῖν,
3293 3591 3372 3650 τὸ,
3417 3588 3502 3652 Ἐξ
3535 3589 3636 3638 οὐκ

2065 3681 2254 3744 ὅντων,
2280 3681 2373 3733 καὶ
2399 3681 2458 3732 τὸ
2482 3681 2658 3748 λέγειν
2689 3681 2895 3749 κτίσμα
2923 3685 3015 3734 καὶ
3035 3681 3244 3748 ποίημα
3270 3681 3359 3731 τὶν
3377 3679 3520 3732 Υίὸψ
3543 3679 3638 3731 οιαὶ

2064 3777 2146 3836 τὸ,
2182 3768 2290 3826 Ἦν
2326 3773 2454 3826 ποτὲ
2491 3776 2579 3826 ότε
2605 3773 2706 3825 οὐκ
2733 3769 2836 3842 ἦν’
2866 3775 2963 3824 καὶ
2997 3773 3079 3824 ὅτι
3110 3774 3352 3842 τρεπτῇς
3385 3773 3502 3822 ἐστι
3537 3771 3637 3838 φύ-

2068 3882 2206 3927 σεως
2237 3878 2251 3893 ⁶
2283 3866 2382 3928 τὰς
2413 3865 2471 3918 δὲ
2502 3865 2610 3917 τῶν
2662 3865 2897 3935 Γραφῶν
2930 3866 3371 3934 όμολοχουμωας
3405 3863 3633 3933 γράψαι·

2065 3958 2148 4010 ὅτι
2180 3975 2238 4009 τε
2293 3959 2353 4010 ἐκ
2402 3957 2496 4010 τοῦ
2545 3957 2681 4010 Θεοῦ
2718 3960 2746 4010 6
2790 3957 2916 4019 Υἱὸς
2977 3957 3136 4024 φύσει
3183 3958 3480 4024 μονογενής
3523 3960 3639 4008 ἐστι

2073 4049 2266 4114 Λόγος,
2301 4047 2554 4115 δύναμις,
2590 4049 2752 4116 σοφία
2785 4050 2921 4118 μόνη
2953 4047 3048 4100 τοῦ
3072 4049 3307 4116 Πατρὶς,
3341 4048 3472 4109 Θεὸς
3501 4047 3636 4116 άληο

2066 4139 2232 4208 θινὸς,
2261 4141 2333 4202 ὠς
2381 4135 2536 4192 εἶπεν
2560 4143 2588 4195 6
2629 4141 2906 4210 Ἰωάννης,
2931 4143 3026 4195 καὶ
3051 4141 3122 4201 ὼς
3163 4139 3400 4209 ἔγραψεν
3431 4141 3458 4191 6
3493 4139 3640 4191 Παῦ-

2065 4229 2151 4290 λος
2175 4269 2190 4292 ,
2227 4231 2570 4301 ἀπαύγασμα
2607 4233 2702 4300 τῆς
2743 4232 2902 4301 δόξης
2953 4235 3047 4285 καὶ
3087 4233 3372 4302 χαρακτὴρ
3399 4232 3498 4299 τῆς
3542 4231 3640 4284 τοῦ

2066 4319 2277 4387 ΙΙατρδς
2301 4320 2672 4384 ὑποστάσεως·
2703 4323 2750 4374 oi
2780 4321 2908 4388 περὶ
2947 4322 3205 4374 Εὑσὲὅιον
3238 4322 3342 4372 ὑπὸ
3375 4321 3473 4388 τῆς
3506 4320 3640 4383 ίδίας

2071 4408 2399 4472 κακοδοξίας
2443 4409 2749 4478 ἑλκόμενοι,
2797 4409 3077 4461 διελάλουν
3111 4409 3362 4474 ἀλλήλοις
3388 4425 3402 4439 ·
3433 4407 3645 4461 Συνθώ-

2971 3309 3200 3376 Ἀφροις
3262 3307 3595 3359 ἐπιστέλλων
3616 3348 3631 3371 ,

391 4512 517 4548 nam
549 4503 603 4548 et
629 4507 729 4547 nos
755 4508 820 4546 ex
847 4491 959 4544 Deo
985 4505 1193 4545 sumus.
1229 4488 1380 4545 Unus
1413 4490 1562 4542 enim
1590 4501 1672 4542 est
1707 4489 1872 4550 Deus,
1903 4505 1949 4543 ei

2079 4501 2221 4569 μεθα
2247 4516 2259 4530 ο
2320 4503 2413 4554 καὶ
2458 4501 2567 4569 γὰρ
2609 4502 2705 4554 καὶ
2751 4503 2909 4568 ἡμεῖς
2935 4503 2999 4552 ὲκ
3031 4500 3124 4552 τοῦ
3158 4501 3293 4553 θεοῦ
3338 4503 3526 4566 ἔσμεν
3562 4495 3645 4563 εἷς

396 4600 506 4654 quo
532 4587 744 4649 omnia;
778 4593 831 4636 et
858 4589 1042 4636 vetera
1071 4581 1478 4650 praeterierunt,
1499 4595 1630 4634 ecce
1651 4596 1790 4633 nova
1825 4579 1967 4634 facta

395 4689 524 4732 sunt
575 4677 757 4730 Oumia
789 4675 925 4740 ’,οι
973 4673 1084 4727 Deo
1117 4682 1299 4724 autem
1349 4672 1554 4724 omnia.
1617 4671 1674 4724 In
1731 4680 1967 4724 mentem

401 4785 619 4838 quoque
666 4768 746 4822 eis
773 4767 943 4829 venit,
974 4762 1122 4833 quod
1176 4764 1232 4816 in
1264 4761 1486 4816 Pastore
1533 4767 1797 4832 scriptum
1845 4773 1972 4829 est;

394 4862 637 4916 l‘iltnum
683 4859 929 4914 omnium
956 4857 1138 4922 crede,
1171 4871 1337 4910 unum
1373 4871 1492 4908 eSse
1529 4855 1718 4917 Deum,
1741 4854 1833 4924 qni
1861 4870 1977 4908 om-

397 4973 488 5011 nia
527 4953 795 5009 creaverit
830 4963 884 5006 et
912 4952 1222 5022 perfecerit,
1262 4958 1426 5018 atque
1471 4965 1500 5002 e
1538 4949 1709 5001 nihilo
1751 4949 1802 5002 in
1837 4949 1966 5004 sub-

397 5047 655 5102 stantiam
711 5042 1020 5096 deduxerit.
1066 5041 1136 5093 At
1181 5039 1450 5109 episcopi,
1507 5037 1600 5092 ubi
1663 5039 1961 5092 versutiam

401 5143 620 5196 illorum
655 5148 819 5207 atque
858 5135 1166 5203 impietatis
1213 5134 1504 5203 malignam
1549 5131 1798 5184 fraudem
1849 5132 1969 5184 ani-

400 5234 830 5293 inadvcrterunl,
858 5225 1269 5281 dilucidaudum
1305 5240 1445 5302 esse,
1479 5222 1621 5292 quod
1653 5239 1717 5276 ex
1753 5223 1860 5276 Deo
1887 5223 1970 5276 di-

399 5328 565 5387 citur,
605 5324 722 5384 rati,
778 5336 844 5374 ex
873 5319 1184 5372 substantia
1217 5317 1293 5384 (Ι)
1332 5316 1423 5369 Dei
1448 5330 1568 5369 csse
1603 5315 1797 5369 Filium
1833 5315 1968 5369 SCll-

475 5420 488 5448 '
521 5418 685 5472 Hebr.
724 5431 760 5478 I,
787 5414 837 5466 5.
919 5413 938 5441 ¹
966 5409 1007 5463 ll
1043 5409 1171 5464 Cor.
1211 5407 1384 5469 v.17.

474 5533 547 5600 (1)
599 5532 790 5594 οὐσία,
829 5525 1132 5583 substantia
1179 5526 1294 5579 sive
1335 5523 1827 5600 essetili.i__dicitur
1863 5541 1874 5575 :
1912 5539 1966 5600 et

403 5592 648 5656 lioc'illo
696 5592 1091 5667 significantius
1136 5605 1222 5667 est
1278 5599 1523 5648 verbum.
1568 5593 1679 5662 Ego
1729 5609 1873 5667 vero
1911 5592 1962 5645 in

405 5672 668 5726 \crlClttlU
706 5664 801 5736 pro
833 5669 1069 5722 essenliw
1113 5666 1435 5720 substantia:
1473 5667 1638 5720 verbo
1666 5664 1743 5718 uti
1772 5665 1961 5726 malm,

2073 4590 2178 4656 γὰρ
2208 4587 2360 4648 θεὸς,
2388 4587 2445 4654 ἐξ
2488 4582 2548 4640 οὗ
2585 4591 2652 4640 τά
2701 4590 2880 4642 πάντα
2906 4606 2922 4622 ο
2957 4593 3052 4642 καὶ
3075 4590 3139 4642 τά
3190 4590 3391 4659 ἀρχαῖα
3435 4591 3646 4659 παρῆ)-

2077 4680 2189 4732 θεν·
2235 4679 2348 4732 ἰδοὺ
2387 4681 2578 4748 γέγονε
2631 4683 2696 4733 τὰ
2731 4682 2908 4734 πάντα
2949 4685 3129 4734 καινά·
3169 4683 3236 4733 τά
3269 4683 3322 4734 δὲ
3357 4683 3532 4735 πάντα
3581 4684 3641 4734 ὲν

2085 4773 2181 4824 τοῦ
2225 4772 2384 4826 Θεοῦ.
2441 4773 2784 4839 Ὶ.λογίζοντο
2823 4778 2928 4844 γὰρ
2972 4778 3066 4828 καὶ
3095 4779 3156 4827 τὸ
3196 4778 3253 4828 ὲν
3302 4776 3377 4846 τῷ
3405 4777 3647 4844 Ποιμένι

2081 4865 2315 4935 γραφέν·
2357 4866 2582 4936 Πρῶτον
2623 4867 2845 4919 πάντων
2887 4869 3216 4933 πίστευσον,
3259 4869 3341 4921 ὃτι
3390 4863 3471 4929 εἷς
3502 4870 3650 4920 ἐστιν

2077 4960 2104 5010 6
2138 4957 2306 5019 Θεὸς,
2361 4961 2388 5010 ὁ
2428 4961 2493 5010 τὰ
2524 4958 2701 5011 πάντα
2770 4960 2965 5023 κτίσας
3017 4961 3114 5013 καὶ
3161 4962 3520 5031 καταρτίσας,
3554 4964 3650 5014 καὶ

2079 5049 2311 5117 ποιήσας
2337 5051 2398 5100 ἐκ
2419 5049 2510 5100 τοῦ
2543 5051 2616 5117 μὴ
2644 5050 2794 5112 δντος
2819 5053 2896 5113 είς
2917 5051 2979 5104 τὸ
3009 5047 3173 5106 εἶναι.
3191 5053 3331 5105 ’Ἀλλ’
3351 5054 3398 5105 οί
3428 5053 3650 5104 ἐπίσκο-

2080 5153 2172 5187 ποι
2219 5136 2597 5206 θεωρήσαντες
2648 5137 2748 5204 τὴν
2789 5141 3126 5211 κακουργίαν
3172 5142 3395 5194 ἐκείνων
3425 5143 3520 5194 καὶ
3547 5143 3649 5209 τὴν

2081 5228 2146 5296 τῆ
2222 5228 2477 5290 ἀσεϐείας
2512 5230 2893 5298 κακοτεχνίαν,
2929 5232 3253 5302 λευκότερον
3293 5232 3551 5301 εἰρήκασι
3591 5235 3650 5281 τ’)

2083 5320 2144 5370 ὲκ
2170 5318 2261 5370 τοῦ
2294 5319 2426 5371 Θεοῦ
2457 5357 2470 5380 ,
2503 5320 2596 5372 καὶ
2629 5320 2878 5392 ἔγραψαν
2903 5325 2966 5376 ὲκ
3009 5325 3105 5393 τῆς
3143 5325 3330 5386 οὐσίας
3376 5323 3468 5375 τοῦ
3511 5322 3650 5374 Θ;ού

2076 5534 2297 5606 propter
2319 5526 2780 5606 consubstantialis
2807 5531 3053 5594 verbum,
3073 5529 3330 5586 Ecclesia
3352 5531 3586 5584 etiamnu
3601 5545 3650 5581 tu

2078 5606 2514 5648 usitatissimum.

2078 5610 2215 5647 118113
2228 5610 2514 5651 ιιεςιιηυιιι.
