3972 6200
328 376 397 443 8i
1260 382 1859 447 ECCLESIASTIC/‘E
1897 384 2469 448 HISTORLE'LIB.
2506 386 2670 450 VlIl.
3526 389 3596 447 Ὤ
3622 396 3643 421 ³

334 492 481 548 εἶναι
515 495 607 548 τὸν
644 493 794 548 Υίόν⁶
831 494 920 548 ἵνα
961 494 1030 549 τά
1060 495 1160 566 μὲν
1197 498 1479 567 κτίσματα
1508 500 1597 554 διὰ
1621 501 1682 553 τὸ
1714 501 1789 571 μὴ
1820 499 1916 568 ἀφ’

2032 512 2355 570 pseruntzut
2375 510 2638 558 creatura:
2659 502 2901 574 quidem,
2932 501 3073 572 quod
3101 518 3130 555 a
3163 501 3356 571 seipsis
3392 501 3596 569 absque

335 586 555 640 ἑαυτῶν
600 587 776 656 χωρὶς
826 587 1006 642 αίτίου
1058 585 1226 652 εἶναι,
1273 591 1393 645 ἀλλ’
1422 592 1600 663 ἀρχὴν
1632 594 1780 664 ἔχειν
1813 592 1911 647 τοῦ

335 680 615 746 γίνεσθαι,
650 679 879 749 λέγηται
933 682 997 733 ἑκ
1052 679 1149 734 τοῦ
1206 681 1418 745 Θεοῦ,ό
1470 685 1526 736 δὲ
1565 684 1693 745 Tib;
1730 685 1911 755 μόνος,

333 774 553 837 ἀΐδιος,
590 776 655 825 ὲκ
722 776 823 842 τῆς
883 773 981 825 τοῦ
1052 773 1268 842 Πατρδς
1309 774 1521 838 οὐσίας.
1570 775 1742 831 Τοῦτο
1804 777 1916 848 γάρ

337 868 471 920 ἴδιον
504 866 834 936 μονογενοῦς
885 866 984 919 καὶ
1027 867 1285 938 ἀληθινοῦ
1331 868 1508 935 Λόγου
1544 869 1778 941 Πατρός.
1806 871 1915 923 Καὶ

332 959 469 1028 περὶ
522 959 624 1028 μὲν
675 959 776 1011 τοῦ
832 958 1146 1028 γεγράφθαι
1204 961 1269 1012 ὲκ
1307 960 1409 1028 τῆς
1447 960 1644 1024 οὐσίας
1700 962 1917 1032 πρόφαο

340 1070 429 1115 σις
468 1048 537 1123 ἦν
566 1050 730 1122 αῦτη·
763 1052 928 1106 πάλιν
966 1052 1024 1104 δὲ
1074 1052 1187 1107 τῶν
1240 1053 1556 1106 ἐπισκόπων
1582 1053 1916 1123 ἐρωτώντων

338 1143 468 1203 τοὺς
507 1140 806 1202 δοκοῦντας
862 1139 1106 1207 ὀλεγους,
1160 1141 1208 1193 εξ
1265 1142 1476 1210 λέγοιεν
1517 1142 1610 1198 τὸν
1671 1142 1800 1197 Υξδν
1853 1145 1914 1195 06

339 1233 574 1300 κτίσμα,
621 1232 760 1285 ἀλλὰ
803 1230 1073 1301 δύναμιν,
1125 1231 1321 1300 σοφίαν
1362 1249 1425 1285 τε
1465 1235 1636 1303 μόνην
1666 1234 1765 1286 τοῦ
1802 1235 1916 1287 Ila-

341 1322 491 1391 τρόςο
534 1322 634 1375 καὶ
683 1321 870 1374 είκόνα
900 1321 1075 1375 ἀΐδιον
1102 1322 1526 1393 ἀπαράλλακτον
1563 1322 1708 1376 κατὰ
1742 1322 1918 1377 πάντα

340 1414 435 1467 τοῦ
474 1416 716 1485 Πατρδς,
758 1416 855 1468 καὶ
903 1415 1041 1468 Θεὸν
1080 1416 1358 1486 ἀληθινὸν,
1393 1416 1820 1486 κατελήφθησαν
1868 1418 1916 1469 οί

342 1509 474 1578 περὶ
516 1506 783 1560 Εὐσέϐιον
814 1508 1159 1571 διανεύοντες
1193 1507 1475 1578 ἀλλήλοις,
1517 1510 1598 1562 ὅτι
1625 1507 1918 1563 καὶταῦτα

343 1598 545 1665 φθάνει
576 1597 674 1650 καὶ
706 1598 786 1659 είς
810 1598 983 1667 ἡμᾶς’
1014 1600 1107 1650 καὶ
1142 1598 1253 1668 γὰρ
1301 1597 1399 1652 καὶ
1437 1599 1603 1669 ἡμεῖς
1628 1598 1794 1652 εἰκὼν
1826 1602 1918 1654 καὶ

341 1689 477 1751 δίξα
501 1688 595 1741 τοῦ
625 1687 763 1740 Θεοῦ
812 1686 1087 1757 λιτόμεθα
1114 1703 1129 1717 ⁸
1160 1690 1258 1742 καὶ
1290 1690 1420 1759 περὶ
1466 1690 1627 1760 ἡμῶν
1674 1691 1917 1762 εἴρηται,

343 1784 447 1835 Λεὶ
503 1784 615 1853 γὰρ
650 1785 815 1853 ἡμεῖς
873 1785 925 1837 οί
980 1782 1208 1848 ζσῖιντες,
1262 1785 1382 1850 καὶ,
1416 1785 1688 1856 Δυνάμεις
1730 1787 1921 1841 πολλαί

2020 598 2242 647 auctore
2273 592 2635 648 substantiam
2669 609 2776 649 non
2823 594 3040 664 capiant
3069 634 3084 657 ,
3136 592 3229 649 sed
3262 592 3595 664 principium

2022 682 2315 737 creationis
2367 698 2479 739 suae
2524 699 2590 739 ex
2643 684 2750 740 Deo
2787 684 3057 746 habeant',
3090 683 3171 738 sic
3199 698 3267 737 ex
3315 683 3427 738 Deo
3475 697 3598 739 esse

2022 775 2416 845 perhibeantur
2442 795 2454 832 :
2488 777 2660 832 Filius
2689 786 2871 833 autem
2905 778 3054 833 solus
3082 786 3340 841 aeternus,
3370 791 3435 831 ex
3474 777 3602 830 sub-

2022 870 2219 925 stantia
2250 870 2421 927 Patris
2445 887 2563 926 esse
2596 871 2827 927 dicatur.
2863 872 2976 928 Hoc
3001 872 3202 927 etenim
3236 870 3509 941 peculiare
3551 879 3603 922 et

2023 960 2302 1030 proprium
2336 963 2602 1032 unigeniti
2650 973 2705 1018 et
2754 963 2867 1018 veri
2901 958 3059 1017 Verbi
3114 960 3313 1016 Patris.
3362 961 3438 1015 Ac
3467 959 3603 1014 scri-

2025 1050 2227 1117 ptionis
2258 1051 2474 1121 quidem
2506 1058 2626 1120 ejus
2654 1069 2776 1124 quae
2825 1061 2941 1118 est,
2970 1068 3034 1107 ex
3062 1051 3370 1106 substantia
3400 1050 3597 1110 Patris.

2025 1142 2237 1197 occasio
2269 1152 2326 1197 et
2365 1159 2526 1199 causa
2571 1145 2686 1200 hate
2721 1145 2843 1200 fuit.
2894 1144 3183 1215 EpiseOpis
3216 1158 3380 1213 porro
3411 1157 3603 1196 rursns

2026 1249 2248 1303 paucos,
2282 1245 2342 1291 ut
2387 1245 2496 1291 tum
2545 1237 2894 1300 videbantur,
2948 1237 3069 1292 illos
3106 1235 3600 1305 interrogantibus,

2025 1341 2094 1380 an
2136 1327 2329 1382 Filium
2372 1329 2618 1384 dicerent
2661 1345 2771 1384 non
2820 1338 3126 1384 creaturam
3153 1371 3167 1393 ,
3204 1330 3298 1383 sed
3344 1329 3602 1383 virtutem

2025 1420 2455 1490 sapientiamque
2481 1421 2648 1475 solam
2685 1420 2882 1482 Patris,
2923 1419 3085 1490 575
3112 1414 3275 1487 atque
3306 1420 3599 1489 imaginem

2018 1512 2431 1585 sempiternam,
2465 1528 2571 1567 non
2597 1512 2919 1576 variantem,
2941 1521 2998 1566 et
3020 1512 3253 1566 similem
3291 1526 3389 1580 per
3418 1511 3602 1564 omnia

2027 1602 2172 1656 Patri
2207 1612 2261 1657 et
2287 1603 2398 1657 Deo
2430 1617 2581 1663 vero.
2632 1602 2959 1672 deprehensi
3000 1610 3130 1656 sunt
3159 1601 3458 1656 Eusebiani
3480 1603 3602 1668 {sibi

2029 1693 2261 1748 invicem
2290 1694 2518 1749 innucre
2548 1703 2710 1764 atque
2742 1694 2945 1758 dicere,
2979 1695 3093 1748 haec
3144 1694 3201 1751 iu
3244 1709 3344 1747 nos
3385 1709 3603 1762 quoque

2027 1785 2246 1850 cadere,
2273 1786 2419 1855 quod
2469 1796 2523 1841 et
2553 1802 2652 1841 nos
2698 1786 2874 1856 imago
2899 1796 2951 1840 et
2991 1785 3161 1856 gloria
3203 1784 3294 1839 Dei
3333 1784 3601 1839 dicamur.

341 1878 480 1928 εἰσι·
521 1877 639 1939 καὶ,
684 1875 912 1945 eam;
949 1876 1100 1928 πᾶσα
1146 1878 1180 1946 ἠ
1239 1876 1472 1946 δύναμις
1521 1878 1617 1930 τοῦ
1664 1878 1802 1932 Θεοῦ
1856 1880 1922 1932 ὲκ

2032 1879 2099 1932 Ac
2127 1878 2193 1932 de
2222 1879 2382 1933 nobis
2402 1878 2532 1932 illud
2565 1878 2770 1932 dictum
2800 1893 2941 1940 esse,
2981 1878 3213 1944 Semper
3247 1876 3394 1931 enim
3427 1891 3528 1931 nos
3553 1885 3605 1929 et

345 1970 445 2035 τῆς
488 1966 798 2035 Αἰγύπτου.
843 1965 910 2019 Ἥ
952 1965 1010 2018 δὲ
1044 1965 1245 2035 κάμπη
1285 1967 1380 2020 καὶ
1412 1968 1446 2034 ἡ
1500 1969 1662 2036 ἀκρὶς
1710 1967 1925 2036 λέγεται

343 2058 582 2128 δύναμις
618 2059 869 2129 μεγάλη·
909 2060 1026 2120 καὶ,
1069 2058 1279 2126 Κύριος
1327 2058 1435 2111 τῶν
1460 2058 1743 2127 δυνάμεων
1781 2060 1928 2112 ἀντι-

343 2152 581 2220 λήπτωρ
617 2150 776 2219 ἡμῶν
821 2153 851 2202 ό
897 2149 1031 2212 Θεὸς
1079 2149 1303 2204 Ἰακώϐ.
1333 2151 1495 2204 Ἀλλὰ
1525 2152 1622 2205 καὶ
1661 2151 1722 2204 τὸ
1760 2152 1925 2215 ἰδίους

345 2246 498 2314 ἡμᾶς
531 2240 679 2297 εἶναι
718 2243 814 2297 τοῦ
864 2242 1003 2296 Θεοῦ
1048 2242 1248 2313 ἔχομεν
1294 2245 1393 2315 οὐχ
1445 2244 1651 2310 ἁπλῶς·
1694 2245 1810 2298 ἀλλ’
1842 2248 1924 2299 ὅτι

347 2342 446 2392 καὶ
479 2338 754 2406 ἀδελφοὺς
787 2339 933 2408 ἡμᾶς
966 2337 1248 2392 ἐκάλεσεν.
1280 2338 1340 2392 El
1365 2339 1421 2391 δὲ
1451 2340 1549 2393 καὶ
1576 2340 1708 2392 Θεδν
1733 2339 1924 2408 ἀληθι-

346 2432 442 2483 νὸν
473 2431 701 2499 λέγουσι
728 2431 827 2483 τὸν
848 2431 999 2494 Ῥίον,
1023 2430 1085 2485 06
1113 2431 1276 2484 λυπεῖ
1300 2432 1470 2502 ἡμᾶς’
1504 2432 1794 2502 γενόμενος
1816 2432 1926 2502 γὰρ

346 2526 606 2595 ἀληθινός
636 2526 806 2577 ἐστιν.
858 2522 1010 2594 Δῦτη
1040 2524 1074 2593 ἠ
1113 2521 1222 2575 τῶν
1253 2524 1562 2594 ’Δρειανῶν
1604 2524 1923 2595 ὲφθαρμένη

344 2618 579 2671 διάνοια.
641 2617 805 2669 Ἀλλὰ
851 2617 942 2669 καὶ
985 2614 1219 2668 ἐνταῦθα
1263 2616 1313 2668 οἱ
1359 2616 1653 2670 ἐπίσκοποι
1713 2617 1926 2686 θεωρή-

348 2726 548 2771 σαντες
587 2710 765 2761 ὲκεῖνο
820 2710 880 2761 τὸ
926 2708 1127 2772 δόλιον,
1163 2708 1476 2777 συνήγαγον
1532 2711 1595 2760 ἐκ
1651 2707 1759 2759 τῶν
1788 2709 1929 2777 Γρα-

350 2797 470 2864 φῶν
510 2797 568 2848 τὸ
602 2796 967 2867 ἀπαύγασμα,
1004 2797 1103 2866 τήν
1149 2813 1210 2848 τε
1260 2797 1446 2866 πηγὴν
1469 2836 1484 2861 ,
1515 2797 1610 2849 καὶ
1657 2797 1923 2866 ποταμὸν,

348 2893 447 2945 καὶ
477 2889 807 2960 χαρακτῆρα
859 2889 999 2958 πρὶς
1045 2889 1145 2959 τὴν
1192 2888 1526 2941 ὑπόστασιν·
1578 2890 1669 2941 καὶ
1702 2889 1786 2955 τὸ,
1827 2890 1928 2943 Ἐν

345 2983 434 3048 τῷ
457 2984 606 3051 φωτί
634 2998 753 3035 σου
778 2981 1049 3051 ὀψόμεοα
1105 2980 1231 3051 φῶς
1256 2998 1272 3014 ·
1306 2982 1399 3035 καὶ
1429 2984 1487 3035 τὸ
1513 3024 1529 3048 ,
1573 2981 1724 3052 Ἐγὼ
1758 2983 1865 3037 καί
1892 2985 1926 3037 ὀ

345 3076 558 3145 Πατὴρ
583 3076 656 3131 ἓν
682 3077 908 3145 ἐσμεν·
942 3077 1043 3130 καὶ
1092 3076 1425 3147 λευκότερον
1458 3077 1646 3130 λοιπὸν
1675 3080 1771 3131 καὶ
1803 3094 1929 3130 συν-

347 3172 540 3239 τόμως
594 3169 843 3238 ἔγραψαν
897 3167 1189 3238 όμοούσιον
1241 3168 1321 3239 τῷ
1367 3169 1563 3239 Πατρί.
1606 3170 1717 3223 Καὶ
1771 3169 1998 3255 τοῦτορ⁴

347 3263 657 3330 ἐγίνωσκεν
718 3260 979 3323 Εὐσέϐιος
1034 3261 1063 3313 ὁ
1126 3259 1423 3331 γενόμενος
1481 3263 1780 3324 ἐπίσκοπος
1830 3266 1927 3331 τῆς

349 3355 721 3424 Καισαρείις,
754 3353 836 3406 ὅτι
871 3351 1115 3423 ἄγραφοι
1167 3353 1307 3406 εἰσιν
1341 3353 1399 3406 αἱ
1438 3353 1638 3420 λέξεις.
1676 3353 1931 3423 Ἑλέγχε-

345 3464 445 3500 ται
475 3447 534 3500 δὲ
572 3446 704 3516 παρ’
758 3446 941 3499 αὐτῶν
979 3446 1245 3516 ματαίως⁶
1276 3445 1335 3506 ἐξ
1370 3445 1636 3515 ἀγράφων
1676 3446 1785 3514 γὰρ
1830 3447 1932 3499 κά·-

347 3543 527 3593 κείνοι
580 3539 907 3602 ἀσεϐοῦντες
959 3534 1124 3607 ἦσαν.
1162 3539 1427 3609 Ἀγραφα
1479 3536 1537 3590 δὲ
1584 3538 1680 3601 τὸ,
1713 3536 1806 3601 Ἐξ
1831 3538 1930 3591 οὐκ

347 3633 552 3685 ὅντων·
591 3630 688 3682 καὶ
740 3630 838 3694 τὸ,
872 3625 982 3682 Ἦν
1019 3628 1169 3721 ποτε·
1199 3628 1288 3682 ὅτε
1343 3628 1445 3682 οὐκ
1496 3625 1588 3700 ἦν,
1624 3628 1926 3682 αἱτιῶνται’

358 3726 458 3778 διὰ
488 3724 651 3778 τοῦτο
708 3723 767 3789 EE
818 3724 1084 3792 ἀγράφων
1141 3720 1259 3791 μετ’
1286 3721 1568 3784 εὐσεϐείας
1626 3737 1933 3791 νοουμενων

350 3816 562 3882 λέξεων
613 3814 1046 3883 κατεκρίθησαν.
1084 3813 1248 3867 Αὐτοὶ
1311 3813 1411 3883 μὲν
1472 3811 1581 3882 γὰρ
1619 3812 1693 3877 ὡς
1747 3812 1809 3865 ὲκ
1843 3829 1937 3866 κο-

348 3908 532 3977 πρίας
587 3906 842 3974 εὑρόντες
903 3905 1174 3975 ἐλάλησαν
1220 3902 1439 3974 άληθῶς
1489 3903 1597 3955 ἀπὸ
1629 3902 1755 3972 γῆς’
1787 3904 1837 3957 0l
1877 3902 1936 3955 δὲ

353 4000 655 4055 ἐπίσκοποι
702 4001 801 4069 οὐχ
842 3999 1059 4059 ἑαυτοῖς
1085 3997 1337 4069 εὑρόντες
1365 3997 1465 4061 τὰς
1494 3995 1690 4062 λέξεις,
1723 3997 1839 4050 ἀλλ’
1870 3999 1935 4050 ὲκ

352 4094 474 4146 τῶν
518 4092 784 4162 Πατέρων
815 4092 1031 4162 ἔχοντες
1061 4089 1161 4160 τὴν
1196 4090 1529 4161 μαρτυρίαν,
1565 4088 1736 4149 οὕτως
1769 4086 1936 4157 ἔγρα-

354 4187 494 4255 ψαν.
535 4184 863 4238 Ἐπίσκοποι
901 4184 1012 4255 γὰρ
1049 4184 1270 4251 ἀρχαῖοι
1312 4183 1417 4252 πρὸ
1448 4181 1584 4235 ἐτῶν
1616 4180 1783 4249 ἐγγύς
1830 4198 1935 4234 που

356 4277 561 4330 ἑκατὸν
588 4278 890 4347 τριάκοντα
937 4275 1038 4345 τῆς
1075 4291 1135 4328 τε
1175 4273 1417 4344 μεγάλης
1458 4272 1679 4343 Ῥώμης
1706 4271 1801 4326 καλ⁵
1838 4272 1938 4341 τῆς

356 4369 643 4441 ἡμετέρας
689 4370 899 4433 πόλεως
931 4370 1231 4441 ᾐτιάσαντο
1260 4369 1387 4430 τοὺς
1420 4368 1631 4438 ποίημα
1676 4365 1938 4435 λέγοντας

2026 1969 2120 2041 qui
2152 1969 2384 2024 vivimus
2415 1987 2429 2034 ;
2460 1978 2536 2036 ct,
2567 1969 2812 2025 Virtutes
2858 1970 3042 2024 multa:
3080 1981 3209 2024 sunt
3243 1986 3257 2023 :
3289 1979 3340 2024 et
3361 2011 3376 2033 ,
3427 1968 3606 2022 Exivit

2024 2061 2206 2116 omnis
2231 2062 2403 2118 virtus
2442 2063 2535 2117 Dei
2590 2078 2654 2116 ex
2701 2061 2933 2133 {Egypto
2967 2079 2983 2127 ;
3037 2070 3112 2127 et,
3176 2062 3412 2117 Erucam
3442 2072 3641 2130 atque-

2026 2154 2289 2208 locustam
2318 2154 2425 2208 dici
2458 2154 2711 2209 virtutem
2748 2170 2995 2223 magnam
3042 2171 3057 2221 ;
3092 2161 3166 2216 et,
3200 2153 3467 2207 Dominus
3494 2154 3606 2207 vir-

2026 2254 2204 2301 tutum
2263 2246 2589 2310 nobiscum,
2629 2257 2917 2316 susceptor
2972 2254 3157 2303 noster
3219 2246 3364 2301 Deus
3412 2245 3604 2301 Jacob.

2028 2335 2136 2391 Sed
2160 2347 2215 2392 et
2244 2337 2549 2406 peculiares
2568 2353 2668 2392 nos
2696 2337 2790 2392 Dei
2822 2352 2963 2400 esse,
2994 2352 3107 2392 non
3130 2337 3604 2407 simplirilcrtlici,

2025 2440 2216 2480 verum
2249 2428 2443 2481 fratres
2476 2429 2638 2481 etiam
2666 2428 2874 2484 vocari.
2907 2428 3065 2494 Quod
3094 2430 3145 2484 si
3166 2443 3357 2484 verum
3385 2443 3633 2498 quoque

2026 2519 2197 2574 Deum
2233 2520 2428 2574 Filium
2456 2521 2662 2585 dicant,
2703 2522 2837 2576 nihil
2878 2538 2978 2576 nos
3026 2522 3078 2575 td
3113 2523 3397 2590 perturbat
3432 2540 3447 2579 :
3478 2538 3623 2575 cum

2027 2614 2171 2668 enim
2224 2612 2396 2684 lactus
2432 2614 2523 2676 sit,
2579 2627 2744 2667 verus
2786 2621 2889 2667 est.
2927 2611 3052 2667 Haec
3083 2630 3215 2668 sane
3256 2623 3336 2668 est
3368 2613 3606 2667 Ariano-

2027 2721 2146 2758 rum
2180 2711 2428 2774 perve‘rsa
2464 2706 2754 2760 sententia.
2785 2704 3130 2775 Quapropter
3152 2707 3390 2776 episc0pi
3416 2707 3604 2766 etiam,

2027 2798 2152 2852 dolo
2196 2814 2263 2853 eo
2318 2808 2625 2868 perspecto,
2671 2813 2738 2852 ex
2774 2780 3074 2869 Scripturis
3120 2800 3488 2868 Cullegcruut,
3521 2814 3608 2851 re-

2028 2889 2540 2959 splendescentiam,
2578 2889 2807 2950 fontem,
2840 2890 3091 2952 ﬂuvium,
3121 2905 3442 2960 expressam
3471 2890 3608 2944 ima-

2028 2984 2205 3053 ginem
2238 2985 2552 3038 substantiae
2588 2991 2712 3045 :-et,
2743 2982 2808 3037 In
2841 2982 3034 3037 lumine
3070 2991 3158 3037 tuo
3192 2983 3476 3038 videbimus
3523 2986 3609 3037 la-

2030 3077 2180 3129 men‘
2203 3095 2217 3131 :
2247 3084 2323 3140 et,
2357 3074 2464 3148 Ego
2484 3091 2531 3130 et
2559 3075 2717 3130 Pater
2743 3091 2903 3129 unum
2931 3092 3131 3137 sumus,
3169 3074 3611 3142 luculentiusque

2030 3166 2289 3236 deinceps
2338 3176 2401 3221 et.
2446 3168 2891 3235 compendiosius
2951 3167 3317 3236 scripserunt,
3368 3167 3609 3221 consub-

2030 3260 2339 3316 stantialem
2392 3260 2566 3316 Patri.
2597 3260 2729 3327 Quae
2778 3259 2942 3315 verba
2986 3259 3284 3329 Scriptura:
3328 3274 3435 3314 non
3466 3273 3611 3321 esse,

2036 3333 2303 3408 Eusebius
2334 3353 2688 3410 Caesariensis
2736 3353 3031 3422 episcopus
3063 3352 3220 3406 novit
3255 3352 3335 3421 (1)
3372 3368 3388 3405 :
3418 3350 3512 3405 sed
3542 3352 3611 3404 ab

2033 3444 2113 3500 eis
2143 3445 2311 3500 Stulte
2334 3445 2836 3514 reprehenduntur.
2873 3445 3075 3500 Praeter
3095 3442 3433 3512 Scripturam
3463 3443 3610 3497 enim

2032 3538 2206 3607 etipsi
2233 3537 2529 3608 impietatis
2548 3548 2804 3592 auctores
2831 3536 3099 3605 erantlﬁ).
3128 3535 3348 3589 Minime
3376 3550 3612 3604 namque

2035 3610 2332 3700 scriptura:
2381 3630 2550 3684 verba
2608 3637 2757 3695 sunt,
2786 3629 2863 3682 Ex
2915 3644 3024 3683 non
3052 3626 3447 3681 exsistentibus
3485 3638 3611 3689 :et.

2034 3721 2162 3777 Fuit
2186 3720 2483 3791 aliquando
2516 3729 2752 3790 tempus,
2784 3734 2909 3774 cum
2960 3733 3069 3774 non
3120 3726 3281 3773 esset.
3321 3717 3509 3789 itaque
3534 3718 3613 3773 illi

2034 3813 2220 3869 verbis
2268 3828 2379 3867 non
2427 3827 2496 3867 ex
2540 3811 2820 3881 Scriptura
2846 3810 3071 3881 quidem
3126 3811 3335 3880 petitis,
3376 3811 3473 3865 sed
3527 3811 3615 3875 pie

2038 3914 2220 3961 tamen
2256 3905 2516 3970 inventis,
2550 3903 2786 3960 convicti
2836 3912 2964 3959 sunt
2991 3912 3047 3958 et
3082 3902 3346 3958 damnati.
3380 3902 3486 3973 Ipsi
3536 3902 3617 3957 si-

2038 3997 2261 4069 quidem
2292 3997 2459 4051 veluti
2506 4012 2538 4051 e
2583 4006 2827 4051 stercore
2872 3996 3048 4051 erutis
3095 3996 3343 4059 vocibus,
3374 3995 3536 4065 plane
3586 4012 3618 4049 e

2042 4100 2184 4145 terra
2230 4088 2398 4144 locuti
2453 4096 2601 4143 sunt.
2655 4087 2906 4158 Episcopi
2955 4096 3138 4143 autem
3192 4103 3303 4143 non
3357 4089 3461 4158 ipsi
3512 4088 3617 4143 sibi

2037 4181 2206 4238 verba
2229 4178 2620 4250 contingentes,
2653 4180 2746 4234 sed
2778 4178 3007 4234 Patrum
3036 4178 3107 4235 de
3130 4179 3617 4235 eis.testimonium

2040 4274 2328 4339 habentes,
2373 4291 2436 4330 ea
2493 4276 2547 4330 in
2591 4275 2794 4344 scripto
2843 4291 2945 4330 suo
2982 4286 3352 4346 usurparunt.
3388 4277 3617 4332 Veteres

2039 4370 2186 4426 enim
2207 4369 2449 4440 episc0pi
2478 4383 2605 4425 ante
2633 4385 2807 4426 annos
2828 4384 3000 4440 prope
3027 4380 3248 4425 centum
3277 4380 3334 4425 et
3367 4370 3614 4441 triginta,

353 4459 452 4510 τὸν
478 4458 630 4522 Υίδν,
664 4458 761 4512 καὶ
796 4459 873 4528 μὴ
913 4457 1201 4527 ὀμοούσιον
1243 4457 1323 4528 τῷ
1374 4458 1575 4527 Πατρξ.
1618 4455 1730 4510 Καὶ
1778 4454 1927 4507 τοῦτο

2043 4471 2097 4516 et
2124 4464 2177 4516 in
2210 4477 2402 4532 magna
2431 4462 2627 4529 Roma,
2655 4471 2710 4517 et
2736 4462 2793 4517 in
2822 4471 3008 4518 nostra
3037 4462 3171 4517 urbe
3191 4477 3287 4519 eos
3313 4464 3619 4534 reprehen-

356 4549 670 4618 ἐγίνωσκεν
725 4548 990 4613 Εὐσέϐιος
1049 4549 1079 4601 ό
1139 4550 1438 4620 γενόμενος
1488 4548 1789 4610 ἐπίσκοπος
1840 4549 1927 4616 τῆς

2042 4553 2262 4615 derunt.
2286 4555 2378 4624 qui
2410 4554 2605 4609 Filium
2638 4564 2968 4616 creaturam,
3004 4563 3061 4609 et
3087 4568 3194 4609 non
3249 4555 3618 4610 censubstan-

357 4642 728 4711 Καισαρείας·
744 4641 1029 4712 ’πρότερον
1055 4642 1154 4714 μὲν
1175 4637 1270 4696 οῦν
1294 4641 1607 4712 συντρέχων
1626 4644 1690 4714 τῇ
1720 4641 1940 4710 ’Δρεια-

358 4740 423 4806 νῇ
460 4737 676 4803 αἱρέσει
700 4752 716 4767 ·
753 4734 984 4806 ὕστερον
1011 4736 1068 4790 δὲ
1107 4735 1434 4807 ὑπογράψας
1467 4737 1526 4790 ὲν
1569 4736 1708 4807 αὐτῇ
1738 4738 1805 4806 τῇ
1836 4734 1939 4787 Νι-

358 4831 498 4901 sui;
532 4830 739 4900 συνόδῳ
763 4870 779 4893 ,
811 4828 1023 4900 ἔγραψε
1076 4832 1202 4893 τοῖς.
1241 4829 1393 4892 ίδίοις
1430 4828 1935 4899 διαϐεϐαιούμενος,

356 4926 443 4976 ὅτι
479 4927 575 4977 καὶ
612 4925 726 4977 τῶν
760 4923 1009 4977 παλαιῶν
1054 4940 1208 4987 τινας
1254 4923 1472 4992 λογίους
1514 4925 1610 4977 καὶ
1644 4923 1938 4992 ἐπιφανεῖς

354 5014 702 5076 ἐπισκόπους
749 5014 1106 5082 συγγραφέας
1136 5011 1382 5081 ἔγνωμεν
1437 5011 1533 5063 ἐπὶ
1556 5011 1658 5076 τῆς
1694 5013 1788 5063 τοῦ
1826 5012 1938 5064 Πα-

352 5106 491 5175 ςρδς
523 5107 620 5157 και
658 5105 754 5158 τοῦ
785 5104 918 5158 Υίοῦ
955 5104 1209 5176 θεότητος
1257 5102 1336 5174 τῷ
1364 5102 1458 5157 τοῦ
1487 5104 1777 5173 ὀλιοουσῑου
1802 5119 1938 5175 χρη·-

354 5201 636 5270 σαμένους
665 5199 914 5271 ὀνόματι.
960 5194 1121 5254 Οὗτοι
1177 5199 1280 5270 μὲν
1330 5199 1422 5253 06v
1483 5197 1939 5269 κατακρύψαντες

350 5297 461 5361 τὴν
502 5294 681 5356 νόσον,
729 5292 946 5346 ἔδεισαν
974 5292 1092 5363 γὰρ,
1112 5290 1225 5345 τῶν
1248 5292 1573 5361 ἐπισκόπων
1613 5290 1675 5342 τὸ
1706 5286 1940 5357 πλῆρος,

432 5462 450 5491 ¹
494 5459 643 5515 Psal.
676 5473 842 5523 xxxv,
882 5457 975 5514 ιθ.

426 5616 512 5686 (ι)
528 5616 757 5688 Eusebii
786 5618 992 5688 mentio
1013 5619 1103 5675 hic
1125 5632 1232 5674 non
1256 5619 1311 5673 lit
1332 5619 1473 5688 apud
1494 5616 1929 5678 Theodoretum,

352 5703 483 5751 cap.
518 5687 579 5749 8,
605 5688 704 5742 lib.
739 5704 779 5754 ι,
812 5686 1064 5743 Historia:
1100 5704 1211 5744 suc
1247 5686 1631 5743 ecclésiasticw.

432 5757 512 5825 (2)
562 5757 740 5812 Stulte
783 5758 971 5812 Ariani
1019 5762 1182 5815 verba
1236 5760 1655 5817 catholicorum.
1701 5773 1764 5811 ex
1817 5758 1941 5810 sub-

353 5827 569 5882 stantia
602 5827 803 5896 Patris,
832 5840 886 5885 ct
915 5829 1406 5895 consubstantialis,
1431 5830 1577 5898 quod
1609 5831 1661 5883 in
1704 5829 1947 5897 Scriptu-

2040 4644 2221 4699 tialem
2259 4645 2405 4698 Patri
2445 4659 2570 4700 esse
2615 4643 2897 4700 dixerunt.
2947 4642 3004 4697 Id
3035 4643 3179 4713 quod
3227 4645 3503 4715 cognitum
3536 4653 3621 4700 est

2040 4736 2277 4791 Eusebio
2307 4736 2571 4793 Caesareae
2595 4737 2876 4807 episcopo,
2906 4738 3001 4806 qui
3024 4736 3180 4806 prius
3212 4737 3433 4806 quidem
3465 4737 3623 4792 Aria-

2039 4844 2124 4884 nze
2156 4827 2261 4883 fuit
2293 4837 2530 4883 sectator
2560 4828 2782 4882 heresis
2816 4845 2831 4882 ι
2865 4828 3348 4899 postea-vero.ipsi
3388 4828 3623 4885 Nicaeam

2040 4919 2397 4976 subscribens
2420 4918 2647 4991 synodo,
2680 4918 2747 4974 ad
2777 4934 2908 4974 suos
2950 4919 3164 4975 litteras
3185 4920 3359 4983 dedit.
3379 4931 3435 4976 et
3467 4937 3621 4977 com-

2042 5012 2315 5083 probavit,
2372 5021 2429 5066 et
2484 5011 2679 5082 priscis
2720 5026 2943 5081 quoque
2987 5012 3179 5068 doctos
3237 5013 3503 5084 quosdam
3565 5024 3622 5069 et

2043 5102 2335 5174 praeclaros
2367 5101 2652 5172 episcopos
2680 5112 2737 5158 et
2758 5102 3055 5173 scriptores
3105 5104 3158 5158 in
3186 5103 3365 5160 Patris
3397 5112 3449 5158 et
3495 5103 3623 5158 Filii

2045 5196 2333 5253 divinitate
2387 5195 2608 5250 nomine
2654 5195 2751 5249 1:06
2806 5193 3104 5265 ὀμοουσίου
3156 5210 3277 5251 esse
3313 5210 3462 5251 usos.
3522 5193 3623 5249 isti

2048 5289 2236 5361 igitur,
2270 5289 2463 5345 morbo
2491 5304 2591 5344 suo
2634 5303 2963 5361 suppresso,
2986 5287 3130 5359 quod
3176 5297 3378 5343 tantam
3405 5288 3623 5358 episco-

2040 5612 2118 5668 ris
2149 5628 2256 5686 non
2292 5615 2662 5677 inveniantur.
2684 5614 3259 5686 reprchendunt,cum
3290 5611 3642 5686 Agriangarum.

2051 5685 2451 5768 praestigiarum
2503 5701 2602 5742 nec
2642 5682 2831 5749 Voces,
2855 5699 2957 5740 nec
3007 5685 3292 5741 sententia:
3328 5682 3383 5738 in
3417 5683 3661 5739 eisdem;

2055 5766 2422 5824 reperiantur.
3670 5779 3674 5782 ’
