3972 6200
375 349 446 416 83
1591 363 2015 428 NICEPHORI
2055 369 2395 430 CALLISTI
3545 360 3616 430 84

367 480 563 534 porum
603 467 1007 524 multitudinem
1036 479 1362 538 metuerent,
1391 471 1447 526 in
1489 488 1551 528 ea
1580 490 1700 545 quas
1728 477 1949 532 decreta

2063 481 2167 543 τοῖς
2209 479 2478 532 ἐκτεθεῖσι
2526 475 2833 537 συνέθεντο,
2869 473 2969 545 τὴν
2996 475 3346 546 προφητικὴν
3374 491 3617 546 κατηγο·

369 566 518 618 sunt,
554 557 782 627 pedibus
814 559 1015 626 ierunt,
1048 562 1423 630 praphcticam
1466 565 1520 618 in
1548 581 1606 620 se
1652 570 1948 637 rcprehen-

369 648 586 702 sionem
624 650 1021 717 pertrahentes.
1056 653 1188 706 Nam
1238 653 1402 724 576
1430 667 1486 710 et
1535 657 1601 710 ad
1651 674 1745 713 eos
1785 660 1948 728 hujus

372 739 618 793 universi
662 738 805 794 Deus
830 741 1130 795 exclamat:
1172 743 1408 812 Populus
1429 748 1526 801 iste
1557 748 1710 802 labiis
1741 765 1822 802 me
1848 751 1947 802 ho-

367 839 543 892 norat,
589 832 744 884 corde
803 842 982 886 autem
1039 836 1192 904 longe
1242 838 1445 893 nbesta
1486 841 1633 904 me‘,
1689 841 1947 896 Theonas

369 934 533 985 porro
560 928 616 974 et
646 918 956 985 Secundus,
985 925 1130 993 quod
1187 927 1331 982 idem
1378 927 1558 985 facere
1593 931 1804 985 nollent
1826 971 1842 996 ,
1875 931 1945 985 ab

372 1010 648 1078 omnibus,
705 1013 978 1084 suffragiis
1013 1019 1512 1085 consentientibus,
1546 1031 1676 1074 sunt
1727 1037 1947 1076 excom-

378 1101 666 1169 municati,
702 1104 877 1173 utqui
928 1106 1043 1160 Arii
1105 1107 1500 1177 blasphemiam
1536 1112 1750 1166 veritati
1779 1127 1947 1167 evan-

369 1191 557 1259 gelicae
591 1193 948 1249 anteferrent.
986 1215 1004 1248 ι
1041 1213 1166 1251 meo
1198 1198 1552 1254 Athanasius.

943 1306 1168 1364 CAPUT
1215 1310 1359 1366 XXI.

373 1395 610 1464 Epistola
643 1397 858 1453 Eusebii
893 1399 1156 1470 Pamphili
1188 1405 1259 1458 ad
1296 1405 1584 1462 Ecclesium
1611 1426 1786 1473 suam,
1821 1418 1940 1464 acta

900 1473 1083 1540 synodi
1131 1489 1412 1542 exponens.

444 1643 700 1699 Sedenim
734 1660 857 1715 quae
889 1645 1054 1701 etiam
1097 1648 1371 1706 Eusebius
1410 1607 1684 1724 Pamphili
1723 1671 1789 1710 ex
1823 1657 1938 1727 ipsa

2058 571 2182 638 ρίαν
2209 570 2675 635 ἐπισπασάμενοι.
2700 567 2810 637 Βοᾷ
2835 565 2892 618 δὲ
2914 566 3010 618 καὶ
3042 568 3181 636 πρὸς
3205 567 3406 628 αὐτοὺς
3436 567 3465 617 ό
3495 568 3606 618 τῶν

2051 661 2186 714 ὅλων
2215 661 2372 723 Θεὸς,
2407 661 2478 714 '0
2506 664 2654 724 λαὸς
2684 657 2865 724 οὗτος
2907 658 3032 724 τοῖς
3068 658 3305 725 χείλεσι
3328 675 3405 726 με
3451 655 3612 725 τιμᾷο

2050 752 2125 820 τῇ
2154 751 2224 806 δὲ
2255 751 2471 819 καρδίᾳ
2499 752 2700 818 πόρῤω
2729 749 2940 819 ἀπέχει
2971 751 3074 804 ἀπ’
3103 749 3272 818 ἐμοῦ.
3302 751 3520 812 Θεωνᾶς
3558 751 3616 802 δὲ

2050 847 2144 897 καὶ
2172 843 2464 906 Σεκοῦνδος
2507 845 2670 896 τοῦτο
2698 844 2897 912 δρᾶσαι
2942 843 3017 912 μὴ
3052 841 3432 911 βουληθέντες,
3464 843 3618 911 παρὰ

2050 936 2271 987 πάντων
2301 932 2615 1003 συμφώνως
2645 931 3138 1002 ἀπεκηρύχθησαν,
3166 930 3242 992 ῶς
3269 930 3371 1000 τὴν
3404 930 3618 997 Ἀρείου

2051 1025 2404 1096 βλασφημίαν
2440 1024 2542 1094 τῆς
2588 1023 2956 1091 εύαγγελικῆς
3004 1021 3423 1091 προτεθεικότες
3468 1021 3618 1074 διδα-

2049 1117 2296 1181 σκαλίας.
2337 1137 2357 1172 ι
2395 1117 2582 1171 Ταῦτα
2620 1117 2715 1170 καὶ
2769 1115 3110 1178 Ἀθανάσιος.

2609 1314 2861 1368 ΚΕΦᾹΛ.
2921 1310 3049 1368 KB'.

2060 1405 2391 1471 Ἐπιστολὴ
2435 1406 2732 1460 Εὑσεϐἰου
2771 1405 2880 1458 τοῦ
2951 1405 3268 1472 Παμφίλου
3323 1402 3474 1470 πρὸς
3504 1402 3623 1468 τὴν

2115 1477 2244 1529 κατ’
2292 1478 2481 1530 αὐτὸν
2512 1477 2876 1542 ἐκκλησίαν,
2908 1473 2980 1526 τὰ
3009 1473 3160 1527 κατὰ
3200 1473 3316 1540 τὴν
3341 1473 3618 1526 σύνοδον

2116 1546 2448 1611 διεξιοῦσα.

2113 1656 2215 1715 Οἷα
2259 1661 2316 1713 δὲ
2345 1661 2438 1714 καὶ
2477 1661 2504 1712 ό
2537 1657 2826 1726 Παμφίλου
2863 1654 3126 1717 Εύσέὁιος
3157 1652 3384 1706 αὐτόθεν
3428 1656 3494 1707 ὲκ
3524 1654 3626 1706 Νι·

371 1737 551 1792 Νῐοεοςι
587 1739 654 1791 ad
703 1740 972 1807 quosdam
1019 1743 1253 1798 Arianos
1289 1747 1379 1816 qui
1417 1749 1786 1817 proditionem
1829 1767 1938 1806 non

2063 1754 2205 1815 ιαίας
2235 1753 2371 1821 πρός
2401 1766 2553 1812 τινας
2580 1747 2816 1817 ἔγραψεν
2855 1747 3197 1815 Ἀρειανοῦς,
3231 1744 3522 1813 προδοσίαν
3544 1744 3621 1805 ὼς

375 1829 575 1898 injuria
627 1832 676 1886 ei
727 1833 1078 1902 objecerant,
1128 1837 1451 1908 scripserit,
1501 1841 1694 1896 audire
1731 1858 1940 1897 conve-

2063 1847 2188 1904 ;ῑκδς
2213 1842 2600 1912 ἐγκαλοῦντας,
2633 1840 2854 1896 ἀκούειν
2881 1839 3354 1910 χρεών.Ἐλεγχος
3381 1837 3426 1890 δ’
3461 1839 3624 1903 ἐναρ-

371 1923 456 1975 nit
487 1923 586 1992 (l).
623 1925 698 1978 Ea
733 1940 865 1980 sane
907 1929 1118 1982 rabiem
1160 1945 1383 2000 quoque
1420 1949 1613 1988 eorum
1647 1935 1944 1990 manifesto

2063 1934 2148 2005 τὴς
2187 1934 2282 1986 καλ⁴
2311 1932 2410 2001 τῆς
2437 1932 2650 1984 ἐκείνου
2691 1930 2890 1998 λύττης
2923 1929 3095 1981 ἐστίν.
3130 1928 3391 1995 ’Λμεινον
3431 1925 3489 1978 δὲ
3530 1928 3622 1978 τὸν

373 2027 632 2086 arguunt.
671 2019 894 2075 Rectius
926 2033 1107 2077 autem
1143 2027 1435 2081 consilium
1470 2030 1945 2101 intentionemque

2063 2026 2244 2078 δίκείον
2282 2023 2482 2077 σκοπὸν
2526 2023 2559 2091 ἡ
2611 2021 2866 2090 ἐπιστολὴ
2909 2020 3096 2084 δείξει.
3135 2019 3292 2088 Ἔχει
3342 2019 3400 2071 δὲ
3437 2016 3582 2070 οὕτω
3607 2032 3622 2046 ·

374 2109 496 2178 eius
523 2113 758 2180 epistola
794 2114 908 2183 ipsa
949 2115 1237 2184 indicabit,
1263 2135 1386 2189 qua:
1413 2122 1495 2177 sic
1524 2122 1731 2178 habet:
1766 2142 1783 2174 ι
1815 2124 1946 2190 Quae

2063 2134 2074 2167 ι
2103 2115 2184 2167 Τά
2210 2115 2338 2184 περὶ
2360 2113 2462 2181 τῆς
2490 2112 2955 2181 ὲκκλησιαστικῆς
2985 2113 3225 2171 πίστεως
3267 2125 3627 2179 πραγματευ⁴

375 2201 444 2256 de
483 2204 852 2262 ecclesiastica
886 2208 1009 2264 fidei
1057 2211 1396 2281 professione
1429 2214 1482 2269 in
1508 2215 1785 2286 frequenti
1816 2234 1945 2288 syn-

376 2295 486 2347 odo
528 2293 721 2350 Nicmaa
766 2299 1039 2355 Celebrata
1122 2304 1236 2358 sint
1282 2316 1438 2371 acta,
1513 2308 1737 2363 aliunde
1781 2311 1945 2362 etiam

377 2389 646 2444 credibile
669 2399 761 2460 [est
802 2407 902 2472 vos
931 2397 1300 2463 cognovisse:
1341 2400 1486 2468 quod
1521 2400 1663 2456 fama
1706 2401 1950 2472 plerum-

377 2497 486 2548 que
520 2493 725 2537 certam
761 2465 1191 2558 acburatamque
1249 2507 1434 2546 rerum
1482 2501 1758 2564 gestarum
1798 2509 1950 2550 com-

380 2576 840 2630 memorationem
876 2593 1218 2647 praecurrere
1253 2583 1412 2638 solita
1448 2584 1537 2638 sit.
1577 2585 1850 2641 Cmterum
1881 2600 1950 2640 ne

378 2667 698 2722 rumoribus
752 2668 1068 2740 huiusmodi
1130 2676 1209 2730 rei
1265 2679 1470 2732 veritas
1521 2678 1682 2733 aliter
1731 2680 1800 2734 ad
1855 2694 1950 2732 vos

379 2771 546 2823 quam
590 2766 674 2811 est
705 2768 822 2814 acta
849 2801 864 2825 ,
896 2762 1232 2832 perferatur,
1267 2768 1578 2822 necessario
1611 2769 1770 2822 vobis
1804 2768 1955 2822 misi-

385 2864 545 2914 mus,
583 2851 822 2919 primum
869 2871 896 2906 a
942 2854 1104 2908 nobis
1163 2857 1498 2926 propositam
1545 2857 1614 2912 de
1666 2857 1771 2912 fide
1813 2857 1954 2911 scri-

380 2949 625 3010 pturam,
657 2941 858 2999 deinde
890 2944 1055 2999 etiam
1087 2945 1526 3019 alteram,quam
1558 2950 1625 3004 ad
1659 2965 1824 3005 voces
1856 2965 1957 3004 uo-

383 3040 530 3084 stras
560 3034 972 3091 accessionibus
1005 3037 1338 3107 quibusdam
1370 3040 1600 3110 adjectis
1635 3041 1952 3097 ediderunt.

2047 2207 2213 2260 θέντα
2240 2205 2381 2258 κατὰ
2401 2203 2499 2273 τὴν
2531 2205 2778 2272 μεγάλην
2802 2202 3022 2255 σύνοδον
3051 2202 3148 2270 τὴν
3174 2202 3232 2253 ἐν
3256 2201 3465 2270 Nimia.
3493 2217 3624 2268 συγ-

2047 2295 2408 2366 κροτηθεῖσαν
2439 2294 2588 2356 εἰκὸς
2619 2292 2720 2363 μὲν
2745 2293 2890 2362 ὑμᾶς
2921 2293 3016 2344 καὶ
3047 2291 3270 2344 ἄλλοθεν
3299 2289 3620 2360 μεμαθηκέ-

2050 2403 2160 2448 ναι,
2209 2383 2309 2452 τῆς
2347 2383 2538 2451 φήμης
2568 2383 2892 2451 προτρέχειν
2927 2379 3182 2442 εἰωθυίας
3212 2380 3304 2432 τὸν
3337 2380 3465 2446 περὶ
3515 2379 3626 2431 τῶν

2053 2475 2444 2548 πραττομένων
2474 2475 2678 2543 ἀκριϐῆ
2708 2475 2869 2541 λόγον
2895 2490 2910 2504 °
2949 2473 3066 2526 ἀλλ’
3101 2475 3189 2525 ἵνα
3223 2472 3298 2541 μὴ
3331 2474 3394 2524 ὲκ
3428 2471 3626 2553 ,τοιαύ-

2051 2592 2152 2644 της
2182 2573 2350 2642 ἀκοῆς
2378 2572 2438 2624 τὸ
2468 2571 2570 2639 τῆς
2607 2568 2868 2638 ἀληθείας
2900 2567 3156 2637 ὲτεροίως
3188 2566 3322 2634 ὑμῖν
3352 2566 3630 2632 ἀπαγγέλ-

2052 2667 2244 2733 ληται,
2289 2663 2600 2732 ἀναγκαίως
2645 2660 3070 2730 διεπεμψάμεθα
3111 2661 3242 2729 ὑμῖν
3285 2659 3498 2729 πρῶτον
3531 2658 3630 2728 τὴν

2056 2760 2148 2828 ὑφ’
2191 2757 2350 2828 ἡμῶν
2384 2755 2748 2827 προταθείσαν
2779 2754 2933 2821 παρά
2982 2753 3084 2823 τῆς
3115 2754 3353 2815 πίστεως
3384 2753 3626 2820 γραφήν.

2059 2851 2293 2905 Ἔπειτα
2345 2848 2444 2920 τὴν
2482 2847 2764 2918 δευτέραν,
2811 2846 2878 2916 ἢν
2910 2847 3032 2906 ταῖς
3080 2845 3380 2913 ἡμετέραις
3429 2846 3631 2910 φωναῖς

2056 2941 2374 3015 προσθήκας
2433 2938 2806 3002 ἐπιϐαλόντες,
2867 2937 3220 2990 ὲκδεδὼκασι.
3277 2936 3350 2989 Τὸ
3404 2937 3503 3002 μὶν
3537 2934 3631 2986 οῦν

2059 3035 2192 3106 παρ’
2251 3032 2405 3104 ἡμῶν
2445 3031 2702 3103 γράμμα,
2743 3030 2839 3083 ἐπὶ
2872 3028 3148 3099 παρουσίᾳ
3196 3025 3292 3080 τοῦ
3348 3024 3634 3092 θεοφιλοῦς

383 3122 662 3194 Scriptum
708 3142 841 3182 sane
877 3138 1128 3183 nostrum
1174 3132 1228 3184 in
1277 3133 1568 3201 praesentia
1617 3134 1724 3188 Deo
1770 3133 1952 3188 dilecti

2063 3127 2218 3199 ήμῶν
2251 3125 2517 3196 βασιλέως
2541 3121 2888 3191 ἀναγνωσθὲν
2918 3117 2976 3175 εὖ
3007 3137 3073 3195 τε.
3094 3121 3242 3189 ἔχειν
3268 3118 3363 3173 καὶ
3392 3119 3632 3187 δοκίμως

384 3219 734 3287 imperatoris
781 3223 956 3276 nostri
1007 3222 1334 3282 recitatum.
1366 3241 1430 3280 ac
1472 3236 1619 3281 recte
1669 3227 1948 3295 probeque

2063 3218 2393 3287 άποφανθὲν.
2447 3216 2636 3269 τοῦτον
2667 3215 2781 3284 ἔχει
2821 3213 2912 3266 τὸν
2952 3212 3155 3283 τρόπον
3180 3227 3196 3243 σ
3244 3210 3310 3262 Ἦ
3356 3211 3446 3277 ὑφ’
3477 3209 3634 3278 ἡμῶν

386 3321 713 3382 conceptum
745 3328 865 3368 esse
899 3313 1229 3383 judicatum,
1264 3317 1331 3370 ad
1365 3318 1515 3372 hunc
1547 3333 1605 3373 se
1640 3319 1804 3373 habet
1833 3335 1953 3374 mo-

387 3405 517 3459 dum
549 3425 560 3460 :
604 3406 880 3461 Professio
914 3407 1040 3461 fidei
1071 3423 1102 3462 a
1143 3409 1304 3463 nobis
1335 3409 1603 3479 exposita,
1629 3411 1790 3466 sicuti
1832 3426 1952 3466 eam

387 3510 417 3548 a
463 3495 847 3551 decessoribus
888 3500 1090 3552 nostris
1128 3497 1439 3570 episcopis,
1488 3510 1650 3570 atque
1692 3503 1745 3555 in
1777 3500 1954 3570 prima

388 3603 574 3642 rerum
599 3605 877 3644 sacrarum
914 3590 1278 3652 institutione.
1304 3601 1360 3646 et
1389 3607 1510 3645 cum
1540 3607 1759 3646 sacrum
1786 3590 1960 3646 subii-

391 3695 516 3735 mus
567 3680 884 3748 lavacrum,
929 3683 1274 3753 accepimus,
1326 3693 1383 3752 et
1429 3684 1590 3738 sicuti
1640 3699 1708 3738 ex
1754 3682 1957 3738 divinis

391 3772 688 3827 didicimus
713 3772 1034 3844 Scripturis,
1064 3784 1228 3844 atque
1252 3773 1416 3828 simul
1442 3783 1498 3829 et
1521 3775 1576 3828 in
1613 3772 1959 3845 presbyterio

391 3876 449 3921 et
480 3865 533 3920 in
568 3868 686 3937 ipso
713 3861 1040 3938 episcopatu
1074 3867 1305 3938 professi
1338 3883 1533 3923 sumus
1562 3877 1618 3923 et
1649 3868 1962 3935 docuimus,

2053 3310 2342 3365 ἒκτεθεῖσα
2371 3309 2578 3371 πίστις,
2611 3306 2796 3368 καθὼς
2829 3304 3213 3376 παρελάόομεν
3248 3304 3352 3356 ὑπὸ
3382 3302 3489 3354 τῶν
3525 3303 3636 3369 πρὸ

2053 3405 2216 3475 ἡμῶν
2247 3402 2585 3464 ἐπισκόπων,
2615 3399 2710 3452 καὶ
2747 3401 2806 3454 ὲν
2836 3402 2904 3469 τῇ
2946 3397 3146 3476 ’πρώτῃ
3176 3399 3501 3467 κατηχήσει,
3541 3397 3638 3448 καὶ

2055 3497 2146 3550 ὅτε
2175 3496 2238 3548 τὸ
2267 3494 2496 3564 λοῦτρον
2527 3491 2910 3562 ἐλαμϐάνομεν
2931 3529 2948 3553 ,
2991 3490 3172 3551 καθὼς
3205 3489 3312 3542 ἀπὸ
3341 3490 3450 3540 τῶν
3480 3488 3640 3541 θείων

2057 3584 2293 3657 Γραφῶν
2327 3583 2733 3653 μεμαθήκαμεν
2757 3596 2772 3611 ·
2807 3582 2899 3635 καὶ
2931 3581 3008 3643 ὡς
3029 3583 3090 3633 ὲν
3120 3581 3268 3650 αύτῷ
3293 3579 3369 3649 τῷ
3397 3581 3640 3648 πρεσϐυ-

2056 3677 2223 3747 τερίῳ
2251 3677 2346 3729 καὶ
2375 3676 2430 3728 ὲν
2457 3676 2592 3744 αὐτῇ
2616 3667 3269 3743 ὲπισκοπῇέπιστεύομὲν
3293 3690 3354 3726 τε
3390 3674 3486 3726 καὶ
3529 3672 3641 3724 ets-.-

2060 3768 2524 3836 δάσκομεν.Ἐστι
2565 3766 2623 3819 δὲ
2654 3764 2791 3834 αῦτη
2822 3781 2838 3802 '-
2871 3765 3208 3834 Πιστεύομεν
3238 3768 3317 3828 εἰς
3352 3764 3450 3818 ἕνα
3481 3763 3637 3830 Θεὸν,

2061 3857 2282 3925 Πατέρα
2318 3858 2753 3925 παντοκράτορα,
2783 3856 2875 3909 τὸν
2907 3857 3016 3908 τῶν
3048 3858 3302 3910 ἁπάντων
3335 3857 3548 3926 ὁρατῶν
3581 3874 3640 3908 τε

393 3975 458 4014 ea
508 3969 592 4014 est
623 3959 789 4014 talis:
831 3959 1120 4017 Credimus
1163 3962 1219 4015 in
1275 3977 1443 4016 unum
1499 3962 1702 4026 Deum,
1744 3959 1960 4015 Patrem

397 4050 860 4120 omnipOtcntem,
895 4066 1082 4105 rerum
1117 4052 1365 4106 omnium
1401 4050 1702 4105 visibilium
1732 4057 1788 4104 et
1821 4051 1964 4104 invi-

2063 3952 2160 4004 καὶ
2192 3950 2445 4019 ἀοράτων
2474 3951 2708 4018 ποιητήν
2731 3964 2743 3977 ’
2777 3949 2872 4001 καὶ
2924 3949 3005 4013 είς
3040 3949 3136 4003 ἕνα
3175 3949 3377 4018 Κύριον
3429 3948 3644 4017 Ἰησοῦν

2064 4042 2110 4096 Χ
2121 4041 2305 4110 ριστὸν
2354 4039 2446 4092 τὸν
2475 4038 2566 4092 τοῦ
2595 4038 2730 4091 Θεοῦ
2758 4039 2952 4104 Λόγον,
2985 4038 3116 4091 Θεὸν
3161 4039 3223 4090 ὲκ
3249 4037 3406 4102 Θεοῦ,
3438 4039 3552 4106 φῶς
3580 4041 3646 4090 ἐκ

399 4141 645 4194 sibilium
695 4141 980 4196 factorem.
1018 4142 1085 4194 Et
1127 4141 1182 4195 in
1230 4157 1397 4195 unum
1445 4142 1734 4196 Dominum
1776 4141 1956 4196 Jesum

2069 4132 2268 4201 φωτὸς,
2313 4131 2459 4201 ζωὴν
2496 4132 2560 4184 ὲκ
2602 4131 2772 4198 ζωῆς,
2806 4131 2934 4184 Υἱδν
2967 4129 3258 4201 μονογενῆ,
3296 4131 3646 4200 πρωτότοκον

397 4232 680 4286 Christum
702 4276 716 4296 ,
763 4234 858 4287 Dei
891 4232 1168 4298 Verbum,
1204 4231 1378 4288 Deum
1409 4234 1477 4289 de
1509 4235 1652 4301 Deo,
1686 4237 1868 4288 lumen
1903 4235 1956 4289 de

2070 4225 2251 4294 πάσης
2279 4225 2530 4288 κτίσεως,
2565 4225 2673 4296 πρὸ
2697 4225 2916 4277 πάντων
2943 4223 3054 4277 τῶν
3083 4223 3297 4277 αἰώνων
3317 4224 3379 4275 ὲκ
3409 4222 3503 4274 τοῦ
3533 4223 3648 4274 Πα-

403 4325 642 4387 lmnine,
675 4323 837 4394 577
878 4322 1048 4376 vitam
1085 4323 1153 4378 de
1182 4327 1321 4390 vita,
1360 4323 1560 4378 Filium
1599 4325 1956 4396 unigenitum,

2070 4317 2197 4386 τρδς
2235 4317 2650 4384 γεγεννημένον,
2696 4314 2764 4368 δι’
2816 4307 2879 4366 οὗ
2913 4315 3008 4368 καὶ
3047 4314 3263 4381 ἐγένετο
3313 4313 3382 4366 τὰ
3422 4313 3600 4365 πάντα
3631 4331 3646 4345 ·

403 4416 832 4484 primogenitum
859 4414 1041 4469 omnis
1071 4424 1363 4480 creaturae,
1398 4425 1526 4470 ante
1556 4416 1739 4469 omnia
1771 4417 1956 4472 saecula

2073 4408 2167 4459 τὸν
2199 4406 2288 4459 διὰ
2315 4405 2414 4476 τὴν
2452 4407 2733 4476 ἡμετέραν
2762 4404 3034 4475 σωτηρίαν
3061 4402 3434 4473 σαρκωθέντα,
3467 4403 3564 4454 καὶ
3589 4404 3651 4454 ἐν

403 4524 468 4562 ex
502 4507 661 4562 Patre
693 4507 961 4579 genitum,
997 4520 1097 4577 per
1126 4521 1289 4576 quem
1323 4517 1379 4562 et
1413 4508 1599 4562 omnia
1634 4507 1777 4562 facta
1807 4518 1956 4573 sunt;

2076 4497 2387 4571 ἀνθρώποις
2439 4499 2926 4567 πολιτευσάμενον,
2961 4496 3058 4548 καὶ
3094 4493 3336 4548 παθόντα
3380 4495 3476 4546 καὶ⁸
3513 4494 3646 4546 ἁνα-

406 4603 500 4669 qui
533 4610 759 4670 propter
795 4610 1042 4655 nostram
1084 4601 1317 4656 salutem
1359 4603 1711 4664 incarnatus,
1744 4609 1800 4655 et
1830 4601 1956 4656 inter

2080 4591 2286 4643 στάντα
2333 4591 2402 4658 τῇ
2449 4587 2607 4658 τρίτῃ
2655 4587 2861 4657 ἡμέρᾳ,
2907 4586 3000 4638 καὶ
3053 4585 3344 4636 ἀνελθόντα
3375 4583 3508 4650 πρὸς
3557 4583 3652 4633 τὸν

408 4694 661 4748 homines
701 4700 993 4757 versatus,
1039 4701 1094 4748 et
1143 4707 1338 4762 passus
1380 4701 1464 4747 est
1493 4710 1507 4746 :
1539 4701 1595 4746 et
1624 4693 1956 4760 .rcssurrexii

2080 4683 2322 4750 Πατέρα,
2355 4682 2448 4735 καὶ
2490 4679 2689 4751 ἥξοντα
2725 4679 2889 4731 πάλιν
2936 4678 2994 4730 ὲν
3027 4676 3175 4746 δόξῃ,
3214 4677 3397 4744 κρῖναι
3441 4673 3653 4737 ζῶντας

409 4785 570 4841 tertia
593 4785 704 4850 die,
734 4797 789 4841 et
813 4786 1061 4841 ascendit
1089 4786 1159 4840 ad
1187 4783 1425 4848 Patrem,
1457 4795 1725 4839 venturus
1752 4800 1956 4839 rursun

2077 4778 2173 4830 καὶ
2227 4775 2476 4842 νεκρούς.
2533 4772 2875 4841 Πιστεύομεν
2925 4769 3023 4824 καὶ
3085 4772 3166 4831 εἰς
3214 4770 3273 4819 rb
3317 4765 3543 4834 Πνεῦμα
3589 4766 3654 4818 τδ

407 4876 462 4929 in
503 4875 676 4944 gloria
719 4875 791 4928 ad
830 4873 1194 4944 iudicandum
1230 4871 1383 4925 vivos
1421 4880 1476 4925 et
1523 4879 1795 4924 mortuos.
1837 4870 1956 4924 Cre-

2078 4870 2232 4938 ἀγιον
2259 4883 2273 4897 ⁸
2307 4867 2513 4920 τούτων
2549 4866 2778 4918 ἕκαστον
2807 4861 2950 4918 εἶναι
2985 4862 3080 4916 καὶ
3122 4861 3394 4930 ὑπάρχειν
3430 4859 3656 4912 πιστεύ-

407 4966 592 5020 dimus
634 4965 798 5019 etiam
835 4967 891 5018 in
926 4963 1192 5034 Spiritum
1222 4973 1470 5018 sanctum
1502 4979 1517 5016 :
1559 4963 1758 5016 horum
1785 4976 1977 5031 quem-

407 5075 516 5128 que
551 5073 676 5113 esse
705 5067 762 5112 et
794 5058 1098 5112 subsistere
1127 5057 1438 5119 credentes,
1469 5054 1690 5110 Patrem
1722 5071 1850 5110 vere
1877 5055 1978 5109 l’a—

411 5160 574 5215 trem,
613 5159 672 5204 et
705 5148 901 5202 Filium
934 5163 1063 5203 vere
1092 5147 1312 5213 Filium,
1343 5155 1400 5202 et
1430 5145 1698 5216 Spiritum
1728 5155 1977 5201 sanctum

407 5259 538 5297 vere
579 5243 850 5313 Spiritum
872 5249 1144 5295 .sanctum
1166 5282 1181 5304 ,
1220 5239 1682 5308 quemadmodum
1709 5248 1765 5293 et
1796 5237 1980 5292 Domi-

410 5349 520 5389 nus
562 5344 754 5390 noster
799 5333 1100 5402 discipulos
1133 5346 1266 5386 suos
1297 5332 1363 5385 ad
1396 5328 1738 5400 praedicandi
1780 5344 1982 5383 munus

413 5426 668 5491 mittens,
710 5426 895 5495 inquit
925 5446 938 5480 :
980 5425 1206 5486 Euntes,
1239 5423 1418 5477 docete
1453 5437 1629 5475 omnes
1657 5430 1854 5491 gentes,
1886 5421 1982 5474 ba-

415 5519 672 5585 ptizantes
719 5537 804 5574 eos
849 5522 903 5574 in
953 5535 1141 5574 nomen
1186 5517 1368 5570 Patris
1407 5524 1458 5569 et
1503 5513 1628 5568 Filii
1664 5523 1713 5568 et
1750 5512 1980 5584 Spiritus

487 5679 502 5709 '
536 5677 639 5731 lsn.
675 5691 822 5739 xxix,
855 5676 943 5729 l5.
1005 5691 1009 5695 ·

490 5798 562 5862 (ιε
596 5792 926 5846 Theodorct.
963 5791 1057 5842 lib.
1101 5806 1138 5852 ι,
1169 5803 1287 5853 cap.
1326 5787 1376 5837 il
1421 5795 1470 5834 et
1519 5783 1598 5835 l‘l.

2078 4975 2229 5020 οντες
2258 4958 2476 5025 Πατέρα
2506 4955 2778 5024 ἀληθινῶς
2823 4954 3062 5023 Πατέρα,
3097 4952 3191 5006 καὶ
3227 4952 3354 5004 Υίὸν
3382 4949 3656 5016 ἀληθινῶς

2079 5050 2231 5112 Υἱὸν,
2273 5050 2368 5101 καὶ
2411 5046 2642 5118 Πνεῦμα
2687 5047 2844 5113 άγιον
2884 5043 3151 5114 ἀληθινῶς
3204 5043 3430 5110 Πνεῦμα
3463 5041 3649 5107 άγιον·

2080 5142 2225 5196 καθὰ
2252 5142 2348 5195 καὶ
2364 5143 2391 5193 ὁ
2421 5140 2622 5211 Κύριος
2647 5139 2803 5210 ἡμῶν
2833 5137 3179 5191 ἀποστέλλων
3199 5137 3278 5199 εἰς
3298 5134 3358 5188 τὸ
3389 5137 3656 5203 κήρυγμα

2084 5234 2209 5294 τοὺς
2249 5231 2440 5285 ἑαυτοῦ
2499 5231 2770 5303 μαθητάς,
2805 5226 2927 5283 εἷπε
2960 5244 2976 5262 ·
3030 5225 3431 5296 Πορευθέντες
3462 5227 3658 5293 μαθη-

2086 5325 2342 5378 τεύσατε
2369 5325 2568 5376 πάντα
2597 5321 2670 5377 τὰ
2698 5322 2867 5390 ἔθνη,
2895 5319 3288 5388 ,ϐαπτίζοντες
3316 5317 3539 5382 αὐτοὺς
3569 5319 3658 5380 είς

2085 5423 2152 5475 τὸ
2186 5421 2372 5488 ὄνομα
2407 5421 2512 5475 τοῦ
2541 5420 2770 5489 Πατρὸς
2799 5420 2896 5472 καὶ
2923 5417 3031 5472 τοῦ
3065 5416 3204 5471 Υίοῦ
3234 5415 3332 5469 καὶ
3356 5415 3462 5469 τοῦ
3481 5412 3658 5479 ἁγίου

2086 5513 2457 5581 Πνεύματος.
2517 5513 2653 5582 Περὶ
2706 5506 2784 5566 ῶν
2828 5511 2926 5565 καὶ
2973 5506 3435 5578 διαϐεϐαιούμεθα
3485 5503 3658 5562 οὕτως
