3972 6200
314 314 391 385 85
1227 324 1827 386 ΕΟΕιΕΞΙΑδΤΙΕίΕ
1862 326 1899 384 Ii

2005 323 2255 385 TORle
2288 323 2438 386 LIB.
2478 322 2648 383 νιιῐ.
3512 322 3599 384 35:

317 429 465 503 ἔχειν
492 433 590 488 καὶ
618 433 798 498 οὕτως
820 436 1056 505 φρονεῖν,
1075 433 1165 488 καὶ
1196 436 1366 489 πάλαι
1395 435 1567 499 οὕτως
1593 435 1899 505 ἐσχηκέναι.

2018 436 2188 488 sancti
2215 433 2253 485 '.
2299 433 2430 497 Quae
2466 433 2543 487 sic
2577 449 2634 487 se
2667 431 2890 494 habere,
2929 438 2985 487 ct
3015 447 3115 486 nos
3142 431 3225 487 sic
3254 433 3478 495 sentire,
3503 435 3586 489 sic

318 525 619 594 καὶμέχρι
667 526 906 581 θανάτου
969 526 1111 597 ὑπὲρ
1158 526 1363 592 ταύτης
1415 528 1771 581 συνίστασθαι
1807 529 1905 596 τῆς

318 616 586 680 πίστεως,
634 617 1126 688 ἁναθεματίζοντες
1164 620 1345 672 πᾶσαν
1374 619 1533 672 ἄθεον
1564 619 1798 688 αἰρεσιν.

403 904 423 936 ο
450 884 640 937 Ταῦτα
671 884 784 938 ἀπὸ
815 884 1042 955 καρδίας
1071 886 1169 938 καὶ
1198 884 1377 956 ψυχῆς
1406 885 1826 957 πεφρονηκέναι.
1850 887 1907 952 ἐξ

318 969 502 1046 οὗπερ
528 977 688 1044 ἴσμεν
723 977 965 1039 ἑαυτοὺς,
1002 978 1097 1029 καὶ
1125 977 1222 1030 νῦν
1252 978 1473 1044 φρονεῖν
1498 994 1556 1029 τε
1597 978 1692 1030 καὶ
1725 978 1906 1046 λέγειν

320 1066 384 1132 ἐξ
410 1065 689 1132 ἀληθείας,
726 1066 815 1118 ἐπὶ
844 1066 937 1118 τοῦ
987 1064 1126 1120 Θεοῦ
1178 1065 1271 1118 τοῦ
1315 1068 1773 1135 παντοκράτορος,
1814 1068 1907 1120 καὶ

320 1156 420 1210 τοῦ
475 1157 685 1228 Κυρίου
727 1157 888 1227 ήμῶν
954 1156 1134 1227 Ἰησοῦ
1182 1156 1421 1225 Χριστοῦ
1476 1159 1903 1228 μαρτυρόμεθα·

319 1247 602 1302 δεικνύναι
654 1248 873 1319 ἔχοντες
925 1249 1021 1302 καὶ
1069 1249 1139 1303 δι’
1170 1249 1526 1315 ἀποδείξεως,
1572 1252 1666 1303 καὶ
1699 1249 1907 1302 πείθειν

324 1340 492 1407 ὑμᾶς,
543 1341 627 1391 ὅτι
677 1342 772 1393 καὶ
818 1340 947 1403 τοὺς
986 1340 1437 1410 παρεληλυθότας
1487 1342 1711 1412 χρόνους
1736 1340 1906 1402 οὕτως

322 1431 693 1498 ἑπιστεύομέν
726 1448 787 1484 τε
817 1433 914 1485 καὶ
946 1434 1346 1503 ἐκηρύσσομεν.
1383 1433 1599 1503 Ταύτης
1629 1433 1720 1502 ὑφ’
1752 1433 1908 1502 ἡμῶν

320 1523 645 1593 ἑκτεθείσης
694 1524 794 1593 τῆς
837 1524 1094 1590 πίστεως,
1135 1525 1310 1587 οὐδεὶς
1354 1525 1536 1594 παρῆν
1591 1524 1906 1591 ἀντιλογίας

321 1615 513 1677 τόπος.
559 1614 699 1667 Ἀλλ’
732 1614 892 1677 αὑτός
920 1631 979 1666 τε
1012 1615 1226 1679 πρῶτος
1255 1617 1283 1668 ὀ
1312 1613 1726 1683 θεοφιλέστατος
1747 1613 1907 1682 ἡμῶν

324 1706 603 1774 βασιλεὺς,
635 1707 906 1777 ὀρθότατα
962 1707 1239 1777 περιέχειν
1280 1705 1454 1774 αὐτὴν
1498 1704 1903 1776 ἐμαρτύρησεν.

2010 523 2173 576 etiam
2212 523 2340 576 olim
2382 522 2731 582 obtinuisse.
2774 537 2986 590 nosque
3027 522 3165 577 adeo
3211 523 3280 576 de
3321 523 3414 578 tali
3456 524 3613 578 Πιίϐίτ

2010 600 2349 693 professione
2402 626 2578 681 usque
2628 616 2695 667 ad
2743 624 2974 667 mortem
3020 613 3401 669 decertaturos
3433 629 3581 678 estne,

2008 705 2172 758 etiam
2229 714 2391 774 atque
2432 704 2600 759 etiam
2640 704 3066 771 conﬁrmamus,
3117 706 3465 761 anathemate
3503 708 3585 763 fe-

2011 796 2212 848 rientes
2234 809 2453 848 omnem
2481 794 2701 862 impiam
2741 795 2960 864 Deoque
2990 804 3269 851 carentem
3301 795 3579 850 haeresim.

2082 884 2207 939 Ιιεοο
2245 900 2344 941 nos
2374 886 2454 939 sic
2487 901 2554 940 ex
2583 886 2749 941 corde
2774 896 2831 940 et
2861 887 3067 951 animo,
3097 888 3210 957 jam
3244 887 3375 942 inde
3410 888 3479 942 ab
3512 903 3581 942 eo

2013 985 2257 1046 tempore
2288 991 2400 1046 quo
2433 992 2531 1032 nos
2571 979 2720 1047 ipsos
2760 978 3015 1033 novimus
3038 1013 3057 1050 ,
3101 979 3345 1034 sensisse
3369 1018 3384 1043 ,
3416 989 3582 1048 atque

2008 1068 2173 1122 etiam
2228 1083 2376 1123 nunc
2426 1072 2631 1125 sentire
2677 1078 2735 1125 et
2795 1070 3045 1141 proﬁteri
3097 1086 3270 1135 vere,
3327 1073 3581 1141 omnipo-

2010 1166 2217 1214 tentem
2271 1161 2441 1215 Deum
2478 1172 2533 1215 et
2573 1162 2860 1215 Dominum
2905 1171 3154 1217 nostrum
3197 1163 3383 1218 Jesum
3419 1162 3584 1217 Citri-

2009 1257 2155 1304 stum
2201 1259 2487 1306 testamur.
2532 1250 2820 1307 Declarare
2871 1269 3093 1323 quoque
3134 1267 3285 1309 certa
3330 1264 3387 1309 et
3435 1254 3581 1308 [idoli

2012 1341 2355 1409 probatione,
2402 1352 2458 1397 et
2499 1344 2832 1412 persuadere
2870 1344 3026 1399 vobis
3066 1360 3382 1416 possumus.
3434 1346 3584 1415 prio-

2011 1433 2166 1489 ribus
2218 1435 2383 1488 etiam
2439 1437 2781 1505 temporibus
2839 1452 2940 1491 nos
3006 1439 3085 1492 sic
3143 1447 3199 1492 et
3253 1439 3581 1503 credidisse.

2009 1536 2066 1582 et
2110 1527 2456 1596 praedicasse.
2505 1528 2617 1585 Hac
2660 1544 2687 1581 a
2721 1530 2880 1584 nobis
2915 1532 3161 1599 exposita
3196 1531 3319 1585 ﬁdei
3366 1530 3583 1599 prole:-

2007 1618 2204 1685 sione,
2252 1619 2435 1673 nullus
2477 1628 2597 1674 erat
2637 1621 3046 1676 contradicendi
3094 1622 3271 1677 locus.
3332 1623 3402 1676 Et
3454 1624 3575 1691 ipse

2011 1710 2106 1767 Dei
2135 1712 2557 1767 amantissimus
2581 1712 2904 1782 imperator,
2930 1725 3119 1770 noster
3145 1716 3424 1785 princeps,
3450 1731 3574 1770 cum

324 1798 487 1852 Οὕτω
511 1817 569 1853 τε
602 1800 694 1852 καὶ
717 1800 883 1853 αὑτὸν
906 1800 1124 1869 φρονεῖν
1146 1799 1593 1867 συνωμολόγησε,
1623 1798 1899 1870 καὶταύτῃ

2006 1804 2313 1859 rectissime
2357 1819 2477 1859 eam
2509 1813 2836 1874 conceptam
2869 1820 2992 1861 esse
3027 1815 3296 1871 testatus,
3341 1815 3454 1860 tum
3504 1808 3580 1860 ita

321 1893 452 1953 τοὺς
492 1893 706 1955 πάντας
749 1891 1253 1959 συγιιατατιθὲναι⁸
1308 1891 1649 1961 ὑπογράφειν
1695 1904 1752 1942 τε
1792 1893 1905 1953 τοῖς

324 1984 560 2053 δόγμασι
606 1986 702 2035 καὶ
747 1985 1061 2052 συμφωνεῖν
1088 1982 1309 2047 τούτους
1348 1984 1533 2045 αὐτοῖς
1568 1981 1905 2051 παρεκελεύ-

322 2092 495 2133 σατο.
558 2074 677 2138 ἑνὸς
727 2076 890 2145 μόνου
939 2077 1455 2146 προσεγγραφὲντος
1502 2075 1749 2144 ῥήματος
1809 2072 1902 2125 τοῦ

323 2167 656 2236 ὁμοουσίουο
711 2167 740 2216 ὃ
770 2171 863 2220 καὶ
914 2167 1046 2221 αὐτὸ
1092 2169 1405 2237 ἡρμήνευσε
1458 2166 1655 2234 λέγων,
1698 2167 1782 2218 ὅτι
1828 2166 1904 2235 μὴ

325 2258 473 2312 κατὰ
509 2261 785 2328 σωμάτων
818 2259 968 2329 πάθη
1011 2259 1225 2325 λέγοιτο
1262 2258 1569 2328 ὁμοούσιος,
1601 2257 1727 2312 οὔτε
1761 2258 1905 2314 κατὰ

320 2349 618 2418 διαίρεσιν,
648 2348 770 2403 οὔτε
800 2350 942 2403 κατὰ
990 2349 1275 2421 ἀποτομὴν
1308 2351 1371 2403 ἐκ
1401 2350 1495 2403 τοῦ
1528 2351 1737 2421 Πατρὸς
1772 2351 1905 2404 ὑπο-

321 2445 543 2510 στῆναι.
577 2442 730 2511 Μηδὲ
778 2444 887 2512 γὰρ
932 2443 1194 2497 δύνασθαι
1227 2446 1327 2513 τήν
1364 2444 1526 2497 ἄῦλον
1569 2446 1664 2498 καὶ
1713 2444 1904 2514 νοερὰν

322 2533 422 2581 καὶ
472 2529 772 2599 ἀσώματον
805 2531 969 2599 φύσιν
1012 2531 1329 2598 σωματικόν
1374 2549 1430 2583 τι
1469 2530 1638 2595 πάθος
1673 2532 1906 2601 ὑφίστα-

323 2623 454 2674 σθαι
479 2637 495 2651 ο
529 2622 697 2685 θείοις
727 2621 785 2675 δὲ
819 2623 915 2675 καὶ
942 2624 1275 2693 ἀπορρήτοις
1311 2622 1493 2691 λόγοις
1529 2624 1802 2694 προσήκει
1836 2625 1904 2680 τὰ

320 2713 552 2767 τοιαῦτα
579 2716 748 2768 νοεῖν.
779 2714 893 2768 Καὶ
912 2718 940 2768 ό
977 2714 1079 2784 μὲν
1110 2714 1427 2784 σοφώτατος
1457 2719 1551 2768 καὶ
1578 2716 1904 2771 εὐσεϐέστα-

317 2823 412 2866 τος
453 2806 615 2875 ήμῶν
646 2805 903 2875 βασιλεὺς
933 2805 1005 2860 τὰ
1051 2806 1281 2861 τοιαῦτα
1323 2808 1721 2877 διεφιλοσόφει·
1755 2812 1806 2862 οε
1846 2810 1903 2863 δὲ

318 2898 600 2965 προφάσει
628 2896 730 2964 τῆς
760 2896 856 2949 τοῦ
882 2897 1168 2968 ὁμοουσίου
1196 2898 1517 2971 προσθήκης
1575 2898 1771 2969 ἑτέραν
1808 2900 1904 2953 ἐκ·

319 2989 472 3043 δοσιν
502 2990 740 3052 πίστεως
764 2990 1135 3060 πεποιήκασιν
1156 2989 1245 3060 (ἢν
1271 2989 1453 3061 μικρῷ
1480 2991 1716 3062 πρόσθεν
1742 2992 1901 3060 κάγὼ

2007 1895 2253 1963 seipsum
2296 1897 2505 1952 sentire
2537 1898 2820 1967 professus
2844 1909 2963 1955 est:
2999 1904 3165 1968 atoue
3208 1909 3268 1953 ut
3306 1914 3503 1954 omnes
3530 1901 3581 1954 ei

2007 1988 2430 2053 assentirentur,
2462 1989 2896 2053 subscribereut,
2920 2001 2978 2046 et
3003 2007 3140 2047 voce
3176 2007 3286 2046 una
3315 1991 3585 2063 suifraga-

2007 2087 2224 2145 rentur,
2262 2080 2590 2138 admonuit:
2623 2099 2734 2138 uno
2767 2083 3035 2139 duntaxat
3080 2083 3295 2155 adjecto
3330 2084 3423 2138 τοῦ
3451 2088 3584 2157 ομο-

2003 2172 2189 2226 ουσίου
2208 2175 2403 2241 verbo,
2437 2174 2588 2244 quod
2620 2176 2849 2232 verbum
2879 2178 3050 2233 etiam
3075 2163 3469 2247 interpretatus
3499 2193 3562 2233 cs

2006 2263 2219 2329 dicens,
2252 2280 2360 2320 non
2377 2266 2534 2338 juxta
2558 2282 2854 2338 corporum
2880 2267 3270 2339 perpessiones
3294 2269 3583 2340 ὁμοούσιον

2006 2354 2143 2419 dici,
2165 2352 2351 2427 neque
2374 2359 2527 2428 juxta
2551 2360 2902 2427 divisionem,
2931 2374 3111 2431 neque
3136 2362 3289 2431 juxta
3317 2361 3580 2418 resectio-

2005 2460 2130 2501 nem
2173 2463 2238 2502 ex
2278 2448 2441 2504 Patre
2487 2451 2830 2516 subsistere,
2876 2452 3022 2522 quod
3064 2452 3312 2508 materia
3347 2467 3580 2522 prorsus

2005 2554 2202 2609 expers
2248 2540 2637 2597 intellectualis
2676 2551 2734 2598 et
2756 2543 3098 2612 IIincorporea
3145 2553 3341 2598 natura
3387 2557 3584 2611 corpo-

2006 2633 2173 2687 ralem
2203 2632 2517 2703 quampiam
2543 2632 2959 2703 perpessionem
2989 2632 3267 2688 sustinere
3301 2642 3576 2703 nequeat:

2005 2724 2192 2779 divina
2238 2739 2374 2779 vero
2417 2735 2474 2780 et
2521 2723 2784 2798 ineffabiji
2838 2723 3053 2779 ratione
3091 2722 3297 2780 debere
3345 2725 3470 2779 talia
3523 2726 3578 2780 in

2009 2817 2192 2874 animo
2234 2805 2599 2872 considerari.
2642 2817 2820 2884 Atque
2867 2816 3312 2888 sapientissimus
3353 2808 3578 2887 Quidetn

2004 2915 2062 2962 et
2090 2907 2380 2977 piissimus
2408 2917 2602 2964 noster
2633 2909 2937 2979 imperator
2966 2906 3035 2963 ad
3061 2907 3206 2963 hunc
3233 2908 3457 2962 modum
3497 2918 3583 2964 est

2006 2998 2449 3070 philosophatus.
2490 2998 2659 3070 578
2702 2998 2786 3053 illi
2837 3013 2968 3054 vero
3011 3012 3110 3068 per
3150 3000 3493 3054 occasionem
3525 3009 3583 3054 et

323 3082 652 3153 παρεθέμην
681 3084 751 3153 τῇ
780 3081 1038 3152 inopia).
1059 3072 1165 3144 'H;
1196 3081 1261 3152 δὴ
1285 3083 1381 3136 καὶ
1407 3081 1899 3154 ὑπαγορευθείσης,

2005 3097 2327 3160 praetextum
2355 3090 2678 3162 adjectionis
2699 3089 2793 3143 τοῦ
2834 3090 3120 3159 ὀμοουσίου
3143 3092 3245 3159 (1),
3268 3091 3427 3145 aliam
3452 3092 3580 3145 lidci

317 3172 473 3235 ὅπως
511 3172 752 3242 είρηται.
788 3173 972 3236 αὐτοῖς
995 3173 1056 3225 τὸ
1085 3173 1150 3227 ὲκ
1188 3172 1288 3242 τῆς
1318 3174 1509 3239 οὐσίας
1534 3173 1630 3227 τοῦ
1662 3176 1899 3245 Πατρὸς,

320 3270 419 3319 καὶ
448 3267 512 3319 τὸ
540 3265 620 3335 τῷ
651 3267 831 3337 Πατρὶ
875 3266 1163 3332 ὁμοούσιον
1193 3268 1294 3321 οὐκ
1335 3268 1692 3335 ἀνεξέταστον
1745 3270 1903 3336 αὖθις

317 3360 839 3430 κατελιμπάνομεν·
871 3360 1172 3430 ἐρωτήσεις
1206 3360 1313 3431 γὰρ
1348 3360 1444 3413 καὶ
1469 3362 1792 3433 ἀποκρίσεις
1814 3363 1903 3416 ὲν-

313 3451 509 3505 τεῦθεν
560 3451 932 3505 ἅνεκινοῦντο.
991 3450 1372 3515 Ἐὁασανίζετθ
1422 3452 1480 3504 δὲ
1519 3454 1548 3505 ὃ
1594 3453 1753 3520 λόγος
1801 3455 1901 3525 τῆς

309 3544 562 3605 διανοίας
614 3544 727 3599 τῶν
778 3544 1108 3615 εἰρημένων.
1139 3545 1251 3599 Καὶ
1278 3544 1344 3615 δὴ
1385 3544 1446 3598 τὸ
1493 3546 1557 3598 ὲκ
1586 3546 1687 3615 τῆς
1711 3546 1902 3611 οὐσίας

306 3637 652 3707 ὡμολογεῖτο
686 3637 823 3707 πρὸς
849 3637 1049 3700 αὐτῶν,
1081 3637 1377 3707 δηλωτικὸν
1406 3633 1550 3691 εἶναι
1581 3637 1679 3691 τοῦ
1709 3640 1774 3691 ἐκ
1804 3637 1901 3693 τοῦ

310 3732 539 3801 Πατρδς
595 3730 696 3799 μὲν
725 3726 892 3793 εἶναι,
920 3729 989 3782 οὐ
1035 3730 1144 3799 μὴν
1175 3729 1250 3792 ὡς
1288 3730 1453 3799 μέρος
1492 3729 1901 3801 ὑπάρχεινητοῢ

314 3820 559 3888 Πατρός.
592 3818 775 3888 Ταύτῃ
806 3819 899 3872 καὶ
925 3820 1060 3888 ἡμῖν
1091 3818 1273 3880 καλῶς
1315 3817 1463 3887 ἔχειν
1487 3818 1659 3873 ἐδόκει
1691 3835 1901 3888 συγκα-

313 3910 639 3964 τατίθεσθαι
667 3913 732 3980 τῇ
757 3910 986 3981 διανοίᾳ,
1008 3909 1109 3978 τῆς
1130 3909 1390 3973 εὐσεϐοῦς
1419 3910 1769 3976 διδασκαλίας
1794 3915 1899 3967 ὑπ-

314 4003 696 4072 αγορευοὸσης
726 4004 790 4055 ὲκ
828 4003 922 4056 τοῦ
956 4003 1168 4071 Πατρὸς
1198 3997 1337 4056 εἶναι
1368 4002 1461 4056 τὸν
1491 4004 1644 4068 Υίὸν,
1687 4006 1747 4059 οὐ
1788 4007 1898 4073 μὴν

321 4098 495 4167 μέρος
526 4094 696 4147 αὑτοῦ
742 4095 839 4163 τῆς
884 4094 1073 4157 οὐσίας
1102 4095 1416 4164 τυγχάνειν.
1454 4097 1656 4165 Διόπερ
1685 4100 1754 4168 τῇ
1784 4098 1899 4152 δια,

320 4191 443 4261 νοίᾳ
485 4190 584 4242 καὶ
612 4187 772 4241 αὐτοὶ
802 4187 1165 4256 συντιθέμεθα
1190 4203 1205 4219 ο
1249 4188 1370 4242 οὐδὲ
1395 4190 1498 4258 τὴν
1542 4191 1729 4260 φωνὴν
1755 4208 1899 4260 παρ-

317 4280 630 4349 αιτούμεθα
659 4280 754 4332 τοῦ
804 4279 906 4348 τῆς
953 4278 1174 4349 εἰρήνης
1224 4279 1432 4333 σκοποῦ
1460 4280 1567 4350 πρὸ
1598 4281 1899 4351 ὀφθαλμῶν

315 4374 479 4442 ἡμῶν
505 4372 795 4442 κειμένου⁸
825 4374 922 4424 καὶ
948 4369 1044 4424 τοῦ
1074 4371 1150 4441 μὴ
1180 4371 1462 4442 τῆςόρθῆς
1493 4374 1751 4429 ἐκπεσεῖν
1781 4375 1897 4429 δια-

313 4469 486 4528 νοίας.
538 4466 697 4521 Κατὰ
728 4464 903 4518 ταυτὰ
943 4464 1001 4518 δὲ
1030 4466 1124 4517 καὶ
1160 4465 1243 4526 τὸ,
1294 4464 1651 4535 Γενηθέντα,
1705 4471 1800 4521 καὶ
1829 4469 1891 4521 οὐ

316 4559 640 4625 ποιηθέντα,
669 4554 1076 4625 κατεδεξάμεθα
1105 4571 1118 4585 '
1149 4556 1338 4624 ἐπειδὴ
1368 4557 1430 4610 τὸ
1459 4558 1685 4628 ποιηθὲν
1710 4559 1891 4613 κοινὸν

316 4648 461 4703 εἶναι
507 4650 751 4718 ἔφασκον
800 4649 1104 4718 πρόσρημα
1163 4647 1276 4700 τῶν
1321 4647 1524 4701 λοιπῶν
1573 4650 1892 4719 κτισμάτων

314 4743 427 4795 τῶν
456 4742 543 4794 διὰ
570 4738 667 4793 τοῦ
704 4738 838 4792 Υἱοῦ
869 4740 1201 4808 γενομένων,
1232 4732 1308 4793 ὧν
1341 4738 1496 4792 οὐδὲν
1524 4738 1712 4808 ὅμοιον
1744 4741 1892 4810 ἔχειν

315 4834 411 4887 τδν
443 4834 596 4888 Υίόν.
631 4833 725 4885 Διὸ
749 4833 816 4903 δὴ
850 4831 925 4903 μὴ
951 4828 1092 4885 εἷναι
1121 4832 1285 4885 αὐτὸν
1312 4832 1527 4901 ποίημα
1555 4833 1668 4894 τοῖς
1694 4832 1760 4885 δι’
1795 4832 1893 4887 αὖ·

314 4925 414 4978 τοῦ
461 4926 778 4994 γενομένοις
805 4922 1078 4992 ἐμφερέςο
1111 4922 1421 4994 κρείττονος
1453 4924 1512 4976 δὲ
1542 4922 1575 4990 ἢ
1610 4924 1753 4976 κατὰ
1788 4925 1898 4976 πᾶν

390 5042 409 5071 ¹
451 5037 643 5093 Matth.
676 5053 871 5104 xxvtu,
901 5036 995 5094 29.

387 5176 466 5243 (l)
506 5173 832 5229 Ambrosius
878 5171 953 5225 De
996 5170 1122 5240 ﬁde,
1150 5181 1336 5243 contra
1371 5172 1695 5243 Arianosu
1744 5169 1889 5235 Quo-

311 5240 479 5300 modo
554 5244 712 5303 dicis.
772 5243 992 5304 Ariane,
1045 5244 1097 5295 in
1162 5240 1460 5309 Scripturis
1515 5241 1717 5295 divinis
1776 5256 1886 5295 nou

313 5315 551 5369 inven’ri
586 5312 914 5378 ὁμοούσιονῖ
936 5312 1104 5377 Quasi
1138 5312 1427 5379 ὀμοούσιον
1455 5311 1602 5364 aliud
1627 5311 1695 5363 sit
1722 5325 1886 5378 quam

312 5384 465 5456 quod
518 5382 962 5456 dicititominus
1003 5398 1018 5456 ς
1056 5400 1074 5456 ι
1114 5380 1227 5450 Ego
1270 5391 1329 5456 ct
1364 5381 1537 5456 Pater
1583 5395 1751 5456 unum
1776 5395 1889 5456 gu-

314 5450 477 5515 nms;
516 5453 630 5521 Ego
658 5452 725 5504 de
750 5451 909 5504 Patre
933 5452 1102 5514 exivi,
1128 5463 1187 5521 et
1208 5452 1330 5521 veni
1364 5452 1416 5505 in
1447 5450 1749 5521 mundum;
1776 5450 1890 5512 E10

315 5528 372 5577 in
410 5519 590 5585 Patre,
624 5533 681 5575 et
716 5522 879 5574 Pater
913 5521 967 5572 in
998 5536 1081 5573 me
1114 5539 1127 5573 :
1157 5520 1259 5585 Qui
1298 5534 1420 5573 cum
1456 5528 1601 5573 ess'et
1630 5519 1683 5572 in
1718 5519 1889 5571 forma

317 5595 435 5655 Dei,
463 5608 571 5644 non
626 5592 870 5657 rapinam
913 5590 1208 5645 arbitratus
1251 5598 1335 5643 est
1377 5600 1435 5643 ut
1478 5596 1623 5642 esset
1665 5588 1893 5655 aequalis

318 5665 457 5716 Deo.
498 5680 515 5711 ι
554 5658 685 5716 Haec
725 5670 811 5713 est
864 5668 1042 5714 tamen
1096 5661 1335 5713 nominis
1375 5660 1536 5719 ratio,
1563 5666 1617 5711 ut
1652 5660 1706 5711 in
1737 5659 1894 5711 P.-tre

319 5732 456 5787 etin
491 5728 630 5783 Filio
681 5729 945 5798 unitatem
997 5731 1313 5786 substantia:
1341 5729 1534 5784 credas
1572 5745 1584 5780 2
1625 5728 1751 5781 licet
1779 5743 1893 5780 rem

2004 3180 2407 3250 professionem
2438 3187 2873 3249 composuerunt
2905 3180 3093 3251 (quam
3125 3180 3285 3249 paulo
3308 3189 3469 3234 antea
3497 3181 3573 3248 t2)

2004 3269 2246 3324 historia:
2290 3268 2516 3339 adieci).
2565 3268 2642 3322 Ea
2673 3281 2844 3337 porro
2893 3266 3125 3322 recitata
3148 3304 3163 3331 ,
3199 3266 3479 3336 quomodo
3508 3266 3576 3321 ab

2001 3361 2120 3428 eis,
2166 3369 2224 3416 et
2260 3375 2326 3416 ex
2373 3359 2682 3417 substantia
2724 3358 2947 3427 Patris,
2983 3368 3042 3415 et
3087 3358 3579 3415 censubstantialis

2004 3451 2149 3508 Patri
2174 3491 2191 3517 ,
2226 3461 2376 3508 esset
2412 3453 2623 3508 dictum
2650 3490 2669 3519 ,
2696 3440 2948 3507 minime
3000 3451 3374 3507 indiscussum
3412 3460 3579 3521 atque

2002 3542 2410 3614 inexploratum
2452 3543 2799 3612 reliquimus.
2835 3541 3302 3612 interrogationes
3335 3556 3576 3610 namque

2000 3647 2059 3693 et
2090 3635 2479 3706 responsiones
2512 3635 2870 3705 interposita,
2909 3633 3158 3704 ratioque
3193 3643 3251 3688 et
3299 3634 3578 3688 sententia

2001 3729 2278 3784 dictorum
2312 3728 2600 3799 inquisita.
2646 3731 2826 3797 Atque
2855 3726 3113 3798 equidem
3145 3725 3303 3789 illud,
3343 3741 3410 3780 ex
3442 3724 3580 3780 sub-

2000 3815 2225 3883 stantia,
2266 3816 2346 3871 illi
2376 3814 2610 3886 professi
2642 3825 2772 3871 sunt
2801 3814 3135 3885 signiﬁcare,
3160 3829 3226 3869 ex
3252 3812 3415 3868 Patre
3447 3812 3578 3882 qui-

2001 3907 2129 3963 dem
2155 3922 2299 3975 esse,
2331 3908 2425 3964 sed
2454 3923 2563 3963 non
2598 3915 2661 3962 ut
2694 3916 2908 3977 partem
2940 3908 3208 3964 exsistere
3239 3906 3436 3961 Patris.
3469 3890 3576 3960 Cui

1998 4001 2315 4063 sententiae.
2345 4015 2471 4056 cum
2502 4009 2654 4055 recta
2689 4014 2816 4055 esse
2842 3998 3171 4063 videretur",
3204 3997 3568 4053 assensimus:

1999 4095 2086 4165 pia
2113 4094 2317 4164 quippe
2352 4091 2606 4153 docti-ina
2630 4093 2877 4149 dictante
2909 4108 2977 4147 ex
3011 4094 3171 4147 Patre
3194 4108 3318 4150 esse
3347 4091 3573 4149 Filium.

1997 4202 2108 4242 non
2149 4194 2361 4256 partem
2391 4186 2713 4242 substantiae
2738 4186 2863 4257 ejus
2883 4198 3030 4241 esse.
3066 4184 3415 4254 Quapropter
3446 4199 3573 4238 cum

1998 4279 2332 4333 sententiam
2360 4293 2483 4335 eam
2513 4277 2966 4348 approbavimus,
2988 4286 3106 4333 tum
3132 4291 3320 4333 vocem
3349 4292 3572 4347 quoque

2000 4370 2173 4441 ipsam
2202 4386 2314 4426 non
2336 4370 2774 4441 repudiavimus,
2799 4369 2944 4440 quod
2976 4371 3131 4440 pacis
3152 4384 3382 4439 scopum
3414 4369 3577 4424 nobis

1997 4463 2070 4517 ob
2100 4462 2293 4518 oculos
2332 4461 2571 4532 positum
2605 4462 2980 4518 haberemus:
3013 4470 3071 4515 et
3109 4469 3394 4530 praeterea,
3434 4474 3503 4515 ne
3539 4475 3572 4513 a

1999 4565 2149 4609 recta
2196 4554 2472 4611 sententia
2529 4554 2934 4611 excideremus.
2979 4554 3184 4610 Eadem
3238 4554 3449 4607 ratione
3492 4560 3570 4611 et.

1996 4649 2275 4711 Genitum,
2308 4663 2417 4703 non
2450 4647 2676 4712 factum,
2709 4647 3072 4712 admisimus;
3118 4644 3570 4714 quandoquidem

2001 4740 2232 4794 verbum
2284 4739 2525 4802 factum,
2568 4753 2917 4797 communem
2969 4737 3395 4808 appellationem
3449 4751 3571 4791 esse

2000 4833 2261 4888 dixerunt
2292 4834 2631 4902 reliquarum
2662 4840 3065 4895 creaturarum,
3095 4844 3217 4898 qua:
3241 4844 3339 4898 per
3374 4828 3571 4884 Filium

2004 4933 2137 4979 sunt
2174 4925 2432 4979 conditae.
2490 4924 2693 4978 Earum
2730 4923 2936 4992 quippe
2982 4920 3119 4976 nihil
3151 4919 3354 4976 habere
3389 4918 3569 4974 simile

1999 5172 2193 5233 ipsam,
2224 5186 2346 5239 qum
2380 5178 2466 5223 est
2496 5166 2905 5239 inenarrabilis,
2947 5168 3179 5223 delinire
3213 5165 3563 5239 uorrpossis.

1997 5240 2087 5303 Ut,
2119 5234 2456 5294 sive'lumen
2498 5239 2566 5293 de
2610 5238 2817 5293 lumine
2867 5238 3040 5300 dicas,
3071 5239 3185 5292 sive
3219 5234 3456 5291 Verbum
3498 5234 3567 5289 de

2005 5309 2200 5370 Verbo.
2228 5312 2344 5364 sive
2399 5308 2663 5379 Spiritum
2725 5307 3075 5379 deASpiritu.
3108 5307 3222 5379 sive
3270 5303 3564 5379 Dominum

1988 5382 2058 5433 de
2108 5380 2361 5442 Domino,
2386 5373 2755 5448 quodcunque
2788 5373 2955 5448 dei'co
3005 5376 3229 5448 dixeris,
3273 5373 3439 5448 unius
3484 5382 3566 5448 ta-

1991 5463 2113 5503 men
2156 5443 2420 5504 essentiae'
2465 5443 2681 5503 Patrem
2730 5458 2787 5503 et
2834 5447 3029 5501 Filium
3075 5445 3318 5500 credas:
3364 5443 3567 5512 ὁμοού-
3640 5468 3645 5475 ·

1993 5536 2106 5571 σιον
2138 5518 2284 5572 cnim
2333 5520 2505 5572 (ἐταιοί
2536 5518 2725 5572 dicunt
2764 5516 2912 5587 quod
2960 5530 3059 5571 nos
3105 5528 3230 5570 cum
3273 5528 3382 5568 uno
3413 5512 3595 5570 aliud.

1993 5589 2280 5726 ipiggntl‘a’p
2290 5588 2533 5711 ϐίᾛέἓθ
