3972 6200
412 305 482 373 8‘7
1626 319 2048 389 NlCEPHORI
2091 323 2431 391 CALLISTI
3583 324 3654 395 83

413 422 608 476 Filium
637 441 650 476 :
681 427 1084 496 proptereaque
1120 441 1228 482 non
1258 443 1379 484 esse
1413 445 1538 486 eum
1577 432 1866 499 facturam,
1899 439 1970 492 eis

2085 439 2296 508 ποίημα
2329 437 2620 506 τυγχάνειν
2651 437 2861 500 οὐσίας,
2900 436 2966 508 ἢν
3002 435 3068 489 ἐκ
3091 433 3186 488 τοῦ
3219 435 3443 506 Πατρδς
3467 453 3634 506 γεγεν

409 530 534 581 ηιιρι
566 529 663 584 per
685 517 859 585 ipsum
885 517 1041 573 facta:
1071 530 1202 574 sunt
1231 521 1504 579 similem:
1536 531 1970 593 praestantiorem

2077 532 2272 599 νῆσθαι
2305 533 2371 583 τὰ
2399 531 2518 582 θεῖα
2555 529 2794 582 διδάσκει
2828 529 3007 595 λόγια,
3044 526 3138 580 τοῦ
3167 528 3375 594 τρόπου
3401 529 3502 598 τῆς
3534 538 3660 598 γενο

410 621 591 662 autem
625 625 790 678 quam
828 622 1135 666 creaturam
1176 629 1393 668 omnem
1434 618 1682 674 obtinere
1716 622 1968 692 substan-

2077 625 2286 692 νήσεως
2334 625 2428 674 καὶ
2461 621 2835 688 άνεκφράστου
2879 622 2976 672 καὶ
3024 619 3450 684 ἁνεπιλογίστου
3503 625 3660 694 πάσῃ

412 700 574 757 tiam.
621 715 784 768 quam
821 716 887 754 ex
913 699 1071 756 Patre
1103 703 1341 772 genitam
1389 719 1513 759 esse
1541 706 1728 761 divina
1775 710 1970 766 docent

2075 715 2305 782 γεννητῇ
2357 711 2515 779 φύσει
2545 711 2926 779 τυγχάνοντος.
2957 709 3113 763 Οὕτω
3146 711 3202 762 δὲ
3235 712 3329 762 καὶ
3371 713 3432 762 τὸ
3462 713 3660 779 ὁμοού-

408 791 677 845 oracula:
731 805 856 846 cum
910 793 1134 862 quidem
1190 795 1387 850 modus
1431 797 1550 865 ipse
1601 805 1970 868 generationis

2078 823 2192 857 σιον
2216 804 2354 857 εἶναι
2385 805 2478 856 τοῦ
2507 803 2713 872 Πατρδς
2743 801 2834 854 τὸν
2867 801 2994 853 Υίδν
3023 801 3418 868 ἐξεταζόμενος
3439 801 3468 851 ὁ
3494 803 3654 869 λόγος
3740 860 3749 869 _

407 881 558 934 omni
593 883 789 951 genita:
816 893 1026 939 natura:
1052 885 1350 941 ineﬁabilis
1380 887 1471 953 sit,-
1503 895 1559 942 et
1595 890 1974 948 inconsidera-

405 974 555 1029 bilis.
601 975 867 1032 Similiter
909 993 1040 1033 vero
1081 979 1223 1035 ratio
1261 980 1435 1049 probe
1465 981 1792 1051 disquisita,
1835 1001 1971 1040 con-

407 1067 825 1123 substantialem
863 1070 1042 1126 Patris
1070 1086 1193 1126 esse
1223 1072 1423 1127 Filium
1451 1076 1673 1137 astruit,
1705 1086 1814 1130 non
1849 1078 1975 1146 qui-

407 1158 532 1210 dem
567 1173 864 1228 corporum
897 1177 1075 1226 more.
1102 1179 1282 1234 neque
1315 1166 1381 1220 ad
1420 1167 1777 1223 animantium
1811 1172 1970 1226 morti

406 1249 770 1306 obnoxiorum
808 1253 1025 1308 instar:
1063 1269 1240 1323 neque
1267 1257 1433 1312 etiam
1460 1258 1610 1329 juxta
1641 1259 1968 1317 divisionem

406 1340 750 1406 substantiae,
790 1359 969 1414 neque
1004 1346 1159 1417 juxta
1201 1349 1612 1404 resectionem:
1649 1353 1743 1406 sed
1793 1369 1972 1422 neque

404 1425 558 1498 juxta
591 1435 1000 1500 perpessionem
1030 1436 1369 1505 quampiam,
1394 1446 1488 1492 aut
1517 1440 1850 1502 versionem,
1877 1451 1972 1494 aut

407 1522 771 1576 mutatit'mem
820 1523 992 1579 Patris
1032 1527 1287 1592 virtutis;
1339 1526 1487 1597 quod
1528 1529 1702 1583 aliena
1745 1545 1973 1599 prorsus

407 1611 478 1664 ab
519 1612 604 1666 his
648 1615 904 1670 omnibus
946 1616 1020 1671 sit
1065 1617 1307 1687 ingenita
1351 1619 1546 1676 ,Patris
1591 1631 1824 1675 natura:
1860 1622 1969 1676 ‘sed

409 1705 557 1773 quod
583 1708 1072 1764 consubstantialis
1096 1709 1244 1764 l’atri
1273 1711 1510 1771 dicatur,
1543 1711 1675 1766 illud
1699 1712 1973 1781 signiﬁcat

410 1805 578 1863 atque
630 1799 827 1864 infert,
890 1801 1093 1854 nullam
1145 1801 1374 1855 omnino
1423 1801 1844 1856 similitudinem
1905 1806 1970 1856 ad

2075 1805 2316 1863 στάσεως
2357 1803 2453 1854 καὶ
2493 1803 2702 1864 οὐσίας,
2738 1801 2852 1853 ἀλλ’
2891 1804 2955 1854 ἐκ
2997 1800 3092 1852 τοῦ
3148 1801 3359 1868 Πατρός
3384 1816 3398 1830 ·

409 1899 698 1940 crearuras
726 1888 974 1942 conditas
1006 1889 1203 1942 Filium
1239 1889 1329 1943 Dei
1368 1889 1511 1944 ferre
1533 1923 1549 1952 .
1580 1889 1677 1944 sed
1709 1892 1803 1959 qui
1843 1906 1968 1952 eum

409 1979 621 2045 genuit.
654 1979 800 2034 Patri
829 1989 1038 2034 tantum
1070 1981 1249 2036 modis
1282 1983 1541 2035 omnibus
1568 1997 1689 2036 esse
1715 1983 1970 2048 similem,

411 2081 466 2123 et
500 2085 606 2124 non
638 2086 760 2126 esse
789 2086 852 2126 ex
886 2073 992 2126 alia
1033 2075 1292 2142 quapiam
1329 2073 1689 2128 subsistentia
1718 2076 1802 2128 vel
1839 2076 1970 2130 sub-

410 2161 611 2214 stantia
637 2177 800 2230 quam
828 2154 1028 2216 Patris.
1053 2163 1153 2218 Cui
1184 2163 1375 2224 verbo,
1397 2178 1465 2218 eo
1493 2175 1653 2233 pacto
1675 2179 1774 2234 per
1797 2165 1969 2219 inter-

414 2253 774 2321 pretationem
799 2255 1067 2323 exposito,
1091 2267 1242 2310 recte
1286 2255 1451 2310 nobis
1471 2256 1647 2309 visum
1675 2265 1760 2310 est
1787 2271 1973 2311 assen-

412 2345 526 2405 tiri,
545 2343 820 2413 praecipue
839 2359 965 2398 cum
995 2345 1289 2411 sciremus,
1333 2362 1403 2401 ex
1425 2346 1706 2400 veteribus
1726 2348 1972 2400 eruditos

410 2435 680 2503 quosdam
717 2447 771 2490 et
809 2446 1084 2506 spectatos
1122 2439 1413 2506 episcopos
1443 2446 1498 2491 et
1537 2439 1836 2507 scriptores
1867 2440 1969 2505 (ι),

409 2527 575 2599 579
619 2529 672 2583 in
715 2530 1039 2598 exponenda
1073 2530 1249 2586 Patris
1279 2541 1335 2586 et
1381 2533 1500 2587 Filii
1547 2531 1852 2586 divinitatis
1884 2547 1970 2586 ra-

409 2621 559 2675 tione
626 2620 723 2674 τοῦ
768 2622 1056 2691 ὁμοουσίου
1110 2624 1331 2678 nomine
1376 2641 1506 2679 usos
1552 2639 1692 2679 esse.
1747 2623 1872 2678 llznc
1901 2623 1969 2680 dc

407 2711 752 2779 professione
792 2711 914 2766 ﬁdei
949 2713 1250 2782 publicitus
1273 2713 1419 2769 edita
1477 2723 1608 2767 sunt
1662 2714 1825 2768 dicta.
1867 2713 1967 2768 Cui

411 2805 648 2858 universi
689 2804 1050 2866 assensimus,
1075 2804 1378 2873 etquidem
1413 2821 1516 2858 non
1546 2807 1681 2858 citra
1707 2806 1971 2873 disquisi-

407 2894 644 2968 tionem,
699 2896 791 2949 sed
835 2897 989 2966 juxta
1043 2897 1342 2949 sententias
1399 2895 1454 2947 in
1513 2896 1803 2964 praesentia
1856 2897 1968 2950 Deo

409 2987 596 3042 dilecti
649 2987 996 3056 imperatoris
1038 2988 1424 3058 investigatas,
1475 2989 1748 3056 nobisque
1799 3003 1967 3057 expo-

2075 897 2406 965 συνίστησιν,
2439 895 2501 948 οὐ
2535 894 2677 947 κατὰ
2706 893 2798 946 τὸν
2835 893 2946 946 τῶν
2982 893 3252 960 σωμάτων
3275 891 3498 957 τρόπον,
3529 894 3655 946 οὐδὲ

2072 991 2185 1048 τοῖς
2233 986 2449 1054 θνητοῖς
2493 985 2654 1047 ζώοις
2687 985 3090 1054 παραπλησίως
3119 1000 3131 1016 ι
3181 983 3306 1036 οὔτε
3350 986 3461 1053 γὰρ
3511 990 3654 1038 κατὰ

2071 1080 2339 1145 διαίρεσιν
2371 1076 2470 1142 τῆς
2498 1074 2708 1138 οὐσίας,
2739 1074 2864 1130 οὔτε
2889 1075 3030 1126 κατὰ
3050 1074 3360 1143 ἀποτομὴν.
3385 1075 3503 1127 ἀλλ’
3531 1077 3655 1128 οὐδὲ

2073 1167 2217 1218 κατά
2244 1181 2296 1218 τι
2323 1167 2515 1230 πάθος,
2544 1165 2776 1234 τροπὴν,
2801 1164 2834 1235 ἢ
2864 1164 3154 1216 ἀλλοίωσιν
3191 1166 3288 1232 τῆς
3316 1164 3407 1216 τοῦ
3436 1163 3653 1233 Πατρός

2070 1258 2375 1325 δυνάμεως.
2400 1255 2618 1309 Τούτων
2643 1256 2752 1325 γάρ
2783 1257 3040 1310 ἁπάντων
3067 1256 3350 1325 ἀλλότριον
3376 1255 3520 1309 εἶναι
3553 1260 3655 1324 τὴν

2071 1349 2365 1418 ἀγέννητον
2399 1348 2606 1416 Πατρδς
2641 1347 2804 1417 φύσιν
2829 1365 2844 1380 ο
2879 1349 3296 1417 παραστατικὸν
3328 1347 3384 1398 δέ
3419 1343 3558 1398 εἶναι
3594 1348 3657 1397 τὸ

2071 1441 2358 1512 δμοούσιον
2397 1439 2477 1509 τῷ
2513 1442 2687 1509 ιιατρὶ
2731 1439 2825 1492 τοῦ
2867 1439 3142 1510 μηδεμίαν
3174 1439 3476 1507 ἐμφέρειαν
3510 1439 3652 1505 πρὸς

2069 1533 2138 1586 τὰ
2166 1530 2398 1600 γεννητὰ
2431 1533 2704 1598 κτίσμα-ια
2722 1530 2813 1582 τὸν
2833 1530 2960 1582 Υίδν
2989 1530 3084 1582 τοῦ
3115 1529 3252 1580 Θεοῦ
3285 1531 3476 1596 φέρειν
3497 1544 3511 1558 ο
3553 1532 3654 1597 μό-

2071 1641 2162 1677 νον
2212 1624 2270 1675 δέ
2297 1622 2376 1690 τῷ
2415 1622 2595 1690 {iath
2623 1621 2699 1690 τῷ
2723 1622 3078 1691 γεγεννηκότι
3115 1623 3258 1674 κατὰ.
3291 1621 3469 1671 πάντα
3515 1624 3652 1686 τρίά

2073 1734 2178 1770 πον
2206 1715 2617 1783 ἀφομοιοῦσθαι,
2644 1716 2737 1766 καὶ
2760 1717 2836 1781 μὴ
2866 1709 3003 1765 εἶναι
3033 1712 3092 1776 ἐξ
3122 1713 3315 1782 ἐτέρας
3341 1713 3486 1773 τινὸς
3518 1714 3657 1765 ὑπο-

3449 1793 3492 1866 ᾧ
3553 1802 3654 1852 καὶ

2074 1896 2221 1963 αὐτῴ
2251 1895 2440 1947 τοῦτον
2472 1895 2862 1963 ἑρμηνευθέντι
2896 1895 2987 1944 τὸν
3023 1893 3244 1960 τρόπον,
3285 1890 3465 1952 καλῶς
3496 1891 3650 1960 ἔχειν

2071 1986 2245 2054 ἐφάνη
2274 1984 2800 2050 συγκατατίθεσθαι·
2827 1985 2948 2035 ἐπεὶ
2969 1988 3061 2035 καὶ
3083 1983 3192 2034 τῶν
3224 1982 3470 2035 παλαιῶν
3497 2000 3653 2044 τινας

2069 2079 2284 2146 λογίους
2305 2079 2588 2143 ἐπιφανεῖς
2610 2076 2943 2138 ἐπισκόπους
2966 2078 3061 2128 καὶ
3093 2076 3450 2142 συγγραφέας
3476 2074 3652 2140 ἔγνω-ι

2073 2187 2174 2238 μεν
2195 2209 2210 2232 ,
2246 2169 2338 2221 ἐπὶ
2367 2169 2463 2234 τῆς
2488 2166 2582 2220 τοῦ
2611 2167 2820 2236 Πατρδς
2853 2167 2946 2218 καὶ
2977 2167 3068 2218 τοῦ
3103 2167 3232 2218 Υἱοῦ
3263 2167 3546 2230 θεολογίας
3569 2166 3652 2234 τῷ

2069 2261 2164 2314 τοῦ
2191 2261 2477 2329 ὁμοουσίου
2506 2261 2997 2328 συγχρησαμένους
3029 2259 3278 2326 ὀνόματι.
3323 2257 3513 2309 Ταῦτα
3546 2258 3650 2325 μέν

2070 2352 2199 2421 περὶ
2237 2352 2334 2420 τῆς
2368 2349 2683 2420 ἐκτεθείσης
2750 2350 2989 2419 είρήσἹω
3021 2351 3284 2408 πίστεως·
3402 2365 3650 2416 συνεφωδ

2070 2443 2316 2511 νήσαμεν
2342 2441 2581 2502 ἅπαντες
2613 2440 2716 2493 οὑκ
2763 2439 3161 2503 ἀνεξετάστως,
3193 2439 3329 2491 ἀλλὰ
3369 2442 3516 2493 κατὰ
3547 2441 3646 2502 τὰς

2070 2532 2426 2593 άποδοθείσας
2459 2533 2723 2594 διανοίας,
2753 2533 2840 2584 ἐπ’
2866 2531 3030 2584 αὑτοῦ
3063 2531 3156 2583 τοῦ
3187 2531 3469 2599 θεοφιλοῦς
3493 2535 3648 2600 βατι-

2069 2625 2204 2686 λέως
2253 2624 2658 2688 ἑξετασθείσας,
2696 2627 2789 2675 καὶ
2839 2627 2948 2684 τοῖς
2999 2623 3311 2692 εἰρημένοις
3362 2623 3646 2690 λογισμοῖς

2071 2714 2621 2785 συνομολογηθείσας.
2679 2715 2789 2766 Καὶ
2835 2715 2924 2766 τὸν
2974 2714 3418 2782 ἁναθεματισμὺν
3455 2715 3512 2765 δὲ
3552 2716 3646 2764 τὸν

2072 2808 2208 2876 μετὰ
2257 2806 2356 2875 τὴν
2389 2807 2572 2859 πίστιν
2612 2806 2749 2875 πρδς
2783 2805 2964 2857 αὐτῶν
2998 2806 3226 2857 τεθέντα
3279 2806 3468 2856 δεκτδν
3504 2803 3647 2857 εἶναι

2068 2900 2431 2969 ἡγησάμεθα,
2470 2898 2557 2951 διὰ
2587 2899 2648 2950 τὸ
2679 2900 2969 2966 ἀπείργειν
3018 2898 3291 2966 ἀγράφοις
3333 2897 3646 2967 χρησασθαι

2070 2995 2310 3059 φωναῖς·
2349 2990 2416 3043 δι’
2452 2990 2518 3052 ἃς
2549 2991 2734 3060 σχεδὸν
2764 2993 2913 3043 πᾶσα
2953 2983 3200 3058 ἐγεγόνει
3245 2991 3511 3060 σύγχυσις
3550 2993 3648 3042 καὶ

408 3081 563 3140 sitas.
598 3088 654 3133 et
678 3079 986 3133 rationibus
1021 3095 1160 3150 quas
1189 3080 1426 3134 diximus
1455 3095 1522 3133 ex
1557 3079 1806 3148 professo
1837 3095 1970 3134 con-

2072 3084 2450 3138 ἀκαταστασία
2493 3084 2588 3152 τῆς
2634 3082 2982 3152 Ἐκκλησίας.
3018 3082 3303 3150 Μηδεμιᾶς
3347 3081 3478 3148 γοῦν
3521 3081 3649 3132 θεοο

405 3181 721 3226 sentaneas.
758 3169 930 3226 Porro
963 3171 1254 3226 anathema
1288 3171 1434 3240 quod
1471 3170 1800 3242 professioni
1845 3169 1970 3224 ﬁdei

407 3263 478 3318 ab
509 3263 592 3318 eis
615 3273 700 3316 est
729 3262 1022 3333 adjectum,
1050 3263 1518 3332 comprobandum
1546 3278 1666 3318 esse
1691 3262 1968 3324 duximus.

409 3364 472 3411 ut
507 3357 757 3412 homines
798 3355 1030 3411 vocibus
1070 3371 1193 3426 quae
1234 3357 1288 3410 in
1325 3355 1628 3425 Scripturis
1663 3366 1772 3409 non
1812 3356 1968 3408 inve-

407 3451 668 3512 niantur,
702 3448 781 3502 uti
813 3448 1265 3517 prohiberentur,
1304 3463 1427 3518 quae
1459 3448 1573 3503 fere
1597 3463 1816 3504 causam
1852 3463 1974 3503 om-

405 3556 534 3595 nem
565 3539 873 3594 confusioni
916 3547 972 3593 et
1004 3539 1259 3594 seditioni
1305 3539 1564 3595 Ecclesia:
1595 3541 1968 3610 praebuerunt.

407 3634 624 3689 Nulllus
652 3648 782 3688 sane
818 3631 1084 3688 divinitus
1117 3634 1415 3704 inspirata},
1445 3642 1500 3687 et
1522 3649 1644 3704 quae
1681 3634 1791 3689 rite
1820 3634 1972 3690 ordi-

409 3740 590 3795 neque
635 3724 798 3780 dictis
849 3725 1023 3780 utitur
1074 3724 1391 3795 Scriptura,
1431 3735 1562 3780 sunt
1587 3726 1701 3790 illa,
1743 3739 1810 3780 ex
1858 3740 1968 3779 non

410 3817 840 3894 exsistentibus:
866 3825 942 3878 et,
974 3815 1100 3870 Fuit
1123 3817 1420 3888 aliquando
1459 3827 1674 3887 tempus
1705 3831 1831 3872 cum
1861 3832 1970 3871 non

409 3920 576 3969 esset.
623 3909 806 3977 Quare
846 3909 1046 3966 rationi
1096 3912 1279 3966 minus
1318 3907 1749 3967 consentaneum
1793 3911 1969 3965 visum

409 4013 516 4067 est,
549 4015 614 4058 ea
665 4013 718 4058 et
753 4004 938 4059 dicere
977 4015 1035 4060 et
1071 4003 1312 4059 docere:
1349 4021 1459 4074 quo
1504 4004 1719 4059 facilius
1761 4005 1972 4058 calculo

409 4095 577 4149 etiam
619 4104 806 4148 nostro
842 4094 946 4150 rite
979 4095 1265 4149 decretum
1316 4096 1609 4150 anathema
1649 4095 1976 4164 comproba-

409 4187 613 4248 vlmus,
645 4185 868 4256 quando
890 4185 1110 4254 quidem
1138 4202 1317 4255 neque
1341 4194 1611 4242 anteactis
1636 4189 1974 4257 temporibus

409 4279 746 4349 ejuscemodl
785 4277 972 4333 verbis
1005 4278 1083 4332 uti
1120 4278 1265 4332 soliti
1295 4293 1507 4333 sumus.
1548 4280 1690 4344 Quin
1721 4290 1777 4336 et
1815 4281 1971 4344 illud,

411 4371 552 4425 Eum
613 4379 904 4439 antequam
962 4373 1276 4440 gigneretur
1334 4387 1442 4426 non
1497 4371 1698 4433 fuisse.
1745 4374 1975 4429 anathe-

2075 3177 2340 3231 πνεύστου
2382 3175 2605 3244 Γραφῆς
2654 3176 2732 3240 τὸ,
2777 3175 2866 3239 Ἐξ
2929 3175 3029 3228 οὑκ
3049 3175 3238 3240 ὄντων,
3271 3176 3364 3227 καὶ
3400 3175 3479 3239 τὸ,
3533 3170 3648 3227 Ἦν

2074 3272 2206 3323 ποτὲ
2227 3272 2314 3322 ὅτε
2344 3271 2446 3322 οὐκ
2472 3265 2563 3338 ἦν,
2590 3271 2814 3330 καὶτοῖς
2842 3268 2968 3336 ἑξῆς
2996 3269 3410 3337 ἐπιλεγομένοις
3442 3284 3649 3336 κεχρη-

2077 3363 2268 3432 μένης,
2306 3362 2406 3414 οὐκ
2439 3360 2657 3428 εὔλογον
2695 3362 2868 3430 ἐφάνη
2898 3361 3072 3413 ταῦτα
3101 3363 3196 3412 καὶ
3229 3361 3408 3426 λέγειν
3438 3361 3536 3412 καὶ
3565 3361 3645 3411 δι-

2071 3453 2324 3506 δάσκειν·
2355 3452 2448 3504 καὶ
2469 3451 2616 3521 αὐτῷ
2641 3451 2823 3513 καλῶς
2851 3452 3065 3516 δόξαντι
3106 3450 3445 3518 συνεθέμεθα
3471 3465 3486 3480 ο
3521 3453 3650 3504 ἐπεὶ

2077 3544 2210 3614 μηδὲ
2230 3548 2285 3596 ἐν
2310 3545 2385 3614 τῷ
2410 3544 2514 3614 πρδ
2540 3545 2728 3597 τούτου
2759 3544 2934 3614 χρόνῳ
2957 3542 3166 3603 τούτοις
3193 3543 3480 3608 εἰώθειμεν
3512 3559 3649 3609 συγ-

2071 3636 2310 3706 χρῆσθαι
2329 3637 2442 3697 τοῖς
2475 3637 2704 3705 ῥήμασι.
2737 3635 2857 3687 Ἐτι
2896 3637 3002 3703 μὴν
3029 3634 3091 3686 τὸ
3119 3633 3646 3702 άναθεματίζεσθαι,

2072 3729 2146 3781 Τὸ
2179 3728 2284 3796 πρὸ
2304 3726 2396 3778 τοῦ
2427 3727 2754 3795 γεννηθῆναι
2773 3726 2873 3778 οὐκ
2890 3721 2979 3797 ἦν,
2997 3727 3098 3778 οὐκ
3123 3725 3328 3778 ἄτοπον
3350 3726 3637 3794 ἐνομίσθη,

2071 3819 2132 3871 τὸ
2153 3819 2304 3886 παρὰ
2329 3819 2465 3870 πᾶσι
2495 3818 2594 3886 μέν
2624 3817 3008 3887 ὁμολογεῖσθαι
3031 3813 3174 3871 εἶναι
3207 3817 3368 3870 αὐτὸν
3396 3817 3524 3870 Υίδν
3545 3817 3644 3870 τοῦ

2073 3913 2211 3966 Θεοῦ
2242 3913 2338 3966 καὶ
2381 3913 2487 3982 πρὸ
2519 3914 2615 3982 τῆς
2652 3913 2792 3964 κατά
2824 3913 3002 3981 σάρκα
3050 3911 3378 3981 γεννήσεως.
3411 3912 3555 3980 Ἤδη
3581 3913 3643 3965 δὲ

2073 4008 2102 4058 ό
2150 4003 2406 4074 θεοφιλὴς
2444 4004 2602 4073 ἡμῶν
2641 4002 2900 4072 βασιλεὺς
2945 4002 3024 4072 τῷ
3062 4002 3206 4072 λόγῳ
3266 4005 3645 4068 κατεσκεύαζε

2075 4097 2218 4149 κατὰ
2268 4095 2367 4165 τὴν
2409 4094 2591 4146 ἔνθεον
2642 4093 2808 4147 αὐτοῦ
2849 4094 3103 4162 γέννησιν
3151 4096 3213 4148 τὸ
3263 4097 3370 4166 πρὸ
3421 4097 3647 4151 πάντων

2075 4187 2288 4240 αἰώνων
2349 4183 2489 4238 εἶναι
2539 4185 2736 4238 αὐτόν’
2775 4185 2896 4238 ἐπεὶ
2945 4186 3039 4238 καὶ
3073 4185 3203 4255 πρὶν
3230 4187 3481 4258 ἐνεργείᾳ
3511 4204 3646 4255 γεν-

2073 4279 2324 4348 νηθῆναι,
2357 4277 2586 4348 δυνάμει
2619 4273 2686 4348 ἦν
2716 4277 2775 4329 ἐν
2802 4277 2880 4346 τῷ
2907 4277 3084 4345 Πατρὶ
3113 4279 3444 4348 ἁγεννήτως,
3487 4279 3646 4342 δντος

2075 4370 2172 4423 τοῦ
2220 4371 2434 4440 Πατρὺς
2479 4370 2567 4424 ἀεὶ
2598 4371 2834 4439 Πατρὺς,
2881 4369 2958 4433 ὡς
3000 4374 3094 4423 καὶ
3125 4368 3390 4438 βασιλέως
3422 4371 3512 4423 ἀεὶ
3547 4386 3646 4425 και

411 4469 559 4516 male
582 4461 833 4532 jugulare
858 4476 965 4516 non
991 4462 1290 4516 absurdum
1320 4463 1650 4532 putavimus,
1681 4474 1970 4534 propterea

2078 4463 2351 4534 Σωτῆρος,
2385 4465 2479 4515 καὶ
2507 4461 2736 4532 δυνάμει
2772 4462 2951 4515 πάντα
2979 4463 3152 4525 δντος,
3183 4461 3267 4514 ἀεί
3295 4477 3354 4514 τε
3386 4463 3529 4515 κατὰ
3574 4466 3647 4515 τά

411 4555 556 4622 quod
605 4567 798 4608 omnes
836 4553 1218 4628 proﬁteantur,
1260 4569 1386 4608 eum
1436 4570 1557 4610 esse
1606 4555 1804 4612 Filium
1853 4556 1972 4622 Dei,

409 4650 574 4700 etiam
635 4659 762 4702 ante
811 4647 1148 4701 nativitatem
1202 4647 1504 4702 secundum
1559 4663 1801 4702 carnem.
1854 4647 1972 4703 Jam

407 4755 542 4794 vero
589 4749 640 4794 et
685 4740 780 4794 Dei
830 4740 1242 4794 amantissimus
1294 4739 1972 4810 imperator__professioni

409 4832 579 4888 inseri
627 4833 876 4892 curavit.
920 4831 1081 4888 Juxta
1128 4831 1368 4886 divinam
1421 4831 1569 4885 illius
1605 4832 1973 4896 nativitatem,

409 4935 538 4980 ante
589 4928 774 4980 omnia
824 4926 977 4979 illum
1029 4926 1294 4980 exsistere
1342 4925 1560 4980 saecula.
1611 4925 1747 4979 Cum
1800 4924 1966 4977 etiam

409 5019 732 5090 priusquam
759 5026 882 5074 actu
906 5021 1245 5089 gigneretur,
1272 5018 1515 5087 potentia
1537 5017 1704 5071 fuerit
1732 5017 1788 5069 in
1813 5014 1971 5069 Patre

409 5111 692 5183 ingenito,
744 5109 905 5165 Patre
957 5125 1177 5180 semper
1210 5112 1514 5165 exsistente
1560 5107 1757 5173 Patre,
1807 5107 1970 5162 sicuti

408 5208 630 5272 quoque
663 5216 791 5273 rege
823 5207 1041 5270 semper
1071 5211 1128 5256 et
1157 5201 1436 5256 Salvatore
1462 5217 1478 5255 :
1512 5200 1750 5268 potentia
1785 5199 1972 5253 omnia

406 5296 730 5355 exsistente,
764 5305 1090 5361 semperque
1118 5290 1421 5346 secundum
1454 5290 1644 5344 eadem
1675 5298 1732 5344 et
1774 5289 1974 5343 simili-

410 5397 493 5435 ter
529 5399 585 5438 se
620 5385 877 5436 habente.
910 5381 1036 5436 Haec
1069 5381 1248 5442 vobis.
1289 5380 1620 5442 charissimi,
1660 5378 1972 5434 necessario

2073 4555 2216 4606 αὐτὰ
2240 4556 2334 4606 καὶ
2361 4553 2626 4616 ὡσαύτως
2658 4552 2896 4623 ἔχοντος.
2929 4552 3111 4605 Ταῦτα
3161 4553 3290 4622 ὑμῖν
3324 4553 3643 4620 ἀναγκαίως

2072 4644 2517 4714 διεπεμψάμεθα,
2549 4643 2847 4714 ἀγαπητοὶ,
2875 4644 2946 4697 τὰ
2972 4645 3273 4714 κεκριμένα
3307 4645 3406 4712 τῆς
3436 4646 3642 4713 ἡμετέέ

2077 4753 2175 4804 ρας
2205 4736 2505 4800 ἐξετάσεως
2532 4753 2592 4789 τε
2632 4736 2728 4790 καὶ
2758 4737 3240 4804 συγκαταθέσεως,
3271 4738 3481 4805 φανερὰ
3511 4737 3647 4790 καθε-

2078 4828 2324 4890 ιστάντες
2343 4843 2358 4858 ⁸
2389 4828 2465 4892 ὡς
2492 4827 2730 4893 εὐλόγως
2759 4829 2889 4881 ποτὶ
2926 4829 3024 4896 μὲν
3057 4831 3151 4880 καὶ
3181 4831 3375 4898 μέχρις
3406 4829 3646 4898 ὑστάτης

2077 4919 2224 4989 ὥρας
2271 4919 2569 4989 ίστάμεθα,
2616 4921 2740 4984 ὅθεν
2778 4921 2911 4990 ἡμῖν
2958 4920 3029 4972 τὰ
3057 4920 3312 4988 ἐτεροίως
3363 4922 3644 4988 γραφέντα

2079 5012 2423 5082 προσέκοπτε
2456 5027 2472 5042 ο
2500 5013 2623 5064 τότε
2665 5011 2723 5064 δέ
2750 5011 3114 5082 ἀφιλονείκως
3147 5011 3216 5064 τὰ
3249 5009 3326 5081 μὴ
3367 5011 3644 5063 λυποῦντα

2077 5072 2509 5172 καταδεξάμεθα,
2539 5102 2620 5156 ὅθ’
2651 5104 2781 5173 ἡμῖν
2801 5072 3178 5173 εὐγνωμόνως
3205 5072 3326 5156 των⁷
3348 5104 3522 5171 λόγων
3561 5103 3644 5167 ἐξ·

2076 5196 2328 5261 ετάζουσι
2377 5199 2474 5266 τὴν
2521 5197 2777 5266 διάνοιαν,
2839 5195 3062 5270 ἐμφανῆ
3125 5197 3444 5269 σύμπραξιν
3496 5199 3642 5268 ἔχειν

2071 5289 2221 5352 εδοξε
2274 5292 2386 5351 τοῖς
2435 5289 2525 5356 ὑφ’
2574 5289 2736 5358 ἡμῶν
2785 5289 2968 5343 αὐτῶν
3017 5290 3078 5342 ἐν
3125 5291 3194 5358 τῇ
3243 5288 3640 5360 προεκτεθείσῃ

2078 5381 2258 5433 πίστει
2286 5380 2748 5450 ὡμολογημένοις.
2787 5400 2807 5431 ι

410 5477 800 5543 perscribenda
833 5478 1169 5544 putavimus,
1199 5484 1259 5528 ut
1289 5489 1408 5543 qua;
1446 5473 1884 5542 disquisitionem
1929 5484 1985 5526 et
2019 5474 2390 5527 assensionem
2452 5485 2695 5528 nostram
2757 5473 3052 5529 subsecuta
3077 5475 3188 5528 sint
3213 5473 3432 5527 det-rcta
3460 5469 3640 5523 declao

414 5585 634 5636 rarcm,
685 5585 739 5628 et
780 5573 1008 5642 pulchre
1061 5574 1296 5642 primum
1341 5571 1562 5640 quidem
1613 5570 1679 5624 ad
1731 5568 1978 5623 ultimam
2018 5584 2193 5638 usque
2246 5571 2434 5624 horam
2473 5573 2689 5625 stetisse
2721 5586 2821 5625 nos
2864 5571 3277 5640 intelligeretis,
3348 5581 3474 5623 cum
3540 5579 3640 5620 nos

485 5733 562 5802 (ι.)
595 5734 648 5787 In
681 5735 766 5788 his
805 5744 886 5790 est
915 5737 1163 5794 Justinus
1193 5737 1412 5805 Martyr.
