3972 6200
320 313 398 386 89

1263 319 1869 383 ECCLESIASTICJE
1908 323 2303 387 HISTORI/E
2343 329 2492 392 ΠΒ.
2533 329 2710 392 VIII.

3536 329 3610 394 90

323 436 398 487 ab
441 433 570 486 aliis
616 429 779 485 aliter
836 425 1040 497 scripta
1093 427 1476 485 oﬂ‘enderent:
1529 433 1728 486 deinde
1784 448 1914 487 vero
1954 437 2329 492 contentionis
2399 439 2586 494 studio
2661 439 2901 512 abjecto.
2931 454 2996 494 ea
3033 454 3154 511 quae
3183 454 3284 495 nos
3316 439 3452 496 nihil
3485 457 3609 512 per-

324 525 630 579 turbarent
657 523 980 592 complexos
1004 536 1150 586 esse,
1183 536 1310 576 cum
1341 524 1500 578 nobis
1527 525 1761 595 benigne
1828 527 2126 582 verborum
2199 533 2530 586 sententiam
2579 529 3026 603 inquiréntibns,
3095 527 3447 588 manifestum
3503 535 3601 587 lia-

323 620 463 674 bere
499 633 835 674 consensum
876 617 1202 671 viderentur
1233 633 1360 672 cum
1392 621 1473 673 eis
1507 637 1629 689 qum
1663 623 1716 674 in
1753 621 1858 676 fide
1891 638 1921 676 a
1961 625 2125 679 nobis
2156 628 2312 695 prius
2347 633 2628 699 proposita
2661 631 2892 700 professi
2926 631 3229 686 fueramus.
3271 651 3292 682 ›

411 716 503 776 Ὠς
541 715 641 780 μὲν
668 709 763 765 οὖν
805 712 868 764 οὐ
902 713 1220 782 πρόσφατος
1252 713 1285 780 ἠ
1321 712 1414 764 τοῦ
1448 715 1741 780 ὁμοουσίου
1780 716 1926 780 λέξις

2105 721 2310 776 Verum
2367 724 2650 779 enimvero
2705 726 3194 780 consubstantialis
3249 740 3436 782 vocem
3494 741 3604 777 non

329 809 440 862 ὗπδ
467 808 581 859 τῶν
602 805 860 874 τηνικάδε
894 793 1401 872 συναθροισθέντων
1433 809 1691 874 φανεῖσα,
1719 807 1839 860 ἀλλ’
1863 810 1928 861 ἐκ

327 900 549 954 πολλῶν
594 899 700 969 ἤδη
731 897 840 951 τῶν
886 897 1100 967 χρόνων
1137 898 1324 965 σοφοῖς
1358 915 1470 949 τισι
1524 899 1805 967 Πατράσιν
1839 900 1930 965 ἐξ-

328 992 648 1062 ευρημένη,
680 988 961 1060 ἁριδήλως
999 989 1286 1058 ἐσήμανεν
1315 989 1344 1040 ὁ
1389 989 1672 1052 Εὐσέϐιος.
1711 993 1822 1046 Καὶ
1846 993 1929 1046 ὅτι

328 1087 493 1154 κτινῇ
524 1082 820 1153 συμφωνία
845 1082 1045 1140 πάντες
1066 1079 1143 1148 τῷ
1165 1080 1441 1150 ὁμοουσίῳ
1467 1083 1926 1152 συνεψηφίσαντο,

333 1179 412 1240 ὼς
445 1177 613 1238 αὺτδς
664 1172 863 1244 μικρὸν
901 1171 1112 1225 ἄνωθεν
1153 1173 1507 1244 παρεθέμην·
1549 1175 1584 1229 ἃ
1614 1180 1711 1230 καὶ
1759 1177 1931 1231 Εὐσέ-

336 1271 456 1333 ϐιος
501 1272 560 1322 ἑν
597 1269 680 1338 τῷ
711 1266 816 1333 Εἰς
865 1267 976 1318 τὸν
1007 1263 1159 1328 βίον
1213 1269 1678 1323 Κωνσταντίνου
1741 1270 1929 1340 σαφῶς

337 1364 606 1415 παοιστᾶ.

913 1561 1170 1636 usuali.
1229 1562 1359 1620 KP.

369 1667 583 1744 aqua!
611 1668 669 1721 οι
693 1670 1178 1744 τελευτήσαντες
1200 1671 1311 1726 δύο
1359 1672 1618 1740 Πατέρες
1652 1671 1761 1726 τὸν
1787 1671 1928 1740 ὅρον

417 1738 540 1824 τῆς
557 1739 829 1793 συνόδου
853 1741 1242 1810 ὑπέγραψαν,
1267 1738 1624 1811 Χρύσαιέθος
1642 1745 1741 1797 καὶ
1772 1738 1930 1797 Μου-

416 1824 661 1873 σωνιος.

421 1925 491 1979 ’0
530 1927 586 1978 δὲ
614 1929 811 1994 γέγονε
844 1927 1154 1995 παράδοξον
1199 1928 1258 1981 ἐν
1292 1930 1356 1998 τῇ
1389 1928 1483 1981 τοῦ
1523 1929 1683 1996 ἁγίου
1723 1930 1928 1999 συμϐό-

2033 827 2270 876 novam.
2315 824 2410 868 aut
2444 816 2512 869 ab
2545 817 2821 886 episcopis
2865 817 3057 872 Nicazze
3097 828 3211 872 tum
3257 819 3602 894 congregatis

2032 905 2272 975 primum
2311 908 2581 976 proditam
2607 946 2622 969 ,
2657 909 2748 962 sod
2784 925 2811 962 a
2847 911 3033 962 multis
3069 921 3227 963 antea
3265 912 3422 963 annis
3451 926 3477 961 a
3518 927 3607 964 sa-

2031 996 2316 1065 pientibus
2361 998 2638 1052 inventam
2684 1010 3113 1068 usurpatamque
3156 998 3412 1054 Patribus
3458 1015 3604 1066 esse,

2031 1091 2508 1158 aperte'ostendit
2559 1091 2853 1146 Eusebius.
2903 1087 3067 1161 580
3109 1090 3248 1144 Tum
3306 1100 3488 1145 autem
3545 1091 3607 1143 τδ

2028 1177 2320 1247 δμοούσιον
2354 1181 2633 1234 communi
2667 1192 2944 1237 consensu
2982 1183 3353 1252 concordique
3394 1183 3606 1236 calculo

2029 1271 2100 1324 ab
2122 1271 2382 1326 omnibus
2409 1273 2850 1341 comprabatum,
2875 1277 3038 1345 paulo
3060 1285 3186 1330 ante
3211 1276 3327 1346 ipse
3351 1278 3603 1346 exposui.

2029 1361 2083 1416 id
2118 1363 2264 1430 quod
2291 1364 2566 1419 Eusebius
2600 1381 2821 1436 quoque
2852 1367 2907 1420 in
2939 1367 3080 1421 libro
3107 1366 3182 1422 De
3211 1367 3320 1422 vita
3346 1367 3606 1424 Constan-

2032 1456 2135 1510 tini
2166 1456 2483 1511 luculenter
2509 1457 2728 1513 astruit.

2590 1571 2816 1630 CAPUT
2854 1573 3048 1628 XXIII.

2036 1677 2102 1738 Ut
2154 1683 2472 1756 duo_ctiam
2513 1685 2986 1756 mortuiiepiswpt'
3039 1696 3088 1739 et
3141 1686 3332 1740 Patres
3381 1686 3603 1741 decretis

2104 1753 2294 1822 synodi
2319 1754 2745 1824 subscripserint,
2781 1753 3137 1827 Chrysanthus
3164 1766 3211 1809 et
3234 1759 3530 1811 Musonius.

2102 1930 2370 1988 Caeterum
2407 1933 2553 2002 quod
2601 1935 2653 1989 in
2701 1937 3105 2003 subscriptione
3138 1936 3308 1993 sancti
3356 1931 3599 2008 Symboli

343 2019 443 2071 λου
476 2020 794 2088 ὑπογραφῇ,
823 2022 923 2073 οὐκ
957 2023 1201 2091 ἄκαιρον.
1222 2023 1432 2086 γένοιτο
1459 2022 1816 2076 διελθεῖν.Ἐν
1850 2023 1927 2092 τῷ

2037 2023 2244 2093 insigne
2281 2024 2485 2079 accidit
2517 2026 2868 2090 miraculum,
2913 2027 2966 2082 id
2999 2043 3106 2081 non
3149 2024 3600 2097 intempestivum

349 2112 559 2180 μεταξὺ
611 2114 706 2164 τοῦ
736 2112 932 2180 χρόνου
986 2113 1084 2182 τῆς
1130 2113 1415 2183 συνοδικῆς
1459 2113 1794 2178 τελειώσεως
1837 2116 1932 2170 δύο

2037 2115 2200 2170 fuerit
2239 2131 2698 2175 commemorare.
2734 2119 3063 2189 Priusquam
3100 2131 3218 2175 aeta
3251 2121 3446 2191 synodi
3484 2136 3606 2190 per-

345 2207 501 2267 τινὰς
541 2205 651 2256 τῶν
702 2200 1018 2257 ἐπισκόπων
1059 2206 1257 2277 συνέϐη
1314 2207 1405 2259 τὸν
1451 2207 1566 2276 βίον
1614 2209 1926 2275 ἀπολιπεῖν,

348 2297 524 2366 μήπω
552 2297 632 2366 τῷ
683 2297 834 2367 τόμῳ
873 2299 971 2358 τὰς
1011 2299 1337 2366 ὑπογραφάς
1378 2301 1721 2370 ἐνθεμένους.
1773 2302 1831 2355 Ὀ
1874 2304 1931 2357 δὲ

343 2388 537 2449 λοιπὸς
565 2389 673 2440 τῶν
710 2389 969 2455 Πατέρων
997 2390 1219 2458 ὅμιλος,
1258 2393 1352 2444 ἐπὶ
1379 2393 1440 2444 τδ
1471 2394 1648 2446 κοινὸν
1681 2395 1784 2458 τῆς
1817 2407 1931 2451 κοι-

346 2482 572 2549 μήπως
587 2480 785 2549 χωρίον
801 2481 1101 2550 γενόμενοι,
1127 2481 1316 2553 ὥσπερ
1339 2483 1402 2552 δὴ
1426 2485 1563 2547 ζῶσι
1591 2488 1683 2537 καὶ
1717 2488 1931 2556 ἀκροω-

345 2574 538 2642 μένοις
569 2574 927 2641 περιστάντες
962 2575 1025 2627 τὺ
1060 2575 1271 2644 μνῆμα,
1301 2576 1394 2629 τὸν
1424 2578 1591 2646 τόμον
1618 2579 1711 2630 ἐπὶ
1747 2581 1930 2648 χεῖρας

343 2664 632 2733 φέροντες,
668 2665 770 2716 Τὸν
820 2664 985 2718 καλὸν
1015 2665 1238 2732 ἀγῶνα,
1272 2662 1465 2731 εἷπον,
1496 2669 1628 2722 θεῖοι
1663 2671 1929 2742 Πατέρες,

341 2760 449 2810 σὺν
488 2760 623 2826 ἡμῖν
656 2758 1039 2826 ἠγωνίσασθε·
1089 2759 1180 2812 τὸν
1223 2759 1423 2830 δρόμον
1464 2763 1750 2816 ὲτελέσατε
1781 2780 1795 2795 ·
1829 2763 1931 2834 τὴν

341 2851 538 2902 πίστν
565 2853 893 2920 ἐτηρήσατε.
927 2853 988 2904 Εἰ
1021 2853 1204 2906 τοίνυν
1243 2853 1355 2906 δεῖν
1391 2850 1533 2908 εἶναι
1561 2855 1841 2922 λογίζεσθε
1869 2857 1932 2910 τὸ

344 2943 601 3011 πραχθὲν
639 2943 770 3012 παρ’
809 2944 964 3012 ἡμῖν,
1030 2946 1112 2997 ὃτι
1145 2962 1210 3010 γε
1258 2947 1351 2999 καὶ
1397 2946 1490 2999 νῦν
1542 2946 1932 3019 καθαρώτερον

342 3035 706 3096 ὲποπτεύετε,
736 3036 927 3106 ἀμέσῳ
954 3038 1021 3104 τῇ
1045 3036 1208 3106 αἴγλῃ
1236 3037 1336 3106 τῆς
1366 3038 1598 3107 Τριὰδος
1621 3052 1932 3110 καταστραο

346 3128 494 3193 1:26..-
509 3144 642 3191 ενοι,
678 3128 774 3180 σὺν
811 3129 944 3197 ἡμῖν
978 3128 1069 3181 τὸν
1099 3129 1264 3198 τόμον
1297 3130 1696 3200 ὑποσημαίνειν
1729 3131 1930 3200 χρεών.

345 3219 524 3272 Ταῦτ’
549 3219 754 3287 ελεγον,
785 3223 880 3272 καὶ
901 3222 968 3290 τῇ
1000 3220 1148 3290 σορῷ
1175 3220 1267 3273 τὸν
1293 3222 1460 3290 τόμον
1490 3206 1932 3291 ἐσφραγισμένον

347 3310 751 3380 παραθέμενοι,
789 3312 849 3364 ἐν
878 3313 1144 3382 ἀγρύπνῳ
1175 3313 1446 3368 διετέλουν
1471 3314 1642 3368 νυκτί.
1665 3309 1781 3367 Εἶθ’
1803 3314 1932 3384 ἑξῆς

2030 2209 2343 2275 licerentur,
2396 2213 2582 2266 evenit
2623 2223 2685 2267 ut
2719 2213 2828 2267 duo
2860 2214 3104 2283 episcopi
3137 2230 3167 2267 e
3209 2214 3318 2266 vita
3359 2223 3485 2268 ante
3520 2214 3603 2267 di-

1999 2343 2002 2348 .
2032 2304 2335 2358 scesserint
2378 2320 2540 2373 quam
2582 2305 2945 2374 professionis
2973 2307 3098 2362 ﬁdei
3131 2308 3340 2376 scripto
3374 2315 3606 2361 annota-

2033 2395 2239 2449 tionem
2277 2395 2850 2467 subscriptionemque
2889 2415 3043 2453 suam
3093 2399 3500 2468 apposuissent.
3534 2395 3606 2449 At

2034 2487 2244 2556 reliqua
2276 2487 2501 2551 Patrum
2535 2489 2689 2542 turba
2721 2489 2788 2543 ad
2831 2505 3183 2543 communem
3218 2492 3520 2559 sepultura:
3549 2496 3606 2542 et

2035 2578 2390 2634 dormitionis
2430 2579 2608 2633 locum
2642 2596 2866 2641 venere.
2901 2589 2956 2634 et
2984 2592 3346 2634 monumento
3384 2581 3603 2634 il!orum

2034 2670 2374 2733 assistentes,
2403 2669 2778 2738 scriptumque
2809 2670 2862 2722 in
2888 2669 3140 2724 manibus
3172 2669 3462 2732 habentes,
3487 2679 3607 2724 tan-

2034 2773 2199 2828 quam
2237 2759 2303 2814 ad
2341 2759 2586 2813 viventes
2612 2770 2667 2814 et
2695 2760 2984 2815 audientes
3011 2779 3024 2814 :
3057 2760 3265 2815 Bonum
3301 2769 3603 2819 certamen.

2033 2849 2314 2914 dixerunt,
2334 2845 2444 2904 divi
2470 2845 2678 2915 Patres,
2705 2849 2991 2904 nobiscum
3017 2849 3362 2915 decertastis,
3383 2867 3605 2906 cursum

2037 2942 2529 3013 percgistisJidem
2555 2943 2836 2998 servastis.
2865 2941 2920 2997 Si
2943 2943 3108 3012 igitur
3129 2939 3380 2998 obtinere
3406 2944 3608 3001 debere

2035 3035 2088 3089 id
2117 3034 2357 3089 censetis
2387 3033 2532 3103 quod
2558 3050 2586 3088 a
2617 3034 2774 3088 nobis
2800 3041 2884 3088 est
2910 3044 3118 3099 actum,
3148 3035 3407 3105 quoniam
3438 3051 3605 3101 nunc,

2033 3128 2188 3182 nullo
2233 3127 2562 3196 interposito
2612 3127 2929 3192 obstaculo,
2979 3127 3268 3182 Trinitatis
3311 3128 3607 3198 splendore

2037 3217 2317 3283 lllustrati,
2368 3217 2572 3272 clarius
2621 3218 2675 3272 id
2721 3217 3069 3287 perspicitis,
3112 3233 3353 3288 peropus
3397 3229 3478 3274 est
3509 3235 3610 3274 vos

2036 3310 2326 3364 nobiscum
2354 3309 2538 3364 libello
2556 3309 2925 3364 subscribere.
2964 3309 3089 3364 Haec
3122 3307 3195 3364 illi
3217 3311 3426 3370 dixere.
3447 3320 3503 3366 et
3540 3311 3611 3366 li-

348 3405 681 3468 προσιόντες
709 3403 816 3455 τῶν
844 3404 1153 3472 σφραγίδων
1181 3407 1566 3474 ἐπικειμένων,
1587 3406 1933 3472 ἀνελίξαντες

2037 3402 2240 3480 bellum
2261 3401 2604 3472 obsignatum
2623 3401 2690 3455 ad
2712 3402 2982 3455 tumulum
3005 3402 3332 3471 deposuere,
3357 3412 3607 3458 noctem-

348 3493 450 3549 τὸν
474 3495 638 3564 τόμον
661 3493 818 3564 εὗρον
849 3496 1060 3556 καὶτὰς
1087 3497 1314 3550 ἐκείνων
1344 3498 1670 3567 ὑπογραφάς
1688 3498 1936 3566 ἑνταγεί-

351 3605 459 3651 σας
489 3591 611 3650 ταῖς
639 3589 881 3652 λοιπαῖς,
909 3589 1114 3660 νεαρὰς
1133 3589 1237 3654 ἔτι,
1265 3589 1894 3659 ταῦτα.διαγορευούσας
1915 3608 1931 3623 ·

351 3681 680 3753 Χρύσανθος
723 3681 818 3734 καὶ
870 3681 1189 3745 Μουσώνιος
1221 3683 1268 3734 οἱ
1311 3683 1451 3750 μετὰ
1506 3683 1628 3754 τῶν.
1675 3683 1936 3751 Πατέρων

351 3775 580 3828 πάντων
619 3775 1080 3844 δμοφωνήσαντες
1135 3777 1195 3827 ὲν
1232 3777 1297 3844 τῇ
1340 3774 1472 3845 ἁγίᾳ
1502 3764 1693 3846 πρώτῃ
1733 3777 1827 3828 καὶ
1857 3775 1938 3826 ol-

351 3869 658 3935 κουμενικῇ
691 3865 895 3934 συνόδῳ
922 3867 986 3934 τῇ
1035 3866 1095 3917 έν
1125 3864 1355 3936 Νικαίᾳ,
1384 3866 1434 3916 εί
1485 3864 1584 3918 καὶ
1612 3863 1692 3933 τῷ
1720 3863 1936 3932 σώματι

359 3957 736 4028 μετέστημεν,
778 3957 892 4009 ἁλλ’
940 3953 1036 4010 οὖν
1081 3957 1262 4028 οἰκείᾳ
1307 3956 1454 4026 χειρὶ
1503 3957 1594 4008 τὸν
1634 3957 1800 4025 τόμον
1839 3958 1936 4008 καὶ

357 4051 527 4120 ἡμεῖς
573 4048 903 4119 ὑπεργράψα
912 4065 1035 4119 μεν.

946 4338 1194 4398 ΚΕΦΑΛ.
1237 4344 1364 4397 ΚΔθ.

370 4459 587 4513 ὐποῖα
645 4456 744 4508 καὶ
807 4456 846 4520 ὴ
897 4455 1036 4524 ἁγία
1069 4451 1461 4524 σύνοδοςητιῖ-
1488 4444 1940 4518 Ἀλεξανδρέων

487 4530 759 4597 ἔγραψεν
787 4517 1126 4591 Ἔκκξτησίᾳ
1160 4525 1291 4591 περὶ
1319 4517 1413 4576 ὧν⁷
1435 4517 1813 4591 διεπράξατο.

446 4641 603 4694 Ἦνδὲ
636 4640 851 4698 σύνοδος
875 4639 943 4689 τά
971 4638 1338 4706 πεπραγμένα
1363 4639 1426 4707 τῇ
1447 4653 1507 4687 τε
1539 4634 1938 4705 Ἀλεξανδρείᾳ,

2036 3511 2143 3566 que
2164 3487 2330 3550 totam
2355 3496 2659 3550 insomnem
2683 3493 3156 3566 egere.Postridle
3178 3510 3307 3549 vero
3328 3495 3395 3549 ad
3424 3496 3603 3549 locum

2036 3602 2161 3642 cum
2206 3587 2457 3649 rediere.
2502 3587 2651 3656 signa
2688 3589 2949 3642 inviolata
2995 3589 3286 3650 invenere,
3318 3597 3374 3642 et
3413 3587 3608 3642 libello

2036 3677 2311 3746 explicato
2354 3676 2790 3745 subscriptiones
2835 3677 3051 3730 illorum
3091 3678 3321 3747 reliquis
3367 3679 3613 3732 insertas

2037 3781 2382 3838 cognovere,
2433 3776 2686 3821 recentes
2740 3766 2923 3823 adhuc
2978 3768 3032 3822 in
3085 3769 3203 3822 haec
3257 3767 3426 3822 verba
3477 3783 3608 3822 eon-

2035 3869 2264 3930 ceptas:
2303 3859 2685 3931 Chrysanthus
2718 3869 2776 3915 et
2814 3858 3116 3921 Musonius,
3149 3861 3242 3928 qui
3273 3876 3396 3913 cum
3429 3858 3609 3913 Patri-

2039 3951 2143 4006 bus
2180 3951 2436 4005 omnibus
2464 3949 2518 4003 in
2543 3957 2729 4004 sancta
2747 3949 2924 4019 prima
2948 3957 3004 4005 et
3030 3949 3368 4004 occumenica
3391 3948 3609 4002 Nicasna

2039 4043 2248 4114 synodo
2292 4043 2706 4108 consensimus,
2748 4041 2999 4112 quamvis
3046 4056 3280 4110 corpore
3328 4042 3602 4105 translati,

2040 4149 2205 4190 manu
2263 4141 2446 4188 tamen
2501 4134 2725 4204 propria
2780 4146 2883 4186 nos
2944 4147 3167 4201 quoque
3226 4131 3415 4186 libello
3474 4131 3610 4185 sub-

2040 4227 2385 4297 scripsimus.

2497 4331 2656 4408 εει
2697 4335 2921 4393 CAPUT
2960 4335 3154 4390 xxw.

2041 4450 2170 4520 Qua:
2221 4448 2335 4521 ipsa
2404 4459 2588 4503 sancta
2637 4449 2892 4521 synodus_
2922 4446 3608 4521 Alexandrinw_scripserit

2300 4520 2549 4576 Ecclesia:
2585 4523 2646 4572 de
2686 4522 2836 4572 rebus
2875 4519 2930 4570 in
2959 4519 3159 4587 synodo
3189 4518 3366 4587 gestis.

2115 4637 2369 4709 Synodus
2398 4645 2580 4690 autem
2629 4644 2748 4689 acta
2777 4648 2874 4687 sua
2916 4632 3300 4694 Alexandria),
3349 4630 3606 4702 Egypto,

359 4735 462 4786 καὶ
497 4732 777 4801 Αἰγύπτῳ,
829 4729 1005 4800 Λιϐύῃ
1041 4745 1100 4780 τε
1148 4729 1242 4780 καὶ
1291 4726 1623 4779 Πενταπόλει
1663 4725 1786 4778 τάδε
1837 4727 1933 4778 ἁπ-

2050 4730 2228 4800 Libyaa
2287 4737 2344 4782 et
2411 4726 2736 4796 Pentapoli,
2798 4725 3000 4778 litteris
3044 4722 3110 4775 ad
3182 4722 3329 4775 hunc
3381 4723 3606 4776 modum

357 4827 573 4879 ἐστειλε
613 4824 916 4893 γράψασα*
961 4841 979 4872 ι
1023 4821 1100 4891 Τῇ
1154 4820 1285 4890 ἁγίᾳ
1314 4817 1447 4871 Θεοῦ
1487 4821 1671 4886 χάριτι
1723 4819 1936 4892 μεγάλῃ

371 4917 772 4985 Ἀλεξανδρέων
803 4914 1120 4983 Ἐκκλησίᾳ,
1147 4914 1238 4964 καὶ
1264 4915 1374 4972 τοῖς
1401 4911 1517 4962 κατ’
1541 4911 1819 4976 Αἴγυπτον
1841 4911 1936 4962 καὶ

353 5011 572 5077 Λιϐύην
606 5011 702 5063 κα)⁸
748 5007 1088 5061 Πεντὰπολιν
1121 5005 1430 5072 ἀγαπητοῖς
1465 5001 1740 5070 ἀδελφοῖς,
1786 5001 1836 5053 οἱ
1878 5001 1938 5053 ὲν

354 5107 572 5176 Νικαίᾳ
627 5100 1011 5170 συναχθέντες,
1069 5097 1166 5152 καὶ
1203 5096 1303 5162 τὴν
1353 5095 1600 5165 μεγάλην
1641 5096 1738 5146 καὶ
1777 5094 1938 5161 ἁγίαν

358 5195 842 5267 συγκροτήσαντες
873 5191 1115 5256 σύνοδον,
1140 5192 1198 5242 ὲν
1222 5188 1413 5257 Κυρίῳ
1447 5188 1681 5256 χαίρειν.
1717 5183 1938 5250 Ἐπειδὴ

355 5288 467 5355 τῆς
501 5285 598 5338 τοῦ
631 5282 767 5337 Θεοῦ
801 5282 1025 5354 χάριτος
1064 5282 1157 5333 καὶ
1198 5277 1294 5331 τοῦ
1342 5277 1761 5344 θεοφιλεστάτου
1792 5275 1943 5344 βασι-

356 5385 502 5446 λέως
522 5379 936 5434 Κωνσταντίνου
957 5374 1448 5443 συγκροτήσαντος,
1462 5371 1759 5434 ὲξάπαντος
1775 5371 1940 5433 ἀναγ-

362 5477 522 5526 καῖον
552 5472 731 5539 ἐφάνη
759 5469 912 5536 παρὰ
933 5468 1033 5536 τῆς
1055 5466 1206 5535 ἱερᾶς
1242 5462 1461 5516 συνόδου
1495 5465 1586 5512 καὶ
1625 5459 1760 5528 πρὸς
1797 5456 1940 5524 ὑμᾶς

362 5564 730 5632 ὲπισταλῆναι
750 5561 1080 5630 γράμματα,
1120 5556 1188 5609 ἵν’
1218 5555 1418 5607 εἰδέναι
1459 5553 1659 5621 ἔχοιτε,
1699 5549 1820 5600 τίνα
1845 5547 1944 5615 μὲν

366 5658 598 5726 ἐκινήθη
628 5655 729 5708 καὶ
757 5651 1053 5721 ἐξητάσθη,
1081 5649 1201 5702 τίνα
1230 5647 1287 5699 δὲ
1316 5644 1459 5701 ἔδοξε
1481 5644 1574 5696 καὶ
1597 5639 1904 5711 ἐκρατύνθη
1930 5653 1943 5666 ·

2044 4823 2399 4894 perscripsit:
2443 4819 2658 4874 Sanctae
2695 4827 2752 4872 et
2794 4832 3001 4886 magna:
3032 4815 3126 4868 Dei
3167 4815 3341 4881 gratia
3372 4815 3610 4868 Alexan-

2043 4916 2327 4970 drinorum
2373 4911 2661 4973 Ecclesiae,
2709 4919 2766 4963 et
2810 4910 2902 4978 qui
2939 4909 2994 4961 in
3037 4906 3293 4977 Egypto,
3339 4907 3508 4977 Libya
3549 4914 3608 4962 et

1999 5064 2003 5067 ,
2046 5004 2328 5073 Pentapoli
2372 5011 2532 5063 sunt,
2564 5001 2781 5056 dilectis
2814 5000 3098 5056 fratribus.
3126 5000 3221 5069 qui
3256 5000 3448 5054 Nicazaa
3475 5015 3609 5054 con-

2047 5096 2276 5168 gregati,
2302 5109 2550 5164 magnam
2581 5103 2638 5147 et
2662 5102 2904 5147 sanctam
2934 5091 3286 5146 celebrarunt
3308 5091 3604 5163 synodum,

2042 5189 2097 5242 in
2130 5187 2361 5240 Domino
2403 5185 2657 5239 salutem.
2702 5184 3160 5255 Quandoquidem
3200 5185 3385 5239 divina
3429 5181 3604 5252 gratia

2043 5289 2098 5333 et
2144 5278 2254 5332 Deo
2297 5277 2656 5332 dilectissimo
2695 5277 3027 5346 imperatore
3067 5277 3430 5332 Constantino
3475 5289 3611 5327 con-

2036 5378 2316 5437 gregante,
2355 5370 2578 5422 omnino
2619 5368 2992 5422 necessarium
3035 5368 3211 5419 visum
3251 5376 3358 5423 est.
3391 5379 3604 5418 Sacram

2039 5456 2303 5528 synodum
2334 5456 2400 5508 ad
2437 5471 2530 5509 vos
2559 5456 2688 5510 dare
2718 5455 2952 5518 litteras,
2982 5465 3042 5508 ut
3082 5453 3388 5520 intelligere
3419 5454 3602 5522 possi-

2040 5547 2132 5607 tis,
2169 5561 2292 5598 cum
2323 5559 2442 5614 qua:
2473 5545 2547 5598 ibi
2581 5545 2635 5598 in
2669 5547 3027 5614 quaestionem
3067 5552 3122 5597 et
3153 5543 3597 5612 disquisitionem

2043 5652 2265 5697 venere,
2311 5645 2423 5689 tum
2469 5650 2590 5701 qua:
2620 5635 2841 5689 decreta
2880 5634 3198 5704 sancitaque
3232 5645 3382 5690 sunt.
3415 5636 3606 5704 Itaque

357 5747 602 5818 »πρῶτον
639 5747 739 5817 μὲν
766 5735 856 5798 οὖν
897 5743 955 5808 ἐξ
994 5742 1252 5796 ἁπάντων
1284 5737 1559 5808 ἐξητάσθη
1591 5735 1658 5786 τὰ
1686 5732 1826 5786 κατὰ
1851 5731 1933 5800 τηε

2047 5728 2262 5789 scitote,
2299 5726 2473 5796 primo
2502 5726 2747 5780 omnium
2772 5725 3094 5795 inquisitum
3114 5743 3236 5784 esse
3269 5730 3321 5783 in
3347 5729 3592 5799 impieta-
