3972 6200
378 289 443 355 91
1594 289 2015 355 NICEPHORI
2051 292 2398 355 CALLISTI
3560 292 3633 354 92

381 420 488 464 tem
533 412 589 460 rt
627 404 1134 475 prmvarirationctu
1172 404 1288 458 Arii
1322 413 1772 475 scclatorumque
1805 409 1949 479 ejus,

2076 407 2317 461 ισέϐειαν
2352 406 2447 460 καὶ
2484 404 2589 476 τὴν
2621 404 2973 476 παρανομίαν
3014 396 3226 475 Ἀρείου
3260 404 3356 460 καὶ
3389 404 3500 460 τῶν
3543 406 3644 461 σὺν

374 509 432 553 et
460 497 514 551 in
548 497 839 566 prmsenth
885 494 980 550 Dei
1006 493 1374 551 amantissimi
1418 494 1774 564 imperatoris
1805 496 1942 550 Con-

2076 498 2206 568 ιῦτῷ
2224 514 2239 528 ·
2273 498 2367 550 καὶ
2394 495 2489 549 ὲπὶ
2514 494 2789 566 παρουσίᾳ
2816 497 2912 551 τοῦ
2936 496 3355 565 θεοφιλεστάτου
3380 496 3644 568 βασιλέως

379 590 637 650 stantini,
669 586 1142 644 consentientibus
1189 585 1438 640 onmium
1473 587 1796 648 sententiis.
1833 586 1947 657 plac

2074 590 2472 641 (ωνσταντίνοσ
2538 587 2718 652 ἔδοξεν
2753 586 3266 658 ἀναθεματισθῆναι
3304 587 3404 659 τὴν
3461 588 3642 658 ἀσεϐῆ

378 682 548 735 citum
580 677 1029 733 ut'anathcmale
1074 674 1242 745 impia
1287 677 1408 746 ejus
1454 676 1646 747 opinio
1684 685 1745 733 et
1783 691 1946 734 voces

2079 681 2229 734 ιὺτοῦ
2275 681 2455 745 δόξαν,
2509 681 2606 734 καὶ
2649 681 2718 733 τὶ
2752 682 2977 750 ῥήματα
3014 682 3109 735 καὶ
3164 681 3233 734 τὰ
3286 681 3534 751 ὀνόματα
3576 683 3647 736 τὰ

381 784 545 843 atque
592 770 762 824 verba
811 768 1127 838 blasphema
1176 768 1701 833 condemnarentur,
1748 770 1949 839 quibus

2075 773 2359 844 ίλάσφημα
2398 768 2481 837 οἷς
2537 772 2805 844 ἐκέχρητο
2852 772 3194 844 βλασφημῶν
3233 773 3326 827 τὸν
3377 774 3509 827 Υίδν
3544 775 3643 827 τοῦ

380 864 469 919 ille
498 863 697 917 Filium
726 861 825 916 Dei
854 860 1244 931 blasphetnans
1274 874 1411 915 usus
1432 868 1630 930 est,”
1662 875 1771 915 non
1802 860 1948 916 exsi-

2079 864 2213 930 iem‘i,
2241 868 2336 920 καὶ
2360 866 2537 934 λέγων
2569 865 2733 918 αὐτὸν
2763 863 2822 929 ἐξ
2857 865 2957 918 οὐκ
2988 865 3182 931 ὄντων,
3212 866 3311 919 καὶ
3340 861 3485 919 εἷναί
3512 883 3647 919 ποτε

378 953 651 1009 szentibus
696 951 850 1007 illum
900 965 1024 1006 esse
1061 950 1291 1013 dicens.
1331 957 1388 1004 et
1430 950 1605 1005 fuisse
1652 948 1946 1020 aliquando

2078 960 2147 1013 ἱτε
2185 960 2285 1011 οὐκ
2318 954 2408 1025 ἦν,
2450 957 2544 1010 καλ¹
2579 956 3021 1028 αὐτεξουσιὸτητι
3057 957 3262 1019 κακίας
3290 959 3388 1011 καὶ
3442 959 3646 1027 ἀρετῆς

380 1053 599 1113 tempus
640 1058 764 1098 cum
802 1057 912 1098 non
950 1041 1142 1106 fuerit,
1182 1050 1240 1096 et
1275 1039 1497 1095 arbitrii
1541 1038 1801 1095 libertate
1831 1037 1948 1099 vitii

2077 1051 2306 1105 ῑεκτικὸν
2327 1051 2419 1103 τὸν
2447 1051 2576 1104 Υεδυ
2604 1050 2695 1104 τοῦ
2724 1050 2862 1103 Θεοῦ
2886 1050 3158 1119 λέγοντος,
3192 1050 3286 1105 καὶ
3317 1051 3526 1122 κτίσμα
3548 1054 3645 1106 καὶ

377 1135 715 1206 virtutisque
761 1147 1016 1205 capacem
1061 1147 1186 1189 esse
1241 1131 1445 1186 Filium
1496 1130 1596 1185 Dei
1644 1138 1945 1186 creaturam

2077 1144 2272 1215 τοίημα
2294 1142 2676 1214 ὀνομάζοντος.
2696 1142 2952 1199 Ἀπαντα
2977 1143 3155 1199 ταῦτα
3186 1145 3581 1215 ἀνεθεμάτισεν
3613 1149 3645 1218 ἡ

380 1227 634 1284 eumdem
661 1236 717 1282 et
746 1226 1010 1281 facturam
1041 1224 1356 1281 nominans.
1390 1223 1521 1289 Quae
1547 1221 1737 1277 omnia
1765 1230 1948 1277 sancta

2078 1235 2196 1301 ίγία
2239 1232 2477 1298 σύνοδος,
2513 1233 2636 1287 οὐδὲ
2665 1233 2792 1286 ὅσον
2820 1233 3053 1287 ἀκοῦσαι
3087 1233 3185 1303 τῆς
3226 1232 3460 1297 ἀσεϐοῦς
3485 1233 3646 1303 δόξης

383 1321 627 1392 synodus
674 1319 1015 1375 anathemati
1060 1316 1334 1387 subjecit,
1384 1332 1450 1369 ne
1492 1314 1686 1369 audire
1731 1312 1951 1383 quidem

2074 1328 2093 1394 ἡ
2138 1325 2398 1388 ἀπονοίας
2436 1324 2668 1379 καὶτῶν
2722 1324 3062 1396 βλασφήμων
3102 1324 3365 1395 ῥημάτων
3409 1325 3642 1393 ἀνασχο-

384 1414 606 1484 impiam
634 1412 972 1483 Opinionem,
1006 1410 1207 1464 mentis
1249 1408 1563 1463 vecordiam
1596 1406 1949 1476 blasphema-

2067 1417 2225 1488 μένη.
2254 1417 2367 1471 Καὶ
2395 1416 2465 1470 τὰ
2497 1418 2599 1487 μὲν
2628 1416 2756 1470 κατ’
2803 1418 3013 1470 ἐκεῖνον
3045 1417 3162 1470 οἴου
3198 1416 3385 1477 τέλους
3413 1416 3615 1485 τετύχη

385 1522 493 1576 que
518 1507 637 1576 ejus
670 1505 834 1559 verba
866 1504 1165 1559 sustinens.
1202 1505 1381 1571 Atque
1417 1500 1678 1569 equidem
1714 1515 1802 1553 res
1838 1498 1953 1565 ejus

2085 1527 2185 1575 ιεν.
2249 1509 2623 1581 ἣάκηκόατε,
2682 1508 2716 1579 ἢ
2770 1509 3113 1563 ἀκούσεσθε·
3165 1510 3255 1562 ῖνα
3294 1508 3369 1580 μὴ
3407 1509 3653 1575 δόξωμεν

386 1611 548 1666 quem
587 1606 896 1651 consecutae
936 1594 1046 1653 sint
1083 1594 1318 1657 exitum,
1363 1603 1462 1645 aut
1498 1593 1611 1661 jam
1644 1590 1954 1648 audivistis.

2081 1597 2425 1663 ἐπεμϐαίνειν
2448 1598 2604 1669 ἀνδρὶ
2625 1598 2695 1652 δι’
2718 1599 2929 1653 οἰκείαν
2962 1598 3245 1669 ἁμαρτίαν
3275 1598 3400 1663 ἄξια
3437 1599 3505 1650 τὰ
3525 1598 3649 1649 ἐπί-

386 1697 478 1740 aut
508 1695 656 1742 certe
692 1684 952 1751 audietis,
985 1699 1054 1738 ne
1088 1684 1357 1738 insultare
1389 1697 1491 1736 nos
1520 1681 1733 1735 homini
1768 1680 1954 1735 videa-

2082 1704 2229 1757 (ειρα
2272 1689 2652 1759 κομισαμένῳ.
2698 1688 2967 1741 Τοσοῦτον
3018 1687 3078 1739 δὲ
3127 1687 3346 1755 ἴσχυσεν
3397 1684 3562 1739 αὐτοῦ
3618 1688 3650 1753 ἡ

388 1794 510 1833 mur
535 1780 630 1847 qui
660 1778 866 1846 peccati
893 1777 978 1832 sui
1009 1773 1285 1845 condigna
1313 1775 1439 1828 tulit
1472 1775 1718 1844 prtemia.
1753 1772 1956 1827 Tanto-

2086 1779 2315 1841 ioé6sta,
2350 1779 2425 1841 ὡς
2459 1780 2555 1832 καὶ
2588 1780 2970 1848 παραπολέσαι
3012 1778 3233 1832 Θεωνᾶν
3263 1778 3370 1831 ἀπο
3410 1779 3654 1845 Μαρμα-

391 1885 519 1937 pere
542 1877 721 1922 autem
748 1864 980 1921 invaluit
1001 1867 1124 1934 ejus
1155 1864 1434 1934 impietas,
1464 1874 1522 1919 ut
1548 1864 1713 1918 simul
1744 1879 1868 1917 cum
1898 1877 1959 1916 eo

2086 1872 2248 1941 νικῆς,
2280 1872 2374 1924 καὶ
2397 1870 2693 1925 Σεκοῦνδον
2715 1871 2824 1923 ἀπὸ
2857 1870 3218 1938 Πτολεμαΐδος
3238 1884 3252 1899 ·
3273 1869 3385 1922 τῶν
3420 1870 3525 1938 γὰρ
3551 1870 3654 1920 αὑ-

391 1962 613 2028 pessum
656 1958 822 2012 ierint
860 1957 1121 2011 Theonas
1168 1955 1540 2016 Marmariete.
1589 1962 1644 2009 et
1679 1953 1959 2010 Secundus

2084 1960 2178 2013 τῶν
2206 1961 2446 2015 κάκεῖνοι
2485 1962 2871 2031 τετυχήκασιν.
2918 1960 3061 2013 Ἀλλ’
3095 1959 3282 2029 ἐπειδὴ
3310 1960 3343 2028 ἡ
3378 1958 3475 2012 τοῦ
3508 1957 3652 2012 Θεοῦ

393 2049 776 2117 Ptolemaidis,
803 2050 1112 2120 ~episc0pi:
1159 2064 1287 2103 nam
1328 2057 1386 2104 et
1430 2048 1489 2103 bi
1539 2047 1800 2103 factionis
1844 2048 1961 2117 ejus

2082 2054 2232 2125 ίάρις
2260 2054 2363 2123 τῆς
2399 2055 2498 2123 μὲν
2528 2054 2852 2121 κακοδοξίας
2878 2052 3099 2123 ἐκείνης
3132 2054 3227 2106 καὶ
3263 2052 3518 2115 ἀσεϐείας
3553 2053 3650 2104 καὶ

392 2152 541 2197 sunt.
574 2140 681 2197 Sed
714 2142 861 2197 enim
888 2155 1012 2197 cum
1040 2156 1137 2210 per
1169 2140 1400 2212 gratiam
1441 2139 1536 2194 Dei
1573 2154 1837 2209 perversa
1874 2139 1960 2192 illa

2082 2145 2426 2217 Βλασφημίας
2475 2148 2572 2201 καὶ
2597 2146 2708 2200 τῶν
2758 2145 3074 2215 προσώπων
3105 2145 3215 2198 τῶν
3243 2144 3650 2213 ,τολμησάντων

394 2234 676 2304 Opinione,
704 2233 988 2303 impietate
1019 2241 1075 2289 et
1101 2232 1468 2303 blaSphemia,
1510 2246 1616 2287 nec
1647 2247 1754 2286 non
1785 2230 1962 2284 homi-

2092 2240 2353 2294 ῑιάστασιν
2382 2241 2477 2293 καὶ
2507 2239 2776 2309 διαίρεσιν
2804 2237 3139 2308 ποιήσασθαι
3168 2236 3265 2290 τοῦ
3300 2237 3660 2306 εἰρηνευομέ-

396 2327 562 2383 nibus
598 2326 681 2382 eis
724 2326 818 2396 qui
849 2325 1179 2381 seditionem
1213 2333 1380 2396 atque
1418 2323 1817 2380 discessionem
1848 2322 1964 2377 ausi

2087 2348 2163 2385 ton
2207 2330 2417 2385 ἄνωθεν
2469 2330 2602 2384 λαοῦ
2634 2329 2981 2399 ἠλευθέρωσε
3016 2329 3117 2399 τὴν
3157 2329 3470 2397 Αἴγυπτον·
3505 2328 3655 2381 ἐλείο

395 2427 529 2473 sunt
569 2418 850 2473 concitare
894 2418 950 2472 in
996 2417 1201 2488 populo
1243 2426 1403 2472 antea
1450 2425 1664 2487 pacato,
1702 2413 1963 2487 Egyptus

2083 2439 2204 2476 πετο
2229 2422 2287 2477 δὲ
2320 2423 2379 2476 τὸ
2411 2422 2552 2476 κατὰ
2579 2422 2679 2491 τὴν
2728 2421 3062 2490 προπέτειαν
3099 2418 3359 2474 Μελιτίου
3392 2421 3488 2471 καὶ
3533 2418 3651 2469 τῶν

396 2510 470 2564 sit
513 2508 768 2573 liberata,
799 2517 856 2563 et
903 2510 1186 2563 temeritas
1229 2507 1420 2562 Melitii
1450 2517 1617 2577 atque
1660 2522 1849 2560 eorum
1878 2506 1964 2576 qui

2092 2513 2168 2568 in’
2188 2514 2354 2567 αὑτοῦ
2386 2512 2875 2583 χειροτονηθέντων
2892 2527 2908 2543 ο
2937 2512 3031 2566 καὶ
3055 2510 3185 2579 περὶ
3210 2509 3404 2563 τούτου
3425 2509 3521 2563 τοῦ
3554 2510 3660 2577 μέ-

338 2606 342 2609 ·
400 2597 470 2652 ab
501 2611 569 2651 eo
595 2606 724 2652 sunt
748 2597 804 2650 in
829 2611 1045 2651 sacrum
1074 2597 1323 2651 ordinem
1352 2598 1616 2667 c00ptati,
1644 2596 1824 2651 adhuc
1850 2613 1905 2650 re

2094 2625 2201 2671 ›ους
2228 2606 2265 2660 ἃ.
2290 2606 2435 2671 ἔδοξε
2458 2608 2528 2677 τῇ
2563 2605 2791 2675 συνόδῳ,
2825 2603 3207 2675 ἐμφανίζομεν
3238 2605 3390 2672 ὑμῖν,
3430 2604 3662 2671 ἀγαπη-

399 2706 507 2760 qua
534 2689 724 2755 fuerit,
747 2705 871 2760 qua:
894 2692 1060 2745 etiam
1084 2706 1252 2761 super
1278 2691 1381 2745 hac
1421 2706 1480 2746 re
1511 2690 1752 2763 synodus
1780 2690 1967 2745 decre-

2094 2699 2156 2754 ῖοὶ
2176 2697 2417 2766 ἀδελφοί.
2441 2696 2660 2764 Ἐδοξεν
2685 2692 2778 2751 οὖν
2807 2697 3087 2763 Μελίτιον,
3114 2694 3662 2766 φιλανθρωποτέρως

401 2782 568 2847 verit,
588 2782 765 2845 vobis.
785 2784 984 2840 fratres
1006 2782 1218 2849 dilecti,
1244 2783 1640 2853 significamus.
1670 2781 1969 2837 Constituit

2097 2791 2392 2862 ιινηθείσης
2414 2790 2514 2860 τῆς
2543 2790 2792 2854 συνόδου,
2814 2789 2958 2842 κατὰ
2979 2788 3091 2861 γὰρ
3120 2789 3214 2843 τὸν
3250 2788 3456 2859 ἀκριϐῆ
3494 2787 3665 2855 λόγον

404 2888 640 2943 namque
662 2884 724 2929 ut
748 2873 989 2929 Meiitius
1015 2874 1093 2944 (in
1119 2889 1283 2944 quem
1311 2874 1400 2928 illa
1424 2873 1649 2944 quidem
1674 2871 1972 2927 humanius

2096 2879 2329 2950 ιῦδεμιᾶς
2372 2874 2708 2946 συγγνώμης
2736 2876 2887 2942 ἄξιος
2932 2869 3030 2945 ἦν,
3067 2875 3254 2943 μένειν
3299 2875 3359 2927 έν
3406 2876 3473 2945 τῇ
3503 2873 3664 2925 πόλει

405 2966 600 3020 :ill‘ecta
631 2966 732 3020 fuit
761 2984 773 3019 :
809 2965 972 3038 582
1001 2982 1221 3022 summo
1247 2967 1392 3021 enim
1425 2967 1549 3038 jure
1576 2968 1781 3022 nullam
1814 2981 1973 3036 pror-

2094 2970 2267 3035 ιύτοῦ,
2300 2974 2394 3023 καὶ
2419 2967 2693 3040 μηδεμίαν
2713 2967 2968 3033 ἐξουσίαν
2989 2965 3139 3036 ἔχειν
3173 2966 3338 3020 αὐτὸν
3370 2966 3510 3035 μήτε
3536 2981 3662 3034 χει-

408 3074 504 3114 sus
550 3060 864 3115 merebatur
909 3060 1163 3129 veniam)
1214 3060 1269 3115 in
1321 3063 1543 3116 civitate
1594 3075 1693 3115 sua
1730 3069 1974 3123 maneat,

2097 3062 2342 3127 οοθετεῖν,
2372 3062 2512 3133 μήτε
2540 3058 2991 3131 προχειρίζεσθαι
3011 3075 3027 3091 ο
3054 3060 3194 3129 μήτε
3221 3059 3281 3111 ἐν
3312 3055 3489 3127 χώρα,
3519 3058 3665 3126 μήτε

411 3161 737 3223 potestatein
775 3164 958 3209 autem
998 3155 1203 3209 nullam
1246 3155 1448 3210 habeat
1480 3157 1565 3211 vel
1597 3156 1861 3225 eligendi,
1897 3155 1979 3210 vel

2099 3172 2142 3206 ιν
2175 3154 2330 3208 πόλει
2374 3153 2540 3226 ἑτέρᾳ
2582 3151 2870 3221 φαίνεσθαι
2917 3150 3127 3221 ταύτης
3177 3150 3278 3219 τῆς
3327 3148 3667 3219 προφάσεως

413 3260 609 3300 manus
643 3246 965 3317 imponendi
994 3265 1009 3303 :
1034 3258 1091 3303 et
1130 3258 1190 3302 ut
1220 3264 1404 3319 neque
1436 3249 1487 3303 in
1521 3250 1768 3320 regione,
1802 3264 1981 3319 neque

2100 3247 2244 3300 ἑνεκα
2271 3262 2284 3277 ·
2321 3246 2478 3315 ψιλὸν
2508 3244 2566 3297 δὲ
2607 3243 2777 3313 ονομα
2814 3244 2916 3309 τῆς
2957 3243 3125 3312 τιμῆς
3157 3237 3462 3308 κεκτῆσθαι
3486 3250 3502 3267 ⁸
3532 3237 3668 3297 τοὺς

411 3336 469 3391 in
516 3338 653 3393 urbe
694 3338 836 3405 alia,
887 3339 1054 3411 hujus
1096 3341 1294 3395 saltem
1347 3341 1428 3397 rei
1474 3343 1650 3411 gratia
1698 3352 1979 3413 appareat,

2102 3338 2141 3391 ῑὲ
2177 3338 2273 3392 ὑπ’
2299 3335 2465 3391 αὐτοῦ
2495 3334 2963 3397 κατασταθέντας,
3002 3331 3391 3404 μυστικωτέρᾳ
3418 3345 3670 3399 χειροτο-

414 3430 735 3500 nudumque
760 3430 1049 3502 dignitatis
1073 3447 1275 3487 nomen
1303 3433 1538 3489 retineat
1564 3453 1578 3489 :
1611 3442 1666 3488 et
1694 3436 1787 3504 qui
1821 3434 1891 3490 ab
1917 3449 1982 3491 eo

2101 3431 2176 3503 μία
2210 3429 2632 3502 βεϐαιωθέντας.
2670 3427 3000 3495 κοινωνῆσαι
3022 3440 3038 3456 ο
3077 3424 3175 3478 ἐπὶ
3212 3423 3447 3486 τούτοις,
3492 3421 3581 3487 ἐφ’
3618 3413 3669 3487 ᾧ

415 3521 472 3575 in
513 3535 729 3577 sacrum
768 3522 1020 3578 ordinem
1065 3523 1196 3578 lecti
1243 3523 1482 3590 fuerant,
1520 3533 1581 3581 ut
1622 3526 1895 3581 arcaniori
1932 3535 1983 3581 et

2102 3539 2145 3575 te
2192 3521 2338 3589 ἔχειν
2375 3520 2573 3582 αὐτοὺς
2603 3519 2703 3589 τὴν
2728 3518 2897 3588 τιμὴν
2924 3519 3022 3570 καὶ
3049 3514 3401 3584 λειτουργίαν
3430 3528 3443 3541 ’
3478 3512 3670 3567 δευτέ-

416 3613 681 3669 sanctiori
719 3614 1069 3671 ordinatione
1097 3616 1425 3682 confirmati,
1451 3618 1516 3672 ad
1545 3619 1984 3675 communionem

2099 3629 2217 3683 ρους
2263 3610 2320 3664 δὲ
2363 3610 2665 3675 ὲξάπαντος
2720 3603 2863 3662 εῖναι
2922 3608 3140 3661 πάντων
3187 3604 3297 3658 τῶν
3341 3605 3400 3658 ὲν
3450 3604 3667 3675 ἑκάστῃ

418 3703 801 3761 admittantur.
836 3707 1112 3763 Praeterea
1145 3718 1206 3764 ut
1243 3709 1407 3765 liceat
1441 3712 1521 3766 eis
1550 3711 1775 3780 quidem
1808 3711 1986 3765 hono-

2102 3703 2351 3774 παροικίᾳ
2389 3720 2449 3756 τε
2493 3705 2588 3756 καὶ
2627 3698 2895 3772 ἐκκλησία
2922 3698 3357 3770 ἐξεταζομένων,
3411 3696 3519 3751 τῶν
3557 3696 3670 3763 ὑπὸ

422 3812 541 3852 rem
603 3798 769 3853 simul
821 3808 878 3853 et
938 3798 1281 3856 iunctionem
1339 3802 1632 3858 ministerii
1701 3803 1985 3858 obtinere:

2099 3795 2182 3849 τοῦ
2230 3794 2562 3865 τιμιωτάτου
2612 3791 2843 3861 ἀδελφοῦ
2888 3793 2985 3846 καὶ
3030 3787 3453 3859 συλλειτουργοῦ
3505 3786 3667 3856 ἡμῶν

420 3890 724 3945 secundum
782 3901 963 3946 autem
1040 3907 1270 3962 prorsus
1340 3894 1560 3953 locum.
1606 3893 1675 3947 ab
1733 3895 1988 3948 omnibus

2102 3886 2447 3955 Ἀλεξάνδρου
2471 3884 3027 3955 προκεχειρισμένων.
3050 3882 3216 3934 Ὥστε
3254 3879 3469 3942 τούτοις
3503 3876 3670 3946 μηδε-

421 3985 794 4055 cujuscunque
817 3986 1069 4054 paroeciae
1096 3994 1152 4040 et
1175 3986 1423 4041 ecclesia:
1447 3987 1774 4056 exploratis,
1799 4002 1864 4042 ac
1892 4003 1989 4055 per

2102 3980 2224 4050 μίαν
2258 3979 2507 4042 ὲξουσίαν
2532 3972 2672 4029 εἶναι
2704 3977 2831 4037 τοὺς
2860 3974 3196 4044 ἀρέσκοντας
3224 3971 3410 4034 αὐτοῖς
3444 3983 3670 4038 προχει-

425 4073 946 4128 τενετοηᾱὶεείιιιιιοι
1000 4074 1229 4130 fratrem
1296 4084 1353 4130 et
1416 4076 1680 4146 collegam
1742 4085 1989 4129 nostrum

2100 4070 2363 4141 ρίξεσθαι,
2394 4068 2428 4139 ἢ
2458 4067 2781 4122 ὑποϐάλλειν
2809 4065 3054 4133 ὀνόματα
3074 4102 3090 4127 ,
3120 4063 3153 4133 ἢ
3193 4063 3332 4125 ὅλως
3363 4063 3537 4113 ποιεῖν
3587 4076 3668 4121 τι,

426 4165 793 4219 Alexandrum
830 4164 991 4220 lectis
1022 4176 1187 4235 atque
1223 4166 1548 4236 designatis,
1587 4170 1784 4221 ferant.
1823 4170 1993 4223 Caete-

2100 4165 2259 4234 χωρὶς
2291 4161 2518 4230 γνώμης
2548 4159 2658 4213 τῶν
2691 4157 2786 4210 τοῦ
2830 4159 2931 4227 τῆς
2972 4154 3269 4221 καθολικῆς
3330 4148 3668 4218 Ἐκκλησίας

426 4270 548 4310 rum
589 4264 649 4311 ut
683 4257 831 4312 nulla
866 4257 948 4313 eis
979 4258 1053 4312 sit
1090 4258 1323 4313 facultas
1352 4273 1491 4326 quos
1528 4259 1706 4314 visum
1740 4259 1814 4313 sit
1844 4259 1993 4313 desi-

2104 4255 2401 4308 ἐπισκόπου
2454 4252 2564 4305 τῶν
2610 4252 2716 4305 ὑπὸ
2770 4248 3162 4317 Ἀλέξανδρον
3200 4244 3326 4306 τοὺς
3368 4243 3427 4297 όὶ
3478 4242 3672 4314 χάριτι

426 4348 650 4418 gnandi,
681 4357 776 4404 aut
797 4351 1021 4404 nomina
1050 4364 1241 4404 eorum
1267 4350 1391 4419 subj
1404 4350 1624 4415 iciendi,
1648 4360 1743 4404 aut
1765 4352 1991 4406 omnino

2108 4348 2232 4402 θεοῦ
2262 4350 2357 4402 καὶ
2375 4347 2562 4416 εὐχαῖς
2592 4343 2887 4415 ὑμετέραις
2912 4346 2972 4396 ὲν
3010 4339 3204 4410 μηδενὶ
3232 4337 3490 4407 σχίσματι
3516 4334 3676 4403 εὑρε-

426 4440 662 4494 faciendi
696 4441 994 4511 quidquam
1022 4452 1223 4512 prarter
1256 4443 1542 4498 catholicae
1574 4441 1837 4498 Ecclesia:
1867 4445 1988 4513 epi-

2105 4442 2309 4507 Βέντας,
2335 4439 2472 4493 ἀλλὰ
2501 4436 2867 4506 ὰκηλιδώτους
2889 4437 2948 4486 ὲν
2972 4434 3041 4503 τῇ
3071 4430 3336 4499 καθολικῇ
3365 4425 3673 4495 Ἐκκλησία

424 4546 752 4601 scoporum,
797 4533 894 4602 qui
934 4534 1037 4589 sub
1074 4532 1385 4589 Alexandro
1426 4544 1590 4598 sunt,
1638 4536 1989 4590 sententiam.

2109 4536 2271 4596 ίντας,
2306 4532 2402 4586 καὶ
2447 4530 2696 4595 ἐξουσίαν
2723 4529 2867 4598 ἔχειν
2904 4521 3373 4595 προχειρίζεσθαι,
3406 4520 3503 4574 καὶ
3554 4520 3677 4573 ὀνό-

424 4625 534 4692 Qui
566 4641 699 4681 vero
737 4641 836 4695 per
869 4626 1101 4695 gratiam
1133 4628 1232 4682 Dei
1276 4635 1334 4683 et
1370 4629 1718 4698 precationes
1781 4641 1992 4684 vestras

2107 4642 2241 4692 ματα
2270 4622 2614 4691 ἐπιλέγεσθαι
2645 4620 2754 4672 τῶν
2788 4618 2956 4682 ἀξίων
2995 4614 3089 4668 τοῦ
3120 4612 3327 4682 κλήρου
3347 4626 3361 4641 ⁸
3401 4611 3494 4663 καὶ
3535 4612 3675 4675 ὅλως

429 4717 486 4770 in
514 4717 661 4771 nulla
704 4718 917 4772 dissidii
960 4719 1623 4789 factione‘reperiantur,
1666 4721 1760 4776 sed
1794 4722 1994 4791 integri

2109 4716 2275 4768 πάντα
2310 4717 2483 4767 ποιεῖν
2511 4712 2653 4766 κατὰ
2699 4711 2863 4775 νόμον
2892 4709 2988 4762 καὶ
3013 4703 3216 4774 θεσμὸν
3253 4703 3345 4755 τὸν
3375 4703 3677 4771 ἐκκλησια-

426 4817 591 4878 atqne
617 4810 887 4879 impolluti
920 4811 974 4864 in
999 4811 1268 4866 catholica
1292 4811 1536 4868 Ecclesia
1564 4812 1891 4877 consistant,
1917 4812 1994 4866 eis

2103 4807 2304 4861 στικόν.
2338 4805 2398 4859 El
2424 4805 2480 4857 δέ
2511 4819 2634 4857 τινα
2659 4801 2900 4871 συμϐαίη
2925 4794 3346 4852 ἀναπαύσασθαι
3371 4794 3482 4847 τῶν
3516 4795 3575 4847 ὲν
3606 4797 3671 4863 τῇ

429 4910 673 4972 potestas
724 4902 989 4971 permissa
1037 4911 1123 4957 est
1164 4910 1223 4957 et
1267 4902 1627 4976 designandi,
1673 4912 1730 4958 et
1772 4902 1997 4958 nomina

2110 4898 2429 4969 Ἐκκλησία,
2450 4894 2758 4967 ’τηνικαῦτα
2784 4888 3243 4962 προσαναϐαίνειν
3270 4889 3350 4948 εἰς
3380 4887 3481 4955 τὴν
3508 4886 3673 4954 τιμὴν

429 4992 677 5047 dictandi
727 5007 956 5056 eorum,
1000 4992 1193 5047 saltem
1228 4994 1323 5062 qui
1364 4993 1516 5048 ciem
1562 4993 1711 5063 digni
1753 4994 1899 5058 sint,
1943 5001 1997 5046 et

2108 4992 2193 5045 τοῦ
2222 4989 2670 5062 τετελευτηκότος
2690 4987 2816 5048 τοὺς
2838 4984 2964 5053 ἄρτι
2995 4980 3445 5051 προσληφθέντας
3471 4993 3488 5008 ο
3515 4980 3676 5045 μόνον

428 5084 614 5139 omnia
658 5097 886 5153 prorsus
926 5081 1165 5137 faciendi
1216 5083 1431 5154 legibus
1465 5084 1996 5139 constitutionibus-

2118 5085 2151 5137 εῖ
2177 5081 2319 5147 ἄξιοι
2367 5079 2660 5149 φαίνοιντο,
2695 5076 2789 5129 καὶ
2813 5078 2842 5129 ὁ
2871 5073 3000 5136 λαδς
3044 5073 3280 5142 αίροῖτο.
3310 5067 3686 5137 συνεπιψηφίε

433 5187 543 5246 que
598 5174 986 5230 ecclesiasticis
1046 5183 1437 5229 consentanea.
1503 5173 1661 5241 Quod
1723 5174 1766 5229 si
1835 5189 2001 5244 quem

2109 5178 2291 5239 ζοντος
2330 5171 2502 5242 αὐτῷ,
2531 5172 2626 5223 καὶ
2644 5167 3135 5238 ὲπισφραγίζοντος
3169 5161 3261 5216 τοῦ
3286 5161 3386 5231 τῆς
3424 5159 3677 5223 Ἀλεξαν-

432 5282 628 5323 eorum
663 5268 758 5336 qui
794 5264 1055 5320 Ecclesiae
1088 5274 1332 5336 praesunt
1353 5305 1367 5327 .
1398 5264 1668 5321 decedere
1698 5265 2000 5337 contingat,

2109 5263 2287 5333 ϐρείας
2332 5263 2654 5315 ἐπισκόπου.
2686 5259 2863 5311 Τοῦτο
2900 5258 2957 5310 δὲ
3002 5258 3117 5318 τοῖς
3174 5255 3273 5324 μὲν
3317 5252 3501 5313 ἄλλοις
3540 5250 3677 5301 πᾶσι

438 5368 555 5415 tum
597 5360 650 5414 in
684 5358 929 5414 defuncti
972 5359 1153 5413 locum
1199 5366 1253 5412 et
1281 5359 1545 5413 honorem
1577 5358 1807 5427 provehi
1853 5358 2003 5428 quis-

2112 5351 2458 5422 συνεχωρήθη
2484 5367 2499 5381 ο
2550 5351 2640 5401 ἐπὶ
2665 5349 2721 5401 δὲ
2756 5347 2851 5401 τοῦ
2878 5347 3134 5399 Μελιτίου
3165 5341 3457 5413 προσώπου
3494 5339 3680 5392 οὐκέτι

440 5468 600 5523 quam
634 5469 699 5509 ex
728 5467 921 5507 recens
948 5450 1220 5520 cooptatis
1258 5449 1445 5517 debet,
1475 5461 1537 5506 ut
1565 5450 1733 5505 modo
1774 5451 2005 5505 idoneus

2112 5445 2174 5498 τὰ
2203 5442 2344 5496 αὐτὰ
2369 5442 2516 5505 ἔδοξε
2546 5442 2634 5495 διὰ
2665 5440 2766 5511 τὴν
2795 5437 3062 5493 ἀνέκαθεν
3088 5435 3255 5489 αὐτοῦ
3297 5433 3548 5497 ἀταξίαν,
3585 5435 3680 5485 καὶ

440 5545 515 5598 sit
540 5556 596 5598 et
626 5559 653 5598 a
685 5542 887 5614 pepqu
930 5542 1198 5611 eligatur,
1241 5541 1317 5596 ita
1348 5524 1530 5597 tamen
1572 5550 1635 5597 ut
1666 5540 1734 5596 ad
1772 5541 2006 5596 electio-

2110 5537 2197 5589 διὰ
2234 5535 2295 5587 τὸ
2326 5533 2620 5604 πρόχειρον
2665 5535 2761 5586 καὶ
2818 5529 3089 5601 προπετὲς
3137 5526 3241 5597 τῆς
3294 5525 3561 5595 γνώμης·
3592 5523 3678 5576 ἵνα

442 5650 569 5689 nem
595 5633 863 5703 ejusmodi
898 5632 1163 5697 calculus,
1193 5632 1542 5704 suffragium,
1572 5641 1630 5689 et
1661 5632 2007 5689 confirmatio

2115 5628 2353 5697 μηδεμία
2397 5626 2616 5691 ἐξουσία
2647 5625 2959 5697 ῆαὺθεντία
2988 5621 3137 5692 αὐτῷ
3169 5618 3377 5686 δοθείη,
3410 5616 3681 5686 ἀνθρώπῳ

445 5727 688 5797 episcopi
740 5725 1090 5779 Alexandrini
1140 5725 1381 5781 accedat.
1433 5728 1614 5795 Atque
1646 5728 1750 5781 hoc
1784 5724 2005 5794 quidem

2111 5724 2393 5792 δυναμένῳ
2415 5723 2573 5775 πάλιν
2596 5725 2689 5785 τὰς
2713 5721 2878 5781 αὑτὰς
2907 5718 3130 5782 ἀταξίας
3151 5719 3214 5785 ἐμ
3229 5713 3469 5782 ποιῆσαι.
3492 5709 3679 5765 Ταῦτά
