3972 6200
325 318 335 327 ·
403 296 475 358 9")
1610 287 2035 351 NICEPIIORI
2072 283 2419 349 (ZALL!STI
3588 283 3657 348 9?

410 410 578 460 Iteum
615 407 791 476 pietas
820 412 1088 459 servetur.
1125 402 1382 457 Sedenim
1411 416 1534 455 cum
1563 401 1726 455 aliter
1747 400 1972 453 omnino

2086 398 2168 450 τὸν
2202 399 2487 466 παγκρατῆ
2520 395 2652 448 Θεὸν
2681 394 2932 447 εὐσέϐεια
2963 388 3224 464 τηρῆται.
3265 393 3406 448 Ἀλλ’
3448 395 3570 450 ἐπεὶ
3597 398 3656 468 δὴ

403 503 522 552 lieri
568 515 677 553 non
731 507 936 567 posset,
973 496 1137 566 584
1175 504 1234 548 ut
1269 495 1407 549 ordo
1452 492 1669 547 stabilis
1694 501 1750 545 et
1786 491 1977 544 ﬁrmus

405 593 867 651 coiist‘itueretur,
901 589 1006 641 nisi
1041 589 1204 642 simul
1236 603 1450 653 omnes,
1484 597 1578 640 aut
1607 594 1758 650 certe
1788 585 1976 654 plures

405 684 653 748 οιιδδεοιιῑ
693 679 1074 738 convenirent,
1102 658 1159 728 et
1193 677 1260 729 de
1289 692 1346 730 re
1378 677 1623 744 qualibet
1647 674 1715 727 ad
1745 673 1976 728 sanctis-

406 773 602 825 simam
659 771 981 837 religionem
1043 769 1360 835 pertinente
1419 766 1817 835 diiudicarent,
1857 763 1976 832 ejus

409 864 487 916 rei
523 862 718 927 gratia.
755 875 917 927 quam
960 859 1078 912 ﬁeri
1112 859 1292 927 putuit
1333 858 1587 925 plurimis
1629 854 1859 917 coactis,
1888 868 1975 906 me

407 968 626 1020 quoque
683 950 912 1019 perinde
959 961 1123 1017 atque
1176 965 1285 1002 uno
1318 949 1505 1017 aliquo
1545 963 1612 1000 ex
1651 946 1808 999 vobis
1843 946 1973 1015 (non

408 1046 553 1094 cutim
603 1042 937 1111 negaverim.
982 1058 1092 1110 quo
1143 1041 1380 1093 maxime
1428 1041 1601 1099 laetor,
1650 1053 1974 1092 conservum

407 1145 655 1186 vestrum
699 1147 784 1186 me
819 1135 960 1198 esse)
995 1146 1282 1200 praesente,
1316 1145 1489 1199 usque
1523 1130 1663 1183 adeo
1697 1129 1881 1182 omnia
1919 1128 1974 1180 in

407 1227 649 1279 debitam
690 1234 817 1278 sunt
849 1225 1293 1293 disquisitionem
1322 1232 1539 1282 Vocata,
1570 1236 1858 1288 quousque
1888 1234 1976 1272 re-

408 1332 531 1369 rum
575 1316 821 1370 omnium
864 1315 1164 1383 inspectori
1199 1315 1309 1367 Deo
1344 1313 1540 1381 placita
1579 1313 1875 1369 sententia.
1909 1309 1974 1363 ad

409 1404 810 1459 consentientis
872 1405 1096 1456 uaitatis
1148 1403 1497 1456 concordiam
1561 1400 1979 1464 stabilieudam,

407 1498 464 1550 in
517 1497 692 1550 lucem
732 1503 815 1550 est
855 1505 1124 1564 protracta
1149 1533 1166 1558 ,
1198 1495 1270 1547 ita
1303 1503 1362 1547 ut
1415 1493 1550 1546 nihil
1586 1493 1693 1556 iam
1729 1492 1871 1560 quod
1908 1491 1976 1545 ad

407 1587 811 1640 dissensionem
848 1595 942 1640 aut
979 1586 1340 1656 professionis
1388 1584 1514 1638 fidei
1565 1583 1977 1652 ambiguitatem

405 1677 588 1732 facere
631 1688 839 1748 posset.
882 1679 954 1731 sit
994 1678 1266 1731 relictum.
1306 1677 1411 1732 Ubi
1453 1691 1578 1730 cum
1633 1677 1699 1730 de
1748 1675 1980 1729 sanctis-

409 1772 552 1824 simo
602 1773 767 1825 etiam
830 1771 1115 1826 Paschatis
1172 1771 1261 1824 die
1325 1770 1558 1838 quaestio
1619 1779 1764 1823 esset
1819 1781 1979 1822 exor-

409 1872 488 1927 ta,
533 1864 825 1918 sententiis
871 1864 1116 1917 omnium
1175 1862 1457 1916 decretum
1505 1868 1610 1925 est,
1655 1860 1974 1924 convenire,

414 1964 472 2004 ut
508 1952 557 2004 id
591 1952 785 2006 eodem
834 1961 1080 2020 tempore
1125 1951 1194 2006 ab
1239 1951 1490 2004 omnibus
1521 1949 1723 2018 ubique
1756 1963 1979 2018 peraga-

416 2053 526 2099 tur.
561 2045 704 2109 Quid
754 2045 902 2098 enim
953 2044 1111 2098 nobis
1156 2059 1277 2098 esse
1321 2053 1503 2112 potest
1539 2042 1625 2097 vel
1667 2041 1976 2112 pulchrius,

413 2137 500 2188 vel
549 2136 790 2204 gravius.
829 2150 993 2204 quam
1041 2137 1087 2189 si
1137 2134 1184 2189 is
1231 2133 1351 2188 dies
1396 2133 1594 2196 festus,
1633 2131 1780 2186 unde
1824 2145 1975 2200 sporn

416 2226 852 2280 immortalitatis
891 2227 1257 2296 percepimus,
1292 2240 1404 2279 uno
1445 2225 1638 2279 ordine
1675 2233 1731 2277 et
1773 2221 1980 2277 celebri

414 2320 524 2371 ritu
555 2318 625 2371 ab
653 2319 910 2372 omnibus
939 2327 1089 2371 certo
1121 2317 1514 2371 inviolabiliter
1543 2316 1872 2385 peragatur?
1901 2315 1977 2368 Ac

416 2407 654 2474 primum
703 2408 921 2476 quidem
970 2407 1192 2475 indigna
1245 2421 1336 2460 res
1385 2406 1526 2468 fuit,
1571 2405 1977 2458 sanctissimum

391 2504 543 2550 'eum
587 2497 732 2550 diem
772 2499 1075 2551 imitatione
1119 2507 1284 2565 atque
1334 2496 1732 2551 consuetudine
1764 2495 1982 2550 Jurle-

413 2602 538 2640 rum
589 2588 889 2652 celebrare,
927 2592 1016 2658 qui
1061 2588 1313 2641 manibus
1358 2587 1476 2641 suis
1523 2588 1736 2642 nefario
1773 2587 1978 2656 ﬂagitio

416 2681 824 2745 contaminatis,
856 2695 964 2734 non
1010 2679 1210 2749 injuria
1242 2694 1462 2748 quoque
1493 2679 1690 2733 animis
1720 2689 1846 2731 sunt
1881 2692 1977 2730 ειε-
2034 2674 2037 2675 ⁷

417 2772 641 2832 cmcati,
697 2772 946 2827 homines
997 2773 1272 2826 scelerati.
1327 2771 1528 2837 Quidni
1579 2772 1723 2824 enim
1779 2771 1978 2830 liceat,

418 2873 579 2932 gente
606 2879 668 2916 ea
703 2864 925 2932 reiecta,
959 2863 1195 2917 rectiore
1220 2863 1548 2932 verioreque
1575 2863 1791 2924 ordine,
1817 2877 1977 2931 quem

417 2969 448 3007 a
494 2956 668 3023 primo
723 2954 995 3024 passionis
1039 2955 1130 3008 die
1179 2953 1466 3022 hucusque
1511 2954 1873 3017 servavimus,
1914 2956 1979 3007 ad

419 3047 602 3099 futura
653 3045 873 3113 quoque
920 3045 1115 3098 sazcula
1167 3045 1570 3099 observationis
1612 3045 1773 3116 hujus
1814 3045 1978 3099 ritum

420 3136 834 3191 transmittere?
863 3133 1048 3204 Itaque
1081 3135 1216 3189 nihil
1247 3137 1404 3191 vobis
1433 3126 1822 3190 commune-sit
1855 3153 1978 3192 cum

391 3226 779 3295 _lr..estissima
826 3227 1139 3284 Iudaeorum
1195 3227 1375 3281 turba.
1411 3226 1586 3280 Aliam
1634 3228 1904 3296 siquidem
1951 3243 1982 3282 a

423 3316 704 3370 Salvatore
748 3316 1058 3385 accepimus
1110 3315 1278 3369 viam.
1315 3315 1635 3385 Pmpositus
1671 3330 1755 3370 est
1805 3333 1984 3372 sacra-

424 3410 652 3463 tissimm
692 3407 939 3478 religioni
978 3416 1180 3463 nosth
1217 3423 1352 3462 suus
1390 3424 1606 3469 cursus.
1644 3419 1701 3464 et
1741 3411 1982 3480 legitima

421 3515 541 3569 qua!
584 3501 728 3552 illam
768 3501 963 3555 deccat
999 3501 1205 3570 regula,
1235 3516 1397 3570 quam
1439 3503 1679 3556 unanimi
1713 3517 1982 3556 consensu

423 3591 874 3661 complectentes,
911 3606 1012 3645 nos
1043 3592 1191 3662 ipsos
1219 3608 1247 3645 a
1277 3593 1418 3648 lmda
1448 3593 1537 3646 illa
1565 3595 1898 3647 conscientia
1929 3603 1985 3648 et

423 3683 687 3738 societate
739 3683 1118 3747 retrahamus.
1168 3685 1367 3740 l'ratres
1410 3685 1878 3741 reverendissimi.
1919 3688 1987 3742 Et

424 3772 673 3842 profecto
720 3775 967 3827 crnnium
1021 3775 1474 3830 absurdissimum
1527 3785 1645 3839 est,
1702 3777 1827 3831 illos
1875 3777 1988 3848 glo—

423 3866 620 3919 riando
643 3866 875 3936 jactare,
903 3867 1050 3922 hisce
1071 3867 1431 3922 observandis
1466 3884 1566 3923 nos
1595 3868 1844 3924 sufﬁcere
1875 3885 1985 3925 non

421 3971 583 4025 posse
606 3959 812 4028 absque
842 3959 1060 4013 illorum
1090 3959 1342 4013 doctrina
1366 3969 1423 4014 et
1444 3962 1787 4031 praescripto.
1817 3963 1989 4028 Quid-

423 4061 551 4100 nam
582 4061 713 4100 vero
755 4048 830 4100 illi
877 4057 1023 4102 recte
1059 4050 1265 4103 sentire
1297 4058 1354 4103 et
1387 4065 1580 4119 sapere
1609 4059 1864 4120 possunt,
1891 4053 1986 4122 qui

425 4146 552 4205 post
581 4137 727 4190 illam
767 4138 982 4192 Domini
1023 4139 1227 4194 eadem
1263 4142 1537 4196 mentibus
1561 4144 1728 4213 capti,
1759 4158 1869 4198 non
1901 4160 1990 4198 ra-

430 4227 579 4279 tione
608 4228 814 4296 aliqua.
842 4229 935 4282 sed
969 4229 1256 4299 impotenti
1285 4232 1516 4298 impetu,
1541 4248 1868 4302 quocunque
1893 4249 1987 4291 eos

425 4315 630 4372 insitus
661 4319 893 4388 impellit
916 4319 1090 4386 furor,
1119 4321 1422 4376 ducuntur?
1447 4322 1620 4389 Quam
1647 4325 1718 4380 ob
1742 4341 1985 4393 causam,

2077 488 2237 541 τοῦτο
2288 490 2494 554 ἑτέρως
2523 488 2620 558 οὐχ
2666 484 2779 539 οἷόν
2830 504 2889 539 τε
2922 483 3010 556 ἦν,
3043 487 3237 556 ἀκλινῆ
3287 488 3381 538 καὶ
3436 487 3658 556 βεϐαίαν

2076 581 2230 644 τάξιν
2260 581 2463 643 λαϐεῖν,
2504 582 2552 632 εἰ
2605 580 2679 650 μὴ
2711 583 2790 642 είς
2816 581 2979 632 ταυτδ
3020 580 3236 632 πάντων
3263 581 3420 648 ὁμοῦ,
3457 578 3508 650 η’
3548 583 3657 634 τῶν

2080 672 2210 739 γοῦν
2278 673 2539 724 πλειόνων
2601 673 2916 725 ἐπισκόπων
2981 671 3369 732 συνελθόντων,
3428 672 3651 728 ἑκάστνιι

2077 765 2184 815 τῶν
2214 765 2602 831 προσηκόντων
2647 766 2712 833 τῇ
2766 763 3042 832 ἁγιωτάτῃ
3079 763 3346 831 θρησκεία
3387 764 3608 831 διάκρισ
3632 782 3659 826 ζ

2077 855 2307 921 γένοιτο·
2342 855 2530 905 τούτου
2561 855 2747 907 ἕνεκεν
2784 854 3049 907 πλείστων
3078 855 3219 906 ὅσων
3245 854 3663 923 συναθροισθέν-

2075 961 2207 1004 των,
2243 949 2338 999 καὶ
2369 946 2528 1006 αὐτὸς
2555 946 2634 1006 δέ,
2678 945 2930 1011 καθάπερ
2962 940 3041 1007 εἷς
3070 944 3130 1009 ἐξ
3157 945 3336 1013 ὑμῶν,
3373 949 3662 1013 τυγχάνων

2081 1036 2387 1106 συμπαρὼν
2419 1037 2438 1107 (
2471 1038 2530 1089 ού
2563 1037 2672 1104 γὰρ
2729 1037 3080 1106 ἀρνησαίμην
3115 1038 3180 1089 ἂν
3231 1038 3319 1103 ἐφ’
3345 1031 3386 1101 ᾧ
3422 1038 3662 1104 μάλιστα

2081 1129 2280 1197 χαίρω,
2320 1128 2679 1198 συνθεράπων
2720 1129 2984 1197 ὑμέτερος
3017 1128 3380 1195 πεφυκέναι),
3409 1130 3539 1197 ἄχρι
3563 1145 3660 1178 το-

2081 1219 2275 1272 σούτου
2307 1221 2520 1272 ἅπαντα
2553 1221 2650 1288 τῆς
2679 1219 3064 1290 προσηκούσης
3104 1220 3406 1286 τετύχηκεν
3461 1219 3658 1282 ἐξετά-

2080 1326 2238 1374 σεως,
2269 1310 2424 1378 ἄχρις
2449 1309 2508 1362 οὗ
2544 1312 2576 1380 ή
2612 1309 2686 1376 τῷ
2717 1309 2823 1360 τῶν
2873 1311 3090 1361 πάντων
3124 1309 3305 1378 ἐφόρῳ
3353 1308 3471 1375 Θεῴ
3528 1309 3664 1376 ἀρέ-

2083 1419 2286 1454 σκουσα
2324 1403 2519 1470 γνώμη
2555 1403 2690 1470 πρὸς
2736 1400 2834 1470 τὴν
2880 1404 2976 1470 τῆς
3028 1401 3280 1468 ὲνότητος
3337 1400 3662 1466 συμφωνίαν

2079 1494 2161 1554 είς
2193 1491 2308 1560 φῶς
2343 1493 2615 1562 προήχθη,
2642 1493 2718 1548 ὡς
2750 1491 2915 1560 μηδὲν
2943 1491 3022 1543 ἔτι
3085 1491 3224 1559 πρὸς
3277 1490 3565 1558 διχόνοιαν,
3622 1489 3657 1557 ἢ

2083 1585 2316 1643 πίστεως
2375 1587 2786 1656 ἀμφισϐήτησιν
2859 1585 3274 1639 ὑπολείπεσθαι.
3334 1582 3504 1635 Ἐνθα
3564 1581 3660 1634 καὶ

2082 1681 2212 1748 περὶ
2259 1679 2354 1747 τῆς
2385 1680 2477 1730 τοῦ
2516 1679 2703 1746 Πάσχα
2754 1678 3064 1745 ἁγιωτάτης
3117 1676 3326 1744 ἡμέρας
3357 1677 3661 1743 γενομένης

2005 1739 2051 1796 Β
2084 1739 2381 1838 ζητήσεως,
2411 1766 2554 1830 ἔδοξε
2585 1739 2736 1836 κόινῇ
2770 1739 2986 1836 γνώμῃ,
3017 1739 3199 1825 καλώς
3228 1739 3379 1833 ἐχειν.
3401 1739 3498 1815 ἐπὶ.
3521 1739 3661 1831 μαάς

2083 1858 2294 1927 ἡμέρας
2329 1845 2535 1918 πάντας
2575 1859 2700 1920 τοὺς
2750 1857 3066 1926 ἁπανταχοῦ
3098 1857 3368 1909 ἐπιτελεῖν
3401 1872 3415 1886 °
3446 1857 3498 1908 τί
3547 1855 3663 1924 γὰρ

2085 1952 2215 2019 ἡμῖν
2247 1949 2484 2010 κάλλιον,
2516 1950 2567 2000 τί
2609 1949 2666 2002 δέ
2716 1949 3040 2018 σεμνότερον
3095 1947 3333 2014 ὑπάρξαι
3366 1949 3659 2017 δυνήσεται

2083 2041 2175 2093 τοῦ
2204 2040 2304 2111 τὴν
2326 2040 2517 2110 ἑορτὴν
2544 2040 2771 2108 ταύτην,
2803 2039 2930 2108 παρ’
2966 2035 3035 2111 ἦς
3077 2039 3176 2107 τὴν
3222 2040 3319 2108 τῆς
3355 2039 3660 2100 ἀθανασίας

2085 2133 2394 2201 εἰλήφαμεν
2446 2132 2658 2194 ἐλπίδα,
2724 2133 2821 2202 μιᾷ
2876 2132 3029 2195 τάξει
3091 2132 3186 2183 καὶ
3239 2131 3456 2198 φανερῷ
3509 2130 3659 2198 λόγῳ

2085 2222 2238 2290 παρὰ
2261 2224 2429 2274 πᾶσιν
2454 2222 2809 2285 ἀδιαπτώτως
2838 2221 3238 2291 φυλάττεσθαι;
3278 2223 3384 2275 Καὶ
3437 2223 3657 2291 πρῶτον

2089 2314 2189 2382 μὲν
2237 2308 2674 2379 ἀνάξιονέδοξεν
2729 2310 2873 2367 εἶναι
2920 2313 3016 2381 τὴν
3065 2313 3386 2381 ἀγιωτάτην
3439 2314 3660 2382 ἐκείνην

2086 2405 2276 2473 ἑορτὴν
2305 2408 2369 2473 τῇ
2400 2404 2506 2455 τῶν
2556 2403 2822 2455 Ἰουδαίων
2864 2404 3168 2470 ἑπομένους
3227 2403 3484 2473 συνηθείᾳ
3522 2404 3662 2473 πληὸ

2089 2493 2238 2563 ροῦν,
2262 2494 2312 2544 οἶ
2343 2495 2439 2556 τὰς
2476 2495 2686 2546 ἐαυτῶν
2716 2497 2904 2562 χεῖρας
2932 2494 3178 2564 ἀθεμίτῳ
3218 2496 3324 2561 πλη
3337 2496 3660 2564 μμελήματι

2086 2586 2399 2654 χράναντες,
2453 2587 2678 2649 εἰκότως
2719 2588 2818 2648 τὰς
2853 2587 3032 2655 ψυχὰς
3072 2589 3120 2640 οἱ
3172 2593 3359 2657 μιαροὶ
3406 2589 3659 2656 τυφλώτ-

2083 2693 2287 2731 τουσιν.
2325 2678 2541 2743 Ἔξεστι
2575 2679 2702 2746 γὰρ,
2728 2678 2823 2730 τοῦ
2871 2678 3056 2740 ἔθνους
3084 2680 3500 2748 ἀποδληθέντος,
3524 2681 3660 2750 ἀλη-

2089 2769 2321 2839 θεστέρα
2368 2771 2518 2824 τάξει
2552 2772 2617 2838 ἢν
2647 2772 2710 2821 ἐκ
2763 2771 2986 2840 πρώτης
3043 2771 3140 2823 τοῦ
3190 2772 3396 2830 πάθους
3438 2772 3659 2842 ἡμέρας

2090 2861 2248 2931 μέχρι
2289 2862 2383 2914 τοῦ
2423 2863 2685 2930 παρόντος
2719 2863 3083 2930 ἐφυλάξαμεν,
3117 2864 3208 2916 καὶ
3238 2864 3329 2916 ἐπὶ
3361 2865 3488 2925 τοὺς
3523 2864 3662 2931 μέ).-

2086 2953 2277 3015 λοντας
2309 2956 2512 3018 αίῶνας
2559 2957 2657 3025 τὴν
2681 2959 2780 3027 τῆς
2837 2959 3216 3027 ἐπιτηρήσεως
3260 2957 3466 3026 ταύτης
3513 2975 3664 3026 συμ-

2007 3085 2051 3142 c
2088 3045 2367 3115 πλήρωσιν
2431 3047 2762 3113 ἐγγίνεσθαι.
2823 3046 3005 3112 Μηδὲν
3071 3046 3252 3098 τοίνυν
3311 3047 3453 3099 ἔστω
3521 3046 3661 3114 ὑμῖν

2085 3135 2261 3187 κοινὸν
2307 3134 2445 3201 μετά
2494 3135 2591 3187 τοῦ
2655 3136 2900 3205 ἐχθίστου
2965 3137 3072 3189 τῶν
3140 3136 3407 3190 Ἰουδαίων
3467 3135 3658 3207 ὄχλου.

2083 3224 2406 3295 Εἰλήφαμεν
2455 3227 2741 3296 γὰρπαρὰ
2795 3228 2888 3280 τοῦ
2949 3227 3201 3299 Σωτῆρος
3261 3229 3453 3297 ἑτέραν
3508 3227 3659 3281 ὁδόν.

2083 3319 2372 3387 Πρόκειται
2403 3318 2510 3388 γὰρ
2557 3317 2757 3390 δρόμος
2781 3322 2844 3387 τῇ
2875 3319 3140 3390 ίερωτάτῃ
3176 3319 3334 3388 ἡμῶν
3364 3319 3659 3389 θρησκείᾳ.

2085 3411 2178 3463 καὶ
2200 3410 2420 3479 νομικὸς
2454 3411 2633 3462 κανὼν
2665 3411 2757 3463 καὶ
2787 3411 3015 3482 πρέπων
3037 3411 3233 3480 τούτῳ,
3257 3405 3318 3465 οὗ
3343 3411 3661 3481 συμφώνως

2084 3501 2607 3572 ἀντιλαμϐανόμενοι
2628 3501 2729 3568 τῆς
2761 3504 2994 3575 αἰσχρᾶς
3031 3506 3245 3574 ἐκείνης
3275 3506 3505 3567 ἑαυτοὺς
3529 3522 3664 3558 συν-

2085 3594 2366 3664 ειδήσεως,
2424 3594 2855 3664 ἀποσπάσωμεν,
2884 3596 3103 3664 ἀδελφοὶ
3127 3596 3469 3666 τιμιώτατοι.
3498 3599 3662 3650 Ἔστι

2086 3687 2194 3757 γάρ
2225 3688 2300 3750 ὡς
2337 3687 2552 3756 ἀληθῶς
2578 3687 2930 3742 ἀτοπώτατον
2957 3687 3196 3752 ἐκείνους
3212 3689 3420 3759 αὐχεῖν,
3447 3689 3524 3750 ὡς
3551 3689 3663 3760 ἄρα

2089 3779 2361 3847 παρεκτὸς
2389 3780 2490 3848 τῆς
2530 3779 2711 3832 αὐτῶν
2749 3779 3096 3842 διδασκαλίας
3138 3779 3310 3832 ταῦτα
3364 3781 3684 3847 φυλάττειν’

2088 3870 2188 3921 οὐκ
2210 3869 2375 3938 ἐσμὲν
2409 3869 2602 3922 ἱκανοί.
2631 3871 2695 3923 Τί
2733 3870 2788 3923 δὲ
2825 3873 3043 3938 φρονεῖν
3072 3871 3271 3924 ἐκεῖνοι
3299 3872 3461 3941 ὀρθὸν
3501 3872 3669 3942 δυνηα

2090 3978 2294 4025 σονται,
2331 3963 2379 4015 οἳ
2409 3963 2547 4033 μετὰ
2584 3963 2684 4031 τὴν
2715 3963 3115 4033 Κυριοκτονίαν
3137 3964 3352 4034 ἐκείνην
3381 3964 3490 4016 τῶν
3521 3982 3663 4034 φρε-

2089 4054 2196 4106 νῶν
2219 4055 2531 4120 ἐκστάντες,
2562 4055 2786 4122 ἄγονται
2830 4056 2891 4108 οὐ
2923 4055 3168 4124 λογισμῷ
3206 4071 3334 4115 τινι.
3364 4055 3481 4107 ἀλλ’
3511 4056 3666 4125 ὁρμῇ

2089 4144 2470 4214 ἀκατασχέτῳ,
2521 4145 2654 4198 ὅπου
2723 4145 2791 4198 ἂν
2843 4145 3041 4208 αὐτοὺς
3100 4147 3133 4214 ἡ
3182 4144 3426 4214 ἔμφυτος
3468 4145 3670 4216 ἀπάγῃ

2093 4233 2297 4304 μανία;
2340 4235 2582 4288 Ἐκεῖθεν
2634 4235 2815 4288 τοίνυν
2875 4237 2981 4289 κάν
3009 4236 3184 4304 τούτῳ
3223 4235 3302 4306 τῷ
3346 4237 3504 4306 μέρει
3562 4237 3672 4306 τὴν

2092 4325 2348 4396 ἀλήθειαν
2377 4326 2478 4396 οὐχ
2509 4324 2773 4396 ὁρῶντας,
2803 4325 2880 4390 ώς
2912 4328 3000 4379 ἀεὶ
3049 4327 3192 4380 κατὰ
3243 4327 3415 4389 πάθος
3465 4327 3668 4389 αὐτοὺς

425 4425 551 4464 cum
585 4411 639 4464 in
677 4410 780 4465 hac
809 4427 1028 4481 quoque
1059 4421 1213 4482 parte
1253 4429 1444 4468 verum
1484 4430 1594 4469 non
1625 4418 1983 4486 perspiciunt,

2089 4412 2495 4482 πλανωμένους,
2523 4414 2648 4466 ἀντὶ
2671 4414 2770 4482 τῆς
2805 4413 3197 4484 προσηκούσης
3226 4412 3664 4484 ἐπανορθώσεως

427 4501 522 4556 sed
548 4502 627 4555 uti
652 4517 892 4571 semper,
920 4503 1114 4558 all‘ectu
1139 4503 1339 4559 vitioso
1363 4507 1657 4562 transversi
1683 4508 1984 4577 rapiantur.

426 4595 608 4664 potius
644 4610 808 4664 quam
849 4611 1096 4650 errorem
1151 4597 1451 4667 corrigam,
1485 4598 1677 4653 eodem
1721 4614 1864 4654 anno
1905 4600 1989 4656 bis

425 4687 636 4743 Pascha
683 4698 972 4757 peragunt.
1011 4686 1174 4758 585
1217 4686 1336 4753 Qua
1381 4689 1548 4760 igitur
1583 4690 1652 4745 de
1695 4706 1857 4746 causa
1895 4708 1991 4748 eos

425 4791 744 4844 sequemur,
778 4780 872 4846 qui
899 4779 1054 4847 gravi
1081 4794 1267 4832 errore
1293 4795 1353 4834 se
1382 4780 1690 4849 implicatos
1719 4797 1841 4838 esse
1867 4798 1992 4838 con-

426 4866 687 4920 ﬁtentur?
725 4869 816 4920 Bis
861 4870 1116 4938 equidem
1163 4870 1356 4925 eodem
1401 4887 1548 4925 anno
1591 4873 1796 4928 Pascha
1843 4875 1992 4930 cele-

426 4958 593 5013 brare
629 4960 777 5014 haud
811 4976 1049 5029 unquam
1084 4963 1534 5018 sustinuerimus.
1568 4967 1746 5034 Atque
1779 4967 1989 5020 etiamsi

429 5051 548 5105 haac
589 5051 750 5104 vobis
792 5066 903 5104 non
956 5063 1383 5121 exponerentur.
1423 5059 1742 5111 conveniret
1787 5067 1990 5123 tamen,

427 5158 548 5205 vos.
583 5158 683 5212 pro
715 5143 917 5198 mentis
957 5155 1156 5198 vestrae
1192 5147 1511 5214 sagacitate,
1543 5162 1757 5217 semper
1791 5158 1848 5202 et
1881 5161 1996 5205 stu-

429 5234 562 5288 dere
585 5243 641 5288 et
667 5243 882 5302 optare,
910 5249 980 5289 ne
1007 5233 1311 5304 cuiuspiam
1335 5237 1698 5292 similitudine
1727 5248 1782 5293 et
1812 5256 1996 5294 exem-

432 5327 524 5396 plo
575 5328 865 5394 puritatem
921 5326 1230 5380 animarum
1281 5337 1588 5382 vestrarum
1639 5331 1993 5399 pollueretis,

434 5428 572 5466 neve
618 5414 904 5468 hominum
948 5413 1127 5467 modis
1167 5415 1425 5468 omnibus
1468 5419 1731 5472 malorum
1770 5437 2000 5476 consue—

435 5504 682 5557 tudinem
720 5504 920 5559 imitari
967 5505 1317 5559 videremini.
1349 5506 1429 5560 Ad
1469 5508 1583 5563 haec
1612 5509 1743 5565 illud
1777 5527 1996 5581 quoque

439 5593 898 5649 considerandum
929 5597 1104 5659 venit,
1137 5598 1190 5650 in
1226 5613 1286 5651 re
1318 5607 1465 5652 tanta
1509 5608 1565 5652 et
1603 5611 1708 5655 tam
1739 5603 2000 5668 solemni:

444 5682 549 5739 bus
587 5684 866 5754 religionis
898 5699 1097 5743 nostra:
1135 5689 1309 5756 leriis,
1348 5689 1744 5746 dissensionem
1779 5705 1995 5750 exstare

2089 4507 2146 4556 ἐν
2199 4503 2275 4573 τῷ
2336 4505 2486 4574 αὐτῷ
2542 4506 2648 4558 ἔτει
2702 4504 2955 4574 δεύτερον
3008 4504 3067 4556 τὸ
3125 4505 3314 4573 Πάσχα
3367 4503 3668 4558 ἐπιτελεῖν.

2089 4595 2246 4658 Τίνος
2273 4595 2367 4649 οὖν
2405 4595 2566 4667 χάριν
2609 4595 2832 4658 τούτους
2859 4595 3126 4663 ἑπόμεθα.
3171 4594 3223 4646 οἳ
3248 4593 3426 4663 δεινὴν
3455 4593 3667 4659 πλάνην

2090 4690 2266 4741 νοσεῖν
2299 4687 2716 4757 ώμολόγηνταις
2763 4687 3017 4755 δεύτερον
3043 4687 3152 4756 γὰρ
3187 4687 3248 4738 τδ
3270 4687 3459 4755 Πάσχα
3489 4686 3546 4736 ἐν
3584 4685 3668 4738 ἐνὶ

2085 4779 2322 4848 ,ἐνιαυτῷ
2349 4784 2449 4833 οὐκ
2480 4781 2545 4834 ἄν
2588 4792 2718 4833 ποτε
2749 4780 2923 4830 ποιεῖν
2945 4777 3268 4846 ἀνεξόμεθα.
3313 4775 3454 4829 Ἀλλ’
3488 4778 3536 4828 εί
3567 4779 3665 4830 καὶ

2091 4871 2266 4927 ταῦτα
2306 4871 2380 4942 μὴ
2405 4870 2716 4941 προῦκειτο,
2749 4871 2848 4938 τὴν
2884 4869 3157 4940 ὑμετέραν
3182 4870 3470 4939 ἀγχίνοιαν
3494 4868 3664 4938 ἐχρῆν

2093 4967 2188 5019 καὶ
2216 4964 2305 5018 διὰ
2333 4963 2572 5034 σπουδῆς
2608 4964 2701 5016 καὶ
2727 4962 2796 5016 δι’
2833 4963 2998 5031 εὐχῆς
3026 4962 3169 5032 ἔχειν
3196 4963 3448 5025 πάντοτε,
3470 4964 3527 5013 ἐν
3559 4979 3666 5030 μη-¹

2092 5057 2240 5119 δενὸς
2290 5057 2597 5126 ὁμοιώματι
2633 5056 2691 5108 τὸ
2737 5045 2974 5124 καθαρὸν
3019 5053 3119 5124 τῆς
3146 5056 3424 5124 ἡμετέρας
3478 5055 3664 5124 ψυχῆς

2095 5151 2392 5213 κοινωνεῖν,
2423 5149 2652 5218 ἢδοκεῖν
2679 5148 2909 5200 ἕπεσθαι
2939 5148 3242 5215 ἀνθρώπιον
3267 5146 3412 5199 ἔθεσι
3446 5147 3668 5214 παγκάο

2096 5259 2227 5294 κων.
2258 5242 2398 5308 Πρὸς
2440 5239 2650 5302 τούτοις
2695 5240 2916 5292 κάκεῖνο
2958 5239 3192 5307 πάρεστι
3218 5240 3470 5309 συνορᾷ-ι,
3504 5237 3580 5301 ὡς
3607 5241 3668 5291 ἐν

2095 5329 2401 5400 τηλικούτῳ
2451 5331 2737 5398 πράγματι
2770 5330 2862 5383 καὶ
2912 5328 3167 5398 τοιαύτης
3226 5330 3519 5399 θρησκείας
3550 5325 3670 5398 ἑορ-

2097 5427 2164 5492 τῇ
2195 5422 2490 5490 διαφωνίαν
2541 5423 2810 5490 ὑπάρχειν
2840 5424 2987 5474 ἐστὶν
3021 5423 3323 5475 άθεώτατον
3350 5439 3362 5452 ο
3400 5421 3528 5490 μίαν
3560 5423 3670 5489 γάρ

2099 5515 2231 5583 ἡμῖν
2257 5513 2357 5582 τὴν
2383 5514 2484 5578 τῆς
2513 5514 2792 5582 ἡμετέρας
2814 5511 3126 5582 ἐλευθερίας
3156 5512 3392 5581 ἡμέραν,
3414 5513 3668 5562 τουτέστι

2097 5606 2191 5658 τοῦ
2214 5604 2517 5672 ἀγιωτάτον
2542 5604 2768 5670 πάθους,
2798 5605 2826 5654 ό
2845 5605 3109 5675 ἡμέτερος
3136 5605 3414 5673 παρέδωκε
3439 5603 3628 5672 Σωτήρ
3655 5617 3671 5631 ο
3716 5629 3721 5634 -

2105 5697 2233 5767 μίαν
2263 5693 2402 5750 εἶναι
2437 5696 2535 5766 τὴν
2567 5685 2862 5767 καθολικὴν
2891 5697 3057 5748 αὑτοῦ
3123 5694 3450 5764 Ἐκκλησίαν
3483 5692 3671 5764 $5606-
