3972 6200
226 295 322 357 '97
1183 284 1791 348 ECCLESIASTICAS
1834 285 2234 348 HISTORIA!
2276 287 2426 349 UB.
2470 286 2636 348 VIII.
3456 291 3529 355 98

248 405 453 474 ληται⁶
484 397 550 474 ἧς
575 402 624 454 εί
673 403 769 454 καὶ
808 399 878 453 τά
915 399 1152 471 μάλιστα
1207 401 1289 464 είς
1351 396 1582 460 πολλούς
1637 414 1699 449 τε
1757 399 1852 451 καὶ

1960 399 2220 467 aliquam,
2254 400 2415 469 longe
2454 414 2574 454 esse
2618 397 3027 468 impiissimum.
3071 401 3250 457 Unum
3293 418 3529 475 namque

248 497 548 565 διαφόρους
585 495 790 556 τόπους
828 493 896 546 τά
922 493 1066 562 μέρη
1096 491 1416 561 διῄρηνται,
1447 491 1562 545 ἀλλ’
1591 495 1741 561 ὅμως
1766 491 1850 544 ἑνὶ

243 591 560 660 πνεύματι,
613 588 866 640 τουτέστι
901 585 980 654 τῷ
1014 585 1143 654 θείῳ
1201 584 1503 654 βουλήματι
1559 586 1846 640 θάλπεται.

252 680 582 749 Λογισάσθω
609 679 667 731 δὲ
715 681 750 748 η
807 680 906 746 τῆς
946 676 1220 746 ὑμετέρας
1253 677 1531 746 ὁσιότητος
1576 677 1846 746 ἀγχίνοια.

250 775 402 834 ὃπως
448 774 567 826 ἐστὶ
623 770 797 824 δεινόν
827 786 886 821 τε
939 770 1035 822 καὶ
1075 767 1325 837 ἀπρεπὲς
1355 770 1498 821 κατά
1541 769 1639 830 τὰς
1681 769 1853 831 αὑτὰς

253 866 473 934 ἡμέρας
510 865 732 933 ἑτέρους
773 862 872 929 μὲν
897 862 1018 924 ταῖς
1049 862 1331 929 νηστείαις
1383 860 1694 929 σχολάζειν,
1727 859 1847 912 ἐτέ-

254 974 384 1027 ρους
421 957 478 1008 δὲ
501 956 780 1024 συμπόσια
810 953 984 1007 τελεῖν
1013 969 1028 985 ·
1066 953 1160 1004 καὶ
1192 953 1330 1020 μετά
1384 953 1481 1031 τὰς
1532 953 1626 1004 τοῦ
1665 953 1854 1021 Πάσχα

257 1053 476 1120 ἡμέρας
501 1047 695 1108 ἀλλους
726 1048 827 1116 μὲν
850 1048 1064 1116 ἑορταῖς
1085 1046 1179 1098 καὶ
1195 1046 1446 1099 άνέσεσιν
1474 1043 1849 1110 ἐξετάζεσθαι,

254 1144 454 1206 ἄλλους
487 1141 552 1194 δὲ
611 1143 736 1204 ταῖς
798 1139 1132 1216 ὡρισμέναις
1193 1137 1506 1192 ἐκδεδόσθαι
1553 1138 1849 1206 νηστείαις.

256 1238 355 1287 Διὰ
369 1233 547 1286 ταῦτα
571 1233 705 1299 γοῦν
736 1231 832 1300 τῆς
885 1231 1273 1301 προσηκούσης
1301 1226 1734 1297 ἐπανορθώσεως
1762 1244 1856 1279 τυο

254 1329 397 1396 κεῖν,
457 1325 555 1376 καὶ
591 1322 731 1390 πρὸς
786 1320 918 1388 μίαν
967 1319 1302 1372 διατύπωσιν
1339 1318 1572 1385 ἄγεσθαι
1610 1316 1790 1380 τοῦτο,
1819 1317 1854 1386 ἡ

253 1417 377 1470 θεία
417 1416 652 1483 πρόνοια
684 1414 935 1483 βούλεται
965 1429 978 1442 ο
1008 1411 1084 1474 ὼς
1131 1411 1310 1478 ἔγωγε
1341 1409 1571 1472 ἀπαθῶς
1618 1409 1851 1477 συνορῶ.

257 1511 429 1562 Ὅθεν
461 1507 654 1575 ἐπειδὴ
683 1504 845 1558 τοῦτο
869 1504 1041 1565 οὕτως
1066 1502 1510 1572 ἐπανορθοῦσθαι
1553 1503 1850 1569 προσήκει,

257 1604 336 1664 ὡς
368 1603 541 1671 μηδὲν
576 1600 715 1670 μετά
752 1599 862 1650 τῶν
898 1597 1282 1667 Κυριοκτόνων
1312 1591 1453 1648 εἶναι
1501 1596 1706 1656 κοινὸν,
1735 1595 1853 1646 ἔστι

257 1710 323 1745 τε
344 1693 500 1755 τάξις
531 1688 834 1760 εὐπρεπὴς,
870 1689 936 1757 ἦν
980 1689 1188 1740 ἅπασαι
1226 1685 1334 1738 τῶν
1384 1684 1615 1737 δυτικῶν
1654 1701 1711 1736 τε
1762 1683 1854 1735 καὶ

265 1782 666 1854 μεσημϐρινῶν
713 1781 813 1833 καί
843 1779 1108 1849 ἀρκτῴων
1139 1775 1240 1845 τῆς
1297 1775 1628 1843 οἰκουμένης
1671 1774 1853 1842 μερῶν

261 1875 794 1944 παραφυλάττουσιν
826 1873 879 1923 αί
915 1867 1239 1937 ἐκκλησίαι·
1273 1868 1375 1920 καί-
1399 1883 1544 1928 τινες
1574 1868 1684 1917 τῶν
1713 1866 1854 1919 κατά

261 1970 360 2038 τὴν
373 1967 556 2036 Ἔῴαν
579 1965 782 2029 τόπων,
810 1955 883 2015 ὧν
915 1960 1102 2012 ἕνεκεν
1124 1959 1215 2011 ἐπὶ
1246 1956 1342 2010 τοῦ
1373 1957 1636 2028 παρόντος
1675 1955 1852 2024 καλῶς

262 2059 411 2126 ἔχειν
449 2060 693 2115 ἅπαντες
712 2053 1000 2122 ἡγήσαντο
1021 2065 1034 2079 '
1077 2049 1169 2102 καὶ
1195 2048 1352 2110 αὐτὸς
1405 2047 1461 2100 δὲ
1486 2049 1552 2116 τῇ
1613 2047 1853 2115 ὑμετέρα

261 2148 522 2216 ἀγχινοίᾳ
567 2144 791 2214 ἀρέσειν
820 2141 1177 2210 ὑπεσχόμην
1224 2138 1311 2190 ἴνα
1349 2137 1488 2208 ὅπερ
1533 2136 1580 2189 δ’
1602 2138 1668 2190 ἀν
1713 2135 1855 2188 κατὰ

267 2239 369 2307 τὴν
417 2235 710 2304 Ῥωμαίων
767 2233 944 2295 πόλιν,
1012 2229 1240 2282 Ἰταλίαν
1299 2245 1358 2281 τε
1427 2232 1523 2282 καὶ
1589 2227 1852 2296 Ἀφρικὴν

263 2331 508 2393 ἃπασαν,
541 2329 842 2394 Αἴγυπτον,
883 2322 1183 2386 Ἱσπανίας,
1219 2320 1470 2381 Γαλλίας,
1501 2318 1849 2388 Βρεταννίας,

261 2421 500 2481 Λιὸύας,
528 2419 657 2486 ὅλην
719 2415 968 2478 Ἐλλάδα,
1018 2413 1274 2483 Ἀσιανὴν
1322 2429 1380 2463 τε
1411 2410 1703 2478 διοίκησιν,
1739 2409 1852 2461 ’καὶ

264 2511 563 2580 Ποντικὴν,
597 2511 686 2562 καὶ
714 2507 987 2568 Κιλικίαν,
1019 2506 1119 2575 μιᾷ
1145 2506 1238 2555 καὶ
1277 2500 1555 2571 συμφώνῳ
1583 2501 1856 2568 φυλάττη-

261 2621 352 2657 ται
383 2602 612 2671 γνώμῃ,
646 2601 901 2670 ἀσμένως
930 2599 1091 2650 τοῦτο
1121 2596 1216 2649 καὶ
1248 2597 1278 2663 ἡ
1321 2593 1562 2662 ὑμετέρα
1615 2591 1851 2660 προσδέ-

262 2694 425 2760 ξηται
489 2693 738 2750 σύνεσις,
792 2686 1142 2756 λογιζομένη,
1200 2684 1272 2746 ὼς
1312 2687 1373 2736 οὑ
1440 2683 1599 2750 μόνον
1652 2681 1853 2734 πλείων

266 2787 419 2836 ἐστὶν
443 2785 470 2834 ὸ
513 2781 626 2832 τῶν
654 2779 792 2832 κατὰ
819 2779 943 2839 τοὺς
968 2775 1400 2846 προειρημένους
1424 2775 1620 2834 τόπους
1651 2773 1851 2839 ἐκκλη-

265 2872 397 2922 σιῶν
443 2869 706 2937 ἀριθμὸς,
765 2866 899 2919 ἀλλὰ
954 2864 1049 2917 καὶ
1075 2863 1150 2926 ὡς
1207 2860 1364 2914 τοῦτο
1419 2861 1654 2930 μάλιστα
1698 2861 1850 2930 κοινῇ

265 2965 477 3022 πάντας
515 2959 811 3011 όσιῶτατόν
845 2961 959 3009 ἐστι
997 2954 1321 3026 βούλεσθαι·
1352 2956 1487 3024 ὅπερ
1521 2955 1612 3006 καὶ
1642 2955 1849 3022 δάκρι-

1958 493 2118 545 nobis
2161 491 2434 546 libertatis
2481 501 2648 560 atque
2691 491 3090 562 redemptionis
3124 504 3323 548 nostra:
3360 497 3528 556 diem.

1954 584 2319 638 sanctissima:
2348 585 2566 638 scilicet
2595 584 2868 654 passionis
2898 602 3031 648 suae,
3065 586 3317 640 Salvator
3343 605 3465 642 nost
3507 607 3531 641 r

1954 674 2128 728 dedit.
2165 675 2336 729 llnatn
2382 691 2500 730 esse
2536 675 2865 731 catholicam
2907 694 3058 731 suam
3105 679 3405 732 Ecclesiam
3438 699 3533 732 vn-

1954 769 2057 822 luit
2087 786 2100 820 :
2130 768 2289 836 cujus
2320 768 2535 822 tametsi
2574 778 2758 837 partes
2790 768 2844 820 in
2878 769 3066 820 multis
3094 770 3373 838 variisque
3405 782 3530 822 sunt

1955 860 2219 928 dispersa:
2265 861 2423 922 locis,
2455 876 2566 914 uno
2601 870 2782 914 tamen
2819 861 3039 928 spiritu,
3070 861 3173 915 hoc
3206 871 3312 922 est,
3345 862 3533 916 divino

1956 954 2191 1008 arbitrio
2241 954 2482 1008 fovetur.
2520 953 2850 1008 Consideret
2892 970 3058 1023 porro
3093 954 3408 1008 sanctitatis
3441 971 3538 1008 ve-

1957 1062 2082 1102 stra:
2131 1047 2356 1101 solertia
2404 1062 2566 1114 quam
2617 1061 2783 1116 grave
2830 1047 2904 1100 sit
2950 1056 3006 1100 et
3051 1046 3397 1109 indecorum,
3436 1064 3534 1114 per

1955 1137 2178 1192 eosdem
2217 1138 2355 1203 dies,
2391 1138 2531 1191 alios
2571 1138 2794 1206 quidem
2833 1137 3061 1208 jejuniis
3108 1137 3350 1190 intentos
3387 1151 3530 1199 esse,

1955 1232 2094 1284 alios
2145 1245 2279 1283 vero
2341 1229 2616 1282 conviviis
2676 1244 2909 1292 vacare;
2965 1240 3018 1282 et
3072 1241 3198 1298 post
3250 1228 3536 1283 Paschalis

1955 1323 2093 1386 dies,
2123 1321 2223 1375 hos
2257 1320 2482 1388 quidem
2520 1319 2710 1374 feriari
2746 1330 2800 1374 et
2831 1323 3252 1388 conquiescere,
3285 1320 3409 1374 illos
3441 1335 3536 1373 au-

1958 1426 2065 1468 tetn
2092 1412 2254 1467 statis
2276 1412 2502 1482 jejusiis
2527 1415 2816 1465 macerari.
2847 1411 3196 1480 Quapropter
3223 1411 3362 1464 Itane
3392 1426 3531 1470 rem,

1956 1520 2056 1574 pro
2089 1521 2155 1558 co
2177 1514 2340 1573 atque
2372 1503 2531 1556 decet
2550 1502 2774 1571 corrigi,
2795 1511 2960 1571 atque
2994 1502 3058 1554 ad
3092 1509 3273 1555 unum
3313 1501 3536 1554 institu-

1960 1608 2073 1650 tum
2112 1598 2453 1663 formamque
2489 1595 2741 1664 perduci,
2776 1594 2966 1674 divina
3001 1594 3118 1646 vult
3159 1593 3530 1661 providentia,

1958 1702 2221 1762 quantum
2269 1691 2528 1761 equidem
2568 1700 2722 1744 extra
2759 1705 2976 1742 omnem
3017 1689 3273 1741 allectum
3318 1687 3533 1756 positus

1959 1785 2257 1854 perspicio.
2293 1783 2480 1852 Itaque
2511 1796 2633 1834 cum
2667 1781 2767 1834 hoc
2795 1781 2873 1834 sic
2908 1781 3187 1849 corrigere
3216 1777 3531 1839 conveniat,

1957 1894 2025 1931 ne
2057 1877 2186 1946 quid
2223 1877 2382 1931 nobis
2413 1892 2537 1930 cum
2574 1875 2787 1928 Domini
2822 1873 3248 1943 percussoribus
3280 1872 3351 1924 sit
3380 1888 3534 1926 com-

1957 1980 2147 2024 mune,
2186 1974 2240 2017 et
2278 1967 2476 2017 decens
2521 1973 2702 2016 exstet
2744 1964 2902 2025 ordo,
2935 1978 3098 2030 quem
3136 1976 3331 2013 onmes
3374 1959 3532 2014 Otci-

1957 2056 2284 2121 detttalium,
2311 2068 2363 2110 et
2393 2055 2860 2117 Meridionalinm,
2889 2052 3532 2121 Septemrionaliumqne

1956 2146 2282 2200 habitabilis
2321 2146 2475 2199 orbis
2521 2145 2760 2214 partium
2797 2143 3076 2200 Ecclesia}.
3111 2150 3167 2195 et
3197 2141 3531 2209 quihusdam

1956 2252 2179 2306 quoque
2215 2236 2270 2290 in
2310 2236 2447 2289 locis
2478 2233 2790 2289 Orientales
2821 2232 3141 2296 observant,
3173 2247 3236 2284 ea
3267 2232 3334 2285 de
3364 2245 3530 2284 causa

1957 2332 2011 2384 in
2053 2330 2346 2398 praesentia
2393 2328 2652 2382 omnibus
2699 2327 3000 2381 convenire
3035 2327 3214 2380 visum
3245 2337 3350 2387 est,
3387 2326 3533 2394 ipse-

1954 2436 2062 2490 que
2107 2420 2246 2473 adeo
2274 2418 2350 2482 .id
2403 2418 2644 2472 solertia:
2679 2427 2876 2471 vestrae
2921 2416 3248 2485 placiturum
3285 2431 3410 2470 esse
3446 2431 3535 2467 re-

1955 2511 2098 2580 cepi,
2132 2519 2191 2564 ut
2222 2508 2368 2579 quod
2406 2524 2505 2578 per
2539 2509 2730 2562 urbem
2768 2509 3092 2571 ltomanam,
3124 2507 3352 2568 Italiam,
3383 2507 3532 2558 Afri-

1954 2621 2073 2658 catn
2103 2619 2347 2665 omnem,
2377 2601 2695 2672 Egyptum,
2724 2601 3034 2670 llispanias,
3068 2601 3292 2663 Gallias,
3319 2599 3532 2652 Britan-

1957 2697 2096 2756 nias,
2141 2695 2393 2760 Libyam,
2433 2704 2688 2748 cunctam
2729 2691 3019 2752 Graeciam,
3061 2691 3316 2745 Asianam
3364 2701 3531 2759 atque

1955 2785 2241 2839 Ponticam
2272 2784 2560 2843 ditionetn,
2587 2793 2643 2835 et
2672 2781 2944 2843 Ciliciam,
2973 2797 3082 2835 uno
3105 2792 3270 2850 atque
3300 2796 3535 2834 consen-

1957 2874 2115 2928 tienti
2157 2886 2409 2928 servatur
2454 2874 2708 2933 consilio,
2752 2872 2805 2925 id
2853 2872 3094 2925 libenter
3133 2888 3350 2940 quoque
3394 2887 3528 2939 pru-

1957 2965 2142 3018 dentia
2197 2973 2376 3017 vestra
2431 2963 2712 3032 suscipiat,
2759 2978 2948 3017 secum
2999 2963 3115 3030 ipsa
3155 2964 3526 3032 perpendens,

263 3058 361 3125 6h:
407 3055 667 3108 ἀπαιτεῖν
694 3053 841 3104 δοκεῖ
867 3051 1058 3118 λόγος’
1106 3051 1199 3102 καὶ
1255 3048 1510 3117 οὐδεμίαν
1555 3048 1698 3116 μετὰ
1749 3047 1848 3114 τῆς

1960 3073 2062 3110 non
2099 3056 2260 3109 modo
2287 3056 2608 3126 ampliorem
2639 3070 2761 3109 esse
2798 3053 3174 3110 Ecclesiarum
3211 3058 3262 3109 in
3294 3056 3374 3110 eis
3405 3073 3528 3126 qua:

273 3147 557 3202 Ἰουδαίων
625 3142 914 3211 ἐπιορκίας
962 3142 1109 3211 ἔχειν
1154 3139 1460 3193 κοινωνίαν.
1519 3138 1636 3190 Ἰνα
1683 3137 1740 3189 δὲ
1791 3138 1851 3190 τὸ

257 3239 817 3308 κεφαλαιωῑέστατον
883 3237 1164 3302 συντόμως
1227 3234 1390 3296 εῐπω,
1437 3233 1591 3301 κοινῇ
1635 3232 1851 3285 πάντων

257 3335 432 3404 ἦρεσε
462 3332 669 3400 κρίσει,
701 3327 798 3397 τὴν
833 3327 1143 3393 άγιωτάτην
1175 3323 1266 3376 τοῦ
1301 3325 1493 3391 Πάσχα
1528 3323 1722 3393 ἑορτὴν
1755 3323 1854 3393 μιᾷ

263 3427 370 3477 καί
397 3426 463 3492 τῇ
498 3424 640 3490 αὐτῇ
673 3420 856 3488 ἡμέρα
891 3416 1284 3469 συντελεῖσθαι.
1345 3414 1478 3467 Οὐδὲ
1509 3416 1618 3484 γὰρ
1653 3415 1854 3484 πρέπει

261 3521 326 3570 εν
361 3515 594 3582 τοιαύτῃ
619 3514 868 3578 ἁγιότητι
901 3507 1042 3560 εἶναι
1077 3524 1200 3560 τινα
1249 3507 1510 3574 διαφοράν
1541 3521 1556 3536 °
1610 3506 1706 3558 καὶ
1731 3505 1856 3557 κάλ-

265 3608 390 3658 λιον
424 3604 660 3656 ἕπεσθαι
709 3605 774 3670 τῇ
811 3599 1004 3667 γνώμῃ
1040 3598 1237 3666 ταύτῃ.
1269 3597 1326 3648 ἐν
1422 3595 1648 3664 οὐδεμία
1701 3593 1854 3647 ἔσται

263 3696 566 3764 αλλοτρίας
601 3693 809 3759 πλάνης
855 3695 948 3741 καί
979 3690 1376 3756 ἀμαρ.ηματος
1419 3686 1690 3753 ἐπιμιξία.
1723 3685 1859 3738 Τού-

261 3807 381 3841 των
406 3788 583 3847 οὖτως
612 3786 868 3854 ἐχόντων,
900 3784 1154 3848 ἀσμένως
1213 3780 1434 3848 δέχεσθε
1470 3782 1568 3845 τὴν
1597 3779 1855 3849 οὐρανίαν

259 3881 368 3932 καὶ
391 3878 546 3929 θείαν
581 3877 654 3935 ὡς
684 3874 899 3941 ἀληθῶς
933 3873 1172 3942 ἐντολήν.
1213 3873 1329 3923 Πᾶν
1366 3873 1473 3940 γὰρ
1496 3873 1522 3923 ὃ
1544 3888 1595 3923 τι
1616 3871 1659 3923 δ’
1705 3871 1770 3924 ἂν
1798 3873 1856 3922 ἐν

264 3977 387 4036 τοῖς
445 3973 573 4040 ἁγίο
599 3989 624 4033 ς
657 3969 766 4021 τῶν
814 3967 1131 4020 ἐπισκόπων
1193 3965 1490 4033 συνεδρίοις
1531 3965 1854 4034 πράττηται,

266 4070 438 4120 τοῦτο
469 4067 604 4134 πρὸς
640 4065 738 4130 την
793 4062 944 4113 θείαν
980 4060 1225 4128 βούλεσιν
1264 4059 1375 4126 ἔχει
1407 4057 1504 4126 τὴν
1557 4057 1854 4126 ἀναφοράν.

269 4163 372 4213 Διδ
403 4163 542 4212 πᾶσι
573 4161 684 4220 τοῖς
720 4156 1024 4224 ἀγαπητοῖς
1055 4151 1213 4221 ἡμῶν
1247 4151 1493 4217 ἀδελφοῖς
1521 4152 1858 4219 ἐμφανίσαν-

270 4265 374 4309 τες
411 4247 482 4298 τά
517 4244 1016 4315 προγεγραμμένα,
1052 4242 1154 4310 ἢδη
1201 4241 1294 4294 καὶ
1337 4241 1427 4292 τὸν
1461 4239 1862 4310 προειρημένον

267 4343 442 4409 λόγον
476 4340 572 4392 xit
601 4339 699 4407 τὴν
728 4337 1108 4406 παρατήρησιν
1141 4337 1236 4404 τῆς
1285 4336 1594 4401 ἁγιωτάτης
1641 4331 1859 4401 ἡμέρας

1953 3152 2194 3204 diximus
2237 3149 2372 3202 locis
2413 3165 2728 3213 numerum,
2767 3165 2959 3204 verum
2992 3151 3157 3204 etiam
3192 3149 3337 3204 idem
3375 3164 3530 3204 com-

1955 3243 2198 3296 muniter
2225 3255 2419 3295 omnes
2447 3241 2654 3296 sentire
2681 3251 2738 3296 et
2770 3242 2932 3307 velle,
2960 3256 3082 3296 esse
3106 3258 3271 3311 quam
3301 3245 3532 3296 sanctis-

1954 3331 2178 3385 simum.
2211 3331 2355 3396 Quin
2388 3339 2444 3385 et
2481 3330 2728 3384 strictior
2761 3331 2878 3400 ipsa
2913 3340 3078 3400 atque
3110 3332 3356 3386 exactior
3389 3333 3530 3386 ratio

1954 3425 2201 3495 ﬂagitare
2239 3425 2478 3488 videtur,
2513 3423 2677 3496 586
2714 3440 2783 3479 ne
2815 3441 2922 3495 qua
2959 3425 3121 3478 nobis
3159 3425 3231 3480 sit
3273 3440 3395 3478 cum
3429 3425 3527 3479 Ju-

1956 3518 2199 3571 darorum
2248 3517 2491 3587 perjurio
2535 3516 2873 3572 communio.
2914 3513 2977 3567 Et
3013 3526 3073 3569 ut
3115 3523 3332 3568 tandem
3375 3531 3530 3568 sum-

1959 3625 2101 3662 mam
2147 3609 2223 3661 rei
2268 3609 2510 3661 brevitcr
2538 3607 2716 3660 dicam
2753 3624 2766 3660 :
2797 3607 3076 3662 communi
3113 3607 3355 3660 omnium
3382 3605 3531 3676 judi-

1957 3699 2044 3753 cio
2068 3699 2300 3767 placuit,
2336 3697 2716 3750 sanctissimas
2749 3696 3034 3751 Paschalis
3073 3696 3261 3762 ferias,
3295 3712 3403 3751 uno
3437 3716 3532 3751 eo-

1958 3790 2194 3858 demque
2234 3788 2321 3841 die
2367 3788 2575 3858 peragi.
2621 3787 2842 3842 Minime
2896 3803 3133 3857 namque
3174 3788 3331 3842 decet
3371 3789 3426 3842 in
3471 3805 3530 3842 re

1960 3892 2069 3934 tam
2101 3891 2288 3935 sancta
2325 3880 2566 3949 aliquam
2597 3889 2815 3935 exstare
2845 3880 3272 3935 dissensionem.
3311 3882 3374 3936 lit
3409 3884 3533 3950 pul—

1959 3972 2150 4026 chrius
2181 3980 2266 4025 cst
2298 3987 2416 4025 eam
2451 3972 2604 4041 sequi
2653 3973 3011 4036 sententiam,
3040 3973 3094 4026 in
3129 3989 3236 4042 qua
3277 3974 3426 4028 nulla
3457 3977 3531 4029 sit

1960 4064 2122 4118 alieni
2177 4063 2386 4117 erroris
2426 4072 2481 4118 et
2524 4063 2732 4132 peccati
2782 4067 3057 4134 contagio.
3085 4063 3163 4118 Ac
3203 4081 3326 4119 cum
3364 4065 3436 4120 ita
3471 4083 3532 4122 se

1963 4172 2052 4211 res
2080 4156 2304 4222 habeat,
2340 4157 2645 4211 libentibus
2674 4157 2874 4212 animis
2913 4159 3137 4213 cmlcste
3175 4159 3276 4214 hoc
3306 4169 3362 4214 et
3401 4177 3532 4217 vere

1963 4247 2210 4300 divinqu
2255 4248 2522 4316 suscipite
2569 4259 2927 4317 praeceptum.
2961 4249 3238 4320 Quidquid
3281 4253 3427 4306 enim
3478 4255 3531 4307 in

1964 4339 2168 4392 sanctis
2223 4341 2605 4407 episcoporum
2660 4340 2842 4410 agitur
2914 4343 3305 4408 conventibus,
3358 4343 3410 4397 id
3463 4345 3530 4396 ad

269 4431 645 4500 ὑποδέχεσθαί
674 4446 733 4480 τε
763 4432 856 4481 καὶ
885 4427 1187 4480 διατάττειν
1212 4427 1449 4495 ὀφείλετε
1483 4443 1495 4453 ·
1533 4426 1616 4478 ῐνα
1645 4424 1854 4476 ἐπειδὰν

1967 4429 2209 4484 divinam
2247 4431 2482 4485 refertur
2513 4431 2872 4486 voluntatem.
2917 4432 3104 4501 Itaque
3137 4434 3218 4488 eis
3247 4451 3366 4501 qua:
3396 4438 3535 4490 Scri-

270 4527 420 4592 πρὸς
455 4525 557 4592 την
591 4522 762 4575 πάλαι
821 4537 911 4588 μοι
943 4519 1284 4588 ποθουμένην
1319 4519 1416 4588 τῆς
1446 4518 1717 4586 ὑμετέρας
1749 4515 1864 4568 διαο

267 4623 484 4680 θέσεως
507 4617 630 4685 ὄψιν
679 4617 986 4683 ἀφίκωμαι,
1037 4615 1094 4665 ὲν
1129 4613 1229 4682 μιᾷ
1280 4614 1369 4664 καὶ
1416 4613 1480 4680 τῇ
1509 4611 1645 4680 αὐτῇ
1681 4608 1862 4678 ἡμέρᾳ.

269 4715 381 4781 τὴν
417 4713 579 4778 ἁγίαν
609 4709 732 4779 μεθ’
797 4709 952 4778 ὑμῶν
1013 4707 1211 4776 ἑορτὴν
1269 4705 1576 4756 ἐπιτελέσαι
1625 4702 1859 4770 δυνηθῶ,

272 4807 378 4860 καὶ
417 4805 638 4856 πάντων
689 4804 875 4854 ἕνεκεν
928 4800 1047 4871 μεθ’
1081 4799 1234 4868 ὑμῶν
1267 4796 1564 4867 εὐδοκήσω,
1621 4795 1859 4865 συνορῶν

272 4901 381 4969 τὴν
406 4895 723 4958 διαϐολικὴν
757 4894 1016 4962 ὠμότητα
1066 4891 1171 4943 ὑπὸ
1217 4891 1315 4960 τῆς
1365 4890 1517 4951 θείας
1577 4888 1862 4957 δυνάμεως

269 4994 369 5046 διὰ
395 4990 504 5042 τῶν
530 4991 818 5059 ἡμετέρων
843 5042 852 5046 ﬁ
875 4983 1128 5054 πράξεων
1167 4982 1544 5052 ἀνῃρημένην,
1580 4980 1862 5050 ἀκμαζούο

272 5101 382 5153 an;
441 5079 716 5150 πανταχοῦ
747 5083 847 5147 τῆς
879 5080 1149 5146 ὑμετέρας
1189 5079 1427 5136 πίστεως
1487 5077 1584 5126 καὶ
1637 5077 1862 5144 εἰρήνης

271 5181 378 5230 καὶ
441 5177 718 5244 ὁμονοίας.
773 5171 835 5224 ὐ
879 5171 1008 5232 θεὸς
1043 5170 1186 5238 ὑμᾶς
1243 5165 1591 5236 διαφυλάξαι,
1646 5167 1861 5236 ἀδελφοὶ

271 5269 580 5336 ἀγαπητοί.
624 5285 642 5317 ι

370 5538 565 5591 Ὁποῐα
594 5538 649 5590 δὲ
679 5539 776 5590 καὶ
830 5536 950 5589 κατ’
1009 5534 1224 5605 Ἀρείου
1281 5535 1372 5587 καὶ
1402 5535 1512 5588 τῶν
1541 5537 1861 5605 όμοφρονων

278 5633 483 5702 ἐκείνῳ
505 5634 707 5704 γράφει
735 5633 848 5694 τοῖς
875 5629 1154 5700 πανταχοῦ
1197 5631 1517 5692 ἐπισκόποις
1561 5632 1655 5683 καὶ
1688 5630 1859 5692 λαοῖς,

274 5725 494 5778 δίκαιον
526 5726 858 5780 ἐπακοῦσαι.
899 5745 916 5776 ι
959 5725 1096 5787 Τοὺς
1156 5725 1426 5794 πονηρους
1489 5723 1581 5774 καὶ
1639 5724 1860 5785 άσεδεῖς

1966 4523 2178 4589 psimtts
2217 4523 2476 4576 omnibus
2515 4521 2731 4577 dllt'CliS
2774 4523 3043 4577 fratribus
3084 4525 3286 4578 nostris
3325 4526 3535 4594 signifi-

1966 4615 2129 4677 catis,
2155 4615 2262 4685 jam
2293 4615 2557 4668 rationem
2587 4615 2728 4668 lianc
2753 4625 2810 4668 et
2836 4615 3272 4670 observationem
3300 4619 3532 4671 sanctis-

1966 4707 2092 4762 simi
2147 4707 2255 4761 dici
2306 4707 2587 4776 suspicere
2641 4718 2807 4775 atque
2864 4707 3153 4762 instituere
3196 4709 3433 4774 debetis,
3474 4722 3564 4765 ut.

1965 4814 2090 4852 cum
2125 4798 2180 4852 in
2213 4798 2432 4867 pictatis
2466 4811 2664 4850 vestra:
2701 4797 2869 4865 (quod
2909 4797 3116 4850 dudum
3156 4798 3292 4852 mihi
3331 4799 3436 4855 fuit
3477 4802 3530 4855 in

1965 4890 2131 4958 vatis)
2162 4899 2514 4959 conspectum
2550 4904 2772 4951 venero,
2806 4904 2916 4942 uno
2946 4890 3253 4960 eodemque
3283 4891 3374 4947 die
3401 4909 3530 4948 san-

1965 4995 2081 5038 ctas
2125 4983 2407 5037 vobiscum
2459 4982 2624 5036 ferias
2675 4983 2956 5038 celebrare
3003 4985 3234 5047 valeam,
3269 4997 3325 5040 et
3368 4988 3535 5042 rebus

1966 5075 2226 5129 omnibus
2261 5089 2367 5126 una
2401 5073 2687 5128 VObiaCUIII
2723 5090 2790 5129 ex
2821 5075 3006 5130 animo
3049 5076 3311 5142 delecter,
3346 5077 3535 5131 ferita-

1968 5179 2074 5223 tem
2109 5167 2438 5222 diabolicam
2481 5181 2578 5236 per
2609 5169 2717 5221 vim
2757 5168 3000 5222 divinam
3043 5171 3304 5239 operibus
3333 5172 3534 5224 nostris

1966 5258 2260 5324 sublatam,
2287 5268 2632 5328 vestramque
2665 5260 2866 5330 ubique
2899 5261 3086 5326 fidem,
3111 5278 3301 5331 pacem
3326 5277 3378 5316 et
3403 5278 3535 5317 con-

1965 5353 2206 5408 cordiam
2245 5352 2520 5424 vigentem
2569 5368 2821 5408 cernens.
2864 5353 3011 5408 Deus
3050 5370 3145 5408 vos
3179 5364 3380 5418 servet,
3421 5355 3534 5408 fra-

1966 5461 2054 5499 res
2086 5444 2294 5500 dilecti.
2328 5465 2346 5496 ι

2037 5538 2278 5608 Ᾰεηιιιιιη
2319 5540 2484 5593 etiam
2520 5550 2623 5604 est,
2659 5558 2779 5610 quat
2813 5551 3004 5595 contra
3039 5540 3229 5592 Arium
3264 5548 3320 5593 ct
3357 5551 3534 5595 secta-

1968 5643 2116 5686 tores
2165 5629 2305 5700 cjus,
2342 5631 2600 5686 omnibus
2649 5635 2851 5701 passim
2897 5633 3175 5699 episcopis
3215 5643 3272 5686 ct
3317 5636 3540 5702 puplLiS

1967 5723 2225 5792 scripsit,
2273 5738 2628 5793 cognoscere.
2689 5742 2706 5773 ι
2741 5722 2877 5776 Cum
2929 5723 3198 5794 malignos
3242 5735 3298 5779 et
3340 5725 3536 5795 impios
