3972 6200
404 274 476 336 99
1628 267 2052 330 NICEPHORI
2095 269 2442 330 CALLISTI

3554 265 3655 329 10.)

403 385 576 441 Arius
610 383 715 437 sibi
756 382 1060 439 imitandos
1103 384 1347 450 auxerit,
1385 399 1483 454 par
1521 393 1608 439 est
1636 392 1698 437 ut
1725 382 1974 438 eamdem

2088 386 2464 454 μιμησάμενος
2497 385 2738 454 Ἀρειος,
2767 384 2974 447 δίκαιός
3005 385 3122 437 ἐστι
3152 384 3252 452 τὴν
3282 381 3452 454 αὐτὴν
3511 384 3656 436 ἑκεί-

407 491 536 530 ουιιι
568 474 678 528 illis
710 475 852 528 ierat
881 475 1262 544 ignominiam.
1295 474 1770 540 Quemadmodum
1809 473 1976 543 igitur

409 567 749 635 Porphyrius
794 564 996 620 divina:
1033 565 1254 635 pietatis
1288 566 1484 629 hostis,
1524 565 1729 635 iniquis
1775 564 1843 619 dc
1885 579 1974 618 re-

406 656 614 727 ligione
647 655 968 725 compositis
1011 656 1195 720 libris,
1229 657 1559 728 condignam
1595 656 1800 724 reperit
1836 671 1977 710 mer-

407 749 622 808 cedem.
655 763 752 818 per
782 763 946 817 quam
987 749 1234 802 omnium
1277 749 1480 803 futuris
1511 749 1728 804 saeculis
1757 747 1977 818 probris

407 841 680 896 obnoxius
709 841 838 904 erit,
866 840 1213 910 plurimaque
1243 841 1515 896 obruetur
1541 838 1784 902 infamia,
1811 850 1976 908 atque

407 933 638 999 insuper
666 931 833 999 impia
859 932 980 1001 ejus
1004 931 1212 986 abolita
1237 942 1368 986 sunt
1392 932 1622 1000 scripta,
1649 931 1721 984 ita
1748 940 1800 984 et
1827 944 1976 983 nunc

407 1022 671 1090 placitum
719 1023 878 1077 nobis
929 1036 1034 1086 est,
1082 1025 1274 1078 Arium
1317 1034 1373 1078 et
1404 1024 1520 1078 Arii
1564 1021 1972 1088 suﬁ‘ragatores,

407 1114 822 1184 Porphyrianos
850 1114 1074 1183 quidem
1107 1115 1400 1176 nominari,
1434 1104 1494 1168 u't
1518 1129 1750 1183 quorum
1777 1113 1972 1167 imitati

407 1214 538 1259 sunt
590 1219 794 1267 mores,
827 1221 1019 1260 eorum
1063 1222 1282 1275 quoque
1327 1206 1615 1260 obtineant
1654 1205 1975 1275 appellatio-

409 1313 508 1350 nes
536 1317 548 1351 :
580 1298 625 1350 si
656 1297 804 1366 quod
837 1310 1023 1351 autem
1057 1299 1322 1366 scriptum
1354 1298 1421 1351 ad
1449 1297 1580 1351 Ario
1611 1297 1973 1364 compositum

409 1388 743 1458 reperiatur,
783 1401 842 1442 ut
898 1390 1004 1458 igni
1055 1390 1108 1443 id
1158 1389 1407 1443 tradatur
1453 1388 1726 1448 volumus.
1761 1396 1820 1441 ut
1863 1404 1975 1441 non

413 1482 578 1536 modo
637 1481 889 1549 improba
939 1481 1058 1551 ejus
1112 1481 1370 1534 doctrina
1419 1480 1734 1550 abrogetur,
1784 1495 1973 1535 verum

406 1590 573 1645 etiam
605 1589 672 1627 ne
710 1583 1128 1628 monumentum
1157 1572 1380 1642 quidem
1413 1572 1632 1643 aliquod
1663 1573 1784 1639 ejus
1815 1571 1976 1624 relin-

407 1675 630 1734 quatur.
681 1665 819 1719 illud
871 1665 1124 1734 equidem
1176 1662 1497 1732 prmdictum
1545 1663 1706 1724 volo,
1753 1662 1801 1716 si
1852 1660 1975 1730 quis

409 1759 655 1812 l-bellum
691 1759 930 1826 aliquem
963 1759 1028 1811 ab
1059 1757 1189 1811 Ario
1225 1757 1597 1825 conscriptum
1634 1755 1838 1819 celare,
1874 1769 1977 1809 nec

412 1851 675 1905 continuo
701 1850 811 1918 igni
841 1851 1197 1911 comburere,
1227 1848 1608 1916 deprehensus
1637 1847 1824 1907 fuerit,
1851 1833 1979 1914 sup-

411 1941 638 2010 plicium
684 1941 734 1993 ei
789 1940 980 1993 mortis
1024 1954 1149 1993 esse
1198 1938 1584 1993 constitutum.
1625 1936 1787 2006 587
1831 1936 1978 1990 illico

305 2087 317 2095 ,
413 2046 649 2100 namque
709 2031 762 2084 in
817 2031 1046 2084 crimine
1109 2029 1202 2084 tali
1267 2029 1704 2098 comprehensus
1762 2041 1976 2096 poenam

414 2125 711 2178 sustinebit
737 2122 1051 2192 capitalem.
1086 2140 1104 2171 ι
1141 2121 1333 2176 Plures
1357 2121 1523 2174 etiam
1550 2119 1687 2174 alias
1715 2123 1981 2173 adversus

411 2216 640 2270 eosdem
676 2214 742 2268 ad
783 2214 901 2268 loca
941 2213 1127 2266 omnia
1164 2210 1314 2265 misit
1345 2211 1628 2280 epistulas,
1658 2208 1840 2264 verbis
1883 2223 1980 2278 per

413 2310 650 2364 ironiam
682 2309 749 2364 ad
782 2309 1195 2363 simulationem
1229 2306 1574 2376 compositis,
1604 2306 1688 2360 eis
1718 2304 1976 2360 illudens.

413 2399 931 2456 Nicomediensibus
971 2399 1160 2453 itidem
1203 2398 1281 2468 ιι)
1346 2405 1540 2452 contra
1577 2395 1877 2451 Eusebium
1925 2403 1982 2450 et

415 2493 794 2564 Theognidem
834 2492 1080 2561 scripsit,
1111 2491 1410 2547 Eusebium
1458 2490 1853 2560 perstringens,
1891 2505 1984 2544 ve-

412 2587 514 2642 luti
549 2587 756 2641 Licinio
793 2586 1093 2656 aliquando
1142 2583 1416 2640 faventem
1460 2583 1678 2652 sibique
1712 2581 1982 2636 insidian-

414 2687 550 2740 tem,
583 2690 750 2746 atque
789 2677 956 2730 alium
989 2675 1308 2745 episcopum
1340 2673 1524 2744 legere
1563 2673 1801 2745 jubens;
1835 2670 1980 2741 quod

414 2779 472 2822 et
502 2768 706 2822 iactmn
741 2779 844 2823 est.
881 2766 985 2823 Eas
1014 2767 1276 2835 epistolas
1299 2765 1403 2820 hoc
1427 2765 1550 2820 loco
1577 2777 1879 2833 apponere,
1914 2779 1982 2817 ne

414 2861 633 2933 longior
669 2877 789 2916 esse
835 2860 1055 2923 videar,
1089 2861 1275 2914 minus
1319 2857 1614 2912 convenire
1660 2855 1863 2927 putavi.
1903 2857 1982 2911 Ac

417 2953 488 3007 de
517 2953 603 3006 his
629 2945 850 3021 quidem
884 2950 1176 3005 hactenus.

979 3062 1208 3120 CAPUT
1246 3062 1438 3118 XXVI.

422 3159 573 3226 Quod
595 3159 968 3213 Constantinus
996 3157 1367 3210 benedictionis
1397 3172 1580 3226 causa,
1608 3155 1985 3226 Constantino-

491 3232 652 3300 polim
704 3230 901 3299 synodo
977 3227 1278 3300 translata,
1339 3225 1606 3300 publicum
1668 3225 1984 3300 ci_prwbuit

492 3297 702 3369 epulum
732 3297 779 3351 ἐι
813 3298 1339 3369 muneribus',om_nes
1367 3297 1574 3369 honoris
1601 3297 1773 3365 gratia
1809 3311 1984 3366 prose-

491 3366 664 3434 cutus,
695 3371 906 3422 domum
936 3383 1191 3438 quemque
1210 3366 1494 3420 dimiserit.

492 3483 763 3538 Caeterum
796 3480 963 3534 rebus
992 3482 1060 3533 ad
1094 3479 1243 3533 hunc
1277 3477 1501 3534 modum
1530 3477 1812 3542 euntibus,
1839 3492 1987 3532 com-

423 3575 645 3631 modum
693 3572 880 3628 evenit
928 3581 990 3627 ut
1037 3571 1334 3626 vicesimus
1380 3570 1728 3625 Constantini
1753 3569 1988 3640 ,imperii

427 3684 607 3724 annus
637 3678 750 3721 tum
784 3666 1176 3736 compleretur.
1207 3665 1275 3719 Et
1301 3664 1535 3718 Romani
1567 3679 1718 3717 more
1745 3673 1996 3733 recepto,

423 3764 640 3819 decimo
682 3775 901 3830 quoque
947 3758 1215 3830 principis
1259 3757 1344 3812 sui
1386 3755 1604 3827 imperii
1643 3770 1809 3820 anno,
1842 3771 1992 3811 com-

425 3871 650 3912 munem
689 3863 743 3908 ct
787 3853 1063 3923 publicum
1103 3851 1338 3921 agebant
1371 3857 1702 3904 conventum
1737 3848 1992 3918 diemque

424 3949 649 4003 festum.
696 3947 888 4015 itaque
933 3953 992 3999 et
1040 3946 1158 4012 ipse
1209 3942 1406 3997 decere
1459 3941 1512 3995 id
1559 3940 1880 4005 arbitratus,
1920 3938 1990 3994 ad

424 4039 617 4108 epulas
665 4038 933 4106 synodum
983 4036 1201 4097 invitat,
1242 4043 1300 4089 et
1333 4033 1471 4088 toris
1508 4033 1764 4102 plurimis
1798 4031 1990 4086 ordine

427 4147 529 4185 suo
571 4129 872 4188 collocatis,
901 4127 1094 4182 eodem
1141 4127 1198 4180 in
1232 4125 1356 4179 loco
1400 4123 1607 4193 excipit
1636 4163 1650 4187 ,
1693 4122 1990 4190 multisque

425 4233 482 4274 et
513 4218 862 4272 sermonibus
898 4227 954 4270 et
988 4216 1150 4271 donis
1193 4214 1671 4268 honoriﬁcentiam
1703 4223 1757 4268 et
1789 4213 1991 4268 libera-

427 4313 636 4366 litatem
669 4325 798 4377 erga
829 4309 953 4363 illos
993 4307 1303 4372 declarans,
1340 4304 1794 4375 praeclarissimos
1829 4319 1993 4375 quos-

2083 491 2197 536 νοις
2247 475 2475 543 ὑπέχειν
2508 474 2752 542 ἀτιμίαν.
2791 475 3004 544 Ὠσπερ
3049 475 3230 528 τοίνυν
3275 475 3581 545 Πορφύριος
3624 479 3655 530 ὀ

2079 566 2176 634 τῆς
2206 566 2518 627 θεοσεϐείας
2550 566 2745 636 ἐχθρὸς
2774 567 3135 635 συντάγματα
3185 567 3481 634 παράνομα
3520 565 3655 634 περὶ

2077 657 2177 726 τῆς
2202 658 2504 727 θρησκείας
2535 659 2974 728 συστησάμενος,
3006 658 3156 722 ἄξιον
3191 657 3390 726 εὕρατο
3415 657 3609 725 μισθόν
3637 674 3653 690 ·

2076 748 2172 798 καὶ
2205 747 2445 806 τοιοῦτον
2476 744 2618 798 ὥστε
2652 747 3018 801 ἐπονείδιστον
3050 747 3152 814 μὲν
3178 749 3343 801 αὑτὸν
3369 749 3507 818 πρὸς
3557 750 3653 801 τὸν

2077 837 2206 908 ἑξῆς
2229 839 2482 904 γενέσθαι
2530 840 2742 909 χρόνον,
2801 841 2896 893 καὶ
2930 841 3192 910 πλείστης
3234 841 3652 911 ἀναπλησθῆναι

2078 930 2420 996 κακοδοξίας,
2471 933 2838 1002 ἀφανισθῆναι
2869 933 2928 986 δὲ
2973 933 3041 986 τὰ
3085 935 3258 1004 ἀσεϐῆ
3307 935 3473 988 αὐτοῦ
3515 951 3649 1003 συγ-

2076 1027 2380 1096 γράμματα
2401 1045 2415 1058 ⁸
2443 1027 2586 1081 οὕτω
2620 1029 2717 1081 καὶ
2745 1027 2840 1080 νῦν
2869 1028 3048 1093 ἔδοξεν
3077 1029 3296 1100 ’Ἄρειόν
3331 1046 3389 1084 τε
3411 1031 3650 1092 καὶτοὺς

2089 1120 2303 1188 Ἀρείου
2322 1120 2708 1190 ὁμογνώμονας
2753 1120 3162 1197 Πορφυριανορς
3197 1121 3297 1188 μὲν
3343 1119 3649 1178 καλεῖσθαι,

2077 1211 2146 1263 ἵν’
2173 1204 2248 1263 ὧν
2294 1212 2421 1274 τοὺς
2451 1213 2688 1278 τρόπους
2727 1213 3089 1281 μεμίμηνται,
3117 1212 3325 1265 τούτων
3355 1212 3521 1280 ἔχωσι
3554 1214 3653 1264 καὶ

2075 1303 2174 1371 τὴν
2194 1303 2568 1372 προσηγορίαν
2591 1319 2605 1333 ·
2634 1303 2772 1372 πρὸς
2799 1303 2855 1356 δὲ
2877 1304 3110 1366 τούτοις,
3128 1303 3226 1358 καὶ
3256 1304 3308 1356 εί
3328 1321 3382 1355 τι
3410 1302 3649 1369 σύνταγ-

2080 1411 2156 1464 μα
2174 1393 2278 1446 ὑπὸ
2303 1395 2516 1463 Ἀρείου
2543 1398 2967 1464 συντεταγμένον
2987 1397 3312 1466 εὑρίσκοιτο,
3335 1396 3493 1448 τοῦτο
3514 1413 3585 1447 πυ
3594 1398 3653 1462 ρί

2077 1484 2487 1554 παραδίδοσθαι,
2522 1486 2609 1539 ἵνα
2663 1487 2738 1556 μὴ
2796 1487 2957 1556 μόνον
2991 1486 3060 1540 τὰ
3109 1487 3290 1556 φαῦλα
3335 1487 3500 1540 αὑτοῦ
3549 1489 3654 1553 τῆς

2075 1573 2424 1639 διδασκαλίας
2451 1577 2802 1647 ἀφανισθείη,
2827 1578 2962 1631 ἀλλὰ
2991 1579 3128 1648 μηδὲ
3157 1579 3457 1649 ὑπόμνημα
3486 1579 3655 1632 αὐτοῦ

2076 1663 2214 1726 ὅλως
2269 1665 2613 1720 ὑπολίποιτο.
2685 1667 2893 1720 Ἐκεῖνο
2937 1667 3123 1737 μέντοι
3145 1667 3505 1739 προαγορεύω
3535 1681 3550 1696 ’
3581 1667 3658 1728 ὡς

2080 1755 2134 1808 εί
2158 1773 2243 1818 τις
2267 1758 2555 1828 σύνταγμα
2611 1758 2716 1814 ὑπὸ
2783 1759 2995 1828 ’Δρείου
3059 1759 3323 1826 συνταγὲν
3371 1757 3658 1828 φωραθείη

2082 1844 2320 1915 κρύψας,
2353 1849 2445 1900 καὶ
2487 1848 2563 1918 μὴ
2593 1848 2797 1911 εὐθέως
2828 1849 3214 1919 προσενεγκὼν
3245 1850 3379 1920 πυρὶ
3417 1865 3662 1903 καταναο

2081 1935 2253 2009 λώσῃ,
2285 1939 2460 2005 τούτῳ
2486 1939 2714 2003 θάνατος
2778 1940 2935 1993 ἔσται
2971 1941 3006 2010 ἡ
3049 1940 3243 2010 ζημία.
3304 1939 3664 2010 Παραχρῆμι

2080 2029 2189 2100 γὰρ
2219 2031 2382 2093 ἁλοὺς
2407 2033 2498 2085 ἐπὶ
2529 2032 2724 2102 τούτῳ,
2756 2033 3061 2103 κεφαλικὴν
3095 2034 3460 2103 ύποστήσεται
3487 2049 3662 2100 τιμω-

2085 2123 2226 2193 ρίαν.
2264 2139 2284 2174 ι
2318 2122 2528 2186 Πολλὰς
2557 2123 2614 2176 δὲ
2645 2124 2741 2178 καὶ
2773 2124 2942 2188 ἄλλας
2989 2125 3273 2188 ἐπιστολὰς
3322 2124 3442 2178 κατ’
3477 2124 3661 2176 αὐτῶν

2081 2217 2328 2286 πέμψας,
2347 2216 2666 2288 ἅπανταχοῦ
2715 2216 3118 2284 ἐξαπέστειλεν,
3153 2219 3211 2272 ἐν
3240 2218 3426 2288 είρωνι
3459 2217 3534 2285 τῷ
3570 2215 3662 2266 λό·

2082 2328 2165 2382 γφ
2195 2309 2501 2374 διαπαίζων
2551 2311 2770 2375 αὐτούς.
2807 2311 2915 2364 Καὶ
2963 2311 3340 2382 Νικομηδεῦσι
3391 2309 3450 2362 δὲ
3512 2311 3659 2361 κατὰ

2082 2403 2348 2458 Εὑσεϐίου
2393 2402 2488 2456 καὶ
2520 2402 2804 2470 Θεόγνιδος
2842 2403 3104 2473 ἔγραφεν,
3136 2406 3192 2456 ὲν
3238 2397 3318 2464 οἷς
3359 2400 3453 2454 τοῦ
3480 2401 3661 2454 Εὕα--

2083 2495 2202 2547 ϐίου
2235 2494 2603 2559 καθάπτεται,
2653 2495 2729 2558 ὼς
2759 2495 2986 2566 Λικινίῳ
3039 2495 3375 2560 εὐνοοῦντος,
3413 2494 3660 2561 κάκείνῳ

2083 2587 2550 2653 ἐπιϐουλεύοντος,
2583 2587 2679 2640 καὶ
2727 2588 3030 2642 ἐπίσκοπον
3083 2589 3274 2658 ἕτερον
3330 2586 3553 2640 ἑλέσθαι
3579 2604 3593 2616 ·
3628 2587 3662 2638 ὃ

2084 2679 2179 2730 καὶ
2211 2663 2449 2745 ἐγένετο,
2485 2678 2558 2729 Τὸ
2589 2677 2648 2730 δὲ
2671 2676 2841 2746 μῆκος
2899 2676 3117 2745 φεύγων
3142 2675 3272 2743 ἐγὼ,
3306 2675 3398 2728 καὶ
3446 2672 3663 2734 ταύτας

2085 2769 2415 2839 παραθεῖναι
2447 2771 2544 2833 τὰς
2579 2768 2871 2832 ἐπιστολὰς
2904 2769 2965 2822 οὐ
3004 2769 3124 2823 δέον
3157 2768 3508 2838 ἐλογισάμην.
3543 2766 3664 2818 Καὶ

2087 2861 2220 2932 περὶ
2253 2861 2354 2931 μὲν
2380 2860 2587 2916 τούτων
2615 2859 2811 2917 ταῦτα.

2645 3069 2898 3124 sema.
2945 3068 3094 3136 κεῖν.

2088 3165 2218 3248 Ὅτι*
2258 3165 2329 3218 ὲν
2366 3162 3000 3248 ζέωναταντιιςουπόλει
3058 3159 3666 3248 1917:.Ul51:0€01:d]:a-

2156 3235 2298 3305 γὼγ,
2326 3234 2609 3301 εὐλογίας
2666 3231 2864 3300 χάριν,
2917 3231 3220 3300 δημοτελῆ
3260 3231 3414 3298 αὐτῇ
3454 3231 3668 3284 ἑστία-

2157 3323 2261 3359 σιν
2281 3302 2644 3372 ἐποιήσατοξ
2677 3303 2772 3354 καὶ
2801 3300 3316 3372 61(bp0tcﬁ1artac
3337 3306 3666 3370 φιλοτιμη-

2157 3323 2261 3359 σιν
2281 3320 2612 3372 examinato
2630 3320 2644 3331 '
2677 3320 2772 3354 και
2801 3320 3010 3367 οωροις
3043 3320 3316 3366 απαντας
3337 3320 3376 3370 φ

2158 3375 2444 3444 σάμενος,
2478 3371 2683 3444 οίκαδε
2717 3370 2986 3425 ἀπέλυεν
3020 3369 3302 3424 ἕκαστον.

2160 3490 2380 3545 Τούτων
2411 3488 2557 3542 οὕτω
2587 3487 2930 3558 προϐάντων,
2965 3486 3160 3558 συνέϐη
3202 3486 3302 3557 τὴν
3335 3487 3662 3556 εἰκοσαέτη-

2090 3584 2212 3656 ρίδα
2243 3583 2343 3652 τῆς
2368 3579 2779 3634 Κωνσταντίνου
2804 3579 3104 3649 τηνικαῦτα
3136 3579 3416 3649 βασιλείας
3442 3581 3671 3649 περιελ-

2047 3667 2050 3670 ’
2091 3673 2226 3726 θεῖν.
2286 3670 2492 3733 Είωθὺς
2549 3669 2608 3722 δὲ
2655 3667 2956 3738 Ῥωμαίοις
3011 3668 3136 3722 καθ’
3186 3669 3424 3738 ἑκάστην
3462 3671 3670 3725 δεκάδα

2090 3761 2186 3816 τοῦ
2249 3759 2577 3834 κρατοῦντος
2643 3761 2822 3831 ἀρχῆς
2879 3759 3064 3831 κοινὴν
3119 3761 3434 3830 πανήγυριν
3481 3761 3668 3828 ἄγειν,

2093 3851 2373 3922 προσῆκον
2411 3851 2666 3913 κάκεῖνος
2696 3850 3076 3920 λογισάμενος,
3128 3852 3208 3915 είς
3261 3851 3504 3904 ἑστίασιν
3562 3851 3670 3919 τὴν

2075 3943 2310 4016 ι-σύνοδον
2343 3941 2715 4013 προετρέψατο
2739 3957 2754 3972 ·
2787 3943 2886 3995 καὶ
2935 3942 3072 4011 δῆτα
3129 3942 3341 3995 πολλῶν
3392 3940 3668 3994 στιϐάδων

2093 4034 2151 4086 ὲν
2170 4031 2375 4102 εὐθέτῳ
2412 4032 2820 4102 γεγενημένων,
2845 4032 2986 4085 κατὰ
3006 4033 3200 4085 ταυτὸν
3231 4032 3437 4095 πάντας
3463 4031 3668 4095 εἱστία,

2093 4125 2310 4188 πολλοῖς
2337 4125 2433 4179 καὶ
2464 4123 2642 4192 λόγοις
2688 4126 2786 4178 καὶ
2822 4123 3012 4191 δώροις
3049 4125 3112 4177 τὸ
3145 4124 3430 4194 φιλότιμον
3458 4123 3671 4177 ἐπιδει-

2094 4217 2383 4286 κνύμενος.
2439 4217 2578 4279 Τοὺς
2635 4218 2732 4287 μὲν
2779 4212 2874 4271 οὖν
2917 4220 3238 4286 περιφανεῖς
3294 4217 3518 4270 ἐκείνων
3566 4219 3671 4271 καὶ

2094 4308 2503 4379 ὁμοτραπέζους
2532 4309 2710 4378 ἑαυτῷ
2749 4309 2920 4362 ἐποίει
2944 4325 2959 4339 °
2988 4304 3227 4362 ὧντινων
3255 4309 3350 4361 καὶ
3378 4310 3445 4360 τὰ
3479 4325 3670 4377 πεπη-

427 4417 536 4472 que
575 4417 765 4454 eorum
807 4415 1006 4454 mensa:
1039 4413 1150 4454 suae
1183 4397 1430 4453 adhibet.
1470 4397 1712 4464 Quorum
1747 4398 1984 4466 quideml

2102 4402 2328 4470 ρωμένα
2357 4401 2445 4454 διὰ
2477 4400 2716 4469 Χριστὸν
2754 4401 2891 4472 μέλη
2917 4400 3213 4471 θεώμενος,
3255 4403 3349 4454 καὶ
3370 4403 3428 4452 τὸ
3450 4401 3670 4468 ἑδραῖον

427 4510 552 4548 cum
585 4494 674 4548 ille
703 4493 948 4547 mutilata
981 4499 1207 4561 propter
1231 4489 1509 4546 Christum
1539 4500 1792 4544 cerneret
1824 4505 1994 4544 mem-

427 4590 546 4654 bra,
573 4597 735 4656 atque
769 4586 892 4639 ﬁdei
923 4600 1112 4641 eorum
1142 4583 1505 4639 constantiam
1532 4581 1658 4635 inde
1685 4582 1990 4652 colligeret,

424 4682 587 4736 labiis
619 4683 736 4752 ipse
767 4681 881 4734 suis
917 4677 1204 4733 cicatrices
1231 4691 1426 4731 eorum
1467 4675 1778 4730 exosculari
1815 4684 1869 4728 et
1901 4691 1993 4728 re—

428 4776 606 4828 nerari
637 4774 963 4843 dedignatus
993 4786 1104 4824 non
1139 4779 1240 4832 cst,
1276 4771 1503 4841 gratiam
1537 4783 1594 4821 se
1624 4767 1814 4822 osculo
1848 4768 1994 4836 ejus-

430 4867 574 4918 modi
625 4876 679 4919 ct
724 4864 1110 4918 benedictione
1153 4877 1342 4915 eorum
1392 4861 1676 4928 percipere
1724 4858 1988 4913 conﬁsus.

431 4957 790 5026 Posteaquam
823 4965 1007 5010 autem
1052 4954 1216 5008 ﬁnem
1257 4969 1416 5008 sumn
1457 4953 1769 5006 convivium
1806 4950 1857 5004 id
1896 4950 1994 5004 ha-

428 5051 572 5112 buit,
602 5051 721 5103 loco
767 5063 868 5103 suo
907 5065 1232 5116 exsurgens,
1273 5046 1540 5116 supplicis
1572 5060 1724 5099 more
1757 5059 1994 5098 conven-

430 5153 548 5197 tum
584 5142 815 5212 rogavit,
852 5151 912 5194 ut
953 5141 1047 5210 qui
1093 5149 1304 5193 tantum
1356 5139 1717 5209 pertulissent
1763 5137 1992 5202 laboris,

427 5248 732 5306 perpaucos
766 5233 870 5287 sibi
904 5232 1022 5286 dies
1052 5231 1208 5292 dare,
1248 5241 1304 5284 et
1351 5245 1542 5284 recens
1587 5227 1868 5280 fundatam
1904 5242 1996 5278 ur-

427 5326 572 5390 bem,
600 5326 712 5396 jam
749 5333 863 5377 tum
897 5322 1214 5391 perfectam,
1259 5321 1412 5374 adire
1456 5336 1561 5373 non
1609 5329 1992 5387 gravarentur,

428 5429 488 5472 ut
537 5417 949 5488 precationibus
998 5413 1114 5469 suis
1165 5413 1500 5467 munitiones
1539 5423 1595 5465 ct
1639 5427 1828 5465 muros
1871 5411 1994 5478 ejus

427 5509 734 5582 ﬁrmarent.
759 5510 936 5578 Atque
965 5507 1043 5561 illi
1073 5506 1280 5569 statim,
1310 5503 1453 5572 quod
1483 5503 1734 5574 petierat,
1761 5503 1988 5556 iaciunt.

426 5598 952 5670 Constantitmpolim
998 5598 1262 5662 veniunt,
1311 5597 1563 5651 littetenia
1605 5608 1659 5652 ct
1706 5612 1991 5651 consecra-

415 5769 418 5772 ,
499 5712 579 5780 (i)
616 5713 828 5766 Socrat.
859 5714 955 5769 lib.
991 5732 1005 5769 ι
1037 5714 1285 5768 [listoria’
1320 5711 1502 5765 ccc/es.

2096 4492 2348 4546 ἐντεῦθεν
2389 4495 2486 4562 τῆς
2515 4495 2751 4557 πίστεως
2802 4495 3022 4558 ἐννοῶν,
3067 4495 3304 4564 χείλεσιν
3359 4495 3509 4555 ίδίοις
3564 4493 3668 4546 οὐκ

2096 4584 2330 4653 ἀπηξίου
2352 4588 2517 4656 τιμᾷν
2548 4587 2646 4650 τὰς
2677 4587 2914 4657 πληγὰς,
2944 4586 3162 4657 θαρρῶν
3187 4587 3263 4650 ὡς
3305 4586 3465 4654 χάριν
3514 4584 3668 4638 ἕλκει

2093 4676 2171 4745 τῷ
2195 4675 2460 4744 φιλήματι
2493 4677 2588 4728 κοιλ⁸
2635 4677 2756 4740 ταῖς
2790 4676 3087 4743 εὐλογίαις.
3137 4676 3290 4728 Ἐπεὶ
3312 4675 3368 4728 δὲ
3416 4674 3479 4727 τὸ
3516 4675 3666 4744 ίερὸν

2095 4766 2271 4816 έκεῖνο
2307 4766 2609 4830 συμπόσιον
2639 4759 2752 4833 εἶχε
2783 4766 2979 4835 πέρας,
3001 4765 3094 4817 τοῦ
3122 4766 3313 4833 θρόνου
3338 4763 3662 4830 ἐξαναστὰς,

2099 4856 2283 4924 ἱκέτης
2314 4857 2526 4922 ἐγίνετο
2564 4855 2659 4908 τοῦ
2696 4857 2980 4924 συλλόγου,
3019 4857 3094 4928 μὴ
3121 4858 3352 4927 ὀκνῆσαι
3406 4856 3666 4910 τοσοῦτον

2097 4946 2342 5014 κάματον
2414 4947 2771 5014 ἀνατλάντας,
2834 4948 3093 5017 βραχείας
3159 4947 3254 5000 καὶ
3306 4946 3455 5015 αὖτῷ
3511 4964 3669 5010 τινας

2096 5038 2308 5107 ἡμέρας
2372 5038 2726 5108 χαρίσασθαι,
2785 5041 2878 5092 καὶ
2928 5041 3061 5110 ἄχρι
3098 5040 3162 5111 δὴ
3218 5039 3318 5108 τῆς
3366 5040 3666 5105 νεοπαγοῦς

2097 5127 2264 5180 αὐτοῦ
2293 5129 2526 5192 πόλεως,
2553 5130 2849 5197 ἀφικέσθαι
2871 5131 2995 5184 ὅσον
3031 5131 3132 5202 ήδη
3173 5130 3623 5198 συντελεσθείσης
3647 5145 3661 5157 ·

2097 5219 2148 5271 ἲν
2179 5220 2363 5289 εὐχαῖς
2387 5222 2477 5272 τὸν
2504 5222 2707 5290 ταύτης
2737 5223 3025 5293 περίϐολον
3059 5227 3154 5277 καὶ
3184 5225 3252 5276 τὰ
3276 5224 3431 5293 τείχη
3467 5226 3664 5292 στηρί-

2099 5311 2266 5377 ξαιεν.
2324 5315 2384 5365 0i
2419 5313 2464 5364 δ’
2520 5313 2679 5378 εὐθὺς
2715 5318 2934 5370 ἐποίουν
2976 5318 3039 5371 τὸ
3093 5319 3360 5388 αἰτηθένο
3420 5319 3515 5371 καὶ
3565 5317 3668 5384 τὴν

2099 5405 2510 5459 Κωνσταντίνου
2569 5410 2992 5475 καταλαϐόντες,
3042 5412 3110 5464 τὰ
3157 5411 3406 5480 ὲγκαίνια
3456 5411 3670 5478 ταύτης

2099 5498 2336 5565 ἐποίουν,
2360 5502 2457 5569 τὴν
2507 5503 2845 5572 ἀναίμακτον
2877 5505 3070 5559 θυσίαν
3113 5503 3487 5567 ἐπιτελοῦντες
3517 5518 3529 5531 ·
3565 5509 3669 5554 καὶ

2099 5592 2282 5660 εὐχαῖς
2338 5593 2683 5659 διαλαϐόντες
2754 5599 2842 5650 καί
2909 5597 3264 5669 στηρίξαντες
3320 5599 3540 5664 urna“
3592 5603 3666 5667 τῇ
