3972 6200
262 292 379 358 =10]
1206 285 1810 347 ECCLESIASTICAS
1848 282 2235 344 HlSTORI/E
2275 282 2424 343 LIB-
2468 282 2633 343 VIII.
3452 286 3555 352 102

276 407 537 475 Θεοτὸκῳ
568 401 854 465 ανέθεντο,
909 364 1036 453 νέαν
1081 396 1301 469 Ῥώμην
1332 399 1428 452 καὶ
1484 398 1872 469 βασιλεύουσαν

1985 395 2152 452 tionis
2184 395 2381 452 festum
2419 395 2566 451 diem
2615 395 2922 462 celebrant,
2956 396 3247 454 incruento
3279 382 3553 457 sa‘critieio

277 494 869 555 Κωνσταντινούπολιν
897 491 1291 560 ὀνομάσαντες,
1324 491 1725 561 Μητροφάνους
1774 507 1872 557 τη-

1979 498 2299 565 operantur,
2334 489 2595 558 precibus
2638 489 2892 559 votisque
2934 478 3126 545 urbem
3163 490 3385 548 abunde
3421 510 3550 561 pro-

277 591 515 646 νικαῦτα
543 589 637 642 τὸν
672 586 865 657 θρόνον
911 584 1006 638 τοῦ
1052 584 1351 648 Βυζαντίου
1399 584 1701 644 διέποντος.
1757 582 1872 634 Καὶ

1979 590 2285 647 sequuntur
2328 590 2387 634 et
2434 578 2691 645 ﬁrmant,
2740 582 3101 651 eamdemque
3144 583 3239 639 Dei
3282 583 3552 640 Genitrici

276 683 442 745 αὖθις
474 681 569 734 οὖν
597 681 678 741 εἰς
710 677 958 731 ἑστίασιν
994 675 1250 739 καλέσας,
1287 675 1459 743 ἔτερα
1489 675 1639 745 δῶρα
1669 674 1875 745 προσή-

276 762 466 844 γαγε
497 774 594 826 καὶ
623 771 932 840 γράμματα
957 769 1094 837 πρὸς
1125 770 1256 830 τοὺς
1275 766 1385 820 τῶν
1416 766 1588 821 ἐθνῶν
1627 782 1871 837 προστα-

276 867 569 931 τεύοντας,
619 862 825 932 ἑκάστῃ
864 862 1023 913 πόλει
1055 862 1169 922 τοῖς
1205 860 1615 928 ἀφιερωμένοις
1645 861 1711 929 τῇ
1751 858 1872 929 θεία

276 957 534 1028 λατρεία,
566 955 769 1023 χήραις
800 968 860 1005 τε
892 950 991 1003 καὶ
1018 952 1141 1013 ταῖς
1189 949 1691 1019 προσεδρευούσαις
1726 966 1870 1019 παρα

278 1052 462 1113 θένσις
496 1050 663 1110 θείοις
694 1048 887 1117 σηκοῖς
924 1043 1214 1113 σιτηρέσια
1246 1044 1448 1112 ἐτήσια
1503 1044 1868 1113 χορηγοῦντα,

280 1145 344 1198 οὗ
372 1141 536 1212 χρείᾳ
570 1138 776 1211 μᾶλλον
810 1138 842 1207 ἢ
891 1137 1179 1206 φιλοτιμία
1218 1137 1607 1206 προσήκοντα·
1659 1136 1695 1190 ἂ
1740 1137 1873 1189 Ἴου.

280 1232 470 1293 meo;
504 1230 607 1297 μὲν
656 1226 888 1298 ὕστερον
918 1225 1208 1296 περιεῖλεν·
1230 1240 1245 1256 ο
1277 1228 1306 1278 ὀ
1334 1225 1391 1277 δὲ
1424 1226 1545 1292 μετ’
1604 1226 1774 1278 αὑτὸν
1810 1226 1873 1278 τὸ

280 1325 645 1394 τριτημόριον
678 1324 907 1375 ἐκείνων
931 1319 1282 1391 χορηγεῖσθαι
1315 1320 1673 1390 προσέταξεν.
1720 1320 1875 1374 Ἐπεὶ

279 1420 340 1474 δέ
378 1419 478 1471 καὶ
516 1416 705 1471 οἴκαδε
738 1416 1027 1467 ἐπανιέναι
1062 1413 1555 1483 παρεσκευάσαντο
1593 1413 1873 1478 ἕκαστος,

283 1511 597 1581 παρεκάλει
652 1508 715 1561 τὸ
747 1506 915 1560 ταυτὺ
944 1506 1046 1575 τῆς
1076 1506 1318 1569 πίστεως
1370 1505 1581 1569 πάντας
1630 1507 1870 1576 φρονεῖν,

285 1603 385 1657 καὶ
407 1603 511 1670 τῆς
538 1598 676 1670 πρὸς
708 1600 850 1668 σφᾶς
871 1599 1097 1668 εἰρήνης
1119 1597 1423 1667 ἐπιμᾶλλον
1453 1596 1874 1662 ἀντιποιεῖσθαι,

289 1694 361 1749 ἵν’
411 1692 772 1746 ἀστασίαστοι
800 1689 1171 1758 διαμένοντες,
1215 1688 1294 1758 τῷ
1328 1688 1440 1742 τῶν
1490 1688 1630 1742 ὅλων
1675 1691 1872 1759 εὐαρεο

1946 672 2233 727 dedicant
2261 673 2360 741 (l),
2392 688 2588 727 novatn
2619 673 2871 737 Romam,
2905 674 3381 746 imperautcmque
3408 678 3554 733 Cott-

1974 763 2395 832 stantinopolim
2438 767 2920 834 cognominantes,
2958 766 3271 823 Alexandro
3305 781 3418 823 tum
3455 772 3557 841 By-

1973 854 2142 908 zantii
2191 855 2499 911 Ecclesiam
2553 867 2803 928 regente.
2852 857 3020 929 588
3063 860 3167 915 llic
3211 861 3397 916 denuo
3449 864 3556 916 illis

1973 947 2139 1017 epulo
2184 951 2466 1019 exceptis,
2515 949 2623 1004 alia
2672 951 2817 1005 dona
2864 951 3089 1017 obtulit,
3128 960 3186 1006 et
3223 952 3438 1009 litteras
3484 954 3552 1008 ad

1974 1037 2385 1105 provinciarum
2422 1039 2710 1108 praefectos
2744 1041 2918 1104 dedit,
2957 1051 3021 1096 ut
3066 1043 3121 1096 in
3164 1043 3303 1098 urbe
3337 1060 3556 1114 quaque

1974 1127 2167 1181 divino
2214 1129 2390 1183 cultui
2427 1130 2665 1185 addictis
2710 1143 2878 1203 atque
2915 1135 3147 1189 sacratis
3179 1136 3359 1190 viduis
3384 1138 3552 1203 virgi-

1977 1217 2277 1286 nibusque,
2311 1218 2378 1273 ad
2421 1220 2699 1274 sanctiora
2743 1223 3058 1279 divinorum
3102 1224 3427 1292 templorum
3463 1241 3552 1279 sae

1974 1306 2153 1360 craria
2185 1308 2607 1373 excubantibus,
2644 1326 2877 1366 annona;
2906 1329 3106 1367 anima:
3144 1314 3546 1376 tribuerentur,

1976 1413 2098 1467 quae
2136 1398 2205 1453 ad
2254 1399 2646 1457 liberalitatem
2696 1404 3039 1473 splendidam
3073 1408 3248 1474 magis
3274 1423 3438 1476 quam
3479 1408 3548 1460 ad
3598 1404 3613 1409 ”

1977 1506 2138 1544 usum
2173 1494 2548 1548 necessarium
2581 1496 2946 1565 pertinerent.
2996 1498 3104 1552 llas
3140 1496 3392 1552 Julianus
3426 1502 3550 1568 qui-

1975 1581 2100 1637 dem
2129 1596 2317 1652 posma
2344 1584 2568 1650 accidit,
2593 1603 2881 1643 successor
2901 1598 3083 1643 autem
3112 1590 3231 1660 ejus
3256 1605 3323 1644 ex
3349 1589 3550 1645 triente

1976 1677 2212 1745 praeberi
2243 1678 2479 1733 curavit.
2514 1677 2618 1734 Ubi
2649 1696 2781 1736 vero
2809 1682 2919 1752 jam
2957 1699 3058 1752 pro
3094 1699 3151 1738 se
3186 1684 3422 1753 quisque
3455 1684 3550 1737 do-

287 1745 472 1840 στῶσι
495 1784 637 1853 Θεῷ.
676 1782 857 1836 Πολὺν
885 1745 942 1834 δὲ
967 1781 1059 1834 τὸν
1094 1745 1236 1851 ὑπὲρ
1266 1745 1365 1851 τῆς
1397 1780 1585 1847 κοινῆς
1615 1745 1870 1848 ὁμονοίας

1979 1783 2126 1820 mum
2161 1769 2344 1824 redire
2376 1781 2617 1839 pararet.
2654 1773 2916 1827 cohortus
2947 1789 3044 1828 eos
3077 1783 3182 1837 est,
3213 1787 3271 1827 ut
3297 1772 3547 1829 eamdem

280 1878 624 1938 κατατείνας
680 1874 864 1941 λόγον,
913 1873 1066 1936 τέλος
1100 1871 1242 1942 ὑπέρ
1278 1888 1337 1924 τε
1385 1869 1550 1923 αὑτοῦ
1605 1870 1703 1923 καὶ
1763 1868 1872 1923 τῶν

282 1965 495 2018 παίδων
522 1964 620 2018 καὶ
662 1963 763 2032 τῆς
794 1962 972 2034 ἀρχῆς
1007 1960 1267 2030 εὔχεσθαι
1296 1959 1519 2030 θερμῶς
1546 1958 1870 2030 παρηγγύα,

282 2058 379 2111 καὶ
410 2055 684 2125 διηνεκῶς
717 2054 879 2106 ἵλεων
915 2054 1101 2114 αὐτοῖς
1153 2051 1215 2105 τὸ
1245 2051 1386 2105 θεῖον
1418 2053 1613 2116 ποιεῖν,
1658 2051 1756 2102 καὶ
1813 2049 1873 2105 τὸ

281 2142 385 2214 τῆς
436 2144 662 2198 συνόδου
692 2144 869 2214 δόγμα
904 2143 1145 2215 ἁρῤαγές
1198 2141 1486 2213 καθιστᾷν.
1543 2143 1668 2204 Τοῖς
1696 2142 1752 2195 δὲ
1796 2142 1872 2212 μὴ

285 2236 531 2307 παροῦσι
565 2238 799 2305 γράφων
816 2235 886 2288 τὰ
920 2234 1325 2305 προρρηθέντα,
1356 2235 1455 2303 τὴν
1485 2233 1574 2287 διὰ
1601 2232 1874 2285 τοσούτων

280 2328 721 2399 δοκιμασθεῖσαν
745 2326 887 2397 μετὰ
916 2324 1150 2396 βάσανον
1174 2324 1380 2395 ἀκριϐῆ
1409 2325 1662 2395 στέργειν
1690 2324 1875 2391 πίστιν

277 2422 617 2489 ἐπέτρεπεν,
647 2418 723 2481 ὡς
783 2418 926 2471 κατὰ
979 2415 1208 2486 γνώμην
1248 2418 1468 2480 πάντως
1494 2416 1876 2487 γεγενημένην

278 2515 450 2575 Θεοῦ,
477 2569 485 2575 _
508 2512 756 2582 τοσούτῳ
790 2510 1036 2581 συλλόγῳ
1081 2508 1346 2580 Πατέρων
1380 2509 1874 2580 συγκροτηθεῖσαν.

281 2608 398 2659 Καὶ
461 2608 515 2658 ei
559 2605 659 2673 μὲν
707 2605 938 2666 ἕκαστος
999 2588 1271 2670 τοσαύτης
1311 2601 1633 2667 ἀξιωθέντες
1685 2601 1875 2672 τιμῆς,

276 2700 471 2752 οἶκαδε
509 2697 648 2767 πρὸς
679 2697 780 2765 τὴν
819 2696 1030 2749 οἰκείαν
1064 2694 1374 2765 ἐπανῄεσαν
1416 2693 1657 2763 ποίμνην
1684 2705 1701 2722 ·
1758 2695 1878 2763 χαί-

285 2809 404 2858 ρων
445 2789 503 2841 δὲ
535 2790 565 2841 ὁ
615 2787 876 2857 βασιλεὺς
926 2786 1229 2857 ὑπερφυῶς
1281 2784 1535 2848 διετέλει,
1575 2785 1706 2854 μίαν
1738 2782 1877 2855 ὀρῶν

278 2883 387 2952 τὴν
416 2879 650 2933 καθόλου
687 2878 1039 2946 Ἐκκλησίαν,
1089 2875 1489 2948 συμφωνοῦσαν
1531 2893 1587 2930 τε
1637 2879 1764 2949 περὶ
1818 2876 1880 2930 τὸ

279 2975 469 3040 δόγμα
494 2987 512 3003 ’
556 2974 651 3023 καὶ
697 2970 816 3040 Θεῷ
851 2969 1086 3022 ἀνετίθει
1117 2969 1187 3021 τὰ
1214 2970 1548 3040 χαριστήρια
1598 2969 1699 3039 τῆς
1748 2971 1880 3039 ὁμο-

280 3070 442 3127 νοίας
468 3065 633 3134 χάριν
667 3063 773 3114 τῶν
807 3061 1123 3132 ἁπανταχοῦ
1162 3061 1260 3132 τῆς
1297 3061 1402 3130 γῆς
1434 3060 1771 3114 ἐπισκόπων.

1971 1875 2165 1916 omnes
2204 1861 2453 1917 colerent
2493 1862 2679 1929 tidem,
2713 1876 3074 1935 mutuamquc
3113 1882 3302 1937 pacem
3334 1877 3390 1921 et
3421 1868 3552 1921 clia—
3603 1914 3610 1923 .

1974 1952 2194 2006 ritatcm
2242 1954 2480 2009 maxime
2528 1966 3003 2021 consectarentur,
3038 1968 3203 2027 atque
3243 1967 3304 2012 ut
3340 1959 3549 2027 absque

1973 2045 2246 2100 seditione
2277 2046 2452 2112 omni,
2482 2048 2658 2115 pacati
2690 2058 2854 2117 atque
2888 2051 3187 2119 tranquilli,
3217 2067 3399 2105 rerum
3433 2053 3550 2103 uni-

1970 2150 2255 2190 versarum
2288 2137 2570 2208 placerent
2618 2140 2751 2194 Deo.
2797 2141 2863 2195 Et
2905 2157 3029 2195 cum
3070 2144 3262 2206 multa,
3300 2143 3550 2197 oratione

1973 2227 2192 2298 longius
2222 2231 2512 2299 producta,
2536 2232 2603 2288 dc
2633 2233 2913 2288 communi
2944 2235 3243 2290 concordia
3273 2235 3399 2290 fecit
3433 2252 3547 2289 ver

1974 2321 2065 2386 ba,
2104 2332 2217 2377 tum
2286 2336 2568 2393 postremo
2611 2327 2974 2381 vehementer
3019 2343 3116 2382 eos
3157 2327 3447 2383 admonuit
3490 2339 3549 2381 ut

1974 2426 2030 2473 et
2067 2432 2170 2487 pro
2200 2431 2283 2483 sc,
2316 2433 2417 2485 pro
2441 2417 2638 2473 liberis
2676 2418 2792 2474 suis
2822 2428 2879 2474 et
2908 2436 3008 2490 pro
3038 2421 3270 2491 imperio
3301 2422 3555 2476 ltoniauo

1975 2518 2230 2573 orarent,
2275 2518 2658 2580 perpetuoque
2689 2512 2986 2581 propitium
3019 2512 3122 2566 sibi
3154 2514 3399 2568 divinum
3447 2531 3549 2567 nu-

1977 2618 2105 2659 men
2137 2601 2407 2667 lacerent,
2433 2601 2742 2691 synodique
2767 2603 3004 2657 decretis
3031 2603 3282 2658 stabilem
3315 2604 3548 2659 ﬁrmita-

1978 2706 2088 2751 tem
2137 2694 2523 2750 conciliarent.
2572 2692 2908 2749 Absentibus
2950 2710 3116 2763 porro
3146 2710 3209 2749 ea
3241 2712 3362 2765 quae
3401 2712 3555 2752 com-

1978 2786 2410 2842 memoravimus
2443 2784 2715 2853 scribens,
2750 2797 2809 2840 ut
2846 2786 3240 2855 professionem
3274 2787 3425 2855 ﬁdei,
3457 2789 3548 2844 di-

1978 2878 2169 2948 ligenti
2222 2887 2388 2949 atque
2442 2887 2698 2932 accurata
2753 2879 3133 2948 exploratione
3179 2890 3260 2934 tot
3304 2879 3553 2935 virorum

1979 2969 2363 3040 disquisitam,
2404 2979 2461 3025 et
2508 2968 2578 3025 de
2625 2970 2901 3025 sententia
2948 2971 3118 3025 totius
3163 2972 3407 3029 universi
3454 2975 3555 3030 Dei

1980 3061 2382 3129 constitutam,
2423 3061 2811 3133 sull'ragiisque
2863 3073 3030 3118 tanta:
3081 3067 3276 3136 synodi
3326 3066 3555 3122 Patrum

280 3158 712 3226 comprobatam
752 3154 1100 3224 susciperent
1139 3165 1303 3223 atque
1343 3154 1871 3223 complecterentur,
1907 3156 2208 3209 mandavit.
2273 3155 2338 3208 Et
2400 3156 2620 3211 illorum
2658 3159 2891 3227 quisque
2924 3165 3075 3213 tanto
3112 3158 3344 3215 allectus
3379 3161 3560 3215 bono-

282 3272 388 3313 re,
440 3253 671 3307 domum
731 3251 796 3304 ad
852 3265 1071 3320 gregem
1126 3266 1286 3305 suum
1335 3250 1522 3306 rediit.
1567 3250 1873 3321 imperator
1911 3260 2119 3316 autem,
2189 3267 2356 3321 supra
2423 3252 2648 3307 modum
2680 3254 2893 3309 laetatus
2920 3254 3066 3323 quod
3098 3271 3261 3309 uuam
3303 3272 3399 3325 per
3431 3259 3552 3310 uni.

283 3361 519 3401 versent
574 3348 768 3400 orbem
818 3343 1158 3404 Ecclesium,
1217 3357 1452 3411 eamque
1512 3342 1567 3395 iu
1615 3341 1869 3412 dogmate
1905 3343 2373 3409 consentientem,
2450 3354 2727 3414 cerneret,
2798 3344 2910 3401 Deo
2955 3347 3020 3401 de
3058 3348 3305 3401 omnium
3350 3346 3554 3416 ubique

284 3440 688 3509 epist-Oporum
739 3437 985 3491 unanimi
1038 3435 1336 3492 concordia
1381 3436 1706 3491 solemniter
1752 3438 2055 3502 gratiarum
2092 3438 2293 3492 obtulit
2327 3438 2596 3495 actiones.

360 3530 670 3599 Φιλομαθὲς
704 3528 748 3580 δ’
783 3524 923 3579 εἶναι
953 3523 1160 3595 νομίζω
1190 3527 1285 3580 καὶ
1310 3526 1419 3580 τῶν
1463 3529 1778 3581 ἐπισκόπων
1808 3530 1872 3581 τὰ

2052 3529 2095 3585 Ε
2144 3548 2202 3586 re
2250 3532 2629 3590 studiosorum
2672 3542 2842 3597 esset,
2878 3533 3264 3603 episcoporum
3307 3535 3553 3603 ipsorum

277 3624 539 3691 ὀνόματα
596 3621 828 3683 καὶτὰς
886 3620 1155 3690 ἐπαρχίας
1196 3621 1306 3672 τῶν
1366 3620 1574 3672 πόλεων
1625 3622 1721 3674 καὶ
1778 3621 1876 3683 τὰς

280 3718 519 3783 κλήσεις
544 3713 727 3765 αὐτῶν
757 3712 955 3764 εἰδέναι
994 3728 1007 3740 ·
1044 3711 1140 3764 καί
1171 3728 1235 3779 γε
1262 3711 1327 3764 ἂν
1350 3711 1671 3782 παρεθέμην
1703 3711 1879 3780 εὑρὼν

280 3811 350 3861 ἐν
386 3806 464 3875 τῷ
501 3804 825 3858 ’Δθανασξου
855 3803 1141 3873 συνοδικῷ,
1168 3807 1218 3856 εί
1254 3802 1331 3874 μὴ
1360 3804 1419 3857 τὸ
1444 3805 1753 3875 προσκορές
1784 3806 1879 3858 τοῦ

281 3902 461 3967 λόγου
514 3897 757 3965 φεύγων,
787 3898 902 3962 τοῖς
951 3896 1303 3967 βουλομένοις
1335 3896 1519 3966 ζητεῖν
1573 3885 1879 3967 ἐπιτρέπω.

290 3992 368 4047 Ὅ
406 3991 465 4043 δέ
516 3990 618 4058 τῆς
669 3988 885 4041 συνόδου
942 3990 1153 4058 χρόνος,
1211 3987 1286 4050 ὠς
1339 3988 1596 4058 εὕρομεν,
1632 3990 1690 4041 ἐν
1748 3990 1880 4060 μηνὶ

277 4085 459 4151 Μαΐῳ
494 4081 568 4136 ια’
618 4082 861 4149 ἐγένετο,
903 4082 1093 4150 τρίτης
1147 4080 1475 4151 ἐπεχούσης,
1524 4083 1583 4132 ἐν
1643 4081 1879 4152 ὑπατείᾳ

281 4178 572 4231 nautam
606 4175 702 4227 καὶ
746 4172 1061 4227 Ἰουλιανοί
1127 4173 1303 4226 Τοῦτο
1334 4174 1391 4226 δὲ
1424 4170 1491 4244 ἦν
1521 4174 1639 4238 ἔτος
1694 4180 1748 4238 ς’
1785 4179 1879 4227 καὶ

278 4270 625 4344 τριακοστὸν
654 4271 749 4323 καὶ
788 4269 1173 4334 ἑξακοσιοστὸν
1225 4270 1335 4321 ἀπὸ
1360 4271 1460 4338 τῆς
1521 4267 1877 4339 Ἀλεξάνδρου

278 4369 383 4423 τοῦ
412 4366 733 4428 Μακεδόνος
767 4363 945 4434 ἀρχῆς
977 4379 989 4393 ·
1027 4362 1276 4416 εεκοστὺν
1302 4362 1361 4415 δὲ
1394 4364 1492 4432 τῆς
1526 4363 1700 4434 ἀρχῆς
1726 4366 1880 4418 Κων-

282 4458 606 4522 σταντινου,
643 4457 739 4525 ἁτρ⁹
761 4454 824 4507 οὗ
859 4456 1003 4507 κατὰ
1052 4453 1382 4521 Βρεταννίαν
1429 4448 1563 4524 ἦρξε
1590 4470 1604 4485 ·
1633 4471 1881 4523 τρισκαι-

276 4550 521 4602 δέκατον
549 4546 594 4599 ὂ’
625 4547 810 4611 ὲξότου
846 4545 981 4613 πρὸς
1018 4542 1313 4607 Βυζάντιον
1348 4539 1505 4617 ἧκεν.
1550 4544 1613 4597 Ἦ
1643 4544 1697 4596 δὲ
1730 4546 1882 4598 σύνο-

278 4640 377 4701 δος
407 4639 505 4692 ἐπὶ
551 4636 679 4707 τρία
733 4637 829 4689 καὶ⁸
876 4634 1073 4704 μικρόν
1130 4650 1182 4685 τι
1238 4637 1375 4703 πρὸς
1441 4633 1535 4704 ἔτη
1582 4636 1640 4687 ἐν
1677 4635 1879 4706 Nimia.

283 4729 565 4799 συνήχθη.
601 4728 723 4781 Καὶ.
759 4728 826 4779 τὰ
869 4716 967 4794 μὲν
1002 4724 1144 4778 κατὰ
1194 4724 1429 4778 Νίκαιαν
1473 4723 1715 4777 τοιοῦτον
1757 4726 1879 4797 ἔσχε

1985 3623 2250 3688 nomina,
2298 3624 2656 3694 praefecturas
2700 3624 2919 3678 urbium
2964 3641 3267 3696 earumque
3311 3630 3554 3698 appella-

1984 3716 2164 3770 tiones
2208 3732 2392 3782 uosse,
2425 3732 2599 3787 eaque
2644 3716 2830 3772 oumia
2878 3717 2931 3771 in
2978 3720 3224 3788 syuo'ali
3270 3721 3555 3777 Athanasii

1982 3807 2129 3863 libro
2163 3816 2379 3877 reperta
2421 3807 2821 3878 apposuissem,
2853 3810 2957 3864 nisi
2991 3811 3209 3866 taedium
3242 3812 3558 3881 prolixioris

1982 3900 2249 3956 orationis
2292 3900 2523 3956 vitarem
2558 3917 2573 3955 :
2609 3899 2842 3971 proinde
2889 3917 2953 3956 ca
2997 3901 3279 3971 inquirere
3320 3904 3556 3957 volenti-

1984 3991 2109 4057 bus,
2141 3991 2420 4061 permitto.
2477 3991 2716 4062 Tempus
2752 4007 2915 4060 porro
2947 3992 3161 4064 synodi,
3203 3995 3365 4059 εἱρμιὶ
3402 3994 3553 4048 iuve-

1982 4089 2189 4148 nimus,
2223 4070 2289 4137 in.
2320 4084 2527 4139 mensis
2558 4084 2683 4138 Maii
2717 4080 3063 4139 undecimam
3099 4086 3267 4152 diem,
3298 4087 3552 4141 indictio-

1984 4193 2109 4230 nem
2153 4176 2474 4231 vicesimam
2508 4176 2748 4239 tertiam,
2770 4187 2826 4230 et
2863 4176 3209 4231 consulatum
3254 4177 3468 4231 l’auliui
3498 4187 3554 4231 et

1980 4269 2185 4325 Juliani
2219 4268 2414 4323 incidit
2443 4268 2558 4339 (2):
2588 4269 2683 4338 qui
2714 4285 2892 4324 annus
2921 4270 3360 4324 sexcentesimus
3394 4272 3554 4326 trice-

1981 4358 2155 4411 simus
2198 4369 2385 4411 sextus
2424 4356 2492 4411 ab
2526 4356 2820 4412 Alexandri
2850 4357 3161 4414 Macchnis
3198 4376 3366 4430 regno
3403 4362 3507 4414 fuit
3538 4380 3553 4415 :

1981 4450 2281 4504 vict-simus
2313 4464 2445 4504 vero
2480 4451 2699 4521 imperii
2729 4453 3099 4514 Constantini,
3129 4469 3194 4507 ex
3224 4469 3333 4523 quo
3368 4471 3555 4509 rerum

1984 4542 2038 4596 iu
2067 4542 2351 4597 Britannia
2377 4544 2545 4613 potiri
2571 4544 2767 4613 cmpit;
2800 4545 2997 4598 tertius
3022 4545 3269 4600 decimus
3297 4560 3461 4614 porro
3487 4562 3555 4600 ex

1983 4649 2097 4704 quo
2178 4633 2246 4688 ad
2284 4634 2604 4706 Byzantium
2641 4636 2815 4691 venit.
2854 4636 3108 4707 Synodus
3140 4652 3272 4691 vero
3306 4637 3418 4705 ipsa
3456 4637 3553 4690 Ni-

1983 4741 2108 4780 caeae
2146 4727 2308 4781 annis
2339 4728 2517 4781 tribus
2549 4736 2605 4781 ct
2645 4728 2810 4796 paulo
2830 4728 3056 4808 longius
3088 4736 3172 4781 est
3201 4740 3321 4782 acta
3354 4729 3451 4799 (5).
3490 4729 3556 4783 Et

282 4822 357 4873 ιιδ
385 4823 539 4882 τέλος
567 4837 580 4864 .-
614 4804 1025 4882 Κωνσταντῖνος
1062 4819 1108 4871 δ’
1161 4817 1418 4872 ἐντεῦθεν
1468 4819 1766 4889 ὑπερφυῶς
1802 4819 1872 4872 ἔτι

1991 4833 2078 4873 res
2105 4819 2340 4874 Nicaeum
2379 4820 2540 4874 talem
2570 4803 2835 4876 habuere
2874 4822 3059 4875 tinem.
3092 4820 3257 4893 589
3285 4821 3558 4877 Constan-

366 5006 449 5077 (ι)
481 5002 739 5077 Geo-rem;
772 4999 1104 5077 GraecisDei
1142 4998 1394 5054 Genitrix
1425 4998 1630 5077 dicitur
1672 5016 1685 5055 :
1719 5002 1866 5077 quod

278 5069 525 5131 verbum
554 5073 609 5126 in
644 5073 816 5127 solani
858 5072 1129 5140 virginem
1161 5078 1404 5140 matrem
1425 5069 1648 5140 Mariam
1676 5071 1823 5125 cadit
1852 5090 1866 5125 :

1973 5000 2294 5074 concordet.
2337 5000 2448 5074 Sed
2494 5001 2757 5056 librarius
2797 5001 2850 5055 in
2901 5000 3095 5074 Graeco
3139 5004 3438 5074 exemplari
3490 5009 3553 5072 τῇ

1973 5072 2212 5141 θεοτόκῳ
2238 5073 2483 5139 scripsit,
2505 5087 2630 5125 cum
2662 5074 2899 5128 fortasse
2932 5073 3010 5141 τῷ
3035 5075 3276 5139 θεοτόκῳ
3304 5072 3558 5127 scribere

278 5147 551 5205 θεότοκος
592 5152 777 5197 autem
832 5139 1061 5195 accentu
1114 5148 1351 5211 mutato,
1372 5139 1486 5211 rDe'o
1514 5141 1743 5211 genitus,
1774 5141 1869 5209 qui
1968 5139 2243 5211 debuerit.
2297 5142 2481 5196 Potest
2551 5147 2715 5210 etiam
2760 5158 2907 5198 esse
2979 5139 3221 5199 auctoris
3277 5159 3556 5196 incanum:

279 5229 441 5271 unus
475 5222 561 5267 est
591 5212 853 5264 Dominus
886 5221 1074 5264 noster
1119 5209 1282 5264 Jesus
1322 5209 1595 5265 Christus.
1628 5209 1730 5264 Cui
1780 5226 1871 5264 ur-

278 5290 417 5340 bem
453 5282 1113 5349 Cpnstantiuopolitanam
1149 5296 1342 5337 recens
1365 5290 1696 5335 exstructam
1731 5279 1903 5340 Con-,

277 5354 571 5410 stantiuus
646 5353 854 5405 dicavit
917 5363 1082 5419 atque
1156 5351 1585 5405 commendavit.
1669 5350 1867 5420 (Supr.

278 5428 393 5480 lib.
426 5440 521 5485 vn,
550 5438 675 5491 cap.
705 5421 821 5492 ιν).
868 5421 1172 5491 Utrumque
1219 5435 1419 5475 nomen
1464 5421 1673 5492 eisdem
1710 5436 1861 5475 com-

276 5497 535 5565 positum
581 5491 803 5565 litteris,
841 5494 936 5547 sed
980 5502 1210 5565 accentu
1247 5493 1467 5565 diverso
1494 5491 1768 5565 prolatum
1809 5498 1866 5545 et

275 5560 559 5633 scriptum
606 5563 898 5633 :dativum
954 5577 1140 5633 casum
1195 5560 1356 5616 habet
1419 5560 1688 5633 Θεοτόκῳ.
1724 5561 1869 5626 Qua-

283 5632 525 5702 propter
554 5635 643 5687 hic
692 5648 793 5700 pro
824 5632 916 5685 Dei
951 5632 1237 5697 Genttrici,
1267 5633 1434 5686 etiam
1469 5632 1632 5702 verti,
1654 5644 1864 5697 posset,

282 5701 551 5758 Det’nato
600 5701 831 5768 (ἰὴνιειο,
875 5711 931 5755 ιιι
964 5702 1051 5756 bic
1088 5703 1242 5756 locus
1290 5717 1414 5756 cum
1450 5701 1738 5770 superiore
1774 5702 1867 5755 illo

1968 5209 2332 5291 lapsus._Qui
2392 5209 2758 5291 tameuuinl'ra
2801 5215 3025 5269 Christo
3074 5214 3239 5268 simul
3291 5225 3346 5266 et
3394 5212 3556 5266 Matri

1973 5281 2091 5349 ejus
2125 5280 2316 5334 urbem
2346 5298 2464 5336 earn
2501 5283 2800 5339 dedicatam
2833 5297 3123 5340 memorat.

2045 5350 2122 5421 (2)
2152 5351 2371 5407 Auitius
2397 5352 2680 5417 Paulinus,
2711 5356 2971 5426 Cejouius
3003 5355 3205 5410 Julian.
3237 5354 3561 5409 Catttmnius
3606 5412 3609 5415 _

1970 5420 2129 5477 C035.

2046 5492 2124 5563 (5)
2163 5492 2227 5545 l7
2268 5493 2485 5563 imperii
2516 5495 2635 5563 ejus
2664 5510 2811 5549 anno
2855 5494 3098 5564 synodus
3128 5493 3396 5564 celebrari
3442 5510 3558 5550 rat-

1977 5565 2077 5631 pit,
2106 5564 2175 5616 20
2219 5576 2401 5619 autem
2452 5567 2604 5619 [inita
2665 5575 2768 5618 cst.
2800 5563 3020 5618 lmtintu
3074 5564 3195 5634 tius
3246 5563 3302 5618 in
3349 5582 3559 5627 annum

1980 5635 2193 5688 Domini
2227 5635 2351 5698 336.
2384 5639 2507 5692 liuh
2541 5639 2591 5688 in
2632 5636 2733 5688 323)
2767 5639 2983 5688 invidt.
