3972 6200
385 273 486 337 103
874 314 950 328 ——-
993 328 1064 343 ..ι

1593 275 1643 335 Ν
1658 273 2022 334 lCEPHORl
2065 272 2408 333 CALLlSTI

3526 271 3625 338 104

382 394 531 447 tinus
572 398 781 454 autem,
810 405 874 443 ex
905 405 972 446 eo
1005 405 1250 462 tempore
1283 389 1552 460 prolixius
1579 391 1747 442 etiam
1780 401 1935 454 quam

2050 385 2180 453 περὶ
2209 383 2308 454 τὴν
2345 385 2642 455 θρησκείαν
2692 381 2984 448 διατεθεὶς,
3037 386 3227 440 πόλεσι
3277 389 3371 440 καὶ
3427 387 3625 457 δῆμοις

379 497 542 539 antea
571 480 857 552 religionis
897 496 1166 536 accensus
1202 482 1424 544 ardore,
1453 481 1518 534 ad
1552 479 1720 533 urbes
1757 488 1814 532 et
1847 493 1944 546 po-

381 571 542 641 pulos
577 571 806 626 Romani
855 571 1072 641 imperii
1119 587 1311 626 omnes
1352 571 1616 640 epistolas
1657 569 1838 629 dedit,
1883 576 1944 622 ut

380 662 553 730 priori
600 661 821 731 quidem
862 662 1039 715 errori
1081 662 1337 736 nuntium
1383 661 1745 721 remitterent.
1779 658 1944 714 Chri-

381 755 613 807 stiauam
644 761 822 806 autem
855 753 1165 806 doctrinam
1193 737 1258 806 et
1289 752 1608 821 religionem
1643 750 1943 819 amplecte-

382 854 596 898 rentur.
656 844 944 913 Episcopis
1001 859 1169 914 porro
1231 861 1363 899 sane
1421 859 1584 913 quam
1643 842 1943 896 liberaliter

381 935 644 1003 pecunias
674 936 920 997 mittens.
952 951 1048 990 eos
1076 937 1143 990 ad
1173 936 1529 990 ecclesiarum
1557 932 1943 988 adiﬁcationes

383 1024 671 1087 oscitavit,
702 1037 1066 1096 sumptusque
1115 1031 1180 1080 ad
1222 1027 1274 1080 id
1311 1026 1530 1080 abunde
1569 1024 1818 1088 praebuit.
1851 1022 1945 1077 Li-

383 1115 515 1170 bros
545 1116 734 1170 itidem
764 1117 1165 1172 ecclesiasticos
1195 1115 1447 1170 manibus
1475 1113 1714 1182 propriis
1740 1113 1944 1166 descri-

379 1207 508 1261 bere
537 1217 593 1261 et
624 1207 953 1261 concinnare
990 1206 1174 1274 jussit.
1213 1205 1317 1259 Sed
1345 1205 1636 1258 consilium
1665 1203 1940 1256 animum-

376 1318 485 1368 que
537 1301 830 1354 scribentis
877 1301 1084 1356 certius
1137 1300 1399 1353 indicabit
1437 1297 1666 1368 epistola
1709 1296 1828 1367 ejus
1871 1294 1940 1350 ad

377 1391 672 1446 Eusebium
692 1392 838 1455 data,
868 1408 990 1461 qua:
1017 1376 1102 1446 isic
1136 1390 1301 1444 habet
1327 1407 1340 1444 :

917 1505 1137 1560 CAPUT
1175 1503 1394 1558 XXVII.

377 1591 628 1661 Epistola:
662 1595 838 1662 magni
867 1592 1200 1646 Constantini
1239 1594 1301 1646 de
1342 1591 1684 1644 ecclesiarum
1731 1601 1939 1646 restau-

482 1667 707 1728 ratione,
739 1675 786 1716 et
815 1680 1087 1716 sacrorum
1112 1663 1362 1716 librorum
1388 1666 1798 1729 comparatione.

455 1822 677 1876 iV'ii-tor
709 1821 1103 1875 Constantinus
1138 1819 1402 1874 Maximus
1433 1819 1712 1888 Augustus
1753 1819 1935 1873 Euse-

375 1913 488 1969 bio.
535 1913 825 1982 TantiSper
855 1915 985 1968 dum
1008 1911 1072 1965 ad
1099 1913 1203 1965 hoc
1234 1927 1407 1981 usque
1438 1921 1655 1980 tempus
1677 1912 1934 1981 impietas

373 2013 431 2057 et
466 2003 710 2074 tyrannis
744 2019 840 2072 pro
883 2002 1114 2056 arbitrio
1145 2015 1246 2056 suo
1281 2001 1564 2055 ministros
1628 1999 1934 2055 Salvatoris

376 2094 470 2146 Dei
503 2103 792 2164 persecuta
823 2103 929 2154 est.
956 2094 1120 2147 credo
1151 2102 1316 2158 atque
1349 2092 1484 2144 adeo
1517 2100 1670 2144 certo
1703 2105 1934 2159 persua-

375 2200 496 2238 sum
542 2184 745 2248 habeo,
796 2185 1148 2238 ecclesiarum
1189 2183 1434 2237 omnium
1484 2197 1653 2250 opera
1707 2182 1790 2236 vel
1841 2197 1937 2246 per

376 2275 644 2329 incuriam
691 2291 910 2344 pessum
975 2275 1139 2337 iisse,
1190 2273 1273 2328 vel
1347 2272 1690 2326 imminentis
1743 2286 1933 2341 perse-

372 2367 613 2420 cutionis
663 2377 808 2420 metu
847 2365 1030 2420 minus
1076 2380 1196 2420 esse
1253 2379 1417 2434 quam
1463 2362 1702 2433 dignitas
1739 2377 1932 2416 earum

373 2457 676 2524 postularet
722 2457 987 2526 perfecta,
1029 2456 1199 2511 frater
1228 2454 1567 2510 cbarissime.
1603 2453 1762 2508 Nunc
1799 2469 1933 2508 vero

370 2547 627 2602 libertate
647 2547 878 2619 reddita,
898 2558 953 2602 et
980 2555 1233 2617 serpente
1262 2546 1375 2610 illo,
1401 2543 1498 2599 Dei
1528 2544 1724 2614 Optimi
1758 2543 1934 2600 maxi-

373 2641 448 2695 mi
503 2640 866 2710 providentia,
911 2652 1076 2710 atque
1107 2653 1275 2708 opera
1308 2646 1518 2702 nostra,
1549 2653 1579 2691 a
1617 2653 1798 2692 rerum
1835 2653 1930 2706 pu-

372 2733 640 2789 blicarum
659 2733 1135 2789 administratione
1157 2731 1409 2798 depulso,
1435 2730 1568 2785 satis
1598 2731 1650 2784 in
1679 2741 1928 2798 apertum

370 2828 694 2896 productam
727 2840 846 2879 esse
883 2823 1124 2876 arbitror
1155 2821 1296 2890 apud
1335 2837 1530 2875 omnes
1560 2822 1803 2876 divinant
1833 2838 1933 2893 po-

373 2919 626 2972 tentiam.
656 2930 861 2984 eosque
890 2915 981 2983 qui
1016 2913 1101 2966 vel
1139 2921 1284 2966 metu
1317 2913 1398 2964 vel
1430 2913 1930 2986 incredulitate,vel

370 3010 538 3064 etiam
586 3017 811 3078 peccato
841 3007 1084 3074 oppressi
1133 3005 1370 3069 fuerant,
1412 3019 1479 3058 eo
1510 3005 1602 3073 qui
1639 3007 1926 3063 verissime
1955 3041 2000 3100 ο

371 3107 586 3155 constat
638 3097 857 3164 cognito
901 3093 1034 3156 Deo,
1081 3092 1148 3146 ad
1192 3107 1383 3146 verum
1439 3106 1760 3162 rectumque
1805 3095 1929 3148 vita:

373 3202 578 3246 statum
618 3189 835 3242 tandem
885 3185 1223 3255 pervenisse.
1270 3185 1459 3252 Itaque
1503 3185 1929 3254 quibuscunque

373 3285 460 3337 vel
493 3283 607 3350 ipse
657 3294 829 3349 pra-cs
861 3279 1142 3338 Ecclesiis.
1175 3277 1260 3332 vel
1301 3277 1438 3332 alios
1472 3277 1674 3345 passim
1709 3279 1929 3346 episco-

374 3389 494 3441 pos,
529 3371 900 3441 presbyteros,
933 3377 1028 3424 aut
1060 3369 1325 3423 diaconos
1363 3382 1595 3436 praeesse
1632 3369 1797 3432 nosti,
1833 3383 1932 3422 eos

369 3463 605 3518 admone
654 3473 711 3516 ut
760 3462 1052 3531 diligenter
1087 3460 1407 3514 incumbant
1453 3459 1509 3512 in
1541 3474 1704 3528 opera
1755 3459 1931 3514 eci‘le-

372 3554 579 3606 simum
613 3568 735 3621 qua:
784 3561 1102 3620 supersunt,
1158 3550 1243 3603 vel
1293 3550 1807 3612 restaurandarum,
1843 3551 1929 3604 vel

371 3643 905 3712 ampliticamlarum,
937 3642 1023 3695 vel
1074 3641 1165 3694 tibi
1213 3641 1318 3694 hoc
1353 3641 1652 3694 necessitas
1684 3643 1932 3710 postula-

375 3740 538 3800 verit,
568 3749 761 3789 recens
783 3732 1262 3788 exstrnendarum.
1299 3731 1460 3787 Potes
1494 3746 1675 3786 autem
1709 3746 1765 3787 et
1787 3735 1924 3804 ipse,

371 3827 533 3898 590
565 3839 619 3882 et
650 3828 742 3882 alii
790 3842 887 3897 per
927 3836 978 3880 te
1023 3835 1274 3896 sumptus
1310 3826 1653 3880 necessarios
1678 3844 1705 3881 a
1743 3829 1931 3895 praasi-

371 3923 536 3975 dibus
581 3931 636 3975 et
681 3918 1116 3990 provincialibus
1146 3917 1582 3987 magistratibus.
1633 3917 1930 3989 Diligenter

370 4028 609 4081 namque
660 4018 740 4066 eis
783 4028 880 4080 per
910 4011 1123 4066 litteras
1162 4021 1246 4064 est
1277 4012 1617 4075 mandatum,
1653 4023 1712 4066 ut
1742 4030 1863 4082 qua:
1897 4031 1927 4068 a

371 4106 661 4156 sanctitate
687 4115 777 4154 tua
810 4103 957 4156 dicta
982 4102 1213 4165 fuerint,
1240 4103 1341 4170 ipsi
1367 4112 1760 4169 exsequantur.
1785 4105 1928 4160 Deus

371 4205 422 4248 te
457 4204 658 4258 servet,
689 4195 855 4246 frater
884 4193 1104 4247 dilecte.
1139 4213 1158 4244 ι

440 4285 566 4339 llaec
618 4287 683 4339 de
729 4285 1085 4338 ecclesiarum
1140 4287 1433 4339 structuris
1508 4302 1615 4340 non
1662 4287 1729 4341 ad
1783 4287 1928 4342 hunc

371 4376 554 4441 modo,
595 4379 687 4430 sed
725 4386 778 4428 et
807 4375 872 4428 ad
903 4375 1148 4444 reliquos
1180 4378 1474 4444 episcopos
1511 4379 1756 4447 scripsit.
1792 4379 1925 4444 Qua:

369 4480 553 4521 autent
609 4467 846 4520 Eusebio
901 4467 1166 4534 Pamphili
1215 4469 1280 4521 de
1325 4469 1591 4522 librorum
1640 4487 1932 4538 compara-

371 4566 521 4614 tione
579 4560 922 4627 signiticarit,
988 4560 1141 4613 hisce
1199 4561 1582 4630 subjungam:
1653 4582 1669 4614 ι
1744 4563 1928 4619 Victor

368 4654 760 4706 Constantinus
830 4651 1097 4706 Maximus
1154 4653 1433 4721 Augustus
1503 4655 1766 4710 Eusebio.
1870 4658 1929 4712 ln

368 4747 693 4811 cognomine
727 4745 885 4796 nobis
926 4745 1082 4806 urbe,
1132 4745 1428 4799 Salvatoris
1479 4747 1571 4801 Dei
1619 4751 1931 4816 opitulante

373 4834 740 4906 providentia,
773 4851 894 4887 max
921 4851 1006 4888 ma
1055 4835 1339 4888 hominum
1387 4837 1680 4891 multitudo
1723 4840 1931 4893 sancti-

373 4929 525 4981 situs:
556 4929 799 4981 ecclesia:
833 4943 1030 4981 nomen
1066 4927 1242 4989 dedit,
1269 4944 1436 4998 seque
1468 4930 1640 4998 ipsam
1673 4930 1750 4984 illi
1783 4932 1934 4986 dica-

370 5030 491 5074 vit:
526 5032 585 5074 ut
615 5021 872 5074 omnibus
905 5021 1014 5074 illis
1045 5021 1339 5090 plurimum
1373 5023 1720 5091 capientibus
1754 5025 1936 5078 incre-

373 5114 582 5176 menti,
643 5112 955 5165 laciendum
1021 5113 1248 5167 omnino
1299 5116 1574 5178 videatur,
1632 5125 1691 5168 ut
1747 5119 1934 5184 plures

369 5219 590 5271 quoque
645 5202 722 5254 ibi
778 5212 1175 5256 construantur
1233 5205 1498 5258 ecclesiae.
1561 5207 1931 5275 Quapropter,

370 5296 515 5364 quod
550 5293 760 5366 judicio
793 5302 980 5347 nostro
1025 5295 1231 5363 placuit
1263 5297 1598 5364 (prudentim
1633 5299 1780 5354 enim
1827 5311 1934 5355 tua:

374 5389 798 5458 significandum
852 5387 1162 5455 duximus),
1213 5388 1265 5441 id
1309 5389 1672 5446 libentissime
1721 5395 1935 5460 accipe,

377 5489 437 5531 ut
480 5480 814 5548 comparatis
859 5479 1259 5547 quinquaginta
1308 5480 1750 5534 membranarum
1782 5484 1936 5536 codi-

377 5569 568 5632 cibus,
613 5569 705 5638 qui
751 5578 806 5622 et
857 5567 927 5622 ad
969 5569 1334 5622 evolvendum
1387 5582 1441 5624 et
1484 5570 1548 5624 ad
1605 5575 1931 5640 portandum

391 5659 666 5718 commodi
697 5660 878 5724 sint,a
900 5660 1128 5715 notariis
1155 5662 1385 5728 pulchre
1415 5663 1688 5719 scribendi
1724 5669 1933 5731 ueritis.

2023 473 2252 527 -ἀπασιν
2279 475 2388 528 ὑπὸ
2418 477 2680 544 σκήπτρῳ
2725 474 2942 528 τελοῦσι
2987 476 3276 542 Ῥωμαίων
3306 478 3622 543 ἐπέστελλε,

2024 566 2145 633 .τὴν
2192 566 2292 634 μὲν
2351 567 2626 636 προτέραν
2678 566 2895 634 ἀπάτην
2921 629 2923 631 _
2953 565 3260 634 ἀρνεῖσθαι,
3290 567 3388 633 τὴν
3418 567 3476 620 δὲ
3527 568 3620 620 τοῦ

2043 655 2285 726 Χριστοῦ
2334 655 2678 709 διδασκαλίαν
2711 656 3080 718 ἀσπάζεσθαι.
3141 657 3266 718 Τοῖς
3297 657 3346 710 δ’
3395 659 3621 712 ἐπισκό-

2045 764 2169 810 ποις
2203 751 2464 818 χρήματα
2494 748 2748 812 πέμπων,
2804 748 3220 818 φιλοτιμότερον
3254 750 3349 800 ἐπὶ
3378 750 3480 811 τάς
3507 753 3619 804 τῶν

2043 834 2349 901 ἐκκλησιῶν
2375 835 2665 905 οίκοδομάς
2699 835 3043 904 ἀνηρέθιζεν,
3069 838 3338 906 ἀφθόνους
3365 841 3620 909 χορηγῶν

2043 926 2142 989 τάς
2170 927 2415 989 δαπάνας
2440 943 2455 958 ⁸
2497 927 2758 990 ὡσαύτως
2810 928 2864 980 δέ
2900 930 2994 981 καὶ
3025 928 3125 992 τὰς
3161 931 3620 1001 ἐκκλησιαστικὰς

2046 1017 2262 1087 βίῦλους
2323 1020 2512 1090 χερσὶν
2567 1020 2724 1082 ίδίαις
2780 1022 3015 1091 γράφειν
3076 1024 3172 1075 καὶ
3230 1023 3618 1088 ἐπισκευάζειν

2043 1111 2281 1164 ἐκέλευε.
2315 1110 2560 1179 Δηλώσει
2589 1111 2644 1163 δέ
2675 1113 2876 1180 μᾶλλον
2905 1113 2996 1165 τὸν
3047 1113 3244 1166 σκοπὸν
3281 1114 3374 1167 τοῦ
3411 1131 3619 1185 γεγρα-

2043 1198 2204 1263 φότος
2269 1199 2300 1265 ἡ
2363 1198 2529 1250 αὑτοῦ
2593 1201 2853 1270 ἐπισῑοὶλιι
2911 1201 3049 1272 πρὸς
3099 1203 3380 1269 Εὐσέϐιον,
3425 1205 3618 1260 τοῦτον

2041 1287 2242 1357 ἔχουσα
2281 1290 2371 1343 τδν
2406 1291 2606 1361 τρόπον
2635 1307 2650 1321 ο

2617 1498 2868 1554 ΚΕΦΑΔ.
2899 1497 3027 1554 KZ'.

2050 1585 2396 1659 Ἐπιστολαί
2451 1589 2559 1642 τοῦ
2589 1589 2738 1659 μεγθᾴ
2757 1595 2852 1644 tov
2889 1588 3347 1646 Κωνσταντινου
3381 1595 3518 1659 περί
3548 1609 3610 1645 τε

2111 1656 2237 1730 τῆς.
2279 1656 2781 1730 τῶνῗὲκκλησιῶν
2828 1660 3171 1730 οίκοδομῆς.
3225 1665 3324 1714 καὶ
3355 1656 3466 1730 τῆς
3491 1661 3612 1715 τῶν

2111 1726 2284 1792 ἱερῶν
2304 1729 2564 1790 βιϐλίων
2589 1728 2944 1797 ἐπισκευῆς.

2067 1888 2074 1897 η
2113 1836 2133 1870 ι
2171 1817 2417 1887 Νικητὴς
2456 1820 2864 1881 Κωνσταντίνος
2889 1860 2904 1882 ,
2948 1819 3257 1887 Μέγιστος,
3313 1822 3608 1885 Σεϐαστὸς,

2036 1905 2303 1975 Εὑσεσίῳ.
2336 1907 2481 1970 Ἕως
2533 1906 2628 1962 τοῦ
2664 1911 2929 1978 παρόντος
2986 1911 3203 1978 χρόνου,
3238 1911 3338 1980 τῆς
3387 1912 3609 1965 ἀνοσίου

2037 1994 2351 2065 βουλήσεως
2397 1998 2492 2052 καὶ
2531 2000 2848 2069 τυραννίδος
2890 2003 3014 2064 τοὺς
3053 2003 3335 2072 ὑπηρέτας
3365 2003 3457 2058 τοῦ
3488 2005 3604 2055 Σωο

2033 2087 2197 2153 τῆρος
2242 2087 2378 2139 Θεοῦ
2427 2086 2758 2158 διωκούσης,
2819 2093 3159 2145 πεπίστευκα
3209 2093 3304 2144 καὶ
3359 2093 3604 2163 ἀκριϐῶς

2035 2175 2274 2244 ἐμαυτὸν
2314 2178 2578 2245 πέπεικα,
2625 2181 2818 2234 πασῶν
2851 2183 2962 2235 τῶν
2999 2183 3309 2254 ἐκκλησιῶν
3350 2186 3417 2238 τὰ
3467 2187 3607 2254 ἔργα

2035 2266 2067 2335 ἢ
2099 2267 2205 2319 ὑπὸ
2230 2268 2491 2336 ἀμελείας
2539 2269 2887 2342 διεφθάρθαι,
2921 2274 2954 2344 ἢ
3005 2275 3153 2345 φόϐῳ
3180 2277 3278 2345 τῆς
3317 2278 3607 2345 ἐπ.κειμε.

2035 2371 2130 2422 νης
2162 2357 2376 2419 ἀδικίας
2433 2357 2694 2413 ἐλάττονα
2724 2363 2820 2431 τῆς
2853 2362 3009 2428 ἀξίας
3041 2366 3604 2435 γεγενῆσθαι.ἀδελφὲ

2035 2447 2488 2517 προσφιλέστατε.
2507 2450 2647 2503 Νυνὶ
2673 2452 2728 2505 δὲ
2746 2453 2843 2524 τῆς
2867 2455 3182 2527 ἐλευθερίας
3219 2459 3604 2527 ἀποδοθείσης,

2035 2535 2244 2594 καὶτοῦ
2273 2541 2564 2612 δράκοντος
2593 2544 2800 2597 ἐκείνου
2828 2547 2934 2599 ἀπὸ
2964 2549 3061 2617 τῆς
3078 2551 3195 2619 ,τῶν
3229 2551 3423 2602 κοινῶν
3466 2552 3605 2604 διοι-

2035 2635 2268 2705 κήσεως,
2315 2636 2451 2689 Θεοῦ
2497 2636 2591 2689 τοῦ
2639 2639 2896 2706 μεγίστου
2950 2643 3218 2713 προνοίᾳ,
3248 2644 3494 2715 ἡμετέρᾳ.
3542 2646 3604 2701 ὁέ

2035 2725 2310 2797 ὑπηρεσία
2356 2728 2698 2799 διωχθέντος,
2755 2730 3001 2802 ἠγοῦμαι
3051 2736 3143 2787 καὶ
3174 2737 3308 2789 πᾶσι
3360 2743 3606 2807 φανεράν

2033 2819 2364 2886 γεγενῆσθαι
2407 2820 2506 2891 τὴν
2555 2820 2707 2875 Θείαν
2757 2822 3023 2890 δύναμιν
3081 2827 3176 2879 καὶ
3220 2829 3346 2890 τοὺς
3378 2829 3409 2900 ῆ
3447 2832 3602 2899 φόῆῳ

2032 2909 2066 2979 ἢ
2113 2910 2340 2981 ἀπιστίᾳ
2368 2909 2399 2979 ἢ
2441 2911 2801 2982 ἁμαρτήματι
2835 2915 3252 2983 περιπεσόντας,
3281 2921 3603 2986 ὲπιγνόντας

2032 2999 2123 3054 τὸν
2148 3001 2340 3065 ὅντως,
2375 3003 2528 3072 ῆξειν
2571 3005 2666 3056 ἐπὶ
2714 3005 2812 3074 τὴν
2847 3007 3018 3076 ἀληθῆ
3044 3010 3138 3061 καὶ
3168 3009 3332 3079 ὀρθὴν
3358 3011 3451 3064 τοῦ
3480 3011 3602 3082 βίου

2033 3094 2386 3148 κατάστασιν.
2422 3095 2604 3149 ὐσων
2644 3097 2822 3149 τοίνυν
2866 3097 2898 3166 ἢ
2934 3099 3094 3161 αὐτὸς
3137 3103 3466 3170 προΐσταται
3505 3107 3605 3158 ἐκ-

2034 3187 2296 3256 κλησιῶν,
2331 3187 2364 3258 ἧ
2394 3188 2586 3248 ἀλλους
2619 3191 2744 3251 τοὺς
2782 3190 2923 3245 κατά
2947 3192 3110 3244 τόπον
3158 3198 3604 3266 προϊσταμένους

2034 3278 2383 3345 ἐπισκόπους,
2428 3279 2832 3350 πρεσϐυτέρους
2881 3298 2942 3334 τε
2997 3283 3028 3353 ἢ
3085 3285 3366 3349 διακόνους
3413 3285 3599 3355 οἶσθα,

2031 3373 2348 3442 ὑπόμνησον
2373 3373 2694 3437 σπουδάζειν
2723 3375 2852 3444 περὶ
2870 3377 2937 3430 τὰ
2966 3377 3101 3447 ἔργα
3124 3380 3229 3430 τῶν
3263 3381 3599 3451 ἐκκλησιῶν,

2029 3461 2063 3532 ἢ
2095 3460 2528 3531 ἐπανορθοῦσθαι
2581 3465 2650 3516 τά
2673 3463 2839 3530 δντα,
2878 3465 2910 3534 ἦ
2945 3469 3023 3528 είς
3060 3466 3287 3535 μείζονα
3319 3471 3530 3535 αὒξειν,
3561 3473 3597 3542 ἦ

2030 3550 2160 3604 ἐνθα
2189 3553 2253 3604 ἀν
2278 3554 2311 3623 ὴ
2337 3552 2499 3625 χρεία
2533 3553 2759 3623 ἀπαιτῇ,
2799 3555 2960 3607 καινά
2997 3559 3190 3612 ποιεῖν.
3231 3558 3490 3628 Αίτήσεις
3540 3562 3601 3613 δὲ

2030 3643 2128 3696 καὶ
2156 3642 2339 3710 αὐτὸς,
2375 3646 2470 3697 καὶ
2497 3645 2548 3696 oi
2595 3644 2775 3698 λοιποὶ
2809 3646 2896 3698 διὰ
2923 3647 3016 3698 σοῦ
3041 3648 3109 3701 τά
3139 3651 3412 3714 ἀναγκαία
3445 3653 3603 3718 παρά

2027 3751 2089 3788 τε
2131 3735 2236 3788 τῶν
2280 3735 2726 3806 ἡγεμονευόντων
2759 3741 2851 3790 καὶ
2887 3739 2986 3806 τῆς
3037 3740 3338 3808 ἐπαρχικῆς
3368 3742 3596 3804 τάξεως.

2029 3826 2255 3889 Τούτοις
2292 3828 2400 3898 γὰρ
2438 3828 2710 3900 ἐπεστάλη
2755 3831 2906 3902 πάσῃ
2938 3833 3144 3901 σπουδῇ
3181 3833 3603 3902 ὲξυπηρετῆσα-

2032 3921 2158 3974 σθαι
2213 3923 2329 3984 τοῖς
2379 3921 2486 3976 ὑπὸ
2525 3923 2624 3993 τῆς
2680 3924 2778 3992 σῆς
2823 3927 3099 3994 ὁσιότητος
3145 3927 3478 3996 λεγομένοις.
3538 3929 3600 3985 Ὀ

2029 4014 2161 4077 Θεὸς
2199 4031 2256 4066 σε
2294 4013 2634 4082 διαςυλάξοι,
2672 4017 2868 4086 ἀδελφέ
2904 4018 3177 4089 άγαπητέ.
3217 4039 3236 4074 ι

2094 4288 2282 4341 Ταῦτα
2329 4291 2458 4360 περὶ
2504 4292 2605 4360 τῆς
2665 4293 2773 4344 τῶν
2829 4295 3134 4364 ἐκκλησιῶν
3190 4298 3481 4370 οἰκοδομῆς
3535 4303 3600 4355 οὐ

1961 4385 2001 4438 D
2032 4381 2206 4449 τούτῳ
2241 4382 2432 4452 μόνῳ,
2456 4384 2594 4438 ἀλλά
2626 4387 2721 4438 καὶ
2749 4392 2864 4450 τοῖς
2901 4389 3114 4452 λοιποῖς
3139 4391 3248 4445 τῶν
3282 4394 3604 4448 ἐπισκόπων

2037 4473 2380 4526 ἐπέστειλεν.
2407 4470 2506 4526 Οἷα
2530 4476 2587 4528 δὲ
2628 4478 2724 4531 καὶ
2749 4477 2824 4549 τῷ
2864 4479 3148 4548 Παμφίλου
3181 4482 3428 4549 Εὐσεΰίῳ
3457 4487 3603 4557 ὑπὲρ

2033 4563 2134 4632 τῆς
2188 4566 2295 4616 τῶν
2339 4565 2561 4634 βιϐλίων
2623 4569 2922 4637 ἐπισκευῆς
2963 4571 3219 4640 ἔγραψεν,
3253 4575 3381 4644 ἐεῆς
3417 4595 3601 4646 παρα-

2036 4658 2307 4726 θήσομαι·
2343 4677 2362 4709 ι
2394 4657 2639 4731 Νικητὴς
2671 4663 3084 4728 Κωνσταντῖνος
3127 4667 3395 4732 Μέγιστος
3429 4671 3602 4722 Σεϐα-

2037 4749 2160 4812 στὸς
2193 4749 2459 4822 Εὑσεῦίῳ.
2495 4754 2652 4807 Κατὰ
2681 4754 2779 4824 τὴν
2809 4756 3096 4827 ἐπώνυμον
3126 4761 3282 4829 ἡμῶν
3310 4764 3462 4815 πόλιν
3500 4766 3602 4831 τῆς

2035 4839 2129 4892 τοῦ
2162 4843 2415 4913 Σωτῆρος
2464 4843 2600 4898 Θεοῦ
2637 4852 3033 4918 συναιρομένης
3065 4853 3316 4920 προνοίας
3346 4851 3604 4920 μέγιστ-η

2037 4931 2241 5001 πλῆθος
2255 4933 2560 5004 ἀνθρώπων
2590 4941 2654 5007 τῇ
2688 4939 2971 5014 ἁγιωτάτῃ
3003 4942 3296 5013 Ἐκκλησία
3327 4947 3608 5000 ἀνατέθει-

2038 5041 2132 5074 κεν
2174 5025 2334 5077 ἐαυτό
2391 5025 2466 5088 ὡς
2497 5029 2715 5082 πάντων
2745 5033 2924 5086 ἐκεῖσε
2959 5035 3160 5105 πολλὴν
3186 5037 3458 5091 λαϐόντων
3504 5040 3606 5092 σῦ-

2038 5115 2213 5182 ξησιν,
2248 5119 2454 5186 σφόδρα
2487 5121 2639 5186 ἀξιον
2671 5127 3124 5191 καταφαίνεσθαι,
3158 5131 3250 5180 καὶ
3305 5133 3606 5201 ἐκκλησίας

2037 5208 2094 5258 ἐν
2126 5207 2262 5278 αὐτῇ
2299 5211 2808 5281 κατασκευασθῆναι
2837 5216 3074 5279 πλείους.
3108 5218 3400 5286 Τοιγάρτοι
3426 5223 3608 5287 δέδεξο

2038 5300 2425 5370 προθυμότατα
2484 5304 2543 5356 τὸ
2605 5303 2763 5370 δόξαν
2821 5311 2884 5378 τῇ
2945 5311 3193 5380 ἡμετέρᾳ
3246 5317 3606 5383 προαιρέσειο

2041 5395 2250 5458 πρέπον
2283 5398 2389 5462 γὰρ
2421 5398 2699 5466 κατεφάνη
2727 5399 2962 5468 δηλῶσαι
2993 5403 3151 5456 τοῦτο
3178 5408 3244 5475 τῇ
3273 5407 3339 5476 σῇ
3368 5409 3606 5469 συνέσει,

2038 5486 2186 5548 ὅπως
2232 5486 2296 5538 ἀν
2349 5484 2391 5538 ν’
2440 5489 2689 5556 σωμάτια
2731 5491 2789 5543 ἐν
2824 5494 3104 5562 διφθέραις
3152 5497 3606 5565 ἐγκατασκεύοις,

2039 5579 2570 5646 εὐαναγνωστότατα,
2603 5582 2698 5634 καὶ
2723 5583 2858 5650 πρὸς
2899 5584 2994 5655 τὴν
3015 5591 3208 5657 χρῆσιν
3232 5591 3610 5659 εὐπαρακόμι-

2042 5685 2164 5733 στα,
2194 5667 2300 5720 ὑπὸ
2347 5668 2607 5739 τεχνιτῶν
2655 5671 3061 5744 καλλιγράτων,
3097 5683 3190 5732 καὶ
3223 5681 3464 5749 ἀκριϐῶς
3508 5682 3609 5753 τὴν
