3972 6200
291 231 393 293 105

1209 229 1803 292 ΕΟΕΙιΕΞΙΑΞΤΙΕίΕ
1842 230 2228 292 HISTORIA?
2266 231 2414 294 LIB.
2455 231 2617 295 VIII.

3432 229 3533 297 106

281 347 488 412 τέχνην
534 342 964 412 ἐπισταμένων,
1024 343 1306 415 γραφῆναι
1362 343 1710 408 κελσύσειαςο
1767 345 1846 398 τῶ

1978 347 2072 416 qui
2113 345 2327 401 scilicet
2355 344 2522 414 probe
2557 357 2677 397 eam
2725 350 2896 397 artem
2930 338 3246 406 didicerint,
3295 339 3532 396 describi

284 437 448 488 θείων
506 436 710 507 δηλαδὴ
757 437 1015 504 Γραφών,
1050 432 1127 490 ὧν
1180 437 1418 506 μάλιστα
1444 436 1540 501 τὴν
1564 437 1864 508 ἐπισκευὴν

281 530 379 580 καὶ.
410 528 509 598 τὴν
557 529 756 598 χρῆσιν
807 529 918 580 τῶν
967 529 1068 598 τῆς
1109 526 1442 596 Ἐκκλησίας
1488 529 1662 593 λόγων
1699 529 1868 595 ἀναγ-

279 618 450 667 καίαν
505 612 646 667 εἶναι
700 614 1011 685 γινώσκειςσ
1071 615 1436 668 ’Δπέσταλται
1473 615 1530 666 δὲ
1563 615 1657 668 καὶ
1689 616 1870 684 γράμ-

281 725 434 774 ματα
465 709 618 776 παρὰ
647 710 746 776 τῆς
779 710 1058 779 ἡμετέρας
1093 711 1432 777 ἡμερότητος
1461 709 1596 778 πρὸς
1647 709 1738 760 τὸν
1770 711 1868 776 τῆς

278 799 604 869 διοικήσεως
636 799 953 862 καθολικὸν,
985 800 1134 862 ὅπως
1189 799 1255 852 ἂν
1295 801 1475 853 πάντα
1501 801 1569 852 τά
1604 800 1740 868 πρὸς
1767 801 1868 867 τὴν

279 891 589 958 ἐπισκευὴν
648 890 936 958 ἐπιτήδεια
992 893 1300 960 παρασχεῖν
1330 891 1690 960 φροντίσειεν.
1745 888 1865 942 Ἵνα

279 985 392 1049 γάρ
426 983 504 1043 ὡς
542 984 776 1050 τάχιστα
828 983 895 1034 τά
937 982 1218 1050 γραφέντα
1259 981 1510 1051 σωμάτια
1556 997 1868 1034 κατασκευ-

281 1075 501 1141 ασθείη,
536 1073 639 1140 τῆς
671 1072 772 1141 σῆς
806 1073 1125 1143 ἐπιμελείας
1153 1072 1314 1141 ἔργον
1353 1071 1509 1125 τοῦτο
1550 1074 1864 1141 γενήσεται.

284 1166 394 1218 Καὶ
427 1166 534 1232 γάρ
575 1163 669 1215 δύο
709 1164 988 1233 δημοσίων
1021 1164 1318 1234 ὀχημάτων
1348 1165 1600 1230 ἐξουσίαν
1633 1167 1712 1227 είς
1748 1167 1866 1219 δια-

282 1256 515 1324 κομιδην
576 1257 641 1307 ἐκ
687 1256 790 1324 τῆς
842 1256 1135 1318 αὐθεντίας
1194 1256 1290 1308 τοῦ
1339 1258 1671 1326 γράμματος
1708 1256 1866 1326 ἡμῶν

278 1347 479 1398 τούτου
518 1345 708 1399 λαϐεῖν
740 1363 798 1398 σε
840 1348 1132 1417 προσήκει.
1185 1346 1341 1399 Οὕτω
1395 1351 1505 1416 γὰρ
1537 1346 1602 1400 ἂν
1634 1347 1865 1415 μάλιστα

281 1438 468 1498 καλῶς
525 1439 832 1506 γραφέντα,
866 1440 963 1490 καὶ
1022 1439 1184 1507 μέχρι
1209 1437 1319 1490 τῶν
1350 1438 1634 1507 ἡμετέρων
1687 1437 1864 1506 ὄψεων

279 1535 462 1601 ῥιστα
493 1531 880 1600 διακομισθείη
904 1548 918 1562 ·
953 1532 1071 1593 ἐνὸς
1113 1531 1316 1601 δηλαδὴ
1344 1531 1504 1584 τοῦτο
1529 1531 1864 1600 πληροῦντας

279 1629 394 1674 τών
433 1626 533 1692 τῆς
579 1623 876 1692 ἐκκλησίας
912 1625 1285 1686 διακόνωνςθς
1325 1625 1550 1678 ἐπειδὰν
1595 1624 1864 1693 ἀφίκηται

1972 453 2135 492 cures
2195 437 2511 490 divinarum
2577 433 2984 503 Scripturarmn
3047 432 3240 494 libros,
3297 446 3534 500 quorum

1933 584 1940 589 ,
1972 529 2431 582 instaurationem
2462 537 2518 581 et
2551 541 2709 578 usum
2731 523 2982 577 ecclesiis
3011 522 3246 576 maxime
3279 537 3538 577 necessa-

1971 620 2112 673 rium
2149 636 2272 675 esse
2304 618 2664 686 iudicaveris.
2701 616 2846 667 llatae
2873 616 3021 668 enim
3056 624 3185 666 sunt
3217 632 3243 666 ει
3273 629 3532 667 matr-ue-

1972 711 2161 766 tndine
2196 719 2380 764 nostra
2412 708 2478 762 ad
2514 707 2843 760 catholicum
2889 718 2944 759 et
2973 705 3414 772 dispensatorem
3450 721 3538 770 ge-

1969 802 2224 860 neralem,
2253 801 2560 854 dimceseos
2591 799 2808 857 litterat,
2853 808 2912 850 ut
2955 799 3137 850 omnia
3167 812 3288 866 quae
3320 795 3383 847 ad
3413 811 3533 848 eam

1970 907 2085 946 rem
2111 890 2508 961 procurandam
2533 889 2819 944 commoda
2848 895 2996 950 sunt,
3028 886 3318 954 praebenda
3350 901 3531 940 curet.

1969 982 2142 1037 Porro
2188 994 2248 1036 ut
2283 998 2446 1051 quam
2477 983 2768 1035 celerrime
2803 980 3025 1034 codices
3056 978 3446 1031 describantur
3479 987 3534 1030 et

1970 1073 2846 1143 concinnentur,.procurationis
2900 1083 3005 1125 tuzc
3057 1071 3107 1124 id
3155 1071 3323 1123 fuerit
3369 1079 3532 1138 opus.

1971 1169 2214 1222 Duorum
2251 1177 2435 1220 autem
2468 1165 2811 1233 publicorum
2849 1163 3228 1218 vehiculorum
3261 1161 3536 1228 accipien-

1969 1261 2168 1315 dorum
2227 1268 2576 1328 potestatem,
2630 1257 2695 1310 ad
2741 1258 3006 1311 librorum
3054 1256 3532 1324 deportationem,

1969 1355 2272 1409 auctoritas
2302 1353 2492 1406 harum
2521 1362 2835 1405 nostrarum
2868 1352 3178 1404 litterarum
3212 1350 3307 1403 tibi
3338 1348 3533 1401 merito

1970 1444 2256 1514 praebebit.
2283 1443 2358 1496 Ita
2383 1443 2529 1498 enim
2557 1443 2790 1512 pulchre
2813 1443 3074 1512 descripti
3101 1442 3341 1503 codices,
3369 1456 3530 1506 quam

1965 1536 2230 1590 facillime
2276 1535 2341 1588 ad
2400 1550 2501 1589 nos
2553 1533 2785 1602 perferri
2839 1542 3122 1601 poterunt,
3172 1547 3239 1584 ex
3283 1530 3533 1584 diaconis

1966 1628 2218 1682 ecclesiae
2243 1642 2354 1684 uno
2379 1626 2750 1680 ministerium
2784 1626 2835 1679 id
2873 1626 3211 1692 adimplcnte
3240 1641 3253 1676 :
3284 1623 3374 1691 qui
3400 1638 3524 1676 cum

278 1715 422 1782 πρὸς
458 1715 633 1782 ἡμᾶς,
669 1713 770 1781 τῆς
809 1713 1083 1783 ἡμετέρας
1118 1713 1516 1784 πειραθήσεται
1563 1713 1847 1784 φιλανθρωι

1970 1721 2023 1774 in
2057 1721 2414 1787 conspectum
2464 1718 2782 1787 pervenerit
2816 1726 3060 1770 nostrum
3084 1757 3097 1775 .
3134 1713 3526 1782 benignitatem

280 1812 436 1872 πίας.
490 1810 553 1859 Ὀ
592 1806 722 1868 θεός
748 1823 810 1858 σε
873 1799 1216 1874 διαφυλάξοι,
1267 1806 1465 1875 αδελφὲ
1525 1805 1798 1874 ἀγαπητά.
1835 1823 1856 1857 ι

867 2012 1115 2065 ΚΕΦᾹΛ.
1153 2011 1280 2068 KH’.

283 2099 388 2155 υἷα
419 2104 449 2155 ὀ
501 2104 689 2171 μέγας
729 2103 1192 2165 [intrarat-circe
1241 2101 1525 2171 Μακαρίῳ
1561 2100 1642 2166 τῷ
1689 2101 1859 2169 Ἱερο-

348 2170 642 2239 σολύμων
698 2174 912 2242 πηὶφει
950 2172 1084 2240 περὶ
1139 2172 1245 2226 τοῦ
1303 2170 1607 2241 ζωηερόρου
1664 2172 1858 2241 τάφου

345 2243 636 2309 Χριστοῦ.

356 2355 562 2427 ’[’ᾷστα
595 2358 693 2426 μὲν
715 2354 813 2410 οὖν
840 2356 905 2410 ἄν
931 2374 1017 2420 τις
1038 2357 1411 2426 τεκμηριώσοι
1440 2357 1626 2426 σαφῶς
1652 2359 1716 2410 ἐκ
1733 2358 1856 2408 τού-

273 2467 384 2501 των
440 2450 544 2517 τὴν
604 2449 698 2502 τοῦ
746 2449 1012 2518 βασιλέως
1044 2450 1136 2500 ἐπὶ
1177 2451 1245 2500 τὰ
1272 2449 1393 2502 θεῖα
1451 2449 1717 2520 σπουδηνο
1759 2451 1856 2519 οὐχ

270 2538 436 2609 ἦττον
473 2543 662 2609 μέντοι
696 2542 862 2604 δείξοι
901 2544 990 2596 καὶ
1021 2541 1058 2596 δ
1093 2540 1224 2608 περὶ
1253 2541 1343 2595 τὸν
1376 2541 1661 2611 ςωηιρόρον
1683 2544 1855 2610 τάφον

272 2636 514 2701 Χριστοῦ
544 2635 904 2702 διεπράξατο.
942 2635 1096 2688 Ἐπεὶ
1134 2635 1242 2702 γάρ
1275 2633 1439 2703 μάθοι
1471 2635 1544 2696 ὡς
1588 2636 1638 2687 οἱ
1684 2635 1854 2687 πάλαι

272 2729 402 2796 περὶ
447 2729 553 2796 τὴν
589 2727 698 2780 τῶν
748 2727 984 2780 είδώλων
1042 2727 1252 2797 πλάνην
1301 2725 1732 2796 βεδακχευμένοι
1760 2730 1852 2780 τὸν

273 2821 376 2887 μὲν
413 2823 684 2888 σωτήριον
713 2820 904 2886 ,τάφον
944 2819 1288 2889 κατέχωσαν,
1329 2820 1435 2877 ὑπὸ
1467 2818 1650 2888 πολλῴ
1683 2819 1747 2890 δὴ
1775 2819 1854 2887 τῷ

265 2915 486 2982 χώματι
553 2912 690 2980 ὕψος
750 2913 1064 2980 ἐγείραντες
1126 2913 1423 2980 μέγιστον·
1459 2912 1553 2964 τὸν
1602 2912 1659 2965 δὲ
1690 2911 1852 2981 πέριξ

265 3010 435 3059 τόπον
467 3005 565 3059 τοῦ
597 3007 843 3076 Κρανίου
871 3007 960 3056 καὶ
983 3005 1466 3073 τῆςἋναστάσεως
1486 3005 1848 3066 διαλαϐόντες,

263 3101 435 3160 λίθοις
493 3099 751 3169 μεγάλοις
776 3098 876 3165 τὴν
907 3098 1233 3164 ἐπιφάνειαν
1271 3097 1676 3166 κατέστρωσαν,
1709 3097 1846 3168 λήθῃ

260 3194 329 3244 τά
391 3191 500 3258 τῆς
554 3191 776 3259 μνήμης
805 3188 1064 3254 διδόντες,
1095 3187 1231 3242 νεών
1257 3205 1319 3241 τε
1366 3189 1462 3241 ἐπὶ
1508 3191 1714 3252 τούτοις
1748 3190 1848 3259 τῆς

260 3263 568 3336 ἀκολάστου
602 3283 864 3352 δαίμονος
905 3282 1230 3352 Ἀφροδίτης
1259 3283 1356 3334 καὶ
1387 3281 1612 3352 ἄγαλμα
1643 3281 1847 3353 ταύτης

261 3375 577 3445 ἱδρύσαντο,
613 3376 732 3437 ταῖς
785 3375 1146 3444 παρθενικαῖς
1194 3373 1347 3427 ὠδῖσι
1391 3375 1844 3441 διατωθάζοντες,

260 3467 327 3518 ἵν’
353 3467 404 3518 οἱ
431 3467 615 3518 ἐκεῖσε
643 3466 710 3535 δὴ
740 3466 967 3536 Χριστῷ
995 3469 1186 3535 νέμειν
1225 3466 1493 3537 ᾑρημένοι
1550 3467 1714 3530 σέϐας
1761 3467 1848 3519 δο-

260 3559 400 3611 κῶσι
424 3559 504 3627 τῷ
549 3558 726 3626 ξοάνῳ
761 3557 961 3628 μᾶλλον
989 3559 1331 3628 χαρίζεσθαι,
1359 3560 1451 3612 καὶ
1480 3560 1654 3630 χρόνῳ
1685 3560 1741 3612 δὲ
1767 3537 1843 3630 τῷ

262 3649 566 3718 προήκοντι
619 3650 758 3717 λήθη
795 3649 892 3719 τὴν
930 3649 1108 3718 ἀληθῆ
1153 3649 1498 3720 κατακρύψοι
1529 3651 1732 3715 αἰτίαν,
1764 3649 1842 3720 τῷ

261 3747 342 3814 μὴ
370 3743 542 3804 ἀδεῶς
575 3741 850 3811 αἱρεῖσθαί
871 3759 1022 3803 τινας
1053 3742 1232 3793 ἐκεῖσε
1266 3744 1482 3813 φοιτᾷν,
1513 3743 1634 3812 μηδ’
1661 3743 1840 3805 ἅλλοις

261 3834 646 3904 καταμηνύειν
695 3833 904 3903 τολμᾷν
933 3849 947 3863 ⁸
978 3834 1072 3885 τὸν
1123 3836 1222 3902 μὲν
1281 3835 1421 3900 ,νεὼν
1481 3837 1728 3905 ἁνασπᾷν
1777 3839 1840 3890 ἐκ

257 3928 482 3996 βάθρων
539 3927 895 3994 προσέταττε,
927 3926 1138 3978 καὶτὸν
1188 3927 1316 3995 χοῦν
1347 3929 1551 3982 ἐκεῖνον
1590 3929 1664 3991 ὠς
1708 3931 1839 4001 πορο

258 4022 490 4086 ῥωτερω
526 4015 744 4085 βάλλειν
786 4015 881 4068 τοῦ
932 4016 1148 4080 ἄστεος,
1197 4013 1285 4069 οἷα
1318 4017 1384 4088 δὴ
1440 4022 1562 4082 ταῖς
1619 4023 1838 4088 ἐναγέσι

256 4111 482 4171 θυσίαις
539 4108 916 4178 μεμιασμένον
943 4123 958 4138 ο
1015 4107 1153 4162 νεὼν
1199 4109 1245 4160 δ’
1297 4109 1486 4180 ἕτερον
1525 4113 1604 4173 είς
1644 4114 1838 4178 κάλλος

255 4200 506 4264 ἐξαίσιον
532 4201 612 4270 τῷ
643 4200 862 4270 Χριστῷ
884 4203 1040 4253 άνιστ
1057 4200 1114 4269 iv
1149 4202 1407 4270 μέγιστόν
1441 4219 1501 4256 τε
1534 4209 1626 4257 καὶ
1667 4222 1838 4274 μεγα-

254 4295 740 4362 λοπρεπέστατον·
761 4293 819 4345 ὃν
841 4293 988 4358 μάλα
1018 4295 1203 4361 σαφῶς
1235 4295 1267 4363 η
1298 4296 1556 4366 ἐπιστολὴ
1585 4295 1834 4366 δηλώσει,

1965 1820 2210 1864 nostram
2265 1809 2604 1878 experietur.
2666 1809 2809 1860 Deus
2863 1817 2914 1860 te
2964 1816 3164 1866 ses-vet,
3223 1806 3392 1858 frater
3441 1802 3526 1857 di—

1961 1905 2124 1962 lecte.
2163 1919 2184 1954 ι

2483 2013 2711 2070 CAPUT
2760 2013 2998 2068 XXVIII.

1961 2107 2090 2173 Quae
2147 2122 2369 2176 magnus
2421 2107 2801 2162 Constantinus
2850 2105 3091 2159 Macario
3143 2104 3530 2176 Hierosolymo—

2028 2194 2146 2231 rum
2202 2179 2442 2247 episcopo
2493 2182 2556 2232 de
2603 2176 2803 2245 viviﬁco
2854 2177 3050 2229 Christi
3099 2177 3340 2246 sepulcro
3392 2180 3528 2230 scri-

2025 2251 2206 2317 pserit.
3002 2315 3008 2321 _
3040 2303 3044 2307 .

2029 2362 2188 2432 591
2228 2363 2334 2418 Sed
2375 2363 2524 2417 enim
2570 2380 2695 2418 cum
2729 2363 2906 2424 facile
2935 2347 3066 2432 quis
3107 2381 3171 2418 ex
3208 2366 3276 2418 iis
3312 2363 3524 2434 liquido

1957 2469 2293 2524 cognoscere
2342 2455 2698 2523 imperatoris
2730 2470 2859 2522 erga
2900 2472 2986 2509 res
3039 2471 3222 2514 sacras
3271 2459 3518 2510 studium

1957 2549 2150 2617 possit,
2185 2559 2297 2604 tum
2333 2549 2384 2602 id
2411 2565 2520 2602 non
2557 2549 2738 2602 minus
2759 2563 2826 2602 ea
2855 2549 3020 2602 etiam
3046 2565 3168 2616 qua:
3197 2549 3263 2601 de
3300 2550 3517 2601 virilico

1953 2641 2156 2695 Christi
2213 2643 2468 2713 sepulcro
2521 2639 2918 2708 Hierosolymis
2977 2643 3091 2708 egit
3170 2640 3514 2694 indicabunt.

1953 2731 2088 2788 Cum
2120 2748 2356 2802 namque
2385 2731 2734 2802 cognovisset
2770 2748 2866 2786 eos
2910 2731 3064 2794 olim,
3108 2734 3201 2800 qui
3244 2733 3516 2787 idolorum

1953 2844 2141 2882 errore
2177 2839 2434 2897 tanquam
2488 2827 2693 2881 luroris
2745 2827 3088 2896 inte-mperiis
3117 2828 3224 2882 acti
3276 2829 3516 2896 (iterant,

1955 2922 2300 2976 salutiferunt
2336 2931 2753 2976 monumentum
2786 2921 3086 2985 defodisse,
3117 2939 3313 2991 aggere
3343 2927 3517 2982 multo

1955 3020 2152 3068 molem
2200 3014 2524 3068 altissimam
2566 3016 2857 3078 excitasse,
2904 3014 3173 3070 Calvariae
3212 3025 3266 3070 et
3305 3017 3515 3070 Resur-

1955 3109 2214 3161 rectionis
2263 3107 2506 3161 vicinum
2549 3110 2908 3163 circumcirca
2952 3110 3134 3163 locum
3183 3125 3506 3180 occupasse.

1949 3207 2004 3252 et
2025 3199 2298 3266 lapidibus
2325 3198 2644 3267 ingentibus
2671 3201 2848 3253 solum
2877 3201 2997 3271 ejus
3025 3206 3393 3259 constravisse
3423 3211 3507 3276 (ut

1948 3291 2214 3344 oblivioni
2247 3303 2606 3346 monumenta
2657 3295 2937 3349 memoriae
2972 3299 3325 3366 sempiterna
3360 3316 3513 3355 man-

1945 3380 2185 3451 darent),
2230 3391 2284 3437 et
2331 3385 2598 3453 templum
2636 3396 2900 3453 praeterea
2933 3388 3226 3458 impudicae
3255 3390 3371 3447 dea:
3402 3392 3512 3448 Ve-

1946 3472 2119 3535 neris.
2146 3484 2500 3544 statuamque
2529 3477 2777 3545 ejusdem
2801 3478 2877 3532 ibi
2911 3481 3232 3544 collocasse,
3257 3483 3509 3554 virgineo

1945 3566 2124 3635 partui
2160 3567 2452 3621 illudentes
2480 3586 2494 3620 :
2535 3577 2596 3621 ut
2621 3571 2716 3638 qui
2747 3584 2814 3624 eo
2845 3571 2968 3625 loco
3005 3573 3250 3628 debitum
3282 3575 3507 3633 Christo

1945 3658 2212 3712 honorem
2244 3660 2348 3716 sibi
2403 3663 2774 3730 praestandum
2816 3666 3159 3732 statuissent,
3205 3669 3504 3726 simulacro

1943 3752 1990 3805 ci
2060 3752 2324 3806 exhibere
2393 3754 2742 3818 viderentur,
2801 3771 3178 3828 processuque
3240 3766 3506 3832 temporis

1942 3842 2149 3896 oblivio
2178 3859 2363 3897 veram
2395 3857 2671 3913 premeret
2702 3857 2866 3916 atque
2897 3852 3202 3908 occultaret
3229 3870 3446 3909 causam
3489 3876 3504 3912 :

1940 3935 2088 4004 quod
2132 3936 2338 3990 nemini
2380 3938 2551 3991 libere
2601 3953 2667 3992 eo
2713 3955 3026 3997 commeare
3076 3945 3176 4012 (Ι),
3229 3958 3325 4000 aut
3377 3951 3500 4004 aliis

1941 4043 2056 4083 rem
2087 4028 2332 4084 indicare
2363 4029 2446 4084 fas
2479 4031 2727 4088 futurum
2755 4044 2925 4093 essm.
2951 4035 3202 4095 funditus
3234 4044 3494 4113 templum

1940 4133 2118 4188 ipsum
2157 4135 2376 4186 eruere,
2421 4139 2790 4195 aggeremque
2842 4131 2994 4184 illum
3035 4144 3281 4201 egestum
3334 4155 3499 4208 quant

1937 4211 2254 4279 longissime
2304 4229 2334 4268 tt
2385 4215 2610 4270 civitate
2645 4219 2936 4289 projicere,
2985 4234 3042 4276 ut
3075 4226 3167 4294 qui
3216 4229 3504 4286 sceleratis

1937 4303 2225 4358 sacriﬁciis
2253 4307 2665 4364 contaminatus
2698 4324 2864 4377 esset,
2896 4313 3082 4383 jussit,
3121 4333 3187 4372 ac
3232 4323 3494 4390 templum

257 4389 330 4451 ἣν
353 4384 631 4450 Μακαρίῳ
663 4381 1147 4451 τῷΊεροσολύμων
1177 4387 1462 4456 ἐπισκόπῳ
1488 4388 1829 4453 ἀπέστειλεν,

1952 4395 2083 4449 tliud
2110 4396 2528 4465 pulchritudine
2559 4403 2828 4469 praecipua
2861 4381 3260 4475 amplissimum
3289 4381 3500 4483 magni-

256 4481 319 4542 ὃς
354 4483 450 4533 σὺν
485 4483 600 4543 τοῖς
638 4482 846 4542 λοιποῖς
880 4481 1124 4550 Πατράσι
1154 4483 1251 4553 τὴν
1296 4484 1505 4550 ’Λρείου
1542 4483 1700 4551 δόξαν
1727 4484 1838 4537 se.

261 4588 471 4634 σεισεν,
495 4573 701 4624 οὑτωσί
740 4589 854 4634 πως
884 4574 1177 4638 διεξιοῦσα’
1217 4592 1234 4624 ι
1271 4575 1512 4647 Νικητὴς
1545 4579 1837 4632 Κωνσταν-

261 4668 405 4727 τίνος
461 4665 736 4732 Μέγιστος
780 4665 1048 4727 Σεϐαστὸς
1096 4667 1392 4736 Μακαρίῳ.
1436 4669 1682 4741 Τοσαύτη
1739 4669 1833 4722 τοῦ

260 4754 514 4822 Σωτῆρος
563 4754 718 4822 ἡμῶν
763 4755 911 4806 ἐστιν
953 4758 984 4825 ἡ
1023 4757 1204 4827 χάρις,
1239 4758 1312 4821 ὡς
1349 4759 1620 4828 μηδεμίαν
1660 4761 1835 4829 λόγων

260 4843 532 4910 χορηγίαν
554 4843 650 4894 τοὺ
681 4845 857 4916 παρόν
869 4863 951 4908 ..ος
972 4847 1252 4913 θαύματος
1273 4848 1432 4912 άξίαν
1455 4846 1592 4903 εἶναι
1618 4853 1796 4908 δοκεῖν
1813 4869 1828 4886 ⁸

257 4936 317 4986 τὸ
339 4939 448 5003 γάρ
472 4936 760 5006 γνώρισμα
789 4939 881 4991 τοῦ
914 4942 1214 5008 ἁγιωτάτου
1243 4943 1452 4996 ἐκείνου
1487 4944 1692 5008 πάθους
1725 4947 1830 5002 ὑπὸ

257 5029 322 5094 τῇ
351 5029 424 5094 γῇ
457 5027 624 5079 πάλαι
660 5033 1037 5098 κρυπτόμενον
1066 5019 1353 5097 τόσαύταις
1377 5036 1512 5088 ἐτῶν
1553 5039 1828 5108 περιόδοις

257 5117 464 5181 λαθεῖν,
492 5117 651 5189 ἄχρις
679 5119 739 5172 οὗ
766 5121 855 5173 διὰ
894 5122 990 5188 τῆς
1026 5125 1119 5175 τοῦ
1170 5125 1351 5176 κοινοῦ
1385 5128 1600 5180 πάντων
1627 5129 1823 5200 ἐχθροῦ

258 5212 612 5278 ἀναιρέσεως,
645 5213 1057 5282 ἐλευθερωθεῖσι
1092 5217 1202 5278 τοῖς
1235 5218 1430 5270 ἐαυτοῦ
1463 5219 1818 5289 θεράπουσιν,

258 5303 600 5373 ἀναλάμπειν
657 5305 871 5373 ἔμελλε,
908 5309 1091 5360 πᾶσαν
1153 5309 1418 5380 ἔκπληξιν
1470 5313 1545 5375 ὡς
1602 5313 1822 5382 άληθῶς

259 5394 594 5462 ὑπερϐαίνει.
625 5397 689 5449 Et
724 5401 831 5466 γάρ
859 5402 1059 5464 πάντες
1092 5402 1142 5454 οἱ
1171 5402 1259 5455 διὰ
1307 5406 1487 5478 πάσης
1515 5407 1616 5476 τῆς
1641 5410 1820 5462 οἰκου-

259 5488 422 5556 μένης
469 5485 607 5540 sint
664 5490 945 5553 δοκοῦντες
993 5498 1170 5562 σοφοὶ,
1203 5499 1281 5560 εἰς
1336 5496 1394 5550 ἓν
1455 5501 1642 5554 καὶτὸ
1688 5501 1818 5556 αὐτὸ

325 5645 400 5714 (l)
434 5645 648 5703 Socrat.
685 5649 782 5704 lib.
809 5667 846 5717 ι,
876 5668 995 5724 cap.
1027 5655 1116 5709 17.

488 5748 767 5806 Parnm"
813 5753 922 5811 (in.
980 5750 1219 5814 CXLVI

1940 4485 2469 4559 ﬂcentissimumque
2502 4502 2788 4549 exstruere
2833 4500 3114 4568 praecepit.
3157 4501 3312 4568 Quod
3355 4517 3498 4561 tein-

1937 4577 2088 4644 plum
2119 4579 2432 4636 luculenter
2461 4584 2694 4654 epistola
2722 4589 2998 4654 ostendet,
3031 4592 3268 4649 Macario
3302 4597 3498 4652 Hiero-

1936 4670 2265 4740 solymitano
2314 4675 2599 4744 episcopo.
2653 4679 2748 4744 qui
2798 4689 2853 4731 et
2909 4682 3029 4748 ipse
3087 4701 3212 4738 cum
3265 4691 3495 4758 reliquis

1934 4764 2184 4833 patribus
2211 4765 2327 4819 Arii
2361 4768 2678 4835 opinionem
2719 4771 3090 4839 labefactavit,
3131 4777 3281 4834 hisce
3314 4797 3488 4852 pr0pe

1933 4857 2114 4911 verbis
2163 4860 2366 4928 scripta
2405 4877 2418 4913 :
2474 4879 2493 4912 ι
2548 4860 2736 4916 Victor
2780 4864 3182 4938 Constantinus
3227 4873 3494 4930 Maximus

1929 4946 2210 5018 Augustus
2264 4949 2521 5004 Macario.
2575 4951 2752 5008 Tanta
2797 4965 2882 5010 est
2947 4958 3259 5019 Serratoris
3312 4974 3488 5022 nostri

1928 5039 2126 5108 gratia,
2177 5048 2236 5093 ut
2283 5041 2434 5094 nulla
2485 5042 2756 5100 orationis
2791 5047 2872 5102 vis
2919 5053 3173 5118 praesenti
3223 5056 3488 5110 miraculo

1927 5132 2088 5201 digna
2135 5145 2430 5202 suppetere
2482 5134 2738 5202 cuiquam
2789 5141 2982 5207 possit.
3058 5142 3213 5208 Quod
3284 5151 3488 5200 etenim

1927 5233 2339 5280 monumentum
2395 5229 2755 5285 sanctissima:
2814 5218 2957 5288 illius
3025 5238 3295 5304 passionis
3342 5249 3486 5292 terra

1917 5317 2029 5387 jam
2067 5317 2277 5372 dudum
2321 5329 2576 5389 opertum
2616 5329 2693 5376 tot
2737 5339 3008 5380 annorum
3069 5327 3362 5381 curriculis
3402 5328 3485 5382 la-

1925 5408 2315 5472 tuerit,donec
2362 5426 2460 5480 per
2507 5416 2818 5468 communis
2865 5428 2921 5470 et
2967 5418 3169 5484 publici
3235 5419 3482 5474 omnium

1922 5510 2174 5555 nostrum
2229 5501 2405 5558 hostis
2448 5507 2888 5574 Oppressioncm,
2933 5509 3202 5561 tniltistris
3255 5510 3376 5580 ejus
3425 5511 3482 5565 in

3090 5763 3126 5825 4
