3972 6200
409 165 508 231 107

1614 172 2033 234 NICEPI-IORI
2072 173 2416 235 CALLIS’I‘I

3528 170 3633 238 108

401 282 715 335 .ibcrtatem
766 281 1082 348 vindicatis,
1131 294 1348 339 erutum
1406 286 1697 349 reluceret.
1740 303 1949 342 onmem

2064 287 2426 352 συνελθόντες,
2483 285 2630 352 ἄξιόν
2672 300 2723 339 τι
2769 283 2862 338 τοῦ
2898 285 3225 354 πράγματος
3270 268 3529 337 ἐθέλωσιν
3559 295 3636 340 ει·

401 371 648 440 profecto
687 383 963 442 stuporem
997 384 1051 428 et
1079 375 1498 429 admirationem
1539 377 1782 432 excellit.
1817 379 1952 433 Nam

400 465 614 519 etiamsi
642 469 734 534 qui
770 467 975 535 ubique
1005 479 1274 521 terrarum
1299 483 1421 520 esse
1447 468 1705 522 videnlur
1738 470 1954 538 sapien-

403 566 485 609 tes
521 558 793 616 homines.
851 559 902 610 in
957 574 1123 610 tmtnn
1169 558 1533 626 eumdemque
1567 561 1957 615 convenientes

402 651 603 710 locum,
636 651 860 718 dignum
895 650 1099 718 aliquid
1137 666 1196 701 re
1241 660 1387 703 tanta
1423 651 1609 704 dicere
1656 653 1845 716 velint,
1888 668 1958 706 ne

402 738 681 790 minimam
721 738 942 805 quidem
986 750 1192 804 partem
1241 747 1418 790 tamen
1467 740 1586 806 ejus
1627 740 1957 809 eloquentiae

397 831 811 883 concertatione
847 829 1151 898 attigerint.
1191 829 1350 898 592
1404 829 1637 884 Tantum
1672 832 1819 884 enim
1854 833 1955 886 mi-

400 922 571 974 raculi
609 922 770 990 hujus
807 921 942 974 fides
969 931 1240 985 naturam,
1269 937 1431 990 quam
1467 923 1705 975 humana
1741 925 1878 979 ratio
1900 935 1953 978 et

395 1013 656 1080 cogitatio
719 1013 1100 1080 consequitur,
1159 1028 1377 1066 onmem
1449 1014 1692 1076 excellit,
1747 1028 1953 1083 quanto

396 1104 562 1157 rebus
596 1104 880 1156 hominum
909 1104 1150 1156 cmlestia
1180 1113 1308 1156 sunt
1333 1102 1637 1158 eflicaciora
1672 1116 1727 1159 et
1755 1117 1953 1174 poten-

395 1196 556 1250 tiora.
611 1194 740 1247 Eam
791 1197 859 1248 oh
901 1212 1120 1248 causam
1170 1195 1259 1248 ille
1309 1197 1442 1249 mihi
1491 1212 1708 1266 semper
1756 1201 1952 1254 unicus

392 1299 447 1342 et
502 1291 812 1359 prmeipuus
869 1289 1225 1343 consiliorum
1286 1300 1642 1359 actorumqne
1701 1292 1950 1345 omnium

396 1381 715 1449 propositus
761 1391 846 1433 est
886 1380 1028 1444 linis,
1067 1389 1124 1432 ut
1166 1381 1632 1448 quemadmodum
1678 1397 1736 1437 se
1781 1383 1952 1452 ipsam

394 1473 553 1526 novis
600 1471 878 1526 miraculis
920 1472 1169 1525 veritatis
1213 1471 1350 1527 fides
1381 1471 1629 1537 exhibet,
1663 1472 1743 1527 sic
1785 1474 1951 1528 etiam

392 1564 560 1616 an’imi
596 1564 840 1616 omnium
889 1569 1137 1615 nostrqu
1175 1563 1431 1617 castitate
1479 1573 1535 1618 et
1577 1565 1945 1618 consentienti

391 1653 826 1723 promptitudine
882 1654 1182 1706 alacriores
1246 1616 1552 1708 reddantur
1982 1616 2027 1676 Β

391 1761 514 1799 cum
556 1745 814 1798 omnibus
845 1744 1195 1798 manifestum
1234 1753 1387 1813 puto,
1423 1755 1535 1798 tum
1571 1746 1674 1799 hoc
1712 1748 1949 1802 maxime

393 1841 491 1894 tibi
539 1854 864 1908 persuasum
918 1854 1040 1893 esse
1085 1839 1229 1899 volo,
1280 1855 1462 1894 rerum
1508 1841 1753 1894 omnium
1812 1841 1945 1905 illud

389 1932 520 1984 mihi
574 1944 922 1996 summepere
961 1944 1081 1983 esse
1121 1945 1286 1993 curae,
1332 1939 1392 1983 ut
1432 1943 1706 1985 sacratum
1742 1933 1947 2000 locum,

389 2039 550 2092 quem
579 2023 734 2091 jussu
775 2022 890 2086 Dei,
917 2022 1236 2078 accessione
1261 2023 1692 2078 ftedissimorum
1723 2025 1950 2080 simula-

388 2128 632 2176 crorum,
663 2112 830 2165 veluti
871 2111 1111 2180 quodam
1153 2111 1460 2168 imminenti
1506 2115 1768 2184 gravique
1811 2132 1947 2184 pono

387 2206 519 2257 dere
561 2203 758 2268 levavi,
805 2214 1053 2257 sanctum
1099 2203 1320 2273 quidem
1361 2205 1470 2275 jam
1520 2217 1635 2260 tum
1688 2207 1756 2261 ab
1792 2208 1949 2263 initio

385 2298 536 2350 illum
568 2297 777 2366 judicio
825 2295 921 2350 Dei
970 2300 1208 2361 factum,
1260 2299 1356 2351 sed
1394 2299 1725 2352 sanctiorem
1778 2300 1945 2354 etiam

384 2391 615 2452 factum,
640 2403 705 2442 ex
732 2402 840 2456 quo
865 2385 1163 2440 salutifera:
1188 2387 1461 2455 passionis
1494 2388 1655 2443 tidem
1685 2389 1740 2443 in
1769 2389 1946 2446 lucem

385 2479 636 2546 protulit,
665 2477 1022 2531 aediﬁciorum
1051 2478 1298 2546 pulchris
1327 2480 1624 2534 structuris
1653 2495 1943 2538 exornem.

381 2571 654 2624 (Iuntvenit
687 2571 852 2639 igitur
878 2570 1116 2624 solertiae
1144 2579 1270 2634 tum,
1294 2573 1480 2626 omnia
1512 2573 1593 2629 sic
1624 2574 1944 2644 disponere,

381 2674 436 2716 et
501 2678 588 2716 res
633 2665 877 2730 quasque
934 2664 1276 2716 necessarias
1337 2679 1656 2733 procurare,
1723 2677 1782 2722 ut
1833 2685 1944 2723 non

383 2753 548 2806 modo
581 2753 806 2806 basilica
845 2752 968 2806 aliis
998 2767 1120 2821 quae
1164 2753 1370 2821 ubique
1403 2765 1534 2808 sunt
1573 2759 1941 2825 praastantior,

380 2843 476 2898 sed
505 2854 560 2896 et
609 2843 819 2909 reliqua
860 2843 1045 2895 omnia
1098 2843 1172 2895 ita
1219 2853 1615 2900 construantur
1645 2856 1810 2916 atque
1847 2865 1945 2919 pa-

380 2946 595 2996 rentur,
641 2947 697 2986 ιιι
747 2949 1089 3003 quaecunque
1139 2935 1193 2987 in
1245 2936 1668 3008 quibuscunque
1715 2942 2016 3024 urbibusc

380 3026 802 3095 pulchritudine
844 3037 974 3079 sunt
1017 3027 1343 3082 excellentia
1377 3044 1568 3098 opera,
1599 3047 1630 3086 a
1667 3042 1943 3094 structura

379 3119 485 3172 ista
528 3120 686 3187 longe
737 3128 1090 3185 superentur.
1146 3118 1327 3188 Atque
1369 3121 1627 3190 equidem
1659 3125 1728 3180 de
1762 3129 1945 3198 parie-

382 3221 496 3261 tum
533 3224 702 3277 opere
754 3219 920 3277 atque
951 3208 1210 3273 artificio,
1251 3210 1582 3266 Dractlliano
1621 3217 1799 3272 amico
1839 3235 1944 3275 no-

379 3313 519 3363 stro,
552 3302 646 3369 qui
670 3301 1104 3355 clarissimorum
1139 3301 1523 3370 praefectorum
1551 3319 1736 3370 partes
1763 3311 1941 3366 admi-

379 3392 600 3454 nistrat,
635 3403 690 3447 et
740 3393 1037 3461 provincia:
1072 3396 1298 3460 rectori,
1338 3412 1370 3456 a
1419 3398 1581 3454 nobis
1627 3403 1938 3458 mandatam

377 3498 500 3538 esse
566 3499 756 3537 curam
795 3484 976 3555 iscito.
1039 3485 1379 3556 Praeceptum
1445 3490 1594 3544 enim
1653 3508 1682 3546 a
1743 3494 1943 3563 pietate

379 3589 572 3633 nostra
605 3589 710 3641 est,
744 3589 802 3631 ut
827 3580 1086 3644 artifices,
1115 3595 1315 3649 Operae.
1343 3590 1398 3636 et
1432 3599 1774 3655 quaecunque
1807 3603 1945 3658 pra:-

377 3678 529 3722 terea
561 3678 691 3723 sunt
721 3670 787 3723 ad
823 3671 1245 3728 azdilieationem
1278 3677 1609 3743 necessaria,
1638 3693 1762 3733 cum
1794 3678 1849 3735 id
1875 3697 1942 3735 ex

376 3764 605 3817 solertia
640 3771 729 3815 tua
769 3755 1149 3832 cognoverint,
1180 3766 1470 3822 confestim
1520 3785 1618 3840 per
1647 3775 1944 3840 providen-

380 3858 511 3911 tiam
569 3856 789 3910 illorum
842 3857 1150 3914 mittantur.
1205 3861 1282 3916 De
1326 3863 1602 3920 columnis
1656 3877 1839 3922 autem
1887 3880 1942 3925 et

381 3963 681 4012 marmore,
729 3964 850 4018 qua:
899 3953 1348 4018 praestantissima
1395 3967 1452 4010 et
1498 3963 1940 4017 commodissima

376 4043 566 4110 aperis
601 4040 774 4108 ipsius
802 4042 982 4094 forma
1013 4045 1326 4098 summatim
1359 4061 1643 4118 perspecta
1665 4054 1944 4110 existima-

373 4133 525 4186 veris
551 4147 700 4194 esse,
729 4131 796 4184 ad
829 4147 930 4185 nos
965 4143 1047 4185 Iac
1079 4135 1313 4200 scribas,
1344 4148 1560 4207 utquot
1593 4155 1648 4196 et
1681 4147 1939 4213 qualibus

374 4239 516 4291 opus
541 4221 729 4286 fuerit,
765 4236 890 4275 cum
915 4239 982 4276 ex
1013 4223 1214 4279 litteris
1245 4229 1354 4280 tuis
1388 4229 1843 4300 intellexerimus,
1871 4253 1935 4293 ea

2057 383 2201 445 πείν,
2223 381 2334 434 οὐδ’
2363 380 2430 433 ἂν
2465 379 2602 450 πρὸς
2632 379 2695 432 τὸ
2727 378 3064 447 βραχύτατον
3081 377 3444 446 ἀμιλληθῆναι
3473 378 3634 448 δυνή-

2059 488 2244 526 σονται
2273 485 2288 501 ⁸
2324 474 2417 525 ἐπὶ
2447 471 2688 540 τοσούτῳ
2743 473 2923 523 πᾶσαν
2962 469 3310 538 ἀνθρωπίνου
3362 470 3633 538 λογισμοῦ

2057 563 2372 631 χωρητικὴν
2432 561 2659 630 φύσινή
2706 559 2806 613 ’τοῦ
2863 559 3147 627 θαύματος
3204 558 3394 612 τούτου
3449 560 3634 622 πίστις

2057 652 2400 720 ὑπερϐαίνει,
2432 652 2543 721 ὅσῳ
2569 652 2679 703 τῶν
2711 651 3068 720 ἀνθρωπίνων
3114 650 3182 701 τὰ
3219 650 3447 718 οὐράνια
3475 651 3634 703 συνέ-

2056 757 2259 812 στηκεν
2288 738 2428 795 εἶναι
2459 741 2829 810 δυνατώτερα.
2859 743 2962 794 Διὰ
2989 741 3148 793 τοῦτο
3173 740 3306 807 γοῦν
3338 737 3497 800 οὗτος
3541 741 3634 793 ἀεὶ

2053 834 2150 886 καὶ
2185 836 2343 902 μόνος
2381 834 2475 886 καὶ
2514 833 2734 902 πρῶτος
2786 832 2902 884 ἐστι
2959 850 3049 900 μοι
3089 833 3314 894 σκοπὸς,
3346 832 3414 885 ἵν’
3440 833 3633 902 ὥσπερ

2055 924 2256 995 ἐαυτὴν
2292 924 2629 993 καινοτέροις
2652 923 2932 992 θαύμασιν
2966 925 2999 992 ὴ
3031 923 3130 992 τῆς
3155 923 3414 992 ἀληθείας
3449 925 3633 987 πίστις

2054 1016 2445 1078 ἐπιδείκνυται,
2498 1014 2642 1068 οῦτω
2693 1016 2788 1068 καὶ
2849 1015 2908 1067 αί
2955 1014 3126 1084 ψυχαὶ
3187 1017 3410 1068 πάντων
3466 1016 3631 1092 ἡμῶν

2055 1104 2380 1177 σωφροσύνῃ
2410 1106 2500 1156 καὶ
2526 1106 2874 1173 ὁμογνώμονι
2897 1105 3180 1176 προθυμίᾳ
3212 1109 3632 1177 σπουδαιότεραι

2052 1195 2314 1261 γίνωνται
2334 1211 2350 1224 ·
2375 1197 2513 1264 ὅπερ
2565 1195 2756 1260 ἐπειδὴ
2786 1197 2920 1248 πᾶσι
2952 1197 3158 1265 νομίζω
3200 1193 3340 1250 εἷναι
3370 1199 3632 1267 φανερὸν.

2026 1288 2230 1338 -ἐκείνο
2287 1287 2526 1353 μάλιστά
2558 1304 2616 1339 σε
2685 1286 2983 1340 πεπεῖσθαι
3045 1287 3332 1357 βούλομαι,
3391 1291 3468 1353 ὡς
3519 1291 3634 1359 ἀρα

2053 1377 2273 1430 πάντων
2310 1393 2402 1445 μοι
2437 1378 2677 1446 μάλιστα
2711 1377 2888 1445 μέλει,
2941 1378 3092 1442 ὅπως
3119 1380 3211 1432 τὸν
3244 1380 3388 1450 ίερὸν
3416 1383 3634 1436 ἐκεῖνον

2053 1465 2242 1526 τόπον,
2301 1466 2360 1517 ὃν
2409 1465 2546 1518 Θεοῦ
2601 1470 2996 1536 προστάγματι
3045 1469 3335 1538 αίσχίστης
3389 1471 3630 1523 εἰδώλων

2053 1559 2371 1627 προσθήκης
2415 1557 2603 1627 ὥσπερ
2634 1561 2779 1620 τινὸς
2831 1561 3186 1630 ἐπικειμένου
3235 1560 3437 1630 βάρους
3470 1555 3634 1615 ἐκού-

2059 1666 2213 1716 φισα,
2235 1649 2393 1718 ἀγιον
2425 1650 2524 1718 μὲν
2555 1648 2790 1719 ἐξαρχῆς
2819 1651 2955 1704 Θεοῦ
3001 1654 3182 1719 κρίσει
3230 1653 3631 1723 γεγενημένον,

2057 1739 2356 1810 ἀγιώτερον
2387 1740 2444 1793 δὲ
2473 1741 2880 1808 ἀποφανθέντα,
2912 1743 3005 1810 ἀφ’
3033 1735 3094 1795 οῦ
3116 1743 3214 1814 τὴν
3233 1742 3328 1796 τοῦ
3357 1744 3630 1814 σωτηρίου

2057 1829 2264 1891 πάθους
2295 1829 2478 1882 πίστιν
2509 1832 2593 1892 είς
2620 1830 2736 1898 φῶς
2787 1833 3111 1900 προήγαγεν
3132 1869 3147 1894 ,
3171 1831 3630 1901 οἰκοδομημάτων

2057 1922 2243 1974 κάλλει
2280 1923 2671 1992 κοσμήσωμεν.
2709 1925 2985 1994 Προσήκει
3033 1923 3214 1976 τοίνυν
3248 1923 3348 1994 τὴν
3387 1922 3487 1991 σὴν
3528 1924 3634 1988 ἀγ·-

2055 2014 2261 2085 χίνοιαν
2282 2014 2425 2068 οὕτω
2446 2017 2693 2080 διατάξαι
2718 2033 2779 2069 τε
2803 2017 2895 2070 καὶ
2915 2017 3151 2071 ἑκάστου
3172 2015 3282 2070 τῶν
3307 2017 3629 2084 ἀναγκαίων

2056 2109 2388 2178 ποιήσασθαι
2435 2107 2732 2176 πρόνοιαν,
2774 2107 2848 2171 ὡς
2892 2109 2954 2162 ού
3003 2109 3163 2178 μόνον
3213 2107 3496 2178 βασιλικὴν
3528 2107 3631 2160 καὶ

2055 2196 2164 2249 τῶν
2217 2196 2494 2267 πανταχοῦ
2543 2196 2814 2266 βελτίονα,
2844 2196 2978 2250 ἀλλὰ
3001 2197 3181 2250 καὶτὰ
3209 2196 3374 2249 λοιπὰ
3397 2196 3627 2249 τοιαῦτα

2055 2288 2335 2353 γενέσθαι,
2366 2289 2442 2350 ὡς
2473 2290 2649 2343 πάντα
2679 2289 2749 2341 τὰ
2783 2289 2869 2358 ἐφ’
2899 2289 3137 2358 ἑκάστης
3171 2289 3382 2352 πόλεως
3437 2290 3628 2343 καλλι-

2055 2378 2313 2430 στεύοντα
2357 2379 2465 2433 ὑπὸ
2516 2379 2608 2433 τοῦ
2649 2381 2944 2450 κτίσματος
2977 2381 3168 2434 τούτου
3199 2380 3470 2435 νικᾶσθαι.
3511 2383 3628 2435 Καὶ

2056 2470 2309 2540 περὶτῆς
2334 2470 2446 2523 τῶν
2477 2473 2675 2542 τοίχων
2725 2473 2785 2525 δὲ
2843 2473 3108 2543 ἐργασίας
3151 2474 3247 2526 καὶ
3269 2474 3630 2544 καλλιεργίας

2053 2561 2428 2632 Δρακιλλιανῷ
2464 2563 2540 2631 τῷ
2580 2565 2836 2634 ἡμετέρῳ
2879 2566 3020 2635 φίλῳ
3051 2565 3296 2620 διέποντι
3318 2566 3425 2619 τῶν
3472 2566 3631 2636 λαμ-

2054 2653 2344 2722 προτάτων
2393 2654 2649 2724 ἐπάρχων
2695 2656 2762 2709 τά
2796 2656 2960 2726 μέρη,
3018 2659 3112 2711 καὶ
3158 2658 3237 2728 τῷ
3292 2660 3394 2730 τῆς
3454 2662 3630 2730 ἐπαρ-

2051 2746 2175 2815 χίας
2199 2745 2423 2816 ἀρχοντι
2459 2748 2588 2818 παρ’
2614 2750 2646 2816 ή
2657 2749 2772 2814 μῶν
2797 2750 3204 2820 ἐγκεχειρίσθαι
3229 2750 3328 2820 τὴν
3359 2754 3629 2822 φροντίδα

2052 2841 2311 2906 γίνωσκε.
2341 2840 2715 2895 Κεκέλευσται
2747 2844 2858 2914 γάρ
2891 2846 2993 2897 ὑπὸ
3026 2845 3122 2913 τῆς
3144 2848 3283 2916 ἐμῆς
3333 2848 3627 2912 εὐσεϐείας

2051 2927 2144 2979 καὶ
2188 2929 2441 2997 τεχνίτας
2493 2931 2591 2981 καὶ
2626 2930 2864 2998 ἐργάτας
2897 2934 2994 2983 καὶ
3029 2932 3194 2986 πάνθ’
3223 2934 3323 2986 ὅσα
3353 2937 3479 3005 περὶ
3519 2936 3628 3006 τὴν

2049 3018 2341 3087 οἰκοδομὴν
2371 3021 2647 3087 ἀναγκαῖα
2687 3022 2967 3091 τυγχάνει,
2995 3026 3043 3076 εἰ
3073 3026 3225 3094 παρά
3250 3027 3349 3095 τῆς
3379 3027 3479 3098 σῆς
3515 3032 3630 3099 μά-

2048 3111 2190 3164 θοιεν
2233 3115 2534 3183 ἀγχινοίας,
2571 3117 2916 3188 παραχρῆμα
2960 3117 3052 3171 διὰ
3075 3120 3175 3185 τῆς
3204 3121 3432 3175 ἐκείνων
3478 3139 3627 3191 προ-

2046 3204 2196 3268 νοίας
2226 3206 2624 3276 ἀποσταλῆναι.
2659 3209 2794 3278 Περὶ
2833 3211 2890 3262 δὲ
2916 3210 3025 3262 τῶν
3051 3211 3246 3263 κιόνων
3274 3213 3444 3282 ἤγουν
3478 3231 3629 3285 μαρ-

2050 3296 2260 3365 μάρων,
2289 3295 2326 3349 ἃ.
2375 3297 2422 3350 δ’
2467 3299 2533 3352 ἂν
2585 3300 2870 3369 νομίσειας
2901 3299 3041 3364 εἶναι
3070 3302 3374 3373 τιμιώτερα
3418 3322 3479 3357 τε
3522 3309 3626 3359 καὶ

2045 3381 2434 3452 χρησιμώτερα
2458 3385 2629 3454 αὐτῆς
2653 3387 2928 3456 συνόψεως
2955 3393 3277 3461 γενομένης,
3311 3393 3446 3462 πρὸς
3468 3397 3624 3463 ἡμᾶς

2044 3471 2253 3542 γράψαι
2281 3475 2584 3530 σπούδασον
2608 3494 2623 3508 ·
2649 3478 2738 3532 ἵνα
2759 3480 2896 3532 ὅσων
2923 3481 2968 3532 δ’
2989 3482 3056 3534 ἂν
3084 3485 3180 3536 καὶ⁸
3201 3484 3400 3538 ὁποίων
3427 3489 3624 3557 χρείαν

2045 3562 2186 3617 εἷναι
2233 3566 2322 3618 διὰ
2374 3567 2467 3620 τοῦ
2521 3569 2617 3622 σοῦ
2661 3571 2987 3640 γράμματος
3034 3574 3384 3643 ἐπιγνῶμεν,
3442 3580 3623 3633 ταῦτα

2046 3658 2384 3727 πανταχόθεν
2414 3659 2616 3732 δυνηθῇ
2669 3665 3080 3734 μετενεχθῆναι.
3109 3668 3214 3722 Τὸν
3249 3671 3356 3740 γάρ
3392 3671 3618 3746 τοῦκό-

2047 3761 2189 3813 σμου
2219 3745 2672 3819 θαυμασιώτερον
2697 3751 2863 3805 τόπον
2887 3755 3006 3808 κατ’
3037 3755 3192 3820 ἀξίαν
3226 3745 3619 3827 φαιδρύνεσθαι

2043 3836 2272 3892 δίκαιον.
2315 3839 2426 3908 Τὴν
2456 3840 2516 3893 δέ
2547 3843 2645 3910 τῆς
2678 3841 2974 3916 βασιλικῆς
3008 3851 3269 3919 καμάραν
3303 3853 3535 3924 πότερον
3567 3859 3621 3910 εί

2044 3928 2392 4000 λακωναρίαν
2416 3971 2431 3996 ,
2476 3932 2510 4002 ἢ
2549 3933 2638 3988 διά
2667 3953 2812 4001 τινος
2839 3941 3031 4010 ἐτέρας
3068 3944 3332 4013 ἐργασίας
3359 3947 3620 4013 γενέσθαι

2042 4020 2209 4113 δοκεῖ,
2225 4026 2378 4092 παρὰ
2407 4026 2500 4077 σοῦ
2524 4028 2725 4093 γνῶναι
2748 4030 3006 4102 βούλομαι
3031 4051 3046 4066 ο
3077 4038 3126 4088 εἰ
3158 4036 3266 4108 γὰρ
3298 4038 3618 4113 λακωναρία

2045 4112 2227 4205 μέλλει
2263 4113 2427 4205 εἶναι,
2468 4117 2760 4186 δυνήσεται
2800 4126 2896 4176 καὶ
2919 4128 3104 4197 χρυσῷ
3139 4112 3617 4205 καλλωπισθῆναι.

2042 4199 2083 4291 'l
2087 4200 2115 4250 ὸ
2141 4200 2475 4291 λειπόμενον,
2512 4207 2596 4260 ἵνα
2621 4211 2654 4279 η
2684 4211 2751 4280 σὴ
2780 4214 3000 4284 ὁσιότης
3046 4218 3157 4279 τοῖς
3187 4199 3618 4291 προειρημένοις

374 4315 745 4383 undequaque
772 4317 1106 4384 comportari
1136 4320 1368 4386 possint.
1398 4321 1536 4392 iEqu
1549 4339 1636 4377 um
1665 4327 1807 4381 enim
1831 4341 1937 4398 est,

2050 4289 2389 4368 δικασταῖςῇ
2437 4298 2602 4367 τάχος
2654 4305 3027 4374 γνωρισθῆναι
3083 4311 3320 4383 ποιήσῃ,
3361 4313 3505 4366 ὅσων
3554 4331 3616 4368 τε

372 4410 556 4463 locqu
621 4411 791 4465 totius
855 4410 1046 4465 mundi
1096 4414 1334 4469 maxime
1395 4417 1781 4476 admirandum
1834 4441 1938 4494 pro

371 4502 639 4571 dignitate
685 4517 785 4556 sua
837 4504 1120 4558 exornari.
1180 4507 1427 4563 Basilica:
1481 4527 1646 4580 porro
1693 4533 1935 4584 camera,

372 4596 800 4651 lacunaribusne
827 4612 897 4651 an
929 4598 1042 4652 alio
1068 4601 1325 4668 quapiam
1358 4619 1526 4673 opere
1557 4607 1654 4662 tibi
1695 4610 1812 4664 fieri
1841 4617 1935 4666 de-

373 4687 504 4740 bere
536 4687 806 4753 rideatur,
848 4703 1181 4760 cognoscere
1229 4709 1293 4747 ex
1339 4706 1390 4751 te
1438 4700 1623 4768 cupio.
1680 4702 1737 4757 Si
1787 4706 1934 4760 enim

372 4803 727 4860 lacunaribus
781 4809 1118 4862 exstruenda
1164 4811 1295 4876 erit,
1344 4828 1480 4868 auro
1519 4832 1742 4888 quoque
1802 4825 2068 4888 illustrari
2137 4803 2360 4906 poterit.

2045 4381 2294 4450 ἐργατῶν
2323 4385 2419 4437 καὶ
2445 4387 2708 4455 τεχνιτῶν
2736 4392 2830 4443 καὶ
2859 4395 3236 4465 ἀναλωμάτων
3253 4381 3436 4468 χρεία·
3462 4402 3498 4454 ἂ
3522 4407 3618 4456 καὶ

2045 4469 2183 4538 πρὸς
2220 4472 2322 4540 ἐμὲ
2364 4475 2569 4540 εὐθέως
2617 4483 2932 4552 ἀνενεγκεῖν
2985 4487 3302 4555 σπούδαεον,
3340 4493 3402 4543 οὐ
3449 4495 3617 4562 μόνον

2045 4564 2312 4655 περὶ-τῶν
2345 4572 2659 4641 μαρμάρων
2687 4591 2747 4627 τε
2785 4580 2879 4628 καὶ
2915 4579 3132 4644 κιόνων,
3177 4582 3316 4636 ἀλλὰ
3355 4587 3451 4636 καὶ
3483 4592 3618 4655 περὶ

2043 4649 2152 4701 τῶν
2181 4651 2560 4727 λακωναρίων,
2611 4664 2745 4732 εἴτε
2792 4667 2949 4720 τοῦτο
2987 4671 3207 4725 κάλλιον
3245 4675 3611 4743 ἐπικρίνειας.

2053 4740 2112 4838 :0
2143 4744 2274 4810 Θεὸς
2301 4748 2620 4818 διαφυλάξοι
2659 4774 2744 4824 σε,
2774 4761 2969 4829 ἀδελφὲ
2995 4766 3267 4838 ἀγαπητέ.
3305 4789 3325 4823 ι

2642 4851 2796 4915 Quod
2863 4870 3137 4925 superest,
3209 4865 3474 4921 sanctitas
3517 4876 3619 4925 tua

372 4897 580 4996 quibus
615 4899 854 4996 diximus
887 4903 1304 4972 magistratibus
1367 4910 1545 4977 primo
1609 4931 1828 4987 quoque
1871 4897 2310 4996 tempore-signi

371 4990 596 5057 quantis
634 4990 899 5059 impensis
927 4995 999 5047 sit
1028 5010 1188 5064 opus.
1220 4996 1359 5063 Quin
1389 5011 1446 5054 et
1473 5002 1540 5055 ad
1590 5021 1691 5059 nos
1717 5025 1938 5082 quoque
1983 4990 2042 5070 ut
2108 4990 2366 5081 celeiitcr

373 5099 644 5139 marmore
703 5095 760 5139 et
816 5090 1126 5156 columnis,
1182 5086 1374 5148 verum
1431 5098 1598 5153 etiam
1663 5103 1733 5158 de
1791 5107 2167 5177 lacunaribus,
2219 5122 2264 5174 si

371 5192 479 5246 que
532 5190 654 5231 esse
700 5176 1060 5246 judicaveris.
1119 5184 1262 5239 Deus
1303 5196 1355 5240 te
1401 5202 1710 5257 conservet,
1756 5195 1927 5254 frater
1965 5176 2186 5265 dilecte.
2217 5231 2235 5263 ι

441 5317 518 5390 (l)
547 5319 952 5409 Erga‘sanctam
982 5323 1178 5392 legem.

2170 4939 2466 5032 signifn-et,
2522 4955 2656 5012 quot
2731 4953 3002 5018 Operariis
3086 4957 3503 5032 artificibusque
3555 4975 3616 5020 et

2409 5032 2700 5102 referatur,
2747 5039 2816 5094 da
2865 5058 3112 5112 operam,
3184 5063 3294 5103 non
3340 5053 3507 5106 modo
3541 5056 3617 5109 de

2333 5124 2552 5192 quidem
2636 5130 2752 5187 haec
2811 5137 3132 5205 pulchriora
3202 5145 3619 5202 commodiora-
