3972 6200
895 333 1144 392 ΚΕΦΑΛ.
1175 333 1304 392 ΚΘ’.

317 421 417 484 Ὧς
446 423 483 487 ἡ
509 421 617 475 τοῦ
647 423 956 495 ,ϐασιλέως
989 425 1187 492 μήτηρ
1241 421 1456 495 Ἐέένη
1489 430 1576 493 είς
1615 427 1878 495 Ἰεροσό·

376 491 888 565 λυμα-τενοιιένη.
948 491 1245 565 τὸν-θεῖον
1273 492 1411 564 εὗρε
1444 491 1748 565 σταυρὸῦο,
1779 497 1876 550 καί

380 568 450 614 τὰ
481 561 576 614 ἐπ’
607 561 772 626 αὐτῷ
801 563 1212 631 πεπραγμένα.

379 677 645 737 Διάκονος
670 677 727 729 δὲ
761 676 872 729 τῶν
903 676 999 728 τοῦ
1040 677 1310 745 βασιλέως
1351 679 1699 747 γραμμάτων
1727 681 1758 745 ἡ
1789 681 1881 733 τὸν

304 767 568 818 τοσοῦτον
612 766 850 818 τεκοῦσα
888 766 982 818 τοῦ
1026 766 1290 836 βασιλέως
1329 773 1535 838 μήτηρ,
1569 773 1600 841 ἡ
1633 771 1882 840 μακαρία

317 857 538 924 Ἑλένη,
566 857 802 923 ἐγένετο.
831 859 923 928 Τῷ
947 859 1052 926 γὰρ
1079 859 1228 927 αῦτῷ
1249 861 1346 927 τῆς
1378 862 1598 914 συνόδου
1630 863 1740 916 ἔτει
1760 863 1880 915 κατ’

306 949 443 1017 δναρ
474 950 940 1018 χρηματισθείσα,
971 951 1138 1019 εὐχῆς
1183 953 1342 1021 χάριν
1377 955 1472 1004 καὶ
1505 953 1746 1023 ἱστορίας
1779 972 1878 1008 κα-

308 1040 506 1092 τέλαϐε
542 1042 612 1092 τὰ
659 1041 1029 1109 Ἰεροσόλυμα,
1061 1043 1187 1095 οὔτε
1235 1045 1326 1096 τὸν
1370 1045 1473 1114 τῆς
1516 1045 1637 1098 ὁδοῦ
1688 1047 1877 1112 κόπον,

307 1129 434 1180 οὔτε
470 1129 580 1198 μὴν
616 1132 688 1182 τὰ
722 1131 816 1182 τοῦ
869 1133 1053 1200 γήρως
1099 1133 1565 1203 ὐπολογισαμέντ,.
1611 1137 1744 1206 Περὶ
1770 1139 1880 1207 γὰρ

306 1221 368 1270 τὸ
415 1223 600 1287 τέρμα
648 1222 750 1290 τῆς
801 1223 972 1291 αὐτῆς
1007 1224 1237 1288 ἀφίκετο
1271 1225 1477 1294 βιοτῆς.
1523 1227 1662 1280 Δίαν
1697 1228 1755 1280 δὲ
1784 1230 1880 1282 καὶ

305 1311 447 1380 αῦτη
485 1319 619 1381 περὶ
658 1315 718 1366 τὸ
762 1316 1108 1384 Χριστιανῶν
1147 1317 1392 1380 εὐλαδῶς
1423 1319 1662 1372 διέκειτο
1689 1321 1873 1382 σέϐας.

306 1404 446 1471 Περὶ
477 1405 735 1456 πλείστου
768 1409 814 1459 δ’
841 1403 908 1478 ἦν
940 1409 1079 1478 αὐτῇ
1110 1409 1171 1460 τὸ
1206 1410 1301 1462 τοῦ
1333 1399 1570 1479 σταυροῦ
1603 1413 1763 1478 ξύλον
1785 1416 1878 1466 εύ-

303 1499 446 1564 ρεῖν,
474 1499 571 1547 καὶ
600 1498 660 1549 τὸ
690 1497 980 1569 ζωηφὸρον
1032 1500 1225 1569 μνῆμα
1247 1503 1511 1570 Χριστοῦ.
1538 1505 1644 1557 Καὶ
1686 1506 1878 1576 δυσχε-

302 1588 417 1656 ρῶς
450 1589 574 1656 μὲν,
599 1588 846 1657 εὑρίσκει
878 1591 924 1641 δ’
964 1587 1061 1642 οὖν
1100 1594 1274 1660 ὅμως,
1321 1593 1396 1654 ὡς
1434 1595 1532 1662 μέν
1566 1611 1712 1658 τινες
1741 1598 1878 1665 ἔφα·

300 1693 434 1740 σαν,
474 1679 664 1748 ἀνδρὸς
711 1681 968 1748 Ἐδραίου
1020 1685 1515 1754 καταμηνύσαντος
1559 1687 1651 1740 τὸν
1692 1689 1873 1759 χῶρον

298 1767 366 1820 ἐκ
396 1785 547 1832 τινος
590 1769 854 1840 πατρῴας
903 1773 1124 1840 γραφῆς
1151 1789 1166 1806 ·
1195 1775 1258 1826 τὸ
1290 1775 1337 1826 δ’
1371 1775 1589 1844 ἀληθὲς,
1621 1775 1697 1838 ὡς
1739 1769 1874 1844 ὲγῷ.

299 1872 431 1921 μαι,
459 1857 600 1908 Θεοῦ
631 1860 878 1926 σημείοις
907 1860 972 1927 δή
1001 1875 1110 1911 τισι
1144 1864 1236 1912 καὶ
1262 1861 1532 1929 ὀνείρασιν
1559 1862 1874 1928 ὑποδείξαν-

295 1961 414 2007 τος.
459 1946 753 2016 ᾙρημένῳ
799 1949 907 2016 γὰρ
938 1949 1056 2018 Θεῷ
1081 1950 1218 2018 δῆλα
1266 1952 1524 2022 καθιστᾷν
1564 1953 1632 2005 τὰ
1666 1953 1785 2008 θεῖά
1815 1971 1874 2008 τε

296 2042 393 2087 καὶ
430 2037 745 2108 ἀπόρρητα,
802 2040 1002 2108 ἥκιστα
1053 2041 1262 2094 δεῖσθαι
1307 2042 1408 2111 τῆς
1460 2043 1519 2107 ἐξ
1565 2043 1873 2116 ἀνθρώπων

299 2129 618 2195 μηνύσεως.
676 2132 831 2184 Κατὰ
869 2132 976 2200 γὰρ
1015 2134 1114 2202 τὴν
1141 2137 1234 2186 τού
1275 2135 1606 2204 κρατοῦντος
1639 2141 1875 2207 πρόστα-

297 2220 406 2283 ξιν,
438 2221 533 2273 τοῦ
583 2223 814 2291 ἐναγοῦς
844 2227 1056 2278 ἐκείνου
1103 2229 1535 2298 καθαιρουμένου
1591 2233 1742 2294 ναοῦ,
1777 2223 1874 2286 καὶ

293 2311 395 2363 τοῦ
424 2311 680 2380 χώματος
709 2317 1135 2384 ἐκφορουμὲνου,
1173 2319 1326 2371 ἔνθεν
1369 2321 1469 2388 μὲν
1509 2323 1570 2375 τὸ
1603 2324 1748 2391 ἱερὸν
1772 2325 1872 2392 τῆς

292 2402 688 2470 Ἀναστάσεως
710 2409 884 2461 έκεῖνο
913 2410 1108 2479 ἄντρον
1137 2413 1412 2481 ἐφαίνετο,
1442 2418 1589 2485 τρεῖς
1613 2416 1657 2468 δ’
1686 2419 1744 2468 ἐν
1774 2419 1872 2486 μέ-

296 2513 387 2563 ρει
427 2499 649 2567 σταυροὶ
693 2498 858 2567 χύδην
910 2501 1316 2572 διερριμμένοι,
1364 2506 1459 2558 καὶ
1507 2509 1661 2570 σανὶς
1708 2509 1873 2578 ἑτέρα

292 2587 492 2656 λευκή,
596 2590 824 2657 βασιλέα
865 2593 970 2644 τῶν
1017 2595 1288 2647 Ἰουδαίων
1325 2599 1553 2666 γράφων
1591 2601 1871 2669 διαφόροις

295 2679 633 2748 γράμμασιν
658 2681 687 2732 ὁ
723 2682 951 2744 Πιλᾶτος
1004 2684 1144 2754 ὑπὲρ
1171 2686 1416 2757 κεφαλῆς
1437 2687 1625 2750 ἐτίθει,
1654 2691 1711 2741 ὲν
1741 2690 1872 2742 εῖδει

293 2771 506 2838 στήλης
577 2769 804 2839 βασιλέα
848 2773 956 2828 τῶν
1019 2775 1288 2828 Ἰουδαίων
1339 2779 1432 2830 τὸν
1491 2779 1872 2847 σταυρωθέντα

289 2863 616 2929 κηρύττων.
654 2863 760 2914 Καί
782 2879 845 2930 γε
867 2865 1252 2936 διερρυηκότος
1285 2870 1377 2920 τοῦ
1407 2871 1756 2940 γράμματος,
1778 2875 1873 2925 καὶ

289 2952 396 3015 τῆς
436 2951 653 3014 σανίδος
682 2953 757 3013 ὡς
805 2955 996 3024 ἔτυχεν
1049 2959 1410 3028 ἐρριμμένης,
1444 2962 1688 3030 ἐργώδης
1721 2962 1801 3016 ἔτι
1839 2965 1869 3032 ἡ
1900 3001 1942 3062 C

291 3041 394 3094 τοῦ
425 3042 576 3094 θείου
606 3043 760 3108 ξύλου
785 3043 1002 3115 εὕρεσις
1037 3051 1415 3116 κατεφαίνετο,
1442 3055 1534 3104 καὶ
1568 3053 1676 3104 τῶν
1708 3071 1870 3106 σταυι

295 3137 412 3203 ρων
440 3134 859 3204 διεσπαρμένων
888 3139 1250 3210 συγχυθείσης
1280 3145 1378 3212 τῆς
1401 3146 1630 3210 τάξεως.
1664 3148 1728 3199 Τί
1758 3151 1867 3218 γὰρ

291 3226 393 3277 καὶ
429 3228 544 3289 τοῖς
571 3227 759 3295 ῥίψασι
795 3229 958 3282 πάλαι
994 3232 1137 3285 κατά
1191 3233 1373 3303 χώραν
1414 3237 1588 3290 ταῦτα
1617 3240 1732 3308 ὲᾷν,
1757 3242 1868 3303 τοῖς

297 3322 650 3386 σταυρωταίς
683 3324 771 3372 τὸν
805 3321 1035 3376 θάνατον
1073 3325 1162 3377 διὰ
1197 3327 1256 3378 τὸ
1299 3328 1577 3382 Σάὸὄατον
1606 3330 1869 3383 ἐπισπεύ-

294 3409 488 3460 δουσιν
513 3424 529 3474 ;
558 3410 735 3473 ἄλλως
765 3428 823 3463 τε
863 3415 956 3466 καὶ
985 3415 1088 3467 οὐκ
1120 3415 1324 3483 ἀγαθὸν
1371 3419 1696 3487 ἡγουμένοις
1740 3422 1869 3488 περὶ

290 3499 568 3566 σταυροὺς
599 3497 918 3568 διατρίϐειν,
946 3502 1156 3572 ἀνδρῶν
1183 3506 1276 3556 καὶ
1302 3507 1470 3558 ταῦτα
1501 3509 1592 3577 βίᾳ.
1616 3511 1869 3580 τελευτη-

293 3591 536 3653 σάντων,
586 3590 714 3642 ἄλλο
740 3591 873 3664 ἄλλῃ
921 3592 1176 3664 ἔρριψαν.
1239 3598 1615 3669 Ἀμφηρίστου
1659 3601 1717 3654 δὲ
1769 3605 1868 3671 τῆς

290 3681 584 3748 ζητήσεως
607 3679 796 3750 οὔσης,
826 3685 884 3735 ὲν
914 3684 1228 3758 ἀθυμίαιςή
1258 3687 1350 3738 τοῦ
1379 3688 1642 3757 βασιλείοις
1672 3687 1740 3760 ἦν
1768 3693 1871 3759 μή·

290 3789 426 3840 τηρ,
483 3776 580 3827 καὶ
625 3778 1004 3843 καταμηνύειν
1062 3778 1235 3832 ὲδείτο
1277 3780 1412 3833 Θεοῦ
1441 3797 1456 3812 ⁶
1519 3783 1614 3835 καὶ
1646 3782 1768 3836 ἐλυέ
1802 3801 1867 3852 γε

291 3880 320 3914 τ
328 3865 490 3933 ρὸπῳ
511 3865 719 3935 τοιῷδε,
747 3866 1067 3932 ὑποδεικνὺς
1092 3871 1152 3922 τὸ
1180 3869 1355 3936 ξύλον,
1455 3873 1514 3924 τὸ
1535 3875 1867 3926 Δεσποτικδν

292 3955 695 4022 προσπελάσαν
730 3956 909 4026 σῶμα,
954 3959 1048 4012 τοῦ
1097 3960 1242 4012 θείου
1287 3962 1516 4030 αἵματος
1546 3965 1645 4033 τὴν
1676 3963 1866 4018 λιϐάδα

291 4047 520 4110 ἐδέξατο
550 4049 989 4118 καταρρέουσαν.
1042 4051 1186 4122 Γυνὴ
1230 4055 1336 4122 γάρ
1368 4070 1450 4118 τις
1479 4055 1584 4108 τῶν
1603 4055 1661 4108 εὖ
1710 4073 1869 4125 γεγο-

294 4141 492 4200 νότων,
528 4139 752 4208 χαλεπῷ
789 4142 950 4193 πάθει
995 4143 1388 4214 κατισχομένη,
1435 4147 1504 4198 τὰ
1535 4144 1737 4215 ἔσχατα
1767 4149 1868 4200 κά-

296 4247 509 4299 μνουσχ
548 4227 639 4301 ῆν,
673 4228 813 4304 ὲφ“ᾖ
849 4234 1131 4302 Μακάριος
1161 4236 1378 4304 σύναμα
1409 4235 1598 4308 Ἑλένη
1636 4241 1867 4304 καὶτοῖς

1223 214 1812 280 ECCLESIASTIC/E
1853 215 2238 279 HISTORIAE
2281 219 2421 279 ΗΒ.
2456 218 2625 283 VIII.

3435 227 3536 293 110

2531 336 2757 394 CAPUT
2799 337 2988 396 XXIX.

1981 425 2045 480 Ut
2074 429 2408 507 imperatoris
2458 439 2630 484 mater
2681 429 2884 507 Helena
2941 432 3317 507 Hierosolymis
3359 439 3540 507 fuerit,

2047 507 2096 575 et
2121 499 2189 550 ibi
2224 515 2428 575 erucem
2463 511 2703 575 sanctam
2729 504 3002 567 invenerit,
3029 514 3078 556 et
3109 499 3225 575 quo:
3249 499 3392 561 circo
3421 499 3540 564 cani

2049 567 2397 620 inventionem
2433 571 2534 621 sint
2572 585 2713 627 acta.

2051 679 2278 733 Litteris
2306 697 2471 749 porro
2501 683 2581 736 eis
2629 684 2974 752 perferendis
3007 699 3180 743 mater
3213 692 3327 760 ipsa
3363 695 3537 764 impe-

1981 769 2182 822 ratoris
2215 771 2374 822 beata
2405 771 2632 838 Helena,
2661 790 2782 842 qua:
2809 776 2962 828 illum
2998 780 3160 832 talem
3195 783 3405 850 genuit,
3442 787 3539 838 ad-

1981 857 2230 912 ministra
2279 859 2422 914 fuit:
2467 863 2586 930 ipso
2626 879 2864 933 namque
2898 869 3088 938 synodi
3127 881 3332 928 coacta:
3371 892 3536 938 anno,

1981 949 2034 1000 in
2068 951 2276 1004 somnis
2305 955 2528 1007 oraculo
2564 956 2866 1022 admonita,
2906 963 3240 1028 precationis
3270 981 3423 1037 ergo,
3456 971 3537 1022 lo-

1980 1051 2282 1108 corumque
2315 1056 2598 1096 sacrorum
2632 1053 3146 1114 cognoscendorum
3187 1058 3379 1122 gratia,
3420 1059 3540 1112 Hic-

1979 1131 2253 1199 rosolyma
2301 1133 2536 1200 petierat
2565 1153 2577 1188 :
2615 1153 2796 1206 neque
2829 1156 2886 1194 se
2912 1157 2974 1194 ea
3009 1143 3064 1195 in
3099 1159 3153 1198 re
3195 1147 3278 1200 vel
3324 1148 3538 1204 itineris

1979 1221 2250 1284 laborem,
2285 1226 2369 1277 vel
2421 1229 2724 1282 senectutis
2777 1232 3085 1286 molestiam
3141 1241 3402 1292 remorari
3455 1253 3539 1294 est

1978 1325 2156 1378 passa.
2194 1311 2276 1364 Ad
2325 1325 2634 1368 extremum
2672 1319 2822 1370 enim
2857 1320 2967 1388 jam
3021 1322 3144 1376 vita:
3191 1339 3537 1392 pervenerat,

1975 1412 2033 1454 et
2062 1403 2129 1454 de
2163 1403 2330 1456 rebus
2362 1415 2525 1474 atque
2558 1408 2824 1476 religione
2857 1410 3296 1469 Christianorum
3331 1418 3416 1486 pie
3448 1423 3541 1472 ad-

1978 1493 2200 1545 modum
2261 1496 2557 1550 sentiebat.
2634 1500 2860 1554 Plurimi
2925 1518 3086 1571 porro
3148 1506 3422 1573 faciebat,
3479 1525 3538 1564 ιιι

1977 1583 2160 1636 crucis
2195 1584 2402 1652 lignum
2453 1595 2511 1639 et
2559 1587 2831 1643 viviﬁcum
2880 1589 3086 1646 Christi
3121 1607 3534 1652 monumentum

1908 1670 1950 1727 Β
1979 1673 2275 1729 inveniret.
2326 1676 2395 1729 Et
2432 1681 2789 1746 quantumvis
2838 1682 3157 1750 dilliculter,
3187 1697 3429 1744 attamen
3473 1709 3536 1744 ca

1981 1763 2203 1817 tandem
2252 1763 2484 1830 invenit,
2529 1778 2588 1822 ut
2631 1770 2853 1837 quidem
2905 1775 3149 1828 nonnulli
3188 1777 3398 1842 dixere,
3441 1779 3538 1832 .lu-

1975 1853 2096 1908 da:o
2139 1853 2362 1910 homine
2393 1873 2460 1912 ex
2507 1868 2730 1927 paterna
2762 1850 2999 1930 quadam
3049 1871 3404 1925 annotationc
3457 1890 3540 1924 re-

1976 1942 2196 2011 gionem
2251 1944 2555 2010 indicante,
2610 1963 2668 2001 re
2723 1965 2850 2002 vera
2903 1962 3111 2012 autem,
3177 1964 3236 2006 ut
3277 1956 3534 2024 equidem

1977 2043 2132 2104 puto,
2168 2035 2278 2088 Deo
2306 2027 2483 2106 signis
2523 2039 2856 2108 quibusdam
2892 2052 2946 2095 et
2979 2044 3282 2100 visionibus
3315 2059 3538 2102 noctur-

1976 2123 2062 2178 nis
2103 2127 2450 2182 ostendente.
2496 2128 2632 2183 Cum
2667 2131 2814 2183 enim
2868 2130 2980 2187 Deo
3019 2136 3199 2189 visum
3233 2147 3399 2199 esset,
3453 2157 3538 2192 rt-s

1975 2212 2194 2267 divinas
2218 2225 2273 2268 et
2296 2217 2539 2270 occultas
2563 2219 2617 2272 in
2646 2218 2825 2274 lucem
2850 2221 3120 2288 proferre,
3148 2225 3370 2280 minime
3399 2242 3538 2294 Opus

1975 2301 2080 2357 fuit
2099 2306 2352 2362 humanis
2387 2309 2630 2364 indiciis.
2653 2311 2951 2368 Enimvero
2977 2315 3327 2384 imperatoris
3354 2321 3531 2386 jussu,

1974 2396 2348 2452 contaminato
2385 2397 2478 2452 illo
2521 2403 2724 2469 templo
2755 2403 2960 2468 diruto,
2997 2422 3304 2478 agger-eque
3336 2426 3537 2479 expor-

1977 2494 2110 2550 tato,
2141 2503 2206 2542 ex
2244 2503 2325 2556 eo.
2358 2490 2481 2545 loco
2529 2508 2744 2547 sacrum
2784 2495 2912 2548 illud
2953 2497 3406 2554 Resurrectionis
3441 2519 3538 2568 au-

1978 2585 2120 2628 trum
2150 2579 2384 2644 exstitit,
2417 2590 2473 2634 et
2505 2591 2614 2636 tres
2665 2587 2896 2652 sparsim
2927 2589 3167 2656 disjecta‘.
3209 2607 3402 2644 cruces
3439 2609 3452 2645 :
3483 2603 3538 2646 et

1978 2667 2163 2720 tabula
2198 2679 2458 2736 praeterea
2502 2673 2625 2726 alba
2657 2674 2905 2739 iuventa,
2951 2678 3005 2730 in
3038 2693 3143 2748 qua
3179 2681 3419 2736 diversis
3454 2684 3537 2737 lin-

1979 2762 2112 2812 teris
2164 2760 2367 2814 Pilatus
2416 2777 2594 2830 regem
2638 2763 2954 2820 Judteorum
3001 2772 3323 2839 scripserat.
3362 2791 3536 2844 eaque

1976 2860 2142 2914 supra
2173 2859 2334 2915 caput
2368 2848 2574 2903 Christi
2621 2853 2975 2910 eollocata'in
3006 2874 3215 2914 morem
3243 2864 3531 2923 columnat.

1973 2938 2299 2991 cruciﬁxum
2341 2941 2492 2993 illum
2531 2943 2841 2997 Judaeornm
2897 2963 3076 3016 regem
3127 2967 3249 3005 esse
3296 2959 3537 3022 promul-

1973 3039 2144 3096 ειη-ιιι.
2191 3029 2460 3084 Cancrum
2512 3035 2654 3102 quod
2703 3036 2901 3090 littera
2945 3039 3320 3108 diﬂluxcrant,
3369 3055 3427 3100 et
3461 3057 3511 3100 ta

1973 3121 2097 3173 bula
2149 3134 2356 3176 temere
2399 3126 2541 3193 jacla
2585 3129 2822 3197 jacebat,
2859 3130 3096 3186 difﬁcilis
3143 3137 3323 3191 adhuc
3364 3140 3533 3194 divini

1972 3210 2105 3277 ligni
2156 3213 2404 3265 inventio
2452 3225 2591 3280 erat,
2635 3221 2779 3286 quod
2830 3223 3026 3275 ordine
3076 3226 3305 3280 confuso
3339 3245 3533 3284 cruces

1973 3301 2212 3369 disiecta:
2255 3304 2493 3360 fuerant.
2531 3310 2670 3372 Quid
2718 3328 2953 3381 namque
2997 3329 3278 3381 curarent,
3315 3321 3409 3387 qui
3459 3325 3531 3375 ita

1972 3392 2094 3446 illas
2128 3402 2332 3449 temere
2361 3398 2714 3467 disjecerant,
2754 3413 2813 3455 ut
2838 3403 2961 3457 loco
3001 3421 3102 3458 suo
3131 3425 3406 3478 quamque
3449 3429 3532 3466 rc-

1971 3483 2288 3551 linquerent
2309 3487 2330 3539 ?
2351 3490 2624 3557 praecipue
2656 3506 2780 3544 cum
2817 3497 3017 3549 milites
3049 3510 3275 3553 mortem
3304 3517 3531 3572 propter

1972 3574 2271 3629 Sabbatum
2292 3578 2746 3648 deprOperarent,
2769 3584 2930 3657 594
2961 3588 3241 3659 iidemque
3267 3606 3527 3661 praue-rea

1973 3667 2372 3738 inauspicatum
2421 3689 2542 3728 esse
2593 3678 2903 3743 crederent,
2965 3681 3034 3734 ad
3079 3698 3271 3738 cruces
3326 3691 3527 3740 morari

1971 3760 2239 3825 virorum,
2272 3763 2367 3831 qui
2403 3780 2501 3833 per
2532 3768 2638 3820 vim
2671 3769 2877 3824 illatam
2913 3775 3109 3828 mortui
3139 3789 3362 3832 essent:
3396 3797 3532 3848 quas

1968 3860 2194 3920 propter
2242 3855 2350 3907 alia
2391 3857 2498 3910 alio
2534 3860 2795 3928 projects.
2835 3861 2972 3916 Cum
3007 3881 3138 3934 ergo
3189 3869 3398 3924 incerta
3447 3874 3532 3925 in-

1969 3943 2216 4012 quisitio.
2261 3955 2442 4012 esset,
2503 3942 2670 4004 dubia
2721 3954 2888 4006 animi
2954 3955 3300 4024 imperatoris
3358 3974 3533 4016 mater

1968 4035 2140 4090 Deum
2172 4037 2482 4095 obsecravit
2531 4052 2590 4095 ut
2635 4043 2686 4097 ei
2719 4044 2980 4100 indicium
3015 4048 3187 4104 ﬁeret.
3221 4053 3398 4122 Atque
3442 4056 3532 4110 ille

1968 4129 2384 4198 ambiguitatem
2447 4134 2683 4203 quodam
2738 4136 2993 4192 dissolvit
3060 4143 3258 4208 modo,
3318 4146 3528 4215 lignum

1967 4219 2356 4278 demonstrans
2396 4225 2462 4278 ad
2508 4229 2654 4295 quod
2689 4228 3028 4285 Dominieum
3078 4234 3300 4288 allixum
3333 4253 3536 4307 corpus

290 4324 436 4390 ἀμφ’
466 4325 632 4376 αὐτὸν
660 4321 782 4397 ῆκε·
811 4326 1080 4394 σύμϐολόν
1111 4344 1168 4379 τε
1200 4328 1392 4393 ἐδίδου,
1418 4329 1474 4392 ὃς
1503 4330 1571 4384 ἂν
1593 4333 1867 4396 ἐπιτεθεὶς

1974 4311 2172 4376 fuerat,
2217 4322 2275 4367 et
2306 4317 2453 4386 quod
2499 4317 2671 4372 divini
2719 4323 3006 4391 sanguinis
3049 4326 3251 4379 stillam
3290 4328 3538 4384 deﬂuen-

292 4419 404 4468 τῶν
434 4419 692 4487 σταυρῶν
729 4421 828 4488 τὴν
875 4422 1190 4488 κάμνουσαν
1247 4424 1608 4477 ἀπαλλάττειν
1663 4427 1862 4496 ἀθρόον

291 4510 434 4578 εχοι,
467 4510 660 4562 τοῦτον
693 4507 832 4562 εἶναι
866 4513 954 4564 τὸν
989 4513 1082 4565 τοῦ
1128 4514 1329 4583 Κυρίου
1360 4516 1612 4584 σταυρόν.
1649 4519 1758 4570 Καὶ
1798 4519 1862 4589 δὴ

296 4604 615 4670 εὐχόμενος,
658 4606 797 4654 κατὰ
829 4603 924 4656 ἕνα
969 4604 1076 4656 τῶν
1112 4607 1360 4675 σταυρῶν
1389 4611 1670 4677 προσῆγεν
1693 4609 1864 4677 ἀρξά-

301 4710 482 4760 μενος.
541 4693 659 4744 Τῶν
688 4692 868 4744 τοίνυν
913 4693 1008 4746 δύο
1053 4695 1318 4746 τεθέντων
1368 4696 1520 4747 οὐδὲν
1554 4691 1721 4765 ἦττον⁸
1753 4699 1864 4760 τοῖς

301 4784 439 4842 ἴσοις
466 4780 531 4852 ἦν
560 4786 590 4852 ἡ
625 4782 786 4852 γυνὴ,
818 4783 1190 4854 ἀπολεγομένη
1218 4785 1318 4854 ἤδη
1349 4785 1410 4836 τὸ
1438 4785 1557 4855 ζῇνζ
1607 4785 1694 4847 Ὠς
1715 4786 1770 4838 δὲ
1803 4787 1863 4840 τὸ

297 4880 524 4946 γνήσιον
589 4875 968 4946 προσεπέλασε
1020 4877 1210 4941 ξύλον,
1263 4877 1523 4946 ἐξαπίνης
1549 4879 1811 4948 ἀνέϐλεψε
1841 4893 1881 4936 ⁸.

296 4970 397 5022 καὶ
464 4970 560 5032 τὰς
622 4970 882 5036 δυνάμεις
934 4970 1258 5039 ἐρρωμένως
1305 4969 1626 5038 ἀθροίσασα,
1683 4989 1860 5040 παρα-

293 5060 486 5129 χρῆμα
512 5061 611 5128 τῆς
648 5060 940 5130 στρωμνῆς
971 5061 1312 5130 ἀπεπήδησε.
1340 5062 1573 5129 Λέγεται
1593 5061 1638 5113 δ’
1668 5063 1860 5115 ἔπειτα

294 5156 396 5204 καὶ
421 5154 598 5222 νεκρῷ
631 5153 977 5205 παντάπασιν
1019 5153 1338 5206 ἐπιτεθέντα
1388 5154 1479 5205 τὸν
1519 5153 1659 5205 θεῖον
1699 5171 1862 5206 orau-

297 5246 394 5315 ρὸν
423 5246 719 5300 ἀναϐιῶναι
747 5246 812 5297 ὲκ
861 5245 956 5298 τοῦ
991 5246 1210 5299 αὐτίκα.
1244 5243 1353 5297 Καὶ
1396 5245 1585 5298 τοῦτον
1630 5249 1730 5316 μὲν
1770 5248 1860 5298 τὸν

1971 4410 2080 4456 tem
2115 4417 2430 4473 exceperat.
2458 4408 2652 4462 Mulier
2687 4412 2937 4479 quaadam
2964 4414 3197 4470 honesto
3231 4417 3354 4472 loco
3380 4432 3531 4487 nata,

1969 4495 2120 4564 gravi
2150 4510 2416 4566 oppressa
2453 4503 2668 4567 morbo,
2700 4512 2949 4558 extremo
2995 4507 3280 4562 laborabat
3311 4512 3534 4579 pericu-

1969 4587 2024 4641 lo
2049 4607 2064 4644 :
2091 4591 2159 4644 ad
2193 4589 2337 4644 hanc
2370 4591 2638 4648 Macarius
2673 4611 2779 4650 una
2813 4613 2935 4650 cum
2972 4599 3177 4654 Helena
3207 4603 3528 4656 comitibus-

1969 4697 2078 4751 que
2112 4681 2234 4752 ejus
2263 4686 2433 4750 venit,
2471 4695 2526 4740 et
2569 4665 2785 4756 sigrium
2817 4690 2912 4744 ille
2944 4691 3119 4757 dedit,
3155 4710 3274 4762 qua:
3301 4711 3365 4772 es
3406 4712 3538 4752 cru-

1969 4775 2127 4830 cibus
2184 4776 2307 4831 istis
2357 4779 2575 4834 feminae
2621 4790 2841 4850 azgrota:
2894 4783 3150 4852 imposita
3220 4786 3532 4854 periculum

1968 4874 2197 4924 omnino
2224 4873 2543 4939 discuteret,
2565 4891 2684 4928 eam
2707 4875 2913 4930 Christi
2943 4894 3162 4932 crucem
3185 4895 3328 4935 esse.
3355 4883 3535 4949 Atque

1970 4964 2287 5030 precatione
2337 4967 2474 5018 facta
2506 5006 2520 5028 ,
2570 4983 2788 5021 crucem
2828 4970 3135 5038 quamlibet
3177 4973 3405 5027 seorsim
3444 4975 3534 5028 illc

1974 5055 2251 5108 adhibuit.
2278 5057 2341 5110 Et
2365 5058 2580 5112 duabus
2607 5061 2841 5116 admotis
2873 5065 2972 5131 (l),
3013 5067 3066 5118 in
3101 5066 3295 5120 eodem
3334 5066 3534 5120 nihilo-

1971 5144 2154 5199 minus
2189 5147 2384 5199 mulier
2416 5149 2738 5205 discrimine
2772 5155 2996 5216 mansit,
3038 5155 3164 5210 vita:
3187 5157 3298 5225 jam
3339 5156 3534 5222 despe-

1970 5246 2131 5302 ratae;
2187 5248 2248 5290 ut
2294 5248 2477 5292 autem
2526 5257 2716 5296 verum
2752 5245 2800 5296 ei
2850 5245 3111 5315 imposuit
3147 5247 3396 5313 lignum,
3435 5261 3530 5296 su-

289 5341 495 5406 τρόπον
545 5339 606 5392 τὸ
659 5337 949 5390 θεσπέσιον
1015 5337 1257 5406 ἐμφανὲς
1319 5337 1648 5404 γεγενῆσθαι
1703 5336 1860 5403 ξύλον

1974 5327 2086 5382 bito
2150 5331 2240 5385 illa
2298 5334 2562 5402 respexit,
2609 5336 2930 5406 viribusque
2981 5341 3211 5392 ﬁrmiter
3259 5338 3527 5399 collectis.

294 5432 601 5500 ίστόρηται.
641 5426 715 5483 Οὗ
755 5430 919 5499 μέρος
947 5429 1006 5482 τὸ
1036 5431 1284 5482 πλεῖστον
1315 5432 1344 5498 ἡ
1376 5429 1492 5480 θεία
1531 5425 1722 5498 Ἑλένη
1761 5430 1862 5499 ἁρ-

294 5527 440 5592 γυρᾴ
473 5523 866 5590 περικλείσασα
895 5523 1059 5592 θήκῃ,
1098 5520 1174 5590 τῷ
1207 5520 1494 5589 ὲπισκὸπῳ
1525 5522 1605 5581 εἰς
1638 5521 1860 5589 μνήμην

372 5639 439 5697 (1)
478 5635 706 5689 Ruﬁnus
742 5634 795 5688 in
837 5633 1034 5690 Eccles.
1075 5635 1313 5698 historia,
1354 5648 1472 5702 cap.
1513 5633 1544 5685 7
1574 5642 1630 5686 et
1661 5632 1716 5684 8.

1969 5421 2111 5476 lecto
2144 5407 2331 5477 statim
2363 5427 2608 5480 exsiluit.
2647 5429 2843 5482 Dicunt
2873 5445 3114 5498 quoque,
3164 5437 3350 5497 postea
3385 5444 3532 5483 mor-

1971 5521 2066 5566 tuo
2117 5527 2347 5584 prorsus
2397 5532 2616 5572 crucem
2670 5518 3002 5587 impositam,
3045 5521 3097 5572 in
3154 5521 3323 5573 vitam
3375 5519 3527 5575 illum
