3972 6200
237 485 344 553 113

1134 486 1735 576 ΕαειΕειΑεΤιρΕ
1774 489 2159 550 HISTORIA?
2199 491 2341 554 LIB.
2377 491 2544 553 VIII.

3405 483 3498 544 ili

241 608 449 678 μιλίοις
477 605 649 676 διέχει
678 607 777 677 τῆς
843 605 1071 669 πόλεως,
1123 607 1183 659 ἐν
1232 599 1276 673 ᾧ
1302 604 1398 658 τοῦ
1432 605 1814 674 θυσιαστηρίου

1927 605 1994 662 ad
2047 623 2168 663 eam
2216 609 2271 664 in
2329 625 2438 678 qua
2500 609 2755 665 Christus
2806 617 2968 663 natus
3023 616 3107 662 est
3157 606 3494 676 speluncam,

237 697 422 769 χαμαὶ
456 697 556 763 τὴν
589 695 799 766 φάτνην
822 696 918 748 καὶ
944 695 1003 747 τὺ
1035 695 1175 747 θεῖον
1201 694 1468 764 σπήλαιον
1508 692 1818 762 περιέσχεν·

238 790 436 858 ἑτέραν
457 788 504 840 δ’
526 789 584 840 ἑν
607 787 686 856 τῷ
714 789 822 840 τῶν
852 785 1080 838 Ἐλαιῶν
1103 785 1220 855 δρει
1251 785 1386 854 πρὸς
1420 787 1484 854 τῇ
1518 784 1819 853 ἀκρωρείᾳ,

236 883 378 935 ὅπου
405 880 470 951 δὴ
503 879 680 932 λιπὼν
719 878 842 940 τοὺς
873 876 1127 944 μαθητὰς
1158 878 1185 928 ό
1235 875 1496 944 Χριστὸς,
1548 876 1686 944 πρὸς
1731 877 1822 927 οὺ-

242 973 444 1042 ρανοὺς
475 969 782 1040 ἀνελήφθη.
839 967 1124 1038 ’Υπερφνῆ
1172 966 1230 1019 δέ
1262 985 1382 1020 τινα
1420 967 1610 1029 ἕτερον
1642 967 1698 1018 ὲν
1743 966 1821 1035 τῷ

236 1065 428 1136 χωρίῳ
479 1061 790 1131 Γεθσιμανῆ
820 1060 957 1112 νεὼν
987 1061 1054 1129 τῇ
1095 1057 1344 1127 Θεοτόκῳ
1393 1056 1598 1126 ἐγείρει
1623 1099 1637 1121 ,
1673 1056 1820 1109 ἔνδον

237 1157 334 1210 τοῦ
389 1153 786 1222 θυσιαστηρίου
845 1151 938 1204 τὸν
1008 1149 1293 1220 ζωηφόρον
1375 1147 1594 1216 ἐκείνης
1645 1147 1819 1215 τάφον

238 1249 507 1317 ἀσφαλῶς
551 1245 984 1316 περιστείλασα.
1039 1240 1400 1312 Καταφεροῦς
1444 1239 1490 1292 δ’
1538 1239 1690 1300 δντος
1725 1238 1820 1291 τοῦ

236 1345 432 1405 τόπου,
483 1339 840 1406 άναδαθμοὺς
869 1339 932 1390 ἐκ
975 1336 1290 1406 μαρμάρων
1331 1332 1700 1402 ποιησαμένη,
1729 1325 1820 1383 τόν

239 1433 572 1502 βουλόμενον
619 1431 684 1483 ὲκ
747 1433 845 1497 τῆς
896 1427 1060 1496 ἀγίας
1115 1425 1320 1486 πόλεως
1367 1423 1504 1492 πρὸς
1553 1421 1820 1484 ἀνατολὰς

238 1525 499 1592 κατάγει.
519 1524 754 1588 Λέγεται
773 1522 878 1590 γάρ
901 1537 982 1572 τοι
1007 1519 1100 1572 καὶ
1121 1518 1354 1585 στόμασι
1383 1514 1598 1566 πολλῶν
1629 1514 1822 1582 περιά-

235 1633 420 1685 γεται,
445 1614 523 1674 ὡς
542 1616 610 1675 ,ἐς
636 1615 695 1664 τὸ
715 1613 984 1673 κάταντες
1011 1610 1103 1662 ίὼν
1130 1609 1158 1661 ό
1183 1607 1368 1671 τόπος,
1395 1604 1580 1666 κοιλὰς
1608 1603 1822 1656 Κλαυθ-

238 1709 424 1779 μῶνος
456 1705 744 1758 καλεῖσθαι
771 1720 785 1733 ·
828 1702 1162 1772 χειμάρρους
1215 1714 1274 1749 τε
1327 1697 1438 1750 τῶν
1479 1696 1702 1766 Κέδρων
1728 1695 1821 1748 καὶ

237 1800 428 1859 κοιλὰς
453 1798 546 1850 τοῦ
583 1796 872 1862 Ἰωσαφάτο
902 1793 1138 1862 ἄγχιστα
1165 1790 1211 1844 δ’
1233 1787 1368 1844 εἶναι
1402 1791 1495 1843 καὶ
1525 1790 1616 1843 τὸν
1646 1789 1820 1860 κῆπον

233 1881 279 1955 ᾧ
313 1885 594 1954 παρεδόθη
622 1884 876 1954 Χριστὸς,
907 1881 1116 1943 εἰωθὼς
1141 1880 1216 1934 ὢν
1251 1883 1365 1932 ἐκεῖ
1395 1879 1817 1949 προσεύχεσθαι.

1929 701 2111 755 sexies
2145 701 2292 754 mille
2321 701 2577 770 passibus
2609 702 2678 756 ab
2708 701 2842 755 urbe
2874 699 3170 754 distantem
3203 715 3218 753 :
3256 697 3308 749 in
3344 695 3502 764 cujus

1931 793 2207 846 sanctiore
2241 793 2485 846 sacrario
2514 793 2667 846 humi
2700 801 2756 845 et
2805 805 3072 861 praesepe,
3099 800 3152 844 et
3179 789 3497 858 speluncam

1930 899 2144 939 sacram
2184 892 2267 938 est
2303 885 2622 953 complexa;
2663 883 2894 938 alteram
2931 895 3064 936 vero
3114 883 3167 934 in
3217 880 3498 933 Olivarum

1931 985 2146 1040 monte,
2177 976 2245 1029 ad
2281 977 2548 1030 verticem
2587 975 2792 1046 ipsum,
2843 975 2934 1028 ubi
2970 973 3177 1028 relictis
3212 969 3502 1038 discipulis

1929 1066 2185 1120 Christus
2216 1067 2270 1119 in
2302 1067 2473 1122 caelos
2498 1075 2583 1121 est
2613 1076 2950 1136 assumptus.
2984 1064 3254 1118 Excitavit
3281 1076 3502 1130 quoque

1931 1155 2225 1210 miriﬁcum
2274 1156 2423 1212 aliud
2472 1157 2738 1226 templum
2790 1158 2845 1210 in
2893 1154 3248 1212 Gethsemani
3294 1153 3500 1222 prmdiu

1929 1247 2197 1304 Genitrici
2251 1247 2368 1313 Dei,
2415 1259 2580 1318 atque
2637 1248 2690 1302 in
2749 1249 2993 1302 sacrario
3029 1247 3168 1323 .ipso
3218 1245 3497 1298 viviﬁcum

1887 1340 2050 1410 'cjus
2104 1339 2420 1407 sepulcrum
2481 1339 2720 1394 ﬁrmiter
2768 1339 3012 1392 inclusit.
3050 1337 3187 1391 Cum
3241 1351 3370 1389 vero
3406 1335 3503 1389 de-

1929 1431 2088 1484 clivis
2113 1429 2159 1485 is
2190 1430 2264 1485 sit
2297 1430 2698 1501 locus,gradus
2731 1445 3075 1484 marmoreas
3104 1430 3221 1482 lteri
3259 1430 3495 1486 curavit.

1927 1523 2170 1575 viatores
2203 1536 2269 1574 ex
2307 1533 2495 1575 sancta
2526 1523 2661 1576 urbe
2691 1522 3021 1576 orientalem
3060 1520 3271 1589 plagam
3311 1535 3501 1571 versus

1926 1611 2191 1667 ferentes.
2257 1611 2422 1684 596
2491 1612 2789 1666 Multorum
2855 1627 3076 1681 quoque
3149 1611 3501 1665 sermonibus

1927 1704 2338 1770 circumfertur,
2410 1705 2766 1760 decliviorem
2845 1720 2972 1759 eum
3044 1705 3226 1758 locum
3291 1703 3498 1756 Vallem

1928 1795 2114 1859 ﬂetus,
2160 1805 2214 1847 et
2253 1807 2556 1850 torrentem
2604 1795 2846 1858 Cedron,
2883 1806 3050 1865 atque
3093 1799 3260 1850 etiam
3303 1797 3499 1848 vallem

1926 1884 2192 1954 Josaphat
2238 1885 2368 1940 dici.
2421 1884 2478 1938 In
2524 1886 2840 1956 propinquo
2887 1887 3051 1941 etiam
3109 1901 3232 1940 esse
3281 1886 3500 1937 hortum

237 1983 346 2034 Καὶ
372 1983 488 2041 τοῖς
512 1977 678 2039 θείοις
705 1977 762 2028 δὲ
806 1976 1040 2044 νηπίοις,
1067 1974 1162 2029 καὶ
1193 1976 1326 2027 ὅπου
1359 1973 1415 2025 δὲ
1448 1972 1678 2040 ἄγγελος
1709 1974 1814 2035 τοῖς

1930 1977 2083 2030 illum
2114 1977 2166 2030 in
2199 1992 2307 2044 quo
2337 1976 2588 2046 proditus
2616 1987 2701 2032 est
2725 1976 2997 2041 Christus,
3034 1985 3090 2031 et
3120 1978 3172 2030 in
3208 1993 3317 2046 quo
3345 1992 3502 2029 orare

236 2074 499 2140 ποιμέσιν
529 2068 938 2138 εὐηγγελίζετο,
974 2066 1330 2138 ἐδημιούργει
1370 2065 1579 2127 τούτοις
1609 2065 1672 2134 δὴ
1711 2066 1821 2125 τοῖς

234 2168 454 2233 ᾶντροις
489 2162 1091 2242 ἰερζφροντιστήριαο
1136 2159 1317 2220 αὐτοῖς
1340 2175 1397 2210 τε
1428 2157 1676 2228 βρέφεσι,
1728 2155 1822 2208 καὶ

235 2260 299 2324 τῇ
334 2255 433 2308 τοῦ
466 2256 645 2322 Λόγου
681 2251 1009 2321 λοχευτρία,
1047 2252 1146 2302 καὶ
1194 2249 1271 2320 τῷ
1310 2251 1578 2320 μνήστορι
1617 2246 1818 2317 Ἰωσὴφ

234 2347 428 2416 ἕτερον
452 2384 467 2398 .
531 2345 772 2396 Ἐκεῖθεν
802 2345 881 2406 εἰς
929 2342 1206 2411 Βηθάνιαν
1240 2340 1416 2405 ἰοῦσα,
1467 2340 1708 2408 Λαζάρῳ
1742 2338 1818 2408 τῷ

234 2439 373 2506 φίλῳ
403 2435 648 2506 Χριστοῦ
678 2437 813 2487 νεὼν
850 2439 978 2504 περὶ
1024 2436 1113 2488 τὸν
1146 2435 1318 2503 τάφον
1349 2433 1668 2503 περιφανῶς
1697 2433 1816 2484 άνι-

236 2528 366 2598 στᾷ·
389 2528 560 2595 διέχει
582 2525 637 2578 δὲ
675 2525 1067 2594 Ἰεροσολύμων
1090 2523 1224 2578 ὡσεὶ
1255 2523 1410 2591 μίλια
1440 2522 1554 2574 δύο.
1581 2523 1818 2576 Ἔπειτα

233 2621 308 2690 τῷ
344 2621 478 2686 θείῳ
527 2618 766 2688 Ἰορδάνῃ
798 2617 1150 2686 προσϐάλλευ
1181 2617 1274 2668 κοιλ⁵
1302 2615 1448 2686 ἀμφὶ
1467 2615 1544 2684 τῷ
1570 2614 1818 2684 σπηλαίῳ

235 2706 276 2780 ᾧ
310 2714 485 2766 παλαι
536 2714 635 2782 τὴν
681 2712 1006 2782 κατοίκησιν
1049 2705 1196 2779 εἶχεν
1226 2711 1254 2760 ὀ
1302 2707 1639 2776 Βαπῖιστὴς,
1668 2703 1817 2757 οἷκον

235 2806 389 2874 αὖτῷ
420 2802 746 2872 ,περικαλλῆ
797 2803 1112 2872 ἀνεγείρει·
1162 2803 1258 2856 καὶ
1305 2801 1461 2855 ἄλλον
1507 2800 1564 2852 δὲ
1596 2803 1732 2871 πρὸς
1758 2801 1818 2853 τὸ

237 2894 469 2955 ἄναντες
504 2891 598 2946 τοῦ
651 2892 813 2961 ὅρους
864 2892 1047 2945 Ἠλιοῦ
1086 2890 1162 2962 τῷ
1205 2892 1442 2966 Θεσὸίτῃ
1491 2893 1814 2962 ὲγκαθιστᾷ.

243 2987 398 3040 Ὀδὸν
425 2987 469 3039 δ’
497 2985 711 3038 ἐκεῖθεν
753 2986 1034 3056 τεσσάρων
1068 2985 1313 3040 ἀνύσασα
1343 2985 1588 3056 ἡμερῶν,
1621 2988 1700 3046 εἰς
1724 2985 1818 3038 Τι-

236 3081 464 3150 6εριάδα
501 3080 651 3148 ἥκει,
685 3076 815 3131 ἔνθα
853 3085 913 3130 τὸ
962 3077 1376 3148 Δωδεκάθρονον
1408 3078 1646 3148 ἵστησιν,
1681 3079 1814 3131 ὅπου

235 3175 477 3243 Χριστὸς
512 3172 610 3225 καὶ
637 3171 763 3234 τοὺς
798 3169 1273 3241 τετρακισχιλίους
1301 3169 1555 3239 διέθρεψε
1581 3185 1595 3198 ⁸
1634 3170 1729 3222 καὶ
1757 3171 1817 3220 τὸ

1923 2069 2123 2122 εοΙίιυε
2179 2067 2381 2122 fuerat.
2433 2069 2650 2123 Sanctis
2695 2069 2888 2124 itidem
2928 2069 3252 2132 infantibus,
3296 2076 3352 2120 et
3403 2068 3496 2120 ubi

1919 2160 2149 2230 angelus
2187 2161 2503 2228 pastoribus
2549 2161 2734 2214 ltetum
2781 2161 2968 2215 attulit
3004 2160 3286 2223 nuntium,
3326 2161 3380 2212 in
3417 2161 3499 2213 eis

1924 2252 2060 2321 ipsis
2090 2253 2226 2307 locis
2255 2268 2444 2307 sacras
2474 2254 2749 2307 exstruxit
2772 2252 2920 2307 :cdcs
2951 2271 2965 2304 :
2998 2251 3304 2304 infantibus
3341 2253 3466 2304 vide
3488 2281 3500 2291 -

1921 2346 2052 2399 licet
2085 2346 2240 2414 ipsis,
2271 2357 2327 2401 et
2359 2345 2522 2400 Verbi
2557 2361 2865 2416 puerperi»,
2902 2361 3003 2398 nec
3025 2361 3136 2398 non
3171 2345 3333 2397 aliam
3370 2361 3498 2412 quu-

1921 2453 2029 2506 que
2072 2453 2276 2506 sponso
2316 2437 2560 2506 Josepho
2591 2439 2788 2496 aedem.
2826 2436 2952 2491 Inde
3004 2435 3334 2490 Bethaniam
3382 2451 3498 2503 pro-

1921 2545 2109 2598 gressa
2171 2527 2383 2584 Lazaro
2436 2527 2642 2589 Christi
2696 2527 2877 2581 amico
2938 2528 3156 2595 insigne
3203 2526 3497 2579 aediﬁcavit

1921 2619 2213 2676 delubrum
2249 2639 2260 2672 :
2300 2620 2460 2674 abest
2497 2620 2547 2672 id
2591 2619 2988 2687 Hierosolymis
3025 2633 3288 2684 ριιςουιιω
3337 2617 3499 2670 milli-

1923 2712 2026 2768 bus
2052 2711 2297 2766 duobus.
2323 2711 2528 2765 Deinde
2551 2710 2617 2763 ad
2644 2726 2856 2764 sacrum
2883 2709 3178 2764 Iordanem
3205 2724 3498 2768 conversa.

1921 2807 2067 2859 circa
2129 2804 2450 2872 Speluncam
2503 2803 2594 2856 tibi
2652 2803 2783 2855 olim
2840 2801 3186 2854 domicilium
3252 2801 3496 2870 Baptista

1917 2897 2136 2964 "habuit,
2187 2896 2575 2964 perpulchrum
2616 2895 2788 2947 aedem
2839 2893 2916 2947 illi
2967 2894 3168 2956 erexit,
3221 2894 3497 2963 aliamque

1917 2987 1988 3064 ad
2019 2987 2386 3044 acclivitatem
2413 2986 2639 3050 montis,
2672 2984 2801 3038 lilia:
2824 2985 3125 3046 Thesbitas.
3153 2988 3333 3056 Atque
3369 2987 3496 3040 inde

1918 3087 2155 3148 quatuor
2179 3079 2392 3133 dierum
2427 3077 2628 3132 itinere
2656 3092 2908 3141 emenso,
2940 3078 3292 3132 Tiberiadem
3323 3080 3496 3143 venit,

1921 3173 2015 3226 ubi
2049 3173 2108 3224 τὸ
2143 3171 2584 3239 Δωδεκάθρονον,
2619 3171 2723 3224 hoc
2756 3181 2863 3234 est,
2897 3172 3197 3229 Duodecim
3235 3171 3490 3226 Tbrono-

235 3269 436 3338 χωρίον
487 3266 636 3318 ἐστιν
663 3267 696 3335 ἡ
728 3263 1099 3335 Καπερναοὺμ
1121 3304 1136 3327 ,
1171 3265 1299 3317 ἔνθα
1336 3263 1400 3334 δὴ
1437 3265 1530 3317 καὶ
1574 3262 1642 3315 τὰ
1674 3263 1814 3314 κατὰ

1922 3281 2044 3318 rum
2081 3265 2343 3333 templum
2391 3264 2606 3327 statuit,
2649 3280 2759 3334 quo
2806 3266 2929 3319 loco
2966 3265 3221 3320 Christus
3255 3275 3495 3334 quatuor

234 3365 323 3416 τὸν
355 3363 762 3430 ἑκατόνταρχον
808 3357 1089 3427 ἐτελέσθη,
1139 3363 1232 3410 καὶ
1263 3359 1291 3409 ὁ
1333 3356 1425 3410 διὰ
1478 3357 1578 3426 τῆς
1618 3357 1816 3425 στέγης

235 3458 534 3528 χαλασθεὶς
584 3454 962 3523 παραλυτικὸς
1020 3453 1222 3508 αὐτίκα
1267 3451 1392 3522 εὗρε
1454 3452 1554 3522 τὴν
1621 3452 1766 3506 ἴασιν
1798 3491 1813 3504 .

236 3550 370 3604 Εἶτα
394 3555 452 3602 ἐν
478 3543 522 3617 ᾧ
550 3549 650 3620 τὴν
674 3546 770 3599 τοῦ
791 3548 1022 3617 αἵματος
1056 3546 1243 3600 στάσιν
1272 3547 1306 3616 ἡ
1334 3546 1632 3619 αἱμόρρους
1662 3546 1812 3613 εὗρε·

236 3650 336 3701 κάν
367 3645 450 3714 τῷ
505 3643 850 3712 Ἐπταπήγῳ
892 3641 1166 3711 λεγομένῳ
1203 3642 1533 3712 ἐφίσταται,
1589 3641 1724 3692 ὅπου
1755 3641 1817 3692 τὸ

237 3742 345 3793 τῶν
376 3740 521 3790 ἑπτὰ
545 3737 728 3807 ἄρτων
775 3736 868 3787 καὶ
912 3734 1023 3785 τῶν
1062 3732 1154 3786 δύο
1197 3733 1396 3803 ἰχθύων
1443 3731 1628 3796 θαῦμα
1659 3733 1816 3798 ξένον

238 3832 558 3901 εἰργάσατο.
594 3829 711 3880 Κάν
752 3829 818 3898 τῇ
863 3825 1023 3894 ἀλεία
1055 3824 1112 3877 δὲ
1154 3826 1255 3895 τῆς
1294 3824 1617 3891 Τιόεριάδος
1654 3840 1818 3891 γεγε-

238 3924 472 3990 νημένη,
504 3921 599 3971 καὶ
637 3919 771 3971 ὅπου
820 3917 876 3970 δὲ
904 3917 1004 3986 τὴν
1041 3915 1417 3987 Μαγδαληνὴν
1453 3919 1592 3982 ἰᾶτο,
1629 3917 1816 3984 διαφό-

241 4028 366 4080 ρους
408 4009 535 4065 καθ’
585 4009 818 4062 ἕκαστον
865 4007 1072 4060 τούτων
1101 4008 1216 4070 τοῖς
1261 4009 1583 4072 ἀποστόλοις
1616 4009 1814 4062 ἀνίστα

238 4104 396 4162 νεώς.
431 4100 626 4154 Ἐνδον
657 4100 714 4152 δὲ
743 4099 844 4168 τῆς
884 4099 1094 4158 πόλεως
1135 4097 1461 4168 Τιϐεριάδος
1491 4099 1590 4167 τὴν
1631 4099 1814 4152 οίκίαν

235 4194 335 4259 τῆς
361 4192 634 4260 πενθερᾶς
670 4192 879 4260 [Ιὲτρου
906 4186 1146 4258 εὑροῦσα
1177 4187 1370 4257 Πέτρῳ
1399 4188 1477 4256 τῷ
1528 4187 1659 4257 θείῳ
1689 4205 1812 4240 ποιο

239 4286 384 4336 κίλον
411 4283 687 4353 ᾠκοδόμει
729 4280 886 4337 νεών.
936 4284 1052 4336 Κάν
1093 4280 1175 4351 τῷ
1219 4279 1490 4349 Θαὸωρίῳ
1532 4281 1589 4332 δὲ
1617 4283 1684 4332 τὰ
1719 4280 1810 4332 tam

237 4376 616 4443 διεπράττετοο
648 4372 779 4426 ἔνθα
807 4372 873 4440 δὴ
916 4373 1138 4440 λέγεται
1193 4373 1287 4426 καὶ
1321 4371 1413 4424 τὸν
1470 4372 1809 4441 Μελχισεδὲκ

237 4468 484 4531 εὐλογίας
513 4465 850 4529 καταξιῶσαι
872 4464 964 4516 τὸν
1005 4463 1282 4533 Ἀϐραάμ.
1313 4463 1403 4532 Τῴ
1425 4463 1482 4516 δὲ
1504 4465 1602 4532 τῆς
1626 4464 1810 4517 Μετα-

239 4559 573 4628 μορφώσεως
602 4559 755 4626 τόπῳ
797 4558 911 4618 τοῖς
935 4555 1032 4624 τὴν
1075 4555 1328 4624 ὑπερφυᾶ
1375 4557 1683 4609 κατιδοῦσιν
1722 4556 1808 4609 αί-

1921 3357 2206 3412 hominum
2243 3356 2415 3410 millia
2458 3357 2628 3424 pavit.
2681 3357 2738 3409 In
2781 3371 2843 3409 ca
2895 3356 3124 3427 regione
3167 3365 3256 3408 est
3296 3353 3498 3423 Caper-

1921 3463 2107 3514 naum,
2144 3449 2236 3504 ubi
2271 3449 2599 3502 miraculum
2633 3449 2765 3506 illud
2800 3451 2856 3503 in
2901 3450 3229 3505 centurione
3260 3452 3495 3507 editum.

1917 3551 1972 3597 et
2009 3543 2063 3595 in
2098 3541 2422 3611 paralytico,
2455 3542 2546 3611 qui
2589 3557 2685 3610 per
2733 3552 2934 3598 tectum
2973 3544 3270 3607 demissus,
3305 3545 3491 3600 statim

1918 3634 2153 3710 salutem
2210 3634 2467 3697 invenit;
2532 3632 2735 3686 deinde
2796 3633 2886 3686 ubi
2948 3635 3150 3688 mulier
3205 3636 3494 3705 sanguinis

1917 3724 2066 3778 ﬂuxu
2112 3724 2369 3790 laborans
2408 3723 2664 3776 restituta
2701 3732 2808 3778 est.
2835 3723 3066 3778 Sistitnr
3092 3726 3259 3779 etiam
3286 3726 3339 3779 in
3375 3727 3496 3781 loco

1917 3816 2013 3886 qui
2053 3817 2258 3870 dicitur
2303 3815 2684 3884 Ἐπτάπηγος,
2717 3815 2824 3886 hoc
2853 3827 2958 3877 est.
3001 3819 3082 3872 Ad
3127 3829 3339 3887 septem
3376 3819 3496 3870 l'on-

1918 3915 2024 3972 tes,
2044 3906 2138 3980 ubi
2166 3907 2359 3978 ingens
2389 3907 2522 3962 illud
2554 3907 2884 3964 miraculum
2909 3909 2978 3962 de
3009 3919 3222 3977 septem
3259 3911 3517 3980 panibus.

1916 4007 1971 4053 et
2010 3998 2202 4070 paucis
2227 3999 2471 4068 piscibus
2497 4000 2768 4066 Dominus
2799 4001 2954 4054 fecit.
2987 4000 3238 4058 Accessit
3266 4019 3492 4072 quoque

1916 4091 1983 4144 ad
2025 4090 2337 4148 Tiberiadis
2370 4092 2667 4166 piscatum,
2709 4102 2768 4160 et
2819 4093 2872 4145 in
2920 4093 3102 4147 locum
3147 4095 3239 4150 ubi
3276 4095 3495 4163 Magda-

1911 4185 2038 4245 lena
2070 4193 2260 4252 sanata
2289 4194 2395 4248 est,
2423 4194 2479 4238 et
2514 4186 2568 4242 in
2599 4185 2832 4255 singulis
2856 4187 2996 4258 locis
3023 4189 3240 4242 diversa
3271 4197 3496 4256 aposto-

1912 4277 1983 4332 lis
2032 4278 2341 4336 construxit
2393 4278 2618 4348 tenipla.
2669 4277 2816 4336 Intra
2870 4281 3065 4334 urbem
3115 4279 3488 4343 Tiberiadem,

1910 4384 2110 4440 socrus
2137 4369 2290 4424 Petri
2330 4370 2495 4426 domo
2527 4380 2769 4439 reperta.
2804 4372 2934 4427 divo
2983 4373 3148 4426 Petro
3195 4373 3487 4441 pulchrum

1911 4461 2203 4516 constituit
2235 4461 2558 4518 delubrum.
2597 4463 2791 4518 Itidem
2823 4479 2992 4532 porro
3031 4466 3086 4516 in
3121 4474 3307 4518 monte
3344 4463 3492 4517 'l'ha—

1911 4556 2013 4608 bor
2034 4554 2190 4619 fecit,
2226 4555 2279 4607 in
2305 4571 2417 4625 quo
2452 4555 2857 4612 Melchisedech
2890 4556 3263 4616 Abrahamum
3287 4556 3490 4610 dicitur

236 4650 374 4716 γλην
401 4649 615 4718 ἐκείνην
642 4648 821 4716 τρισὶν
853 4645 1172 4708 ἀποστόλοις
1203 4647 1506 4716 περικαλλῆ
1538 4647 1631 4700 τὸν
1659 4645 1805 4702 οἷκον

1917 4645 2306 4705 benedictione
2371 4657 2702 4714 prosecutus
2761 4661 2906 4702 esse.
2977 4646 3038 4700 In
3112 4647 3233 4716 ipso
3299 4659 3484 4704 autem

234 4739 505 4805 ἐδείματο’
532 4738 630 4790 καὶ
656 4737 825 4789 πολλά
855 4735 929 4805 τῷ
959 4738 1103 4804 τόπῳ
1127 4736 1492 4789 κατεϐάλλετο
1522 4739 1624 4807 χρή
1635 4755 1800 4806 ματα,

234 4830 308 4880 ἵν’
350 4825 454 4881 εἷεν
487 4833 597 4890 τοῖς
639 4830 820 4881 ἐκεῖσε
869 4831 1276 4899 παραμένουσι,
1327 4830 1419 4881 καὶ
1477 4829 1569 4882 τὸν
1625 4830 1803 4900 χῶρον

234 4924 482 4990 ειπρεπῖι
506 4921 843 4973 καθιστῶσιν
883 4924 962 4981 εἰς
1007 4921 1216 4989 ὄνησιν.
1277 4920 1519 4972 Ἐκεῖθεν
1561 4921 1619 4972 δὲ
1669 4921 1802 4990 πρὸς

235 5014 489 5074 ἀνατολάς
523 5013 811 5076 κατιοῦσα,
837 5013 921 5073 εἰς
965 5012 1218 5082 Ναζαρὲτ
1267 5013 1522 5080 γίνεται.
1560 5014 1667 5066 Καὶ
1709 5016 1800 5066 τὸν

231 5105 332 5156 τοῦ
371 5102 721 5174 χαιρετισμοῦ
765 5101 916 5158 οἶκον
954 5103 1214 5174 εὑροῦσα,
1265 5109 1392 5158 ναὸν
1439 5106 1700 5174 χαρίεντα
1731 5109 1796 5176 τῇ

234 5198 477 5268 Θεοτοκῳ
504 5198 698 5250 ἀνίστα
739 5197 850 5269 [ἀλ.
887 5195 1131 5268 ἀνίστη].
1168 5199 1284 5252 Κάν
1331 5201 1396 5266 τῇ
1441 5198 1598 5267 Κανᾴ
1619 5196 1674 5250 δὲ
1696 5197 1795 5264 τῆς

237 5289 539 5355 Γαλιλιίας,
577 5290 709 5343 ἔνθα
763 5295 793 5344 ό
825 5290 920 5344 τοῦ
979 5290 1289 5345 Κανανίτου
1331 5289 1576 5359 Σίμωνος
1622 5289 1800 5357 γάμος

234 5382 471 5446 ἐγένετο.
517 5382 613 5435 καὶ
639 5382 698 5448 ἐξ
727 5381 941 5452 ἀδήλων
999 5381 1246 5452 βοτρύων
1293 5377 1434 5444 οἶνος
1473 5382 1800 5450 ὲπηγάζετο,

238 5468 392 5525 οἷκον
447 5473 591 5543 ἱερὸν
641 5474 896 5545 ιὸείματο
951 5473 1156 5545 ἕτερον.

1913 4735 2445 4792 'I‘ransforniatiouis
2478 4737 2620 4804 loco,
2653 4737 2746 4806 qui
2794 4738 3144 4806 splendorem
3186 4739 3338 4793 ἱΙΙιιιιι
3379 4741 3484 4793 mi-

1909 4827 2126 4880 rilicum
2162 4841 2522 4896 conspexere,
2551 4830 2818 4897 apostolis
2843 4831 3023 4884 tribus
3050 4831 3482 4899 pulcherrimam

1905 4919 2182 4991 exstruxit
2210 4919 2525 4987 ecclesiam.
2559 4921 2681 4986 Quo
2715 4921 2838 4976 loco
2873 4923 3100 4976 multam
3149 4925 3314 4984 etiam
3360 4929 3491 5000 reti-3

1905 5009 2026 5077 quit
2059 5009 2370 5080 pecuniam,
2403 5009 2459 5063 in
2485 5012 2797 5073 subsidium
2823 5013 2908 5068 eis
2932 5015 3027 5081 qui
3057 5016 3134 5072 ibi
3171 5029 3479 5078 manerent.

1906 5101 2200 5168 locumque
2225 5101 2405 5171 ipsum
2435 5103 2775 5160 excolerent.
2818 5103 2952 5158 Inde
2980 5105 3257 5162 orientem
3291 5124 3482 5164 versus

1905 5189 2276 5253 descendens.
2346 5190 2613 5250 Nazareth
2673 5197 2954 5265 pervenit,
3009 5208 3066 5252 et
3131 5199 3480 5254 salutationis

1906 5283 2168 5351 angelicae
2196 5285 2362 5342 domo
2394 5297 2637 5355 reperta,
2669 5289 2762 5342 Dei
2794 5288 3063 5344 Genitrici
3098 5305 3475 5362 perammnum

1907 5375 2171 5430 excitavit
2197 5377 2484 5448 templum.
2522 5379 2591 5436 Et
2622 5382 2678 5436 in
2714 5381 2862 5436 Cana
2892 5382 3148 5441 Galilzete,
3177 5381 3268 5436 ubi
3301 5380 3479 5434 Simo-

1907 5465 1994 5518 nis
2018 5467 2316 5525 Chanantei
2342 5471 2551 5540 nuptiae
2581 5472 2895 5537 celebratae,
2931 5481 2986 5525 et
3019 5487 3086 5530 ex
3126 5471 3358 5526 occultis
3391 5472 3478 5526 in-

1906 5561 2187 5629 certisque
2218 5562 2391 5619 botris
2437 5565 2626 5618 vinum
2672 5566 2896 5626 factum,
2929 5566 3092 5622 aliam
3127 5579 3348 5634 unoque
3389 5582 3476 5622 sa-

1906 5667 2055 5706 cram
2087 5653 2258 5710 tndem
2298 5656 2608 5712 aedificavit.
2652 5698 2656 5702 η
