3972 6200
450 389 552 449 119

1664 398 2083 460 NICEPHOHI
2119 401 2459 461 CALLlSTl

3587 398 3691 462 1‘20

446 515 555 566 que
584 501 705 554 vitae
724 498 995 566 instituto,
1022 504 1290 572 permulta
1312 505 1563 560 mandata
1606 506 1716 560 lilio
1745 507 2010 563 dedisset.

2117 511 2212 576 τὴν
2249 507 2392 562 οὕτω
2437 506 2701 576 θεοφιλῶς
2743 507 3011 578 ζήσαταν.
3047 506 3192 568 Ἕξω
3240 505 3294 560 δὲ
3332 507 3429 575 τῆς
3480 509 3692 571 πόλεως

444 590 699 661 Ingentes
729 607 948 661 quoque
992 593 1042 646 ei
1077 603 1198 661 post
1232 591 1446 647 obitum
1483 595 1675 648 tribuit
1702 595 1941 649 honores
1998 613 2012 650 :

443 683 636 749 quales
661 684 866 737 scilicet
889 699 1004 736 eam
1034 682 1322 744 decebant.
1343 701 1463 756 qua:
1485 696 1590 740 tam
1614 688 1700 755 pie
1718 697 2013 755 sancteque

441 775 686 832 vixisset.
731 773 891 830 Extra
914 775 1106 830 urbem
1137 776 1434 831 Romanam
1462 778 1692 847 sepulta,
1728 779 1779 833 in
1814 780 2012 848 templo

446 868 680 920 rotundo
705 854 1093 939 porphyretica
1130 885 1265 922 urna
1297 871 1575 937 deposita,
1601 881 1764 942 atque
1788 872 2014 926 biennio

442 967 566 1024 post
608 973 715 1012 una
779 955 903 1012 cum
955 976 1090 1013 urna
1140 960 1672 1030 Constantinopolim
1725 962 2009 1032 deportata

438 1058 561 1101 est:
590 1051 764 1114 prima
802 1051 943 1120 ipsa,
995 1052 1048 1105 in
1088 1053 1394 1121 ilnperialia
1460 1064 1814 1108 monumenta
1879 1055 2013 1108 aedis

445 1142 772 1195 Sanctorum
799 1142 1185 1212 Apostolorum
1217 1145 1648 1215 illata,l;etisque
1679 1150 1903 1214 posthac
1931 1154 2013 1199 at-

439 1249 548 1300 que
572 1235 735 1288 etiam
768 1237 1052 1291 nocturnis
1089 1237 1392 1301 memoriis,
1431 1246 1489 1289 ut
1513 1253 1610 1306 par
1641 1245 1778 1300 erat,
1813 1247 1898 1291 est
1922 1252 2013 1290 ce-

438 1324 670 1382 lebrata.
701 1326 1098 1400 Hierosolymis
1147 1339 1329 1382 autem
1362 1329 1691 1383 venerandae
1745 1329 2006 1398 virgines,

443 1415 650 1482 quibus
679 1416 846 1471 veluti
879 1418 1129 1486 quaedam
1162 1417 1358 1471 ancilla
1412 1417 1760 1480 inservierat,
1813 1416 2008 1486 praeci-

441 1505 569 1572 puis
623 1521 742 1560 eam
801 1516 931 1560 sunt
962 1508 1246 1562 memoriis
1309 1507 1628 1562 solemniter
1684 1517 2009 1575 prosecutae.

441 1595 598 1660 Quod
637 1597 680 1650 si
711 1598 836 1665 quis
871 1597 1146 1651 mundana
1186 1598 1303 1651 haec
1357 1597 1410 1650 in
1441 1597 1680 1667 aliquam
1739 1597 2008 1652 bonarum

443 1688 772 1757 utiliumque
802 1704 989 1743 rerum
1026 1690 1295 1744 rationem
1350 1687 1554 1743 referre
1620 1689 1772 1750 velit,
1823 1688 1876 1742 in
1943 1703 2010 1741 eo

440 1794 658 1848 quoque
684 1795 902 1834 omnem
924 1779 1085 1848 longe
1115 1779 1712 1851 superatoblivionem.
1777 1778 2010 1834 Perinde

441 1870 589 1924 enim
624 1881 790 1940 atque
823 1872 1023 1941 pignus
1048 1872 1323 1940 quoddam
1353 1871 1532 1926 futura
1557 1874 1752 1926 saecula
1781 1872 2006 1938 habent,

441 1961 508 2012 ad
538 1961 857 2013 memoriam
883 1960 1004 2030 ejus
1029 1961 1448 2030 sempiternam,
1467 1961 1520 2013 in
1542 1961 1792 2031 Bithynia
1822 1978 2006 2027 unam,

443 2059 498 2103 et
526 2049 579 2102 in
607 2050 890 2104 Palaestina
931 2049 1155 2105 alteram
1192 2052 1423 2106 urbem:
1457 2051 1620 2123 600
1677 2051 1879 2121 quibus
1911 2053 2011 2104 im-

439 2156 667 2216 perator
698 2143 844 2197 ﬁlius
877 2143 1135 2206 conditis,
1168 2145 1486 2198 memoriam
1543 2145 1620 2198 illi
1655 2143 1846 2196 tribuit
1910 2143 2012 2196 im-

441 2235 726 2289 mortalem
761 2236 862 2303 (l).
890 2236 1200 2290 Admodum
1232 2250 1364 2289 vero
1393 2235 1606 2289 beatam
1635 2233 1894 2288 Helenam
1923 2250 2012 2288 re-

435 2325 599 2396 gione
630 2334 686 2378 et
743 2325 850 2378 situ
879 2324 1110 2379 alterius
1140 2324 1462 2382 delectatam
1487 2340 1608 2379 esse
1639 2323 1844 2384 ferunt,
1890 2339 2012 2393 qua:

435 2415 668 2470 antehac
699 2415 1012 2486 Drepanum
1039 2415 1117 2484 (2)
1155 2417 1435 2470 nominata
1469 2415 1684 2470 fuerat:
1712 2431 1835 2470 cum
1866 2414 2011 2485 quod

435 2507 511 2560 ibi
536 2517 652 2560 orta
687 2520 858 2571 esset,
891 2519 1005 2562 tum
1039 2508 1184 2578 quod
1215 2508 1516 2563 Lucianum
1567 2519 1862 2578 martyrem
1890 2518 2013 2576 post

439 2601 762 2672 martyrium
788 2600 1008 2655 obitum
1039 2616 1106 2654 eo
1147 2617 1176 2652 a
1209 2601 1468 2671 delphine
1517 2601 1795 2672 deportari
1839 2602 2016 2656 conti-

439 2691 602 2760 gerit.
636 2689 712 2745 De
739 2706 849 2758 quo
875 2700 1115 2760 martyre
1145 2690 1276 2746 illud
1305 2699 1388 2745 est
1417 2690 1801 2744 decantatum:
1847 2689 2016 2744 mori-

435 2793 618 2837 turum
644 2797 794 2843 eum,
822 2797 944 2835 cum
971 2781 1356 2851 vistyrannica
1391 2796 1569 2850 neque
1605 2781 1794 2850 templi
1834 2797 2014 2850 neque

434 2874 662 2933 sacrarii
693 2873 909 2941 capiam
955 2872 1187 2940 faceret,
1237 2885 1293 2927 et
1325 2874 1541 2927 vincula
1584 2889 1801 2943 quoque
1851 2883 2013 2943 atque

439 2974 615 3042 plaga:
649 2980 858 3025 motum
905 2984 1138 3040 prorsus
1189 2968 1551 3039 denegarent,
1601 2970 1655 3023 in
1685 2984 1784 3024 suo
1839 2969 2016 3038 ipsius

439 3078 667 3145 pectore
711 3065 1178 3130 discumbentem,
1250 3065 1528 3119 horrendo
1576 3064 1670 3119 illo
1727 3072 2009 3134 operatum

2124 601 2346 671 Ῥώμης
2379 601 2673 666 ἀξιωθεῖσα
2713 599 2914 669 ταφῆς,
2945 601 3002 652 ἐν
3030 598 3144 668 ναῷ
3194 599 3512 669 στρογγύλῳ
3556 600 3694 670 λάρ-

2114 710 2240 748 νακι
2273 694 2527 763 πορφυρᾷ
2560 691 2846 761 κατετέθη.
2888 693 3042 745 Μετὰ
3068 691 3123 744 δὲ
3154 693 3304 761 διετῆ
3341 693 3549 760 χρόνον,
3589 694 3691 746 σὺν

2115 785 2180 854 τῇ
2212 783 2446 852 λάρνακι
2477 786 2534 836 ὲν
2560 784 2626 849 τῇ
2659 781 3073 834 Κωνσταντίνου
3095 782 3457 842 ἀνασωθεῖσα,
3493 781 3686 851 πρώτη

2112 874 2172 924 ὲν
2202 875 2314 936 τοῖς
2355 871 2657 942 βασιλικοῖς
2701 871 2989 940 μνημείοις
3020 869 3129 921 τῶν
3160 871 3321 938 ἱερῶν
3369 870 3690 923 ἀποστόλων

2111 967 2291 1034 ταφῆς
2338 962 2568 1035 ἠξιώθη,
2608 963 2862 1032 φαιδραῖς
2892 962 2952 1014 τὸ
2987 961 3048 1026 ἐξ
3094 961 3304 1014 ἐκείνου
3347 962 3559 1028 μνείαις
3590 963 3688 1014 καὶ

2113 1057 2440 1126 παννυχίσιν
2461 1058 2537 1118 ὡς
2579 1055 2726 1118 είκδς
2755 1055 3060 1124 τιμωμένη.
3109 1053 3175 1104 Δί
3211 1053 3256 1106 δ’
3295 1054 3352 1106 ὲν
3390 1054 3694 1122 Ἱεροσολύ-

2117 1165 2238 1218 μοις
2266 1148 2464 1218 σεμναὶ
2494 1148 2754 1216 παρθένοι
2781 1149 3010 1210 ἐκεῖναι,
3038 1139 3126 1208 αῖς
3156 1139 3243 1198 οἷά
3272 1163 3352 1207 τις
3382 1146 3691 1213 διηκονεῖτο

2113 1239 2453 1307 θεραπαινὶς,
2511 1238 2782 1311 ἐξαισίαις
2825 1237 3072 1307 μνήμαις
3121 1237 3329 1305 ταύτην
3367 1236 3689 1304 ἐσέμνυνον.

2113 1331 2179 1384 El
2209 1331 2265 1385 δέ
2286 1349 2337 1384 τι
2377 1331 2472 1384 καὶ
2501 1330 2562 1382 τὸ
2594 1330 2735 1383 κατὰ
2760 1330 2966 1396 κόσμον
3014 1327 3096 1390 είς
3125 1328 3311 1394 ὄνησίν
3355 1345 3440 1390 τις
3469 1327 3690 1392 λογίζε-

2115 1419 2240 1471 σθαι
2285 1419 2484 1483 ἕλοιτο,
2517 1417 2609 1469 καὶ
2639 1417 2811 1486 λήθης
2855 1419 2958 1470 κάν
2989 1417 3164 1486 τούτῳ
3204 1417 3499 1486 ὖπερτερεῖ
3524 1432 3539 1445 ·
3573 1417 3694 1467 ὲνέο

2112 1527 2278 1580 χυρον
2311 1510 2420 1579 γὰρ
2470 1508 2660 1576 ὥσπερ
2692 1510 2719 1560 δ
2755 1507 2964 1578 μέλλων
3015 1506 3127 1575 ἔχει
3178 1508 3312 1560 αἰὼν
3355 1507 3455 1573 τῆς
3500 1508 3559 1567 ἐς
3595 1505 3692 1558 ἀεὶ

2117 1603 2337 1671 μνήμης
2373 1601 2472 1670 τὴν
2504 1601 2598 1654 επὶ
2626 1599 2879 1662 Βιθυνίας
2915 1600 3093 1665 πόλιν,
3129 1601 3225 1652 καὶ
3266 1600 3461 1668 ἑτέραν
3496 1601 3556 1652 ὲν
3583 1600 3692 1651 Πα-

2112 1695 2392 1766 λαιστίνῃ·
2427 1692 2491 1755 ἃς
2521 1696 2548 1746 ὁ
2572 1693 2704 1756 παῖς
2735 1693 2873 1761 αὐτῇ
2907 1694 3000 1745 καὶ
3039 1692 3290 1762 βασιλεὺς
3333 1692 3688 1758 δειμάμενος,

2111 1787 2209 1854 τήν
2226 1788 2489 1840 ἀθάνατον
2505 1785 2721 1854 ἐκείνην
2739 1785 2961 1854 μνήμην
2983 1785 3291 1854 χαρίζεται.
3311 1784 3366 1836 Ἀ
3378 1783 3551 1847 σπάζε
3562 1782 3690 1834 σθαι

2111 1879 2165 1931 δέ
2202 1896 2334 1948 φασι
2362 1878 2424 1930 τὸ
2466 1877 2666 1947 χωρίον
2697 1876 2797 1946 τὴν
2846 1876 3126 1945 μακαρίαν
3174 1875 3430 1944 Ἐλένηνο
3466 1876 3562 1927 καὶ
3611 1873 3693 1932 ὡς

2110 1971 2442 2041 ὁρμωμένην
2502 1967 2716 2021 ἐκεῖθεν
2762 1969 3041 2038 Δρέπανον
3081 1965 3296 2034 πρῶτον
3355 1963 3692 2032 ὠνομασμέ-

2111 2077 2201 2112 νον
2223 2075 2236 2088 ·
2272 2058 2367 2111 καὶ
2394 2059 2478 2110 ὅτι
2515 2056 2814 2118 Λουκιανὸς
2845 2057 2872 2106 ὁ
2905 2055 3120 2123 μάρτυς
3151 2054 3330 2105 ἐκεῖσε
3357 2052 3513 2120 τύχοι
3545 2051 3690 2119 μετὰ

2111 2150 2201 2204 τὸν
2227 2148 2564 2219 μαρτυρικδν
2613 2145 2848 2200 θάνατον
2883 2145 2988 2198 ὑπὸ
3019 2145 3265 2212 δελφῖνος
3310 2142 3684 2212 ὲκκομισθείς.

2113 2243 2246 2310 Περὶ
2278 2240 2338 2294 οὗ
2390 2241 2668 2309 μάρτυρος
2719 2237 2876 2304 λόγος
2919 2236 3377 2306 διατεθρύλληται
3425 2234 3690 2304 τελευτᾷν

2115 2334 2424 2406 μέλλοντος,
2461 2333 2560 2400 τῆς
2609 2332 2943 2402 τυραννικῆς
2979 2331 3099 2400 βίας
3154 2332 3295 2398 μήτε
3328 2330 3476 2390 ναὸν,
3540 2331 3688 2396 μήτε

2113 2425 2497 2494 θυσιαστήριον
2548 2423 2919 2493 παρεχούσης,
2966 2421 3108 2475 ἀλλὰ
3147 2422 3282 2493 μηδὲ
3329 2422 3437 2474 τῶν
3465 2419 3694 2490 δεσμῶν

2113 2521 2209 2572 καὶ
2240 2518 2350 2571 τῶν
2400 2515 2626 2584 πληγῶν
2679 2513 3111 2585 συγχωρούντων
3161 2513 3451 2575 κινεῖσθαι,
3503 2513 3563 2564 ὲν
3609 2511 3698 2580 τῷ

2112 2611 2299 2680 οἰκείῳ
2340 2611 2548 2679 στέρνῳ
2594 2607 2973 2676 ἀνακείμενον,
3015 2605 3117 2676 τὴν
3151 2605 3388 2675 φρικτὴν
3441 2602 3700 2656 ἐπιτελέ-

2115 2721 2205 2756 σαι
2248 2704 2676 2770 μυσταγωγίανο
2716 2702 2812 2756 καὶ
2860 2699 3036 2763 οὕτως
3080 2699 3245 2753 αὐτόν
3278 2716 3339 2753 τε
3389 2700 3697 2769 μετασχεῖν

2111 2796 2210 2863 τῆς
2249 2795 2518 2864 ἀχράντου
2565 2792 2779 2856 θυσίας,
2829 2793 2924 2847 καὶ
2953 2793 3080 2854 τοὺς
3111 2791 3306 2852 ἄλλους
3357 2789 3698 2860 μεταλαδεῖν

2113 2883 2430 2952 ἐπιτρέψαι.
2477 2882 2560 2934 Τὰ
2599 2881 2658 2934 δὲ
2711 2880 2815 2950 τῆς
2853 2883 3166 2953 ἱερουργίας
3215 2880 3456 2932 ἐτελεῖτο
3507 2879 3565 2930 ὲν
3617 2879 3695 2948 τῇ

2111 2974 2338 3043 εἱρκτῇ·
2369 2973 2462 3026 καὶ
2511 2973 2808 3040 ἐκκλησίας
2849 2974 3037 3042 σχῆμα
3075 2974 3103 3024 ὁ
3144 2969 3434 3032 κυκλώσας
3475 2968 3697 3021 ἐκεῖνον

2115 3064 2260 3134 ἱερὸς
2285 3063 2485 3118 ἔτύπου
2513 3064 2692 3134 χορὸς,
2735 3064 2812 3125 ὡς
2840 3065 2942 3135 ἥδη
2981 3063 3339 3117 άποϐιοῦντα.
3385 3061 3598 3124 Ἄλλως
3626 3077 3699 3112 τε

438 3175 562 3218 esse
588 3159 870 3229 mysterio,
903 3156 970 3210 ad
1003 3168 1239 3225 eumque
1298 3157 1518 3210 modum
1549 3166 1599 3211 et
1634 3157 1812 3226 ipsum
1842 3157 2011 3226 parti-

2117 3155 2212 3208 καὶ
2246 3153 2336 3207 τοῦ
2365 3154 2440 3224 μὴ
2492 3153 2832 3224 καθορᾶσθαι
2865 3156 2934 3207 τὰ
2961 3154 3217 3224 δρώμενα
3256 3153 3408 3222 παρὰ
3451 3153 3564 3205 τῶν
3593 3154 3699 3204 εὖ-

437 3254 652 3324 cipasse
678 3252 748 3308 de
782 3251 1133 3306 immaculato
1163 3252 1454 3309 sacrificio.
1498 3262 1552 3307 et
1579 3252 1700 3309 aliis
1728 3263 1788 3308 ut
1818 3253 2005 3308 itidem

438 3345 940 3406 communicarent,
989 3359 1274 3409 suasorem
1313 3343 1501 3398 fuisse.
1541 3342 1769 3398 Sacrum
1837 3343 1890 3397 id
1952 3344 2006 3398 in

443 3454 666 3492 carcere
697 3435 1102 3506 perﬁciebatur,
1133 3443 1189 3490 et
1219 3433 1478 3488 Ecclesiae
1523 3435 1800 3501 specimen
1855 3449 2009 3488 sacer

436 3530 531 3592 ille
558 3529 782 3593 chorus,
808 3527 902 3596 qui
930 3540 1058 3580 eum
1096 3535 1350 3593 tanquam
1381 3525 1494 3594 jam
1537 3524 1866 3579 morientem
1913 3525 2009 3580 sti-

439 3621 628 3698 pabat.
662 3617 1115 3689 repraesentabat.
1165 3616 1343 3677 Aliam
1398 3631 1616 3684 quoque
1665 3617 1736 3671 ob
1785 3631 2005 3671 causam

443 3717 516 3770 ita
555 3713 728 3768 sacris
763 3709 1158 3780 operabantur,
1193 3718 1249 3762 ut
1275 3708 1490 3763 scilicet
1516 3721 1637 3776 quae
1663 3723 1693 3761 a
1727 3708 1834 3780 piis
1855 3723 2011 3777 pera-

441 3805 734 3874 gebantur,
765 3800 925 3854 abiis
957 3799 1053 3868 qui
1086 3798 1317 3853 alterius
1346 3805 1530 3853 essent
1565 3797 1862 3866 opinionis.
1897 3812 2007 3851 non

441 3896 915 3964 conspicerentur.
943 3891 1115 3961 Hujus
1143 3889 1445 3957 discipulos
1478 3904 1600 3948 esse
1629 3889 1843 3955 dicunt,
1891 3889 2009 3946 Eu-

445 3988 661 4043 sebium
705 3982 1202 4046 Nicomediensem,
1257 3980 1429 4035 Narin
1486 3979 2007 4044 Cbal-cedonensem,

441 4078 816 4147 Theognidcm
846 4075 1147 4134 Nicmnum.
1186 4072 1498 4136 Leontium,
1530 4071 1625 4140 qui
1673 4070 1873 4125 deinde
1894 4073 2006 4124 Anc

445 4172 662 4226 tiocbia:
682 4169 978 4239 episcopus
998 4166 1124 4230 fuit,
1152 4165 1451 4218 Antonium
1481 4162 1642 4218 Tarsi
1671 4163 1878 4219 Cilicia:
1906 4179 2008 4217 ano

445 4261 697 4327 tistitem,
718 4259 1073 4322 Numenium,
1097 4253 1428 4321 Eudoxium,
1475 4255 1606 4311 item
1638 4255 2008 4310 Alexandrum

445 4362 504 4408 et
537 4351 812 4408 Asterium
837 4349 1238 4420 Cappadocem.
1277 4362 1420 4417 quos
1443 4347 1512 4402 ad
1543 4346 1862 4401 Graecorum
1918 4361 2013 4401 su-

447 4443 831 4516 perstitionem
856 4440 1325 4505 deﬂexisse,fama
1355 4449 1463 4503 est,
1490 4447 1852 4508 tyrannorum
1887 4452 2012 4491 cru-

2111 3245 2285 3299 σεδῶν
2311 3247 2422 3309 τοῖς
2457 3245 2633 3308 ἄλλως
2662 3246 2847 3315 εχουςι
2881 3245 3059 3315 δόξης,
3089 3245 3262 3307 οὕτως
3289 3245 3525 3298 ἐτέλουν.
3556 3243 3705 3297 Τού-

2107 3355 2204 3392 του
2237 3337 2483 3407 μαθητάς
2520 3354 2686 3404 φασιν
2715 3332 2858 3391 εἶναι
2899 3337 2993 3390 τόν
3020 3355 3080 3390 τε
3108 3335 3481 3409 Νικομηδείας
3513 3335 3702 3389 Εὐσέ-

2108 3431 2267 3494 ϐιον,
2319 3429 2498 3497 Μάριν
2550 3429 2642 3482 τὸν
2696 3429 3078 3498 Χαλκηδόνος,
3132 3430 3224 3482 καὶ
3299 3427 3390 3480 τὸν
3445 3427 3699 3490 Νικαίας

2108 3521 2351 3590 Θέογνιν,
2400 3522 2655 3575 Λεόντιον
2707 3539 2768 3575 τε
2822 3521 2914 3575 τὸν
2967 3521 3195 3589 ὕστερον
3245 3521 3348 3590 τῆς
3406 3521 3698 3588 Ἀντιόχου

2109 3615 2583 3682 δπισκοπήσαντα,
2642 3592 2924 3665 Ἀντὼνῖὁν
2961 3629 3020 3665 τε
3052 3612 3316 3683 (Ταρσοῦ
3358 3611 3415 3664 δὲ
3447 3611 3547 3677 τῆς
3581 3613 3696 3664 Κι-

2108 3703 2290 3768 λικίας
2312 3705 2466 3766 οὗτος
2497 3704 2761 3774 ἐγένετο),
2792 3705 2887 3757 καὶ
2914 3705 3246 3774 Νουμήνιον.
3278 3704 3372 3755 καὶ
3399 3702 3654 3766 Εὑδόξιον
3679 3717 3694 3730 ·

2110 3795 2172 3849 οὐ
2223 3797 2332 3866 μὴν
2376 3797 2514 3849 ἀλλὰ
2557 3797 2654 3850 καὶ
2699 3793 3068 3863 Ἀλέξανδρον,
3120 3795 3214 3848 καὶ
3277 3794 3558 3864 Ἀστέριον
3594 3795 3698 3846 τὴν

2113 3888 2526 3958 Καππαδόκην·
2567 3887 2660 3950 οὓς
2692 3887 2789 3941 καὶ
2825 3887 3101 3956 ἑλληνίσαι
3147 3888 3314 3955 φασὶν
3340 3887 3587 3948 ἐνδόντας
3622 3889 3699 3957 τῇ

2110 3982 2220 4034 τῶν
2258 3982 2538 4051 τυράννων
2571 3980 2695 4050 βίᾳ·
2727 3983 2784 4044 ἐς
2813 3981 3038 4050 ὕστερον
3065 3980 3121 4032 δὲ
3153 3979 3252 4050 τὴν
3285 3976 3458 4048 ἦτταν
3482 3981 3703 4031 ἀνακα-

2111 4073 2400 4136 λέσασθαι,
2435 4072 2844 4141 συλλαϐομένου
2875 4072 3070 4133 αὐτοὺς
3097 4072 3234 4141 πρὸς
3258 4071 3359 4140 τὴν
3391 4070 3700 4135 μετάνοιαν

2112 4163 2205 4216 τοῦ
2241 4164 2564 4217 διδασκάλου
2591 4180 2605 4196 θ
2640 4163 2742 4217 κᾶν
2771 4162 2926 4226 αὖθις
2953 4163 3028 4233 μὴ
3058 4163 3126 4215 τὰ
3153 4163 3244 4214 ῖσα
3273 4161 3348 4232 τῷ
3373 4162 3700 4232 διδασκάλῳ

2111 4258 2330 4324 φρονεῖν
2353 4256 2702 4326 ᾑρετίσαντο,
2725 4255 2821 4325 τὴν
2854 4256 3068 4326 Ἀρείου
3098 4255 3412 4324 περιφανῶς
3437 4256 3705 4307 ἀσπασά-

2117 4363 2271 4418 μενοι
2313 4347 2492 4412 δόξαν.
2540 4348 2678 4417 Περὶ
2714 4347 2815 4418 μὲν
2863 4342 2958 4400 οὖν
3007 4347 3108 4417 τῆς
3148 4345 3429 4416 μακαρίας
3468 4345 3701 4416 Ἑλένης

2113 4441 2380 4494 τοσαῦτα.

447 4539 659 4596 delitati
675 4540 968 4594 cedentes:
999 4545 1189 4606 postea
1207 4545 1390 4590 autem
1409 4535 1588 4604 lapsui
1609 4544 1777 4604 atque
1836 4532 2038 4599 errori,
2075 4549 2237 4604 Opem
2273 4536 2485 4592 ferente
2523 4537 2606 4592 eis
2639 4536 2707 4591 ad
2776 4535 3153 4607 penitentiam
3203 4544 3564 4604 praeceptore,
3609 4551 3703 4588 re-

446 4636 772 4690 nuntiasse:
807 4631 1274 4703 qnamvisiterum
1299 4646 1410 4684 non
1437 4629 1582 4684 idem
1615 4629 1716 4684 sibi
1740 4643 1865 4683 cum
1892 4627 2156 4698 magistro
2222 4632 2571 4688 sentiendum
2633 4646 2757 4687 esse
2788 4631 3116 4701 delegerint,
3186 4629 3301 4684 Arii
3359 4629 3688 4699 opinionem

447 4744 514 4783 ex
557 4727 805 4798 professo
834 4724 1130 4794 complexi.
1177 4723 1252 4778 De
1286 4723 1445 4778 beata
1481 4721 1685 4777 Helena
1719 4721 2015 4777 hactenus.

982 4837 1204 4896 CAPUT
1265 4835 1480 4895 XXX".

450 4935 530 4998 De
561 4936 728 4988 tribus
778 4933 1072 5002 magniﬁris
1127 4929 1364 5002 crucibus
1405 4945 1550 5002 quasi
1589 4929 1643 4982 in
1685 4929 1893 5002 magnis
1925 4945 2016 5002 co-

524 5005 713 5060 lumnis
771 5000 1226 5070 Constantinopoli
1279 5001 1652 5070 Constantinus
1694 5000 2015 5055 collocavit:

521 5085 573 5134 et
617 5074 837 5149 miriﬁca
865 5073 927 5126 de
953 5089 1059 5128 una
1093 5069 1277 5129 eorum
1305 5069 1572 5124 narratio.

520 5225 721 5308 Verum
745 5250 1026 5305 enimvero
1057 5248 1480 5312 Constantinus.
1509 5262 1635 5302 cum
1664 5245 1868 5316 ubique
1903 5254 2017 5298 ter-

451 5363 640 5407 rarum
673 5348 729 5402 in
754 5346 1063 5406 illustribus
1100 5344 1330 5402 urbibus
1358 5341 1613 5406 delubra,
1643 5349 1755 5396 tum
1781 5339 2016 5394 maxime

526 5534 605 5604 (ι)
632 5531 1032 5589 Constantinus
1059 5528 1298 5604 duabus
1319 5526 1638 5604 civitatibus
1669 5527 1860 5581 matris
1901 5539 2014 5579 sese

455 5595 672 5657 llete'nze
715 5616 915 5656 nomen
965 5601 1245 5672 imposuit.
1283 5599 1424 5652 idem
1468 5595 1643 5672 Ponto
1671 5610 1889 5672 quoque
1918 5610 2016 5672 no-

456 5686 603 5735 men,
629 5682 689 5724 ut
717 5665 1128 5740 Helenopontus
1174 5670 1488 5740 diceretur_,_
1509 5665 2014 5740 iiiip_osuit._i.lusti-

457 5743 606 5802 nian.
640 5740 714 5794 De
746 5735 999 5793 moderbt.
1039 5739 1418 5807 Helenoponti,
1445 5736 1654 5807 Novill.
1689 5735 1803 5805 28.)

530 5811 607 5888 (2)
641 5810 894 5872 Socrates
937 5809 1029 5863 lib.
1077 5827 1115 5875 ι,
1168 5803 1288 5885 cap.
1340 5808 1428 5873 l8,
1457 5805 1673 5871 serzbit,
1703 5803 2013 5861 Constanti-

2043 4841 2090 4896 1)

2705 4825 2963 4890 ΚΕΦΑΛ.
2996 4831 3118 4888 AB'.

2120 4925 2262 4994 Περὶ
2295 4926 2411 4980 τῶν
2437 4925 2614 4994 τριῶν
2631 4925 2914 4995 μεγάλων
2938 4923 3240 4995 σταυρῶν.
3275 4925 3384 4990 οὓς
3421 4923 3492 4976 ἐν
3526 4925 3699 4995 κίοσι

2181 4993 2475 5065 μεγάλαι(
2499 4993 2954 5061 κωνσταντῖνος
2974 4993 3044 5047 ἐν
3073 4993 3148 5063 τῇ
3171 4997 3462 5061 ἐπωνύμῳ
3499 4994 3698 5065 αὺτοῦ

2187 5061 2363 5120 πόλει
2413 5066 2702 5131 ἀνιόρυσε
2723 5080 2737 5093 ·
2781 5065 2884 5119 καὶ
2934 5061 3253 5134 ὑπερφυής
3275 5081 3364 5129 τις
3388 5063 3521 5132 περὶ
3547 5061 3699 5126 ἐνὸς

2187 5137 2412 5190 τούτων
2439 5135 2741 5205 διήγησις.

2197 5251 2606 5313 Κωνσταντῖνος
2659 5248 2719 5301 δὲ
2770 5246 3085 5318 ἁπανταχοῦ
3137 5246 3240 5316 τῆς
3301 5247 3404 5314 γῆς
3457 5244 3701 5307 πολλοὺς

2122 5341 2346 5411 ἐγείρας
2373 5340 2510 5406 νεὼς
2557 5343 2674 5403 ταῖς
2709 5340 3035 5412 περιφανέσι
3079 5337 3188 5392 τῶν
3222 5338 3450 5404 πόλεων,
3478 5337 3584 5390 κάν
3620 5339 3700 5408 τῇ

2118 5538 2250 5579 num
2291 5523 2442 5577 vicos
2484 5523 2688 5578 multos
2727 5522 3086 5592 ampliﬁcatos
3112 5520 3170 5574 in
3208 5520 3438 5574 formam
3467 5520 3699 5592 orbium

2117 5593 2400 5655 extulisse,
2428 5605 2593 5660 atque
2643 5595 2697 5646 in
2743 5588 2933 5662 pri-mis
2980 5591 3307 5662 Drepanum,
3339 5605 3438 5643 seu
3486 5588 3704 5658 Drepa~

2120 5679 2272 5722 num,
2311 5679 2338 5715 a
2379 5666 2566 5717 mairis
2614 5661 2972 5716 suaeiminine
3007 5661 3384 5728 Helenopolim
3412 5674 3636 5712 vocasse
3679 5676 3698 5709 :

2119 5745 2171 5787 et
2203 5735 2406 5786 civitati
2439 5733 2505 5784 ab
2533 5747 2598 5785 co
2631 5745 2803 5785 aucue
2831 5731 2883 5783 in
2910 5729 3221 5790 Palaestina,
3259 5745 3285 5779 a
3320 5732 3530 5784 sororis
3577 5743 3705 5782 sum.

2120 5805 2483 5878 appellatione
2509 5817 2705 5864 nomen
2735 5802 3067 5858 Constantia:
3096 5799 3381 5854 indidisse.
