3972 6200
335 322 436 390 121

1225 309 1831 374 ECCLESIASTIC/E
1871 313 2262 378 HISTORle
2307 318 2454 379 LIB.
2491 316 2661 378 VIII.
3488 317 3580 381 19.2

335 435 620 504 ἐπωνύμῳ
651 433 708 486 δέ
740 430 906 486 αὐτοῦ
954 428 1109 482 πόλει
1143 427 1380 496 μάλιστα
1416 427 1640 489 τούτους
1673 428 1863 492 ἀνίστη
1892 444 1906 458 ·

2016 429 2069 484 ἰη
2100 435 2426 501 cognomine
2448 433 2552 487 sibi
2573 433 2823 495 civitate,
2855 444 2918 485 ea
2947 429 3255 485 exstruxit:
3281 447 3440 500 quatn
3478 449 3585 489 ειε-

335 533 408 600 ἢν
454 530 553 581 καὶ
605 526 894 594 ἀγάλμασι
951 521 1047 576 καὶ
1097 522 1279 581 ἄλλοις
1331 521 1668 589 ὑπερφυέσιν
1728 521 1912 590 ἐργοις

335 621 656 682 ικὶλ).υνεν,
690 619 767 678 ὡς
801 619 859 669 ἐν
887 615 966 684 τῷ
996 615 1138 666 τέλει
1168 612 1262 666 τοῦ
1313 613 1418 682 πρὸ
1446 613 1637 664 τούτου
1667 612 1912 665 διελάϐο-

343 731 443 783 μεν
471 713 659 780 τόμον.
702 707 872 770 Είδώς
921 722 984 772 γε
1019 707 1125 776 μὴν
1163 706 1333 774 πείρᾳ
1371 705 1464 757 καὶ
1511 705 1608 774 τὴν
1634 702 1728 757 τοῦ
1766 704 1910 756 θείου

338 803 582 873 σταυροῦ
635 801 886 870 δύναμιν,
919 799 1216 868 ὑπερφυῶς
1268 797 1427 850 αὐτὸν
1477 795 1658 865 ἐτίμα,
1708 797 1802 848 καὶ
1856 797 1914 847 ἐν

338 894 590 963 θαύματι
617 892 703 944 διὰ
732 890 934 950 παντὸς
961 885 1086 957 ἦγε.
1119 888 1230 941 Καὶ
1260 887 1324 955 δὴ
1359 886 1496 954 μετὰ
1535 885 1720 937 νόστον
1763 884 1914 936 Ἐλέ-

340 1003 441 1053 νης
494 987 645 1053 τρεῖς
696 981 1096 1050 ὑπερμεγέθεις
1146 979 1416 1047 σταυροὺς
1484 977 1910 1045 τεκτηνάμενος,

343 1077 487 1129 κατὰ
521 1076 756 1142 μίμησιν
786 1066 862 1124 ῶν
889 1070 1094 1141 τριχῶς
1123 1071 1180 1124 ἐν
1205 1068 1420 1137 οὐρανῷ
1449 1066 1730 1128 ἐθεάσατο,
1768 1065 1917 1133 πρῶ-

341 1184 438 1220 τον
479 1166 584 1235 μὲν
616 1167 676 1216 ἐν
717 1162 904 1232 Ῥώμη
937 1158 1401 1228 καταστρατηγῶν
1425 1157 1728 1220 Μαξεντίου
1757 1172 1770 1187 ο
1798 1155 1916 1206 δεύ-

343 1271 504 1324 τερον
522 1253 568 1305 δ’
593 1253 757 1322 ἡνίκα
787 1251 1115 1314 Βυζαντίους
1149 1248 1237 1301 διὰ
1267 1246 1567 1331 μάχηίίὼν
1593 1242 1910 1314 ἐτροποῦτο·

345 1351 442 1403 καὶ
466 1349 529 1400 τὸ
547 1349 753 1417 τρίτον,
777 1346 942 1415 ἡνίκα
964 1344 1176 1404 Σκύθας
1200 1343 1379 1410 πέραν
1415 1340 1624 1409 Ἴστρου
1655 1339 1910 1402 ὑπέταξε,

345 1441 442 1494 καὶ
479 1440 573 1492 τδν
623 1438 869 1506 ποταμὸν
915 1438 1131 1506 γεφύρᾳ
1168 1433 1396 1500 ἐζεύγνυ
1425 1450 1438 1464 ·
1491 1425 1634 1486 κατὰ
1683 1432 1913 1501 μίμησιν

341 1533 528 1585 τοίνυν
555 1531 668 1583 τῶν
691 1530 859 1597 τριῶν
886 1528 1091 1580 τούτων
1122 1523 1430 1594 σταυρικῶν
1469 1524 1736 1592 ὀράσεων.
1767 1525 1914 1589 τρεῖς

343 1626 410 1676 ἐκ
434 1621 642 1692 χαλκοῦ
671 1622 846 1674 ἐποίει
865 1619 1157 1686 σταυροὺς,
1198 1621 1291 1670 καὶ
1313 1617 1381 1668 τὰ
1408 1617 1685 1682 σεϐασμια
1711 1613 1914 1667 τούτων

341 1713 587 1781 ὀνόματα
607 1711 782 1774 οὕτως
810 1710 1094 1776 ὠνόμαζεν
1120 1725 1134 1739 ·
1176 1707 1433 1773 Ἰησοῦς,
1454 1705 1729 1774 Χριστὸς,
1753 1701 1910 1770 νικᾷ.

2021 523 2130 576 tuis
2158 533 2215 577 et
2246 525 2371 578 aliis
2397 523 2736 578 admirandis
2775 523 3036 592 operibus
3081 524 3390 581 exornavit.
3419 524 3580 579 sicuti

2019 611 2074 664 in
2111 613 2214 665 ﬁne
2243 613 2474 680 proximi
2546 610 2901 677 exposuimus
2938 613 3090 666 torni.
3135 610 3286 676 Quod
3335 623 3463 662 vero
3527 624 3585 662 re

2019 704 2137 772 ipsa
2164 713 2365 758 sanctae
2394 705 2577 757 crucis
2613 705 2718 756 vim
2752 713 2807 757 et
2838 703 3132 758 efﬁcaciam
3167 711 3428 769 expertus
3473 700 3585 754 fue-

2021 807 2128 858 rat,
2171 811 2522 865 summopere
2569 811 2688 850 eam
2748 811 2965 865 semper
2995 796 3380 850 venerabatur
3419 802 3586 862 atque

2020 887 2418 942 admirabatur.
2450 888 2607 956 601
2641 890 2717 943 Ac
2745 897 2867 956 post
2922 887 3138 941 Helenae
3180 888 3418 941 reditum
3477 895 3586 938 tres

2017 982 2282 1037 immensa
2336 981 2716 1049 magnitudine
2751 995 2944 1034 cruces
2985 980 3261 1034 fabreﬁeri
3324 978 3476 1039 fecit,
3515 977 3582 1030 ad

2015 1075 2326 1141 exemplum
2378 1088 2566 1127 earnm
2590 1089 2726 1141 quas
2765 1083 2847 1126 ter
2905 1072 2959 1125 in
2995 1071 3135 1124 caelo
3168 1070 3418 1124 viderat:
3476 1068 3588 1136 pri-

2017 1182 2164 1220 mum
2197 1166 2396 1230 Romae,
2447 1175 2638 1221 contra
2699 1163 3032 1218 Maxentium
3089 1163 3444 1230 depugnans:
3501 1175 3587 1214 se-

2018 1261 2220 1317 cundo,
2253 1274 2376 1312 eum
2405 1258 2701 1310 commisso
2731 1272 2854 1310 cum
2912 1255 3189 1325 Byzantiis
3242 1253 3426 1321 praelio
3479 1259 3588 1304 tro-

2018 1367 2191 1419 pa-nm
2223 1351 2289 1403 de
2305 1350 2386 1404 eis
2415 1349 2605 1403 statuit
2631 1367 2644 1413 ;
2676 1348 2840 1402 tertio
2871 1359 3079 1406 autent.
3109 1361 3233 1398 cum
3266 1345 3404 1397 Istro
3421 1351 3586 1411 ponte

2010 1446 2224 1514 juneto.
2259 1441 2488 1511 Scythas
2519 1442 2658 1495 ultra
2689 1441 2742 1494 id
2777 1439 2978 1493 ﬁumen
3014 1438 3253 1504 subegit.
3290 1435 3370 1488 Ad
3401 1434 3584 1486 imita-

2021 1537 2224 1588 tionem
2259 1535 2422 1603 igitur
2453 1532 2686 1602 triplicis
2721 1531 2881 1585 istius
2905 1529 3159 1590 visionis,
3215 1535 3329 1580 tres
3372 1541 3436 1578 ex
3475 1537 3584 1577 aere

2018 1626 2130 1678 ﬁeri
2167 1612 2608 1685 cu'ravitcruces,
2639 1623 2829 1690 eisque
2863 1636 3017 1676 sacra
3051 1619 3166 1674 haec
3201 1615 3462 1684 imposuit
3489 1628 3585 1666 no-

2019 1718 2192 1769 mina:
2219 1716 2389 1780 Iesus,
2410 1715 2666 1780 Christus,
2685 1715 2867 1768 uincit.
2889 1713 2958 1765 Ex
2985 1711 3088 1774 his,
3113 1710 3198 1764 cui
3219 1723 3416 1762 nomen
3437 1721 3586 1759 usus

343 1792 446 1852 Ὠν
473 1801 502 1852 ό
539 1800 639 1867 μὲν
665 1798 729 1850 τὸ
775 1796 1010 1863 Ἰησοῦς
1045 1796 1218 1862 ὄνομα
1251 1793 1411 1862 ἔχων,
1451 1791 1635 1859 χρυσῷ
1668 1792 1914 1844 ἁπαντα-

2021 1805 2294 1870 inditum,
2342 1821 2476 1860 auro
2519 1821 2615 1874 per
2665 1820 2858 1861 omnes
2909 1813 3095 1873 partes
3145 1801 3345 1856 ditIuso
3391 1807 3584 1851 ornata

344 1890 440 1962 χοῦ
469 1889 781 1960 διαχυθέντι
830 1886 1149 1956 κοσμηθεὶς,
1190 1885 1317 1954 ἔστη
1369 1885 1554 1938 ἐπάνω
1590 1883 1689 1951 τῆς
1729 1879 1913 1950 ἁψῖδος

345 1984 441 2037 τοῦ
466 1985 661 2052 φόρου,
694 1982 753 2043 ὃς
784 1980 846 2034 τὸ
877 1979 978 2048 τῆς
1009 1978 1289 2040 εὐσεϐείας
1327 1975 1493 2030 αὐτοῦ
1523 1975 1724 2045 θερμὸν
1756 1975 1916 2025 ὑπαι-

344 2077 591 2129 νίσσεται
618 2090 634 2104 ο
663 2073 744 2144 τῷ
776 2073 884 2143 γὰρ
910 2075 1097 2142 κράτει
1127 2072 1225 2139 τῆς
1259 2069 1440 2138 ίσχύος
1463 2067 1630 2120 αὐτοῦ
1661 2065 1759 2134 τὴν
1796 2063 1916 2118 Ἐλ-

345 2169 574 2237 ληνικὴν
622 2166 920 2236 θρησκείαν
967 2161 1267 2222 κατέϐαλλε
1295 2175 1312 2194 ⁶
1355 2162 1446 2214 τὸν
1481 2160 1536 2212 δὲ
1563 2159 1619 2222 ὃς
1671 2157 1916 2211 ἐκαλεῖτο

338 2256 630 2324 Χριστὸς,
677 2253 974 2322 σεδὰσμιον
1021 2251 1116 2306 καὶ
1159 2251 1304 2305 θεῖον
1353 2250 1604 2319 σταυρὸν,
1656 2250 1748 2302 ἐπὶ
1782 2265 1916 2318 πορ-

337 2349 504 2421 «ρυρῷ
572 2348 836 2416 Ῥωμαίῳ
887 2346 1079 2399 ἀνίστα
1136 2343 1300 2410 κίονι,
1354 2343 1412 2394 ἐν
1467 2343 1544 2412 τῷ
1583 2341 1916 2410 Φιλαδελφίῳ

335 2440 547 2496 οὑτωσί
584 2455 702 2501 πως
741 2439 1024 2506 εἰρημένῳ
1047 2450 1060 2465 ·
1094 2434 1187 2487 τὸν
1217 2433 1273 2486 δὲ
1301 2427 1505 2502 τρίτον,
1535 2433 1592 2486 ὃν
1631 2435 1916 2485 Κωνσταν-

336 2536 488 2594 ⁴τίνος
518 2531 621 2601 μὶν
647 2529 818 2594 νῖκος
858 2527 1143 2590 ἐκάλεσεν,
1184 2524 1503 2595 Ἡράκλειος
1532 2524 1578 2576 δ’
1622 2525 1915 2590 ἀνίκητον

337 2624 766 2690 κατωνόμασεν,
803 2621 895 2672 ἐπὶ
934 2618 1124 2688 ὑψηλῷ
1151 2619 1290 2672 κίονι
1335 2619 1400 2670 ἐκ
1445 2617 1754 2686 μαρμάρων
1789 2632 1917 2667 συν-
1959 2626 1961 2628 ·

336 2717 649 2784 τεθυμένῳ
683 2713 995 2782 ἀνίδρυσεν,
1043 2713 1102 2763 ἐν
1141 2711 1295 2780 τόπῳ
1330 2704 1588 2777 ᾧκλῆσις
1620 2703 1686 2778 ἦν
1733 2709 1918 2774 Ἄρτο-

339 2809 579 2862 πώλιον
608 2822 623 2838 ⁸
677 2810 736 2861 ἐν
783 2799 829 2874 ᾧ
883 2806 978 2858 καὶ¹
1029 2803 1225 2858 πολλαὶ
1274 2803 1531 2871 δυνάμεις
1585 2799 1916 2871 ἐνηργοῦντο

340 2899 646 2971 παράδοξοι
673 2914 689 2930 ⁸
725 2898 822 2952 καὶ
853 2897 1056 2967 μᾶλλον
1084 2897 1199 2950 ὅσοι
1239 2897 1382 2965 ῥίγει
1428 2893 1753 2962 φλογώσεως
1781 2892 1917 2945 ἐπα-

342 3010 500 3065 σχον,
551 2991 644 3046 καὶ
685 2989 1015 3060 ὀφθαλμίαις
1060 2990 1157 3042 καὶ
1205 2987 1531 3057 ὑποχύσισιν
1579 2981 1717 3057 ἦσαν
1771 3001 1918 3037 συνι-

345 3085 619 3154 σχημένοι
644 3098 661 3113 ⁸
702 3083 833 3152 περὶ
864 3075 925 3134 οὗ
963 3097 1015 3134 τι
1049 3081 1146 3133 καὶ
1177 3079 1285 3132 τῶν
1320 3079 1466 3148 μάλα
1504 3079 1591 3131 διὰ
1639 3076 1915 3146 θαύματος

341 3175 638 3240 ἀγομένων
667 3168 1046 3238 πραττόμενον
1075 3166 1427 3235 διηγήσομαι.
1463 3163 1570 3216 Καί
1602 3179 1691 3232 μοι
1726 3161 1915 3230 μηδεὶς

342 3263 656 3320 ἀπιστείτω
679 3254 1026 3330 διηγουμένῳ
1048 3275 1062 3288 ο
1091 3257 1245 3310 οὐδὲν
1269 3257 1382 3325 γὰρ
1411 3251 1564 3324 οἴμαι
1592 3253 1912 3323 παράδοξον,

342 3358 371 3410 ὃ
397 3359 474 3426 μὴ
507 3355 629 3424 Θεῷ
660 3351 1143 3422 διαπεπραγμένον
1168 3351 1254 3418 τίη
1276 3363 1288 3377 ⁸
1319 3349 1468 3402 οὐδὲν
1502 3347 1559 3400 δέ
1601 3346 1760 3401 πάλιν
1785 3345 1916 3398 ἀδύ-

346 3464 532 3512 νατον,
567 3444 704 3498 Θεοῦ
745 3444 1099 3514 βουλομένου.
1141 3443 1377 3505 Λέγεται
1402 3440 1534 3509 γὰρ,
1572 3441 1667 3492 καὶ
1696 3437 1914 3507 ἀληθῶς

347 3538 593 3604 λέγεται,
626 3535 703 3598 ὡς
730 3535 814 3588 ὄτι
857 3532 989 3602 παρ’
1014 3531 1175 3586 αὐτὸν
1204 3530 1434 3599 ἄγγελος
1477 3532 1680 3600 Κυρίου
1730 3529 1914 3599 τρίτον

351 3628 449 3680 ἰὼν
495 3625 591 3680 τοῦ
627 3623 872 3677 ἐνιαυτοῦ
910 3624 967 3677 ἐν
1024 3623 1322 3692 ἀπορρήτῳ
1375 3622 1498 3690 σιγῇ
1547 3619 1646 3686 τῆς
1698 3618 1912 3680 νυκτὸς,

344 3713 547 3788 οἷάπερ
571 3716 828 3784 ἀστραπὴ
857 3715 913 3778 ἐξ
935 3713 1184 3783 οὐρανῶν
1213 3713 1522 3783 διᾴττουσα,
1553 3713 1608 3764 ἐν
1637 3711 1916 3779 ἀπροσίτῳ

343 3813 414 3880 τῇ
441 3808 630 3880 αἴγλῃ,
677 3806 863 3876 κύκλῳ
897 3807 1132 3874 περίεισι
1169 3805 1258 3856 τὸν
1294 3805 1532 3872 σταυρὸν
1579 3802 1809 3871 θυμιῶν,
1835 3802 1916 3852 λι-

345 3902 495 3970 γυρᾷ
522 3916 580 3952 τε
615 3900 768 3968 φωνῇ
799 3899 876 3960 ῶς
909 3898 975 3966 δή
1026 3913 1170 3959 τινος
1204 3893 1403 3948 λεπτοῦ
1439 3895 1785 3964 σημαντῆρος
1816 3893 1915 3964 τὴν

346 3991 657 4060 παρουσίαν
684 3988 972 4061 ᾰαμηνύει
993 3990 1111 4050 τοῖς
1141 3986 1528 4056 ἀνεπιστρόφῳ
1555 3987 1686 4054 πρὸς
1716 3984 1915 4038 κακίαν

347 4083 450 4152 βίῳ
479 4084 548 4134 τὰ
600 4079 826 4133 τοιαῦτα
856 4081 952 4134 καὶ
995 4081 1124 4150 ὁρᾴν
1163 4080 1258 4132 καὶ
1298 4078 1522 4133 ἀκούειν
1567 4079 1912 4148 ἠξιωμένοις.

347 4171 597 4242 ’ᾼσματι
629 4169 686 4222 δέ
737 4171 1034 4240 ἀπορρήτῳ
1072 4169 1132 4223 τδ
1173 4168 1355 4222 ἔνθεον
1388 4169 1550 4237 μέλος
1593 4168 1693 4234 τῆς
1722 4184 1910 4236 τρισα-

342 4263 472 4329 γίας
504 4262 689 4330 φωνῆς
742 4260 919 4331 τούτῳ
964 4260 1236 4327 ἐπιλέγων
1285 4263 1378 4315 καὶ
1430 4259 1774 4328 oms/mm,
1819 4260 1915 4312 καὶ

343 4349 506 4416 αὖθις
558 4352 752 4424 ὥσπερ
787 4353 958 4424 ἀστὴρ
1009 4354 1446 4423 μεγαλοπρεπῶς
1489 4353 1740 4423 διᾴττων,
1777 4354 1915 4422 πρὸς

2018 1899 2282 1953 collocata
2313 1908 2400 1952 est
2439 1914 2604 1967 super
2633 1899 2894 1952 fornicem
2931 1912 3026 1952 seu
3058 1910 3242 1949 arcum
3281 1891 3587 1961 triumpha—

2015 1987 2124 2042 lem
2166 1987 2220 2040 in
2251 1987 2389 2051 foro,
2436 1997 2496 2041 ut
2528 1987 2847 2042 obscuriore
2885 1983 3288 2053 significatione
3328 1981 3581 2034 ardorem

2019 2081 2240 2149 pietatis
2273 2079 2446 2148 ipsius
2480 2078 2765 2132 indicaret.
2804 2077 3055 2131 Potentia
3095 2088 3333 2142 namque
3369 2070 3585 2124 roboris

2017 2172 2139 2242 eius
2185 2170 2426 2225 Graecam
2479 2169 2930 2238 superstitionem
2979 2169 3289 2222 debellavit.
3345 2165 3585 2218 Alteram

2015 2279 2148 2317 vero
2181 2263 2578 2324 venerandam,
2617 2277 2939 2328 sacramque
2983 2275 3201 2314 crucem
3252 2258 3444 2313 Christi
3491 2272 3588 2310 no-

2018 2373 2140 2410 tuen
2170 2355 2571 2426 praeferentem,
2599 2357 2650 2406 in
2684 2354 3076 2424 Porphyretica
3113 2353 3360 2405 Romana
3391 2349 3586 2403 statuit

2019 2450 2296 2510 columna,
2332 2451 2384 2501 in
2425 2448 2544 2500 loco
2579 2447 2672 2515 qui
2710 2447 3079 2513 Φιλαδέλφιον,
3117 2445 3221 2497 hoc
3253 2453 3333 2496 est
3363 2441 3584 2496 Frater-

2018 2555 2120 2594 nus
2164 2555 2339 2602 amor,
2377 2539 2604 2592 dicitur.
2656 2538 2898 2591 Tertiam
2925 2577 2940 2602 ,
2983 2551 3146 2605 quam
3192 2532 3587 2588 Constantianus

2017 2631 2231 2701 quidem
2259 2633 2426 2694 νῖκος,
2455 2629 2507 2681 id
2541 2637 2624 2682 est
2657 2629 2970 2689 victoriam,
3015 2624 3254 2684 vocavit,
3295 2621 3586 2675 lleraclius

2017 2733 2196 2778 autem
2242 2724 2524 2789 ἀνίκητον,
2559 2721 2664 2775 hoc
2706 2730 2789 2774 εει
2826 2721 3118 2777 invictam,
3167 2715 3492 2770 nominavit.
3531 2716 3582 2766 in

2016 2814 2121 2867 alta
2149 2828 2457 2867 marmorea
2499 2813 2752 2866 columna
2787 2823 2990 2878 posuit,
3023 2811 3074 2862 in
3112 2810 3231 2862 loco
3260 2808 3344 2861 cui
3384 2822 3585 2859 nouwn

2017 2913 2097 2958 est
2127 2903 2514 2973 Ἀρτοπώλιον,
2544 2903 2596 2957 id
2626 2916 2708 2957 est
2743 2903 2942 2957 Forum
2976 2902 3284 2969 panarium,
3323 2898 3388 2951 ad
3423 2913 3585 2965 quam

2019 2995 2202 3049 multae
2244 2996 2408 3049 etiam
2457 3012 2622 3064 supra
2669 2996 2986 3063 opinionem
3040 2993 3322 3046 hominum
3358 2991 3588 3042 virtutes

2015 3099 2146 3142 sant
2175 3087 2374 3140 editte:
2411 3098 2575 3155 atque
2607 3087 2656 3138 in
2691 3085 2903 3155 primis,
2941 3083 2984 3138 si
3022 3085 3115 3152 qui
3158 3083 3340 3150 rigore
3376 3080 3588 3134 inﬂam-

2017 3178 2273 3231 mationis
2327 3187 2695 3241 vexarentur,
2741 3184 2796 3229 ει
2850 3175 3139 3228 oculorum
3191 3172 3477 3226 doloribus
3532 3180 3587 3222 ει

2016 3267 2416 3322 suﬁusionibns
2463 3277 2874 3335 premerentur,
2925 3265 3101 3319 sanati
3157 3274 3308 3318 sunt.
3363 3263 3436 3314 De
3477 3277 3583 3330 qua

2017 3359 2220 3411 [aetum
2253 3359 2567 3428 quoddam,
2605 3358 2751 3427 quod
2787 3358 3082 3411 admodum
3124 3358 3177 3409 in
3215 3355 3581 3409 admiratione

2013 3448 2150 3513 fuit,
2196 3465 2488 3518 exponam.
2523 3449 2605 3503 Ne
2641 3463 2770 3500 vero
2815 3449 3104 3518 quisquam
3154 3444 3400 3498 narranti
3448 3444 3579 3494 mihi

2016 3539 2176 3594 ﬁdem
2208 3553 2316 3592 non
2364 3539 2598 3603 habeat;
2631 3538 2768 3592 nihil
2801 3538 2946 3591 enim
2994 3545 3102 3588 tam
3141 3543 3337 3603 praeter
3367 3533 3584 3600 Opinio-

2015 3647 2141 3686 nem
2168 3641 2224 3684 et
2251 3640 2448 3699 praeter
2483 3630 2643 3684 ﬁdem
2679 3639 2790 3693 est,
2824 3627 2972 3696 quod
3001 3627 3144 3680 Deus
3175 3642 3282 3678 non
3314 3624 3581 3694 perﬁciat;

2018 3737 2193 3792 neque
2236 3723 2400 3776 etiam
2431 3723 2728 3791 quidquam
2763 3719 2910 3788 quod
2958 3719 3102 3772 Deus
3145 3718 3297 3781 velit,
3334 3717 3584 3784 impossi-

2016 3814 2125 3868 bile
2158 3819 2260 3866 est.
2296 3811 2504 3864 Dicitur
2541 3825 2802 3879 namque,
2834 3819 2891 3863 et
2933 3823 3060 3862 vere
3091 3807 3316 3869 dicitur,
3358 3822 3480 3860 cum
3514 3806 3580 3859 ad

2015 3920 2133 3958 eam
2168 3904 2394 3972 angelus
2428 3903 2642 3956 Domini
2685 3910 2768 3954 ter
2797 3898 3095 3970 quotannis
3123 3915 3222 3968 per
3251 3899 3580 3954 altissimum

2017 3994 2354 4062 intempesta:
2401 3993 2582 4047 noctis
2627 3992 2945 4056 silentium,
2976 3990 3205 4060 perinde
3247 4000 3412 4058 atque
3444 3989 3583 4042 emi.

2017 4103 2147 4142 cans
2170 4087 2441 4156 quoddam
2471 4085 2690 4140 caelitus
2719 4085 2922 4154 fulgur,
2951 4099 3073 4138 cum
3105 4081 3400 4150 splendore
3431 4081 3584 4132 inae-

2017 4194 2172 4234 cesso
2195 4179 2364 4250 venit.
2388 4194 2605 4234 crucem
2631 4192 2755 4233 eum
2785 4177 3080 4232 circumire
3106 4176 3347 4229 suﬁitum
3371 4173 3580 4227 facien-

2019 4281 2124 4324 tem
2150 4287 2164 4323 :
2193 4270 2460 4339 suavique
2489 4285 2622 4324 voce
2646 4269 2805 4339 quasi
2833 4267 3117 4338 cujusdam
3147 4267 3330 4320 tenuis
3356 4265 3578 4330 indicis,

2017 4361 2360 4430 praesentiam
2411 4377 2565 4416 suam
2609 4361 2716 4416 illis
2759 4360 2853 4429 qui
2901 4362 3140 4428 puritate
3185 4358 3309 4412 vitae
3355 4375 3382 4412 a
3433 4357 3582 4414 vitiis

343 4447 418 4498 τὰ
448 4448 627 4500 οἰκεῖα
655 4445 1019 4514 ἐπανέρχεται
1049 4446 1176 4516 ἢθη.
1211 4448 1306 4498 Ὃν
1333 4445 1468 4515 δῆτα
1498 4446 1795 4515 σεϐάσμιον
1820 4445 1914 4499 τοῦ

2021 4454 2406 4516 abhorrentes,
2443 4452 2567 4506 talia
2597 4465 2648 4506 et
2685 4453 2872 4507 videre
2898 4463 2952 4506 et
2985 4453 3174 4505 audire
3207 4451 3390 4505 idonei
3427 4458 3578 4512 sunt,

346 4539 557 4606 Κυρίου
611 4535 868 4605 σταυρὸν,
927 4536 1112 4606 πολλῷ
1169 4538 1344 4606 χρόνῳ
1393 4537 1620 4607 ὕστερον
1681 4537 1822 4591 κατὰ
1855 4539 1914 4590 τὸ

346 4629 818 4682 ὀκτωκαιδέκατον
847 4627 964 4690 ἔτος
992 4629 1092 4696 τῆς
1127 4630 1300 4698 ἀρχῆς
1328 4629 1660 4700 Μαυρικῐου,
1701 4630 1912 4698 σεισμῷ

352 4723 576 4791 μεγάλῳ
629 4723 819 4772 πεσεῖν
865 4721 1237 4789 ἐπειγόμενον,
1287 4721 1475 4773 ἔπειτα
1531 4721 1769 4790 σιδηροῖς
1802 4737 1913 4774 τισι

349 4817 566 4884 μηχανή
577 4830 740 4882 μασιν
755 4806 1072 4881 Ἡράκλειος
1090 4813 1314 4882 ἥδρασε,
1329 4815 1463 4882 πρὸς
1479 4814 1543 4883 τῇ
1571 4813 1724 4882 βάσει
1740 4813 1912 4867 ταῦτα

347 4904 411 4975 δὴ
436 4904 747 4972 ὲγκολὰψας
776 4904 842 4957 τὰ
870 4903 1177 4973 γράμματα
1204 4920 1217 4935 ο
1255 4905 1456 4974 Ἔργον
1493 4906 1784 4975 θεάρεστον
1814 4905 1910 4975 βαι

347 4993 538 5053 σιλέως
590 4994 827 5063 μεγάλου
873 4993 1190 5063 Ἡράκλειος
1225 4995 1492 5064 ἥδρασενο
1530 4995 1566 5049 ἃ
1598 4997 1660 5066 δὴ
1697 4999 1790 5050 καὶ
1830 4999 1910 5058 είς

346 5087 446 5152 ἐμὲ
498 5085 594 5137 νῦν
625 5089 734 5137 εἱσι
783 5085 1148 5155 θεωρούμενα.
1197 5086 1355 5140 Ἀλλὰ
1397 5087 1626 5142 τοιαῦτα
1673 5090 1774 5157 μὲν
1817 5090 1912 5141 καὶ

345 5177 414 5228 τὰ
444 5179 576 5246 περὶ
625 5179 736 5230 τῶν
768 5179 938 5247 τριῶν
974 5178 1223 5249 σταυρῶν
1264 5181 1602 5251 εἰργασμένα
1648 5181 1724 5249 τῷ
1757 5183 1910 5233 Κων-

348 5269 638 5335 σταντίνῳ.

2012 4545 2348 4597 insinuare:
2411 4553 2576 4610 atque
2633 4543 2726 4596 ubi
2790 4553 2954 4596 cantu
3010 4541 3278 4595 ineﬁ‘abili
3330 4541 3579 4598 divinum

2011 4651 2236 4689 carmen
2271 4646 2354 4688 ter
2375 4636 2550 4688 sancti
2577 4635 2760 4704 hymni
2797 4633 3029 4701 psallens
3060 4633 3424 4693 concinuerit,
3457 4648 3580 4684 rur-

2014 4740 2134 4778 sum
2171 4725 2321 4777 illum
2355 4726 2522 4778 veluti
2554 4726 2766 4779 stellam
2816 4723 3101 4794 magniﬁce
3145 4724 3474 4776 emicantem
3507 4723 3575 4777 ad

2017 4818 2201 4870 munia
2235 4816 2418 4871 redire
2459 4832 2578 4870 sua.
2612 4815 2762 4870 Hanc
2793 4831 2925 4869 sane
2959 4815 3324 4870 venerandam
3359 4815 3574 4867 Domini

2015 4923 2234 4962 crucem
2258 4949 2272 4972 ,
2319 4909 2481 4977 longo
2516 4916 2638 4977 post
2676 4917 2922 4976 tempore
2945 4947 2958 4969 ,
3000 4907 3272 4960 decimum
3319 4916 3577 4960 octavum

2013 5016 2216 5055 annum
2259 5000 2515 5054 Mauritio
2552 4999 2876 5068 imperante,
2911 5000 3071 5070 602
3101 4999 3244 5069 quod
3304 4999 3576 5052 immenso

2015 5101 2355 5146 terrzevmotu
2393 5100 2698 5156 corruerat,
2735 5092 2930 5146 ferreis
2959 5094 3284 5162 quibusdam
3317 5089 3579 5158 operibus

2013 5185 2302 5238 lleraclius
2339 5184 2597 5248 ﬁrmavit,
2630 5195 2686 5239 et
2725 5184 2778 5239 iu
2815 5187 2928 5239 basi
2975 5187 3095 5255 ejus
3129 5180 3440 5254 hujusmodi
3484 5180 3574 5234 in-

2015 5275 2146 5328 cidit
2181 5275 2600 5345 inscriptionem
2631 5295 2645 5330 :
2684 5277 2832 5346 Opus
2867 5276 2976 5330 Deo
3014 5285 3298 5344 acceptum
3342 5274 3577 5340 impera-

350 5361 484 5416 toris
522 5365 704 5432 magni
738 5363 1025 5422 ileraclius
1053 5364 1310 5419 ﬁrmavit.
1343 5365 1473 5432 Quae
1508 5366 1794 5440 inscriptio
1834 5367 1902 5422 ad
1943 5383 2066 5424 mea
2134 5385 2308 5442 usque
2339 5380 2584 5442 tempora
2652 5373 2886 5428 duravit.
2933 5373 3056 5428 Haec
3082 5372 3147 5426 de
3179 5368 3358 5425 tribus
3389 5367 3576 5425 cruci-

348 5453 447 5509 bus
472 5472 500 5508 a
530 5455 897 5513 Constantino
935 5459 1292 5516 constructis.
