3972 6200
396 308 498 372 123

931 429 1154 487 CAPUT
1199 431 1436 488 XXXIII.

399 515 465 571 Ut
521 517 903 574 Constantinus
945 521 1647 604 Christianismum‘ubique
1703 539 1968 586 terrarum

885 599 1170 662 prouagari
1191 599 1470 650 curaverit.

471 697 574 763 Qui
607 715 789 753 rerum
827 705 1074 760 omnium
1102 708 1236 762 illud
1269 726 1432 777 quam
1467 714 1702 769 maxime
1733 716 1967 783 studuit,

400 793 686 862 tit-religio
717 796 984 862 ampliora
1017 811 1242 868 caperet
1285 805 1645 861 incrementa.
1686 808 1874 873 Neque
1909 823 1968 862 se

397 883 686 936 continere
717 897 779 936 ea
816 885 868 938 in
919 903 975 940 re
1008 891 1210 957 potuit.
1250 892 1554 949 Universos
1595 911 1831 964 namque
1870 898 1968 951 lic-

399 975 597 1036 mines,
625 987 900 1043 quantum
935 980 988 1032 in
1013 997 1179 1036 manu
1209 985 1329 1053 ejus
1356 986 1406 1038 id
1443 986 1566 1052 fuit,
1600 989 1667 1042 ad
1690 988 1966 1044 Christum

395 1066 665 1122 adductos
727 1081 891 1135 atque
957 1066 1547 1142 pertractos'voluit,
1609 1083 1964 1150 apostolicam

397 1171 628 1224 prorsus
655 1159 943 1217 declarans
971 1176 1208 1218 mentem
1242 1174 1297 1221 et
1322 1169 1588 1224 studium.
1615 1170 1970 1240 Quandoqui-

395 1246 521 1300 dem
553 1259 733 1302 autem
763 1252 1014 1308 homines
1037 1254 1284 1310 Romano
1313 1259 1519 1312 subditi
1552 1261 1800 1330 imperio,
1833 1279 1969 1332 prte-

396 1347 482 1390 ter
510 1340 778 1394 rationem
797 1358 1037 1408 onmem,
1065 1359 1270 1400 metum
1294 1358 1459 1418 atque
1486 1354 1963 1420 superstitionem,

394 1441 623 1498 propter
652 1445 974 1503 conceptam
1009 1437 1075 1490 de
1114 1441 1426 1498 simulacris
1471 1445 1789 1512 opinionem
1829 1449 1966 1503 reti-

395 1522 625 1585 nebant,
664 1525 802 1579 ritus
837 1533 1044 1595 patrios
1076 1533 1607 1600 complectebantur,
1637 1547 1693 1599 et
1724 1556 1790 1593 ex
1820 1543 1967 1595 anti-

394 1612 625 1683 quitatis
671 1619 1006 1675 auctoritate
1039 1623 1389 1691 pendebant,
1436 1627 1805 1684 inducendam
1843 1649 1965 1689 esse

393 1708 580 1760 cultus
611 1710 732 1777 ejus
762 1712 902 1780 apud
937 1712 1085 1782 ipsos
1116 1716 1446 1772 oblivionem
1477 1723 1710 1788 putavit.
1744 1723 1799 1777 ld
1833 1741 1964 1779 vero

1611 322 2039 384 NlCEPlIOllI
2080 325 2420 385 CALLISTI

3546 324 3650 388 124

2655 439 2907 495 unum.
2940 438 3084 509 ΑΓκι

2076 531 2278 596 Ὅπως
2316 533 2777 598 Κωνσταντῖνος
2802 533 2907 586 τὸν
2954 534 3428 601 Χριστιανισμὸν
3459 536 3656 590 ἁπαν-

2175 603 2362 670 ταχοῦ
2402 601 2514 666 τῆς
2548 601 2658 671 τῆς
2687 603 3036 672 διαδραμεῖν
3057 605 3510 671 παρεσκεύασε.

2141 715 2330 781 Πάσης
2361 713 2407 765 δ’
2459 709 2532 785 ἦν
2569 714 2768 783 ἐκείνῳ
2819 714 3060 779 σπουδῆς
3115 715 3421 786 ὑπέρτερον
3471 719 3504 786 ή
3548 718 3649 787 τῆς

2070 807 2373 874 θρησκείας
2411 790 2673 867 ἐπίδοσις.
2708 806 2978 875 Κατέχειν
3007 807 3055 860 δ’
3095 807 3195 859 οὐκ
3226 803 3376 874 εἶχεν
3408 809 3606 860 ἑαυτόν
3629 824 3644 838 ·

2067 893 2266 964 ἀθρόον
2294 895 2424 964 γὰρ,
2467 895 2522 946 εί
2543 895 2593 961 γ’
2620 894 2752 963 ἐνῆν
2794 895 2963 965 αὐτῷ,
3019 899 3230 960 πάντας
3274 897 3471 967 ἤθελεν
3525 899 3649 950 ἐπι-

2071 983 2316 1037 σπᾶσθαι
2359 987 2454 1038 καὶ
2495 985 2799 1056 προσάγειν
2837 987 3082 1056 Χριστῷ,
3119 989 3488 1058 άποστολικὴν
3529 991 3650 1042 ἐπι-

2068 1075 2418 1146 δεικνύμενος
2446 1077 2546 1148 τὴν
2573 1079 2833 1149 σπουδήν.
2881 1080 3037 1133 Ἐπεὶ
3061 1079 3119 1132 δέ
3148 1080 3210 1131 τὸ
3242 1080 3348 1133 ἀνὰ
3372 1081 3473 1143 τὴν
3516 1080 3650 1133 Ῥω-

2072 1167 2250 1234 μαίων
2284 1167 2528 1236 ὑπήκοον
2555 1169 2716 1238 δεῖμα
2745 1168 2842 1221 καὶ
2877 1168 3040 1229 σέϐας
3067 1167 3264 1235 ἄλογον
3288 1167 3389 1236 τῆς
3418 1168 3550 1238 περὶ
3580 1169 3650 1219 τά

2069 1259 2230 1322 ξόανα
2286 1259 2589 1328 φαντασίας
2637 1254 2807 1328 εἶχον,
2866 1259 2972 1329 ἢθη
3005 1275 3065 1310 τε
3117 1259 3322 1327 πάτρια
3356 1260 3650 1323 κατησπά-

2069 1349 2246 1412 ζοντο,
2279 1351 2374 1402 καὶ
2415 1351 2778 1419 ἀρχαιότητος
2807 1350 3013 1421 εἴχοντο
3039 1367 3056 1381 ο
3095 1350 3204 1402 δεῖν
3248 1350 3426 1402 ἐδόκει
3470 1349 3649 1419 λήθην

2067 1436 2252 1500 αὐτοῖς
2285 1421 2386 1506 τῆς
2419 1438 2723 1508 θρησκείας
2767 1440 3031 1507 εἰσάγειν.
3067 1439 3240 1492 Τοῦτο
3271 1439 3318 1491 δ’
3341 1440 3443 1492 οὐκ
3471 1439 3647 1500 ἄλλως

2067 1526 2137 1601 ἦν
2162 1531 2460 1601 ἐγχωροῦν,
2504 1533 2634 1602 πρὶν
2681 1533 2748 1586 ἂν
2783 1533 2892 1586 τῶν
2919 1533 3059 1585 νεῶν
3102 1534 3197 1584 καὶ
3229 1532 3339 1584 τῶν
3368 1533 3426 1583 ἐν
3459 1533 3646 1592 αὐτοῖς

2067 1621 2400 1693 ἀμελήσειαν
2448 1624 2806 1694 ἀγαλμάτων.
2836 1626 2942 1677 Καὶ
2970 1625 3032 1678 τὸ
3077 1627 3316 1694 ἐννόημα
3355 1626 3435 1686 είς
3480 1624 3647 1694 ἔργον

2068 1716 2276 1784 ἡγετοο
2335 1716 2683 1786 γραμμάτων
2735 1717 2844 1786 γὰρ
2902 1717 3282 1787 φοιτησάντων
3343 1717 3646 1786 βασιλικῶν

394 1811 499 1850 nec
529 1797 689 1850 aliter
719 1816 818 1854 nec
856 1806 1009 1870 prius
1041 1805 1158 1859 ﬁeri
1189 1808 1390 1876 potuit,
1427 1785 1591 1880 quam
1626 1813 1703 1867 illi
1739 1818 1957 1885 templa.

2067 1808 2348 1868 δείσαντες
2378 1785 2429 1860 οἱ
2461 1807 2624 1876 δῆμοι
2655 1810 2730 1877 μή
2765 1785 2821 1860 τι
2853 1809 2988 1879 περὶ
3017 1785 3086 1860 τά
3118 1785 3353 1877 φίλτατα
3392 1810 3644 1872 πάθοιεν,

393 1898 446 1940 et
473 1904 594 1957 qum
626 1891 679 1944 in
714 1894 794 1945 eis
835 1907 966 1949 sunt
1007 1907 1217 1953 statuas
1247 1903 1589 1972 negligerent
1628 1915 1793 1976 atque
1829 1923 1962 1963 con-

394 1989 726 2037 temnerent.
775 1985 1193 2059 Consiliumque
1236 1993 1290 2046 id
1328 1995 1395 2047 ad
1427 1998 1631 2051 exitum
1678 2001 1958 2068 perduxit.

394 2071 599 2127 Edictis
621 2077 767 2129 enim
800 2078 1165 2145 imperatoriis
1192 2087 1394 2154 passim
1426 2089 1740 2157 publicatis,
1771 2095 1960 2162 populi

391 2172 699 2220 metuentes
734 2183 801 2222 ne
829 2171 897 2223 de
940 2172 1104 2228 rebus
1135 2175 1238 2228 sibi
1276 2177 1618 2233 cliarissimis
1647 2181 1702 2234 in
1736 2185 1960 2251 pericu—

389 2255 502 2310 lum
529 2261 797 2326 venirent,
827 2263 876 2315 in
910 2265 1084 2320 ollicio
1117 2268 1289 2324 fuere.
1321 2269 1388 2324 Et
1417 2274 1743 2342 templorum
1773 2287 1960 2331 custo-

390 2350 488 2404 des
523 2355 980 2424 sacerdotesque,
1027 2375 1149 2412 cum
1197 2363 1338 2430 quod
1371 2376 1602 2430 agerent
1647 2383 1753 2422 non
1794 2371 1961 2425 halte—

389 2454 536 2504 rent,
573 2461 659 2499 res
688 2463 809 2516 qua:
848 2459 1007 2504 antea
1034 2454 1176 2521 apud
1211 2470 1306 2509 eos
1339 2458 1392 2510 in
1421 2457 1683 2515 honorem
1718 2465 1956 2531 fuerant,

391 2531 690 2600 despexere
719 2553 734 2588 :
767 2549 821 2590 et
860 2553 981 2606 qua:
1011 2541 1217 2596 dudum
1264 2543 1317 2596 in
1357 2546 1612 2602 abstruso
1660 2551 1888 2606 latentia
1926 2572 1956 2608 a

387 2625 607 2680 nemine
653 2640 943 2696 conspecta
988 2631 1237 2699 fuerant,
1287 2653 1354 2690 ex
1401 2639 1581 2708 adytis
1627 2646 1956 2713 arcanisque

385 2715 523 2771 locis
554 2727 868 2786 pertraxere
894 2740 908 2776 :
941 2739 1174 2793 quasque
1198 2728 1332 2781 solis
1364 2729 1496 2797 ipsis
1526 2734 1742 2801 cognita
1770 2747 1954 2798 erant,

384 2816 632 2868 omnium
699 2816 871 2870 oculis
928 2832 1250 2887 exposuere.
1318 2821 1752 2879 Simulacrorum
1816 2843 1951 2882 vero

389 2903 649 2966 materia,
689 2918 811 2972 quae
848 2906 1069 2974 quidem
1119 2908 1355 2977 ingentis
1399 2923 1547 2966 esset
1593 2916 1793 2983 pretii,
1843 2917 1954 2988 igni

275 3043 283 3050 ,
387 2994 719 3062 adiudicata,
753 3006 808 3050 et
837 2998 890 3050 in
923 2999 1131 3053 minuta
1167 3000 1341 3056 frusta
1370 3006 1632 3059 concisa:
1662 3023 1785 3076 quae
1823 3025 1953 3064 vero

2067 1902 2190 1955 καθ’
2220 1902 2445 1964 ἑαυτοὺς
2490 1897 2650 1972 ἦσαν.
2689 1901 2756 1955 Οἵ
2790 1919 2853 1967 γε
2906 1902 3013 1971 μὴν
3043 1902 3304 1971 νεωκόροι
3336 1903 3429 1953 καὶ
3475 1903 3648 1971 ἱερεῖς

2070 1995 2144 2062 μή
2175 2010 2228 2045 τι
2269 1993 2399 2063 δρᾷν
2429 1993 2666 2062 ἔχοντες,
2699 1993 2765 2045 τὰ
2795 1992 2926 2063 παρ’
2961 1993 3140 2055 αὐτοῖς
3173 1995 3331 2062 τίμια
3368 1995 3646 2062 κατεφρό-

2064 2102 2190 2138 νουν
2209 2099 2224 2114 °
2253 2087 2348 2138 καὶ
2374 2084 2444 2137 τά
2465 2086 2525 2138 ἐν
2552 2085 2707 2155 μυχῷ
2733 2085 2899 2138 πάλαι
2929 2084 3134 2137 ἀθέατα
3153 2083 3262 2136 τῶν
3277 2085 3486 2137 ἀδύτων
3513 2085 3645 2153 ἐξῆ-

2065 2193 2160 2244 γον
2189 2192 2205 2207 ο
2241 2177 2376 2228 πᾶσι
2399 2175 2456 2229 δὲ
2487 2175 2624 2245 δῆλα
2661 2175 2727 2228 τά
2751 2174 2882 2244 πρὶν
2921 2174 3107 2237 αὐτοῖς
3143 2189 3208 2243 γε
3239 2175 3420 2242 μόνοις
3461 2176 3640 2240 ἐγνωο

2067 2269 2242 2337 σμένα
2271 2268 2589 2321 καθίστατο.
2632 2267 2697 2320 Ἥ
2742 2267 2800 2320 δὲ
2835 2268 2945 2319 τῶν
2991 2266 3200 2332 ξοάνων
3237 2265 3364 2333 ὕλη,
3397 2266 3496 2335 ὅση
3537 2266 3642 2335 μὲν

2064 2361 2398 2431 διαφέρουσα
2425 2357 2514 2430 ἦν,
2563 2359 2701 2430 πυρὶ
2733 2359 3126 2429 διακρινομένη
3177 2360 3257 2419 είς
3289 2359 3471 2428 κέρμα
3516 2361 3644 2410 ἐκό-

2069 2450 2271 2506 πτετοδ
2302 2455 2403 2523 ὅση
2438 2453 2482 2505 δ’
2510 2453 2569 2504 ἐν
2599 2452 2787 2523 χαλκῷ
2813 2452 2893 2514 εἰς
2931 2451 3131 2512 κάλλος
3169 2450 3516 2516 ἐξείργαστο,
3544 2449 3641 2502 κός

2065 2561 2206 2611 σμου
2260 2543 2422 2613 χάριν
2479 2543 2560 2605 είς
2599 2542 2700 2612 τὴν
2757 2541 2885 2593 νέαν
2943 2539 3039 2593 τοῦ
3085 2538 3424 2609 κρατοῦντος
3480 2539 3642 2589 πόλιν

2063 2636 2226 2704 ἡγετο
2250 2652 2264 2666 ·
2299 2637 2396 2689 nul.
2428 2635 2532 2688 ἀνὰ
2561 2634 2659 2696 τὰς
2690 2633 2916 2702 ἀγυιὰς,
2944 2631 3035 2685 τόν
3059 2647 3118 2683 τε
3157 2629 3520 2696 Ἱππόδρομον
3543 2632 3640 2679 καὶ

2064 2726 2378 2796 ἁπανταχοῦ
2410 2726 2760 2796 καθιδρύετο.
2797 2726 3001 2792 Ἥγετο
3031 2722 3124 2776 οῦν
3167 2722 3444 2776 Ἀπόλλων
3477 2737 3536 2774 τε
3571 2721 3640 2772 ἐκ

2066 2818 2292 2882 Πυθίας,
2341 2819 2436 2871 καὶ
2463 2818 2522 2882 ἐξ
2561 2817 2852 2880 Ἑλικῶνος
2885 2819 2941 2870 ul
2988 2815 3228 2880 Μοῦσαι,
3255 2815 3352 2868 καὶ
3375 2816 3402 2866 ὁ
3438 2812 3639 2882 σεμνὸς

2062 2913 2124 2962 ἐκ
2154 2910 2374 2976 Δελφῶν
2411 2911 2660 2981 τρίπους,
2696 2911 2788 2964 καὶ
2831 2913 2859 2964 ό
2886 2911 3170 2978 διαϐόητος
3206 2909 3341 2972 Πάν,
3374 2909 3436 2961 ὃν
3491 2910 3640 2962 Παυ-

2065 3003 2252 3066 σανίας
2287 3004 2425 3072 μιτά
2476 3003 2569 3057 τὸν
2617 3005 2863 3071 Μηδικὸν
2909 3005 3129 3057 ἀνέθετο
3178 3003 3434 3070 πόλεμον.
3484 3004 3547 3055 Oi
3577 3001 3635 3054 δὲ

387 3102 454 3139 ex
488 3103 594 3140 aere
627 3089 929 3144 artiﬁcioso
959 3107 1125 3160 Opere
1163 3093 1459 3150 fabrefacta
1506 3108 1684 3161 esset,
1726 3112 1954 3170 propter

2063 3095 2186 3166 νεῲ,
2226 3097 2497 3159 παντοίως
2521 3095 2910 3166 ἀμεληθέντες,
2939 3098 3017 3158 είς
3050 3097 3270 3166 ἐρείπια
3301 3092 3464 3166 ἦσαν.
3497 3098 3639 3148 [Iuv-

387 3179 860 3248 pulcltritudinem
897 3192 951 3238 et
999 3189 1400 3253 praestantiam,
1443 3189 1496 3242 in
1541 3206 1735 3245 novam
1778 3193 1951 3263 impe-

386 3273 588 3326 ratoris
649 3274 839 3330 urbem
886 3288 1226 3346 compcrtata
1285 3288 1419 3334 est:
1489 3291 1655 3350 atque
1721 3285 1797 3339 ibi
1854 3302 1954 3356 per

388 3361 641 3430 regiones
687 3374 897 3426 certas,
941 3374 1105 3436 atque
1142 3369 1195 3423 in
1245 3368 1620 3439 Hippodromo
1668 3390 1765 3428 seu
1805 3376 1953 3431 circo

386 3455 652 3521 equestri,
681 3464 736 3508 et
764 3457 893 3511 alibi
926 3459 1125 3527 passim
1162 3462 1448 3518 collocata.
1478 3463 1762 3522 Abductus
1793 3468 1955 3537 igitur

386 3554 468 3599 est
505 3563 569 3600 ex
619 3547 799 3617 Pythii
849 3551 1057 3604 oraculi
1105 3553 1236 3606 sede
1289 3554 1520 3624 Apollo,
1565 3571 1630 3611 ex
1687 3557 1952 3614 Ilelicone

383 3640 571 3706 Musae,
599 3651 656 3695 et
691 3641 913 3711 Delphis
945 3658 1103 3699 sacer
1135 3647 1309 3715 tripos
1342 3665 1356 3700 :
1389 3657 1554 3716 atque
1591 3650 1830 3705 celebris
1861 3653 1952 3708 ille

384 3733 523 3799 Pan,
555 3750 717 3804 quem
755 3735 1051 3791 Pausanias
1083 3747 1204 3806 post
1244 3737 1516 3793 Medicum
1551 3741 1753 3794 bellum
1794 3743 1947 3796 dica—

383 3811 555 3882 veral.
601 3827 824 3895 Templa
859 3844 1023 3897 porro
1064 3832 1338 3898 neglecta,
1391 3846 1618 3898 prorsus
1648 3833 1714 3887 ad
1760 3834 1950 3889 ruinas

382 3929 519 3974 sunt
566 3919 1016 3989 redactauﬁos
1065 3917 1296 3973 Omnino
1340 3921 1505 3974 etiam
1557 3930 1670 3976 tum
1713 3931 1769 3976 et
1809 3924 1952 3992 apud

384 4008 551 4079 [Egas
580 4009 881 4077 Esculapii
917 4011 969 4062 in
997 4007 1185 4062 Cilicia
1222 4010 1319 4080 (l),
1349 4019 1405 4063 et
1425 4012 1568 4079 apud
1597 4012 1848 4080 Aphacos
1875 4012 1952 4082 (2)

385 4101 454 4154 ad
487 4099 754 4154 Libanum
786 4107 1028 4151 montem
1063 4098 1294 4153 Veneris
1329 4100 1617 4155 delubrum
1650 4103 1950 4158 sublatum.

382 4194 691 4260 Utrumque
735 4203 916 4246 autem
950 4193 1229 4246 veteribus
1260 4201 1316 4247 et
1352 4193 1572 4248 celebre
1603 4205 1658 4249 et
1685 4210 1955 4248 veneran-

384 4286 518 4340 dum
554 4285 822 4337 habitum.
854 4282 984 4348 Quae
1014 4299 1183 4351 quum
1217 4283 1290 4336 ita
1328 4283 1544 4348 ﬁerent,
1581 4301 1648 4338 ex
1676 4288 1952 4342 sententia

386 4376 736 4446 imperatoris
765 4389 851 4429 res
875 4374 1227 4442 prOCedebat.
1252 4373 1318 4427 Et
1343 4373 1438 4440 qui
1472 4375 1672 4444 templa
1698 4377 1950 4442 deorum,

385 4486 506 4537 qua:
542 4469 692 4537 prius
725 4467 1039 4528 coluerant,
1074 4468 1256 4534 jacere
1281 4507 1296 4530 ,
1337 4467 1648 4535 stipulaque
1681 4479 1734 4522 et
1765 4480 1947 4526 storea
1979 4443 2030 4503 θ

384 4561 653 4630 completa
710 4575 832 4615 esse
890 4558 1183 4622 videbant,
1231 4561 1282 4611 in
1331 4569 1707 4628 contemptum
1751 4578 1942 4616 eorum

383 4653 715 4714 veniebant,
755 4650 1133 4718 maiorumque
1161 4664 1404 4703 errorem
1443 4648 1954 4718 reprehendebant;

383 4744 618 4808 Quidam
653 4757 753 4796 nos
785 4751 914 4795 sunt
940 4740 1205 4794 annulati.
1241 4738 1347 4793 Alii
1393 4739 1744 4808 imperatoris
1778 4741 1951 4808 ipsius

388 4834 560 4904 gtatia
609 4843 866 4901 oportere
918 4844 978 4884 se
1033 4828 1298 4898 principis
1359 4845 1540 4884 mores
1595 4839 1652 4885 et
1701 4831 1949 4886 instituta

385 4928 570 4978 colere
613 4921 1021 4977 existimabant.
1067 4918 1328 4974 Nonnulli
1380 4934 1546 4986 porro
1595 4920 1672 4988 (5)
1721 4921 1790 4975 ab
1829 4921 1949 4989 epi-

385 5019 568 5086 scopis
611 5025 665 5069 ct
712 5013 1026 5077 monachis,
1075 5014 1127 5066 in
1171 5028 1311 5081 quos
1362 5012 1569 5067 divinis
1613 5013 1945 5081 quibusdam

385 5109 608 5164 indiciis
636 5105 961 5167 inciderant,
987 5104 1191 5166 edocti,
1218 5103 1391 5156 satius
1423 5117 1546 5157 esse
1576 5103 1947 5157 Christianam

384 5201 666 5270 suscipere
708 5197 1026 5266 religionem
1077 5201 1433 5248 censuerunt.
1475 5192 1712 5248 Proinde
1752 5195 1943 5263 populi

385 5295 540 5348 multi
574 5302 628 5348 ct
660 5293 826 5346 urbes
859 5299 985 5344 totae
1011 5288 1076 5342 ad
1101 5288 1582 5343 Christianismum
1611 5301 1669 5341 se
1699 5286 1947 5340 contere-

459 5456 535 5524 (l)
575 5452 816 5516 Rectius,
849 5459 922 5524 ut_
963 5463 1130 5524 supra
1177 5445 1408 5524 cap.__'50
1440 5444 1564 5498 eod.
1622 5443 1679 5524 in
1733 5442 1950 5524 _Cil.icia.

388 5513 560 5578 Sicuti
595 5527 756 5578 etiam
784 5513 925 5592 apud
961 5513 1260 5573 So'zomenI
1281 5517 1376 5570 lib.
1401 5531 1464 5580 ιι,
1489 5531 1610 5583 cap.
1646 5513 1699 5575 5,
1731 5514 1948 5582 legitur.

438 5609 596 5645 ucan.
638 5611 653 5645 ἶ

438 5611 500 5645 ιιι
541 5609 596 5645 ιι.
638 5611 653 5645 :

386 5593 430 5650 ι
475 5609 535 5646 ω
601 5661 666 5713 Ει
700 5672 946 5716 extrema:
975 5668 1221 5712 resonant
1260 5658 1540 5713 navalibus
1565 5656 1732 5726 .ng.

461 5733 541 5801 (9)
592 5729 691 5783 llic
743 5735 810 5784 de
873 5738 1021 5783 certo
1077 5730 1141 5780 ad
1197 5731 1593 5782 ittrocationetn
1655 5740 1706 5780 et
1757 5741 1950 5796 prcccs

2056 3186 2264 3240 τάπασι
2298 3186 2356 3239 δὲ
2393 3186 2649 3255 τηνικάδε
2683 3186 2712 3238 ὃ
2735 3202 2792 3238 τε
2825 3187 2882 3238 ἐν
2928 3187 3122 3253 Αἰγαῖς
3150 3185 3246 3238 τοῦ
3293 3185 3631 3253 Ἀσκληπιοῦ

2058 3276 2116 3327 ἐν
2145 3275 2339 3345 Συρίᾳ,
2391 3277 2488 3328 καὶ
2517 3277 2545 3327 ό
2575 3275 2633 3326 ἐν
2675 3274 2937 3342 Ἀφάκοις
2981 3276 3081 3344 τῆς
3125 3275 3446 3343 Ἀφροδίτης
3501 3277 3635 3343 περὶ

2054 3367 2115 3419 τὸ
2148 3366 2242 3419 τοῦ
2283 3367 2522 3420 Λιϐάνου
2554 3367 2678 3435 ὅρος
2723 3368 3008 3436 ἠφάνιστο.
3044 3367 3152 3418 Kul.
3187 3369 3356 3435 ἄμφω
3395 3367 3451 3419 δὲ
3479 3362 3632 3419 οὗτοι

2057 3459 2312 3530 ἐπισήμω
2363 3454 2503 3530 ἦσαν
2535 3459 2630 3512 καὶ
2676 3459 2957 3530 σεϐασμίω
3015 3462 3128 3522 τοῖς
3174 3461 3364 3514 πάλαι.
3397 3455 3498 3512 Ὧν
3543 3477 3634 3528 γι-

2056 3551 2318 3622 νομένων,
2370 3552 2512 3604 κατά
2568 3551 2770 3604 σκοπὸν
2815 3553 2892 3621 τῷ
2955 3552 3166 3622 βασιλεί
3212 3552 3523 3623 προύχώρει
3571 3555 3635 3605 τὸ

2057 3643 2291 3712 πρᾶγμα
2319 3658 2336 3674 ⁸
2365 3644 2418 3696 οἱ
2453 3645 2552 3713 μὲν
2586 3645 2696 3715 γὰρ
2728 3645 2794 3697 τὰ
2838 3647 2969 3716 πρὶν
3003 3646 3070 3699 δι’
3102 3647 3289 3709 αἰδοῦς
3319 3646 3504 3706 αὐτοῖς
3541 3647 3636 3715 ἐρ-

2058 3736 2301 3805 ριμμένα
2335 3737 2590 3807 δρῶντες,
2625 3738 2882 3809 καλάμης
2904 3756 2964 3792 τε
2991 3741 3086 3792 καὶ
3121 3739 3359 3809 φορυτοῦ
3392 3740 3630 3809 ἔμπλεα,

2057 3832 2138 3894 είς
2164 3831 2580 3901 καταφρόνησιν
2609 3827 2745 3903 ἧκον
2781 3831 3024 3890 ἐκείνων,
3062 3833 3157 3883 καὶ
3187 3835 3297 3894 τοῖς
3342 3831 3634 3900 προγόνοις

2055 3923 2159 3992 τῆς
2211 3923 2421 3992 πλάνης
2459 3922 2774 3991 ἐμέμφοντο
2798 3939 2812 3955 ·
2847 3925 2897 3975 οἱ
2926 3923 2980 3976 δὲ
3011 3922 3158 3992 ζήλῳ
3190 3922 3298 3976 τῶν
3345 3923 3633 3993 ἡμετέρων

2056 4012 2151 4062 καὶ
2181 4010 2279 4081 τῆς
2327 4010 2420 4063 τοῦ
2457 4010 2722 4080 βασιλέως
2751 4011 2912 4081 χάριν
2942 4014 3109 4081 τιμῆς
3154 4013 3266 4065 δεῖν
3306 4012 3536 4083 ἡγοῦντο
3559 4016 3632 4066 τά

2056 4101 2152 4154 τοῦ
2183 4102 2514 4172 κρατοῦντος
2541 4101 2648 4174 ἢθη
2672 4104 2839 4172 τιμᾷν
2866 4120 2881 4135 ο
2909 4103 3065 4156 ἄλλοι
3094 4104 3150 4155 δὲ
3185 4107 3278 4156 καὶ
3306 4105 3634 4175 θεοσημίαις

2057 4195 2222 4259 τισὶν,
2271 4195 2594 4256 ἐπισκόποις
2637 4211 2697 4246 τε
2731 4196 2827 4247 καὶ
2880 4198 3138 4264 μοναχοῖς
3185 4197 3632 4266 ἐντετυχηκότες,

2056 4285 2284 4353 ἄμεινον
2315 4285 2455 4337 εἶναι
2478 4285 2886 4354 Χριστιανίζειν
2925 4285 3175 4355 ᾑροῦντο.
3204 4285 3397 4337 Ἔνθεν
3425 4303 3504 4337 τοι
3533 4288 3634 4338 καὶ

2059 4375 2246 4428 πολλοὶ
2291 4375 2452 4444 δῆμοι
2489 4377 2582 4426 καὶ
2623 4374 2804 4437 πόλεις
2839 4376 2958 4428 ὅλαι
2988 4375 3484 4445 μετερῤυθμίζοντο
3509 4392 3523 4406 ·
3552 4377 3631 4439 ὡς

2056 4465 2121 4536 δὴ
2152 4469 2246 4520 καὶ
2277 4466 2337 4517 τὸ
2367 4466 2617 4530 Γαζαίων
2665 4466 2922 4529 ἐπίνειον,
2953 4465 2982 4516 δ
3017 4466 3314 4533 Μαιουμᾶς
3351 4465 3628 4532 καλεῖται,

2056 4557 2500 4626 δυσειδαιμονοῦν
2536 4561 2603 4610 τά
2638 4558 2872 4628 μάλιστα
2909 4559 3194 4628 πρότερον,
3229 4559 3426 4630 ἁθρόον
3465 4563 3630 4628 μετέ-

2058 4650 2188 4702 ϐαλε
2219 4651 2354 4719 πρὸς
2384 4651 2533 4718 ἡμᾶς
2557 4666 2571 4680 ⁸
2599 4651 2626 4701 δ
2655 4651 2748 4701 καὶ
2777 4650 2874 4718 τῆς
2904 4651 3106 4719 ἀθρόας
3137 4653 3437 4721 μεταϐολῆς
3467 4655 3630 4720 ἀμει-

2058 4743 2310 4810 ϐόμενος,
2347 4742 2548 4809 πολλῆς
2577 4741 2733 4810 ἠξίου
2783 4742 2981 4810 τιμῆςο
3009 4745 3099 4794 καὶ
3128 4744 3282 4796 πόλιν
3327 4740 3465 4795 εῐναι
3499 4747 3632 4814 ἐκή-

2062 4846 2246 4901 ρυττε,
2285 4832 2674 4884 Κωνσταντίαν
2709 4829 3116 4896 κατονομάζων.
3153 4831 3235 4881 ἐνὶ
3278 4832 3388 4882 τῶν
3419 4832 3629 4883 παίδων

2056 4926 2147 4976 τὸν
2179 4924 2354 4994 χῶρον
2399 4923 2575 4990 τιμῶν
2602 4926 2668 4990 τῇ
2707 4923 2995 4992 θρησκείᾳ.
3044 4922 3156 4992 Τὴν
3199 4925 3322 4991 ίσην
3361 4923 3406 4973 δ’
3438 4924 3625 4992 εἴληχε

2057 5016 2210 5079 τάξιν
2236 5017 2331 5068 καὶ
2363 5017 2396 5084 ἡ
2425 5015 2574 5084 παρὰ
2600 5014 2799 5075 Φοίνιξι
2829 5017 3214 5066 Κωνσταντίνα
3244 5016 3622 5080 ὲπικληθείσα,

2057 5105 2147 5157 διὰ
2187 5109 2246 5158 τὸ
2277 5107 2439 5168 σέϐας
2472 5107 2570 5175 τὴν
2605 5105 2700 5156 τοῦ
2733 5104 2994 5174 βασιλέως
3033 5105 3451 5175 ἐπιγραψαμένη
3479 5109 3626 5157 ἐπω-

2059 5198 2278 5266 νυμίαν.
2313 5198 2510 5249 Πολλαὶ
2544 5197 2600 5248 δὲ
2632 5197 2726 5250 καὶ
2756 5191 2919 5250 ἄλλαι
2945 5197 3053 5248 τῶν
3091 5197 3293 5249 πόλεων
3323 5198 3624 5264 αὐτόματοι

2062 5292 2197 5362 πρὸς
2224 5291 2286 5342 τὸ
2324 5290 2652 5359 θρησκεύειν
2700 5290 2996 5358 ἠπείγοντο
3029 5292 3096 5341 τά
3133 5290 3415 5356 ἡμέτερα*
3465 5289 3623 5340 ἐκόν-

2057 5446 2317 5515 quasdam
2352 5461 2419 5498 ex
2454 5459 2670 5498 sommo
2720 5444 2911 5498 Libani
2959 5446 3158 5496 montis
3203 5445 3334 5512 jugo
3377 5447 3628 5501 emicans

2057 5518 2219 5584 ignis,
2257 5515 2482 5583 perinde
2523 5525 2686 5583 atque
2737 5515 2892 5567 stella
2935 5516 2986 5567 in
3030 5515 3213 5566 vicino
3246 5515 3490 5576 llumine,
3527 5517 3625 5582 qui

2058 5587 2260 5638 Adonis
2316 5595 2563 5643 vocatur,
2621 5584 3076 5651 submergebatur
3127 5600 3140 5633 :
3200 5584 3461 5636 Venerem
3507 5601 3624 5639 cu;-

2058 5656 2250 5707 lcstcm
2291 5655 2438 5707 cives
2489 5668 2609 5707 esse
2637 5653 2847 5706 dixere.
2884 5654 3124 5722 (Sozotn.
3161 5653 3257 5705 lib.
3297 5668 3354 5716 ιι,
3388 5671 3501 5721 cap.
3541 5655 3624 5718 5.)

2131 5723 2203 5790 (ἦ)
2232 5724 2290 5776 C.
2329 5725 2400 5776 Iih
2459 5738 2513 5784 ιι,
2547 5725 2629 5776 tit.
2663 5723 2748 5776 45.
