3972 6200
347 336 453 401 125

1250 310 1845 393 ECCLESIASTIC/E
1886 331 2275 395 HISTORIA;
2314 333 2462 394 Lm.
2505 334 2671 399 vm.

3450 323 3590 389 ’126

340 468 526 515 τεςτε
564 451 637 504 τὰ
680 448 847 515 ξόανα
894 445 989 498 καὶ
1033 443 1099 497 τὰ
1152 445 1286 513 παρ’
1334 445 1519 508 αὐτοῖς
1553 444 1924 514 κατέστρεφον

2033 445 2177 500 bant.
2242 445 2711 512 Quemadmodum
2776 443 3093 499 Gaworum
3162 442 3373 506 navale,
3440 446 3587 511 quod

349 544 509 609 ἱερὰ,
538 543 636 595 καὶ
674 540 755 601 είς
787 536 1087 605 ἐκκλησίας
1113 535 1250 588 Θεοῦ
1279 535 1735 606 μετερῤύθμιζον.
1769 536 1926 590 οὕτω

344 635 406 686 δὲ
437 635 537 696 τῆς
582 629 912 698 Ἐκκλησίας
959 615 1327 695 ἐπιδιδούσης,
1367 629 1550 680 πᾶσαν
1588 627 1924 695 διελάμϐανε

348 727 452 794 τὴν
482 725 817 792 οἰκουμένην
864 722 963 775 καὶ
999 720 1087 773 διὰ
1135 720 1244 772 τῶν
1277 719 1574 788 βαρϐάρων
1611 698 1861 788 χωροῦσα
1892 721 1925 790 ἡ

350 818 557 876 πίστις.
595 814 669 866 Οὔ
697 813 805 883 γάρ
838 828 919 863 τοι
954 810 1020 862 τὰ
1054 809 1183 878 περὶ
1210 809 1300 861 τὸν
1324 809 1570 876 ποταμὸν
1613 807 1802 878 Ῥῆνον
1831 809 1927 878 μό-

350 924 446 957 νον
466 907 537 959 τὰ
565 904 913 971 Χρτστισνῶν
936 900 1267 971 ἠσπάζοντο.
1293 900 1429 954 ἀλλὰ
1458 901 1549 953 καὶ
1573 900 1807 954 Γαλάται
1835 902 1928 954 καὶ

350 999 575 1061 Κελτοὶ,
614 998 667 1049 οἳ
712 997 1013 1049 τελευταίοι
1051 995 1145 1047 τὸν
1188 993 1446 1046 Ὠκεανὸν
1494 992 1883 1062 προσοικοῦσιν
1910 1010 1925 1025 '

351 1088 418 1141 ού
450 1089 562 1156 μὴν
593 1088 651 1140 δὲ
696 1087 834 1141 ἀλλὰ
865 1088 961 1140 καὶ
1006 1086 1197 1138 Γότθοι
1237 1089 1335 1138 καὶ
1366 1085 1468 1137 ὅσα
1505 1085 1684 1155 ὅμορα
1714 1084 1928 1146 τούτοις

351 1180 499 1248 ἀμφὶ
527 1178 623 1232 τὸν
666 1180 880 1249 Ἴστρον
910 1178 1109 1249 ᾤκουν,
1141 1179 1204 1232 ού
1236 1178 1404 1229 πάλαι
1436 1178 1538 1247 τὴν
1577 1178 1656 1240 είς
1687 1179 1926 1242 Χριστίν

353 1269 648 1338 δεξάμενοι
680 1271 885 1332 πίστιν,
920 1269 980 1333 ἐξ
1011 1270 1207 1338 ἀγρίου
1255 1271 1468 1338 διαίτης
1514 1270 1650 1338 πρὸς
1685 1271 1746 1321 τὸ
1778 1270 1929 1336 λογι-

351 1362 455 1414 κόν
490 1378 550 1414 τε
585 1363 681 1415 καὶ
724 1362 938 1432 ἡμερον
971 1361 1403 1433 μεθηρμόζοντο.
1454 1360 1543 1423 Ὧς
1581 1361 1638 1413 δὲ
1664 1361 1820 1429 λόγος
1854 1362 1931 1413 εί-

354 1456 506 1521 πεϊν,
554 1454 857 1524 βαρϐάρως
909 1454 1084 1507 ἅπασι
1140 1455 1410 1523 πρόφασις
1461 1455 1558 1525 μία
1602 1456 1820 1521 ἐγένετο
1857 1457 1928 1509 τὰ

354 1547 709 1617 Χριστιανῶν
744 1547 987 1611 ἑλέσθαι,
1021 1547 1072 1600 el
1107 1548 1312 1617 μεταξὺ
1359 1546 1644 1616 Ῥωμαίων
1688 1547 1784 1601 καὶ
1830 1547 1926 1599 ἁλ-

353 1638 612 1705 λοφύλων
665 1639 953 1706 γενόμενοι
1006 1639 1236 1706 πόλεμοι
1286 1638 1377 1690 ἐπὶ
1417 1655 1478 1702 τε
1526 1639 1626 1707 τῆς
1661 1640 1927 1709 Γαλιήνου

361 1729 674 1798 βασιλείας,
703 1730 797 1783 καὶ
828 1728 1063 1797 καθεξῆς
1086 1743 1102 1758 ⁸
1136 1728 1338 1796 πλῆθος
1359 1730 1469 1798 γὰρ
1494 1728 1805 1798 σύμμικτον
1831 1729 1929 1799 siqu

360 1820 441 1872 ἔω
478 1820 808 1890 περαιωθὲν,
869 1823 936 1872 τὰ
992 1822 1180 1891 ἐκείνῃ
1220 1820 1595 1889 κατέδραμον
1644 1822 1740 1873 καὶ
1776 1821 1928 1875 ἄλλοι

278 1962 281 1963 ,
359 1914 579 1980 ἀλλαχῆ
628 1912 742 1964 τῶν
788 1912 1084 1982 βαρϐάρων
1130 1911 1329 1965 ταυτὸν
1390 1913 1766 1981 εἰργασμένοι,
1818 1915 1959 1975 τοῖς·

358 2004 691 2075 ἀτχιθύροις
729 2004 1022 2075 Ῥωμαίοις
1050 2004 1381 2074 ἐπέστησαν.
1408 2003 1575 2058 Λείαν
1616 2004 1675 2057 δὲ
1702 2021 1934 2074 πεποιη-

362 2099 520 2167 μένοι
554 2098 840 2168 πλείστην.
888 2097 1118 2161 πολλοὺς
1146 2100 1242 2152 καὶ
1269 2101 1377 2152 τῶν
1411 2098 1607 2169 ίερέων
1649 2098 1932 2170 αίχμαλώ-

358 2205 491 2252 τους
550 2189 822 2258 ὴγάγοντο
843 2204 858 2219 ·
889 2183 967 2242 ὧν
1035 2190 1283 2258 ἰωμένων
1327 2194 1426 2253 τὰς
1487 2193 1546 2244 ὲν
1594 2194 1708 2256 τοῖς
1756 2191 1932 2245 ἔθνεσι

357 2281 579 2343 νόσους,
636 2281 731 2333 καὶ
778 2280 1045 2349 δαίμονας
1104 2281 1461 2348 ἐλαυνόντων,
1522 2285 1589 2353 τῇ
1647 2282 1932 2353 ἐπικλήσει

358 2373 508 2444 μόνῃ
554 2373 820 2443 Χριστοῦ,
875 2372 1059 2443 βιοτήν
1094 2391 1156 2425 τε
1214 2374 1506 2443 φιλόσοφον
1563 2379 1658 2429 καὶ
1701 2376 1933 2447 ἄμωμον

352 2463 851 2531 ιπιδξικνυμένων,
895 2465 947 2515 οί
998 2463 1142 2517 κατὰ
1186 2466 1369 2535 χώρας
1415 2465 1705 2536 βάρϐαροι,
1732 2468 1833 2537 τῆς
1873 2484 1934 2521 τε

359 2555 575 2624 ἀρετῆς
605 2556 701 2607 καὶ
732 2555 843 2608 τῶν
869 2556 1189 2625 παραδόξων
1215 2556 1395 2626 ἔργων
1420 2560 1545 2619 τοὺς
1577 2559 1779 2628 ἄνδρας
1803 2561 1932 2614 θαυ-

362 2647 666 2714 μάσαντες,
709 2648 950 2701 συνεῖδον
979 2647 1042 2700 τὸ
1087 2645 1237 2701 δέονο
1279 2647 1377 2699 καὶ
1409 2646 1544 2701 Θεὸν
1579 2649 1932 2719 ίλεωσάμενοι

355 2736 436 2790 δι’
465 2736 674 2802 αὐτῶν,
703 2738 767 2790 τὸ
796 2741 1044 2807 κρεῖττον
1076 2738 1284 2792 εἴλοντο
1316 2737 1658 2807 θεραπεύειν.
1694 2738 1797 2792 Καὶ
1818 2740 1932 2809 δῆτ’

355 2830 600 2893 ἐκείνοις
626 2831 688 2884 τὸ
718 2830 992 2900 πρακτέον
1031 2832 1447 2900 είσηγουμένοις
1482 2832 1762 2886 ὶπείθοντο
1786 2848 1802 2864 ο
1839 2832 1937 2899 βα-

358 2919 693 2989 ⁸ιετιζόμενοί
735 2938 818 2984 τε,
866 2919 966 2991 τὴν
1024 2922 1299 2992 ἀκραιφνῆ
1353 2924 1707 2978 διδασκαλίαν
1756 2927 1936 2997 ἠσπά-

359 3009 543 3075 ζοντο,
567 3013 664 3065 καὶ
685 3010 836 3073 τέλος
863 3012 1163 3081 ἐκκλησίας
1191 3014 1594 3083 ἀνῳκοδόμουν.

2030 538 2266 607 Majuma
2301 538 2507 592 dictum
2535 546 2690 601 erat,
2733 537 3079 605 maximeque
3112 535 3343 589 antehac
3383 534 3587 589 daemo-

2036 647 2168 685 num
2197 629 2366 685 cultui
2399 629 2676 685 addictum
2714 629 2915 691 fuerat,
2948 626 3211 683 totum‘se
3234 627 3300 681 ad
3332 643 3433 682 nos
3458 643 3593 681 con-

2038 725 2184 778 tulit.
2212 724 2383 793 Cujus
2425 732 2485 777 ut
2507 736 2850 776 communem
2874 730 2931 776 et
2957 722 3271 774 universam
3303 721 3589 775 transitio-
3652 742 3661 755 κ

2033 832 2160 872 nem
2189 825 2658 877 remuneraretur,-
2697 829 2951 882 magnum
2978 812 3056 867 illi
3084 812 3275 866 habuit
3300 812 3588 866 honorem.

2032 910 2233 965 Urbem
2292 909 2441 962 enim
2492 921 2613 962 esse
2662 904 3058 975 promulgavit,
3103 903 3593 972 Constantiamque

2033 1000 2487 1070 cognominavit,
2547 1006 2771 1068 propter
2821 997 3182 1073 religionem,
3234 995 3412 1048 locum
3460 1008 3590 1049 eum

2034 1094 2200 1146 unius
2245 1107 2312 1145 ex
2357 1090 2551 1145 liberis
2591 1089 2709 1143 suis
2751 1088 2973 1142 nomine
3006 1075 3397 1141 cohonestans.
3444 1084 3592 1139 Idem

2030 1192 2332 1237 consecuta
2366 1192 2452 1237 est
2475 1197 2597 1251 quae
2624 1179 2769 1249 apud
2800 1179 3088 1233 Phoenices
3117 1176 3477 1232 Constantina
3508 1184 3595 1229 est

2032 1287 2221 1330 vocata
2266 1294 2282 1328 :
2335 1288 2458 1327 nam
2517 1273 2765 1327 eamdem
2827 1271 2899 1325 ob
2962 1284 3182 1323 causam
3242 1267 3594 1336 imperatoris

2030 1369 2208 1436 ipsius
2254 1367 2305 1421 ei
2355 1367 2587 1420 inditum
2632 1374 2714 1419 est
2762 1378 2986 1418 nomen.
3039 1362 3221 1416 Multae
3264 1374 3486 1430 quoque
3536 1368 3596 1414 et

2030 1463 2151 1516 alia:
2199 1461 2363 1515 urbes
2410 1473 2509 1513 sua
2551 1467 2748 1527 sponte
2797 1457 2864 1509 ad
2916 1470 3070 1509 sacra
3120 1464 3309 1507 nostra
3360 1451 3591 1507 colenda

2031 1560 2163 1607 sunt
2189 1552 2460 1614 adductae,
2486 1564 2608 1619 qua:
2638 1558 2694 1603 et
2720 1547 3013 1603 simulacra
3041 1561 3139 1600 sua
3172 1545 3408 1598 libentes
3434 1558 3597 1597 ever-

2033 1652 2254 1707 terunt,
2298 1653 2354 1697 et
2396 1641 2596 1710 templa
2631 1640 2685 1694 in
2724 1639 2990 1694 ecclesias
3033 1637 3123 1691 Dei
3158 1643 3590 1690 commutarunt.

1967 1772 2006 1826 Β
2034 1735 2258 1789 Talibus
2289 1734 2648 1789 incrementis
2676 1748 2801 1787 cum
2842 1731 3086 1786 Ecclesia
3118 1737 3431 1799 augeretur,
3468 1740 3593 1795 pro-

2034 1827 2202 1883 fessio
2224 1826 2348 1881 lidei
2376 1827 2540 1881 etiam
2572 1840 2671 1894 per
2700 1824 2961 1880 barbaras
2995 1823 3246 1877 nationes
3273 1835 3595 1883 peragrans.

2033 1933 2253 1973 omnem
2282 1918 2569 1987 occupavit
2591 1917 2802 1973 orbem.
2834 1918 2956 1970 Non
2988 1926 3198 1969 tantum
3227 1916 3371 1968 enim
3403 1915 3494 1983 qui
3527 1915 3594 1968 ad

2033 2026 2252 2067 amnem
2288 2011 2540 2067 Rhenum
2574 2021 2707 2067 sunt
2736 2012 2943 2081 populi,
2973 2010 3340 2065 Christianam
3375 2011 3593 2080 religio-

2033 2117 2159 2157 nem
2201 2112 2596 2172 susceperunt,
2635 2103 2730 2159 sed
2773 2103 2939 2157 etiam
2983 2102 3121 2158 Galli
3160 2111 3215 2156 et
3255 2102 3454 2164 Celtae,
3502 2103 3594 2171 qui

2034 2193 2336 2250 ultimi.ad
2383 2193 2660 2250 Oceanum
2712 2194 2996 2257 habitant;
3040 2193 3230 2249 Gotthi
3275 2208 3495 2263 quoque
3541 2204 3598 2247 et

2035 2288 2283 2343 ﬁnitimae
2313 2288 2396 2344 eis
2425 2287 2701 2351 nationes,
2735 2288 2799 2342 ad
2831 2287 3030 2342 Istrum
3071 2290 3338 2351 colentes,
3371 2303 3479 2341 non
3519 2287 3594 2341 ita

2033 2378 2247 2447 pridem
2301 2377 2465 2449 ﬁdem
2525 2379 2580 2432 in
2643 2378 2919 2434 Christum
2978 2377 3309 2445 complexae,
3366 2390 3432 2430 ex
3483 2376 3595 2430 vita

2032 2469 2232 2537 agresti
2297 2468 2365 2522 ad
2422 2469 2818 2523 humanitatem
2876 2479 2932 2523 et
2995 2468 3471 2522 mansuetudinem
3536 2483 3598 2523 se

2033 2561 2711 2643 composuerunt.’Atque
2758 2569 2821 2614 ut
2856 2575 3044 2613 verum
3089 2559 3293 2621 dicam,
3335 2557 3599 2613 Barbarie

2034 2654 2312 2718 omnibus,
2342 2661 2402 2705 ut
2426 2650 2905 2707 Christianismum
2929 2651 3457 2721 complecterentur,
3487 2665 3596 2703 una

2035 2744 2256 2798 occasio
2297 2743 2442 2798 fuit:
2493 2743 2639 2797 inter
2683 2742 2958 2796 Romanos
2999 2752 3055 2796 et
3102 2748 3320 2795 exteros
3361 2740 3598 2810 populos

2035 2834 2240 2889 bellum
2284 2835 2525 2889 subinde
2560 2843 2812 2904 gestum,
2855 2832 2960 2887 sub
3003 2832 3217 2888 Galieui
3265 2830 3498 2899 imperio
3541 2839 3598 2885 et

2034 2926 2322 2997 deinceps.
2367 2927 2665 2983 Multitudo
2712 2928 2985 2996 siquidem
3031 2926 3191 2980 varia
3228 2924 3492 2995 permista
3539 2923 3597 2977 in

2034 3018 2317 3074 Orientem
2377 3018 2685 3084 transiens,
2735 3032 2855 3072 eam
2909 3017 3063 3071 orbis
3113 3026 3324 3085 partem
3386 3015 3598 3084 praeda-

354 3102 551 3158 bunda
578 3096 929 3175 peragravit:
962 3115 1128 3174 atque
1152 3106 1247 3160 alii
1276 3105 1500 3162 aliunde
1564 3107 1786 3162 Barbari
1855 3109 2000 3165 idem
2038 3109 2351 3177 facientes,
2412 3112 2469 3166 in
2532 3110 2800 3166 ﬁnitimos
2854 3118 3221 3165 excurrerant
3282 3109 3595 3162 Roinanos:

322 3198 525 3270 »σοι
555 3208 723 3268 atque
748 3199 824 3255 ibi
853 3200 1140 3270 plurimam
1176 3202 1417 3270 praedam
1444 3212 1693 3272 agentes,
1759 3205 1962 3259 multos
1997 3221 2221 3276 quoque
2252 3221 2320 3262 ex
2355 3207 2741 3263 sacerdotibus
2770 3208 3018 3275 captivos
3081 3205 3459 3258 abduxerunt.
3494 3199 3598 3266 Qui

356 3290 510 3358 opm!
545 3303 641 3343 eas
671 3289 949 3353 nationes,
984 3303 1110 3343 cum
1138 3290 1366 3344 morbos
1405 3301 1691 3355 curarent,
1752 3291 2146 3364 daemonesque
2211 3297 2329 3351 sola
2357 3295 2565 3357 Christi
2632 3297 2979 3351 invocatione
3004 3295 3311 3364 exigerent,
3375 3301 3431 3346 et
3461 3290 3600 3346 inte-

358 3396 498 3451 gros
541 3395 775 3450 prorsus
808 3388 973 3449 atque
1011 3379 1535 3449 irreprehensibiles
1577 3384 1706 3438 vita:
1743 3399 1925 3439 mores
1962 3385 2314 3453 exbiberent,
2355 3387 2582 3443 Barbari
2650 3388 2851 3459 passim
2887 3389 3034 3441 viros
3058 3401 3154 3442 eos
3193 3393 3419 3454 propter
3482 3383 3597 3436 vir-

362 3482 539 3527 tutem
599 3482 657 3526 et
717 3470 1041 3525 admiranda
1100 3486 1272 3540 opera
1325 3472 1683 3527 veneratione
1740 3485 2174 3545 prosequentes,
2248 3477 2382 3546 quid
2453 3466 2550 3533 eos
2592 3478 2772 3534 facere
2814 3480 3073 3542 deceret,
3145 3478 3213 3531 ab
3246 3475 3330 3529 eis
3393 3489 3597 3541 cogno-

358 3577 610 3620 verunt:
660 3566 886 3634 Deoque
933 3581 1035 3636 per
1078 3567 1206 3621 illos
1248 3567 1546 3643 conciliato
1614 3568 1719 3639 (1),
1770 3571 1982 3626 cultum
2048 3572 2305 3628 Numinis
2355 3575 2639 3630 meliorem
2718 3575 2926 3638 secuti,
2970 3573 3351 3642 sinceramque
3394 3573 3599 3629 doctri-

359 3678 492 3723 nam
524 3662 798 3733 complexi
833 3673 986 3728 sunt,
1015 3677 1080 3718 ac
1111 3673 1393 3733 postremo
1424 3665 1691 3721 ecclesias
1716 3682 1939 3738 quoque
1977 3678 2436 3726 construxerunt.

953 3794 1209 3854 ΚΕΦΑΛ.
1238 3800 1355 3853 AA'.

2174 3843 2179 3847 -
2564 3804 2788 3862 CAPUT
2833 3803 3075 3861 XXXIV.

358 3891 504 3964 Περὶ
531 3888 653 3946 τῶν
683 3889 955 3958 Ἰϐήρων,
1007 3890 1169 3955 ὅπως
1206 3892 1294 3956 εις
1320 3889 1436 3958 τὴν
1462 3889 1692 3958 εὐσεϐῆ
1724 3892 1931 3946 πίστιν

2039 3898 2113 3954 De
2136 3897 2319 3964 Iberis,
2345 3904 2404 3951 ut
2419 3898 2458 3952 ii
2472 3897 2541 3952 ad
2562 3899 2708 3968 piam
2733 3898 3049 3953 Christiana
3071 3896 3199 3965 ﬁdei
3226 3894 3600 3967 professionem

899 3980 1101 4051 ἐφωδη
1109 3981 1409 4051 γήθησαν.

2521 3975 2559 3991 ﬂ
2596 4067 2599 4070 ἠ
2629 3992 2735 4045 sint
2774 3991 3005 4046 adducti.

447 4122 656 4192 Ὥσπερ
684 4121 742 4174 δὲ
781 4120 875 4175 καὶ
909 4120 1131 4191 Ἴϐηρες
1150 4136 1166 4153 ·
1196 4120 1349 4185 ἔθνος
1380 4122 1437 4174 δὲ
1464 4124 1614 4176 τουτὶ
1660 4122 1938 4193 βάρϐαρόν

354 4233 424 4269 τε
455 4218 551 4271 καὶ
576 4212 988 4285 μαχιμώτατον,
1009 4215 1077 4267 τὰ
1106 4214 1457 4283 Χριστιανῶν
1486 4216 1933 4285 κατησπάσαντο,

358 4308 786 4363 Κωνοταντίνου
827 4305 929 4376 τήν
968 4306 1348 4376 αὐτοκράτορα
1386 4307 1682 4375 Ῥωμαίοις
1724 4308 1940 4361 διέπον-

359 4419 484 4465 τος.
511 4401 668 4457 Obesi
692 4401 751 4452 δὲ
799 4399 864 4452 τὸ
891 4399 1046 4459 ιθνος
1075 4397 1234 4451 τοῦτο
1268 4398 1336 4449 τὰ
1379 4398 1632 4467 ὲνδότερα
1672 4399 1773 4471 τῆς
1814 4399 1939 4468 ’Δρ-

369 4496 568 4564 μενίας
613 4493 752 4563 πρὸς
796 4492 1033 4560 ’Δρκτον
1075 4490 1173 4542 καὶ
1200 4491 1338 4558 πρὸς
1384 4491 1477 4542 τὸν
1516 4488 1768 4555 Εὔξεινον
1792 4493 1934 4544 ἀπο-

304 4578 309 4586 λ
368 4586 602 4638 νεύοντα
666 4584 870 4645 τόπον,
922 4585 1144 4638 ἄποικοι
1200 4581 1355 4644 ϐντες
1405 4581 1514 4634 τῶν
1572 4585 1631 4634 ὲν
1692 4581 1939 4651 Ἱσπανίᾳ

378 4676 634 4747 Ἰϐήρων.
674 4675 957 4743 Ἦγήσατο
996 4674 1053 4728 δὲ
1087 4673 1190 4741 τῆς
1241 4672 1540 4744 θρησκείας
1590 4675 1772 4736 αὐτοῖς
1800 4675 1937 4744 γυνή

362 4784 449 4830 τις
496 4765 850 4837 αἰχμάλωτος
871 4780 885 4796 ⁸
921 4764 956 4836 ἢ
1005 4766 1074 4819 τά
1105 4781 1164 4816 τε
1193 4763 1331 4819 ἄλλα
1374 4764 1469 4816 καὶ
1505 4762 1739 4833 σώφρων
1780 4759 1936 4828 οὖσα,

262 4841 267 4844 ’
362 4856 474 4911 οὐδ’
521 4858 581 4910 εν
635 4856 991 4926 αἰχμαλωσίᾳ
1048 4851 1338 4921 καθυφῆκέ
1379 4856 1447 4904 τι
1487 4854 1588 4921 τῆς
1640 4851 1937 4920 φιλοσόφου

362 4948 597 5018 διαίτης,
628 4950 727 5000 καὶ
768 4946 868 5015 τῆς
908 4943 1197 5005 θεοσεϐοῦς
1226 4943 1522 5005 πολιτείας.
1549 4942 1786 5013 Νύκτωρ
1826 4941 1939 5013 γὰρ

368 5041 466 5093 καὶ
500 5037 623 5109 μεθ’
652 5037 870 5106 ἡμέραν
899 5035 1103 5106 πολλήν
1134 5051 1256 5089 τινα
1290 5034 1526 5104 ἄσκησιν
1559 5034 1935 5086 ἐπεδείκνυτο·

2111 4126 2288 4182 Sicuti
2335 4134 2390 4181 ct
2434 4125 2574 4181 Iberi
2623 4125 2726 4195 (2),
2783 4137 2912 4194 gens
2954 4121 3185 4177 barbara
3215 4128 3271 4175 et
3321 4118 3599 4183 bellicosa,

2039 4217 2336 4275 Christiani
2372 4218 2496 4271 l'acti
2528 4226 2674 4281 sunt,
2713 4213 3076 4271 Constantino
3100 4214 3401 4267 Romanum
3432 4210 3605 4279 impe-

2039 4312 2180 4363 rium
2218 4308 2655 4363 administrante.
2710 4303 2931 4361 Habitat
2973 4314 3152 4358 autem
3184 4304 3297 4356 hate
3324 4300 3474 4354 natio
3518 4299 3603 4352 in-
3658 4308 3661 4309 '

2039 4400 2243 4455 teriore
2271 4399 2539 4454 Armenia:
2570 4407 2746 4468 parte,
2799 4403 2865 4451 ad
2898 4394 3323 4465 septentrionem
3354 4401 3409 4445 et
3438 4389 3603 4444 Euxi-

2038 4507 2170 4546 num
2206 4507 2416 4545 versus.
2472 4491 2613 4543 Sunt
2659 4497 2839 4542 autem
2894 4486 3176 4540 lberorum
3234 4484 3290 4535 in
3342 4480 3601 4549 Hispania

2040 4581 2241 4638 coloni.
2305 4581 2485 4635 Praeiit
2543 4580 2624 4634 eis
2673 4579 2727 4633 iu
2789 4576 3050 4645 religione
3114 4572 3340 4628 colenda
3386 4570 3600 4638 captiva

2040 4673 2289 4744 quaedam
2348 4674 2588 4726 mulier:
2651 4686 2772 4739 qua:
2803 4684 2923 4723 cum
2970 4667 3103 4721 alias
3146 4679 3361 4733 semper
3405 4661 3603 4731 pudice

2040 4776 2297 4835 casteque
2339 4766 2567 4828 vixerat,
2634 4771 2746 4816 tum
2806 4760 3015 4829 captiva
3080 4771 3299 4827 quoque
3350 4753 3485 4808 nihil
3535 4753 3604 4806 de

2039 4861 2241 4929 pietate
2295 4856 2677 4922 sanctioreque
2731 4852 2982 4906 instituto
3023 4849 3251 4903 remisit.
3301 4846 3437 4901 Nam
3506 4844 3601 4899 diu

2041 4960 2316 5020 noctuque
2332 4948 2549 5018 pietatis
2571 4943 2829 5001 exercitia
2856 4941 3173 5007 exhibebat,
3191 4940 3411 5012 jejuniis
3429 4937 3605 5007 pluri-

2041 5056 2190 5094 mum
2219 5039 2465 5103 vacabat,
2487 5036 2850 5105 continueque
2879 5031 3600 5104 precationibusinsistebat.

370 5130 565 5202 βαθείᾳ.
596 5148 658 5183 τε
696 5128 893 5199 συνέζη
931 5128 1173 5198 νηστείᾳ,
1211 5127 1307 5181 καὶ
1344 5126 1620 5188 συντόνοις
1670 5126 1931 5195 ἐκέχρητο

2045 5129 2232 5199 Itaque
2263 5129 2483 5183 Barbari
2513 5142 2654 5181 novo
2679 5126 2804 5178 vitae
2837 5124 3088 5179 instituto
3118 5123 3254 5188 viso,
3283 5136 3404 5175 eam
3432 5120 3605 5172 admi-

371 5224 724 5291 προσευχαῖς.
772 5222 838 5274 Οί
884 5220 942 5273 δὲ
975 5218 1245 5289 βάρϐαροι
1286 5219 1348 5270 τὸ
1402 5217 1553 5281 ξένον
1580 5217 1677 5287 τῆς
1724 5218 1931 5288 διαίτης

2047 5220 2180 5284 rari,
2202 5228 2258 5272 et
2277 5232 2509 5287 quanam
2531 5216 2597 5270 de
2624 5230 2784 5268 causa
2806 5214 2907 5268 hoc
2932 5214 3010 5268 sic
3028 5213 3249 5275 faceret,
3270 5209 3601 5280 percontari.

369 5314 610 5384 δρῶντες
634 5309 949 5381 ιθαύμαζον
969 5312 1039 5363 τὰ
1082 5310 1453 5380 πραττόμενα,
1474 5309 1569 5361 καὶ
1609 5306 1735 5360 ὅτου
1776 5310 1931 5377 χάριν

2044 5310 2139 5365 Illa
2178 5324 2345 5380 porro
2393 5307 2625 5362 c.mdide
2663 5315 2717 5360 et
2743 5305 3064 5375 simpliciter
3098 5302 3174 5372 (5)
3215 5301 3296 5355 sic
3324 5299 3604 5355 Christum

372 5403 582 5458 τοιαῦθ’
600 5404 845 5474 αίριῑται
872 5400 1311 5456 διεπυνθάνοντο.
1340 5399 1409 5457 Ἦ
1429 5398 1476 5452 δ’
1507 5397 1720 5468 ἀφελῶς
1737 5400 1931 5453 οὑτωσὶ

2047 5402 2245 5457 Filium
2275 5401 2370 5455 Dei
2404 5401 2507 5455 coli
2538 5407 2791 5468 oportere
2815 5438 2830 5461 ,
2859 5396 3095 5450 dicebat.
3124 5392 3263 5447 Tum
3295 5390 3523 5445 Barbari
3548 5399 3608 5445 et

371 5498 464 5554 κιὶ
489 5496 678 5557 ἁπλῶς
702 5495 848 5548 οὕτω
869 5494 1068 5565 χρῆναι
1093 5492 1271 5546 σέϐειν
1295 5492 1532 5563 Χριστὸν
1560 5491 1654 5545 τὸν
1681 5491 1776 5545 τοῦ
1801 5492 1931 5545 Θεοῦ

2044 5495 2265 5549 nomine
2308 5502 2363 5546 et
2393 5491 2658 5560 religione
2686 5489 2804 5558 ejus
2836 5486 2928 5556 qui
2964 5486 3042 5539 sic
3080 5484 3352 5538 coleretur
3392 5481 3603 5547 audito,
3696 5544 3699 5545 ν

439 5651 516 5721 ll)
549 5650 765 5706 Socrat.
796 5649 892 5704 lib.
924 5667 963 5712 ι.
994 5664 1118 5721 cap.
1144 5648 1238 5703 20.

446 5651 516 5721 ll)
549 5650 765 5706 Socrat.
796 5649 892 5704 lib.
924 5667 963 5712 ι.
994 5664 1118 5719 cap.
1144 5648 1238 5703 20.

446 5724 523 5793 (2)
563 5723 636 5775 De
665 5720 915 5777 Ibertbus
943 5722 1083 5775 Plin.
1104 5720 1203 5775 lib.
1224 5736 1297 5785 vn,
1327 5733 1447 5787 cap.
1475 5718 1506 5771 ι
1532 5728 1586 5775 ct
1617 5716 1700 5773 10.

2116 5648 2193 5721 (5)
2234 5649 2452 5706 Sozom.
2487 5645 2578 5700 lib.
2613 5660 2671 5708 ll,
2698 5658 2815 5712 cap.
2849 5643 2882 5698 6
2911 5650 2968 5698 et
2998 5650 3247 5713 sequcut.
