3972 6200
429 341 527 404 127
609 396 612 399 .

1637 335 2062 398 NlCEi’l-IORI
2105 336 2452 397 CALLISl‘l

3559 345 3664 404 1?.8

423 459 848 525 obstupuerunt.
877 455 1095 511 Interea
1123 453 1347 517 accidit,
1375 462 1433 508 nt
1459 455 1603 526 regis
1638 455 1784 510 ﬁlius
1804 456 1994 510 etiam-

2100 455 2227 507 Υίδν
2259 454 2552 524 εἰσηγεῖτο.
2586 455 2647 507 Oi
2677 453 2721 507 δ’
2753 455 3040 517 ἀκούοντες
3065 455 3128 508 τό
3155 473 3214 509 τε
3243 457 3412 526 ὄνομα
3441 458 3540 512 καὶ
3563 459 3666 528 τὴν

424 565 554 604 num
606 549 806 611 infans,
845 549 1085 618 graviter
1127 557 1435 618 aegrotaret,
1475 557 1528 602 et
1577 558 1754 603 mater
1810 549 1988 617 patrio

420 643 654 712 quodam
689 658 841 696 more
870 643 933 694 ad
967 642 1100 695 alias
1126 656 1249 694 eum
1291 642 1534 694 mitteret
1564 642 1846 706 mulieres,
1879 656 1989 710 quo

423 733 638 788 facilius
667 733 968 787 remedium
1031 732 1151 786 mali
1201 732 1426 802 reperiri
1475 741 1678 802 posset.
1707 733 1776 788 Ut
1804 743 1987 786 autem

423 841 556 892 puer
584 841 613 877 a
645 807 857 877 nutrice
917 824 1270 879 circumlatus
1306 833 1389 878 est
1414 863 1428 884 ,
1458 839 1635 892 neque
1669 823 1989 877 meliuscule

421 915 636 975 habuit,
671 917 884 968 tandem
917 915 1078 968 etiam
1107 919 1172 967 ad
1195 916 1462 984 captivam
1495 917 1639 968 illam
1681 924 1766 968 est
1797 914 1992 982 depor-

423 1014 589 1057 tatus.
634 1004 764 1069 Qua‘
798 1005 853 1059 in
902 1007 1200 1059 multorum
1253 1006 1560 1072 prmsentia,
1596 1006 1729 1058 nihil
1763 1021 1893 1059 sane
1923 1020 1990 1059 ex

421 1098 652 1151 materia
693 1097 876 1165 aliqua
908 1099 1192 1167 compositi
1241 1098 1468 1167 remedii
1501 1099 1764 1161 admovit,
1814 1113 1992 1164 neque

419 1184 567 1238 enim
599 1201 658 1240 se
685 1186 981 1254 quidquam
1011 1165 1455 1253 eiusmodi'scire
1483 1187 1795 1247 afﬁrmavit,
1828 1183 1990 1254 605

420 1278 517 1332 sed
571 1293 741 1346 puero
799 1279 855 1330 in
895 1279 1141 1340 linteolo,
1168 1279 1312 1346 quod
1349 1279 1396 1332 ei
1429 1295 1458 1332 e
1487 1279 1614 1346 pilis
1672 1287 1988 1332 contextum

419 1379 565 1430 erat,
613 1370 722 1438 jam
784 1369 1043 1432 lacerum,
1095 1370 1354 1436 reposito,
1403 1369 1703 1438 simplicem
1753 1370 1801 1422 ei
1860 1369 1992 1422 fecit

422 1461 773 1524 medicinam,
806 1461 1028 1514 nomine
1056 1459 1262 1514 Christi
1308 1476 1472 1530 super
1505 1476 1568 1515 eo
1597 1461 1870 1515 invocato.
1923 1461 1993 1516 Et

418 1566 551 1607 ecce
589 1551 680 1619 qui
709 1551 762 1606 in
819 1565 882 1606 ea
919 1560 1040 1606 erat
1067 1552 1472 1620 exspectatione
1499 1562 1556 1605 ut
1595 1553 1846 1620 protinus
1871 1568 1990 1606 mo-

419 1653 657 1704 teretur,
689 1643 1092 1711 quamprimum
1149 1643 1386 1711 precatio
1431 1643 1706 1705 estfacta,
1760 1643 1900 1696 liber
1960 1659 1990 1696 a

419 1735 665 1801 periculo
694 1733 819 1788 fuit.
851 1733 927 1788 Ex
951 1750 1016 1788 eo
1039 1745 1283 1803 tempore
1313 1736 1569 1803 pra-clara
1600 1736 1720 1802 ejus
1745 1736 1992 1791 mulieris

419 1823 525 1877 fuit
553 1822 717 1882 iama.
755 1824 1022 1892 matrique
1054 1825 1210 1892 pueri
1241 1834 1296 1878 et
1327 1826 1448 1880 aliis
1479 1827 1697 1880 fentinis
1729 1827 1989 1881 innotuit.

420 1913 535 1968 Nec
581 1915 653 1966 ita
687 1914 856 1968 multo
885 1922 1030 1983 post,
1083 1927 1138 1969 et
1173 1931 1294 1970 eam
1330 1915 1502 1984 ipsam
1553 1920 1709 1986 pueri
1765 1927 1991 1972 matrem

421 2003 710 2058 incurabili
732 2020 1042 2072 Oppressam
1068 2008 1280 2071 morbo,
1301 2008 1493 2062 eodem
1523 2009 1764 2063 restituit
1792 2009 1952 2062 modo
1976 2025 1990 2061 :

417 2109 652 2162 eamque
681 2104 764 2148 est
795 2095 1037 2159 hortata,
1092 2107 1150 2151 ut
1201 2098 1462 2168 deinceps
1493 2100 1541 2154 ei
1579 2100 1826 2153 divinum
1862 2116 1997 2167 prae-

423 2193 594 2238 staret
651 2186 882 2250 cultum,
909 2189 1252 2258 gratiamque
1283 2190 1528 2255 haberet,
1559 2191 1655 2260 qui
1719 2191 1990 2246 bonorum

421 2277 766 2340 ccticiliator,
797 2294 1050 2347 veraeque
1079 2281 1346 2347 sanitatis,
1384 2283 1529 2346 vitae,
1551 2293 1608 2338 et
1647 2285 1796 2352 regni
1825 2283 1996 2352 ipsius

423 2370 495 2423 sit
522 2368 700 2423 dator.
731 2370 869 2424 Eum
911 2385 1030 2424 esse
1065 2370 1370 2436 Christum,
1401 2390 1591 2428 verum
1631 2375 1890 2431 Verbum.
1927 2378 1995 2431 Et

423 2469 610 2528 postea
654 2461 902 2526 quotidie
957 2463 1023 2515 ad
1072 2478 1190 2517 eam
1220 2464 1599 2534 frequentans,
1631 2467 1890 2521 salutaria
1940 2467 1994 2522 ei

421 2561 564 2600 verae
625 2547 840 2615 pietatis
876 2549 1126 2604 exhibuit
1183 2553 1604 2610 medicamenta.
1639 2554 1991 2625 Quapropter

436 2637 626 2707 regina
661 2654 720 2694 re
747 2641 860 2709 ipsa
891 2641 1160 2698 dictorum
1191 2645 1418 2700 veritate
1443 2647 1496 2701 in
1523 2662 1582 2702 se
1609 2648 1722 2714 ipsa
1757 2651 1990 2718 cognita,

421 2728 704 2785 mulierem
752 2731 806 2786 in
862 2749 1056 2803 magno
1094 2735 1285 2789 habuit
1335 2737 1563 2792 honore.
1615 2738 1872 2794 Sedenim
1903 2757 1996 2796 rex

425 2834 550 2874 cum
577 2836 607 2874 e
641 2823 872 2893 conjuge
898 2834 954 2879 et
984 2826 1316 2882 celeritatem
1362 2837 1419 2884 et
1465 2831 1732 2883 rationem
1766 2830 1994 2884 remedii

428 2911 805 2980 intellexisset,
863 2917 1025 2973 donis
1057 2922 1333 2987 captivam
1375 2923 1652 2976 munerari
1691 2921 1881 2975 voluit.
1928 2922 1997 2976 At.

426 3003 517 3058 illa
572 3005 708 3059 nihil
747 3006 852 3060 sibi
889 3021 1028 3077 Opus
1085 3011 1204 3079 ejus
1254 3013 1506 3080 pecuniis
1543 3027 1662 3067 esse
1691 3012 1851 3076 dixit,
1905 3012 1994 3067 cui

2090 547 2388 615 θρησκείαν
2434 547 2528 599 τοῦ
2559 548 2895 616 τιμωμένου,
2932 549 2990 600 ὲν
3029 549 3288 618 ἐκπλήξει
3338 552 3665 618 πεποίηντο.

2091 639 2309 696 Τούτων
2337 639 2661 708 γινομένων,
2695 639 2978 692 συνέϐαινε
3009 641 3102 692 τὸν
3127 641 3222 693 τοῦ
3256 641 3522 710 βασιλέως
3549 642 3670 695 υἱὸν

2090 728 2168 780 ἔτι
2202 727 2394 796 ν’ήπιον
2419 727 2550 780 ὄντα
2577 728 2764 790 δεινῶς
2787 729 3056 783 ἀσθενεῖν.
3090 730 3245 783 Ἐθει
3271 731 3327 784 δέ
3353 750 3461 784 τινι
3488 734 3669 800 ἐγχω-

2095 821 2194 888 ρίῳ
2227 818 2318 870 τὸν
2352 818 2518 872 παῖδα
2549 819 2583 887 ἡ
2638 819 2822 888 μήτηρ
2862 819 3014 889 παρὰ
3046 822 3166 882 ταῖς
3212 821 3400 883 ἄλλαις
3447 821 3670 890 ἔπεμπε

2091 909 2364 978 γυναιξὶν,
2425 910 2500 972 ὡς
2554 910 2619 962 ἄν
2652 911 2705 978 γ’
2758 911 3080 976 εὐπόριστος
3130 913 3164 980 ἡ
3223 913 3317 964 τοῦ
3364 914 3671 981 κάμνοντος

2091 1001 2385 1071 ἀπαλλαγὴ
2438 1001 2686 1069 γένηται.
2729 1000 2819 1064 Ὦς
2869 1001 2927 1053 δὲ
2973 1003 3293 1072 περιαχθεὶς
3340 1005 3368 1056 ὀ
3405 1007 3531 1056 παῖ;
3563 1005 3673 1055 ὑπὸ

2089 1095 2188 1161 τῆς
2222 1092 2445 1161 τροφοῦ,
2484 1091 2693 1160 οὐδαμῆ
2737 1094 2835 1160 τὴν
2867 1092 3194 1162 ἀπαλλαγὴν
3219 1092 3463 1161 εὕρισκε,
3512 1092 3672 1152 τέλος

2092 1185 2184 1237 ἐπὶ
2215 1184 2316 1254 τὴν
2363 1183 2707 1252 αίχμαλωτον
2758 1181 2978 1248 ἄγεται.
3022 1181 3083 1235 'll
3118 1183 3176 1234 δὲ
3216 1185 3493 1253 παρουσίᾳ
3541 1184 3673 1237 πολ·

2091 1275 2198 1328 λῶν
2233 1275 2387 1327 οὐδέν
2437 1289 2489 1325 τι
2529 1273 2636 1326 τῶν
2665 1271 2724 1336 ἐξ
2769 1271 2904 1340 ὕλης
2945 1273 3299 1326 ἐπιπλάστων
3354 1275 3672 1341 φαρμάκων

2093 1368 2339 1436 προσῆγε
2367 1380 2381 1395 ⁸
2419 1365 2554 1435 μηδὲ
2589 1366 2699 1435 γὰρ
2727 1365 2928 1418 είδέναι
2969 1365 3262 1418 διετείνετο
3285 1382 3301 1397 °
3333 1365 3675 1418 ἀνακλίνασα

2093 1457 2152 1510 δὲ
2193 1458 2335 1510 κατὰ
2389 1458 2448 1508 τὸ
2491 1459 2557 1508 ἐκ
2609 1457 2815 1525 τριχῶν
2867 1457 3051 1527 ἐκείνῃ
3085 1458 3285 1526 προσὸν
3338 1457 3672 1526 διερρυηκῖκς

2095 1548 2342 1617 ὕφασμα,
2365 1547 2572 1600 ἁπλοῦν
2601 1547 2878 1615 προσῆγεν
2902 1548 3051 1617 αὐτῷ
3075 1549 3389 1618 φάρμακον,
3412 1550 3510 1618 τὴν
3538 1547 3672 1616 κλῆ-

2098 1657 2183 1692 σιν
2213 1640 2408 1708 ἐκείνῳ
2436 1637 2711 1706 ἐπᾴδουσα
2737 1638 2830 1688 τοῦ
2859 1638 3117 1707 Χριστοῦ.
3153 1639 3262 1691 Καὶ
3295 1642 3323 1691 ὁ
3353 1639 3452 1708 ἢδη
3488 1640 3676 1708 τεθνή·

2098 1727 2282 1793 ξεσθαι
2339 1725 2788 1795 προσδοκώμενος
2824 1729 3190 1796 παραχρῆμα,
3240 1729 3544 1795 γενομένης
3580 1729 3674 1779 εὖ-

2026 1792 2066 1845 Β
2097 1821 2215 1888 χῆς,
2253 1792 2482 1886 ἑξάνὲης
2515 1812 2584 1888 ἦν
2633 1792 2732 1869 τοῦ
2764 1792 2958 1872 δεινοῦ.
3135 1792 3344 1870 ἐκείνου
3375 1792 3433 1871 δ’
3462 1792 3518 1870 ὲν
3573 1821 3677 1886 φή-

2099 1923 2225 1976 μαις
2249 1902 2318 1975 ἦν
2363 1909 2398 1974 ἡ
2427 1905 2584 1977 γυνὴ,
2613 1905 2892 1976 γνώριμός
2922 1922 2985 1958 τε
3030 1908 3098 1975 τῇ
3152 1909 3322 1976 μητρὶ
3362 1906 3672 1959 καθίστατο

2091 1998 2188 2051 τοῦ
2229 1997 2442 2062 παιδὸς,
2481 1998 2577 2049 καὶ
2603 1999 2726 2060 ταῖς
2751 1996 2942 2054 ἄλλαις
2967 1997 3187 2064 γυναιξὶ
3209 1997 3316 2052 τῶν
3348 1996 3667 2067 βαρϐάρων.

2096 2090 2171 2142 Οὐ
2202 2088 2387 2158 πολλῷ
2415 2087 2460 2141 δ’
2497 2086 2725 2157 ὕστερον
2747 2089 2843 2141 καὶ
2870 2087 3041 2152 αὐτὴν
3070 2088 3287 2158 εκείνην
3319 2089 3420 2157 τὴν
3454 2091 3672 2158 μητέρα

2093 2180 2191 2234 τοῦ
2231 2180 2426 2241 παιδὸς
2449 2180 2656 2248 ἀνιὰτῳ
2695 2181 2858 2233 πάθει
2884 2179 3184 2250 γενομένην
3211 2182 3548 2248 κατάσχετον
3574 2181 3678 2231 τὸν

2098 2272 2211 2325 ἴσον
2241 2273 2444 2340 τρόπον
2486 2271 2713 2332 διέσωζε
2733 2287 2746 2302 ·
2780 2272 3014 2342 παρῄνει
3043 2288 3104 2323 τε
3141 2273 3236 2323 τοῦ
3271 2272 3460 2324 λοιποῦ
3489 2277 3672 2344 ἐκείνῃ

2095 2364 2155 2416 τὸ
2186 2363 2349 2422 σέϐας
2391 2363 2576 2430 νέμειν
2607 2365 2702 2414 καὶ
2735 2362 2836 2432 τὴν
2885 2364 3053 2434 χάριν
3083 2363 3249 2434 ἔχειν,
3285 2363 3344 2425 ὃς
3392 2364 3502 2415 τῶν
3533 2367 3676 2430 ἀγα-

2097 2455 2203 2506 θῶν
2229 2457 2347 2506 έστι
2397 2454 2665 2522 πρύτανις
2699 2455 2795 2506 καὶ
2827 2455 2927 2523 τῆς
2975 2454 3214 2524 ἀληθοῦς
3257 2455 3446 2522 ὑγείας
3483 2458 3675 2526 δοτὴρ,

2098 2546 2192 2598 καὶ
2217 2544 2362 2614 ζωῆς
2389 2547 2482 2598 καὶ
2523 2545 2807 2614 βασιλείας
2839 2547 3034 2615 αὐτῆς.
3065 2547 3269 2600 Τοῦτον
3301 2549 3344 2600 δ’
3371 2547 3515 2603 εἶναι
3540 2552 3679 2618 Χρι-

2099 2640 2241 2700 στὸν,
2273 2639 2364 2690 τὸν
2391 2638 2570 2707 ἀληθῆ
2603 2639 2799 2705 Λόγον.
2847 2640 3082 2693 Ἔπειτα
3117 2640 3242 2692 καθ’
3284 2641 3522 2711 ἑκάστην
3552 2659 3676 2710 φοι-

2095 2733 2268 2795 τῶσα,
2315 2730 2388 2784 τὰ
2419 2730 2664 2798 ρωστικά
2711 2730 2814 2798 τῆς
2857 2731 3142 2794 εὐσεϐείας
3199 2735 3484 2803 προσῆγεν
3531 2737 3675 2804 αὐτῇ

2099 2825 2390 2894 φάρμακα.
2436 2823 2503 2876 Ἡ
2540 2825 2639 2893 μὲν
2669 2823 2762 2877 οῦν
2801 2823 3034 2893 βασιλὶς,
3068 2826 3237 2897 πείρα
3269 2829 3378 2890 τοῖς
3413 2827 3500 2880 ἐπ’
3530 2829 3672 2900 αὐτῇ

2097 2914 2491 2983 γεγενημένοις
2551 2913 2784 2983 τάληθὲς
2841 2915 3136 2984 διαγνοῦσα
3189 2916 3298 2969 τῶν
3354 2912 3549 2985 λόγων,
3602 2919 3677 2971 τὰ

2101 3005 2448 3074 Χριστιανῶν
2475 3006 2806 3074 ἐπρέσϐευεν
2834 3008 2957 3076 ήδη.
2985 3009 3080 3061 καὶ
3103 3011 3162 3060 έν
3199 3009 3675 3080 ὑπερϐαλλούσαις

426 3096 646 3150 abunde
672 3099 725 3150 in
759 3097 976 3153 Christo
1003 3112 1362 3171 suppeterent
1385 3119 1519 3174 Opes
1535 3119 1727 3159 omnes
1745 3122 1757 3156 :
1777 3105 1994 3174 sibique

2101 3102 2199 3167 τὴν
2229 3097 2516 3167 ἄνθρωπον
2547 3092 2650 3170 ἦγε
2681 3100 2893 3166 τιμαῖς.
2925 3097 3188 3162 Βασιλεὺς
3215 3100 3272 3153 δὲ
3301 3102 3360 3153 τὸ
3392 3104 3550 3171 τάχος
3577 3104 3680 3156 καὶ

427 3185 667 3256 ingentis
693 3191 935 3254 muneris
968 3192 1089 3246 loco
1120 3193 1254 3256 fore,
1284 3195 1330 3250 si
1375 3206 1430 3250 et
1461 3195 1562 3264 ipsi
1592 3197 1844 3252 eumdem
1881 3197 1996 3252 Nu-

427 3277 592 3331 minis
619 3279 825 3332 cultum
849 3284 1367 3351 complecterentur.
1403 3285 1496 3342 His
1542 3287 1629 3342 illa
1663 3287 1846 3348 dictis.
1879 3303 1998 3341 mu-

425 3381 533 3420 nus
563 3367 696 3422 satis
721 3371 926 3438 grande
978 3373 1044 3426 ad
1092 3389 1272 3442 regem
1324 3377 1554 3431 remisit.
1587 3378 1759 3444 Quem
1799 3378 1998 3434 deinde

426 3456 630 3516 sensim
669 3462 1070 3527 quodammodo
1115 3479 1251 3517 uxor
1287 3467 1668 3534 persuadebat,
1701 3470 1993 3538 pulchrum

425 3562 674 3606 errorem
720 3548 771 3603 ei
823 3552 1078 3621 suadens,
1108 3554 1322 3610 diverso
1372 3573 1596 3625 prorsus
1639 3576 1802 3628 quam
1863 3563 1993 3617 olim

427 3638 540 3698 Eva
590 3638 776 3705 fuerit,
832 3644 1070 3699 animata
1121 3647 1302 3701 modo.
1353 3647 1652 3705 Colendum
1693 3653 1840 3706 enim
1871 3670 1996 3711 esse

427 3731 761 3788 admonebat
816 3749 966 3797 eum,
1015 3752 1177 3808 quem
1231 3740 1428 3794 mulier
1493 3742 1582 3796 illa
1647 3747 1996 3801 annuntiaret

425 3821 628 3887 Deum;
669 3840 922 3894 magnum
961 3829 1162 3897 quippe
1215 3829 1366 3884 illum
1393 3870 1408 3896 ,
1444 3833 1535 3901 qui
1584 3833 1841 3891 facillime
1877 3854 1997 3906 qua:

425 3913 589 3967 vellet
617 3914 840 3982 faceret,
874 3932 1039 3986 regna
1090 3919 1144 3973 in
1193 3922 1408 3989 placido
1450 3932 1612 3994 atque
1637 3927 1824 3993 quieto
1849 3939 1994 3986 Statu

427 4019 796 4074 conservare,
861 4009 1126 4064 obscuros
1183 4013 1459 4070 illustrare
1523 4031 1585 4070 ac
1638 4019 1994 4089 locupletare,

427 4092 664 4150 humiles
719 4097 902 4151 subito
953 4099 1324 4168 magniﬁcare,
1381 4111 1439 4156 et
1496 4107 1721 4173 quosvis
1748 4108 1802 4162 in
1832 4109 1995 4164 rebus

425 4183 669 4240 adversis
701 4187 909 4243 salvare
944 4200 1147 4256 posset.
1178 4190 1304 4245 Hinc
1333 4207 1457 4247 cum
1483 4195 1564 4249 sic
1594 4211 1729 4250 uxor
1755 4214 1999 4253 comme-

425 4285 689 4337 moraret,
730 4278 916 4332 Iberia:
950 4281 1226 4351 princeps,
1268 4274 1724 4342 ﬂectebatur-ille
1773 4290 1993 4357 quidem

427 4362 632 4428 verbis,
683 4375 864 4420 tamen
905 4369 1132 4437 ancipiti
1181 4372 1513 4441 cogitatione
1564 4374 1990 4433 distrahebatur.

2101 3189 2162 3240 τὸ
2189 3187 2290 3256 τῆς
2322 3189 2512 3256 ὑγείας
2543 3191 2838 3260 φάρμακον
2864 3191 3017 3260 παρὰ
3046 3191 3149 3259 τῆς
3177 3195 3423 3262 γαμετῆς
3458 3192 3673 3263 μαθὼν,

2099 3277 2295 3349 δώροις
2319 3279 2645 3348 ἀμείϐεσθαι
2675 3280 2892 3351 ἡθελεν.
2937 3283 3150 3350 Ἐκείνη
3176 3283 3234 3336 δὲ
3263 3285 3337 3353 μὴ
3365 3285 3474 3336 δεῖν
3505 3286 3675 3338 αὑτοῦ

2101 3373 2399 3442 χρημάτων
2458 3372 2689 3441 ἔλεγεν*
2755 3375 2903 3445 ἔχειν
2945 3377 3053 3446 γὰρ
3105 3377 3383 3446 ἀρκοῦντα
3438 3379 3676 3431 πλοῦτον

2098 3466 2360 3532 Χριστόνο
2393 3467 2490 3518 καί
2527 3468 2580 3534 γ’
2611 3467 2669 3518 ἐν
2701 3467 2893 3537 δώροις
2947 3463 3086 3521 εἶναι
3130 3469 3393 3538 μεγάλοις
3425 3472 3540 3539 εῐγε
3575 3474 3675 3525 καὶ

2099 3555 2253 3609 αὐτοὶ
2295 3554 2503 3607 ἕλοιντο
2545 3556 2745 3626 ἐπίσης
2780 3557 3130 3625 θρησκεύειν.
3174 3555 3362 3609 Ταῦτα
3411 3558 3670 3625 λέγουσα,

2097 3647 2320 3700 ὄπισθεν
2378 3647 2479 3715 τὴν
2536 3632 2722 3709 δόσιν,
2765 3647 2935 3717 ἁδράν
2976 3665 3042 3717 γε
3094 3649 3286 3711 οὖσαν,
3324 3650 3669 3716 ἀνέπεμπεν.

2111 3739 2300 3807 Ἐνῆγε
2331 3737 2386 3789 δὲ
2417 3737 2578 3790 αὐτὸν
2602 3739 2786 3808 ἠρέμα
2811 3756 2930 3802 πως
2957 3741 3018 3792 τὸ
3043 3741 3100 3806 ἐξ
3129 3742 3342 3794 ἐκείνου
3368 3744 3400 3811 ἡ
3429 3743 3669 3809 γαμετὴ,

2101 3830 2518 3899 παραπείθουσα
2548 3829 2646 3901 τὴν
2670 3831 2842 3899 καλὴν
2876 3833 3091 3902 ἀπάτην
3123 3836 3243 3886 κατ’
3275 3834 3565 3890 ἀντίπαλον
3600 3836 3670 3903 τῇ

2101 3923 2212 3992 Εὔα
2249 3921 2566 3993 διακειμένη
2593 3936 2609 3953 ⁸
2646 3922 2889 3976 ὑπετίθει
2911 3925 3020 3994 γὰρ
3049 3925 3231 3978 σέϐειν
3251 3924 3309 3978 ὃν
3339 3928 3369 3995 ἡ
3405 3926 3542 3995 γυνὴ
3573 3944 3678 3978 κα-

2097 4015 2386 4080 ταγγέλλει
2441 4014 2596 4080 Θεὸν,
2651 4016 2827 4084 μέγαν
2874 4033 2935 4068 τε
2985 4017 3137 4080 ὄντα,
3173 4020 3280 4070 κάκ
3313 4019 3406 4070 τοῦ
3467 4017 3671 4087 ῥᾴστου

2095 4105 2289 4175 ἔχοντα
2337 4107 2488 4169 ὅπως
2519 4105 2585 4159 ἂν
2621 4107 2796 4161 ἐθέλοι
2820 4110 2999 4160 ποιεῖν
3020 4124 3033 4138 ·
3080 4108 3363 4178 βασιλείας
3390 4124 3451 4160 τε
3503 4111 3560 4160 έν
3591 4107 3673 4177 τῷ

2100 4196 2405 4254 καθεστῶτι
2447 4198 2654 4267 μένειν,
2685 4198 2810 4261 τούς
2849 4200 2897 4253 τ’
2925 4201 3150 4264 ἀδόξους
3181 4204 3466 4271 ἐπιφανεῖς
3510 4201 3674 4254 καθι-

2101 4289 2232 4358 στᾷν
2257 4303 2271 4317 ·
2305 4288 2400 4342 καὶ
2451 4289 2655 4351 ἱκανῶς
2686 4292 2830 4358 ἔχειν
2872 4294 3002 4355 τοὺς
3042 4293 3278 4362 μικροὺς
3327 4293 3522 4361 ἀθρόον
3577 4311 3678 4362 με-

2099 4381 2298 4447 γάλους
2329 4384 2528 4445 ποιεῖν,
2558 4381 2670 4435 κάν.
2693 4383 2806 4444 τοῖς
2833 4383 3031 4443 δεινοῖς
3051 4384 3360 4446 διασώζειν.
3393 4383 3464 4438 Εὖ
3489 4387 3676 4439 τοίνυν

426 4453 720 4525 anpectas
773 4459 919 4514 enim
971 4461 1207 4518 habebat
1266 4479 1356 4518 res
1404 4481 1592 4532 novas,
1631 4479 1686 4524 et
1733 4479 1993 4537 praeterea

2097 4472 2238 4524 οὕτω
2271 4471 2540 4540 λεγούσης
2568 4474 2668 4540 τῆς
2699 4475 2981 4539 γυναικὸς,
3011 4477 3042 4528 ὁ
3089 4477 3191 4544 τῆς
3226 4476 3466 4545 Ἰϐηρίας
3504 4479 3676 4549 ἡγού-

427 4544 723 4606 immutare
755 4554 1047 4606 verebatur
1098 4556 1271 4623 patria
1324 4557 1588 4613 instituta.
1635 4560 1803 4616 Porro
1830 4578 1997 4620 vena-

429 4648 544 4691 tum
575 4641 864 4711 aliquando
887 4660 1010 4700 cum
1044 4647 1405 4705 familiaribus
1436 4651 1550 4705 suis
1570 4663 1654 4708 est
1693 4653 1993 4723 profectus,

427 4739 485 4783 et
513 4745 640 4786 ecce
669 4734 834 4788 densa
864 4737 1059 4793 nebula
1088 4753 1118 4792 e
1167 4741 1454 4795 montibus
1492 4743 1712 4812 dill'usa,
1743 4749 1996 4802 tenebras

429 4818 678 4889 ingentes
703 4824 928 4881 adduxit
955 4829 1424 4900 :Opacitatemque
1451 4832 1599 4888 silva:
1629 4836 1995 4902 condensam,

429 4911 572 4962 diem
597 4915 864 4968 convertit
895 4917 952 4969 in
984 4929 1220 4974 noctem.
1242 4921 1578 4992 Perangusta
1606 4927 1825 4980 venatio
1857 4937 1992 4987 erat,

429 5011 484 5054 et
522 5003 625 5056 iter
665 5005 981 5072 impeditum
1034 5020 1086 5064 et
1132 5012 1478 5081 impervium.
1530 5017 1844 5076 Metuebant
1893 5020 1996 5074 sibi

431 5109 644 5160 omnes,
680 5106 733 5150 et
771 5113 880 5167 quo
927 5116 1200 5174 quemque
1246 5121 1365 5162 sors
1392 5108 1538 5173 tulit,
1569 5118 1698 5163 sunt
1741 5110 1996 5178 diSpcrsi.

430 5185 540 5238 Nec
571 5187 752 5241 minus
781 5199 838 5244 ct
869 5207 964 5245 rex
994 5193 1110 5260 ipse
1147 5196 1294 5250 solus
1324 5215 1633 5267 pererrans,
1673 5203 1882 5271 patrios
1918 5186 2000 5260 in.-

431 5276 656 5331 wcabat
677 5279 829 5335 deos.
860 5283 1026 5354 606
1047 5283 1114 5340 Ut
1135 5298 1315 5340 autem
1346 5289 1478 5344 nihil
1509 5291 1576 5344 de
1599 5308 1662 5347 ea
1687 5293 1996 5356 calamitate

430 5377 512 5421 cst
559 5375 866 5441 remissum,
899 5390 998 5446 pro
1028 5391 1095 5431 eo
1131 5387 1294 5446 atque
1326 5379 1443 5434 fieri
1483 5383 1640 5450 solet,
1672 5399 1796 5440 cum
1816 5385 1997 5441 homi-

432 5475 530 5514 nes
553 5461 848 5532 in0piuatis
885 5468 1272 5539 opprimuntur
1303 5472 1542 5540 casibus,
1595 5478 1820 5545 captiva:
1853 5480 1998 5536 illius

434 5549 527 5604 Dei
579 5558 838 5611 memoria
889 5559 944 5613 in
991 5571 1225 5615 mentem
1271 5566 1321 5618 ei
1366 5567 1564 5620 venit:
1605 5571 1998 5640 constituitque

434 5643 570 5696 adeo
615 5645 730 5712 ipse
759 5663 942 5703 secum
968 5690 982 5715 ,
1029 5653 1302 5708 culturum
1341 5671 1399 5711 se
1447 5673 1572 5711 cum
1610 5659 1904 5727 decaetero,
1951 5666 2023 5730 si,

437 5732 636 5786 malum
699 5749 938 5806 prmscus
997 5739 1363 5798 discussisset.
1439 5745 1551 5801 lloc
1609 5749 1687 5802 sic
1751 5750 1994 5818 decreto,

2099 4581 2261 4634 μενος
2305 4565 2648 4635 ἐμαλάσσετο
2697 4566 2798 4634 μὲν
2844 4570 2960 4629 τοῖς
3018 4567 3234 4635 λόγοις·
3277 4571 3574 4638 ἀμφίϐολος
3627 4573 3674 4624 δ’

2094 4653 2183 4728 ἦν,
2221 4653 2566 4727 ὑπειδόμενος
2615 4657 2984 4726 νεωτερίζειν,
3019 4660 3344 4729 αἰδούμενός
3391 4678 3452 4712 τε
3492 4662 3676 4722 ἄλλως

2099 4749 2496 4820 μεταλλάσσειν
2527 4750 2595 4804 τὰ
2627 4751 2853 4821 πάτρια.
2887 4753 2993 4804 Καὶ
3035 4751 3097 4821 δή
3134 4753 3253 4805 ποτ’
3285 4755 3517 4818 ἐξελθὼν
3547 4760 3675 4810 σύν-

2095 4856 2214 4908 αμα
2259 4842 2372 4901 τοῖς
2423 4839 2562 4907 ἀμφ’
2593 4839 2780 4903 αὐτὸν,
2818 4839 3013 4909 ἐθήρα.
3061 4840 3295 4910 ioniqu
3333 4845 3390 4897 δέ
3443 4862 3525 4906 τις
3569 4846 3670 4911 βα-

2098 4931 2219 4984 θεῖα
2251 4930 2616 4998 καταχυθεῖσα
2661 4933 2772 4992 τοῖς
2804 4930 2982 4998 ὄρεσι,
3024 4933 3217 4993 σκότος
3265 4934 3440 4985 ἐποίει
3487 4934 3626 5001 βαθύ
3651 4951 3668 4968 ο

2098 5024 2194 5078 καὶ
2231 5022 2292 5075 τὸ
2323 5022 2628 5091 συνηρεφὲς
2677 5022 2775 5091 τῆς
2803 5021 2938 5088 ὕλης
2985 5024 3334 5092 ἀποφράξειν,
3375 5024 3546 5078 νύκτα
3572 5026 3668 5098 τὴν

2097 5113 2313 5185 ἡμέραν
2362 5113 2673 5181 εἰργάζετο.
2711 5115 2955 5186 Ἀπορος
2993 5115 3040 5167 δ’
3087 5111 3155 5187 ἦν
3209 5113 3596 5184 ἠ-θήρα,δκαὶ
3632 5122 3664 5188 ἡ

2097 5207 2214 5268 ὁδὸς
2265 5204 2556 5271 ἀδιέξοδος.
2607 5206 2897 5268 Δείσαντες
2933 5205 2979 5260 δ’
3038 5207 3268 5269 ἕκαστος
3316 5209 3422 5279 ὅπη
3474 5210 3667 5279 ἔτυχεν

2098 5299 2504 5353 ὲσκεδάννυντο.
2551 5297 2776 5367 Ἐπισης
2810 5298 2868 5351 δὲ
2901 5300 2995 5351 καὶ
3023 5300 3052 5350 ὁ
3085 5299 3336 5368 βασιλεὺς
3381 5303 3665 5371 ἀλώμενος

2103 5393 2282 5460 μόνος,
2311 5393 2435 5454 τοὺς
2471 5388 2760 5460 πατρῴους
2790 5392 3115 5445 ἐπεκαλεῖτο
3151 5393 3328 5455 θεούς.
3367 5395 3457 5458 Ὠς
3503 5396 3549 5446 δ’
3577 5395 3667 5447 οὺ-

2098 5483 2188 5534 δὲν
2223 5477 2386 5552 ἦττον
2415 5476 2484 5552 ἦν
2511 5481 2572 5534 τὸ
2609 5481 2804 5545 δεινὸν,
2837 5477 2928 5535 οἷα
2973 5483 3118 5551 φιλεῖ
3153 5484 3420 5551 γίνεσθαι,
3453 5488 3663 5556 ἀπροσ-

2100 5574 2350 5642 δοκήτοις
2403 5573 2699 5641 ἐμπεσὼν,
2749 5575 2843 5626 τὸν
2900 5576 2999 5642 τῆς
3053 5575 3406 5644 αἰχμαλώτου
3464 5579 3666 5630 ἐνενόει

2101 5664 2232 5716 Θεόν
2257 5681 2270 5695 ·
2299 5664 2392 5717 καὶ
2427 5664 2572 5717 κατὰ
2599 5667 2725 5718 νοῦν
2751 5665 2845 5718 τοῦ
2879 5667 3071 5720 λοιποῦ
3106 5670 3288 5720 σέϐειν
3318 5670 3525 5722 ἐκεῖνον
3559 5672 3664 5722 διε-

2102 5757 2291 5821 νοεῖτο,
2323 5756 2370 5806 εἰ
2409 5755 2472 5808 τὸ
2503 5756 2676 5826 παρόν
2717 5775 2778 5826 γε
2811 5758 3090 5829 διαδράσοι
3136 5759 3322 5814 κακόν.
3371 5759 3539 5814 Ταῦτ’
3585 5763 3662 5824 είς
