  <div class='ocr_page' id='page_1' title='image "/cluster/home/n/w/nwhite01/storage/ocr_20150623/146/hvd.32044073502601/072.png"; bbox 0 0 3972 6200; ppageno 0'>
   <div class='ocr_carea' id='block_1_1' title="bbox 235 243 346 307">
    <p class='ocr_par' dir='ltr' id='par_1_1' title="bbox 235 243 346 307">
     <span class='ocr_line' id='line_1_1' title="bbox 235 243 346 307; baseline 0.009 -2"><span class='ocrx_word' id='word_1_1' title='bbox 235 243 346 307; x_wconf 72' lang='grc'><strong>12)</strong></span> 
     </span>
    </p>
   </div>
   <div class='ocr_carea' id='block_1_2' title="bbox 1140 238 2557 304">
    <p class='ocr_par' dir='ltr' id='par_1_2' title="bbox 1140 238 2557 304">
     <span class='ocr_line' id='line_1_2' title="bbox 1140 238 2557 304; baseline 0.003 -4"><span class='ocrx_word' id='word_1_2' title='bbox 1140 239 1738 301; x_wconf 67' lang='lat' dir='ltr'><strong>ECCLESIASTICIE</strong></span> <span class='ocrx_word' id='word_1_3' title='bbox 1776 238 2164 303; x_wconf 71' lang='lat' dir='ltr'><strong>lIlSTOliLE</strong></span> <span class='ocrx_word' id='word_1_4' title='bbox 2203 242 2347 303; x_wconf 78' lang='lat' dir='ltr'><strong>LIB.</strong></span> <span class='ocrx_word' id='word_1_5' title='bbox 2395 238 2557 304; x_wconf 83' lang='lat' dir='ltr'><strong>VlIi.</strong></span> 
     </span>
    </p>
   </div>
   <div class='ocr_carea' id='block_1_3' title="bbox 3397 238 3499 305">
    <p class='ocr_par' dir='ltr' id='par_1_3' title="bbox 3397 238 3499 305">
     <span class='ocr_line' id='line_1_3' title="bbox 3397 238 3499 305; baseline -0.01 0"><span class='ocrx_word' id='word_1_6' title='bbox 3397 238 3499 305; x_wconf 79' lang='lat'><strong>130</strong></span> 
     </span>
    </p>
   </div>
   <div class='ocr_carea' id='block_1_4' title="bbox 231 347 1816 427">
    <p class='ocr_par' dir='ltr' id='par_1_4' title="bbox 231 350 1816 427">
     <span class='ocr_line' id='line_1_4' title="bbox 231 350 1816 427; baseline -0.004 -15"><span class='ocrx_word' id='word_1_7' title='bbox 231 359 365 412; x_wconf 78' lang='grc' dir='ltr'>νοῦν</span> <span class='ocrx_word' id='word_1_8' title='bbox 399 350 739 427; x_wconf 79' lang='grc' dir='ltr'>βαλλομένῳ,</span> <span class='ocrx_word' id='word_1_9' title='bbox 772 355 833 408; x_wconf 81' lang='grc' dir='ltr'><strong>τὸ</strong></span> <span class='ocrx_word' id='word_1_10' title='bbox 868 354 968 425; x_wconf 71' lang='grc' dir='ltr'>μὲν</span> <span class='ocrx_word' id='word_1_11' title='bbox 1004 353 1193 418; x_wconf 81' lang='grc' dir='ltr'><strong>σκότος</strong></span> <span class='ocrx_word' id='word_1_12' title='bbox 1223 354 1389 417; x_wconf 82' lang='grc' dir='ltr'>εὐθὺς</span> <span class='ocrx_word' id='word_1_13' title='bbox 1421 353 1608 406; x_wconf 70' lang='grc' dir='ltr'>ἐλύετο</span> <span class='ocrx_word' id='word_1_14' title='bbox 1634 368 1648 382; x_wconf 76' lang='grc'><strong><em>⁸</em></strong></span> <span class='ocrx_word' id='word_1_15' title='bbox 1681 354 1816 423; x_wconf 86' lang='grc' dir='ltr'>λαμ-</span> 
     </span>
    </p>
   </div>
   <div class='ocr_carea' id='block_1_5' title="bbox 1918 347 3497 427">
    <p class='ocr_par' dir='ltr' id='par_1_5' title="bbox 1921 347 3497 420">
     <span class='ocr_line' id='line_1_5' title="bbox 1921 347 3497 420; baseline 0.003 -17"><span class='ocrx_word' id='word_1_16' title='bbox 1921 351 2095 420; x_wconf 80' lang='lat' dir='ltr'><strong>caligo</strong></span> <span class='ocrx_word' id='word_1_17' title='bbox 2121 352 2301 406; x_wconf 91' lang='lat' dir='ltr'><strong>statim</strong></span> <span class='ocrx_word' id='word_1_18' title='bbox 2330 352 2587 416; x_wconf 79' lang='lat' dir='ltr'><strong>&#39;solvitnr,</strong></span> <span class='ocrx_word' id='word_1_19' title='bbox 2620 357 2675 406; x_wconf 85' lang='lat' dir='ltr'><strong>et</strong></span> <span class='ocrx_word' id='word_1_20' title='bbox 2708 347 2981 405; x_wconf 70' lang='lat' dir='ltr'><strong>serenitas</strong></span> <span class='ocrx_word' id='word_1_21' title='bbox 3008 351 3185 420; x_wconf 89' lang='lat' dir='ltr'><strong>ampla</strong></span> <span class='ocrx_word' id='word_1_22' title='bbox 3228 349 3398 407; x_wconf 84' lang='lat' dir='ltr'><strong>radiis</strong></span> <span class='ocrx_word' id='word_1_23' title='bbox 3437 353 3497 407; x_wconf 89' lang='lat' dir='ltr'><strong>in</strong></span> 
     </span>
    </p>
   </div>
   <div class='ocr_carea' id='block_1_6' title="bbox 232 445 1818 520">
    <p class='ocr_par' dir='ltr' id='par_1_6' title="bbox 232 445 1818 520">
     <span class='ocr_line' id='line_1_6' title="bbox 232 445 1818 520; baseline -0.003 -19"><span class='ocrx_word' id='word_1_24' title='bbox 232 452 357 520; x_wconf 66' lang='grc' dir='ltr'>πρὲ</span> <span class='ocrx_word' id='word_1_25' title='bbox 391 450 439 503; x_wconf 83' lang='grc' dir='ltr'>δ’</span> <span class='ocrx_word' id='word_1_26' title='bbox 477 449 662 520; x_wconf 73' lang='grc' dir='ltr'>αἰθρία</span> <span class='ocrx_word' id='word_1_27' title='bbox 694 446 1012 518; x_wconf 87' lang='grc' dir='ltr'>μετέϐαλλε,</span> <span class='ocrx_word' id='word_1_28' title='bbox 1045 446 1146 516; x_wconf 79' lang='grc' dir='ltr'>τῆς</span> <span class='ocrx_word' id='word_1_29' title='bbox 1181 447 1399 509; x_wconf 79' lang='grc' dir='ltr'><strong>ἀκτῖνος</strong></span> <span class='ocrx_word' id='word_1_30' title='bbox 1443 445 1818 515; x_wconf 84' lang='grc' dir='ltr'>προσϐαλλού-</span> 
     </span>
    </p>
   </div>
   <div class='ocr_carea' id='block_1_7' title="bbox 236 533 1816 610">
    <p class='ocr_par' dir='ltr' id='par_1_7' title="bbox 236 533 1816 610">
     <span class='ocr_line' id='line_1_7' title="bbox 236 533 1816 610; baseline -0.003 -18"><span class='ocrx_word' id='word_1_31' title='bbox 236 559 344 609; x_wconf 72' lang='grc' dir='ltr'><strong>σης</strong></span> <span class='ocrx_word' id='word_1_32' title='bbox 385 543 453 610; x_wconf 76' lang='grc' dir='ltr'>τῇ</span> <span class='ocrx_word' id='word_1_33' title='bbox 485 539 610 610; x_wconf 79' lang='grc' dir='ltr'>ὕλῃ.</span> <span class='ocrx_word' id='word_1_34' title='bbox 661 539 768 593; x_wconf 71' lang='grc' dir='ltr'><strong>Καὶ</strong></span> <span class='ocrx_word' id='word_1_35' title='bbox 803 539 1009 609; x_wconf 87' lang='grc' dir='ltr'>χαίρων</span> <span class='ocrx_word' id='word_1_36' title='bbox 1042 538 1140 591; x_wconf 74' lang='grc' dir='ltr'><strong>ἐπὶ</strong></span> <span class='ocrx_word' id='word_1_37' title='bbox 1186 538 1279 590; x_wconf 75' lang='grc' dir='ltr'><strong>τὸν</strong></span> <span class='ocrx_word' id='word_1_38' title='bbox 1314 533 1463 591; x_wconf 81' lang='grc' dir='ltr'>οἷκον</span> <span class='ocrx_word' id='word_1_39' title='bbox 1514 536 1706 600; x_wconf 72' lang='grc' dir='ltr'>ἐλθὼν,</span> <span class='ocrx_word' id='word_1_40' title='bbox 1750 538 1816 605; x_wconf 80' lang='grc' dir='ltr'><strong>τῇ</strong></span> 
     </span>
    </p>
   </div>
   <div class='ocr_carea' id='block_1_8' title="bbox 236 628 1820 699">
    <p class='ocr_par' dir='ltr' id='par_1_8' title="bbox 236 628 1820 699">
     <span class='ocr_line' id='line_1_8' title="bbox 236 628 1820 699; baseline -0.003 -15"><span class='ocrx_word' id='word_1_41' title='bbox 236 633 474 699; x_wconf 77' lang='grc' dir='ltr'>γυναικὶ</span> <span class='ocrx_word' id='word_1_42' title='bbox 500 632 563 683; x_wconf 81' lang='grc' dir='ltr'>τὸ</span> <span class='ocrx_word' id='word_1_43' title='bbox 597 630 819 698; x_wconf 68' lang='grc' dir='ltr'>συμϐὰν</span> <span class='ocrx_word' id='word_1_44' title='bbox 848 630 1018 698; x_wconf 77' lang='grc' dir='ltr'>ἡδέως</span> <span class='ocrx_word' id='word_1_45' title='bbox 1052 629 1338 692; x_wconf 88' lang='grc' dir='ltr'>κατέλεγε.</span> <span class='ocrx_word' id='word_1_46' title='bbox 1382 629 1488 682; x_wconf 78' lang='grc' dir='ltr'><strong>Καὶ</strong></span> <span class='ocrx_word' id='word_1_47' title='bbox 1529 629 1730 681; x_wconf 84' lang='grc' dir='ltr'>αὐτίκα</span> <span class='ocrx_word' id='word_1_48' title='bbox 1758 628 1820 681; x_wconf 77' lang='grc' dir='ltr'>τὸ</span> 
     </span>
    </p>
   </div>
   <div class='ocr_carea' id='block_1_9' title="bbox 238 718 1820 792">
    <p class='ocr_par' dir='ltr' id='par_1_9' title="bbox 238 718 1820 792">
     <span class='ocr_line' id='line_1_9' title="bbox 238 718 1820 792; baseline -0.001 -19"><span class='ocrx_word' id='word_1_49' title='bbox 238 723 470 787; x_wconf 69' lang='grc' dir='ltr'>γύναιον</span> <span class='ocrx_word' id='word_1_50' title='bbox 508 721 926 791; x_wconf 84' lang='grc' dir='ltr'>μετεστέλλετο’</span> <span class='ocrx_word' id='word_1_51' title='bbox 961 719 1055 772; x_wconf 70' lang='grc' dir='ltr'><strong>καὶ</strong></span> <span class='ocrx_word' id='word_1_52' title='bbox 1085 720 1207 773; x_wconf 82' lang='grc' dir='ltr'>τίνα</span> <span class='ocrx_word' id='word_1_53' title='bbox 1253 721 1456 792; x_wconf 78' lang='grc' dir='ltr'><strong>τρόπον</strong></span> <span class='ocrx_word' id='word_1_54' title='bbox 1493 718 1820 790; x_wconf 81' lang='grc' dir='ltr'>θρησκεύειν</span> 
     </span>
    </p>
   </div>
   <div class='ocr_carea' id='block_1_10' title="bbox 239 809 1817 881">
    <p class='ocr_par' dir='ltr' id='par_1_10' title="bbox 239 809 1817 881">
     <span class='ocr_line' id='line_1_10' title="bbox 239 809 1817 881; baseline -0.001 -18"><span class='ocrx_word' id='word_1_55' title='bbox 239 813 580 880; x_wconf 81' lang='grc' dir='ltr'>θερμότερον</span> <span class='ocrx_word' id='word_1_56' title='bbox 610 810 729 881; x_wconf 75' lang='grc' dir='ltr'>ᾔτει</span> <span class='ocrx_word' id='word_1_57' title='bbox 761 811 1130 866; x_wconf 82' lang='grc' dir='ltr'>διδάσκεσθαι.</span> <span class='ocrx_word' id='word_1_58' title='bbox 1167 811 1281 881; x_wconf 81' lang='grc' dir='ltr'><strong>Τῆς</strong></span> <span class='ocrx_word' id='word_1_59' title='bbox 1309 809 1357 861; x_wconf 88' lang='grc' dir='ltr'>δ’</span> <span class='ocrx_word' id='word_1_60' title='bbox 1395 812 1817 880; x_wconf 84' lang='grc' dir='ltr'>είσηγουμένης,</span> 
     </span>
    </p>
   </div>
   <div class='ocr_carea' id='block_1_11' title="bbox 234 899 1820 970">
    <p class='ocr_par' dir='ltr' id='par_1_11' title="bbox 234 899 1820 970">
     <span class='ocr_line' id='line_1_11' title="bbox 234 899 1820 970; baseline -0.003 -15"><span class='ocrx_word' id='word_1_61' title='bbox 234 905 346 956; x_wconf 80' lang='grc' dir='ltr'>ὅσα</span> <span class='ocrx_word' id='word_1_62' title='bbox 374 921 438 970; x_wconf 84' lang='grc' dir='ltr'><strong>γε</strong></span> <span class='ocrx_word' id='word_1_63' title='bbox 472 899 541 963; x_wconf 72' lang='grc' dir='ltr'>ἦν</span> <span class='ocrx_word' id='word_1_64' title='bbox 588 902 735 965; x_wconf 70' lang='grc' dir='ltr'>εἰκὸς</span> <span class='ocrx_word' id='word_1_65' title='bbox 769 902 971 970; x_wconf 84' lang='grc' dir='ltr'>λέγειν,</span> <span class='ocrx_word' id='word_1_66' title='bbox 1023 904 1150 965; x_wconf 76' lang='grc' dir='ltr'>τοὺς</span> <span class='ocrx_word' id='word_1_67' title='bbox 1200 902 1292 955; x_wconf 83' lang='grc' dir='ltr'><strong>ὑπ’</strong></span> <span class='ocrx_word' id='word_1_68' title='bbox 1323 903 1486 955; x_wconf 58' lang='grc' dir='ltr'>αὐτὸν</span> <span class='ocrx_word' id='word_1_69' title='bbox 1535 901 1820 970; x_wconf 86' lang='grc' dir='ltr'>ἀθροίσας,</span> 
     </span>
    </p>
   </div>
   <div class='ocr_carea' id='block_1_12' title="bbox 236 992 1820 1069">
    <p class='ocr_par' dir='ltr' id='par_1_12' title="bbox 236 992 1820 1069">
     <span class='ocr_line' id='line_1_12' title="bbox 236 992 1820 1069; baseline 0 -24"><span class='ocrx_word' id='word_1_70' title='bbox 236 998 336 1048; x_wconf 70' lang='grc' dir='ltr'><strong>ἐπὶ</strong></span> <span class='ocrx_word' id='word_1_71' title='bbox 396 994 583 1048; x_wconf 78' lang='grc' dir='ltr'>κοινοῦ</span> <span class='ocrx_word' id='word_1_72' title='bbox 634 995 712 1065; x_wconf 82' lang='grc' dir='ltr'>τῷ</span> <span class='ocrx_word' id='word_1_73' title='bbox 769 995 967 1064; x_wconf 75' lang='grc' dir='ltr'>πλήθει</span> <span class='ocrx_word' id='word_1_74' title='bbox 1015 992 1381 1069; x_wconf 56' lang='grc' dir='ltr'>δημηγορῶν.</span> <span class='ocrx_word' id='word_1_75' title='bbox 1430 993 1531 1055; x_wconf 81' lang='grc' dir='ltr'><strong>τὰς</strong></span> <span class='ocrx_word' id='word_1_76' title='bbox 1584 993 1671 1046; x_wconf 78' lang='grc' dir='ltr'>διὰ</span> <span class='ocrx_word' id='word_1_77' title='bbox 1716 992 1820 1061; x_wconf 73' lang='grc' dir='ltr'>τῆς</span> 
     </span>
    </p>
   </div>
   <div class='ocr_carea' id='block_1_13' title="bbox 237 1086 1821 1158">
    <p class='ocr_par' dir='ltr' id='par_1_13' title="bbox 237 1086 1821 1158">
     <span class='ocr_line' id='line_1_13' title="bbox 237 1086 1821 1158; baseline -0.003 -18"><span class='ocrx_word' id='word_1_78' title='bbox 237 1087 599 1156; x_wconf 76' lang='grc' dir='ltr'><strong>αἰχμαλώτου</strong></span> <span class='ocrx_word' id='word_1_79' title='bbox 632 1086 1011 1156; x_wconf 77' lang='grc' dir='ltr'><strong>γεγενημένας</strong></span> <span class='ocrx_word' id='word_1_80' title='bbox 1045 1088 1123 1158; x_wconf 84' lang='grc' dir='ltr'>τῷ</span> <span class='ocrx_word' id='word_1_81' title='bbox 1172 1087 1380 1139; x_wconf 77' lang='grc' dir='ltr'>ἐκείνου</span> <span class='ocrx_word' id='word_1_82' title='bbox 1421 1089 1553 1155; x_wconf 75' lang='grc' dir='ltr'>οἴκῳ</span> <span class='ocrx_word' id='word_1_83' title='bbox 1598 1087 1821 1155; x_wconf 86' lang='grc' dir='ltr'>εὐεργε-</span> 
     </span>
    </p>
   </div>
   <div class='ocr_carea' id='block_1_14' title="bbox 241 1178 1815 1250">
    <p class='ocr_par' dir='ltr' id='par_1_14' title="bbox 241 1178 1815 1250">
     <span class='ocr_line' id='line_1_14' title="bbox 241 1178 1815 1250; baseline -0.003 -18"><span class='ocrx_word' id='word_1_84' title='bbox 241 1183 366 1241; x_wconf 74' lang='grc' dir='ltr'>σίας</span> <span class='ocrx_word' id='word_1_85' title='bbox 398 1178 719 1249; x_wconf 78' lang='grc' dir='ltr'>ἐξήγγελλε.</span> <span class='ocrx_word' id='word_1_86' title='bbox 762 1180 944 1250; x_wconf 81' lang='grc' dir='ltr'>Μήπω</span> <span class='ocrx_word' id='word_1_87' title='bbox 968 1179 1019 1233; x_wconf 83' lang='grc' dir='ltr'>δὲ</span> <span class='ocrx_word' id='word_1_88' title='bbox 1052 1180 1283 1249; x_wconf 73' lang='grc' dir='ltr'>μυηθεὶς</span> <span class='ocrx_word' id='word_1_89' title='bbox 1307 1181 1375 1233; x_wconf 84' lang='grc' dir='ltr'>τὰ</span> <span class='ocrx_word' id='word_1_90' title='bbox 1403 1178 1497 1231; x_wconf 81' lang='grc' dir='ltr'>τοῦ</span> <span class='ocrx_word' id='word_1_91' title='bbox 1528 1178 1815 1248; x_wconf 85' lang='grc' dir='ltr'>δόγματος,</span> 
     </span>
    </p>
   </div>
   <div class='ocr_carea' id='block_1_15' title="bbox 216 1272 1818 1343">
    <p class='ocr_par' dir='ltr' id='par_1_15' title="bbox 216 1272 1818 1343">
     <span class='ocr_line' id='line_1_15' title="bbox 216 1272 1818 1343; baseline -0.001 -18"><span class='ocrx_word' id='word_1_92' title='bbox 216 1276 356 1334; x_wconf 68' lang='grc' dir='ltr'>ιτοῖς</span> <span class='ocrx_word' id='word_1_93' title='bbox 390 1272 657 1341; x_wconf 75' lang='grc' dir='ltr'><strong>ὑπηκόοις</strong></span> <span class='ocrx_word' id='word_1_94' title='bbox 693 1272 972 1342; x_wconf 80' lang='grc' dir='ltr'>μετεδὶδου</span> <span class='ocrx_word' id='word_1_95' title='bbox 1004 1272 1073 1325; x_wconf 82' lang='grc' dir='ltr'><strong>τά</strong></span> <span class='ocrx_word' id='word_1_96' title='bbox 1106 1274 1205 1342; x_wconf 82' lang='grc' dir='ltr'>τῆς</span> <span class='ocrx_word' id='word_1_97' title='bbox 1243 1273 1472 1343; x_wconf 76' lang='grc' dir='ltr'>βουλῆς’</span> <span class='ocrx_word' id='word_1_98' title='bbox 1510 1274 1607 1325; x_wconf 67' lang='grc' dir='ltr'>καὶ</span> <span class='ocrx_word' id='word_1_99' title='bbox 1648 1273 1818 1343; x_wconf 83' lang='grc' dir='ltr'>ἄρδην</span> 
     </span>
    </p>
   </div>
   <div class='ocr_carea' id='block_1_16' title="bbox 233 1365 1821 1436">
    <p class='ocr_par' dir='ltr' id='par_1_16' title="bbox 233 1365 1821 1436">
     <span class='ocr_line' id='line_1_16' title="bbox 233 1365 1821 1436; baseline 0.001 -19"><span class='ocrx_word' id='word_1_100' title='bbox 233 1368 332 1417; x_wconf 66' lang='grc' dir='ltr'>τὶν</span> <span class='ocrx_word' id='word_1_101' title='bbox 383 1365 628 1435; x_wconf 73' lang='grc' dir='ltr'>Χριστὸν</span> <span class='ocrx_word' id='word_1_102' title='bbox 666 1365 802 1434; x_wconf 80' lang='grc' dir='ltr'>όμοῦ</span> <span class='ocrx_word' id='word_1_103' title='bbox 843 1365 1022 1417; x_wconf 86' lang='grc' dir='ltr'>σέϐειν</span> <span class='ocrx_word' id='word_1_104' title='bbox 1065 1365 1368 1434; x_wconf 74' lang='grc' dir='ltr'><strong>φιλοτίμως</strong></span> <span class='ocrx_word' id='word_1_105' title='bbox 1413 1367 1662 1436; x_wconf 78' lang='grc' dir='ltr'>ᾑροῦντο.</span> <span class='ocrx_word' id='word_1_106' title='bbox 1712 1367 1821 1420; x_wconf 76' lang='grc' dir='ltr'><strong>Καὶ</strong></span> 
     </span>
    </p>
   </div>
   <div class='ocr_carea' id='block_1_17' title="bbox 232 1455 1817 1531">
    <p class='ocr_par' dir='ltr' id='par_1_17' title="bbox 232 1455 1817 1531">
     <span class='ocr_line' id='line_1_17' title="bbox 232 1455 1817 1531; baseline 0.004 -24"><span class='ocrx_word' id='word_1_107' title='bbox 232 1460 405 1524; x_wconf 75' lang='grc' dir='ltr'>ταχος</span> <span class='ocrx_word' id='word_1_108' title='bbox 441 1459 568 1509; x_wconf 77' lang='grc' dir='ltr'>ὅσον</span> <span class='ocrx_word' id='word_1_109' title='bbox 618 1455 718 1525; x_wconf 80' lang='grc' dir='ltr'>τῆς</span> <span class='ocrx_word' id='word_1_110' title='bbox 752 1458 1013 1526; x_wconf 74' lang='grc' dir='ltr'>γυναικός</span> <span class='ocrx_word' id='word_1_111' title='bbox 1058 1459 1119 1511; x_wconf 87' lang='grc' dir='ltr'>τὸ</span> <span class='ocrx_word' id='word_1_112' title='bbox 1171 1458 1356 1529; x_wconf 81' lang='grc' dir='ltr'>σχῆμα</span> <span class='ocrx_word' id='word_1_113' title='bbox 1411 1460 1817 1531; x_wconf 75' lang='grc' dir='ltr'>διαγραψάσης,</span> 
     </span>
    </p>
   </div>
   <div class='ocr_carea' id='block_1_18' title="bbox 232 1548 1817 1622">
    <p class='ocr_par' dir='ltr' id='par_1_18' title="bbox 232 1548 1817 1622">
     <span class='ocr_line' id='line_1_18' title="bbox 232 1548 1817 1622; baseline 0.006 -25"><span class='ocrx_word' id='word_1_114' title='bbox 232 1548 541 1616; x_wconf 73' lang='grc' dir='ltr'><strong>ἐκκλησίαν</strong></span> <span class='ocrx_word' id='word_1_115' title='bbox 594 1548 832 1602; x_wconf 82' lang='grc' dir='ltr'>ἀνίστων</span> <span class='ocrx_word' id='word_1_116' title='bbox 880 1553 1181 1622; x_wconf 76' lang='grc' dir='ltr'>περιφανῆ.</span> <span class='ocrx_word' id='word_1_117' title='bbox 1214 1553 1482 1615; x_wconf 83' lang='grc' dir='ltr'>Κάκεῖνος</span> <span class='ocrx_word' id='word_1_118' title='bbox 1539 1552 1641 1620; x_wconf 81' lang='grc' dir='ltr'>μὲν</span> <span class='ocrx_word' id='word_1_119' title='bbox 1691 1553 1817 1615; x_wconf 82' lang='grc' dir='ltr'>τοὺς</span> 
     </span>
    </p>
   </div>
   <div class='ocr_carea' id='block_1_19' title="bbox 233 1638 1815 1712">
    <p class='ocr_par' dir='ltr' id='par_1_19' title="bbox 233 1638 1815 1712">
     <span class='ocr_line' id='line_1_19' title="bbox 233 1638 1815 1712; baseline 0.006 -23"><span class='ocrx_word' id='word_1_120' title='bbox 233 1638 471 1705; x_wconf 75' lang='grc' dir='ltr'>ἄνδρας,</span> <span class='ocrx_word' id='word_1_121' title='bbox 500 1640 532 1706; x_wconf 78' lang='grc' dir='ltr'>ἡ</span> <span class='ocrx_word' id='word_1_122' title='bbox 567 1638 623 1692; x_wconf 79' lang='grc' dir='ltr'>δὲ</span> <span class='ocrx_word' id='word_1_123' title='bbox 652 1641 790 1709; x_wconf 80' lang='grc' dir='ltr'>γυνὴ</span> <span class='ocrx_word' id='word_1_124' title='bbox 826 1642 923 1694; x_wconf 82' lang='grc' dir='ltr'>σὺν</span> <span class='ocrx_word' id='word_1_125' title='bbox 953 1645 1017 1711; x_wconf 83' lang='grc' dir='ltr'><strong>τῇ</strong></span> <span class='ocrx_word' id='word_1_126' title='bbox 1044 1642 1380 1712; x_wconf 79' lang='grc' dir='ltr'><strong>αἰχμαλώτῳ</strong></span> <span class='ocrx_word' id='word_1_127' title='bbox 1410 1645 1509 1707; x_wconf 84' lang='grc' dir='ltr'><strong>τάς</strong></span> <span class='ocrx_word' id='word_1_128' title='bbox 1545 1648 1815 1711; x_wconf 83' lang='grc' dir='ltr'>γυναῖκας</span> 
     </span>
    </p>
   </div>
   <div class='ocr_carea' id='block_1_20' title="bbox 1922 440 3495 515">
    <p class='ocr_par' dir='ltr' id='par_1_20' title="bbox 1922 440 3495 515">
     <span class='ocr_line' id='line_1_20' title="bbox 1922 440 3495 515; baseline -0.001 -16"><span class='ocrx_word' id='word_1_129' title='bbox 1922 444 2117 499; x_wconf 80' lang='lat' dir='ltr'><strong>silvam</strong></span> <span class='ocrx_word' id='word_1_130' title='bbox 2173 444 2435 515; x_wconf 74' lang='lat' dir='ltr'><strong>conjectis</strong></span> <span class='ocrx_word' id='word_1_131' title='bbox 2494 442 2762 498; x_wconf 74' lang='lat' dir='ltr'><strong>succedit.</strong></span> <span class='ocrx_word' id='word_1_132' title='bbox 2814 440 3006 510; x_wconf 79' lang='lat' dir='ltr'><strong>Itaque</strong></span> <span class='ocrx_word' id='word_1_133' title='bbox 3063 442 3220 497; x_wconf 67' lang='lat' dir='ltr'><strong>laetus</strong></span> <span class='ocrx_word' id='word_1_134' title='bbox 3268 443 3495 498; x_wconf 87' lang='lat' dir='ltr'><strong>domum</strong></span> 
     </span>
    </p>
   </div>
   <div class='ocr_carea' id='block_1_21' title="bbox 1921 533 3493 603">
    <p class='ocr_par' dir='ltr' id='par_1_21' title="bbox 1921 533 3493 603">
     <span class='ocr_line' id='line_1_21' title="bbox 1921 533 3493 603; baseline 0.002 -16"><span class='ocrx_word' id='word_1_135' title='bbox 1921 533 2066 587; x_wconf 84' lang='lat' dir='ltr'><strong>redit</strong></span> <span class='ocrx_word' id='word_1_136' title='bbox 2100 536 2318 600; x_wconf 85' lang='lat' dir='ltr'><strong>:uxori,</strong></span> <span class='ocrx_word' id='word_1_137' title='bbox 2367 537 2514 603; x_wconf 77' lang='lat' dir='ltr'><strong>quod</strong></span> <span class='ocrx_word' id='word_1_138' title='bbox 2566 534 2867 597; x_wconf 88' lang='lat' dir='ltr'><strong>acciderat,</strong></span> <span class='ocrx_word' id='word_1_139' title='bbox 2902 534 3148 589; x_wconf 85' lang='lat' dir='ltr'><strong>suaviter</strong></span> <span class='ocrx_word' id='word_1_140' title='bbox 3196 546 3493 590; x_wconf 82' lang='lat' dir='ltr'><strong>recenset:</strong></span> 
     </span>
    </p>
   </div>
   <div class='ocr_carea' id='block_1_22' title="bbox 1921 626 3495 696">
    <p class='ocr_par' dir='ltr' id='par_1_22' title="bbox 1921 626 3495 696">
     <span class='ocr_line' id='line_1_22' title="bbox 1921 626 3495 696; baseline 0.001 -18"><span class='ocrx_word' id='word_1_141' title='bbox 1921 626 2299 679; x_wconf 84' lang='lat' dir='ltr'><strong>mulierculam</strong></span> <span class='ocrx_word' id='word_1_142' title='bbox 2326 627 2472 680; x_wconf 80' lang='lat' dir='ltr'><strong>illam</strong></span> <span class='ocrx_word' id='word_1_143' title='bbox 2508 626 2676 681; x_wconf 82' lang='lat' dir='ltr'><strong>acciri</strong></span> <span class='ocrx_word' id='word_1_144' title='bbox 2706 626 2891 681; x_wconf 86' lang='lat' dir='ltr'><strong>statim</strong></span> <span class='ocrx_word' id='word_1_145' title='bbox 2914 627 3090 696; x_wconf 87' lang='lat' dir='ltr'><strong>jubet,</strong></span> <span class='ocrx_word' id='word_1_146' title='bbox 3118 640 3285 694; x_wconf 86' lang='lat' dir='ltr'><strong>seque</strong></span> <span class='ocrx_word' id='word_1_147' title='bbox 3330 627 3398 679; x_wconf 93' lang='lat' dir='ltr'><strong>ab</strong></span> <span class='ocrx_word' id='word_1_148' title='bbox 3430 636 3495 679; x_wconf 85' lang='lat' dir='ltr'><strong>ea</strong></span> 
     </span>
    </p>
   </div>
   <div class='ocr_carea' id='block_1_23' title="bbox 1921 716 3494 787">
    <p class='ocr_par' dir='ltr' id='par_1_23' title="bbox 1921 716 3494 787">
     <span class='ocr_line' id='line_1_23' title="bbox 1921 716 3494 787; baseline 0.002 -19"><span class='ocrx_word' id='word_1_149' title='bbox 1921 716 1990 769; x_wconf 89' lang='lat' dir='ltr'><strong>de</strong></span> <span class='ocrx_word' id='word_1_150' title='bbox 2025 716 2208 770; x_wconf 86' lang='lat' dir='ltr'><strong>cultus</strong></span> <span class='ocrx_word' id='word_1_151' title='bbox 2237 717 2354 786; x_wconf 87' lang='lat' dir='ltr'><strong>ejus</strong></span> <span class='ocrx_word' id='word_1_152' title='bbox 2378 718 2591 772; x_wconf 81' lang='lat' dir='ltr'><strong>ratione</strong></span> <span class='ocrx_word' id='word_1_153' title='bbox 2614 718 2796 772; x_wconf 80' lang='lat' dir='ltr'><strong>doceri</strong></span> <span class='ocrx_word' id='word_1_154' title='bbox 2832 718 3120 772; x_wconf 86' lang='lat' dir='ltr'><strong>ardentius</strong></span> <span class='ocrx_word' id='word_1_155' title='bbox 3139 720 3296 787; x_wconf 85' lang='lat' dir='ltr'><strong>petit.</strong></span> <span class='ocrx_word' id='word_1_156' title='bbox 3316 718 3494 785; x_wconf 85' lang='lat' dir='ltr'><strong>Atque</strong></span> 
     </span>
    </p>
   </div>
   <div class='ocr_carea' id='block_1_24' title="bbox 1922 805 3494 879">
    <p class='ocr_par' dir='ltr' id='par_1_24' title="bbox 1922 805 3494 879">
     <span class='ocr_line' id='line_1_24' title="bbox 1922 805 3494 879; baseline 0.002 -18"><span class='ocrx_word' id='word_1_157' title='bbox 1922 805 2035 872; x_wconf 92' lang='lat' dir='ltr'><strong>illa,</strong></span> <span class='ocrx_word' id='word_1_158' title='bbox 2059 823 2181 862; x_wconf 90' lang='lat' dir='ltr'><strong>cum</strong></span> <span class='ocrx_word' id='word_1_159' title='bbox 2205 824 2324 877; x_wconf 67' lang='lat' dir='ltr'><strong>quae</strong></span> <span class='ocrx_word' id='word_1_160' title='bbox 2342 824 2442 878; x_wconf 89' lang='lat' dir='ltr'><strong>par</strong></span> <span class='ocrx_word' id='word_1_161' title='bbox 2461 824 2710 879; x_wconf 88' lang='lat' dir='ltr'><strong>opusque</strong></span> <span class='ocrx_word' id='word_1_162' title='bbox 2734 811 2912 864; x_wconf 78' lang='lat' dir='ltr'><strong>fuerat</strong></span> <span class='ocrx_word' id='word_1_163' title='bbox 2936 810 3494 877; x_wconf 31' lang='lat' dir='ltr'><strong>dixisset,,coniestim</strong></span> 
     </span>
    </p>
   </div>
   <div class='ocr_carea' id='block_1_25' title="bbox 1923 899 3494 973">
    <p class='ocr_par' dir='ltr' id='par_1_25' title="bbox 1923 899 3494 973">
     <span class='ocr_line' id='line_1_25' title="bbox 1923 899 3494 973; baseline 0 -20"><span class='ocrx_word' id='word_1_164' title='bbox 1923 899 2040 967; x_wconf 89' lang='lat' dir='ltr'><strong>ipse</strong></span> <span class='ocrx_word' id='word_1_165' title='bbox 2070 915 2202 954; x_wconf 90' lang='lat' dir='ltr'><strong>suos</strong></span> <span class='ocrx_word' id='word_1_166' title='bbox 2225 910 2492 956; x_wconf 73' lang='lat' dir='ltr'><strong>convocat</strong></span> <span class='ocrx_word' id='word_1_167' title='bbox 2521 919 2535 955; x_wconf 90' lang='lat'><strong>:</strong></span> <span class='ocrx_word' id='word_1_168' title='bbox 2570 910 2626 956; x_wconf 88' lang='lat' dir='ltr'><strong>et</strong></span> <span class='ocrx_word' id='word_1_169' title='bbox 2657 903 2968 957; x_wconf 89' lang='lat' dir='ltr'><strong>orationem</strong></span> <span class='ocrx_word' id='word_1_170' title='bbox 3003 918 3101 973; x_wconf 85' lang='lat' dir='ltr'><strong>pro</strong></span> <span class='ocrx_word' id='word_1_171' title='bbox 3129 904 3396 958; x_wconf 88' lang='lat' dir='ltr'><strong>concione</strong></span> <span class='ocrx_word' id='word_1_172' title='bbox 3429 901 3494 954; x_wconf 84' lang='lat' dir='ltr'><strong>ad</strong></span> 
     </span>
    </p>
   </div>
   <div class='ocr_carea' id='block_1_26' title="bbox 1921 992 3497 1064">
    <p class='ocr_par' dir='ltr' id='par_1_26' title="bbox 1921 992 3497 1064">
     <span class='ocr_line' id='line_1_26' title="bbox 1921 992 3497 1064; baseline 0.001 -21"><span class='ocrx_word' id='word_1_173' title='bbox 1921 1007 2019 1045; x_wconf 87' lang='lat' dir='ltr'><strong>eos</strong></span> <span class='ocrx_word' id='word_1_174' title='bbox 2068 992 2299 1056; x_wconf 83' lang='lat' dir='ltr'><strong>habens,</strong></span> <span class='ocrx_word' id='word_1_175' title='bbox 2341 993 2607 1048; x_wconf 82' lang='lat' dir='ltr'><strong>beneﬁcia</strong></span> <span class='ocrx_word' id='word_1_176' title='bbox 2655 1009 2777 1063; x_wconf 61' lang='lat' dir='ltr'><strong>quae</strong></span> <span class='ocrx_word' id='word_1_177' title='bbox 2803 996 3019 1064; x_wconf 87' lang='lat' dir='ltr'><strong>captiva</strong></span> <span class='ocrx_word' id='word_1_178' title='bbox 3065 994 3157 1049; x_wconf 90' lang='lat' dir='ltr'><strong>illa</strong></span> <span class='ocrx_word' id='word_1_179' title='bbox 3193 996 3245 1047; x_wconf 91' lang='lat' dir='ltr'><strong>in</strong></span> <span class='ocrx_word' id='word_1_180' title='bbox 3270 996 3497 1047; x_wconf 82' lang='lat' dir='ltr'><strong>domum</strong></span> 
     </span>
    </p>
   </div>
   <div class='ocr_carea' id='block_1_27' title="bbox 1924 1084 3497 1156">
    <p class='ocr_par' dir='ltr' id='par_1_27' title="bbox 1924 1084 3497 1156">
     <span class='ocr_line' id='line_1_27' title="bbox 1924 1084 3497 1156; baseline 0.002 -21"><span class='ocrx_word' id='word_1_181' title='bbox 1924 1084 2041 1151; x_wconf 89' lang='lat' dir='ltr'><strong>ejus</strong></span> <span class='ocrx_word' id='word_1_182' title='bbox 2070 1084 2412 1148; x_wconf 85' lang='lat' dir='ltr'><strong>contulisset,</strong></span> <span class='ocrx_word' id='word_1_183' title='bbox 2437 1088 2868 1155; x_wconf 72' lang='lat' dir='ltr'><strong>commemorat:</strong></span> <span class='ocrx_word' id='word_1_184' title='bbox 2889 1094 2947 1140; x_wconf 90' lang='lat' dir='ltr'><strong>et</strong></span> <span class='ocrx_word' id='word_1_185' title='bbox 2971 1085 3222 1156; x_wconf 79' lang='lat' dir='ltr'><strong>quamvis</strong></span> <span class='ocrx_word' id='word_1_186' title='bbox 3252 1086 3497 1139; x_wconf 87' lang='lat' dir='ltr'><strong>nondum</strong></span> 
     </span>
    </p>
   </div>
   <div class='ocr_carea' id='block_1_28' title="bbox 1922 1173 3500 1247">
    <p class='ocr_par' dir='ltr' id='par_1_28' title="bbox 1922 1173 3500 1247">
     <span class='ocr_line' id='line_1_28' title="bbox 1922 1173 3500 1247; baseline -0.001 -20"><span class='ocrx_word' id='word_1_187' title='bbox 1922 1173 2177 1244; x_wconf 78' lang='lat' dir='ltr'><strong>dogmate</strong></span> <span class='ocrx_word' id='word_1_188' title='bbox 2228 1186 2417 1230; x_wconf 89' lang='lat' dir='ltr'><strong>nostro</strong></span> <span class='ocrx_word' id='word_1_189' title='bbox 2473 1176 2741 1240; x_wconf 88' lang='lat' dir='ltr'><strong>initiatus,</strong></span> <span class='ocrx_word' id='word_1_190' title='bbox 2773 1178 2990 1247; x_wconf 83' lang='lat' dir='ltr'><strong>populis</strong></span> <span class='ocrx_word' id='word_1_191' title='bbox 3020 1187 3204 1232; x_wconf 88' lang='lat' dir='ltr'><strong>tamen</strong></span> <span class='ocrx_word' id='word_1_192' title='bbox 3234 1179 3351 1232; x_wconf 86' lang='lat' dir='ltr'><strong>suis</strong></span> <span class='ocrx_word' id='word_1_193' title='bbox 3408 1194 3500 1230; x_wconf 78' lang='lat' dir='ltr'><strong>vu-</strong></span> 
     </span>
    </p>
   </div>
   <div class='ocr_carea' id='block_1_29' title="bbox 1922 1266 3498 1337">
    <p class='ocr_par' dir='ltr' id='par_1_29' title="bbox 1922 1266 3498 1337">
     <span class='ocr_line' id='line_1_29' title="bbox 1922 1266 3498 1337; baseline 0.003 -20"><span class='ocrx_word' id='word_1_194' title='bbox 1922 1266 2188 1319; x_wconf 86' lang='lat' dir='ltr'><strong>luntatem</strong></span> <span class='ocrx_word' id='word_1_195' title='bbox 2219 1280 2371 1320; x_wconf 89' lang='lat' dir='ltr'><strong>suam</strong></span> <span class='ocrx_word' id='word_1_196' title='bbox 2412 1268 2659 1337; x_wconf 82' lang='lat' dir='ltr'><strong>exponit.</strong></span> <span class='ocrx_word' id='word_1_197' title='bbox 2694 1269 2762 1322; x_wconf 86' lang='lat' dir='ltr'><strong>Et</strong></span> <span class='ocrx_word' id='word_1_198' title='bbox 2786 1268 2863 1322; x_wconf 89' lang='lat' dir='ltr'><strong>illi</strong></span> <span class='ocrx_word' id='word_1_199' title='bbox 2896 1269 3142 1323; x_wconf 86' lang='lat' dir='ltr'><strong>universi</strong></span> <span class='ocrx_word' id='word_1_200' title='bbox 3174 1270 3337 1323; x_wconf 86' lang='lat' dir='ltr'><strong>simul</strong></span> <span class='ocrx_word' id='word_1_201' title='bbox 3378 1269 3498 1323; x_wconf 87' lang='lat' dir='ltr'><strong>cul-</strong></span> 
     </span>
    </p>
   </div>
   <div class='ocr_carea' id='block_1_30' title="bbox 1924 1358 3494 1430">
    <p class='ocr_par' dir='ltr' id='par_1_30' title="bbox 1924 1358 3494 1430">
     <span class='ocr_line' id='line_1_30' title="bbox 1924 1358 3494 1430; baseline 0.004 -22"><span class='ocrx_word' id='word_1_202' title='bbox 1924 1364 2036 1411; x_wconf 90' lang='lat' dir='ltr'><strong>tum</strong></span> <span class='ocrx_word' id='word_1_203' title='bbox 2062 1358 2266 1414; x_wconf 88' lang='lat' dir='ltr'><strong>Christi</strong></span> <span class='ocrx_word' id='word_1_204' title='bbox 2302 1359 2591 1414; x_wconf 88' lang='lat' dir='ltr'><strong>ambitiosa</strong></span> <span class='ocrx_word' id='word_1_205' title='bbox 2623 1360 2905 1415; x_wconf 87' lang='lat' dir='ltr'><strong>alacritate</strong></span> <span class='ocrx_word' id='word_1_206' title='bbox 2928 1361 3370 1430; x_wconf 86' lang='lat' dir='ltr'><strong>complectuntur</strong></span> <span class='ocrx_word' id='word_1_207' title='bbox 3396 1365 3494 1428; x_wconf 75' lang='grc' dir='ltr'>(ι).</span> 
     </span>
    </p>
   </div>
   <div class='ocr_carea' id='block_1_31' title="bbox 1921 1450 3497 1524">
    <p class='ocr_par' dir='ltr' id='par_1_31' title="bbox 1921 1450 3497 1524">
     <span class='ocr_line' id='line_1_31' title="bbox 1921 1450 3497 1524; baseline 0.003 -21"><span class='ocrx_word' id='word_1_208' title='bbox 1921 1450 1999 1504; x_wconf 84' lang='lat' dir='ltr'><strong>Ac</strong></span> <span class='ocrx_word' id='word_1_209' title='bbox 2038 1450 2216 1519; x_wconf 91' lang='lat' dir='ltr'><strong>primo</strong></span> <span class='ocrx_word' id='word_1_210' title='bbox 2262 1467 2481 1522; x_wconf 88' lang='lat' dir='ltr'><strong>quoque</strong></span> <span class='ocrx_word' id='word_1_211' title='bbox 2517 1462 2763 1523; x_wconf 89' lang='lat' dir='ltr'><strong>tempore</strong></span> <span class='ocrx_word' id='word_1_212' title='bbox 2794 1454 3167 1524; x_wconf 86' lang='lat' dir='ltr'><strong>descriptione</strong></span> <span class='ocrx_word' id='word_1_213' title='bbox 3199 1471 3229 1508; x_wconf 91' lang='lat' dir='ltr'><strong>a</strong></span> <span class='ocrx_word' id='word_1_214' title='bbox 3265 1455 3497 1509; x_wconf 82' lang='lat' dir='ltr'><strong>muliere</strong></span> 
     </span>
    </p>
   </div>
   <div class='ocr_carea' id='block_1_32' title="bbox 1922 1543 3499 1615">
    <p class='ocr_par' dir='ltr' id='par_1_32' title="bbox 1922 1543 3499 1615">
     <span class='ocr_line' id='line_1_32' title="bbox 1922 1543 3499 1615; baseline 0.001 -18"><span class='ocrx_word' id='word_1_215' title='bbox 1922 1543 2081 1606; x_wconf 80' lang='lat' dir='ltr'><strong>facta,</strong></span> <span class='ocrx_word' id='word_1_216' title='bbox 2101 1543 2389 1608; x_wconf 71' lang='lat' dir='ltr'><strong>ecclesiam</strong></span> <span class='ocrx_word' id='word_1_217' title='bbox 2415 1558 2547 1599; x_wconf 88' lang='lat' dir='ltr'><strong>sane</strong></span> <span class='ocrx_word' id='word_1_218' title='bbox 2574 1559 2737 1612; x_wconf 90' lang='lat' dir='ltr'><strong>quam</strong></span> <span class='ocrx_word' id='word_1_219' title='bbox 2765 1545 3038 1600; x_wconf 82' lang='lat' dir='ltr'><strong>celebrem</strong></span> <span class='ocrx_word' id='word_1_220' title='bbox 3062 1546 3297 1615; x_wconf 67' lang='lat' dir='ltr'><strong>erigunt.</strong></span> <span class='ocrx_word' id='word_1_221' title='bbox 3319 1547 3499 1615; x_wconf 81' lang='lat' dir='ltr'><strong>Atque</strong></span> 
     </span>
    </p>
   </div>
   <div class='ocr_carea' id='block_1_33' title="bbox 1921 1633 3497 1705">
    <p class='ocr_par' dir='ltr' id='par_1_33' title="bbox 1921 1633 3497 1705">
     <span class='ocr_line' id='line_1_33' title="bbox 1921 1633 3497 1705; baseline 0.001 -18"><span class='ocrx_word' id='word_1_222' title='bbox 1921 1633 2039 1704; x_wconf 89' lang='lat' dir='ltr'><strong>ipse</strong></span> <span class='ocrx_word' id='word_1_223' title='bbox 2078 1633 2300 1704; x_wconf 86' lang='lat' dir='ltr'><strong>quidem</strong></span> <span class='ocrx_word' id='word_1_224' title='bbox 2347 1634 2515 1700; x_wconf 90' lang='lat' dir='ltr'><strong>viros,</strong></span> <span class='ocrx_word' id='word_1_225' title='bbox 2567 1637 2771 1705; x_wconf 86' lang='lat' dir='ltr'><strong>conjux</strong></span> <span class='ocrx_word' id='word_1_226' title='bbox 2807 1652 2942 1692; x_wconf 88' lang='lat' dir='ltr'><strong>vero</strong></span> <span class='ocrx_word' id='word_1_227' title='bbox 2972 1652 3080 1690; x_wconf 90' lang='lat' dir='ltr'><strong>una</strong></span> <span class='ocrx_word' id='word_1_228' title='bbox 3124 1651 3249 1691; x_wconf 85' lang='lat' dir='ltr'><strong>cum</strong></span> <span class='ocrx_word' id='word_1_229' title='bbox 3283 1641 3497 1705; x_wconf 87' lang='lat' dir='ltr'><strong>captiva</strong></span> 
     </span>
    </p>
   </div>
   <div class='ocr_carea' id='block_1_34' title="bbox 235 1721 1816 1807">
    <p class='ocr_par' dir='ltr' id='par_1_34' title="bbox 235 1730 1812 1807">
     <span class='ocr_line' id='line_1_34' title="bbox 235 1730 1812 1807; baseline 0.008 -27"><span class='ocrx_word' id='word_1_230' title='bbox 235 1730 556 1794; x_wconf 82' lang='grc' dir='ltr'>σπουδαίως</span> <span class='ocrx_word' id='word_1_231' title='bbox 588 1731 680 1783; x_wconf 69' lang='grc' dir='ltr'><strong>ἐπὶ</strong></span> <span class='ocrx_word' id='word_1_232' title='bbox 705 1732 806 1803; x_wconf 75' lang='grc' dir='ltr'>τὴν</span> <span class='ocrx_word' id='word_1_233' title='bbox 830 1733 1132 1803; x_wconf 78' lang='grc' dir='ltr'>θρησκείαν</span> <span class='ocrx_word' id='word_1_234' title='bbox 1162 1734 1375 1804; x_wconf 74' lang='grc' dir='ltr'>ἐνῆγον.</span> <span class='ocrx_word' id='word_1_235' title='bbox 1404 1735 1727 1807; x_wconf 81' lang='grc' dir='ltr'>Περικύκλῳ</span> <span class='ocrx_word' id='word_1_236' title='bbox 1755 1738 1812 1792; x_wconf 70' lang='grc' dir='ltr'>δὲ</span> 
     </span>
    </p>
   </div>
   <div class='ocr_carea' id='block_1_35' title="bbox 1918 1721 3497 1807">
    <p class='ocr_par' dir='ltr' id='par_1_35' title="bbox 1921 1727 3497 1799">
     <span class='ocr_line' id='line_1_35' title="bbox 1921 1727 3497 1799; baseline 0.001 -18"><span class='ocrx_word' id='word_1_237' title='bbox 1921 1729 2180 1783; x_wconf 87' lang='lat' dir='ltr'><strong>mulieres</strong></span> <span class='ocrx_word' id='word_1_238' title='bbox 2206 1742 2405 1799; x_wconf 74' lang='lat' dir='ltr'><strong>magno</strong></span> <span class='ocrx_word' id='word_1_239' title='bbox 2453 1727 2639 1782; x_wconf 88' lang='lat' dir='ltr'><strong>studio</strong></span> <span class='ocrx_word' id='word_1_240' title='bbox 2668 1729 2733 1791; x_wconf 85' lang='lat' dir='ltr'><strong>ad</strong></span> <span class='ocrx_word' id='word_1_241' title='bbox 2769 1728 3091 1799; x_wconf 74' lang='lat' dir='ltr'><strong>religionem</strong></span> <span class='ocrx_word' id='word_1_242' title='bbox 3122 1729 3497 1786; x_wconf 76' lang='lat' dir='ltr'><strong>adducebant.</strong></span> 
     </span>
    </p>
   </div>
   <div class='ocr_carea' id='block_1_36' title="bbox 236 1824 1817 1901">
    <p class='ocr_par' dir='ltr' id='par_1_36' title="bbox 236 1824 1817 1901">
     <span class='ocr_line' id='line_1_36' title="bbox 236 1824 1817 1901; baseline 0.007 -27"><span class='ocrx_word' id='word_1_243' title='bbox 236 1824 332 1875; x_wconf 75' lang='grc' dir='ltr'>καὶ</span> <span class='ocrx_word' id='word_1_244' title='bbox 354 1824 652 1892; x_wconf 85' lang='grc' dir='ltr'>περίϐολον</span> <span class='ocrx_word' id='word_1_245' title='bbox 672 1826 889 1879; x_wconf 73' lang='grc' dir='ltr'>ἔϐαλον.</span> <span class='ocrx_word' id='word_1_246' title='bbox 922 1826 1077 1880; x_wconf 71' lang='grc' dir='ltr'>Ἐπεὶ</span> <span class='ocrx_word' id='word_1_247' title='bbox 1095 1829 1151 1882; x_wconf 83' lang='grc' dir='ltr'>δὲ</span> <span class='ocrx_word' id='word_1_248' title='bbox 1180 1829 1421 1889; x_wconf 75' lang='grc' dir='ltr'>καὶτοὺς</span> <span class='ocrx_word' id='word_1_249' title='bbox 1450 1831 1639 1892; x_wconf 79' lang='grc' dir='ltr'>κίονας</span> <span class='ocrx_word' id='word_1_250' title='bbox 1668 1848 1817 1901; x_wconf 74' lang='grc' dir='ltr'>σχοιο</span> 
     </span>
    </p>
   </div>
   <div class='ocr_carea' id='block_1_37' title="bbox 236 1913 1818 1989">
    <p class='ocr_par' dir='ltr' id='par_1_37' title="bbox 236 1913 1818 1989">
     <span class='ocr_line' id='line_1_37' title="bbox 236 1913 1818 1989; baseline 0.006 -25"><span class='ocrx_word' id='word_1_251' title='bbox 236 1913 378 1977; x_wconf 81' lang='grc' dir='ltr'>νίοις</span> <span class='ocrx_word' id='word_1_252' title='bbox 397 1915 463 1983; x_wconf 79' lang='grc' dir='ltr'>δή</span> <span class='ocrx_word' id='word_1_253' title='bbox 483 1931 629 1967; x_wconf 86' lang='grc' dir='ltr'>τισιν</span> <span class='ocrx_word' id='word_1_254' title='bbox 654 1916 959 1985; x_wconf 78' lang='grc' dir='ltr'>ἀνιμῶντες</span> <span class='ocrx_word' id='word_1_255' title='bbox 987 1920 1106 1980; x_wconf 86' lang='grc' dir='ltr'>ταῖς</span> <span class='ocrx_word' id='word_1_256' title='bbox 1132 1918 1360 1987; x_wconf 82' lang='grc' dir='ltr'>βάσεσιν</span> <span class='ocrx_word' id='word_1_257' title='bbox 1383 1919 1639 1989; x_wconf 72' lang='grc' dir='ltr'>ἧδραζον,</span> <span class='ocrx_word' id='word_1_258' title='bbox 1665 1922 1693 1974; x_wconf 82' lang='grc' dir='ltr'><strong>ὁ</strong></span> <span class='ocrx_word' id='word_1_259' title='bbox 1716 1921 1818 1989; x_wconf 75' lang='grc' dir='ltr'>μὲν</span> 
     </span>
    </p>
   </div>
   <div class='ocr_carea' id='block_1_38' title="bbox 236 1996 1819 2083">
    <p class='ocr_par' dir='ltr' id='par_1_38' title="bbox 236 1996 1819 2083">
     <span class='ocr_line' id='line_1_38' title="bbox 236 1996 1819 2083; baseline 0.004 -23"><span class='ocrx_word' id='word_1_260' title='bbox 236 2009 459 2079; x_wconf 85' lang='grc' dir='ltr'>πρῶτος</span> <span class='ocrx_word' id='word_1_261' title='bbox 494 2011 590 2063; x_wconf 78' lang='grc' dir='ltr'>καὶ</span> <span class='ocrx_word' id='word_1_262' title='bbox 615 2009 866 2079; x_wconf 84' lang='grc' dir='ltr'>δεύτερος</span> <span class='ocrx_word' id='word_1_263' title='bbox 889 1996 1023 2064; x_wconf 83' lang='grc' dir='ltr'>κίων</span> <span class='ocrx_word' id='word_1_264' title='bbox 1048 2012 1294 2073; x_wconf 79' lang='grc' dir='ltr'>εὐπετῶς</span> <span class='ocrx_word' id='word_1_265' title='bbox 1321 2013 1465 2067; x_wconf 82' lang='grc' dir='ltr'>κατὰ</span> <span class='ocrx_word' id='word_1_266' title='bbox 1484 2013 1668 2083; x_wconf 87' lang='grc' dir='ltr'>χώραν</span> <span class='ocrx_word' id='word_1_267' title='bbox 1697 2010 1819 2080; x_wconf 65' lang='lat' dir='ltr'><strong>eye-</strong></span> 
     </span>
    </p>
   </div>
   <div class='ocr_carea' id='block_1_39' title="bbox 235 2097 1818 2173">
    <p class='ocr_par' dir='ltr' id='par_1_39' title="bbox 235 2097 1818 2173">
     <span class='ocr_line' id='line_1_39' title="bbox 235 2097 1818 2173; baseline 0.003 -22"><span class='ocrx_word' id='word_1_268' title='bbox 235 2114 388 2151; x_wconf 79' lang='grc' dir='ltr'>νετο·</span> <span class='ocrx_word' id='word_1_269' title='bbox 423 2098 504 2168; x_wconf 81' lang='grc' dir='ltr'><strong>τῷ</strong></span> <span class='ocrx_word' id='word_1_270' title='bbox 537 2098 592 2150; x_wconf 79' lang='grc' dir='ltr'>δὲ</span> <span class='ocrx_word' id='word_1_271' title='bbox 624 2099 795 2168; x_wconf 85' lang='grc' dir='ltr'>τρίτῳ</span> <span class='ocrx_word' id='word_1_272' title='bbox 823 2100 1093 2170; x_wconf 67' lang='grc' dir='ltr'>δυσχερὴς</span> <span class='ocrx_word' id='word_1_273' title='bbox 1120 2097 1188 2169; x_wconf 75' lang='grc' dir='ltr'>ἦν</span> <span class='ocrx_word' id='word_1_274' title='bbox 1221 2104 1317 2156; x_wconf 68' lang='grc' dir='ltr'><strong>καὶ¹</strong></span> <span class='ocrx_word' id='word_1_275' title='bbox 1354 2103 1598 2173; x_wconf 81' lang='grc' dir='ltr'><strong>ἐργώδης</strong></span> <span class='ocrx_word' id='word_1_276' title='bbox 1627 2105 1660 2173; x_wconf 80' lang='grc' dir='ltr'><strong>ἠ</strong></span> <span class='ocrx_word' id='word_1_277' title='bbox 1690 2105 1818 2155; x_wconf 83' lang='grc' dir='ltr'>στά-</span> 
     </span>
    </p>
   </div>
   <div class='ocr_carea' id='block_1_40' title="bbox 238 2191 1817 2265">
    <p class='ocr_par' dir='ltr' id='par_1_40' title="bbox 238 2191 1817 2265">
     <span class='ocr_line' id='line_1_40' title="bbox 238 2191 1817 2265; baseline 0.003 -22"><span class='ocrx_word' id='word_1_278' title='bbox 238 2210 339 2255; x_wconf 88' lang='grc' dir='ltr'>σις,</span> <span class='ocrx_word' id='word_1_279' title='bbox 370 2191 516 2244; x_wconf 72' lang='grc' dir='ltr'>Οὔτε</span> <span class='ocrx_word' id='word_1_280' title='bbox 552 2193 664 2260; x_wconf 66' lang='grc' dir='ltr'>γὰρ</span> <span class='ocrx_word' id='word_1_281' title='bbox 699 2194 931 2261; x_wconf 67' lang='grc' dir='ltr'>ἐπήρκει</span> <span class='ocrx_word' id='word_1_282' title='bbox 968 2195 1133 2263; x_wconf 80' lang='grc' dir='ltr'>τέχνη</span> <span class='ocrx_word' id='word_1_283' title='bbox 1163 2196 1242 2265; x_wconf 81' lang='grc' dir='ltr'>τῷ</span> <span class='ocrx_word' id='word_1_284' title='bbox 1276 2196 1653 2264; x_wconf 78' lang='grc' dir='ltr'>μηχανήματι,</span> <span class='ocrx_word' id='word_1_285' title='bbox 1692 2194 1817 2248; x_wconf 77' lang='grc' dir='ltr'>οὔτε</span> 
     </span>
    </p>
   </div>
   <div class='ocr_carea' id='block_1_41' title="bbox 238 2284 1817 2358">
    <p class='ocr_par' dir='ltr' id='par_1_41' title="bbox 238 2284 1817 2358">
     <span class='ocr_line' id='line_1_41' title="bbox 238 2284 1817 2358; baseline 0.003 -21"><span class='ocrx_word' id='word_1_286' title='bbox 238 2287 344 2356; x_wconf 69' lang='grc' dir='ltr'><strong>μὴν</strong></span> <span class='ocrx_word' id='word_1_287' title='bbox 376 2289 445 2357; x_wconf 77' lang='grc' dir='ltr'><strong>τῇ</strong></span> <span class='ocrx_word' id='word_1_288' title='bbox 479 2285 573 2356; x_wconf 81' lang='grc' dir='ltr'>βίᾳ</span> <span class='ocrx_word' id='word_1_289' title='bbox 611 2284 723 2339; x_wconf 86' lang='grc' dir='ltr'><strong>τῶν</strong></span> <span class='ocrx_word' id='word_1_290' title='bbox 777 2286 1046 2340; x_wconf 80' lang='grc' dir='ltr'>ἑλκόντων</span> <span class='ocrx_word' id='word_1_291' title='bbox 1082 2286 1318 2354; x_wconf 78' lang='grc' dir='ltr'>ὑπήκοος</span> <span class='ocrx_word' id='word_1_292' title='bbox 1359 2284 1451 2358; x_wconf 78' lang='grc' dir='ltr'>ἦν,</span> <span class='ocrx_word' id='word_1_293' title='bbox 1499 2289 1597 2341; x_wconf 77' lang='grc' dir='ltr'>καὶ</span> <span class='ocrx_word' id='word_1_294' title='bbox 1641 2288 1817 2341; x_wconf 81' lang='grc' dir='ltr'>ταῦτα</span> 
     </span>
    </p>
   </div>
   <div class='ocr_carea' id='block_1_42' title="bbox 238 2377 1818 2451">
    <p class='ocr_par' dir='ltr' id='par_1_42' title="bbox 238 2377 1818 2451">
     <span class='ocr_line' id='line_1_42' title="bbox 238 2377 1818 2451; baseline 0.003 -22"><span class='ocrx_word' id='word_1_295' title='bbox 238 2378 448 2430; x_wconf 68' lang='grc' dir='ltr'>πολλῶν</span> <span class='ocrx_word' id='word_1_296' title='bbox 487 2377 881 2447; x_wconf 70' lang='grc' dir='ltr'>ἐφελκομένων</span> <span class='ocrx_word' id='word_1_297' title='bbox 908 2381 1018 2442; x_wconf 85' lang='grc' dir='ltr'>τοῖς</span> <span class='ocrx_word' id='word_1_298' title='bbox 1050 2380 1463 2451; x_wconf 81' lang='grc' dir='ltr'>μηχανήμασιν.</span> <span class='ocrx_word' id='word_1_299' title='bbox 1505 2381 1590 2443; x_wconf 82' lang='grc' dir='ltr'>Ὧς</span> <span class='ocrx_word' id='word_1_300' title='bbox 1617 2379 1662 2433; x_wconf 73' lang='grc' dir='ltr'>δ’</span> <span class='ocrx_word' id='word_1_301' title='bbox 1689 2382 1818 2433; x_wconf 79' lang='grc' dir='ltr'>ἐπε-</span> 
     </span>
    </p>
   </div>
   <div class='ocr_carea' id='block_1_43' title="bbox 233 2472 1813 2547">
    <p class='ocr_par' dir='ltr' id='par_1_43' title="bbox 233 2472 1813 2547">
     <span class='ocr_line' id='line_1_43' title="bbox 233 2472 1813 2547; baseline 0.003 -23"><span class='ocrx_word' id='word_1_302' title='bbox 233 2474 428 2541; x_wconf 74' lang='grc' dir='ltr'>γένετο</span> <span class='ocrx_word' id='word_1_303' title='bbox 483 2472 607 2539; x_wconf 81' lang='grc' dir='ltr'>νὺξ,</span> <span class='ocrx_word' id='word_1_304' title='bbox 656 2474 708 2525; x_wconf 85' lang='grc' dir='ltr'><strong>οί</strong></span> <span class='ocrx_word' id='word_1_305' title='bbox 749 2472 848 2541; x_wconf 76' lang='grc' dir='ltr'>μὲν</span> <span class='ocrx_word' id='word_1_306' title='bbox 903 2473 1051 2527; x_wconf 73' lang='grc' dir='ltr'>ἄλλοι</span> <span class='ocrx_word' id='word_1_307' title='bbox 1101 2475 1304 2537; x_wconf 83' lang='grc' dir='ltr'>πάντες</span> <span class='ocrx_word' id='word_1_308' title='bbox 1361 2475 1546 2529; x_wconf 74' lang='grc' dir='ltr'>οἶκαδε</span> <span class='ocrx_word' id='word_1_309' title='bbox 1602 2476 1813 2547; x_wconf 69' lang='grc' dir='ltr'>ᾗεσανο</span> 
     </span>
    </p>
   </div>
   <div class='ocr_carea' id='block_1_44' title="bbox 237 2565 1817 2639">
    <p class='ocr_par' dir='ltr' id='par_1_44' title="bbox 237 2565 1817 2639">
     <span class='ocr_line' id='line_1_44' title="bbox 237 2565 1817 2639; baseline -0.001 -18"><span class='ocrx_word' id='word_1_310' title='bbox 237 2573 375 2637; x_wconf 78' lang='grc' dir='ltr'>μόνη</span> <span class='ocrx_word' id='word_1_311' title='bbox 409 2567 469 2621; x_wconf 82' lang='grc' dir='ltr'>δὲ</span> <span class='ocrx_word' id='word_1_312' title='bbox 501 2569 535 2637; x_wconf 79' lang='grc' dir='ltr'><strong>ἡ</strong></span> <span class='ocrx_word' id='word_1_313' title='bbox 565 2567 915 2637; x_wconf 83' lang='grc' dir='ltr'>αίχμάλωτος</span> <span class='ocrx_word' id='word_1_314' title='bbox 946 2565 1025 2635; x_wconf 80' lang='grc' dir='ltr'><strong>τῷ</strong></span> <span class='ocrx_word' id='word_1_315' title='bbox 1051 2565 1218 2637; x_wconf 76' lang='grc' dir='ltr'>χώρῳ</span> <span class='ocrx_word' id='word_1_316' title='bbox 1267 2568 1599 2636; x_wconf 83' lang='grc' dir='ltr'>παρέμενεν,</span> <span class='ocrx_word' id='word_1_317' title='bbox 1630 2569 1817 2639; x_wconf 77' lang='grc' dir='ltr'>εὐχαῖς</span> 
     </span>
    </p>
   </div>
   <div class='ocr_carea' id='block_1_45' title="bbox 233 2658 1816 2733">
    <p class='ocr_par' dir='ltr' id='par_1_45' title="bbox 233 2658 1816 2733">
     <span class='ocr_line' id='line_1_45' title="bbox 233 2658 1816 2733; baseline 0.001 -20"><span class='ocrx_word' id='word_1_318' title='bbox 233 2660 533 2730; x_wconf 79' lang='grc' dir='ltr'>ἱλεουμένη</span> <span class='ocrx_word' id='word_1_319' title='bbox 587 2659 649 2711; x_wconf 83' lang='grc' dir='ltr'><strong>τὺ</strong></span> <span class='ocrx_word' id='word_1_320' title='bbox 699 2658 869 2724; x_wconf 88' lang='grc' dir='ltr'>θεῖον,</span> <span class='ocrx_word' id='word_1_321' title='bbox 934 2658 1011 2721; x_wconf 85' lang='grc' dir='ltr'>ὡς</span> <span class='ocrx_word' id='word_1_322' title='bbox 1048 2659 1114 2713; x_wconf 81' lang='grc' dir='ltr'>ἂν</span> <span class='ocrx_word' id='word_1_323' title='bbox 1148 2660 1381 2730; x_wconf 84' lang='grc' dir='ltr'>εὐχερὴς</span> <span class='ocrx_word' id='word_1_324' title='bbox 1429 2662 1461 2729; x_wconf 87' lang='grc' dir='ltr'>ἡ</span> <span class='ocrx_word' id='word_1_325' title='bbox 1519 2662 1707 2725; x_wconf 82' lang='grc' dir='ltr'>στάσις</span> <span class='ocrx_word' id='word_1_326' title='bbox 1737 2663 1816 2733; x_wconf 82' lang='grc' dir='ltr'>τῷ</span> 
     </span>
    </p>
   </div>
   <div class='ocr_carea' id='block_1_46' title="bbox 232 2751 1818 2825">
    <p class='ocr_par' dir='ltr' id='par_1_46' title="bbox 232 2751 1818 2825">
     <span class='ocr_line' id='line_1_46' title="bbox 232 2751 1818 2825; baseline 0.003 -20"><span class='ocrx_word' id='word_1_327' title='bbox 232 2753 374 2805; x_wconf 79' lang='grc' dir='ltr'>κίονι</span> <span class='ocrx_word' id='word_1_328' title='bbox 396 2751 636 2820; x_wconf 85' lang='grc' dir='ltr'>γένοιτο.</span> <span class='ocrx_word' id='word_1_329' title='bbox 661 2751 825 2821; x_wconf 79' lang='grc' dir='ltr'>’Δχρι</span> <span class='ocrx_word' id='word_1_330' title='bbox 850 2752 961 2822; x_wconf 83' lang='grc' dir='ltr'>γὰρ</span> <span class='ocrx_word' id='word_1_331' title='bbox 983 2751 1080 2805; x_wconf 80' lang='grc' dir='ltr'><strong>τοῦ</strong></span> <span class='ocrx_word' id='word_1_332' title='bbox 1104 2754 1274 2825; x_wconf 82' lang='grc' dir='ltr'>μέσου</span> <span class='ocrx_word' id='word_1_333' title='bbox 1296 2752 1583 2823; x_wconf 68' lang='grc' dir='ltr'>ὀρθωθεὶς,</span> <span class='ocrx_word' id='word_1_334' title='bbox 1612 2755 1818 2825; x_wconf 74' lang='grc' dir='ltr'>ἐγκάρ-</span> 
     </span>
    </p>
   </div>
   <div class='ocr_carea' id='block_1_47' title="bbox 234 2830 1816 2920">
    <p class='ocr_par' dir='ltr' id='par_1_47' title="bbox 234 2830 1816 2920">
     <span class='ocr_line' id='line_1_47' title="bbox 234 2830 1816 2920; baseline -0.01 -9"><span class='ocrx_word' id='word_1_335' title='bbox 234 2864 352 2910; x_wconf 81' lang='grc' dir='ltr'>σιος</span> <span class='ocrx_word' id='word_1_336' title='bbox 381 2845 575 2917; x_wconf 68' lang='grc' dir='ltr'>ἔμενε.</span> <span class='ocrx_word' id='word_1_337' title='bbox 612 2845 711 2916; x_wconf 74' lang='grc' dir='ltr'><strong>τῆς</strong></span> <span class='ocrx_word' id='word_1_338' title='bbox 757 2844 924 2914; x_wconf 72' lang='grc' dir='ltr'>ἄλλης</span> <span class='ocrx_word' id='word_1_339' title='bbox 961 2846 1137 2917; x_wconf 79' lang='grc' dir='ltr'>ἀρχῆς</span> <span class='ocrx_word' id='word_1_340' title='bbox 1181 2830 1672 2918; x_wconf 79' lang='grc' dir='ltr'>προσερεισθείσης</span> <span class='ocrx_word' id='word_1_341' title='bbox 1716 2848 1816 2920; x_wconf 82' lang='grc' dir='ltr'><strong>τῆς</strong></span> 
     </span>
    </p>
   </div>
   <div class='ocr_carea' id='block_1_48' title="bbox 231 2932 1818 3006">
    <p class='ocr_par' dir='ltr' id='par_1_48' title="bbox 231 2932 1818 3006">
     <span class='ocr_line' id='line_1_48' title="bbox 231 2932 1818 3006; baseline 0.001 -19"><span class='ocrx_word' id='word_1_342' title='bbox 231 2937 326 2987; x_wconf 81' lang='grc' dir='ltr'>καὶ</span> <span class='ocrx_word' id='word_1_343' title='bbox 356 2935 603 3003; x_wconf 77' lang='grc' dir='ltr'>πάμπαν</span> <span class='ocrx_word' id='word_1_344' title='bbox 636 2932 897 2999; x_wconf 80' lang='grc' dir='ltr'>ἀκινήτου</span> <span class='ocrx_word' id='word_1_345' title='bbox 942 2932 1237 3002; x_wconf 83' lang='grc' dir='ltr'>μενούσης.</span> <span class='ocrx_word' id='word_1_346' title='bbox 1266 2934 1438 2987; x_wconf 79' lang='grc' dir='ltr'>Τοῦτο</span> <span class='ocrx_word' id='word_1_347' title='bbox 1465 2934 1523 2987; x_wconf 71' lang='grc' dir='ltr'>δὲ</span> <span class='ocrx_word' id='word_1_348' title='bbox 1558 2935 1818 3006; x_wconf 79' lang='grc' dir='ltr'>προύχώ-</span> 
     </span>
    </p>
   </div>
   <div class='ocr_carea' id='block_1_49' title="bbox 1921 1821 3500 1890">
    <p class='ocr_par' dir='ltr' id='par_1_49' title="bbox 1921 1821 3500 1890">
     <span class='ocr_line' id='line_1_49' title="bbox 1921 1821 3500 1890; baseline 0.001 -15"><span class='ocrx_word' id='word_1_349' title='bbox 1921 1822 1988 1875; x_wconf 83' lang='grc' dir='ltr'><strong>Ει</strong></span> <span class='ocrx_word' id='word_1_350' title='bbox 2045 1821 2157 1890; x_wconf 86' lang='lat' dir='ltr'><strong>jam</strong></span> <span class='ocrx_word' id='word_1_351' title='bbox 2189 1821 2429 1890; x_wconf 82' lang='lat' dir='ltr'><strong>parietes</strong></span> <span class='ocrx_word' id='word_1_352' title='bbox 2469 1821 2827 1877; x_wconf 85' lang='lat' dir='ltr'><strong>circumcirca</strong></span> <span class='ocrx_word' id='word_1_353' title='bbox 2878 1832 3284 1878; x_wconf 78' lang='lat' dir='ltr'><strong>exstruxerant.</strong></span> <span class='ocrx_word' id='word_1_354' title='bbox 3341 1824 3500 1879; x_wconf 34' lang='lat' dir='ltr'><strong>Poste</strong></span> 
     </span>
    </p>
   </div>
   <div class='ocr_carea' id='block_1_50' title="bbox 1918 1915 3498 1987">
    <p class='ocr_par' dir='ltr' id='par_1_50' title="bbox 1918 1915 3498 1987">
     <span class='ocr_line' id='line_1_50' title="bbox 1918 1915 3498 1987; baseline 0.004 -22"><span class='ocrx_word' id='word_1_355' title='bbox 1918 1928 2080 1982; x_wconf 70' lang='lat' dir='ltr'><strong>«piam</strong></span> <span class='ocrx_word' id='word_1_356' title='bbox 2108 1923 2292 1968; x_wconf 91' lang='lat' dir='ltr'><strong>autem</strong></span> <span class='ocrx_word' id='word_1_357' title='bbox 2325 1915 2610 1970; x_wconf 87' lang='lat' dir='ltr'><strong>columnas</strong></span> <span class='ocrx_word' id='word_1_358' title='bbox 2654 1932 2874 1987; x_wconf 90' lang='lat' dir='ltr'><strong>quoque</strong></span> <span class='ocrx_word' id='word_1_359' title='bbox 2904 1916 3129 1971; x_wconf 79' lang='lat' dir='ltr'><strong>funibus</strong></span> <span class='ocrx_word' id='word_1_360' title='bbox 3161 1918 3498 1987; x_wconf 85' lang='lat' dir='ltr'><strong>quibusdam</strong></span> 
     </span>
    </p>
   </div>
   <div class='ocr_carea' id='block_1_51' title="bbox 1919 2006 3498 2081">
    <p class='ocr_par' dir='ltr' id='par_1_51' title="bbox 1919 2006 3498 2081">
     <span class='ocr_line' id='line_1_51' title="bbox 1919 2006 3498 2081; baseline 0.004 -22"><span class='ocrx_word' id='word_1_361' title='bbox 1919 2018 2138 2059; x_wconf 86' lang='lat' dir='ltr'><strong>sursum</strong></span> <span class='ocrx_word' id='word_1_362' title='bbox 2176 2006 2474 2073; x_wconf 86' lang='lat' dir='ltr'><strong>trahentes,</strong></span> <span class='ocrx_word' id='word_1_363' title='bbox 2503 2008 2642 2063; x_wconf 90' lang='lat' dir='ltr'><strong>locis</strong></span> <span class='ocrx_word' id='word_1_364' title='bbox 2669 2010 2785 2065; x_wconf 84' lang='lat' dir='ltr'><strong>suis</strong></span> <span class='ocrx_word' id='word_1_365' title='bbox 2831 2009 3193 2074; x_wconf 83' lang='lat' dir='ltr'><strong>collocabant,</strong></span> <span class='ocrx_word' id='word_1_366' title='bbox 3223 2026 3330 2065; x_wconf 85' lang='lat' dir='ltr'><strong>una</strong></span> <span class='ocrx_word' id='word_1_367' title='bbox 3369 2010 3498 2081; x_wconf 80' lang='lat' dir='ltr'><strong>qui-</strong></span> 
     </span>
    </p>
   </div>
   <div class='ocr_carea' id='block_1_52' title="bbox 1920 2094 3500 2159">
    <p class='ocr_par' dir='ltr' id='par_1_52' title="bbox 1920 2094 3500 2159">
     <span class='ocr_line' id='line_1_52' title="bbox 1920 2094 3500 2159; baseline 0.004 -8"><span class='ocrx_word' id='word_1_368' title='bbox 1920 2099 2042 2151; x_wconf 72' lang='lat' dir='ltr'><strong>dem</strong></span> <span class='ocrx_word' id='word_1_369' title='bbox 2100 2109 2158 2153; x_wconf 90' lang='lat' dir='ltr'><strong>et</strong></span> <span class='ocrx_word' id='word_1_370' title='bbox 2217 2099 2388 2153; x_wconf 87' lang='lat' dir='ltr'><strong>altera</strong></span> <span class='ocrx_word' id='word_1_371' title='bbox 2422 2101 2677 2156; x_wconf 88' lang='lat' dir='ltr'><strong>columna</strong></span> <span class='ocrx_word' id='word_1_372' title='bbox 2728 2094 2891 2157; x_wconf 82' lang='lat' dir='ltr'><strong>facile</strong></span> <span class='ocrx_word' id='word_1_373' title='bbox 2924 2103 3106 2159; x_wconf 86' lang='lat' dir='ltr'><strong>sedem</strong></span> <span class='ocrx_word' id='word_1_374' title='bbox 3136 2118 3288 2159; x_wconf 80' lang='lat' dir='ltr'><strong>suam</strong></span> <span class='ocrx_word' id='word_1_375' title='bbox 3351 2104 3500 2159; x_wconf 87' lang='lat' dir='ltr'><strong>obti-</strong></span> 
     </span>
    </p>
   </div>
   <div class='ocr_carea' id='block_1_53' title="bbox 1921 2189 3495 2250">
    <p class='ocr_par' dir='ltr' id='par_1_53' title="bbox 1921 2189 3495 2250">
     <span class='ocr_line' id='line_1_53' title="bbox 1921 2189 3495 2250; baseline 0.006 -9"><span class='ocrx_word' id='word_1_376' title='bbox 1921 2204 2113 2243; x_wconf 88' lang='lat' dir='ltr'><strong>nuere.</strong></span> <span class='ocrx_word' id='word_1_377' title='bbox 2138 2189 2199 2244; x_wconf 83' lang='lat' dir='ltr'><strong>in</strong></span> <span class='ocrx_word' id='word_1_378' title='bbox 2227 2192 2388 2247; x_wconf 87' lang='lat' dir='ltr'><strong>tertia</strong></span> <span class='ocrx_word' id='word_1_379' title='bbox 2412 2207 2545 2247; x_wconf 83' lang='lat' dir='ltr'><strong>vero</strong></span> <span class='ocrx_word' id='word_1_380' title='bbox 2561 2191 2802 2248; x_wconf 69' lang='lat' dir='ltr'><strong>difﬁcilis</strong></span> <span class='ocrx_word' id='word_1_381' title='bbox 2822 2194 3120 2249; x_wconf 86' lang='lat' dir='ltr'><strong>admodum</strong></span> <span class='ocrx_word' id='word_1_382' title='bbox 3144 2205 3199 2250; x_wconf 92' lang='lat' dir='ltr'><strong>et</strong></span> <span class='ocrx_word' id='word_1_383' title='bbox 3218 2195 3495 2250; x_wconf 87' lang='lat' dir='ltr'><strong>laboriosa</strong></span> 
     </span>
    </p>
   </div>
   <div class='ocr_carea' id='block_1_54' title="bbox 1917 2280 3499 2355">
    <p class='ocr_par' dir='ltr' id='par_1_54' title="bbox 1917 2280 3499 2355">
     <span class='ocr_line' id='line_1_54' title="bbox 1917 2280 3499 2355; baseline 0.003 -19"><span class='ocrx_word' id='word_1_384' title='bbox 1917 2280 2024 2337; x_wconf 77' lang='lat' dir='ltr'><strong>fuit</strong></span> <span class='ocrx_word' id='word_1_385' title='bbox 2053 2282 2377 2349; x_wconf 86' lang='lat' dir='ltr'><strong>collocatio;</strong></span> <span class='ocrx_word' id='word_1_386' title='bbox 2408 2300 2589 2355; x_wconf 89' lang='lat' dir='ltr'><strong>neque</strong></span> <span class='ocrx_word' id='word_1_387' title='bbox 2618 2286 2766 2340; x_wconf 92' lang='lat' dir='ltr'><strong>enim</strong></span> <span class='ocrx_word' id='word_1_388' title='bbox 2790 2301 2882 2342; x_wconf 85' lang='lat' dir='ltr'><strong>ars</strong></span> <span class='ocrx_word' id='word_1_389' title='bbox 2919 2288 3138 2342; x_wconf 90' lang='lat' dir='ltr'><strong>conatui</strong></span> <span class='ocrx_word' id='word_1_390' title='bbox 3169 2287 3499 2351; x_wconf 72' lang='lat' dir='ltr'><strong>suﬁiciebat,</strong></span> 
     </span>
    </p>
   </div>
   <div class='ocr_carea' id='block_1_55' title="bbox 1919 2362 3502 2450">
    <p class='ocr_par' dir='ltr' id='par_1_55' title="bbox 1919 2362 3502 2450">
     <span class='ocr_line' id='line_1_55' title="bbox 1919 2362 3502 2450; baseline 0.005 -21"><span class='ocrx_word' id='word_1_391' title='bbox 1919 2388 2097 2444; x_wconf 89' lang='lat' dir='ltr'><strong>neque</strong></span> <span class='ocrx_word' id='word_1_392' title='bbox 2122 2377 2292 2430; x_wconf 88' lang='lat' dir='ltr'><strong>robur</strong></span> <span class='ocrx_word' id='word_1_393' title='bbox 2318 2362 2656 2432; x_wconf 79' lang='lat' dir='ltr'><strong>trahentium</strong></span> <span class='ocrx_word' id='word_1_394' title='bbox 2695 2379 2998 2449; x_wconf 88' lang='lat' dir='ltr'><strong>quidquam</strong></span> <span class='ocrx_word' id='word_1_395' title='bbox 3030 2379 3409 2450; x_wconf 74' lang='lat' dir='ltr'><strong>proﬁciebat:</strong></span> <span class='ocrx_word' id='word_1_396' title='bbox 3438 2391 3502 2437; x_wconf 77' lang='lat' dir='ltr'><strong>et</strong></span> 
     </span>
    </p>
   </div>
   <div class='ocr_carea' id='block_1_56' title="bbox 1918 2467 3494 2540">
    <p class='ocr_par' dir='ltr' id='par_1_56' title="bbox 1918 2467 3494 2540">
     <span class='ocr_line' id='line_1_56' title="bbox 1918 2467 3494 2540; baseline 0.005 -18"><span class='ocrx_word' id='word_1_397' title='bbox 1918 2467 2173 2538; x_wconf 83' lang='lat' dir='ltr'><strong>permulti</strong></span> <span class='ocrx_word' id='word_1_398' title='bbox 2216 2477 2412 2534; x_wconf 88' lang='lat' dir='ltr'><strong>erant,</strong></span> <span class='ocrx_word' id='word_1_399' title='bbox 2447 2469 2542 2540; x_wconf 87' lang='lat' dir='ltr'><strong>qui</strong></span> <span class='ocrx_word' id='word_1_400' title='bbox 2601 2470 2749 2525; x_wconf 88' lang='lat' dir='ltr'><strong>illam</strong></span> <span class='ocrx_word' id='word_1_401' title='bbox 2804 2474 3078 2528; x_wconf 83' lang='lat' dir='ltr'><strong>machinis</strong></span> <span class='ocrx_word' id='word_1_402' title='bbox 3126 2474 3494 2531; x_wconf 83' lang='lat' dir='ltr'><strong>attraherent.</strong></span> 
     </span>
    </p>
   </div>
   <div class='ocr_carea' id='block_1_57' title="bbox 1920 2558 3499 2636">
    <p class='ocr_par' dir='ltr' id='par_1_57' title="bbox 1920 2558 3499 2636">
     <span class='ocr_line' id='line_1_57' title="bbox 1920 2558 3499 2636; baseline 0.004 -21"><span class='ocrx_word' id='word_1_403' title='bbox 1920 2558 2253 2636; x_wconf 83' lang='lat' dir='ltr'><strong>Snpervcnit</strong></span> <span class='ocrx_word' id='word_1_404' title='bbox 2304 2576 2433 2627; x_wconf 89' lang='lat' dir='ltr'><strong>nox,</strong></span> <span class='ocrx_word' id='word_1_405' title='bbox 2483 2571 2540 2618; x_wconf 89' lang='lat' dir='ltr'><strong>et</strong></span> <span class='ocrx_word' id='word_1_406' title='bbox 2596 2563 2688 2618; x_wconf 87' lang='lat' dir='ltr'><strong>alii</strong></span> <span class='ocrx_word' id='word_1_407' title='bbox 2747 2578 2942 2619; x_wconf 89' lang='lat' dir='ltr'><strong>omnes</strong></span> <span class='ocrx_word' id='word_1_408' title='bbox 2989 2563 3212 2620; x_wconf 91' lang='lat' dir='ltr'><strong>domum</strong></span> <span class='ocrx_word' id='word_1_409' title='bbox 3260 2567 3499 2636; x_wconf 84' lang='lat' dir='ltr'><strong>quisque</strong></span> 
     </span>
    </p>
   </div>
   <div class='ocr_carea' id='block_1_58' title="bbox 1919 2634 3497 2723">
    <p class='ocr_par' dir='ltr' id='par_1_58' title="bbox 1919 2634 3497 2723">
     <span class='ocr_line' id='line_1_58' title="bbox 1919 2634 3497 2723; baseline 0.002 -15"><span class='ocrx_word' id='word_1_410' title='bbox 1919 2652 2175 2721; x_wconf 88' lang='lat' dir='ltr'><strong>petiere:</strong></span> <span class='ocrx_word' id='word_1_411' title='bbox 2228 2634 2346 2709; x_wconf 72' lang='lat' dir='ltr'><strong>sola</strong></span> <span class='ocrx_word' id='word_1_412' title='bbox 2394 2664 2577 2709; x_wconf 87' lang='lat' dir='ltr'><strong>autem</strong></span> <span class='ocrx_word' id='word_1_413' title='bbox 2630 2656 2843 2723; x_wconf 85' lang='lat' dir='ltr'><strong>captiva</strong></span> <span class='ocrx_word' id='word_1_414' title='bbox 2892 2655 3094 2710; x_wconf 88' lang='lat' dir='ltr'><strong>mulier</strong></span> <span class='ocrx_word' id='word_1_415' title='bbox 3144 2657 3202 2710; x_wconf 90' lang='lat' dir='ltr'><strong>in</strong></span> <span class='ocrx_word' id='word_1_416' title='bbox 3245 2634 3312 2711; x_wconf 82' lang='lat' dir='ltr'><strong>eo</strong></span> <span class='ocrx_word' id='word_1_417' title='bbox 3371 2634 3497 2712; x_wconf 84' lang='lat' dir='ltr'><strong>loco</strong></span> 
     </span>
    </p>
   </div>
   <div class='ocr_carea' id='block_1_59' title="bbox 1918 2745 3498 2817">
    <p class='ocr_par' dir='ltr' id='par_1_59' title="bbox 1918 2745 3498 2817">
     <span class='ocr_line' id='line_1_59' title="bbox 1918 2745 3498 2817; baseline 0.004 -19"><span class='ocrx_word' id='word_1_418' title='bbox 1918 2745 2246 2814; x_wconf 84' lang='lat' dir='ltr'><strong>permansit,</strong></span> <span class='ocrx_word' id='word_1_419' title='bbox 2277 2745 2537 2817; x_wconf 85' lang='lat' dir='ltr'><strong>precibus</strong></span> <span class='ocrx_word' id='word_1_420' title='bbox 2565 2746 2737 2801; x_wconf 88' lang='lat' dir='ltr'><strong>Deum</strong></span> <span class='ocrx_word' id='word_1_421' title='bbox 2765 2746 3087 2817; x_wconf 86' lang='lat' dir='ltr'><strong>implorans,</strong></span> <span class='ocrx_word' id='word_1_422' title='bbox 3110 2756 3171 2802; x_wconf 90' lang='lat' dir='ltr'><strong>ut</strong></span> <span class='ocrx_word' id='word_1_423' title='bbox 3198 2746 3376 2805; x_wconf 75' lang='lat' dir='ltr'><strong>facilis</strong></span> <span class='ocrx_word' id='word_1_424' title='bbox 3399 2764 3498 2804; x_wconf 50' lang='lat' dir='ltr'><strong>ror-</strong></span> 
     </span>
    </p>
   </div>
   <div class='ocr_carea' id='block_1_60' title="bbox 1918 2836 3497 2911">
    <p class='ocr_par' dir='ltr' id='par_1_60' title="bbox 1918 2836 3497 2911">
     <span class='ocr_line' id='line_1_60' title="bbox 1918 2836 3497 2911; baseline 0.004 -21"><span class='ocrx_word' id='word_1_425' title='bbox 1918 2836 2120 2893; x_wconf 75' lang='lat' dir='ltr'><strong>lumnae</strong></span> <span class='ocrx_word' id='word_1_426' title='bbox 2157 2837 2215 2892; x_wconf 88' lang='lat' dir='ltr'><strong>in</strong></span> <span class='ocrx_word' id='word_1_427' title='bbox 2252 2838 2372 2893; x_wconf 88' lang='lat' dir='ltr'><strong>basi</strong></span> <span class='ocrx_word' id='word_1_428' title='bbox 2404 2854 2500 2893; x_wconf 89' lang='lat' dir='ltr'><strong>sua</strong></span> <span class='ocrx_word' id='word_1_429' title='bbox 2529 2838 2852 2894; x_wconf 87' lang='lat' dir='ltr'><strong>redderetur</strong></span> <span class='ocrx_word' id='word_1_430' title='bbox 2895 2840 3185 2911; x_wconf 84' lang='lat' dir='ltr'><strong>repositio.</strong></span> <span class='ocrx_word' id='word_1_431' title='bbox 3235 2840 3374 2897; x_wconf 88' lang='lat' dir='ltr'><strong>Nam</strong></span> <span class='ocrx_word' id='word_1_432' title='bbox 3402 2842 3497 2897; x_wconf 86' lang='lat' dir='ltr'><strong>illa</strong></span> 
     </span>
    </p>
   </div>
   <div class='ocr_carea' id='block_1_61' title="bbox 1918 2929 3493 3002">
    <p class='ocr_par' dir='ltr' id='par_1_61' title="bbox 1918 2929 3493 3002">
     <span class='ocr_line' id='line_1_61' title="bbox 1918 2929 3493 3002; baseline 0.003 -19"><span class='ocrx_word' id='word_1_433' title='bbox 1918 2929 1985 2983; x_wconf 86' lang='lat' dir='ltr'><strong>ad</strong></span> <span class='ocrx_word' id='word_1_434' title='bbox 2033 2930 2278 2985; x_wconf 87' lang='lat' dir='ltr'><strong>medium</strong></span> <span class='ocrx_word' id='word_1_435' title='bbox 2336 2942 2512 3000; x_wconf 85' lang='lat' dir='ltr'><strong>usque</strong></span> <span class='ocrx_word' id='word_1_436' title='bbox 2565 2939 2777 2996; x_wconf 86' lang='lat' dir='ltr'><strong>erecta,</strong></span> <span class='ocrx_word' id='word_1_437' title='bbox 2838 2931 3062 3002; x_wconf 73' lang='lat' dir='ltr'><strong>obliqua</strong></span> <span class='ocrx_word' id='word_1_438' title='bbox 3124 2935 3493 3002; x_wconf 85' lang='lat' dir='ltr'><strong>consistebat,</strong></span> 
     </span>
    </p>
   </div>
   <div class='ocr_carea' id='block_1_62' title="bbox 233 3022 1816 3114">
    <p class='ocr_par' dir='ltr' id='par_1_62' title="bbox 233 3023 1813 3102">
     <span class='ocr_line' id='line_1_62' title="bbox 233 3023 1813 3102; baseline 0.003 -23"><span class='ocrx_word' id='word_1_439' title='bbox 233 3045 341 3098; x_wconf 83' lang='grc' dir='ltr'>ρει,</span> <span class='ocrx_word' id='word_1_440' title='bbox 390 3027 465 3079; x_wconf 80' lang='grc' dir='ltr'><strong>ἶν’</strong></span> <span class='ocrx_word' id='word_1_441' title='bbox 495 3023 529 3102; x_wconf 82' lang='grc' dir='ltr'><strong>ᾗ</strong></span> <span class='ocrx_word' id='word_1_442' title='bbox 561 3028 674 3089; x_wconf 84' lang='grc' dir='ltr'>τοῖς</span> <span class='ocrx_word' id='word_1_443' title='bbox 710 3024 933 3095; x_wconf 83' lang='grc' dir='ltr'>Ἴϐηρσι</span> <span class='ocrx_word' id='word_1_444' title='bbox 971 3025 1038 3079; x_wconf 79' lang='grc' dir='ltr'><strong>τὰ</strong></span> <span class='ocrx_word' id='word_1_445' title='bbox 1082 3026 1327 3097; x_wconf 87' lang='grc' dir='ltr'>πρότερα</span> <span class='ocrx_word' id='word_1_446' title='bbox 1376 3026 1569 3097; x_wconf 77' lang='grc' dir='ltr'>βέϐαια</span> <span class='ocrx_word' id='word_1_447' title='bbox 1616 3030 1708 3082; x_wconf 69' lang='grc' dir='ltr'>καὶ</span> <span class='ocrx_word' id='word_1_448' title='bbox 1746 3030 1813 3083; x_wconf 71' lang='grc' dir='ltr'><strong>τά</strong></span> 
     </span>
    </p>
   </div>
   <div class='ocr_carea' id='block_1_63' title="bbox 1918 3022 3496 3114">
    <p class='ocr_par' dir='ltr' id='par_1_63' title="bbox 1921 3022 3496 3104">
     <span class='ocr_line' id='line_1_63' title="bbox 1921 3022 3496 3104; baseline 0.004 -28"><span class='ocrx_word' id='word_1_449' title='bbox 1921 3030 2075 3091; x_wconf 90' lang='lat' dir='ltr'><strong>parte</strong></span> <span class='ocrx_word' id='word_1_450' title='bbox 2101 3023 2271 3077; x_wconf 87' lang='lat' dir='ltr'><strong>altera</strong></span> <span class='ocrx_word' id='word_1_451' title='bbox 2294 3023 2532 3088; x_wconf 84' lang='lat' dir='ltr'><strong>sublata,</strong></span> <span class='ocrx_word' id='word_1_452' title='bbox 2560 3022 2828 3079; x_wconf 90' lang='lat' dir='ltr'><strong>immobili</strong></span> <span class='ocrx_word' id='word_1_453' title='bbox 2861 3039 3088 3094; x_wconf 87' lang='lat' dir='ltr'><strong>prorsus</strong></span> <span class='ocrx_word' id='word_1_454' title='bbox 3125 3037 3496 3104; x_wconf 75' lang='lat' dir='ltr'><strong>permanente</strong></span> 
     </span>
    </p>
   </div>
   <div class='ocr_carea' id='block_1_64' title="bbox 234 3118 1813 3194">
    <p class='ocr_par' dir='ltr' id='par_1_64' title="bbox 234 3118 1813 3194">
     <span class='ocr_line' id='line_1_64' title="bbox 234 3118 1813 3194; baseline 0.002 -20"><span class='ocrx_word' id='word_1_455' title='bbox 234 3123 364 3187; x_wconf 81' lang='grc' dir='ltr'>περὶ</span> <span class='ocrx_word' id='word_1_456' title='bbox 403 3122 469 3173; x_wconf 88' lang='grc' dir='ltr'>τὸ</span> <span class='ocrx_word' id='word_1_457' title='bbox 507 3120 656 3173; x_wconf 86' lang='grc' dir='ltr'>θεῖον</span> <span class='ocrx_word' id='word_1_458' title='bbox 686 3118 892 3187; x_wconf 81' lang='grc' dir='ltr'>μᾶλλον</span> <span class='ocrx_word' id='word_1_459' title='bbox 938 3120 998 3173; x_wconf 84' lang='grc' dir='ltr'>ὲν</span> <span class='ocrx_word' id='word_1_460' title='bbox 1039 3120 1275 3188; x_wconf 74' lang='grc' dir='ltr'>ἀσφαλεῖ</span> <span class='ocrx_word' id='word_1_461' title='bbox 1305 3122 1636 3194; x_wconf 84' lang='grc' dir='ltr'>κατασταίη.</span> <span class='ocrx_word' id='word_1_462' title='bbox 1675 3123 1813 3194; x_wconf 80' lang='grc' dir='ltr'><strong>Περὶ</strong></span> 
     </span>
    </p>
   </div>
   <div class='ocr_carea' id='block_1_65' title="bbox 231 3208 1813 3283">
    <p class='ocr_par' dir='ltr' id='par_1_65' title="bbox 231 3208 1813 3283">
     <span class='ocr_line' id='line_1_65' title="bbox 231 3208 1813 3283; baseline -0.001 -19"><span class='ocrx_word' id='word_1_463' title='bbox 231 3216 340 3283; x_wconf 73' lang='grc' dir='ltr'>γὰρ</span> <span class='ocrx_word' id='word_1_464' title='bbox 370 3212 474 3281; x_wconf 76' lang='grc' dir='ltr'>τὴν</span> <span class='ocrx_word' id='word_1_465' title='bbox 505 3210 583 3262; x_wconf 76' lang='grc' dir='ltr'>ἕω</span> <span class='ocrx_word' id='word_1_466' title='bbox 633 3211 713 3272; x_wconf 85' lang='grc' dir='ltr'><strong>είς</strong></span> <span class='ocrx_word' id='word_1_467' title='bbox 756 3209 857 3278; x_wconf 87' lang='grc' dir='ltr'>τὴν</span> <span class='ocrx_word' id='word_1_468' title='bbox 910 3208 1211 3277; x_wconf 71' lang='grc' dir='ltr'>ἐκκλησίαν</span> <span class='ocrx_word' id='word_1_469' title='bbox 1258 3208 1451 3273; x_wconf 79' lang='grc' dir='ltr'>ίόντεε,</span> <span class='ocrx_word' id='word_1_470' title='bbox 1503 3210 1813 3278; x_wconf 87' lang='grc' dir='ltr'>θαυμάσιον</span> 
     </span>
    </p>
   </div>
   <div class='ocr_carea' id='block_1_66' title="bbox 229 3301 1813 3373">
    <p class='ocr_par' dir='ltr' id='par_1_66' title="bbox 229 3301 1813 3373">
     <span class='ocr_line' id='line_1_66' title="bbox 229 3301 1813 3373; baseline -0.001 -14"><span class='ocrx_word' id='word_1_471' title='bbox 229 3305 344 3360; x_wconf 79' lang='grc' dir='ltr'>οἷον</span> <span class='ocrx_word' id='word_1_472' title='bbox 375 3306 475 3359; x_wconf 66' lang='grc' dir='ltr'>καθ.</span> <span class='ocrx_word' id='word_1_473' title='bbox 514 3305 715 3373; x_wconf 66' lang='grc' dir='ltr'>ὀνείρῳ</span> <span class='ocrx_word' id='word_1_474' title='bbox 744 3304 1065 3372; x_wconf 82' lang='grc' dir='ltr'>προσεοικὸς</span> <span class='ocrx_word' id='word_1_475' title='bbox 1098 3301 1357 3366; x_wconf 78' lang='grc' dir='ltr'>ἄντικρυς</span> <span class='ocrx_word' id='word_1_476' title='bbox 1389 3302 1708 3371; x_wconf 80' lang='grc' dir='ltr'>καθεώρων.</span> <span class='ocrx_word' id='word_1_477' title='bbox 1753 3303 1813 3357; x_wconf 85' lang='grc' dir='ltr'>Ὀ</span> 
     </span>
    </p>
   </div>
   <div class='ocr_carea' id='block_1_67' title="bbox 232 3389 1814 3470">
    <p class='ocr_par' dir='ltr' id='par_1_67' title="bbox 232 3389 1814 3470">
     <span class='ocr_line' id='line_1_67' title="bbox 232 3389 1814 3470; baseline -0.006 -15"><span class='ocrx_word' id='word_1_478' title='bbox 232 3403 339 3470; x_wconf 68' lang='grc' dir='ltr'>γὰρ</span> <span class='ocrx_word' id='word_1_479' title='bbox 375 3401 513 3470; x_wconf 67' lang='grc' dir='ltr'>πρὶν</span> <span class='ocrx_word' id='word_1_480' title='bbox 556 3397 818 3465; x_wconf 83' lang='grc' dir='ltr'>ἀκίνητος</span> <span class='ocrx_word' id='word_1_481' title='bbox 856 3394 991 3448; x_wconf 87' lang='grc' dir='ltr'>κίων</span> <span class='ocrx_word' id='word_1_482' title='bbox 1029 3393 1190 3464; x_wconf 84' lang='grc' dir='ltr'>όρθδς</span> <span class='ocrx_word' id='word_1_483' title='bbox 1218 3389 1287 3464; x_wconf 79' lang='grc' dir='ltr'>ἦν</span> <span class='ocrx_word' id='word_1_484' title='bbox 1341 3393 1561 3465; x_wconf 80' lang='grc' dir='ltr'>σμικρῷ</span> <span class='ocrx_word' id='word_1_485' title='bbox 1591 3394 1814 3462; x_wconf 84' lang='grc' dir='ltr'>διαστή-</span> 
     </span>
    </p>
   </div>
   <div class='ocr_carea' id='block_1_68' title="bbox 235 3485 1813 3561">
    <p class='ocr_par' dir='ltr' id='par_1_68' title="bbox 235 3485 1813 3561">
     <span class='ocr_line' id='line_1_68' title="bbox 235 3485 1813 3561; baseline -0.001 -17"><span class='ocrx_word' id='word_1_486' title='bbox 235 3508 392 3561; x_wconf 82' lang='grc' dir='ltr'>ματι,</span> <span class='ocrx_word' id='word_1_487' title='bbox 421 3487 689 3559; x_wconf 75' lang='grc' dir='ltr'>ὑπεράνω</span> <span class='ocrx_word' id='word_1_488' title='bbox 716 3486 818 3557; x_wconf 84' lang='grc' dir='ltr'>τῆς</span> <span class='ocrx_word' id='word_1_489' title='bbox 869 3485 1006 3550; x_wconf 73' lang='grc' dir='ltr'>ιδίας</span> <span class='ocrx_word' id='word_1_490' title='bbox 1041 3485 1253 3556; x_wconf 78' lang='grc' dir='ltr'>βάσεως</span> <span class='ocrx_word' id='word_1_491' title='bbox 1285 3488 1681 3559; x_wconf 77' lang='grc' dir='ltr'>αίωρούμενος.</span> <span class='ocrx_word' id='word_1_492' title='bbox 1723 3489 1813 3543; x_wconf 82' lang='grc' dir='ltr'>Ἐν</span> 
     </span>
    </p>
   </div>
   <div class='ocr_carea' id='block_1_69' title="bbox 231 3575 1813 3653">
    <p class='ocr_par' dir='ltr' id='par_1_69' title="bbox 231 3575 1813 3653">
     <span class='ocr_line' id='line_1_69' title="bbox 231 3575 1813 3653; baseline -0.001 -15"><span class='ocrx_word' id='word_1_493' title='bbox 231 3584 505 3653; x_wconf 68' lang='grc' dir='ltr'>ἐκπλήξει</span> <span class='ocrx_word' id='word_1_494' title='bbox 540 3584 599 3635; x_wconf 78' lang='grc' dir='ltr'>δὲ</span> <span class='ocrx_word' id='word_1_495' title='bbox 625 3583 848 3633; x_wconf 85' lang='grc' dir='ltr'>πάντων</span> <span class='ocrx_word' id='word_1_496' title='bbox 877 3575 1291 3651; x_wconf 82' lang='grc' dir='ltr'>γεγενημένων,</span> <span class='ocrx_word' id='word_1_497' title='bbox 1322 3583 1416 3634; x_wconf 71' lang='lat' dir='ltr'><strong>xui.</strong></span> <span class='ocrx_word' id='word_1_498' title='bbox 1442 3581 1537 3633; x_wconf 79' lang='grc' dir='ltr'>τὸν</span> <span class='ocrx_word' id='word_1_499' title='bbox 1578 3580 1813 3653; x_wconf 77' lang='grc' dir='ltr'>Χριστὸν</span> 
     </span>
    </p>
   </div>
   <div class='ocr_carea' id='block_1_70' title="bbox 237 3672 1812 3747">
    <p class='ocr_par' dir='ltr' id='par_1_70' title="bbox 237 3672 1812 3747">
     <span class='ocr_line' id='line_1_70' title="bbox 237 3672 1812 3747; baseline -0.001 -17"><span class='ocrx_word' id='word_1_500' title='bbox 237 3680 403 3747; x_wconf 75' lang='grc' dir='ltr'>μόνον</span> <span class='ocrx_word' id='word_1_501' title='bbox 431 3674 693 3744; x_wconf 77' lang='grc' dir='ltr'>ἀληθινὸν</span> <span class='ocrx_word' id='word_1_502' title='bbox 712 3673 1127 3741; x_wconf 78' lang='grc' dir='ltr'>ὁμολογούντων</span> <span class='ocrx_word' id='word_1_503' title='bbox 1154 3673 1312 3738; x_wconf 72' lang='grc' dir='ltr'>θεὸν,</span> <span class='ocrx_word' id='word_1_504' title='bbox 1337 3672 1423 3728; x_wconf 77' lang='grc' dir='ltr'><strong>ἐπ’</strong></span> <span class='ocrx_word' id='word_1_505' title='bbox 1446 3673 1565 3744; x_wconf 65' lang='grc' dir='ltr'>ὕψει</span> <span class='ocrx_word' id='word_1_506' title='bbox 1594 3673 1812 3728; x_wconf 86' lang='grc' dir='ltr'>πάντων</span> 
     </span>
    </p>
   </div>
   <div class='ocr_carea' id='block_1_71' title="bbox 232 3756 1813 3841">
    <p class='ocr_par' dir='ltr' id='par_1_71' title="bbox 232 3756 1813 3841">
     <span class='ocr_line' id='line_1_71' title="bbox 232 3756 1813 3841; baseline 0 -21"><span class='ocrx_word' id='word_1_507' title='bbox 232 3770 427 3841; x_wconf 62' lang='grc' dir='ltr'>ἡρέμα</span> <span class='ocrx_word' id='word_1_508' title='bbox 462 3766 813 3831; x_wconf 86' lang='grc' dir='ltr'>διολισθήσας</span> <span class='ocrx_word' id='word_1_509' title='bbox 840 3765 1172 3835; x_wconf 77' lang='grc' dir='ltr'>αὐτόματος,</span> <span class='ocrx_word' id='word_1_510' title='bbox 1208 3767 1302 3818; x_wconf 73' lang='grc' dir='ltr'><strong>καὶ</strong></span> <span class='ocrx_word' id='word_1_511' title='bbox 1336 3756 1584 3837; x_wconf 80' lang='grc' dir='ltr'>κρεῖττον</span> <span class='ocrx_word' id='word_1_512' title='bbox 1612 3768 1813 3839; x_wconf 82' lang='grc' dir='ltr'>τέχνης</span> 
     </span>
    </p>
   </div>
   <div class='ocr_carea' id='block_1_72' title="bbox 236 3854 1815 3929">
    <p class='ocr_par' dir='ltr' id='par_1_72' title="bbox 236 3854 1815 3929">
     <span class='ocr_line' id='line_1_72' title="bbox 236 3854 1815 3929; baseline 0.003 -21"><span class='ocrx_word' id='word_1_513' title='bbox 236 3856 643 3929; x_wconf 77' lang='grc' dir='ltr'>προσηρμόσθη</span> <span class='ocrx_word' id='word_1_514' title='bbox 703 3857 770 3926; x_wconf 78' lang='grc' dir='ltr'><strong>τῇ</strong></span> <span class='ocrx_word' id='word_1_515' title='bbox 807 3855 984 3925; x_wconf 84' lang='grc' dir='ltr'>βάσει.</span> <span class='ocrx_word' id='word_1_516' title='bbox 1026 3856 1257 3910; x_wconf 86' lang='grc' dir='ltr'>Ἔπειτα</span> <span class='ocrx_word' id='word_1_517' title='bbox 1308 3854 1490 3909; x_wconf 76' lang='grc' dir='ltr'>δὲκαὶ</span> <span class='ocrx_word' id='word_1_518' title='bbox 1533 3858 1583 3910; x_wconf 76' lang='grc' dir='ltr'>οἱ</span> <span class='ocrx_word' id='word_1_519' title='bbox 1632 3858 1815 3912; x_wconf 76' lang='grc' dir='ltr'>λοιποὶ</span> 
     </span>
    </p>
   </div>
   <div class='ocr_carea' id='block_1_73' title="bbox 231 3947 1816 4020">
    <p class='ocr_par' dir='ltr' id='par_1_73' title="bbox 231 3947 1816 4020">
     <span class='ocr_line' id='line_1_73' title="bbox 231 3947 1816 4020; baseline 0 -16"><span class='ocrx_word' id='word_1_520' title='bbox 231 3953 415 4013; x_wconf 79' lang='grc' dir='ltr'>κίονες</span> <span class='ocrx_word' id='word_1_521' title='bbox 450 3949 692 4019; x_wconf 83' lang='grc' dir='ltr'>εὐχερῶς</span> <span class='ocrx_word' id='word_1_522' title='bbox 725 3947 1102 4019; x_wconf 77' lang='grc' dir='ltr'>ἐστηρίζοντο.</span> <span class='ocrx_word' id='word_1_523' title='bbox 1134 3951 1195 4001; x_wconf 84' lang='grc' dir='ltr'><strong>υἱ</strong></span> <span class='ocrx_word' id='word_1_524' title='bbox 1220 3948 1266 4001; x_wconf 87' lang='grc' dir='ltr'>δ’</span> <span class='ocrx_word' id='word_1_525' title='bbox 1298 3949 1517 4020; x_wconf 83' lang='grc' dir='ltr'>Ἴϐηρες</span> <span class='ocrx_word' id='word_1_526' title='bbox 1564 3948 1816 4004; x_wconf 76' lang='grc' dir='ltr'>ἐντεῦθεν</span> 
     </span>
    </p>
   </div>
   <div class='ocr_carea' id='block_1_74' title="bbox 233 4040 1813 4113">
    <p class='ocr_par' dir='ltr' id='par_1_74' title="bbox 233 4040 1813 4113">
     <span class='ocr_line' id='line_1_74' title="bbox 233 4040 1813 4113; baseline 0 -17"><span class='ocrx_word' id='word_1_527' title='bbox 233 4043 443 4113; x_wconf 75' lang='grc' dir='ltr'>σπουδῇ</span> <span class='ocrx_word' id='word_1_528' title='bbox 479 4044 546 4111; x_wconf 79' lang='grc' dir='ltr'>τῇ</span> <span class='ocrx_word' id='word_1_529' title='bbox 578 4040 731 4112; x_wconf 76' lang='grc' dir='ltr'>πάσῃ</span> <span class='ocrx_word' id='word_1_530' title='bbox 761 4041 821 4094; x_wconf 86' lang='grc' dir='ltr'>τὸ</span> <span class='ocrx_word' id='word_1_531' title='bbox 865 4041 1025 4109; x_wconf 82' lang='grc' dir='ltr'>ἔργον</span> <span class='ocrx_word' id='word_1_532' title='bbox 1057 4040 1299 4095; x_wconf 73' lang='grc' dir='ltr'>ἐτέλουν.</span> <span class='ocrx_word' id='word_1_533' title='bbox 1344 4040 1726 4111; x_wconf 77' lang='grc' dir='ltr'>’Υποτιθείσης</span> <span class='ocrx_word' id='word_1_534' title='bbox 1754 4041 1813 4096; x_wconf 83' lang='grc' dir='ltr'>δὲ</span> 
     </span>
    </p>
   </div>
   <div class='ocr_carea' id='block_1_75' title="bbox 231 4131 1809 4205">
    <p class='ocr_par' dir='ltr' id='par_1_75' title="bbox 231 4131 1809 4205">
     <span class='ocr_line' id='line_1_75' title="bbox 231 4131 1809 4205; baseline 0 -19"><span class='ocrx_word' id='word_1_535' title='bbox 231 4139 334 4205; x_wconf 76' lang='grc' dir='ltr'>τῆς</span> <span class='ocrx_word' id='word_1_536' title='bbox 363 4132 724 4204; x_wconf 73' lang='grc' dir='ltr'>αἰχμαλώτου</span> <span class='ocrx_word' id='word_1_537' title='bbox 749 4131 1013 4204; x_wconf 81' lang='grc' dir='ltr'>πρέσϐεις</span> <span class='ocrx_word' id='word_1_538' title='bbox 1042 4133 1359 4203; x_wconf 86' lang='grc' dir='ltr'>πέμποντες</span> <span class='ocrx_word' id='word_1_539' title='bbox 1386 4134 1809 4205; x_wconf 82' lang='grc' dir='ltr'>Κωνσταντίνῳ,</span> 
     </span>
    </p>
   </div>
   <div class='ocr_carea' id='block_1_76' title="bbox 237 4219 1808 4292">
    <p class='ocr_par' dir='ltr' id='par_1_76' title="bbox 237 4219 1808 4292">
     <span class='ocr_line' id='line_1_76' title="bbox 237 4219 1808 4292; baseline 0.003 -19"><span class='ocrx_word' id='word_1_540' title='bbox 237 4223 476 4284; x_wconf 76' lang='grc' dir='ltr'>σπονδὰς</span> <span class='ocrx_word' id='word_1_541' title='bbox 506 4220 694 4291; x_wconf 68' lang='grc' dir='ltr'>ᾔτουν,</span> <span class='ocrx_word' id='word_1_542' title='bbox 731 4222 825 4273; x_wconf 77' lang='grc' dir='ltr'>καὶ</span> <span class='ocrx_word' id='word_1_543' title='bbox 859 4221 1178 4290; x_wconf 84' lang='grc' dir='ltr'>συμμαχεῖν</span> <span class='ocrx_word' id='word_1_544' title='bbox 1216 4219 1447 4292; x_wconf 68' lang='grc' dir='ltr'>ᾑροῦντο</span> <span class='ocrx_word' id='word_1_545' title='bbox 1489 4221 1808 4291; x_wconf 83' lang='grc' dir='ltr'>Ῥωμαίοις.</span> 
     </span>
    </p>
   </div>
   <div class='ocr_carea' id='block_1_77' title="bbox 1920 3108 3498 3186">
    <p class='ocr_par' dir='ltr' id='par_1_77' title="bbox 1920 3108 3498 3186">
     <span class='ocr_line' id='line_1_77' title="bbox 1920 3108 3498 3186; baseline 0.004 -22"><span class='ocrx_word' id='word_1_546' title='bbox 1920 3110 2112 3165; x_wconf 85' lang='lat' dir='ltr'><strong>altera.</strong></span> <span class='ocrx_word' id='word_1_547' title='bbox 2147 3108 2374 3167; x_wconf 85' lang='lat' dir='ltr'><strong>Factum</strong></span> <span class='ocrx_word' id='word_1_548' title='bbox 2405 3112 2483 3175; x_wconf 88' lang='lat' dir='ltr'><strong>id,</strong></span> <span class='ocrx_word' id='word_1_549' title='bbox 2520 3123 2581 3168; x_wconf 92' lang='lat' dir='ltr'><strong>ut</strong></span> <span class='ocrx_word' id='word_1_550' title='bbox 2628 3113 2883 3169; x_wconf 90' lang='lat' dir='ltr'><strong>lberibus</strong></span> <span class='ocrx_word' id='word_1_551' title='bbox 2910 3117 3095 3185; x_wconf 89' lang='lat' dir='ltr'><strong>priora</strong></span> <span class='ocrx_word' id='word_1_552' title='bbox 3132 3116 3349 3186; x_wconf 90' lang='lat' dir='ltr'><strong>incepta</strong></span> <span class='ocrx_word' id='word_1_553' title='bbox 3400 3118 3498 3170; x_wconf 88' lang='lat' dir='ltr'><strong>llr-</strong></span> 
     </span>
    </p>
   </div>
   <div class='ocr_carea' id='block_1_78' title="bbox 1918 3202 3497 3277">
    <p class='ocr_par' dir='ltr' id='par_1_78' title="bbox 1918 3202 3497 3277">
     <span class='ocr_line' id='line_1_78' title="bbox 1918 3202 3497 3277; baseline 0.005 -19"><span class='ocrx_word' id='word_1_554' title='bbox 1918 3202 2112 3271; x_wconf 89' lang='lat' dir='ltr'><strong>miora,</strong></span> <span class='ocrx_word' id='word_1_555' title='bbox 2142 3216 2198 3259; x_wconf 88' lang='lat' dir='ltr'><strong>et</strong></span> <span class='ocrx_word' id='word_1_556' title='bbox 2234 3216 2357 3275; x_wconf 84' lang='lat' dir='ltr'><strong>quae</strong></span> <span class='ocrx_word' id='word_1_557' title='bbox 2401 3205 2664 3277; x_wconf 84' lang='lat' dir='ltr'><strong>deinceps</strong></span> <span class='ocrx_word' id='word_1_558' title='bbox 2700 3207 2769 3264; x_wconf 90' lang='lat' dir='ltr'><strong>de</strong></span> <span class='ocrx_word' id='word_1_559' title='bbox 2802 3208 3061 3265; x_wconf 83' lang='lat' dir='ltr'><strong>Numinis</strong></span> <span class='ocrx_word' id='word_1_560' title='bbox 3090 3212 3247 3266; x_wconf 84' lang='lat' dir='ltr'><strong>cultu</strong></span> <span class='ocrx_word' id='word_1_561' title='bbox 3287 3220 3497 3266; x_wconf 87' lang='lat' dir='ltr'><strong>statue-</strong></span> 
     </span>
    </p>
   </div>
   <div class='ocr_carea' id='block_1_79' title="bbox 1917 3299 3500 3379">
    <p class='ocr_par' dir='ltr' id='par_1_79' title="bbox 1917 3299 3500 3379">
     <span class='ocr_line' id='line_1_79' title="bbox 1917 3299 3500 3379; baseline 0.006 -28"><span class='ocrx_word' id='word_1_562' title='bbox 1917 3306 2062 3360; x_wconf 86' lang='lat' dir='ltr'><strong>rent,</strong></span> <span class='ocrx_word' id='word_1_563' title='bbox 2097 3299 2332 3354; x_wconf 77' lang='lat' dir='ltr'><strong>certiora</strong></span> <span class='ocrx_word' id='word_1_564' title='bbox 2361 3308 2566 3355; x_wconf 89' lang='lat' dir='ltr'><strong>essent.</strong></span> <span class='ocrx_word' id='word_1_565' title='bbox 2598 3301 2849 3357; x_wconf 87' lang='lat' dir='ltr'><strong>Diluculo</strong></span> <span class='ocrx_word' id='word_1_566' title='bbox 2883 3316 3125 3372; x_wconf 82' lang='lat' dir='ltr'><strong>namque</strong></span> <span class='ocrx_word' id='word_1_567' title='bbox 3149 3305 3396 3379; x_wconf 81' lang='lat' dir='ltr'><strong>proximo</strong></span> <span class='ocrx_word' id='word_1_568' title='bbox 3426 3307 3500 3361; x_wconf 84' lang='lat' dir='ltr'><strong>ad</strong></span> 
     </span>
    </p>
   </div>
   <div class='ocr_carea' id='block_1_80' title="bbox 1916 3389 3499 3459">
    <p class='ocr_par' dir='ltr' id='par_1_80' title="bbox 1916 3389 3499 3459">
     <span class='ocr_line' id='line_1_80' title="bbox 1916 3389 3499 3459; baseline 0.006 -15"><span class='ocrx_word' id='word_1_569' title='bbox 1916 3389 2206 3445; x_wconf 89' lang='lat' dir='ltr'><strong>ecclesiam</strong></span> <span class='ocrx_word' id='word_1_570' title='bbox 2232 3392 2553 3459; x_wconf 84' lang='lat' dir='ltr'><strong>venientes,</strong></span> <span class='ocrx_word' id='word_1_571' title='bbox 2581 3395 2753 3450; x_wconf 82' lang='lat' dir='ltr'><strong>veluti</strong></span> <span class='ocrx_word' id='word_1_572' title='bbox 2796 3396 3128 3452; x_wconf 79' lang='lat' dir='ltr'><strong>miraculum</strong></span> <span class='ocrx_word' id='word_1_573' title='bbox 3165 3409 3223 3453; x_wconf 90' lang='lat' dir='ltr'><strong>ct</strong></span> <span class='ocrx_word' id='word_1_574' title='bbox 3271 3402 3499 3454; x_wconf 87' lang='lat' dir='ltr'><strong>somnio</strong></span> 
     </span>
    </p>
   </div>
   <div class='ocr_carea' id='block_1_81' title="bbox 1918 3485 3498 3556">
    <p class='ocr_par' dir='ltr' id='par_1_81' title="bbox 1918 3485 3498 3556">
     <span class='ocr_line' id='line_1_81' title="bbox 1918 3485 3498 3556; baseline 0.008 -22"><span class='ocrx_word' id='word_1_575' title='bbox 1918 3497 2146 3550; x_wconf 87' lang='lat' dir='ltr'><strong>prorsus</strong></span> <span class='ocrx_word' id='word_1_576' title='bbox 2196 3485 2375 3539; x_wconf 87' lang='lat' dir='ltr'><strong>simile</strong></span> <span class='ocrx_word' id='word_1_577' title='bbox 2443 3485 2706 3555; x_wconf 88' lang='lat' dir='ltr'><strong>quiddam</strong></span> <span class='ocrx_word' id='word_1_578' title='bbox 2763 3486 3039 3543; x_wconf 84' lang='lat' dir='ltr'><strong>viderunt.</strong></span> <span class='ocrx_word' id='word_1_579' title='bbox 3101 3490 3233 3556; x_wconf 71' lang='lat' dir='ltr'><strong>Quae</strong></span> <span class='ocrx_word' id='word_1_580' title='bbox 3283 3493 3498 3547; x_wconf 84' lang='lat' dir='ltr'><strong>etenim</strong></span> 
     </span>
    </p>
   </div>
   <div class='ocr_carea' id='block_1_82' title="bbox 1916 3575 3494 3650">
    <p class='ocr_par' dir='ltr' id='par_1_82' title="bbox 1916 3575 3494 3650">
     <span class='ocr_line' id='line_1_82' title="bbox 1916 3575 3494 3650; baseline 0.004 -20"><span class='ocrx_word' id='word_1_581' title='bbox 1916 3577 2071 3646; x_wconf 89' lang='lat' dir='ltr'><strong>prius</strong></span> <span class='ocrx_word' id='word_1_582' title='bbox 2101 3575 2400 3632; x_wconf 88' lang='lat' dir='ltr'><strong>immobilis</strong></span> <span class='ocrx_word' id='word_1_583' title='bbox 2427 3577 2533 3632; x_wconf 82' lang='lat' dir='ltr'><strong>fuit</strong></span> <span class='ocrx_word' id='word_1_584' title='bbox 2561 3579 2839 3645; x_wconf 87' lang='lat' dir='ltr'><strong>columna,</strong></span> <span class='ocrx_word' id='word_1_585' title='bbox 2871 3580 3083 3636; x_wconf 89' lang='lat' dir='ltr'><strong>directa</strong></span> <span class='ocrx_word' id='word_1_586' title='bbox 3118 3596 3288 3650; x_wconf 84' lang='lat' dir='ltr'><strong>parvo</strong></span> <span class='ocrx_word' id='word_1_587' title='bbox 3317 3584 3494 3639; x_wconf 79' lang='lat' dir='ltr'><strong>inter-</strong></span> 
     </span>
    </p>
   </div>
   <div class='ocr_carea' id='block_1_83' title="bbox 1914 3668 3496 3743">
    <p class='ocr_par' dir='ltr' id='par_1_83' title="bbox 1914 3668 3496 3743">
     <span class='ocr_line' id='line_1_83' title="bbox 1914 3668 3496 3743; baseline 0.007 -22"><span class='ocrx_word' id='word_1_588' title='bbox 1914 3668 2056 3721; x_wconf 87' lang='lat' dir='ltr'><strong>vallo</strong></span> <span class='ocrx_word' id='word_1_589' title='bbox 2109 3683 2273 3737; x_wconf 90' lang='lat' dir='ltr'><strong>supra</strong></span> <span class='ocrx_word' id='word_1_590' title='bbox 2317 3669 2490 3722; x_wconf 87' lang='lat' dir='ltr'><strong>basim</strong></span> <span class='ocrx_word' id='word_1_591' title='bbox 2526 3685 2678 3725; x_wconf 86' lang='lat' dir='ltr'><strong>suam</strong></span> <span class='ocrx_word' id='word_1_592' title='bbox 2714 3686 2982 3741; x_wconf 86' lang='lat' dir='ltr'><strong>suspensa</strong></span> <span class='ocrx_word' id='word_1_593' title='bbox 3018 3676 3373 3743; x_wconf 88' lang='lat' dir='ltr'><strong>persistebat.</strong></span> <span class='ocrx_word' id='word_1_594' title='bbox 3427 3675 3496 3732; x_wconf 83' lang='lat' dir='ltr'><strong>Et</strong></span> 
     </span>
    </p>
   </div>
   <div class='ocr_carea' id='block_1_84' title="bbox 1890 3759 3499 3831">
    <p class='ocr_par' dir='ltr' id='par_1_84' title="bbox 1890 3759 3499 3831">
     <span class='ocr_line' id='line_1_84' title="bbox 1890 3759 3499 3831; baseline 0.006 -18"><span class='ocrx_word' id='word_1_595' title='bbox 1890 3759 2008 3831; x_wconf 37' lang='lat' dir='ltr'><strong>-illa</strong></span> <span class='ocrx_word' id='word_1_596' title='bbox 2029 3761 2398 3815; x_wconf 78' lang='lat' dir='ltr'><strong>consternatis</strong></span> <span class='ocrx_word' id='word_1_597' title='bbox 2421 3761 2700 3830; x_wconf 89' lang='lat' dir='ltr'><strong>omnibus,</strong></span> <span class='ocrx_word' id='word_1_598' title='bbox 2716 3771 2774 3818; x_wconf 90' lang='lat' dir='ltr'><strong>et</strong></span> <span class='ocrx_word' id='word_1_599' title='bbox 2798 3762 3080 3819; x_wconf 87' lang='lat' dir='ltr'><strong>Christum</strong></span> <span class='ocrx_word' id='word_1_600' title='bbox 3107 3767 3284 3821; x_wconf 88' lang='lat' dir='ltr'><strong>solum</strong></span> <span class='ocrx_word' id='word_1_601' title='bbox 3302 3782 3499 3822; x_wconf 73' lang='lat' dir='ltr'><strong>verum</strong></span> 
     </span>
    </p>
   </div>
   <div class='ocr_carea' id='block_1_85' title="bbox 1914 3852 3494 3930">
    <p class='ocr_par' dir='ltr' id='par_1_85' title="bbox 1914 3852 3494 3930">
     <span class='ocr_line' id='line_1_85' title="bbox 1914 3852 3494 3930; baseline 0.007 -24"><span class='ocrx_word' id='word_1_602' title='bbox 1914 3852 2087 3907; x_wconf 90' lang='lat' dir='ltr'><strong>Deum</strong></span> <span class='ocrx_word' id='word_1_603' title='bbox 2125 3854 2536 3924; x_wconf 80' lang='lat' dir='ltr'><strong>proﬁtentibus,</strong></span> <span class='ocrx_word' id='word_1_604' title='bbox 2586 3854 2643 3909; x_wconf 92' lang='lat' dir='ltr'><strong>in</strong></span> <span class='ocrx_word' id='word_1_605' title='bbox 2696 3865 2996 3927; x_wconf 89' lang='lat' dir='ltr'><strong>conspectu</strong></span> <span class='ocrx_word' id='word_1_606' title='bbox 3026 3860 3273 3915; x_wconf 90' lang='lat' dir='ltr'><strong>omnium</strong></span> <span class='ocrx_word' id='word_1_607' title='bbox 3302 3861 3494 3930; x_wconf 87' lang='lat' dir='ltr'><strong>paula-</strong></span> 
     </span>
    </p>
   </div>
   <div class='ocr_carea' id='block_1_86' title="bbox 1918 3944 3501 4021">
    <p class='ocr_par' dir='ltr' id='par_1_86' title="bbox 1918 3944 3501 4021">
     <span class='ocr_line' id='line_1_86' title="bbox 1918 3944 3501 4021; baseline 0.008 -23"><span class='ocrx_word' id='word_1_608' title='bbox 1918 3944 2012 3998; x_wconf 91' lang='lat' dir='ltr'><strong>tim</strong></span> <span class='ocrx_word' id='word_1_609' title='bbox 2047 3961 2144 4000; x_wconf 90' lang='lat' dir='ltr'><strong>sua</strong></span> <span class='ocrx_word' id='word_1_610' title='bbox 2168 3956 2363 4017; x_wconf 90' lang='lat' dir='ltr'><strong>sponte</strong></span> <span class='ocrx_word' id='word_1_611' title='bbox 2408 3962 2469 4003; x_wconf 91' lang='lat' dir='ltr'><strong>se</strong></span> <span class='ocrx_word' id='word_1_612' title='bbox 2491 3948 2807 4014; x_wconf 82' lang='lat' dir='ltr'><strong>demittens,</strong></span> <span class='ocrx_word' id='word_1_613' title='bbox 2849 3949 3047 4006; x_wconf 91' lang='lat' dir='ltr'><strong>melius</strong></span> <span class='ocrx_word' id='word_1_614' title='bbox 3069 3967 3232 4021; x_wconf 89' lang='lat' dir='ltr'><strong>quam</strong></span> <span class='ocrx_word' id='word_1_615' title='bbox 3259 3968 3352 4009; x_wconf 89' lang='lat' dir='ltr'><strong>ars</strong></span> <span class='ocrx_word' id='word_1_616' title='bbox 3381 3954 3501 4010; x_wconf 75' lang='lat' dir='ltr'><strong>ulla</strong></span> 
     </span>
    </p>
   </div>
   <div class='ocr_carea' id='block_1_87' title="bbox 1912 4037 3498 4117">
    <p class='ocr_par' dir='ltr' id='par_1_87' title="bbox 1912 4037 3498 4117">
     <span class='ocr_line' id='line_1_87' title="bbox 1912 4037 3498 4117; baseline 0.006 -23"><span class='ocrx_word' id='word_1_617' title='bbox 1912 4037 2128 4094; x_wconf 79' lang='lat' dir='ltr'><strong>allicere</strong></span> <span class='ocrx_word' id='word_1_618' title='bbox 2152 4047 2340 4109; x_wconf 87' lang='lat' dir='ltr'><strong>queat,</strong></span> <span class='ocrx_word' id='word_1_619' title='bbox 2389 4042 2511 4097; x_wconf 89' lang='lat' dir='ltr'><strong>loco</strong></span> <span class='ocrx_word' id='word_1_620' title='bbox 2547 4056 2647 4096; x_wconf 87' lang='lat' dir='ltr'><strong>suo</strong></span> <span class='ocrx_word' id='word_1_621' title='bbox 2675 4050 2761 4096; x_wconf 88' lang='lat' dir='ltr'><strong>est</strong></span> <span class='ocrx_word' id='word_1_622' title='bbox 2797 4043 3077 4113; x_wconf 87' lang='lat' dir='ltr'><strong>adaptata.</strong></span> <span class='ocrx_word' id='word_1_623' title='bbox 3101 4045 3266 4117; x_wconf 75' lang='grc'><strong>607</strong></span> <span class='ocrx_word' id='word_1_624' title='bbox 3298 4047 3498 4103; x_wconf 80' lang='lat' dir='ltr'><strong>Postea</strong></span> 
     </span>
    </p>
   </div>
   <div class='ocr_carea' id='block_1_88' title="bbox 1916 4132 3496 4209">
    <p class='ocr_par' dir='ltr' id='par_1_88' title="bbox 1916 4132 3496 4209">
     <span class='ocr_line' id='line_1_88' title="bbox 1916 4132 3496 4209; baseline 0.008 -26"><span class='ocrx_word' id='word_1_625' title='bbox 1916 4145 2045 4186; x_wconf 87' lang='lat' dir='ltr'><strong>vero</strong></span> <span class='ocrx_word' id='word_1_626' title='bbox 2073 4141 2129 4199; x_wconf 80' lang='lat' dir='ltr'><strong>et</strong></span> <span class='ocrx_word' id='word_1_627' title='bbox 2159 4132 2385 4204; x_wconf 71' lang='lat' dir='ltr'><strong>reliqua:</strong></span> <span class='ocrx_word' id='word_1_628' title='bbox 2417 4134 2689 4189; x_wconf 65' lang='lat' dir='ltr'><strong>columnae</strong></span> <span class='ocrx_word' id='word_1_629' title='bbox 2713 4134 2875 4192; x_wconf 82' lang='lat' dir='ltr'><strong>facile</strong></span> <span class='ocrx_word' id='word_1_630' title='bbox 2905 4136 3187 4194; x_wconf 85' lang='lat' dir='ltr'><strong>collocatae</strong></span> <span class='ocrx_word' id='word_1_631' title='bbox 3216 4150 3381 4209; x_wconf 91' lang='lat' dir='ltr'><strong>atque</strong></span> <span class='ocrx_word' id='word_1_632' title='bbox 3404 4140 3496 4195; x_wconf 83' lang='lat' dir='ltr'><strong>ﬂr-</strong></span> 
     </span>
    </p>
   </div>
   <div class='ocr_carea' id='block_1_89' title="bbox 1916 4223 3494 4301">
    <p class='ocr_par' dir='ltr' id='par_1_89' title="bbox 1916 4223 3494 4301">
     <span class='ocr_line' id='line_1_89' title="bbox 1916 4223 3494 4301; baseline 0.008 -27"><span class='ocrx_word' id='word_1_633' title='bbox 1916 4231 2076 4276; x_wconf 74' lang='lat' dir='ltr'><strong>matae</strong></span> <span class='ocrx_word' id='word_1_634' title='bbox 2103 4232 2252 4277; x_wconf 90' lang='lat' dir='ltr'><strong>sunt.</strong></span> <span class='ocrx_word' id='word_1_635' title='bbox 2280 4224 2466 4295; x_wconf 75' lang='lat' dir='ltr'><strong>Atque</strong></span> <span class='ocrx_word' id='word_1_636' title='bbox 2498 4223 2683 4281; x_wconf 90' lang='lat' dir='ltr'><strong>lberes</strong></span> <span class='ocrx_word' id='word_1_637' title='bbox 2719 4225 2920 4282; x_wconf 89' lang='lat' dir='ltr'><strong>deinde</strong></span> <span class='ocrx_word' id='word_1_638' title='bbox 2955 4231 3139 4284; x_wconf 87' lang='lat' dir='ltr'><strong>studio</strong></span> <span class='ocrx_word' id='word_1_639' title='bbox 3168 4231 3318 4285; x_wconf 89' lang='lat' dir='ltr'><strong>omni</strong></span> <span class='ocrx_word' id='word_1_640' title='bbox 3353 4247 3494 4301; x_wconf 89' lang='lat' dir='ltr'><strong>opus</strong></span> 
     </span>
    </p>
   </div>
   <div class='ocr_carea' id='block_1_90' title="bbox 248 4309 1816 4393">
    <p class='ocr_par' dir='ltr' id='par_1_90' title="bbox 248 4309 1812 4385">
     <span class='ocr_line' id='line_1_90' title="bbox 248 4309 1812 4385; baseline 0.002 -18"><span class='ocrx_word' id='word_1_641' title='bbox 248 4313 390 4367; x_wconf 76' lang='grc' dir='ltr'>’Δνθ’</span> <span class='ocrx_word' id='word_1_642' title='bbox 447 4309 524 4368; x_wconf 82' lang='grc' dir='ltr'>ὧν</span> <span class='ocrx_word' id='word_1_643' title='bbox 576 4315 758 4383; x_wconf 79' lang='grc' dir='ltr'>ίιρέας</span> <span class='ocrx_word' id='word_1_644' title='bbox 808 4315 903 4365; x_wconf 82' lang='grc' dir='ltr'>καὶ</span> <span class='ocrx_word' id='word_1_645' title='bbox 960 4312 1096 4367; x_wconf 82' lang='grc' dir='ltr'>Θεοῦ</span> <span class='ocrx_word' id='word_1_646' title='bbox 1139 4312 1494 4385; x_wconf 77' lang='grc' dir='ltr'>λειτουργοὺς</span> <span class='ocrx_word' id='word_1_647' title='bbox 1551 4315 1629 4383; x_wconf 84' lang='grc' dir='ltr'><strong>τῷ</strong></span> <span class='ocrx_word' id='word_1_648' title='bbox 1667 4314 1812 4370; x_wconf 79' lang='grc' dir='ltr'>ἔθνει</span> 
     </span>
    </p>
   </div>
   <div class='ocr_carea' id='block_1_91' title="bbox 1918 4309 3488 4393">
    <p class='ocr_par' dir='ltr' id='par_1_91' title="bbox 1921 4310 3488 4393">
     <span class='ocr_line' id='line_1_91' title="bbox 1921 4310 3488 4393; baseline 0.01 -30"><span class='ocrx_word' id='word_1_649' title='bbox 1921 4310 1976 4364; x_wconf 89' lang='lat' dir='ltr'><strong>id</strong></span> <span class='ocrx_word' id='word_1_650' title='bbox 1998 4311 2349 4368; x_wconf 85' lang='lat' dir='ltr'><strong>absolverunt</strong></span> <span class='ocrx_word' id='word_1_651' title='bbox 2379 4329 2399 4368; x_wconf 92' lang='lat'><strong><em>:</em></strong></span> <span class='ocrx_word' id='word_1_652' title='bbox 2434 4316 2767 4372; x_wconf 90' lang='lat' dir='ltr'><strong>cohortante</strong></span> <span class='ocrx_word' id='word_1_653' title='bbox 2802 4317 2970 4372; x_wconf 84' lang='lat' dir='ltr'><strong>etiam</strong></span> <span class='ocrx_word' id='word_1_654' title='bbox 3012 4334 3078 4375; x_wconf 89' lang='lat' dir='ltr'><strong>ea</strong></span> <span class='ocrx_word' id='word_1_655' title='bbox 3110 4320 3227 4390; x_wconf 87' lang='lat' dir='ltr'><strong>ipsa</strong></span> <span class='ocrx_word' id='word_1_656' title='bbox 3255 4325 3488 4393; x_wconf 85' lang='lat' dir='ltr'><strong>captiva.</strong></span> 
     </span>
    </p>
   </div>
   <div class='ocr_carea' id='block_1_92' title="bbox 236 4390 1816 4483">
    <p class='ocr_par' dir='ltr' id='par_1_92' title="bbox 236 4403 1814 4477">
     <span class='ocr_line' id='line_1_92' title="bbox 236 4403 1814 4477; baseline 0.001 -18"><span class='ocrx_word' id='word_1_657' title='bbox 236 4407 449 4459; x_wconf 75' lang='grc' dir='ltr'>ἐδέοντο</span> <span class='ocrx_word' id='word_1_658' title='bbox 493 4405 787 4476; x_wconf 83' lang='grc' dir='ltr'>καθιστᾷν.</span> <span class='ocrx_word' id='word_1_659' title='bbox 823 4404 944 4459; x_wconf 84' lang='grc' dir='ltr'><strong>Τῶν</strong></span> <span class='ocrx_word' id='word_1_660' title='bbox 983 4403 1042 4459; x_wconf 76' lang='grc' dir='ltr'>δὲ</span> <span class='ocrx_word' id='word_1_661' title='bbox 1076 4406 1361 4477; x_wconf 88' lang='grc' dir='ltr'>πρέσϐεων</span> <span class='ocrx_word' id='word_1_662' title='bbox 1404 4408 1497 4461; x_wconf 66' lang='grc' dir='ltr'><strong>ἐπὶ</strong></span> <span class='ocrx_word' id='word_1_663' title='bbox 1530 4407 1711 4461; x_wconf 82' lang='grc' dir='ltr'>κοινοῦ</span> <span class='ocrx_word' id='word_1_664' title='bbox 1744 4409 1814 4462; x_wconf 81' lang='grc' dir='ltr'><strong>τὰ</strong></span> 
     </span>
    </p>
   </div>
   <div class='ocr_carea' id='block_1_93' title="bbox 1918 4390 3488 4483">
    <p class='ocr_par' dir='ltr' id='par_1_93' title="bbox 1918 4390 3488 4483">
     <span class='ocr_line' id='line_1_93' title="bbox 1918 4390 3488 4483; baseline 0.009 -25"><span class='ocrx_word' id='word_1_665' title='bbox 1918 4405 2127 4474; x_wconf 82' lang='lat' dir='ltr'><strong>legatos</strong></span> <span class='ocrx_word' id='word_1_666' title='bbox 2157 4406 2225 4460; x_wconf 88' lang='lat' dir='ltr'><strong>ad</strong></span> <span class='ocrx_word' id='word_1_667' title='bbox 2272 4403 2694 4464; x_wconf 87' lang='lat' dir='ltr'><strong>Constantinum</strong></span> <span class='ocrx_word' id='word_1_668' title='bbox 2735 4409 2961 4477; x_wconf 87' lang='lat' dir='ltr'><strong>misere,</strong></span> <span class='ocrx_word' id='word_1_669' title='bbox 3008 4414 3105 4483; x_wconf 89' lang='lat' dir='ltr'><strong>qui</strong></span> <span class='ocrx_word' id='word_1_670' title='bbox 3137 4390 3335 4472; x_wconf 71' lang='lat' dir='ltr'><strong>foedus</strong></span> <span class='ocrx_word' id='word_1_671' title='bbox 3363 4433 3488 4472; x_wconf 89' lang='lat' dir='ltr'><strong>cum</strong></span> 
     </span>
    </p>
   </div>
   <div class='ocr_carea' id='block_1_94' title="bbox 240 4488 1816 4573">
    <p class='ocr_par' dir='ltr' id='par_1_94' title="bbox 240 4496 1812 4570">
     <span class='ocr_line' id='line_1_94' title="bbox 240 4496 1812 4570; baseline 0.003 -21"><span class='ocrx_word' id='word_1_672' title='bbox 240 4497 369 4568; x_wconf 71' lang='grc' dir='ltr'>παρ’</span> <span class='ocrx_word' id='word_1_673' title='bbox 404 4498 637 4561; x_wconf 74' lang='grc' dir='ltr'>ἐκείνοις</span> <span class='ocrx_word' id='word_1_674' title='bbox 684 4496 957 4566; x_wconf 89' lang='grc' dir='ltr'>γενόμενα</span> <span class='ocrx_word' id='word_1_675' title='bbox 985 4496 1326 4565; x_wconf 82' lang='grc' dir='ltr'>διελθόντων,</span> <span class='ocrx_word' id='word_1_676' title='bbox 1358 4498 1454 4553; x_wconf 81' lang='grc' dir='ltr'>καὶ</span> <span class='ocrx_word' id='word_1_677' title='bbox 1497 4499 1572 4563; x_wconf 84' lang='grc' dir='ltr'><strong>ὡς</strong></span> <span class='ocrx_word' id='word_1_678' title='bbox 1605 4499 1812 4570; x_wconf 77' lang='grc' dir='ltr'>ἕτοιμοι</span> 
     </span>
    </p>
   </div>
   <div class='ocr_carea' id='block_1_95' title="bbox 1918 4488 3519 4573">
    <p class='ocr_par' dir='ltr' id='par_1_95' title="bbox 1918 4488 3519 4573">
     <span class='ocr_line' id='line_1_95' title="bbox 1918 4488 3519 4573; baseline 0.01 -23"><span class='ocrx_word' id='word_1_679' title='bbox 1918 4514 1982 4551; x_wconf 86' lang='lat' dir='ltr'><strong>eo</strong></span> <span class='ocrx_word' id='word_1_680' title='bbox 2014 4500 2442 4568; x_wconf 86' lang='lat' dir='ltr'><strong>paciscerentur,</strong></span> <span class='ocrx_word' id='word_1_681' title='bbox 2463 4502 2894 4573; x_wconf 88' lang='lat' dir='ltr'><strong>societatemque</strong></span> <span class='ocrx_word' id='word_1_682' title='bbox 2918 4505 3045 4560; x_wconf 89' lang='lat' dir='ltr'><strong>belli</strong></span> <span class='ocrx_word' id='word_1_683' title='bbox 3071 4522 3195 4562; x_wconf 88' lang='lat' dir='ltr'><strong>cum</strong></span> <span class='ocrx_word' id='word_1_684' title='bbox 3226 4488 3519 4566; x_wconf 59' lang='lat' dir='ltr'><strong>Romanis</strong></span> 
     </span>
    </p>
   </div>
   <div class='ocr_carea' id='block_1_96' title="bbox 238 4584 1816 4672">
    <p class='ocr_par' dir='ltr' id='par_1_96' title="bbox 238 4585 1816 4663">
     <span class='ocr_line' id='line_1_96' title="bbox 238 4585 1816 4663; baseline 0.003 -23"><span class='ocrx_word' id='word_1_685' title='bbox 238 4585 346 4642; x_wconf 78' lang='grc' dir='ltr'>εἶεν</span> <span class='ocrx_word' id='word_1_686' title='bbox 374 4589 651 4660; x_wconf 74' lang='grc' dir='ltr'>πανδημεὶ</span> <span class='ocrx_word' id='word_1_687' title='bbox 682 4588 866 4642; x_wconf 82' lang='grc' dir='ltr'>σέϐειν</span> <span class='ocrx_word' id='word_1_688' title='bbox 900 4589 1140 4660; x_wconf 73' lang='grc' dir='ltr'>Χριστὸν</span> <span class='ocrx_word' id='word_1_689' title='bbox 1180 4588 1243 4641; x_wconf 83' lang='grc' dir='ltr'>τὸ</span> <span class='ocrx_word' id='word_1_690' title='bbox 1278 4590 1390 4643; x_wconf 80' lang='grc' dir='ltr'><strong>πᾶν</strong></span> <span class='ocrx_word' id='word_1_691' title='bbox 1429 4587 1606 4655; x_wconf 74' lang='grc' dir='ltr'>ἔθνος,</span> <span class='ocrx_word' id='word_1_692' title='bbox 1644 4592 1816 4663; x_wconf 79' lang='grc' dir='ltr'>ὑπερ-</span> 
     </span>
    </p>
   </div>
   <div class='ocr_carea' id='block_1_97' title="bbox 1918 4584 3491 4672">
    <p class='ocr_par' dir='ltr' id='par_1_97' title="bbox 1918 4584 3491 4672">
     <span class='ocr_line' id='line_1_97' title="bbox 1918 4584 3491 4672; baseline 0.011 -31"><span class='ocrx_word' id='word_1_693' title='bbox 1918 4584 2186 4655; x_wconf 76' lang='lat' dir='ltr'><strong>facerent,</strong></span> <span class='ocrx_word' id='word_1_694' title='bbox 2221 4606 2284 4646; x_wconf 84' lang='lat' dir='ltr'><strong>ac</strong></span> <span class='ocrx_word' id='word_1_695' title='bbox 2318 4607 2416 4661; x_wconf 91' lang='lat' dir='ltr'><strong>pro</strong></span> <span class='ocrx_word' id='word_1_696' title='bbox 2440 4594 2521 4648; x_wconf 88' lang='lat' dir='ltr'><strong>eis</strong></span> <span class='ocrx_word' id='word_1_697' title='bbox 2542 4600 2706 4649; x_wconf 82' lang='lat' dir='ltr'><strong>rebus</strong></span> <span class='ocrx_word' id='word_1_698' title='bbox 2733 4596 2884 4666; x_wconf 78' lang='lat' dir='ltr'><strong>genti</strong></span> <span class='ocrx_word' id='word_1_699' title='bbox 2903 4596 2953 4650; x_wconf 91' lang='lat' dir='ltr'><strong>ei</strong></span> <span class='ocrx_word' id='word_1_700' title='bbox 2980 4600 3295 4655; x_wconf 89' lang='lat' dir='ltr'><strong>sacerdotes</strong></span> <span class='ocrx_word' id='word_1_701' title='bbox 3326 4614 3491 4672; x_wconf 86' lang='lat' dir='ltr'><strong>atque</strong></span> 
     </span>
    </p>
   </div>
   <div class='ocr_carea' id='block_1_98' title="bbox 239 4677 1816 4764">
    <p class='ocr_par' dir='ltr' id='par_1_98' title="bbox 239 4680 1814 4753">
     <span class='ocr_line' id='line_1_98' title="bbox 239 4680 1814 4753; baseline 0 -19"><span class='ocrx_word' id='word_1_702' title='bbox 239 4682 389 4749; x_wconf 70' lang='grc' dir='ltr'>φυῶς</span> <span class='ocrx_word' id='word_1_703' title='bbox 421 4682 580 4752; x_wconf 76' lang='grc' dir='ltr'>ἥδετο</span> <span class='ocrx_word' id='word_1_704' title='bbox 629 4680 887 4753; x_wconf 80' lang='grc' dir='ltr'>βασιλεύς</span> <span class='ocrx_word' id='word_1_705' title='bbox 912 4698 926 4713; x_wconf 78' lang='grc'><em>’</em></span> <span class='ocrx_word' id='word_1_706' title='bbox 959 4682 1055 4735; x_wconf 81' lang='grc' dir='ltr'>καὶ</span> <span class='ocrx_word' id='word_1_707' title='bbox 1101 4681 1270 4748; x_wconf 86' lang='grc' dir='ltr'>τάχος</span> <span class='ocrx_word' id='word_1_708' title='bbox 1299 4682 1421 4735; x_wconf 85' lang='grc' dir='ltr'>ὅσον</span> <span class='ocrx_word' id='word_1_709' title='bbox 1466 4681 1643 4736; x_wconf 83' lang='grc' dir='ltr'>ὀπίσω</span> <span class='ocrx_word' id='word_1_710' title='bbox 1687 4684 1814 4735; x_wconf 86' lang='grc' dir='ltr'>ἀνέ-</span> 
     </span>
    </p>
   </div>
   <div class='ocr_carea' id='block_1_99' title="bbox 1918 4677 3491 4764">
    <p class='ocr_par' dir='ltr' id='par_1_99' title="bbox 1918 4677 3491 4764">
     <span class='ocr_line' id='line_1_99' title="bbox 1918 4677 3491 4764; baseline 0.012 -32"><span class='ocrx_word' id='word_1_711' title='bbox 1918 4677 2015 4733; x_wconf 85' lang='lat' dir='ltr'><strong>Dei</strong></span> <span class='ocrx_word' id='word_1_712' title='bbox 2050 4683 2331 4738; x_wconf 85' lang='lat' dir='ltr'><strong>ministros</strong></span> <span class='ocrx_word' id='word_1_713' title='bbox 2364 4684 2484 4740; x_wconf 89' lang='lat' dir='ltr'><strong>dari</strong></span> <span class='ocrx_word' id='word_1_714' title='bbox 2511 4698 2755 4742; x_wconf 88' lang='lat' dir='ltr'><strong>orarent.</strong></span> <span class='ocrx_word' id='word_1_715' title='bbox 2785 4688 2888 4757; x_wconf 85' lang='lat' dir='ltr'><strong>Qui</strong></span> <span class='ocrx_word' id='word_1_716' title='bbox 2931 4704 3057 4744; x_wconf 89' lang='lat' dir='ltr'><strong>cum</strong></span> <span class='ocrx_word' id='word_1_717' title='bbox 3106 4693 3324 4762; x_wconf 89' lang='lat' dir='ltr'><strong>publice</strong></span> <span class='ocrx_word' id='word_1_718' title='bbox 3366 4711 3491 4764; x_wconf 75' lang='lat' dir='ltr'><strong>qua:</strong></span> 
     </span>
    </p>
   </div>
   <div class='ocr_carea' id='block_1_100' title="bbox 240 4772 1816 4856">
    <p class='ocr_par' dir='ltr' id='par_1_100' title="bbox 240 4772 1813 4845">
     <span class='ocr_line' id='line_1_100' title="bbox 240 4772 1813 4845; baseline 0.003 -20"><span class='ocrx_word' id='word_1_719' title='bbox 240 4790 427 4842; x_wconf 81' lang='grc' dir='ltr'>πεμπε</span> <span class='ocrx_word' id='word_1_720' title='bbox 484 4775 612 4835; x_wconf 76' lang='grc' dir='ltr'>τοὺς</span> <span class='ocrx_word' id='word_1_721' title='bbox 667 4772 931 4843; x_wconf 84' lang='grc' dir='ltr'>πρέσϐεις</span> <span class='ocrx_word' id='word_1_722' title='bbox 978 4773 1048 4828; x_wconf 80' lang='grc' dir='ltr'>τὰ</span> <span class='ocrx_word' id='word_1_723' title='bbox 1100 4775 1244 4827; x_wconf 82' lang='grc' dir='ltr'>κατὰ</span> <span class='ocrx_word' id='word_1_724' title='bbox 1290 4774 1520 4845; x_wconf 77' lang='grc' dir='ltr'>γνώμην</span> <span class='ocrx_word' id='word_1_725' title='bbox 1581 4775 1813 4839; x_wconf 79' lang='grc' dir='ltr'>ἐκείνοις</span> 
     </span>
    </p>
   </div>
   <div class='ocr_carea' id='block_1_101' title="bbox 1918 4772 3492 4856">
    <p class='ocr_par' dir='ltr' id='par_1_101' title="bbox 1918 4773 3492 4856">
     <span class='ocr_line' id='line_1_101' title="bbox 1918 4773 3492 4856; baseline 0.011 -30"><span class='ocrx_word' id='word_1_726' title='bbox 1918 4773 2062 4842; x_wconf 89' lang='lat' dir='ltr'><strong>apud</strong></span> <span class='ocrx_word' id='word_1_727' title='bbox 2103 4789 2198 4829; x_wconf 88' lang='lat' dir='ltr'><strong>eos</strong></span> <span class='ocrx_word' id='word_1_728' title='bbox 2261 4785 2380 4832; x_wconf 86' lang='lat' dir='ltr'><strong>acta</strong></span> <span class='ocrx_word' id='word_1_729' title='bbox 2430 4776 2687 4844; x_wconf 82' lang='lat' dir='ltr'><strong>fuerant,</strong></span> <span class='ocrx_word' id='word_1_730' title='bbox 2751 4774 2806 4836; x_wconf 82' lang='lat' dir='ltr'><strong>et</strong></span> <span class='ocrx_word' id='word_1_731' title='bbox 2862 4798 3026 4851; x_wconf 88' lang='lat' dir='ltr'><strong>quam</strong></span> <span class='ocrx_word' id='word_1_732' title='bbox 3086 4796 3310 4856; x_wconf 84' lang='lat' dir='ltr'><strong>paratus</strong></span> <span class='ocrx_word' id='word_1_733' title='bbox 3344 4801 3492 4844; x_wconf 87' lang='lat' dir='ltr'><strong>esset</strong></span> 
     </span>
    </p>
   </div>
   <div class='ocr_carea' id='block_1_102' title="bbox 244 4865 1816 4963">
    <p class='ocr_par' dir='ltr' id='par_1_102' title="bbox 244 4865 1809 4937">
     <span class='ocr_line' id='line_1_102' title="bbox 244 4865 1809 4937; baseline 0.003 -21"><span class='ocrx_word' id='word_1_734' title='bbox 244 4865 455 4917; x_wconf 66' lang='grc' dir='ltr'>ἅπαντα</span> <span class='ocrx_word' id='word_1_735' title='bbox 508 4865 1017 4935; x_wconf 87' lang='grc' dir='ltr'>διαπεπραγμένος.</span> <span class='ocrx_word' id='word_1_736' title='bbox 1059 4865 1171 4918; x_wconf 72' lang='grc' dir='ltr'><strong>Καὶ</strong></span> <span class='ocrx_word' id='word_1_737' title='bbox 1225 4865 1417 4919; x_wconf 85' lang='grc' dir='ltr'>τοῦτον</span> <span class='ocrx_word' id='word_1_738' title='bbox 1457 4866 1549 4921; x_wconf 81' lang='grc' dir='ltr'>τὸν</span> <span class='ocrx_word' id='word_1_739' title='bbox 1604 4868 1809 4937; x_wconf 85' lang='grc' dir='ltr'>τρόπον</span> 
     </span>
    </p>
   </div>
   <div class='ocr_carea' id='block_1_103' title="bbox 1918 4865 3489 4963">
    <p class='ocr_par' dir='ltr' id='par_1_103' title="bbox 1918 4866 3489 4963">
     <span class='ocr_line' id='line_1_103' title="bbox 1918 4866 3489 4963; baseline 0.013 -46"><span class='ocrx_word' id='word_1_740' title='bbox 1918 4867 2152 4936; x_wconf 88' lang='lat' dir='ltr'><strong>populus</strong></span> <span class='ocrx_word' id='word_1_741' title='bbox 2177 4866 2223 4921; x_wconf 91' lang='lat' dir='ltr'><strong>is</strong></span> <span class='ocrx_word' id='word_1_742' title='bbox 2253 4870 2541 4926; x_wconf 87' lang='lat' dir='ltr'><strong>universus</strong></span> <span class='ocrx_word' id='word_1_743' title='bbox 2571 4872 2639 4926; x_wconf 85' lang='lat' dir='ltr'><strong>ad</strong></span> <span class='ocrx_word' id='word_1_744' title='bbox 2667 4872 2945 4929; x_wconf 87' lang='lat' dir='ltr'><strong>Christum</strong></span> <span class='ocrx_word' id='word_1_745' title='bbox 2988 4878 3283 4963; x_wconf 65' lang='lat' dir='ltr'><strong>colendum</strong></span> <span class='ocrx_word' id='word_1_746' title='bbox 3314 4897 3489 4951; x_wconf 82' lang='lat' dir='ltr'><strong>expo-</strong></span> 
     </span>
    </p>
   </div>
   <div class='ocr_carea' id='block_1_104' title="bbox 245 4956 1816 5040">
    <p class='ocr_par' dir='ltr' id='par_1_104' title="bbox 245 4956 1808 5027">
     <span class='ocr_line' id='line_1_104' title="bbox 245 4956 1808 5027; baseline 0.003 -20"><span class='ocrx_word' id='word_1_747' title='bbox 245 4956 458 5025; x_wconf 77' lang='grc' dir='ltr'>Ἴϐηρες</span> <span class='ocrx_word' id='word_1_748' title='bbox 492 4957 553 5008; x_wconf 83' lang='grc' dir='ltr'>τὸ</span> <span class='ocrx_word' id='word_1_749' title='bbox 581 4959 729 5009; x_wconf 75' lang='grc' dir='ltr'>κατὰ</span> <span class='ocrx_word' id='word_1_750' title='bbox 754 4956 989 5026; x_wconf 80' lang='grc' dir='ltr'>Χριστὸν</span> <span class='ocrx_word' id='word_1_751' title='bbox 1029 4958 1348 5027; x_wconf 74' lang='grc' dir='ltr'>ἠσπάσαντο</span> <span class='ocrx_word' id='word_1_752' title='bbox 1376 4958 1643 5026; x_wconf 76' lang='grc' dir='ltr'>κήρυγμα</span> <span class='ocrx_word' id='word_1_753' title='bbox 1663 4975 1677 4991; x_wconf 81' lang='grc' dir='ltr'><strong><em>ο</em></strong></span> <span class='ocrx_word' id='word_1_754' title='bbox 1712 4961 1808 5011; x_wconf 81' lang='grc' dir='ltr'>καὶ</span> 
     </span>
    </p>
   </div>
   <div class='ocr_carea' id='block_1_105' title="bbox 1918 4956 3490 5040">
    <p class='ocr_par' dir='ltr' id='par_1_105' title="bbox 1919 4956 3490 5040">
     <span class='ocr_line' id='line_1_105' title="bbox 1919 4956 3490 5040; baseline 0.015 -31"><span class='ocrx_word' id='word_1_755' title='bbox 1919 4968 2136 5022; x_wconf 79' lang='lat' dir='ltr'><strong>iterent,</strong></span> <span class='ocrx_word' id='word_1_756' title='bbox 2172 4962 2479 5015; x_wconf 90' lang='lat' dir='ltr'><strong>mirandum</strong></span> <span class='ocrx_word' id='word_1_757' title='bbox 2523 4964 2576 5017; x_wconf 91' lang='lat' dir='ltr'><strong>in</strong></span> <span class='ocrx_word' id='word_1_758' title='bbox 2601 4965 2823 5020; x_wconf 86' lang='lat' dir='ltr'><strong>modum</strong></span> <span class='ocrx_word' id='word_1_759' title='bbox 2859 4984 2921 5022; x_wconf 89' lang='lat' dir='ltr'><strong>ea</strong></span> <span class='ocrx_word' id='word_1_760' title='bbox 2947 4956 3217 5040; x_wconf 71' lang='lat' dir='ltr'><strong>legatione</strong></span> <span class='ocrx_word' id='word_1_761' title='bbox 3247 4976 3490 5032; x_wconf 86' lang='lat' dir='ltr'><strong>delecta-</strong></span> 
     </span>
    </p>
   </div>
   <div class='ocr_carea' id='block_1_106' title="bbox 246 5046 1816 5129">
    <p class='ocr_par' dir='ltr' id='par_1_106' title="bbox 246 5046 1807 5129">
     <span class='ocr_line' id='line_1_106' title="bbox 246 5046 1807 5129; baseline 0.003 -32"><span class='ocrx_word' id='word_1_762' title='bbox 246 5049 409 5101; x_wconf 76' lang='grc' dir='ltr'>εἰσέτι</span> <span class='ocrx_word' id='word_1_763' title='bbox 441 5047 536 5099; x_wconf 85' lang='grc' dir='ltr'>νῦν</span> <span class='ocrx_word' id='word_1_764' title='bbox 581 5049 831 5117; x_wconf 87' lang='grc' dir='ltr'>προῖόντι</span> <span class='ocrx_word' id='word_1_765' title='bbox 871 5046 1049 5129; x_wconf 73' lang='grc' dir='ltr'>χρόνῳ</span> <span class='ocrx_word' id='word_1_766' title='bbox 1079 5048 1361 5118; x_wconf 74' lang='grc' dir='ltr'>ἐπιμελῶς</span> <span class='ocrx_word' id='word_1_767' title='bbox 1407 5048 1689 5119; x_wconf 83' lang='grc' dir='ltr'>ὲξέχονται</span> <span class='ocrx_word' id='word_1_768' title='bbox 1713 5051 1807 5102; x_wconf 78' lang='grc' dir='ltr'><strong>τοῦ</strong></span> 
     </span>
    </p>
   </div>
   <div class='ocr_carea' id='block_1_107' title="bbox 1918 5046 3490 5129">
    <p class='ocr_par' dir='ltr' id='par_1_107' title="bbox 1919 5051 3490 5129">
     <span class='ocr_line' id='line_1_107' title="bbox 1919 5051 3490 5129; baseline 0.013 -29"><span class='ocrx_word' id='word_1_769' title='bbox 1919 5056 2005 5102; x_wconf 89' lang='lat' dir='ltr'><strong>tus</strong></span> <span class='ocrx_word' id='word_1_770' title='bbox 2032 5059 2116 5103; x_wconf 88' lang='lat' dir='ltr'><strong>est</strong></span> <span class='ocrx_word' id='word_1_771' title='bbox 2147 5051 2462 5121; x_wconf 88' lang='lat' dir='ltr'><strong>imperator.</strong></span> <span class='ocrx_word' id='word_1_772' title='bbox 2497 5054 2564 5107; x_wconf 87' lang='lat' dir='ltr'><strong>Et</strong></span> <span class='ocrx_word' id='word_1_773' title='bbox 2597 5071 2759 5125; x_wconf 90' lang='lat' dir='ltr'><strong>quam</strong></span> <span class='ocrx_word' id='word_1_774' title='bbox 2791 5060 3292 5129; x_wconf 87' lang='lat' dir='ltr'><strong>potuitcelerrime,</strong></span> <span class='ocrx_word' id='word_1_775' title='bbox 3324 5067 3490 5121; x_wconf 89' lang='lat' dir='ltr'><strong>rebus</strong></span> 
     </span>
    </p>
   </div>
   <div class='ocr_carea' id='block_1_108' title="bbox 246 5140 1816 5212">
    <p class='ocr_par' dir='ltr' id='par_1_108' title="bbox 246 5140 603 5208">
     <span class='ocr_line' id='line_1_108' title="bbox 246 5140 603 5208; baseline 0.008 -19"><span class='ocrx_word' id='word_1_776' title='bbox 246 5140 603 5208; x_wconf 78' lang='grc' dir='ltr'>σεϐάσματος.</span> 
     </span>
    </p>
   </div>
   <div class='ocr_carea' id='block_1_109' title="bbox 1918 5140 3492 5212">
    <p class='ocr_par' dir='ltr' id='par_1_109' title="bbox 1918 5143 3492 5212">
     <span class='ocr_line' id='line_1_109' title="bbox 1918 5143 3492 5212; baseline 0.011 -20"><span class='ocrx_word' id='word_1_777' title='bbox 1918 5156 2056 5209; x_wconf 86' lang='lat' dir='ltr'><strong>quas</strong></span> <span class='ocrx_word' id='word_1_778' title='bbox 2084 5143 2362 5211; x_wconf 83' lang='lat' dir='ltr'><strong>petierant</strong></span> <span class='ocrx_word' id='word_1_779' title='bbox 2413 5147 2673 5201; x_wconf 86' lang='lat' dir='ltr'><strong>omnibus</strong></span> <span class='ocrx_word' id='word_1_780' title='bbox 2713 5163 2781 5203; x_wconf 77' lang='lat' dir='ltr'><strong>ex</strong></span> <span class='ocrx_word' id='word_1_781' title='bbox 2815 5167 3008 5206; x_wconf 86' lang='lat' dir='ltr'><strong>eorum</strong></span> <span class='ocrx_word' id='word_1_782' title='bbox 3040 5157 3325 5212; x_wconf 85' lang='lat' dir='ltr'><strong>voluntate</strong></span> <span class='ocrx_word' id='word_1_783' title='bbox 3356 5156 3492 5212; x_wconf 45' lang='lat' dir='ltr'><strong>con;</strong></span> 
     </span>
    </p>
   </div>
   <div class='ocr_carea' id='block_1_110' title="bbox 240 5227 3492 5324">
    <p class='ocr_par' dir='ltr' id='par_1_110' title="bbox 240 5227 3492 5324">
     <span class='ocr_line' id='line_1_110' title="bbox 240 5227 3492 5324; baseline 0.007 -43"><span class='ocrx_word' id='word_1_784' title='bbox 240 5227 417 5298; x_wconf 81' lang='lat' dir='ltr'><strong>fectis,</strong></span> <span class='ocrx_word' id='word_1_785' title='bbox 447 5244 700 5289; x_wconf 88' lang='lat' dir='ltr'><strong>oratores</strong></span> <span class='ocrx_word' id='word_1_786' title='bbox 744 5233 894 5304; x_wconf 88' lang='lat' dir='ltr'><strong>ipsos</strong></span> <span class='ocrx_word' id='word_1_787' title='bbox 924 5234 1147 5289; x_wconf 91' lang='lat' dir='ltr'><strong>domum</strong></span> <span class='ocrx_word' id='word_1_788' title='bbox 1232 5234 1466 5290; x_wconf 88' lang='lat' dir='ltr'><strong>remisit.</strong></span> <span class='ocrx_word' id='word_1_789' title='bbox 1515 5231 1632 5288; x_wconf 82' lang='lat' dir='ltr'><strong>Hoc</strong></span> <span class='ocrx_word' id='word_1_790' title='bbox 1686 5231 1851 5287; x_wconf 92' lang='lat' dir='ltr'><strong>modo</strong></span> <span class='ocrx_word' id='word_1_791' title='bbox 1892 5235 2078 5289; x_wconf 88' lang='lat' dir='ltr'><strong>lberes</strong></span> <span class='ocrx_word' id='word_1_792' title='bbox 2131 5235 2577 5305; x_wconf 74' lang='lat' dir='ltr'><strong>praedicationem</strong></span> <span class='ocrx_word' id='word_1_793' title='bbox 2607 5241 2812 5298; x_wconf 84' lang='lat' dir='ltr'><strong>Christi</strong></span> <span class='ocrx_word' id='word_1_794' title='bbox 2856 5258 3260 5319; x_wconf 90' lang='lat' dir='ltr'><strong>susceperunt,</strong></span> <span class='ocrx_word' id='word_1_795' title='bbox 3325 5260 3381 5305; x_wconf 88' lang='lat' dir='ltr'><strong>et</strong></span> <span class='ocrx_word' id='word_1_796' title='bbox 3410 5258 3492 5324; x_wconf 56' lang='lat' dir='ltr'><strong>to;</strong></span> 
     </span>
    </p>
   </div>
   <div class='ocr_carea' id='block_1_111' title="bbox 240 5324 2559 5398">
    <p class='ocr_par' dir='ltr' id='par_1_111' title="bbox 240 5324 2559 5398">
     <span class='ocr_line' id='line_1_111' title="bbox 240 5324 2559 5398; baseline 0.005 -24"><span class='ocrx_word' id='word_1_797' title='bbox 240 5337 506 5381; x_wconf 86' lang='lat' dir='ltr'><strong>annorum</strong></span> <span class='ocrx_word' id='word_1_798' title='bbox 545 5327 705 5397; x_wconf 77' lang='lat' dir='ltr'><strong>lapsu</strong></span> <span class='ocrx_word' id='word_1_799' title='bbox 738 5342 886 5381; x_wconf 91' lang='lat' dir='ltr'><strong>nunc</strong></span> <span class='ocrx_word' id='word_1_800' title='bbox 906 5328 1070 5382; x_wconf 85' lang='lat' dir='ltr'><strong>etiam</strong></span> <span class='ocrx_word' id='word_1_801' title='bbox 1116 5342 1313 5398; x_wconf 78' lang='lat' dir='ltr'><strong>magno</strong></span> <span class='ocrx_word' id='word_1_802' title='bbox 1352 5325 1538 5381; x_wconf 89' lang='lat' dir='ltr'><strong>studio</strong></span> <span class='ocrx_word' id='word_1_803' title='bbox 1566 5326 1624 5381; x_wconf 88' lang='lat' dir='ltr'><strong>in</strong></span> <span class='ocrx_word' id='word_1_804' title='bbox 1681 5324 1970 5394; x_wconf 76' lang='lat' dir='ltr'><strong>religionis</strong></span> <span class='ocrx_word' id='word_1_805' title='bbox 1999 5327 2147 5381; x_wconf 91' lang='lat' dir='ltr'><strong>cultu</strong></span> <span class='ocrx_word' id='word_1_806' title='bbox 2181 5328 2559 5398; x_wconf 84' lang='lat' dir='ltr'><strong>acquiescunt.</strong></span> 
     </span>
    </p>
   </div>
   <div class='ocr_carea' id='block_1_112' title="bbox 318 5460 3486 5572">
    <p class='ocr_par' dir='ltr' id='par_1_112' title="bbox 318 5460 3486 5572">
     <span class='ocr_line' id='line_1_112' title="bbox 318 5460 3486 5572; baseline 0.004 -32"><span class='ocrx_word' id='word_1_807' title='bbox 318 5488 386 5558; x_wconf 83' lang='grc' dir='ltr'><strong>(ι)</strong></span> <span class='ocrx_word' id='word_1_808' title='bbox 416 5491 642 5572; x_wconf 24' lang='lat' dir='ltr'><strong>vigesis.</strong></span> <span class='ocrx_word' id='word_1_809' title='bbox 679 5492 759 5572; x_wconf 8' lang='lat' dir='ltr'><strong>ad,</strong></span> <span class='ocrx_word' id='word_1_810' title='bbox 788 5492 1098 5572; x_wconf 65' lang='lat' dir='ltr'><strong>exemplum</strong></span> <span class='ocrx_word' id='word_1_811' title='bbox 1147 5499 1296 5572; x_wconf 79' lang='lat' dir='ltr'><strong>totus</strong></span> <span class='ocrx_word' id='word_1_812' title='bbox 1325 5489 1682 5572; x_wconf 83' lang='lat' dir='ltr'><strong>componitur</strong></span> <span class='ocrx_word' id='word_1_813' title='bbox 1709 5504 1802 5544; x_wconf 87' lang='lat' dir='ltr'><strong>or-</strong></span> <span class='ocrx_word' id='word_1_814' title='bbox 1904 5460 2457 5572; x_wconf 34' lang='lat' dir='ltr'><strong>que.perpetua_.__Ad</strong></span> <span class='ocrx_word' id='word_1_815' title='bbox 2492 5497 2645 5572; x_wconf 79' lang='lat' dir='ltr'><strong>hanc</strong></span> <span class='ocrx_word' id='word_1_816' title='bbox 2691 5499 3008 5572; x_wconf 75' lang='lat' dir='ltr'><strong>dirigimur,</strong></span> <span class='ocrx_word' id='word_1_817' title='bbox 3053 5504 3120 5559; x_wconf 88' lang='lat' dir='ltr'><strong>ad</strong></span> <span class='ocrx_word' id='word_1_818' title='bbox 3174 5504 3317 5562; x_wconf 82' lang='lat' dir='ltr'><strong>hanc</strong></span> <span class='ocrx_word' id='word_1_819' title='bbox 3348 5522 3486 5565; x_wconf 74' lang='lat' dir='ltr'><strong>con-</strong></span> 
     </span>
    </p>
   </div>
   <div class='ocr_carea' id='block_1_113' title="bbox 242 5558 2641 5654">
    <p class='ocr_par' dir='ltr' id='par_1_113' title="bbox 242 5558 2641 5650">
     <span class='ocr_line' id='line_1_113' title="bbox 242 5558 2641 5650; baseline 0.006 -42"><span class='ocrx_word' id='word_1_820' title='bbox 242 5558 346 5612; x_wconf 78' lang='lat' dir='ltr'><strong>bis.</strong></span> <span class='ocrx_word' id='word_1_821' title='bbox 377 5578 396 5611; x_wconf 74' lang='grc' dir='ltr'><strong>ι</strong></span> <span class='ocrx_word' id='word_1_822' title='bbox 434 5558 768 5634; x_wconf 71' lang='lat' dir='ltr'><strong>(Claudiam)</strong></span> <span class='ocrx_word' id='word_1_823' title='bbox 804 5581 842 5645; x_wconf 68' lang='grc' dir='ltr'><strong>ιιΔ</strong></span> <span class='ocrx_word' id='word_1_824' title='bbox 863 5558 983 5650; x_wconf 74' lang='lat' dir='ltr'><strong>_Vita</strong></span> <span class='ocrx_word' id='word_1_825' title='bbox 1017 5563 1286 5633; x_wconf 88' lang='lat' dir='ltr'><strong>principis</strong></span> <span class='ocrx_word' id='word_1_826' title='bbox 1309 5558 1545 5619; x_wconf 83' lang='lat' dir='ltr'><strong>censura</strong></span> <span class='ocrx_word' id='word_1_827' title='bbox 1572 5570 1678 5627; x_wconf 86' lang='lat' dir='ltr'><strong>est,</strong></span> <span class='ocrx_word' id='word_1_828' title='bbox 1706 5576 1799 5617; x_wconf 87' lang='lat' dir='ltr'><strong>ea—</strong></span> <span class='ocrx_word' id='word_1_829' title='bbox 1904 5558 2193 5620; x_wconf 70' lang='lat' dir='ltr'><strong>vertimur.</strong></span> <span class='ocrx_word' id='word_1_830' title='bbox 2229 5583 2248 5616; x_wconf 77' lang='grc' dir='ltr'><strong>ι</strong></span> <span class='ocrx_word' id='word_1_831' title='bbox 2285 5567 2450 5637; x_wconf 86' lang='lat' dir='ltr'><strong>(Plin.</strong></span> <span class='ocrx_word' id='word_1_832' title='bbox 2482 5567 2641 5640; x_wconf 83' lang='lat' dir='ltr'><strong>Jun.)</strong></span> 
     </span>
    </p>
   </div>
  </div>
