3972 6200
512 207 608 272 I31

1069 318 1297 376 CAPUT
1326 316 1544 373 XXXV.

512 418 576 473 L't
628 420 786 471 etiam
846 416 1110 470 interioris
1149 413 1317 467 India!
1371 410 1552 478 populi
1608 406 2072 461 Christianismum

668 505 692 541 ι
718 498 772 540 nt
800 485 1049 556 amplexi,
1080 492 1130 537 et
1157 484 1302 534 natio
1325 480 1505 532 itidem
1536 479 1930 532 Armeniorum.

581 660 697 713 Sub
728 659 975 727 ejusdem
1023 656 1272 722 imperio,
1313 665 1369 707 et
1415 655 1741 705 interiorum
1782 665 1946 719 quam
1979 651 2070 718 qui

507 753 575 802 ad
608 767 705 805 nos
746 759 993 819 vergunt.
1036 748 1295 801 Indorum
1347 761 1502 815 gens.
1535 760 1658 812 qua:
1693 741 2074 796 Bartliotomasi

507 843 776 895 doctrina:
797 856 995 910 expers
1024 848 1424 904 permanserat,
1457 852 1486 889 a
1517 837 1803 890 sacerdote
1836 835 2073 901 quodam

512 930 830 984 Frumentio
869 931 1144 997 instituta,
1186 927 1324 981 sacri
1374 924 1644 993 dogmatis
1689 924 1959 991 particeps
1993 931 2077 974 cst

508 1023 673 1075 facta.
708 1021 786 1076 Ne
836 1026 961 1091 quis
999 1031 1181 1074 autem
1243 1028 1419 1088 putet,
1475 1016 1963 1071 Christianismum
2003 1011 2073 1064 ab

512 1115 832 1169 hominibus
859 1115 1144 1183 provenire
1179 1131 1191 1166 :
1223 1112 1276 1166 id
1303 1111 1384 1164 vel
1411 1125 1476 1162 ex
1503 1109 1585 1162 eis
1611 1109 1704 1177 qui
1741 1103 1885 1176 apud
1914 1106 2076 1159 Indos

510 1210 666 1261 tuere
691 1206 1042 1267 Christianis,
1079 1204 1238 1258 facile
1271 1212 1358 1256 est
1407 1216 1758 1269 cognoscere.
1812 1197 1929 1250 Indi
1972 1213 2076 1250 au-

512 1311 620 1353 tem
650 1296 823 1352 Sabaei
855 1298 1118 1366 primum,
1156 1294 1354 1347 deinde
1397 1294 1561 1346 etiam
1609 1291 1901 1343 Ilomerita:
1947 1296 2076 1340 sunt

510 1391 790 1460 appellati.
841 1389 1129 1442 Nationem
1163 1401 1282 1438 eam
1317 1399 1382 1437 ex
1431 1383 1704 1437 Abraham
1764 1390 1823 1434 et
1870 1381 2072 1434 Cctura

510 1493 856 1552 prognatam,
916 1480 1305 1548 regionemque
1349 1493 1472 1532 eam
1523 1491 1686 1544 quam
1724 1474 1898 1528 Graeci
1961 1487 2076 1525 ma-

509 1591 670 1641 gnam
705 1584 762 1626 et
809 1573 1022 1626 felicem
1058 1572 1315 1625 Arabiam
1366 1569 1666 1631 nominant,
1702 1582 1848 1629 esse,
1893 1577 2076 1620 extre-

1723 199 2141 261 NICEPHOIII
2182 200 2522 257 CALLISTI

3641 201 3734 264 132

2767 311 3016 364 ΚΕΦΔΛ.
3049 310 3171 365 AE'.

2185 401 2286 466 Ὧς
2313 401 2410 453 καί
2474 398 2862 471 τὰὲνδότερα
2883 397 3007 471 τῶν
3033 399 3242 471 Ἰνδιῦν
3295 401 3443 471 eam
3477 401 3586 471 τὸν
3615 405 3734 471 xy.

2245 470 2611 536 στιανισμὸν
2643 467 3052 537 παρεδέξαντο
3077 483 3090 496 ⁶
3136 467 3227 521 ἔτι
3287 469 3356 522 δὲ
3393 467 3508 522 καῖ
3530 474 3596 525 τὸ
3617 467 3734 541 Ἃρ.

2241 541 2467 608 μενίων
2490 542 2686 604 ὲθνος.

2260 652 2386 701 Ἐπὶ
2423 650 2481 701 δέ
2513 650 2635 718 τῆς,
2663 651 2835 718 αὐτῆς
2887 651 3169 718 βασιλείας
3226 654 3323 705 καὶ
3366 655 3434 706 τὰ
3492 655 3733 726 ἑνδᾶτερι

2174 743 2286 795 τῶν
2321 742 2445 797 καθ’
2494 744 2644 810 ἡμᾶς
2685 741 2862 796 Ἰνδῶν
2904 742 3056 813 ἔθνη,
3089 744 3191 796 ὅσα
3224 743 3288 814 δὴ
3337 746 3436 812 τῆς
3478 745 3733 810 Βαρθολο-

2180 837 2346 902 μαίου
2375 834 2728 896 διδασκαλίας
2759 835 3034 901 ἀπείρατα
3076 837 3471 905 μεμενήκασιν,
3508 839 3614 889 ύπὸ
3644 857 3734 891 τινι

2181 928 2341 994 ἱερεῖ,
2369 927 2724 996 Φρουμεντίῳ
2752 926 2992 996 τοῦνομα
3012 968 3026 991 ,
3061 930 3351 1000 καθηγητῇ
3384 931 3563 982 αὐτῶν
3598 947 3735 997 γε··οο
3762 956 3779 1000 ι

2179 1019 2352 1086 μένῳ,
2385 1018 2483 1086 τῆς
2504 1019 2655 1083 ίερᾶς
2686 1018 3039 1083 διδασκαλίας
3067 1024 3346 1090 μετέσχον.
3389 1023 3474 1084 Ὠς
3503 1023 3569 1076 ἂν
3589 1023 3645 1074 δὲ
3670 1029 3735 1094 μή

2175 1126 2288 1162 τισι
2315 1110 2500 1182 δοκοίη
2531 1112 2622 1163 τὸν
2652 1112 3086 1182 Χριστιανισμδν
3129 1112 3188 1178 ἐξ
3218 1113 3521 1184 ἀνθρώπων
3550 1117 3759 1184 συστῆ-’

2178 1219 2290 1263 ναι,
2321 1204 2414 1252 καὶ
2442 1205 2506 1254 ἐκ
2529 1203 2636 1255 τῶν
2668 1203 2797 1272 παρ’
2837 1202 3018 1266 Ἰνδοῖς
3041 1206 3352 1274 γενομένων
3379 1206 3578 1274 μαθεῖν
3605 1211 3737 1258 ἐστιν

2176 1295 2426 1356 εὐπετές.
2462 1296 2527 1346 Ui
2569 1297 2616 1348 δ’
2672 1296 2826 1348 Ἰνδοὶ
2861 1298 3032 1349 Σάϐαι
3072 1298 3172 1366 μὲν
3206 1297 3266 1349 τὸ
3313 1298 3582 1350 ἀνέκαθεν
3627 1301 3739 1350 ἐκα-

2178 1385 2365 1437 λοῦντο
2391 1401 2406 1414 ·
2461 1386 2757 1455 Ὀμηρῖται
2789 1387 2849 1440 δέ
2905 1387 3218 1458 ἐκλήθησαν
3266 1388 3517 1458 ὕστερον.
3554 1386 3676 1441 Τῶν
3701 1391 3738 1442 δ’

2177 1480 2242 1531 ἐκ
2291 1480 2603 1548 Χεττούρας
2652 1480 2730 1550 τῷ
2773 1480 3025 1551 Ἀϐραὰμ
3074 1485 3436 1551 γεννωμένων
3468 1485 3526 1534 τό
3575 1483 3737 1543 ἔθνος.

2179 1570 2291 1639 Τὴν
2320 1571 2374 1622 δὲ
2399 1571 2585 1640 χώραν
2613 1572 2792 1624 αὐτῶν
2813 1569 2956 1624 εἷναί
2977 1589 3170 1640 φασιν,
3189 1575 3256 1643 ἢν
3281 1574 3545 1644 ’Έλληνες
3576 1578 3739 1642 μεγά-

512 1684 771 1738 mumque
798 1668 1076 1722 Oceanum
1116 1665 1251 1719 lines
1301 1666 1422 1737 ejus
1471 1663 1780 1733 pertingere
1830 1661 2022 1715 dicunt
2058 1677 2072 1711 :

2182 1663 2279 1730 λην
2331 1664 2592 1731 ’Δραὸίαν
2627 1666 2720 1717 καὶ
2748 1665 3045 1734 εὐδαίμονα
3077 1665 3460 1733 ὀνομάζουσιν.
3504 1667 3631 1718 Ἐπὶ
3659 1669 3742 1718 τὸν

511 1762 668 1831 cujus
709 1759 1033 1828 metropolis
1071 1769 1128 1813 et
1157 1757 1417 1827 primaria
1449 1757 1578 1810 urbs
1607 1765 1693 1809 est
1735 1754 1916 1808 Sabba
1949 1753 2027 1822 (I)
2060 1771 2073 1806 :

513 1854 660 1907 unde
698 1852 765 1906 ad
799 1853 1170 1916 Solomonem,
1208 1850 1348 1902 fama
1399 1849 1634 1911 obtinet,
1671 1847 1960 1899 advenisse
1993 1859 2080 1898 re-

512 1945 693 2012 ginam
725 1943 870 1996 illam
927 1942 1132 1996 Austri.
1168 1941 1312 1994 Gens
1360 1940 1476 2008 ipsa
1528 1937 1963 1999 circumciditur,
2015 1951 2080 1990 ac

511 2039 638 2101 soli,
673 2038 836 2099 lunae,
869 2036 1101 2103 aliisque
1129 2035 1250 2104 ejus
1297 2034 1534 2104 regionis
1589 2034 1786 2087 incolis
1817 2030 2081 2086 daamoni-

514 2128 620 2182 bus
651 2127 942 2182 sacriﬁcat.
989 2126 1228 2180 Immista
1270 2126 1322 2180 ei
1355 2140 1574 2194 quoque
1603 2132 1691 2179 est
1737 2139 1850 2179 non
1881 2123 2078 2192 exigua

510 2219 824 2274 Judzeorum
874 2218 1191 2273 multitudo.
1221 2217 1378 2271 Hanc
1409 2218 1685 2287 regionem
1718 2215 2080 2285 philosophus

511 2312 739 2380 quidam
782 2311 1056 2381 Meropius
1097 2311 1292 2381 Tyrius
1325 2308 1430 2379 (2),
1474 2323 1807 2378 cognoscere
1846 2317 1904 2362 et
1954 2322 2082 2376 per-

511 2403 724 2472 spicere
759 2405 948 2458 volens
972 2444 985 2466 ,
1037 2413 1250 2459 veteres
1287 2405 1567 2472 sapientes
1603 2401 1914 2468 Platonem,
1951 2401 2079 2456 Em-

513 2497 822 2564 pedoclem,
868 2506 926 2550 et
970 2496 1374 2561 Democritum,
1419 2499 1512 2564 qui
1545 2495 1900 2550 visendarum
1929 2496 2082 2550 Ioco-

515 2605 638 2642 rum
664 2591 859 2658 gratia,
892 2588 1191 2657 longinqua
1223 2588 1307 2641 usi
1342 2597 1474 2642 sunt
1504 2586 1875 2656 navigatione,
1908 2585 2081 2640 maxi-

513 2695 710 2748 meque
780 2679 945 2749 608
1002 2679 1449 2747 propinquiorem
1512 2677 1925 2742 Metrodorum,
1983 2677 2078 2746 qui

514 2767 678 2822 Indos
711 2770 1088 2837 perlustravit,
1125 2769 1388 2831 imitatus,
1423 2767 1724 2836 assumptis
1760 2768 2081 2822 adolescen-

408 2883 411 2885 -
516 2858 664 2912 tibus
700 2859 913 2914 duobus
969 2873 1170 2928 genere
1220 2858 1329 2912 sibi
1382 2857 1734 2927 propinquis,
1781 2867 1840 2912 et
1875 2857 2082 2914 Graecae

2181 1755 2436 1819 ἐξωτάτω
2462 1756 2521 1808 δὲ
2567 1756 2820 1808 Ὠκεανὸν
2852 1756 3120 1826 καθήκειν
3147 1756 3351 1822 ταύτης
3383 1759 3452 1807 τὰ
3479 1756 3739 1824 τέρματα·

2178 1843 2301 1918 ἦςη
2339 1847 2698 1917 μητρόπολις,
2815 1846 2986 1911 Σαϐὰ,
3029 1846 3090 1910 ἐξ
3121 1841 3188 1915 ἦς
3233 1836 3543 1913 Σολομῶντι
3575 1862 3745 1913 παρσ-

2180 1941 2468 2008 γεγονέναι
2521 1939 2678 2007 λόγος
2724 1939 2840 2008 ἔχει
2875 1938 2976 2008 τὴν
3022 1939 3117 1990 τοῦ
3171 1937 3346 1990 Νότου
3403 1936 3742 2006 βασίλισσαν.

2191 2031 2596 2100 Ἐμπερίτομον
2624 2030 2681 2082 δὲ
2710 2031 2772 2082 τὸ
2801 2029 2976 2091 ἔθνοςο
3020 2029 3190 2099 Ἡλίῳ
3214 2045 3272 2081 τε
3305 2033 3396 2080 καὶ
3426 2028 3635 2097 Σελήνη
3656 2032 3745 2082 καὶ

2177 2125 2429 2193 δαίμοσιν
2471 2124 2655 2186 ἄλλοις
2703 2123 3018 2192 ἐπιχωρίοις
3062 2120 3204 2175 θύει.
3260 2121 3744 2190 Ἀναπέφυρταιδὲ

2178 2219 2364 2279 αὐτοῖς
2393 2217 2492 2269 καὶ
2523 2215 2800 2268 Ἰουδαίων
2837 2216 2939 2268 οὐκ
2961 2214 3244 2285 ἐλάχιστον
3274 2214 3500 2283 πλῆθος.
3531 2213 3750 2282 Ταύτην

2179 2310 2364 2364 τοίνυν
2415 2308 2695 2380 Μερὸπιὸς
2747 2324 2832 2370 τις
2873 2308 3168 2376 φιλόσοφος
3214 2307 3414 2375 Τύριος
3462 2307 3751 2377 ίστορῆσαι

2183 2403 2422 2473 σπουδὴν
2454 2403 2708 2472 θέμενος,
2743 2402 3126 2472 μιμησάμενος
3172 2401 3274 2470 μὲν
3307 2401 3560 2461 καὶτοὺς
3588 2399 3753 2454 πάλαι

2181 2497 2405 2566 σοφοὺς,
2427 2495 2692 2549 Πλάτωνα
2709 2494 2804 2548 καὶ
2845 2494 3224 2565 Ἐμπεδοκλῆν
3255 2495 3350 2546 καὶ
3377 2495 3756 2564 Δημόκριτον,

2183 2587 2325 2639 auth
2382 2586 2514 2639 θέαν
2569 2587 2755 2640 τόπων
2816 2585 2986 2640 πλοῦν
3034 2585 3426 2656 στειλαμένους
3484 2585 3709 2656 μακρὸν
3740 2625 3757 2650 ,

2184 2675 2421 2743 μάλιστα
2451 2675 2508 2728 δὲ
2543 2675 2634 2729 τὸν
2679 2675 2931 2746 προσεχῆ
2964 2677 3334 2748 Μητρόδωρον
3381 2677 3450 2730 τὰ
3485 2678 3614 2729 κατ’
3659 2679 3757 2730 Ἰν-

2179 2766 2305 2829 δοὺς
2341 2767 2723 2837 ἱστορήσαντα,
2772 2767 2867 2820 δύο
2904 2771 3028 2821 τινὰ
3072 2771 3339 2837 μειράκια
3383 2758 3760 2839 συμπαραλα-

2182 2851 2294 2904 ϐὼν
2329 2854 2478 2920 γένει
2510 2856 2883 2925 προσήκοντα,
2916 2857 3012 2909 καὶ
3053 2857 3374 2927 Ἑλληνικῆς
3404 2859 3508 2910 οὐκ
3552 2859 3762 2928 ἄμοιρα

515 2951 714 3020 linguae
751 2967 856 3004 non
891 2951 1162 3020 imperitis
1189 2950 1543 3005 (liberalibus
1565 2953 1712 3006 enim
1743 2951 1958 3006 artibus
1984 2967 2077 3007 eos

2185 2947 2465 3001 διαλέκτου
2514 2949 2864 3018 (ἐλευθερίων
2907 2950 3015 3020 γὰρ
3065 2950 3155 3004 διὰ
3199 2951 3372 3018 λόγων
3401 2945 3544 3020 ἦγεν
3576 2951 3764 3021 αὐτὰ),

514 3043 842 3110 crudierat),
868 3059 932 3105 eo
963 3052 1050 3096 est
1076 3042 1376 3110 profectus.
1407 3043 1588 3112 Atque
1617 3044 1692 3098 ibi
1715 3045 1919 3114 quibus
1942 3060 2084 3115 opus

514 3143 638 3185 erat
665 3133 830 3187 rebus
861 3134 1184 3202 perspectis,
1218 3133 1332 3202 jam
1363 3135 1416 3187 in
1448 3135 1627 3190 reditu
1654 3145 1796 3201 erat,
1833 3135 2085 3206 [Egyptia

518 3234 708 3279 vectus
740 3241 898 3279 nave.
930 3225 1158 3295 Propter
1195 3227 1484 3296 penuriam
1525 3238 1710 3282 autem
1743 3229 1860 3284 sive
1902 3245 2083 3299 aqua,

515 3331 616 3370 seu
668 3317 898 3369 alterius
932 3319 1254 3372 necessarii?
1303 3319 1405 3381 rei,
1432 3318 1498 3373 ad
1533 3330 1751 3388 portum
1789 3321 2081 3390 quemdam

513 3410 804 3478 appulcre.
833 3407 1104 3462 Evenerat
1140 3419 1293 3474 tum,
1338 3421 1394 3463 ut
1446 3410 1623 3465 ltedus
1682 3419 1737 3465 et
1787 3426 1890 3479 pax
1939 3413 2084 3466 inter

519 3501 794 3554 Itomauos
850 3508 907 3553 et
958 3501 1118 3554 Indos
1166 3512 1322 3570 pacta
1371 3503 1698 3557 solveretur.
1748 3504 1927 3572 Atque
1963 3504 2082 3559 Indi

514 3591 776 3645 alicunde
812 3592 1128 3647 incursione
1186 3594 1240 3646 in
1276 3608 1370 3647 cos
1423 3603 1566 3659 acta,
1609 3609 1735 3647 cum
1784 3596 1923 3650 alios
1967 3597 2086 3666 ple-

515 3700 754 3754 rusque,
831 3696 945 3738 tum
1020 3685 1194 3754 ipsum
1285 3686 1671 3756 philosophum
1731 3687 2078 3744 interemerc.

516 3775 724 3829 Pueros
754 3783 966 3852 autem,
989 3786 1046 3828 ut
1101 3785 1226 3844 pote
1276 3787 1433 3831 :etate
1483 3788 1670 3831 tenera
1696 3819 1712 3842 ,
1744 3788 1934 3847 captos
1966 3781 2081 3848 regi

514 3882 617 3920 suo
668 3869 811 3922 dono
858 3869 1157 3922 abduxere.
1217 3869 1285 3922 Et
1333 3869 1426 3922 ille
1477 3869 1753 3938 juniorem
1811 3871 2032 3938 quidem
2063 3911 2078 3937 ,

509 3958 720 4014 Aidesii
760 3960 810 4014 ei
850 3975 1045 4014 nomen
1096 3968 1235 4025 erat,
1294 3961 1602 4014 ministerio
1651 3962 1760 4014 vini
1793 3963 2080 4027 miscendi,

516 4052 894 4106 Frumentium
925 4063 1110 4106 autem
1145 4069 1344 4107 arcano
1387 4057 1657 4124 regiarum
1693 4055 1999 4109 litterarum
2029 4065 2083 4111 et

514 4148 871 4214 pecuniarum
905 4147 1269 4199 curandarum
1298 4148 1509 4200 muneri
1532 4147 1896 4217 (ingeniosum
1925 4164 2082 4201 nam-

511 4254 645 4308 que,
705 4249 761 4292 et
815 4239 881 4292 ad
938 4239 1246 4308 Iiujusmodi
1284 4239 1468 4291 munia
1499 4241 1752 4292 obeunda
1812 4240 2076 4294 idoneum

2184 3038 2280 3090 τοῦ
2310 3039 2498 3108 πρόσω
2526 3039 2811 3108 ἠπείγετο.
2857 3041 2966 3093 Καὶ
3001 3040 3136 3110 δῆτα
3169 3042 3270 3094 ὅσα
3319 3043 3372 3110 γ’
3401 3043 3586 3112 ἐχρῆν
3622 3045 3767 3097 loto-

2187 3131 2368 3199 ρήσας
2389 3169 2406 3195 ,
2442 3131 2707 3182 ἐπανόδου
2741 3131 2939 3200 εἴχετο,
2972 3134 3250 3205 Αἰγυπτίᾳ
3285 3134 3624 3189 καταπλέων
3655 3138 3766 3206 νηΐ.

2185 3225 2344 3278 Κατὰ
2374 3224 2431 3277 δὲ
2456 3225 2648 3294 χρείαν
2668 3225 2861 3289 ὓδατος
2895 3225 2928 3296 ἦ
2960 3228 3054 3280 καί
3076 3246 3221 3293 τινος
3247 3230 3409 3283 ἄλλου
3443 3232 3564 3284 τῶν
3595 3234 3770 3302 ἀναγ-

2185 3319 2358 3372 καίων
2405 3317 2587 3386 λιμένι
2633 3320 2998 3392 προσορμίζει
3038 3325 3178 3376 τινί.
3235 3324 3462 3393 Συμὸὰν
3500 3327 3564 3379 δὲ
3617 3343 3772 3396 τηνι·

2185 3406 2362 3458 καῦτα
2392 3405 2491 3468 τὰς
2541 3405 2750 3476 μεταξὺ
2809 3407 3096 3478 Ῥωμαίων
3150 3427 3210 3463 τε
3263 3415 3359 3464 καὶ
3418 3415 3617 3468 Ἰνδῶν
3658 3419 3776 3470 δια·

2186 3497 2718 3564 σπᾶσθαισπονδὰς,
2769 3499 2921 3554 Ἰνδοί
2970 3501 3136 3554 ποθεν
3182 3504 3586 3574 ἐκδραμόντες,
3621 3510 3776 3561 κτεί-

2183 3602 2336 3640 νουσι
2369 3590 2468 3656 μὲν
2509 3590 2781 3653 ἅπανταςο
2841 3595 2935 3645 καὶ
2990 3595 3155 3647 αὐτὸν
3200 3595 3258 3648 δὲ
3316 3598 3410 3650 τὸν
3466 3601 3778 3670 φιλόσοφον

2180 3677 2562 3748 διεχρήσαντο.
2596 3681 2736 3743 Τοὺς
2772 3680 2830 3733 δὲ
2862 3683 3061 3746 παῖδας
3116 3683 3213 3737 ἅτε
3245 3687 3397 3750 νέους
3434 3687 3778 3762 ζωγρήσαν-

2181 3787 2294 3837 τες,
2325 3771 2498 3840 δῶρον
2545 3771 2622 3842 τῷ
2661 3774 2813 3842 σφῶν
2861 3777 3200 3846 προσάγουσι
3249 3779 3507 3849 βασιλεῖ.
3566 3787 3684 3838 Καὶ
3723 3785 3783 3849 ὃς

2182 3863 2274 3916 τὸν
2302 3865 2402 3934 μὲν
2429 3864 2718 3934 νεώτερον,
2751 3866 2996 3930 Αίδέσιος
3024 3866 3092 3940 ἦν
3139 3873 3290 3941 αύτῷ
3329 3875 3539 3946 ὄνομα,
3579 3881 3685 3930 ἐπὶ
3722 3881 3783 3932 τὸ

2181 3957 2444 4026 οἰνοχοεῖν
2497 3958 2764 4011 καθίστα·
2805 3961 2898 4016 τὸν
2942 3963 2999 4015 δὲ
3033 3965 3398 4035 Φρουμέντιον
3435 3973 3560 4024 τῶν
3622 3973 3786 4043 βασι-

2182 4048 2351 4100 λικῶν
2383 4051 2731 4119 γραμμάτων
2769 4054 2974 4124 ταμίαν
3009 4053 3144 4126 εἶχε,
3170 4061 3266 4112 καὶ
3297 4061 3406 4113 τῶν
3451 4069 3786 4134 χρημάτων

2184 4139 2500 4208 ἐπίτροπον.
2553 4141 2852 4213 Ἐχέφρονα
2903 4147 3011 4216 γὰρ
3056 4143 3222 4212 εἶναι,
3270 4153 3361 4202 καὶ
3406 4155 3483 4206 τὰ
3537 4155 3791 4210 τοιαῦτα

2181 4230 2452 4284 διακονεῖν
2478 4233 2778 4301 ἐγίνωσκεν
2800 4236 3156 4294 ίκανώτατον.
3192 4241 3386 4312 Χρόνῳ
3433 4245 3498 4298 δὲ
3526 4248 3791 4319 πλείστῳ

511 4345 635 4384 esse
664 4339 1018 4399 cognoverat)
1067 4329 1330 4397 praefecit.
1359 4328 1426 4382 Et
1453 4344 1575 4382 cum
1607 4329 1766 4382 anuis
1821 4329 2075 4398 pluribus

2181 4322 2248 4374 τὰ
2277 4327 2443 4404 πιστά
2484 4328 2533 4378 oi
2584 4331 3029 4400 παρεσχηκότας,
3080 4305 3367 4388 τελευτῶν,
3395 4340 3500 4392 ἐπὶ¹
3553 4305 3794 4416 γαμετῇ

510 4423 784 4493 egregiam
842 4423 892 4476 ei
966 4423 1125 4476 Iidem
1184 4421 1586 4492 praestitissent,
1650 4429 1892 4482 moriens
1957 4444 2071 4496 rex,

511 4533 682 4570 uxore
741 4525 798 4569 et
843 4526 1035 4569 tenero
1065 4514 1177 4568 lilio
1225 4515 1434 4579 relicto,
1491 4516 1806 4571 diuturnam
1855 4518 2072 4573 illorum

509 4607 948 4662 benevolentiam
987 4607 1239 4661 libertate
1275 4605 1400 4658 data
1423 4609 1820 4675 compensavit,
1846 4621 1900 4664 et
1935 4625 2075 4678 quo-

449 4745 452 4748 .
507 4711 730 4764 cunque
755 4695 876 4751 loco
906 4711 1029 4750 esse
1069 4695 1293 4758 vellent,
1336 4697 1603 4766 migrandi
1636 4698 1718 4752 eis
1744 4709 2074 4768 potestatem

510 4791 778 4857 permisit.
835 4789 1024 4858 Itaque
1072 4789 1151 4842 illi
1184 4789 1408 4860 Tyrum,
1456 4805 1577 4859 quae
1612 4794 1784 4860 patria
1813 4793 1892 4846 eis
1937 4804 2072 4858 erat,

509 4881 692 4934 redire
753 4882 1145 4949 prOperabant.
1212 4883 1283 4935 At
1338 4880 1597 4935 Indorum
1644 4883 1830 4952 regina
1864 4925 1878 4947 ,
1923 4886 2074 4954 quod

511 4980 666 5024 tener
721 4971 1020 5024 admodum
1107 4973 1253 5026 ﬁlius
1314 4982 1480 5035 esset,
1544 4987 1674 5036 eos,
1743 4984 1800 5027 ut
1855 4975 2073 5044 aliquod

505 5060 692 5114 adhuc
719 5060 785 5112 ad
815 5072 1046 5128 tempus,
1080 5063 1232 5130 pueri
1267 5063 1527 5132 regnique
1559 5071 1840 5120 curatores
1863 5067 2070 5120 consti-

506 5151 636 5214 tuti,
663 5151 839 5205 donec
869 5151 959 5205 ille
995 5155 1165 5222 major
1197 5154 1372 5216 ﬁeret,
1393 5154 1466 5209 ibi
1497 5170 1803 5220 manerent,
1837 5159 2069 5228 rogavit.

501 5244 896 5314 Obsequuntur
943 5243 1062 5309 illi;
1108 5245 1438 5312 verebantur
1480 5248 1626 5301 enim
1682 5249 1828 5302 bene
1883 5259 2071 5320 optata

505 5336 734 5406 rcjicere
771 5344 867 5390 :et
892 5335 1148 5389 Indorum
1189 5353 1438 5406 regnum,
1483 5339 1663 5406 quoad
1695 5351 1941 5408 potuero,
1979 5343 2075 5395 ad-

505 5429 841 5482 ministrant.
898 5428 962 5481 Iit
1019 5430 1191 5497 magis
1236 5444 1404 5498 penes
1438 5429 1811 5484 Frumentium
1857 5449 2071 5488 summa

578 5611 652 5670 (ι)
683 5611 820 5663 Plin.
855 5610 954 5664 lib.
982 5627 1052 5676 vi,
1077 5628 1196 5679 cap.
1230 5613 1320 5666 9.5.

2185 4416 2277 4467 καὶ
2305 4417 2498 4487 ἁπαλῷ
2546 4422 2700 4472 παιδὶ
2743 4423 3030 4494 ἐλευθερίᾳ
3074 4426 3176 4496 τὴν
3227 4431 3453 4499 μακρὰν
3504 4434 3794 4502 ἠμείϐετο

2184 4507 2416 4575 εὔνοιαν,
2449 4510 2543 4563 καὶ
2567 4511 2672 4582 ὅπη
2699 4513 2778 4584 δὴ
2796 4514 3145 4588 βουλομένοις
3182 4519 3521 4592 διατρίϐειν,
3576 4529 3796 4583 ἀνεῖτο.

2180 4600 2244 4651 Ol
2277 4601 2376 4670 μὲν
2403 4602 2497 4655 οῦν
2522 4607 2600 4667 είς
2632 4604 2810 4676 Τύρον
2855 4607 3118 4664 ἔσπευδον
3167 4613 3500 4684 ἐπανήκειν,
3539 4620 3682 4671 ὅθεν
3728 4622 3796 4690 δὴ

2179 4691 2273 4742 καὶ
2302 4693 2559 4760 πατρίδος
2598 4690 2741 4766 ἦσαν
2769 4713 2783 4727 ·
2842 4698 2872 4767 ἡ
2923 4697 2982 4751 δὲ
3033 4699 3251 4769 βασιλὶς
3295 4703 3404 4756 τῶν
3446 4706 3658 4760 Ἰνδῶν
3701 4695 3798 4764 ’ἔτι

2179 4785 2378 4856 κομιδῆ
2404 4788 2526 4839 νέου
2567 4789 2662 4842 τοῦ
2720 4791 2909 4856 παιδὸς
2951 4793 3106 4858 ὄντος
3159 4795 3332 4849 ἐδεῖτο
3387 4802 3538 4869 παρ’
3598 4804 3799 4870 ὀλίγον

2179 4878 2368 4946 μένειν
2395 4880 2589 4948 χρόνον
2618 4881 2699 4943 είς
2741 4882 3071 4953 ἐπιτρόπους
3124 4887 3224 4957 τῆς
3257 4891 3437 4958 ἀρχῆς
3501 4896 3804 4950 καθιστα-

2179 4971 2374 5036 μένους
2397 4972 2474 5042 τῴ
2508 4973 2634 5042 νέῳ,
2662 4973 2765 5034 ἕως
2795 4974 2856 5030 οῦ
2891 4980 2919 5029 ὁ
2945 4981 3073 5042 παῖς
3114 4981 3447 5051 ἀνδρωθείη.
3501 4987 3632 5040 Καὶ
3667 4991 3803 5041 πεί-

2175 5059 2360 5115 θονται
2394 5065 2493 5132 μὲν
2518 5067 2757 5118 ἐκεῖνοι·
2796 5068 3019 5138 ᾐδοῦντο
3049 5072 3154 5141 γὰρ
3206 5073 3639 5131 ἀντιδολοῦσαν
3692 5085 3804 5147 τὴν

2173 5153 2466 5209 δέσποιναν
2495 5161 2978 5229 παραιτήσασθαι·
3022 5163 3117 5216 καὶ
3160 5164 3258 5235 τὴν
3307 5167 3647 5236 ήγεμο·ιίαν
3697 5170 3808 5224 Ἰν-

2173 5247 2280 5300 δῶν
2317 5249 2392 5310 ὡς
2423 5249 2705 5320 ἐγχωροῦν
2752 5253 3146 5320 ἐπετρόπευον.
3200 5259 3309 5312 Καὶ
3342 5242 3580 5329 μᾶλλον
3615 5267 3809 5335 Φρου-

2177 5343 2393 5410 μέντιος
2421 5345 2515 5396 ἐπὶ
2548 5344 2653 5396 τῶν
2687 5344 2822 5398 ὅλων
2873 5341 2972 5415 ἦν·
3011 5347 3069 5410 ὃς
3098 5349 3232 5403 Θεοῦ
3281 5368 3342 5419 γε
3387 5349 3580 5422 οἶμαι
3611 5358 3812 5427 διερε-

2173 5432 2437 5499 θίζοντος,
2480 5435 2532 5485 εί
2554 5437 2696 5500 τινές
2721 5439 2827 5491 είσι
2853 5439 2984 5510 παρ’
3029 5439 3207 5505 Ἰνδοῖς
3248 5445 3608 5515 Χριστιανοὶ
3661 5452 3816 5524 ἀνη-

2243 5616 2662 5679 t2)Socrat.Iib.
2693 5633 2731 5682 ι.
2762 5633 2882 5682 cap.
2917 5618 3005 5674 l9.
