3972 6200
265 188 369 250 33'}

1168 196 1771 258 ECCLESIASTIC.‘E
1808 200 2194 264 HISTORIA!
2234 191 2382 269 ΠΒ.
2418 209 2591 274 VIII.

3412 218 3515 288 1Ίᾷ

261 302 517 375 ρεύνσ,ῆ
569 303 937 376 Ῥωμαῖοιτῷ
986 307 1105 377 πλῷ
1139 310 1622 382 ὲπιχωριάζοντες.
1676 315 1825 381 Εὐρί-

1944 332 2129 371 rerum
2155 333 2275 377 erat
2300 341 2313 377 :
2335 325 2451 393 qui,
2488 337 2547 380 ut
2576 328 2831 397 equidem
2865 340 3019 401 puto,
3057 334 3348 406 inStigante
3375 341 3507 400 Deo.

259 412 412 447 σκων
439 395 519 459 δὶ,
567 395 911 463 φιλοφρόνως
941 415 999 450 τε
1054 400 1346 471 ὑπεδέχετο
1371 419 1386 434 ’
1425 404 1519 455 καλ⁵
1571 404 1832 467 ίδιάζουσι

256 484 472 544 τόποις,
578 484 700 547 ἔθος
750 487 1118 556 Χριστιανοῖς,
1170 493 1492 564 συνηύχετο.
1556 495 1617 547 '0
1647 495 1692 549 δ’
1727 488 1830 552 ὧδε

258 573 492 639 προῖὼν,
516 577 810 642 εὐκτήριον
841 574 990 631 οἰκον
1021 581 1379 651 ἀνῳκοδόμει.
1408 585 1516 638 Καί
1550 603 1702 653 τινας
1724 588 1833 640 τῶν

267 661 457 713 Ἰνδῶν
502 666 799 734 κατηχῶν,
844 668 1012 737 εὐχὰς
1043 671 1219 722 τελεῖν
1266 675 1685 743 παρεσκεύαζε,
1739 678 1834 729 καὶ

258 759 593 825 πρεσϐεύειν
630 760 697 811 τά
747 761 866 812 θεῖα
920 763 1324 832 προύτρέπετο.
1375 768 1514 838 Ἤδη
1559 768 1833 840 δ’ὲφήϐου

257 845 354 896 τοῦ
388 845 659 915 βασιλέως
709 850 1009 918 γενομένου
1041 855 1253 919 παιδὸς,
1282 856 1472 910 τοῦτόν
1516 875 1576 912 τε
1608 862 1703 913 καὶ
1731 864 1833 931 τὴν

259 939 434 992 αὑτοῦ
467 943 697 1009 έμητέρα
742 947 1249 1015 παραιτησάμενοι,
1294 949 1388 1002 ἐπὶ
1431 948 1531 1020 τὴν
1562 953 1836 1023 σφετέραν

256 1030 422 1084 πόλιν
448 1033 749 1096 ἀπέπλεον,
781 1035 986 1100 καίπερ
1035 1037 1222 1106 μένειν
1248 1039 1609 1107 ῶςιπλεῖστον
1639 1045 1833 1098 ἐκϐια-

255 1122 503 1190 ζόμενοι.
537 1125 646 1177 Καὶ
687 1126 718 1176 ὁ
755 1126 856 1194 μὲν
901 1128 1152 1193 Αίδεσιος
1196 1131 1281 1194 είς
1325 1131 1502 1204 Τύρον
1527 1135 1701 1206 ἥκων,
1740 1140 1833 1193 καὶ

251 1213 383 1272 τοὺς
423 1217 810 1285 προσήκοντας
861 1219 1128 1283 κατιδὼν,
1183 1223 1323 1275 κατά
1360 1223 1534 1278 ταῦτα
1580 1228 1682 1296 τῆς
1732 1230 1829 1281 τοῦ

253 1306 663 1374 πρεσϐυτερίου
697 1308 967 1380 καθέδρας
997 1311 1223 1381 ἠξίωτο·
1249 1316 1617 1385 Φρουμέντιος
1645 1320 1702 1374 δὲ
1729 1323 1830 1390 τὴν

252 1393 350 1443 ἐπὶ
398 1394 656 1458 Φοίνικας
701 1399 966 1468 παριδὼν,
998 1402 1080 1464 είς
1109 1401 1521 1476 Ἀλεξάνδρειαν
1551 1402 1654 1479 ἧκε
1676 1425 1692 1441 ο
1732 1412 1830 1465 καὶ

263 1482 576 1557 ’Δθανασίῳ
610 1488 875 1559 ἐντυχὼν,
909 1491 1035 1560 άρτι
1062 1493 1174 1548 τῶν
1208 1497 1370 1567 ίερῶν
1411 1499 1617 1554 οίάκων
1650 1501 1825 1573 ὑπερ-

249 1574 570 1639 καθίσαντι.
598 1580 670 1633 τά
718 1579 842 1634 κατ’
894 1583 1090 1647 Ἰνδοὺς
1135 1586 1448 1657 διηγεῖταιο
1500 1592 1595 1645 καὶ
1641 1593 1718 1657 ὡς
1767 1598 1826 1648 ὲν

1937 408 1982 461 si
2015 410 2144 476 quid
2174 415 2315 480 apud
2348 413 2510 469 lndos
2544 415 2863 496 Christiani,
2912 431 3005 476 aut
3049 431 3140 493 qui
3183 429 3417 484 navihus
3445 447 3511 485 eo

1937 493 2357 564 frequentarent
2408 504 2636 560 Romani
2673 493 2875 575 essent,
2912 513 3203 582 diligenter
3239 535 3511 586 perscru-

1941 585 2179 639 tabatur.
2204 590 2311 643 Eos
2357 595 2609 650 inventos
2645 601 3058 665 perhumaniter
3087 609 3320 677 accepit,
3346 612 3511 667 locis-

1933 688 2061 742 que,
2108 677 2563 747 Christianorum
2594 702 2783 752 more,
2832 693 2948 746 suis
3007 709 3130 747 cum
3175 700 3256 752 eis
3306 703 3506 757 oravit.

1934 761 2113 832 Atque
2162 781 2228 819 ea
2279 783 2602 839 progressus
2652 780 2759 842 via,
2796 782 3065 837 orationis
3095 786 3317 841 domum
3377 807 3511 845 con-

1933 860 2129 913 struxit
2166 878 2179 913 :
2212 873 2267 916 et
2293 867 2556 932 quosdam
2590 887 2651 924 ex
2704 873 2859 930 Indis
2892 879 3065 934 sacris
3103 886 3307 939 nostris
3344 885 3507 940 insti-

1934 952 2116 1010 tuens,
2142 954 2549 1018 precationibus
2578 964 2794 1028 Operari
2833 966 3021 1023 docuit
3049 1009 3063 1033 ,
3096 982 3153 1025 et
3185 975 3506 1044 religionem

1931 1036 2176 1104 proﬁteri
2227 1041 2473 1100 hortatus
2503 1060 2606 1102 est.
2640 1052 2706 1107 Et
2738 1052 2883 1111 illius
2925 1061 3065 1126 regis
3089 1062 3200 1133 jam
3259 1036 3508 1135 ephebus

1929 1138 2066 1181 erat.
2098 1129 2277 1199 Atque
2325 1134 2403 1188 illi
2434 1142 2715 1208 quamvis,
2758 1156 2815 1198 ut
2846 1129 3131 1206 manerent
3155 1193 3169 1215 ,
3203 1156 3501 1225 plurimum

1930 1228 2276 1285 cogerentur,
2317 1232 2553 1281 attamen
2601 1239 2658 1282 et
2708 1248 2833 1288 cum
2875 1239 3016 1308 regis
3050 1250 3105 1294 et
3143 1258 3269 1297 cum
3316 1249 3504 1303 matris

1930 1307 2051 1374 ejus
2076 1310 2214 1365 bona
2243 1317 2398 1368 venia
2433 1319 2484 1372 in
2532 1325 2761 1389 patriam
2792 1307 2952 1384 suam
2985 1334 3214 1390 rediere.
3244 1338 3309 1393 Et
3336 1339 3504 1394 IEde-

1930 1398 2050 1453 sius
2078 1402 2297 1470 quidem
2324 1407 2471 1478 Tyri,
2504 1424 2728 1483 propter
2760 1422 3097 1491 propinquos
3129 1442 3280 1491 suos,
3312 1442 3501 1499 postea

1931 1489 2254 1559 presbyterii
2282 1501 2579 1567 assumpsit
2599 1503 2939 1572 dignitatem.
2973 1489 3329 1572 Frumentius
3350 1534 3502 1583 vero,

1931 1577 2210 1637 Phrenicia
2268 1585 2479 1652 relicta,
2526 1590 2907 1651 Alexandriam
2952 1615 3009 1655 se
3039 1607 3309 1661 contulit:
3339 1608 3507 1679 609

246 1666 457 1735 ἑτοίμῳ
485 1669 595 1722 είοὶ
618 1671 710 1724 τὸν
738 1673 1166 1745 Χριστιανισμὸν
1195 1681 1609 1750 παραδέξασθαι
1645 1685 1821 1755 ἔλεγε,

1928 1676 2093 1738 atque
2123 1671 2190 1725 ad
2221 1674 2577 1734 Athanasium
2614 1698 2738 1737 cum
2778 1689 3032 1756 venisset,
3075 1697 3167 1763 qui
3209 1660 3504 1767 nupera;

249 1760 345 1809 mi.
374 1759 454 1828 μὴ
480 1763 745 1832 περιορᾷν
770 1765 893 1825 ,τὴν
934 1765 1110 1837 θήραν
1157 1774 1557 1843 κατηντιϐόλει·
1591 1777 1741 1849 ίερέα
1765 1779 1824 1832 δὲ

246 1850 373 1902 ὅσον
407 1853 575 1919 τάχος
599 1855 696 1908 καὶ
728 1856 932 1928 κλῆρον
959 1862 1145 1926 αὐτοῖς
1189 1865 1549 1937 ἑπιπίμπειν.
1595 1870 1826 1925 Ἀθανά-

251 1954 365 2001 σιος
394 1941 453 1993 δὲ
478 1944 563 2004 εἰς
609 1944 821 1999 ἔννοιαν
874 1947 1101 2017 θέμενος
1130 1952 1190 2005 τδ
1239 1954 1423 2024 ῥηθὲν,
1476 1959 1603 2022 τοὺς
1632 1961 1825 2030 ἐπιδη-

254 2031 497 2099 μοῦντας
524 2034 635 2088 τῶν
664 2036 978 2093 ἑπισκόπων
1000 2041 1285 2113 ἀθροίσας,
1317 2049 1416 2103 οὐκ
1439 2050 1602 2104 ἄλλον
1635 2054 1825 2123 ἐπιτή-

249 2123 389 2176 δειόν
418 2140 482 2178 τε
537 2129 633 2179 καὶ
698 2129 1029 2184 ἱκανώτατον
1083 2134 1182 2206 τὴν
1232 2137 1530 2209 θρησκείαν
1584 2145 1822 2215 αὐξῆσαι

252 2214 468 2284 ἔκρινεν
497 2217 531 2286 ἢ
571 2219 736 2272 αὑτὸν
770 2222 977 2277 ἐκεῖνον
1023 2225 1082 2289 ὃς
1135 2230 1353 2298 πρῶτος
1391 2236 1682 2304 σπέρματα
1714 2214 1822 2304 τῆς

250 2307 358 2359 τῶν
408 2308 765 2379 Χριστιανῶν
828 2316 1120 2384 μετουσίας
1170 2323 1355 2387 αὐτοῖς
1417 2328 1819 2386 κατεϐάλλετο.

252 2399 358 2451 Καὶ
381 2402 413 2453 δ
446 2400 553 2468 μὲν
586 2404 850 2468 πεισθεὶς,
883 2408 1226 2478 ἀνελάμϐανε
1250 2415 1351 2484 τὴν
1376 2418 1698 2505 ἱερωσύνην·
1730 2427 1822 2480 καὶ

251 2487 403 2554 αὖθις
436 2495 535 2547 ἐπὶ
558 2496 663 2583 τὴν
704 2498 880 2555 Ἰνδῶν
915 2503 1216 2575 ἀνέστρεφε
1258 2509 1465 2579 χώραν·
1495 2487 1589 2565 καὶ
1630 2487 1821 2585 ⁷κῆρμξ

250 2584 342 2637 τοῦ
375 2576 721 2655 Εὐάγγελίου
740 2594 853 2655 τοῖς
881 2594 1059 2648 ἐκεῖσε
1086 2574 1519 2668 ἅπασι-γίνεται.
1552 2574 1819 2663 Taces-ro;
1844 2574 1863 2595 .

251 2672 293 2724 δ’
320 2676 690 2746 ἐπαινεθῆναι
715 2680 906 2735 τοῦτον
939 2702 1101 2752 φασιν
1120 2729 1135 2752 ,
1165 2690 1241 2753 ὡς
1284 2692 1398 2747 ίσον
1422 2697 1483 2748 τὸ
1512 2698 1683 2768 γέρας
1707 2705 1819 2767 τοῖς

251 2762 574 2827 ἀποστόλοις
597 2768 903 2837 κτήσασθαι
927 2788 941 2803 ·
963 2773 1086 2826 ἐπεί
1103 2778 1184 2829 τοί
1206 2794 1269 2844 γε
1292 2781 1384 2832 καὶ
1411 2762 1818 2856 ἐπισημότατον

251 2855 279 2905 δ
311 2855 448 2918 Θεὸς
487 2858 654 2911 αὐτὸν
701 2862 971 2933 ἀπέφηνε,
1002 2867 1194 2938 τέρασι
1238 2872 1333 2923 καὶ
1377 2855 1622 2943 σημείοις
1675 2883 1820 2948 ἐξαι-

253 2944 387 3020 σίοις
410 2952 815 3019 κατακοσμῶν·
840 2955 1100 3020 πλουσίας
1121 2960 1228 3029 γὰρ
1258 2965 1356 3033 τῆς
1380 2967 1604 3036 χάριτος
1633 2944 1820 3041 εὐμοι-

1930 1760 2152 1816 modum
2177 1764 2243 1817 ad
2271 1781 2424 1821 sacra
2460 1770 2714 1829 Ecclesiae
2748 1778 3110 1845 gubernacula
3151 1797 3500 1854 pervenerat.

1932 1865 2019 1905 res
2048 1851 2300 1910 Indorum
2327 1858 2377 1912 ei
2410 1865 2682 1929 exposuit.
2722 1876 2777 1919 et
2809 1877 2867 1922 ut
2916 1851 3183 1939 proclives
3213 1879 3499 1948 paratique

1929 1943 1996 1996 ad
2030 1944 2505 2006 Christianismum
2557 1959 2964 2023 suscipiendum
3007 1976 3193 2022 essent
3213 1943 3496 2027 ostendit.

1928 2034 1996 2089 Et
2026 2036 2267 2107 insuper,
2304 2057 2415 2096 non
2449 2045 2852 2114 despiciendam
2904 2069 3024 2109 esse
3059 2068 3163 2110 tam
3190 2070 3499 2129 Opportune

1929 2126 2164 2182 oblatam
2199 2134 2538 2190 venationem
2559 2176 2575 2203 ,
2604 2140 2700 2193 sed
2733 2144 3050 2214 episcopum
3092 2161 3158 2202 eo
3192 2159 3253 2206 et
3290 2153 3499 2208 clerum

1930 2217 2037 2272 illis
2100 2226 2503 2291 quamprimum
2574 2232 2898 2290 mittendum
2954 2254 3075 2295 esse
3144 2245 3494 2312 supplicavit.

1927 2307 2257 2368 Athanasius
2287 2332 2449 2384 porro
2476 2323 2659 2377 verbis
2688 2327 2771 2380 eis
2815 2331 2868 2381 in
2902 2332 3093 2410 animo
3123 2349 3224 2388 suo
3259 2352 3498 2407 perpen-

1927 2398 2027 2460 sis,
2061 2403 2356 2473 episcopis,
2398 2410 2497 2478 qui
2534 2421 2646 2467 tum
2669 2415 3009 2474 Alexandriae
3044 2398 3292 2490 aderant,
3327 2398 3496 2481 advo-
3605 2480 3608 2483 .

1926 2490 2086 2555 catis,
2140 2510 2244 2550 non
2288 2500 2453 2556 alium
2489 2508 2750 2574 aptiorem
2797 2513 3080 2584 magisque
3112 2519 3369 2573 idoneum
3425 2520 3493 2574 ad

1926 2584 2133 2639 cultum
2176 2588 2419 2645 divinum
2472 2596 2541 2649 ibi
2598 2599 2976 2671 adaugendum
3023 2607 3290 2676 judicavit
3349 2627 3491 2678 esse,

1927 2689 2088 2745 quant
2118 2693 2241 2733 eum
2264 2681 2458 2750 ipsum,
2480 2688 2569 2755 qui
2602 2693 2807 2759 primus
2828 2695 3035 2749 semina
3059 2698 3492 2758 Christianorum

1927 2772 2329 2826 communionis
2358 2777 2500 2843 apud
2535 2793 2630 2833 eos
2665 2780 2908 2847 jecisset.
2942 2786 3116 2856 Atque
3148 2790 3236 2844 ille
3268 2808 3495 2861 persua«

1927 2872 2039 2923 sus,
2067 2861 2434 2932 episcopatum
2464 2874 2739 2940 suscepit;
2768 2882 2823 2927 et
2852 2874 2906 2928 in
2934 2881 3205 2946 regionem
3237 2882 3492 2938 Indorum

1929 2965 2201 3013 reversus.
2240 2973 2415 3024 praeco
2445 2959 2720 3033 Evangelii
2754 2966 2874 3021 istic
2905 2972 3160 3026 omnibus
3188 2974 3359 3030 factus
3385 2990 3489 3034 est.

255 3039 448 3105 ρήσας,
474 3039 665 3103 οῖκους
705 3042 826 3114 Θεῷ
858 3020 1143 3113 πλείστους
1174 3020 1484 3125 ἀνήγειρεν.
1532 3020 1820 3134 ἰἆττριξξι

1931 3040 2235 3112 Tantopere
2268 3065 2395 3102 vero
2437 3069 2560 3106 eum
2593 3055 2870 3110 laudatum
2902 3075 3022 3116 esse
3057 3063 3238 3118 ferunt
3263 3107 3276 3131 ,
3309 3080 3367 3122 ut
3400 3088 3495 3138 pa-

254 3129 340 3180 u‘.
376 3132 507 3183 κατ’
558 3132 727 3201 ἄμφω
780 3135 970 3207 ψυχῶν
1023 3143 1118 3193 καὶ
1164 3142 1434 3214 σωμάτων
1479 3129 1818 3223 ἀνηκέστων,

253 3220 558 3290 ἐθεράπευε
582 3228 775 3294 χρόνια
801 3230 1108 3301 τραύματα.
1143 3235 1330 3291 Ταῦτα
1370 3240 1654 3311 Ῥουφῖνος
1684 3220 1824 3301 ίστόλ

253 3325 441 3377 ρησεν,
471 3312 704 3385 Αίδεσίῳ
722 3317 828 3369 ἀνά
848 3318 947 3389 τὴν
975 3321 1150 3393 Τύρον
1179 3330 1509 3399 περιτυχὼν,
1531 3332 1606 3397 ὥς
1633 3354 1821 3407 φησιν.

262 3398 403 3451 ’Δλλ⁹
431 3401 581 3453 οὕτω
615 3403 715 3472 μὲν
753 3408 850 3458 καὶ
878 3411 911 3478 ὴ
957 3412 1091 3481 παρ’
1138 3414 1318 3480 Ἰνδοῖς
1367 3398 1825 3494 ίερωσύνηῡσυνέ-

253 3506 371 3559 σττγ
409 3494 675 3546 κάκεῖθεν
708 3498 909 3568 ἐφεξῆς
943 3501 1007 3554 τὸ
1051 3503 1193 3560 θεῖον
1224 3508 1402 3580 δόγμα
1437 3512 1527 3567 διὰ
1557 3517 1667 3571 τῶν
1692 3521 1824 3589 ὀμό-

252 3599 359 3649 ρων
390 3584 573 3654 διέϐη.
604 3588 728 3650 Τοῖς
750 3589 795 3642 δ’
827 3592 1010 3656 αὐτοῖς
1029 3596 1087 3649 δὲ
1108 3600 1348 3670 χρόνοις,
1375 3606 1469 3658 καὶ
1503 3584 1821 3681 Ἀρμενίους

251 3677 536 3746 ἐπυθόμην
564 3680 633 3733 τὰ
671 3682 1019 3751 Χριστιανῶν
1072 3690 1312 3748 ἑλέσθαι.
1354 3677 1661 3771 Γρηγορίου
1712 3704 1822 3775 γὰρ

252 3773 462 3826 ἑκείνου
491 3775 589 3827 τοῦ
634 3776 966 3848 Θαυμαστοῦ
995 3783 1170 3861 πολλὰ¹
1211 3788 1348 3857 πρὸς
1381 3789 1689 3862 Τηριδάτου
1718 3773 1822 3853 απαξ

252 3865 435 3930 θὸντος
451 3867 545 3921 διὰ
563 3870 826 3940 Χριστὸν,
848 3875 943 3928 καὶ
968 3878 1102 3945 μετὰ
1126 3880 1325 3952 πολλὴν
1342 3884 1432 3936 καὶ
1452 3889 1707 3959 ποικίλην
1729 3908 1823 3945 κα-

252 3959 361 4011 κῶν
395 3958 567 4025 ίδέαν,
591 3962 683 4014 ἐπὶ
717 3969 1225 4035 τεσσαρεσκαίδεκα
1255 3973 1349 4044 ἔτη
1394 3975 1583 4049 λάκκῳ
1627 3958 1820 4053 βορϐο-

253 4050 412 4115 ρώδει
441 4056 541 4106 καὶ
571 4055 805 4123 ἀφεγγεῖ
830 4060 1302 4128 συγκλεισθέντος,
1336 4050 1705 4138 Τηριδάτηςύ
1727 4075 1819 4128 τοῦ

251 4142 436 4204 ἔθνους
463 4144 773 4214 ⁴ἡγούμενος
816 4150 1113 4219 θεομηνίας
1141 4157 1366 4209 πανοικὶ
1388 4162 1648 4230 πειρᾶται
1696 4164 1822 4218 σύν-

253 4248 362 4300 αμα
411 4237 528 4296 τοῖς
561 4236 931 4305 ὑπερέχουσι.
978 4241 1230 4314 Χοιρὼδη
1268 4248 1377 4315 γὰρ
1431 4251 1525 4304 καὶ
1577 4251 1692 4320 βίον
1724 4256 1817 4308 καὶ

252 4323 368 4392 θψιν
389 4326 789 4396 ἀμειψάμενοι,
815 4330 1001 4399 διῆγον
1028 4335 1167 4401 σφᾶς
1196 4338 1394 4401 αὐτοὺς
1414 4342 1813 4407 κατεσθίοντες.
1848 4365 1892 4420 ι)

262 4415 398 4468 Ἀλλ’
429 4418 644 4471 ἐκεῖθεν
668 4419 956 4490 ἀνιμηθεὶς
980 4426 1008 4477 ὁ
1035 4425 1179 4503 θεῖος
1224 4427 1548 4501 Γρηγόριος,
1598 4434 1690 4502 ὑφ’
1738 4437 1818 4489 ἑνὶ

252 4505 556 4578 συνθήματι
593 4509 803 4572 πάντας
839 4512 1167 4585 θρησκεύειν
1199 4518 1432 4586 Χριστὸν
1475 4522 1692 4576 ἔπειθεν
1714 4539 1730 4557 ⁸
1756 4527 1818 4579 ὲκ

250 4598 342 4666 τῆς
388 4601 638 4669 χοιρεέας
689 4601 740 4653 τ’
797 4604 1014 4675 ἐκείνης
1068 4610 1158 4659 καὶ
1202 4615 1420 4682 μορφῆς
1467 4616 1562 4666 καὶ
1607 4616 1819 4689 διαίτης

252 4693 629 4757 ἀπαλλάττων,
672 4695 773 4763 τὴν
802 4696 943 4750 κατὰ
986 4698 1225 4769 Χριστὸν
1260 4701 1607 4767 ἀσπάζεσθαι
1663 4709 1820 4763 πολι-

252 4782 399 4834 τείαν
425 4783 676 4853 ἠρέθισεο
708 4786 845 4849 νεώς
876 4803 934 4839 τε
968 4789 1158 4852 αὐτοῖς
1189 4792 1475 4862 ἀνήγειρε,
1507 4796 1603 4848 καὶ
1626 4797 1694 4850 τὰ
1715 4799 1819 4869 τῆς

257 4877 523 4945 μυστικῆς
548 4879 725 4930 ἐτέλει
749 4878 962 4943 τούτοις
993 4880 1206 4945 θυσίας.
1240 4885 1461 4948 Καινοῖς
1488 4887 1544 4939 δὲ
1573 4887 1818 4959 θαύμασι

251 4968 376 5026 τοὺς
406 4967 652 5032 ἐνοίκους
683 4969 946 5040 δαίμονας
976 4973 1261 5038 ἀπελάσας
1285 4976 1385 5045 τῆς
1417 4977 1623 5049 χώρας,
1656 4984 1819 5035 αὐτόν

252 5074 307 5110 τε
355 5059 658 5131 Γρηγορίον
710 5061 930 5129 σύναμα
963 5065 1240 5137 Τηριδάτῃ
1298 5069 1450 5136 παρὰ
1502 5070 1594 5123 τὸν
1645 5073 1820 5140 μέγαν

258 5151 476 5220 βασιλέα
502 5154 922 5208 Κωνσταντῖνον
949 5157 1225 5223 γενέσθαι·
1262 5158 1358 5212 τὸν
1397 5160 1453 5212 δὲ
1492 5161 1818 5230 συνήδεσθαι

256 5243 319 5294 τὰ
344 5244 625 5314 παράδοξα
680 5245 1023 5302 διακούοντα.
1073 5249 1407 5304 Ἐπίσκοπον
1456 5251 1513 5305 δὲ
1556 5253 1654 5324 τῆς
1688 5255 1820 5325 ὅλης

260 5332 431 5401 χώρας
463 5336 816 5405 καταστήσας
852 5335 1156 5408 Γρηγὸριον
1185 5340 1435 5410 ἔπεμπεν
1460 5382 1477 5399 .
1519 5343 1658 5397 ’Υπὺ
1683 5344 1817 5413 γοῦν

317 5470 393 5550 (1)
421 5471 600 5555 Alium
625 5473 785 5555 hunc
811 5473 1135 5545 Gregorium
1174 5476 1689 5555 miriﬁcumufuisse
1715 5482 1819 5536 ali-

258 5546 371 5605 quis
406 5552 559 5609 putet
588 5546 657 5596 ab
686 5559 752 5619 eo
783 5558 946 5612 quem
980 5560 1145 5619 supra
1171 5546 1421 5619 Origenis
1455 5550 1813 5619 discipulum,

258 5618 305 5662 ct
342 5628 662 5683 episcopum
704 5613 1203 5671 Neocatsarieitsem
1253 5613 1306 5671 iii
1344 5617 1519 5674 Ponto
1567 5613 1816 5677 extitisse

1926 3146 2037 3184 rem
2095 3150 2218 3190 cum
2271 3145 2530 3208 apostolis
2576 3145 2792 3201 laudem
2848 3153 3222 3209 et‘honorem
3284 3160 3490 3216 tulerit.

1925 3224 2301 3282 Clarissiutum
2330 3236 2475 3286 enim
2510 3251 2635 3290 eum
2668 3239 2812 3295 Deus
2844 3245 3104 3310 reddidit,
3142 3250 3404 3317 prodigiis
3437 3264 3494 3309 et

1924 3317 2203 3373 miraculis
2286 3323 2594 3395 insignibus
2662 3346 2955 3389 exornans.
3033 3338 3101 3391 Et
3166 3341 3491 3411 locupletem

1923 3422 2118 3465 nactus
2159 3417 2407 3481 gratiam,
2467 3421 2697 3488 plurima
2768 3425 2874 3479 Deo
2930 3432 3214 3485 constituit
3268 3436 3491 3502 templa,

1924 3501 2276 3572 medieusque
2308 3508 2611 3564 animarum
2631 3514 2788 3582 juxta
2812 3527 2867 3570 et
2894 3534 3181 3588 corporum
3222 3523 3495 3579 incurabi-

1923 3591 2057 3645 lium
2092 3593 2351 3653 diuturna
2384 3602 2598 3657 sanavit
2637 3606 2881 3660 vulnera.
2930 3609 3055 3663 Haac
3107 3611 3339 3668 Ruﬁnus
3382 3632 3495 3672 me-

1923 3691 2111 3744 moria:
2145 3691 2407 3760 prodidit,
2443 3694 2535 3760 qui
2568 3708 2627 3748 se
2669 3695 2949 3751 IEdesium
3005 3699 3133 3771 Tyri
3170 3708 3494 3762 convenisse

1922 3779 2109 3835 refert.
2162 3782 2227 3836 Et
2273 3782 2339 3835 ad
2392 3783 2537 3838 hunc
2575 3787 2797 3854 quidem
2849 3792 3071 3845 modum
3134 3796 3493 3854 sacerdotalis

1922 3869 2160 3939 dignitas
2187 3882 2242 3925 et
2271 3872 2672 3929 administratio
2718 3879 2858 3944 apud
2888 3878 3048 3935 Indos
3081 3894 3163 3936 est
3189 3885 3440 3941 instituta
3472 3902 3487 3941 :

1922 3969 2066 4019 unde
2116 3965 2372 4038 deinceps
2427 3968 2671 4022 divinum
2720 3971 2912 4040 dogma
2962 3974 3220 4031 ﬁnitimas
3275 3995 3493 4050 quoque

1921 4057 2169 4127 regiones
2212 4061 2469 4129 pervasit.
2511 4062 2729 4118 Eisdem
2782 4066 2897 4121 lere
2934 4071 3274 4136 temporibus
3304 4074 3492 4128 Arme-

1922 4149 2040 4202 nios
2074 4149 2261 4204 itidem
2296 4150 2661 4207 Christianam
2692 4156 3004 4226 religionem
3030 4164 3345 4230 complexos
3370 4180 3492 4221 esse

1921 4239 2126 4294 audivi.
2149 4241 2284 4295 Cum
2315 4244 2462 4297 enim
2486 4242 2783 4316 Gregorius
2825 4248 2917 4303 ille
2943 4249 3044 4320 (l),
3088 4252 3183 4322 qui
3214 4255 3492 4312 miraculis

1920 4332 2147 4386 edendis
2213 4332 2393 4389 clarus
2458 4336 2588 4399 fuit,
2650 4338 2819 4394 multa
2872 4356 2903 4396 a
2970 4342 3211 4399 Tiridate
3274 4357 3492 4415 propter

1919 4420 2197 4477 Christum
2230 4441 2441 4494 passus,
2467 4439 2521 4482 et
2537 4440 2662 4498 post
2685 4433 2883 4486 multas
2908 4435 3194 4502 variasque
3222 4440 3488 4494 malorum

1919 4514 2128 4581 species
2156 4514 2223 4569 ad
2254 4518 2668 4585 quatuordecim
2713 4537 2887 4577 annos
2947 4525 3117 4580 fovea:
3164 4543 3395 4585 emanasse
3433 4542 3490 4585 et

1920 4603 2228 4675 caliginoSaa
2273 4609 2516 4666 inclusus
2552 4625 2716 4675 esset,
2755 4615 3028 4670 Tiridates
3058 4618 3176 4686 ipse
3205 4623 3321 4689 ejus
3350 4638 3487 4689 gen-

1922 4695 1991 4749 tis
2019 4698 2294 4768 princeps,
2324 4716 2448 4756 cuin
2479 4707 2643 4758 domo
2665 4720 2762 4758 sua
2806 4715 2939 4767 tota,
2975 4720 3031 4761 et
3051 4725 3172 4762 cum
3208 4715 3488 4780 eptimati-

1920 4786 2043 4853 bus,
2070 4788 2268 4845 divinae
2314 4791 2409 4847 irae
2445 4794 2739 4850 vindictam
2774 4806 2857 4851 est
2887 4811 3163 4867 expertus.
3210 4804 3289 4857 Ad
3321 4808 3489 4864 vitam

1921 4883 2066 4936 enim
2100 4884 2261 4939 sinml
2299 4896 2357 4941 et
2404 4888 2632 4943 formam
2666 4908 2956 4958 porcorum
2989 4897 3239 4963 redacti,
3278 4904 3491 4972 seipsos

1920 4976 2276 5033 devorabam.
2315 4979 2572 5035 Sedenim
2596 4999 2662 5038 ex
2701 4987 2855 5041 fovea
2891 4988 2979 5043 illa
3018 5002 3295 5048 extractus
3328 4997 3489 5052 divus

1922 5065 2236 5138 Gregorius,
2291 5088 2398 5127 uno
2442 5073 2599 5144 signo
2663 5079 2919 5135 omnibus
2980 5082 3258 5140 Christum
3306 5090 3488 5144 colere

1921 5161 2229 5228 persuasit:
2279 5174 2335 5218 et
2378 5165 2537 5220 suilla
2586 5167 2757 5222 forma
2821 5181 2983 5241 atque
3046 5175 3154 5230 vita
3206 5177 3483 5241 liberatos,

1922 5250 2230 5308 institutum
2280 5252 2522 5313 nostrum
2571 5265 2858 5332 compli-Cti
2893 5267 3107 5337 coegit,
3153 5268 3376 5322 delubra
3409 5287 3487 5325 eis

1920 5348 2249 5411 construxit,
2282 5363 2434 5404 sacra
2470 5355 2653 5407 arcani
2698 5367 2753 5409 et
2803 5359 3013 5426 mysrici
3057 5358 3308 5412 sacriﬁcii
3341 5361 3486 5413 erle-

1920 5475 2309 5560 legimus.__S_cd
2339 5500 2482 5538 unus
2516 5497 2571 5541 et
2608 5488 2750 5560 idem
2781 5501 2885 5556 est,
2917 5491 3074 5544 sicuti
3107 5491 3363 5560 colligere
3402 5500 3486 5548 est

1922 5547 2063 5603 inl'ra
2095 5566 2160 5605 ex
2187 5553 2285 5608 lib.
2323 5570 2383 5622 ιι,
2409 5572 2527 5626 cap.
2564 5559 2641 5610 l9.
