3972 6200
321 249 414 316 137

1183 238 1788 311 ΕΟΕΙΕΞΙᾹΞΤΙΟᾸΞ
1826 250 2218 311 ΠίδΤ()“¹.Ἐ
2264 254 2400 313 ΗΒ.
2447 255 2613 312 Vlll.

3460 252 3559 316 138

312 371 501 436 ἧλπισε
533 383 549 397 ·
586 368 646 420 τό
688 382 750 434 γε
792 361 888 416 νύν
920 362 1209 433 δεσμώτην
1239 362 1559 430 ἀνέπεμπον
1592 364 1672 423 είς
1714 377 1875 431 φρου-

1992 377 2116 417 esse
2185 366 2442 420 minatur.
2495 364 2598 419 Sed
2648 366 2794 419 enim
2838 378 2964 420 cum
3018 380 3196 435 neque
3250 366 3413 422 minis
3490 369 3558 420 il-

309 460 425 527 ρίν.
466 458 848 527 Ἀπαγόμενον
879 453 1011 517 οὖν,
1044 453 1404 524 υύσθαζάνης
1440 453 1753 523 πρεσϐύτης
1789 454 1880 506 eb-

315 549 512 619 ιοῦχος,
545 548 897 615 παιδαγωγὸς
925 547 1276 616 χρηματίσας
1307 544 1559 617 Σαϐώρῃ.
1591 545 1662 597 τὰ
1690 544 1883 614 πρῶτα

305 641 350 693 δ’
373 640 432 692 ἐν
453 642 568 701 τοῖς
600 637 902 709 βασιλείοις
928 635 1141 689 ἐκείνου
1169 634 1501 704 φερόμενος,
1528 632 1767 695 ἀναστὰς
1793 633 1884 685 τὸν

310 733 564 802 μάρτυρα
607 729 942 800 προσεκύνει
969 743 983 757 ·
1019 727 1178 796 ετυχε
1214 727 1327 798 τὰρ
1367 727 1474 796 πρὸ
1509 726 1621 779 τῶν
1652 723 1885 777 αὐλείων

305 824 475 876 οὐδὼν
505 821 825 891 καθήμενος
846 835 864 852 ο
908 817 1209 887 Συμεὼνης
1244 817 1309 870 δὲ
1348 817 1470 871 οὐδὲ
1506 814 1667 883 λόγου
1714 830 1884 883 μετα-

303 914 424 974 δοὺς
454 911 607 980 αὐτῷ
627 952 643 975 ,
674 910 1027 979 ὐϐριοπαθῶν
1057 907 1375 979 παρήμειϐε
1395 945 1410 971 ,
1443 904 1847 975 μυσαττόμενος
1868 941 1883 965 ,

305 1002 382 1063 οἷς
410 1005 474 1056 οὐ
504 1005 611 1075 πρὸ
634 1003 833 1057 πολλοῦ
860 1001 1106 1073 βιασθεὶς
1140 1001 1310 1071 Ἡλίῳ
1333 1000 1666 1070 προσκυνεῖν
1687 997 1883 1051 είλετο.

303 1098 566 1166 Δακρύων
610 1097 667 1149 δὲ
716 1096 932 1166 πλήσας
978 1095 1108 1157 τοὺς
1158 1092 1473 1161 ὀφθαλμοὺς
1519 1094 1548 1145 ὁ
1592 1090 1883 1159 εὐνοῦχος,

300 1189 497 1259 ᾤμωξε
517 1207 534 1221 ⁸
567 1189 666 1242 καὶ
693 1187 761 1258 δὴ
791 1188 890 1259 τὴν
917 1185 1181 1258 λαμπρὰν
1210 1185 1412 1251 ἐσθῆτα
1445 1185 1605 1256 ῥίψας
1624 1223 1641 1250 ,
1675 1199 1887 1252 μετημ-

300 1279 491 1345 φίεστο
523 1279 785 1347 μέλαιναν
807 1293 824 1310 ⁸
856 1277 951 1331 καὶ
986 1279 1092 1346 πρὸ
1118 1276 1219 1345 τῆς
1246 1276 1426 1339 οίκίας
1456 1276 1691 1346 ἐκάθητο
1711 1315 1727 1338 ,
1758 1274 1887 1327 πέν-

299 1372 390 1433 θος
422 1371 567 1440 ἔχων
595 1372 865 1440 οἰμωγαῖς
897 1370 992 1422 καὶ
1020 1368 1259 1439 δάκρυσι
1292 1367 1632 1437 σύμμικτον,
1663 1366 1888 1421 τοιαῦτα

299 1462 611 1529 ὐποφωνῶν
636 1477 653 1494 ο
685 1463 848 1530 Οίμοι
878 1461 988 1528 ἑγὼ
1014 1462 1028 1515 l
1063 1460 1148 1522 τίς
1176 1460 1234 1513 δὲ
1264 1461 1374 1529 ἄρα
1402 1460 1557 1513 ἔσται
1592 1458 1724 1528 περὶ
1752 1459 1883 1527 ἐμὲ.

295 1555 356 1607 δν
393 1554 675 1616 ἀϐιᾶστως
717 1555 1053 1626 ἠρνησάμην
1086 1553 1355 1623 Χριστόνς
1392 1553 1527 1606 ὅπου
1559 1568 1623 1620 γε
1660 1549 1887 1620 Συμεὼν

295 1640 456 1703 οὗτος
471 1641 563 1693 διὰ
583 1639 775 1706 ταῦτα,
809 1641 1042 1703 παλαιός
1069 1639 1124 1708 γ’
1147 1638 1270 1709 ἐμοὶ
1301 1639 1544 1709 συνήθης
1572 1637 1679 1701 ὢν,
1712 1639 1885 1707 παρέ-

294 1733 510 1803 δραμεν
535 1732 659 1785 οὐδὲ
691 1734 1157 1804 προσϐλέμματος
1183 1732 1455 1799 apem;
1484 1732 1669 1785 Ταῦτα
1698 1730 1885 1785 Σαδώ-

298 1844 406 1894 ρτιν
438 1811 722 1896 ’ἀγνοῆσαι
772 1828 874 1881 οὐκ
928 1823 996 1899 ἦν
1021 1844 1037 1859 ο
1093 1828 1190 1881 καλ⁸
1246 1825 1742 1897 μεταστελλόμενος
1792 1826 1883 1877 τον

294 1921 579 1988 εὐνοῦχον,
608 1922 662 1973 εί
682 1937 789 1973 τινι
819 1920 941 1974 κατ’
960 1918 1111 1975 οἶκον
1138 1921 1414 1992 ἐχρήσατο
1439 1919 1698 1989 συμφορᾷ
1723 1918 1883 1970 ὲπυν.

293 2013 516 2066 θανετο.
551 2013 612 2066 Ὀ
640 2013 697 2067 δὲ
731 2013 808 2084 μὴ
837 2014 960 2068 κατ’
984 2009 1135 2067 οἷκον
1164 2013 1321 2080 ἔλεγε
1346 2012 1633 2081 δυστυχεῖν
1657 2027 1672 2043 ο
1706 2006 1742 2079 ἦ
1774 2010 1883 2081 γὰρ

292 2107 360 2157 ἂν
404 2105 685 2175 μακάριον
715 2103 785 2177 ἦν
818 2107 952 2159 πᾶσι
984 2108 1098 2167 τοῖς
1134 2105 1259 2158 κατ’
1286 2099 1435 2158 οἷκον
1468 2104 1615 2172 ἔχειν
1648 2104 1833 2167 κακῶς
1864 2119 1880 2136 ο

297 2199 436 2267 ῥᾷον
468 2200 577 2268 γὰρ
605 2193 673 2268 ἦν
700 2197 731 2261 ἢ
759 2197 983 2268 τοιαύτη
1015 2198 1338 2266 περιπεσεῖν
1365 2196 1646 2264 συμφορᾷ.
1681 2195 1880 2259 Πένθος

292 2290 339 2343 δ’
375 2290 508 2360 ἔχω,
551 2291 740 2359 φησιν,
784 2291 982 2360 ὅτιπερ
1026 2289 1124 2354 ζῶ,
1171 2289 1269 2343 καὶ
1308 2288 1420 2358 ὁρῶ
1464 2288 1553 2340 τὸν
1596 2287 1769 2358 ἥλιον.
1817 2290 1881 2340 ἐκ

294 2383 503 2437 πολλοῦ
536 2384 794 2439 τεθνάναι
833 2382 1041 2447 δίκαιος
1074 2382 1150 2435 ὢν
1171 2424 1187 2447 ,
1219 2383 1412 2455 ὅτιπερ
1450 2382 1524 2452 μὴ
1560 2383 1702 2436 κατὰ
1735 2381 1879 2451 γνώ-

294 2492 426 2543 μην,
445 2477 550 2545 σὴν
587 2480 769 2549 χάριν,
783 2476 875 2533 τὸν
896 2477 1086 2533 Ἥλιον
1120 2476 1520 2547 προσεκύνησα.
1556 2477 1693 2529 Κατ’
1714 2477 1880 2545 ἄμφω

285 2563 383 2619 οὖν
414 2585 488 2637 με
519 2570 721 2639 χρῆναι
745 2569 919 2639 κρίνω
945 2571 1125 2623 θανεῖν
1144 2586 1157 2599 ·
1191 2563 1273 2631 οἷς
1300 2585 1359 2622 τε
1389 2567 1447 2621 δν
1476 2568 1706 2622 ἐπόθουν
1735 2569 1881 2638 μάλα

284 2658 626 2729 ἠρνησάμην
655 2660 919 2730 Χριστὸν,
949 2662 1057 2714 τῶν
1087 2660 1394 2713 καλλίστων
1425 2659 1689 2729 προδότης
1719 2676 1878 2728 γεγε-

284 2752 526 2821 νημένος
555 2792 574 2819 ,
607 2755 703 2805 καὶ
736 2754 868 2823 περὶ
903 2755 963 2811 σε
999 2752 1259 2806 ἀπατεὼν
1291 2754 1661 2823 χρηματίσας.
1694 2752 1877 2806 Ταῦτα

283 2846 466 2910 ὶέγων
488 2884 504 2909 ,
539 2843 817 2913 διώμνυτο
857 2846 932 2916 μὴ
965 2845 1057 2899 τοῦ
1094 2846 1286 2900 λοιποῦ
1325 2840 1746 2916 μετατεθεῖσθαι
1777 2848 1877 2917 τὴν

281 2937 541 3006 γνώμην.
577 2936 844 3008 Σαϐώρης
885 2938 942 2990 δὶ
972 2940 1037 3009 τῇ
1080 2939 1255 3009 ἀθρόᾳ
1287 2939 1380 2992 τοῦ
1416 2938 1672 3009 εὐνούχου
1710 2956 1877 3008 μετα-

1985 452 2097 506 lum
2140 456 2415 521 territans,
2449 472 2629 527 neque
2665 457 2949 526 promissis
3002 458 3355 525 demulcens,
3393 460 3562 528 quid-

1983 558 2146 611 quam
2216 544 2546 613 proficeret,
2613 560 2674 602 ac
2731 547 2880 601 nulla
2941 563 3068 616 spes
3127 558 3276 603 esset
3322 549 3559 619 reliqua,

1986 633 2138 687 illum
2168 635 2254 689 vel
2296 650 2452 691 sacra
2482 652 2578 691 sua
2634 637 2977 706 proditurum
3001 677 3015 704 ,
3072 636 3155 693 vel
3194 638 3367 693 solem
3430 638 3566 693 adoi-

1987 733 2276 789 raturum,
2315 729 2557 781 vinctum
2602 729 2831 783 remittit
2884 728 2937 782 in
2986 730 3315 787 custodiam.
3364 729 3562 797 Quem,

1985 815 2118 871 dum
2169 816 2508 882 abducitur,
2557 816 2901 874 Usthazanes
2972 818 3191 874 vetulus
3245 803 3582 887 eunuchus,

1989 909 2214 980 Saporis
2241 910 2372 966 olim
2413 911 2758 981 paedagOgus,
2782 912 3016 978 primam
3044 912 3098 966 in
3133 912 3255 966 aula
3290 912 3439 981 regia
3464 912 3569 967 ob-

1988 1001 2170 1056 tinens
2201 1001 2546 1070 dignitatem,
2577 1009 2893 1074 assurgens,
2924 1013 2984 1057 ttt
3010 1013 3307 1074 martyrem
3333 1004 3562 1057 adorat:

1990 1100 2106 1145 tum
2132 1091 2280 1145 enim
2332 1091 2476 1147 forte
2521 1108 2622 1162 pro
2650 1094 2791 1149 aulze
2847 1094 3049 1163 palatio
3091 1095 3434 1151 considebat.
3465 1096 3565 1166 Sy-

1989 1200 2212 1240 meones
2240 1200 2370 1240 vero
2399 1200 2467 1240 ne
2504 1186 2674 1241 verbo
2701 1186 2925 1255 quidem
2957 1196 3080 1242 eum
3105 1187 3384 1257 dignatus,
3405 1190 3564 1258 quasi

1991 1277 2190 1347 injuria
2240 1278 2474 1333 affectus
2521 1279 2826 1348 praeteriit:
2880 1279 3014 1334 illud
3047 1280 3099 1333 in
3137 1295 3204 1335 eo
3262 1280 3565 1343 detestans,

1989 1371 2134 1439 quod
2181 1386 2288 1424 non
2344 1370 2416 1424 ita
2477 1369 2690 1441 pridem
2746 1381 2971 1426 coactus
3000 1372 3172 1426 solent
3221 1372 3562 1426 adorandum

1988 1461 2227 1516 duxerit.
2271 1461 2409 1515 Tum
2459 1462 2748 1517 eunuchus
2789 1463 2979 1517 oculos
3025 1463 3280 1533 lacrymis
3320 1463 3565 1517 summis

1990 1552 2318 1623 ingemiseit,
2360 1563 2569 1609 vestem
2601 1554 2946 1626 splendidam
3002 1556 3178 1625 ponit,
3229 1556 3432 1625 pullam
3474 1573 3566 1609 su-

1991 1645 2110 1709 mit,
2144 1655 2311 1714 atque
2340 1658 2440 1715 pro
2468 1645 2678 1702 aedibus
2695 1647 2994 1702 considens
3030 1649 3237 1702 luctum
3272 1647 3477 1716 gemitu
3509 1657 3563 1700 ιιι

1992 1736 2249 1807 lacrymis
2305 1737 2526 1791 mistum
2580 1740 2887 1799 continuat.
2939 1740 3066 1795 talia
3112 1740 3346 1796 subinde
3395 1742 3562 1794 verba

1995 1827 2273 1882 referens:
2295 1828 2339 1883 0
2371 1844 2455 1884 me
2481 1829 2764 1896 miserum,
2787 1834 3005 1901 qualem
3033 1848 3162 1903 erga
3195 1848 3282 1887 me
3316 1832 3561 1888 futurum

1991 1932 2229 1986 sperem,
2256 1921 2350 1990 qui
2385 1937 2415 1975 a
2445 1937 2530 1976 me
2558 1924 2706 1976 nulla
2742 1924 2988 1978 adhibita
3025 1925 3077 1980 vi
3117 1936 3453 1996 pernegatus
3480 1936 3566 1980 est

1988 2010 2266 2066 Christum
2288 2052 2304 2080 ,
2329 2013 2550 2083 quando
2581 2015 2879 2085 Symeones
2930 2017 3034 2072 iste
3059 2018 3233 2072 veteri
3265 2029 3564 2075 consuetu-

1991 2103 2118 2158 dine
2143 2103 2273 2157 mihi
2304 2104 2655 2175 conjunctus,
2685 2122 2747 2159 ea
2784 2107 2852 2162 de
2881 2123 3046 2163 causa
3094 2123 3163 2163 ne
3188 2120 3412 2177 aspectu
3444 2110 3565 2179 qui-

1988 2194 2112 2249 dem
2159 2210 2245 2248 me
2271 2195 2547 2265 dignatus.
2573 2198 2878 2266 praeteriit?
2919 2199 3042 2254 Haec
3082 2198 3342 2270 Saporem
3388 2201 3563 2256 latere

1990 2300 2098 2339 non
2126 2295 2443 2355 potuerunt.
2481 2288 2670 2358 Itaque
2715 2291 2894 2345 accito
2937 2293 3230 2355 eunucho,
3263 2309 3393 2345 ntnn
3427 2294 3561 2361 quid

1988 2379 2136 2431 domi
2163 2394 2275 2433 sua:
2294 2380 2344 2434 ei
2375 2380 2589 2436 adversi
2620 2383 2902 2447 acciderit,
2919 2396 3090 2456 rogat.
3118 2386 3214 2438 Ille
3239 2386 3374 2440 nihil
3395 2387 3564 2439 infor-

1989 2471 2127 2523 tunii
2164 2471 2310 2527 dumi
2345 2488 2468 2527 esse
2513 2474 2681 2539 dicit;
2727 2475 3010 2531 felicitatis
3047 2480 3249 2548 quippe
3293 2479 3344 2534 id
3392 2491 3558 2542 esset,

1986 2559 2032 2613 si
2060 2560 2189 2630 quid
2227 2560 2373 2615 domi
2419 2573 2564 2617 es»et
2596 2565 2757 2628 mali;
2795 2564 3015 2622 facilius
3058 2582 3296 2635 namque
3328 2566 3381 2619 id
3415 2566 3562 2621 futu~

1988 2668 2107 2706 runt
2135 2650 2332 2717 fuerat,
2360 2668 2524 2723 quant
2558 2663 2705 2710 tanta
2744 2656 2981 2725 opprimi
3007 2658 3339 2713 cnlamitate.
3374 2658 3559 2730 Lugou

1985 2754 2192 2807 autem,
2250 2747 2446 2815 tnquit,
2494 2745 2640 2814 quod
2672 2756 2725 2801 et
2787 2749 2933 2812 vivo,
2992 2758 3049 2804 ct
3098 2750 3268 2804 solem
3327 2752 3555 2820 aspicio,

1980 2835 2305 2907 jamdudum
2340 2836 2431 2905 qui
2469 2851 2714 2891 morerer
2754 2838 2982 2893 meritus
3010 2854 3029 2893 :
3063 2850 3352 2908 propterea
3407 2844 3552 2911 quod

1988 2944 2093 2981 non
2132 2944 2198 2984 ex
2250 2931 2416 2983 animi
2465 2931 2760 2994 sententia,
2792 2942 2881 2986 tua
2921 2935 3117 3003 gratia,
3161 2934 3408 2988 divinum
3455 2936 3555 2989 soli

283 3026 417 3093 ϐολῇ
458 3024 779 3091 ἐκπλαγεὶς,
810 3028 921 3089 τοῖς
956 3027 1311 3095 Χριστιανοῐς
1345 3026 1675 3096 ἐχαλέπαινε
1713 3028 1872 3093 μάλι-

1983 3021 2202 3075 exhibui
2236 3022 2525 3079 honorem.
2561 3025 2751 3095 Itaque
2782 3038 3017 3096 utroque
3058 3028 3281 3082 nomine
3306 3042 3390 3081 me
3417 3028 3554 3081 mori

282 3133 417 3179 στα,
466 3117 753 3185 γοητείαις
793 3118 864 3170 τὰ
906 3118 1132 3170 τοιαῦτα
1184 3119 1250 3189 δὴ
1298 3119 1566 3189 πράττειν
1607 3120 1870 3188 οἰόμενος.

280 3209 564 3279 Συνηθείᾳ
605 3209 664 3261 δὲ
707 3209 802 3262 καὶ
847 3210 1018 3277 φειδοῖ
1049 3212 1118 3279 τῇ
1156 3213 1286 3281 περὶ
1317 3210 1409 3263 τὸν
1443 3213 1685 3281 τροφέα,
1723 3213 1875 3283 πάσῃ

281 3306 509 3374 μηχανῇ
552 3303 905 3373 μεταπείθειν
939 3305 1233 3373 ἐπειρᾶτο,
1267 3305 1537 3375 πραότητι
1572 3305 1634 3358 τὸ
1668 3306 1875 3374 ἀπηνὲς

278 3394 581 3464 κεραννύς.
619 3395 709 3457 Ὦς
742 3395 800 3447 δὲ
837 3397 899 3447 τὸ
931 3394 1067 3465 πρὸς
1105 3395 1303 3466 βουλῆς
1336 3397 1617 3466 περαίνειν
1649 3397 1751 3449 οὐκ
1794 3392 1873 3450 εἷο

278 3504 398 3557 χεν,
432 3486 793 3549 Οὐσθαζάνου
826 3488 900 3556 μὴ
930 3487 1189 3541 τοσοῦτον
1220 3484 1362 3541 εῖναι
1395 3488 1564 3559 εὐήθη
1595 3488 1871 3556 λέγοντος,

276 3581 354 3643 ὡς
384 3581 514 3633 ἀντὶ
537 3580 634 3632 τοῦ
663 3579 896 3649 Ποιητοῦ
922 3581 1015 3633 καὶ
1043 3581 1280 3636 κτίστου
1300 3582 1480 3635 σέϐειν
1507 3582 1782 3652 αἱρεῖσθαι
1809 3585 1876 3636 τὰ

277 3675 588 3741 κτίσματα,
616 3674 925 3744 ὲκνικηθεὶς
949 3672 1027 3742 τῷ
1059 3673 1217 3744 θυμῷ
1247 3676 1541 3745 Σιπώρης,
1575 3675 1673 3745 τὴν
1704 3692 1874 3744 κεφα-

277 3766 384 3836 λὴν
417 3767 783 3837 ἀφαιρεῖσθαι
814 3767 1176 3835 προσέταττε.
1209 3768 1320 3822 Καὶ
1351 3768 1466 3832 δῆτ’
1487 3771 1871 3838 ἀπαγόμενος,

279 3861 394 3914 τῶν
430 3875 556 3912 τινα
589 3859 929 3912 πιστοτάτων
963 3858 1041 3929 τῷ
1077 3859 1290 3929 βασιλεῖ
1323 3859 1598 3931 εὐνούχων
1633 3860 1873 3931 Σαπώρῃ

280 3955 556 4020 πέμπων,
587 3952 857 4019 ἐπέτρεπε
887 3951 1014 4005 τάδε
1043 3954 1223 4005 είπετν
1245 3968 1259 3982 ⁶
1290 3952 1393 4004 Ἢν
1425 3953 1524 4021 μὲν
1554 3954 1616 4005 ἐκ
1645 3953 1799 4012 νέου,
1829 3946 1875 4006 ὦ

281 4043 516 4114 βασιλεῦ
537 4085 552 4108 ,
584 4043 798 4096 εὔνοιαν
825 4040 973 4113 εἶχον
992 4084 1006 4109 ,
1040 4043 1122 4096 σοί
1151 4059 1211 4095 τε
1239 4043 1335 4096 καὶ
1361 4043 1531 4112 πατρὶ
1561 4043 1639 4113 τῷ
1671 4042 1748 4114 σῷ
1778 4049 1874 4095 καὶ⁹

279 4138 426 4190 πᾶσι
460 4136 576 4198 τοῖς
613 4134 737 4188 κατ’
759 4131 906 4188 οἷκον
942 4134 1243 4206 προθύμως
1287 4132 1740 4203 διακονούμενος,
1776 4133 1874 4186 οὐκ

280 4226 351 4279 ἄν
398 4241 491 4294 μοι
541 4222 637 4275 νῦν
684 4222 983 4292 μαρτύρων
1028 4217 1171 4274 εἷναί
1217 4237 1303 4275 σοι
1347 4220 1540 4292 χρείαν
1586 4224 1869 4274 πιστεύω·

281 4318 600 4384 ὲπίσταμαι
655 4314 765 4383 γάρ
815 4330 877 4366 σε
931 4314 1112 4368 πάντα
1163 4315 1407 4367 ειδέναι·
1460 4313 1574 4366 ἀλλ’
1604 4313 1744 4381 ὑπὲρ
1797 4307 1871 4366 ὧν

1982 3115 2183 3170 debere
2222 3115 2434 3184 judico,
2480 3128 2592 3169 tum
2628 3118 2774 3186 quod
2833 3127 3114 3188 tantopere
3160 3117 3554 3183 desideratum,

1981 3222 2164 3263 rerum
2202 3210 2360 3281 longe
2394 3211 2892 3281 pulcherrimarum
2924 3215 3183 3283 proditor
3228 3214 3423 3279 factus,
3455 3230 3552 3269 nc-

1978 3301 2218 3369 gaverim
2279 3302 2609 3357 Christum:
2666 3305 2831 3375 312
2880 3313 2994 3358 tum
3054 3306 3197 3374 quod
3232 3312 3285 3360 te
3337 3320 3556 3373 quoque

1981 3394 2158 3461 ipsum
2192 3393 2403 3463 decepi.
2442 3395 2623 3465 Atque
2654 3396 2741 3449 his
2767 3396 2952 3462 dictis,
2985 3399 3222 3466 adjnrat,
3266 3397 3555 3465 haudqua-
3662 3470 3667 3477 _

1978 3499 2139 3553 quam
2188 3498 2246 3539 se
2289 3486 2519 3555 posthac
2552 3497 2891 3543 mutaturum
2935 3488 3286 3544 sententiam.
3319 3489 3557 3557 Saporcs

1977 3575 2044 3628 ad
2100 3584 2303 3629 tantam
2367 3578 2609 3632 eunuchi
2691 3580 3048 3633 mutationem
3121 3588 3552 3643 consternatus,

1976 3664 2305 3720 Christianis
2352 3682 2515 3736 quam
2576 3670 2812 3723 maxime
2868 3680 3178 3736 succenset,
3233 3673 3556 3743 imposturis

1977 3766 2145 3825 atque
2179 3756 2649 3814 incantationibus
2681 3761 2808 3814 talia
2866 3762 2935 3816 ab
2963 3765 3045 3817 eis
3088 3765 3169 3833 agi
3203 3765 3550 3820 existimans.

1976 3847 2044 3903 Et
2070 3857 2291 3917 propter
2322 3849 2642 3907 familiarem
2698 3856 3154 3909 consuetudinem
3212 3858 3553 3928 gratiamque

1977 3956 2083 4008 qtta
2129 3941 2424 3996 nutricium
2474 3958 2634 3997 suum
2672 3947 3125 4014 prosequebatur,
3164 3947 3341 4002 modis
3369 3951 3552 4002 omni-

1978 4034 2121 4085 liusa
2151 4033 2432 4102 preposito
2460 4035 2613 4088 illum
2647 4036 2918 4091 deducere
2950 4046 3144 4106 tentat,
3166 4039 3548 4097 crudelitatem

1977 4124 2401 4180 mansuetudine
2428 4137 2760 4196 temperans.
2792 4129 2862 4185 Ut
2884 4140 3065 4185 autem
3096 4134 3381 4202 perlicere,
3403 4136 3549 4205 quod

1975 4214 2172 4280 voluit,
2203 4231 2309 4269 non
2335 4221 2532 4286 potuit,
2570 4219 2880 4276 Usthazane
2907 4237 3017 4276 non
3046 4231 3155 4277 tam
3186 4239 3245 4279 se
3269 4241 3390 4281 esse
3417 4229 3551 4281 sim-

1977 4307 2171 4374 plicem
2221 4320 2315 4364 aut
2372 4312 2654 4381 stupidum
2702 4313 2942 4380 dicente,
2974 4326 3036 4371 ut
3088 4332 3187 4387 pro
3241 4318 3448 4375 factore
3495 4332 3552 4375 et

282 4410 440 4462 ἐσαεὶ
478 4408 889 4478 κεχαρισμένος
928 4406 1058 4476 ὐμτν
1090 4406 1410 4473 διαγέγονα,
1449 4406 1580 4472 μίαν
1613 4405 1675 4474 δὴ
1717 4406 1875 4475 χέρ.ν

1981 4396 2245 4453 Creatore
2276 4411 2584 4456 creaturam
2642 4405 2927 4460 colendam
2981 4421 3106 4462 esse
3152 4417 3407 4463 statuat:
3467 4411 3547 4465 ira

283 4501 423 4553 αἱτῶ
445 4539 459 4560 .
493 4501 562 4569 ἢν
590 4499 916 4563 ἀμείϐεσθαι
949 4499 1158 4560 δίκαιος
1194 4498 1260 4551 ἂν
1292 4498 1411 4567 είης
1433 4538 1448 4562 ,
1481 4497 1696 4549 πολλῶν
1731 4498 1871 4549 ἀπο-

283 4593 515 4655 λαύσας.
582 4592 678 4646 Ἑν
721 4592 880 4662 δεινῷ
920 4608 980 4643 τε
1028 4590 1171 4661 μάλα
1213 4590 1434 4659 τίθεμαι
1481 4588 1753 4658 θνήσκων,
1796 4588 1871 4651 ὼς

286 4689 514 4748 ἄπιστος
555 4687 653 4739 καὶ
694 4684 1002 4756 κακοῦργος
1045 4684 1174 4753 περὶ
1216 4683 1309 4736 τὸν
1353 4684 1445 4735 σὺν
1485 4679 1635 4735 οἷκον
1680 4686 1870 4750 φανεὶς

286 4779 488 4832 ἐκτίνω
518 4781 618 4848 τὴν
651 4777 827 4846 δίκην.
867 4777 1100 4845 Κήρυκα
1129 4775 1311 4829 τοίνυν
1345 4774 1537 4828 κέλευε
1570 4774 1869 4843 ,σημαίνειν

290 4872 480 4931 πᾶσιν,
506 4873 700 4937 ὅτιπερ
728 4868 1079 4937 υύσθαζάνης
1115 4867 1335 4935 θανάτῳ
1368 4865 1680 4929 κολάζεται,
1713 4866 1867 4917 οὐδὲν

280 4962 535 5033 οὐδαμῶς
581 4961 855 5031 μοχθηρός
889 4977 971 5022 τις
1016 4958 1145 5028 περὶ
1175 4959 1277 5027 τὴν
1312 4957 1594 5028 βασίλειαν
1629 4960 1821 5025 φανείς
1849 4974 1863 4989 ο

284 5060 351 5108 ὲκ
378 5056 662 5123 προγόνων
690 5054 746 5105 δὲ
774 5055 840 5106 τὰ
868 5052 1213 5121 Χριστιανῶν
1243 5050 1588 5121 πρεσϐεύων,
1619 5051 1713 5104 καὶ
1742 5052 1865 5121 ἤκι-

287 5158 388 5194 στα
427 5140 753 5209 πειθόμενος
800 5139 1051 5210 βασιλεῖ,
1095 5142 1382 5211 ἀρνεῖσθαι
1431 5141 1530 5208 μὲν
1575 5140 1634 5192 δν
1677 5142 1862 5193 ἐπόθει

281 5234 442 5296 Θεὸν,
479 5232 653 5302 Ἦλίῳ
687 5233 742 5284 δὲ
778 5232 894 5285 ἀντ’
918 5231 1082 5285 αὐτοῦ
1117 5232 1307 5301 νέμειν
1337 5232 1398 5284 τὸ
1437 5232 1629 5295 σέϐας,
1658 5232 1862 5302 ταύτην

278 5326 473 5393 ὑπέχει
500 5326 601 5393 τὴν
629 5324 809 5393 δίκην.
838 5324 948 5377 Καὶ
976 5325 1004 5377 6
1035 5323 1135 5393 μὲν
1161 5323 1387 5376 τοιαῦτα
1420 5324 1643 5393 ἐμήνυε.
1676 5325 1860 5375 Σαδώ-

282 5432 378 5484 ρης
406 5417 584 5485 δὲτὴν
610 5419 828 5486 αἴτησιν
856 5418 1178 5486 ἁπεπλὴρου
1200 5433 1213 5447 ⁸
1245 5416 1384 5487 ᾤετο
1414 5420 1523 5484 γὰρ
1553 5418 1611 5468 ὲν
1634 5415 1784 5483 καλνξι
1812 5417 1860 5467 οἱ

276 5508 499 5563 ἔσεσθαι
531 5511 632 5581 τὴν
665 5509 1019 5581 ἁνακήρυξιν.
1054 5511 1117 5563 El.
1148 5512 1258 5581 γὰρ
1292 5515 1432 5563 κατὰ
1464 5508 1590 5562 νοῦν
1619 5512 1729 5570 τοῖς
1767 5509 1859 5562 ἄλο

275 5600 386 5663 10:;
429 5603 788 5668 Χριστιανοίς
826 5606 1075 5668 γένοιτο,
1117 5602 1192 5663 ὼς
1237 5601 1449 5664 οὐδενὸς
1494 5601 1646 5651 ἔσται
1689 5599 1858 5665 φειδὼ

1976 4489 2156 4545 victus
2189 4490 2441 4563 Sapores,
2479 4505 2642 4565 caput
2671 4496 2722 4550 ei
2748 4499 3020 4566 amputari
3051 4500 3231 4569 jubet.
3259 4499 3550 4556 Enimvero

1976 4596 2100 4635 cum
2124 4583 2235 4651 jam
2284 4583 2375 4639 ille
2405 4585 2793 4651 abduceretur,
2846 4589 3222 4645 fidelissimum
3253 4595 3546 4661 quemdam

1973 4688 2039 4727 ex
2074 4677 2347 4731 eunuchis
2375 4678 2443 4731 ad
2479 4694 2663 4745 regem
2700 4680 2946 4743 mittens,
2989 4682 3108 4736 lucc
3139 4684 3444 4738 renuntiari
3498 4690 3547 4740 ei

1966 4766 2166 4835 jubet:
2199 4766 2314 4832 Qua
2345 4769 2416 4822 ab
2447 4769 2670 4823 ineunte
2696 4781 2852 4825 (etate
2877 4813 2891 4836 ,
2936 4787 2970 4826 ο
3021 4787 3135 4835 rex,
3167 4774 3547 4832 benevolentia

1910 4876 1915 4887 υ
1972 4858 2026 4910 in
2080 4868 2152 4923 te,
2185 4869 2395 4927 patrem
2433 4869 2609 4927 tuum,
2652 4878 2706 4917 et
2755 4863 3015 4918 familiam
3065 4881 3285 4921 omnem
3325 4869 3543 4931 fuerim.

1970 4950 2231 5005 alacriter
2274 4954 2432 5008 vobis
2461 4954 2792 5019 inserviens,
2817 4958 2950 5011 nihil
2986 4959 3120 5013 mihi
3154 4960 3387 5015 testibus
3404 4977 3544 5031 opus

1969 5060 2091 5098 esse
2120 5044 2322 5110 credo;
2358 5047 2502 5100 scire
2545 5048 2692 5101 enim
2745 5058 2798 5103 te
2829 5051 3015 5103 omnia
3047 5051 3197 5105 novi.
3245 5052 3351 5107 Sed
3394 5054 3541 5107 enim

1967 5149 2068 5203 pro
2099 5149 2165 5190 eo
2198 5136 2340 5205 quod
2377 5152 2592 5207 semper
2622 5139 2916 5208 gratiﬁcari
2941 5144 3100 5199 vobis
3129 5144 3336 5208 studui,
3375 5159 3539 5197 unam

1968 5226 2109 5281 hanc
2138 5238 2264 5297 peto
2298 5231 2572 5299 gratiam:
2619 5248 2781 5302 quam
2828 5241 2889 5288 te
2924 5235 3168 5304 quidem,
3200 5236 3294 5304 qui
3338 5235 3537 5288 multas

1966 5321 2263 5389 acceperis,
2290 5322 2524 5377 reddere
2554 5333 2640 5377 est
2668 5340 2908 5396 aequum.
2944 5326 3199 5382 Graviter
3233 5326 3381 5380 enim
3419 5341 3539 5379 mo-

1965 5409 2175 5466 riturus
2200 5410 2335 5475 fero,
2367 5414 2515 5482 quod
2547 5417 2772 5484 perinde
2814 5429 2977 5486 atque
3014 5417 3234 5480 infidus,
3285 5415 3536 5484 maleque

1965 5503 2029 5555 de
2065 5502 2269 5557 familia
2328 5514 2507 5559 vestra
2560 5514 2827 5572 meritus,
2860 5523 3049 5577 pmnas
3088 5507 3345 5577 pendam.
3393 5506 3542 5574 Qua-

1962 5603 2187 5661 propter
2250 5610 2558 5663 praconetn
2613 5600 2827 5667 publice
2872 5599 3133 5653 omnibus
3185 5599 3539 5670 promulgare

276 5692 364 5747 τοῦ
399 5692 630 5754 λοιποῦ,
667 5691 843 5756 οὕτως
882 5692 1040 5745 εὔνου
1084 5694 1177 5745 καὶ
1221 5695 1463 5764 τροφέως
1506 5690 1854 5761 ἀνῃρημέννυ

1988 5688 2173 5755 ubcto,
2199 5687 2563 5744 Usthazanctn
2597 5703 2772 5747 morte
2804 5694 3023 5750 multari
3047 5734 3060 5756 ,
3095 5708 3205 5748 non
3234 5695 3325 5764 qui
3365 5694 3420 5748 in
3447 5706 3537 5746 re-

464 5790 749 5850 νει-κοί..
782 5788 899 5857 Cn.
936 5786 1171 5848 CXLVI

3101 5788 3143 5850 5
