3972 6200
275 406 371 469 145

1195 407 1802 468 ΕΕΟΕΕΞΙΑΞΤΙΟιΕ
1846 406 2236 467 ΠΙΞΤΟΒΞΕ
2274 411 2431 469 LIB.
2469 411 2634 471 VIII.

3420 413 3518 474 15.6

270 518 399 578 εὼν,
500 515 596 584 τὴν
632 515 788 584 ἱερὰν
822 514 928 566 τῶν
958 517 1306 584 Εὐαγγελίων
1341 520 1524 590 βίϐλον
1552 519 1834 590 ἐφρούρει,

1965 519 2141 571 ncolis
2183 520 2516 586 imprecatus
2555 520 2654 587 (l),
2696 518 2822 572 inde
2867 518 3146 575 discessit.
3197 520 3317 576 Non
3363 521 3520 582 longe

269 613 344 672 εἰς
395 610 751 680 Ἱεροσόλυμα
799 604 932 678 ἧκεν
983 612 1147 680 εὐχῆς
1181 611 1348 665 ἓνεκα
1376 629 1390 644 ·
1424 613 1600 666 ἔπειτ’
1637 613 1846 665 ἐκεῖθεν

267 704 344 763 εἰς
379 702 660 767 Αἴγυπτον
689 702 832 755 κατὰ
876 701 1006 754 θέαν
1052 702 1163 754 τῶν
1205 705 1385 757 ἐκεῖσε
1419 705 1670 774 μοναχῶν
1704 704 1848 772 ἀπῆ-

268 810 378 859 ρεν.
415 787 541 853 υἷος
592 791 638 845 δ’
692 794 900 853 ἐκεῖνος
955 793 1069 855 τοῖς
1124 794 1452 863 παραδόξοις
1505 794 1612 848 τῶν
1668 793 1846 863 ἔργων

265 886 482 951 ἐγένετο
513 885 874 954 δημιουργὸς,
909 885 984 948 ὡς
1020 887 1116 938 καὶ
1157 888 1387 956 νεκροὺς
1431 889 1676 959 ἁνιστᾷν,
1706 905 1847 956 μαρ-

263 978 491 1047 τυρήσει
552 975 589 1028 ἃ
644 976 834 1046 Σύρων
868 979 1059 1041 παῖδες
1113 978 1217 1048 ίδίᾳ
1272 979 1606 1052 παραδόντες
1660 982 1846 1050 γραφῇ

267 1069 583 1132 κατέλιπον,
638 1070 988 1142 ἀνάγραπτον
1033 1071 1124 1123 τὸν
1178 1071 1292 1141 βίον
1350 1071 1445 1124 καὶ
1492 1072 1589 1132 τὰς
1635 1071 1847 1125 ἐκείνου

268 1162 498 1228 πράξεις
543 1161 883 1228 ποιούμενοι.
927 1162 1085 1229 Ἐμοὶ
1128 1163 1174 1214 δ’
1218 1162 1471 1230 ἀρκέσει,
1505 1163 1573 1216 τὰ
1606 1164 1850 1234 παρόντα

269 1253 405 1320 μόνα
462 1252 592 1321 περὶ
651 1253 819 1306 αὐτοῦ
869 1253 1118 1320 διελθεῖν,
1157 1256 1254 1309 καὶ
1303 1257 1616 1326 μνησθῆναι
1662 1257 1846 1324 μόνον,

264 1345 377 1394 ὅσοι
414 1343 479 1409 δὴ
525 1345 585 1394 ἐν
626 1344 852 1412 Περσίδι
903 1344 1007 1396 ὐπὸ
1051 1343 1295 1419 Σαπώρῃ
1341 1347 1434 1399 τὸν
1483 1347 1625 1399 θεῖον
1657 1349 1850 1415 ἀγῶνα

265 1433 485 1501 διῆλθον
511 1449 526 1464 ο
571 1434 734 1504 σχολῇ
771 1436 880 1503 γὰρ
916 1434 982 1488 ἄν
1027 1452 1113 1499 τις
1153 1437 1296 1500 τίνες
1327 1454 1388 1490 τε
1417 1434 1560 1508 ἦσαν
1600 1440 1694 1492 καὶ
1726 1439 1848 1492 ὅθεν

268 1523 359 1574 καὶ
391 1524 541 1584 ὅπως
572 1524 666 1575 καὶ
702 1525 855 1587 τινας
887 1525 1204 1595 ὑπέστησαν
1231 1530 1506 1598 τιμωρίας
1529 1529 1850 1600 ἀπαριθμή-

269 1631 442 1665 σαιτο.
484 1615 831 1668 Παντοδαποὶ
876 1617 987 1687 γάρ
1036 1635 1184 1681 τινες
1237 1620 1333 1672 καὶ
1383 1621 1617 1674 ποικίλοι
1660 1623 1710 1673 oi
1740 1624 1849 1676 τῶν

268 1700 553 1754 κολάσεων
596 1703 788 1771 τρόποι
844 1704 1094 1773 Περσῶν,
1126 1707 1233 1759 κάν
1269 1706 1484 1770 τούτοις
1513 1709 1577 1776 δὴ
1615 1709 1849 1777 μάλιστα

264 1792 322 1841 τὸ
353 1792 643 1859 φιλότιμον
674 1793 1149 1864 ὲπιδεδειγμένων.
1199 1797 1288 1860 Ὠς
1334 1798 1390 1850 δὲ
1431 1798 1576 1868 λόγῳ
1623 1800 1850 1870 περιλα-

266 1883 384 1935 6εῖν
431 1884 573 1947 ἔστι,
623 1885 839 1952 λέγεται
890 1886 999 1940 τῶν
1057 1889 1314 1958 τηνικάδε
1373 1893 1844 1960 μαρτυρησάντων

265 1978 391 2038 τοὺς
435 1976 610 2047 ὄνομα
644 1980 982 2047 φερομένους
1025 1975 1167 2032 εἶναι
1197 1981 1397 2053 ἄνδρας
1430 2001 1487 2035 τε
1534 1986 1628 2036 καὶ
1660 1986 1847 2052 γυναῖ-

267 2086 394 2133 κας,
432 2069 575 2138 πλὴν
604 2069 704 2138 τῆς
742 2072 896 2134 ἐκτὸς
928 2072 1170 2142 πληθύος
1205 2076 1300 2126 καὶ
1328 2073 1569 2145 ἀριθμοῦ
1603 2076 1850 2145 κρείττο-

265 2181 379 2229 νος,
412 2167 512 2216 σιν
553 2163 941 2233 ἑξακισχιλίοις
995 2165 1212 2234 μυρίοις
1239 2180 1254 2198 ο
1289 2159 1366 2219 ὧν
1401 2168 1640 2233 ἐργῶδες
1689 2167 1848 2236 νομί-

1951 626 2082 664 vero
2114 620 2254 680 post,
2289 627 2412 665 cum
2448 612 2774 680 primarium
2807 612 2880 665 ibi
2916 615 3297 681 magistratum
3331 629 3524 682 geren-

1953 708 2035 753 tes
2069 702 2402 769 majestalem
2437 702 2640 770 regiam
2677 705 2964 768 lassissent,
2995 703 3238 760 adducto
3262 719 3331 760 eo
3365 720 3523 760 exer-

1949 792 2060 846 citu
2097 793 2258 862 longe
2307 793 2549 847 maximo
2585 792 2750 848 Persa
2784 794 3048 864 oppidum
3087 795 3277 861 diruit,
3312 795 3524 850 locum-

1950 899 2058 952 que
2107 884 2227 954 ejus
2283 884 2464 939 bobus
2512 895 2697 938 aratro
2740 886 2947 955 junctis
2991 887 3278 956 proscidit,
3313 897 3370 942 et
3403 897 3523 960 tan-

1949 993 2112 1047 quam
2149 993 2340 1047 agrum
2375 980 2640 1034 consevit.
2682 979 2863 1035 Milles
2892 991 3074 1034 autem
3105 994 3173 1034 ex
3201 995 3268 1035 eo
3301 979 3522 1050 oppido,

1949 1071 2110 1124 sicuti
2164 1070 2300 1135 dixi,
2353 1071 2664 1138 discedens,
2714 1073 2830 1127 sola
2877 1089 3005 1142 pera
3055 1073 3105 1127 in
3154 1089 3261 1143 qua
3307 1089 3524 1128 sacrum

1949 1161 2369 1230 Evangeliorum
2419 1162 2622 1216 librum
2669 1164 2950 1230 servabat,
2987 1175 3234 1233 accepta,
3271 1164 3530 1219 llicroao—

1949 1254 2093 1324 lyma
2125 1252 2454 1321 precationis
2487 1268 2620 1322 ergo
2653 1254 2824 1308 venit.
2865 1253 3072 1310 Deinde
3111 1253 3423 1325 Egyptum,
3457 1255 3524 1308 ad

1949 1344 2210 1398 visemlos
2244 1343 2319 1397 ibi
2353 1345 2677 1412 monachos,
2717 1346 2897 1414 petiit.
2931 1346 3182 1412 Quantus
3216 1358 3397 1401 autem
3443 1349 3532 1398 vir

1950 1434 1997 1490 is
2043 1435 2327 1490 immensis
2379 1436 2661 1490 miraculis
2703 1437 2957 1501 edendis,
3000 1439 3348 1508 mortuisque
3390 1438 3526 1492 adeo

1950 1525 2305 1581 restituendis
2338 1526 2524 1590 fuerit,
2558 1526 2677 1596 Syri
2712 1528 2837 1597 ipsi,
2874 1528 2968 1598 qui
3005 1530 3168 1582 vitam
3204 1540 3260 1583 et
3291 1547 3378 1583 res
3407 1531 3529 1597 ejus

1949 1628 2130 1687 gestas
2165 1618 2218 1671 in
2252 1618 2558 1672 litterarum
2605 1630 2960 1674 monumenta
3001 1621 3332 1685 retulerunt,
3370 1621 3527 1674 libris

1951 1711 2063 1764 suis
2098 1708 2470 1762 testabuntur.
2513 1708 2642 1763 Mihi
2673 1710 2805 1763 satis
2841 1709 3028 1774 fuerit,
3063 1711 3178 1764 haec
3213 1722 3426 1764 tantum
3459 1711 3526 1764 de

1950 1816 2016 1855 eo
2066 1801 2298 1864 dixisse,
2361 1816 2662 1869 eorumque
2713 1801 2982 1856 duntaxat
3032 1802 3386 1865 meminisse,
3432 1803 3523 1870 qui

1953 1894 2096 1960 apud
2134 1894 2326 1949 Persas
2361 1895 2461 1947 sub
2502 1893 2709 1962 Sapore
2754 1895 3002 1948 divinum
3049 1895 3364 1949 sustinuere
3395 1909 3524 1963 ago-
3611 1899 3621 1910 '

1953 2002 2098 2038 nem.
2143 1984 2309 2053 .43ng
2358 1985 2503 2038 enim
2545 1988 2833 2055 quisquam
2889 2003 3180 2042 numerum
3223 1987 3431 2050 inici-it,
3474 1997 3526 2040 et

1949 2079 2208 2146 quinam,
2248 2089 2303 2131 et
2351 2077 2494 2132 unde
2547 2079 2781 2142 fuerint,
2829 2089 2924 2133 aut
2968 2081 3282 2150 quomodo,
3333 2096 3526 2148 qu:e\e

1950 2169 2224 2223 subierint
2275 2170 2559 2240 supplicia.
2604 2170 2750 2225 Varii
2798 2187 3036 2241 namque
3116 2172 3526 2240 multorumque

264 2272 463 2316 σαντες
501 2257 598 2318 τὰς
643 2255 822 2308 αὐτῶν
865 2257 1237 2328 προσηγορίας
1272 2257 1635 2328 ἀπαριθμεῖν,
1671 2259 1718 2309 οἱ
1747 2257 1852 2310 ἀνὰ

1959 2275 2214 2329 generum
2248 2261 2594 2315 cruciatuum
2636 2261 2779 2331 apud
2818 2263 3010 2316 Persas
3041 2273 3170 2316 sunt
3205 2261 3350 2314 modi
3387 2278 3399 2313 ε
3432 2261 3524 2330 qui

264 2331 378 2417 τὴν.
412 2345 646 2401 Ἐδεσαν
692 2348 904 2419 Πέρσαι
958 2349 1050 2402 καὶ
1102 2348 1264 2419 Σύροι
1321 2349 1642 2420 Χριστιανοὶ
1693 2350 1850 2402 τοῦτο

1959 2355 2008 2407 in
2059 2355 2140 2406 eis
2181 2353 2348 2408 etiam
2401 2369 2524 2406 cum
2577 2353 2880 2407 ambitione
2922 2353 3181 2421 quadam,
3218 2353 3431 2406 laudem
3477 2361 3529 2403 et

267 2441 437 2506 μόνον
471 2441 791 2510 ἱστόρησαν.

1959 2445 2178 2514 gloriam
2224 2443 2462 2498 maxime
2496 2453 2800 2498 ostentant.
2836 2445 2998 2514 617
3039 2443 3312 2508 Quantum
3345 2449 3526 2494 autem

265 2536 486 2586 ratione
518 2536 806 2604 complecti
842 2535 992 2600 licet,
1025 2552 1217 2591 eorum
1250 2535 1343 2606 qui
1412 2545 1524 2590 tum
1597 2535 1671 2589 ibi
1750 2539 2069 2604 martyrium
2117 2538 2490 2601 absoIVerunt,
2523 2546 2578 2590 et
2615 2536 2850 2606 alicujus
2893 2538 3048 2591 luere
3094 2535 3352 2596 nominis,
3423 2533 3524 2586 viri

262 2647 311 2685 ει
355 2631 646 2695 mulieres,
684 2645 838 2687 extra
888 2633 1297 2687 multitudinem
1341 2648 1463 2687 eam
1535 2647 1655 2702 qua:
1725 2648 2012 2687 numerum
2064 2633 2303 2696 excedit,
2373 2632 2440 2686 ad
2493 2631 2658 2685 millia
2709 2631 2948 2686 sedecim
3027 2630 3193 2684 fuisse
3241 2629 3530 2683 dicunwro

263 2723 523 2790 Quorum
574 2726 798 2778 nomina
853 2741 1139 2781 recensere
1185 2742 1480 2796 operosum
1527 2724 1860 2797 iudicantes,
1931 2727 2023 2796 qui
2074 2727 2292 2782 Elessae
2333 2737 2482 2792 sunt,
2564 2727 2743 2782 Persa:
2791 2735 2847 2781 et
2899 2723 3020 2796 Syri
3058 2723 3376 2788 Christiani,
3425 2724 3530 2778 hoc

267 2817 664 2876 tantummodo
695 2820 976 2873 memoria:
1003 2822 1482 2875 commendarunt.

866 2934 913 2986 K
923 2934 1042 2984 ΕΦΛ
1053 2935 1098 2986 Λ
1109 2971 1122 2984 .
1153 2933 1276 2987 ΛΗ’.

267 3029 382 3084 οἷα
406 3033 441 3084 ὀ
453 3029 654 3098 μέγας
673 3025 1132 3098 Κωνσταντζνος
1163 3025 1314 3098 ὑπερ
1351 3023 1724 3098 Χριστιανῶν
1746 3025 1859 3076 Σα-

521 3093 680 3165 ϐὡρῃ
715 3098 939 3165 ἔγραφε
970 3093 1048 3160 τῷ
1074 3094 1326 3164 Περσῶν
1345 3093 1615 3158 βασιλεῖ.

351 3215 517 3270 Ἐπεὶ
562 3213 619 3266 δὲ
654 3211 799 3264 οὕτω
843 3211 1076 3280 πάσχειν
1104 3211 1232 3272 τοὺς
1276 3210 1458 3261 ἐκεῖσε
1505 3208 1595 3260 τὸν
1623 3207 1855 3276 Χριστὸν

264 3311 540 3368 σέϐοντας
569 3308 598 3357 ὁ
629 3303 988 3371 πανεύιρημος
1021 3299 1290 3371 ἐγνώρισε
1321 3299 1600 3370 βασιλεὺς,
1621 3297 1857 3368 ήσχαλλε

264 3400 536 3470 μεγάλως
575 3398 671 3447 καὶ
700 3394 930 3464 ἠνιᾶτο·
970 3391 1188 3461 βοηθεῖν
1229 3391 1287 3445 δὲ
1341 3389 1626 3459 πρόθυμος
1670 3388 1766 3451 ὣν,
1800 3391 1858 3441 ὲν

259 3495 470 3561 ἀπόρῳ
506 3491 571 3542 τὸ
605 3489 860 3557 ποιητέον
885 3481 1057 3556 εἶχεν,
1083 3486 1232 3548 ὅπως
1272 3483 1340 3538 ἂν
1369 3484 1466 3536 καὶ
1493 3484 1542 3535 oi
1577 3485 1635 3536 ὲν
1665 3482 1858 3550 ἐκείνῳ

259 3590 516 3658 ἡσυχίαν
553 3586 762 3652 ἄγοιεν.
797 3582 1018 3650 Συμὸὰν
1047 3581 1103 3633 δὲ
1140 3578 1404 3648 πρέσϐεις
1453 3576 1666 3630 ἐκεῖθεν
1709 3591 1860 3643 τηνι-

260 3684 406 3735 κάδε
442 3679 729 3746 παρεῖναι,
754 3677 869 3736 τοῖς
918 3672 1263 3741 αἰτουμένοις
1311 3667 1522 3731 ἐπιθεὶς
1568 3667 1764 3736 πέρας,
1797 3664 1858 3717 εὐ

256 3775 306 3827 δ’
343 3773 714 3842 ἡγησάμενος
765 3765 1002 3836 Σαϐὠρῃ
1035 3767 1131 3818 καὶ
1183 3767 1310 3833 περὶ
1345 3761 1455 3814 τῶν
1498 3761 1680 3812 ἐκεῖσε
1727 3757 1860 3810 ἀνα-

259 3865 472 3919 θέσθαι
519 3859 887 3930 Χριστιανῶν,
913 3856 1204 3924 ἐπιστολὴν
1250 3854 1582 3922 ἀξιύμνητον
1625 3851 1858 3920 ἔγραφε,

262 3959 557 4028 μεγίστην
599 3954 758 4023 χάριν
799 3949 1078 4020 ὁμολογῶν
1127 3945 1299 4015 αὐτῷ,
1349 3947 1398 3997 ει
1449 3946 1564 4005 τοῖς
1608 3942 1668 3995 τὸ
1718 3941 1860 3994 κατὰ

258 4048 520 4119 Χριστὸν
571 4045 744 4112 δόγμα
793 4043 1117 4111 στέργουσιν
1170 4039 1356 4092 ἄνεσιν
1409 4034 1548 4102 δοίη.
1605 4033 1696 4102 Μὴ
1753 4031 1861 4101 γὰρ

257 4141 540 4209 ἐγκαλεῖν
576 4138 720 4208 ἔχειν
753 4138 848 4188 καὶ
894 4136 984 4187 τὶν
1014 4137 1112 4201 τῆς
1145 4131 1449 4202 θρησκείας
1486 4128 1711 4198 τρόπον,
1739 4124 1859 4176 ἐπεί

257 4232 355 4282 τοί
415 4245 487 4294 γε
549 4227 626 4295 μὴ
676 4223 950 4290 σφαγίοις,
996 4220 1186 4288 ὥσπερ
1247 4218 1469 4276 ἐκεῖνοι,
1531 4213 1647 4265 ἀλλ’
1705 4213 1861 4264 ἀναι-

263 4326 520 4391 μάκτοις
549 4319 807 4388 χαίρουσι
837 4317 956 4376 ταῖς
995 4313 1240 4375 θυσίαις,
1276 4308 1564 4378 εὐχόμενοι
1605 4304 1685 4374 τῷ
1717 4303 1856 4372 Θεῷ,

257 4409 310 4483 ᾧ
379 4412 462 4480 μὴ
511 4412 664 4479 φίλον
716 4408 873 4478 χύσις
913 4404 1186 4474 αἱμάτων,
1244 4399 1382 4452 ἀλλὰ
1445 4398 1593 4467 ψυχὴ
1657 4394 1860 4464 ἀρετὴν

2467 2930 2689 2987 CAPUT
2730 2929 3014 2985 XXXVIII.

2039 3022 2164 3088 Qua:
2214 3021 2591 3076 Constantinus
2623 3022 2816 3091 Sapori
2883 3022 3168 3075 Persarum
3207 3023 3318 3092 regi
3367 3038 3458 3090 pro

2197 3107 2199 3109 '
2413 3092 2729 3147 Christianis
2759 3094 3056 3161 scripserit.

2031 3205 2387 3273 Pasti-aquam
2485 3215 2666 3258 autem
2752 3206 3167 3260 laudatissimus
3232 3205 3532 3273 imperator

1958 3296 2310 3352 Christicolas
2337 3298 2410 3350 ibi
2449 3297 2521 3350 ita
2551 3296 2713 3366 allligi
2751 3297 3042 3359 intellexit,
3073 3313 3214 3366 aegre
3243 3295 3295 3348 id
3326 3296 3530 3354 ferens,

1963 3405 2288 3457 magnopere
2322 3398 2406 3442 est
2439 3389 2816 3456 perturbatus.
2857 3387 2920 3440 Et
2951 3398 3176 3457 paratus
3209 3386 3432 3456 quidem
3466 3390 3532 3437 ait

1960 3496 2118 3550 opem
2159 3481 2264 3532 illis
2297 3479 2583 3533 ferendam
2615 3489 2775 3533 erat:
2810 3479 2905 3533 sed
2945 3481 3092 3546 quod
3123 3477 3330 3530 faceret
3362 3486 3421 3529 ut
3452 3476 3528 3528 illi

1959 3587 2026 3626 eo
2051 3586 2271 3640 quoque
2299 3575 2417 3624 loco
2446 3571 2688 3639 quietam
2715 3571 2984 3624 ducerent
3010 3571 3197 3634 vitam,
3226 3584 3332 3622 non
3364 3569 3533 3621 liabe-

1962 3663 2072 3716 bat.
2107 3659 2211 3715 Sed
2243 3660 2389 3714 enim
2425 3659 2626 3713 accidit
2658 3668 2716 3711 ut
2748 3658 2909 3727 legati
2945 3667 3061 3711 tum
3101 3673 3167 3712 ex
3216 3656 3444 3710 Perside
3479 3659 3528 3709 ei

1961 3755 2248 3816 adessent;
2289 3767 2525 3821 quorum
2566 3750 2770 3819 aptatis
2803 3764 2926 3803 cum
2968 3749 3352 3812 satisfecisset,
3388 3759 3531 3802 recte

1961 3826 2020 3896 se
2055 3843 2326 3896 facturum
2375 3841 2609 3911 putavit,
2637 3842 2682 3896 si
2731 3839 2924 3910 Sapori
2976 3841 3043 3895 de
3075 3840 3404 3896 Christianis
3439 3841 3531 3909 qui

1963 3935 2065 3989 sub
2095 3936 2216 4006 ejus
2247 3950 2417 4003 regno
2453 3944 2660 4000 essent,
2698 3933 3001 4004 quidquam
3044 3934 3210 3989 etiam
3255 3934 3528 4003 signiﬁca-

1963 4037 2068 4082 ret.
2120 4027 2308 4096 Itaque
2353 4026 2640 4095 epistolam
2692 4025 2758 4079 ad
2807 4041 2965 4087 eum,
3016 4026 3237 4096 dignata
3293 4024 3533 4094 prol'ecm

1963 4121 2109 4176 illam
2141 4137 2262 4188 qua:
2297 4119 2532 4172 maxime
2563 4119 2894 4180 celebretur,
2927 4117 3080 4172 dedit
3107 4137 3121 4171 :
3151 4119 3442 4174 maximam
3474 4134 3532 4171 se

1920 4246 1923 4251 -
1962 4213 2039 4268 illi
2074 4212 2391 4267 debiturum
2428 4226 2548 4264 esse
2582 4211 2815 4280 gratiam
2861 4211 3180 4274 ostendens,
3213 4210 3256 4264 si
3287 4211 3528 4278 quietem

1961 4305 2042 4358 eis
2072 4303 2167 4373 qui
2200 4317 2356 4357 sacra
2386 4301 2590 4356 Christi
2630 4301 2900 4365 colerent,
2937 4301 3302 4370 permitteret.
3344 4299 3534 4368 Neque

1961 4408 2083 4448 esse
2123 4392 2268 4463 quod
2313 4392 2597 4462 religionis
2641 4392 2760 4463 ejus
2805 4391 3166 4446 caeremonias
3212 4391 3528 4446 criminare-

259 4505 608 4578 ἀκραιφνῶς
660 4501 929 4564 ἀσκοῦσα,
973 4497 1068 4550 καὶ
1109 4495 1355 4562 δόγματα
1406 4489 1661 4558 εὐσεϐείᾳ
1711 4486 1856 4557 μάλα

1961 4495 2052 4540 tur
2083 4503 2097 4540 :
2132 4485 2336 4555 quippe
2374 4485 2500 4540 illos
2537 4499 2646 4539 non
2688 4484 2926 4540 victimis
2959 4483 3233 4545 mactatis,
3265 4483 3526 4552 quemad-

260 4601 663 4672 προσήκοντα.
697 4595 861 4645 Ὥστε
913 4592 1006 4643 καὶ
1049 4589 1119 4641 δι’
1171 4585 1402 4639 ἐπαίνου
1455 4581 1656 4652 μᾶλλον
1707 4581 1861 4647 ἄγειν

259 4671 416 4754 τοὺς
448 4687 549 4743 ὧδε
589 4690 700 4742 δεῖν
745 4685 1089 4755 ἡγουμένους
1134 4677 1439 4732 πιστεύειν.
1483 4675 1607 4728 Ἐπὶ
1643 4673 1708 4742 δὴ
1739 4671 1863 4724 τού-

255 4801 405 4845 τοις
449 4783 607 4834 ἵλεων
653 4781 800 4846 έχειν
851 4774 1165 4842 ὑπισχνεῖτο
1193 4770 1255 4823 τὸ
1298 4769 1473 4832 Θεῖον,
1506 4766 1558 4818 ετ
1596 4766 1648 4833 γ’
1689 4763 1865 4816 ἕλοιτο

263 4876 548 4946 προνοεῖν
601 4871 704 4940 τῆς
765 4866 1100 4939 θρησκείαςο
1157 4864 1253 4917 καὶ
1301 4860 1600 4930 τεκμήριον
1651 4856 1863 4946 προῆγε

262 4972 313 5023 Γ
319 4945 561 5034 αλιῆνον
616 4964 825 5014 ἐκεῖνον
877 4960 971 5011 καὶ¹
1026 4954 1440 5024 Οὐαλλεριανδν,
1508 4949 1604 5002 κα)
1661 4948 1730 4999 τὰ
1773 4945 1863 4998 ἐπ’

262 5057 448 5125 αὐτῷ
498 5054 692 5122 ἐκείνῳ
745 5048 1156 5120 συμϐεϐηκότα.
1211 5046 1275 5099 Oi
1323 5042 1420 5113 μὲν
1463 5040 1573 5110 γὰρ
1628 5038 1718 5091 διὰ
1766 5037 1866 5104 τὴν

266 5152 434 5222 τερδς
502 5144 866 5216 Χριστιανοὺς
934 5141 1160 5209 εἰρήνην
1218 5135 1477 5206 εὐμαρῶς
1535 5133 1634 5199 τὴν
1689 5130 1869 5199 ἀρχὴν

259 5246 576 5314 διήνυσαν.
617 5237 770 5289 Ἐπεὶ
797 5235 854 5288 δὲ
886 5236 981 5287 καὶ
1010 5226 1182 5295 οὗτοι,
1217 5229 1419 5299 μᾶλλον
1456 5226 1502 5280 δ’
1533 5223 1866 5292 Οὐαλλεριαο

260 5342 381 5400 νὸς
427 5333 666 5400 διωγμὸν
712 5330 834 5382 κατ’
882 5327 1082 5389 αὐτῶν,
1123 5321 1197 5386 ὣς
1248 5323 1298 5374 οἱ
1349 5321 1553 5379 λοιποὶ,
1603 5321 1868 5387 πράττειν

261 5431 508 5502 ᾑρεῖτο,
541 5426 646 5477 ὐπδ
675 5424 917 5491 Πέρσαις
941 5419 1260 5486 γενόμενος,
1289 5415 1385 5482 τῆς
1413 5412 1565 5502 θείας
1594 5408 1867 5502 ἐπειραθη

260 5499 492 5585 ξέοι-ης·
521 5519 580 5569 ἐν
624 5509 705 5576 οἷς
743 5511 1087 5580 αἰχμάλωτος
1132 5504 1390 5574 γεγονὼς,
1422 5500 1610 5564 κακῶς
1661 5501 1720 5551 τὸ
1767 5499 1868 5566 ζῇν

262 5610 691 5681 ὲξεμέτρησεν.
724 5604 884 5671 Αὐτῷ
927 5601 972 5655 δ’
1018 5602 1214 5667 ἐκείνῳ
1251 5596 1340 5650 διὰ
1373 5595 1474 5663 τὴν
1521 5596 1600 5655 είς
1633 5589 1864 5656 Χριστὸν

261 5707 485 5759 πίστιν
530 5702 824 5771 σύμμαχον
869 5698 930 5748 τὸ
953 5696 1108 5747 Θεῖον
1157 5691 1524 5759 γεγενημένον
1565 5687 1741 5737 πᾶσαν
1766 5681 1864 5746 τὴν

1965 4577 2188 4634 modum
2232 4579 2404 4646 ipsos,
2434 4577 2533 4647 sed
2577 4577 2883 4633 incruentis
2921 4577 3159 4646 gaudere
3202 4573 3524 4637 sacrificiis;

1963 4678 2019 4726 et
2046 4684 2238 4740 preces
2277 4671 2343 4724 ad
2378 4669 2547 4723 Deum
2592 4667 2848 4734 fundere,
2878 4668 2966 4722 cui
3002 4683 3114 4722 non
3153 4666 3362 4723 eilnsus
3405 4681 3531 4719 san-

1964 4763 2087 4833 guis
2121 4771 2308 4832 gratus
2343 4769 2515 4825 esset,
2545 4760 2639 4815 sed
2673 4760 2854 4814 anima
2891 4759 3151 4815 virtutem
3187 4759 3404 4814 sincere
3436 4774 3532 4812 ex—

1966 4853 2182 4915 hibens,
2218 4863 2276 4905 et
2321 4850 2574 4919 dogmata
2621 4866 2765 4904 vera:
2813 4851 3001 4919 pietati
3050 4850 3285 4904 maxime
3328 4865 3534 4905 conveo

1966 4946 2197 5000 nientia.
2247 4943 2485 5000 Proinde
2540 4942 2849 4998 laudandos
2893 4958 2992 4997 eos
3044 4957 3167 4998 esse
3209 4943 3404 5014 magis,
3438 4944 3530 5012 qui

1968 5037 2074 5093 sibi
2120 5039 2194 5090 ita
2238 5035 2598 5101 credendum,
2642 5037 2924 5105 Deumque
2978 5035 3270 5090 colendum
3327 5044 3533 5088 statue-

1969 5138 2116 5185 runt.
2156 5129 2237 5184 Ad
2291 5129 2406 5184 hanc
2451 5128 2620 5182 Deum
2666 5127 2818 5182 illum
2868 5129 3166 5198 propitium
3216 5127 3530 5180 habiturum

1967 5237 2088 5274 esse
2119 5221 2346 5290 recepit,
2374 5220 2419 5274 si
2444 5220 2882 5274 Christianorum
2914 5220 3101 5289 pietati
3129 5217 3530 5274 consulendum

1969 5323 2208 5383 putaret.
2243 5312 2422 5381 Atque
2461 5311 2530 5366 ad
2563 5310 2625 5364 id-
2656 5311 3030 5373 indicandum,
3062 5311 3345 5366 Galienum
3380 5309 3531 5387 illum

1967 5418 2020 5460 et
2056 5404 2424 5468 Valerianum,
2459 5413 2724 5473 preter-ea
2768 5419 2896 5458 vero
2933 5419 2996 5457 ea
3037 5417 3156 5472 qute
3187 5411 3244 5455 et
3277 5400 3381 5454 sub
3413 5400 3532 5468 ipso

1967 5497 2316 5560 accidissent,
2368 5496 2648 5565 produxit.
2706 5497 2830 5550 Illos
2874 5495 3043 5558 enim,
3089 5492 3358 5562 tantisper
3403 5493 3532 5546 dum

1964 5588 2311 5643 Christianos
2351 5587 2642 5655 quiescere
2683 5587 2826 5654 passi
2875 5596 3079 5646 essent,
3113 5583 3271 5638 facile
3316 5583 3533 5652 imperii

1967 5698 2190 5736 cursum
2235 5681 2479 5736 tenuisse
2515 5697 2528 5733 :
2565 5679 2732 5750 618
2767 5677 2987 5732 eosdem
3047 5689 3249 5741 autem,
3311 5675 3533 5745 potissi-

363 5842 455 5911 U)
519 5839 900 5911 Ἐπηρεάσατο
964 5836 1030 5903 τῇ
1091 5831 1267 5893 πόλει,
1328 5828 1598 5882 insultavit
1661 5825 1845 5893 Oppido

1959 5826 2036 5876 int.
2062 5839 2268 5875 unctius
2299 5826 2315 5883 i
