3972 6200
408 396 503 464 tst
1620 410 2036 472 NlCEPllORl
2084 415 2173 473 CA
2187 415 2436 476 LLlSTI
3553 398 3663 485 152

400 521 636 575 ditorem
685 520 837 590 prius
880 521 1046 576 veluti
1091 523 1490 580 medicamento
1526 541 1747 584 curans.
1793 528 1968 598 Loage

2082 531 2179 603 τὴν
2214 534 2466 604 Μαρείαν
2512 530 2711 605 λίμνην
2747 532 3026 603 κείμενον,
3066 533 3441 607 Ἀλεξανδρείᾳ
3484 553 3660 609 προσ-

398 612 469 667 ab
495 628 559 667 ea
599 614 756 668 abest
799 613 1108 681 iracundia,
1147 616 1481 684 convicium,
1516 618 1781 689 jurgium.
1819 621 1968 687 Quod

2083 622 2307 690 ήκοντα,
2336 620 2492 691 ξένην
2541 621 2862 690 φιλοσοφίαν
2911 623 3306 693 μετέρχεσθαι·
3338 618 3413 678 ὧν
3440 626 3659 697 οἴκησιν

396 704 545 758 enim
578 720 708 759 vera
739 705 953 760 ratione
980 705 1208 775 praedita
1236 717 1340 772 est,
1370 708 1738 766 irrationalem
1759 727 1968 768 omnem

2080 712 2178 764 καὶ
2209 711 2489 766 πολιτείαν
2520 714 2615 765 καὶ
2646 712 2745 783 τὴν
2773 711 2940 782 ἀλλην
2966 712 3187 768 ἃπασαν
3217 715 3445 787 ἀγωγην
3469 720 3660 771 τοιαυ-

400 796 645 851 declinat
691 805 904 851 motum
944 814 959 850 :
998 806 1076 863 et,
1118 808 1176 853 ut
1222 800 1392 855 semel
1427 800 1631 869 dicam,
1683 805 1977 873 perturba-

400 890 635 956 tinnum,
676 907 798 961 quae
839 892 924 947 vel
970 893 1028 948 in
1075 894 1280 959 anima,
1318 892 1404 948 vel
1448 892 1506 947 in
1540 907 1774 962 corpore
1822 902 1972 961 sunt,

398 982 646 1037 omnium
687 983 911 1043 domina
942 985 1183 1040 exsistit.
1219 985 1418 1040 Verum
1463 985 1749 1040 enimvero
1781 995 1975 1041 aucto-

400 1090 516 1129 rem
547 1075 749 1133 divina:
775 1076 939 1132 istius
973 1076 1336 1147 philosophiae
1365 1076 1587 1147 quidam
1616 1076 1844 1132 laudant
1869 1078 1977 1133 lle-

397 1165 530 1219 liam
587 1166 741 1224 illum
790 1168 1200 1235 aemulatorem,
1250 1168 1470 1238 quidam
1530 1184 1661 1223 vero
1706 1169 1972 1224 Joannem

398 1257 720 1329 Baptistam.
774 1260 973 1316 Philon
1025 1268 1210 1315 autem
1262 1261 1388 1325 ille,
1440 1276 1640 1330 genere
1690 1260 1970 1327 Hebraeus,

394 1363 541 1407 secta
572 1364 755 1409 autem
786 1354 1183 1426 Pythagoreus,
1230 1356 1573 1424 temporibus
1602 1355 1719 1411 suis
1746 1355 1972 1410 Iudaeos

394 1444 687 1512 quosdam,
713 1446 862 1501 viros
884 1461 1080 1515 graves
1102 1456 1157 1501 et
1185 1448 1550 1514 venerandos,
1573 1447 1709 1503 dicit
1728 1448 1887 1521 621
1916 1448 1969 1502 in

397 1535 619 1605 regione
650 1538 885 1606 quadam
916 1537 1235 1609 frequentes
1261 1539 1498 1597 habente
1531 1540 1793 1606 tumulos,
1821 1543 1969 1597 circa

394 1625 574 1681 lacum
615 1627 988 1683 Maraaotieutn
1025 1630 1092 1684 ad
1137 1630 1525 1695 Alexandriam
1575 1634 1964 1703 pertinentem,

396 1733 597 1773 novum
651 1720 1078 1792 phi1050phandi
1136 1739 1344 1780 morem
1406 1724 1723 1795 complexos
1777 1742 1901 1782 esse
1952 1744 1965 1780 :

393 1824 627 1877 quorum
677 1812 995 1879 domicilia,
1039 1816 1164 1869 vita:
1216 1816 1702 1882 consuetudinem,
1752 1817 1967 1888 aliaque

2073 1815 2332 1867 πλειόνων
2383 1814 2595 1886 τροφῆς

392 1899 643 1959 instituta
671 1904 879 1970 omnia,
917 1906 1044 1961 talia
1080 1906 1285 1976 aliquis
1330 1923 1452 1962 esse
1478 1923 1544 1963 ex
1591 1909 1964 1980 descriptione

396 1993 510 2061 ejus
535 1993 779 2064 colligat,
813 1996 992 2064 qualia
1022 1997 1188 2068 prisci
1217 1999 1361 2069 apud
1395 1998 1681 2072 IEgyptios
1711 2003 1964 2058 monachi

391 2093 520 2137 sunt
555 2087 876 2143 consectati.
914 2088 1049 2143 Nam
1083 2090 1209 2145 vita:
1245 2091 1298 2145 id
1334 2106 1508 2162 genus
1547 2093 1805 2163 ingressi,
1839 2109 1967 2164 ρος-

389 2176 665 2233 sessiones
698 2194 826 2234 suas
868 2181 1197 2251 propinquis
1240 2182 1627 2255 relinquebant
1656 2202 1671 2238 :
1699 2199 1764 2239 ac
1799 2186 1965 2241 rebus

391 2270 648 2326 omnibus
683 2271 883 2336 nuntio
920 2272 1177 2339 remisso,
1224 2284 1379 2329 extra
1428 2275 1630 2346 oppida
1679 2277 1961 2342 vivebant,

390 2363 642 2440 atquein
686 2362 866 2425 hortis
899 2362 1231 2431 quibusdam
1280 2374 1336 2418 et
1383 2365 1531 2440 agris
1579 2365 1714 2421 solis
1749 2366 1965 2420 habita-

390 2452 544 2508 bant.
580 2453 752 2508 Erant
782 2464 965 2509 autem
1009 2456 1092 2510 eis
1139 2467 1195 2515 et
1236 2457 1571 2521 mansiones,
1608 2474 1730 2530 quae
1770 2475 1960 2513 mona—

389 2546 558 2600 steria
604 2556 752 2602 recte
792 2547 1070 2615 dicantur,
1114 2548 1206 2604 ubi
1244 2549 1473 2605 solitarii
1526 2566 1648 2610 cum
1698 2552 1964 2622 gravitate

276 2635 280 2639 ’
387 2646 442 2691 et
491 2640 781 2699 sanctitate
836 2639 1013 2694 sacris
1064 2639 1453 2706 initiabantur,
1508 2642 1963 2712 carminibusque

388 2728 615 2793 divinis,
659 2729 883 2801 hymnis
916 2741 973 2784 et
1001 2731 1228 2811 psalmis
1255 2732 1427 2787 Deum
1469 2732 1769 2795 laudabant
1798 2744 1963 2803 atque

389 2820 663 2875 colebant.
706 2821 903 2888 Nullus
949 2823 1148 2878 horum
1198 2825 1354 2899 prius
1399 2824 1623 2890 cibum,
1663 2839 1828 2895 quant
1882 2827 1963 2883 sol

390 2910 702 2971 occidisset,
738 2912 1012 2982 capiebat.
1061 2913 1239 2969 Fuere
1285 2914 1477 2978 etiam,
1509 2916 1604 2985 qui
1652 2915 1832 2971 tribus
1870 2926 1965 2972 aut.

392 3002 644 3072 pluribus
685 3019 907 3079 quoque
951 3004 1150 3060 diebus
1184 3007 1303 3060 sine
1333 3007 1595 3062 alimento
1638 3024 1957 3079 persevera-

394 3104 519 3149 rent
547 3111 562 3148 :
595 3095 724 3149 vino
755 3106 938 3151 autem
973 3104 1027 3151 et
1063 3097 1500 3168 sanguinolentis
1536 3116 1761 3170 prorsus
1789 3102 1962 3159 absti-

393 3195 610 3253 nerent,
639 3188 916 3258 certisque
946 3188 1141 3244 diebus
1180 3191 1434 3245 consulto
1483 3190 1637 3246 humi
1664 3192 1956 3249 decumbe-
1988 3219 2034 3278 ο

394 3288 538 3333 rent.
563 3279 734 3336 Cibus
755 3281 835 3336 eis
857 3292 978 3337 erat
1006 3283 1187 3352 panis,
1214 3283 1294 3337 sal
1322 3294 1379 3338 et
1413 3283 1710 3355 hyssopum
1742 3303 1755 3338 :
1779 3294 1962 3354 potus,

391 3387 556 3450 aqua.
579 3371 754 3453 Prope
782 3388 879 3428 eos
910 3374 1171 3430 mulieres
1190 3374 1354 3429 etiam
1383 3378 1595 3431 vetulas
1626 3376 1795 3447 fuisse
1825 3378 1965 3431 scri-

391 3462 495 3525 bit,
530 3477 652 3533 quae
692 3465 1057 3539 philosophiae
1100 3467 1222 3538 ejus
1272 3482 1485 3532 amore,
1537 3471 1796 3525 eumdem
1840 3472 1968 3527 vita:

392 3568 614 3617 cursum
664 3555 992 3627 delegerint.
1034 3557 1380 3633 Quapmpter
1411 3568 1467 3615 et
1506 3562 1742 3617 consilio
1777 3562 1970 3616 volun-

393 3644 535 3697 tario
582 3645 898 3699 caelibatum
951 3660 1301 3714 consectatus,
1351 3650 1521 3704 vitam
1571 3650 1646 3705 ita
1701 3653 1967 3723 transige-

393 3735 546 3789 ltattt.
577 3735 769 3793 Philon
792 3754 924 3793 sane
955 3741 1008 3794 in
1036 3740 1183 3796 libro
1213 3758 1375 3813 quem
1397 3743 1473 3798 De
1495 3742 1614 3807 Vita
1639 3744 1968 3817 contempla-

395 3829 522 3895 tiva,
577 3830 694 3885 sive
751 3831 1079 3903 supplicumj,
1139 3833 1459 3905 inscripsit,
1504 3837 1786 3903 memoria:
1852 3837 1970 3892 haec

2077 816 2183 871 την
2214 798 2356 855 εἶναί
2403 819 2490 867 τις
2540 804 2812 857 εἰκάσειεν
2862 804 2922 868 ἐξ
2957 798 3033 857 ὧν
3076 805 3396 872 καταλέγει,
3427 807 3659 876 οἵανπερ

2079 893 2177 947 καὶ
2197 895 2246 946 οί
2286 893 2456 947 πάλαι
2494 895 2727 967 μοναχοὶ
2759 896 2819 948 ὲν
2850 895 3116 969 Δίγύπτῳ
3157 897 3518 969 μετήρχοντο.
3546 899 3657 953 Τοῦ

2077 985 2187 1055 γὰρ
2243 986 2558 1056 φιλοσοφεῖν
2611 987 2932 1059 ἀρχόμενοι,
2992 992 3104 1053 τοῖς
3161 991 3499 1060 προσήκουσι
3546 992 3658 1044 τῶν

2075 1078 2249 1132 δντων
2295 1079 2642 1146 ἐξίστανταιο
2699 1082 2834 1135 πᾶσι
2897 1081 2944 1135 δ’
3011 1081 3494 1152 ἀπαγορεύοντας,
3553 1084 3659 1150 ἔξω

2074 1172 2273 1241 τειχῶν
2317 1171 2612 1240 γίνεσθαιο
2659 1174 2751 1227 καὶ
2799 1174 3000 1244 κήποις
3059 1175 3123 1245 δή
3180 1193 3292 1228 τισι
3342 1178 3440 1231 καὶ
3489 1194 3659 1246 μονα.-

2074 1262 2248 1332 γρίοις
2298 1262 2394 1323 τὰς
2445 1263 2734 1334 διατριὸὰς
2780 1263 2947 1334 ἔχειν.
3005 1261 3161 1320 Εἶναι
3220 1266 3278 1323 δὲ
3328 1266 3510 1330 αὐτοῖς
3564 1271 3658 1321 καὶ

2073 1352 2428 1423 καταγωγὰς,
2462 1353 2498 1408 ἀ
2531 1357 2874 1427 μοναστήρια
2920 1358 3105 1411 καλεῖν
3155 1358 3312 1427 θέμις
3338 1376 3353 1391 ·
3386 1352 3479 1412 οἷα
3522 1360 3661 1437 ίδιάτ

2073 1444 2303 1513 ζοντας,
2362 1448 2577 1515 σεμνῶς
2642 1447 2939 1517 μυεῖσθαι*
2995 1448 3160 1519 ᾠδαῖς
3212 1450 3269 1503 δὲ
3322 1449 3496 1515 θείαις
3560 1453 3656 1504 καὶ

2074 1536 2256 1607 ὓμνων
2303 1539 2679 1610 ψαλμοῖςτδν
2728 1540 2861 1592 Θεὸν
2915 1539 3265 1611 θεραπεύειν.
3301 1544 3392 1614 Μή
3434 1559 3559 1596 τινα
3595 1544 3655 1596 δὲ

2069 1632 2272 1684 τούτων
2319 1632 2674 1705 ἐντυγχάνειν
2729 1635 2930 1702 τροφῇ,
2987 1634 3118 1702 πρὶν
3163 1633 3318 1705 ἥλιος
3365 1636 3500 1705 περὶ
3545 1636 3654 1703 γῆν

2068 1721 2302 1792 γίνεται.
2362 1720 2483 1776 Εἰσὶ
2532 1722 2590 1776 δὲ
2643 1720 2692 1777 οἳ
2746 1726 2840 1774 καὶ
2895 1721 2985 1776 διὰ
3047 1722 3216 1793 τριῶν
3274 1723 3503 1795 ἡμερῶν
3559 1728 3655 1778 καὶ

2674 1814 2932 1882 ἄγευστοι
2975 1815 3346 1883 διαμένουσιν.
3389 1815 3549 1869 Οῖνου
3596 1817 3655 1868 δὲ

2068 1902 2165 1957 καὶ
2219 1901 2462 1973 ἐναίμων
2520 1904 2757 1972 πάμπαν
2810 1903 3131 1971 ἀπέχονται.
3195 1900 3421 1972 Ῥηταῖς
3478 1903 3524 1955 δ’
3592 1905 3652 1956 ὲν

2068 1995 2309 2065 ἡμέραις
2354 1995 2451 2048 καὶ
2497 1997 2791 2065 χαμευνεῖν
2841 1994 3150 2063 αἱροῦνται.
3186 1994 3264 2047 Τὸ
3295 1994 3342 2047 δ’
3391 1993 3523 2063 ὄψον
3553 1995 3654 2047 αύ-

2066 2089 2180 2150 τοῖς
2226 2086 2392 2158 ἀρτος
2439 2087 2535 2139 καὶ
2572 2085 2701 2150 ἅλες
2739 2086 2848 2139 είσὶ
2895 2087 2991 2139 καὶ
3036 2085 3314 2151 ὕσσωπον,
3349 2089 3446 2141 καὶ
3504 2085 3650 2157 ὕδωρ

2068 2178 2255 2231 ποτόν.
2300 2174 2453 2231 Εἶναι
2498 2177 2546 2230 δ’
2590 2179 2759 2246 ἐγγὺς
2794 2178 2888 2231 καὶ
2935 2180 3205 2246 γυναῖκας
3237 2179 3539 2248 γηραλέας,
3574 2159 3650 2233 δι⁹

2067 2270 2246 2338 ἔρωτα
2283 2269 2606 2339 φιλοσοφίας
2630 2271 2721 2322 τὸν
2749 2272 2861 2323 ἴσον
2891 2270 3094 2341 δρόμον
3123 2271 3459 2341 αἱρουμένας
3490 2269 3645 2341 βιοῦν

2068 2379 2205 2432 φησι
2229 2379 2242 2392 ⁸
2277 2363 2357 2416 διὸ
2395 2363 2489 2416 καὶ
2521 2362 2715 2433 γνώμῃ
2755 2362 2990 2432 ἑκουσίῳ
3029 2362 3128 2431 τὴν
3159 2362 3407 2432 ἀγαμίαν
3442 2362 3651 2416 ἀσκοῦ-

2069 2472 2183 2518 σαι,
2211 2454 2300 2505 τὺν
2335 2454 2452 2523 βίον
2483 2455 2877 2522 παρέλκουσιν.
2922 2455 2980 2506 '0
3011 2453 3112 2522 μὲν
3135 2453 3199 2523 δὴ
3221 2452 3396 2506 Φίλων
3416 2453 3648 2507 τοιαῦτα

2068 2542 2305 2618 ἱστορῶν
2347 2546 2405 2598 ἐν
2454 2545 2600 2615 λόγῳ
2632 2542 2690 2596 δν
2721 2543 2861 2612 Περὶ
2896 2544 3043 2608 ,ϐίου
3075 2541 3441 2612 θεωρητικοῦ
3471 2544 3504 2615 ἢ
3535 2547 3653 2598 ἱκε-

2066 2637 2186 2691 τῶν
2215 2636 2535 2707 ἐπιγράφει,
2568 2635 2712 2690 ἔοικε
2762 2636 2891 2700 τοὺς
2929 2635 2988 2703 ἐξ
3026 2635 3299 2708 Ἑϐραίων
3327 2636 3455 2708 ἄρτι
3498 2638 3651 2704 πρὼ-

2066 2746 2172 2790 τως
2227 2727 2725 2797 Χριστιανίσαντας
2785 2727 3130 2792 ὑποφαίνειν,
3200 2726 3648 2798 Ἰουδαῖκὼτερον

2065 2816 2148 2870 ἔτι
2197 2817 2600 2886 διακειμένους,
2643 2817 2739 2869 καὶ
2787 2816 2855 2869 τὰ
2892 2816 3118 2870 ἐκείνων
3166 2814 3273 2886 ἦθη
3315 2814 3646 2887 τηροῦντας.

2078 2913 2167 2965 Ἐν
2195 2912 2339 2982 ἄλλῳ
2377 2912 2488 2983 γὰρ
2527 2911 2673 2964 ἔθνει
2715 2910 2974 2981 τοιαύτην
3009 2908 3127 2979 βίου
3178 2911 3459 2980 διαγωγὴν
3508 2910 3649 2981 πλὴν

2066 3004 2226 3074 ἡμῶν
2266 3006 2366 3057 ούκ
2414 3004 2563 3058 ἐστιν
2598 3004 2802 3073 εὑρεῖν.
2835 3003 2941 3055 Καί
2976 3020 3041 3071 γε
3087 3002 3382 3072 συμϐάλλω
3413 3003 3473 3067 ἐξ
3501 3005 3649 3057 ὲκεί-

2066 3113 2172 3149 νων
2202 3095 2260 3146 ὲν
2287 3094 2547 3164 Αἰγύπτῳ
2585 3093 2735 3165 τήνδ’
2788 3095 3039 3161 ἀκμάσαι
3063 3093 3163 3164 τὴν
3196 3093 3498 3147 πολιτείαν.
3522 3093 3650 3148 Εἰσὶ

2066 3186 2121 3239 δὲ
2154 3186 2208 3239 of
2230 3202 2365 3255 φασι
2396 3187 2492 3240 καὶ
2524 3188 2653 3249 τοὺς
2701 3187 2846 3240 κατά
2890 3186 3085 3255 καιρὸν
3130 3185 3407 3256 διωγμοὺς
3439 3186 3648 3257 ταύτην

2073 3279 2355 3352 σχεδιάσαι
2386 3277 2633 3351 πρώτως
2648 3279 2748 3349 τὴν
2779 3277 3006 3348 ἀγωγήν
3029 3292 3044 3306 ’
3077 3278 3175 3348 τῆς
3209 3277 3319 3347 γὰρ
3349 3277 3648 3348 θρησκείας

2071 3371 2627 3442 ἐκπεπολεμωμένης,
2685 3369 2985 3439 φεύγοντες
3033 3368 3222 3439 ὄρεσιν
3274 3369 3496 3440 ἀγρίοις
3550 3371 3649 3422 καὶ

2068 3467 2270 3528 νάπαις
2298 3466 2411 3517 τισι
2443 3463 2708 3535 διῃτῶντο
2729 3477 2744 3493 ο
2788 3456 2869 3523 οἷς
2900 3460 2975 3530 μὴ
3000 3461 3204 3514 ἁλῶναι
3250 3462 3373 3524 ταῖς
3409 3460 3643 3524 πλάναις

2068 3558 2157 3611 διά
2209 3556 2449 3625 σπουδῆς
2487 3554 2791 3608 ἐποιοῦντο.
2831 3552 3053 3613 Ἐθάδες
3102 3552 3161 3605 δὲ
3201 3551 3298 3605 τοῦ
3335 3552 3454 3623 βίου
3487 3553 3646 3620 γενό-

2073 3665 2248 3718 μενοι,
2295 3647 2439 3700 κατὰ
2489 3644 2687 3716 μικρὸν
2739 3643 3143 3712 ἀποπληρῶσαι
3200 3646 3268 3714 τῇ
3320 3642 3502 3715 διαίτῃ
3552 3644 3647 3695 τὸν

2071 3743 2206 3812 βίον,
2250 3718 2339 3803 είς
2372 3740 2517 3809 μέγα
2568 3737 2617 3791 τ’
2668 3736 2971 3800 δπιδοῦναι,
3024 3734 3233 3790 πολλῶν
3288 3738 3432 3789 κατὰ
3482 3734 3647 3803 ζῆλον

2071 3834 2456 3904 ὑποδυομένων
2487 3831 2587 3902 τὴν
2626 3830 2926 3887 πολιτείαν.

399 3925 701 3990 mandavit.
742 3928 968 3983 Videtur
1013 3940 1196 3985 autem
1281 3947 1378 3988 eos
1448 3932 1783 4002 signiﬁcare,
1832 3934 1927 4004 qui
1970 3949 2036 3989 ex
2077 3930 2321 3998 Hebraeis
2382 3940 2499 3985 tum
2564 3942 2744 4000 nuper
2794 3927 3088 3982 admodum
3156 3923 3645 3986 Christianismum

395 4024 760 4105 susceperint,
790 4022 1038 4080 Judaicis
1074 4024 1255 4079 adhuc
1289 4024 1646 4093 opinionibus
1674 4025 1957 4096 praeditos,
2000 4041 2293 4103 moresque
2367 4038 2562 4085 eorum
2610 4031 2914 4076 servantes.
2964 4018 3020 4073 ltt
3058 4018 3207 4073 nulla
3250 4019 3398 4077 enim
3481 4010 3646 4085 gente

395 4113 523 4180 alia,
557 4126 924 4189 prieterquam
970 4116 1117 4187 apud
1165 4131 1287 4182 nos,
1340 4117 1447 4172 tale
1516 4118 1641 4172 vitae
1711 4117 2028 4173 institutum
2072 4117 2414 4179 inveniatur.
2463 4115 2733 4185 Equidem
2783 4112 2853 4166 ab
2900 4111 3008 4165 illis
3042 4110 3316 4180 Algyptiis
3360 4118 3648 4174 tantopere

397 4208 504 4266 hoc
542 4208 761 4273 vivendi
807 4224 981 4279 genus
1019 4208 1317 4264 invaluisse
1363 4210 1618 4278 coniicio.
1653 4207 1795 4265 Sunt
1824 4223 1957 4265 vero
1995 4211 2088 4280 qui
2159 4210 2373 4273 dicunt,
2445 4204 2897 4277 persecutionum
2942 4213 3189 4272 tempora
3222 4202 3351 4256 huic
3390 4202 3648 4254 instituto

393 4302 692 4371 derepente
739 4301 976 4376 primum
1011 4313 1231 4365 causam
1269 4300 1590 4370 praebuisse.
1620 4299 1758 4355 Cum
1805 4300 1953 4356 enim
1995 4316 2025 4354 a
2093 4300 2339 4371 tyrannis
2406 4299 2600 4377 religio
2654 4296 3046 4368 exagitaretur,
3082 4296 3176 4367 qui
3226 4292 3330 4347 sibi
3359 4292 3483 4362 luga
3512 4305 3649 4344 con-

395 4397 677 4460 snlebant,
710 4395 767 4450 in
813 4395 1095 4450 montibus
1127 4394 1353 4463 incultis
1415 4405 1474 4452 et
1508 4395 1744 4451 saltibus
1811 4393 2145 4466 quibusdam
2216 4392 2605 4455 versabantur,
2653 4389 2708 4449 in
2760 4390 2961 4459 quibus
2993 4404 3061 4443 ne
3103 4385 3433 4456 deprehensi
3481 4399 3644 4451 cape

394 4500 605 4554 rentur,
658 4490 728 4545 de
782 4488 1057 4544 industria
1095 4487 1395 4543 errabundi
1448 4487 1610 4547 sedes
1652 4487 1960 4543 mutabant.
2003 4486 2067 4540 Et
2111 4498 2235 4538 cum
2321 4484 2372 4561 ei
2422 4483 2549 4540 vitae
2581 4481 2975 4542 assuevissent,
3023 4476 3288 4548 paulatim
3377 4474 3643 4542 deinceps

394 4588 709 4652 institutum
753 4583 806 4639 id
847 4582 914 4638 ad
946 4592 1180 4636 mortem
1258 4598 1429 4651 usque
1507 4581 1890 4651 producebant
1935 4590 2039 4635 :et
2078 4580 2144 4633 ad
2194 4594 2389 4650 magna
2440 4577 2801 4635 incrementa.
2842 4572 3031 4629 multis
3077 4585 3176 4639 per
3209 4566 3641 4622 aemulationem»

395 4683 869 4749 conversationem
895 4680 1058 4737 talem
1085 4688 1141 4735 et
1169 4679 1759 4745 vitamsubettntibus,
1794 4678 2266 4739 transmittebant.

895 4818 1059 4890 522
1086 4816 1312 4879 CAPUT
1353 4816 1442 4871 XL

394 4937 468 4994 De
513 4938 620 4994 vita
652 4947 701 4989 et
750 4936 992 4989 instituto
1037 4934 1321 4989 clarissimi
1351 4936 1490 4989 inter
1525 4936 1805 4992 monachos
1853 4937 1966 4995 Au-

466 5008 599 5061 tonii
628 5006 844 5077 Magni,
900 5013 951 5056 et
999 5007 1347 5060 sectatoribus
1387 5006 1549 5075 ejus:
1583 5014 1633 5058 et
1680 5006 1743 5057 de
1797 5006 1968 5061 Paulo

464 5076 723 5147 Simplici.

468 5189 725 5255 Sedenim
778 5189 897 5251 sive
944 5186 1206 5259 Egyptii,
1258 5203 1353 5243 seu
1405 5189 1619 5258 priores
1669 5188 1788 5252 illi,
1829 5204 1968 5257 quos

398 5285 659 5351 diximus,
697 5292 793 5347 aut
836 5280 1002 5347 etiam
1043 5281 1131 5337 alii
1163 5279 1481 5355 quicunque
1532 5279 1771 5335 instituti
1803 5279 1969 5349 hujus

398 5390 655 5441 auctores
727 5374 923 5441 fuere,
990 5381 1044 5428 et
1113 5371 1384 5450 ejusmodi
1453 5372 1805 5442 philosophia
1873 5372 1965 5425 alii

395 5471 648 5540 praeiere,
685 5467 820 5533 illud
853 5466 1077 5538 quidem
1117 5474 1265 5521 certe
1306 5480 1468 5521 nemo
1508 5481 1617 5520 non
1649 5468 1964 5529 contitetur,

304 5630 311 5637 ο
398 5563 465 5617 ad
498 5577 796 5627 summum,
828 5570 883 5617 et
909 5558 1158 5627 moribus
1189 5557 1342 5628 ipsis,
1373 5568 1430 5614 et
1460 5566 1714 5612 accurata
1744 5557 1965 5610 vivendi

398 5654 631 5719 ratione,
656 5656 964 5719 institutum
993 5655 1117 5719 hoc,
1141 5652 1211 5706 ita
1244 5661 1303 5706 ut
1331 5651 1520 5722 Opinio
1549 5650 1965 5715 obtinet,exer-

396 5745 579 5800 cuisse
627 5745 897 5799 celebrem
954 5745 1108 5804 illum
1174 5753 1229 5807 et
1281 5757 1537 5812 tnagnutn
1593 5741 1891 5797 Antonium
1950 5762 1960 5796 :

385 5853 559 5909 .qttem
604 5849 715 5891 tum
754 5837 805 5890 in
835 5836 1052 5908 Egypti
1093 5836 1373 5892 montibus
1415 5836 1707 5900 viventem,
1745 5847 1967 5907 propter

2674 4809 2920 4863 ΚΕΦΔΛ.
2956 4808 3044 4861 Μ’.

2066 4932 2209 5001 Περὶ
2235 4932 2380 5001 βίον
2408 4928 2505 4981 καὶ
2531 4923 2901 5001 ἀγωγῆς.τοιῖ
2945 4921 3302 5001 περιϐοήτου
3353 4922 3425 5000 ἐν
3454 4923 3644 5001 ἀφ’κηὶ

2141 4993 2263 5065 sui};
2291 5062 2293 5065 ι
2317 4999 2638 5053 Ἀντωνίου
2697 4993 2801 5048 τοῦ
2828 4994 3119 5065 μεγάλου,
3176 4993 3272 5065 καὶ
3308 4993 3425 5045 τῶν
3454 4995 3641 5046 αὑτοῦ

2138 5063 2450 5142 μαθητῶν,
2486 5069 2580 5121 καὶ
2612 5067 2859 5127 Παύλου
2886 5063 2992 5117 τοῦ
3028 5063 3270 5118 Ἁπλοῦ.

2141 5188 2255 5243 Εἶτ’
2290 5183 2383 5240 οὖν
2413 5184 2721 5253 Αἰγύπτιοι,
2755 5180 2866 5234 εἷθ’
2899 5181 2948 5232 οἱ
2978 5180 3246 5249 πρότερον
3272 5177 3577 5248 εἰρημένοι,
3608 5180 3639 5248 ῆ

2069 5279 2309 5352 ὁποιοιδή
2334 5295 2475 5341 τινες
2527 5278 2621 5335 τοῦ
2651 5274 2895 5330 τοιούτου
2933 5272 3048 5344 βίου
3091 5270 3390 5342 κατῆρξαν,
3424 5272 3639 5339 καὶτῆς

2067 5373 2324 5443 τοιαύτης
2381 5369 2702 5441 φιλοσοφίας
2762 5365 3135 5437 προύστησαν,
3200 5362 3357 5416 τοῦτό
3419 5380 3483 5431 γε
3531 5364 3639 5432 μὴν

2070 5466 2238 5519 πᾶσιν
2273 5461 2713 5535 ἀνωμολόγηται,
2752 5458 2825 5527 ὡς
2858 5459 2935 5520 είς
2970 5457 3138 5523 ἄκρον
3175 5452 3232 5507 ἐν
3266 5470 3325 5506 τε
3360 5453 3515 5523 ἤθεσι
3546 5456 3639 5504 καὶ

2069 5557 2292 5629 ἀκριϐεῖ
2339 5556 2588 5628 πολιτείᾳ
2633 5554 2731 5624 τὴν
2778 5550 3041 5620 τοιαύτην
3079 5548 3292 5606 δίαιταν
3335 5546 3639 5614 ἐξασκῆσσι

2067 5653 2227 5719 λόγος
2274 5649 2387 5719 ἔχει
2418 5648 2510 5699 τὸν
2540 5646 2704 5700 πολὺν
2731 5646 2939 5699 ἐκεῖνον
2963 5641 3059 5702 καὶ
3094 5642 3270 5713 μέγαν
3317 5637 3601 5693 Ἀντώνιον
3624 5655 3638 5669 ·

2069 5746 2127 5798 ὃν
2159 5744 2461 5817 τηνικαῦτα
2496 5744 2606 5805 τοῖς
2641 5738 2762 5799 κατ’
2788 5737 3065 5805 Αἴγυπτον
3095 5734 3244 5807 δρεσι
3290 5732 3639 5801 διατρίϐοντα

2069 5837 2156 5891 διὰ
2200 5837 2260 5890 τὸ
2306 5838 2404 5904 τῆς
2464 5833 2665 5903 ἀρετῆς
2696 5829 2906 5899 περιὸν,
2943 5829 3167 5895 γιὴσιον
3204 5827 3438 5877 ἐποιεῖτο
3487 5824 3639 5892 φίλον
