3972 6200
272 390 377 453 153

1204 380 1810 443 ECC'LESIASTICKE
1849 379 2241 441 HISTORIA!
2270 377 2420 437 LIB.
2454 374 2622 436 Vill.

3439 360 3540 426 154

270 502 690 561 Κωνσταντῖνος
741 500 770 552 ό
819 483 1143 570 περδόητος
1197 495 1484 567 βασιλεύς·
1551 495 1726 565 τιμῶν
1789 511 1889 556 τε⁴

1994 494 2180 548 irtutis
2210 490 2605 562 praestantiam,
2638 500 2958 556 germanum
2993 480 3097 537 sibi
3128 479 3363 534 amicum
3414 478 3535 531 l’eri'

270 597 503 656 πυκνοῖς
531 595 854 663 γράμμασι,
892 593 1023 661 περὶ
1044 583 1121 645 ὧν
1143 590 1383 659 αἱρεῖται
1411 587 1646 657 γράφειν
1676 584 1861 656 ἠρέθι-

271 684 393 750 ζεν.
453 679 563 737 Ἦν
590 684 649 736 δὲ
701 674 858 743 οὗτος
885 679 966 750 τῷ
995 679 1144 744 γένει
1202 677 1524 746 Αἰγύπτιος,
1569 675 1635 727 τὰ
1668 673 1862 743 πρῶτα

270 778 379 845 τῆς
406 777 671 847 πατρίδος
710 773 1038 843 φερόμενος,
1068 770 1179 825 ἀπὸ
1216 768 1411 839 κώμης
1453 766 1599 847 οὕτω
1629 765 1865 833 λεγομέ-

272 840 377 937 vde
406 840 573 936 Κομᾶ
603 882 618 897 ⁸
914 863 960 916 δ’
1023 863 1164 933 αὕτη
1229 840 1553 931 Ἡρακλεὶᾇ
1576 856 1686 910 τῶν
1736 854 1865 925 παρ’

277 960 604 1026 Δίγυπτξοις
652 954 956 1026 Ἀρκάδων.
1003 953 1094 1006 Ἑν
1126 952 1225 1023 νέᾳ
1261 950 1318 1005 δι
1363 948 1554 1019 ἡλικίᾳ
1608 944 1867 997 καταλει-

279 1049 437 1116 φθεὶς
465 1047 726 1118 ὀρφανὸς,
764 1048 880 1100 ὅσοι
914 1045 1013 1112 μὲν
1042 1042 1194 1114 αύτῷ
1234 1041 1520 1111 προσῆσαν
1549 1038 1732 1106 ἀγροὶ,
1753 1037 1868 1097 τοῖς

283 1140 654 1211 συγχωρξταις
680 1139 831 1191 εῐασε
855 1178 871 1204 ,
905 1139 1005 1207 τὴν
1061 1135 1119 1188 δὲ
1171 1134 1366 1203 λοιπὴν
1398 1130 1724 1203 περιουσίαν
1753 1131 1866 1187 τοῖς

280 1232 564 1300 δεομένοις
615 1230 883 1284 ἁπέδοτο’
913 1229 1027 1281 δεῖν
1069 1227 1180 1297 γὰρ
1232 1224 1370 1296 ᾤετο
1408 1225 1500 1276 τὸν
1553 1221 1867 1292 φιλοσοφεῖν

286 1324 591 1375 σπεύδοντα
626 1322 702 1392 μὴ
733 1322 894 1391 μόνον
928 1321 1150 1389 ἀφιέναι
1181 1319 1249 1372 τὰ
1278 1318 1564 1387 χρήματα,
1594 1312 1730 1367 ἀλλὰ
1774 1312 1869 1364 καὶ

288 1413 681 1481 προσηκόντως
722 1410 1147 1464 καταναλίσκειν
1187 1409 1301 1469 τοῖς
1336 1404 1624 1476 χρῄζουσι.
1660 1402 1773 1455 Καὶ
1804 1399 1871 1468 δὴ

285 1503 401 1562 τοῖς
449 1498 706 1568 τηνικάδε
762 1499 893 1567 περ)⁸
920 1497 991 1549 τὰ
1025 1495 1165 1548 καλὰ
1196 1494 1392 1564 σχολὴν
1425 1492 1644 1563 ἔχουσιν
1678 1487 1871 1541 ἑαυτὸν

291 1591 595 1663 συμμίξας,
627 1588 697 1642 τὰ
727 1590 997 1658 κράτιστα
1042 1586 1153 1639 τῶν
1193 1584 1336 1638 ὅλων
1367 1582 1667 1652 ἐζήλωσεν.
1702 1574 1871 1637 Emit;

289 1701 354 1754 γε
412 1684 523 1754 μὴν
577 1682 672 1735 τὸν
718 1682 939 1751 ἄριστον
972 1680 1085 1751 βίον
1118 1682 1183 1750 τῇ
1217 1674 1480 1746 συνηθείᾳ
1513 1673 1645 1744 ἡδὺν
1678 1671 1872 1737 ὲσόμευ

292 1796 404 1846 νον,
450 1779 501 1830 εί
555 1777 651 1830 καὶ
701 1774 939 1845 χαλεπός
982 1791 1068 1836 τις
1107 1773 1194 1842 εἰη
1237 1769 1523 1840 ταπρῶτα,
1550 1766 1648 1828 τὰς
1685 1770 1873 1817 συντι-

296 1838 434 1942 μους
454 1869 658 1940 μᾶλλον
685 1838 779 1921 λαὶ
798 1866 1013 1930 τελείας
1041 1864 1151 1917 τῶν
1180 1838 1395 1932 αρετῶν
1422 1861 1516 1911 Lm
1529 1855 1741 1926 μέλετο.
1766 1853 1875 1904 Καὶ
1910 1838 1947 1890 Β

298 1965 419 2018 καθ’
446 1965 692 2033 ἑκάστην
724 1959 930 2013 ὡσανεὶ
985 1956 1161 2028 ἀρχὴν
1222 1954 1536 2025 βαλόμενος,
1577 1946 1878 2016 ἑπιμᾶλλον

295 2058 361 2125 τῇ
402 2054 637 2108 καθόλου
691 2050 991 2122 ἐγκρατείᾳ
1052 2046 1289 2118 ἐχώρει,
1349 2043 1557 2112 νεαρὰν
1609 2055 1732 2093 τινα
1784 2036 1880 2089 καὶ

299 2147 663 2215 ἀκμάζουσαν
718 2144 999 2213 ὁσημέραι
1066 2139 1380 2210 προθυμίαν
1426 2131 1780 2205 αὐχῶν.-.Καί
1814 2145 1877 2198 γε

297 2241 400 2301 τὰς
453 2239 553 2307 μὲν
601 2234 695 2289 τοῦ
730 2236 987 2304 σώματος
1022 2232 1220 2302 ἡδονὰς
1253 2229 1554 2283 ἑκολάσατο
1595 2226 1715 2286 ταῖς
1751 2224 1880 2292 περὶ

296 2329 437 2384 αύτδ
486 2329 770 2398 ἑπιμόνοις
815 2323 1255 2393 ταλαιπωρίαις*
1310 2321 1410 2383 τὰς
1463 2319 1521 2372 δὲ
1573 2318 1670 2386 τῆς
1701 2314 1879 2384 ψυχῆς

299 2423 577 2482 ἀτάκτους
624 2419 803 2488 ὁρμὰς
854 2415 1177 2469 κατέστειλε
1205 2412 1284 2483 τῷ
1314 2410 1580 2481 ἀνενδότῳ
1613 2408 1712 2478 τῆς
1750 2422 1881 2475 προ-

298 2517 594 2580 αιρέσεως.
616 2510 802 2575 ’Δπαξ
831 2510 877 2561 δ’
907 2509 1141 2561 ἔσιτεῖτο
1171 2506 1391 2576 ἡμέρας
1418 2503 1570 2571 ἡλίου
1598 2500 1843 2559 δύνοντο;
1865 2513 1878 2527 ’

304 2605 571 2666 πολλάκις
601 2604 659 2656 δὲ
689 2603 783 2656 καὶ
828 2604 885 2664 ἐς
935 2601 1030 2655 δύο
1075 2600 1173 2653 καὶ
1199 2601 1346 2669 τρεῖς
1384 2596 1598 2669 ἡμέρας
1624 2594 1884 2653 ἀπόσιτνς

304 2698 520 2767 εμενεν.
564 2695 629 2748 Ἦ
663 2696 720 2748 δὲ
748 2696 923 2765 τρυφὴ
953 2695 1114 2767 ἄρτος
1145 2690 1213 2764 ἦν
1240 2734 1255 2758 ,
1288 2691 1385 2744 καὶ
1418 2686 1625 2742 ἁπλοῦν
1669 2683 1799 2753 (oti/0v
1833 2683 1883 2734 οἱ

306 2790 437 2851 iis;
461 2806 477 2820 ο
534 2788 596 2840 τὸ
628 2787 686 2840 δὲ
716 2791 877 2840 ποτὸν
936 2787 964 2839 ό
1023 2784 1360 2855 παραρρέων
1398 2779 1548 2848 αύτῷ
1582 2776 1884 2848 χείμαρρος

1966 582 2313 639 clarissimus
2358 582 2657 650 imperator
2687 574 3108 634 Constantinus,
3159 567 3540 638 frequentibus

1965 678 2031 730 ad
2068 689 2195 730 eum
2225 672 2369 727 datis
2412 671 2616 726 littoris
2649 668 2928 721 hominem
2964 666 3263 723 honorans,
3296 668 3350 712 et
3386 668 3447 711 ut
3483 658 3551 708 de

1966 763 2381 834 quibus‘rebus
2422 759 2588 813 velle-t
2634 759 2735 827 (l),
2770 756 2835 810 ad
2891 770 2950 809 se
2992 752 3284 812 scriberet,
3329 762 3548 816 rogans.

1971 858 2097 913 Fuit
2118 866 2301 909 autem
2333 853 2380 906 is
2398 866 2600 922 genere
2628 847 2920 919 Egyptius
2945 845 3046 915 (2),
3072 843 3278 913 primas
3305 840 3356 891 in
3378 847 3486 906 pati
3504 836 3550 887 ia

1968 964 2065 1004 sua
2096 957 2279 1018 partes
2328 945 2534 1007 ferens,
2575 945 2628 996 in
2678 941 2802 994 vico
2846 938 2935 994 cui
2981 950 3179 991 nomen
3225 937 3346 986 erat
3380 928 3545 981 Coma

1969 1017 2149 1101 ortus,
2180 1038 2281 1108 qui
2315 1036 2583 1090 ﬁnitimus
2629 1044 2716 1088 est
2765 1028 3039 1085 Arcadum
3088 1025 3190 1095 (5),
3238 1038 3361 1092 quae
3407 1017 3550 1087 apul

1967 1131 2251 1203 Egyptios
2292 1138 2377 1183 est
2423 1125 2721 1181 Heracleae.
2768 1122 2827 1176 ln
2871 1117 3103 1190 juvenili
3149 1122 3333 1170 autem
3388 1119 3549 1203 aetate

1971 1198 2197 1280 relictus
2228 1239 2256 1277 a
2300 1219 2626 1292 parentibus
2671 1217 2979 1285 orphanus,
3031 1204 3305 1280 quidquid
3354 1202 3405 1257 ei
3451 1198 3557 1253 fuit

1970 1319 2105 1388 agri,
2139 1315 2244 1370 loci
2285 1314 2407 1385 ejus
2443 1310 2641 1388 incolis
2689 1305 2935 1368 donavit,
2984 1300 3251 1370 reliquam
3287 1294 3552 1350 substan-

1975 1381 2104 1463 tiam
2139 1381 2435 1475 egentibus
2483 1384 2790 1455 distribuit.
2834 1394 2911 1447 lta
2943 1393 3089 1446 enim
3133 1389 3332 1443 decere
3361 1381 3556 1438 existi-

1974 1497 2162 1560 mavit,
2182 1474 2258 1549 fut
2277 1494 2373 1564 qui
2403 1489 2777 1563 philosophari
2799 1483 3213 1545 constituisset,
3237 1492 3346 1531 non
3380 1474 3556 1527 solum

1975 1589 2241 1659 pecunias
2278 1586 2637 1654 relinqueret,
2672 1579 2768 1636 sed
2799 1580 2963 1633 etiam
3010 1589 3112 1646 pro
3156 1585 3224 1627 eo
3265 1578 3430 1637 atque
3459 1564 3559 1617 de-

1975 1657 2146 1744 ceret,
2176 1678 2440 1749 inopibus
2471 1691 2564 1730 eas
2603 1673 2964 1744 expenderet.
3010 1666 3155 1722 Sane
3197 1661 3420 1733 quidem
3461 1657 3554 1724 qui

1979 1784 2093 1828 tum
2121 1771 2287 1826 rebus
2308 1767 2555 1839 pulchris
2572 1774 2848 1827 vacarem,
2869 1762 2948 1816 eis
2973 1775 3031 1815 se
3054 1756 3413 1826 coniungens,
3435 1762 3558 1820 quae

1980 1867 2034 1919 in
2072 1875 2410 1930 unoquoque
2434 1871 2626 1913 eorum
2654 1853 3103 1925 praestantissima
3131 1852 3345 1921 essent,
3376 1856 3440 1896 ea
3474 1847 3560 1892 est

1980 1954 2295 2012 mmulatus.
2324 1949 2480 2017 Quod
2510 1960 2750 2015 namque
2785 1944 2951 1999 sciret
2979 1940 3244 2011 optimam
3279 1946 3559 2003 quamque

1980 2051 2149 2103 vitam
2181 2040 2587 2099 consuetudine
2618 2036 2838 2092 dulcem
2863 2044 3183 2104 gratamque
3208 2026 3349 2087 ﬁeri,
3373 2040 3561 2093 quam-

1982 2141 2065 2194 vis
2097 2138 2280 2210 gravis
2310 2136 2550 2208 primum
2585 2132 2657 2185 sit
2689 2138 2747 2184 et
2779 2126 3031 2189 molesta,
3070 2123 3126 2176 in
3153 2115 3564 2187 compendiosis

1982 2208 2357 2301 perfectisque
2391 2242 2450 2282 se
2475 2226 2652 2293 magis
2675 2219 2921 2276 exercuit
2948 2213 3265 2271 virtutibus.
3290 2210 3359 2263 Et
3384 2208 3565 2277 quoti.

1982 2298 2072 2378 die
2115 2321 2275 2392 quasi
2325 2315 2602 2388 principio
2627 2315 2794 2385 jacto,
2823 2308 2998 2378 magis
3031 2321 3094 2360 ac
3141 2302 3315 2371 magis
3359 2300 3414 2353 in
3447 2298 3567 2350 uni-

1984 2429 2141 2471 versa
2164 2412 2332 2467 animi
2359 2408 2741 2464 moderatione
2769 2402 3116 2475 proﬁciebat,
3149 2411 3346 2451 novam
3375 2406 3567 2461 quam-

1984 2507 2111 2561 dam
2144 2515 2201 2560 et
2231 2504 2507 2574 vigentem
2542 2499 2721 2553 indies
2755 2510 2865 2566 prae
2893 2511 2952 2549 se
2981 2493 3167 2547 ferens
3201 2487 3565 2541 alacritatem.

1988 2599 2051 2653 Et
2079 2596 2331 2666 corporis
2370 2593 2595 2664 quidem
2624 2590 2944 2658 voluptates
2986 2580 3249 2638 aerumnis
3277 2577 3397 2647 ejus
3427 2574 3568 2645 iugi-

1987 2692 2091 2745 bus
2128 2688 2454 2758 suppressit,
2489 2684 2688 2738 animae
2729 2688 2911 2734 autem
2957 2672 3304 2730 inordinatos
3332 2667 3570 2735 impetus

1989 2781 2289 2855 pertinacia
2333 2776 2600 2848 propositi
2647 2773 2731 2829 sui
2776 2767 3130 2828 constrinxit.
3163 2761 3344 2819 Semel
3388 2769 3569 2813 autem

308 2849 593 2947 ἐχορήγει.
628 2878 729 2928 Διά
784 2876 964 2942 πάσης
1025 2873 1071 2926 δ’
1102 2849 1404 2942 ἀγρυπνῶν
1445 2868 1521 2930 ὡς
1574 2868 1751 2919 εἰπεῖν
1800 2864 1886 2914 ἀεὶ

1994 2849 2238 2929 interdiu
2264 2879 2389 2942 post
2423 2882 2680 2925 occasum
2720 2864 2892 2921 solem
2926 2860 3114 2915 cibum
3149 2852 3412 2923 sumpsit.
3447 2849 3574 2903 Per-

307 2943 654 3038 tiiz—v-uxtbc,
690 2965 787 3020 καί
808 2983 863 3018 τι
894 2965 995 3034 τῆς
1025 2965 1242 3034 ἡμέρας
1284 2961 1449 3031 μέρος
1467 2956 1739 3027 ἐλάμϐανε
1768 2954 1888 3014 ταῖς

1994 2980 2136 3037 saepe
2186 2980 2318 3018 vero
2366 2962 2843 3019 biduumltotum,
2892 2952 3225 3024 quandoque
3268 2946 3438 3001 etiam
3475 2943 3574 2995 tri-

311 3034 525 3130 εύχαῖς.
555 3060 619 3113 Ei
650 3059 706 3111 δέ
737 3076 840 3111 που
887 3059 985 3110 καὶ
1020 3057 1188 3119 ὕπνος
1228 3054 1531 3125 παρώδευε,
1568 3049 1775 3120 βραχύς
1805 3063 1887 3108 τις

1994 3034 2188 3119 duum,
2246 3068 2404 3109 escas
2458 3068 2569 3106 non
2621 3048 2823 3118 attigit.
2885 3044 3055 3100 Cibus
3112 3038 3164 3094 ei
3221 3045 3341 3093 erat
3393 3034 3574 3104 panis,

317 3154 468 3226 μάλα
495 3153 731 3224 προσῆν.
763 3151 955 3220 Χαμαὶ
986 3150 1031 3203 δ’
1061 3151 1154 3202 ἐπὶ
1176 3147 1339 3217 ψιλοῦ
1363 3146 1611 3215 κείμενος
1647 3141 1739 3194 τοῦ
1776 3138 1889 3195 ὲδά-

1994 3147 2287 3203 obsonium
2319 3143 2549 3214 simplex
2587 3141 2688 3204 sal,
2722 3147 2910 3209 potum
2949 3130 3327 3205 praeterﬂuens
3358 3136 3577 3181 torrens

317 3220 454 3314 φους
500 3220 574 3298 τὰ
630 3220 799 3296 πολλὰ
853 3241 1099 3294 διετέλει.
1135 3238 1462 3294 Παντάπασι
1511 3234 1557 3287 δ’
1609 3232 1887 3286 ἀπείπατο

1999 3239 2259 3312 praebuit.
2307 3238 2409 3293 Per
2456 3246 2627 3305 totam
2668 3243 2852 3288 autem
2887 3242 3106 3298 semper
3176 3220 3576 3294 propemodum

317 3337 500 3390 ελαίου
556 3351 617 3388 τε
663 3333 847 3404 χρίσιν
881 3330 977 3384 καὶ
1025 3331 1267 3402 λούτρων
1308 3328 1527 3398 χρείαν,
1581 3322 1737 3386 είδὼς
1789 3319 1889 3391 τὴν

1994 3331 2225 3402 vigilans
2260 3337 2504 3395 noctem,
2537 3329 2777 3397 aliquam
2823 3325 2988 3379 etiam
3038 3320 3148 3377 diei
3196 3333 3411 3391 partem
3455 3328 3580 3383 pre-

320 3430 574 3484 σύντονον
598 3427 715 3494 ἕξιν
746 3426 841 3479 τοῦ
901 3424 1155 3494 σώματος
1188 3422 1374 3493 ἡρέμα
1419 3420 1554 3489 πρός
1590 3417 1651 3470 τὺ
1675 3415 1889 3484 ἀνειμέ-

1994 3422 2303 3478 cationibus
2329 3421 2514 3476 dabat.
2544 3420 2702 3486 Quod
2736 3416 2913 3474 sicubi
2945 3431 3174 3473 somnus
3201 3415 3255 3471 ei
3285 3408 3570 3479 obrepsis-

321 3538 414 3576 νον
447 3520 544 3574 καὶ
582 3517 781 3589 χαῦνον
827 3520 944 3580 τοῖς
1000 3517 1190 3582 ὑγροῖς
1221 3512 1619 3585 στρεφομένην.
1656 3508 1889 3561 Ἤκιςτα

1997 3525 2104 3580 set,
2137 3515 2321 3569 brevis
2355 3513 2403 3570 is
2442 3513 2735 3567 admodum
2780 3512 2885 3565 fuit
2918 3525 2934 3563 :
2967 3509 3119 3564 humi
3155 3523 3282 3562 vero
3327 3504 3381 3558 in
3420 3501 3576 3555 nudo

322 3614 381 3666 δέ
409 3625 545 3681 φασι
574 3612 668 3663 καλ⁵
694 3609 907 3678 γυμνὸν
936 3607 1102 3661 αὑτὸν
1127 3603 1363 3675 ὀφθῆναί
1395 3618 1548 3654 ποτε.
1589 3601 1626 3652 Γ
1631 3600 1896 3671 ράμματα

321 3707 381 3760 δὲ
424 3708 498 3774 μὴ
534 3702 743 3772 μαθὼν,
785 3703 908 3755 οὐδὲ
940 3700 1033 3754 τὸν
1064 3700 1245 3752 εἰδότα
1301 3696 1391 3750 διὰ
1431 3694 1723 3782 ,θαύματος
1760 3686 1892 3759 εἶχε.

326 3798 472 3853 Νοῦν
521 3796 567 3849 δ’
604 3795 808 3864 ἀγαθὸν
858 3794 931 3856 ὡς
998 3790 1347 3863 γραμμάτων
1395 3787 1773 3855 πρεσϐύτερον
1805 3786 1899 3836 καὶ

1999 3610 2115 3666 solo
2142 3607 2440 3678 plurimum
2468 3605 2725 3661 cubabat.
2757 3603 2920 3674 623
2948 3603 3012 3657 Et
3033 3601 3257 3655 omnino
3277 3597 3386 3652 olei
3409 3594 3578 3650 simul

2001 3696 2258 3769 unguini,
2290 3704 2347 3750 et
2393 3694 2691 3750 lavationis
2729 3694 2851 3748 usui
2902 3691 3320 3748 renuntiaverat
3364 3704 3382 3740 ι
3428 3684 3578 3755 quod

2002 3793 2156 3846 illum
2211 3802 2323 3842 non
2369 3786 2591 3851 lateret,
2643 3785 2934 3839 robustnm
2984 3798 3207 3854 quoque
3256 3788 3315 3837 et
3361 3779 3579 3833 firmum

326 3890 437 3942 τῶν
493 3888 752 3940 τοιούτων
824 3884 1057 3954 εὑρετὴν
1113 3881 1261 3953 μάλα
1321 3879 1544 3951 ἐπῄνειο
1601 3878 1737 3945 μηδὲ
1791 3875 1889 3945 γὰρ

2004 3882 2259 3954 corporis
2295 3880 2544 3935 habitum
2586 3876 2831 3932 humidis
2869 3876 3072 3932 sensim
3105 3874 3175 3928 ad
3211 3871 3500 3926 mollitiem
3526 3879 3583 3921 et

329 3978 471 4034 εἶναι
523 3978 730 4031 τούτων
761 3976 1030 4044 ἀνάγκην,
1059 3973 1153 4027 τοῦ
1181 3971 1276 4026 νοῦ
1308 3970 1635 4041 ἐρρωμένως
1666 3967 1889 4038 ἔχοντες

2007 3976 2196 4030 luxum
2248 3970 2517 4028 converti.
2565 3968 2723 4023 Haud
2775 3982 3018 4038 unquam
3067 3980 3194 4021 eum
3245 3979 3275 4019 a
3323 3961 3589 4033 quopiam

330 4070 513 4138 ιιρᾶος
535 4066 580 4120 δ’
597 4067 756 4136 ειπερ
772 4082 856 4127 τις
874 4063 966 4116 καὶ
996 4061 1192 4131 φιλάνο
1202 4076 1383 4132 ρωπος
1405 4055 1671 4127 γεγονὼς,
1691 4055 1889 4126 χαρίεις

2008 4068 2220 4121 nudum
2262 4078 2384 4118 esse
2425 4063 2602 4117 visum
2648 4059 2890 4115 tradunt.
2932 4058 3001 4113 Et
3030 4071 3155 4112 cum
3206 4056 3421 4110 litteras
3469 4053 3585 4120 ipse

331 4162 571 4231 μάλιστα
598 4160 709 4221 τοῖς
727 4155 1148 4226 ἐντυγχάνουσιν
1175 4149 1267 4223 ἦν,
1282 4150 1409 4216 ὀξύς
1427 4167 1487 4204 τε
1503 4150 1599 4203 καὶ
1615 4145 1889 4214 ἀκαταγὺ

2010 4172 2122 4212 non
2153 4155 2371 4218 didicit,
2420 4163 2531 4209 tum
2572 4167 2754 4222 neque
2793 4165 2983 4206 earum
3030 4147 3240 4219 peritos
3280 4144 3587 4200 admiratus

328 4270 532 4315 νιστος.
567 4250 960 4318 Διαλεγόμινος
1011 4247 1056 4300 δ’
1094 4245 1419 4316 ὲπιμᾶλλον,
1451 4242 1514 4297 τδ
1583 4242 1659 4311 μὴ
1718 4240 1889 4293 λυπεῖς

2011 4257 2116 4305 est.
2151 4248 2391 4304 Mentem
2425 4260 2560 4302 vero
2590 4245 2789 4300 bonam
2824 4253 2884 4298 ut
2912 4243 3120 4298 litteris
3147 4239 3281 4311 ipsis
3312 4236 3589 4307 antiquio-

325 4347 658 4417 δφυλάττετο
680 4382 697 4408 ,
731 4343 781 4396 εί
817 4340 912 4395 καί
939 4357 1081 4403 τινες
1100 4337 1389 4409 ἐριστικῶς
1406 4337 1545 4399 τιως
1564 4333 1714 4403 αύτῷ
1739 4345 1910 4404 προσ-

328 4440 615 4509 εφέροντο.
662 4433 952 4505 Κρείττονι
1005 4433 1113 4502 γὰρ
1157 4430 1323 4501 σοφίᾳ
1359 4430 1469 4483 τινὶ
1497 4428 1591 4483 καὶ
1619 4426 1912 4497 Μραξένῳ

2015 4356 2153 4407 rem,
2203 4339 2508 4409 taliumque
2551 4336 2692 4392 adeo
2739 4336 2942 4390 artium
2991 4332 3382 4394 inventricem,
3432 4327 3587 4382 valde

2015 4433 2278 4488 laudavit.
2301 4430 2444 4498 Quin
2480 4444 2658 4500 neque
2681 4429 2747 4483 iis
2774 4428 3076 4499 quidquam
3105 4441 3244 4495 opus
3271 4439 3395 4479 esse
3426 4421 3587 4481 dixit,

332 4532 415 4601 τῷ
446 4529 569 4601 seu
601 4529 698 4581 σὺν
726 4525 1008 4596 ἐπιστήμῃ
1035 4523 1157 4594 θεία
1182 4522 1543 4594 ριπιζομένην
1575 4518 1889 4592 φιλονεικίαι

2017 4526 2063 4582 si
2099 4539 2253 4580 mens
2282 4539 2381 4595 per
2417 4524 2655 4593 seipsam
2694 4521 2876 4576 valida
2911 4521 3004 4574 sit.
3047 4518 3191 4572 Mitis
3228 4531 3393 4585 porro
3423 4523 3589 4582 atque

331 4623 576 4692 εὐχερῶς
620 4617 1012 4672 καταστέλλειν
1057 4609 1197 4685 εἶχε.
1222 4616 1318 4668 καλ¹
1352 4614 1489 4685 πρὸς
1514 4616 1578 4667 τὸ
1610 4610 1909 4683 μιτριώτι·

338 4733 434 4787 ρον
503 4712 787 4782 μεθιστᾷν.
837 4707 1058 4779 Κιρνῶν
1090 4707 1146 4761 δὲ
1177 4707 1240 4760 τὸ
1270 4705 1519 4759 σύντονον
1573 4704 1681 4759 τῶν
1738 4703 1912 4767 διομι-

334 4806 593 4869 λούντων,
636 4803 737 4856 καὶ
780 4800 1020 4871 τρόπους
1064 4795 1392 4868 ἑρῤύθμιζε.
1446 4793 1612 4855 Θείας
1652 4790 1697 4844 δ’
1725 4788 1912 4847 ὲντεῦ-

338 4900 433 4952 θεν
495 4895 754 4965 γνώσεως
808 4892 905 4946 καὶ
958 4888 1326 4959 προγνώσεως
1375 4884 1667 4958 μετασχὼν
1689 4922 1705 4949 ,
1756 4881 1911 4936 οὐδὲν

339 4993 529 5063 ἡγεῖτο
574 4990 629 5042 τὶ
664 4986 830 5056 μέλον
873 4984 1076 5038 ειδέναι
1099 4998 1116 5014 ·
1148 4982 1363 5036 εἰκαίαν
1410 4979 1458 5034 δ’
1485 4975 1625 5032 εἶναι
1678 4975 1772 5030 καὶ
1812 4976 1914 5046 τὴν

340 5062 475 5156 περὶ
527 5083 686 5135 τοῦτο
735 5078 973 5149 σπουδὴν
1008 5077 1219 5145 ἔλεγεν,
1245 5076 1329 5128 ὅτι
1364 5070 1490 5143 μηδ’
1537 5068 1740 5142 ἀρετὴν
1773 5062 1912 5120 εἶναι

334 5181 439 5249 τὴν
489 5178 803 5247 πρόγνωσιν
843 5171 1123 5226 ὑπετίθειο
1154 5168 1277 5223 ἐπεί
1335 5168 1418 5222 τοί
1452 5183 1517 5234 γε
1568 5163 1695 5236 μηδ’
1736 5165 1795 5215 ἐν
1825 5162 1916 5215 εύ-

340 5272 529 5333 θύναις
572 5268 737 5323 πάλιν
784 5264 886 5319 τδνι
906 5264 982 5334 μὴ
1031 5261 1209 5317 εἰδότα
1246 5260 1308 5314 τὺ
1350 5258 1545 5329 μέλλον
1579 5255 1911 5323 ὑπάγεσθαι.

347 5363 446 5414 Ἐν
473 5361 582 5431 γὰρ
611 5357 750 5413 εἶναι
775 5358 836 5411 τὸ
873 5356 1145 5427 μακάριον
1183 5351 1422 5415 ὑπενόει,
1470 5346 1649 5410 καλῶς
1674 5347 1734 5398 τὺ
1761 5343 1917 5397 Θεῖον

341 5453 569 5519 σέϐειν,
626 5452 753 5513 τούς
808 5466 869 5503 τε
917 5450 1117 5518 νόμους
1165 5445 1333 5501 αὐτοῦ
1387 5444 1484 5498 καὶ¹
1538 5441 1639 5504 τὰς
1693 5438 1916 5499 ἐντολὰς

344 5543 783 5616 ἁπαρατρώτους
820 5544 1029 5614 τηρεῖν.
1061 5541 1121 5594 Εἰ
1149 5540 1205 5593 δέ
1234 5557 1313 5609 τῳ
1344 5538 1487 5609 ἔρως
1531 5537 1628 5591 καὶ
1655 5535 1750 5590 τοῦ
1782 5549 1918 5603 προσ

414 5684 492 5751 (1)
529 5683 637 5735 Καὶ
683 5675 760 5736 ὧν
810 5679 1006 5731 ἰδεῖτο.
1056 5677 1326 5746 (δοῑοιιι.)
1367 5673 1477 5728 Hoc
1501 5682 1605 5736 est,
1638 5671 1714 5725 De
1767 5669 1916 5726 rebus

344 5756 532 5825 quibus
561 5752 835 5825 indigeret.

415 5826 492 5894 (Ξ)
543 5824 634 5893 Τῷ
674 5812 831 5891 ἶένει
878 5821 988 5874 τῶν
1035 5817 1399 5887 εὐπατριδῶν.
1444 5815 1681 5883 (Suom.
1734 5812 1828 5867 lib.
1878 5828 1914 5874 ι,

2016 4618 2314 4682 humanus,
2339 4624 2401 4670 ut
2421 4630 2530 4670 non
2560 4613 2732 4679 magis
2754 4613 2896 4667 alius
2919 4612 3233 4680 quisquam,
3254 4618 3311 4661 et
3338 4607 3392 4660 in
3421 4606 3591 4660 collo-

2016 4710 2163 4781 quiis
2205 4710 2484 4780 gratiosus
2535 4705 2792 4768 maxime,
2824 4712 2993 4773 atque
3042 4701 3173 4755 item
3214 4707 3412 4753 acutus
3452 4698 3592 4752 invi-

2016 4814 2250 4872 ctusque
2292 4800 2419 4856 fuit.
2457 4800 2516 4854 in
2561 4794 3034 4867 disputationibus
3085 4792 3386 4863 praecipue,
3419 4792 3587 4846 etiam

2018 4889 2185 4958 siqui
2220 4888 2495 4942 interdum
2539 4884 2888 4941 contentiose
2919 4888 3045 4937 eum
3093 4896 3161 4936 eo
3201 4879 3591 4937 conﬂictaren-

2021 4993 2133 5045 tur,
2180 4997 2250 5037 ne
2283 4980 2542 5035 molestus
2580 4986 2752 5044 esset,
2798 4976 3045 5032 cavebat.
3093 4974 3470 5030 Praestantiori
3518 4973 3592 5029 si-

2021 5075 2243 5147 quidem
2271 5072 2537 5143 sapientia
2568 5069 2829 5141 quadam,
2860 5079 2917 5125 et
2946 5083 3092 5123 novo
3127 5082 3305 5133 more,
3332 5083 3436 5121 una
3467 5081 3591 5120 cum

2021 5167 2207 5222 divina
2239 5163 2558 5235 prudentia,
2590 5171 2796 5217 temere
2827 5160 3039 5215 illatum
3078 5156 3451 5214 contentionis
3480 5166 3597 5208 stu-

2021 5258 2173 5312 dium
2212 5256 2373 5311 lacile
2406 5254 2758 5319 contrahere,
2794 5261 2851 5308 et
2879 5252 2946 5306 ad
2990 5251 3423 5306 moderationem
3457 5260 3592 5300 cou-

2023 5350 2260 5405 lormare
2298 5357 2545 5403 noverat.
2600 5345 3016 5402 Vehementiam
3065 5355 3250 5397 autem
3296 5339 3599 5395 collocuto-

2022 5458 2145 5498 rum
2205 5452 2562 5512 temperans.
2622 5454 2806 5495 mores
2856 5452 3049 5494 eorum
3106 5433 3272 5489 simul
3334 5431 3597 5486 reddebat

2025 5536 2300 5591 meliores.
2347 5534 2599 5588 Divinam
2634 5531 2764 5589 inde
2807 5529 3198 5600 cognitionem,
3231 5535 3397 5596 atque
3430 5527 3593 5579 etiam

2025 5688 2145 5742 cap.
2186 5672 2251 5743 ιζ)
2278 5674 2295 5743 )
2329 5670 2442 5725 lloc
2468 5681 2571 5743 est.
2601 5670 2744 5723 claro
2771 5669 2881 5724 loco
2912 5674 3098 5743 iratus.

2097 5731 2173 5811 25)
2206 5731 2331 5803 Τοῖς
2365 5741 2496 5808 παρ’
2542 5743 2857 5811 Αἰγυπτίοις
2906 5737 3145 5806 ἄκροισι,
3184 5734 3402 5803 (5020111
3437 5733 3453 5802 )
3484 5731 3597 5787 Hoc

2026 5823 2129 5878 cst,
2156 5810 2546 5882 ίιίΕυωηὶονωιι
2598 5810 2875 5864 montibus.
