  <div class='ocr_page' id='page_1' title='image "/cluster/home/n/w/nwhite01/storage/ocr_20150623/146/hvd.32044073502601/085.png"; bbox 0 0 3972 6200; ppageno 0'>
   <div class='ocr_carea' id='block_1_1' title="bbox 334 266 444 339">
    <p class='ocr_par' dir='ltr' id='par_1_1' title="bbox 334 266 444 339">
     <span class='ocr_line' id='line_1_1' title="bbox 334 266 444 339; baseline 0.027 -14"><span class='ocrx_word' id='word_1_1' title='bbox 334 266 444 339; x_wconf 68' lang='lat'><strong>1-55</strong></span> 
     </span>
    </p>
   </div>
   <div class='ocr_carea' id='block_1_2' title="bbox 1526 272 2342 342">
    <p class='ocr_par' dir='ltr' id='par_1_2' title="bbox 1526 272 2342 342">
     <span class='ocr_line' id='line_1_2' title="bbox 1526 272 2342 342; baseline 0.016 -12"><span class='ocrx_word' id='word_1_2' title='bbox 1526 272 1948 336; x_wconf 77' lang='lat' dir='ltr'><strong>NICEPIIORI</strong></span> <span class='ocrx_word' id='word_1_3' title='bbox 1992 279 2075 337; x_wconf 78' lang='lat' dir='ltr'><strong>CA</strong></span> <span class='ocrx_word' id='word_1_4' title='bbox 2090 280 2342 342; x_wconf 81' lang='lat' dir='ltr'><strong>LLISTI</strong></span> 
     </span>
    </p>
   </div>
   <div class='ocr_carea' id='block_1_3' title="bbox 3499 289 3602 355">
    <p class='ocr_par' dir='ltr' id='par_1_3' title="bbox 3499 289 3602 355">
     <span class='ocr_line' id='line_1_3' title="bbox 3499 289 3602 355; baseline -0.019 0"><span class='ocrx_word' id='word_1_5' title='bbox 3499 289 3602 355; x_wconf 81' lang='grc'><strong>156</strong></span> 
     </span>
    </p>
   </div>
   <div class='ocr_carea' id='block_1_4' title="bbox 329 379 1924 466">
    <p class='ocr_par' dir='ltr' id='par_1_4' title="bbox 329 379 1905 448">
     <span class='ocr_line' id='line_1_4' title="bbox 329 379 1905 448; baseline 0.004 -17"><span class='ocrx_word' id='word_1_6' title='bbox 329 379 820 448; x_wconf 60' lang='grc' dir='ltr'>λινιδειξοοςηίιίοηειη</span> <span class='ocrx_word' id='word_1_7' title='bbox 868 391 1222 444; x_wconf 75' lang='lat' dir='ltr'><strong>consecutus,</strong></span> <span class='ocrx_word' id='word_1_8' title='bbox 1265 380 1402 433; x_wconf 81' lang='lat' dir='ltr'><strong>nihil</strong></span> <span class='ocrx_word' id='word_1_9' title='bbox 1441 381 1739 434; x_wconf 85' lang='lat' dir='ltr'><strong>admodum</strong></span> <span class='ocrx_word' id='word_1_10' title='bbox 1785 398 1905 437; x_wconf 85' lang='lat' dir='ltr'><strong>esse</strong></span> 
     </span>
    </p>
   </div>
   <div class='ocr_carea' id='block_1_5' title="bbox 2027 379 3607 466">
    <p class='ocr_par' dir='ltr' id='par_1_5' title="bbox 2027 387 3607 466">
     <span class='ocr_line' id='line_1_5' title="bbox 2027 387 3607 466; baseline 0.013 -30"><span class='ocrx_word' id='word_1_11' title='bbox 2027 387 2210 440; x_wconf 81' lang='grc' dir='ltr'>;ιδέναι</span> <span class='ocrx_word' id='word_1_12' title='bbox 2270 389 2561 461; x_wconf 76' lang='grc' dir='ltr'><strong>ἐνέσκηψε,</strong></span> <span class='ocrx_word' id='word_1_13' title='bbox 2594 391 2839 465; x_wconf 72' lang='grc' dir='ltr'>καθαρὸς</span> <span class='ocrx_word' id='word_1_14' title='bbox 2890 394 2976 466; x_wconf 74' lang='grc' dir='ltr'><strong>εἴη</strong></span> <span class='ocrx_word' id='word_1_15' title='bbox 3027 394 3232 466; x_wconf 79' lang='grc' dir='ltr'>ψυχὴν,</span> <span class='ocrx_word' id='word_1_16' title='bbox 3265 397 3422 465; x_wconf 67' lang='grc' dir='ltr'>ἔλεγε</span> <span class='ocrx_word' id='word_1_17' title='bbox 3456 417 3467 431; x_wconf 93' lang='grc'><strong>·</strong></span> <span class='ocrx_word' id='word_1_18' title='bbox 3508 400 3607 457; x_wconf 67' lang='grc' dir='ltr'>καὶ</span> 
     </span>
    </p>
   </div>
   <div class='ocr_carea' id='block_1_6' title="bbox 331 469 1908 538">
    <p class='ocr_par' dir='ltr' id='par_1_6' title="bbox 331 469 1908 538">
     <span class='ocr_line' id='line_1_6' title="bbox 331 469 1908 538; baseline 0.002 -17"><span class='ocrx_word' id='word_1_19' title='bbox 331 469 618 536; x_wconf 62' lang='lat' dir='ltr'><strong>judicabat</strong></span> <span class='ocrx_word' id='word_1_20' title='bbox 668 469 855 523; x_wconf 80' lang='lat' dir='ltr'><strong>futura</strong></span> <span class='ocrx_word' id='word_1_21' title='bbox 911 470 1216 535; x_wconf 77' lang='lat' dir='ltr'><strong>przevidere</strong></span> <span class='ocrx_word' id='word_1_22' title='bbox 1277 485 1289 521; x_wconf 90' lang='lat'><strong>:</strong></span> <span class='ocrx_word' id='word_1_23' title='bbox 1350 483 1665 538; x_wconf 89' lang='lat' dir='ltr'><strong>vanumque</strong></span> <span class='ocrx_word' id='word_1_24' title='bbox 1720 474 1908 534; x_wconf 91' lang='lat' dir='ltr'><strong>etiam,</strong></span> 
     </span>
    </p>
   </div>
   <div class='ocr_carea' id='block_1_7' title="bbox 334 561 1909 629">
    <p class='ocr_par' dir='ltr' id='par_1_7' title="bbox 334 561 1909 629">
     <span class='ocr_line' id='line_1_7' title="bbox 334 561 1909 629; baseline 0.001 -15"><span class='ocrx_word' id='word_1_25' title='bbox 334 561 483 629; x_wconf 83' lang='lat' dir='ltr'><strong>quod</strong></span> <span class='ocrx_word' id='word_1_26' title='bbox 513 562 566 614; x_wconf 91' lang='lat' dir='ltr'><strong>in</strong></span> <span class='ocrx_word' id='word_1_27' title='bbox 597 577 659 615; x_wconf 89' lang='lat' dir='ltr'><strong>ea</strong></span> <span class='ocrx_word' id='word_1_28' title='bbox 705 577 764 615; x_wconf 89' lang='lat' dir='ltr'><strong>re</strong></span> <span class='ocrx_word' id='word_1_29' title='bbox 794 561 1184 624; x_wconf 78' lang='lat' dir='ltr'><strong>collocaretur,</strong></span> <span class='ocrx_word' id='word_1_30' title='bbox 1221 561 1466 616; x_wconf 92' lang='lat' dir='ltr'><strong>studium</strong></span> <span class='ocrx_word' id='word_1_31' title='bbox 1510 576 1632 616; x_wconf 78' lang='lat' dir='ltr'><strong>esse</strong></span> <span class='ocrx_word' id='word_1_32' title='bbox 1663 562 1909 617; x_wconf 85' lang='lat' dir='ltr'><strong>dicebat.</strong></span> 
     </span>
    </p>
   </div>
   <div class='ocr_carea' id='block_1_8' title="bbox 338 651 1910 724">
    <p class='ocr_par' dir='ltr' id='par_1_8' title="bbox 338 651 1910 724">
     <span class='ocr_line' id='line_1_8' title="bbox 338 651 1910 724; baseline 0.002 -19"><span class='ocrx_word' id='word_1_33' title='bbox 338 653 523 719; x_wconf 72' lang='lat' dir='ltr'><strong>Neque</strong></span> <span class='ocrx_word' id='word_1_34' title='bbox 552 653 810 709; x_wconf 91' lang='lat' dir='ltr'><strong>virtutem</strong></span> <span class='ocrx_word' id='word_1_35' title='bbox 846 652 1008 704; x_wconf 91' lang='lat' dir='ltr'><strong>ullam</strong></span> <span class='ocrx_word' id='word_1_36' title='bbox 1044 667 1165 706; x_wconf 89' lang='lat' dir='ltr'><strong>esse</strong></span> <span class='ocrx_word' id='word_1_37' title='bbox 1195 651 1384 707; x_wconf 91' lang='lat' dir='ltr'><strong>docuit</strong></span> <span class='ocrx_word' id='word_1_38' title='bbox 1426 651 1677 707; x_wconf 88' lang='lat' dir='ltr'><strong>divinare</strong></span> <span class='ocrx_word' id='word_1_39' title='bbox 1721 672 1733 707; x_wconf 89' lang='lat'>:</span> <span class='ocrx_word' id='word_1_40' title='bbox 1765 655 1910 724; x_wconf 86' lang='lat' dir='ltr'><strong>quod</strong></span> 
     </span>
    </p>
   </div>
   <div class='ocr_carea' id='block_1_9' title="bbox 337 738 1912 817">
    <p class='ocr_par' dir='ltr' id='par_1_9' title="bbox 337 738 1912 817">
     <span class='ocr_line' id='line_1_9' title="bbox 337 738 1912 817; baseline 0.004 -22"><span class='ocrx_word' id='word_1_41' title='bbox 337 760 367 795; x_wconf 88' lang='lat' dir='ltr'><strong>e</strong></span> <span class='ocrx_word' id='word_1_42' title='bbox 399 743 641 806; x_wconf 87' lang='lat' dir='ltr'><strong>diverso,</strong></span> <span class='ocrx_word' id='word_1_43' title='bbox 667 758 846 813; x_wconf 89' lang='lat' dir='ltr'><strong>neque</strong></span> <span class='ocrx_word' id='word_1_44' title='bbox 874 738 928 796; x_wconf 88' lang='lat' dir='ltr'><strong>in</strong></span> <span class='ocrx_word' id='word_1_45' title='bbox 959 742 1115 805; x_wconf 88' lang='lat' dir='ltr'><strong>vitio,</strong></span> <span class='ocrx_word' id='word_1_46' title='bbox 1144 743 1301 814; x_wconf 89' lang='lat' dir='ltr'><strong>cujus</strong></span> <span class='ocrx_word' id='word_1_47' title='bbox 1334 745 1508 814; x_wconf 85' lang='lat' dir='ltr'><strong>gratia</strong></span> <span class='ocrx_word' id='word_1_48' title='bbox 1540 760 1757 814; x_wconf 69' lang='lat' dir='ltr'><strong>pinnam</strong></span> <span class='ocrx_word' id='word_1_49' title='bbox 1788 746 1912 817; x_wconf 84' lang='lat' dir='ltr'><strong>quis</strong></span> 
     </span>
    </p>
   </div>
   <div class='ocr_carea' id='block_1_10' title="bbox 342 833 1910 898">
    <p class='ocr_par' dir='ltr' id='par_1_10' title="bbox 342 833 1910 898">
     <span class='ocr_line' id='line_1_10' title="bbox 342 833 1910 898; baseline 0.006 -14"><span class='ocrx_word' id='word_1_50' title='bbox 342 842 567 895; x_wconf 88' lang='lat' dir='ltr'><strong>metuat,</strong></span> <span class='ocrx_word' id='word_1_51' title='bbox 616 833 708 898; x_wconf 91' lang='lat' dir='ltr'><strong>sit,</strong></span> <span class='ocrx_word' id='word_1_52' title='bbox 750 834 996 889; x_wconf 83' lang='lat' dir='ltr'><strong>futurum</strong></span> <span class='ocrx_word' id='word_1_53' title='bbox 1044 848 1154 887; x_wconf 92' lang='lat' dir='ltr'><strong>non</strong></span> <span class='ocrx_word' id='word_1_54' title='bbox 1192 850 1377 889; x_wconf 88' lang='lat' dir='ltr'><strong>nosse.</strong></span> <span class='ocrx_word' id='word_1_55' title='bbox 1414 833 1684 893; x_wconf 63' lang='lat' dir='ltr'><strong>Cirterum</strong></span> <span class='ocrx_word' id='word_1_56' title='bbox 1741 854 1910 893; x_wconf 91' lang='lat' dir='ltr'><strong>unum</strong></span> 
     </span>
    </p>
   </div>
   <div class='ocr_carea' id='block_1_11' title="bbox 342 922 1913 985">
    <p class='ocr_par' dir='ltr' id='par_1_11' title="bbox 342 922 1913 985">
     <span class='ocr_line' id='line_1_11' title="bbox 342 922 1913 985; baseline 0.004 -11"><span class='ocrx_word' id='word_1_57' title='bbox 342 922 477 976; x_wconf 89' lang='lat' dir='ltr'><strong>illud</strong></span> <span class='ocrx_word' id='word_1_58' title='bbox 513 923 873 978; x_wconf 89' lang='lat' dir='ltr'><strong>beatitudinis</strong></span> <span class='ocrx_word' id='word_1_59' title='bbox 901 938 1022 979; x_wconf 87' lang='lat' dir='ltr'><strong>esse</strong></span> <span class='ocrx_word' id='word_1_60' title='bbox 1051 924 1430 985; x_wconf 76' lang='lat' dir='ltr'><strong>existimabat.</strong></span> <span class='ocrx_word' id='word_1_61' title='bbox 1463 927 1568 981; x_wconf 91' lang='lat' dir='ltr'><strong>rite</strong></span> <span class='ocrx_word' id='word_1_62' title='bbox 1614 927 1784 982; x_wconf 76' lang='lat' dir='ltr'><strong>Deum</strong></span> <span class='ocrx_word' id='word_1_63' title='bbox 1827 944 1913 984; x_wconf 55' lang='lat' dir='ltr'><strong>eo.</strong></span> 
     </span>
    </p>
   </div>
   <div class='ocr_carea' id='block_1_12' title="bbox 339 1015 1911 1087">
    <p class='ocr_par' dir='ltr' id='par_1_12' title="bbox 339 1015 1911 1087">
     <span class='ocr_line' id='line_1_12' title="bbox 339 1015 1911 1087; baseline 0.006 -21"><span class='ocrx_word' id='word_1_64' title='bbox 339 1015 478 1072; x_wconf 85' lang='lat' dir='ltr'><strong>lere,</strong></span> <span class='ocrx_word' id='word_1_65' title='bbox 525 1015 787 1086; x_wconf 73' lang='lat' dir='ltr'><strong>legesque</strong></span> <span class='ocrx_word' id='word_1_66' title='bbox 817 1017 938 1086; x_wconf 82' lang='lat' dir='ltr'><strong>ejus</strong></span> <span class='ocrx_word' id='word_1_67' title='bbox 970 1028 1025 1071; x_wconf 91' lang='lat' dir='ltr'><strong>et</strong></span> <span class='ocrx_word' id='word_1_68' title='bbox 1064 1018 1320 1071; x_wconf 89' lang='lat' dir='ltr'><strong>mandata</strong></span> <span class='ocrx_word' id='word_1_69' title='bbox 1367 1017 1628 1072; x_wconf 87' lang='lat' dir='ltr'><strong>inviolata</strong></span> <span class='ocrx_word' id='word_1_70' title='bbox 1670 1035 1911 1087; x_wconf 87' lang='lat' dir='ltr'><strong>servare,</strong></span> 
     </span>
    </p>
   </div>
   <div class='ocr_carea' id='block_1_13' title="bbox 339 1107 1912 1181">
    <p class='ocr_par' dir='ltr' id='par_1_13' title="bbox 339 1107 1912 1181">
     <span class='ocr_line' id='line_1_13' title="bbox 339 1107 1912 1181; baseline 0.004 -20"><span class='ocrx_word' id='word_1_71' title='bbox 339 1108 394 1161; x_wconf 88' lang='lat' dir='ltr'><strong>Si</strong></span> <span class='ocrx_word' id='word_1_72' title='bbox 436 1107 527 1163; x_wconf 90' lang='lat' dir='ltr'><strong>cui</strong></span> <span class='ocrx_word' id='word_1_73' title='bbox 569 1118 753 1163; x_wconf 90' lang='lat' dir='ltr'><strong>autem</strong></span> <span class='ocrx_word' id='word_1_74' title='bbox 804 1124 960 1163; x_wconf 91' lang='lat' dir='ltr'><strong>amor</strong></span> <span class='ocrx_word' id='word_1_75' title='bbox 1000 1107 1184 1163; x_wconf 78' lang='lat' dir='ltr'><strong>futura</strong></span> <span class='ocrx_word' id='word_1_76' title='bbox 1232 1112 1601 1181; x_wconf 76' lang='lat' dir='ltr'><strong>cognoscendi</strong></span> <span class='ocrx_word' id='word_1_77' title='bbox 1652 1115 1912 1168; x_wconf 85' lang='lat' dir='ltr'><strong>incessat.</strong></span> 
     </span>
    </p>
   </div>
   <div class='ocr_carea' id='block_1_14' title="bbox 344 1199 1914 1270">
    <p class='ocr_par' dir='ltr' id='par_1_14' title="bbox 344 1199 1914 1270">
     <span class='ocr_line' id='line_1_14' title="bbox 344 1199 1914 1270; baseline 0.006 -22"><span class='ocrx_word' id='word_1_78' title='bbox 344 1214 533 1266; x_wconf 85' lang='lat' dir='ltr'><strong>puram</strong></span> <span class='ocrx_word' id='word_1_79' title='bbox 584 1199 770 1259; x_wconf 89' lang='lat' dir='ltr'><strong>modo.</strong></span> <span class='ocrx_word' id='word_1_80' title='bbox 825 1200 1026 1270; x_wconf 85' lang='lat' dir='ltr'><strong>inquit,</strong></span> <span class='ocrx_word' id='word_1_81' title='bbox 1087 1199 1286 1255; x_wconf 88' lang='lat' dir='ltr'><strong>habeat</strong></span> <span class='ocrx_word' id='word_1_82' title='bbox 1334 1202 1597 1264; x_wconf 87' lang='lat' dir='ltr'><strong>animam,</strong></span> <span class='ocrx_word' id='word_1_83' title='bbox 1648 1214 1703 1257; x_wconf 88' lang='lat' dir='ltr'><strong>et</strong></span> <span class='ocrx_word' id='word_1_84' title='bbox 1746 1203 1914 1257; x_wconf 84' lang='lat' dir='ltr'><strong>futuri</strong></span> 
     </span>
    </p>
   </div>
   <div class='ocr_carea' id='block_1_15' title="bbox 344 1291 1917 1365">
    <p class='ocr_par' dir='ltr' id='par_1_15' title="bbox 344 1291 1917 1365">
     <span class='ocr_line' id='line_1_15' title="bbox 344 1291 1917 1365; baseline 0.008 -27"><span class='ocrx_word' id='word_1_85' title='bbox 344 1291 652 1359; x_wconf 73' lang='lat' dir='ltr'><strong>perspectio</strong></span> <span class='ocrx_word' id='word_1_86' title='bbox 693 1306 819 1345; x_wconf 89' lang='lat' dir='ltr'><strong>eum</strong></span> <span class='ocrx_word' id='word_1_87' title='bbox 856 1298 1249 1360; x_wconf 75' lang='lat' dir='ltr'><strong>consequetur,</strong></span> <span class='ocrx_word' id='word_1_88' title='bbox 1300 1292 1409 1347; x_wconf 89' lang='lat' dir='ltr'><strong>Deo</strong></span> <span class='ocrx_word' id='word_1_89' title='bbox 1461 1294 1629 1347; x_wconf 92' lang='lat' dir='ltr'><strong>veluti</strong></span> <span class='ocrx_word' id='word_1_90' title='bbox 1665 1311 1764 1365; x_wconf 89' lang='lat' dir='ltr'><strong>per</strong></span> <span class='ocrx_word' id='word_1_91' title='bbox 1793 1310 1917 1365; x_wconf 88' lang='lat' dir='ltr'><strong>spe-</strong></span> 
     </span>
    </p>
   </div>
   <div class='ocr_carea' id='block_1_16' title="bbox 342 1381 1918 1453">
    <p class='ocr_par' dir='ltr' id='par_1_16' title="bbox 342 1381 1918 1453">
     <span class='ocr_line' id='line_1_16' title="bbox 342 1381 1918 1453; baseline 0.004 -20"><span class='ocrx_word' id='word_1_92' title='bbox 342 1381 527 1435; x_wconf 86' lang='lat' dir='ltr'><strong>culum</strong></span> <span class='ocrx_word' id='word_1_93' title='bbox 567 1381 788 1452; x_wconf 87' lang='lat' dir='ltr'><strong>aliquod</strong></span> <span class='ocrx_word' id='word_1_94' title='bbox 830 1386 1201 1453; x_wconf 79' lang='lat' dir='ltr'><strong>cognitionem</strong></span> <span class='ocrx_word' id='word_1_95' title='bbox 1248 1386 1417 1439; x_wconf 78' lang='lat' dir='ltr'><strong>futuri</strong></span> <span class='ocrx_word' id='word_1_96' title='bbox 1452 1382 1770 1439; x_wconf 78' lang='lat' dir='ltr'><strong>exhibente.</strong></span> <span class='ocrx_word' id='word_1_97' title='bbox 1819 1384 1918 1439; x_wconf 82' lang='lat' dir='ltr'><strong>So-</strong></span> 
     </span>
    </p>
   </div>
   <div class='ocr_carea' id='block_1_17' title="bbox 346 1473 1917 1551">
    <p class='ocr_par' dir='ltr' id='par_1_17' title="bbox 346 1473 1917 1551">
     <span class='ocr_line' id='line_1_17' title="bbox 346 1473 1917 1551; baseline 0.005 -28"><span class='ocrx_word' id='word_1_98' title='bbox 346 1473 587 1551; x_wconf 82' lang='lat' dir='ltr'><strong>cordiam</strong></span> <span class='ocrx_word' id='word_1_99' title='bbox 621 1483 802 1529; x_wconf 88' lang='lat' dir='ltr'><strong>autem</strong></span> <span class='ocrx_word' id='word_1_100' title='bbox 831 1476 1132 1540; x_wconf 86' lang='lat' dir='ltr'><strong>detestans,</strong></span> <span class='ocrx_word' id='word_1_101' title='bbox 1165 1492 1356 1531; x_wconf 87' lang='lat' dir='ltr'><strong>omnes</strong></span> <span class='ocrx_word' id='word_1_102' title='bbox 1402 1478 1496 1546; x_wconf 90' lang='lat' dir='ltr'><strong>qui</strong></span> <span class='ocrx_word' id='word_1_103' title='bbox 1549 1485 1699 1530; x_wconf 88' lang='lat' dir='ltr'><strong>recte</strong></span> <span class='ocrx_word' id='word_1_104' title='bbox 1730 1479 1917 1531; x_wconf 81' lang='lat' dir='ltr'><strong>vivere</strong></span> 
     </span>
    </p>
   </div>
   <div class='ocr_carea' id='block_1_18' title="bbox 352 1565 1916 1638">
    <p class='ocr_par' dir='ltr' id='par_1_18' title="bbox 352 1565 1916 1638">
     <span class='ocr_line' id='line_1_18' title="bbox 352 1565 1916 1638; baseline 0.003 -22"><span class='ocrx_word' id='word_1_105' title='bbox 352 1565 571 1629; x_wconf 80' lang='lat' dir='ltr'><strong>vellent,</strong></span> <span class='ocrx_word' id='word_1_106' title='bbox 616 1567 927 1632; x_wconf 82' lang='lat' dir='ltr'><strong>admonuit,</strong></span> <span class='ocrx_word' id='word_1_107' title='bbox 966 1578 1026 1623; x_wconf 92' lang='lat' dir='ltr'><strong>ut</strong></span> <span class='ocrx_word' id='word_1_108' title='bbox 1069 1584 1207 1638; x_wconf 86' lang='lat' dir='ltr'><strong>opus</strong></span> <span class='ocrx_word' id='word_1_109' title='bbox 1253 1569 1493 1624; x_wconf 81' lang='lat' dir='ltr'><strong>facerent</strong></span> <span class='ocrx_word' id='word_1_110' title='bbox 1539 1584 1552 1620; x_wconf 91' lang='lat'><strong>:</strong></span> <span class='ocrx_word' id='word_1_111' title='bbox 1598 1577 1653 1621; x_wconf 92' lang='lat' dir='ltr'><strong>et</strong></span> <span class='ocrx_word' id='word_1_112' title='bbox 1702 1578 1762 1623; x_wconf 92' lang='lat' dir='ltr'><strong>ut</strong></span> <span class='ocrx_word' id='word_1_113' title='bbox 1806 1570 1916 1622; x_wconf 85' lang='lat' dir='ltr'><strong>sei-</strong></span> 
     </span>
    </p>
   </div>
   <div class='ocr_carea' id='block_1_19' title="bbox 344 1661 1916 1733">
    <p class='ocr_par' dir='ltr' id='par_1_19' title="bbox 344 1661 1916 1733">
     <span class='ocr_line' id='line_1_19' title="bbox 344 1661 1916 1733; baseline 0.004 -23"><span class='ocrx_word' id='word_1_114' title='bbox 344 1674 502 1725; x_wconf 86' lang='lat' dir='ltr'><strong>psum</strong></span> <span class='ocrx_word' id='word_1_115' title='bbox 530 1661 766 1730; x_wconf 89' lang='lat' dir='ltr'><strong>quisque</strong></span> <span class='ocrx_word' id='word_1_116' title='bbox 806 1661 859 1715; x_wconf 91' lang='lat' dir='ltr'><strong>in</strong></span> <span class='ocrx_word' id='word_1_117' title='bbox 890 1661 1163 1733; x_wconf 88' lang='lat' dir='ltr'><strong>judicium</strong></span> <span class='ocrx_word' id='word_1_118' title='bbox 1193 1673 1247 1716; x_wconf 90' lang='lat' dir='ltr'><strong>et</strong></span> <span class='ocrx_word' id='word_1_119' title='bbox 1280 1661 1552 1718; x_wconf 84' lang='lat' dir='ltr'><strong>rationem</strong></span> <span class='ocrx_word' id='word_1_120' title='bbox 1584 1662 1678 1716; x_wconf 89' lang='lat' dir='ltr'><strong>diu</strong></span> <span class='ocrx_word' id='word_1_121' title='bbox 1716 1673 1916 1718; x_wconf 86' lang='lat' dir='ltr'><strong>noctu-</strong></span> 
     </span>
    </p>
   </div>
   <div class='ocr_carea' id='block_1_20' title="bbox 343 1725 1993 1833">
    <p class='ocr_par' dir='ltr' id='par_1_20' title="bbox 343 1725 1993 1833">
     <span class='ocr_line' id='line_1_20' title="bbox 343 1725 1993 1833; baseline 0.004 -32"><span class='ocrx_word' id='word_1_122' title='bbox 343 1767 451 1819; x_wconf 89' lang='lat' dir='ltr'><strong>que</strong></span> <span class='ocrx_word' id='word_1_123' title='bbox 515 1751 786 1807; x_wconf 76' lang='lat' dir='ltr'><strong>iactorum</strong></span> <span class='ocrx_word' id='word_1_124' title='bbox 843 1725 1176 1833; x_wconf 52' lang='lat' dir='ltr'><strong>adduceret,</strong></span> <span class='ocrx_word' id='word_1_125' title='bbox 1219 1764 1385 1824; x_wconf 88' lang='lat' dir='ltr'><strong>atque</strong></span> <span class='ocrx_word' id='word_1_126' title='bbox 1440 1755 1485 1809; x_wconf 92' lang='lat' dir='ltr'><strong>si</strong></span> <span class='ocrx_word' id='word_1_127' title='bbox 1542 1754 1672 1823; x_wconf 90' lang='lat' dir='ltr'><strong>quid</strong></span> <span class='ocrx_word' id='word_1_128' title='bbox 1726 1765 1916 1809; x_wconf 90' lang='lat' dir='ltr'><strong>contra</strong></span> <span class='ocrx_word' id='word_1_129' title='bbox 1949 1725 1993 1783; x_wconf 75' lang='grc' dir='ltr'><strong>Β</strong></span> 
     </span>
    </p>
   </div>
   <div class='ocr_carea' id='block_1_21' title="bbox 344 1845 1916 1910">
    <p class='ocr_par' dir='ltr' id='par_1_21' title="bbox 344 1845 1916 1910">
     <span class='ocr_line' id='line_1_21' title="bbox 344 1845 1916 1910; baseline 0.004 -15"><span class='ocrx_word' id='word_1_130' title='bbox 344 1846 606 1898; x_wconf 85' lang='lat' dir='ltr'><strong>decorum</strong></span> <span class='ocrx_word' id='word_1_131' title='bbox 636 1845 875 1910; x_wconf 77' lang='lat' dir='ltr'><strong>fecisset,</strong></span> <span class='ocrx_word' id='word_1_132' title='bbox 908 1858 969 1902; x_wconf 90' lang='lat' dir='ltr'><strong>ut</strong></span> <span class='ocrx_word' id='word_1_133' title='bbox 1005 1847 1056 1901; x_wconf 90' lang='lat' dir='ltr'><strong>id</strong></span> <span class='ocrx_word' id='word_1_134' title='bbox 1090 1847 1293 1902; x_wconf 77' lang='lat' dir='ltr'><strong>litteris</strong></span> <span class='ocrx_word' id='word_1_135' title='bbox 1316 1847 1624 1903; x_wconf 88' lang='lat' dir='ltr'><strong>adnotaret.</strong></span> <span class='ocrx_word' id='word_1_136' title='bbox 1652 1846 1743 1902; x_wconf 91' lang='lat' dir='ltr'><strong>Sic</strong></span> <span class='ocrx_word' id='word_1_137' title='bbox 1768 1848 1916 1902; x_wconf 89' lang='lat' dir='ltr'><strong>enim</strong></span> 
     </span>
    </p>
   </div>
   <div class='ocr_carea' id='block_1_22' title="bbox 345 1936 1917 2009">
    <p class='ocr_par' dir='ltr' id='par_1_22' title="bbox 345 1936 1917 2009">
     <span class='ocr_line' id='line_1_22' title="bbox 345 1936 1917 2009; baseline 0.004 -21"><span class='ocrx_word' id='word_1_138' title='bbox 345 1936 487 1999; x_wconf 83' lang='lat' dir='ltr'><strong>l&#39;orc,</strong></span> <span class='ocrx_word' id='word_1_139' title='bbox 537 1944 598 1989; x_wconf 91' lang='lat' dir='ltr'><strong>nt</strong></span> <span class='ocrx_word' id='word_1_140' title='bbox 639 1938 880 2006; x_wconf 83' lang='lat' dir='ltr'><strong>seipsuin</strong></span> <span class='ocrx_word' id='word_1_141' title='bbox 915 1948 1172 1994; x_wconf 78' lang='lat' dir='ltr'><strong>vereatur</strong></span> <span class='ocrx_word' id='word_1_142' title='bbox 1209 1939 1397 2001; x_wconf 89' lang='lat' dir='ltr'><strong>homo.</strong></span> <span class='ocrx_word' id='word_1_143' title='bbox 1446 1949 1503 1995; x_wconf 90' lang='lat' dir='ltr'><strong>et</strong></span> <span class='ocrx_word' id='word_1_144' title='bbox 1546 1939 1815 2009; x_wconf 87' lang='lat' dir='ltr'><strong>deinceps</strong></span> <span class='ocrx_word' id='word_1_145' title='bbox 1848 1940 1917 1995; x_wconf 89' lang='lat' dir='ltr'><strong>ab</strong></span> 
     </span>
    </p>
   </div>
   <div class='ocr_carea' id='block_1_23' title="bbox 346 2030 1916 2103">
    <p class='ocr_par' dir='ltr' id='par_1_23' title="bbox 346 2030 1916 2103">
     <span class='ocr_line' id='line_1_23' title="bbox 346 2030 1916 2103; baseline 0.007 -25"><span class='ocrx_word' id='word_1_146' title='bbox 346 2030 607 2085; x_wconf 76' lang='lat' dir='ltr'><strong>absurdis</strong></span> <span class='ocrx_word' id='word_1_147' title='bbox 636 2031 806 2084; x_wconf 88' lang='lat' dir='ltr'><strong>animi</strong></span> <span class='ocrx_word' id='word_1_148' title='bbox 854 2033 1116 2096; x_wconf 86' lang='lat' dir='ltr'><strong>motibus,</strong></span> <span class='ocrx_word' id='word_1_149' title='bbox 1149 2049 1218 2088; x_wconf 90' lang='lat' dir='ltr'><strong>ne</strong></span> <span class='ocrx_word' id='word_1_150' title='bbox 1250 2033 1423 2086; x_wconf 89' lang='lat' dir='ltr'><strong>multa</strong></span> <span class='ocrx_word' id='word_1_151' title='bbox 1458 2032 1715 2088; x_wconf 82' lang='lat' dir='ltr'><strong>adnotata</strong></span> <span class='ocrx_word' id='word_1_152' title='bbox 1759 2050 1916 2103; x_wconf 88' lang='lat' dir='ltr'><strong>repe-</strong></span> 
     </span>
    </p>
   </div>
   <div class='ocr_carea' id='block_1_24' title="bbox 349 2120 1921 2184">
    <p class='ocr_par' dir='ltr' id='par_1_24' title="bbox 349 2120 1921 2184">
     <span class='ocr_line' id='line_1_24' title="bbox 349 2120 1921 2184; baseline 0.003 -13"><span class='ocrx_word' id='word_1_153' title='bbox 349 2121 474 2184; x_wconf 84' lang='lat' dir='ltr'><strong>riat,</strong></span> <span class='ocrx_word' id='word_1_154' title='bbox 508 2120 804 2175; x_wconf 83' lang='lat' dir='ltr'><strong>abhorreat</strong></span> <span class='ocrx_word' id='word_1_155' title='bbox 851 2139 865 2175; x_wconf 89' lang='lat'><strong>:</strong></span> <span class='ocrx_word' id='word_1_156' title='bbox 912 2121 1030 2177; x_wconf 82' lang='lat' dir='ltr'><strong>fore</strong></span> <span class='ocrx_word' id='word_1_157' title='bbox 1068 2122 1234 2176; x_wconf 89' lang='lat' dir='ltr'><strong>etiam</strong></span> <span class='ocrx_word' id='word_1_158' title='bbox 1288 2134 1344 2178; x_wconf 92' lang='lat' dir='ltr'><strong>ut</strong></span> <span class='ocrx_word' id='word_1_159' title='bbox 1394 2131 1620 2183; x_wconf 85' lang='lat' dir='ltr'><strong>metuat,</strong></span> <span class='ocrx_word' id='word_1_160' title='bbox 1672 2139 1739 2177; x_wconf 91' lang='lat' dir='ltr'><strong>ne</strong></span> <span class='ocrx_word' id='word_1_161' title='bbox 1787 2123 1921 2179; x_wconf 77' lang='lat' dir='ltr'><strong>Scri—</strong></span> 
     </span>
    </p>
   </div>
   <div class='ocr_carea' id='block_1_25' title="bbox 349 2215 1920 2288">
    <p class='ocr_par' dir='ltr' id='par_1_25' title="bbox 349 2215 1920 2288">
     <span class='ocr_line' id='line_1_25' title="bbox 349 2215 1920 2288; baseline 0.006 -26"><span class='ocrx_word' id='word_1_162' title='bbox 349 2222 507 2279; x_wconf 82' lang='lat' dir='ltr'><strong>ptura</strong></span> <span class='ocrx_word' id='word_1_163' title='bbox 543 2215 633 2267; x_wconf 92' lang='lat' dir='ltr'><strong>tali</strong></span> <span class='ocrx_word' id='word_1_164' title='bbox 682 2230 711 2267; x_wconf 90' lang='lat' dir='ltr'><strong>a</strong></span> <span class='ocrx_word' id='word_1_165' title='bbox 757 2215 1018 2285; x_wconf 86' lang='lat' dir='ltr'><strong>quopiam</strong></span> <span class='ocrx_word' id='word_1_166' title='bbox 1056 2216 1424 2286; x_wconf 86' lang='lat' dir='ltr'><strong>deprehensa,</strong></span> <span class='ocrx_word' id='word_1_167' title='bbox 1473 2217 1755 2288; x_wconf 89' lang='lat' dir='ltr'><strong>improbus</strong></span> <span class='ocrx_word' id='word_1_168' title='bbox 1803 2218 1920 2286; x_wconf 89' lang='lat' dir='ltr'><strong>ipse</strong></span> 
     </span>
    </p>
   </div>
   <div class='ocr_carea' id='block_1_26' title="bbox 349 2307 1920 2382">
    <p class='ocr_par' dir='ltr' id='par_1_26' title="bbox 349 2307 1920 2382">
     <span class='ocr_line' id='line_1_26' title="bbox 349 2307 1920 2382; baseline 0.004 -23"><span class='ocrx_word' id='word_1_169' title='bbox 349 2307 638 2367; x_wconf 81' lang='lat' dir='ltr'><strong>manifesto</strong></span> <span class='ocrx_word' id='word_1_170' title='bbox 676 2308 1014 2366; x_wconf 85' lang='lat' dir='ltr'><strong>inveniatur.</strong></span> <span class='ocrx_word' id='word_1_171' title='bbox 1047 2311 1261 2367; x_wconf 69' lang='lat' dir='ltr'><strong>Acriter</strong></span> <span class='ocrx_word' id='word_1_172' title='bbox 1281 2326 1521 2382; x_wconf 91' lang='lat' dir='ltr'><strong>quoque,</strong></span> <span class='ocrx_word' id='word_1_173' title='bbox 1562 2310 1607 2366; x_wconf 88' lang='lat' dir='ltr'><strong>si</strong></span> <span class='ocrx_word' id='word_1_174' title='bbox 1640 2312 1732 2380; x_wconf 87' lang='lat' dir='ltr'><strong>qui</strong></span> <span class='ocrx_word' id='word_1_175' title='bbox 1777 2311 1920 2382; x_wconf 88' lang='lat' dir='ltr'><strong>inju-</strong></span> 
     </span>
    </p>
   </div>
   <div class='ocr_carea' id='block_1_27' title="bbox 347 2403 1922 2475">
    <p class='ocr_par' dir='ltr' id='par_1_27' title="bbox 347 2403 1922 2475">
     <span class='ocr_line' id='line_1_27' title="bbox 347 2403 1922 2475; baseline 0.003 -22"><span class='ocrx_word' id='word_1_176' title='bbox 347 2404 481 2456; x_wconf 89' lang='lat' dir='ltr'><strong>riam</strong></span> <span class='ocrx_word' id='word_1_177' title='bbox 509 2404 875 2473; x_wconf 87' lang='lat' dir='ltr'><strong>accepissent,</strong></span> <span class='ocrx_word' id='word_1_178' title='bbox 898 2403 1251 2466; x_wconf 81' lang='lat' dir='ltr'><strong>defendebat.</strong></span> <span class='ocrx_word' id='word_1_179' title='bbox 1272 2420 1447 2475; x_wconf 77' lang='lat' dir='ltr'><strong>caque</strong></span> <span class='ocrx_word' id='word_1_180' title='bbox 1473 2419 1636 2459; x_wconf 87' lang='lat' dir='ltr'><strong>causa</strong></span> <span class='ocrx_word' id='word_1_181' title='bbox 1664 2403 1922 2473; x_wconf 58' lang='lat' dir='ltr'><strong>frequen.</strong></span> 
     </span>
    </p>
   </div>
   <div class='ocr_carea' id='block_1_28' title="bbox 350 2495 1918 2570">
    <p class='ocr_par' dir='ltr' id='par_1_28' title="bbox 350 2495 1918 2570">
     <span class='ocr_line' id='line_1_28' title="bbox 350 2495 1918 2570; baseline 0.004 -25"><span class='ocrx_word' id='word_1_182' title='bbox 350 2504 432 2547; x_wconf 79' lang='lat' dir='ltr'><strong>ter</strong></span> <span class='ocrx_word' id='word_1_183' title='bbox 480 2495 646 2550; x_wconf 86' lang='lat' dir='ltr'><strong>urbes</strong></span> <span class='ocrx_word' id='word_1_184' title='bbox 689 2495 897 2551; x_wconf 89' lang='lat' dir='ltr'><strong>adibat.</strong></span> <span class='ocrx_word' id='word_1_185' title='bbox 932 2496 1085 2551; x_wconf 84' lang='lat' dir='ltr'><strong>Multi</strong></span> <span class='ocrx_word' id='word_1_186' title='bbox 1124 2511 1362 2570; x_wconf 86' lang='lat' dir='ltr'><strong>namque</strong></span> <span class='ocrx_word' id='word_1_187' title='bbox 1405 2511 1530 2551; x_wconf 90' lang='lat' dir='ltr'><strong>eum</strong></span> <span class='ocrx_word' id='word_1_188' title='bbox 1567 2497 1918 2563; x_wconf 84' lang='lat' dir='ltr'><strong>accedentes,</strong></span> 
     </span>
    </p>
   </div>
   <div class='ocr_carea' id='block_1_29' title="bbox 345 2587 1921 2660">
    <p class='ocr_par' dir='ltr' id='par_1_29' title="bbox 345 2587 1921 2660">
     <span class='ocr_line' id='line_1_29' title="bbox 345 2587 1921 2660; baseline 0.003 -21"><span class='ocrx_word' id='word_1_189' title='bbox 345 2587 801 2660; x_wconf 85' lang='lat' dir='ltr'><strong>calamitatesque</strong></span> <span class='ocrx_word' id='word_1_190' title='bbox 823 2604 952 2644; x_wconf 81' lang='lat' dir='ltr'><strong>suas</strong></span> <span class='ocrx_word' id='word_1_191' title='bbox 973 2588 1347 2659; x_wconf 82' lang='lat' dir='ltr'><strong>deplorantes,</strong></span> <span class='ocrx_word' id='word_1_192' title='bbox 1373 2588 1642 2660; x_wconf 80' lang='lat' dir='ltr'><strong>cogebant</strong></span> <span class='ocrx_word' id='word_1_193' title='bbox 1668 2599 1726 2643; x_wconf 93' lang='lat' dir='ltr'><strong>ut</strong></span> <span class='ocrx_word' id='word_1_194' title='bbox 1753 2589 1921 2644; x_wconf 89' lang='lat' dir='ltr'><strong>urbes</strong></span> 
     </span>
    </p>
   </div>
   <div class='ocr_carea' id='block_1_30' title="bbox 348 2680 1921 2752">
    <p class='ocr_par' dir='ltr' id='par_1_30' title="bbox 348 2680 1921 2752">
     <span class='ocr_line' id='line_1_30' title="bbox 348 2680 1921 2752; baseline 0.003 -22"><span class='ocrx_word' id='word_1_195' title='bbox 348 2680 754 2749; x_wconf 82' lang='lat' dir='ltr'><strong>ingrederetur,</strong></span> <span class='ocrx_word' id='word_1_196' title='bbox 783 2693 839 2735; x_wconf 87' lang='lat' dir='ltr'><strong>et</strong></span> <span class='ocrx_word' id='word_1_197' title='bbox 864 2697 961 2751; x_wconf 92' lang='lat' dir='ltr'><strong>pro</strong></span> <span class='ocrx_word' id='word_1_198' title='bbox 991 2682 1074 2738; x_wconf 90' lang='lat' dir='ltr'><strong>eis</strong></span> <span class='ocrx_word' id='word_1_199' title='bbox 1104 2690 1358 2751; x_wconf 82' lang='lat' dir='ltr'><strong>precator</strong></span> <span class='ocrx_word' id='word_1_200' title='bbox 1384 2692 1549 2752; x_wconf 91' lang='lat' dir='ltr'><strong>atque</strong></span> <span class='ocrx_word' id='word_1_201' title='bbox 1586 2683 1921 2738; x_wconf 84' lang='lat' dir='ltr'><strong>intercessor</strong></span> 
     </span>
    </p>
   </div>
   <div class='ocr_carea' id='block_1_31' title="bbox 349 2772 1921 2847">
    <p class='ocr_par' dir='ltr' id='par_1_31' title="bbox 349 2772 1921 2847">
     <span class='ocr_line' id='line_1_31' title="bbox 349 2772 1921 2847; baseline 0.003 -24"><span class='ocrx_word' id='word_1_202' title='bbox 349 2772 493 2838; x_wconf 86' lang='lat' dir='ltr'><strong>apud</strong></span> <span class='ocrx_word' id='word_1_203' title='bbox 539 2772 891 2843; x_wconf 79' lang='lat' dir='ltr'><strong>magistratus</strong></span> <span class='ocrx_word' id='word_1_204' title='bbox 941 2774 1115 2828; x_wconf 81' lang='lat' dir='ltr'><strong>iieret.</strong></span> <span class='ocrx_word' id='word_1_205' title='bbox 1160 2772 1326 2847; x_wconf 66' lang='grc'><strong>624</strong></span> <span class='ocrx_word' id='word_1_206' title='bbox 1370 2773 1452 2828; x_wconf 88' lang='lat' dir='ltr'><strong>Illi</strong></span> <span class='ocrx_word' id='word_1_207' title='bbox 1501 2788 1667 2843; x_wconf 86' lang='lat' dir='ltr'><strong>porro</strong></span> <span class='ocrx_word' id='word_1_208' title='bbox 1698 2772 1921 2845; x_wconf 87' lang='lat' dir='ltr'><strong>plurimi</strong></span> 
     </span>
    </p>
   </div>
   <div class='ocr_carea' id='block_1_32' title="bbox 348 2863 1920 2935">
    <p class='ocr_par' dir='ltr' id='par_1_32' title="bbox 348 2863 1920 2935">
     <span class='ocr_line' id='line_1_32' title="bbox 348 2863 1920 2935; baseline 0.004 -21"><span class='ocrx_word' id='word_1_209' title='bbox 348 2863 644 2926; x_wconf 69' lang='lat' dir='ltr'><strong>faciebant,</strong></span> <span class='ocrx_word' id='word_1_210' title='bbox 670 2865 713 2919; x_wconf 92' lang='lat' dir='ltr'><strong>si</strong></span> <span class='ocrx_word' id='word_1_211' title='bbox 752 2865 929 2935; x_wconf 89' lang='lat' dir='ltr'><strong>ipsum</strong></span> <span class='ocrx_word' id='word_1_212' title='bbox 959 2866 1230 2929; x_wconf 80' lang='lat' dir='ltr'><strong>viderent,</strong></span> <span class='ocrx_word' id='word_1_213' title='bbox 1260 2876 1316 2921; x_wconf 88' lang='lat' dir='ltr'><strong>et</strong></span> <span class='ocrx_word' id='word_1_214' title='bbox 1344 2866 1590 2921; x_wconf 89' lang='lat' dir='ltr'><strong>Sirenem</strong></span> <span class='ocrx_word' id='word_1_215' title='bbox 1623 2866 1920 2921; x_wconf 85' lang='lat' dir='ltr'><strong>verborum</strong></span> 
     </span>
    </p>
   </div>
   <div class='ocr_carea' id='block_1_33' title="bbox 348 2955 1920 3027">
    <p class='ocr_par' dir='ltr' id='par_1_33' title="bbox 348 2955 1920 3027">
     <span class='ocr_line' id='line_1_33' title="bbox 348 2955 1920 3027; baseline 0.004 -21"><span class='ocrx_word' id='word_1_216' title='bbox 348 2956 468 3020; x_wconf 86' lang='lat' dir='ltr'><strong>ejus</strong></span> <span class='ocrx_word' id='word_1_217' title='bbox 515 2955 797 3020; x_wconf 86' lang='lat' dir='ltr'><strong>audirent,</strong></span> <span class='ocrx_word' id='word_1_218' title='bbox 848 2965 906 3010; x_wconf 91' lang='lat' dir='ltr'><strong>et</strong></span> <span class='ocrx_word' id='word_1_219' title='bbox 948 2958 1238 3026; x_wconf 86' lang='lat' dir='ltr'><strong>imperanti</strong></span> <span class='ocrx_word' id='word_1_220' title='bbox 1289 2967 1564 3026; x_wconf 85' lang='lat' dir='ltr'><strong>parerent.</strong></span> <span class='ocrx_word' id='word_1_221' title='bbox 1620 2956 1725 3027; x_wconf 90' lang='lat' dir='ltr'><strong>lpsi</strong></span> <span class='ocrx_word' id='word_1_222' title='bbox 1771 2958 1920 3012; x_wconf 91' lang='lat' dir='ltr'><strong>enim</strong></span> 
     </span>
    </p>
   </div>
   <div class='ocr_carea' id='block_1_34' title="bbox 349 3048 1994 3129">
    <p class='ocr_par' dir='ltr' id='par_1_34' title="bbox 349 3048 1994 3129">
     <span class='ocr_line' id='line_1_34' title="bbox 349 3048 1994 3129; baseline 0.001 -26"><span class='ocrx_word' id='word_1_223' title='bbox 349 3049 535 3103; x_wconf 84' lang='lat' dir='ltr'><strong>studio</strong></span> <span class='ocrx_word' id='word_1_224' title='bbox 570 3049 623 3103; x_wconf 93' lang='lat' dir='ltr'><strong>in</strong></span> <span class='ocrx_word' id='word_1_225' title='bbox 664 3048 859 3117; x_wconf 85' lang='lat' dir='ltr'><strong>primis</strong></span> <span class='ocrx_word' id='word_1_226' title='bbox 894 3049 1017 3112; x_wconf 79' lang='lat' dir='ltr'><strong>fuit,</strong></span> <span class='ocrx_word' id='word_1_227' title='bbox 1062 3050 1258 3114; x_wconf 82' lang='lat' dir='ltr'><strong>latere,</strong></span> <span class='ocrx_word' id='word_1_228' title='bbox 1297 3060 1352 3103; x_wconf 91' lang='lat' dir='ltr'><strong>et</strong></span> <span class='ocrx_word' id='word_1_229' title='bbox 1383 3050 1435 3104; x_wconf 91' lang='lat' dir='ltr'><strong>in</strong></span> <span class='ocrx_word' id='word_1_230' title='bbox 1467 3050 1600 3104; x_wconf 88' lang='lat' dir='ltr'><strong>solis</strong></span> <span class='ocrx_word' id='word_1_231' title='bbox 1631 3051 1771 3105; x_wconf 87' lang='lat' dir='ltr'><strong>locis</strong></span> <span class='ocrx_word' id='word_1_232' title='bbox 1801 3068 1920 3105; x_wconf 85' lang='lat' dir='ltr'><strong>ver-</strong></span> <span class='ocrx_word' id='word_1_233' title='bbox 1950 3072 1994 3129; x_wconf 68' lang='grc' dir='ltr'><strong>ρ</strong></span> 
     </span>
    </p>
   </div>
   <div class='ocr_carea' id='block_1_35' title="bbox 349 3141 1922 3212">
    <p class='ocr_par' dir='ltr' id='par_1_35' title="bbox 349 3141 1922 3212">
     <span class='ocr_line' id='line_1_35' title="bbox 349 3141 1922 3212; baseline 0.001 -18"><span class='ocrx_word' id='word_1_234' title='bbox 349 3144 481 3197; x_wconf 79' lang='lat' dir='ltr'><strong>snri.</strong></span> <span class='ocrx_word' id='word_1_235' title='bbox 516 3143 583 3198; x_wconf 85' lang='lat' dir='ltr'><strong>Et</strong></span> <span class='ocrx_word' id='word_1_236' title='bbox 616 3144 761 3212; x_wconf 90' lang='lat' dir='ltr'><strong>quod</strong></span> <span class='ocrx_word' id='word_1_237' title='bbox 791 3158 858 3197; x_wconf 90' lang='lat' dir='ltr'><strong>eo</strong></span> <span class='ocrx_word' id='word_1_238' title='bbox 897 3150 1045 3198; x_wconf 89' lang='lat' dir='ltr'><strong>esset</strong></span> <span class='ocrx_word' id='word_1_239' title='bbox 1075 3142 1281 3206; x_wconf 90' lang='lat' dir='ltr'><strong>animo,</strong></span> <span class='ocrx_word' id='word_1_240' title='bbox 1318 3143 1361 3196; x_wconf 92' lang='lat' dir='ltr'><strong>si</strong></span> <span class='ocrx_word' id='word_1_241' title='bbox 1395 3141 1616 3211; x_wconf 83' lang='lat' dir='ltr'><strong>quando</strong></span> <span class='ocrx_word' id='word_1_242' title='bbox 1653 3143 1706 3195; x_wconf 92' lang='lat' dir='ltr'><strong>in</strong></span> <span class='ocrx_word' id='word_1_243' title='bbox 1743 3143 1922 3211; x_wconf 88' lang='lat' dir='ltr'><strong>publi-</strong></span> 
     </span>
    </p>
   </div>
   <div class='ocr_carea' id='block_1_36' title="bbox 350 3234 1923 3311">
    <p class='ocr_par' dir='ltr' id='par_1_36' title="bbox 350 3234 1923 3311">
     <span class='ocr_line' id='line_1_36' title="bbox 350 3234 1923 3311; baseline -0.003 -20"><span class='ocrx_word' id='word_1_244' title='bbox 350 3254 475 3293; x_wconf 85' lang='lat' dir='ltr'><strong>cum</strong></span> <span class='ocrx_word' id='word_1_245' title='bbox 532 3238 804 3311; x_wconf 88' lang='lat' dir='ltr'><strong>prodiret,</strong></span> <span class='ocrx_word' id='word_1_246' title='bbox 847 3235 1101 3291; x_wconf 79' lang='lat' dir='ltr'><strong>confecto</strong></span> <span class='ocrx_word' id='word_1_247' title='bbox 1148 3245 1352 3306; x_wconf 88' lang='lat' dir='ltr'><strong>quanta</strong></span> <span class='ocrx_word' id='word_1_248' title='bbox 1403 3239 1579 3304; x_wconf 88' lang='lat' dir='ltr'><strong>potuit</strong></span> <span class='ocrx_word' id='word_1_249' title='bbox 1624 3234 1923 3299; x_wconf 85' lang='lat' dir='ltr'><strong>celeritate,</strong></span> 
     </span>
    </p>
   </div>
   <div class='ocr_carea' id='block_1_37' title="bbox 348 3329 1927 3402">
    <p class='ocr_par' dir='ltr' id='par_1_37' title="bbox 348 3329 1927 3402">
     <span class='ocr_line' id='line_1_37' title="bbox 348 3329 1927 3402; baseline -0.003 -15"><span class='ocrx_word' id='word_1_250' title='bbox 348 3332 507 3402; x_wconf 83' lang='lat' dir='ltr'><strong>cujus</strong></span> <span class='ocrx_word' id='word_1_251' title='bbox 535 3332 709 3400; x_wconf 80' lang='lat' dir='ltr'><strong>gratia</strong></span> <span class='ocrx_word' id='word_1_252' title='bbox 739 3330 794 3384; x_wconf 91' lang='lat' dir='ltr'><strong>in</strong></span> <span class='ocrx_word' id='word_1_253' title='bbox 825 3329 1021 3385; x_wconf 86' lang='lat' dir='ltr'><strong>urbem</strong></span> <span class='ocrx_word' id='word_1_254' title='bbox 1055 3339 1304 3393; x_wconf 86' lang='lat' dir='ltr'><strong>venerat,</strong></span> <span class='ocrx_word' id='word_1_255' title='bbox 1337 3329 1581 3400; x_wconf 81' lang='lat' dir='ltr'><strong>negotio,</strong></span> <span class='ocrx_word' id='word_1_256' title='bbox 1615 3341 1834 3382; x_wconf 74' lang='lat' dir='ltr'><strong>rursum</strong></span> <span class='ocrx_word' id='word_1_257' title='bbox 1868 3342 1927 3382; x_wconf 90' lang='lat' dir='ltr'><strong>se</strong></span> 
     </span>
    </p>
   </div>
   <div class='ocr_carea' id='block_1_38' title="bbox 350 3419 1927 3493">
    <p class='ocr_par' dir='ltr' id='par_1_38' title="bbox 350 3419 1927 3493">
     <span class='ocr_line' id='line_1_38' title="bbox 350 3419 1927 3493; baseline -0.004 -14"><span class='ocrx_word' id='word_1_258' title='bbox 350 3430 406 3479; x_wconf 87' lang='lat' dir='ltr'><strong>in</strong></span> <span class='ocrx_word' id='word_1_259' title='bbox 438 3423 797 3479; x_wconf 82' lang='lat' dir='ltr'><strong>solitudinem</strong></span> <span class='ocrx_word' id='word_1_260' title='bbox 831 3421 1156 3493; x_wconf 85' lang='lat' dir='ltr'><strong>recipiebat.</strong></span> <span class='ocrx_word' id='word_1_261' title='bbox 1196 3420 1481 3490; x_wconf 84' lang='lat' dir='ltr'><strong>Siquidem</strong></span> <span class='ocrx_word' id='word_1_262' title='bbox 1518 3420 1702 3474; x_wconf 92' lang='lat' dir='ltr'><strong>dicere</strong></span> <span class='ocrx_word' id='word_1_263' title='bbox 1732 3419 1927 3474; x_wconf 87' lang='lat' dir='ltr'><strong>solitus</strong></span> 
     </span>
    </p>
   </div>
   <div class='ocr_carea' id='block_1_39' title="bbox 350 3511 1927 3584">
    <p class='ocr_par' dir='ltr' id='par_1_39' title="bbox 350 3511 1927 3584">
     <span class='ocr_line' id='line_1_39' title="bbox 350 3511 1927 3584; baseline -0.006 -13"><span class='ocrx_word' id='word_1_264' title='bbox 350 3524 488 3581; x_wconf 85' lang='lat' dir='ltr'><strong>erat,</strong></span> <span class='ocrx_word' id='word_1_265' title='bbox 524 3514 785 3571; x_wconf 89' lang='lat' dir='ltr'><strong>lethalem</strong></span> <span class='ocrx_word' id='word_1_266' title='bbox 817 3530 940 3570; x_wconf 89' lang='lat' dir='ltr'><strong>esse</strong></span> <span class='ocrx_word' id='word_1_267' title='bbox 968 3514 1210 3584; x_wconf 81' lang='lat' dir='ltr'><strong>piscibus</strong></span> <span class='ocrx_word' id='word_1_268' title='bbox 1242 3521 1397 3566; x_wconf 83' lang='lat' dir='ltr'><strong>extra</strong></span> <span class='ocrx_word' id='word_1_269' title='bbox 1432 3511 1605 3566; x_wconf 90' lang='lat' dir='ltr'><strong>undas</strong></span> <span class='ocrx_word' id='word_1_270' title='bbox 1633 3524 1927 3565; x_wconf 87' lang='lat' dir='ltr'><strong>conversa-</strong></span> 
     </span>
    </p>
   </div>
   <div class='ocr_carea' id='block_1_40' title="bbox 352 3602 1925 3678">
    <p class='ocr_par' dir='ltr' id='par_1_40' title="bbox 352 3602 1925 3678">
     <span class='ocr_line' id='line_1_40' title="bbox 352 3602 1925 3678; baseline -0.006 -12"><span class='ocrx_word' id='word_1_271' title='bbox 352 3612 567 3666; x_wconf 78' lang='lat' dir='ltr'><strong>tionem</strong></span> <span class='ocrx_word' id='word_1_272' title='bbox 609 3626 624 3662; x_wconf 85' lang='lat'><strong>:</strong></span> <span class='ocrx_word' id='word_1_273' title='bbox 678 3622 860 3678; x_wconf 89' lang='lat' dir='ltr'><strong>neque</strong></span> <span class='ocrx_word' id='word_1_274' title='bbox 911 3607 1095 3661; x_wconf 88' lang='lat' dir='ltr'><strong>minus</strong></span> <span class='ocrx_word' id='word_1_275' title='bbox 1143 3605 1477 3660; x_wconf 86' lang='lat' dir='ltr'><strong>monachum</strong></span> <span class='ocrx_word' id='word_1_276' title='bbox 1523 3605 1577 3657; x_wconf 91' lang='lat' dir='ltr'><strong>in</strong></span> <span class='ocrx_word' id='word_1_277' title='bbox 1622 3602 1925 3674; x_wconf 78' lang='lat' dir='ltr'><strong>periculum</strong></span> 
     </span>
    </p>
   </div>
   <div class='ocr_carea' id='block_1_41' title="bbox 348 3693 1930 3769">
    <p class='ocr_par' dir='ltr' id='par_1_41' title="bbox 348 3693 1930 3769">
     <span class='ocr_line' id='line_1_41' title="bbox 348 3693 1930 3769; baseline -0.008 -10"><span class='ocrx_word' id='word_1_278' title='bbox 348 3704 591 3759; x_wconf 84' lang='lat' dir='ltr'><strong>ccelestis</strong></span> <span class='ocrx_word' id='word_1_279' title='bbox 617 3703 745 3757; x_wconf 71' lang='lat' dir='ltr'><strong>vitae</strong></span> <span class='ocrx_word' id='word_1_280' title='bbox 786 3709 842 3756; x_wconf 87' lang='lat' dir='ltr'><strong>et</strong></span> <span class='ocrx_word' id='word_1_281' title='bbox 882 3697 1242 3769; x_wconf 82' lang='lat' dir='ltr'><strong>professionis</strong></span> <span class='ocrx_word' id='word_1_282' title='bbox 1278 3696 1578 3753; x_wconf 84' lang='lat' dir='ltr'><strong>sanctioris</strong></span> <span class='ocrx_word' id='word_1_283' title='bbox 1608 3693 1930 3748; x_wconf 71' lang='lat' dir='ltr'><strong>amittenda:</strong></span> 
     </span>
    </p>
   </div>
   <div class='ocr_carea' id='block_1_42' title="bbox 350 3788 1930 3861">
    <p class='ocr_par' dir='ltr' id='par_1_42' title="bbox 350 3788 1930 3861">
     <span class='ocr_line' id='line_1_42' title="bbox 350 3788 1930 3861; baseline -0.006 -12"><span class='ocrx_word' id='word_1_284' title='bbox 350 3797 559 3861; x_wconf 85' lang='lat' dir='ltr'><strong>venire,</strong></span> <span class='ocrx_word' id='word_1_285' title='bbox 593 3794 640 3848; x_wconf 89' lang='lat' dir='ltr'><strong>si</strong></span> <span class='ocrx_word' id='word_1_286' title='bbox 672 3807 853 3846; x_wconf 80' lang='lat' dir='ltr'><strong>moras</strong></span> <span class='ocrx_word' id='word_1_287' title='bbox 882 3792 939 3846; x_wconf 89' lang='lat' dir='ltr'><strong>in</strong></span> <span class='ocrx_word' id='word_1_288' title='bbox 978 3790 1211 3844; x_wconf 86' lang='lat' dir='ltr'><strong>urbibus</strong></span> <span class='ocrx_word' id='word_1_289' title='bbox 1242 3788 1440 3842; x_wconf 89' lang='lat' dir='ltr'><strong>trahat.</strong></span> <span class='ocrx_word' id='word_1_290' title='bbox 1474 3789 1539 3841; x_wconf 83' lang='lat' dir='ltr'><strong>Et</strong></span> <span class='ocrx_word' id='word_1_291' title='bbox 1573 3803 1698 3843; x_wconf 91' lang='lat' dir='ltr'><strong>cum</strong></span> <span class='ocrx_word' id='word_1_292' title='bbox 1730 3788 1930 3858; x_wconf 87' lang='lat' dir='ltr'><strong>jucun—</strong></span> 
     </span>
    </p>
   </div>
   <div class='ocr_carea' id='block_1_43' title="bbox 349 3879 1931 3956">
    <p class='ocr_par' dir='ltr' id='par_1_43' title="bbox 349 3879 1931 3956">
     <span class='ocr_line' id='line_1_43' title="bbox 349 3879 1931 3956; baseline -0.007 -9"><span class='ocrx_word' id='word_1_293' title='bbox 349 3890 481 3947; x_wconf 80' lang='lat' dir='ltr'><strong>dum</strong></span> <span class='ocrx_word' id='word_1_294' title='bbox 527 3904 587 3944; x_wconf 86' lang='lat' dir='ltr'><strong>se</strong></span> <span class='ocrx_word' id='word_1_295' title='bbox 624 3886 885 3942; x_wconf 86' lang='lat' dir='ltr'><strong>omnibus</strong></span> <span class='ocrx_word' id='word_1_296' title='bbox 914 3882 1169 3956; x_wconf 76' lang='lat' dir='ltr'><strong>prazbuit,</strong></span> <span class='ocrx_word' id='word_1_297' title='bbox 1221 3892 1337 3937; x_wconf 91' lang='lat' dir='ltr'><strong>tum</strong></span> <span class='ocrx_word' id='word_1_298' title='bbox 1385 3896 1454 3935; x_wconf 89' lang='lat' dir='ltr'><strong>ne</strong></span> <span class='ocrx_word' id='word_1_299' title='bbox 1497 3880 1810 3936; x_wconf 77' lang='lat' dir='ltr'><strong>submissus</strong></span> <span class='ocrx_word' id='word_1_300' title='bbox 1847 3879 1931 3936; x_wconf 92' lang='lat' dir='ltr'><strong>ni-</strong></span> 
     </span>
    </p>
   </div>
   <div class='ocr_carea' id='block_1_44' title="bbox 353 3974 1927 4042">
    <p class='ocr_par' dir='ltr' id='par_1_44' title="bbox 353 3974 1927 4042">
     <span class='ocr_line' id='line_1_44' title="bbox 353 3974 1927 4042; baseline -0.006 -7"><span class='ocrx_word' id='word_1_301' title='bbox 353 3982 524 4035; x_wconf 89' lang='lat' dir='ltr'><strong>mium</strong></span> <span class='ocrx_word' id='word_1_302' title='bbox 567 3989 623 4033; x_wconf 88' lang='lat' dir='ltr'><strong>et</strong></span> <span class='ocrx_word' id='word_1_303' title='bbox 658 3977 909 4032; x_wconf 87' lang='lat' dir='ltr'><strong>adulator</strong></span> <span class='ocrx_word' id='word_1_304' title='bbox 935 3990 1057 4035; x_wconf 85' lang='lat' dir='ltr'><strong>esse</strong></span> <span class='ocrx_word' id='word_1_305' title='bbox 1086 3974 1373 4031; x_wconf 82' lang='lat' dir='ltr'><strong>videretur</strong></span> <span class='ocrx_word' id='word_1_306' title='bbox 1407 3990 1420 4026; x_wconf 91' lang='lat'>:</span> <span class='ocrx_word' id='word_1_307' title='bbox 1460 3981 1726 4042; x_wconf 71' lang='lat' dir='ltr'><strong>pra-terea</strong></span> <span class='ocrx_word' id='word_1_308' title='bbox 1758 3987 1827 4026; x_wconf 88' lang='lat' dir='ltr'><strong>ne</strong></span> <span class='ocrx_word' id='word_1_309' title='bbox 1861 3987 1927 4026; x_wconf 82' lang='lat' dir='ltr'><strong>ex</strong></span> 
     </span>
    </p>
   </div>
   <div class='ocr_carea' id='block_1_45' title="bbox 349 4064 1929 4141">
    <p class='ocr_par' dir='ltr' id='par_1_45' title="bbox 349 4064 1929 4141">
     <span class='ocr_line' id='line_1_45' title="bbox 349 4064 1929 4141; baseline -0.004 -14"><span class='ocrx_word' id='word_1_310' title='bbox 349 4090 417 4127; x_wconf 83' lang='lat' dir='ltr'><strong>eo</strong></span> <span class='ocrx_word' id='word_1_311' title='bbox 468 4072 616 4141; x_wconf 85' lang='lat' dir='ltr'><strong>quod</strong></span> <span class='ocrx_word' id='word_1_312' title='bbox 667 4071 736 4124; x_wconf 89' lang='lat' dir='ltr'><strong>ab</strong></span> <span class='ocrx_word' id='word_1_313' title='bbox 777 4068 1039 4122; x_wconf 87' lang='lat' dir='ltr'><strong>omnibus</strong></span> <span class='ocrx_word' id='word_1_314' title='bbox 1069 4067 1277 4120; x_wconf 86' lang='lat' dir='ltr'><strong>honore</strong></span> <span class='ocrx_word' id='word_1_315' title='bbox 1304 4064 1636 4128; x_wconf 68' lang='lat' dir='ltr'><strong>adiceretur,</strong></span> <span class='ocrx_word' id='word_1_316' title='bbox 1668 4064 1929 4135; x_wconf 87' lang='lat' dir='ltr'><strong>quodque</strong></span> 
     </span>
    </p>
   </div>
   <div class='ocr_carea' id='block_1_46' title="bbox 350 4156 1932 4232">
    <p class='ocr_par' dir='ltr' id='par_1_46' title="bbox 350 4156 1932 4232">
     <span class='ocr_line' id='line_1_46' title="bbox 350 4156 1932 4232; baseline -0.003 -17"><span class='ocrx_word' id='word_1_317' title='bbox 350 4168 402 4218; x_wconf 73' lang='lat' dir='ltr'><strong>ei</strong></span> <span class='ocrx_word' id='word_1_318' title='bbox 439 4178 581 4232; x_wconf 83' lang='lat' dir='ltr'><strong>quos</strong></span> <span class='ocrx_word' id='word_1_319' title='bbox 616 4161 894 4231; x_wconf 76' lang='lat' dir='ltr'><strong>iussisset,</strong></span> <span class='ocrx_word' id='word_1_320' title='bbox 927 4174 1136 4213; x_wconf 85' lang='lat' dir='ltr'><strong>morem</strong></span> <span class='ocrx_word' id='word_1_321' title='bbox 1169 4167 1450 4229; x_wconf 72' lang='lat' dir='ltr'><strong>gererent,</strong></span> <span class='ocrx_word' id='word_1_322' title='bbox 1498 4156 1643 4212; x_wconf 82' lang='lat' dir='ltr'><strong>fastu</strong></span> <span class='ocrx_word' id='word_1_323' title='bbox 1688 4167 1745 4211; x_wconf 85' lang='lat' dir='ltr'><strong>et</strong></span> <span class='ocrx_word' id='word_1_324' title='bbox 1776 4172 1932 4211; x_wconf 91' lang='lat' dir='ltr'><strong>arro-</strong></span> 
     </span>
    </p>
   </div>
   <div class='ocr_carea' id='block_1_47' title="bbox 351 4247 1933 4325">
    <p class='ocr_par' dir='ltr' id='par_1_47' title="bbox 351 4247 1933 4325">
     <span class='ocr_line' id='line_1_47' title="bbox 351 4247 1933 4325; baseline -0.003 -19"><span class='ocrx_word' id='word_1_325' title='bbox 351 4256 534 4325; x_wconf 71' lang='lat' dir='ltr'><strong>gantia</strong></span> <span class='ocrx_word' id='word_1_326' title='bbox 562 4254 882 4317; x_wconf 72' lang='lat' dir='ltr'><strong>elTerretur,</strong></span> <span class='ocrx_word' id='word_1_327' title='bbox 908 4250 1146 4305; x_wconf 88' lang='lat' dir='ltr'><strong>curavit.</strong></span> <span class='ocrx_word' id='word_1_328' title='bbox 1175 4248 1446 4305; x_wconf 90' lang='lat' dir='ltr'><strong>Scrihenti</strong></span> <span class='ocrx_word' id='word_1_329' title='bbox 1471 4248 1767 4319; x_wconf 85' lang='lat' dir='ltr'><strong>aliquando</strong></span> <span class='ocrx_word' id='word_1_330' title='bbox 1788 4247 1933 4304; x_wconf 88' lang='lat' dir='ltr'><strong>Con-</strong></span> 
     </span>
    </p>
   </div>
   <div class='ocr_carea' id='block_1_48' title="bbox 349 4340 1929 4408">
    <p class='ocr_par' dir='ltr' id='par_1_48' title="bbox 349 4340 1929 4408">
     <span class='ocr_line' id='line_1_48' title="bbox 349 4340 1929 4408; baseline -0.004 -6"><span class='ocrx_word' id='word_1_331' title='bbox 349 4346 595 4403; x_wconf 85' lang='lat' dir='ltr'><strong>stantino</strong></span> <span class='ocrx_word' id='word_1_332' title='bbox 630 4345 699 4399; x_wconf 88' lang='lat' dir='ltr'><strong>ad</strong></span> <span class='ocrx_word' id='word_1_333' title='bbox 742 4360 800 4399; x_wconf 89' lang='lat' dir='ltr'><strong>se</strong></span> <span class='ocrx_word' id='word_1_334' title='bbox 832 4353 891 4397; x_wconf 92' lang='lat' dir='ltr'><strong>ut</strong></span> <span class='ocrx_word' id='word_1_335' title='bbox 922 4342 1156 4408; x_wconf 89' lang='lat' dir='ltr'><strong>veniret,</strong></span> <span class='ocrx_word' id='word_1_336' title='bbox 1189 4340 1423 4396; x_wconf 84' lang='lat' dir='ltr'><strong>miriﬁce</strong></span> <span class='ocrx_word' id='word_1_337' title='bbox 1467 4342 1615 4395; x_wconf 88' lang='lat' dir='ltr'><strong>enim</strong></span> <span class='ocrx_word' id='word_1_338' title='bbox 1647 4341 1929 4399; x_wconf 84' lang='lat' dir='ltr'><strong>hominem</strong></span> 
     </span>
    </p>
   </div>
   <div class='ocr_carea' id='block_1_49' title="bbox 350 4412 2004 4504">
    <p class='ocr_par' dir='ltr' id='par_1_49' title="bbox 350 4412 2004 4504">
     <span class='ocr_line' id='line_1_49' title="bbox 350 4412 2004 4504; baseline -0.003 -13"><span class='ocrx_word' id='word_1_339' title='bbox 350 4438 592 4502; x_wconf 75' lang='lat' dir='ltr'><strong>amabat,</strong></span> <span class='ocrx_word' id='word_1_340' title='bbox 624 4436 952 4491; x_wconf 74' lang='lat' dir='ltr'><strong>detrectavit</strong></span> <span class='ocrx_word' id='word_1_341' title='bbox 981 4434 1034 4489; x_wconf 86' lang='lat' dir='ltr'><strong>id</strong></span> <span class='ocrx_word' id='word_1_342' title='bbox 1067 4436 1332 4504; x_wconf 83' lang='lat' dir='ltr'><strong>primum,</strong></span> <span class='ocrx_word' id='word_1_343' title='bbox 1364 4434 1557 4488; x_wconf 84' lang='lat' dir='ltr'><strong>dicens</strong></span> <span class='ocrx_word' id='word_1_344' title='bbox 1590 4450 1605 4487; x_wconf 87' lang='lat'>:</span> <span class='ocrx_word' id='word_1_345' title='bbox 1640 4432 1926 4502; x_wconf 78' lang='lat' dir='ltr'><strong>Siquidem</strong></span> <span class='ocrx_word' id='word_1_346' title='bbox 1962 4412 2004 4465; x_wconf 67' lang='grc' dir='ltr'><strong>θ</strong></span> 
     </span>
    </p>
   </div>
   <div class='ocr_carea' id='block_1_50' title="bbox 352 4524 1925 4600">
    <p class='ocr_par' dir='ltr' id='par_1_50' title="bbox 352 4524 1925 4600">
     <span class='ocr_line' id='line_1_50' title="bbox 352 4524 1925 4600; baseline -0.005 -12"><span class='ocrx_word' id='word_1_347' title='bbox 352 4533 419 4600; x_wconf 51' lang='lat' dir='ltr'><strong>ad</strong></span> <span class='ocrx_word' id='word_1_348' title='bbox 452 4532 839 4600; x_wconf 82' lang='lat' dir='ltr'><strong>imperatorem</strong></span> <span class='ocrx_word' id='word_1_349' title='bbox 875 4542 1099 4595; x_wconf 89' lang='lat' dir='ltr'><strong>venero,</strong></span> <span class='ocrx_word' id='word_1_350' title='bbox 1136 4528 1406 4584; x_wconf 77' lang='lat' dir='ltr'><strong>Antonius</strong></span> <span class='ocrx_word' id='word_1_351' title='bbox 1429 4542 1566 4594; x_wconf 84' lang='lat' dir='ltr'><strong>ero;</strong></span> <span class='ocrx_word' id='word_1_352' title='bbox 1604 4526 1689 4580; x_wconf 89' lang='lat' dir='ltr'><strong>sin</strong></span> <span class='ocrx_word' id='word_1_353' title='bbox 1719 4524 1925 4590; x_wconf 88' lang='lat' dir='ltr'><strong>minus,</strong></span> 
     </span>
    </p>
   </div>
   <div class='ocr_carea' id='block_1_51' title="bbox 353 4619 1928 4692">
    <p class='ocr_par' dir='ltr' id='par_1_51' title="bbox 353 4619 1928 4692">
     <span class='ocr_line' id='line_1_51' title="bbox 353 4619 1928 4692; baseline -0.003 -16"><span class='ocrx_word' id='word_1_354' title='bbox 353 4624 523 4689; x_wconf 69' lang='lat' dir='ltr'><strong>abbas</strong></span> <span class='ocrx_word' id='word_1_355' title='bbox 552 4623 849 4678; x_wconf 80' lang='lat' dir='ltr'><strong>Antonius.</strong></span> <span class='ocrx_word' id='word_1_356' title='bbox 892 4623 1072 4692; x_wconf 80' lang='lat' dir='ltr'><strong>Atque</strong></span> <span class='ocrx_word' id='word_1_357' title='bbox 1102 4636 1169 4676; x_wconf 89' lang='lat' dir='ltr'><strong>eo</strong></span> <span class='ocrx_word' id='word_1_358' title='bbox 1204 4620 1422 4677; x_wconf 89' lang='lat' dir='ltr'><strong>tandem</strong></span> <span class='ocrx_word' id='word_1_359' title='bbox 1464 4619 1628 4676; x_wconf 86' lang='lat' dir='ltr'><strong>modo</strong></span> <span class='ocrx_word' id='word_1_360' title='bbox 1664 4620 1733 4674; x_wconf 88' lang='lat' dir='ltr'><strong>ad</strong></span> <span class='ocrx_word' id='word_1_361' title='bbox 1773 4620 1928 4674; x_wconf 91' lang='lat' dir='ltr'><strong>illum</strong></span> 
     </span>
    </p>
   </div>
   <div class='ocr_carea' id='block_1_52' title="bbox 355 4713 1932 4783">
    <p class='ocr_par' dir='ltr' id='par_1_52' title="bbox 355 4713 1932 4783">
     <span class='ocr_line' id='line_1_52' title="bbox 355 4713 1932 4783; baseline -0.003 -12"><span class='ocrx_word' id='word_1_362' title='bbox 355 4717 510 4783; x_wconf 79' lang='lat' dir='ltr'><strong>adire</strong></span> <span class='ocrx_word' id='word_1_363' title='bbox 556 4715 846 4770; x_wconf 88' lang='lat' dir='ltr'><strong>sustinuit.</strong></span> <span class='ocrx_word' id='word_1_364' title='bbox 879 4714 1085 4770; x_wconf 80' lang='lat' dir='ltr'><strong>Verum</strong></span> <span class='ocrx_word' id='word_1_365' title='bbox 1135 4714 1249 4768; x_wconf 77' lang='lat' dir='ltr'><strong>haec</strong></span> <span class='ocrx_word' id='word_1_366' title='bbox 1287 4722 1545 4782; x_wconf 78' lang='lat' dir='ltr'><strong>tanquam</strong></span> <span class='ocrx_word' id='word_1_367' title='bbox 1588 4722 1781 4783; x_wconf 76' lang='lat' dir='ltr'><strong>gustus</strong></span> <span class='ocrx_word' id='word_1_368' title='bbox 1810 4713 1932 4782; x_wconf 89' lang='lat' dir='ltr'><strong>qui-</strong></span> 
     </span>
    </p>
   </div>
   <div class='ocr_carea' id='block_1_53' title="bbox 355 4807 1931 4879">
    <p class='ocr_par' dir='ltr' id='par_1_53' title="bbox 355 4807 1931 4879">
     <span class='ocr_line' id='line_1_53' title="bbox 355 4807 1931 4879; baseline 0.001 -19"><span class='ocrx_word' id='word_1_369' title='bbox 355 4809 478 4867; x_wconf 75' lang='lat' dir='ltr'><strong>dam</strong></span> <span class='ocrx_word' id='word_1_370' title='bbox 511 4818 566 4863; x_wconf 81' lang='lat' dir='ltr'><strong>et</strong></span> <span class='ocrx_word' id='word_1_371' title='bbox 587 4812 789 4879; x_wconf 75' lang='lat' dir='ltr'><strong>exigua</strong></span> <span class='ocrx_word' id='word_1_372' title='bbox 823 4809 1003 4879; x_wconf 81' lang='lat' dir='ltr'><strong>imago</strong></span> <span class='ocrx_word' id='word_1_373' title='bbox 1032 4808 1256 4863; x_wconf 84' lang='lat' dir='ltr'><strong>Antonii</strong></span> <span class='ocrx_word' id='word_1_374' title='bbox 1290 4808 1414 4863; x_wconf 63' lang='lat' dir='ltr'><strong>vitae</strong></span> <span class='ocrx_word' id='word_1_375' title='bbox 1443 4816 1500 4862; x_wconf 86' lang='lat' dir='ltr'><strong>et</strong></span> <span class='ocrx_word' id='word_1_376' title='bbox 1530 4807 1791 4871; x_wconf 89' lang='lat' dir='ltr'><strong>instituti,</strong></span> <span class='ocrx_word' id='word_1_377' title='bbox 1819 4808 1931 4862; x_wconf 87' lang='lat' dir='ltr'><strong>sint</strong></span> 
     </span>
    </p>
   </div>
   <div class='ocr_carea' id='block_1_54' title="bbox 352 4900 1932 4973">
    <p class='ocr_par' dir='ltr' id='par_1_54' title="bbox 352 4900 1932 4973">
     <span class='ocr_line' id='line_1_54' title="bbox 352 4900 1932 4973; baseline 0.001 -16"><span class='ocrx_word' id='word_1_378' title='bbox 352 4905 603 4973; x_wconf 78' lang='lat' dir='ltr'><strong>exposita</strong></span> <span class='ocrx_word' id='word_1_379' title='bbox 633 4921 648 4957; x_wconf 90' lang='lat'><strong>:</strong></span> <span class='ocrx_word' id='word_1_380' title='bbox 681 4912 738 4956; x_wconf 91' lang='lat' dir='ltr'><strong>ut</strong></span> <span class='ocrx_word' id='word_1_381' title='bbox 770 4919 839 4958; x_wconf 82' lang='lat' dir='ltr'><strong>ex</strong></span> <span class='ocrx_word' id='word_1_382' title='bbox 882 4902 970 4958; x_wconf 90' lang='lat' dir='ltr'><strong>his</strong></span> <span class='ocrx_word' id='word_1_383' title='bbox 1015 4901 1332 4956; x_wconf 87' lang='lat' dir='ltr'><strong>universam</strong></span> <span class='ocrx_word' id='word_1_384' title='bbox 1362 4900 1504 4971; x_wconf 87' lang='lat' dir='ltr'><strong>ejus,</strong></span> <span class='ocrx_word' id='word_1_385' title='bbox 1545 4900 1726 4970; x_wconf 85' lang='lat' dir='ltr'><strong>qualis</strong></span> <span class='ocrx_word' id='word_1_386' title='bbox 1764 4900 1932 4959; x_wconf 81' lang='lat' dir='ltr'><strong>fuerit</strong></span> 
     </span>
    </p>
   </div>
   <div class='ocr_carea' id='block_1_55' title="bbox 358 4992 1932 5077">
    <p class='ocr_par' dir='ltr' id='par_1_55' title="bbox 358 4992 1932 5077">
     <span class='ocr_line' id='line_1_55' title="bbox 358 4992 1932 5077; baseline -0.001 -26"><span class='ocrx_word' id='word_1_387' title='bbox 358 4996 758 5077; x_wconf 66' lang='lat' dir='ltr'><strong>jhilosopliiam</strong></span> <span class='ocrx_word' id='word_1_388' title='bbox 806 4994 1155 5065; x_wconf 77' lang='lat' dir='ltr'><strong>colligamus.</strong></span> <span class='ocrx_word' id='word_1_389' title='bbox 1198 4994 1373 5059; x_wconf 88' lang='lat' dir='ltr'><strong>Quam</strong></span> <span class='ocrx_word' id='word_1_390' title='bbox 1433 4993 1604 5048; x_wconf 87' lang='lat' dir='ltr'><strong>rebus</strong></span> <span class='ocrx_word' id='word_1_391' title='bbox 1666 4992 1932 5049; x_wconf 80' lang='lat' dir='ltr'><strong>omnibus</strong></span> 
     </span>
    </p>
   </div>
   <div class='ocr_carea' id='block_1_56' title="bbox 359 5086 1929 5162">
    <p class='ocr_par' dir='ltr' id='par_1_56' title="bbox 359 5086 1929 5162">
     <span class='ocr_line' id='line_1_56' title="bbox 359 5086 1929 5162; baseline -0.003 -17"><span class='ocrx_word' id='word_1_392' title='bbox 359 5091 602 5162; x_wconf 85' lang='lat' dir='ltr'><strong>optimus</strong></span> <span class='ocrx_word' id='word_1_393' title='bbox 647 5089 1003 5154; x_wconf 83' lang='lat' dir='ltr'><strong>Athanasius,</strong></span> <span class='ocrx_word' id='word_1_394' title='bbox 1049 5088 1137 5142; x_wconf 85' lang='lat' dir='ltr'><strong>cui</strong></span> <span class='ocrx_word' id='word_1_395' title='bbox 1173 5089 1339 5142; x_wconf 87' lang='lat' dir='ltr'><strong>etiam</strong></span> <span class='ocrx_word' id='word_1_396' title='bbox 1391 5086 1499 5141; x_wconf 82' lang='lat' dir='ltr'><strong>fuit</strong></span> <span class='ocrx_word' id='word_1_397' title='bbox 1546 5086 1929 5150; x_wconf 83' lang='lat' dir='ltr'><strong>charissimns,</strong></span> 
     </span>
    </p>
   </div>
   <div class='ocr_carea' id='block_1_57' title="bbox 359 5179 1930 5261">
    <p class='ocr_par' dir='ltr' id='par_1_57' title="bbox 359 5179 1930 5261">
     <span class='ocr_line' id='line_1_57' title="bbox 359 5179 1930 5261; baseline -0.003 -22"><span class='ocrx_word' id='word_1_398' title='bbox 359 5185 580 5261; x_wconf 80' lang='lat' dir='ltr'><strong>copiose</strong></span> <span class='ocrx_word' id='word_1_399' title='bbox 625 5183 904 5238; x_wconf 71' lang='lat' dir='ltr'><strong>memoria:</strong></span> <span class='ocrx_word' id='word_1_400' title='bbox 952 5181 1289 5251; x_wconf 81' lang='lat' dir='ltr'><strong>posteritatis</strong></span> <span class='ocrx_word' id='word_1_401' title='bbox 1341 5181 1542 5237; x_wconf 88' lang='lat' dir='ltr'><strong>litteris</strong></span> <span class='ocrx_word' id='word_1_402' title='bbox 1589 5179 1867 5235; x_wconf 80' lang='lat' dir='ltr'><strong>mandavit</strong></span> <span class='ocrx_word' id='word_1_403' title='bbox 1914 5195 1930 5235; x_wconf 86' lang='lat'><strong>:</strong></span> 
     </span>
    </p>
   </div>
   <div class='ocr_carea' id='block_1_58' title="bbox 360 5274 1934 5351">
    <p class='ocr_par' dir='ltr' id='par_1_58' title="bbox 360 5274 1934 5351">
     <span class='ocr_line' id='line_1_58' title="bbox 360 5274 1934 5351; baseline -0.001 -19"><span class='ocrx_word' id='word_1_404' title='bbox 360 5279 758 5351; x_wconf 75' lang='lat' dir='ltr'><strong>certaminibus</strong></span> <span class='ocrx_word' id='word_1_405' title='bbox 784 5279 906 5346; x_wconf 84' lang='lat' dir='ltr'><strong>ejus</strong></span> <span class='ocrx_word' id='word_1_406' title='bbox 933 5287 1126 5333; x_wconf 88' lang='lat' dir='ltr'><strong>contra</strong></span> <span class='ocrx_word' id='word_1_407' title='bbox 1148 5276 1451 5340; x_wconf 62' lang='lat' dir='ltr'><strong>daimoncs,</strong></span> <span class='ocrx_word' id='word_1_408' title='bbox 1479 5284 1536 5330; x_wconf 88' lang='lat' dir='ltr'><strong>et</strong></span> <span class='ocrx_word' id='word_1_409' title='bbox 1559 5274 1772 5330; x_wconf 89' lang='lat' dir='ltr'><strong>artibus</strong></span> <span class='ocrx_word' id='word_1_410' title='bbox 1794 5287 1934 5344; x_wconf 78' lang='lat' dir='ltr'><strong>quas</strong></span> 
     </span>
    </p>
   </div>
   <div class='ocr_carea' id='block_1_59' title="bbox 363 5366 1934 5437">
    <p class='ocr_par' dir='ltr' id='par_1_59' title="bbox 363 5366 1934 5437">
     <span class='ocr_line' id='line_1_59' title="bbox 363 5366 1934 5437; baseline -0.003 -12"><span class='ocrx_word' id='word_1_411' title='bbox 363 5371 627 5435; x_wconf 78' lang='lat' dir='ltr'><strong>adversus</strong></span> <span class='ocrx_word' id='word_1_412' title='bbox 666 5372 787 5429; x_wconf 86' lang='lat' dir='ltr'><strong>illos</strong></span> <span class='ocrx_word' id='word_1_413' title='bbox 822 5370 1127 5430; x_wconf 88' lang='lat' dir='ltr'><strong>adinvenit,</strong></span> <span class='ocrx_word' id='word_1_414' title='bbox 1160 5369 1398 5437; x_wconf 84' lang='lat' dir='ltr'><strong>aliisque</strong></span> <span class='ocrx_word' id='word_1_415' title='bbox 1432 5371 1554 5422; x_wconf 71' lang='lat' dir='ltr'><strong>vita:</strong></span> <span class='ocrx_word' id='word_1_416' title='bbox 1586 5366 1848 5436; x_wconf 78' lang='lat' dir='ltr'><strong>prodigiis</strong></span> <span class='ocrx_word' id='word_1_417' title='bbox 1878 5376 1934 5421; x_wconf 92' lang='lat' dir='ltr'><strong>et</strong></span> 
     </span>
    </p>
   </div>
   <div class='ocr_carea' id='block_1_60' title="bbox 368 5459 1932 5532">
    <p class='ocr_par' dir='ltr' id='par_1_60' title="bbox 368 5459 1932 5532">
     <span class='ocr_line' id='line_1_60' title="bbox 368 5459 1932 5532; baseline 0.002 -20"><span class='ocrx_word' id='word_1_418' title='bbox 368 5462 531 5516; x_wconf 76' lang='lat' dir='ltr'><strong>rebus</strong></span> <span class='ocrx_word' id='word_1_419' title='bbox 568 5463 857 5532; x_wconf 84' lang='lat' dir='ltr'><strong>quibusvis</strong></span> <span class='ocrx_word' id='word_1_420' title='bbox 885 5462 1237 5530; x_wconf 79' lang='lat' dir='ltr'><strong>conscriptis,</strong></span> <span class='ocrx_word' id='word_1_421' title='bbox 1273 5469 1332 5514; x_wconf 91' lang='lat' dir='ltr'><strong>ut</strong></span> <span class='ocrx_word' id='word_1_422' title='bbox 1379 5460 1520 5515; x_wconf 85' lang='lat' dir='ltr'><strong>liber</strong></span> <span class='ocrx_word' id='word_1_423' title='bbox 1563 5462 1609 5514; x_wconf 87' lang='lat' dir='ltr'><strong>is</strong></span> <span class='ocrx_word' id='word_1_424' title='bbox 1642 5459 1932 5515; x_wconf 86' lang='lat' dir='ltr'><strong>monastici</strong></span> 
     </span>
    </p>
   </div>
   <div class='ocr_carea' id='block_1_61' title="bbox 368 5547 1933 5625">
    <p class='ocr_par' dir='ltr' id='par_1_61' title="bbox 368 5547 1933 5625">
     <span class='ocr_line' id='line_1_61' title="bbox 368 5547 1933 5625; baseline -0.001 -21"><span class='ocrx_word' id='word_1_425' title='bbox 368 5555 601 5609; x_wconf 81' lang='lat' dir='ltr'><strong>instituti</strong></span> <span class='ocrx_word' id='word_1_426' title='bbox 648 5571 746 5609; x_wconf 71' lang='lat' dir='ltr'><strong>Ceu</strong></span> <span class='ocrx_word' id='word_1_427' title='bbox 800 5555 1097 5625; x_wconf 80' lang='lat' dir='ltr'><strong>descriptio</strong></span> <span class='ocrx_word' id='word_1_428' title='bbox 1132 5553 1381 5624; x_wconf 62' lang='lat' dir='ltr'><strong>quaedam</strong></span> <span class='ocrx_word' id='word_1_429' title='bbox 1433 5560 1597 5605; x_wconf 78' lang='lat' dir='ltr'><strong>esset.</strong></span> <span class='ocrx_word' id='word_1_430' title='bbox 1650 5547 1840 5603; x_wconf 90' lang='lat' dir='ltr'><strong>Itidem</strong></span> <span class='ocrx_word' id='word_1_431' title='bbox 1874 5557 1933 5602; x_wconf 88' lang='lat' dir='ltr'><strong>ut</strong></span> 
     </span>
    </p>
   </div>
   <div class='ocr_carea' id='block_1_62' title="bbox 370 5641 1929 5715">
    <p class='ocr_par' dir='ltr' id='par_1_62' title="bbox 370 5641 1929 5715">
     <span class='ocr_line' id='line_1_62' title="bbox 370 5641 1929 5715; baseline -0.002 -19"><span class='ocrx_word' id='word_1_432' title='bbox 370 5644 516 5702; x_wconf 83' lang='lat' dir='ltr'><strong>idem</strong></span> <span class='ocrx_word' id='word_1_433' title='bbox 558 5645 889 5701; x_wconf 71' lang='lat' dir='ltr'><strong>Athanasius</strong></span> <span class='ocrx_word' id='word_1_434' title='bbox 925 5647 979 5700; x_wconf 88' lang='lat' dir='ltr'><strong>in</strong></span> <span class='ocrx_word' id='word_1_435' title='bbox 1008 5647 1126 5702; x_wconf 79' lang='lat' dir='ltr'><strong>Vita</strong></span> <span class='ocrx_word' id='word_1_436' title='bbox 1172 5644 1513 5715; x_wconf 74' lang='lat' dir='ltr'><strong>Synelctices</strong></span> <span class='ocrx_word' id='word_1_437' title='bbox 1551 5641 1628 5710; x_wconf 86' lang='lat' dir='ltr'><strong>(l)</strong></span> <span class='ocrx_word' id='word_1_438' title='bbox 1667 5642 1817 5706; x_wconf 82' lang='lat' dir='ltr'><strong>fecit,</strong></span> <span class='ocrx_word' id='word_1_439' title='bbox 1848 5650 1929 5706; x_wconf 88' lang='lat' dir='ltr'><strong>ut,</strong></span> 
     </span>
    </p>
   </div>
   <div class='ocr_carea' id='block_1_63' title="bbox 2012 478 3604 554">
    <p class='ocr_par' dir='ltr' id='par_1_63' title="bbox 2012 478 3604 554">
     <span class='ocr_line' id='line_1_63' title="bbox 2012 478 3604 554; baseline 0.01 -24"><span class='ocrx_word' id='word_1_440' title='bbox 2012 478 2074 530; x_wconf 79' lang='grc' dir='ltr'>τὸ</span> <span class='ocrx_word' id='word_1_441' title='bbox 2111 479 2296 550; x_wconf 82' lang='grc' dir='ltr'>διορᾷν</span> <span class='ocrx_word' id='word_1_442' title='bbox 2351 482 2410 534; x_wconf 77' lang='grc' dir='ltr'><strong>τὸ</strong></span> <span class='ocrx_word' id='word_1_443' title='bbox 2459 483 2656 552; x_wconf 83' lang='grc' dir='ltr'>μέλλον</span> <span class='ocrx_word' id='word_1_444' title='bbox 2712 484 2953 554; x_wconf 70' lang='grc' dir='ltr'>ἕψεται,</span> <span class='ocrx_word' id='word_1_445' title='bbox 2983 486 3078 539; x_wconf 80' lang='grc' dir='ltr'>τοῦ</span> <span class='ocrx_word' id='word_1_446' title='bbox 3141 486 3280 540; x_wconf 84' lang='grc' dir='ltr'><strong>Θεοῦ</strong></span> <span class='ocrx_word' id='word_1_447' title='bbox 3332 489 3425 543; x_wconf 83' lang='grc' dir='ltr'>διά</span> <span class='ocrx_word' id='word_1_448' title='bbox 3455 508 3604 554; x_wconf 88' lang='grc' dir='ltr'>τινος</span> 
     </span>
    </p>
   </div>
   <div class='ocr_carea' id='block_1_64' title="bbox 2014 571 3601 645">
    <p class='ocr_par' dir='ltr' id='par_1_64' title="bbox 2014 571 3601 645">
     <span class='ocr_line' id='line_1_64' title="bbox 2014 571 3601 645; baseline 0.008 -23"><span class='ocrx_word' id='word_1_449' title='bbox 2014 571 2279 641; x_wconf 77' lang='grc' dir='ltr'><strong>ἐσόπτρου</strong></span> <span class='ocrx_word' id='word_1_450' title='bbox 2300 573 2396 641; x_wconf 79' lang='grc' dir='ltr'><strong>τὴν</strong></span> <span class='ocrx_word' id='word_1_451' title='bbox 2419 573 2528 626; x_wconf 84' lang='grc' dir='ltr'>τῶν</span> <span class='ocrx_word' id='word_1_452' title='bbox 2550 575 2828 645; x_wconf 78' lang='grc' dir='ltr'><strong>ἐσομένων</strong></span> <span class='ocrx_word' id='word_1_453' title='bbox 2849 574 3052 642; x_wconf 86' lang='grc' dir='ltr'>γνῶσιν</span> <span class='ocrx_word' id='word_1_454' title='bbox 3076 578 3601 644; x_wconf 77' lang='grc' dir='ltr'>παραδεικνύοντος.</span> 
     </span>
    </p>
   </div>
   <div class='ocr_carea' id='block_1_65' title="bbox 2013 663 3604 742">
    <p class='ocr_par' dir='ltr' id='par_1_65' title="bbox 2013 663 3604 742">
     <span class='ocr_line' id='line_1_65' title="bbox 2013 663 3604 742; baseline 0.006 -26"><span class='ocrx_word' id='word_1_455' title='bbox 2013 663 2207 717; x_wconf 85' lang='grc' dir='ltr'>Μισῶν</span> <span class='ocrx_word' id='word_1_456' title='bbox 2231 664 2286 716; x_wconf 77' lang='grc' dir='ltr'>δὲ</span> <span class='ocrx_word' id='word_1_457' title='bbox 2314 665 2414 734; x_wconf 81' lang='grc' dir='ltr'><strong>τὴν</strong></span> <span class='ocrx_word' id='word_1_458' title='bbox 2440 666 2659 734; x_wconf 80' lang='grc' dir='ltr'><strong>ἀργίαν,</strong></span> <span class='ocrx_word' id='word_1_459' title='bbox 2696 667 2834 720; x_wconf 77' lang='grc' dir='ltr'>πᾶσι</span> <span class='ocrx_word' id='word_1_460' title='bbox 2869 670 2985 731; x_wconf 82' lang='grc' dir='ltr'>τοῖς</span> <span class='ocrx_word' id='word_1_461' title='bbox 3005 668 3189 732; x_wconf 86' lang='grc' dir='ltr'>καλῶς</span> <span class='ocrx_word' id='word_1_462' title='bbox 3217 668 3374 739; x_wconf 80' lang='grc' dir='ltr'>βιοῦν</span> <span class='ocrx_word' id='word_1_463' title='bbox 3409 673 3604 742; x_wconf 84' lang='grc' dir='ltr'>αίρου-</span> 
     </span>
    </p>
   </div>
   <div class='ocr_carea' id='block_1_66' title="bbox 2018 757 3606 832">
    <p class='ocr_par' dir='ltr' id='par_1_66' title="bbox 2018 757 3606 832">
     <span class='ocr_line' id='line_1_66' title="bbox 2018 757 3606 832; baseline 0.008 -25"><span class='ocrx_word' id='word_1_464' title='bbox 2018 757 2220 825; x_wconf 80' lang='grc' dir='ltr'><strong>μένοις,</strong></span> <span class='ocrx_word' id='word_1_465' title='bbox 2273 757 2508 829; x_wconf 76' lang='grc' dir='ltr'>παρῄνει</span> <span class='ocrx_word' id='word_1_466' title='bbox 2559 760 2929 829; x_wconf 73' lang='grc' dir='ltr'>ἐργάζεσθαι·</span> <span class='ocrx_word' id='word_1_467' title='bbox 2994 761 3101 815; x_wconf 79' lang='grc' dir='ltr'><strong>ὑπὸ</strong></span> <span class='ocrx_word' id='word_1_468' title='bbox 3164 763 3351 832; x_wconf 81' lang='grc' dir='ltr'><strong>κρίσιν</strong></span> <span class='ocrx_word' id='word_1_469' title='bbox 3400 781 3462 817; x_wconf 86' lang='grc' dir='ltr'><strong>τε</strong></span> <span class='ocrx_word' id='word_1_470' title='bbox 3510 766 3606 821; x_wconf 72' lang='grc' dir='ltr'><strong>καὶ</strong></span> 
     </span>
    </p>
   </div>
   <div class='ocr_carea' id='block_1_67' title="bbox 2014 845 3605 925">
    <p class='ocr_par' dir='ltr' id='par_1_67' title="bbox 2014 845 3605 925">
     <span class='ocr_line' id='line_1_67' title="bbox 2014 845 3605 925; baseline 0.006 -26"><span class='ocrx_word' id='word_1_471' title='bbox 2014 845 2172 915; x_wconf 83' lang='grc' dir='ltr'>λόγον</span> <span class='ocrx_word' id='word_1_472' title='bbox 2213 848 2371 914; x_wconf 81' lang='grc' dir='ltr'><strong>ἄγειν</strong></span> <span class='ocrx_word' id='word_1_473' title='bbox 2403 850 2592 910; x_wconf 73' lang='grc' dir='ltr'>αὑτὸν.</span> <span class='ocrx_word' id='word_1_474' title='bbox 2618 847 2695 904; x_wconf 80' lang='grc' dir='ltr'><strong>ὧν</strong></span> <span class='ocrx_word' id='word_1_475' title='bbox 2723 849 2942 920; x_wconf 82' lang='grc' dir='ltr'>νύκτωρ</span> <span class='ocrx_word' id='word_1_476' title='bbox 2983 852 3079 905; x_wconf 77' lang='grc' dir='ltr'>καὶ</span> <span class='ocrx_word' id='word_1_477' title='bbox 3121 853 3447 925; x_wconf 81' lang='grc' dir='ltr'>μεθημέραν</span> <span class='ocrx_word' id='word_1_478' title='bbox 3481 855 3605 924; x_wconf 67' lang='grc' dir='ltr'><strong>ὲγέυ</strong></span> 
     </span>
    </p>
   </div>
   <div class='ocr_carea' id='block_1_68' title="bbox 2016 938 3607 1016">
    <p class='ocr_par' dir='ltr' id='par_1_68' title="bbox 2016 938 3607 1016">
     <span class='ocr_line' id='line_1_68' title="bbox 2016 938 3607 1016; baseline 0.006 -26"><span class='ocrx_word' id='word_1_479' title='bbox 2016 954 2139 991; x_wconf 84' lang='grc' dir='ltr'>νετο</span> <span class='ocrx_word' id='word_1_480' title='bbox 2167 938 2469 1009; x_wconf 82' lang='grc' dir='ltr'>αὐτουργός</span> <span class='ocrx_word' id='word_1_481' title='bbox 2489 954 2502 971; x_wconf 88' lang='grc'><strong>·</strong></span> <span class='ocrx_word' id='word_1_482' title='bbox 2543 940 2644 994; x_wconf 77' lang='grc' dir='ltr'>κᾶν</span> <span class='ocrx_word' id='word_1_483' title='bbox 2675 957 2725 993; x_wconf 87' lang='grc' dir='ltr'><strong>τι</strong></span> <span class='ocrx_word' id='word_1_484' title='bbox 2758 942 2837 1011; x_wconf 84' lang='grc' dir='ltr'>μὴ</span> <span class='ocrx_word' id='word_1_485' title='bbox 2859 941 3087 1005; x_wconf 75' lang='grc' dir='ltr'>δεόντως</span> <span class='ocrx_word' id='word_1_486' title='bbox 3118 943 3396 1016; x_wconf 78' lang='grc' dir='ltr'><strong>ἐπράχθη,</strong></span> <span class='ocrx_word' id='word_1_487' title='bbox 3415 946 3607 1014; x_wconf 79' lang='grc' dir='ltr'>γράμ-</span> 
     </span>
    </p>
   </div>
   <div class='ocr_carea' id='block_1_69' title="bbox 2021 1030 3601 1105">
    <p class='ocr_par' dir='ltr' id='par_1_69' title="bbox 2021 1030 3601 1105">
     <span class='ocr_line' id='line_1_69' title="bbox 2021 1030 3601 1105; baseline 0.004 -25"><span class='ocrx_word' id='word_1_488' title='bbox 2021 1044 2184 1097; x_wconf 86' lang='grc' dir='ltr'>μασιν</span> <span class='ocrx_word' id='word_1_489' title='bbox 2216 1030 2613 1101; x_wconf 68' lang='grc' dir='ltr'><strong>ἐγχαράττειν·</strong></span> <span class='ocrx_word' id='word_1_490' title='bbox 2647 1033 2723 1094; x_wconf 84' lang='grc' dir='ltr'>ὡς</span> <span class='ocrx_word' id='word_1_491' title='bbox 2764 1030 2830 1084; x_wconf 76' lang='grc' dir='ltr'><strong>ἄν</strong></span> <span class='ocrx_word' id='word_1_492' title='bbox 2860 1047 2925 1100; x_wconf 88' lang='grc' dir='ltr'><strong>γε</strong></span> <span class='ocrx_word' id='word_1_493' title='bbox 2966 1030 3035 1085; x_wconf 84' lang='grc' dir='ltr'>δι’</span> <span class='ocrx_word' id='word_1_494' title='bbox 3067 1031 3249 1095; x_wconf 73' lang='grc' dir='ltr'>αἰδοῦς</span> <span class='ocrx_word' id='word_1_495' title='bbox 3282 1034 3446 1085; x_wconf 64' lang='grc' dir='ltr'>αὐτὴν</span> <span class='ocrx_word' id='word_1_496' title='bbox 3480 1033 3601 1105; x_wconf 78' lang='grc' dir='ltr'>ἔχῃ,</span> 
     </span>
    </p>
   </div>
   <div class='ocr_carea' id='block_1_70' title="bbox 2016 1121 3607 1195">
    <p class='ocr_par' dir='ltr' id='par_1_70' title="bbox 2016 1121 3607 1195">
     <span class='ocr_line' id='line_1_70' title="bbox 2016 1121 3607 1195; baseline 0.003 -18"><span class='ocrx_word' id='word_1_497' title='bbox 2016 1121 2111 1177; x_wconf 78' lang='grc' dir='ltr'><strong>τοῦ</strong></span> <span class='ocrx_word' id='word_1_498' title='bbox 2158 1122 2349 1177; x_wconf 80' lang='grc' dir='ltr'><strong>λοιποῦ</strong></span> <span class='ocrx_word' id='word_1_499' title='bbox 2402 1122 2510 1176; x_wconf 84' lang='grc' dir='ltr'>τῶν</span> <span class='ocrx_word' id='word_1_500' title='bbox 2542 1124 2763 1177; x_wconf 78' lang='grc' dir='ltr'><strong>ἀτόπων</strong></span> <span class='ocrx_word' id='word_1_501' title='bbox 2792 1126 2890 1178; x_wconf 85' lang='grc' dir='ltr'>τοῦ</span> <span class='ocrx_word' id='word_1_502' title='bbox 2947 1123 3042 1177; x_wconf 81' lang='grc' dir='ltr'><strong>νοῦ</strong></span> <span class='ocrx_word' id='word_1_503' title='bbox 3086 1125 3405 1195; x_wconf 80' lang='grc' dir='ltr'><strong>κινημάτων</strong></span> <span class='ocrx_word' id='word_1_504' title='bbox 3428 1126 3607 1194; x_wconf 83' lang='grc' dir='ltr'>φειδό-</span> 
     </span>
    </p>
   </div>
   <div class='ocr_carea' id='block_1_71' title="bbox 2022 1213 3607 1286">
    <p class='ocr_par' dir='ltr' id='par_1_71' title="bbox 2022 1213 3607 1286">
     <span class='ocr_line' id='line_1_71' title="bbox 2022 1213 3607 1286; baseline 0.004 -23"><span class='ocrx_word' id='word_1_505' title='bbox 2022 1228 2181 1281; x_wconf 82' lang='grc' dir='ltr'>μενος</span> <span class='ocrx_word' id='word_1_506' title='bbox 2220 1214 2294 1284; x_wconf 84' lang='grc' dir='ltr'>μὴ</span> <span class='ocrx_word' id='word_1_507' title='bbox 2326 1213 2498 1266; x_wconf 79' lang='grc' dir='ltr'>πολλὰ</span> <span class='ocrx_word' id='word_1_508' title='bbox 2531 1213 2686 1284; x_wconf 84' lang='grc' dir='ltr'>εὖροι</span> <span class='ocrx_word' id='word_1_509' title='bbox 2706 1213 2775 1267; x_wconf 73' lang='grc' dir='ltr'>τὰ</span> <span class='ocrx_word' id='word_1_510' title='bbox 2798 1215 3165 1285; x_wconf 78' lang='grc' dir='ltr'><strong>γεγραμμένα</strong></span> <span class='ocrx_word' id='word_1_511' title='bbox 3186 1231 3200 1246; x_wconf 85' lang='grc'><strong>·</strong></span> <span class='ocrx_word' id='word_1_512' title='bbox 3240 1216 3392 1286; x_wconf 76' lang='grc' dir='ltr'><strong>φόϐῳ</strong></span> <span class='ocrx_word' id='word_1_513' title='bbox 3417 1233 3474 1268; x_wconf 88' lang='grc' dir='ltr'><strong>τε</strong></span> <span class='ocrx_word' id='word_1_514' title='bbox 3509 1220 3607 1269; x_wconf 76' lang='grc' dir='ltr'>καὶ</span> 
     </span>
    </p>
   </div>
   <div class='ocr_carea' id='block_1_72' title="bbox 2018 1301 3609 1376">
    <p class='ocr_par' dir='ltr' id='par_1_72' title="bbox 2018 1301 3609 1376">
     <span class='ocr_line' id='line_1_72' title="bbox 2018 1301 3609 1376; baseline 0.006 -23"><span class='ocrx_word' id='word_1_515' title='bbox 2018 1301 2113 1354; x_wconf 86' lang='grc' dir='ltr'>τοῦ</span> <span class='ocrx_word' id='word_1_516' title='bbox 2149 1303 2224 1373; x_wconf 84' lang='grc' dir='ltr'>μὴ</span> <span class='ocrx_word' id='word_1_517' title='bbox 2260 1302 2419 1373; x_wconf 63' lang='grc' dir='ltr'>δῆλος</span> <span class='ocrx_word' id='word_1_518' title='bbox 2467 1303 2596 1356; x_wconf 78' lang='grc' dir='ltr'>ποτὲ</span> <span class='ocrx_word' id='word_1_519' title='bbox 2637 1305 2937 1370; x_wconf 81' lang='grc' dir='ltr'>γενέσθαι,</span> <span class='ocrx_word' id='word_1_520' title='bbox 2975 1305 3257 1376; x_wconf 77' lang='grc' dir='ltr'>μοχθηρὸς</span> <span class='ocrx_word' id='word_1_521' title='bbox 3292 1305 3389 1370; x_wconf 83' lang='grc' dir='ltr'><strong>ὢν,</strong></span> <span class='ocrx_word' id='word_1_522' title='bbox 3418 1326 3609 1376; x_wconf 67' lang='grc' dir='ltr'>φωρα-</span> 
     </span>
    </p>
   </div>
   <div class='ocr_carea' id='block_1_73' title="bbox 2021 1394 3609 1468">
    <p class='ocr_par' dir='ltr' id='par_1_73' title="bbox 2021 1394 3609 1468">
     <span class='ocr_line' id='line_1_73' title="bbox 2021 1394 3609 1468; baseline 0.003 -20"><span class='ocrx_word' id='word_1_523' title='bbox 2021 1394 2203 1465; x_wconf 76' lang='grc' dir='ltr'>Θείσης</span> <span class='ocrx_word' id='word_1_524' title='bbox 2234 1396 2340 1449; x_wconf 78' lang='grc' dir='ltr'>τινὶ</span> <span class='ocrx_word' id='word_1_525' title='bbox 2372 1396 2470 1462; x_wconf 86' lang='grc' dir='ltr'>τῆς</span> <span class='ocrx_word' id='word_1_526' title='bbox 2518 1397 2763 1466; x_wconf 75' lang='grc' dir='ltr'>γραφῆς.</span> <span class='ocrx_word' id='word_1_527' title='bbox 2809 1397 2920 1453; x_wconf 65' lang='lat' dir='ltr'><strong>Na).</strong></span> <span class='ocrx_word' id='word_1_528' title='bbox 2958 1398 3065 1468; x_wconf 83' lang='grc' dir='ltr'><strong>μὴν</strong></span> <span class='ocrx_word' id='word_1_529' title='bbox 3111 1398 3205 1451; x_wconf 73' lang='grc' dir='ltr'>καὶ</span> <span class='ocrx_word' id='word_1_530' title='bbox 3239 1398 3346 1451; x_wconf 81' lang='grc' dir='ltr'><strong>τῶν</strong></span> <span class='ocrx_word' id='word_1_531' title='bbox 3386 1402 3609 1454; x_wconf 84' lang='grc' dir='ltr'>ἀδικου-</span> 
     </span>
    </p>
   </div>
   <div class='ocr_carea' id='block_1_74' title="bbox 2023 1481 3604 1562">
    <p class='ocr_par' dir='ltr' id='par_1_74' title="bbox 2023 1481 3604 1562">
     <span class='ocr_line' id='line_1_74' title="bbox 2023 1481 3604 1562; baseline -0.014 -2"><span class='ocrx_word' id='word_1_532' title='bbox 2023 1484 2202 1550; x_wconf 70' lang='grc' dir='ltr'>μένων</span> <span class='ocrx_word' id='word_1_533' title='bbox 2251 1481 2499 1553; x_wconf 73' lang='grc' dir='ltr'><strong>σφθδρῶς</strong></span> <span class='ocrx_word' id='word_1_534' title='bbox 2550 1484 2919 1562; x_wconf 54' lang='grc' dir='ltr'>ὑπερίστατοο</span> <span class='ocrx_word' id='word_1_535' title='bbox 2956 1484 3044 1539; x_wconf 84' lang='grc' dir='ltr'><strong>διά</strong></span> <span class='ocrx_word' id='word_1_536' title='bbox 3094 1503 3176 1539; x_wconf 86' lang='grc' dir='ltr'><strong>τοι</strong></span> <span class='ocrx_word' id='word_1_537' title='bbox 3221 1486 3318 1538; x_wconf 80' lang='grc' dir='ltr'><strong>καὶ</strong></span> <span class='ocrx_word' id='word_1_538' title='bbox 3367 1488 3459 1542; x_wconf 65' lang='grc' dir='ltr'>ἐπὶ</span> <span class='ocrx_word' id='word_1_539' title='bbox 3504 1490 3604 1553; x_wconf 65' lang='grc' dir='ltr'><strong>τὰς</strong></span> 
     </span>
    </p>
   </div>
   <div class='ocr_carea' id='block_1_75' title="bbox 2022 1573 3604 1650">
    <p class='ocr_par' dir='ltr' id='par_1_75' title="bbox 2022 1573 3604 1650">
     <span class='ocr_line' id='line_1_75' title="bbox 2022 1573 3604 1650; baseline 0.004 -25"><span class='ocrx_word' id='word_1_540' title='bbox 2022 1573 2207 1637; x_wconf 83' lang='grc' dir='ltr'>πόλεις</span> <span class='ocrx_word' id='word_1_541' title='bbox 2257 1575 2475 1645; x_wconf 77' lang='grc' dir='ltr'>ἐφοίτα·</span> <span class='ocrx_word' id='word_1_542' title='bbox 2544 1577 2734 1631; x_wconf 75' lang='grc' dir='ltr'>πολλοὶ</span> <span class='ocrx_word' id='word_1_543' title='bbox 2802 1580 2913 1649; x_wconf 80' lang='grc' dir='ltr'><strong>γὰρ</strong></span> <span class='ocrx_word' id='word_1_544' title='bbox 2994 1580 3318 1650; x_wconf 83' lang='grc' dir='ltr'>προσιόντες</span> <span class='ocrx_word' id='word_1_545' title='bbox 3383 1581 3604 1644; x_wconf 77' lang='grc' dir='ltr'>ὲϐίαζον</span> 
     </span>
    </p>
   </div>
   <div class='ocr_carea' id='block_1_76' title="bbox 2020 1664 3608 1741">
    <p class='ocr_par' dir='ltr' id='par_1_76' title="bbox 2020 1664 3608 1741">
     <span class='ocr_line' id='line_1_76' title="bbox 2020 1664 3608 1741; baseline 0.003 -23"><span class='ocrx_word' id='word_1_546' title='bbox 2020 1664 2197 1734; x_wconf 78' lang='grc' dir='ltr'>ἥκειν,</span> <span class='ocrx_word' id='word_1_547' title='bbox 2224 1666 2321 1729; x_wconf 78' lang='grc' dir='ltr'>τὰς</span> <span class='ocrx_word' id='word_1_548' title='bbox 2349 1666 2558 1731; x_wconf 86' lang='grc' dir='ltr'>οίκείας</span> <span class='ocrx_word' id='word_1_549' title='bbox 2588 1670 2874 1738; x_wconf 68' lang='grc' dir='ltr'>συμφορὰς</span> <span class='ocrx_word' id='word_1_550' title='bbox 2912 1668 3271 1739; x_wconf 81' lang='grc' dir='ltr'>ὀδυρόμενοι,</span> <span class='ocrx_word' id='word_1_551' title='bbox 3305 1671 3401 1723; x_wconf 78' lang='grc' dir='ltr'><strong>καὶ</strong></span> <span class='ocrx_word' id='word_1_552' title='bbox 3437 1688 3608 1741; x_wconf 72' lang='grc' dir='ltr'>πρετ-</span> 
     </span>
    </p>
   </div>
   <div class='ocr_carea' id='block_1_77' title="bbox 2020 1757 3606 1834">
    <p class='ocr_par' dir='ltr' id='par_1_77' title="bbox 2020 1757 3606 1834">
     <span class='ocr_line' id='line_1_77' title="bbox 2020 1757 3606 1834; baseline 0.003 -25"><span class='ocrx_word' id='word_1_553' title='bbox 2020 1757 2204 1813; x_wconf 76' lang='grc' dir='ltr'>6εύειν</span> <span class='ocrx_word' id='word_1_554' title='bbox 2257 1758 2467 1813; x_wconf 73' lang='grc' dir='ltr'>ἐδέοντο</span> <span class='ocrx_word' id='word_1_555' title='bbox 2513 1764 2626 1826; x_wconf 80' lang='grc' dir='ltr'>τοῖς</span> <span class='ocrx_word' id='word_1_556' title='bbox 2680 1764 2740 1814; x_wconf 80' lang='grc' dir='ltr'>ὲν</span> <span class='ocrx_word' id='word_1_557' title='bbox 2792 1761 2959 1815; x_wconf 84' lang='grc' dir='ltr'>τέλει.</span> <span class='ocrx_word' id='word_1_558' title='bbox 3013 1762 3150 1831; x_wconf 76' lang='grc' dir='ltr'>Περὶ</span> <span class='ocrx_word' id='word_1_559' title='bbox 3187 1761 3452 1816; x_wconf 74' lang='grc' dir='ltr'>πλείστου</span> <span class='ocrx_word' id='word_1_560' title='bbox 3494 1764 3606 1834; x_wconf 74' lang='grc' dir='ltr'>γὰρ</span> 
     </span>
    </p>
   </div>
   <div class='ocr_carea' id='block_1_78' title="bbox 2020 1848 3606 1923">
    <p class='ocr_par' dir='ltr' id='par_1_78' title="bbox 2020 1848 3606 1923">
     <span class='ocr_line' id='line_1_78' title="bbox 2020 1848 3606 1923; baseline 0.004 -22"><span class='ocrx_word' id='word_1_561' title='bbox 2020 1850 2249 1914; x_wconf 70' lang='grc' dir='ltr'>ἐκείνοις</span> <span class='ocrx_word' id='word_1_562' title='bbox 2300 1848 2369 1922; x_wconf 75' lang='grc' dir='ltr'><strong>ἦν</strong></span> <span class='ocrx_word' id='word_1_563' title='bbox 2434 1852 2566 1907; x_wconf 80' lang='grc' dir='ltr'>ἰδεῖν</span> <span class='ocrx_word' id='word_1_564' title='bbox 2612 1869 2670 1905; x_wconf 88' lang='grc' dir='ltr'><strong>τε</strong></span> <span class='ocrx_word' id='word_1_565' title='bbox 2719 1852 2884 1906; x_wconf 75' lang='grc' dir='ltr'>αὐτὸν</span> <span class='ocrx_word' id='word_1_566' title='bbox 2943 1854 3037 1905; x_wconf 72' lang='grc' dir='ltr'>καὶ</span> <span class='ocrx_word' id='word_1_567' title='bbox 3093 1853 3334 1907; x_wconf 78' lang='grc' dir='ltr'>ἀκοῦσαι</span> <span class='ocrx_word' id='word_1_568' title='bbox 3368 1854 3467 1923; x_wconf 81' lang='grc' dir='ltr'>τῆς</span> <span class='ocrx_word' id='word_1_569' title='bbox 3498 1854 3606 1907; x_wconf 78' lang='grc' dir='ltr'><strong>τῶν</strong></span> 
     </span>
    </p>
   </div>
   <div class='ocr_carea' id='block_1_79' title="bbox 2021 1939 3606 2013">
    <p class='ocr_par' dir='ltr' id='par_1_79' title="bbox 2021 1939 3606 2013">
     <span class='ocr_line' id='line_1_79' title="bbox 2021 1939 3606 2013; baseline 0.003 -21"><span class='ocrx_word' id='word_1_570' title='bbox 2021 1939 2194 2011; x_wconf 86' lang='grc' dir='ltr'>λόγων</span> <span class='ocrx_word' id='word_1_571' title='bbox 2247 1944 2518 2013; x_wconf 80' lang='grc' dir='ltr'>σειρῆνος,</span> <span class='ocrx_word' id='word_1_572' title='bbox 2549 1945 2646 1996; x_wconf 72' lang='grc' dir='ltr'>καὶ</span> <span class='ocrx_word' id='word_1_573' title='bbox 2697 1942 3073 2013; x_wconf 80' lang='grc' dir='ltr'>πειθαρχῆσαι</span> <span class='ocrx_word' id='word_1_574' title='bbox 3108 1942 3412 2001; x_wconf 82' lang='grc' dir='ltr'>κελεύοντι.</span> <span class='ocrx_word' id='word_1_575' title='bbox 3458 1946 3606 1997; x_wconf 76' lang='grc' dir='ltr'>Πάνυ</span> 
     </span>
    </p>
   </div>
   <div class='ocr_carea' id='block_1_80' title="bbox 2021 2031 3605 2107">
    <p class='ocr_par' dir='ltr' id='par_1_80' title="bbox 2021 2031 3605 2107">
     <span class='ocr_line' id='line_1_80' title="bbox 2021 2031 3605 2107; baseline 0.003 -22"><span class='ocrx_word' id='word_1_576' title='bbox 2021 2035 2130 2102; x_wconf 82' lang='grc' dir='ltr'><strong>γὰρ</strong></span> <span class='ocrx_word' id='word_1_577' title='bbox 2164 2034 2222 2087; x_wconf 80' lang='grc' dir='ltr'><strong>τὸ</strong></span> <span class='ocrx_word' id='word_1_578' title='bbox 2262 2033 2550 2089; x_wconf 80' lang='grc' dir='ltr'>λανθάνειν</span> <span class='ocrx_word' id='word_1_579' title='bbox 2589 2031 2702 2104; x_wconf 69' lang='grc' dir='ltr'>εἶχε</span> <span class='ocrx_word' id='word_1_580' title='bbox 2736 2036 2823 2088; x_wconf 69' lang='grc' dir='ltr'><strong>δια</strong></span> <span class='ocrx_word' id='word_1_581' title='bbox 2852 2035 3091 2102; x_wconf 83' lang='grc' dir='ltr'>σπουδῆς</span> <span class='ocrx_word' id='word_1_582' title='bbox 3120 2035 3215 2088; x_wconf 79' lang='grc' dir='ltr'><strong>καὶ</strong></span> <span class='ocrx_word' id='word_1_583' title='bbox 3245 2036 3302 2089; x_wconf 78' lang='grc' dir='ltr'><strong>ὲν</strong></span> <span class='ocrx_word' id='word_1_584' title='bbox 3340 2037 3605 2107; x_wconf 75' lang='grc' dir='ltr'>ἐρημίαις</span> 
     </span>
    </p>
   </div>
   <div class='ocr_carea' id='block_1_81' title="bbox 2023 2124 3606 2195">
    <p class='ocr_par' dir='ltr' id='par_1_81' title="bbox 2023 2124 3606 2195">
     <span class='ocr_line' id='line_1_81' title="bbox 2023 2124 3606 2195; baseline 0.001 -19"><span class='ocrx_word' id='word_1_585' title='bbox 2023 2126 2384 2195; x_wconf 75' lang='grc' dir='ltr'>κρύπτεσθαι.</span> <span class='ocrx_word' id='word_1_586' title='bbox 2440 2125 2550 2181; x_wconf 76' lang='grc' dir='ltr'>Καὶ</span> <span class='ocrx_word' id='word_1_587' title='bbox 2604 2125 2759 2179; x_wconf 73' lang='grc' dir='ltr'>ταῦθ’</span> <span class='ocrx_word' id='word_1_588' title='bbox 2812 2124 2983 2185; x_wconf 77' lang='grc' dir='ltr'>οὕτως</span> <span class='ocrx_word' id='word_1_589' title='bbox 3040 2125 3219 2195; x_wconf 74' lang='grc' dir='ltr'>ἔχων,</span> <span class='ocrx_word' id='word_1_590' title='bbox 3274 2128 3369 2178; x_wconf 73' lang='grc' dir='ltr'>καὶ</span> <span class='ocrx_word' id='word_1_591' title='bbox 3424 2128 3606 2178; x_wconf 78' lang='grc' dir='ltr'>τοίνυν</span> 
     </span>
    </p>
   </div>
   <div class='ocr_carea' id='block_1_82' title="bbox 2023 2212 3605 2291">
    <p class='ocr_par' dir='ltr' id='par_1_82' title="bbox 2023 2212 3605 2291">
     <span class='ocr_line' id='line_1_82' title="bbox 2023 2212 3605 2291; baseline -0.001 -20"><span class='ocrx_word' id='word_1_592' title='bbox 2023 2218 2204 2271; x_wconf 80' lang='grc' dir='ltr'>εἴποτε</span> <span class='ocrx_word' id='word_1_593' title='bbox 2238 2218 2459 2287; x_wconf 81' lang='grc' dir='ltr'><strong>φανείη,</strong></span> <span class='ocrx_word' id='word_1_594' title='bbox 2487 2217 2692 2281; x_wconf 79' lang='grc' dir='ltr'>διαθεὶς</span> <span class='ocrx_word' id='word_1_595' title='bbox 2730 2220 2853 2271; x_wconf 79' lang='grc' dir='ltr'>ὅσον</span> <span class='ocrx_word' id='word_1_596' title='bbox 2883 2217 3045 2288; x_wconf 62' lang='grc' dir='ltr'>τάχος</span> <span class='ocrx_word' id='word_1_597' title='bbox 3072 2219 3160 2287; x_wconf 72' lang='grc' dir='ltr'><strong>ἐφ’</strong></span> <span class='ocrx_word' id='word_1_598' title='bbox 3194 2219 3301 2288; x_wconf 83' lang='grc' dir='ltr'><strong>ὅτῳ</strong></span> <span class='ocrx_word' id='word_1_599' title='bbox 3316 2221 3415 2271; x_wconf 75' lang='grc' dir='ltr'><strong>καὶ</strong></span> <span class='ocrx_word' id='word_1_600' title='bbox 3444 2212 3605 2291; x_wconf 78' lang='grc' dir='ltr'>ἧκεν,</span> 
     </span>
    </p>
   </div>
   <div class='ocr_carea' id='block_1_83' title="bbox 2022 2309 3607 2382">
    <p class='ocr_par' dir='ltr' id='par_1_83' title="bbox 2022 2309 3607 2382">
     <span class='ocr_line' id='line_1_83' title="bbox 2022 2309 3607 2382; baseline -0.001 -18"><span class='ocrx_word' id='word_1_601' title='bbox 2022 2309 2292 2381; x_wconf 81' lang='grc' dir='ltr'>ἀνεχώρει</span> <span class='ocrx_word' id='word_1_602' title='bbox 2324 2309 2506 2373; x_wconf 73' lang='grc' dir='ltr'>αὖθις.</span> <span class='ocrx_word' id='word_1_603' title='bbox 2542 2310 2752 2382; x_wconf 81' lang='grc' dir='ltr'>Ἰχθύσι</span> <span class='ocrx_word' id='word_1_604' title='bbox 2790 2311 2892 2381; x_wconf 76' lang='grc' dir='ltr'><strong>μὲν</strong></span> <span class='ocrx_word' id='word_1_605' title='bbox 2927 2310 3038 2381; x_wconf 84' lang='grc' dir='ltr'><strong>γὰρ</strong></span> <span class='ocrx_word' id='word_1_606' title='bbox 3096 2310 3330 2363; x_wconf 77' lang='grc' dir='ltr'>Θάνατον</span> <span class='ocrx_word' id='word_1_607' title='bbox 3375 2313 3607 2379; x_wconf 70' lang='grc' dir='ltr'>ἐπάγειν</span> 
     </span>
    </p>
   </div>
   <div class='ocr_carea' id='block_1_84' title="bbox 2024 2402 3609 2473">
    <p class='ocr_par' dir='ltr' id='par_1_84' title="bbox 2024 2402 3609 2473">
     <span class='ocr_line' id='line_1_84' title="bbox 2024 2402 3609 2473; baseline -0.001 -16"><span class='ocrx_word' id='word_1_608' title='bbox 2024 2405 2178 2471; x_wconf 75' lang='grc' dir='ltr'>ἔλεγε</span> <span class='ocrx_word' id='word_1_609' title='bbox 2212 2404 2311 2473; x_wconf 79' lang='grc' dir='ltr'>τὴν</span> <span class='ocrx_word' id='word_1_610' title='bbox 2332 2402 2438 2468; x_wconf 76' lang='grc' dir='ltr'><strong>ἔξω</strong></span> <span class='ocrx_word' id='word_1_611' title='bbox 2474 2402 2570 2456; x_wconf 80' lang='grc' dir='ltr'>τοῦ</span> <span class='ocrx_word' id='word_1_612' title='bbox 2602 2403 2771 2472; x_wconf 85' lang='grc' dir='ltr'>ὑγροῦ</span> <span class='ocrx_word' id='word_1_613' title='bbox 2815 2405 3033 2456; x_wconf 82' lang='grc' dir='ltr'>δίαιταν</span> <span class='ocrx_word' id='word_1_614' title='bbox 3057 2419 3070 2433; x_wconf 90' lang='grc'>·</span> <span class='ocrx_word' id='word_1_615' title='bbox 3110 2403 3334 2457; x_wconf 83' lang='grc' dir='ltr'>ἁπόλλοι</span> <span class='ocrx_word' id='word_1_616' title='bbox 3364 2404 3491 2457; x_wconf 76' lang='grc' dir='ltr'>δ’ἂν</span> <span class='ocrx_word' id='word_1_617' title='bbox 3515 2405 3609 2457; x_wconf 79' lang='grc' dir='ltr'>καὶ</span> 
     </span>
    </p>
   </div>
   <div class='ocr_carea' id='block_1_85' title="bbox 2027 2494 3607 2567">
    <p class='ocr_par' dir='ltr' id='par_1_85' title="bbox 2027 2494 3607 2567">
     <span class='ocr_line' id='line_1_85' title="bbox 2027 2494 3607 2567; baseline 0.001 -19"><span class='ocrx_word' id='word_1_618' title='bbox 2027 2496 2260 2565; x_wconf 78' lang='grc' dir='ltr'>μοναχδς</span> <span class='ocrx_word' id='word_1_619' title='bbox 2318 2498 2418 2565; x_wconf 83' lang='grc' dir='ltr'>τὴν</span> <span class='ocrx_word' id='word_1_620' title='bbox 2475 2496 2619 2548; x_wconf 73' lang='grc' dir='ltr'>κατὰ</span> <span class='ocrx_word' id='word_1_621' title='bbox 2664 2495 2799 2547; x_wconf 73' lang='grc' dir='ltr'>Θεὸν</span> <span class='ocrx_word' id='word_1_622' title='bbox 2833 2494 3020 2565; x_wconf 84' lang='grc' dir='ltr'>βιοτὴν</span> <span class='ocrx_word' id='word_1_623' title='bbox 3058 2495 3155 2547; x_wconf 73' lang='grc' dir='ltr'><strong>καὶ</strong></span> <span class='ocrx_word' id='word_1_624' title='bbox 3193 2496 3288 2551; x_wconf 80' lang='grc' dir='ltr'>τοῦ</span> <span class='ocrx_word' id='word_1_625' title='bbox 3321 2497 3607 2567; x_wconf 83' lang='grc' dir='ltr'>σχήματος</span> 
     </span>
    </p>
   </div>
   <div class='ocr_carea' id='block_1_86' title="bbox 2024 2586 3610 2659">
    <p class='ocr_par' dir='ltr' id='par_1_86' title="bbox 2024 2586 3610 2659">
     <span class='ocr_line' id='line_1_86' title="bbox 2024 2586 3610 2659; baseline 0.001 -19"><span class='ocrx_word' id='word_1_626' title='bbox 2024 2588 2083 2640; x_wconf 85' lang='grc' dir='ltr'><strong>τὸ</strong></span> <span class='ocrx_word' id='word_1_627' title='bbox 2111 2590 2333 2656; x_wconf 74' lang='grc' dir='ltr'>σεμνὸν,</span> <span class='ocrx_word' id='word_1_628' title='bbox 2356 2588 2626 2658; x_wconf 76' lang='grc' dir='ltr'>χρονίζων</span> <span class='ocrx_word' id='word_1_629' title='bbox 2658 2590 2777 2651; x_wconf 84' lang='grc' dir='ltr'>ταῖς</span> <span class='ocrx_word' id='word_1_630' title='bbox 2819 2589 3032 2644; x_wconf 73' lang='grc' dir='ltr'>πόλεσι.</span> <span class='ocrx_word' id='word_1_631' title='bbox 3075 2590 3217 2642; x_wconf 69' lang='lat' dir='ltr'><strong>[list</strong></span> <span class='ocrx_word' id='word_1_632' title='bbox 3244 2589 3288 2642; x_wconf 79' lang='grc' dir='ltr'>δ’</span> <span class='ocrx_word' id='word_1_633' title='bbox 3325 2586 3420 2642; x_wconf 62' lang='grc' dir='ltr'>οὖν</span> <span class='ocrx_word' id='word_1_634' title='bbox 3446 2607 3610 2659; x_wconf 82' lang='grc' dir='ltr'>κεχα-</span> 
     </span>
    </p>
   </div>
   <div class='ocr_carea' id='block_1_87' title="bbox 2028 2678 3607 2759">
    <p class='ocr_par' dir='ltr' id='par_1_87' title="bbox 2028 2678 3607 2751">
     <span class='ocr_line' id='line_1_87' title="bbox 2028 2678 3607 2751; baseline 0.001 -22"><span class='ocrx_word' id='word_1_635' title='bbox 2028 2678 2282 2747; x_wconf 80' lang='grc' dir='ltr'>ρισμένον</span> <span class='ocrx_word' id='word_1_636' title='bbox 2330 2678 2523 2732; x_wconf 64' lang='grc' dir='ltr'>ἑαυτὸν</span> <span class='ocrx_word' id='word_1_637' title='bbox 2572 2678 2853 2749; x_wconf 78' lang='grc' dir='ltr'>παρέχων,</span> <span class='ocrx_word' id='word_1_638' title='bbox 2878 2678 3174 2748; x_wconf 72' lang='grc' dir='ltr'>ἐπεμέλετο</span> <span class='ocrx_word' id='word_1_639' title='bbox 3231 2680 3365 2750; x_wconf 83' lang='grc' dir='ltr'>μήτ’</span> <span class='ocrx_word' id='word_1_640' title='bbox 3403 2680 3607 2751; x_wconf 82' lang='grc' dir='ltr'><strong>ἀγεννῆ</strong></span> 
     </span>
    </p>
   </div>
   <div class='ocr_carea' id='block_1_88' title="bbox 2027 2763 3609 2839">
    <p class='ocr_par' dir='ltr' id='par_1_88' title="bbox 2027 2763 3609 2839">
     <span class='ocr_line' id='line_1_88' title="bbox 2027 2763 3609 2839; baseline 0 -20"><span class='ocrx_word' id='word_1_641' title='bbox 2027 2768 2122 2819; x_wconf 73' lang='grc' dir='ltr'>καὶ</span> <span class='ocrx_word' id='word_1_642' title='bbox 2170 2767 2382 2820; x_wconf 82' lang='grc' dir='ltr'>κόλακα</span> <span class='ocrx_word' id='word_1_643' title='bbox 2433 2763 2576 2821; x_wconf 77' lang='grc' dir='ltr'>εἶναι</span> <span class='ocrx_word' id='word_1_644' title='bbox 2626 2769 2832 2830; x_wconf 72' lang='grc' dir='ltr'>δοκεῖν,</span> <span class='ocrx_word' id='word_1_645' title='bbox 2870 2768 3008 2839; x_wconf 89' lang='grc' dir='ltr'>μήτε</span> <span class='ocrx_word' id='word_1_646' title='bbox 3045 2768 3182 2837; x_wconf 83' lang='grc' dir='ltr'>πρὸς</span> <span class='ocrx_word' id='word_1_647' title='bbox 3211 2768 3382 2837; x_wconf 75' lang='grc' dir='ltr'>τῦφον</span> <span class='ocrx_word' id='word_1_648' title='bbox 3420 2767 3609 2834; x_wconf 74' lang='grc' dir='ltr'><strong>ἐξάγε-</strong></span> 
     </span>
    </p>
   </div>
   <div class='ocr_carea' id='block_1_89' title="bbox 2027 2856 3610 2931">
    <p class='ocr_par' dir='ltr' id='par_1_89' title="bbox 2027 2856 3610 2931">
     <span class='ocr_line' id='line_1_89' title="bbox 2027 2856 3610 2931; baseline 0.001 -19"><span class='ocrx_word' id='word_1_649' title='bbox 2027 2858 2152 2914; x_wconf 80' lang='grc' dir='ltr'>σθαι</span> <span class='ocrx_word' id='word_1_650' title='bbox 2194 2859 2274 2931; x_wconf 83' lang='grc' dir='ltr'>τῷ</span> <span class='ocrx_word' id='word_1_651' title='bbox 2322 2860 2413 2915; x_wconf 79' lang='grc' dir='ltr'>διὰ</span> <span class='ocrx_word' id='word_1_652' title='bbox 2461 2861 2683 2915; x_wconf 69' lang='grc' dir='ltr'>πάντων</span> <span class='ocrx_word' id='word_1_653' title='bbox 2734 2861 3025 2931; x_wconf 70' lang='grc' dir='ltr'>τιμᾶσθαι,</span> <span class='ocrx_word' id='word_1_654' title='bbox 3059 2862 3154 2914; x_wconf 76' lang='grc' dir='ltr'>καὶ</span> <span class='ocrx_word' id='word_1_655' title='bbox 3188 2856 3267 2922; x_wconf 74' lang='grc' dir='ltr'>οἷς</span> <span class='ocrx_word' id='word_1_656' title='bbox 3302 2862 3368 2914; x_wconf 80' lang='grc' dir='ltr'>ἂν</span> <span class='ocrx_word' id='word_1_657' title='bbox 3393 2862 3610 2913; x_wconf 78' lang='grc' dir='ltr'>κελεύοι</span> 
     </span>
    </p>
   </div>
   <div class='ocr_carea' id='block_1_90' title="bbox 2030 2949 3608 3021">
    <p class='ocr_par' dir='ltr' id='par_1_90' title="bbox 2030 2949 3608 3021">
     <span class='ocr_line' id='line_1_90' title="bbox 2030 2949 3608 3021; baseline -0.001 -18"><span class='ocrx_word' id='word_1_658' title='bbox 2030 2949 2340 3006; x_wconf 83' lang='grc' dir='ltr'>πείθεσθαι.</span> <span class='ocrx_word' id='word_1_659' title='bbox 2384 2951 2792 3005; x_wconf 83' lang='grc' dir='ltr'>Ἐπιστέλλοντι</span> <span class='ocrx_word' id='word_1_660' title='bbox 2822 2950 2880 3003; x_wconf 78' lang='grc' dir='ltr'>δὲ</span> <span class='ocrx_word' id='word_1_661' title='bbox 2914 2953 3008 3002; x_wconf 68' lang='grc' dir='ltr'><strong>καὶ</strong></span> <span class='ocrx_word' id='word_1_662' title='bbox 3033 2951 3439 3019; x_wconf 81' lang='grc' dir='ltr'>Κωνσταντίνῳ</span> <span class='ocrx_word' id='word_1_663' title='bbox 3476 2952 3608 3021; x_wconf 83' lang='grc' dir='ltr'>παρ’</span> 
     </span>
    </p>
   </div>
   <div class='ocr_carea' id='block_1_91' title="bbox 2027 3044 3612 3116">
    <p class='ocr_par' dir='ltr' id='par_1_91' title="bbox 2027 3044 3612 3116">
     <span class='ocr_line' id='line_1_91' title="bbox 2027 3044 3612 3116; baseline -0.001 -18"><span class='ocrx_word' id='word_1_664' title='bbox 2027 3044 2191 3098; x_wconf 75' lang='grc' dir='ltr'>αὑτὸν</span> <span class='ocrx_word' id='word_1_665' title='bbox 2215 3046 2398 3116; x_wconf 73' lang='grc' dir='ltr'>ἥκειν,</span> <span class='ocrx_word' id='word_1_666' title='bbox 2420 3046 2717 3116; x_wconf 78' lang='grc' dir='ltr'>ὑπερφυῶς</span> <span class='ocrx_word' id='word_1_667' title='bbox 2774 3046 2883 3116; x_wconf 73' lang='grc' dir='ltr'>γὰρ</span> <span class='ocrx_word' id='word_1_668' title='bbox 2913 3046 3089 3112; x_wconf 72' lang='grc' dir='ltr'>ἐφίλει</span> <span class='ocrx_word' id='word_1_669' title='bbox 3129 3044 3437 3109; x_wconf 76' lang='grc' dir='ltr'>Ἀντώνιον,</span> <span class='ocrx_word' id='word_1_670' title='bbox 3463 3046 3612 3115; x_wconf 79' lang='grc' dir='ltr'>ἀπη-</span> 
     </span>
    </p>
   </div>
   <div class='ocr_carea' id='block_1_92' title="bbox 2030 3136 3611 3208">
    <p class='ocr_par' dir='ltr' id='par_1_92' title="bbox 2030 3136 3611 3208">
     <span class='ocr_line' id='line_1_92' title="bbox 2030 3136 3611 3208; baseline 0.003 -22"><span class='ocrx_word' id='word_1_671' title='bbox 2030 3136 2226 3203; x_wconf 78' lang='grc' dir='ltr'>ξίωσεν</span> <span class='ocrx_word' id='word_1_672' title='bbox 2253 3137 2500 3189; x_wconf 78' lang='grc' dir='ltr'>ἐπειπών</span> <span class='ocrx_word' id='word_1_673' title='bbox 2522 3153 2536 3165; x_wconf 65' lang='grc'><strong>⁸</strong></span> <span class='ocrx_word' id='word_1_674' title='bbox 2572 3140 2763 3191; x_wconf 81' lang='grc' dir='ltr'>Ἢκων</span> <span class='ocrx_word' id='word_1_675' title='bbox 2793 3140 2895 3208; x_wconf 80' lang='grc' dir='ltr'>μὲν</span> <span class='ocrx_word' id='word_1_676' title='bbox 2926 3139 2982 3201; x_wconf 76' lang='grc' dir='ltr'><strong>ἐς</strong></span> <span class='ocrx_word' id='word_1_677' title='bbox 3032 3136 3284 3208; x_wconf 78' lang='grc' dir='ltr'>βασιλέα.</span> <span class='ocrx_word' id='word_1_678' title='bbox 3323 3137 3611 3199; x_wconf 77' lang='grc' dir='ltr'>Ἀντώνιος</span> 
     </span>
    </p>
   </div>
   <div class='ocr_carea' id='block_1_93' title="bbox 2028 3229 3611 3301">
    <p class='ocr_par' dir='ltr' id='par_1_93' title="bbox 2028 3229 3611 3301">
     <span class='ocr_line' id='line_1_93' title="bbox 2028 3229 3611 3301; baseline 0.001 -19"><span class='ocrx_word' id='word_1_679' title='bbox 2028 3229 2224 3299; x_wconf 71' lang='grc' dir='ltr'>ἔσομαι</span> <span class='ocrx_word' id='word_1_680' title='bbox 2246 3247 2261 3260; x_wconf 71' lang='grc'>⁸</span> <span class='ocrx_word' id='word_1_681' title='bbox 2292 3230 2367 3299; x_wconf 83' lang='grc' dir='ltr'>μὴ</span> <span class='ocrx_word' id='word_1_682' title='bbox 2400 3230 2563 3284; x_wconf 80' lang='grc' dir='ltr'>τοῦτο</span> <span class='ocrx_word' id='word_1_683' title='bbox 2589 3230 2646 3283; x_wconf 80' lang='grc' dir='ltr'>δὲ</span> <span class='ocrx_word' id='word_1_684' title='bbox 2680 3232 2917 3301; x_wconf 74' lang='grc' dir='ltr'>πράξας,</span> <span class='ocrx_word' id='word_1_685' title='bbox 2954 3232 3130 3295; x_wconf 70' lang='grc' dir='ltr'><strong>ἁόῧᾶς</strong></span> <span class='ocrx_word' id='word_1_686' title='bbox 3162 3230 3470 3294; x_wconf 82' lang='grc' dir='ltr'>’Δντὼνιος.</span> <span class='ocrx_word' id='word_1_687' title='bbox 3500 3232 3611 3289; x_wconf 71' lang='grc' dir='ltr'><strong>Καὶ</strong></span> 
     </span>
    </p>
   </div>
   <div class='ocr_carea' id='block_1_94' title="bbox 2027 3322 3608 3395">
    <p class='ocr_par' dir='ltr' id='par_1_94' title="bbox 2027 3322 3608 3395">
     <span class='ocr_line' id='line_1_94' title="bbox 2027 3322 3608 3395; baseline 0.003 -19"><span class='ocrx_word' id='word_1_688' title='bbox 2027 3322 2202 3393; x_wconf 75' lang='grc' dir='ltr'>τούτῳ</span> <span class='ocrx_word' id='word_1_689' title='bbox 2235 3324 2315 3393; x_wconf 86' lang='grc' dir='ltr'>τῷ</span> <span class='ocrx_word' id='word_1_690' title='bbox 2335 3326 2523 3393; x_wconf 78' lang='grc' dir='ltr'>τρόπῳ</span> <span class='ocrx_word' id='word_1_691' title='bbox 2552 3323 2653 3394; x_wconf 83' lang='grc' dir='ltr'>τὴν</span> <span class='ocrx_word' id='word_1_692' title='bbox 2686 3324 2774 3376; x_wconf 74' lang='grc' dir='ltr'>ἐπ’</span> <span class='ocrx_word' id='word_1_693' title='bbox 2807 3326 3019 3376; x_wconf 73' lang='grc' dir='ltr'>ἐκεῖνον</span> <span class='ocrx_word' id='word_1_694' title='bbox 3070 3324 3294 3394; x_wconf 84' lang='grc' dir='ltr'>πορείαν</span> <span class='ocrx_word' id='word_1_695' title='bbox 3355 3323 3608 3395; x_wconf 66' lang='grc' dir='ltr'>ἀνέσχεν.</span> 
     </span>
    </p>
   </div>
   <div class='ocr_carea' id='block_1_95' title="bbox 2040 3416 3612 3488">
    <p class='ocr_par' dir='ltr' id='par_1_95' title="bbox 2040 3416 3612 3488">
     <span class='ocr_line' id='line_1_95' title="bbox 2040 3416 3612 3488; baseline 0.001 -19"><span class='ocrx_word' id='word_1_696' title='bbox 2040 3416 2203 3469; x_wconf 79' lang='grc' dir='ltr'>Ἀλλὰ</span> <span class='ocrx_word' id='word_1_697' title='bbox 2229 3416 2412 3486; x_wconf 83' lang='grc' dir='ltr'><strong>γεῦμα</strong></span> <span class='ocrx_word' id='word_1_698' title='bbox 2445 3417 2619 3470; x_wconf 75' lang='grc' dir='ltr'>ταῦτα</span> <span class='ocrx_word' id='word_1_699' title='bbox 2652 3418 2747 3469; x_wconf 71' lang='grc' dir='ltr'>καὶ</span> <span class='ocrx_word' id='word_1_700' title='bbox 2785 3417 2992 3486; x_wconf 72' lang='grc' dir='ltr'>βραχὺς</span> <span class='ocrx_word' id='word_1_701' title='bbox 3023 3419 3314 3488; x_wconf 61' lang='grc' dir='ltr'>χαρακτὴρ</span> <span class='ocrx_word' id='word_1_702' title='bbox 3347 3418 3447 3486; x_wconf 84' lang='grc' dir='ltr'><strong>τῆς</strong></span> <span class='ocrx_word' id='word_1_703' title='bbox 3492 3420 3612 3471; x_wconf 78' lang='grc' dir='ltr'><strong>Ἀν-</strong></span> 
     </span>
    </p>
   </div>
   <div class='ocr_carea' id='block_1_96' title="bbox 2029 3510 3611 3582">
    <p class='ocr_par' dir='ltr' id='par_1_96' title="bbox 2029 3510 3611 3582">
     <span class='ocr_line' id='line_1_96' title="bbox 2029 3510 3611 3582; baseline 0.001 -18"><span class='ocrx_word' id='word_1_704' title='bbox 2029 3512 2223 3564; x_wconf 81' lang='grc' dir='ltr'>τωνίου</span> <span class='ocrx_word' id='word_1_705' title='bbox 2282 3510 2495 3580; x_wconf 81' lang='grc' dir='ltr'>διαίτης</span> <span class='ocrx_word' id='word_1_706' title='bbox 2550 3513 2643 3565; x_wconf 70' lang='grc' dir='ltr'><strong>καὶ</strong></span> <span class='ocrx_word' id='word_1_707' title='bbox 2712 3512 3016 3575; x_wconf 86' lang='grc' dir='ltr'>πολιτείας.</span> <span class='ocrx_word' id='word_1_708' title='bbox 3055 3514 3285 3582; x_wconf 72' lang='grc' dir='ltr'>Εἴρηται</span> <span class='ocrx_word' id='word_1_709' title='bbox 3321 3513 3371 3565; x_wconf 81' lang='grc' dir='ltr'>δ’</span> <span class='ocrx_word' id='word_1_710' title='bbox 3421 3513 3506 3567; x_wconf 78' lang='grc' dir='ltr'><strong>ἵνα</strong></span> <span class='ocrx_word' id='word_1_711' title='bbox 3548 3514 3611 3566; x_wconf 74' lang='grc' dir='ltr'>ἐκ</span> 
     </span>
    </p>
   </div>
   <div class='ocr_carea' id='block_1_97' title="bbox 2029 3601 3607 3675">
    <p class='ocr_par' dir='ltr' id='par_1_97' title="bbox 2029 3601 3607 3675">
     <span class='ocr_line' id='line_1_97' title="bbox 2029 3601 3607 3675; baseline 0 -19"><span class='ocrx_word' id='word_1_712' title='bbox 2029 3602 2221 3656; x_wconf 84' lang='grc' dir='ltr'>τούτου</span> <span class='ocrx_word' id='word_1_713' title='bbox 2275 3603 2376 3673; x_wconf 78' lang='grc' dir='ltr'>τὴν</span> <span class='ocrx_word' id='word_1_714' title='bbox 2420 3605 2548 3674; x_wconf 85' lang='grc' dir='ltr'>ὃλην</span> <span class='ocrx_word' id='word_1_715' title='bbox 2609 3603 2822 3657; x_wconf 74' lang='grc' dir='ltr'>ἐκείνου</span> <span class='ocrx_word' id='word_1_716' title='bbox 2878 3604 3218 3672; x_wconf 74' lang='grc' dir='ltr'>φιλοσοφίαν,</span> <span class='ocrx_word' id='word_1_717' title='bbox 3247 3604 3346 3674; x_wconf 84' lang='grc' dir='ltr'>ὅση</span> <span class='ocrx_word' id='word_1_718' title='bbox 3390 3621 3472 3667; x_wconf 86' lang='grc' dir='ltr'><strong>τις</strong></span> <span class='ocrx_word' id='word_1_719' title='bbox 3517 3601 3607 3675; x_wconf 73' lang='grc' dir='ltr'><strong>ἦν,</strong></span> 
     </span>
    </p>
   </div>
   <div class='ocr_carea' id='block_1_98' title="bbox 2031 3694 3611 3766">
    <p class='ocr_par' dir='ltr' id='par_1_98' title="bbox 2031 3694 3611 3766">
     <span class='ocr_line' id='line_1_98' title="bbox 2031 3694 3611 3766; baseline 0.001 -18"><span class='ocrx_word' id='word_1_720' title='bbox 2031 3694 2487 3764; x_wconf 78' lang='grc' dir='ltr'>ὑπολογισώμεθα</span> <span class='ocrx_word' id='word_1_721' title='bbox 2507 3711 2520 3725; x_wconf 82' lang='grc'><em>’</em></span> <span class='ocrx_word' id='word_1_722' title='bbox 2554 3696 2621 3763; x_wconf 80' lang='grc' dir='ltr'><strong>ἢν</strong></span> <span class='ocrx_word' id='word_1_723' title='bbox 2660 3699 2688 3749; x_wconf 87' lang='grc' dir='ltr'>ὁ</span> <span class='ocrx_word' id='word_1_724' title='bbox 2720 3697 2789 3751; x_wconf 82' lang='grc' dir='ltr'>τὰ</span> <span class='ocrx_word' id='word_1_725' title='bbox 2821 3698 2999 3750; x_wconf 79' lang='grc' dir='ltr'>πάντα</span> <span class='ocrx_word' id='word_1_726' title='bbox 3029 3697 3251 3766; x_wconf 78' lang='grc' dir='ltr'>ἄριστος</span> <span class='ocrx_word' id='word_1_727' title='bbox 3292 3696 3611 3758; x_wconf 76' lang='grc' dir='ltr'>Ἀθανὰσιος</span> 
     </span>
    </p>
   </div>
   <div class='ocr_carea' id='block_1_99' title="bbox 2032 3786 3614 3859">
    <p class='ocr_par' dir='ltr' id='par_1_99' title="bbox 2032 3786 3614 3859">
     <span class='ocr_line' id='line_1_99' title="bbox 2032 3786 3614 3859; baseline -0.001 -18"><span class='ocrx_word' id='word_1_728' title='bbox 2032 3787 2129 3841; x_wconf 78' lang='grc' dir='ltr'>καὶ</span> <span class='ocrx_word' id='word_1_729' title='bbox 2177 3786 2327 3856; x_wconf 82' lang='grc' dir='ltr'><strong>αὐτῷ</strong></span> <span class='ocrx_word' id='word_1_730' title='bbox 2383 3787 2757 3855; x_wconf 83' lang='grc' dir='ltr'>διαφερόντως</span> <span class='ocrx_word' id='word_1_731' title='bbox 2813 3787 3175 3857; x_wconf 81' lang='grc' dir='ltr'>φιλούμενος,</span> <span class='ocrx_word' id='word_1_732' title='bbox 3222 3789 3363 3859; x_wconf 75' lang='grc' dir='ltr'>πρὸς</span> <span class='ocrx_word' id='word_1_733' title='bbox 3417 3788 3614 3841; x_wconf 78' lang='grc' dir='ltr'>λεπτὸν</span> 
     </span>
    </p>
   </div>
   <div class='ocr_carea' id='block_1_100' title="bbox 2034 3880 3609 3950">
    <p class='ocr_par' dir='ltr' id='par_1_100' title="bbox 2034 3880 3609 3950">
     <span class='ocr_line' id='line_1_100' title="bbox 2034 3880 3609 3950; baseline 0.002 -19"><span class='ocrx_word' id='word_1_734' title='bbox 2034 3880 2327 3950; x_wconf 76' lang='grc' dir='ltr'>ἱστορήσας</span> <span class='ocrx_word' id='word_1_735' title='bbox 2355 3880 2590 3945; x_wconf 66' lang='grc' dir='ltr'>ἐξέδωκε</span> <span class='ocrx_word' id='word_1_736' title='bbox 2623 3881 2719 3945; x_wconf 74' lang='grc' dir='ltr'>τὰς</span> <span class='ocrx_word' id='word_1_737' title='bbox 2752 3881 2891 3949; x_wconf 74' lang='grc' dir='ltr'>μετὰ</span> <span class='ocrx_word' id='word_1_738' title='bbox 2919 3881 3191 3950; x_wconf 85' lang='grc' dir='ltr'>δαιμόνων</span> <span class='ocrx_word' id='word_1_739' title='bbox 3216 3883 3389 3945; x_wconf 86' lang='grc' dir='ltr'>πάλας</span> <span class='ocrx_word' id='word_1_740' title='bbox 3421 3880 3609 3943; x_wconf 73' lang='grc' dir='ltr'>αὑτοῦ,</span> 
     </span>
    </p>
   </div>
   <div class='ocr_carea' id='block_1_101' title="bbox 2032 3972 3614 4045">
    <p class='ocr_par' dir='ltr' id='par_1_101' title="bbox 2032 3972 3614 4045">
     <span class='ocr_line' id='line_1_101' title="bbox 2032 3972 3614 4045; baseline 0 -18"><span class='ocrx_word' id='word_1_741' title='bbox 2032 3973 2128 4028; x_wconf 70' lang='grc' dir='ltr'><strong>καὶ</strong></span> <span class='ocrx_word' id='word_1_742' title='bbox 2164 3974 2265 4036; x_wconf 82' lang='grc' dir='ltr'>τὰς</span> <span class='ocrx_word' id='word_1_743' title='bbox 2317 3972 2694 4045; x_wconf 76' lang='grc' dir='ltr'>ὲξευρημένας</span> <span class='ocrx_word' id='word_1_744' title='bbox 2720 3976 2919 4044; x_wconf 83' lang='grc' dir='ltr'>τέχνας</span> <span class='ocrx_word' id='word_1_745' title='bbox 2949 3973 3101 4043; x_wconf 82' lang='grc' dir='ltr'>αὐτῷ</span> <span class='ocrx_word' id='word_1_746' title='bbox 3129 3974 3250 4026; x_wconf 85' lang='grc' dir='ltr'>κατ’</span> <span class='ocrx_word' id='word_1_747' title='bbox 3285 3975 3492 4039; x_wconf 83' lang='grc' dir='ltr'>αὐτῶν,</span> <span class='ocrx_word' id='word_1_748' title='bbox 3520 3977 3614 4029; x_wconf 70' lang='grc' dir='ltr'><strong>καὶ</strong></span> 
     </span>
    </p>
   </div>
   <div class='ocr_carea' id='block_1_102' title="bbox 2031 4064 3612 4137">
    <p class='ocr_par' dir='ltr' id='par_1_102' title="bbox 2031 4064 3612 4137">
     <span class='ocr_line' id='line_1_102' title="bbox 2031 4064 3612 4137; baseline 0.001 -18"><span class='ocrx_word' id='word_1_749' title='bbox 2031 4065 2101 4119; x_wconf 83' lang='grc' dir='ltr'>τὰ</span> <span class='ocrx_word' id='word_1_750' title='bbox 2124 4064 2289 4120; x_wconf 72' lang='grc' dir='ltr'>λοιπὰ</span> <span class='ocrx_word' id='word_1_751' title='bbox 2317 4066 2410 4120; x_wconf 80' lang='grc' dir='ltr'>τοῦ</span> <span class='ocrx_word' id='word_1_752' title='bbox 2444 4064 2565 4134; x_wconf 84' lang='grc' dir='ltr'>βίον</span> <span class='ocrx_word' id='word_1_753' title='bbox 2597 4067 2893 4137; x_wconf 75' lang='grc' dir='ltr'>τεράστια,</span> <span class='ocrx_word' id='word_1_754' title='bbox 2928 4068 3024 4121; x_wconf 81' lang='grc' dir='ltr'>καὶ</span> <span class='ocrx_word' id='word_1_755' title='bbox 3064 4067 3224 4120; x_wconf 81' lang='grc' dir='ltr'><strong>πάνθ’</strong></span> <span class='ocrx_word' id='word_1_756' title='bbox 3250 4066 3463 4121; x_wconf 70' lang='grc' dir='ltr'>ἕκαστα</span> <span class='ocrx_word' id='word_1_757' title='bbox 3496 4068 3612 4122; x_wconf 87' lang='grc' dir='ltr'>δια-</span> 
     </span>
    </p>
   </div>
   <div class='ocr_carea' id='block_1_103' title="bbox 2032 4155 3615 4230">
    <p class='ocr_par' dir='ltr' id='par_1_103' title="bbox 2032 4155 3615 4230">
     <span class='ocr_line' id='line_1_103' title="bbox 2032 4155 3615 4230; baseline -0.016 -5"><span class='ocrx_word' id='word_1_758' title='bbox 2032 4157 2272 4228; x_wconf 80' lang='grc' dir='ltr'><strong>γράψας.</strong></span> <span class='ocrx_word' id='word_1_759' title='bbox 2292 4158 2371 4221; x_wconf 73' lang='grc' dir='ltr'><strong>ὡς</strong></span> <span class='ocrx_word' id='word_1_760' title='bbox 2395 4160 2522 4228; x_wconf 77' lang='grc' dir='ltr'>ὅρον</span> <span class='ocrx_word' id='word_1_761' title='bbox 2552 4155 2697 4212; x_wconf 79' lang='grc' dir='ltr'>εἶναι</span> <span class='ocrx_word' id='word_1_762' title='bbox 2734 4159 3037 4230; x_wconf 83' lang='grc' dir='ltr'>μοναδικῆς</span> <span class='ocrx_word' id='word_1_763' title='bbox 3069 4160 3348 4224; x_wconf 77' lang='grc' dir='ltr'>πολιτείας</span> <span class='ocrx_word' id='word_1_764' title='bbox 3381 4159 3443 4213; x_wconf 80' lang='grc' dir='ltr'>τὸ</span> <span class='ocrx_word' id='word_1_765' title='bbox 3481 4159 3615 4224; x_wconf 73' lang='grc' dir='ltr'><strong>σύγ-</strong></span> 
     </span>
    </p>
   </div>
   <div class='ocr_carea' id='block_1_104' title="bbox 2033 4250 3617 4324">
    <p class='ocr_par' dir='ltr' id='par_1_104' title="bbox 2033 4250 3617 4324">
     <span class='ocr_line' id='line_1_104' title="bbox 2033 4250 3617 4324; baseline 0.001 -19"><span class='ocrx_word' id='word_1_766' title='bbox 2033 4268 2289 4321; x_wconf 86' lang='grc' dir='ltr'>γραμμα.</span> <span class='ocrx_word' id='word_1_767' title='bbox 2337 4252 2532 4306; x_wconf 86' lang='grc' dir='ltr'>Ὀποῐα</span> <span class='ocrx_word' id='word_1_768' title='bbox 2565 4253 2629 4320; x_wconf 83' lang='grc' dir='ltr'>δὴ</span> <span class='ocrx_word' id='word_1_769' title='bbox 2656 4255 2686 4307; x_wconf 81' lang='grc' dir='ltr'><strong>ὁ</strong></span> <span class='ocrx_word' id='word_1_770' title='bbox 2721 4253 2887 4317; x_wconf 74' lang='grc' dir='ltr'>αὐτὸς</span> <span class='ocrx_word' id='word_1_771' title='bbox 2927 4250 3246 4316; x_wconf 77' lang='grc' dir='ltr'>Ἀθανάσιος</span> <span class='ocrx_word' id='word_1_772' title='bbox 3286 4254 3389 4307; x_wconf 79' lang='grc' dir='ltr'><strong>κάν</strong></span> <span class='ocrx_word' id='word_1_773' title='bbox 3414 4252 3492 4321; x_wconf 83' lang='grc' dir='ltr'>τῷ</span> <span class='ocrx_word' id='word_1_774' title='bbox 3513 4253 3617 4324; x_wconf 81' lang='grc' dir='ltr'><strong>βίῳ</strong></span> 
     </span>
    </p>
   </div>
   <div class='ocr_carea' id='block_1_105' title="bbox 2035 4341 3618 4413">
    <p class='ocr_par' dir='ltr' id='par_1_105' title="bbox 2035 4341 3618 4413">
     <span class='ocr_line' id='line_1_105' title="bbox 2035 4341 3618 4413; baseline 0.003 -21"><span class='ocrx_word' id='word_1_775' title='bbox 2035 4341 2410 4410; x_wconf 85' lang='grc' dir='ltr'>συγκλητικῆς</span> <span class='ocrx_word' id='word_1_776' title='bbox 2434 4342 2702 4410; x_wconf 72' lang='grc' dir='ltr'>ἔπραξεν,</span> <span class='ocrx_word' id='word_1_777' title='bbox 2727 4342 2948 4412; x_wconf 73' lang='grc' dir='ltr'>ἀνδρῶν</span> <span class='ocrx_word' id='word_1_778' title='bbox 2985 4343 3088 4413; x_wconf 75' lang='grc' dir='ltr'><strong>μὲν</strong></span> <span class='ocrx_word' id='word_1_779' title='bbox 3121 4343 3399 4398; x_wconf 81' lang='grc' dir='ltr'>πολιτείαν</span> <span class='ocrx_word' id='word_1_780' title='bbox 3429 4344 3618 4397; x_wconf 67' lang='lat' dir='ltr'><strong>meo.</strong></span> 
     </span>
    </p>
   </div>
   <div class='ocr_carea' id='block_1_106' title="bbox 2037 4432 3616 4505">
    <p class='ocr_par' dir='ltr' id='par_1_106' title="bbox 2037 4432 3616 4505">
     <span class='ocr_line' id='line_1_106' title="bbox 2037 4432 3616 4505; baseline 0.003 -19"><span class='ocrx_word' id='word_1_781' title='bbox 2037 4432 2150 4496; x_wconf 82' lang='grc' dir='ltr'>θεν,</span> <span class='ocrx_word' id='word_1_782' title='bbox 2173 4434 2453 4500; x_wconf 83' lang='grc' dir='ltr'>γυναικῶν</span> <span class='ocrx_word' id='word_1_783' title='bbox 2486 4434 2536 4488; x_wconf 82' lang='grc' dir='ltr'>δ’</span> <span class='ocrx_word' id='word_1_784' title='bbox 2555 4436 2772 4488; x_wconf 74' lang='grc' dir='ltr'>ἐκεῖθεν</span> <span class='ocrx_word' id='word_1_785' title='bbox 2811 4436 3096 4497; x_wconf 77' lang='grc' dir='ltr'>ὑποτιθεὶς</span> <span class='ocrx_word' id='word_1_786' title='bbox 3126 4436 3202 4498; x_wconf 84' lang='grc' dir='ltr'>ὡς</span> <span class='ocrx_word' id='word_1_787' title='bbox 3232 4439 3289 4488; x_wconf 82' lang='grc' dir='ltr'>ἐν</span> <span class='ocrx_word' id='word_1_788' title='bbox 3329 4436 3616 4505; x_wconf 79' lang='grc' dir='ltr'>πλάσματι</span> 
     </span>
    </p>
   </div>
   <div class='ocr_carea' id='block_1_107' title="bbox 2036 4526 3614 4597">
    <p class='ocr_par' dir='ltr' id='par_1_107' title="bbox 2036 4526 3614 4597">
     <span class='ocr_line' id='line_1_107' title="bbox 2036 4526 3614 4597; baseline 0 -19"><span class='ocrx_word' id='word_1_789' title='bbox 2036 4526 2366 4596; x_wconf 85' lang='grc' dir='ltr'>διηγήσεως.</span> <span class='ocrx_word' id='word_1_790' title='bbox 2391 4527 2626 4590; x_wconf 76' lang='grc' dir='ltr'>Πολλοὺς</span> <span class='ocrx_word' id='word_1_791' title='bbox 2654 4526 2710 4581; x_wconf 63' lang='grc' dir='ltr'>δὲ</span> <span class='ocrx_word' id='word_1_792' title='bbox 2740 4528 2834 4581; x_wconf 71' lang='grc' dir='ltr'><strong>καὶ</strong></span> <span class='ocrx_word' id='word_1_793' title='bbox 2869 4527 3133 4597; x_wconf 77' lang='grc' dir='ltr'>φοιτητὰς</span> <span class='ocrx_word' id='word_1_794' title='bbox 3163 4527 3311 4594; x_wconf 74' lang='grc' dir='ltr'>ἔσχε,</span> <span class='ocrx_word' id='word_1_795' title='bbox 3354 4526 3614 4595; x_wconf 79' lang='grc' dir='ltr'>δοκίμους</span> 
     </span>
    </p>
   </div>
   <div class='ocr_carea' id='block_1_108' title="bbox 2035 4617 3615 4688">
    <p class='ocr_par' dir='ltr' id='par_1_108' title="bbox 2035 4617 3615 4688">
     <span class='ocr_line' id='line_1_108' title="bbox 2035 4617 3615 4688; baseline 0.001 -17"><span class='ocrx_word' id='word_1_796' title='bbox 2035 4635 2095 4675; x_wconf 78' lang='grc' dir='ltr'><strong>τε</strong></span> <span class='ocrx_word' id='word_1_797' title='bbox 2128 4620 2222 4671; x_wconf 74' lang='grc' dir='ltr'>καὶ</span> <span class='ocrx_word' id='word_1_798' title='bbox 2252 4620 2345 4676; x_wconf 74' lang='grc' dir='ltr'><strong>τὸν</strong></span> <span class='ocrx_word' id='word_1_799' title='bbox 2376 4619 2702 4673; x_wconf 82' lang='grc' dir='ltr'>διδάσκαλον</span> <span class='ocrx_word' id='word_1_800' title='bbox 2741 4617 3112 4688; x_wconf 80' lang='grc' dir='ltr'>ἀποχρώντως</span> <span class='ocrx_word' id='word_1_801' title='bbox 3143 4618 3615 4688; x_wconf 76' lang='grc' dir='ltr'>ἐνδεικνυμένους,</span> 
     </span>
    </p>
   </div>
   <div class='ocr_carea' id='block_1_109' title="bbox 2031 4709 3614 4785">
    <p class='ocr_par' dir='ltr' id='par_1_109' title="bbox 2031 4709 3614 4785">
     <span class='ocr_line' id='line_1_109' title="bbox 2031 4709 3614 4785; baseline 0.001 -22"><span class='ocrx_word' id='word_1_802' title='bbox 2031 4714 2098 4781; x_wconf 77' lang='grc' dir='ltr'>τῇ</span> <span class='ocrx_word' id='word_1_803' title='bbox 2131 4728 2188 4765; x_wconf 84' lang='grc' dir='ltr'><strong>τε</strong></span> <span class='ocrx_word' id='word_1_804' title='bbox 2233 4712 2461 4785; x_wconf 76' lang='grc' dir='ltr'>παιδείᾳ</span> <span class='ocrx_word' id='word_1_805' title='bbox 2504 4711 2599 4766; x_wconf 80' lang='grc' dir='ltr'>καὶ</span> <span class='ocrx_word' id='word_1_806' title='bbox 2645 4710 2941 4780; x_wconf 67' lang='grc' dir='ltr'>φιλοσοφία</span> <span class='ocrx_word' id='word_1_807' title='bbox 2968 4710 3066 4763; x_wconf 68' lang='grc' dir='ltr'>καὶ</span> <span class='ocrx_word' id='word_1_808' title='bbox 3106 4712 3185 4781; x_wconf 71' lang='grc' dir='ltr'>τῇ</span> <span class='ocrx_word' id='word_1_809' title='bbox 3227 4709 3388 4781; x_wconf 77' lang='grc' dir='ltr'>λοιπῇ</span> <span class='ocrx_word' id='word_1_810' title='bbox 3421 4714 3614 4781; x_wconf 75' lang='grc' dir='ltr'>ἀρετῇ.</span> 
     </span>
    </p>
   </div>
   <div class='ocr_carea' id='block_1_110' title="bbox 2031 4794 3615 4873">
    <p class='ocr_par' dir='ltr' id='par_1_110' title="bbox 2031 4794 3615 4873">
     <span class='ocr_line' id='line_1_110' title="bbox 2031 4794 3615 4873; baseline 0 -18"><span class='ocrx_word' id='word_1_811' title='bbox 2031 4794 2136 4855; x_wconf 79' lang='grc' dir='ltr'><strong>Ὧν</strong></span> <span class='ocrx_word' id='word_1_812' title='bbox 2187 4803 2238 4855; x_wconf 85' lang='lat' dir='ltr'><strong>oi</strong></span> <span class='ocrx_word' id='word_1_813' title='bbox 2302 4800 2402 4871; x_wconf 69' lang='grc' dir='ltr'>μὲν</span> <span class='ocrx_word' id='word_1_814' title='bbox 2446 4803 2506 4853; x_wconf 73' lang='grc' dir='ltr'><strong>ἐν</strong></span> <span class='ocrx_word' id='word_1_815' title='bbox 2528 4800 2791 4868; x_wconf 82' lang='grc' dir='ltr'>Δίγύπτῳ</span> <span class='ocrx_word' id='word_1_816' title='bbox 2822 4802 2919 4853; x_wconf 76' lang='grc' dir='ltr'>καὶ</span> <span class='ocrx_word' id='word_1_817' title='bbox 2946 4799 3146 4873; x_wconf 72' lang='grc' dir='ltr'><strong>Λιϐύῃ,</strong></span> <span class='ocrx_word' id='word_1_818' title='bbox 3172 4801 3222 4852; x_wconf 77' lang='lat' dir='ltr'><strong>oi</strong></span> <span class='ocrx_word' id='word_1_819' title='bbox 3253 4801 3298 4853; x_wconf 84' lang='grc' dir='ltr'>δ’</span> <span class='ocrx_word' id='word_1_820' title='bbox 3322 4803 3381 4853; x_wconf 73' lang='grc' dir='ltr'><strong>ὲν</strong></span> <span class='ocrx_word' id='word_1_821' title='bbox 3414 4802 3615 4856; x_wconf 73' lang='grc' dir='ltr'>Παλαι-</span> 
     </span>
    </p>
   </div>
   <div class='ocr_carea' id='block_1_111' title="bbox 2036 4890 3615 4965">
    <p class='ocr_par' dir='ltr' id='par_1_111' title="bbox 2036 4890 3615 4965">
     <span class='ocr_line' id='line_1_111' title="bbox 2036 4890 3615 4965; baseline 0 -19"><span class='ocrx_word' id='word_1_822' title='bbox 2036 4892 2190 4964; x_wconf 75' lang='grc' dir='ltr'>στίνῃ</span> <span class='ocrx_word' id='word_1_823' title='bbox 2224 4894 2343 4960; x_wconf 60' lang='lat' dir='ltr'><strong>imi</strong></span> <span class='ocrx_word' id='word_1_824' title='bbox 2398 4892 2570 4964; x_wconf 82' lang='grc' dir='ltr'>Συρίᾳ</span> <span class='ocrx_word' id='word_1_825' title='bbox 2599 4894 2694 4946; x_wconf 75' lang='grc' dir='ltr'>καὶ</span> <span class='ocrx_word' id='word_1_826' title='bbox 2724 4890 3019 4965; x_wconf 80' lang='grc' dir='ltr'><strong>⁹Δρῤαὸίᾳ,</strong></span> <span class='ocrx_word' id='word_1_827' title='bbox 3050 4892 3113 4946; x_wconf 84' lang='grc' dir='ltr'><strong>τὸ</strong></span> <span class='ocrx_word' id='word_1_828' title='bbox 3146 4893 3462 4962; x_wconf 82' lang='grc' dir='ltr'>φιλοσοφεῖν</span> <span class='ocrx_word' id='word_1_829' title='bbox 3486 4897 3615 4946; x_wconf 63' lang='lat' dir='ltr'><strong>ssre-</strong></span> 
     </span>
    </p>
   </div>
   <div class='ocr_carea' id='block_1_112' title="bbox 2032 4980 3615 5057">
    <p class='ocr_par' dir='ltr' id='par_1_112' title="bbox 2032 4980 3615 5057">
     <span class='ocr_line' id='line_1_112' title="bbox 2032 4980 3615 5057; baseline -0.001 -17"><span class='ocrx_word' id='word_1_830' title='bbox 2032 4984 2295 5050; x_wconf 79' lang='grc' dir='ltr'>δείξαντο.</span> <span class='ocrx_word' id='word_1_831' title='bbox 2338 4986 2481 5056; x_wconf 78' lang='grc' dir='ltr'>Περὶ</span> <span class='ocrx_word' id='word_1_832' title='bbox 2526 4984 2782 5041; x_wconf 83' lang='grc' dir='ltr'>πλείστου</span> <span class='ocrx_word' id='word_1_833' title='bbox 2831 4986 2875 5039; x_wconf 85' lang='grc' dir='ltr'>δ’</span> <span class='ocrx_word' id='word_1_834' title='bbox 2906 4981 3048 5057; x_wconf 83' lang='grc' dir='ltr'>ἦσαν</span> <span class='ocrx_word' id='word_1_835' title='bbox 3101 4986 3197 5040; x_wconf 74' lang='grc' dir='ltr'>καὶ</span> <span class='ocrx_word' id='word_1_836' title='bbox 3231 4980 3378 5039; x_wconf 71' lang='grc' dir='ltr'>οὗτοι</span> <span class='ocrx_word' id='word_1_837' title='bbox 3421 4987 3519 5040; x_wconf 76' lang='grc' dir='ltr'>καὶ</span> <span class='ocrx_word' id='word_1_838' title='bbox 3565 4991 3615 5039; x_wconf 79' lang='grc' dir='ltr'>οἱ</span> 
     </span>
    </p>
   </div>
   <div class='ocr_carea' id='block_1_113' title="bbox 2033 5078 3620 5150">
    <p class='ocr_par' dir='ltr' id='par_1_113' title="bbox 2033 5078 3620 5150">
     <span class='ocr_line' id='line_1_113' title="bbox 2033 5078 3620 5150; baseline -0.002 -17"><span class='ocrx_word' id='word_1_839' title='bbox 2033 5078 2237 5133; x_wconf 78' lang='grc' dir='ltr'>τούτων</span> <span class='ocrx_word' id='word_1_840' title='bbox 2275 5079 2514 5150; x_wconf 75' lang='grc' dir='ltr'>διάδοχοι</span> <span class='ocrx_word' id='word_1_841' title='bbox 2568 5078 2646 5142; x_wconf 83' lang='grc' dir='ltr'>ὡς</span> <span class='ocrx_word' id='word_1_842' title='bbox 2703 5078 2869 5150; x_wconf 72' lang='grc' dir='ltr'>ἔργον</span> <span class='ocrx_word' id='word_1_843' title='bbox 2915 5082 3094 5137; x_wconf 74' lang='grc' dir='ltr'>ποιεῖν</span> <span class='ocrx_word' id='word_1_844' title='bbox 3115 5080 3325 5142; x_wconf 79' lang='grc' dir='ltr'>πάντας</span> <span class='ocrx_word' id='word_1_845' title='bbox 3348 5079 3473 5142; x_wconf 78' lang='grc' dir='ltr'>τοὺς</span> <span class='ocrx_word' id='word_1_846' title='bbox 3499 5078 3620 5147; x_wconf 79' lang='grc' dir='ltr'><strong>Θεῷ</strong></span> 
     </span>
    </p>
   </div>
   <div class='ocr_carea' id='block_1_114' title="bbox 2034 5170 3617 5248">
    <p class='ocr_par' dir='ltr' id='par_1_114' title="bbox 2034 5170 3617 5248">
     <span class='ocr_line' id='line_1_114' title="bbox 2034 5170 3617 5248; baseline -0.005 -18"><span class='ocrx_word' id='word_1_847' title='bbox 2034 5173 2348 5248; x_wconf 70' lang='grc' dir='ltr'>ᾑρημένους</span> <span class='ocrx_word' id='word_1_848' title='bbox 2394 5172 2566 5242; x_wconf 80' lang='grc' dir='ltr'>βιοῦν,</span> <span class='ocrx_word' id='word_1_849' title='bbox 2615 5173 2712 5226; x_wconf 73' lang='grc' dir='ltr'>καὶ</span> <span class='ocrx_word' id='word_1_850' title='bbox 2766 5171 2968 5235; x_wconf 66' lang='grc' dir='ltr'>αὐτοὺς</span> <span class='ocrx_word' id='word_1_851' title='bbox 3020 5173 3316 5239; x_wconf 68' lang='grc' dir='ltr'>ἑκζητεῖν.</span> <span class='ocrx_word' id='word_1_852' title='bbox 3351 5170 3447 5225; x_wconf 73' lang='grc' dir='ltr'>καὶ</span> <span class='ocrx_word' id='word_1_853' title='bbox 3485 5171 3617 5238; x_wconf 80' lang='grc' dir='ltr'>παρ’</span> 
     </span>
    </p>
   </div>
   <div class='ocr_carea' id='block_1_115' title="bbox 2035 5259 3618 5332">
    <p class='ocr_par' dir='ltr' id='par_1_115' title="bbox 2035 5259 3618 5332">
     <span class='ocr_line' id='line_1_115' title="bbox 2035 5259 3618 5332; baseline -0.004 -13"><span class='ocrx_word' id='word_1_854' title='bbox 2035 5264 2217 5319; x_wconf 84' lang='grc' dir='ltr'>αὐτῶν</span> <span class='ocrx_word' id='word_1_855' title='bbox 2247 5263 2308 5318; x_wconf 81' lang='grc' dir='ltr'>τὸ</span> <span class='ocrx_word' id='word_1_856' title='bbox 2332 5263 2587 5332; x_wconf 81' lang='grc' dir='ltr'>ποιητέον</span> <span class='ocrx_word' id='word_1_857' title='bbox 2617 5261 3102 5321; x_wconf 78' lang='grc' dir='ltr'>ἀναδιδάσκεσθαι,</span> <span class='ocrx_word' id='word_1_858' title='bbox 3128 5259 3463 5322; x_wconf 79' lang='grc' dir='ltr'>σπεύδοντας</span> <span class='ocrx_word' id='word_1_859' title='bbox 3497 5263 3618 5313; x_wconf 71' lang='grc' dir='ltr'>ἑπι-</span> 
     </span>
    </p>
   </div>
   <div class='ocr_carea' id='block_1_116' title="bbox 2039 5351 3616 5430">
    <p class='ocr_par' dir='ltr' id='par_1_116' title="bbox 2039 5351 3616 5430">
     <span class='ocr_line' id='line_1_116' title="bbox 2039 5351 3616 5430; baseline -0.003 -19"><span class='ocrx_word' id='word_1_860' title='bbox 2039 5359 2215 5430; x_wconf 85' lang='grc' dir='ltr'>μελῶς</span> <span class='ocrx_word' id='word_1_861' title='bbox 2264 5358 2629 5430; x_wconf 75' lang='grc' dir='ltr'>κρύπτεσθαι,</span> <span class='ocrx_word' id='word_1_862' title='bbox 2681 5357 2781 5427; x_wconf 79' lang='grc' dir='ltr'><strong>οὐχ</strong></span> <span class='ocrx_word' id='word_1_863' title='bbox 2836 5351 3000 5426; x_wconf 82' lang='grc' dir='ltr'>ἦττον</span> <span class='ocrx_word' id='word_1_864' title='bbox 3062 5355 3207 5426; x_wconf 70' lang='grc' dir='ltr'>ἤπερ</span> <span class='ocrx_word' id='word_1_865' title='bbox 3240 5356 3290 5407; x_wconf 82' lang='lat' dir='ltr'><strong>oi</strong></span> <span class='ocrx_word' id='word_1_866' title='bbox 3333 5357 3428 5409; x_wconf 76' lang='grc' dir='ltr'>νῦν</span> <span class='ocrx_word' id='word_1_867' title='bbox 3462 5354 3616 5423; x_wconf 73' lang='grc' dir='ltr'>τύφῳ</span> 
     </span>
    </p>
   </div>
   <div class='ocr_carea' id='block_1_117' title="bbox 2037 5445 3619 5522">
    <p class='ocr_par' dir='ltr' id='par_1_117' title="bbox 2037 5445 3619 5522">
     <span class='ocr_line' id='line_1_117' title="bbox 2037 5445 3619 5522; baseline -0.004 -16"><span class='ocrx_word' id='word_1_868' title='bbox 2037 5453 2132 5506; x_wconf 74' lang='grc' dir='ltr'><strong>καὶ</strong></span> <span class='ocrx_word' id='word_1_869' title='bbox 2183 5451 2417 5522; x_wconf 80' lang='grc' dir='ltr'>διακένῳ</span> <span class='ocrx_word' id='word_1_870' title='bbox 2465 5450 2749 5520; x_wconf 82' lang='grc' dir='ltr'>φιλοτιμίᾳ</span> <span class='ocrx_word' id='word_1_871' title='bbox 2783 5445 3073 5510; x_wconf 66' lang='grc' dir='ltr'>σοὸοὗντες</span> <span class='ocrx_word' id='word_1_872' title='bbox 3120 5448 3209 5501; x_wconf 80' lang='grc' dir='ltr'>διὰ</span> <span class='ocrx_word' id='word_1_873' title='bbox 3266 5447 3367 5515; x_wconf 80' lang='grc' dir='ltr'><strong>τῆς</strong></span> <span class='ocrx_word' id='word_1_874' title='bbox 3407 5448 3619 5515; x_wconf 75' lang='grc' dir='ltr'>ἀγορᾶς</span> 
     </span>
    </p>
   </div>
   <div class='ocr_carea' id='block_1_118' title="bbox 2039 5538 3619 5615">
    <p class='ocr_par' dir='ltr' id='par_1_118' title="bbox 2039 5538 3619 5615">
     <span class='ocr_line' id='line_1_118' title="bbox 2039 5538 3619 5615; baseline -0.006 -15"><span class='ocrx_word' id='word_1_875' title='bbox 2039 5544 2485 5615; x_wconf 59' lang='grc' dir='ltr'>ἑκπομπεύουσιρ</span> <span class='ocrx_word' id='word_1_876' title='bbox 2512 5544 2703 5595; x_wconf 65' lang='grc' dir='ltr'>Πολλοὶ</span> <span class='ocrx_word' id='word_1_877' title='bbox 2739 5542 2840 5611; x_wconf 76' lang='grc' dir='ltr'><strong>μὲν</strong></span> <span class='ocrx_word' id='word_1_878' title='bbox 2870 5538 2964 5595; x_wconf 80' lang='grc' dir='ltr'><strong>οὖν</strong></span> <span class='ocrx_word' id='word_1_879' title='bbox 3001 5542 3109 5592; x_wconf 79' lang='grc' dir='ltr'>τῶν</span> <span class='ocrx_word' id='word_1_880' title='bbox 3163 5541 3330 5595; x_wconf 80' lang='grc' dir='ltr'>αὑτοῦ</span> <span class='ocrx_word' id='word_1_881' title='bbox 3366 5542 3619 5606; x_wconf 68' lang='grc' dir='ltr'>ἐγένοντο</span> 
     </span>
    </p>
   </div>
   <div class='ocr_carea' id='block_1_119' title="bbox 2040 5631 3619 5707">
    <p class='ocr_par' dir='ltr' id='par_1_119' title="bbox 2040 5631 3619 5707">
     <span class='ocr_line' id='line_1_119' title="bbox 2040 5631 3619 5707; baseline -0.004 -16"><span class='ocrx_word' id='word_1_882' title='bbox 2040 5639 2320 5702; x_wconf 79' lang='grc' dir='ltr'>εὐδόκιμοι</span> <span class='ocrx_word' id='word_1_883' title='bbox 2374 5637 2660 5707; x_wconf 84' lang='grc' dir='ltr'>φοιτηταί·</span> <span class='ocrx_word' id='word_1_884' title='bbox 2713 5636 2805 5687; x_wconf 79' lang='grc' dir='ltr'><strong>καὶ</strong></span> <span class='ocrx_word' id='word_1_885' title='bbox 2849 5634 3060 5697; x_wconf 75' lang='grc' dir='ltr'>Παῦλος</span> <span class='ocrx_word' id='word_1_886' title='bbox 3108 5633 3152 5685; x_wconf 74' lang='grc' dir='ltr'>δ’</span> <span class='ocrx_word' id='word_1_887' title='bbox 3188 5636 3420 5699; x_wconf 70' lang='grc' dir='ltr'>ἐκεῖνος,</span> <span class='ocrx_word' id='word_1_888' title='bbox 3453 5632 3510 5696; x_wconf 81' lang='grc' dir='ltr'><strong>δς</strong></span> <span class='ocrx_word' id='word_1_889' title='bbox 3560 5631 3619 5694; x_wconf 66' lang='grc' dir='ltr'><strong>ἐξ</strong></span> 
     </span>
    </p>
   </div>
   <div class='ocr_carea' id='block_1_120' title="bbox 443 5753 2482 5835">
    <p class='ocr_par' dir='ltr' id='par_1_120' title="bbox 443 5753 2482 5835">
     <span class='ocr_line' id='line_1_120' title="bbox 443 5753 2482 5835; baseline -0.003 -19"><span class='ocrx_word' id='word_1_890' title='bbox 443 5763 517 5835; x_wconf 71' lang='grc' dir='ltr'><strong>υ)</strong></span> <span class='ocrx_word' id='word_1_891' title='bbox 554 5762 608 5816; x_wconf 81' lang='grc' dir='ltr'>ιιι</span> <span class='ocrx_word' id='word_1_892' title='bbox 644 5761 780 5817; x_wconf 79' lang='lat' dir='ltr'><strong>Vitis</strong></span> <span class='ocrx_word' id='word_1_893' title='bbox 814 5762 1060 5828; x_wconf 85' lang='lat' dir='ltr'><strong>Patrum,</strong></span> <span class='ocrx_word' id='word_1_894' title='bbox 1090 5761 1397 5832; x_wconf 79' lang='lat' dir='ltr'><strong>Synclelicc</strong></span> <span class='ocrx_word' id='word_1_895' title='bbox 1444 5760 1587 5813; x_wconf 79' lang='lat' dir='ltr'><strong>inter</strong></span> <span class='ocrx_word' id='word_1_896' title='bbox 1638 5773 1822 5812; x_wconf 75' lang='lat' dir='ltr'><strong>sacras</strong></span> <span class='ocrx_word' id='word_1_897' title='bbox 1857 5754 2165 5810; x_wconf 77' lang='lat' dir='ltr'><strong>abbatissas</strong></span> <span class='ocrx_word' id='word_1_898' title='bbox 2202 5753 2482 5818; x_wconf 74' lang='lat' dir='ltr'><strong>allegatur.</strong></span> 
     </span>
    </p>
   </div>
  </div>
