3972 6200
304 305 408 365 159

1530 314 1951 376 NICEPHORI
1994 319 2341 380 CM.LiSTl

3468 322 3571 388 160

306 414 667 467 monasticam
698 422 783 468 est
814 415 1259 486 phil050phalus,
1296 419 1381 474 bis
1406 424 1702 489 quotannis
1730 424 1882 478 adire

2000 429 2199 481 πολλῶν
2247 430 2342 483 καὶ
2397 430 2702 483 θεσπεσίων
2741 432 2919 502 ἔργων
2961 432 3219 500 ἐγένετο·
3260 434 3356 489 καὶ⁵
3398 436 3571 493 πολλά

303 513 359 556 et
394 505 568 560 visere
613 508 907 561 mulierem
963 510 1186 564 solitus.
1237 512 1438 567 Multos
1477 524 1532 568 et
1582 515 1673 571 hic
1711 518 1881 572 veluti

305 595 417 649 dux
442 597 635 651 habuit
660 609 986 666 sectatores,
1006 599 1068 656 et
1092 603 1263 658 multa
1288 603 1473 660 divina
1491 606 1668 661 edidit
1691 623 1883 675 opera.

306 686 475 742 Multa
524 689 670 744 dicta
719 692 840 759 ejus
891 706 1296 761 memorantur,
1332 711 1456 766 quae
1500 698 1570 752 ab
1613 698 1886 770 Egyptiis

308 783 615 847 monachis,
671 793 929 838 accurate
979 786 1104 840 talia
1164 798 1220 842 et
1275 788 1525 844 studiose
1577 791 1884 860 inquirere,

310 880 667 940 veterumque
700 875 1100 941 monachorum
1129 878 1493 943 facinoribus,
1520 880 1639 936 sive
1667 881 1723 936 in
1750 884 1887 938 scri-

311 972 462 1030 ptutn
496 962 608 1016 sint
641 965 833 1031 relata,
870 967 986 1022 sive
1026 968 1228 1033 minus,
1257 969 1519 1025 delectari
1555 972 1756 1037 solitis,
1785 987 1887 1042 per

314 1061 620 1122 temporum
665 1057 1074 1113 successionem
1124 1071 1404 1130 percepta,
1451 1061 1617 1117 hodie
1664 1078 1888 1132 quoque

310 1144 587 1207 feruntur,
623 1147 972 1204 auditoribus
1019 1165 1281 1220 perquam
1322 1151 1596 1222 jucunda.
1637 1153 1885 1220 Quorum

315 1245 373 1289 ut
409 1249 635 1306 gustum
686 1240 925 1310 aliquem
967 1257 1358 1312 proponamus,
1392 1244 1508 1299 haec
1554 1246 1890 1317 subjungere

313 1330 467 1385 libet.
505 1332 731 1386 Petebat
771 1350 1002 1402 magnus
1046 1336 1149 1389 iste
1191 1336 1274 1390 vir
1314 1337 1668 1393 solitudinem
1695 1356 1889 1411 quam.

312 1420 439 1474 dam
491 1438 613 1476 cunt
637 1424 912 1494 discipulo
936 1442 1037 1482 suo
1063 1427 1356 1483 Theodoro
1384 1447 1397 1483 :
1426 1444 1663 1499 cumque
1689 1432 1888 1487 fossam

313 1512 609 1578 quamdam
662 1514 827 1569 undis
875 1517 1087 1572 scilicet
1138 1520 1403 1588 repletam
1452 1523 1706 1592 trajicere
1749 1538 1889 1592 opus

315 1603 607 1672 haberent,
650 1622 721 1661 ne
766 1619 948 1663 vestes
994 1610 1161 1665 altius
1198 1611 1538 1680 attollentes,
1577 1614 1719 1669 alter
1752 1616 1891 1671 alte-

314 1697 430 1750 rius
459 1698 764 1753 nuditatem
799 1701 1171 1770 conspiceret,
1206 1706 1561 1762 retrocedere
1598 1708 1882 1777 paululum

314 1788 665 1845 Theodorutn
689 1793 866 1862 jubet.
896 1793 1033 1849 Cum
1069 1810 1201 1850 vero
1235 1797 1479 1867 seipsutn
1528 1815 1749 1870 quoque
1784 1817 1889 1856 nu-

320 1879 451 1934 dum
492 1880 681 1938 videre
717 1895 1023 1948 vereretur,
1059 1886 1252 1941 divino
1281 1898 1559 1945 momento
1579 1890 1632 1944 in
1654 1893 1889 1949 sublime

316 1971 593 2036 sublatus,
626 1974 681 2028 in
710 1974 1033 2031 ulteriorem
1067 1980 1319 2048 pervenit
1356 1981 1553 2049 ripam.
1594 1982 1664 2037 Ut
1703 1993 1887 2039 autem

320 2060 643 2120 Theodorus
665 2078 886 2137 quoque
912 2069 1048 2124 satis
1075 2071 1303 2127 madens
1331 2082 1722 2143 transgressus,
1749 2077 1886 2131 ultra

319 2153 524 2224 Lycum
557 2157 660 2225 (sic
689 2158 837 2213 enim
871 2160 1067 2217 incolae
1096 2162 1298 2217 fossam
1340 2180 1461 2219 eam
1501 2167 1884 2237 nominabant)

317 2248 492 2314 venit,
541 2263 864 2323 vestemque
909 2266 965 2308 et
1013 2254 1183 2324 pedes
1230 2258 1444 2312 Amoun
1497 2257 1675 2314 siccos
1724 2261 1888 2327 vidit,

319 2343 581 2406 precibus
614 2359 803 2400 senem
852 2346 1111 2418 fatigans,
1145 2363 1368 2404 causam
1413 2351 1534 2418 ejus
1567 2352 1643 2407 rei
1694 2364 1753 2407 ut
1782 2353 1890 2409 sibi

317 2429 529 2487 diceret
555 2435 740 2504 petiit.
771 2435 863 2491 Ille
904 2448 1110 2493 tectum
1156 2440 1233 2501 id.
1261 2443 1528 2511 quidquid
1556 2453 1723 2505 esset.
1759 2448 1893 2500 taci-

319 2531 546 2592 tumque
570 2541 693 2581 esse
730 2527 924 2582 voluit.
954 2528 1024 2585 Ut
1048 2545 1179 2599 vero
1207 2533 1380 2603 magis
1406 2535 1686 2604 magisque
1713 2534 1893 2590 Theo-

318 2614 491 2670 dorus
521 2617 830 2683 contendit,
863 2618 1003 2674 nihil
1039 2636 1099 2675 se
1133 2621 1202 2677 de
1232 2625 1497 2693 petitione
1525 2642 1589 2681 ea
1627 2627 1891 2682 retnissuo

320 2724 440 2762 rum
502 2709 806 2778 professus,
901 2715 1118 2769 Amoun
1189 2716 1412 2773 tandem
1512 2731 1674 2788 pacto
1741 2720 1895 2789 prius

321 2801 668 2870 interposito,
721 2819 781 2858 se
829 2804 955 2860 vivo
1002 2808 1210 2861 nemini
1261 2809 1314 2862 id
1366 2809 1731 2878 prolaturum,
1777 2828 1893 2867 rem

323 2900 499 2944 actam
541 2894 787 2962 exponit.
820 2894 1169 2966 Quapropter
1201 2898 1246 2951 is
1278 2907 1465 2967 postea
1500 2902 1896 2969 praestantioris

324 2986 612 3056 cujusdam
645 2998 855 3042 naturae
895 2990 1074 3043 virum
1120 3004 1247 3044 eunt
1278 3006 1399 3046 esse
1434 2993 1689 3048 credidit.
1723 2994 1896 3048 Porro

1985 521 2092 573 τῶν
2122 522 2315 590 ἐκείνῳ
2336 519 2612 590 ῥηθέντων
2647 523 3169 592 ἀπομνημονεύεται
3192 538 3207 553 ·
3237 526 3272 579 ἃ
3303 526 3419 587 τοῖς
3450 518 3578 581 κατ’

1986 612 2264 680 Αιγυπτον
2295 614 2551 682 μοναχοῖς
2582 612 2672 666 διὰ
2703 615 2945 684 σπουδῆς
2975 614 3193 684 ἔχουσιν
3222 616 3490 687 ἀκριϐοῦν
3508 621 3577 672 τὰ

1985 703 2233 759 τοιαῦτα.
2268 704 2378 757 Καὶ
2405 707 2525 768 ταῖς
2554 703 2667 758 τῶν
2703 706 3084 778 παλαιοτέρων
3112 708 3374 778 ἀσκητῶν
3403 711 3574 780 ἐργα-

1989 793 2135 860 σίαις
2195 793 2493 863 ἐγγράφως
2527 810 2586 845 τε
2620 795 2718 846 καὶ
2753 794 3023 863 ἀγράφως
3074 796 3294 850 είωθόσι
3334 799 3574 867 χαίρειν,

1987 886 2044 946 ἐς
2067 882 2228 952 δεῦρο
2267 884 2499 953 φέρεται
2540 885 2607 954 τῇ
2653 883 2749 938 τοῦ
2778 886 2974 955 χρόνου
3000 885 3250 957 διαδοχῇ,
3297 887 3575 952 ξενίζοντα

1985 973 2115 1036 τοὺς
2138 971 2439 1035 ἀκούοντας
2464 987 2478 1002 ·
2506 965 2581 1027 ὧν
2610 972 2888 1041 γεύματος
2915 974 3078 1045 χάριν
3103 976 3283 1030 ταῦτα
3306 977 3570 1046 εἰρήσθω.

2001 1062 2198 1134 Ἀπῂει
2227 1064 2256 1115 6
2290 1063 2466 1131 μέγας
2508 1062 2668 1127 οὗτος
2719 1065 2813 1117 ἐπί
2864 1081 2987 1118 τινα
3022 1066 3257 1136 ἔρημον.
3292 1068 3505 1137 Δεῆσαν
3529 1067 3575 1121 δ’

1988 1156 2183 1226 ἐκείνῳ
2211 1154 2455 1226 διώρυγά
2475 1174 2597 1209 τινα
2629 1157 2727 1209 σὺν
2758 1157 2836 1225 τῷ
2864 1158 3080 1228 μαθητῇ
3115 1159 3282 1211 αὐτοῦ
3308 1160 3576 1231 Θεοδώρῳ

1989 1245 2282 1315 διαπερᾷν,
2316 1245 2403 1297 ῖνα
2438 1245 2513 1315 μὴ
2553 1244 2982 1310 ἀναστέλλοντες
3020 1247 3089 1299 τὰ
3132 1247 3324 1317 ἱμάτια
3346 1250 3447 1320 τὴν
3474 1249 3575 1316 γύ-

1994 1352 2204 1406 μνωσιν
2255 1334 2505 1404 ἀλλήλων
2552 1335 2885 1399 θεάσωνται,
2952 1337 3153 1406 μικρὸν
3185 1339 3575 1408 ὑπαναχωρεῖν

1990 1412 2270 1499 Θεόδωρον
2293 1428 2507 1497 ἔλεγεν.
2548 1427 2709 1482 Ἐπεὶ
2733 1428 2789 1481 δὲ
2824 1429 2916 1481 καὶ
2946 1429 3145 1481 ἑαυτὸν
3168 1428 3378 1499 γυμνὸν
3404 1430 3574 1499 ηὐλα-

1991 1521 2138 1574 ϐεἶτο
2169 1520 2495 1583 θεάσασθαι,
2525 1519 2649 1590 θείᾳ
2682 1522 2826 1590 ῥοπῇ
2866 1520 3165 1591 μετάρσιος
3185 1520 3470 1592 ἐπαρθεὶς,
3492 1523 3576 1583 είς

1991 1612 2090 1682 τὴν
2120 1612 2418 1682 ἀντιπέραν
2451 1610 2624 1682 ὄχθην
2660 1612 2904 1679 ἐγένετο.
2939 1611 3031 1675 Ὠς
3071 1611 3128 1665 δὲ
3152 1612 3248 1664 καλ⁸
3293 1611 3574 1678 Θεόδωρος

1991 1701 2279 1772 διάϐροχος
2313 1702 2517 1765 ίκανῶς
2540 1698 2805 1770 γεγονὼς,
2840 1703 2922 1762 είς
2955 1701 3014 1755 τὸ
3050 1700 3228 1771 πέραν
3257 1700 3354 1756 τοῦ
3390 1701 3572 1754 Λύκου

1923 1768 1967 1823 Β
1992 1790 2060 1863 ἦν
2087 1768 2272 1864 (οῦντω
2302 1795 2410 1866 γάρ
2434 1768 2725 1864 ἐγχωρίοις
2750 1795 2785 1864 ἠ
2818 1792 3022 1864 διώρυξ
3065 1768 3421 1864 ὠνόμαστο),
3475 1796 3572 1847 καὶ

1995 1887 2096 1957 τὴν
2124 1886 2332 1957 ἐσθῆτα
2355 1888 2452 1941 καὶ
2481 1888 2612 1951 τοὺς
2644 1886 2817 1950 πόδας
2846 1885 3055 1957 Ἀμοῦν
3089 1886 3366 1956 ἀϐρόχους
3397 1885 3572 1956 ἐώρα,

1997 1977 2252 2031 ἐπέκειτο
2285 1977 2561 2048 λιπαρῶν,
2593 1978 2692 2029 καὶ
2718 1976 2821 2045 τὴν
2851 1974 3037 2029 αἰτίαν
3059 1975 3288 2046 φράζειν
3313 1976 3405 2029 τδν
3434 1992 3573 2044 πρε-

1999 2066 2208 2137 σϐύτην
2269 2065 2448 2134 ⁴ἠξίου.
2518 2066 2576 2120 ’0
2631 2065 2689 2116 δέ
2730 2065 3000 2136 κρύπτειν
3041 2066 3140 2135 μὲν
3188 2067 3452 2136 ἐπειρᾶτο
3479 2068 3577 2119 καὶ

1998 2159 2081 2213 ἔτι
2102 2176 2117 2192 ο
2144 2163 2218 2223 ὡς
2240 2158 2285 2211 δ’
2325 2158 2565 2228 ισχυρῶς
2591 2158 2879 2211 ἐπετίθετο
2912 2161 2989 2228 μὴ
3018 2159 3243 2227 ἀνήσειν
3268 2159 3572 2228 ὁμολογῶν,

1998 2253 2225 2317 ἐκεῖνος,
2282 2251 2536 2320 σύνθημα
2602 2251 2725 2313 δοὺς
2786 2251 2862 2319 μή
2925 2267 3036 2302 τινι
3068 2249 3130 2302 τὸ
3160 2249 3324 2320 ἔργον
3371 2250 3574 2313 ζῶντος

2014 2343 2215 2414 Ἀμοῦν
2246 2344 2502 2410 ἐξειπεῖν,
2544 2341 2809 2411 ἐγνώριζε
2840 2341 2904 2394 τδ
2932 2340 3148 2409 συμϐάν
3171 2360 3187 2374 ·
3232 2343 3325 2395 καὶ
3356 2342 3575 2409 φύσεως

2000 2436 2311 2507 ὑπερτέρας
2348 2433 2490 2488 εἶναι
2515 2435 2608 2488 τοῦ
2641 2433 2829 2487 λοιποῦ
2856 2434 2948 2486 τὸν
2971 2434 3145 2504 ἄνδρα
3168 2433 3329 2505 ᾤετο.
3362 2435 3488 2488 Ὀτι
3517 2436 3575 2488 δὲ

2000 2529 2097 2583 καὶ⁸
2124 2530 2276 2592 θείας
2308 2527 2675 2599 προγνώσεως
2705 2526 2960 2597 ἔμπλεως
2988 2525 3077 2597 ἧν.
3111 2528 3276 2591 δείξει
3307 2529 3370 2580 τὸ
3400 2528 3572 2599 ῥηθη-

2002 2621 2250 2689 σόμενον.
2289 2621 2424 2682 Παῖς
2446 2619 2651 2672 ἀδίκων
2702 2618 2958 2688 πατέρων
3016 2619 3142 2671 κυνὶ
3177 2619 3446 2673 λυσσῶντι
3475 2619 3573 2689 51)-

2000 2710 2177 2780 χθεὶς,
2201 2711 2382 2764 θανεῖν
2410 2711 2601 2764 ἐσόσον
2621 2709 2778 2764 οὔπω
2804 2711 3176 2781 προσδόκιμος
3206 2707 3298 2784 ἦν.
3339 2714 3491 2766 Ἐπεὶ
3514 2713 3575 2766 δὲ

2001 2803 2138 2873 πρὸς
2157 2801 2361 2872 Ἀμοῦν
2415 2803 2646 2873 ἤγαγον,
2702 2803 2802 2873 τὴν
2833 2803 2978 2857 ίασιν
3026 2804 3349 2875 ἐλιπάρουν.
3381 2806 3488 2858 Τὸν
3514 2806 3576 2857 δέ

2003 2895 2170 2964 φάναι
2190 2911 2204 2926 ο
2234 2896 2349 2949 Οὐκ
2379 2894 2507 2964 ἐγὼ,
2541 2895 2658 2949 ἀλλ’
2694 2896 2857 2966 ὑμεῖς
2894 2895 3080 2961 αὐτὸν,
3118 2898 3239 2965 είγε
3269 2896 3577 2967 βούλοισθε.

2005 2985 2405 3054 θεραπεύσετε.
2444 2986 2506 3039 Ei
2538 2985 2645 3056 γὰρ
2673 2985 2973 3039 ἀποδοῦναι
3026 2987 3155 3055 ὑμῖν
3194 2988 3285 3040 τὸν
3315 2987 3442 3058 βοῦν
3481 2994 3578 3056 γε-

223 3155 229 3160 .
323 3077 470 3146 quod
501 3080 666 3132 etiam
715 3081 1165 3150 praecognitionis
1212 3083 1414 3138 divina:
1460 3085 1655 3154 plenus
1704 3087 1894 3148 fuerit,

2004 3090 2173 3139 νοιτο,
2196 3074 2328 3146 παρ’
2349 3069 2424 3129 ὧν
2446 3076 2612 3146 συλᾷν
2630 3075 2843 3130 είλεσθε
2871 3076 3180 3144 δεσποτῶν,
3197 3078 3400 3132 αὐτίκα
3428 3081 3579 3151 ῥᾴων

325 3170 380 3226 id
429 3170 578 3239 quod
615 3186 761 3226 nunc
794 3173 1061 3240 dicemus,
1098 3176 1231 3231 satis
1273 3176 1560 3233 indicabit.
1592 3179 1736 3234 Puer
1773 3182 1896 3250 qui-

321 3263 446 3318 dam
483 3262 773 3334 parentum
810 3265 1138 3338 injustorum
1178 3285 1206 3322 a
1243 3271 1434 3325 rabido
1463 3286 1601 3326 cane
1649 3288 1894 3337 mersus,

321 3357 375 3411 in
405 3373 470 3413 ea
514 3359 924 3427 exspectatione
949 3401 962 3421 ,
995 3369 1055 3415 ut
1075 3364 1486 3432 quamprimum
1552 3375 1894 3433 moreretur,

322 3460 443 3504 erat
478 3469 493 3506 :
527 3466 652 3506 cum
688 3460 873 3507 autem
915 3436 982 3507 ad
1015 3456 1228 3511 Atnoun
1258 3471 1384 3510 eum
1429 3457 1806 3522 adduxissent,
1841 3467 1900 3512 ut

324 3557 452 3596 eum
479 3553 701 3599 curaret
728 3545 1017 3616 petebant;
1051 3548 1140 3601 ille
1174 3589 1190 3613 ,
1242 3548 1361 3602 Non
1395 3565 1519 3619 ego,
1556 3551 1755 3621 inquit,
1798 3551 1897 3607 sed

323 3653 443 3699 vos.
478 3638 753 3707 siquidem
785 3640 1036 3706 'voletis,
1085 3657 1211 3696 eum
1247 3643 1515 3699 curabitis
1562 3660 1578 3698 :
1630 3646 1675 3700 si
1724 3647 1919 3711 enim,.

324 3747 490 3800 quem
527 3732 875 3802 surripuistis
924 3733 1144 3795 bovem,
1174 3736 1413 3790 dominis
1458 3737 1572 3792 suis
1607 3738 1900 3795 restituere

324 3819 633 3883 volueritis,
668 3822 852 3875 statim
889 3824 1033 3878 malo
1061 3827 1207 3879 omni
1238 3840 1376 3895 puer
1404 3826 1755 3883 liberabitur.
1793 3830 1901 3885 Bos

325 3911 575 3965 redditus
613 3919 721 3977 est,
751 3921 806 3967 et
849 3914 1155 3983 periculum
1196 3932 1359 3972 omne
1389 3918 1678 3974 confestim
1713 3922 1900 3990 profu-

329 4004 487 4073 gicns
539 4019 771 4058 vacuum
825 4020 1084 4061 aarunntne
1133 4009 1313 4064 omnis
1365 4026 1597 4080 puerum
1656 4014 1899 4083 reliquit.

329 4096 492 4166 627
517 4096 653 4149 Cum
677 4107 858 4151 autem
882 4098 1066 4169 aliquo
1092 4107 1211 4167 post
1238 4111 1487 4170 tempore
1508 4101 1717 4157 Antoun
1741 4104 1904 4159 dece-

327 4185 522 4248 deret,
573 4186 815 4239 animant
866 4187 988 4257 ejus
1025 4188 1299 4245 Antonius
1350 4190 1553 4245 dicitur
1601 4192 1655 4246 in
1702 4194 1901 4249 ctrlum

331 4274 532 4330 deduci
574 4275 804 4336 vidisse.
849 4276 1055 4333 divinis
1092 4279 1391 4336 virtutibus
1422 4295 1543 4335 eam
1587 4283 1904 4339 comitanti-

328 4368 455 4433 bus,
511 4367 978 4440 venerationeque
1039 4379 1095 4425 et
1150 4371 1448 4442 stipatione
1496 4373 1688 4438 multa,
1738 4384 1905 4444 atque

2000 3168 2153 3220 ἔσται
2180 3170 2209 3222 6
2238 3171 2371 3232 παῖς
2397 3168 2506 3222 τῶν
2534 3168 2750 3222 δεινῶν.
2787 3170 2898 3223 Καὶ
2920 3171 2948 3223 6
2981 3168 3081 3239 μὲν
3113 3168 3240 3240 βοῦς
3270 3171 3576 3226 ἀπεδίδοτο·

1996 3263 2024 3314 ό
2053 3260 2110 3313 δὲ
2145 3261 2391 3325 κίνδυνος
2418 3262 2597 3315 αὐτίκ’
2627 3261 3002 3332 ἐδραπέτευεν
3035 3262 3233 3334 ἐξάντη
3266 3265 3454 3318 κακῶν
3486 3265 3580 3317 τὸν

1998 3355 2167 3407 παῖδα
2202 3353 2396 3409 λιπών.
2467 3354 2623 3407 Ἐπεὶ
2674 3353 2732 3406 δὲ
2765 3355 2947 3426 χρόνῳ
2981 3354 3211 3426 ὕστερον
3239 3357 3336 3409 καὶ⁵
3376 3356 3579 3426 ’Δμοῦν

1999 3447 2279 3513 ἐτελεύτα,
2312 3446 2531 3516 λέγεται
2567 3447 2857 3503 ’Λντώνιον
2888 3449 3239 3519 ἀναγομένην
3266 3450 3367 3519 τὴν
3395 3452 3577 3521 ψυχὴν

1999 3538 2210 3591 ἐκείνου
2237 3538 2570 3608 είςοῦρανδν
2597 3540 2851 3608 θεωρεῖν,
2879 3540 3198 3611 περικύκλῳ
3230 3542 3394 3594 θείων
3416 3542 3580 3594 δυνά-

2005 3651 2155 3704 μεων
2188 3634 2494 3704 ἑπομένων,
2528 3634 2623 3686 καὶ
2660 3634 3151 3705 παραπεμπόντων
3182 3636 3401 3697 ἐκείνην
3439 3636 3583 3687 αἰδοῖ

2005 3727 2428 3797 καὶπδορυφορίᾳ
2459 3725 2656 3795 πολλῇ,
2688 3728 2783 3779 καί
2817 3744 2926 3778 τινι
2950 3727 3177 3799 ἀρρήτῳ
3228 3725 3415 3797 ὕμνων
3440 3727 3577 3797 ᾠδῇ·

2001 3819 2129 3880 τοὺς
2151 3818 2207 3870 δὲ
2247 3819 2377 3887 περὶ
2407 3818 2570 3871 αὐτὸν
2618 3820 2672 3870 ἐν
2705 3817 2967 3886 ἐκπλήξει
2998 3819 3089 3871 τὸν
3128 3820 3266 3889 άέρα
3299 3817 3578 3887 θεώμενον

2003 3912 2097 3965 καὶ
2128 3912 2216 3964 διὰ
2247 3910 2529 3980 θαύματος
2568 3910 2762 3981 έχοντα
2802 3911 2940 3979 πρὸς
2981 3910 3082 3983 τὴν
3107 3910 3230 3980 δψιν
3264 3910 3373 3963 τῶν
3405 3927 3579 3979 παρα-

2001 4003 2191 4068 δόξω),
2261 4002 2724 4056 διαπυνθάνεσθαι
2784 4002 2875 4054 τὸν
2922 4000 3218 4055 Ἀντώνιον
3248 4004 3348 4069 τὴν
3372 4002 3578 4055 αἰτίαν.

2004 4096 2110 4149 Τὸν
2143 4096 2199 4149 δὲ
2235 4096 2310 4166 μὴ
2336 4095 2653 4165 ἀποκρύψαι
2679 4094 2779 4165 τὴν
2812 4094 2935 4160 ὄψιν
2956 4109 2970 4123 ⁸
3001 4094 3096 4148 καὶ
3125 4094 3401 4163 τάσφαλὲς
3430 4090 3581 4164 εἶχεν

2003 4193 2031 4244 ὁ
2056 4189 2214 4258 λόγος
2235 4204 2249 4217 ⁸
2283 4188 2456 4241 ἔπειτ’
2488 4188 2596 4242 άπὸ
2625 4189 2879 4258 Σκὴτεως
2930 4186 3372 4240 πολλῶν“ὲκεῖθεν
3413 4187 3579 4256 ἡκόν-

2003 4294 2133 4343 των,
2166 4276 2260 4328 καὶ
2291 4277 2381 4328 τὸν
2425 4278 2616 4346 χρόνον
2651 4276 2750 4342 τῆς
2778 4274 2983 4345 Ἀμοῦν
3028 4275 3292 4346 τελευτῆς
3323 4276 3579 4328 ἀνειπόν-

2005 4384 2148 4421 τωνσ
2178 4362 2319 4421 εἶναι
2354 4368 2399 4420 δ’
2426 4369 2659 4432 ἐκεῖνον,
2693 4367 2815 4420 καθ’
2843 4367 2904 4420 ὃν
2951 4368 3240 4428 Ἀντώνιος
3279 4368 3581 4438 ἐκπληττό-

324 4459 493 4514 etiam
524 4459 787 4515 inelhbili
812 4462 1047 4532 quoiam
1083 4462 1411 4533 hymnorum
1435 4467 1679 4522 carmine
1712 4482 1895 4537 prose-

2012 4476 2175 4528 μενος
2200 4461 2280 4523 είς
2305 4461 2573 4531 οὐρανοὺς
2596 4460 2789 4514 ἐϐλεπε
2812 4476 2827 4491 ⁹
2860 4464 2955 4514 καὶ
2984 4462 3154 4532 ἄμφω
3173 4462 3230 4514 δὲ
3262 4461 3448 4531 ἠξίουν
3472 4478 3577 4530 μα-

325 4551 647 4619 qnentibus.
688 4551 756 4606 Et
799 4568 946 4618 cum,
978 4552 1073 4623 qui
1110 4563 1226 4608 tum
1265 4569 1387 4609 ctun
1438 4556 1677 4612 Antonio
1724 4567 1902 4622 erant,

327 4658 425 4715 per
452 4644 953 4700 con5ternationcm
1006 4646 1060 4701 in
1109 4662 1295 4702 aerem
1330 4648 1688 4717 suspiciente,
1721 4658 1779 4704 et
1824 4649 1904 4704 rei

329 4744 493 4790 tanta:
514 4735 708 4793 faciem
731 4738 1058 4801 admirante,
1081 4753 1300 4792 causam
1326 4738 1396 4792 ab
1419 4754 1485 4793 eo
1510 4739 1857 4809 requirerent
1884 4777 1902 4804 ,

329 4823 421 4877 ille
464 4824 638 4877 visum
677 4826 729 4879 id
783 4826 1210 4897 haudquaquam
1261 4828 1537 4883 occultum
1580 4829 1793 4885 habuit.
1837 4830 1908 4885 Et

328 4918 496 4971 verba
524 4918 645 4988 ejus
668 4935 724 4971 re
749 4919 866 4990 ipsa
897 4928 1025 4979 sunt
1052 4921 1396 4975 conﬁrmata.
1430 4921 1725 4986 Postquam
1756 4922 1904 4976 enim

328 5027 359 5066 a
395 5008 543 5064 Secti
583 5010 738 5064 multi
780 5026 1005 5078 venere,
1033 5020 1090 5067 et
1122 5022 1339 5083 tempus
1364 5014 1551 5068 obitus
1580 5013 1796 5068 Amoun
1825 5013 1908 5068 in-

330 5103 602 5167 dicavere,
652 5101 783 5157 illud
837 5105 1014 5172 ipsum
1063 5113 1288 5174 tempus
1333 5118 1457 5160 esse
1505 5116 1905 5175 cognoverunt,

329 5209 454 5248 cunt
478 5194 750 5248 Antonius
777 5202 1000 5263 stupore
1025 5206 1311 5265 correptus
1338 5197 1391 5250 in
1422 5198 1597 5253 caelos
1624 5200 1903 5268 suspexit;

332 5296 392 5340 et
422 5298 714 5357 utrumque
746 5300 878 5341 sane
922 5288 1122 5343 merito
1155 5290 1372 5343 beatum
1408 5290 1725 5346 habendum
1751 5292 1907 5346 dixe-

338 5388 465 5432 runt
508 5396 523 5433 ;
568 5381 784 5433 Atnoun
832 5379 1079 5449 quidem,
1124 5379 1271 5451 quod
1312 5388 1393 5436 sle
1428 5396 1460 5435 e
1496 5383 1605 5436 vita
1652 5384 1905 5451 praesenti

339 5470 646 5526 subductus
675 5481 820 5527 esset
857 5515 873 5537 ,
904 5471 1208 5527 Antonium
1242 5487 1394 5539 vero,
1424 5475 1571 5544 quod
1611 5491 1735 5529 eum
1763 5476 1908 5535 Deus

337 5565 551 5619 visione
601 5580 663 5618 ca
718 5566 1175 5635 dignatusessct
1230 5583 1243 5619 :
1302 5582 1429 5620 cum
1480 5568 1702 5636 quidem
1764 5569 1907 5623 inter

345 5656 633 5724 utriusque
662 5656 1013 5712 habitationis
1040 5658 1244 5721 locum,
1269 5675 1524 5729 magnum
1559 5659 1904 5714 intervallum

339 5755 510 5816 atque
536 5746 751 5800 dierum
779 5747 985 5815 aliquot
1025 5748 1389 5804 intercederet
1425 5761 1548 5805 llCl’.
1584 5751 1761 5820 Atque
1793 5752 1907 5807 haec

2011 4551 2284 4621 καρισμοῦ
2310 4570 2324 4584 ’
2356 4553 2449 4605 τὸν
2481 4552 2580 4622 μὲν
2614 4551 2790 4615 οὕτως
2826 4553 2938 4606 τῶν
2980 4553 3269 4624 παρόντων
3324 4552 3577 4605 ἀπαλλαο

2006 4642 2197 4709 γέντα,
2228 4642 2518 4709 Ἀντώνιος
2563 4643 2608 4697 δ’
2653 4645 2735 4697 ὃτι
2767 4645 3040 4714 τοσαύτης
3080 4643 3254 4713 ὅψεως
3278 4643 3479 4713 ἠξίωτο
3515 4646 3579 4695 ἐκ

2007 4734 2180 4786 Θεοῦ·
2227 4734 2426 4786 πολλοῦ
2454 4735 2827 4806 διαστήματος
2882 4734 3108 4807 ἡμερῶν
3155 4735 3276 4789 ὁδοῦ
3314 4736 3393 4805 τῷ
3427 4737 3580 4804 μέσῳ

2007 4823 2158 4893 τόπῳ
2185 4823 2287 4892 τῆς
2349 4823 2636 4896 διατριϐῆς
2676 4825 2956 4895 ἑκατέρων
2994 4825 3168 4889 ὄντος.
3234 4826 3346 4877 Καὶ
3371 4830 3440 4878 τὰ
3482 4827 3581 4893 μὲν

2008 4918 2140 4985 περὶ
2170 4915 2463 4970 Ἀντωνίου
2492 4918 2586 4969 καὶ
2616 4916 2822 4987 ’Δμοῦν
2856 4911 2957 4970 ὧδε
2992 4918 3292 4988 ἱστόρηται.
3332 4918 3490 4971 Κατὰ
3524 4920 3581 4971 δὲ

2009 5009 2100 5062 τὸν
2125 5010 2289 5063 αὑτὸν
2321 5011 2534 5082 χρόνον,
2567 5010 2660 5064 καὶ
2688 5011 2791 5064 ἀνὰ
2818 5010 2911 5062 τὸν
2945 5011 3045 5080 τῆς
3082 5009 3341 5072 Βιθυνίας
3370 5008 3581 5079 Ὀλυμ-

2011 5115 2113 5152 πον
2149 5098 2479 5168 Εὐτυχιανὸς
2541 5101 2750 5163 ἐκεῖνος
2783 5100 2878 5159 τὰς
2911 5099 3201 5171 διατριϐάς
3254 5100 3581 5169 ποιούμενος

2010 5189 2320 5259 φιλοσοφῶν
2373 5186 2472 5260 ἦν’
2513 5191 2665 5254 θείας
2711 5191 2821 5261 γάρ
2873 5192 3098 5261 χάριτος
3147 5194 3213 5243 ἐκ
3245 5194 3343 5261 τῆς
3377 5191 3583 5261 ἀρετῆς

2012 5283 2325 5353 μετασχὼν,
2345 5282 2423 5346 ώς
2455 5285 2553 5336 καὶ
2583 5284 2883 5353 θαυμάτων
2913 5284 3011 5337 καὶ
3035 5284 3284 5355 τεράτων
3309 5286 3584 5337 πλείστων

2009 5377 2316 5443 αὐτουργὸν
2378 5377 2637 5444 γενέσθαι
2691 5376 2921 5443 πολλῶν,
2980 5377 3171 5439 νόσους
3203 5375 3312 5427 τῶν
3345 5376 3583 5427 ἀνιάτων

2013 5470 2151 5523 ἰᾶτο.
2188 5470 2267 5523 Δι’
2292 5468 2328 5523 ἃ
2352 5469 2444 5522 καὶ
2475 5470 2878 5540 Κωνσταντίνῳ
2912 5469 3124 5539 βασιλεί
3158 5470 3362 5539 σπουδὴ
3391 5472 3581 5538 γέγονε

2012 5561 2168 5629 φίλον
2208 5564 2417 5613 ἐκεῖνον
2456 5561 2547 5613 καὶ⁵
2608 5560 2814 5631 συνήθη
2867 5562 3063 5613 ποιεῖν.
3126 5561 3265 5612 Κατ’
3313 5563 3491 5612 ἐκεῖνο
3526 5563 3583 5612 δὲ

2013 5658 2206 5725 καιροῦ
2234 5657 2341 5707 τῶν
2371 5672 2454 5715 τις
2487 5654 2783 5723 βασιλικῶν
2805 5655 3144 5725 δορυφόρων,
3173 5655 3411 5722 ὑποψίαν
3439 5656 3584 5722 σχὼν

2010 5750 2082 5810 ὡς
2113 5750 2199 5814 εἴη
2244 5750 2542 5814 τυραννικὰ
2599 5748 2835 5817 φρονῶί,
2888 5751 3013 5815 περὲ
3049 5764 3150 5799 που
3178 5750 3268 5798 τον
3298 5749 3585 5816 Ὄλυμπον
