3972 6200
289 263 388 326 161

1225 252 1823 316 ECCLESIAS’IICAE
1862 252 2253 311 HISTORI/E
2293 250 2441 313 LIB.
2480 252 2651 315 VIII.

3434 249 3537 314 162

280 378 670 448 κρυπτόμενος
704 376 801 426 καὶ⁵
826 369 1109 433 ἑαλωκὼς,
1139 370 1505 439 δεσμωτηρίῳ
1540 366 1859 434 καθεῖρκτο.

1979 366 2188 434 quidem
2224 368 2293 422 de
2318 368 2560 422 Antonio
2589 378 2647 421 et
2672 370 2910 430 Amoun,
2936 368 3213 423 memoriae
3239 380 3369 423 sunt
3402 385 3533 438 pro-

290 468 455 521 Ἐπεὶ
480 466 540 519 δὲ
572 467 801 534 πικραῖς
824 464 1083 533 βασάνοις
1127 463 1235 515 ἀνά
1264 464 1364 531 τὴν
1397 459 1625 529 εἱρκτὴν
1655 458 1858 528 εἴχετο,

284 562 338 610 οἱ
377 560 531 624 γένει
557 557 934 626 προσήκοντες
962 552 1284 623 Εὐτυχιανῷ
1313 552 1628 620 προσιόντες
1651 550 1862 602 ἐδέοντο

289 648 625 717 πρεσϐεύειν
692 649 753 703 ἐς
791 645 1019 715 βασιλέα
1078 645 1221 714 ὑπὲρ
1258 643 1462 697 αὐτοῦ’
1498 641 1592 696 καί
1653 658 1776 695 τινα
1805 640 1864 694 δὲ

284 743 470 794 ποιεῖν
535 740 821 808 πρόνοιαν,
881 737 1025 791 ὥστε
1076 736 1187 790 τῶν
1244 736 1461 805 δεσμῶν
1518 736 1746 798 ἀνεῖναι,
1789 733 1864 803 μὴ

281 835 471 903 φθάσῃ
506 833 616 901 πρὸ
636 831 737 900 τῆς
777 830 1081 900 πρεσϐείας
1109 831 1185 898 τῷ
1209 827 1430 899 χαλεπῷ
1468 826 1576 880 τῶν
1610 825 1863 897 βασάνων

285 925 635 994 διαφθαρεὶς,
664 925 763 976 καὶ
790 922 1040 992 πέμψας,
1071 923 1200 984 τοὺς
1231 920 1652 991 δεσμοφύλακας
1689 919 1865 972 ἐδεῖτο

278 1014 393 1063 τῶν
424 1012 646 1079 δεσμῶν
671 1012 877 1063 ἀνεῖναι
899 1011 1081 1063 αὐτόν.
1118 1009 1207 1075 Ὠς
1234 1009 1279 1062 δ’
1309 1004 1474 1081 ἦττον
1496 1003 1640 1072 ἦσαν
1673 1005 1864 1075 πειθή-

283 1121 418 1166 νιοι,
474 1104 639 1165 αὐτδς
676 1104 771 1156 ἐπὶ
824 1104 885 1155 τὸ
946 1102 1324 1173 δεσμωτήριον
1377 1103 1527 1172 ἣκει.
1586 1099 1730 1153 Atos
1764 1099 1864 1169 τῆς

282 1194 539 1262 φρουρᾶς
592 1192 763 1245 πύλαι
804 1193 1129 1262 αὐτόματοι,
1161 1192 1270 1244 τῶν
1326 1191 1594 1260 κλείθρων
1636 1191 1866 1260 διαρρα-

282 1287 496 1351 γὲντων
528 1286 595 1353 τῇ
628 1283 723 1336 τοῦ
759 1283 955 1353 ἀνδρὸς
978 1283 1277 1354 παρουσίᾳ,
1333 1282 1534 1336 θᾶττον
1566 1281 1864 1334 ἀνεπετάν-

286 1388 471 1425 νυντο.
502 1373 613 1423 Καὶ
646 1373 703 1423 αἱ
738 1375 803 1424 ὲκ
838 1371 1063 1443 σιδήρου
1093 1371 1251 1424 πέδαι
1280 1372 1376 1424 καὶ
1415 1370 1487 1422 τὰ
1518 1370 1694 1433 κλοιά,
1729 1371 1864 1421 ἁπο-

289 1463 556 1516 )είποντα
584 1464 675 1517 τὸν
699 1463 1009 1535 δεσμώτην.
1034 1464 1241 1533 διέρρει
1266 1464 1547 1532 ψοφοῦντα
1575 1462 1668 1515 καὶ
1694 1461 1867 1515 ἁπαν-

288 1555 464 1624 ταχοῦ
505 1555 936 1626 σκεδαννύμενα.
971 1553 1128 1609 -Είτα
1159 1557 1296 1624 πρὲις
1330 1555 1560 1626 βασιλέα
1589 1556 1747 1625 ἥκειν
1787 1554 1864 1624 τῷ

283 1648 575 1716 Βυζαντίῳ
628 1646 983 1717 διατρίϐοντα
1032 1651 1363 1717 τηνικαῦτα,
1417 1652 1513 1700 καὶ
1570 1647 1729 1700 λῦσαι
1787 1645 1864 1714 τῷ

282 1738 568 1806 καταδίκῳ
596 1737 698 1807 τὴν
731 1740 1002 1809 τιμωρίαν
1031 1738 1216 1801 εὐθύς.
1245 1740 1514 1808 Δυσχερὲς
1541 1740 1651 1808 γάρ
1671 1736 1867 1789 οὐκοῦν

280 1824 352 1897 ἦν
395 1829 797 1894 Κωνσταντίνῳ
826 1829 855 1880 ὃ
887 1846 938 1880 τι
964 1828 1031 1881 ἂν
1060 1831 1267 1891 ἐκεῖνος
1287 1830 1489 1899 αἰτοίη.
1522 1828 1737 1896 Σφόδρα
1758 1830 1865 1897 γὰρ

282 1923 362 1991 τῷ
390 1920 489 1972 τοῦ
515 1922 709 1990 ἀνδρὸς
731 1923 896 1990 ἔρωτι
928 1919 1237 1991 ἐντετηκὼς
1264 1916 1356 1990 ἦν,
1393 1922 1490 1973 καὶ
1508 1920 1599 1973 διὰ
1624 1918 1868 1991 μεγάλης

284 2017 531 2067 ἐποιεῖτο
563 2013 754 2082 τιμῆς.
789 2014 963 2081 Λόγος
994 2012 1039 2065 δ’
1067 2013 1181 2083 ἔχει
1213 2014 1268 2076 ἐς
1288 2012 1515 2082 ὕστερον
1539 2012 1868 2083 Εὐτυχιανὸν

284 2107 356 2158 τά
388 2106 650 2158 Ναυάτου
715 2107 1008 2174 φρονῆσαι,
1064 2106 1161 2158 καί⁸
1198 2105 1301 2174 τῆς
1363 2104 1593 2167 ἐνούσης
1629 2104 1869 2174 ξχάριτος

286 2198 623 2266 ἁμοιρῆσαι.
691 2197 876 2250 Ταῦτα
912 2196 1011 2266 μὲν
1068 2198 1204 2266 ἡμῖν
1257 2198 1320 2248 ὲκ
1357 2197 1559 2266 μέρους
1609 2198 1740 2264 περὶ
1769 2195 1869 2265 τῆς

287 2291 575 2351 πολιτείας
606 2291 846 2361 εἰρήσθω
894 2290 1001 2341 τῶν
1033 2289 1311 2359 μοναχῶν,
1371 2292 1463 2342 καὶ
1492 2288 1602 2341 τῶν
1635 2291 1695 2340 ἐν
1729 2288 1866 2356 αὐτῇ

287 2380 780 2447 φιλοσοφησάντων
804 2393 818 2407 ο
875 2372 918 2444 ᾧ
941 2378 997 2431 δὲ
1032 2377 1187 2447 μέλοι
1237 2377 1305 2430 τὰ
1335 2375 1561 2429 τοιαῦτα
1587 2375 1871 2445 διερευνᾶ-

291 2473 440 2533 citat,
485 2470 717 2532 πολλαῖς
776 2470 993 2539 ἐντύχοι
1027 2472 1138 2524 τῶν
1190 2470 1412 2539 βίϐλων,
1445 2469 1734 2535 πλείστους
1762 2470 1870 2523 τῶν

292 2561 552 2631 τηνικάδε
587 2562 682 2613 καὶ
714 2561 950 2631 καθεξῆς
982 2563 1239 2632 ἀκριὸείᾳ
1289 2561 1406 2631 βίου
1442 2561 1870 2631 διαλαμψάντων

290 2656 633 2723 ίστορουσὼν
651 2668 663 2680 ·
690 2655 930 2722 μάλιστα
949 2654 993 2708 δ’
1018 2658 1051 2725 ἢ
1089 2657 1289 2725 Λαύστρ
1325 2658 1673 2725 πραιποσίτῳ
1698 2658 1870 2726 ἐγρά-

290 2766 391 2818 φη.
429 2749 642 2818 Πολλὴν
670 2748 727 2801 δὲ
782 2749 877 2802 καὶ
921 2750 1233 2819 Σωφρόνιος
1285 2752 1313 2802 ό
1354 2749 1749 2819 Ἱεροσολύμων
1778 2751 1871 2803 καὶ

289 2840 507 2909 ἀγαθὴν
574 2842 819 2910 ἱστορίαν
873 2843 1003 2912 περὶ⁵
1048 2841 1256 2894 τούτων
1294 2844 1431 2910 ἡμῖν
1485 2843 1868 2907 καταλέλοιπε,

289 2933 568 3001 Λειμῶνα
589 2936 685 2987 καὶ
703 2935 859 2987 Νέον
882 2932 1254 3002 παράδεισον
1278 2932 1374 3002 τὴν
1406 2932 1728 3003 συγγραφὴν
1752 2933 1872 2986 ὀνο-

1964 459 2098 517 dita.
2139 460 2343 515 Eodem
2384 477 2517 514 vero
2559 471 2832 530 tempore,
2870 470 2926 514 et
2971 460 3025 515 in
3071 460 3305 531 Olympo
3350 462 3535 533 Bithy-

1964 550 2069 605 nia:
2097 551 2472 620 Eutychiauus
2511 552 2602 607 ille
2635 562 2905 616 versatus,
2938 551 3258 606 monasticae
3291 552 3537 620 philoso-

1964 639 2110 709 phiae
2164 656 2390 709 cperant
2438 643 2682 697 navavit.
2743 640 3059 711 Tanmpere
3108 642 3383 711 siquidem
3438 656 3535 710 per

1965 730 2226 786 virtutem
2258 731 2458 785 divinte
2487 736 2676 801 gratiae
2709 734 2983 801 particeps
3013 741 3098 787 est
3130 732 3332 791 factus,
3367 741 3428 785 ut
3458 732 3537 798 (l)

1967 822 2232 877 miracula
2265 831 2322 877 et
2357 822 2604 892 prodigia
2643 823 2878 892 plurima
2911 822 3170 887 ediderit,
3200 822 3537 890 morbosque

1967 914 2299 970 incurabilcs
2365 917 2667 970 sanaverit.
2732 917 3083 985 Quapropter
3139 914 3539 969 Constantinus

1966 1022 2187 1076 quoque
2209 1007 2507 1076 imperator
2542 1024 2739 1076 magno
2769 1008 2955 1061 studio
2977 1006 3274 1061 amicitiam
3304 1020 3538 1059 consue—

1965 1105 2324 1173 tudinemque
2351 1105 2473 1174 ejus
2516 1105 2765 1158 ambivit.
2800 1104 3015 1160 Accidit
3046 1115 3185 1163 tum,
3231 1111 3289 1154 ut
3323 1116 3389 1154 ex
3437 1099 3535 1152 im-

1966 1197 2240 1267 peratoris
2293 1197 2551 1252 satellitio
2603 1198 2868 1266 quidam.
2925 1194 3228 1266 tyrannidis
3272 1193 3538 1247 affectate

1967 1298 2275 1357 suSpectus,
2298 1298 2355 1341 et
2380 1288 2525 1342 circa
2557 1288 2844 1358 Olympum
2884 1288 3214 1350 occultatus,
3237 1294 3538 1354 captusque

1967 1380 2023 1434 in
2052 1379 2267 1434 vincula
2291 1380 2362 1433 sit
2389 1379 2687 1445 coniectus.
2717 1378 2929 1433 Etcum
2962 1393 3222 1446 perquam
3245 1375 3444 1429 acerbe
3484 1376 3535 1427 iu

1966 1489 2215 1528 carcere
2272 1474 2655 1536 cruciaretur,
2702 1472 2999 1542 propinqui
3050 1480 3107 1525 et
3154 1470 3371 1540 cegnati
3419 1470 3538 1538 ejus

1966 1562 2372 1632 Eutycbianum
2419 1564 2835 1626 convenientes,
2868 1573 2926 1613 ut
2963 1560 3295 1629 legationem
3347 1572 3537 1627 prec..-

1970 1653 2286 1722 tiouemque
2334 1668 2432 1722 pro
2479 1668 2547 1706 eo
2590 1652 2733 1718 apud
2769 1650 3157 1720 imperatorem
3206 1650 3534 1717 susciperet.

1967 1756 2133 1814 atqtte
2175 1746 2361 1814 aliquo
2397 1745 2561 1816 modo
2591 1745 2926 1814 provideret.
2965 1753 3026 1797 ut
3059 1743 3264 1796 interea
3301 1741 3538 1794 vinculis

1967 1837 2319 1901 liberaretur,
2367 1852 2438 1891 ne
2486 1837 2697 1890 scilicet
2751 1846 2878 1891 ante
2940 1834 3268 1903 legationem
3330 1832 3533 1887 obitam

1968 1929 2269 1984 acerbitate
2295 1938 2692 1983 tormentorum
2727 1929 2997 1992 interiret,
3044 1936 3326 1995 rogarunt.
3359 1926 3537 1993 Atque

1969 2025 2060 2079 ille
2100 2023 2168 2079 ad
2221 2024 2459 2077 carceris
2511 2020 2805 2087 custodes,
2856 2031 2917 2074 ut
2974 2019 3251 2074 hominem
3301 2017 3540 2071 vinculis

1970 2116 2242 2181 levarent,
2291 2125 2503 2169 oratum
2538 2116 2706 2168 misit.
2748 2116 2818 2170 Ut
2858 2128 2987 2168 vero
3024 2112 3100 2167 illi
3136 2111 3386 2182 petitioni
3422 2110 3541 2178 ejus

1975 2224 2086 2261 non
2128 2206 2478 2276 acquievere,
2532 2206 2762 2274 ipsemet
2807 2203 2875 2258 ad
2922 2217 3200 2258 carcerem
3247 2200 3418 2255 venit.
3477 2198 3543 2251 Et

1971 2314 2101 2355 ecce
2146 2299 2408 2352 custodite
2452 2308 2629 2368 porta!
2664 2313 2762 2352 sua
2793 2305 2989 2367 sponte
3030 2294 3291 2350 claustris
3330 2291 3542 2354 fractis,

1972 2392 2039 2445 ad
2081 2392 2184 2443 viri
2233 2394 2580 2460 praesentiam
2632 2392 2817 2444 statim
2853 2401 3102 2458 patuere,
3146 2396 3202 2440 et
3247 2385 3545 2454 compedes

1972 2481 2463 2545 lerreze,numellae
2503 2482 2831 2551 vinculaque
2869 2480 3103 2534 cervicis
3147 2478 3390 2532 vinctum
3455 2493 3545 2530 re-

1974 2576 2301 2644 linquentia,
2327 2590 2453 2628 cum
2479 2574 2718 2642 strepitu
2743 2574 2964 2641 delapsa
2987 2583 3133 2633 sunt,
3157 2581 3213 2624 et
3234 2574 3346 2639 huc
3377 2580 3544 2636 atque

1973 2669 2107 2723 illuc
2135 2668 2408 2736 dispersa.
2462 2664 2671 2720 Deinde
2719 2666 2786 2720 ad
2841 2666 3249 2734 imperatorem.
3295 2662 3387 2731 qui
3432 2672 3546 2713 tum

1975 2760 2221 2831 Byzantii
2251 2767 2391 2821 erat,
2425 2758 2722 2826 prolectus,
2750 2757 2897 2811 illico
2930 2772 3083 2810 reum
3119 2754 3547 2809 condemnatum

1972 2849 2246 2919 supplicio
2291 2847 2566 2902 liberavit.
2600 2846 2771 2916 628
2807 2844 2953 2899 Nihil
2999 2844 3144 2898 enim
3185 2838 3549 2896 Constantino

1974 2941 2198 2996 dillicile
2236 2920 2342 2993 aut
2377 2939 2668 2992 molestum
2700 2938 2825 3001 l'uit,
2871 2935 3015 3006 quod
3049 2936 3132 2988 vir
3178 2935 3269 2990 ille
3316 2942 3551 3002 peteret,

290 3030 503 3096 μάσαςο
1893 3032 1938 3094 C
1972 3049 2136 3105 quem
2189 3033 2550 3086 vehementer
2598 3030 2837 3095 amabat,
2890 3039 2947 3083 et
2990 3043 3187 3098 magno
3242 3029 3296 3080 in
3347 3029 3554 3080 honore

291 3122 551 3176 habebat.
584 3120 751 3175 Fama
779 3129 963 3174 autem
990 3122 1116 3185 lert,
1150 3120 1548 3189 Eotyclnanum
1578 3132 1766 3192 postea
1831 3127 1901 3183 ad
1942 3128 2136 3184 Novati
2207 3127 2458 3181 haeresim
2483 3124 2803 3189 descivisse,
2831 3132 2887 3178 et
2909 3139 2972 3177 ea
3002 3139 3123 3193 quae
3157 3123 3207 3177 ei
3237 3123 3404 3176 inerat
3436 3136 3558 3190 gra-

291 3215 367 3265 tia
396 3212 670 3267 excidisse
703 3214 803 3282 (2).
831 3213 896 3265 Et
929 3212 1044 3267 bare
1089 3213 1336 3280 quidem,
1370 3214 1557 3283 aliqua
1628 3233 1697 3272 ex
1733 3228 1908 3288 parte,
1944 3221 2108 3275 nobis
2143 3219 2211 3273 de
2238 3217 2637 3273 monachorum
2705 3216 2958 3270 instituto
2983 3225 3038 3269 et
3066 3214 3413 3284 philosophia
3444 3214 3557 3265 sint

288 3307 465 3362 dicta.
501 3305 610 3372 Qui
635 3315 821 3361 autem
854 3307 985 3360 talia
1020 3306 1259 3360 scrutari
1295 3307 1460 3372 volet,
1494 3310 1700 3366 multos
1735 3313 1985 3369 inveniet
2044 3313 2239 3378 libros,
2277 3315 2334 3367 in
2403 3312 2608 3381 quibus
2639 3310 2884 3380 plurimi,
2923 3311 3017 3377 qui
3059 3323 3121 3361 ea
3196 3315 3357 3361 aetate
3389 3316 3557 3374 atque

288 3402 562 3471 deinceps
607 3402 920 3469 integritate
961 3400 1089 3453 vita:
1118 3400 1389 3463 enituere,
1426 3415 1950 3469 commemorantur,
1996 3405 2341 3475 potissimum
2391 3419 2547 3468 vero,
2576 3419 2698 3472 qtae
2767 3402 2836 3455 de
2900 3401 2967 3454 iis
3034 3400 3245 3455 Lausus
3301 3399 3560 3470 prmposi-

291 3510 388 3554 tus
424 3494 781 3564 conscripsit.
824 3492 1050 3548 Multam
1091 3509 1313 3563 quoque
1355 3505 1412 3549 et
1448 3497 1638 3551 utilem
1679 3498 1748 3555 de
1794 3501 1877 3554 eis
1917 3502 2201 3557 historiam
2237 3500 2582 3569 Sophrouius
2649 3496 3182 3566 Ilierosolymitanus
3242 3495 3402 3549 nobis
3428 3495 3556 3550 reli-

288 3593 440 3664 quit,
491 3591 644 3645 Prati
677 3596 735 3642 et
780 3586 919 3641 Novi
953 3587 1196 3658 paradisi
1241 3588 1424 3653 titulo,
1464 3590 1673 3659 scripto
1706 3592 1759 3647 ei
1796 3592 1989 3650 indito.

869 3724 1119 3778 ΚΕΦᾹΛ.
1172 3723 1309 3778 MB’.

289 3845 435 3914 Περὶ
468 3841 587 3896 τῶν
605 3841 791 3914 ἁγίων
821 3839 919 3914 καί
951 3836 1419 3914 θαυμαζρυργῶγ
1467 3837 1868 3907 Σπυρίδωνος,

681 3908 986 3964 Νικολάου
1018 3910 1114 3961 καὶ
1149 3909 1502 3974 Παρθενίου.

382 4030 537 4083 Ἐπεὶ
584 4026 640 4078 δὲ
684 4025 776 4078 καὶ
820 4022 1165 4091 Σπυρίδωνος
1208 4023 1305 4075 καὶ
1353 4022 1626 4076 Νικολάου
1674 4023 1871 4094 μνείαν

291 4120 633 4195 ποιήσασθαι
662 4118 1000 4186 ὑπεσχόμην,
1023 4113 1260 4168 ἐνταῦθα
1292 4114 1401 4167 δεῖν
1429 4110 1584 4185 οἶμαι
1612 4117 1869 4168 άποτίσαι

287 4220 392 4289 τὴν
426 4214 677 4284 ὀφειλὴν.
716 4211 849 4281 Περὶ
909 4209 1019 4279 γὰρ
1047 4208 1156 4261 τῶν
1196 4208 1373 4261 ἄλλων
1421 4208 1773 4278 ὁμολογητῶν
1810 4225 1868 4261 τε

290 4312 390 4365 καὶ
437 4305 715 4377 ίεραρχῶν
754 4303 923 4374 μυρία
979 4304 1074 4355 καὶ
1126 4302 1406 4368 παράδοξα
1447 4302 1542 4355 καὶ
1590 4303 1871 4355 παθόντων

2543 3722 2769 3781 CAPUT
2824 3723 2987 3778 XLII.

1982 3839 2060 3893 De
2078 3840 2276 3894 sanctis
2301 3855 2616 3910 magnorum
2648 3838 3031 3910 miraculorum
3067 3839 3352 3894 editoribus
3375 3882 3389 3904 ,
3420 3840 3559 3910 δρυ-

2304 3908 2507 3974 γίάοηε,
2552 3908 2772 3963 Nicolao
2812 3919 2859 3962 et
2906 3909 3212 3965 Parthenio.

2050 4022 2510 4093 Quandoquidem
2557 4035 2689 4075 vero
2738 4030 2796 4076 et
2844 4020 3171 4093 Spyridonis
3240 4034 3299 4078 ct
3346 4023 3559 4079 Νῆροιαί

1982 4117 2321 4172 mentionem
2368 4130 2455 4169 me
2508 4113 2785 4168 facturum
2833 4129 2954 4169 esse
3015 4116 3222 4184 recepi,
3281 4117 3387 4171 hoc
3437 4119 3561 4172 loco

1980 4208 2142 4263 [idem
2173 4207 2311 4262 mihi
2343 4207 2690 4262 liberandam
2717 4221 2842 4262 esse
2869 4206 3028 4261 duxi.
3065 4206 3141 4260 Dc
3170 4208 3293 4262 aliis
3323 4224 3564 4277 namque

1983 4298 2402 4354 contessoribus
2448 4308 2509 4354 et
2537 4298 2871 4361 bierarchis,
2903 4298 2997 4367 qui
3042 4298 3477 4354 innumerabilia
3508 4312 3565 4354 et

422 4361 807 4469 εἰργασμένων
834 4361 1105 4447 ’διέλαϐον
1148 4361 1366 4447 ἄνωθεν
1383 4411 1396 4424 ·
1436 4396 1531 4448 καὶ
1578 4396 1653 4457 ὡς
1689 4395 1871 4448 πολλοὶ

1987 4392 2218 4446 mirilica
2252 4391 2400 4460 passi
2431 4400 2564 4446 sunt
2615 4399 2670 4446 et
2711 4392 2985 4455 fecerunt,
3015 4399 3072 4446 et
3114 4407 3353 4460 quorum
3381 4393 3564 4459 multi,

291 4495 504 4546 τούτων
560 4494 628 4562 τῇ
663 4490 859 4562 ἐνούσῃ
898 4489 1057 4564 ῥώμη
1110 4493 1210 4560 τῆς
1245 4491 1468 4559 χάριτος
1500 4491 1593 4543 καὶ
1645 4490 1873 4557 νεκροὺς

293 4584 600 4638 ὰναῦιῶναι
633 4583 1139 4653 παρεσκευάσαντο.
1185 4583 1276 4653 Τῷ
1305 4600 1369 4651 γε
1424 4582 1532 4654 μὴν
1565 4582 1696 4654 θείῳ
1736 4584 1879 4635 Σπυ-

293 4678 485 4750 ρίδωνι
516 4673 756 4741 τοσαύτη
790 4673 885 4727 τοῦ
918 4674 1067 4727 Θείου
1125 4674 1444 4742 Πνεύμςιτος
1491 4676 1652 4745 χάρις
1682 4678 1880 4747 προσέ-

298 4785 438 4836 πτη,
464 4766 541 4829 ὡς
570 4767 763 4836 ἀρκεῖν
814 4762 912 4833 τὴν
948 4765 1117 4817 είσέτι
1158 4766 1351 4835 φήμην
1400 4767 1526 4836 περὶ
1575 4767 1745 4818 αὐτοῦ
1781 4766 1882 4835 τὴν

297 4860 507 4928 ἀρετὴν
534 4857 837 4928 παριστᾷν.
867 4858 1162 4926 Ἀγροικος
1191 4856 1234 4908 δ’
1259 4855 1357 4920 ὢν,
1405 4858 1500 4910 καὶ
1535 4858 1757 4925 γυναικὶ
1788 4874 1884 4908 συ-

298 4951 432 5017 ζῶν,
486 4951 585 5003 καὶ
621 4949 832 5001 παίδων
880 4948 1064 5018 πατὴρ
1117 4949 1380 5015 γεγονὼς,
1425 4950 1485 5001 οὐ
1532 4951 1685 5019 παρὰ
1724 4948 1883 5001 τοῦτο

300 5044 502 5113 κείρων
539 5042 686 5105 τινὸς
731 5042 909 5113 ἐφάνη
964 5041 1097 5113 περὶ
1134 5042 1205 5094 τὰ
1272 5041 1412 5095 θεῖα.
1453 5041 1709 5111 Τοσαύτη
1739 5040 1786 5094 δ’
1814 5036 1885 5112 ἦν

298 5135 524 5203 ὁσιότης
562 5132 751 5197 αὑτοῦ,
784 5133 857 5196 ὡς
893 5133 989 5187 καὶ
1028 5135 1269 5204 ποιμένα
1296 5134 1552 5202 γενέσθαι
1578 5149 1591 5162 °
1624 5133 1886 5204 Τριμμυ-

302 5224 429 5289 ϐοῦς
458 5225 505 5278 δ’
527 5220 597 5295 ἦν
625 5226 653 5278 ὁ
682 5224 881 5297 κλῆρος
919 5226 1070 5296 αὐτῷ
1092 5242 1108 5257 ο
1139 5226 1175 5297 ἦ
1210 5226 1311 5296 μία
1334 5225 1443 5278 τῶν
1478 5229 1537 5277 εν
1568 5225 1780 5296 Κύπρῳ
1818 5228 1885 5297 τῇ

373 5410 453 5477 (l)
489 5408 711 5462 Socrat.
742 5406 840 5460 lib.
881 5422 918 5471 I,
956 5421 1080 5475 cap.
1118 5408 1207 5461 l3.

375 5482 451 5546 (‘2)
475 5477 701 5547 :‘llpsatv
731 5479 789 5530 δὲ
827 5478 925 5545 τῆς
956 5477 1324 5549 Ναυατιανῶν
1366 5477 1701 5549 πρεσϐεύων
1738 5477 1891 5539 Οεὶας

308 5554 525 5619 χάριτος
584 5551 825 5616 μετεῖχε,
871 5560 983 5601 etc.
1035 5547 1256 5601 Sozom.
1293 5547 1457 5612 libft,
1490 5565 1611 5616 cap.
1654 5548 1733 5601 l6.
1775 5550 1891 5602 lloc

308 5619 859 5679 est,Novatinuomm
935 5619 1145 5671 Itwresis
1209 5634 1330 5671 cum
1384 5630 1535 5680 esset,
1567 5624 1759 5687 gratim
1813 5621 1894 5672 ai-

310 5693 437 5742 rintr:
497 5692 765 5759 particeps
825 5690 944 5757 fuit.
992 5687 1116 5742 Haec
1160 5691 1323 5743 verba
1378 5691 1520 5759 apud
1575 5690 1793 5743 SJ'LIIII.
1839 5694 1892 5743 iu

1985 4500 2108 4554 quae
2163 4486 2218 4539 in
2271 4485 2356 4540 eis
2395 4486 2522 4549 fuit,
2558 4483 2748 4555 gratia:
2797 4484 2997 4537 robore
3039 4494 3291 4537 mortuos
3343 4498 3566 4553 quoque

1988 4581 2321 4642 excitarunt,
2366 4595 2531 4649 supra
2581 4578 2960 4647 exposuimus.
3016 4576 3122 4644 Ipsi
3177 4576 3399 4645 quidem
3435 4577 3567 4631 divo

1990 4670 2288 4742 Spyridoni
2339 4681 2488 4725 tanta
2524 4671 2692 4724 divini
2735 4668 2978 4738 Spiritus
3008 4667 3238 4723 incessit
3267 4670 3464 4739 gratia,
3504 4679 3568 4723 ut

1990 4782 2114 4836 qua:
2156 4766 2225 4822 de
2258 4781 2327 4821 eo
2363 4767 2679 4821 celebratur
2710 4766 2853 4820 fama
2887 4765 2991 4819 hoc
3031 4779 3256 4833 quoque
3295 4775 3568 4832 tempore,

1994 4860 2260 4913 virtutem
2291 4857 2415 4927 ejus
2444 4867 2695 4912 astruere
2739 4856 2936 4926 possit.
2971 4857 3234 4912 Rusticus
3263 4856 3411 4910 enim
3444 4871 3567 4909 cum

1993 4962 2167 5015 esset,
2200 4951 2602 5020 conjugemque
2648 4948 2701 5002 in
2736 4949 3117 5011 matrimonio,
3161 4958 3214 5003 et
3263 4949 3471 5004 liberos
3504 4965 3570 5001 ex

1994 5061 2058 5098 ea
2091 5054 2380 5112 susceptos
2414 5042 2677 5104 haberet,
2725 5056 2838 5096 non
2883 5055 3177 5112 prepterea
3213 5043 3264 5096 in
3297 5043 3463 5095 rebus
3493 5041 3577 5092 (II-

1995 5135 2142 5189 vinis
2166 5134 2413 5190 deterior
2437 5137 2625 5206 aliquo
2654 5133 2781 5189 fuit.
2813 5133 2986 5189 Tanta
3020 5149 3256 5203 namque
3286 5133 3341 5187 in
3375 5133 3575 5186 sancti-

2000 5236 2110 5281 tate
2139 5235 2278 5291 erat,
2308 5238 2367 5281 ut
2395 5237 2452 5282 et
2478 5244 2508 5283 a
2551 5228 2818 5302 pastorali
2854 5228 2962 5282 vita
2995 5242 3104 5281 non
3138 5226 3458 5279 abhorreret
3496 5223 3572 5290 (5)

2000 5409 2276 5530 Rrincipio
2311 5412 2648 5465 narrationis
2682 5411 2751 5464 de
2790 5408 3134 5478 Eutychiano
3190 5404 3366 5481 posita
3419 5407 3571 5479 sunt.

2051 5480 2345 5530 ieeohorus
2377 5497 2561 5530 umqu
2592 5483 2645 5530 in
2674 5492 2789 5530 toto
2818 5479 2920 5530 hoc
2950 5492 3119 5530 onere
3147 5475 3467 5528 Novattauts
3492 5478 3571 5524 est

2004 5475 2345 5560 .Nit'epltorus
2377 5497 2561 5534 autent
2591 5483 2645 5535 in
2674 5492 2789 5535 toto
2818 5475 2920 5533 hoc
2950 5492 3119 5547 opere
3147 5475 3467 5528 Novatiauis
3492 5478 3579 5524 est

2004 5564 2264 5603 Illlllllltll'.

2004 5567 2095 5602 mu
2124 5567 2264 5603 utor.

2003 5642 2025 5663 ει
2076 5567 2151 5685 (1'5)
2190 5622 2547 5691 Spyritlonem
2578 5622 2764 5678 istum,
2783 5635 2906 5672 cum
2930 5618 3229 5691 episcopus
3254 5630 3420 5681 esset,
3446 5634 3579 5673 oves

2004 5707 2229 5760 pusiere
2271 5689 2389 5746 non
2438 5690 2722 5760 puduisse,
2754 5706 2847 5757 per
2893 5703 3167 5743 summam
3213 5689 3580 5745 humilitatem
