3972 6200
323 370 429 431 149

1216 372 1825 438 ΕεριΕδιΑδτιείΕ
1867 377 2258 444 HlS'l‘URl/E
2301 383 2446 442 LIB.
2496 381 2666 444 Vill.
2759 416 2771 427 -

3479 382 3578 442 15ίὶ

315 484 577 552 ἐπίδειξιν
602 483 778 537 ἐθέλει
813 485 989 540 ποιεῖν
1035 487 1260 558 ἀρετῆς,
1289 488 1425 548 ἀλλὰ
1459 491 1718 560 πράττειν
1751 493 1896 562 μάλα

2016 495 2203 560 ibsint,
2234 497 2495 550 virtutem
2548 508 2728 551 autem
2787 497 2969 552 minus
3001 505 3421 556 consectentur,
3457 513 3580 562 pra-

315 577 508 649 αὐτὴν,
540 578 599 630 ἐν
629 575 808 630 οὐδενὶ
857 577 959 646 τὴν
1001 577 1135 647 παρ’
1169 579 1482 650 ἀνθρώποις
1523 585 1784 654 τιθεμένη
1815 585 1901 638 δό-

318 673 448 736 ξανο
478 670 747 738 γενναίως
768 671 813 723 δ’
848 669 1049 742 ἔχουσα
1079 670 1218 740 πρὸς
1269 673 1338 726 τὰ
1371 674 1473 745 τῆς
1510 675 1688 748 ψυχῆς
1725 677 1898 748 πάθη,

317 763 420 824 τὰς
454 763 556 831 τῆς
591 762 808 830 φύσεως
837 764 1082 828 ἀνάγκας
1111 764 1168 814 ἐν
1199 761 1438 840 δευτέρῳ
1476 769 1734 831 ποιεῖται,
1755 769 1904 837 παρᾶ

315 853 522 923 φαῦλον
557 851 861 924 ἡγουμένη,
897 853 987 906 καὶ
1033 853 1159 914 ὅσαι
1196 854 1261 925 δὴ
1311 855 1589 909 ἀσθένειαι
1622 857 1898 926 σώματος.

319 945 410 1015 Νῷ
439 945 495 996 δὲ
523 943 656 1014 θείῳ
684 943 1096 1014 δυναμωθεῖσα,
1131 946 1267 1018 πρὸς
1293 947 1384 1000 τὸν
1420 948 1704 1018 ἀκήρατον
1753 943 1901 1002 ἐκεῖέ

317 1055 405 1089 νσν
434 1035 586 1092 Νοῦν
621 1037 928 1106 αἰωρεῖται,
961 1037 1182 1110 νύκτωρ
1217 1041 1312 1092 καί
1359 1039 1678 1112 μεθημέραν
1711 1041 1901 1096 τοῦτον

319 1127 702 1198 φανταζομένη
731 1143 744 1159 ·
789 1126 1090 1198 ὑπερρυῶς
1145 1129 1405 1194 σέϐουσα,
1437 1133 1532 1185 καὶ
1583 1133 1899 1202 διηνηκέσιν

323 1217 607 1286 ίλεουμένη
646 1215 839 1270 τοῦτον
895 1216 1101 1288 εύχαῑς.
1133 1215 1226 1288 Τῴ
1256 1219 1313 1272 δὲ
1351 1221 1579 1290 καθαρῷ
1602 1222 1700 1291 τῆς
1726 1221 1904 1292 ψυχῆς

326 1309 416 1358 καὶ
458 1305 568 1357 τῶν
613 1305 798 1358 καλῶν
837 1307 1094 1376 πράξεων
1139 1311 1258 1372 τοῖς
1302 1311 1604 1382 ἐνεργείαις
1632 1313 1714 1374 είς
1737 1317 1796 1366 τὸ
1841 1311 1901 1367 εὖ

321 1399 416 1467 τῆς
447 1398 754 1468 θρησκείας
785 1400 1028 1469 ἠγμένη,
1065 1401 1173 1453 τῶν
1205 1403 1304 1472 μὲν
1335 1403 1538 1467 ἔξωθεν
1570 1405 1900 1477 καθαρμῶν,

325 1489 414 1542 καὶ
461 1490 565 1544 ὅσα
593 1489 659 1560 δὴ
693 1489 919 1542 τοιαῦτα
965 1493 1426 1566 περιρραντήρια,
1479 1491 1759 1552 διαπτύει.
1807 1497 1906 1551 Ἐν

322 1581 430 1648 γὰρ
464 1579 654 1650 ἐκείνῃ
688 1578 929 1650 μίασμα,
965 1583 999 1648 ἠ
1036 1582 1284 1650 ἁμαρτία
1317 1583 1621 1650 λογίζεται.
1658 1585 1820 1640 Οὕτω
1848 1587 1907 1640 δὲ

320 1673 592 1742 κρείττων
625 1669 897 1740 γενομένη
926 1670 1040 1724 τῶν
1083 1672 1306 1738 ἔξωθεν,
1341 1675 1439 1728 καὶ
1463 1675 1538 1738 ὡς
1586 1671 1698 1730 οἷον
1726 1679 1904 1732 εἰπεῖν

319 1762 830 1833 αὑτοκρατοροῦσα,
859 1761 974 1815 οὔθ’
1009 1763 1116 1816 ὑπὸ
1149 1765 1252 1833 τῆς
1278 1767 1508 1832 ἀταξίας
1537 1767 1632 1820 τοῦ
1665 1767 1782 1839 βίου
1815 1771 1907 1822 καὶ

317 1855 415 1922 τῆς
449 1855 724 1924 ἀνάγκης,
748 1854 853 1923 τῆς
895 1856 1282 1926 προαιρέσεως
1316 1858 1410 1912 τοῦ
1443 1860 1660 1923 δέοντος
1713 1863 1907 1930 ἐκτρο-

318 1945 430 2014 πὴν
472 1947 698 2014 πάσχει,
735 1945 848 2001 οὔτ’
905 1949 1125 2000 ἀνιᾶται
1171 1949 1520 2023 ὑϐριζομένη
1549 1969 1562 1983 ·
1611 1952 1728 2004 ἀλλ’
1783 1953 1908 2008 οὐδὲ

320 2038 635 2108 πάσχουσα,
661 2037 760 2108 τὴν
808 2039 1028 2108 ἄμυναν
1068 2042 1290 2113 μελετᾷ.
1320 2043 1491 2108 Νόσος
1543 2045 1602 2098 δὲ
1653 2049 1751 2102 καὶ
1802 2047 1910 2100 τῶν

317 2129 648 2198 ἐπιτηδείων
696 2130 729 2198 ἡ
784 2129 966 2184 ἔνδεια
1012 2132 1380 2196 ὲκπιέζουσα,
1435 2135 1496 2190 ού
1545 2139 1912 2192 καταπίπτειν

317 2217 482 2272 ποιεῖ.
509 2217 726 2285 χαίρειν
768 2215 814 2271 δ’
861 2218 954 2271 ἐπὶ
994 2219 1210 2282 τούτοις
1265 2221 1497 2291 μᾶλλον,
1544 2224 1608 2276 τδ
1662 2229 1912 2292 γενναῖον

313 2306 741 2377 ὲπιδεδειγμένη
775 2309 872 2362 καὶ
904 2311 1084 2379 πρᾶον
1109 2325 1122 2340 ⁸
1159 2314 1253 2364 καί
1283 2313 1448 2366 παντὶ
1475 2313 1552 2384 τῷ
1580 2314 1682 2387 βίῳ
1707 2320 1770 2368 τι
1795 2319 1906 2370 τῶν

313 2401 623 2454 ἐλαττόνων
663 2401 874 2455 δεῖσθαι
932 2403 1268 2471 σπουδάζει,
1313 2409 1405 2458 καὶ
1440 2408 1516 2470 ὡς
1564 2410 1686 2461 ἐνόν
1715 2427 1776 2479 γε
1813 2412 1906 2464 ἀν-

319 2493 580 2563 θρωπίνῃ
633 2493 821 2559 φύσει,
874 2494 1044 2563 ἐγγὺς
1098 2496 1358 2562 γενέσθαι
1421 2502 1684 2569 πειρᾶται
1745 2501 1908 2555 Θεοῦ.

321 2584 568 2655 Ιίάροδον
601 2585 658 2638 δὲ
693 2587 788 2639 καὶ
833 2591 932 2656 τὴν
967 2587 1251 2658 παροῦσαν
1279 2591 1560 2663 ἡγουμένη
1597 2593 1764 2663 ζωὴν,
1797 2593 1912 2646 οὔτ’

320 2676 608 2745 ἀσχολίαις
671 2677 1019 2746 πραγμάτων
1078 2680 1389 2743 ἁλίσκεται,
1458 2681 1581 2736 οὔτε
1646 2685 1913 2753 πρόνοιαν

318 2768 431 2820 τῶν
479 2768 772 2838 παρόντων
816 2769 930 2840 ἔχει
957 2784 972 2800 ⁸
1014 2773 1073 2825 τὸ
1105 2771 1343 2834 εὔζωνον
1375 2773 1434 2826 δέ
1474 2775 1570 2826 καὶ
1612 2777 1911 2847 ἀπέριττον

317 2859 656 2926 ἐπαινοῦσα,
687 2861 820 2929 πρὸς
857 2863 953 2930 τὴν
997 2863 1204 2916 ἐκεῖθεν
1248 2863 1440 2932 βλέπει
1499 2867 1908 2938 μακαριότητα,

317 2952 420 3003 καὶ
465 2953 606 3020 πρὸς
655 2953 756 3022 τὴν
803 2953 1102 3023 εὐδαίμονα
1147 2955 1298 3024 λῆξιν
1347 2959 1687 3028 καραδοκεῖ·
1727 2961 1908 3014 πᾶσαν

316 3045 379 3098 δὲ
435 3044 567 3114 περὶ
617 3044 678 3096 τὸ
711 3043 854 3098 θεῖον
902 3048 1323 3118 εἰσοικισαμένη
1353 3051 1666 3115 εὐλάϐειαν,
1703 3054 1764 3105 τὸ
1797 3054 1908 3106 τῶν

2007 601 2102 640 vos
2148 597 2312 654 atque
2361 589 2638 657 improbos
2670 602 2917 643 censeat.
2963 589 3078 642 Non
3122 592 3268 641 enim
3303 597 3582 642 ostentare

2007 678 2123 730 vult
2170 679 2466 740 virtutem,
2517 680 2610 734 sed
2669 695 2788 734 eam
2842 679 3036 732 sedulo
3087 693 3402 731 exercere:
3445 678 3580 730 nihil

2005 785 2231 840 prorsus
2255 783 2398 832 eam,
2427 785 2549 840 quae
2579 770 2648 822 ab
2683 769 2999 822 hominibus
3025 767 3300 836 provenit.
3347 767 3576 837 gloriam

2009 863 2237 916 faciens.
2277 861 2344 918 Et
2383 877 2506 914 eum
2555 877 2818 930 generose
2855 859 3178 929 fortiterque
3229 860 3426 912 animae
3459 875 3579 925 per-

2008 949 2354 1004 turbationes
2388 959 2684 1017 eitpugnat,
2725 958 2838 1000 tum
2877 948 3216 1004 aeces~aii'i.is
3249 958 3463 999 natura:
3495 963 3582 999 res

2009 1054 2202 1108 parum
2229 1037 2524 1092 admodum
2551 1046 2730 1099 curat,
2755 1037 3100 1106 vilipendeus
3120 1039 3284 1089 etiam
3310 1051 3582 1102 quascun-

2009 1143 2118 1198 que
2167 1127 2420 1195 corporis
2458 1127 2882 1180 inibecillitates.
2939 1127 3156 1182 Viribus
3207 1141 3390 1180 autem
3427 1144 3455 1176 ιι
3500 1126 3584 1178 di-

2007 1221 2134 1274 vina
2170 1220 2348 1274 Mente
2377 1221 2640 1288 acceptis,
2669 1221 2732 1272 ad
2767 1220 3132 1272 immortalem
3165 1219 3312 1272 illam
3346 1218 3581 1271 Mentem

2008 1312 2263 1366 sublimis
2292 1313 2526 1371 tollitur,
2551 1322 2710 1364 nocte
2742 1311 2944 1381 dieque
2975 1311 3121 1363 illaut
3145 1312 3393 1380 cogitans
3418 1322 3584 1378 atqate

2011 1401 2256 1461 intuens,
2333 1399 2580 1452 iniriliris
2612 1403 2775 1452 etiam
2823 1401 2999 1451 modis
3037 1401 3244 1461 colens,
3279 1401 3584 1452 continuis-

2009 1509 2118 1563 que
2179 1492 2442 1562 precibus
2503 1489 2826 1544 concilians.
2896 1490 3139 1542 Puritate
3207 1506 3334 1541 vero
3394 1490 3586 1550 animi,

2011 1585 2398 1652 bonorumque
2443 1596 2673 1652 operum
2709 1581 2887 1644 faelis,
2923 1579 2988 1632 ad
3035 1581 3412 1634 sinceritatem
3463 1581 3589 1632 reli-

2009 1677 2188 1750 gionis
2225 1690 2479 1745 grassans
2514 1693 2526 1726 :
2557 1684 2812 1728 externas
2841 1671 3204 1741 expiationes,
3239 1681 3294 1724 et
3325 1687 3588 1740 qmecun-

2012 1784 2120 1838 que
2142 1757 2264 1836 ejits
2289 1767 2510 1836 generis
2533 1773 2662 1818 suat
2685 1763 3044 1837 lustrationes
3066 1761 3308 1831 despuit,
3337 1773 3388 1814 et
3419 1777 3588 1814 unum

2012 1859 2290 1928 piaculum
2343 1873 2466 1911 esse
2519 1865 2802 1926 peccatum
2845 1855 3024 1922 ipsum
3077 1863 3252 1922 putat.
3301 1858 3478 1920 Atque
3513 1853 3586 1904 ita

2012 1951 2181 2006 rebus
2212 1951 2458 2006 externis
2487 1951 2743 2020 superior
2772 1949 2934 2014 laeta,
2965 1946 3371 2016 imperiumque
3409 1945 3490 2014 (ut
3517 1947 3588 1996 ita

2011 2043 2212 2114 dicam)
2246 2045 2300 2100 in
2336 2059 2432 2096 eas
2467 2043 2752 2105 obtinens,
2789 2053 2968 2112 neque
3006 2039 3074 2094 ab
3109 2038 3419 2092 inordinata
3457 2039 3587 2098 vita,

2013 2151 2194 2207 neque
2242 2136 2312 2190 ab
2361 2134 2472 2190 ulla
2509 2135 2860 2198 necessitate,
2903 2132 2972 2186 ab
3022 2133 3255 2185 honesto
3291 2129 3590 2200 debitaque

2016 2229 2302 2299 proposito
2349 2243 2448 2282 suo
2489 2234 2810 2280 transversa
2853 2225 3057 2295 agitur,
3100 2239 3277 2293 neque
3308 2232 3592 2276 contume-

2017 2322 2106 2377 liis
2136 2320 2329 2379 aﬂ'ecta
2363 2317 2740 2388 perturbatur.
2768 2315 2875 2371 Sed
2914 2332 3090 2385 neque
3120 2315 3402 2382 indignum
3430 2315 3588 2382 quid-

2017 2429 2180 2483 quam
2209 2410 2442 2482 patiens,
2475 2409 2776 2463 vindictam
2808 2407 2972 2480 620
3001 2407 3316 2460 meditatur.
3353 2405 3590 2460 Tantum

2017 2506 2184 2561 etiam
2235 2505 2412 2562 abest.
2461 2513 2520 2556 ut
2564 2501 2646 2556 vel
2687 2499 2934 2563 morLus,
2970 2501 3052 2553 vel
3105 2515 3288 2553 rerum
3340 2514 3594 2552 noceas-a-

2018 2596 2224 2651 riarum
2257 2595 2462 2664 inopia,
2492 2611 2611 2648 eam
2643 2593 2938 2661 adurgens,
2968 2591 3036 2645 de
3079 2603 3222 2646 statu
3257 2607 3356 2645 suo
3403 2592 3590 2644 detur-

2016 2689 2130 2764 bet,
2185 2697 2246 2742 ut
2301 2687 2500 2740 talibus
2557 2701 2778 2756 quoque
2831 2685 3091 2736 aerumnis
3141 2682 3310 2753 magis
3355 2684 3590 2745 laetetur,

2013 2779 2442 2851 generositatem
2475 2787 2530 2832 et
2559 2776 3043 2830 mansuetmlincm
3080 2791 3232 2830 suaai
3277 2774 3590 2828 declarans.

2012 2873 2118 2927 Per
2152 2869 2315 2924 vitam
2373 2869 2558 2924 itidem
2614 2883 2834 2921 omnem
2881 2869 3012 2922 illud
3065 2867 3270 2929 studet,
3323 2876 3382 2920 ut
3425 2883 3590 2934 quam

2013 2961 2242 3014 minimo
2277 2958 2542 3028 indigeat,
2575 2970 2740 3027 atque
2787 2970 3056 3028 quantum
3093 2959 3346 3010 humana:
3383 2967 3593 3009 natura:

2011 3063 2206 3124 captus
2247 3052 2536 3122 permittit,
2569 3052 2823 3121 proxime
2865 3053 2931 3102 ad
2965 3047 3132 3101 Deum
3167 3047 3432 3102 accedere
3463 3046 3591 3099 niti—

317 3135 500 3202 λόγων
556 3135 780 3206 αἰσχρὸν
827 3134 904 3200 ὡς
951 3137 1121 3208 ἀηδὲς
1155 3141 1510 3194 ἀποσείεται·
1539 3137 1614 3198 ὧν
1653 3145 1763 3214 γὰρ
1808 3146 1909 3216 τὴν

2016 3155 2126 3202 tur.
2157 3144 2474 3200 'l‘ransitum
2509 3154 2717 3208 autem,
2753 3142 2871 3196 sive
2913 3141 3304 3194 diverticulum
3349 3133 3593 3210 prms‘én-

323 3227 526 3298 πρᾶξιν
549 3227 650 3297 τῆς
679 3227 814 3290 ἰδίας
847 3226 1075 3297 ἐξώρισε
1109 3228 1320 3300 βιοτῆς,
1343 3231 1550 3286 τούτων
1581 3235 1702 3288 οὐδὲ
1733 3235 1899 3307 μέχρι

2016 3248 2115 3294 tem
2161 3234 2486 3291 existimans
2513 3250 2635 3288 esse
2671 3236 2860 3299 vitam,
2899 3247 3076 3302 neque
3119 3231 3584 3301 occupationibus

318 3321 504 3386 λόγων
549 3318 832 3387 ἀνέχεται.
870 3317 984 3382 Τὰς
1015 3321 1071 3374 δέ
1105 3323 1204 3391 τῆς
1248 3323 1469 3391 φύσεως
1518 3327 1708 3395 χρείας
1758 3329 1903 3382 κατά

324 3412 508 3482 βραχὺ
542 3409 1000 3480 περιστέλλουσα,
1029 3411 1128 3466 καὶ
1164 3413 1264 3482 τὴν
1300 3415 1480 3484 σάρκα
1511 3418 1624 3478 τοῖς
1660 3416 1902 3487 μετρίοις

323 3507 615 3570 ἐθίζουσα,
650 3505 732 3573 τῷ
763 3505 864 3576 μὲν
897 3504 1139 3576 σώφρονι
1173 3505 1523 3575 περιγίνεται
1564 3507 1665 3577 τῆς
1699 3510 1908 3563 ἀκολα-

327 3596 491 3658 σίαςο
524 3597 626 3664 τὴν
656 3594 704 3646 δ’
742 3593 962 3648 ἀδικίαν
1010 3595 1200 3665 πόρρω
1234 3595 1422 3666 βάλλει
1464 3601 1528 3667 τῇ
1568 3603 1698 3668 περὶ
1737 3601 1802 3652 τὰ
1831 3601 1910 3654 δί-

322 3706 464 3742 καια
498 3687 719 3759 στάθμη
741 3703 759 3718 ·
792 3685 854 3739 τὸ
880 3686 937 3740 δὲ
971 3686 1168 3756 ψεῦδος
1198 3687 1494 3742 ἀπελαύνει
1537 3692 1602 3760 τῇ
1635 3690 1870 3763 ἀληθείᾳ
1893 3707 1907 3722 ο

320 3782 406 3852 τῷ
437 3780 486 3834 δ’
523 3781 772 3850 εύτάκτῳ
805 3779 904 3850 τὴν
955 3779 1014 3831 ἐν
1067 3781 1205 3833 πᾶσι
1240 3784 1526 3851 περιαιρεῖ
1568 3783 1866 3854 ἀνισότητα
1895 3799 1909 3812 ·

319 3876 408 3938 τῷ
462 3873 521 3924 δὲ
578 3870 884 3939 κοινωνικῴ
942 3869 1037 3922 τοῦ
1102 3871 1271 3942 ἤθους
1327 3877 1421 3926 καὶ
1469 3873 1545 3943 τῷ
1586 3877 1695 3936 τοῖς
1741 3874 1912 3940 πέλας

320 3968 600 4036 ὁμονοεῖν,
635 3965 696 4018 τι
730 3963 1113 4018 πολιτεύεσθαι
1140 3965 1320 4030 καλῶς
1348 3965 1602 4037 καθιστᾷ.
1644 3966 1914 4038 Πρόνοιαν

321 4061 386 4114 δὲ
413 4060 513 4112 καὶ
551 4059 719 4124 ξένων
768 4057 866 4110 καὶ
909 4057 1082 4126 φίλων
1123 4057 1269 4126 μάλα
1316 4061 1575 4112 ποιεῖται.
1607 4057 1732 4121 Τοῖς
1765 4059 1820 4112 δέ
1853 4077 1916 4127 γε

321 4150 601 4220 χρῄζουσι
649 4147 807 4200 κοινά
855 4148 1071 4216 ἡγεῖται
1101 4149 1172 4199 τὰ
1201 4146 1330 4200 ίδια.
1365 4145 1445 4199 Τὰ
1481 4149 1831 4218 πρισήκοντα
1867 4148 1916 4205 δ’

325 4245 552 4312 ἑκάστῳ
585 4240 935 4308 συναίρεται,
962 4238 1232 4308 χαίρουσα
1279 4240 1400 4307 μὲν,
1441 4233 1522 4303 οἷς
1575 4240 1694 4293 ἐστι
1727 4243 1876 4312 χαρά
1899 4260 1913 4272 δ

325 4329 376 4403 ᾧ
405 4334 462 4386 δὲ
487 4333 669 4401 λύπης
698 4331 980 4400 πρόσεστι,
997 4331 1356 4400 παραμυθίας
1381 4331 1538 4384 οὐδὲν
1563 4333 1919 4388 ἐλλείπουσα.

331 4425 580 4487 Συνόλως
604 4424 683 4489 δὲ,
719 4422 820 4494 τὴν
856 4423 992 4492 περὶ
1026 4423 1088 4474 τὸ
1130 4422 1299 4485 ὅντως
1343 4421 1406 4475 ὃν
1433 4423 1640 4493 ἀγαθὸν
1681 4424 1924 4496 σπουδὴν

2006 3327 2352 3398 negotiorum
2411 3325 2704 3388 irretitur,
2763 3337 2941 3392 neque
2989 3321 3341 3389 providentia
3410 3336 3591 3374 rerum

2009 3419 2368 3490 praesentium
2410 3425 2654 3472 tenetur.
2698 3415 2765 3470 Et
2805 3413 2970 3469 vitam
3021 3421 3242 3466 tenuem
3283 3423 3338 3467 et
3383 3429 3412 3467 a
3459 3428 3592 3466 cura

2011 3515 2204 3567 harum
2259 3524 2441 3564 rerum
2498 3507 2810 3577 expeditam
2867 3521 2933 3559 ac
2979 3505 3254 3565 liberam,
3309 3504 3591 3573 nullisque

2010 3603 2306 3672 superﬂuis
2336 3611 2643 3663 oneratam,
2691 3598 2942 3662 laudans,
2991 3597 3056 3652 ad
3095 3595 3334 3650 futuram
3369 3597 3595 3666 respicit

2013 3694 2434 3757 beatitudinem,
2464 3692 2791 3758 felicemque
2819 3688 2966 3742 illam
2997 3690 3237 3758 quietem
3261 3695 3546 3757 exspectat
3571 3705 3586 3741 :

2014 3785 2166 3842 omni
2211 3797 2430 3853 quoque
2476 3795 2604 3850 erga
2673 3779 2844 3834 Deum
2907 3779 3112 3848 pietate
3155 3777 3208 3830 in
3258 3777 3444 3830 animo
3492 3792 3594 3830 suo

2015 3877 2188 3932 veluti
2231 3877 2284 3930 in
2330 3871 2612 3928 domicilio
2643 3879 2888 3939 excepta,
2922 3867 3216 3924 verborum
3265 3869 3592 3935 fmditatem,

2016 3979 2082 4025 ut
2106 3982 2222 4022 rem
2249 3966 2538 4035 ingratam.
2567 3962 2844 4032 repudiat.
2875 3959 3023 4026 Quas
3046 3960 3195 4015 enim
3227 3960 3317 4014 illa
3343 3960 3595 4015 actiones

2019 4077 2050 4118 a
2101 4057 2350 4114 moribus
2399 4056 2516 4110 suis
2567 4056 2728 4124 longe
2775 4053 3126 4123 proscripsit,
3177 4067 3368 4107 earum
3415 4069 3596 4124 neque

2021 4151 2357 4207 mentionem
2419 4145 2604 4202 verbis
2661 4145 2844 4199 facere
2882 4143 3140 4199 sustinet.
3195 4142 3416 4198 Natura:
3465 4157 3596 4198 vero

2024 4242 2388 4299 necessitates
2418 4237 2684 4308 paulatim
2714 4235 3122 4305 constringens,
3151 4243 3206 4290 et
3233 4245 3451 4290 carnem
3482 4250 3594 4288 nio-

2027 4333 2313 4390 deratlone
2355 4331 2613 4390 domans.
2643 4328 2926 4384 lasciviam
2965 4327 3219 4383 castitate
3257 4327 3592 4396 comprimit.

2032 4422 2353 4494 iniustitiam
2385 4419 2659 4488 aequitatis
2691 4417 2902 4472 amussi
2936 4417 3212 4486 propellit,
3245 4415 3595 4471 mendacium

333 4517 762 4580 κατατείνουσα,
799 4513 1043 4584 σώφροσι
1083 4513 1270 4582 λόγοις
1309 4515 1409 4568 καὶ
1450 4516 1662 4584 νοεροϊς
1710 4518 1920 4585 νοήμα-

2023 4509 2194 4579 exigit
2243 4506 2500 4570 veritate,
2553 4504 2860 4574 composito
2903 4503 3123 4558 vivendi
3177 4518 3593 4558 more'omnem

333 4626 422 4662 σιν
478 4602 823 4668 ἐκπαιδεύει,
857 4603 1092 4666 κάλλους
1143 4601 1426 4671 ἀμελοῦσα
1481 4601 1578 4656 τοῦ
1627 4603 1911 4673 περιττοῦ.

338 4701 450 4753 Καὶ
509 4697 572 4751 τὺ
630 4696 966 4765 κακηγορεῖν
1025 4693 1334 4762 ἐπιμᾶλλον
1395 4694 1761 4764 ἐκτρέπεταν
1817 4695 1915 4748 σὺν

339 4793 482 4846 αίὸοῖ
505 4792 586 4852 δὲ,
618 4787 1093 4859 προσυφασμένης
1139 4785 1310 4856 τιμῆς
1341 4785 1634 4854 ἐπάγουσα
1671 4788 1773 4856 τὴν
1801 4787 1918 4841 διά-

338 4885 508 4952 ὶεξιν,
545 4880 636 4938 οἷά
677 4899 785 4935 τινι
819 4879 1100 4952 φαρμάκῳ
1149 4879 1444 4948 θεραπεύει
1494 4879 1588 4932 τὸν
1625 4881 1916 4950 ἀκροώμε-

337 4993 450 5029 νον.
483 4973 684 5028 Πολλοῦ
731 4989 795 5040 γε
838 4971 946 5043 μὴν
975 4971 1058 5022 δεῖ
1089 4971 1274 5042 ἐκείνῃ
1316 4969 1490 5040 ὀργῆς
1519 4987 1579 5023 τε
1609 4973 1703 5024 καὶ
1743 4970 1918 5024 λοιδο-

342 5072 462 5138 ρίας
487 5068 581 5122 καὶ
608 5065 782 5138 ἔριδος
807 5081 822 5096 ·
859 5063 1118 5132 καθαρῶς
1147 5063 1259 5132 γὰρ
1284 5063 1420 5116 οὖσα
1461 5064 1678 5133 λογικῇ,
1707 5080 1916 5132 παραι-

342 5163 517 5221 τεῖται
549 5159 730 5211 πᾶσαν
761 5155 1050 5224 ἀλόγιστον
1080 5156 1316 5222 κίνησιν.
1355 5155 1466 5208 Καὶ
1491 5155 1681 5219 ἀπλῶς
1713 5158 1913 5219 εἰπεῖν,

343 5244 509 5315 κυρία
537 5242 650 5296 τῶν
679 5241 870 5296 παθῶν
902 5243 1136 5310 γίνεται,
1163 5243 1268 5298 ὅσα
1293 5241 1494 5313 ψυχαῖς
1527 5243 1621 5296 καὶ
1667 5243 1916 5314 σώμασιν

343 5337 655 5404 ἐπιγίνεται
680 5352 694 5368 ο
729 5336 832 5405 τῆς
871 5333 918 5388 δ’
948 5333 1134 5388 ἐνθέου
1168 5333 1370 5403 ταύτης
1399 5334 1723 5404 φιλοσοφίας
1751 5335 1917 5404 ἄρξαι

347 5430 445 5497 μέν
491 5444 640 5491 τινες
689 5425 944 5495 λέγουσιν
981 5426 1170 5480 Ἠλίαν
1224 5427 1432 5481 sativa»
1480 5425 1574 5478 τὸν
1640 5425 1915 5496 ζηλωτὴν,

343 5521 486 5582 τινὲς
513 5521 574 5574 δὲ
617 5520 874 5590 Ἰωάννην
908 5521 998 5574 τὸν
1027 5519 1362 5590 Βαπτιστήν.
1393 5519 1566 5572 Φίλων
1604 5519 1648 5573 δ’
1684 5520 1916 5582 ἐκεῖνος,

343 5617 370 5666 ὀ
405 5612 467 5666 τὸ
510 5611 670 5682 γένος
720 5611 819 5682 μὲν
865 5609 1141 5684 Ἐϐραῖος,
1172 5609 1270 5680 τὴν
1307 5611 1352 5662 δ’
1401 5611 1618 5680 αἰρεσιν
1671 5609 1919 5678 Πυθαγό-

348 5723 514 5776 parm,
550 5708 606 5757 ἐν
651 5707 764 5767 τοῖς
816 5704 936 5758 κατ’
977 5705 1142 5758 αὐτόν
1183 5721 1314 5773 φησι
1360 5705 1594 5773 χρόνοις,
1627 5703 1754 5766 τοὺς
1787 5706 1920 5774 παρ’

356 5793 635 5861 Ἑϐραίοις
679 5797 914 5865 σεμνοὺς
961 5795 1041 5856 είς
1092 5795 1268 5864 χῶρον
1313 5795 1431 5846 τινα
1485 5791 1759 5863 γεὼλοςιον
1795 5795 1918 5868 περὶ

2023 4603 2228 4659 accidit
2256 4600 2704 4671 inaequalitatem.
2740 4596 3124 4652 Familiaribus
3152 4596 3318 4650 etiam
3369 4611 3465 4664 pro
3509 4611 3597 4649 so-

2021 4697 2222 4753 cietate
2270 4700 2510 4749 humana
2557 4706 2616 4746 se
2667 4689 2950 4743 hominum
2994 4687 3246 4740 moribus
3277 4701 3594 4740 accommo-

2024 4787 2226 4844 dando.
2283 4794 2340 4840 et
2369 4783 2745 4854 proximorum
2768 4779 2971 4836 animis
3003 4779 3422 4837 conformando,
3455 4778 3596 4833 bene

2021 4876 2246 4933 vivendi
2283 4875 2594 4929 institutum
2633 4871 2926 4925 conﬁrmat
2959 4889 2971 4922 :
3011 4875 3399 4923 extraneorum
3431 4868 3595 4924 simul

2024 4981 2082 5026 et
2123 4969 2452 5027 amicorum,
2509 4973 2570 5018 ut
2620 4963 2703 5018 eis
2759 4959 3068 5032 provideat,
3121 4975 3309 5014 curam
3363 4959 3527 5016 habet
3580 4979 3591 5012 :

2022 5063 2304 5133 egentium
2349 5074 2439 5113 res
2467 5072 2596 5112 suas
2637 5066 2694 5110 et
2744 5067 2878 5121 opes
2918 5052 3075 5106 ducit
3104 5067 3225 5104 esse
3253 5065 3592 5113 communes.

2024 5159 2080 5206 et
2117 5165 2238 5220 qua:
2267 5147 2470 5218 cuique
2507 5144 2780 5200 debentur
2817 5141 3030 5198 tribuit.
3068 5139 3282 5195 Gaudet
3333 5140 3423 5194 illa
3468 5156 3592 5192 cum

2025 5241 2416 5314 gaudentibus,
2453 5237 2813 5293 mcerentibus
2844 5233 2980 5288 nihil
3016 5248 3123 5286 non
3147 5231 3375 5285 adhibet
3401 5247 3596 5284 eousn-

2025 5336 2270 5392 lationis.
2320 5334 2377 5388 ln
2412 5346 2647 5396 summa,
2696 5331 2762 5384 ad
2809 5330 2858 5383 id
2889 5327 3036 5398 quod
3087 5341 3280 5382 revera
3313 5341 3589 5378 summum

2026 5430 2229 5484 bonum
2259 5435 2364 5488 est.
2395 5425 2637 5480 studium
2674 5438 2836 5477 omne
2863 5429 3213 5480 convertens,
3242 5417 3592 5470 Srrlttoltilius

2025 5515 2192 5570 castis
2214 5525 2270 5569 et
2295 5510 2722 5583 cogitationibus
2752 5507 3136 5579 spiritualibus
3163 5521 3224 5559 se
3257 5504 3427 5573 ipsam
3463 5520 3587 5558 eru—

2027 5607 2144 5666 dit,
2185 5606 2394 5660 cultum
2440 5603 2630 5657 ferina:
2677 5599 3018 5670 superﬂuum
3074 5611 3300 5666 prorsus
3348 5594 3594 5665 negligit,

2029 5700 2322 5754 maledicta
2369 5710 2700 5765 magnopere
2743 5700 3028 5746 aversatur
3076 5706 3090 5744 :
3143 5689 3416 5758 colloquia
3466 5705 3590 5742 cum

2031 5791 2380 5848 veneratione
2417 5799 2469 5844 et
2505 5786 2734 5842 honoris
2765 5782 3084 5854 praefatione
3131 5781 3461 5852 ingreditur,
3495 5793 3598 5834 au-
