3972 6200
401 380 496 448 151
1613 395 2031 457 NlCEPlIORl
2076 399 2428 470 CALLISTI
3546 385 3655 471 152

393 504 629 558 ditorem
678 504 830 574 prius
873 505 1039 560 veluti
1083 506 1483 564 medicamento
1519 525 1740 568 curans.
1786 513 1957 583 LOngr

2074 515 2172 587 τὴν
2206 519 2459 589 Μαρείαν
2504 516 2703 590 λίμνην
2740 518 3018 588 κείμενον,
3058 519 3435 593 Ἀλεξανδρείᾳ
3477 538 3652 595 προσ-

390 595 461 650 ab
488 611 552 651 ea
591 596 749 652 abest
791 597 1101 664 iracundia,
1140 599 1473 667 convicium,
1508 602 1773 673 iurgium.
1811 605 1957 672 Quod

2075 606 2300 674 ήκοντα,
2328 605 2485 676 ξένην
2533 606 2854 675 φιλοσοφίαν
2903 609 3264 679 μετέρχεσθαι
3284 626 3299 641 ·
3330 604 3406 664 ὧν
3433 612 3652 683 οῖκησιν

389 687 538 742 enim
570 703 700 742 vera
732 688 945 744 ratione
972 689 1201 759 przedita
1229 701 1333 756 est,
1362 692 1730 751 irrationalem
1751 711 1957 752 omnem

2073 697 2170 748 καὶ
2201 696 2481 751 πολιτείαν
2512 698 2607 750 καὶ
2638 697 2737 769 τὴν
2765 697 2932 767 ἄλλην
2958 697 3180 754 ἃπασαν
3210 701 3437 773 ἀγωγὴν
3462 719 3653 757 τοιαυ-

392 779 638 833 declinat
684 788 897 834 motum
936 797 951 832 :
991 790 1069 846 et,
1111 792 1168 837 ut
1214 784 1383 839 semel
1419 784 1623 853 dicam,
1675 789 1969 857 perturba-

392 873 627 939 tionum,
668 890 790 944 qua:
831 875 916 931 vel
962 875 1020 931 in
1067 877 1273 942 anima,
1310 876 1396 932 vel
1440 876 1497 931 in
1532 891 1766 947 corpore
1813 886 1964 945 sunt,

390 965 638 1019 omnium
680 966 903 1025 domina
934 968 1176 1023 exsistit.
1212 969 1410 1024 Verum
1455 969 1741 1024 enimvero
1774 979 1966 1025 aucto-

392 1072 508 1113 rem
539 1058 741 1116 divina:
768 1059 931 1115 istius
965 1059 1327 1130 philosophia:
1357 1061 1579 1131 quidam
1608 1060 1836 1116 laudant
1861 1062 1969 1118 lle-

389 1148 522 1202 liam
580 1150 733 1206 illum
782 1151 1192 1218 aemulatorem,
1243 1152 1462 1221 quidam
1521 1167 1653 1207 vero
1698 1153 1964 1208 Joannem

390 1239 711 1311 Baptistam.
766 1243 964 1299 Philon
1017 1252 1202 1299 autem
1254 1245 1379 1308 ille,
1432 1260 1631 1314 genere
1682 1244 1962 1311 Hebraeus,

386 1345 533 1390 secta
563 1346 747 1393 autem
778 1338 1175 1408 Pythagoreus,
1222 1340 1564 1408 temporibus
1594 1339 1711 1395 suis
1738 1339 1964 1395 Iudaeos

385 1426 679 1495 quosdam,
704 1429 854 1484 viros
876 1445 1071 1499 graves
1093 1439 1148 1485 et
1176 1432 1541 1497 venerandos,
1565 1431 1701 1487 dicit
1719 1432 1878 1505 621
1908 1433 1960 1486 in

389 1517 610 1588 regione
641 1520 876 1590 quadam
907 1520 1226 1592 frequentes
1252 1523 1489 1579 habente
1523 1525 1784 1590 tumulos,
1812 1527 1961 1581 circa

386 1608 566 1664 lacum
606 1610 979 1667 Maraaoticum
1016 1613 1083 1668 ad
1128 1613 1516 1679 Alexandriam
1566 1618 1956 1687 pertinentem,

388 1716 589 1756 novum
643 1703 1070 1775 philosophandi
1127 1723 1335 1762 morem
1397 1708 1714 1779 complexos
1768 1726 1892 1766 esse
1943 1729 1956 1765 :

384 1807 619 1860 quorum
669 1794 986 1862 domicilia,
1030 1798 1155 1853 vita:
1207 1800 1693 1867 consuetudinem,
1743 1802 1957 1872 aliaque

2062 1799 2323 1852 πλειόνων
2374 1799 2586 1871 τροφῆς

383 1881 633 1941 instituta
662 1887 870 1953 omnia,
908 1889 1035 1944 talia
1071 1890 1276 1960 aliquis
1321 1907 1443 1947 esse
1469 1907 1535 1947 ex
1581 1892 1955 1964 descriptione

387 1975 501 2044 ejus
526 1976 770 2046 colligat,
804 1980 983 2047 qualia
1014 1980 1179 2051 prisci
1207 1982 1351 2052 apud
1386 1982 1672 2055 IEgyptios
1702 1987 1955 2042 monachi

382 2076 511 2119 sunt
546 2070 867 2127 consectati.
903 2071 1040 2127 Nam
1074 2073 1200 2129 vitae
1236 2075 1289 2129 id
1325 2090 1499 2146 genus
1538 2076 1796 2147 ingressi,
1830 2094 1958 2148 pos-

380 2158 656 2215 sessiones
688 2176 817 2216 suas
859 2164 1188 2234 pr0pinquis
1231 2167 1617 2239 relinquebant
1647 2186 1662 2222 :
1690 2183 1755 2224 ac
1789 2170 1956 2225 rebus

382 2252 639 2308 omnibus
673 2254 873 2319 nuntio
911 2256 1167 2322 remisso,
1214 2267 1369 2313 extra
1419 2258 1621 2330 oppida
1670 2261 1951 2326 vivebant,

380 2351 547 2422 atque
577 2345 633 2399 in
677 2345 856 2405 hortis
891 2346 1222 2414 quibusdam
1270 2358 1326 2402 et
1372 2350 1521 2422 agris
1570 2349 1704 2405 solis
1740 2350 1956 2404 habiia-

380 2434 535 2490 bant.
570 2434 742 2490 Erant
773 2447 955 2492 autem
1000 2439 1083 2494 eis
1129 2450 1185 2495 et
1227 2441 1561 2505 mansiones,
1598 2458 1720 2514 quae
1761 2459 1950 2497 mona—

379 2528 549 2583 steria
593 2539 742 2584 recte
782 2529 1061 2598 dicantur,
1105 2532 1196 2589 ubi
1233 2532 1463 2588 solitarii
1516 2549 1638 2589 cum
1688 2536 1954 2606 gravitate

266 2616 269 2621 ’
378 2628 432 2674 ct
480 2622 771 2683 sanctitate
827 2622 1003 2677 sacris
1055 2622 1443 2689 initiabantur,
1498 2626 1953 2696 carminibusque

378 2710 606 2774 divinis,
650 2711 874 2783 hymnis
906 2722 964 2767 et
992 2714 1218 2794 psalmis
1246 2715 1416 2770 Deum
1459 2716 1759 2779 laudabant
1788 2728 1953 2787 atque

379 2803 654 2858 colebant.
696 2804 894 2870 Nullus
940 2805 1137 2861 horum
1188 2808 1343 2879 prius
1388 2807 1613 2873 cibum,
1653 2823 1818 2879 quam
1871 2810 1953 2867 sol

379 2892 692 2953 occidisset.
728 2895 1002 2965 capiebat.
1050 2895 1229 2951 Fuere
1274 2898 1466 2961 etiam,
1498 2900 1593 2968 qui
1641 2898 1822 2955 tribus
1860 2910 1955 2956 aut

382 2984 635 3054 pluribus
675 3002 896 3061 quoque
940 2987 1139 3043 diebus
1174 2990 1292 3043 sine
1322 2990 1584 3045 alimento
1627 3008 1946 3062 perseveras

384 3086 509 3131 rent
537 3093 551 3131 :
584 3077 713 3132 vino
744 3088 927 3133 autem
962 3086 1017 3134 et
1053 3080 1490 3150 sanguinolentis
1525 3099 1751 3153 prorsus
1779 3086 1950 3142 absti-

383 3178 599 3235 nerent,
629 3170 905 3241 certisque
935 3171 1130 3227 diebus
1170 3173 1423 3229 consulto
1472 3173 1625 3229 humi
1653 3175 1946 3233 decumbe-
1977 3203 2023 3262 α

382 3270 527 3315 rent.
552 3262 723 3318 Cibus
745 3263 824 3318 eis
846 3275 967 3319 erat
995 3265 1177 3335 panis,
1203 3266 1283 3320 sal
1312 3276 1368 3321 ct
1403 3265 1699 3338 hyssopum
1731 3287 1744 3321 :
1768 3278 1951 3337 potus,

380 3369 545 3431 aqua.
568 3354 744 3435 Prope
771 3370 869 3411 eos
899 3357 1159 3412 mulieres
1179 3357 1344 3412 etiam
1372 3361 1584 3414 vetulas
1614 3359 1784 3415 fuisse
1814 3361 1954 3415 scri-

381 3445 484 3508 hit,
519 3460 641 3515 quae
681 3447 1046 3521 philosophiae
1089 3450 1211 3522 ejus
1261 3465 1474 3516 amore,
1526 3453 1785 3508 eumdem
1829 3455 1957 3511 vita:

381 3550 603 3601 cursum
652 3537 981 3609 delegerint.
1023 3539 1369 3617 Quapmpier
1400 3551 1456 3598 et
1496 3545 1731 3601 consilio
1766 3546 1959 3600 volun-

382 3626 524 3679 tario
571 3628 886 3682 caelibatum
940 3643 1290 3697 consectatae,
1340 3634 1510 3687 vitam
1560 3634 1635 3688 ita
1690 3637 1956 3707 transige-

382 3718 535 3771 hant.
566 3717 758 3775 Philan
781 3736 912 3776 sane
943 3724 997 3777 in
1025 3723 1171 3779 libro
1201 3740 1364 3796 quem
1385 3726 1462 3781 De
1484 3725 1602 3789 Yita
1628 3727 1956 3801 contempla-

383 3811 511 3877 (ira,
565 3812 683 3868 sive
740 3814 1068 3886 supplicum;
1127 3817 1448 3888 inscripsit,
1493 3821 1774 3886 memoriae
1841 3821 1958 3877 hzec

2069 801 2175 856 την
2206 783 2349 840 εἷναί
2396 804 2482 852 τις
2531 789 2804 842 εἰκάσειεν
2854 789 2914 853 ἐξ
2949 784 3026 843 ὧν
3069 791 3389 858 καταλέγει,
3419 793 3652 863 οῖανπερ

2071 878 2169 931 καὶ
2189 879 2238 931 oi
2279 878 2448 932 πάλαι
2486 881 2718 952 μοναχοὶ
2751 881 2811 934 ὲν
2841 880 3108 955 Αἰγύπτῳ
3150 883 3511 954 μετήρχοντο.
3539 886 3648 939 Τοῦ

2069 970 2179 1040 γὰρ
2235 971 2550 1041 φιλοσοφεῖν
2602 973 2924 1044 ἀρχόμενοι,
2984 978 3096 1039 τοῖς
3153 977 3491 1046 προσήκουσι
3539 978 3650 1030 τῶν

2067 1062 2241 1117 ὄντων
2287 1064 2634 1131 ἐξίστανταιο
2690 1068 2825 1120 πᾶσι
2889 1067 2936 1121 δ’
3003 1067 3486 1138 ἀπαγορεύοντας,
3544 1070 3651 1136 ἐξω

2066 1157 2264 1225 τειχῶν
2309 1156 2603 1225 γίνεσθαιο
2651 1160 2742 1212 καὶ
2790 1160 2991 1230 κήποις
3051 1161 3114 1231 δή
3171 1179 3283 1214 τισι
3335 1164 3433 1217 καλ⁹
3481 1180 3651 1232 μονα-

2066 1246 2240 1317 γρίοις
2290 1247 2385 1308 τὰς
2436 1248 2725 1320 διατριὸὰς
2771 1248 2938 1320 ἔχειν.
2997 1247 3153 1306 Εἶναι
3212 1252 3270 1309 δὲ
3319 1253 3502 1316 αὐτοῖς
3555 1257 3650 1308 καὶ

2064 1337 2420 1408 καταγωγὰς,
2453 1338 2490 1393 ἃ.
2523 1343 2866 1412 μοναστήρια
2912 1344 3097 1397 καλεῖν
3146 1343 3303 1413 θέμις
3330 1363 3345 1377 ·
3379 1338 3471 1398 οἷα
3513 1346 3650 1400 ίδιάο

2065 1428 2294 1498 ζοντας,
2353 1432 2568 1500 σεμνῶς
2633 1433 2930 1502 μυεῖσθαι’
2986 1433 3152 1505 ᾠδαῖς
3203 1436 3261 1489 δὲ
3314 1435 3488 1502 θείαις
3550 1418 3653 1490 καῖ’

2066 1520 2248 1592 ὕμνων
2295 1523 2669 1594 ψαλμοίςτδν
2719 1525 2852 1578 θεὸν
2906 1525 3257 1596 θεραπεύειν.
3292 1530 3383 1600 Μή
3425 1545 3550 1582 τινα
3587 1530 3646 1582 δὲ

2061 1617 2264 1669 τούτων
2311 1617 2665 1689 ἐντυγχάνειν
2721 1620 2922 1688 τροφῇ,
2978 1620 3109 1688 πρὶν
3154 1618 3309 1690 ἥλιος
3356 1622 3490 1690 περὶ
3536 1622 3645 1689 γῆν

2059 1705 2293 1775 γίνεται.
2352 1705 2474 1762 Εἰσὶ
2523 1706 2582 1761 δὲ
2634 1706 2683 1763 οἳ
2738 1712 2832 1760 καὶ
2886 1706 2977 1762 διὰ
3039 1708 3207 1779 τριῶν
3266 1708 3494 1781 ἡμερῶν
3551 1714 3646 1763 καὶ

2665 1800 2924 1867 ἄγευστοι
2966 1800 3337 1869 διαμένουσιν.
3380 1801 3540 1855 Οῖνου
3588 1803 3646 1854 δὲ

2060 1886 2156 1941 καὶ
2210 1886 2453 1957 ἐναίμων
2511 1888 2747 1957 πάμπαν
2802 1888 3122 1956 ἀπέχονται.
3187 1886 3412 1958 Ῥηταῖς
3468 1889 3515 1942 δ’
3584 1891 3642 1942 ὲν

2058 1979 2299 2050 ἡμέραις
2345 1980 2442 2032 καὶ
2488 1982 2782 2050 χαμευνεῖν
2831 1979 3140 2048 αἱροῦνται.
3178 1980 3255 2032 Τὸ
3285 1980 3333 2032 δ’
3381 1979 3513 2049 δψον
3544 1981 3645 2033 αὑ-

2057 2075 2171 2134 τοῖς
2217 2070 2383 2143 ἄρτος
2430 2072 2526 2123 καὶ
2563 2070 2692 2135 ἅλες
2729 2070 2839 2124 sisi.
2886 2072 2982 2124 καὶ
3027 2071 3304 2136 ὕσσωπον,
3340 2075 3437 2128 καὶ
3494 2072 3641 2143 ὕδωρ

2059 2163 2245 2215 ποτόν.
2290 2158 2444 2215 Εἶναι
2489 2162 2537 2216 δ’
2581 2164 2750 2232 ἐγγὺς
2785 2164 2878 2216 καὶ
2926 2165 3197 2232 γυναῖκας
3228 2165 3529 2234 γηραλέας,
3565 2145 3640 2219 δι’

2058 2255 2236 2323 ἔρωτα
2273 2254 2596 2325 φιλοσοφίας
2621 2256 2712 2308 τὸν
2740 2256 2852 2308 ἴσον
2881 2255 3085 2326 δρόμον
3114 2256 3450 2326 αῖρουμὲνας
3480 2255 3635 2326 βιοῦν

2058 2363 2232 2416 φησι·
2267 2348 2348 2401 διὸ
2386 2349 2480 2401 καὶ
2511 2347 2706 2418 γνώμῃ
2746 2347 2981 2418 ἑκουσίῳ
3019 2347 3119 2417 τὴν
3150 2348 3397 2417 ἀγαμίαν
3433 2347 3640 2402 ἀσκοῦ-

2060 2457 2173 2502 σαι,
2201 2439 2290 2490 τὺν
2325 2438 2442 2508 βίον
2473 2440 2868 2507 παρέλκουσιν.
2913 2440 2970 2491 '0
3002 2438 3103 2507 μὲν
3126 2439 3190 2509 δὴ
3212 2438 3386 2493 Φίλων
3407 2439 3637 2493 τοιαῦτα

2058 2526 2297 2602 ίττορῶιί
2337 2532 2395 2583 ὲν
2444 2530 2591 2599 λόγῳ
2622 2528 2680 2582 ὃν
2711 2528 2850 2597 Περὶ
2885 2529 3033 2593 ,Βίου
3065 2527 3431 2598 θεωρητικοῦ
3461 2530 3493 2601 ἢ
3525 2533 3642 2584 ἱκε-

2057 2621 2175 2676 τῶν
2206 2621 2525 2691 ἐπιγράφει,
2558 2620 2702 2675 ἔοικε
2752 2622 2887 2686 τοὺς,
2918 2620 2978 2688 ἐξ
3016 2621 3289 2693 Ἐϐραίων
3317 2623 3445 2694 ἄρτι
3488 2624 3641 2690 πρῶ·

2055 2730 2162 2775 τως
2216 2711 2715 2781 Χριστιανίσαντας
2775 2712 3121 2777 ὑποφαίνειν,
3191 2712 3637 2784 Ἰουδαῖκώτερον

2055 2800 2137 2854 ἔτι
2187 2801 2590 2870 διακειμένους,
2632 2802 2729 2854 καὶ
2777 2801 2845 2854 τὰ
2882 2802 3108 2855 ἐκείνων
3156 2800 3262 2873 ἤθη
3305 2800 3634 2873 τηροῦντας.

2068 2897 2156 2948 Ἐν
2184 2896 2329 2966 ἄλλῳ
2366 2896 2477 2967 γὰρ
2517 2895 2663 2949 ἔθνει
2705 2895 2964 2966 τοιαύτην
2999 2894 3117 2965 βίου
3167 2897 3449 2967 διαγωγὴν
3498 2895 3638 2967 πλὴν

2056 2988 2216 3058 ἡμῶν
2256 2990 2355 3042 οὐκ
2403 2989 2552 3043 ἔστιν
2588 2989 2791 3059 εὑρεῖν.
2825 2989 2930 3040 Καί
2966 3005 3031 3056 γε
3077 2988 3371 3058 συμϐάλλω
3402 2989 3463 3053 ἐξ
3491 2991 3638 3043 ὲκεί-

2055 3097 2161 3133 νων
2191 3080 2250 3130 ὲν
2276 3079 2537 3149 Αἰγύπτῳ
2574 3078 2725 3150 τήνδ’
2777 3080 3028 3146 ἀκμάσαι
3053 3078 3153 3150 τὴν
3186 3078 3488 3133 πολιτείαν.
3513 3079 3639 3133 Εἰσὶ

2055 3170 2109 3223 δὲ
2143 3171 2197 3222 οῖ
2220 3186 2354 3239 φασι
2386 3172 2481 3225 καὶ
2514 3173 2642 3234 τοὺς
2690 3172 2835 3225 κατὰ
2880 3172 3074 3241 καιρὸν
3119 3171 3397 3242 διωγμοὺς
3428 3172 3637 3243 ταύτην

2062 3264 2344 3335 σχεδιάσαι
2375 3262 2607 3335 πρώτως
2637 3264 2737 3333 τὴν
2768 3262 2995 3333 ἀγωγήν
3018 3278 3033 3292 ·
3067 3263 3164 3333 τῆς
3198 3263 3308 3333 γὰρ
3339 3263 3637 3334 θρησκείας

2060 3356 2616 3427 ἐκπεπολεμωμένης,
2674 3353 2974 3424 φεύγοντες
3022 3353 3211 3425 ὄρεσιν
3263 3355 3485 3426 ἀγρίοις
3539 3358 3638 3408 καὶ

2057 3450 2260 3512 νάπαις
2287 3450 2400 3502 τισὶ
2432 3448 2697 3519 διῃτῶντο
2718 3461 2733 3478 ⁸
2777 3440 2858 3508 οἷς
2889 3446 2963 3515 μὴ
2989 3447 3192 3500 ἁλῶναι
3239 3449 3361 3510 ταῖς
3398 3446 3633 3510 πλάναις

2057 3542 2146 3595 διὰ
2197 3540 2439 3609 σπουδῆς
2476 3538 2780 3593 ἐποιοῦντο.
2819 3538 3042 3598 Ἐθάδες
3091 3538 3150 3591 δὲ
3190 3538 3288 3591 τοῦ
3324 3538 3443 3609 βίου
3476 3539 3635 3606 γενόο

2062 3649 2237 3702 μενοι,
2284 3631 2428 3685 κατὰ
2478 3629 2676 3701 μικρὸν
2728 3628 3132 3698 ἀποπληρῶσαι
3189 3632 3257 3700 τῇ
3309 3629 3491 3702 διαίτῃ
3541 3630 3635 3681 τὸν

2060 3727 2195 3796 βίον,
2239 3726 2317 3788 είς
2361 3725 2506 3794 μέγα
2558 3722 2606 3776 τ’
2656 3721 2960 3786 ἐπιδοῦναι,
3013 3721 3222 3776 πολλῶν
3277 3724 3421 3775 κατὰ
3471 3720 3635 3789 ζῆλον

2060 3819 2445 3889 ὑποδυομένων
2476 3816 2576 3886 τὴν
2615 3816 2915 3872 πολιτείαν.

388 3907 690 3972 mandavit.
730 3910 957 3965 Videtur
1001 3922 1184 3968 autem
1270 3929 1367 3971 eos
1437 3916 1771 3985 signiﬁcare,
1821 3918 1915 3988 qui
1958 3933 2024 3973 ex
2066 3914 2309 3982 Hebraeis
2371 3924 2488 3970 tum
2553 3928 2733 3985 nuper
2783 3912 3077 3968 admodum
3145 3909 3633 3972 Christianismum

384 4007 748 4089 susceperint,
779 4004 1026 4062 Judaicis
1062 4007 1244 4062 adhuc
1277 4007 1634 4077 opinionibus
1661 4009 1945 4080 prasditos,
1989 4026 2281 4088 moresque
2356 4022 2550 4070 eorum
2599 4016 2903 4061 servantes.
2952 4004 3009 4058 in
3047 4004 3195 4059 nulla
3239 4005 3386 4062 enim
3470 3996 3633 4072 gente

383 4095 511 4163 alia,
545 4109 912 4171 prazterquam
958 4099 1106 4169 apud
1153 4114 1276 4165 nos,
1328 4101 1435 4155 tale
1505 4101 1630 4155 vita:
1700 4101 2017 4156 institutum
2061 4102 2402 4164 inveniatur.
2451 4100 2721 4169 Equidem
2771 4097 2841 4152 ab
2888 4096 2996 4151 illis
3030 4095 3304 4165 Aigyptiis
3349 4104 3635 4161 tantopere

385 4190 492 4253 hoc
530 4191 750 4255 vivendi
795 4207 969 4263 genus
1007 4191 1305 4247 invaluisse
1350 4193 1606 4262 coniicio.
1641 4191 1783 4248 Sunt
1813 4207 1945 4249 vero
1984 4195 2076 4264 qui
2147 4195 2361 4258 dicunt,
2433 4190 2885 4261 persecutionum
2930 4198 3177 4258 tempora
3211 4188 3338 4241 huic
3378 4187 3635 4240 insllluto

381 4284 681 4353 derepente
727 4283 965 4358 primum
999 4297 1219 4347 causam
1258 4284 1578 4354 praebuisse.
1608 4282 1747 4339 Cum
1793 4284 1941 4340 enim
1983 4300 2014 4338 ιι
2081 4284 2327 4356 tyrannis
2394 4283 2588 4350 religio
2642 4281 3033 4352 exagitaretur.
3070 4282 3164 4353 qui
3214 4278 3317 4333 sibi
3347 4278 3472 4348 luga
3500 4291 3636 4331 con-

383 4380 665 4442 sulehant,
698 4378 754 4433 in
801 4378 1083 4432 montibus
1116 4377 1341 4445 incultis
1403 4388 1462 4434 et
1496 4378 1732 4434 saltibus
1799 4376 2133 4449 quibusdam
2205 4377 2593 4438 versabantur,
2641 4375 2697 4435 in
2748 4375 2950 4443 quibus
2981 4389 3049 4429 ne
3092 4371 3422 4442 deprehensi
3469 4385 3630 4437 cape.

382 4482 593 4536 rentur,
647 4472 716 4527 de
770 4471 1045 4527 industria
1082 4470 1383 4526 errabundi
1435 4471 1598 4531 sedes
1640 4471 1948 4527 mutabant.
1990 4470 2055 4524 Et
2099 4484 2223 4523 cum
2309 4468 2360 4545 ei
2410 4467 2537 4525 vitae
2569 4466 2964 4528 assuevissent,
3011 4463 3276 4533 paulatim
3365 4460 3631 4529 deinceps

382 4570 697 4635 institutum
741 4566 794 4621 id
835 4566 901 4621 ad
935 4574 1168 4619 mortem
1246 4580 1417 4635 usque
1495 4565 1877 4635 producebant
1923 4574 2027 4618 :et
2066 4564 2132 4618 ad
2181 4578 2377 4634 tiiagna
2428 4562 2789 4621 incrementa,
2831 4557 3019 4615 multis
3065 4571 3165 4625 per
3198 4552 3629 4608 mmulalionem:

382 4665 857 4731 conversasiouem
882 4662 1046 4720 talem
1072 4671 1128 4718 et
1157 4663 1747 4728 vitamsubenntihus,
1782 4662 2254 4723 transmittebant.

883 4801 1046 4873 622
1074 4799 1300 4861 CAPUT
1340 4799 1430 4854 XL
1549 4856 1556 4863 .
1989 4807 2029 4861 ι)
2662 4795 2909 4849 amas.

381 4919 455 4977 De
500 4921 608 4977 vita
639 4929 688 4972 et
738 4918 980 4972 instituto
1024 4917 1308 4972 clarissimi
1337 4919 1477 4972 inter
1512 4920 1792 4976 ninnacltos
1840 4920 1953 4977 An-

454 4991 587 5044 tonii
627 4989 831 5059 Magni,
888 4995 938 5039 et
987 4990 1334 5043 sectatoribus
1374 4990 1489 5058 ejus
1518 5003 1537 5041 :
1570 4997 1621 5042 et
1668 4990 1730 5041 de
1785 4990 1955 5045 Paulo

451 5059 710 5130 Simplici.

455 5172 713 5239 Sedenim
765 5171 885 5233 sive
931 5170 1193 5243 Aflgyptii,
1245 5187 1340 5226 seu
1392 5173 1606 5243 priores
1656 5172 1775 5235 illi,
1816 5187 1955 5241 quos

385 5268 647 5334 diximus,
685 5275 781 5330 aut
823 5263 989 5329 eiiam
1029 5265 1118 5319 alii
1149 5262 1467 5337 quicunque
1519 5262 1757 5318 instituti
1790 5263 1956 5332 hujus

385 5372 643 5421 auctores
714 5358 910 5424 luere,
977 5364 1032 5410 et
1100 5355 1371 5433 ejusmodi
1440 5355 1791 5425 philosophia
1859 5354 1951 5408 alii

382 5454 635 5522 praeiere,
672 5450 806 5515 illud
840 5449 1063 5521 quidem
1104 5457 1251 5504 certe
1292 5463 1454 5504 nemo
1494 5463 1603 5502 non
1635 5450 1951 5511 conlitetur,

289 5612 297 5619 .
384 5545 452 5598 ad
485 5559 783 5610 summum,
815 5553 870 5599 et
896 5541 1144 5609 moribus
1175 5540 1328 5610 ipsis,
1359 5550 1416 5596 et
1447 5549 1701 5595 accurata
1731 5540 1951 5593 vivendi

385 5637 618 5701 ratione,
642 5637 951 5702 institutum
980 5637 1103 5701 hoc,
1128 5634 1198 5689 ita
1230 5643 1290 5688 ut
1318 5634 1506 5704 Opinio
1535 5633 1952 5699 obtinet,exer-

382 5726 566 5781 cuisse
614 5727 883 5782 celebrem
941 5727 1095 5785 illum
1160 5735 1215 5789 et,
1267 5741 1524 5795 niagnutn
1579 5725 1877 5781 Antonium
1936 5746 1947 5780 :

371 5835 545 5890 quem
591 5831 701 5872 tum
740 5820 791 5873 in
822 5818 1038 5891 .Egypti
1080 5819 1360 5874 montibus
1402 5819 1693 5885 viventem,
1731 5832 1953 5892 propter

2053 4915 2368 4986 Περὶᾼβίου
2396 4912 2493 4966 καὶ
2519 4909 2889 4986 ἀγωγῆς.τοῦ
2933 4906 3290 4986 περιϐοήτῳ)
3340 4908 3412 4986 ἐν
3442 4909 3632 4986 ἀττχηί

2128 4977 2250 5049 sui;
2278 4977 2627 5049 ⁴Ἀντωνίου
2653 4977 2658 4978 “
2685 4978 2789 5033 τοῦ
2816 4978 3107 5049 μεγάλοιο,
3164 4977 3260 5049 καί
3296 4977 3412 5031 τῶν
3442 4981 3628 5032 αὐτοῦ

2125 5047 2437 5126 μαθητῶν,
2473 5053 2567 5105 καὶ
2599 5051 2846 5103 Παύλου
2874 5048 2979 5102 τοῦ
3015 5047 3257 5103 Ἀπλοῦ.

2128 5172 2243 5227 Εἶτ’
2278 5168 2371 5224 οὖν
2400 5168 2708 5238 Αἰγύπτιοι,
2742 5166 2853 5219 εἷθ’
2885 5166 2936 5217 οἱ
2965 5165 3234 5233 πρότερον
3260 5163 3565 5233 εἰρημένοι,
3595 5166 3626 5235 ἦ

2056 5264 2296 5336 ὀποιοιδή
2321 5280 2462 5326 τινες
2515 5262 2608 5319 τοῦ
2639 5260 2882 5314 τοιούτου
2920 5256 3035 5328 βίου
3078 5255 3376 5327 κατῆρξαν,
3412 5259 3626 5325 καὶτῆς

2054 5357 2311 5426 τοιαύτης
2368 5353 2689 5427 φιλοσοφίας
2749 5350 3122 5422 προῦστησαν,
3187 5348 3344 5402 τοῦτό
3406 5366 3471 5417 γε
3519 5350 3627 5418 μὴν

2056 5450 2224 5502 πᾶσιν
2259 5445 2700 5520 ἀνωμολόγηται,
2738 5443 2812 5512 ὡς
2845 5444 2922 5504 είς
2957 5441 3125 5508 ἄκρον
3162 5437 3219 5493 ἐν
3253 5456 3311 5492 τε
3348 5439 3502 5509 ἤθεσι
3533 5443 3627 5491 καὶ

2055 5542 2278 5612 ἀκριϐεῖ
2325 5540 2575 5615 πολιτεία
2620 5539 2718 5608 τὴν
2764 5535 3027 5604 τοιαύτην
3065 5533 3279 5592 δίαιταν
3321 5532 3625 5601 ἑξασκῆσοι

2054 5637 2213 5703 λόγος
2260 5635 2373 5704 ἔχει
2405 5633 2496 5684 τὸν
2527 5631 2690 5685 πολὺν
2718 5631 2925 5685 ἐκεῖνον
2949 5627 3045 5686 καὶ
3079 5627 3257 5696 μέγαν
3303 5623 3588 5679 Ἀντώνιον
3610 5641 3625 5655 ·

2055 5730 2113 5781 ὃν
2145 5728 2446 5802 τηνικαῦτα
2483 5728 2593 5789 τοῖς
2627 5723 2749 5777 κατ’
2774 5723 3051 5789 Αἴγυπτον
3081 5719 3231 5792 ὄρεσι
3277 5718 3625 5787 διατρίϐοντα

2055 5821 2142 5874 διὰ
2186 5821 2245 5874 τὸ
2291 5822 2389 5889 τῆς
2450 5818 2651 5888 ἀρετῆς
2683 5815 2893 5884 περιὸν,
2930 5815 3153 5880 γ.ιὴσιον
3190 5813 3424 5863 ἐποιεῖτο
3473 5810 3626 5879 φίλων
