3972 6200
317 319 419 381 152

1249 317 1852 378 ECCLESIASTICJ!
1893 320 2282 380 HISTORLE
2313 321 2462 380 LIB.
2497 320 2664 381 \illl.

3483 313 3582 378 154

315 433 731 492 κωνσταντῖνος
784 432 811 483 ό
863 432 1186 503 περδόητος
1239 431 1526 501 βασιλεύς·
1593 433 1767 502 τιμῶν
1831 451 1891 486 τε

2018 435 2222 489 virtutis
2252 435 2646 504 praestantiam,
2679 447 2999 501 germanum
3035 430 3139 484 sibi
3169 429 3404 482 amicum
3456 430 3576 481 [ιιι-ἰ·

315 527 544 586 πυκνοῖς
573 526 895 594 γράμμασι,
934 526 1063 594 περὶ
1085 517 1162 578 ὧν
1185 526 1424 594 αἱρεῖται
1453 524 1686 594 γράφειν
1717 523 1902 594 ἠρέθι-

315 613 433 678 ζεν.
495 609 603 666 ἾΙν
631 615 690 666 δέ
743 606 898 675 οὗτος
927 613 1005 682 τῷ
1035 614 1184 676 γένει
1243 613 1564 681 Αἰγύπτιος,
1610 613 1675 666 τὰ
1708 613 1902 682 πρῶτα

314 707 418 774 τῆς
447 707 711 776 πατρίδος
750 705 1077 775 φερόμενος,
1108 705 1219 758 ἀπὸ
1257 704 1451 774 κώμης
1495 704 1638 758 οὕτω
1670 703 1904 771 λεγομέ-

313 813 416 865 νης
447 798 611 866 Κομᾶ
643 813 658 827 ·
700 798 902 865 ὅμορος
953 796 998 849 δ’
1062 797 1203 866 αὕτη
1270 779 1576 866 Ἠρακλεἱᾴ
1615 795 1724 848 τῶν
1775 795 1904 864 παρ’

318 889 643 954 Αἰγυπτίοις
691 887 994 957 Ἀρκάδων.
1043 887 1132 940 Ἑν
1165 887 1263 958 νέα
1301 887 1356 940 δὲ
1403 887 1592 955 ἡλικίᾳ
1647 884 1904 936 καταλει-

316 978 474 1044 φθεὶς
505 978 763 1047 ὀρφανὸς.
803 980 918 1032 ὅσοι
951 979 1050 1044 μέν
1081 977 1232 1048 αὑτῷ
1273 977 1556 1046 προσῆσαν
1587 977 1769 1044 ἀγροὶ,
1791 978 1904 1036 τοῖς

319 1071 691 1139 συγχωρίταις
717 1071 866 1122 εῐασε
893 1111 908 1136 ,
943 1073 1042 1139 τὴν
1099 1070 1156 1122 δέ
1209 1069 1402 1138 λοιπὴν
1436 1069 1760 1140 περιουσίαν
1790 1071 1901 1122 τοῖς

314 1160 599 1229 δεομένοις
652 1161 920 1214 ἀπέδοτο·
951 1163 1063 1213 δεῖν
1106 1161 1216 1231 γὰρ
1269 1159 1406 1230 ᾦετο
1445 1162 1536 1212 τὸν
1590 1160 1903 1228 φιλοσοφεῖν

320 1254 737 1322 σπεύδοντα,μὴ
769 1255 930 1322 μόνον
965 1255 1185 1322 ἀφιέναι
1219 1255 1284 1306 τὰ
1315 1255 1599 1322 χρήματα,
1630 1251 1764 1304 ἀλλὰ
1809 1252 1904 1302 καὶ

321 1343 716 1410 προσηκόντως
759 1343 1182 1396 καταναλίσκειν
1223 1345 1336 1404 τοῖς
1371 1341 1658 1412 χρῄζουσι.
1696 1341 1807 1393 Καὶ
1839 1339 1905 1407 δὴ

319 1433 435 1491 τοῖς
485 1430 739 1498 τηνικάδε
798 1431 927 1498 περὶ
955 1430 1026 1481 τά
1061 1430 1200 1482 καλὰ
1233 1430 1426 1500 σχολὴν
1460 1429 1678 1499 ἔχουσιν
1713 1427 1905 1479 ἐαυτὸν

323 1521 628 1591 συμμίξας,
660 1520 730 1572 τὰ
761 1523 1030 1589 κράτιστα
1076 1521 1187 1573 τῶν
1228 1520 1369 1573 ὅλων
1401 1519 1700 1588 ἐζήλωσεν.
1736 1514 1903 1576 Είδώς

321 1631 387 1682 γε
446 1614 556 1684 μὴν
611 1613 705 1666 τὸν
751 1613 1118 1683 ἄριστοννβίον
1151 1617 1216 1684 τῇ
1251 1611 1512 1683 συνηθείᾳ
1546 1611 1676 1681 ἡδὺν
1711 1611 1904 1676 ἐσόμε-

323 1726 437 1774 νον,
485 1709 534 1759 si
589 1708 683 1760 καὶ
734 1707 971 1776 χαλεπός
1015 1725 1100 1769 τις
1141 1708 1226 1776 atq
1271 1706 1554 1775 ταπρῶτα,
1583 1705 1680 1766 τὰς
1718 1719 1905 1754 συντμο

327 1817 466 1869 μους
487 1799 700 1868 μᾶλλον.
717 1800 810 1852 (αἱ
831 1799 1044 1862 τελείας
1074 1799 1182 1850 τῶν
1213 1797 1426 1866 ἀρετῶν
1453 1793 1772 1862 ἐπεμέλετο.
1798 1793 1905 1843 Καὶ
1942 1779 1977 1830 Β

329 1894 451 1946 καθ’
479 1895 722 1962 ἑκάστην
756 1891 960 1944 ώσανεὶ
1018 1890 1192 1962 ἀρχὴν
1254 1889 1566 1959 βαλόμενος,
1608 1885 1909 1953 ἐπιμάλλον

325 1987 388 2053 τῇ
433 1985 667 2036 καθόλου
722 1983 1020 2054 ἐγκρατείᾳ
1083 1981 1319 2052 ἐχώρει,
1380 1980 1586 2048 νεαράν
1640 1994 1762 2031 τινα
1815 1977 1910 2028 καὶ⁸

329 2077 692 2144 ἀκμάζουσαν
748 2077 1028 2146 ὁσημέραι
1095 2075 1409 2144 προθυμίαν
1455 2071 1808 2142 αὐχῶν.-Καί
1845 2085 1906 2136 γε

326 2171 428 2229 τὰς
483 2168 582 2236 μὲν
630 2166 724 2219 τοῦ
760 2168 1015 2236 σώματος
1051 2166 1248 2236 ἡδονὰς
1282 2165 1582 2218 ἐκολάσατο
1625 2165 1743 2224 ταῖς
1781 2164 1908 2231 περὶ

325 2259 463 2311 αὑτδ
515 2261 797 2328 ἐπιμόνοις
844 2258 1283 2326 ταλαιπωρίαις·
1338 2257 1437 2319 τὰς
1491 2256 1548 2308 δὲ
1601 2256 1697 2324 τῆς
1729 2254 1906 2322 ψυχῆς

326 2352 603 2412 ἀτάκτους
652 2351 830 2418 ὁρμάς
882 2349 1203 2402 κατέστειλε
1232 2348 1310 2418 τῷ
1341 2347 1606 2417 ἀνενδότῳ
1641 2347 1739 2416 τῆς
1779 2362 1908 2413 προ-

324 2446 620 2508 αιρίσεως.
643 2442 828 2506 Ἀπαξ
858 2443 902 2493 δ’
933 2443 1167 2493 ἐσιτεῖτο
1197 2441 1418 2510 ἡμέρας
1444 2439 1596 2508 ἡλίου
1624 2438 1868 2498 δύνοντος
1892 2453 1905 2466 ·

329 2534 596 2596 πολλάκις
627 2535 684 2586 δέ
716 2535 808 2586 καὶ
855 2537 910 2595 ἐς
961 2534 1054 2587 δύο
1101 2533 1198 2587 καὶ
1225 2537 1372 2603 τρεῖς
1411 2533 1624 2602 ἡμέρας
1651 2533 1910 2592 ἀπόσιτις

328 2626 544 2695 ἔμενεν.
589 2626 652 2678 Ἦ
689 2627 744 2678 δὲ
773 2629 946 2696 τρυφὴ
979 2628 1140 2699 ἄρτος
1170 2625 1237 2697 ἦν
1265 2669 1280 2692 ,
1314 2627 1410 2679 καὶ
1444 2624 1650 2678 ἁπλοῦν
1695 2621 1824 2691 ὖψον
1859 2623 1907 2673 οἱ

328 2719 460 2780 ἅλες
486 2735 500 2748 ·
559 2719 620 2770 τὸ
653 2718 710 2770 δὲ
741 2723 900 2771 ποτὸν
961 2721 988 2770 ό
1047 2720 1384 2788 παραρρέων
1422 2717 1572 2784 αὑτῴ
1608 2715 1909 2784 χείμαρρος

329 2807 616 2876 ἐχορήγει.
653 2808 752 2858 Διὰ
807 2808 988 2874 πάσης
1049 2807 1094 2860 δ’
1127 2807 1428 2876 ἀγρυπνῶν
1469 2805 1544 2867 ώς
1599 2805 1774 2856 εἰπεῖν
1824 2804 1909 2852 ἀεὶ

327 2898 432 2966 τῆς
458 2897 676 2960 νυκτὸς,
714 2897 809 2951 καί
832 2915 886 2950 τι
918 2898 1017 2966 τῆς
1049 2900 1265 2967 ἡμέρας
1308 2898 1472 2966 μέρος
1491 2893 1760 2964 ἐλάμϐανε
1791 2894 1910 2953 ταῖ;

329 2991 546 3059 εὐχαῖς.
577 2991 641 3042 Ei
673 2990 728 3042 δέ
760 3007 862 3042 που
910 2991 1007 3042 καὶ
1043 2990 1210 3053 ὕπνος
1251 2989 1553 3060 παρώδευε,
1591 2987 1798 3058 βραχύς
1828 3003 1910 3047 τις

2007 524 2354 579 clarissimus
2400 525 2698 593 imperator
2729 523 3148 582 Constantinus,
3200 518 3580 588 frequentibus

2006 619 2072 670 ad
2108 631 2235 670 eum
2266 616 2408 670 datis
2453 616 2656 669 litteris
2691 615 2968 667 hominem
3005 614 3303 672 honorans,
3337 619 3390 662 rt
3427 620 3486 661 ut
3524 610 3591 658 de.

2005 707 2209 774 quibus
2256 706 2420 759 rebus
2463 704 2627 757 vellet
2674 705 2774 772 (1),
2809 703 2874 756 ad
2931 718 2989 756 se
3032 701 3323 762 scriberet,
3369 715 3586 766 rogans.

2010 799 2135 853 Fuit
2157 808 2339 851 autem
2372 796 2418 849 is
2437 811 2639 865 genere
2668 795 2958 865 Egyptius
2984 793 3084 862 (‘2),
3113 792 3317 862 primas
3345 790 3394 841 in
3418 799 3524 856 pati
3543 788 3589 838 ia

2005 906 2103 945 sua
2135 899 2316 960 partes
2367 889 2572 951 ferens,
2614 890 2666 941 in
2718 887 2840 940 vico
2885 886 2972 940 cui
3020 899 3216 939 nomen
3264 888 3383 935 erat
3419 880 3582 932 Coum

2006 993 2186 1044 ortus,
2218 981 2318 1051 qui
2353 980 2620 1034 finitimus
2667 989 2753 1033 est
2803 976 3076 1031 Arcadum
3127 975 3226 1044 (5),
3276 989 3398 1042 qua:
3445 969 3587 1038 apul

2005 1072 2287 1145 Egyptios
2329 1081 2413 1126 est
2461 1071 2758 1124 Heracleae.
2807 1069 2864 1122 ln
2909 1067 3140 1137 juvenili
3187 1073 3369 1118 autem
3425 1071 3585 1116 :etaie

2007 1168 2232 1220 relictus
2264 1183 2291 1218 a
2337 1164 2662 1234 parentibus
2707 1163 3015 1231 orphanus.
3068 1156 3341 1228 quidquid
3391 1153 3441 1207 ei
3487 1151 3592 1204 fuit

2006 1260 2140 1328 agri,
2175 1258 2278 1311 loci
2321 1258 2442 1328 ejus
2479 1255 2676 1309 incolis
2725 1253 2971 1314 donavit,
3021 1249 3286 1318 reliquam
3323 1245 3586 1300 substan-

2010 1350 2139 1402 tiam
2174 1348 2470 1417 egentibus
2518 1337 2824 1399 distribuit.
2871 1341 2946 1394 Ita
2979 1341 3124 1393 enim
3169 1339 3366 1392 decere
3396 1333 3590 1388 existi-

2009 1439 2196 1502 mavit,
2232 1447 2291 1491 ut
2311 1438 2406 1506 qui
2438 1435 2810 1506 philosophari
2834 1431 3246 1493 constituisset,
3273 1443 3380 1480 non
3415 1426 3590 1478 solum

2009 1531 2274 1599 pecunias
2312 1530 2670 1598 relinqueret,
2707 1526 2801 1582 sed
2834 1527 2997 1579 etiam
3045 1538 3146 1593 pro
3191 1535 3257 1575 eo
3299 1528 3463 1586 atque
3493 1516 3591 1568 de-

2008 1634 2178 1686 ceret,
2209 1622 2472 1691 inopibus
2504 1636 2596 1674 eas
2637 1620 2997 1689 expenderet.
3044 1615 3187 1670 Sane
3231 1611 3452 1682 quidem
3494 1609 3586 1675 qui

2012 1725 2125 1768 tum
2154 1713 2319 1768 rebus
2341 1711 2586 1782 pulchris
2605 1722 2880 1774 vacarent,
2901 1711 2980 1764 eis
3005 1723 3063 1762 se
3087 1705 3445 1775 coniungens,
3467 1715 3590 1770 qua:

2013 1808 2065 1860 in
2105 1819 2441 1872 unoquoque
2467 1817 2658 1856 eorum
2686 1801 3134 1871 praestantissima
3163 1803 3376 1858 essent,
3407 1807 3471 1847 ea
3506 1800 3592 1842 est

2011 1895 2326 1952 aemulatus.
2356 1893 2510 1960 Quod
2542 1907 2780 1961 namque
2817 1893 2981 1946 sciret
3010 1889 3274 1959 optimam
3311 1899 3590 1953 quamque

2011 1992 2178 2043 vitam
2212 1985 2616 2040 consuetudine
2650 1983 2867 2038 dulcem
2893 1991 3213 2051 gratamque
3239 1977 3379 2036 ﬁeri,
3404 1991 3590 2044 quam-

2012 2082 2094 2135 vis
2127 2081 2309 2150 gravis
2341 2080 2580 2150 primum
2616 2077 2686 2130 sit
2719 2084 2776 2129 et
2809 2074 3060 2137 molesta,
3100 2073 3155 2124 in
3183 2067 3593 2136 compendiosis

2011 2174 2386 2242 perfectisque
2420 2186 2479 2224 se
2505 2171 2680 2238 magis
2704 2167 2949 2221 exercuit
2977 2163 3293 2218 virtutibus.
3320 2161 3387 2212 Et
3413 2160 3594 2228 (ιιιοιί⁴

2011 2266 2100 2318 die
2144 2263 2302 2333 quasi
2355 2259 2630 2331 principio
2656 2261 2822 2330 jacto,
2853 2257 3026 2325 magis
3059 2269 3122 2308 ac
3170 2253 3342 2321 magis
3387 2251 3441 2304 in
3475 2250 3595 2302 uni-

2013 2371 2168 2411 versa
2192 2355 2358 2408 animi
2387 2353 2768 2408 moderatione
2798 2349 3143 2420 proﬁciebat,
3177 2361 3373 2400 novam
3403 2359 3594 2412 quam-

2011 2449 2137 2501 dam
2171 2457 2227 2501 et
2259 2447 2534 2516 vigentem
2569 2445 2748 2498 indies
2783 2457 2892 2512 prae
2920 2458 2978 2496 se
3009 2441 3194 2495 ferens
3228 2438 3591 2490 alacritatem.

2015 2540 2076 2593 Et
2105 2539 2357 2607 corporis
2397 2537 2622 2606 quidem
2651 2536 2970 2603 voluptates
3013 2529 3275 2585 aerumnis
3303 2528 3422 2596 ejus
3453 2526 3595 2595 iugi-

2013 2633 2116 2685 bus
2153 2631 2479 2699 suppressit,
2515 2629 2714 2681 animae
2755 2635 2936 2679 autem
2984 2621 3329 2677 inordinatos
3358 2618 3595 2686 impetus

2015 2723 2314 2795 pertinacia
2359 2721 2624 2792 propositi
2673 2719 2756 2774 sui
2801 2716 3154 2773 constrinxit.
3188 2712 3368 2768 Semel
3412 2721 3593 2764 autem

2016 2816 2261 2870 interdiu
2290 2823 2413 2884 post
2449 2828 2704 2869 occasum
2745 2811 2916 2866 solem
2951 2808 3136 2862 cibum
3175 2803 3436 2872 sumpsit.
3471 2800 3597 2854 Per-

2014 2922 2158 2977 sacpe
2210 2923 2340 2960 vero
2390 2906 2620 2962 biduum
2670 2912 2866 2966 totum,
2916 2899 3247 2970 quandoque
3292 2897 3461 2950 etiam
3499 2895 3596 2946 tri-

2017 2998 2211 3060 duum,
2269 3013 2426 3052 escas
2483 3012 2591 3050 non
2644 2995 2846 3064 attigit.
2909 2992 3078 3047 Cibus
3135 2987 3186 3042 ei
3243 2996 3363 3042 erat
3416 2987 3596 3055 panis,

335 3085 486 3154 μάλα
516 3084 752 3154 προσῆν.
785 3084 976 3152 Χαμαὶ
1008 3084 1052 3135 δ’
1083 3085 1175 3135 ἐπὶ
1198 3082 1359 3151 ψιλοῦ
1385 3083 1632 3151 κείμενος
1670 3079 1762 3132 τοῦ
1799 3078 1912 3132 ἐδά-

2018 3089 2309 3143 obsonium
2341 3088 2570 3158 simplex
2609 3087 2709 3149 sal,
2744 3094 2932 3155 potum
2971 3079 3349 3152 przeteriluens
3382 3088 3598 3132 torrens

334 3193 472 3242 φους
522 3176 593 3228 τὰ
651 3174 818 3226 πολλὰ
873 3175 1120 3228 διετέλει.
1158 3174 1483 3228 Παντάπασι
1533 3171 1578 3224 δ’
1631 3171 1908 3223 ἀπείπατο

332 3267 517 3318 ἐλαίου
576 3283 637 3318 τε
685 3266 866 3334 κρίσιν
902 3265 996 3316 καὶ
1045 3265 1287 3336 λούτρων
1329 3265 1548 3333 χρείαν,
1603 3260 1758 3324 εἰδὼς
1811 3259 1911 3330 τὴν

336 3360 594 3412 σύντονον
619 3359 733 3424 ἕξιν
766 3358 860 3410 τοῦ
921 3358 1173 3427 σώματος
1208 3357 1392 3427 ⁴ίςρέμα
1441 3357 1574 3426 πρ³ις
1611 3355 1671 3408 τὸ
1695 3356 1912 3422 ἀνειμέ-

337 3469 430 3505 νον
465 3451 562 3504 καὶ
601 3449 799 3519 χαῦνον
846 3453 962 3512 τοῖς
1019 3451 1208 3515 ὑγροῖς
1240 3449 1638 3520 στρεφομένην.
1675 3447 1915 3499 Ἦκιςτα

337 3543 396 3595 δέ
427 3557 561 3609 φασι
593 3543 685 3594 καὶ
713 3541 924 3609 γυμνὸν
955 3541 1120 3594 αὑτὸν
1145 3539 1380 3611 ὀφθῆναί
1413 3555 1566 3591 ποτε.
1609 3539 1644 3589 Γ
1651 3539 1914 3609 ράμματα

337 3637 396 3688 δὲ
439 3639 513 3703 μὴ
549 3633 760 3701 μαθὼν,
803 3635 925 3686 οὑδὲ
957 3634 1050 3686 τὸν
1081 3635 1261 3686 εἰδότα
1319 3633 1407 3686 διὰ
1459 3631 1742 3700 θαύματος
1779 3627 1910 3698 εἶχε.

341 3727 488 3783 Νοῦν
537 3727 583 3778 δ’
620 3726 824 3794 ἀγαθὸν
876 3727 947 3788 ώς
1016 3726 1363 3797 γραμμάτων
1413 3713 1790 3793 πρεσϐύτερον
1822 3726 1916 3774 καὶ

343 3819 452 3870 τῶν
509 3819 768 3870 τοιούτων
841 3819 1072 3887 εὑρετὴν
1130 3816 1276 3886 μάλα
1337 3816 1561 3888 ἐπῄνει·
1618 3816 1754 3883 μηδέ
1808 3815 1916 3884 γὰρ

346 3907 485 3962 εἶναι
537 3910 746 3961 τούτων
777 3909 1045 3978 ἀνάγκην,
1075 3908 1168 3961 τοῦ
1197 3907 1290 3961 νοῦ
1323 3907 1650 3977 ἐρρωμένως
1683 3905 1918 3976 ἔχοντος.

347 4000 527 4066 “pio;
549 3997 594 4049 δ’
612 3998 770 4067 εῐπερ
788 4015 870 4060 τις
889 3997 980 4048 καὶ
1012 3996 1397 4066 φιλάνθρωπος
1421 3993 1685 4064 γεγονὼς,
1707 3994 1920 4065 χαρίεις

348 4091 585 4158 μάλιστα
612 4091 724 4152 τοῖς
742 4088 1162 4158 ἐντυγχάνουσιν
1190 4084 1280 4157 ἦν,
1296 4087 1422 4151 ὀξύς
1441 4105 1500 4140 τε
1518 4088 1612 4140 καὶ
1629 4085 1922 4153 ἀκαταγώ-

346 4200 544 4245 νιστος.
581 4182 973 4249 Διαλεγόμενος
1025 4181 1070 4233 δ’
1109 4181 1432 4250 ἐπιμᾶλλον,
1466 4179 1527 4232 τὸ
1597 4181 1672 4250 μὴ
1732 4179 1924 4231 λυπεῖν

342 4277 671 4345 ἐφυλάττετο
693 4313 710 4339 ,
745 4275 794 4328 εί
831 4274 924 4327 καί
952 4291 1093 4336 τινες
1115 4273 1401 4343 ἐριστικῶς
1420 4275 1558 4336 τέως
1578 4272 1726 4341 αὑτῷ
1753 4287 1923 4342 προσ-

343 4369 627 4438 εφέροντο.
675 4366 963 4436 Κρείττονι
1017 4367 1126 4435 γὰρ
1171 4366 1334 4437 σοφίᾳ
1371 4368 1480 4419 τινὶ
1511 4366 1603 4420 καὶ
1633 4367 1924 4436 Μραξένῳ

2021 3181 2279 3252 praebuit.
2329 3182 2430 3235 Per
2478 3190 2648 3249 totam
2690 3189 2873 3234 autem
2909 3191 3126 3246 semper
3198 3171 3596 3244 propemodum

2016 3273 2245 3342 vigilans
2281 3282 2524 3339 noctem,
2558 3274 2797 3342 aliquam
2844 3273 3009 3326 etiam
3059 3271 3168 3326 diei
3217 3284 3432 3340 partem
3476 3281 3600 3335 prc-

2015 3364 2322 3420 cationibus
2349 3365 2534 3420 dabat.
2565 3366 2722 3430 Quod
2757 3364 2933 3420 sicubi
2966 3381 3193 3420 somnus
3221 3366 3274 3420 ei
3305 3361 3589 3430 obrepsis-

2017 3467 2124 3520 set,
2158 3457 2340 3512 brevis
2375 3457 2422 3512 is
2462 3458 2754 3511 admodum
2801 3461 2904 3511 fuit
2939 3473 2953 3510 ε
2987 3458 3138 3512 humi
3175 3472 3301 3512 vero
3347 3455 3400 3508 in
3440 3454 3594 3506 nudo

2018 3551 2134 3606 Solo
2161 3550 2459 3618 plurimum
2488 3551 2743 3605 cubabat.
2777 3551 2939 3620 623
2968 3552 3030 3604 Et
3052 3551 3275 3604 omnino
3296 3548 3404 3602 olei
3428 3547 3596 3601 simul

2021 3639 2276 3710 unguini,
2308 3648 2365 3693 et
2413 3639 2709 3695 lavationis
2747 3642 2868 3694 usui
2921 3641 3338 3696 renuntiaverat
3383 3657 3400 3692 ι
3447 3637 3596 3707 quod

2020 3733 2174 3786 illum
2229 3747 2340 3785 non
2388 3730 2608 3796 lateret,
2661 3732 2951 3786 robustum
3002 3748 3224 3802 quoque
3275 3739 3332 3786 et
3379 3731 3596 3784 (irinum

2022 3825 2276 3895 corporis
2313 3824 2560 3878 habitum
2604 3824 2848 3878 humidis
2887 3825 3089 3880 sensim
3123 3824 3191 3877 ad
3230 3822 3517 3876 mollitiem
3543 3832 3600 3873 et

2024 3917 2212 3970 luxum
2265 3915 2532 3970 converti.
2582 3913 2738 3968 Haud
2791 3931 3034 3985 unquam
3084 3930 3210 3970 eum
3263 3929 3291 3968 a
3340 3914 3598 3983 quopiam

2024 4010 2234 4061 nudum
2279 4021 2399 4062 esse
2441 4007 2618 4061 visum
2664 4005 2905 4060 tradunt.
2949 4006 3171 4060 Etcum
3223 4006 3436 4059 litteras
3485 4006 3600 4072 ipse

2026 4113 2136 4153 non
2169 4097 2385 4160 didicit,
2435 4107 2545 4152 tum
2587 4113 2768 4166 neque
2809 4113 2997 4152 earum
3046 4097 3256 4167 peritos
3296 4096 3601 4150 admiratus

2025 4199 2130 4246 est.
2167 4189 2404 4245 Mentem
2440 4204 2574 4244 vero
2604 4190 2802 4244 bonam
2839 4201 2898 4244 ut
2927 4191 3134 4246 litteris
3162 4189 3295 4260 ipsis
3328 4189 3603 4258 antiquio-

2029 4298 2166 4349 rem,
2217 4282 2520 4352 taliumque
2564 4282 2705 4336 adeo
2753 4283 2956 4336 artium
3005 4283 3395 4344 inventricem,
3447 4279 3600 4332 valde

2028 4376 2290 4428 laudavit.
2314 4374 2457 4441 Quin
2493 4391 2670 4445 neque
2694 4375 2760 4428 iis
2787 4376 3088 4445 quidquam
3118 4391 3257 4444 opus
3285 4389 3407 4429 esse
3439 4373 3600 4432 dixit,

346 4461 426 4529 τῷ
457 4459 579 4530 ήθει
613 4460 709 4512 σὺν
738 4459 1019 4529 ἐπιστήμῃ
1048 4457 1168 4528 θείᾳ
1194 4458 1555 4529 ῥιπιζομένην
1588 4459 1912 4530 φιλονεικίαι

2029 4468 2075 4522 si
2111 4482 2264 4521 mens
2294 4483 2392 4537 per
2429 4468 2666 4537 seipsam
2707 4468 2888 4522 valida
2924 4469 3016 4521 sit.
3059 4467 3202 4520 Mitis
3241 4483 3404 4535 porro
3435 4475 3602 4534 atque

345 4553 586 4622 εὐχερῶς
632 4549 1022 4602 καταστέλλειν
1068 4544 1207 4618 εἶχε,
1233 4552 1328 4603 καὶ
1363 4551 1500 4621 πρὸς
1527 4555 1590 4604 τὸ
1623 4551 1920 4621 μετριώτε·

349 4663 443 4715 ρον
513 4643 797 4712 μεθιστᾷν.
848 4641 1068 4712 Κιρνῶν
1100 4641 1156 4694 δὲ
1188 4643 1249 4695 τὸ
1280 4641 1530 4695 σύντονον
1584 4643 1692 4696 τῶν
1750 4642 1922 4705 διομι-

345 4735 603 4798 λοὺντων,
647 4734 746 4786 καὶ
790 4733 1029 4802 τρόπους
1074 4731 1401 4802 ἐρῤύθμιζε.
1457 4731 1622 4793 Θείας
1662 4729 1707 4781 δ’
1735 4727 1921 4784 ἐντεῦ-

349 4829 440 4880 θεν
504 4825 762 4894 γνώσεως
817 4826 912 4878 καὶ
968 4823 1334 4893 προγνώσεως
1385 4823 1714 4894 μετασχὼν,
1765 4821 1920 4874 οὐδὲν

348 4923 537 4991 ἡγεῖτο
583 4920 638 4972 τὶ
673 4918 838 4986 μέλον
883 4917 1124 4970 εἰδέναι·
1157 4917 1371 4971 εἰκαίαν
1419 4916 1466 4969 δ’
1494 4912 1632 4969 εἶναι
1686 4915 1780 4968 καὶ
1821 4915 1922 4985 τὴν

350 5015 482 5084 περὶ
535 5013 694 5065 τοῦτο
743 5011 980 5081 σπουδὴν
1016 5011 1227 5078 ἔλεγεν,
1253 5011 1336 5062 ὃτι
1373 5007 1497 5078 μηδ’
1545 5007 1747 5078 ἀρετὴν
1781 5002 1919 5059 εἶναι

343 5110 445 5178 τὴν
496 5109 810 5176 πρόγνωσιν
851 5105 1129 5158 ὑπετίθει·
1161 5103 1284 5157 ἐπεί
1343 5103 1425 5156 τοί
1460 5120 1524 5170 γε
1575 5102 1701 5173 μηδ’
1743 5103 1802 5154 ἐν
1832 5103 1922 5154 εὑο

349 5202 534 5262 θύναις
580 5199 743 5252 πάλιν
791 5197 988 5266 τδνιμὴ
1038 5196 1215 5249 εἰδότα
1253 5195 1314 5248 τὺ
1357 5194 1550 5264 μέλλον
1585 5195 1916 5262 ὑπάγεσθαι.

353 5292 450 5342 Ἐν
479 5291 587 5361 γὰρ
616 5287 755 5344 εἶναι
781 5289 842 5342 τὺ
879 5289 1150 5359 μακάριον
1189 5287 1427 5350 ὑπενόει,
1475 5285 1655 5347 καλῶς
1680 5285 1739 5336 τὸ
1767 5283 1922 5336 Θεῖον

348 5385 573 5448 σέὂειν,
631 5383 758 5444 τούς
815 5399 874 5434 τε
924 5383 1122 5450 νόμους
1171 5381 1337 5435 αὑτοῦ
1393 5381 1488 5433 καὶ
1543 5379 1644 5440 τὰς
1699 5378 1921 5438 ἐντολὰς

349 5475 787 5546 ἁπαρατρώτους
825 5477 1033 5546 τηρεῖν.
1068 5475 1125 5528 Ei
1153 5475 1209 5527 δέ
1239 5492 1316 5544 τῳ
1349 5475 1490 5544 ἔρως
1536 5475 1632 5528 καὶ
1659 5473 1754 5528 τοῦ
1786 5489 1922 5542 προ.

418 5614 495 5680 (1)
533 5614 639 5664 Καὶ
685 5607 761 5667 ὧν
813 5612 1009 5664 ἐδεῖτο.
1061 5612 1328 5680 (Sexum)
1371 5609 1479 5664 lloc
1504 5619 1607 5673 est,
1642 5609 1717 5662 De
1771 5609 1918 5664 rebus

349 5686 536 5752 quibus
565 5683 836 5754 indigeret.

419 5756 496 5822 (Ξ)
547 5755 636 5823 Τῷ
678 5751 833 5820 ⁷·,ἑνει
881 5755 990 5806 τῶν
1039 5752 1400 5821 εὐπατριδῶν.
1447 5753 1683 5820 (Suom.
1737 5751 1830 5805 lib.
1882 5769 1916 5814 ι,

2029 4559 2326 4624 humanus,
2351 4568 2412 4613 ut
2433 4575 2541 4613 non
2572 4559 2743 4624 magis
2766 4560 2907 4612 alius
2931 4560 3244 4627 quisquam,
3267 4569 3323 4611 et
3351 4558 3402 4611 in
3433 4559 3602 4612 collo-

2027 4651 2173 4721 quiis
2217 4653 2494 4722 gratiosus
2546 4651 2802 4714 maxime,
2835 4660 3004 4720 atque
3053 4650 3184 4703 item
3225 4659 3422 4703 acutus
3463 4650 3602 4704 invi-

2027 4756 2260 4813 ctusque
2303 4743 2429 4798 fuit.
2468 4744 2526 4798 In
2572 4743 3044 4813 disputationibus
3094 4743 3396 4811 praecipue,
3429 4745 3597 4797 etiam

2027 4830 2072 4883 si
2101 4831 2195 4898 qui
2230 4831 2504 4884 interdum
2549 4831 2898 4886 contentiose
2929 4845 3053 4884 cum
3102 4845 3170 4884 eo
3211 4830 3599 4886 conﬂictaren-

2030 4934 2141 4986 tur,
2190 4939 2258 4978 ne
2292 4923 2551 4978 molestus
2589 4933 2761 4989 esset,
2808 4924 3054 4978 cavebat.
3102 4923 3478 4980 Praestantiori
3527 4925 3599 4980 si-

2030 5017 2252 5087 quidem
2280 5015 2545 5086 sapientia
2577 5015 2838 5085 quadam,
2870 5027 2925 5071 et
2955 5032 3100 5071 novo
3137 5033 3313 5083 more,
3341 5034 3443 5071 una
3475 5033 3597 5071 cum

2029 5108 2214 5162 divina
2247 5107 2565 5177 prudentia,
2599 5115 2804 5161 temere
2836 5107 3046 5161 illatum
3087 5107 3458 5162 contentionis
3487 5117 3603 5159 stu-

2028 5199 2180 5252 dium
2219 5199 2379 5254 lacile
2413 5199 2764 5264 contrahere,
2801 5207 2858 5254 et
2887 5201 2954 5254 ad
2997 5201 3428 5254 moderationem
3465 5212 3597 5250 con-

2029 5290 2266 5346 formare
2306 5302 2552 5348 noverat.
2607 5292 3022 5347 Vehementiam
3072 5305 3256 5345 autem
3303 5289 3604 5344 collocutu-

2027 5399 2150 5438 rum
2212 5394 2566 5454 temperans,
2628 5401 2811 5441 mores
2863 5401 3054 5441 eorum
3112 5383 3276 5437 simul
3340 5382 3602 5436 reddebat

2031 5478 2304 5532 meliores.
2353 5478 2603 5531 Divinam
2639 5478 2768 5532 inde
2812 5477 3202 5547 cognitionem,
3236 5484 3402 5545 atque
3435 5480 3597 5529 etiam

2029 5631 2149 5683 cap.
2193 5616 2255 5666 15
2282 5617 2298 5682 )
2334 5614 2445 5668 Hoc.
2472 5627 2574 5675 cst.
2605 5617 2748 5668 claro
2775 5617 2886 5671 loco
2927 5623 3102 5666 natus.

2101 5687 2177 5753 (5)
2210 5684 2333 5746 Τοῖς
2370 5686 2500 5752 παρ’
2547 5688 2861 5751 Αἰγυπτίοις
2911 5687 3148 5754 ἄκροισι,
3189 5686 3405 5752 (Summ
3441 5684 3456 5751 )
3488 5683 3600 5738 "GC

2028 5765 2132 5816 cst,
2185 5755 2548 5825 .Egyptiorum
2602 5758 2877 5811 ruentibus.
