3972 6200
332 259 438 331 ]‹.¹ῖ5

1524 269 1947 334 NlCEPIIORl
1990 277 2074 334 (1A
2088 278 2341 340 LLISTI

3494 290 3596 356 156

324 371 816 440 .pr:ecogiiitionem
864 385 1219 438 consecutus,
1262 376 1400 430 nihil
1440 378 1737 432 admodum
1783 395 1903 435 esse

2018 385 2208 438 ειδέναι
2268 388 2559 460 ἐνέσκηψε,
2592 391 2837 462 καθαρὸς
2888 395 2974 465 εἴη
3025 396 3228 467 ψυχὴν,
3262 398 3419 467 ἔλεγε
3451 419 3463 432 ·
3503 401 3600 458 καὶ

326 461 613 529 judicabat
664 461 850 515 l'utura
907 464 1213 529 prmvidere
1274 482 1287 516 :
1349 480 1663 535 vanumque
1717 472 1905 532 ctiam,

329 554 477 622 quod
508 554 561 607 in
592 569 654 609 ea
700 569 759 609 re
789 555 1180 620 collocaretur,
1218 557 1463 613 studium
1508 573 1630 613 esse
1661 559 1907 615 dicebat.

332 647 517 712 Neque
548 646 805 703 virtutem
841 646 1005 699 ullam
1041 662 1161 701 esse
1192 646 1382 705 docuit
1423 648 1674 705 divinare
1718 670 1731 704 :
1762 652 1907 722 quod

332 753 363 789 υ
394 736 636 800 diverso,
662 752 842 807 neque
870 737 923 791 in
956 736 1111 801 vitio,
1142 739 1299 810 cujus
1332 742 1505 811 gratia
1536 758 1754 812 pmnam
1785 744 1909 815 quis

336 836 562 889 metuat,
611 827 704 892 sit,
745 828 993 884 futurum
1040 844 1150 883 non
1189 846 1375 886 nosse.
1411 831 1681 891 Ca-teruzu
1737 852 1906 890 unum

336 916 473 969 illud
509 916 869 973 beatitudinis
897 933 1018 974 esse
1048 920 1427 982 existimabat.
1460 925 1564 978 rite
1610 925 1781 980 Deum
1823 942 1910 982 co-

335 1009 473 1066 lere.
520 1009 783 1081 legesque
813 1013 933 1081 ejus
966 1024 1021 1067 ct
1060 1015 1317 1069 mandata
1363 1014 1624 1070 inviolata
1666 1033 1908 1086 servare,

334 1102 389 1155 Si
431 1101 521 1157 cui
564 1113 749 1158 autem
800 1120 955 1158 amor
996 1104 1180 1160 futura
1228 1109 1596 1179 cognoscendi
1648 1113 1908 1167 incessat.

339 1208 529 1259 puram
579 1194 765 1255 modo.
821 1196 1023 1266 inquit,
1082 1196 1281 1252 habeat
1330 1200 1592 1263 animam,
1643 1212 1698 1255 et
1742 1202 1910 1256 futuri

340 1286 647 1354 perspectio
688 1302 815 1341 cum
851 1294 1245 1357 consequetur,
1296 1289 1405 1344 Deo
1456 1292 1624 1346 veluti
1660 1309 1760 1363 per
1788 1309 1912 1364 spe-

337 1376 522 1429 culum
562 1376 783 1447 aliquod
825 1382 1196 1450 cognitionem
1243 1383 1413 1437 l'utnri
1446 1381 1765 1437 exbibente.
1814 1383 1913 1438 So-

342 1468 582 1522 cordiam
616 1478 797 1524 autem
826 1472 1127 1538 detestans,
1160 1489 1351 1528 omnes
1397 1476 1491 1543 qui
1544 1483 1693 1528 recte
1726 1478 1912 1531 vivere

346 1560 566 1625 vellent,
611 1563 922 1628 admonuit,
960 1575 1021 1619 ut
1063 1581 1202 1635 opus
1248 1566 1487 1621 facerent
1533 1582 1546 1618 :
1593 1575 1647 1619 et
1697 1577 1757 1625 ut
1801 1569 1911 1621 sei-

338 1669 497 1721 psum
525 1656 761 1726 quisque
801 1657 854 1712 in
884 1658 1157 1729 judicium
1187 1670 1242 1713 et
1275 1659 1546 1715 rationem
1578 1660 1672 1714 diu
1711 1672 1910 1716 noctu-

337 1762 445 1814 que
510 1747 780 1803 laetorum
836 1751 1170 1830 adduceret,
1213 1761 1379 1821 atque
1434 1752 1479 1807 si
1536 1753 1666 1822 quid
1721 1763 1911 1807 contra

338 1841 599 1893 decorum
630 1841 870 1906 fecisset,
901 1854 963 1899 ut
999 1843 1051 1898 id
1084 1844 1287 1898 litteris
1310 1844 1618 1901 adnotaret.
1646 1845 1736 1901 Sic
1763 1847 1911 1901 cnim

339 1931 481 1994 fore,
532 1939 592 1985 nt
633 1933 874 2001 seipsum
909 1945 1166 1990 vereatur
1203 1936 1391 1999 homo.
1440 1947 1497 1992 et
1540 1937 1809 2008 deinceps
1842 1939 1911 1994 ab

340 2025 599 2080 absurdis
630 2027 800 2080 animi
847 2029 1110 2093 motibus,
1142 2046 1211 2084 ne
1244 2030 1416 2083 multa
1452 2030 1709 2086 adnotata
1752 2048 1910 2101 repe-

342 2116 467 2177 riat,
502 2115 797 2170 abhorreat
844 2135 859 2171 :
905 2117 1023 2173 {ore
1062 2119 1228 2173 etiam
1282 2131 1338 2175 ut
1388 2129 1614 2181 mctnat,
1665 2137 1733 2176 ne
1780 2122 1915 2177 seri-

342 2216 500 2273 ptura
536 2210 626 2262 tali
676 2226 703 2262 a
750 2211 1011 2280 quopiam
1049 2212 1418 2282 deprehensa,
1467 2215 1748 2285 improbus
1797 2216 1913 2284 ipse

342 2302 631 2359 manifesto
669 2304 1006 2360 inveniatur.
1040 2307 1253 2363 Acriter
1275 2323 1514 2378 quoque.
1555 2308 1600 2363 si
1633 2311 1726 2378 qui
1769 2309 1913 2380 inju-

340 2399 474 2451 riam
501 2399 868 2468 accepissent,
891 2399 1244 2463 defendebat.
1264 2416 1440 2471 caque
1466 2416 1628 2456 causa
1657 2401 1914 2471 frequen-

342 2498 424 2541 ter
472 2490 638 2544 urbes
682 2490 890 2546 adibat.
924 2492 1077 2547 Multi
1117 2507 1355 2565 namque
1397 2508 1523 2548 eum
1560 2495 1910 2561 accedentes,

338 2581 793 2654 calamitatesque
815 2598 944 2639 suas
965 2584 1340 2654 deplorantes,
1365 2585 1635 2656 cogebant
1660 2596 1719 2640 ut
1745 2587 1913 2643 urbes

340 2674 746 2743 ingrederetur,
775 2688 832 2730 et
855 2692 953 2746 pro
982 2677 1065 2733 eis
1095 2686 1351 2747 precator
1376 2689 1541 2749 atque
1578 2680 1912 2736 intercessor

340 2766 484 2832 apud
530 2766 882 2837 magistratus
932 2770 1106 2823 ﬁeret.
1152 2768 1317 2845 624
1362 2770 1443 2825 illi
1492 2786 1658 2841 porro
1690 2770 1912 2843 plurimi

339 2857 636 2921 faciebant,
662 2859 704 2914 si
743 2859 921 2930 ipsum
950 2861 1220 2926 viderent,
1252 2873 1307 2918 et
1335 2862 1581 2918 Sirenem
1615 2864 1912 2919 verborum

339 2950 459 3015 ejus
505 2950 788 3015 audirent,
839 2961 897 3006 et
938 2954 1229 3022 imperanti
1280 2964 1555 3024 parerent.
1611 2954 1716 3025 lpsi
1763 2956 1910 3010 enim

340 3044 525 3098 studio
560 3044 613 3098 in
654 3045 849 3113 primis
884 3045 1007 3108 fuit,
1054 3047 1249 3112 latere,
1288 3057 1342 3101 et
1374 3048 1426 3101 in
1458 3048 1590 3103 solis
1622 3048 1761 3103 locis
1793 3066 1912 3103 ver-
1941 3070 1985 3128 ο

339 3140 471 3192 sari.
505 3139 573 3194 Et
606 3140 751 3209 quod
780 3154 848 3193 eo
887 3147 1035 3195 esset
1066 3139 1271 3203 animo,
1308 3140 1352 3193 si
1385 3139 1606 3209 quando
1643 3142 1696 3194 in
1734 3142 1913 3209 publi-

340 3250 464 3289 cum
522 3234 793 3307 prodiret,
837 3231 1090 3288 conlecto
1137 3242 1342 3303 quanta
1393 3237 1569 3302 potuit
1614 3232 1914 3296 celeritate,

338 3328 496 3399 Cujus
524 3328 698 3397 gratia
728 3326 783 3381 in
814 3326 1010 3381 urbem
1045 3336 1293 3390 venerat,
1327 3327 1571 3397 negotio,
1605 3339 1825 3380 rursum
1858 3340 1917 3380 se

340 3426 395 3475 in
427 3420 786 3476 solitudinem
821 3418 1146 3491 recipiebat.
1186 3418 1472 3487 Siquidem
1508 3418 1692 3473 dicere
1722 3416 1917 3472 solitus

339 3520 478 3578 erat,
514 3511 774 3567 letbalem
807 3527 929 3567 esse
957 3511 1199 3581 piscibus
1232 3519 1387 3564 extra
1422 3509 1595 3564 undas
1623 3522 1917 3563 conversa-

342 3608 555 3662 tionem
598 3622 614 3659 :
667 3619 849 3675 neque
900 3605 1085 3658 minus
1133 3604 1466 3658 monachum
1512 3603 1566 3656 in
1612 3600 1915 3673 periculum

338 3701 581 3756 ccclestis
607 3700 734 3753 vitae
776 3706 832 3753 et
871 3695 1231 3766 professionis
1268 3694 1568 3751 sanctioris
1598 3692 1920 3747 amittenda:

340 3794 549 3858 venire,
583 3791 630 3844 si
662 3804 842 3843 moras
871 3789 929 3843 in
968 3788 1201 3842 urbibus
1232 3787 1430 3841 trahat.
1464 3787 1528 3840 Et
1563 3801 1687 3842 cum
1719 3786 1920 3856 jucun—

338 3887 470 3943 dum
517 3900 577 3941 se
614 3883 874 3939 omnibus
903 3880 1158 3953 praebuit,
1210 3890 1327 3935 tum
1374 3895 1444 3933 ne
1486 3878 1800 3935 submissus
1837 3878 1920 3933 ni-

342 3979 513 4032 mium
556 3986 611 4031 et
647 3974 898 4029 adulator
924 3987 1047 4031 esse
1076 3971 1363 4027 videretur
1396 3988 1410 4023 :
1450 3979 1715 4040 przcterea
1747 3985 1816 4023 ne
1850 3985 1916 4024 ex

338 4086 405 4123 co
458 4068 605 4137 quod
656 4067 725 4121 ab
766 4065 1027 4118 omnibus
1058 4064 1266 4118 honore
1293 4062 1626 4125 adiceretur,
1658 4062 1919 4132 quodque

339 4165 390 4214 vi
429 4174 571 4229 quos
604 4157 883 4227 jnssissct,
916 4171 1125 4211 morem
1158 4164 1439 4226 gererent,
1487 4153 1632 4209 fastu
1677 4165 1734 4208 et
1765 4170 1921 4209 arro-

339 4252 522 4322 gantia
551 4252 871 4314 ellerretur,
897 4248 1134 4302 curavit.
1164 4245 1435 4302 Scribenti
1460 4245 1756 4315 aliquando
1777 4245 1923 4301 Con-

338 4342 583 4400 stantino
619 4341 688 4396 ad
731 4356 788 4395 se
820 4349 880 4393 ut
911 4339 1145 4405 veniret,
1178 4337 1412 4393 miriﬁce
1456 4339 1604 4392 enim
1635 4339 1918 4395 hominem

338 4434 581 4499 amabat,
612 4432 941 4488 detrectavit
969 4430 1022 4486 id
1055 4432 1320 4501 primum,
1353 4430 1545 4485 dicens
1579 4448 1594 4484 :
1629 4429 1915 4500 Siquidem
1952 4410 1993 4464 θ

340 4530 407 4587 ad
440 4529 828 4597 imperatorem
864 4539 1088 4592 venero,
1125 4525 1394 4581 Antonius
1417 4539 1555 4591 ero;
1593 4524 1677 4578 sin
1708 4523 1913 4589 minus,

342 4620 512 4685 gibbas
541 4620 838 4675 Antonius.
881 4620 1060 4689 Atque
1091 4633 1157 4673 eo
1193 4617 1411 4674 tandem
1452 4617 1616 4673 modo
1652 4618 1721 4672 ad
1761 4618 1916 4672 illum

343 4713 498 4779 adire
544 4711 834 4767 sustinuit.
867 4710 1074 4767 Verum
1124 4711 1238 4765 haec
1276 4719 1534 4780 tanquam
1576 4720 1769 4781 gustus
1798 4711 1920 4780 qui-

343 4806 467 4863 tiam
498 4814 555 4859 et
575 4808 777 4876 exigua
811 4806 991 4876 imago
1020 4805 1245 4860 Antonii
1277 4806 1402 4861 vitae
1431 4814 1487 4859 et
1517 4804 1779 4868 instituti,
1807 4806 1920 4861 sint

340 4901 591 4970 exposita
620 4918 636 4954 :
670 4908 727 4953 ut
758 4916 827 4954 ex
870 4898 959 4955 his
1003 4898 1320 4953 universam
1349 4898 1492 4969 ejus,
1533 4898 1714 4967 qualis
1751 4898 1919 4957 fuerit

346 4992 746 5073 ιιιίιοεοριιίιηη
794 4992 1142 5062 colligamus.
1185 4991 1360 5057 Quam
1420 4991 1592 5046 rebus
1654 4991 1920 5047 omnibus

346 5088 589 5159 optimus
634 5086 991 5150 Athanasius,
1037 5085 1125 5139 cui
1160 5086 1327 5139 etiam
1378 5084 1486 5139 fuit
1533 5084 1916 5149 charissimus.

346 5181 569 5257 ropiose
613 5179 891 5234 memoria:
938 5178 1276 5248 posteritatis
1328 5178 1529 5234 litteris
1576 5177 1855 5233 mandavit
1901 5193 1917 5233 :

347 5276 747 5347 certaminibus
771 5276 893 5342 ejus
921 5283 1114 5329 contra
1136 5274 1439 5337 dazmones,
1466 5282 1523 5328 et
1546 5272 1759 5328 artibus
1781 5286 1921 5343 quas

350 5368 614 5431 advorsus
653 5368 774 5423 illos
809 5366 1114 5427 adinvenit,
1147 5366 1385 5434 aliisque
1419 5369 1541 5421 vita:
1572 5364 1835 5434 prodigiis
1864 5374 1920 5420 et

355 5460 518 5513 rebus
555 5460 844 5528 quibusvis
872 5458 1225 5527 conscriptis,
1260 5466 1319 5511 ut
1366 5458 1506 5512 liber
1550 5459 1595 5511 is
1628 5457 1918 5513 monastici

356 5551 587 5604 instituti
634 5567 733 5605 ci-u
786 5552 1084 5621 descriptio
1119 5549 1367 5621 qttzetlztm
1420 5557 1583 5602 esset.
1636 5545 1826 5601 Itidem
1860 5555 1919 5600 ut

356 5640 502 5698 idcm
545 5641 876 5698 Athanasius
911 5643 966 5705 in
994 5644 1113 5698 Vita
1158 5640 1499 5711 Syneli-ticcs
1536 5638 1613 5708 (Ι)
1652 5640 1802 5704 fecit,
1834 5649 1914 5705 ut,

2010 475 2072 528 τὸ
2109 477 2294 549 διορᾷν
2349 480 2409 532 τὸ
2457 482 2654 551 μέλλον
2710 484 2950 554 ἕψεται,
2981 486 3076 540 τοῦ
3138 487 3277 540 Θεοῦ
3328 489 3421 544 διά
3450 509 3598 555 τινος

2011 569 2277 639 ἐσόπτρου
2298 572 2394 639 τὴν
2417 572 2525 625 τῶν
2548 574 2825 645 ἐσομένων
2846 575 3049 642 γνῶσιν
3072 579 3594 645 παραδεικνύοντος.

2011 661 2204 715 Μισῶν
2229 662 2283 715 δὲ
2312 663 2411 733 τὴν
2436 665 2657 733 ἀργίαν,
2693 667 2831 719 πᾶσι
2866 670 2981 732 τοῖς
3002 668 3186 733 καλῶς
3214 669 3370 740 βιοῦν
3405 674 3598 743 αἰρουο

2015 754 2217 822 μένοις,
2271 756 2505 828 παρῄνει
2556 759 2926 828 ἐργάζεσθαι·
2991 762 3098 815 ὑπὸ
3160 764 3347 833 κρίσιν
3396 782 3458 818 τε
3504 767 3600 823 καὶ

2011 843 2170 913 λόγον
2210 846 2368 912 ἄγειν
2400 849 2588 910 αὐτὸν,
2615 846 2692 903 ὧν
2719 848 2938 920 νύκτωρ
2979 853 3075 905 καὶ
3117 854 3442 926 μεθημέραν
3474 857 3599 925 sys-

2013 953 2136 989 νετο
2163 937 2465 1008 αὐτουργός
2485 954 2499 969 °
2540 940 2641 994 κᾶν
2672 957 2721 992 τι
2754 942 2834 1011 μὴ
2855 942 3083 1006 δεόντως
3115 944 3600 1016 ἐπράχθη,γράμ-

2017 1043 2181 1095 μασιν
2212 1029 2610 1100 ἐγχαράττειν*
2644 1032 2719 1094 ὡς
2760 1031 2826 1084 ἄν
2856 1048 2921 1101 γε
2962 1031 3031 1085 δι’
3063 1032 3245 1095 αἰδοῦς
3278 1035 3440 1087 αὐτὸν
3474 1035 3593 1107 ἔχῃ,

2012 1120 2107 1174 τοῦ
2154 1121 2345 1175 λοιποῦ
2399 1122 2507 1176 τῶν
2538 1123 2759 1177 ἀτόπων
2789 1127 2886 1178 τοῦ
2943 1124 3037 1178 νοῦ
3082 1126 3399 1195 κινημάτων
3422 1128 3601 1196 φειδόο

2018 1227 2177 1280 μενος
2215 1213 2290 1282 μὴ
2321 1212 2494 1266 πολλὰ
2527 1212 2682 1283 εὖροι
2701 1214 2771 1267 τὰ
2794 1216 3161 1286 γεγραμμένα
3181 1232 3196 1247 σ
3235 1216 3387 1287 φόϐῳ
3412 1234 3468 1270 τε
3503 1221 3600 1270 καὶ

2014 1300 2109 1354 τοῦ
2145 1302 2220 1373 μὴ
2255 1302 2414 1372 δῆλος
2462 1303 2591 1357 ποτὲ
2633 1305 2932 1371 γενέσθαι,
2970 1307 3252 1377 μοχθηρὸς
3287 1306 3384 1371 ὢν,
3413 1327 3602 1377 φωρα-

2015 1393 2199 1464 θείσης
2229 1396 2335 1449 τινὶ
2367 1396 2464 1462 τῆς
2514 1397 2758 1465 γραφῆς.
2804 1398 2916 1452 Ναὶ
2953 1400 3060 1468 μὴν
3106 1400 3201 1453 καὶ
3234 1400 3341 1452 τῶν
3381 1403 3602 1454 ἀδικου-

2018 1484 2197 1550 μένων
2246 1481 2493 1552 σφοδρῶς
2544 1484 2914 1562 ὑπερίστατο·
2951 1485 3039 1540 διά
3089 1504 3171 1539 τοι
3216 1488 3312 1539 καὶ
3362 1490 3454 1542 sat
3498 1491 3597 1554 τὰς

2017 1573 2201 1637 πόλεις
2252 1575 2470 1645 ἐφοίταο
2539 1578 2729 1631 πολλοὶ
2797 1580 2908 1650 γὰρ
2989 1581 3311 1651 προσιόντες
3377 1582 3597 1645 ὲ6ίαζον

2014 1663 2192 1733 ἥκειν,
2219 1666 2316 1729 τὰς
2343 1666 2552 1731 οἰκείας
2582 1670 2869 1739 συμφορὰς
2907 1669 3230 1740 ὀδυρόμενοι
3251 1713 3265 1736 ,
3299 1673 3394 1724 καὶ
3431 1689 3601 1742 πρετ-

2015 1756 2198 1812 6εύειν
2251 1758 2460 1813 ἐδέοντο
2506 1764 2620 1827 τοῖς
2674 1764 2735 1814 ὲν
2786 1762 2953 1816 τέλει.
3007 1763 3144 1832 Περὶ
3181 1762 3445 1817 πλείστου
3488 1765 3599 1835 γὰρ

2014 1849 2242 1913 ἐκείνοις
2294 1848 2363 1922 ἦν
2428 1852 2560 1907 ἰδεῖν
2606 1869 2664 1906 τε
2713 1852 2878 1907 αὑτὸν
2937 1855 3031 1906 καὶ
3087 1854 3328 1909 ἀκοῦσαι
3361 1856 3461 1924 τῆς
3491 1855 3599 1908 τῶν

2014 1939 2188 2010 λόγων
2241 1944 2511 2012 σειρῆνος,
2543 1945 2639 1997 καὶ
2691 1943 3067 2014 πειθαρχῆσαι
3102 1944 3406 2002 κελεύοντι.
3451 1947 3598 1999 Πάνυ

2015 2035 2123 2100 γὰρ
2157 2033 2216 2086 τὸ
2256 2033 2543 2088 λανθάνειν
2581 2031 2695 2104 εἶχε
2729 2037 2816 2089 διὰ
2846 2036 3084 2102 σπουδῆς
3113 2037 3208 2090 καὶ
3238 2038 3295 2090 ἐν
3333 2038 3597 2109 ἐρημίαις

2016 2125 2377 2194 κρύπτεσθαι.
2432 2125 2543 2181 Καὶ
2598 2126 2752 2179 ταῦθ’
2805 2125 2977 2187 οὕτως
3034 2126 3211 2196 ἔχων,
3267 2130 3362 2180 καὶ
3417 2130 3598 2179 τοίνυν

2016 2217 2197 2270 εῐποτε
2231 2217 2452 2287 φανείη,
2480 2217 2684 2281 διαθεὶς
2723 2220 2847 2272 ὅσον
2876 2219 3037 2288 τάχος
3066 2220 3153 2288 ἐφ’
3187 2220 3294 2289 ὅτῳ
3310 2222 3408 2272 καὶ
3436 2214 3597 2292 ἧκεν,

2014 2308 2284 2379 ἀνεχώρει
2317 2308 2499 2373 αὖθις.
2534 2310 2744 2382 Ἰχθύσι
2783 2312 2884 2381 μὲν
2920 2311 3031 2381 γὰρ
3089 2312 3323 2364 θάνατον
3368 2314 3599 2380 ἐπάγειν

2016 2404 2170 2470 ἔλεγε
2204 2403 2303 2473 τὴν
2325 2402 2430 2468 ἔξω
2466 2402 2563 2456 τοῦ
2594 2404 2763 2473 ὑγροῦ
2807 2405 3026 2457 δίαιταν
3049 2420 3063 2434 ⁸
3103 2405 3327 2457 ἁπόλλοι
3357 2406 3483 2459 δ’ἆν
3507 2406 3600 2459 καὶ⁵

2019 2495 2252 2564 μοναχὸς
2310 2498 2410 2564 τὴν
2468 2497 2611 2548 κατὰ
2656 2496 2791 2547 Θεὸν
2824 2495 3012 2566 βιοτὴν
3050 2496 3147 2548 καὶ
3186 2497 3281 2551 τοῦ
3314 2499 3598 2568 σχήματος

2016 2587 2074 2638 τὸ
2102 2589 2325 2655 σεμνὸν,
2349 2588 2618 2657 χρονίζων
2650 2591 2769 2652 ταῖς
2810 2589 3024 2646 πόλεσι.
3066 2591 3209 2644 [lict
3236 2590 3281 2644 δ’
3317 2587 3412 2644 οὖν
3438 2608 3600 2660 κεχα-

2020 2678 2274 2746 ρισμένον
2322 2678 2515 2731 ἑαυτὸν
2565 2679 3165 2749 παρέχων,ὲπεμέλετο
3223 2681 3356 2751 μήτ’
3395 2682 3598 2752 ἀγεννῆ

2018 2766 2113 2818 καὶ
2161 2765 2374 2819 κόλακα
2425 2762 2567 2821 εἶναι
2618 2769 2823 2831 δοκεῖν,
2861 2770 3000 2840 μήτε
3036 2770 3173 2838 πρὸς
3203 2770 3373 2837 τῦφον
3412 2769 3600 2836 ἐξάγει

2018 2857 2142 2912 σθαι
2185 2858 2265 2930 τῷ
2313 2860 2404 2914 διὰ
2452 2860 2674 2914 πάντων
2725 2861 3016 2931 τιμᾶσθαι.
3051 2863 3145 2914 καὶ
3180 2857 3259 2924 οἷς
3294 2863 3360 2915 ἂν
3385 2863 3600 2915 κελεύοι

2020 2948 2331 3005 πείθεσθαι.
2376 2950 2783 3004 Ἐπιστέλλυντι
2813 2951 2870 3004 δὲ
2906 2953 2998 3003 καὶ
3024 2952 3430 3020 Κωνσταντίνῳ
3467 2954 3598 3022 παρ’

2018 3044 2182 3097 αὑτὸν
2206 3044 2389 3115 ήκειν,
2411 3045 2707 3116 ὑπερφυῶς
2764 3047 2873 3117 γὰρ
2904 3047 3080 3113 ἱφίλει
3120 3045 3429 3111 Ἀντώνιον,
3453 3047 3602 3116 ἀπη-

2021 3135 2217 3201 ξίωσεν
2243 3136 2491 3189 ἐπειπών
2513 3152 2526 3164 ·
2563 3140 2753 3191 Ἠκων
2784 3140 2885 3207 μὲν
2917 3140 2973 3202 ἐς
3022 3138 3275 3208 βασιλέα.
3315 3139 3601 3201 Ἀντὼνιος

2018 3228 2214 3298 ἔσομαι
2237 3245 2251 3259 ·
2282 3229 2357 3297 μὴ
2391 3229 2553 3283 τοῦτο
2580 3230 2637 3283 δὲ
2671 3232 2907 3300 πράξας.
2945 3232 3121 3296 ἀῦτὶἄς
3152 3232 3460 3296 ⁹Δνιςὼνιος.
3490 3234 3601 3289 Καὶ

2017 3321 2192 3392 τούτῳ
2226 3323 2304 3391 τῷ
2324 3325 2513 3392 τρόπῳ
2543 3322 2643 3393 τὴν
2675 3324 2764 3375 ἐπ’
2797 3326 3009 3377 ἐκεῖνον
3060 3326 3286 3395 πορείαν
3346 3324 3598 3396 ἀνέσχεν.

2030 3414 2193 3468 Ἀλλὰ
2218 3414 2402 3485 γεῦμα
2435 3416 2609 3469 ταῦτα
2642 3418 2737 3469 καὶ
2776 3417 2981 3486 βραχὺς
3013 3421 3305 3489 χαρακτὴρ
3339 3420 3438 3488 τῆς
3482 3422 3602 3473 Ἀν-

2019 3511 2214 3562 τωνίου
2272 3510 2485 3579 διαίτης
2540 3512 2633 3564 καὶ
2702 3512 3005 3575 πολιτείας.
3046 3514 3276 3583 Εἴρηται
3314 3514 3361 3566 δ’
3411 3514 3497 3568 ἵνα
3538 3516 3603 3568 ἐκ

2019 3601 2211 3655 τούτου
2265 3603 2366 3673 τὴν
2409 3604 2538 3673 ὃλην
2599 3603 2811 3656 ἐκείνου
2868 3605 3209 3672 φιλοσοφίαν,
3237 3605 3336 3675 ὅση
3380 3622 3462 3668 τις
3507 3602 3598 3676 ἦν,

2021 3692 2509 3763 ὑπολογισὼμεθα’
2544 3696 2611 3763 ἢν
2649 3698 2678 3749 ὀ
2710 3697 2779 3751 τὰ
2811 3698 2988 3750 πάντα
3020 3697 3241 3766 ἄριστος
3282 3698 3602 3760 ’Δθανάσιος

2022 3786 2119 3840 καὶ
2166 3785 2317 3855 αὺτῷ
2373 3786 2747 3854 διαφερόντως
2802 3788 3165 3857 φιλοῦμενος,
3212 3790 3354 3860 πρὸς
3408 3789 3605 3843 λεπτὸν

2024 3879 2317 3949 ἱστορήσας
2345 3879 2580 3945 ἐξέδωκε
2613 3882 2709 3945 τὰς
2741 3881 2880 3949 μετὰ
2908 3882 3181 3950 δαιμόνων
3204 3884 3379 3946 πάλας
3411 3882 3600 3944 αὑτοῦ,

2022 3972 2118 4026 καὶ
2154 3974 2255 4035 τὰς
2307 3971 2683 4044 ἐξευρημένας
2710 3976 2908 4044 τέχνας
2938 3974 3090 4043 αὑτῷ
3118 3975 3239 4027 κατ’
3273 3976 3482 4040 αὐτῶν,
3510 3979 3605 4030 καὶ

2020 4064 2090 4118 τὰ
2113 4063 2278 4119 λοιπὰ
2307 4065 2399 4119 τοῦ
2434 4064 2553 4133 βίου
2587 4067 2882 4137 τεράστια,
2917 4068 3013 4121 καὶ
3053 4067 3213 4120 πάνθ’
3238 4067 3452 4122 ἕκαστα
3486 4069 3602 4122 δια-

2022 4156 2261 4226 γράψας.
2282 4157 2360 4221 ὡς
2384 4160 2511 4228 ὅρον
2541 4154 2686 4212 εἶναι
2723 4158 3026 4230 μοναδικῆς
3058 4160 3337 4225 πολιτείας
3370 4161 3431 4214 τὸ
3470 4160 3605 4226 σύγ-

2022 4266 2278 4320 γραμμα.
2326 4251 2521 4305 Ὀποῐα
2554 4252 2618 4320 δὴ
2645 4254 2674 4306 ὁ
2710 4252 2876 4317 αὐτὸς
2916 4250 3235 4316 ’Δθανάσιος
3274 4255 3378 4308 κάν
3403 4253 3482 4323 τῷ
3502 4254 3607 4325 βίῳ

2023 4340 2399 4410 συγκλητικῆς
2423 4340 2690 4409 ἔπραξεν,
2716 4342 2937 4413 ἀνδρῶν
2974 4343 3076 4413 μὲν
3109 4344 3387 4399 πολιτείαν
3418 4344 3607 4397 ιντεῦ-

2025 4430 2139 4495 θεν,
2161 4433 2441 4499 γυναικῶν
2474 4432 2524 4487 δ’
2545 4434 2761 4487 ἐκεῖθεν
2800 4435 3086 4499 ὑποτιθεὶς
3114 4436 3190 4499 ὼς
3220 4439 3278 4489 ἐν
3318 4437 3605 4506 πλάσματι

2024 4524 2354 4595 διηγήσεως.
2380 4526 2614 4590 Πολλοὺς
2642 4526 2699 4581 δὲ
2729 4528 2823 4581 καὶ
2858 4528 3122 4597 φοιτητὰς
3151 4528 3300 4595 ἔσχε,
3343 4528 3603 4597 δοκίμους

2024 4633 2084 4672 τε
2116 4618 2211 4670 καὶ
2240 4618 2332 4675 τὸν
2364 4618 2691 4675 διδάσκαλον
2729 4617 3100 4689 ἀποχρώντως
3133 4619 3603 4690 ἐνδεικνυμένους,

2020 4712 2087 4779 τῇ
2118 4727 2176 4763 τε
2221 4711 2449 4784 παιδείᾳ
2492 4711 2588 4766 καὶ
2634 4710 2929 4781 φιλοσοφία
2957 4712 3055 4763 καὶ
3095 4714 3175 4783 τῇ
3215 4711 3376 4783 λοιπῇ
3409 4716 3602 4783 ἀρετῇ,

2020 4793 2124 4854 Ὦν
2175 4801 2226 4853 οἱ
2290 4800 2390 4870 μὲν
2435 4802 2495 4854 ὲν
2516 4800 2780 4869 Αἰγύπτῳ
2811 4802 2907 4853 καὶ
2934 4800 3135 4873 Λιϐύῃ,
3161 4803 3211 4854 oi.
3241 4802 3287 4855 δ’
3310 4805 3370 4855 ἂν
3403 4804 3604 4858 Παλαι-

2024 4892 2179 4964 στίνῃ
2213 4894 2331 4959 jacet
2386 4892 2557 4965 Συρίᾳ
2587 4895 2683 4947 καὶ
2713 4891 3008 4965 ’Δρραὁίᾳ,
3038 4894 3102 4947 τὸ
3135 4895 3450 4964 φιλοσοφεῖν
3474 4900 3604 4949 επε-

2020 4984 2284 5050 δείξαντο.
2328 4986 2469 5057 Περὶ
2515 4985 2770 5041 πλείστου
2819 4987 2863 5040 δ’
2894 4982 3037 5058 ἦσαν
3090 4987 3185 5041 καὶ
3219 4982 3366 5041 οὗτοι
3409 4989 3507 5042 καὶ
3553 4993 3602 5042 οἱ

2022 5079 2226 5134 τούτων
2263 5080 2502 5150 διάδοχοι
2556 5079 2634 5143 ὡς
2692 5079 2857 5151 ἔργον
2904 5083 3083 5139 ποιεῖν
3103 5081 3313 5144 πάντας
3335 5081 3462 5144 τοὺς
3486 5080 3607 5149 Θεῴ

2022 5174 2336 5245 ᾑρημένους
2382 5173 2555 5243 βιοῦν,
2603 5174 2699 5228 καὶ
2754 5172 2956 5237 αὐτοὺς
3008 5175 3303 5240 ἑκζητεῖν,
3339 5172 3435 5227 καὶ
3473 5173 3605 5239 παρ’

2022 5265 2205 5318 αὐτῶν
2234 5264 2295 5318 τὸ
2320 5264 2576 5333 ποιητέον
2605 5262 3090 5322 ἀναδιδάσκεσθαι.
3116 5261 3450 5325 σπεύδοντας
3484 5265 3606 5315 ἐπι.

2026 5358 2202 5428 μελῶς
2251 5357 2616 5429 κρύπτεσθαι,
2668 5358 2769 5428 οὐχ
2823 5352 2988 5427 ἦττον
3049 5356 3194 5426 ἥπερ
3228 5358 3278 5409 oi
3320 5359 3416 5411 νῦν
3449 5357 3605 5425 τύφῳ

2023 5452 2119 5504 καὶ
2170 5450 2404 5521 διακένῳ
2452 5451 2735 5521 φιλοτιμίᾳ
2769 5448 3060 5511 σοϐοῦντῖκ
3108 5450 3197 5503 διὰ
3253 5449 3355 5517 τῆς
3395 5450 3606 5517 ἀγορᾶς

2024 5542 2471 5613 ἔκπομπεὺουσι.
2498 5544 2689 5596 Πολλοὶ
2725 5543 2826 5612 μὲν
2856 5539 2951 5597 οὖν
2988 5542 3097 5593 τῶν
3150 5542 3317 5597 αὐτοῦ
3353 5545 3605 5609 ἐγένοντο

2025 5637 2305 5701 εὐδόκιμοι
2359 5638 2646 5707 φοιτηταί·
2698 5636 2791 5688 καὶ
2835 5635 3047 5699 Παῦλος
3094 5634 3139 5687 δ’
3174 5638 3407 5701 ἐκεῖνος,
3439 5635 3497 5698 δς
3546 5634 3606 5697 ἐξ

430 5759 504 5831 tl)
540 5757 596 5812 ln
631 5757 767 5812 Vitis
801 5759 1046 5825 Patrum,
1076 5758 1383 5829 Synclcticc
1430 5757 1573 5811 inter
1623 5771 1807 5810 sat'ras
1843 5754 2150 5810 abbatissas
2188 5753 2467 5819 allegatur.
