  <div class='ocr_page' id='page_1' title='image "/cluster/home/n/w/nwhite01/storage/ocr_20150623/146/hvd.32044073502601/097.png"; bbox 0 0 3988 6190; ppageno 0'>
   <div class='ocr_carea' id='block_1_1' title="bbox 333 298 436 358">
    <p class='ocr_par' dir='ltr' id='par_1_1' title="bbox 333 298 436 358">
     <span class='ocr_line' id='line_1_1' title="bbox 333 298 436 358; baseline 0.039 -5"><span class='ocrx_word' id='word_1_1' title='bbox 333 298 436 358; x_wconf 67' lang='lat'><strong>1.59</strong></span> 
     </span>
    </p>
   </div>
   <div class='ocr_carea' id='block_1_2' title="bbox 1559 307 2371 372">
    <p class='ocr_par' dir='ltr' id='par_1_2' title="bbox 1559 307 2371 372">
     <span class='ocr_line' id='line_1_2' title="bbox 1559 307 2371 372; baseline 0.006 -6"><span class='ocrx_word' id='word_1_2' title='bbox 1559 307 1980 370; x_wconf 77' lang='lat' dir='ltr'><strong>NICEPIIORI</strong></span> <span class='ocrx_word' id='word_1_3' title='bbox 2023 312 2371 372; x_wconf 59' lang='grc' dir='ltr'>οειιιῐδτι</span> 
     </span>
    </p>
   </div>
   <div class='ocr_carea' id='block_1_3' title="bbox 3496 315 3598 380">
    <p class='ocr_par' dir='ltr' id='par_1_3' title="bbox 3496 315 3598 380">
     <span class='ocr_line' id='line_1_3' title="bbox 3496 315 3598 380; baseline -0.01 -1"><span class='ocrx_word' id='word_1_4' title='bbox 3496 315 3598 380; x_wconf 73' lang='lat'><strong>100</strong></span> 
     </span>
    </p>
   </div>
   <div class='ocr_carea' id='block_1_4' title="bbox 335 406 1924 494">
    <p class='ocr_par' dir='ltr' id='par_1_4' title="bbox 335 406 1911 482">
     <span class='ocr_line' id='line_1_4' title="bbox 335 406 1911 482; baseline 0.011 -29"><span class='ocrx_word' id='word_1_5' title='bbox 335 406 696 459; x_wconf 83' lang='lat' dir='ltr'><strong>monasticam</strong></span> <span class='ocrx_word' id='word_1_6' title='bbox 726 415 812 462; x_wconf 83' lang='lat' dir='ltr'><strong>est</strong></span> <span class='ocrx_word' id='word_1_7' title='bbox 843 408 1287 479; x_wconf 76' lang='lat' dir='ltr'><strong>philosophatus,</strong></span> <span class='ocrx_word' id='word_1_8' title='bbox 1326 412 1410 466; x_wconf 87' lang='lat' dir='ltr'><strong>bis</strong></span> <span class='ocrx_word' id='word_1_9' title='bbox 1435 416 1731 482; x_wconf 90' lang='lat' dir='ltr'><strong>quotannis</strong></span> <span class='ocrx_word' id='word_1_10' title='bbox 1759 417 1911 471; x_wconf 88' lang='lat' dir='ltr'><strong>adire</strong></span> 
     </span>
    </p>
   </div>
   <div class='ocr_carea' id='block_1_5' title="bbox 2029 406 3599 494">
    <p class='ocr_par' dir='ltr' id='par_1_5' title="bbox 2029 420 3599 494">
     <span class='ocr_line' id='line_1_5' title="bbox 2029 420 3599 494; baseline 0.007 -21"><span class='ocrx_word' id='word_1_11' title='bbox 2029 420 2228 473; x_wconf 79' lang='grc' dir='ltr'>πολλῶν</span> <span class='ocrx_word' id='word_1_12' title='bbox 2276 422 2371 475; x_wconf 65' lang='grc' dir='ltr'><strong>καί¹</strong></span> <span class='ocrx_word' id='word_1_13' title='bbox 2426 422 2731 476; x_wconf 81' lang='grc' dir='ltr'>θεσπεσίων</span> <span class='ocrx_word' id='word_1_14' title='bbox 2770 424 2947 494; x_wconf 76' lang='grc' dir='ltr'>ἔργων</span> <span class='ocrx_word' id='word_1_15' title='bbox 2990 425 3247 493; x_wconf 76' lang='grc' dir='ltr'>ἐγένετοο</span> <span class='ocrx_word' id='word_1_16' title='bbox 3287 427 3384 481; x_wconf 72' lang='grc' dir='ltr'>καὶ</span> <span class='ocrx_word' id='word_1_17' title='bbox 3425 429 3599 486; x_wconf 83' lang='grc' dir='ltr'>πολλά</span> 
     </span>
    </p>
   </div>
   <div class='ocr_carea' id='block_1_6' title="bbox 333 498 1911 564">
    <p class='ocr_par' dir='ltr' id='par_1_6' title="bbox 333 498 1911 564">
     <span class='ocr_line' id='line_1_6' title="bbox 333 498 1911 564; baseline 0.01 -15"><span class='ocrx_word' id='word_1_18' title='bbox 333 505 388 549; x_wconf 91' lang='lat' dir='ltr'><strong>et</strong></span> <span class='ocrx_word' id='word_1_19' title='bbox 423 498 597 553; x_wconf 84' lang='lat' dir='ltr'><strong>visere</strong></span> <span class='ocrx_word' id='word_1_20' title='bbox 643 501 935 554; x_wconf 84' lang='lat' dir='ltr'><strong>mulierem</strong></span> <span class='ocrx_word' id='word_1_21' title='bbox 992 502 1215 557; x_wconf 90' lang='lat' dir='ltr'><strong>solitus.</strong></span> <span class='ocrx_word' id='word_1_22' title='bbox 1266 505 1468 560; x_wconf 81' lang='lat' dir='ltr'><strong>Multos</strong></span> <span class='ocrx_word' id='word_1_23' title='bbox 1506 516 1562 562; x_wconf 89' lang='lat' dir='ltr'><strong>et</strong></span> <span class='ocrx_word' id='word_1_24' title='bbox 1612 508 1702 563; x_wconf 88' lang='lat' dir='ltr'><strong>hic</strong></span> <span class='ocrx_word' id='word_1_25' title='bbox 1740 510 1911 564; x_wconf 90' lang='lat' dir='ltr'><strong>veluti</strong></span> 
     </span>
    </p>
   </div>
   <div class='ocr_carea' id='block_1_7' title="bbox 333 588 1912 668">
    <p class='ocr_par' dir='ltr' id='par_1_7' title="bbox 333 588 1912 668">
     <span class='ocr_line' id='line_1_7' title="bbox 333 588 1912 668; baseline 0.011 -29"><span class='ocrx_word' id='word_1_26' title='bbox 333 588 446 642; x_wconf 80' lang='lat' dir='ltr'><strong>dux</strong></span> <span class='ocrx_word' id='word_1_27' title='bbox 471 589 664 645; x_wconf 88' lang='lat' dir='ltr'><strong>habuit</strong></span> <span class='ocrx_word' id='word_1_28' title='bbox 689 602 1015 659; x_wconf 74' lang='lat' dir='ltr'><strong>sectatores,</strong></span> <span class='ocrx_word' id='word_1_29' title='bbox 1041 604 1098 649; x_wconf 89' lang='lat' dir='ltr'><strong>et</strong></span> <span class='ocrx_word' id='word_1_30' title='bbox 1121 596 1292 650; x_wconf 90' lang='lat' dir='ltr'><strong>multa</strong></span> <span class='ocrx_word' id='word_1_31' title='bbox 1316 596 1502 653; x_wconf 91' lang='lat' dir='ltr'><strong>divina</strong></span> <span class='ocrx_word' id='word_1_32' title='bbox 1520 599 1698 654; x_wconf 81' lang='lat' dir='ltr'><strong>edidit</strong></span> <span class='ocrx_word' id='word_1_33' title='bbox 1720 616 1912 668; x_wconf 82' lang='lat' dir='ltr'><strong>opera.</strong></span> 
     </span>
    </p>
   </div>
   <div class='ocr_carea' id='block_1_8' title="bbox 334 678 1915 763">
    <p class='ocr_par' dir='ltr' id='par_1_8' title="bbox 334 678 1915 763">
     <span class='ocr_line' id='line_1_8' title="bbox 334 678 1915 763; baseline 0.011 -31"><span class='ocrx_word' id='word_1_34' title='bbox 334 678 504 735; x_wconf 79' lang='lat' dir='ltr'><strong>Multa</strong></span> <span class='ocrx_word' id='word_1_35' title='bbox 553 681 698 737; x_wconf 90' lang='lat' dir='ltr'><strong>dicta</strong></span> <span class='ocrx_word' id='word_1_36' title='bbox 748 685 869 752; x_wconf 84' lang='lat' dir='ltr'><strong>ejus</strong></span> <span class='ocrx_word' id='word_1_37' title='bbox 920 699 1326 754; x_wconf 84' lang='lat' dir='ltr'><strong>memorantur,</strong></span> <span class='ocrx_word' id='word_1_38' title='bbox 1362 704 1484 759; x_wconf 59' lang='lat' dir='ltr'><strong>quae</strong></span> <span class='ocrx_word' id='word_1_39' title='bbox 1529 690 1599 744; x_wconf 84' lang='lat' dir='ltr'><strong>ab</strong></span> <span class='ocrx_word' id='word_1_40' title='bbox 1642 691 1915 763; x_wconf 65' lang='lat' dir='ltr'><strong>Egyptiis</strong></span> 
     </span>
    </p>
   </div>
   <div class='ocr_carea' id='block_1_9' title="bbox 338 776 1913 853">
    <p class='ocr_par' dir='ltr' id='par_1_9' title="bbox 338 776 1913 853">
     <span class='ocr_line' id='line_1_9' title="bbox 338 776 1913 853; baseline 0.011 -30"><span class='ocrx_word' id='word_1_41' title='bbox 338 776 644 839; x_wconf 81' lang='lat' dir='ltr'><strong>monachis,</strong></span> <span class='ocrx_word' id='word_1_42' title='bbox 700 786 958 831; x_wconf 83' lang='lat' dir='ltr'><strong>accurate</strong></span> <span class='ocrx_word' id='word_1_43' title='bbox 1008 778 1134 833; x_wconf 91' lang='lat' dir='ltr'><strong>talia</strong></span> <span class='ocrx_word' id='word_1_44' title='bbox 1194 790 1249 835; x_wconf 92' lang='lat' dir='ltr'><strong>et</strong></span> <span class='ocrx_word' id='word_1_45' title='bbox 1303 782 1554 837; x_wconf 80' lang='lat' dir='ltr'><strong>studiose</strong></span> <span class='ocrx_word' id='word_1_46' title='bbox 1606 783 1913 853; x_wconf 79' lang='lat' dir='ltr'><strong>inquirere,</strong></span> 
     </span>
    </p>
   </div>
   <div class='ocr_carea' id='block_1_10' title="bbox 339 867 1916 935">
    <p class='ocr_par' dir='ltr' id='par_1_10' title="bbox 339 867 1916 935">
     <span class='ocr_line' id='line_1_10' title="bbox 339 867 1916 935; baseline 0.01 -22"><span class='ocrx_word' id='word_1_47' title='bbox 339 872 696 933; x_wconf 77' lang='lat' dir='ltr'><strong>veterumque</strong></span> <span class='ocrx_word' id='word_1_48' title='bbox 729 867 1129 934; x_wconf 84' lang='lat' dir='ltr'><strong>monachorum</strong></span> <span class='ocrx_word' id='word_1_49' title='bbox 1158 870 1522 935; x_wconf 82' lang='lat' dir='ltr'><strong>facinoribus,</strong></span> <span class='ocrx_word' id='word_1_50' title='bbox 1549 872 1669 929; x_wconf 89' lang='lat' dir='ltr'><strong>sive</strong></span> <span class='ocrx_word' id='word_1_51' title='bbox 1697 874 1752 928; x_wconf 93' lang='lat' dir='ltr'><strong>in</strong></span> <span class='ocrx_word' id='word_1_52' title='bbox 1780 876 1916 930; x_wconf 89' lang='lat' dir='ltr'><strong>scri-</strong></span> 
     </span>
    </p>
   </div>
   <div class='ocr_carea' id='block_1_11' title="bbox 340 955 1915 1034">
    <p class='ocr_par' dir='ltr' id='par_1_11' title="bbox 340 955 1915 1034">
     <span class='ocr_line' id='line_1_11' title="bbox 340 955 1915 1034; baseline 0.006 -26"><span class='ocrx_word' id='word_1_53' title='bbox 340 965 491 1022; x_wconf 89' lang='lat' dir='ltr'><strong>ptutn</strong></span> <span class='ocrx_word' id='word_1_54' title='bbox 525 955 637 1009; x_wconf 90' lang='lat' dir='ltr'><strong>sint</strong></span> <span class='ocrx_word' id='word_1_55' title='bbox 670 957 862 1024; x_wconf 90' lang='lat' dir='ltr'><strong>relata,</strong></span> <span class='ocrx_word' id='word_1_56' title='bbox 899 960 1015 1014; x_wconf 90' lang='lat' dir='ltr'><strong>sive</strong></span> <span class='ocrx_word' id='word_1_57' title='bbox 1054 961 1257 1026; x_wconf 90' lang='lat' dir='ltr'><strong>minus,</strong></span> <span class='ocrx_word' id='word_1_58' title='bbox 1285 962 1549 1018; x_wconf 90' lang='lat' dir='ltr'><strong>delectari</strong></span> <span class='ocrx_word' id='word_1_59' title='bbox 1584 965 1785 1030; x_wconf 81' lang='lat' dir='ltr'><strong>solitis,</strong></span> <span class='ocrx_word' id='word_1_60' title='bbox 1815 979 1915 1034; x_wconf 88' lang='lat' dir='ltr'><strong>per</strong></span> 
     </span>
    </p>
   </div>
   <div class='ocr_carea' id='block_1_12' title="bbox 343 1050 1916 1125">
    <p class='ocr_par' dir='ltr' id='par_1_12' title="bbox 343 1050 1916 1125">
     <span class='ocr_line' id='line_1_12' title="bbox 343 1050 1916 1125; baseline 0.01 -28"><span class='ocrx_word' id='word_1_61' title='bbox 343 1054 650 1114; x_wconf 80' lang='lat' dir='ltr'><strong>temporum</strong></span> <span class='ocrx_word' id='word_1_62' title='bbox 694 1050 1103 1106; x_wconf 81' lang='lat' dir='ltr'><strong>successionem</strong></span> <span class='ocrx_word' id='word_1_63' title='bbox 1153 1063 1433 1122; x_wconf 88' lang='lat' dir='ltr'><strong>percepta,</strong></span> <span class='ocrx_word' id='word_1_64' title='bbox 1481 1054 1646 1110; x_wconf 84' lang='lat' dir='ltr'><strong>hodie</strong></span> <span class='ocrx_word' id='word_1_65' title='bbox 1694 1070 1916 1125; x_wconf 87' lang='lat' dir='ltr'><strong>quoque</strong></span> 
     </span>
    </p>
   </div>
   <div class='ocr_carea' id='block_1_13' title="bbox 340 1137 1914 1214">
    <p class='ocr_par' dir='ltr' id='par_1_13' title="bbox 340 1137 1914 1214">
     <span class='ocr_line' id='line_1_13' title="bbox 340 1137 1914 1214; baseline 0.008 -25"><span class='ocrx_word' id='word_1_66' title='bbox 340 1137 616 1199; x_wconf 83' lang='lat' dir='ltr'><strong>feruntur.</strong></span> <span class='ocrx_word' id='word_1_67' title='bbox 652 1140 1001 1197; x_wconf 82' lang='lat' dir='ltr'><strong>auditoribus</strong></span> <span class='ocrx_word' id='word_1_68' title='bbox 1048 1158 1310 1212; x_wconf 84' lang='lat' dir='ltr'><strong>perquam</strong></span> <span class='ocrx_word' id='word_1_69' title='bbox 1351 1144 1625 1214; x_wconf 86' lang='lat' dir='ltr'><strong>jucunda.</strong></span> <span class='ocrx_word' id='word_1_70' title='bbox 1667 1146 1914 1213; x_wconf 89' lang='lat' dir='ltr'><strong>Quorum</strong></span> 
     </span>
    </p>
   </div>
   <div class='ocr_carea' id='block_1_14' title="bbox 345 1233 1918 1309">
    <p class='ocr_par' dir='ltr' id='par_1_14' title="bbox 345 1233 1918 1309">
     <span class='ocr_line' id='line_1_14' title="bbox 345 1233 1918 1309; baseline 0.009 -29"><span class='ocrx_word' id='word_1_71' title='bbox 345 1237 403 1282; x_wconf 94' lang='lat' dir='ltr'><strong>ut</strong></span> <span class='ocrx_word' id='word_1_72' title='bbox 439 1241 665 1299; x_wconf 80' lang='lat' dir='ltr'><strong>gustum</strong></span> <span class='ocrx_word' id='word_1_73' title='bbox 714 1233 954 1303; x_wconf 86' lang='lat' dir='ltr'><strong>aliquem</strong></span> <span class='ocrx_word' id='word_1_74' title='bbox 996 1250 1387 1304; x_wconf 84' lang='lat' dir='ltr'><strong>proponamus,</strong></span> <span class='ocrx_word' id='word_1_75' title='bbox 1421 1237 1537 1292; x_wconf 64' lang='lat' dir='ltr'><strong>haec</strong></span> <span class='ocrx_word' id='word_1_76' title='bbox 1584 1239 1918 1309; x_wconf 80' lang='lat' dir='ltr'><strong>subjungcre</strong></span> 
     </span>
    </p>
   </div>
   <div class='ocr_carea' id='block_1_15' title="bbox 342 1322 1918 1403">
    <p class='ocr_par' dir='ltr' id='par_1_15' title="bbox 342 1322 1918 1403">
     <span class='ocr_line' id='line_1_15' title="bbox 342 1322 1918 1403; baseline 0.008 -28"><span class='ocrx_word' id='word_1_77' title='bbox 342 1322 496 1378; x_wconf 91' lang='lat' dir='ltr'><strong>libet.</strong></span> <span class='ocrx_word' id='word_1_78' title='bbox 534 1325 760 1379; x_wconf 83' lang='lat' dir='ltr'><strong>Petebat</strong></span> <span class='ocrx_word' id='word_1_79' title='bbox 800 1342 1032 1395; x_wconf 74' lang='lat' dir='ltr'><strong>magnus</strong></span> <span class='ocrx_word' id='word_1_80' title='bbox 1076 1329 1179 1382; x_wconf 90' lang='lat' dir='ltr'><strong>iste</strong></span> <span class='ocrx_word' id='word_1_81' title='bbox 1220 1329 1303 1383; x_wconf 91' lang='lat' dir='ltr'><strong>vir</strong></span> <span class='ocrx_word' id='word_1_82' title='bbox 1343 1330 1697 1386; x_wconf 83' lang='lat' dir='ltr'><strong>solitudinem</strong></span> <span class='ocrx_word' id='word_1_83' title='bbox 1724 1348 1918 1403; x_wconf 85' lang='lat' dir='ltr'><strong>quam-</strong></span> 
     </span>
    </p>
   </div>
   <div class='ocr_carea' id='block_1_16' title="bbox 342 1413 1916 1492">
    <p class='ocr_par' dir='ltr' id='par_1_16' title="bbox 342 1413 1916 1492">
     <span class='ocr_line' id='line_1_16' title="bbox 342 1413 1916 1492; baseline 0.008 -26"><span class='ocrx_word' id='word_1_84' title='bbox 342 1413 468 1466; x_wconf 88' lang='lat' dir='ltr'><strong>dam</strong></span> <span class='ocrx_word' id='word_1_85' title='bbox 519 1431 642 1469; x_wconf 89' lang='lat' dir='ltr'><strong>cum</strong></span> <span class='ocrx_word' id='word_1_86' title='bbox 666 1416 941 1487; x_wconf 88' lang='lat' dir='ltr'><strong>discipulo</strong></span> <span class='ocrx_word' id='word_1_87' title='bbox 965 1435 1066 1474; x_wconf 89' lang='lat' dir='ltr'><strong>suo</strong></span> <span class='ocrx_word' id='word_1_88' title='bbox 1092 1419 1385 1476; x_wconf 88' lang='lat' dir='ltr'><strong>Theodoro</strong></span> <span class='ocrx_word' id='word_1_89' title='bbox 1413 1440 1427 1476; x_wconf 87' lang='lat'><strong>:</strong></span> <span class='ocrx_word' id='word_1_90' title='bbox 1455 1437 1692 1492; x_wconf 90' lang='lat' dir='ltr'><strong>cumque</strong></span> <span class='ocrx_word' id='word_1_91' title='bbox 1719 1425 1916 1480; x_wconf 80' lang='lat' dir='ltr'><strong>fossam</strong></span> 
     </span>
    </p>
   </div>
   <div class='ocr_carea' id='block_1_17' title="bbox 342 1504 1918 1585">
    <p class='ocr_par' dir='ltr' id='par_1_17' title="bbox 342 1504 1918 1585">
     <span class='ocr_line' id='line_1_17' title="bbox 342 1504 1918 1585; baseline 0.011 -31"><span class='ocrx_word' id='word_1_92' title='bbox 342 1504 638 1571; x_wconf 82' lang='lat' dir='ltr'><strong>quamdam</strong></span> <span class='ocrx_word' id='word_1_93' title='bbox 692 1507 856 1562; x_wconf 85' lang='lat' dir='ltr'><strong>undis</strong></span> <span class='ocrx_word' id='word_1_94' title='bbox 905 1509 1116 1565; x_wconf 88' lang='lat' dir='ltr'><strong>scilicet</strong></span> <span class='ocrx_word' id='word_1_95' title='bbox 1168 1512 1432 1582; x_wconf 80' lang='lat' dir='ltr'><strong>repletam</strong></span> <span class='ocrx_word' id='word_1_96' title='bbox 1481 1515 1735 1584; x_wconf 86' lang='lat' dir='ltr'><strong>trajicere</strong></span> <span class='ocrx_word' id='word_1_97' title='bbox 1778 1530 1918 1585; x_wconf 89' lang='lat' dir='ltr'><strong>opus</strong></span> 
     </span>
    </p>
   </div>
   <div class='ocr_carea' id='block_1_18' title="bbox 344 1595 1920 1672">
    <p class='ocr_par' dir='ltr' id='par_1_18' title="bbox 344 1595 1920 1672">
     <span class='ocr_line' id='line_1_18' title="bbox 344 1595 1920 1672; baseline 0.01 -23"><span class='ocrx_word' id='word_1_98' title='bbox 344 1595 636 1664; x_wconf 82' lang='lat' dir='ltr'><strong>haberent,</strong></span> <span class='ocrx_word' id='word_1_99' title='bbox 679 1615 750 1654; x_wconf 93' lang='lat' dir='ltr'><strong>ne</strong></span> <span class='ocrx_word' id='word_1_100' title='bbox 795 1612 977 1656; x_wconf 81' lang='lat' dir='ltr'><strong>vestes</strong></span> <span class='ocrx_word' id='word_1_101' title='bbox 1023 1602 1190 1658; x_wconf 89' lang='lat' dir='ltr'><strong>altius</strong></span> <span class='ocrx_word' id='word_1_102' title='bbox 1228 1604 1567 1672; x_wconf 88' lang='lat' dir='ltr'><strong>attollentes,</strong></span> <span class='ocrx_word' id='word_1_103' title='bbox 1606 1607 1748 1662; x_wconf 82' lang='lat' dir='ltr'><strong>alter</strong></span> <span class='ocrx_word' id='word_1_104' title='bbox 1781 1608 1920 1663; x_wconf 87' lang='lat' dir='ltr'><strong>alte-</strong></span> 
     </span>
    </p>
   </div>
   <div class='ocr_carea' id='block_1_19' title="bbox 343 1689 1912 1769">
    <p class='ocr_par' dir='ltr' id='par_1_19' title="bbox 343 1689 1912 1769">
     <span class='ocr_line' id='line_1_19' title="bbox 343 1689 1912 1769; baseline 0.009 -27"><span class='ocrx_word' id='word_1_105' title='bbox 343 1689 459 1743; x_wconf 85' lang='lat' dir='ltr'><strong>rius</strong></span> <span class='ocrx_word' id='word_1_106' title='bbox 488 1690 793 1746; x_wconf 84' lang='lat' dir='ltr'><strong>nuditatem</strong></span> <span class='ocrx_word' id='word_1_107' title='bbox 828 1693 1200 1762; x_wconf 90' lang='lat' dir='ltr'><strong>conspieeret,</strong></span> <span class='ocrx_word' id='word_1_108' title='bbox 1236 1698 1591 1754; x_wconf 83' lang='lat' dir='ltr'><strong>retrocedere</strong></span> <span class='ocrx_word' id='word_1_109' title='bbox 1626 1700 1912 1769; x_wconf 86' lang='lat' dir='ltr'><strong>paululum</strong></span> 
     </span>
    </p>
   </div>
   <div class='ocr_carea' id='block_1_20' title="bbox 2014 511 3604 585">
    <p class='ocr_par' dir='ltr' id='par_1_20' title="bbox 2014 511 3604 585">
     <span class='ocr_line' id='line_1_20' title="bbox 2014 511 3604 585; baseline 0.004 -19"><span class='ocrx_word' id='word_1_110' title='bbox 2014 513 2121 566; x_wconf 87' lang='grc' dir='ltr'><strong>τῶν</strong></span> <span class='ocrx_word' id='word_1_111' title='bbox 2151 514 2344 582; x_wconf 69' lang='grc' dir='ltr'>ἐκείνῳ</span> <span class='ocrx_word' id='word_1_112' title='bbox 2365 512 2641 583; x_wconf 78' lang='grc' dir='ltr'><strong>ῥηθέντων</strong></span> <span class='ocrx_word' id='word_1_113' title='bbox 2676 516 3197 585; x_wconf 81' lang='grc' dir='ltr'>ἀπομνημονεύεται</span> <span class='ocrx_word' id='word_1_114' title='bbox 3220 530 3234 545; x_wconf 80' lang='grc'><strong><em>⁸</em></strong></span> <span class='ocrx_word' id='word_1_115' title='bbox 3263 518 3299 571; x_wconf 78' lang='grc' dir='ltr'><strong>ἀ</strong></span> <span class='ocrx_word' id='word_1_116' title='bbox 3331 519 3447 579; x_wconf 77' lang='grc' dir='ltr'>τοῖς</span> <span class='ocrx_word' id='word_1_117' title='bbox 3478 511 3604 573; x_wconf 76' lang='grc' dir='ltr'>κατ’</span> 
     </span>
    </p>
   </div>
   <div class='ocr_carea' id='block_1_21' title="bbox 2015 605 3604 679">
    <p class='ocr_par' dir='ltr' id='par_1_21' title="bbox 2015 605 3604 679">
     <span class='ocr_line' id='line_1_21' title="bbox 2015 605 3604 679; baseline 0.005 -22"><span class='ocrx_word' id='word_1_118' title='bbox 2015 605 2293 673; x_wconf 78' lang='grc' dir='ltr'>Δίγυπτον</span> <span class='ocrx_word' id='word_1_119' title='bbox 2324 606 2580 674; x_wconf 89' lang='grc' dir='ltr'>μοναχοῖς</span> <span class='ocrx_word' id='word_1_120' title='bbox 2612 605 2700 658; x_wconf 89' lang='grc' dir='ltr'><strong>διά</strong></span> <span class='ocrx_word' id='word_1_121' title='bbox 2733 607 2973 676; x_wconf 83' lang='grc' dir='ltr'><strong>σπουδῆς</strong></span> <span class='ocrx_word' id='word_1_122' title='bbox 3003 607 3221 677; x_wconf 72' lang='grc' dir='ltr'>ἔχουσιν</span> <span class='ocrx_word' id='word_1_123' title='bbox 3250 609 3604 679; x_wconf 85' lang='grc' dir='ltr'>ἀκριϐοῦντά</span> 
     </span>
    </p>
   </div>
   <div class='ocr_carea' id='block_1_22' title="bbox 2015 696 3603 772">
    <p class='ocr_par' dir='ltr' id='par_1_22' title="bbox 2015 696 3603 772">
     <span class='ocr_line' id='line_1_22' title="bbox 2015 696 3603 772; baseline 0.003 -22"><span class='ocrx_word' id='word_1_124' title='bbox 2015 696 2261 752; x_wconf 87' lang='grc' dir='ltr'>τοιαῦτα.</span> <span class='ocrx_word' id='word_1_125' title='bbox 2297 697 2407 750; x_wconf 74' lang='grc' dir='ltr'><strong>Καὶ</strong></span> <span class='ocrx_word' id='word_1_126' title='bbox 2434 700 2555 759; x_wconf 87' lang='grc' dir='ltr'>ταῖς</span> <span class='ocrx_word' id='word_1_127' title='bbox 2583 696 2696 751; x_wconf 86' lang='grc' dir='ltr'><strong>τῶν</strong></span> <span class='ocrx_word' id='word_1_128' title='bbox 2732 699 3113 770; x_wconf 79' lang='grc' dir='ltr'><strong>παλαιοτέρων</strong></span> <span class='ocrx_word' id='word_1_129' title='bbox 3140 701 3402 770; x_wconf 75' lang='grc' dir='ltr'><strong>ἀσκητῶν</strong></span> <span class='ocrx_word' id='word_1_130' title='bbox 3431 704 3603 772; x_wconf 80' lang='grc' dir='ltr'>ἐργα-</span> 
     </span>
    </p>
   </div>
   <div class='ocr_carea' id='block_1_23' title="bbox 2018 785 3602 860">
    <p class='ocr_par' dir='ltr' id='par_1_23' title="bbox 2018 785 3602 860">
     <span class='ocr_line' id='line_1_23' title="bbox 2018 785 3602 860; baseline 0.004 -21"><span class='ocrx_word' id='word_1_131' title='bbox 2018 786 2164 849; x_wconf 85' lang='grc' dir='ltr'>σίαις</span> <span class='ocrx_word' id='word_1_132' title='bbox 2224 785 2522 856; x_wconf 80' lang='grc' dir='ltr'><strong>ἐγγράφως</strong></span> <span class='ocrx_word' id='word_1_133' title='bbox 2556 803 2616 838; x_wconf 88' lang='grc' dir='ltr'><strong>τε</strong></span> <span class='ocrx_word' id='word_1_134' title='bbox 2649 787 2746 839; x_wconf 80' lang='grc' dir='ltr'>καὶ</span> <span class='ocrx_word' id='word_1_135' title='bbox 2782 787 3051 855; x_wconf 82' lang='grc' dir='ltr'><strong>ἀγράφως</strong></span> <span class='ocrx_word' id='word_1_136' title='bbox 3102 789 3321 843; x_wconf 73' lang='grc' dir='ltr'>εἰωθόσι</span> <span class='ocrx_word' id='word_1_137' title='bbox 3362 792 3602 860; x_wconf 79' lang='grc' dir='ltr'>χαίρειν,</span> 
     </span>
    </p>
   </div>
   <div class='ocr_carea' id='block_1_24' title="bbox 2016 875 3604 950">
    <p class='ocr_par' dir='ltr' id='par_1_24' title="bbox 2016 875 3604 950">
     <span class='ocr_line' id='line_1_24' title="bbox 2016 875 3604 950; baseline 0.004 -21"><span class='ocrx_word' id='word_1_138' title='bbox 2016 878 2073 939; x_wconf 73' lang='grc' dir='ltr'>ἐς</span> <span class='ocrx_word' id='word_1_139' title='bbox 2096 875 2257 945; x_wconf 89' lang='grc' dir='ltr'>δεῦρο</span> <span class='ocrx_word' id='word_1_140' title='bbox 2296 877 2528 946; x_wconf 81' lang='grc' dir='ltr'>φέρεται</span> <span class='ocrx_word' id='word_1_141' title='bbox 2570 878 2635 947; x_wconf 87' lang='grc' dir='ltr'><strong>τῇ</strong></span> <span class='ocrx_word' id='word_1_142' title='bbox 2682 876 2777 931; x_wconf 85' lang='grc' dir='ltr'><strong>τοῦ</strong></span> <span class='ocrx_word' id='word_1_143' title='bbox 2808 879 3002 948; x_wconf 87' lang='grc' dir='ltr'>χρόνου</span> <span class='ocrx_word' id='word_1_144' title='bbox 3028 878 3277 950; x_wconf 77' lang='grc' dir='ltr'><strong>διαδοχῇ,</strong></span> <span class='ocrx_word' id='word_1_145' title='bbox 3324 880 3604 945; x_wconf 75' lang='grc' dir='ltr'>ξενίζοντα</span> 
     </span>
    </p>
   </div>
   <div class='ocr_carea' id='block_1_25' title="bbox 2014 958 3599 1038">
    <p class='ocr_par' dir='ltr' id='par_1_25' title="bbox 2014 958 3599 1038">
     <span class='ocr_line' id='line_1_25' title="bbox 2014 958 3599 1038; baseline 0.005 -20"><span class='ocrx_word' id='word_1_146' title='bbox 2014 965 2143 1028; x_wconf 73' lang='grc' dir='ltr'>τοὺς</span> <span class='ocrx_word' id='word_1_147' title='bbox 2167 964 2468 1027; x_wconf 80' lang='grc' dir='ltr'>ἀκούοντας</span> <span class='ocrx_word' id='word_1_148' title='bbox 2493 980 2507 995; x_wconf 81' lang='grc'><strong><em>⁸</em></strong></span> <span class='ocrx_word' id='word_1_149' title='bbox 2534 958 2610 1020; x_wconf 83' lang='grc' dir='ltr'>ὧν</span> <span class='ocrx_word' id='word_1_150' title='bbox 2638 964 2916 1034; x_wconf 76' lang='grc' dir='ltr'><strong>γεύματος</strong></span> <span class='ocrx_word' id='word_1_151' title='bbox 2944 967 3106 1037; x_wconf 90' lang='grc' dir='ltr'>χάριν</span> <span class='ocrx_word' id='word_1_152' title='bbox 3130 969 3311 1023; x_wconf 88' lang='grc' dir='ltr'>ταῦτα</span> <span class='ocrx_word' id='word_1_153' title='bbox 3334 970 3599 1038; x_wconf 78' lang='grc' dir='ltr'>εἰρήσθω.</span> 
     </span>
    </p>
   </div>
   <div class='ocr_carea' id='block_1_26' title="bbox 2030 1055 3604 1130">
    <p class='ocr_par' dir='ltr' id='par_1_26' title="bbox 2030 1055 3604 1130">
     <span class='ocr_line' id='line_1_26' title="bbox 2030 1055 3604 1130; baseline 0.004 -23"><span class='ocrx_word' id='word_1_154' title='bbox 2030 1055 2227 1126; x_wconf 72' lang='grc' dir='ltr'>Ἀπῄει</span> <span class='ocrx_word' id='word_1_155' title='bbox 2256 1056 2285 1107; x_wconf 83' lang='grc' dir='ltr'><strong>ὁ</strong></span> <span class='ocrx_word' id='word_1_156' title='bbox 2320 1055 2495 1124; x_wconf 80' lang='grc' dir='ltr'><strong>μέγας</strong></span> <span class='ocrx_word' id='word_1_157' title='bbox 2537 1055 2697 1119; x_wconf 75' lang='grc' dir='ltr'>οὗτος</span> <span class='ocrx_word' id='word_1_158' title='bbox 2747 1057 2841 1109; x_wconf 80' lang='grc' dir='ltr'>ὲπί</span> <span class='ocrx_word' id='word_1_159' title='bbox 2892 1074 3015 1110; x_wconf 87' lang='grc' dir='ltr'>τινα</span> <span class='ocrx_word' id='word_1_160' title='bbox 3050 1058 3285 1128; x_wconf 71' lang='grc' dir='ltr'>ἔρημον.</span> <span class='ocrx_word' id='word_1_161' title='bbox 3320 1061 3534 1130; x_wconf 89' lang='grc' dir='ltr'>Δεῆσαν</span> <span class='ocrx_word' id='word_1_162' title='bbox 3558 1059 3604 1113; x_wconf 81' lang='grc' dir='ltr'>δ’</span> 
     </span>
    </p>
   </div>
   <div class='ocr_carea' id='block_1_27' title="bbox 2017 1147 3605 1224">
    <p class='ocr_par' dir='ltr' id='par_1_27' title="bbox 2017 1147 3605 1224">
     <span class='ocr_line' id='line_1_27' title="bbox 2017 1147 3605 1224; baseline 0.003 -23"><span class='ocrx_word' id='word_1_163' title='bbox 2017 1148 2212 1218; x_wconf 76' lang='grc' dir='ltr'>ἐκείνῳ</span> <span class='ocrx_word' id='word_1_164' title='bbox 2240 1147 2484 1219; x_wconf 81' lang='grc' dir='ltr'>διώρυγά</span> <span class='ocrx_word' id='word_1_165' title='bbox 2504 1166 2627 1201; x_wconf 89' lang='grc' dir='ltr'>τινα</span> <span class='ocrx_word' id='word_1_166' title='bbox 2658 1149 2756 1201; x_wconf 78' lang='grc' dir='ltr'>σὺν</span> <span class='ocrx_word' id='word_1_167' title='bbox 2786 1149 2865 1217; x_wconf 80' lang='grc' dir='ltr'><strong>τῷ</strong></span> <span class='ocrx_word' id='word_1_168' title='bbox 2892 1150 3109 1220; x_wconf 80' lang='grc' dir='ltr'><strong>μαθητῇ</strong></span> <span class='ocrx_word' id='word_1_169' title='bbox 3143 1152 3310 1203; x_wconf 79' lang='grc' dir='ltr'>αὑτοῦ</span> <span class='ocrx_word' id='word_1_170' title='bbox 3336 1152 3605 1224; x_wconf 71' lang='grc' dir='ltr'>θεοδώρῳ</span> 
     </span>
    </p>
   </div>
   <div class='ocr_carea' id='block_1_28' title="bbox 2018 1237 3604 1312">
    <p class='ocr_par' dir='ltr' id='par_1_28' title="bbox 2018 1237 3604 1312">
     <span class='ocr_line' id='line_1_28' title="bbox 2018 1237 3604 1312; baseline 0.003 -23"><span class='ocrx_word' id='word_1_171' title='bbox 2018 1237 2311 1308; x_wconf 78' lang='grc' dir='ltr'>διαπερᾷν,</span> <span class='ocrx_word' id='word_1_172' title='bbox 2345 1237 2432 1290; x_wconf 75' lang='grc' dir='ltr'>ἵνα</span> <span class='ocrx_word' id='word_1_173' title='bbox 2467 1238 2542 1307; x_wconf 82' lang='grc' dir='ltr'>μὴ</span> <span class='ocrx_word' id='word_1_174' title='bbox 2581 1237 3010 1302; x_wconf 76' lang='grc' dir='ltr'><strong>ἀναστέλλοντες</strong></span> <span class='ocrx_word' id='word_1_175' title='bbox 3049 1239 3117 1291; x_wconf 88' lang='grc' dir='ltr'>τὰ</span> <span class='ocrx_word' id='word_1_176' title='bbox 3160 1240 3353 1309; x_wconf 74' lang='grc' dir='ltr'>ἱμάτια</span> <span class='ocrx_word' id='word_1_177' title='bbox 3375 1242 3475 1312; x_wconf 78' lang='grc' dir='ltr'>τὴν</span> <span class='ocrx_word' id='word_1_178' title='bbox 3504 1242 3604 1309; x_wconf 84' lang='grc' dir='ltr'>γύ-</span> 
     </span>
    </p>
   </div>
   <div class='ocr_carea' id='block_1_29' title="bbox 2023 1327 3604 1400">
    <p class='ocr_par' dir='ltr' id='par_1_29' title="bbox 2023 1327 3604 1400">
     <span class='ocr_line' id='line_1_29' title="bbox 2023 1327 3604 1400; baseline 0.005 -23"><span class='ocrx_word' id='word_1_179' title='bbox 2023 1344 2233 1398; x_wconf 82' lang='grc' dir='ltr'>μνωσιν</span> <span class='ocrx_word' id='word_1_180' title='bbox 2284 1327 2534 1397; x_wconf 83' lang='grc' dir='ltr'>ἀλλήλων</span> <span class='ocrx_word' id='word_1_181' title='bbox 2581 1327 2914 1392; x_wconf 80' lang='grc' dir='ltr'>θεάσωνται,</span> <span class='ocrx_word' id='word_1_182' title='bbox 2980 1330 3181 1398; x_wconf 74' lang='grc' dir='ltr'>μικρδν</span> <span class='ocrx_word' id='word_1_183' title='bbox 3214 1331 3604 1400; x_wconf 81' lang='grc' dir='ltr'>ὑπαναχωρεῖν</span> 
     </span>
    </p>
   </div>
   <div class='ocr_carea' id='block_1_30' title="bbox 2020 1420 3603 1492">
    <p class='ocr_par' dir='ltr' id='par_1_30' title="bbox 2020 1420 3603 1492">
     <span class='ocr_line' id='line_1_30' title="bbox 2020 1420 3603 1492; baseline 0.001 -18"><span class='ocrx_word' id='word_1_184' title='bbox 2020 1421 2299 1491; x_wconf 84' lang='grc' dir='ltr'>Θεόδωρον</span> <span class='ocrx_word' id='word_1_185' title='bbox 2323 1420 2536 1489; x_wconf 71' lang='grc' dir='ltr'>ἔλεγεν.</span> <span class='ocrx_word' id='word_1_186' title='bbox 2577 1420 2738 1474; x_wconf 75' lang='grc' dir='ltr'>Ἐπεὶ</span> <span class='ocrx_word' id='word_1_187' title='bbox 2761 1420 2819 1474; x_wconf 80' lang='grc' dir='ltr'>δὲ</span> <span class='ocrx_word' id='word_1_188' title='bbox 2852 1421 2945 1474; x_wconf 80' lang='grc' dir='ltr'>καὶ</span> <span class='ocrx_word' id='word_1_189' title='bbox 2976 1422 3174 1474; x_wconf 75' lang='grc' dir='ltr'>ἑαυτὸν</span> <span class='ocrx_word' id='word_1_190' title='bbox 3197 1420 3407 1492; x_wconf 74' lang='grc' dir='ltr'>γυμνὸν</span> <span class='ocrx_word' id='word_1_191' title='bbox 3433 1423 3603 1492; x_wconf 72' lang='grc' dir='ltr'>ηὐλα-</span> 
     </span>
    </p>
   </div>
   <div class='ocr_carea' id='block_1_31' title="bbox 2020 1511 3605 1584">
    <p class='ocr_par' dir='ltr' id='par_1_31' title="bbox 2020 1511 3605 1584">
     <span class='ocr_line' id='line_1_31' title="bbox 2020 1511 3605 1584; baseline -0.001 -18"><span class='ocrx_word' id='word_1_192' title='bbox 2020 1513 2167 1566; x_wconf 86' lang='grc' dir='ltr'>ϐεῖτο</span> <span class='ocrx_word' id='word_1_193' title='bbox 2197 1512 2523 1576; x_wconf 83' lang='grc' dir='ltr'>θεάσασθαι,</span> <span class='ocrx_word' id='word_1_194' title='bbox 2554 1511 2678 1582; x_wconf 74' lang='grc' dir='ltr'>θείᾳ</span> <span class='ocrx_word' id='word_1_195' title='bbox 2712 1514 2855 1582; x_wconf 79' lang='grc' dir='ltr'>ῥοπῇ</span> <span class='ocrx_word' id='word_1_196' title='bbox 2895 1512 3194 1583; x_wconf 83' lang='grc' dir='ltr'>μετάρσιος</span> <span class='ocrx_word' id='word_1_197' title='bbox 3214 1513 3499 1584; x_wconf 72' lang='grc' dir='ltr'>ἐπαρθεὶς,</span> <span class='ocrx_word' id='word_1_198' title='bbox 3521 1515 3605 1575; x_wconf 90' lang='grc' dir='ltr'><strong>είς</strong></span> 
     </span>
    </p>
   </div>
   <div class='ocr_carea' id='block_1_32' title="bbox 2020 1603 3603 1675">
    <p class='ocr_par' dir='ltr' id='par_1_32' title="bbox 2020 1603 3603 1675">
     <span class='ocr_line' id='line_1_32' title="bbox 2020 1603 3603 1675; baseline 0 -19"><span class='ocrx_word' id='word_1_199' title='bbox 2020 1605 2119 1674; x_wconf 86' lang='grc' dir='ltr'>τὴν</span> <span class='ocrx_word' id='word_1_200' title='bbox 2150 1604 2447 1674; x_wconf 82' lang='grc' dir='ltr'>ἀντιπέραν</span> <span class='ocrx_word' id='word_1_201' title='bbox 2480 1603 2653 1675; x_wconf 79' lang='grc' dir='ltr'>ϐχθην</span> <span class='ocrx_word' id='word_1_202' title='bbox 2690 1604 2933 1672; x_wconf 74' lang='grc' dir='ltr'>ἐγένετο.</span> <span class='ocrx_word' id='word_1_203' title='bbox 2968 1604 3060 1667; x_wconf 82' lang='grc' dir='ltr'>Ὠς</span> <span class='ocrx_word' id='word_1_204' title='bbox 3100 1604 3157 1657; x_wconf 73' lang='grc' dir='ltr'>δὶ</span> <span class='ocrx_word' id='word_1_205' title='bbox 3181 1605 3277 1657; x_wconf 67' lang='grc' dir='ltr'><strong>καὶ</strong></span> <span class='ocrx_word' id='word_1_206' title='bbox 3322 1603 3603 1670; x_wconf 83' lang='grc' dir='ltr'>Θεόδωρος</span> 
     </span>
    </p>
   </div>
   <div class='ocr_carea' id='block_1_33' title="bbox 2020 1691 3602 1765">
    <p class='ocr_par' dir='ltr' id='par_1_33' title="bbox 2020 1691 3602 1765">
     <span class='ocr_line' id='line_1_33' title="bbox 2020 1691 3602 1765; baseline -0.001 -18"><span class='ocrx_word' id='word_1_207' title='bbox 2020 1692 2307 1765; x_wconf 86' lang='grc' dir='ltr'>διάϐροχος</span> <span class='ocrx_word' id='word_1_208' title='bbox 2343 1694 2547 1758; x_wconf 88' lang='grc' dir='ltr'>ίκανῶς</span> <span class='ocrx_word' id='word_1_209' title='bbox 2570 1691 2834 1762; x_wconf 87' lang='grc' dir='ltr'>γεγονὼς,</span> <span class='ocrx_word' id='word_1_210' title='bbox 2869 1695 2951 1754; x_wconf 81' lang='grc' dir='ltr'><strong>είς</strong></span> <span class='ocrx_word' id='word_1_211' title='bbox 2983 1694 3043 1747; x_wconf 79' lang='grc' dir='ltr'>τὸ</span> <span class='ocrx_word' id='word_1_212' title='bbox 3079 1693 3256 1763; x_wconf 83' lang='grc' dir='ltr'>πέραν</span> <span class='ocrx_word' id='word_1_213' title='bbox 3286 1692 3382 1748; x_wconf 89' lang='grc' dir='ltr'><strong>τοῦ</strong></span> <span class='ocrx_word' id='word_1_214' title='bbox 3418 1693 3602 1747; x_wconf 82' lang='grc' dir='ltr'><strong>Λύκου</strong></span> 
     </span>
    </p>
   </div>
   <div class='ocr_carea' id='block_1_34' title="bbox 343 1761 1924 1863">
    <p class='ocr_par' dir='ltr' id='par_1_34' title="bbox 343 1761 1918 1863">
     <span class='ocr_line' id='line_1_34' title="bbox 343 1761 1918 1863; baseline 0.008 -28"><span class='ocrx_word' id='word_1_215' title='bbox 343 1780 693 1837; x_wconf 86' lang='lat' dir='ltr'><strong>Theodorum</strong></span> <span class='ocrx_word' id='word_1_216' title='bbox 718 1785 895 1855; x_wconf 84' lang='lat' dir='ltr'><strong>jubet.</strong></span> <span class='ocrx_word' id='word_1_217' title='bbox 925 1761 1062 1841; x_wconf 79' lang='lat' dir='ltr'><strong>cum</strong></span> <span class='ocrx_word' id='word_1_218' title='bbox 1098 1802 1230 1843; x_wconf 87' lang='lat' dir='ltr'><strong>vero</strong></span> <span class='ocrx_word' id='word_1_219' title='bbox 1264 1790 1508 1859; x_wconf 89' lang='lat' dir='ltr'><strong>seipsum</strong></span> <span class='ocrx_word' id='word_1_220' title='bbox 1557 1761 1779 1863; x_wconf 73' lang='lat' dir='ltr'><strong>quoque</strong></span> <span class='ocrx_word' id='word_1_221' title='bbox 1813 1808 1918 1848; x_wconf 88' lang='lat' dir='ltr'><strong>nu-</strong></span> 
     </span>
    </p>
   </div>
   <div class='ocr_carea' id='block_1_35' title="bbox 2029 1761 3601 1863">
    <p class='ocr_par' dir='ltr' id='par_1_35' title="bbox 2029 1761 3601 1858">
     <span class='ocr_line' id='line_1_35' title="bbox 2029 1761 3601 1858; baseline -0.001 -18"><span class='ocrx_word' id='word_1_222' title='bbox 2029 1783 2089 1855; x_wconf 73' lang='grc' dir='ltr'>ἢν</span> <span class='ocrx_word' id='word_1_223' title='bbox 2116 1761 2301 1856; x_wconf 72' lang='grc' dir='ltr'>(οὕτω</span> <span class='ocrx_word' id='word_1_224' title='bbox 2331 1788 2439 1858; x_wconf 72' lang='grc' dir='ltr'><strong>γάρ</strong></span> <span class='ocrx_word' id='word_1_225' title='bbox 2462 1787 2754 1857; x_wconf 75' lang='grc' dir='ltr'>ἐγχωρίοις</span> <span class='ocrx_word' id='word_1_226' title='bbox 2780 1787 2814 1857; x_wconf 73' lang='grc' dir='ltr'><strong><em>ἡ</em></strong></span> <span class='ocrx_word' id='word_1_227' title='bbox 2847 1785 3051 1856; x_wconf 82' lang='grc' dir='ltr'>διώρυξ</span> <span class='ocrx_word' id='word_1_228' title='bbox 3094 1761 3450 1857; x_wconf 82' lang='grc' dir='ltr'>ὠνόμαστο),</span> <span class='ocrx_word' id='word_1_229' title='bbox 3504 1788 3601 1840; x_wconf 64' lang='grc' dir='ltr'><strong>καὶ</strong></span> 
     </span>
    </p>
   </div>
   <div class='ocr_carea' id='block_1_36' title="bbox 348 1872 1918 1941">
    <p class='ocr_par' dir='ltr' id='par_1_36' title="bbox 348 1872 1918 1941">
     <span class='ocr_line' id='line_1_36' title="bbox 348 1872 1918 1941; baseline 0.01 -15"><span class='ocrx_word' id='word_1_230' title='bbox 348 1872 481 1926; x_wconf 87' lang='lat' dir='ltr'><strong>dum</strong></span> <span class='ocrx_word' id='word_1_231' title='bbox 522 1873 710 1930; x_wconf 89' lang='lat' dir='ltr'><strong>videre</strong></span> <span class='ocrx_word' id='word_1_232' title='bbox 745 1887 1052 1939; x_wconf 82' lang='lat' dir='ltr'><strong>vereretur.</strong></span> <span class='ocrx_word' id='word_1_233' title='bbox 1089 1878 1281 1933; x_wconf 89' lang='lat' dir='ltr'><strong>divino</strong></span> <span class='ocrx_word' id='word_1_234' title='bbox 1309 1891 1588 1937; x_wconf 86' lang='lat' dir='ltr'><strong>momento</strong></span> <span class='ocrx_word' id='word_1_235' title='bbox 1608 1882 1661 1937; x_wconf 92' lang='lat' dir='ltr'><strong>in</strong></span> <span class='ocrx_word' id='word_1_236' title='bbox 1684 1885 1918 1941; x_wconf 88' lang='lat' dir='ltr'><strong>sublime</strong></span> 
     </span>
    </p>
   </div>
   <div class='ocr_carea' id='block_1_37' title="bbox 345 1963 1916 2042">
    <p class='ocr_par' dir='ltr' id='par_1_37' title="bbox 345 1963 1916 2042">
     <span class='ocr_line' id='line_1_37' title="bbox 345 1963 1916 2042; baseline 0.011 -27"><span class='ocrx_word' id='word_1_237' title='bbox 345 1963 622 2028; x_wconf 84' lang='lat' dir='ltr'><strong>sublatus,</strong></span> <span class='ocrx_word' id='word_1_238' title='bbox 656 1966 710 2020; x_wconf 89' lang='lat' dir='ltr'><strong>in</strong></span> <span class='ocrx_word' id='word_1_239' title='bbox 739 1967 1062 2024; x_wconf 87' lang='lat' dir='ltr'><strong>ulteriorem</strong></span> <span class='ocrx_word' id='word_1_240' title='bbox 1096 1973 1348 2040; x_wconf 87' lang='lat' dir='ltr'><strong>pervenit</strong></span> <span class='ocrx_word' id='word_1_241' title='bbox 1385 1974 1583 2042; x_wconf 90' lang='lat' dir='ltr'><strong>ripam.</strong></span> <span class='ocrx_word' id='word_1_242' title='bbox 1622 1974 1694 2029; x_wconf 89' lang='lat' dir='ltr'><strong>Ut</strong></span> <span class='ocrx_word' id='word_1_243' title='bbox 1732 1986 1916 2031; x_wconf 89' lang='lat' dir='ltr'><strong>autem</strong></span> 
     </span>
    </p>
   </div>
   <div class='ocr_carea' id='block_1_38' title="bbox 349 2053 1915 2136">
    <p class='ocr_par' dir='ltr' id='par_1_38' title="bbox 349 2053 1915 2136">
     <span class='ocr_line' id='line_1_38' title="bbox 349 2053 1915 2136; baseline 0.011 -30"><span class='ocrx_word' id='word_1_244' title='bbox 349 2053 672 2112; x_wconf 87' lang='lat' dir='ltr'><strong>Theodorus</strong></span> <span class='ocrx_word' id='word_1_245' title='bbox 694 2072 916 2129; x_wconf 92' lang='lat' dir='ltr'><strong>quoque</strong></span> <span class='ocrx_word' id='word_1_246' title='bbox 941 2062 1077 2116; x_wconf 88' lang='lat' dir='ltr'><strong>satis</strong></span> <span class='ocrx_word' id='word_1_247' title='bbox 1105 2064 1331 2119; x_wconf 84' lang='lat' dir='ltr'><strong>madens</strong></span> <span class='ocrx_word' id='word_1_248' title='bbox 1360 2075 1751 2136; x_wconf 80' lang='lat' dir='ltr'><strong>transgressus,</strong></span> <span class='ocrx_word' id='word_1_249' title='bbox 1778 2069 1915 2123; x_wconf 91' lang='lat' dir='ltr'><strong>ultra</strong></span> 
     </span>
    </p>
   </div>
   <div class='ocr_carea' id='block_1_39' title="bbox 348 2145 1914 2229">
    <p class='ocr_par' dir='ltr' id='par_1_39' title="bbox 348 2145 1914 2229">
     <span class='ocr_line' id='line_1_39' title="bbox 348 2145 1914 2229; baseline 0.01 -31"><span class='ocrx_word' id='word_1_250' title='bbox 348 2145 553 2217; x_wconf 87' lang='lat' dir='ltr'><strong>Lycum</strong></span> <span class='ocrx_word' id='word_1_251' title='bbox 586 2149 689 2217; x_wconf 90' lang='lat' dir='ltr'><strong>(sic</strong></span> <span class='ocrx_word' id='word_1_252' title='bbox 718 2151 866 2206; x_wconf 89' lang='lat' dir='ltr'><strong>enim</strong></span> <span class='ocrx_word' id='word_1_253' title='bbox 900 2153 1096 2209; x_wconf 70' lang='lat' dir='ltr'><strong>incola-</strong></span> <span class='ocrx_word' id='word_1_254' title='bbox 1125 2154 1327 2210; x_wconf 82' lang='lat' dir='ltr'><strong>fossam</strong></span> <span class='ocrx_word' id='word_1_255' title='bbox 1369 2172 1491 2211; x_wconf 89' lang='lat' dir='ltr'><strong>eatn</strong></span> <span class='ocrx_word' id='word_1_256' title='bbox 1530 2159 1914 2229; x_wconf 88' lang='lat' dir='ltr'><strong>nominabant)</strong></span> 
     </span>
    </p>
   </div>
   <div class='ocr_carea' id='block_1_40' title="bbox 345 2240 1917 2319">
    <p class='ocr_par' dir='ltr' id='par_1_40' title="bbox 345 2240 1917 2319">
     <span class='ocr_line' id='line_1_40' title="bbox 345 2240 1917 2319; baseline 0.008 -26"><span class='ocrx_word' id='word_1_257' title='bbox 345 2240 521 2306; x_wconf 82' lang='lat' dir='ltr'><strong>venit,</strong></span> <span class='ocrx_word' id='word_1_258' title='bbox 571 2255 893 2315; x_wconf 87' lang='lat' dir='ltr'><strong>vestemque</strong></span> <span class='ocrx_word' id='word_1_259' title='bbox 939 2259 993 2300; x_wconf 91' lang='lat' dir='ltr'><strong>et</strong></span> <span class='ocrx_word' id='word_1_260' title='bbox 1041 2247 1212 2317; x_wconf 88' lang='lat' dir='ltr'><strong>pedes</strong></span> <span class='ocrx_word' id='word_1_261' title='bbox 1258 2251 1473 2304; x_wconf 79' lang='lat' dir='ltr'><strong>Amoun</strong></span> <span class='ocrx_word' id='word_1_262' title='bbox 1526 2250 1705 2307; x_wconf 81' lang='lat' dir='ltr'><strong>siccos</strong></span> <span class='ocrx_word' id='word_1_263' title='bbox 1753 2252 1917 2319; x_wconf 91' lang='lat' dir='ltr'><strong>vidit,</strong></span> 
     </span>
    </p>
   </div>
   <div class='ocr_carea' id='block_1_41' title="bbox 349 2335 1920 2410">
    <p class='ocr_par' dir='ltr' id='par_1_41' title="bbox 349 2335 1920 2410">
     <span class='ocr_line' id='line_1_41' title="bbox 349 2335 1920 2410; baseline 0.01 -25"><span class='ocrx_word' id='word_1_264' title='bbox 349 2335 609 2398; x_wconf 84' lang='lat' dir='ltr'><strong>precibus</strong></span> <span class='ocrx_word' id='word_1_265' title='bbox 643 2352 832 2392; x_wconf 88' lang='lat' dir='ltr'><strong>senem</strong></span> <span class='ocrx_word' id='word_1_266' title='bbox 881 2338 1141 2410; x_wconf 81' lang='lat' dir='ltr'><strong>fatigans,</strong></span> <span class='ocrx_word' id='word_1_267' title='bbox 1174 2355 1397 2396; x_wconf 86' lang='lat' dir='ltr'><strong>causam</strong></span> <span class='ocrx_word' id='word_1_268' title='bbox 1442 2343 1563 2410; x_wconf 84' lang='lat' dir='ltr'><strong>ejus</strong></span> <span class='ocrx_word' id='word_1_269' title='bbox 1596 2344 1672 2398; x_wconf 91' lang='lat' dir='ltr'><strong>rei</strong></span> <span class='ocrx_word' id='word_1_270' title='bbox 1723 2356 1782 2398; x_wconf 92' lang='lat' dir='ltr'><strong>ut</strong></span> <span class='ocrx_word' id='word_1_271' title='bbox 1810 2345 1920 2400; x_wconf 88' lang='lat' dir='ltr'><strong>sibi</strong></span> 
     </span>
    </p>
   </div>
   <div class='ocr_carea' id='block_1_42' title="bbox 346 2421 1923 2503">
    <p class='ocr_par' dir='ltr' id='par_1_42' title="bbox 346 2421 1923 2503">
     <span class='ocr_line' id='line_1_42' title="bbox 346 2421 1923 2503; baseline 0.011 -28"><span class='ocrx_word' id='word_1_272' title='bbox 346 2421 557 2479; x_wconf 88' lang='lat' dir='ltr'><strong>diceret</strong></span> <span class='ocrx_word' id='word_1_273' title='bbox 584 2428 768 2496; x_wconf 91' lang='lat' dir='ltr'><strong>petiit.</strong></span> <span class='ocrx_word' id='word_1_274' title='bbox 800 2428 893 2484; x_wconf 88' lang='lat' dir='ltr'><strong>llle</strong></span> <span class='ocrx_word' id='word_1_275' title='bbox 932 2440 1140 2485; x_wconf 90' lang='lat' dir='ltr'><strong>tectum</strong></span> <span class='ocrx_word' id='word_1_276' title='bbox 1185 2432 1262 2494; x_wconf 90' lang='lat' dir='ltr'><strong>id.</strong></span> <span class='ocrx_word' id='word_1_277' title='bbox 1289 2434 1558 2503; x_wconf 89' lang='lat' dir='ltr'><strong>quidquid</strong></span> <span class='ocrx_word' id='word_1_278' title='bbox 1585 2445 1752 2497; x_wconf 80' lang='lat' dir='ltr'><strong>esset,</strong></span> <span class='ocrx_word' id='word_1_279' title='bbox 1788 2440 1923 2491; x_wconf 83' lang='lat' dir='ltr'><strong>taci-</strong></span> 
     </span>
    </p>
   </div>
   <div class='ocr_carea' id='block_1_43' title="bbox 348 2519 1922 2596">
    <p class='ocr_par' dir='ltr' id='par_1_43' title="bbox 348 2519 1922 2596">
     <span class='ocr_line' id='line_1_43' title="bbox 348 2519 1922 2596; baseline 0.011 -31"><span class='ocrx_word' id='word_1_280' title='bbox 348 2522 575 2584; x_wconf 82' lang='lat' dir='ltr'><strong>tumque</strong></span> <span class='ocrx_word' id='word_1_281' title='bbox 599 2533 722 2573; x_wconf 89' lang='lat' dir='ltr'><strong>esse</strong></span> <span class='ocrx_word' id='word_1_282' title='bbox 759 2519 953 2573; x_wconf 90' lang='lat' dir='ltr'><strong>voluit.</strong></span> <span class='ocrx_word' id='word_1_283' title='bbox 983 2521 1053 2577; x_wconf 89' lang='lat' dir='ltr'><strong>Ut</strong></span> <span class='ocrx_word' id='word_1_284' title='bbox 1077 2537 1208 2590; x_wconf 82' lang='lat' dir='ltr'><strong>vero</strong></span> <span class='ocrx_word' id='word_1_285' title='bbox 1236 2524 1408 2594; x_wconf 82' lang='lat' dir='ltr'><strong>magis</strong></span> <span class='ocrx_word' id='word_1_286' title='bbox 1435 2526 1715 2596; x_wconf 75' lang='lat' dir='ltr'><strong>magisque</strong></span> <span class='ocrx_word' id='word_1_287' title='bbox 1742 2526 1922 2582; x_wconf 81' lang='lat' dir='ltr'><strong>Theo-</strong></span> 
     </span>
    </p>
   </div>
   <div class='ocr_carea' id='block_1_44' title="bbox 347 2606 1920 2684">
    <p class='ocr_par' dir='ltr' id='par_1_44' title="bbox 347 2606 1920 2684">
     <span class='ocr_line' id='line_1_44' title="bbox 347 2606 1920 2684; baseline 0.009 -24"><span class='ocrx_word' id='word_1_288' title='bbox 347 2606 520 2662; x_wconf 90' lang='lat' dir='ltr'><strong>dorus</strong></span> <span class='ocrx_word' id='word_1_289' title='bbox 550 2609 859 2675; x_wconf 89' lang='lat' dir='ltr'><strong>contendit,</strong></span> <span class='ocrx_word' id='word_1_290' title='bbox 892 2610 1032 2666; x_wconf 90' lang='lat' dir='ltr'><strong>nihil</strong></span> <span class='ocrx_word' id='word_1_291' title='bbox 1068 2627 1129 2667; x_wconf 91' lang='lat' dir='ltr'><strong>se</strong></span> <span class='ocrx_word' id='word_1_292' title='bbox 1162 2613 1231 2668; x_wconf 89' lang='lat' dir='ltr'><strong>de</strong></span> <span class='ocrx_word' id='word_1_293' title='bbox 1262 2617 1526 2684; x_wconf 87' lang='lat' dir='ltr'><strong>petitione</strong></span> <span class='ocrx_word' id='word_1_294' title='bbox 1554 2634 1619 2672; x_wconf 85' lang='lat' dir='ltr'><strong>ea</strong></span> <span class='ocrx_word' id='word_1_295' title='bbox 1656 2620 1920 2674; x_wconf 79' lang='lat' dir='ltr'><strong>remissu-</strong></span> 
     </span>
    </p>
   </div>
   <div class='ocr_carea' id='block_1_45' title="bbox 349 2700 1924 2781">
    <p class='ocr_par' dir='ltr' id='par_1_45' title="bbox 349 2700 1924 2781">
     <span class='ocr_line' id='line_1_45' title="bbox 349 2700 1924 2781; baseline 0.009 -28"><span class='ocrx_word' id='word_1_296' title='bbox 349 2716 469 2754; x_wconf 92' lang='lat' dir='ltr'><strong>rum</strong></span> <span class='ocrx_word' id='word_1_297' title='bbox 531 2700 835 2769; x_wconf 80' lang='lat' dir='ltr'><strong>professus,</strong></span> <span class='ocrx_word' id='word_1_298' title='bbox 930 2706 1147 2761; x_wconf 80' lang='lat' dir='ltr'><strong>Amouu</strong></span> <span class='ocrx_word' id='word_1_299' title='bbox 1218 2708 1441 2764; x_wconf 89' lang='lat' dir='ltr'><strong>tandem</strong></span> <span class='ocrx_word' id='word_1_300' title='bbox 1541 2722 1703 2779; x_wconf 90' lang='lat' dir='ltr'><strong>pacto</strong></span> <span class='ocrx_word' id='word_1_301' title='bbox 1769 2712 1924 2781; x_wconf 87' lang='lat' dir='ltr'><strong>prius</strong></span> 
     </span>
    </p>
   </div>
   <div class='ocr_carea' id='block_1_46' title="bbox 350 2793 1922 2870">
    <p class='ocr_par' dir='ltr' id='par_1_46' title="bbox 350 2793 1922 2870">
     <span class='ocr_line' id='line_1_46' title="bbox 350 2793 1922 2870; baseline 0.01 -26"><span class='ocrx_word' id='word_1_302' title='bbox 350 2793 697 2862; x_wconf 85' lang='lat' dir='ltr'><strong>interposito,</strong></span> <span class='ocrx_word' id='word_1_303' title='bbox 750 2811 809 2850; x_wconf 87' lang='lat' dir='ltr'><strong>se</strong></span> <span class='ocrx_word' id='word_1_304' title='bbox 858 2796 984 2852; x_wconf 85' lang='lat' dir='ltr'><strong>vivo</strong></span> <span class='ocrx_word' id='word_1_305' title='bbox 1032 2800 1238 2853; x_wconf 85' lang='lat' dir='ltr'><strong>nemini</strong></span> <span class='ocrx_word' id='word_1_306' title='bbox 1289 2800 1343 2854; x_wconf 87' lang='lat' dir='ltr'><strong>id</strong></span> <span class='ocrx_word' id='word_1_307' title='bbox 1394 2801 1760 2870; x_wconf 86' lang='lat' dir='ltr'><strong>prolaturum,</strong></span> <span class='ocrx_word' id='word_1_308' title='bbox 1806 2820 1922 2860; x_wconf 90' lang='lat' dir='ltr'><strong>rem</strong></span> 
     </span>
    </p>
   </div>
   <div class='ocr_carea' id='block_1_47' title="bbox 351 2886 1925 2961">
    <p class='ocr_par' dir='ltr' id='par_1_47' title="bbox 351 2886 1925 2961">
     <span class='ocr_line' id='line_1_47' title="bbox 351 2886 1925 2961; baseline 0.01 -26"><span class='ocrx_word' id='word_1_309' title='bbox 351 2893 528 2937; x_wconf 88' lang='lat' dir='ltr'><strong>actam</strong></span> <span class='ocrx_word' id='word_1_310' title='bbox 570 2886 816 2954; x_wconf 85' lang='lat' dir='ltr'><strong>exponit.</strong></span> <span class='ocrx_word' id='word_1_311' title='bbox 849 2886 1198 2958; x_wconf 85' lang='lat' dir='ltr'><strong>Quapropter</strong></span> <span class='ocrx_word' id='word_1_312' title='bbox 1230 2891 1275 2943; x_wconf 88' lang='lat' dir='ltr'><strong>is</strong></span> <span class='ocrx_word' id='word_1_313' title='bbox 1307 2899 1493 2959; x_wconf 90' lang='lat' dir='ltr'><strong>postea</strong></span> <span class='ocrx_word' id='word_1_314' title='bbox 1528 2893 1925 2961; x_wconf 69' lang='lat' dir='ltr'><strong>praestantioris</strong></span> 
     </span>
    </p>
   </div>
   <div class='ocr_carea' id='block_1_48' title="bbox 353 2978 1925 3048">
    <p class='ocr_par' dir='ltr' id='par_1_48' title="bbox 353 2978 1925 3048">
     <span class='ocr_line' id='line_1_48' title="bbox 353 2978 1925 3048; baseline 0.005 -16"><span class='ocrx_word' id='word_1_315' title='bbox 353 2978 640 3048; x_wconf 84' lang='lat' dir='ltr'><strong>cujusdam</strong></span> <span class='ocrx_word' id='word_1_316' title='bbox 673 2990 883 3034; x_wconf 70' lang='lat' dir='ltr'><strong>naturae</strong></span> <span class='ocrx_word' id='word_1_317' title='bbox 924 2982 1102 3035; x_wconf 90' lang='lat' dir='ltr'><strong>virum</strong></span> <span class='ocrx_word' id='word_1_318' title='bbox 1149 2996 1276 3036; x_wconf 89' lang='lat' dir='ltr'><strong>eum</strong></span> <span class='ocrx_word' id='word_1_319' title='bbox 1308 2998 1428 3038; x_wconf 87' lang='lat' dir='ltr'><strong>esse</strong></span> <span class='ocrx_word' id='word_1_320' title='bbox 1462 2984 1718 3040; x_wconf 88' lang='lat' dir='ltr'><strong>credidit.</strong></span> <span class='ocrx_word' id='word_1_321' title='bbox 1752 2986 1925 3041; x_wconf 84' lang='lat' dir='ltr'><strong>Porro</strong></span> 
     </span>
    </p>
   </div>
   <div class='ocr_carea' id='block_1_49' title="bbox 2024 1877 3602 1949">
    <p class='ocr_par' dir='ltr' id='par_1_49' title="bbox 2024 1877 3602 1949">
     <span class='ocr_line' id='line_1_49' title="bbox 2024 1877 3602 1949; baseline -0.001 -17"><span class='ocrx_word' id='word_1_322' title='bbox 2024 1879 2125 1949; x_wconf 84' lang='grc' dir='ltr'>τὴν</span> <span class='ocrx_word' id='word_1_323' title='bbox 2153 1878 2361 1949; x_wconf 72' lang='grc' dir='ltr'>ισθῆτα</span> <span class='ocrx_word' id='word_1_324' title='bbox 2384 1880 2481 1933; x_wconf 79' lang='grc' dir='ltr'>καὶ</span> <span class='ocrx_word' id='word_1_325' title='bbox 2510 1880 2641 1943; x_wconf 82' lang='grc' dir='ltr'>τοὺς</span> <span class='ocrx_word' id='word_1_326' title='bbox 2674 1878 2847 1942; x_wconf 79' lang='grc' dir='ltr'>πόδας</span> <span class='ocrx_word' id='word_1_327' title='bbox 2875 1877 3084 1949; x_wconf 79' lang='grc' dir='ltr'>Ἀμοῦν</span> <span class='ocrx_word' id='word_1_328' title='bbox 3118 1878 3395 1949; x_wconf 90' lang='grc' dir='ltr'>ἀϐρόχους</span> <span class='ocrx_word' id='word_1_329' title='bbox 3426 1878 3602 1949; x_wconf 72' lang='grc' dir='ltr'>ἑώρα,</span> 
     </span>
    </p>
   </div>
   <div class='ocr_carea' id='block_1_50' title="bbox 2026 1967 3603 2041">
    <p class='ocr_par' dir='ltr' id='par_1_50' title="bbox 2026 1967 3603 2041">
     <span class='ocr_line' id='line_1_50' title="bbox 2026 1967 3603 2041; baseline -0.002 -19"><span class='ocrx_word' id='word_1_330' title='bbox 2026 1969 2281 2023; x_wconf 73' lang='grc' dir='ltr'>ἐπέκειτο</span> <span class='ocrx_word' id='word_1_331' title='bbox 2314 1969 2590 2041; x_wconf 81' lang='grc' dir='ltr'>λιπαρῶν,</span> <span class='ocrx_word' id='word_1_332' title='bbox 2622 1969 2722 2021; x_wconf 80' lang='grc' dir='ltr'>καὶ</span> <span class='ocrx_word' id='word_1_333' title='bbox 2747 1969 2850 2038; x_wconf 84' lang='grc' dir='ltr'>τὴν</span> <span class='ocrx_word' id='word_1_334' title='bbox 2881 1967 3065 2021; x_wconf 89' lang='grc' dir='ltr'>αίτίαν</span> <span class='ocrx_word' id='word_1_335' title='bbox 3088 1968 3317 2038; x_wconf 82' lang='grc' dir='ltr'>φράζειν</span> <span class='ocrx_word' id='word_1_336' title='bbox 3342 1968 3434 2021; x_wconf 75' lang='grc' dir='ltr'>τὸν</span> <span class='ocrx_word' id='word_1_337' title='bbox 3463 1985 3603 2036; x_wconf 83' lang='grc' dir='ltr'>πρε-</span> 
     </span>
    </p>
   </div>
   <div class='ocr_carea' id='block_1_51' title="bbox 2028 2056 3606 2130">
    <p class='ocr_par' dir='ltr' id='par_1_51' title="bbox 2028 2056 3606 2130">
     <span class='ocr_line' id='line_1_51' title="bbox 2028 2056 3606 2130; baseline -0.001 -19"><span class='ocrx_word' id='word_1_338' title='bbox 2028 2058 2237 2130; x_wconf 87' lang='grc' dir='ltr'>σϐύτην</span> <span class='ocrx_word' id='word_1_339' title='bbox 2298 2058 2478 2126; x_wconf 69' lang='grc' dir='ltr'>ἠξίου.</span> <span class='ocrx_word' id='word_1_340' title='bbox 2547 2058 2605 2112; x_wconf 86' lang='grc'><strong>’0</strong></span> <span class='ocrx_word' id='word_1_341' title='bbox 2661 2058 2718 2109; x_wconf 78' lang='grc' dir='ltr'>δὲ</span> <span class='ocrx_word' id='word_1_342' title='bbox 2760 2056 3029 2128; x_wconf 81' lang='grc' dir='ltr'>κρύπτειν</span> <span class='ocrx_word' id='word_1_343' title='bbox 3070 2058 3169 2127; x_wconf 82' lang='grc' dir='ltr'>μὲν</span> <span class='ocrx_word' id='word_1_344' title='bbox 3217 2059 3481 2128; x_wconf 76' lang='grc' dir='ltr'>ἐπειρᾶτο</span> <span class='ocrx_word' id='word_1_345' title='bbox 3508 2060 3606 2111; x_wconf 80' lang='grc' dir='ltr'>καὶ</span> 
     </span>
    </p>
   </div>
   <div class='ocr_carea' id='block_1_52' title="bbox 2027 2150 3601 2220">
    <p class='ocr_par' dir='ltr' id='par_1_52' title="bbox 2027 2150 3601 2220">
     <span class='ocr_line' id='line_1_52' title="bbox 2027 2150 3601 2220; baseline 0 -16"><span class='ocrx_word' id='word_1_346' title='bbox 2027 2151 2110 2205; x_wconf 79' lang='grc' dir='ltr'>ἔτι</span> <span class='ocrx_word' id='word_1_347' title='bbox 2132 2169 2146 2183; x_wconf 89' lang='grc'>·</span> <span class='ocrx_word' id='word_1_348' title='bbox 2173 2155 2248 2215; x_wconf 86' lang='grc' dir='ltr'><strong>ώς</strong></span> <span class='ocrx_word' id='word_1_349' title='bbox 2270 2151 2315 2204; x_wconf 86' lang='grc' dir='ltr'>δ’</span> <span class='ocrx_word' id='word_1_350' title='bbox 2355 2150 2594 2220; x_wconf 67' lang='grc' dir='ltr'>ἰσχυρῶς</span> <span class='ocrx_word' id='word_1_351' title='bbox 2620 2150 2907 2203; x_wconf 72' lang='grc' dir='ltr'>ἐπετίθετο</span> <span class='ocrx_word' id='word_1_352' title='bbox 2941 2153 3018 2220; x_wconf 81' lang='grc' dir='ltr'><strong>μῆ</strong></span> <span class='ocrx_word' id='word_1_353' title='bbox 3048 2152 3271 2218; x_wconf 79' lang='grc' dir='ltr'>ἀνήσειν</span> <span class='ocrx_word' id='word_1_354' title='bbox 3297 2151 3601 2220; x_wconf 81' lang='grc' dir='ltr'>ὁμολογῶν,</span> 
     </span>
    </p>
   </div>
   <div class='ocr_carea' id='block_1_53' title="bbox 2027 2241 3602 2313">
    <p class='ocr_par' dir='ltr' id='par_1_53' title="bbox 2027 2241 3602 2313">
     <span class='ocr_line' id='line_1_53' title="bbox 2027 2241 3602 2313; baseline -0.001 -17"><span class='ocrx_word' id='word_1_355' title='bbox 2027 2245 2253 2309; x_wconf 73' lang='grc' dir='ltr'>ἐκεῖνος,</span> <span class='ocrx_word' id='word_1_356' title='bbox 2312 2243 2565 2313; x_wconf 89' lang='grc' dir='ltr'>σύνθημα</span> <span class='ocrx_word' id='word_1_357' title='bbox 2631 2243 2755 2305; x_wconf 84' lang='grc' dir='ltr'>δοὺς</span> <span class='ocrx_word' id='word_1_358' title='bbox 2815 2243 2891 2311; x_wconf 87' lang='grc' dir='ltr'>μή</span> <span class='ocrx_word' id='word_1_359' title='bbox 2954 2259 3065 2295; x_wconf 86' lang='grc' dir='ltr'>τινι</span> <span class='ocrx_word' id='word_1_360' title='bbox 3097 2241 3159 2294; x_wconf 79' lang='grc' dir='ltr'>τὸ</span> <span class='ocrx_word' id='word_1_361' title='bbox 3189 2242 3353 2311; x_wconf 78' lang='grc' dir='ltr'>ἔργον</span> <span class='ocrx_word' id='word_1_362' title='bbox 3400 2242 3602 2305; x_wconf 79' lang='grc' dir='ltr'>ζῶντος</span> 
     </span>
    </p>
   </div>
   <div class='ocr_carea' id='block_1_54' title="bbox 2042 2332 3603 2407">
    <p class='ocr_par' dir='ltr' id='par_1_54' title="bbox 2042 2332 3603 2407">
     <span class='ocr_line' id='line_1_54' title="bbox 2042 2332 3603 2407; baseline -0.001 -19"><span class='ocrx_word' id='word_1_363' title='bbox 2042 2335 2245 2407; x_wconf 81' lang='grc' dir='ltr'>Ἀμοῦν</span> <span class='ocrx_word' id='word_1_364' title='bbox 2275 2337 2531 2401; x_wconf 71' lang='grc' dir='ltr'>ἐξειπεῖν,</span> <span class='ocrx_word' id='word_1_365' title='bbox 2573 2333 2838 2403; x_wconf 79' lang='grc' dir='ltr'>ἐγνώριζε</span> <span class='ocrx_word' id='word_1_366' title='bbox 2869 2333 2933 2386; x_wconf 77' lang='grc' dir='ltr'><strong>τδ</strong></span> <span class='ocrx_word' id='word_1_367' title='bbox 2960 2332 3177 2401; x_wconf 83' lang='grc' dir='ltr'>συμϐάν</span> <span class='ocrx_word' id='word_1_368' title='bbox 3200 2352 3216 2366; x_wconf 86' lang='grc'><strong>·</strong></span> <span class='ocrx_word' id='word_1_369' title='bbox 3261 2336 3353 2387; x_wconf 79' lang='grc' dir='ltr'>καὶ</span> <span class='ocrx_word' id='word_1_370' title='bbox 3385 2334 3603 2402; x_wconf 82' lang='grc' dir='ltr'>φύσεως</span> 
     </span>
    </p>
   </div>
   <div class='ocr_carea' id='block_1_55' title="bbox 2029 2424 3604 2500">
    <p class='ocr_par' dir='ltr' id='par_1_55' title="bbox 2029 2424 3604 2500">
     <span class='ocr_line' id='line_1_55' title="bbox 2029 2424 3604 2500; baseline -0.001 -19"><span class='ocrx_word' id='word_1_371' title='bbox 2029 2427 2340 2500; x_wconf 80' lang='grc' dir='ltr'>ὑπερτέρας</span> <span class='ocrx_word' id='word_1_372' title='bbox 2378 2424 2519 2480; x_wconf 78' lang='grc' dir='ltr'>εἶναι</span> <span class='ocrx_word' id='word_1_373' title='bbox 2544 2427 2638 2480; x_wconf 89' lang='grc' dir='ltr'><strong>τοῦ</strong></span> <span class='ocrx_word' id='word_1_374' title='bbox 2670 2425 2858 2479; x_wconf 83' lang='grc' dir='ltr'>λοιποῦ</span> <span class='ocrx_word' id='word_1_375' title='bbox 2885 2425 2977 2478; x_wconf 71' lang='grc' dir='ltr'><strong>τὸν</strong></span> <span class='ocrx_word' id='word_1_376' title='bbox 3001 2426 3174 2496; x_wconf 83' lang='grc' dir='ltr'>ἄνδρα</span> <span class='ocrx_word' id='word_1_377' title='bbox 3196 2426 3358 2497; x_wconf 77' lang='grc' dir='ltr'>ᾤετο.</span> <span class='ocrx_word' id='word_1_378' title='bbox 3391 2427 3517 2480; x_wconf 83' lang='grc' dir='ltr'><strong>Ὀτι</strong></span> <span class='ocrx_word' id='word_1_379' title='bbox 3546 2428 3604 2480; x_wconf 80' lang='grc' dir='ltr'>δὲ</span> 
     </span>
    </p>
   </div>
   <div class='ocr_carea' id='block_1_56' title="bbox 2029 2508 3600 2592">
    <p class='ocr_par' dir='ltr' id='par_1_56' title="bbox 2029 2508 3600 2592">
     <span class='ocr_line' id='line_1_56' title="bbox 2029 2508 3600 2592; baseline -0.001 -18"><span class='ocrx_word' id='word_1_380' title='bbox 2029 2508 2126 2574; x_wconf 85' lang='grc' dir='ltr'>καὶ</span> <span class='ocrx_word' id='word_1_381' title='bbox 2153 2522 2306 2584; x_wconf 82' lang='grc' dir='ltr'>θείας</span> <span class='ocrx_word' id='word_1_382' title='bbox 2337 2520 2703 2592; x_wconf 80' lang='grc' dir='ltr'>προγνώσεως</span> <span class='ocrx_word' id='word_1_383' title='bbox 2734 2518 2989 2589; x_wconf 70' lang='grc' dir='ltr'>ἔμπλεως</span> <span class='ocrx_word' id='word_1_384' title='bbox 3017 2517 3106 2589; x_wconf 80' lang='grc' dir='ltr'>ἦν,</span> <span class='ocrx_word' id='word_1_385' title='bbox 3141 2520 3305 2583; x_wconf 79' lang='grc' dir='ltr'>δείξει</span> <span class='ocrx_word' id='word_1_386' title='bbox 3336 2522 3399 2572; x_wconf 84' lang='grc' dir='ltr'><strong>τδ</strong></span> <span class='ocrx_word' id='word_1_387' title='bbox 3430 2520 3600 2591; x_wconf 75' lang='grc' dir='ltr'>ῥηθη-</span> 
     </span>
    </p>
   </div>
   <div class='ocr_carea' id='block_1_57' title="bbox 2031 2610 3601 2682">
    <p class='ocr_par' dir='ltr' id='par_1_57' title="bbox 2031 2610 3601 2682">
     <span class='ocr_line' id='line_1_57' title="bbox 2031 2610 3601 2682; baseline 0.001 -18"><span class='ocrx_word' id='word_1_388' title='bbox 2031 2613 2279 2682; x_wconf 83' lang='grc' dir='ltr'>σόμενον.</span> <span class='ocrx_word' id='word_1_389' title='bbox 2318 2613 2453 2674; x_wconf 82' lang='grc' dir='ltr'>Παῖς</span> <span class='ocrx_word' id='word_1_390' title='bbox 2475 2611 2680 2664; x_wconf 86' lang='grc' dir='ltr'>ἀδίκων</span> <span class='ocrx_word' id='word_1_391' title='bbox 2731 2610 2987 2680; x_wconf 82' lang='grc' dir='ltr'>πατέρων</span> <span class='ocrx_word' id='word_1_392' title='bbox 3046 2610 3171 2663; x_wconf 76' lang='grc' dir='ltr'>κυνὶ</span> <span class='ocrx_word' id='word_1_393' title='bbox 3206 2611 3475 2665; x_wconf 83' lang='grc' dir='ltr'>λυσσῶντι</span> <span class='ocrx_word' id='word_1_394' title='bbox 3505 2611 3601 2681; x_wconf 87' lang='grc' dir='ltr'><strong>δη⁶</strong></span> 
     </span>
    </p>
   </div>
   <div class='ocr_carea' id='block_1_58' title="bbox 2029 2699 3602 2776">
    <p class='ocr_par' dir='ltr' id='par_1_58' title="bbox 2029 2699 3602 2776">
     <span class='ocr_line' id='line_1_58' title="bbox 2029 2699 3602 2776; baseline 0.003 -22"><span class='ocrx_word' id='word_1_395' title='bbox 2029 2702 2206 2772; x_wconf 77' lang='grc' dir='ltr'>χθεὶς,</span> <span class='ocrx_word' id='word_1_396' title='bbox 2230 2703 2411 2757; x_wconf 86' lang='grc' dir='ltr'>θανεῖν</span> <span class='ocrx_word' id='word_1_397' title='bbox 2439 2703 2630 2756; x_wconf 84' lang='grc' dir='ltr'>ὲσόσον</span> <span class='ocrx_word' id='word_1_398' title='bbox 2650 2701 2807 2756; x_wconf 69' lang='grc' dir='ltr'>οὔπω</span> <span class='ocrx_word' id='word_1_399' title='bbox 2833 2702 3205 2773; x_wconf 75' lang='grc' dir='ltr'>προσδόκιμος</span> <span class='ocrx_word' id='word_1_400' title='bbox 3235 2699 3328 2776; x_wconf 77' lang='grc' dir='ltr'><strong>ἦν.</strong></span> <span class='ocrx_word' id='word_1_401' title='bbox 3368 2706 3520 2758; x_wconf 79' lang='grc' dir='ltr'>Ἐπεὶ</span> <span class='ocrx_word' id='word_1_402' title='bbox 3544 2705 3602 2758; x_wconf 79' lang='grc' dir='ltr'>δὲ</span> 
     </span>
    </p>
   </div>
   <div class='ocr_carea' id='block_1_59' title="bbox 2030 2794 3603 2868">
    <p class='ocr_par' dir='ltr' id='par_1_59' title="bbox 2030 2794 3603 2868">
     <span class='ocr_line' id='line_1_59' title="bbox 2030 2794 3603 2868; baseline 0.001 -22"><span class='ocrx_word' id='word_1_403' title='bbox 2030 2796 2167 2865; x_wconf 78' lang='grc' dir='ltr'>πρὸς</span> <span class='ocrx_word' id='word_1_404' title='bbox 2187 2794 2390 2864; x_wconf 80' lang='grc' dir='ltr'>Ἀμοῦν</span> <span class='ocrx_word' id='word_1_405' title='bbox 2445 2795 2675 2864; x_wconf 70' lang='grc' dir='ltr'>ἤγαγον,</span> <span class='ocrx_word' id='word_1_406' title='bbox 2730 2795 2830 2865; x_wconf 79' lang='grc' dir='ltr'>τὴν</span> <span class='ocrx_word' id='word_1_407' title='bbox 2862 2795 3007 2849; x_wconf 86' lang='grc' dir='ltr'>ίασιν</span> <span class='ocrx_word' id='word_1_408' title='bbox 3055 2796 3379 2868; x_wconf 80' lang='grc' dir='ltr'>ὲλιπάρουν.</span> <span class='ocrx_word' id='word_1_409' title='bbox 3410 2798 3517 2851; x_wconf 85' lang='grc' dir='ltr'><strong>Τὸν</strong></span> <span class='ocrx_word' id='word_1_410' title='bbox 3543 2798 3603 2849; x_wconf 80' lang='grc' dir='ltr'>δὲ</span> 
     </span>
    </p>
   </div>
   <div class='ocr_carea' id='block_1_60' title="bbox 2032 2887 3607 2958">
    <p class='ocr_par' dir='ltr' id='par_1_60' title="bbox 2032 2887 3607 2958">
     <span class='ocr_line' id='line_1_60' title="bbox 2032 2887 3607 2958; baseline 0.001 -18"><span class='ocrx_word' id='word_1_411' title='bbox 2032 2887 2233 2956; x_wconf 80' lang='grc' dir='ltr'>φάναι’</span> <span class='ocrx_word' id='word_1_412' title='bbox 2263 2888 2379 2941; x_wconf 82' lang='grc' dir='ltr'>Οὐκ</span> <span class='ocrx_word' id='word_1_413' title='bbox 2408 2887 2536 2956; x_wconf 77' lang='grc' dir='ltr'>ἐγὼ,</span> <span class='ocrx_word' id='word_1_414' title='bbox 2570 2887 2686 2941; x_wconf 86' lang='grc' dir='ltr'>ἀλλ’</span> <span class='ocrx_word' id='word_1_415' title='bbox 2723 2888 2886 2958; x_wconf 81' lang='grc' dir='ltr'>ὑμεῖς</span> <span class='ocrx_word' id='word_1_416' title='bbox 2923 2888 3109 2952; x_wconf 82' lang='grc' dir='ltr'>αὑτὸν,</span> <span class='ocrx_word' id='word_1_417' title='bbox 3148 2890 3268 2957; x_wconf 82' lang='grc' dir='ltr'>είγε</span> <span class='ocrx_word' id='word_1_418' title='bbox 3297 2888 3607 2958; x_wconf 84' lang='grc' dir='ltr'>βούλοισθε.</span> 
     </span>
    </p>
   </div>
   <div class='ocr_carea' id='block_1_61' title="bbox 2034 2977 3607 3049">
    <p class='ocr_par' dir='ltr' id='par_1_61' title="bbox 2034 2977 3607 3049">
     <span class='ocr_line' id='line_1_61' title="bbox 2034 2977 3607 3049; baseline 0.002 -19"><span class='ocrx_word' id='word_1_419' title='bbox 2034 2977 2434 3047; x_wconf 85' lang='grc' dir='ltr'>θεραπεύσετε.</span> <span class='ocrx_word' id='word_1_420' title='bbox 2473 2977 2535 3031; x_wconf 79' lang='grc' dir='ltr'><strong>Εἰ</strong></span> <span class='ocrx_word' id='word_1_421' title='bbox 2567 2977 2674 3048; x_wconf 83' lang='grc' dir='ltr'><strong>γὰρ</strong></span> <span class='ocrx_word' id='word_1_422' title='bbox 2702 2977 3001 3031; x_wconf 87' lang='grc' dir='ltr'>ἀποδοῦναι</span> <span class='ocrx_word' id='word_1_423' title='bbox 3054 2979 3184 3046; x_wconf 78' lang='grc' dir='ltr'>ύμῖν</span> <span class='ocrx_word' id='word_1_424' title='bbox 3223 2980 3314 3032; x_wconf 81' lang='grc' dir='ltr'>τὸν</span> <span class='ocrx_word' id='word_1_425' title='bbox 3344 2979 3471 3049; x_wconf 88' lang='grc' dir='ltr'>βοῦν</span> <span class='ocrx_word' id='word_1_426' title='bbox 3510 2987 3607 3047; x_wconf 75' lang='grc' dir='ltr'>γέ-</span> 
     </span>
    </p>
   </div>
   <div class='ocr_carea' id='block_1_62' title="bbox 352 3061 1924 3174">
    <p class='ocr_par' dir='ltr' id='par_1_62' title="bbox 352 3069 1923 3146">
     <span class='ocr_line' id='line_1_62' title="bbox 352 3069 1923 3146; baseline 0.008 -24"><span class='ocrx_word' id='word_1_427' title='bbox 352 3069 499 3138; x_wconf 78' lang='grc' dir='ltr'>(ιιιυά</span> <span class='ocrx_word' id='word_1_428' title='bbox 529 3071 694 3124; x_wconf 92' lang='lat' dir='ltr'><strong>etiam</strong></span> <span class='ocrx_word' id='word_1_429' title='bbox 743 3073 1194 3142; x_wconf 64' lang='lat' dir='ltr'><strong>praecognitionis</strong></span> <span class='ocrx_word' id='word_1_430' title='bbox 1241 3075 1443 3130; x_wconf 71' lang='lat' dir='ltr'><strong>divinae</strong></span> <span class='ocrx_word' id='word_1_431' title='bbox 1490 3077 1684 3146; x_wconf 92' lang='lat' dir='ltr'><strong>plenus</strong></span> <span class='ocrx_word' id='word_1_432' title='bbox 1733 3079 1923 3141; x_wconf 81' lang='lat' dir='ltr'><strong>fuerit.</strong></span> 
     </span>
    </p>
   </div>
   <div class='ocr_carea' id='block_1_63' title="bbox 2029 3061 3607 3174">
    <p class='ocr_par' dir='ltr' id='par_1_63' title="bbox 2033 3061 3607 3143">
     <span class='ocr_line' id='line_1_63' title="bbox 2033 3061 3607 3143; baseline 0.003 -24"><span class='ocrx_word' id='word_1_433' title='bbox 2033 3083 2202 3131; x_wconf 89' lang='grc' dir='ltr'>νοιτο,</span> <span class='ocrx_word' id='word_1_434' title='bbox 2226 3066 2357 3138; x_wconf 85' lang='grc' dir='ltr'>παρ’</span> <span class='ocrx_word' id='word_1_435' title='bbox 2377 3061 2452 3122; x_wconf 81' lang='grc' dir='ltr'>ὧν</span> <span class='ocrx_word' id='word_1_436' title='bbox 2475 3068 2642 3138; x_wconf 76' lang='grc' dir='ltr'>συλᾷν</span> <span class='ocrx_word' id='word_1_437' title='bbox 2658 3067 2872 3122; x_wconf 75' lang='grc' dir='ltr'>εἵλεσθε</span> <span class='ocrx_word' id='word_1_438' title='bbox 2900 3068 3209 3136; x_wconf 83' lang='grc' dir='ltr'>δεσποτῶν,</span> <span class='ocrx_word' id='word_1_439' title='bbox 3226 3070 3428 3124; x_wconf 83' lang='grc' dir='ltr'>αὐτίκα</span> <span class='ocrx_word' id='word_1_440' title='bbox 3457 3074 3607 3143; x_wconf 73' lang='grc' dir='ltr'>ῥᾴων</span> 
     </span>
    </p>
   </div>
   <div class='ocr_carea' id='block_1_64' title="bbox 353 3162 1925 3242">
    <p class='ocr_par' dir='ltr' id='par_1_64' title="bbox 353 3162 1925 3242">
     <span class='ocr_line' id='line_1_64' title="bbox 353 3162 1925 3242; baseline 0.006 -24"><span class='ocrx_word' id='word_1_441' title='bbox 353 3163 408 3218; x_wconf 91' lang='lat' dir='ltr'><strong>id</strong></span> <span class='ocrx_word' id='word_1_442' title='bbox 457 3162 606 3231; x_wconf 91' lang='lat' dir='ltr'><strong>quod</strong></span> <span class='ocrx_word' id='word_1_443' title='bbox 643 3178 789 3218; x_wconf 88' lang='lat' dir='ltr'><strong>nunc</strong></span> <span class='ocrx_word' id='word_1_444' title='bbox 823 3165 1089 3232; x_wconf 82' lang='lat' dir='ltr'><strong>dicemus,</strong></span> <span class='ocrx_word' id='word_1_445' title='bbox 1127 3168 1260 3223; x_wconf 86' lang='lat' dir='ltr'><strong>satis</strong></span> <span class='ocrx_word' id='word_1_446' title='bbox 1302 3168 1589 3225; x_wconf 85' lang='lat' dir='ltr'><strong>indicabit.</strong></span> <span class='ocrx_word' id='word_1_447' title='bbox 1621 3172 1765 3227; x_wconf 87' lang='lat' dir='ltr'><strong>Puer</strong></span> <span class='ocrx_word' id='word_1_448' title='bbox 1802 3175 1925 3242; x_wconf 84' lang='lat' dir='ltr'><strong>qui-</strong></span> 
     </span>
    </p>
   </div>
   <div class='ocr_carea' id='block_1_65' title="bbox 349 3255 1923 3330">
    <p class='ocr_par' dir='ltr' id='par_1_65' title="bbox 349 3255 1923 3330">
     <span class='ocr_line' id='line_1_65' title="bbox 349 3255 1923 3330; baseline 0.007 -21"><span class='ocrx_word' id='word_1_449' title='bbox 349 3256 474 3310; x_wconf 89' lang='lat' dir='ltr'><strong>dam</strong></span> <span class='ocrx_word' id='word_1_450' title='bbox 512 3255 802 3326; x_wconf 77' lang='lat' dir='ltr'><strong>parentum</strong></span> <span class='ocrx_word' id='word_1_451' title='bbox 838 3257 1167 3330; x_wconf 87' lang='lat' dir='ltr'><strong>injustorum</strong></span> <span class='ocrx_word' id='word_1_452' title='bbox 1207 3277 1235 3313; x_wconf 92' lang='lat' dir='ltr'><strong>a</strong></span> <span class='ocrx_word' id='word_1_453' title='bbox 1272 3263 1462 3317; x_wconf 82' lang='lat' dir='ltr'><strong>rabido</strong></span> <span class='ocrx_word' id='word_1_454' title='bbox 1492 3277 1629 3318; x_wconf 89' lang='lat' dir='ltr'><strong>cane</strong></span> <span class='ocrx_word' id='word_1_455' title='bbox 1677 3279 1923 3330; x_wconf 79' lang='lat' dir='ltr'><strong>morsus.</strong></span> 
     </span>
    </p>
   </div>
   <div class='ocr_carea' id='block_1_66' title="bbox 350 3349 1923 3425">
    <p class='ocr_par' dir='ltr' id='par_1_66' title="bbox 350 3349 1923 3425">
     <span class='ocr_line' id='line_1_66' title="bbox 350 3349 1923 3425; baseline 0.005 -22"><span class='ocrx_word' id='word_1_456' title='bbox 350 3349 404 3403; x_wconf 92' lang='lat' dir='ltr'><strong>in</strong></span> <span class='ocrx_word' id='word_1_457' title='bbox 433 3365 498 3406; x_wconf 89' lang='lat' dir='ltr'><strong>ea</strong></span> <span class='ocrx_word' id='word_1_458' title='bbox 542 3352 953 3419; x_wconf 78' lang='lat' dir='ltr'><strong>exspectatione</strong></span> <span class='ocrx_word' id='word_1_459' title='bbox 977 3393 991 3414; x_wconf 88' lang='lat'><strong>.</strong></span> <span class='ocrx_word' id='word_1_460' title='bbox 1024 3356 1515 3425; x_wconf 85' lang='lat' dir='ltr'><strong>utquamprimntn</strong></span> <span class='ocrx_word' id='word_1_461' title='bbox 1581 3368 1923 3425; x_wconf 89' lang='lat' dir='ltr'><strong>moreretur,</strong></span> 
     </span>
    </p>
   </div>
   <div class='ocr_carea' id='block_1_67' title="bbox 350 3427 1929 3514">
    <p class='ocr_par' dir='ltr' id='par_1_67' title="bbox 350 3427 1929 3514">
     <span class='ocr_line' id='line_1_67' title="bbox 350 3427 1929 3514; baseline 0.006 -18"><span class='ocrx_word' id='word_1_462' title='bbox 350 3452 471 3496; x_wconf 83' lang='lat' dir='ltr'><strong>erat</strong></span> <span class='ocrx_word' id='word_1_463' title='bbox 507 3461 521 3498; x_wconf 89' lang='lat'><strong>:</strong></span> <span class='ocrx_word' id='word_1_464' title='bbox 555 3458 680 3498; x_wconf 92' lang='lat' dir='ltr'><strong>cum</strong></span> <span class='ocrx_word' id='word_1_465' title='bbox 717 3452 903 3499; x_wconf 90' lang='lat' dir='ltr'><strong>autem</strong></span> <span class='ocrx_word' id='word_1_466' title='bbox 944 3427 1011 3499; x_wconf 87' lang='lat' dir='ltr'><strong>ad</strong></span> <span class='ocrx_word' id='word_1_467' title='bbox 1044 3448 1257 3502; x_wconf 84' lang='lat' dir='ltr'><strong>Amoun</strong></span> <span class='ocrx_word' id='word_1_468' title='bbox 1287 3463 1413 3502; x_wconf 90' lang='lat' dir='ltr'><strong>eum</strong></span> <span class='ocrx_word' id='word_1_469' title='bbox 1459 3449 1836 3514; x_wconf 75' lang='lat' dir='ltr'><strong>adduxissent,</strong></span> <span class='ocrx_word' id='word_1_470' title='bbox 1869 3459 1929 3505; x_wconf 92' lang='lat' dir='ltr'><strong>ut</strong></span> 
     </span>
    </p>
   </div>
   <div class='ocr_carea' id='block_1_68' title="bbox 353 3538 1926 3613">
    <p class='ocr_par' dir='ltr' id='par_1_68' title="bbox 353 3538 1926 3613">
     <span class='ocr_line' id='line_1_68' title="bbox 353 3538 1926 3613; baseline 0.007 -25"><span class='ocrx_word' id='word_1_471' title='bbox 353 3549 480 3588; x_wconf 83' lang='lat' dir='ltr'><strong>eum</strong></span> <span class='ocrx_word' id='word_1_472' title='bbox 508 3546 729 3591; x_wconf 91' lang='lat' dir='ltr'><strong>curaret</strong></span> <span class='ocrx_word' id='word_1_473' title='bbox 757 3538 1046 3608; x_wconf 81' lang='lat' dir='ltr'><strong>petebant;</strong></span> <span class='ocrx_word' id='word_1_474' title='bbox 1080 3540 1169 3593; x_wconf 91' lang='lat' dir='ltr'><strong>ille</strong></span> <span class='ocrx_word' id='word_1_475' title='bbox 1203 3580 1219 3605; x_wconf 90' lang='lat'><strong>,</strong></span> <span class='ocrx_word' id='word_1_476' title='bbox 1271 3540 1390 3594; x_wconf 84' lang='lat' dir='ltr'><strong>Non</strong></span> <span class='ocrx_word' id='word_1_477' title='bbox 1424 3557 1548 3611; x_wconf 82' lang='lat' dir='ltr'><strong>ego,</strong></span> <span class='ocrx_word' id='word_1_478' title='bbox 1585 3544 1784 3613; x_wconf 86' lang='lat' dir='ltr'><strong>inquit,</strong></span> <span class='ocrx_word' id='word_1_479' title='bbox 1827 3544 1926 3599; x_wconf 89' lang='lat' dir='ltr'><strong>sed</strong></span> 
     </span>
    </p>
   </div>
   <div class='ocr_carea' id='block_1_69' title="bbox 351 3630 1949 3704">
    <p class='ocr_par' dir='ltr' id='par_1_69' title="bbox 351 3630 1949 3704">
     <span class='ocr_line' id='line_1_69' title="bbox 351 3630 1949 3704; baseline 0.008 -21"><span class='ocrx_word' id='word_1_480' title='bbox 351 3645 472 3691; x_wconf 83' lang='lat' dir='ltr'><strong>vos.</strong></span> <span class='ocrx_word' id='word_1_481' title='bbox 506 3630 782 3700; x_wconf 89' lang='lat' dir='ltr'><strong>siquidem</strong></span> <span class='ocrx_word' id='word_1_482' title='bbox 813 3632 1065 3698; x_wconf 84' lang='lat' dir='ltr'><strong>&#39;voletis,</strong></span> <span class='ocrx_word' id='word_1_483' title='bbox 1114 3649 1240 3688; x_wconf 91' lang='lat' dir='ltr'><strong>eum</strong></span> <span class='ocrx_word' id='word_1_484' title='bbox 1276 3635 1544 3691; x_wconf 90' lang='lat' dir='ltr'><strong>curabitis</strong></span> <span class='ocrx_word' id='word_1_485' title='bbox 1591 3652 1607 3690; x_wconf 89' lang='lat'><strong>:</strong></span> <span class='ocrx_word' id='word_1_486' title='bbox 1660 3638 1704 3693; x_wconf 90' lang='lat' dir='ltr'><strong>si</strong></span> <span class='ocrx_word' id='word_1_487' title='bbox 1753 3640 1949 3704; x_wconf 84' lang='lat' dir='ltr'><strong>enint,.</strong></span> 
     </span>
    </p>
   </div>
   <div class='ocr_carea' id='block_1_70' title="bbox 353 3724 1929 3793">
    <p class='ocr_par' dir='ltr' id='par_1_70' title="bbox 353 3724 1929 3793">
     <span class='ocr_line' id='line_1_70' title="bbox 353 3724 1929 3793; baseline 0.007 -17"><span class='ocrx_word' id='word_1_488' title='bbox 353 3739 519 3792; x_wconf 91' lang='lat' dir='ltr'><strong>quem</strong></span> <span class='ocrx_word' id='word_1_489' title='bbox 556 3724 904 3793; x_wconf 85' lang='lat' dir='ltr'><strong>surripuistis</strong></span> <span class='ocrx_word' id='word_1_490' title='bbox 953 3725 1173 3787; x_wconf 68' lang='lat' dir='ltr'><strong>bovem.</strong></span> <span class='ocrx_word' id='word_1_491' title='bbox 1203 3727 1442 3782; x_wconf 86' lang='lat' dir='ltr'><strong>dominis</strong></span> <span class='ocrx_word' id='word_1_492' title='bbox 1487 3730 1602 3785; x_wconf 88' lang='lat' dir='ltr'><strong>suis</strong></span> <span class='ocrx_word' id='word_1_493' title='bbox 1636 3730 1929 3787; x_wconf 83' lang='lat' dir='ltr'><strong>restituere</strong></span> 
     </span>
    </p>
   </div>
   <div class='ocr_carea' id='block_1_71' title="bbox 352 3812 1930 3888">
    <p class='ocr_par' dir='ltr' id='par_1_71' title="bbox 352 3812 1930 3888">
     <span class='ocr_line' id='line_1_71' title="bbox 352 3812 1930 3888; baseline 0.008 -23"><span class='ocrx_word' id='word_1_494' title='bbox 352 3812 661 3875; x_wconf 85' lang='lat' dir='ltr'><strong>volueritis,</strong></span> <span class='ocrx_word' id='word_1_495' title='bbox 696 3814 881 3867; x_wconf 90' lang='lat' dir='ltr'><strong>statim</strong></span> <span class='ocrx_word' id='word_1_496' title='bbox 918 3815 1062 3870; x_wconf 90' lang='lat' dir='ltr'><strong>malo</strong></span> <span class='ocrx_word' id='word_1_497' title='bbox 1090 3819 1237 3870; x_wconf 92' lang='lat' dir='ltr'><strong>omni</strong></span> <span class='ocrx_word' id='word_1_498' title='bbox 1267 3833 1405 3888; x_wconf 90' lang='lat' dir='ltr'><strong>puer</strong></span> <span class='ocrx_word' id='word_1_499' title='bbox 1433 3819 1785 3876; x_wconf 90' lang='lat' dir='ltr'><strong>liberabitur.</strong></span> <span class='ocrx_word' id='word_1_500' title='bbox 1823 3822 1930 3877; x_wconf 88' lang='lat' dir='ltr'><strong>Bos</strong></span> 
     </span>
    </p>
   </div>
   <div class='ocr_carea' id='block_1_72' title="bbox 354 3903 1929 3983">
    <p class='ocr_par' dir='ltr' id='par_1_72' title="bbox 354 3903 1929 3983">
     <span class='ocr_line' id='line_1_72' title="bbox 354 3903 1929 3983; baseline 0.008 -27"><span class='ocrx_word' id='word_1_501' title='bbox 354 3903 604 3957; x_wconf 81' lang='lat' dir='ltr'><strong>redditus</strong></span> <span class='ocrx_word' id='word_1_502' title='bbox 642 3911 749 3969; x_wconf 91' lang='lat' dir='ltr'><strong>est,</strong></span> <span class='ocrx_word' id='word_1_503' title='bbox 780 3914 834 3959; x_wconf 89' lang='lat' dir='ltr'><strong>et</strong></span> <span class='ocrx_word' id='word_1_504' title='bbox 878 3906 1184 3975; x_wconf 88' lang='lat' dir='ltr'><strong>perieulum</strong></span> <span class='ocrx_word' id='word_1_505' title='bbox 1225 3924 1389 3964; x_wconf 89' lang='lat' dir='ltr'><strong>omne</strong></span> <span class='ocrx_word' id='word_1_506' title='bbox 1419 3910 1707 3967; x_wconf 81' lang='lat' dir='ltr'><strong>confestim</strong></span> <span class='ocrx_word' id='word_1_507' title='bbox 1742 3915 1929 3983; x_wconf 80' lang='lat' dir='ltr'><strong>profu-</strong></span> 
     </span>
    </p>
   </div>
   <div class='ocr_carea' id='block_1_73' title="bbox 358 3996 1928 4075">
    <p class='ocr_par' dir='ltr' id='par_1_73' title="bbox 358 3996 1928 4075">
     <span class='ocr_line' id='line_1_73' title="bbox 358 3996 1928 4075; baseline 0.01 -29"><span class='ocrx_word' id='word_1_508' title='bbox 358 3996 515 4064; x_wconf 81' lang='lat' dir='ltr'><strong>giens</strong></span> <span class='ocrx_word' id='word_1_509' title='bbox 567 4012 799 4050; x_wconf 91' lang='lat' dir='ltr'><strong>vacuum</strong></span> <span class='ocrx_word' id='word_1_510' title='bbox 853 4012 1113 4053; x_wconf 66' lang='lat' dir='ltr'><strong>aerumnze</strong></span> <span class='ocrx_word' id='word_1_511' title='bbox 1163 4000 1343 4056; x_wconf 88' lang='lat' dir='ltr'><strong>omnis</strong></span> <span class='ocrx_word' id='word_1_512' title='bbox 1395 4018 1626 4072; x_wconf 89' lang='lat' dir='ltr'><strong>puerum</strong></span> <span class='ocrx_word' id='word_1_513' title='bbox 1685 4005 1928 4075; x_wconf 88' lang='lat' dir='ltr'><strong>reliquit.</strong></span> 
     </span>
    </p>
   </div>
   <div class='ocr_carea' id='block_1_74' title="bbox 357 4088 1933 4161">
    <p class='ocr_par' dir='ltr' id='par_1_74' title="bbox 357 4088 1933 4161">
     <span class='ocr_line' id='line_1_74' title="bbox 357 4088 1933 4161; baseline 0.007 -21"><span class='ocrx_word' id='word_1_514' title='bbox 357 4088 521 4158; x_wconf 77' lang='lat'><strong>627</strong></span> <span class='ocrx_word' id='word_1_515' title='bbox 546 4088 681 4141; x_wconf 84' lang='lat' dir='ltr'><strong>Cum</strong></span> <span class='ocrx_word' id='word_1_516' title='bbox 706 4098 887 4143; x_wconf 90' lang='lat' dir='ltr'><strong>autem</strong></span> <span class='ocrx_word' id='word_1_517' title='bbox 910 4090 1094 4160; x_wconf 85' lang='lat' dir='ltr'><strong>aliquo</strong></span> <span class='ocrx_word' id='word_1_518' title='bbox 1121 4099 1240 4159; x_wconf 93' lang='lat' dir='ltr'><strong>post</strong></span> <span class='ocrx_word' id='word_1_519' title='bbox 1267 4103 1516 4161; x_wconf 90' lang='lat' dir='ltr'><strong>tempore</strong></span> <span class='ocrx_word' id='word_1_520' title='bbox 1537 4093 1746 4149; x_wconf 80' lang='lat' dir='ltr'><strong>Antoun</strong></span> <span class='ocrx_word' id='word_1_521' title='bbox 1771 4096 1933 4150; x_wconf 85' lang='lat' dir='ltr'><strong>dece-</strong></span> 
     </span>
    </p>
   </div>
   <div class='ocr_carea' id='block_1_75' title="bbox 355 4177 1930 4249">
    <p class='ocr_par' dir='ltr' id='par_1_75' title="bbox 355 4177 1930 4249">
     <span class='ocr_line' id='line_1_75' title="bbox 355 4177 1930 4249; baseline 0.006 -18"><span class='ocrx_word' id='word_1_522' title='bbox 355 4177 550 4241; x_wconf 86' lang='lat' dir='ltr'><strong>deret,</strong></span> <span class='ocrx_word' id='word_1_523' title='bbox 602 4177 843 4231; x_wconf 89' lang='lat' dir='ltr'><strong>animant</strong></span> <span class='ocrx_word' id='word_1_524' title='bbox 895 4180 1017 4249; x_wconf 89' lang='lat' dir='ltr'><strong>ejus</strong></span> <span class='ocrx_word' id='word_1_525' title='bbox 1054 4180 1328 4237; x_wconf 86' lang='lat' dir='ltr'><strong>Antonius</strong></span> <span class='ocrx_word' id='word_1_526' title='bbox 1378 4181 1582 4237; x_wconf 87' lang='lat' dir='ltr'><strong>dicitur</strong></span> <span class='ocrx_word' id='word_1_527' title='bbox 1630 4184 1683 4238; x_wconf 92' lang='lat' dir='ltr'><strong>in</strong></span> <span class='ocrx_word' id='word_1_528' title='bbox 1731 4186 1930 4241; x_wconf 75' lang='lat' dir='ltr'><strong>ctrlutn</strong></span> 
     </span>
    </p>
   </div>
   <div class='ocr_carea' id='block_1_76' title="bbox 359 4266 1933 4331">
    <p class='ocr_par' dir='ltr' id='par_1_76' title="bbox 359 4266 1933 4331">
     <span class='ocr_line' id='line_1_76' title="bbox 359 4266 1933 4331; baseline 0.008 -12"><span class='ocrx_word' id='word_1_529' title='bbox 359 4266 560 4321; x_wconf 86' lang='lat' dir='ltr'><strong>deduci</strong></span> <span class='ocrx_word' id='word_1_530' title='bbox 602 4267 832 4328; x_wconf 85' lang='lat' dir='ltr'><strong>vidisse.</strong></span> <span class='ocrx_word' id='word_1_531' title='bbox 878 4268 1083 4325; x_wconf 84' lang='lat' dir='ltr'><strong>divinis</strong></span> <span class='ocrx_word' id='word_1_532' title='bbox 1120 4270 1420 4327; x_wconf 80' lang='lat' dir='ltr'><strong>virtutibus</strong></span> <span class='ocrx_word' id='word_1_533' title='bbox 1451 4287 1572 4327; x_wconf 89' lang='lat' dir='ltr'><strong>eam</strong></span> <span class='ocrx_word' id='word_1_534' title='bbox 1615 4275 1933 4331; x_wconf 81' lang='lat' dir='ltr'><strong>comitanti-</strong></span> 
     </span>
    </p>
   </div>
   <div class='ocr_carea' id='block_1_77' title="bbox 356 4360 1933 4436">
    <p class='ocr_par' dir='ltr' id='par_1_77' title="bbox 356 4360 1933 4436">
     <span class='ocr_line' id='line_1_77' title="bbox 356 4360 1933 4436; baseline 0.004 -22"><span class='ocrx_word' id='word_1_535' title='bbox 356 4360 482 4424; x_wconf 90' lang='lat' dir='ltr'><strong>bus,</strong></span> <span class='ocrx_word' id='word_1_536' title='bbox 539 4360 1006 4431; x_wconf 75' lang='lat' dir='ltr'><strong>venerationeque</strong></span> <span class='ocrx_word' id='word_1_537' title='bbox 1068 4370 1124 4415; x_wconf 92' lang='lat' dir='ltr'><strong>et</strong></span> <span class='ocrx_word' id='word_1_538' title='bbox 1179 4362 1476 4433; x_wconf 85' lang='lat' dir='ltr'><strong>stipatione</strong></span> <span class='ocrx_word' id='word_1_539' title='bbox 1524 4364 1717 4429; x_wconf 89' lang='lat' dir='ltr'><strong>multa,</strong></span> <span class='ocrx_word' id='word_1_540' title='bbox 1766 4375 1933 4436; x_wconf 88' lang='lat' dir='ltr'><strong>atque</strong></span> 
     </span>
    </p>
   </div>
   <div class='ocr_carea' id='block_1_78' title="bbox 2030 3159 3604 3232">
    <p class='ocr_par' dir='ltr' id='par_1_78' title="bbox 2030 3159 3604 3232">
     <span class='ocr_line' id='line_1_78' title="bbox 2030 3159 3604 3232; baseline 0.003 -20"><span class='ocrx_word' id='word_1_541' title='bbox 2030 3161 2182 3213; x_wconf 75' lang='grc' dir='ltr'>ἔσται</span> <span class='ocrx_word' id='word_1_542' title='bbox 2210 3162 2238 3214; x_wconf 85' lang='grc' dir='ltr'><strong>ὁ</strong></span> <span class='ocrx_word' id='word_1_543' title='bbox 2267 3162 2399 3223; x_wconf 87' lang='grc' dir='ltr'>παῖς</span> <span class='ocrx_word' id='word_1_544' title='bbox 2426 3161 2534 3214; x_wconf 87' lang='grc' dir='ltr'><strong>τῶν</strong></span> <span class='ocrx_word' id='word_1_545' title='bbox 2563 3159 2779 3214; x_wconf 87' lang='grc' dir='ltr'>δεινῶν.</span> <span class='ocrx_word' id='word_1_546' title='bbox 2815 3162 2927 3214; x_wconf 77' lang='grc' dir='ltr'><strong>Καὶ</strong></span> <span class='ocrx_word' id='word_1_547' title='bbox 2949 3163 2977 3215; x_wconf 88' lang='grc' dir='ltr'>ὁ</span> <span class='ocrx_word' id='word_1_548' title='bbox 3010 3160 3111 3231; x_wconf 66' lang='grc' dir='ltr'>μιν</span> <span class='ocrx_word' id='word_1_549' title='bbox 3141 3160 3268 3232; x_wconf 85' lang='grc' dir='ltr'>βοῦς</span> <span class='ocrx_word' id='word_1_550' title='bbox 3299 3163 3604 3218; x_wconf 82' lang='grc' dir='ltr'>ἀπεδίδοτο·</span> 
     </span>
    </p>
   </div>
   <div class='ocr_carea' id='block_1_79' title="bbox 2025 3253 3607 3326">
    <p class='ocr_par' dir='ltr' id='par_1_79' title="bbox 2025 3253 3607 3326">
     <span class='ocr_line' id='line_1_79' title="bbox 2025 3253 3607 3326; baseline 0.002 -20"><span class='ocrx_word' id='word_1_551' title='bbox 2025 3256 2053 3306; x_wconf 85' lang='grc' dir='ltr'>ὁ</span> <span class='ocrx_word' id='word_1_552' title='bbox 2082 3253 2140 3305; x_wconf 80' lang='grc' dir='ltr'>δὲ</span> <span class='ocrx_word' id='word_1_553' title='bbox 2174 3253 2419 3317; x_wconf 77' lang='grc' dir='ltr'>κίνδυνος</span> <span class='ocrx_word' id='word_1_554' title='bbox 2446 3254 2626 3307; x_wconf 75' lang='grc' dir='ltr'>αὐτίκ’</span> <span class='ocrx_word' id='word_1_555' title='bbox 2655 3254 3031 3324; x_wconf 66' lang='grc' dir='ltr'>ἐδραπέτευεν</span> <span class='ocrx_word' id='word_1_556' title='bbox 3065 3254 3262 3326; x_wconf 73' lang='grc' dir='ltr'>ἐξάντη</span> <span class='ocrx_word' id='word_1_557' title='bbox 3295 3257 3482 3311; x_wconf 80' lang='grc' dir='ltr'>κακῶν</span> <span class='ocrx_word' id='word_1_558' title='bbox 3514 3257 3607 3309; x_wconf 74' lang='grc' dir='ltr'><strong>τὸν</strong></span> 
     </span>
    </p>
   </div>
   <div class='ocr_carea' id='block_1_80' title="bbox 2027 3345 3606 3418">
    <p class='ocr_par' dir='ltr' id='par_1_80' title="bbox 2027 3345 3606 3418">
     <span class='ocr_line' id='line_1_80' title="bbox 2027 3345 3606 3418; baseline 0.003 -22"><span class='ocrx_word' id='word_1_559' title='bbox 2027 3348 2196 3399; x_wconf 84' lang='grc' dir='ltr'>παῖδα</span> <span class='ocrx_word' id='word_1_560' title='bbox 2231 3345 2426 3400; x_wconf 84' lang='grc' dir='ltr'>λιπών.</span> <span class='ocrx_word' id='word_1_561' title='bbox 2495 3346 2652 3398; x_wconf 80' lang='grc' dir='ltr'>Ἐπεὶ</span> <span class='ocrx_word' id='word_1_562' title='bbox 2703 3345 2761 3399; x_wconf 80' lang='grc' dir='ltr'>δὲ</span> <span class='ocrx_word' id='word_1_563' title='bbox 2793 3346 2976 3417; x_wconf 84' lang='grc' dir='ltr'>χρόνῳ</span> <span class='ocrx_word' id='word_1_564' title='bbox 3010 3346 3240 3418; x_wconf 78' lang='grc' dir='ltr'>ὕστερον</span> <span class='ocrx_word' id='word_1_565' title='bbox 3269 3348 3364 3401; x_wconf 78' lang='grc' dir='ltr'>καὶ</span> <span class='ocrx_word' id='word_1_566' title='bbox 3404 3348 3606 3417; x_wconf 77' lang='grc' dir='ltr'>’Δμοῦν</span> 
     </span>
    </p>
   </div>
   <div class='ocr_carea' id='block_1_81' title="bbox 2029 3438 3605 3514">
    <p class='ocr_par' dir='ltr' id='par_1_81' title="bbox 2029 3438 3605 3514">
     <span class='ocr_line' id='line_1_81' title="bbox 2029 3438 3605 3514; baseline 0.002 -22"><span class='ocrx_word' id='word_1_567' title='bbox 2029 3439 2307 3505; x_wconf 78' lang='grc' dir='ltr'>ἐτελεύτα,</span> <span class='ocrx_word' id='word_1_568' title='bbox 2341 3438 2560 3508; x_wconf 85' lang='grc' dir='ltr'>λέγεται</span> <span class='ocrx_word' id='word_1_569' title='bbox 2596 3438 2885 3494; x_wconf 76' lang='grc' dir='ltr'>’Λντώνιον</span> <span class='ocrx_word' id='word_1_570' title='bbox 2916 3441 3268 3510; x_wconf 81' lang='grc' dir='ltr'>ἀναγομένην</span> <span class='ocrx_word' id='word_1_571' title='bbox 3295 3443 3395 3511; x_wconf 82' lang='grc' dir='ltr'>τὴν</span> <span class='ocrx_word' id='word_1_572' title='bbox 3424 3444 3605 3514; x_wconf 74' lang='grc' dir='ltr'>ψυχὴν</span> 
     </span>
    </p>
   </div>
   <div class='ocr_carea' id='block_1_82' title="bbox 2029 3530 3607 3603">
    <p class='ocr_par' dir='ltr' id='par_1_82' title="bbox 2029 3530 3607 3603">
     <span class='ocr_line' id='line_1_82' title="bbox 2029 3530 3607 3603; baseline 0.001 -20"><span class='ocrx_word' id='word_1_573' title='bbox 2029 3530 2239 3583; x_wconf 77' lang='grc' dir='ltr'>ἐκείνου</span> <span class='ocrx_word' id='word_1_574' title='bbox 2266 3532 2345 3594; x_wconf 90' lang='grc' dir='ltr'><strong>είς</strong></span> <span class='ocrx_word' id='word_1_575' title='bbox 2363 3530 2598 3600; x_wconf 66' lang='grc' dir='ltr'>οὐρανὸν</span> <span class='ocrx_word' id='word_1_576' title='bbox 2626 3530 2880 3599; x_wconf 83' lang='grc' dir='ltr'>θεωρεῖν,</span> <span class='ocrx_word' id='word_1_577' title='bbox 2908 3532 3227 3603; x_wconf 84' lang='grc' dir='ltr'>περικύκλῳ</span> <span class='ocrx_word' id='word_1_578' title='bbox 3258 3533 3423 3587; x_wconf 85' lang='grc' dir='ltr'>θείων</span> <span class='ocrx_word' id='word_1_579' title='bbox 3445 3534 3607 3586; x_wconf 80' lang='grc' dir='ltr'>δυνά-</span> 
     </span>
    </p>
   </div>
   <div class='ocr_carea' id='block_1_83' title="bbox 2034 3625 3611 3697">
    <p class='ocr_par' dir='ltr' id='par_1_83' title="bbox 2034 3625 3611 3697">
     <span class='ocr_line' id='line_1_83' title="bbox 2034 3625 3611 3697; baseline 0 -19"><span class='ocrx_word' id='word_1_580' title='bbox 2034 3643 2184 3697; x_wconf 87' lang='grc' dir='ltr'>μεων</span> <span class='ocrx_word' id='word_1_581' title='bbox 2217 3625 2523 3696; x_wconf 75' lang='grc' dir='ltr'>ἑπομένων,</span> <span class='ocrx_word' id='word_1_582' title='bbox 2557 3626 2652 3678; x_wconf 83' lang='grc' dir='ltr'>καὶ</span> <span class='ocrx_word' id='word_1_583' title='bbox 2688 3626 3180 3697; x_wconf 80' lang='grc' dir='ltr'>παραπεμπόντων</span> <span class='ocrx_word' id='word_1_584' title='bbox 3211 3628 3429 3689; x_wconf 79' lang='grc' dir='ltr'>εκείνην</span> <span class='ocrx_word' id='word_1_585' title='bbox 3467 3627 3611 3678; x_wconf 78' lang='grc' dir='ltr'>αἰδοῖ</span> 
     </span>
    </p>
   </div>
   <div class='ocr_carea' id='block_1_84' title="bbox 2034 3717 3604 3790">
    <p class='ocr_par' dir='ltr' id='par_1_84' title="bbox 2034 3717 3604 3790">
     <span class='ocr_line' id='line_1_84' title="bbox 2034 3717 3604 3790; baseline -0.001 -18"><span class='ocrx_word' id='word_1_586' title='bbox 2034 3720 2125 3772; x_wconf 77' lang='grc' dir='ltr'>καὶ</span> <span class='ocrx_word' id='word_1_587' title='bbox 2153 3719 2457 3789; x_wconf 76' lang='grc' dir='ltr'>δορυφορίᾳ</span> <span class='ocrx_word' id='word_1_588' title='bbox 2488 3717 2684 3787; x_wconf 77' lang='grc' dir='ltr'>πολλῇ,</span> <span class='ocrx_word' id='word_1_589' title='bbox 2717 3720 2812 3771; x_wconf 85' lang='grc' dir='ltr'><strong>καί</strong></span> <span class='ocrx_word' id='word_1_590' title='bbox 2846 3735 2955 3770; x_wconf 89' lang='grc' dir='ltr'>τινι</span> <span class='ocrx_word' id='word_1_591' title='bbox 2979 3719 3206 3790; x_wconf 70' lang='grc' dir='ltr'>ἀρρήτῳ</span> <span class='ocrx_word' id='word_1_592' title='bbox 3257 3717 3444 3789; x_wconf 78' lang='grc' dir='ltr'>ὕμνων</span> 
     </span>
    </p>
   </div>
   <div class='ocr_carea' id='block_1_85' title="bbox 2030 3809 3606 3880">
    <p class='ocr_par' dir='ltr' id='par_1_85' title="bbox 2030 3809 3606 3880">
     <span class='ocr_line' id='line_1_85' title="bbox 2030 3809 3606 3880; baseline -0.003 -15"><span class='ocrx_word' id='word_1_593' title='bbox 2030 3811 2159 3872; x_wconf 74' lang='grc' dir='ltr'>τοὺς</span> <span class='ocrx_word' id='word_1_594' title='bbox 2180 3810 2236 3862; x_wconf 81' lang='grc' dir='ltr'>δὲ</span> <span class='ocrx_word' id='word_1_595' title='bbox 2275 3810 2406 3879; x_wconf 79' lang='grc' dir='ltr'>περὶ</span> <span class='ocrx_word' id='word_1_596' title='bbox 2436 3810 2599 3862; x_wconf 76' lang='grc' dir='ltr'>αὑτὸν</span> <span class='ocrx_word' id='word_1_597' title='bbox 2646 3811 2701 3862; x_wconf 83' lang='grc' dir='ltr'>ὲν</span> <span class='ocrx_word' id='word_1_598' title='bbox 2734 3809 2996 3878; x_wconf 73' lang='grc' dir='ltr'>ἐκπλήξει</span> <span class='ocrx_word' id='word_1_599' title='bbox 3027 3811 3118 3862; x_wconf 86' lang='grc' dir='ltr'><strong>τδν</strong></span> <span class='ocrx_word' id='word_1_600' title='bbox 3157 3812 3296 3880; x_wconf 84' lang='grc' dir='ltr'>ἀέρα</span> <span class='ocrx_word' id='word_1_601' title='bbox 3328 3809 3606 3878; x_wconf 76' lang='grc' dir='ltr'>θεώμενον</span> 
     </span>
    </p>
   </div>
   <div class='ocr_carea' id='block_1_86' title="bbox 2032 3901 3607 3973">
    <p class='ocr_par' dir='ltr' id='par_1_86' title="bbox 2032 3901 3607 3973">
     <span class='ocr_line' id='line_1_86' title="bbox 2032 3901 3607 3973; baseline -0.004 -15"><span class='ocrx_word' id='word_1_602' title='bbox 2032 3904 2126 3958; x_wconf 75' lang='grc' dir='ltr'><strong>καὶ</strong></span> <span class='ocrx_word' id='word_1_603' title='bbox 2158 3904 2245 3956; x_wconf 63' lang='grc' dir='ltr'><strong>διὰ</strong></span> <span class='ocrx_word' id='word_1_604' title='bbox 2275 3902 2558 3973; x_wconf 84' lang='grc' dir='ltr'>θαύματος</span> <span class='ocrx_word' id='word_1_605' title='bbox 2597 3901 2791 3972; x_wconf 73' lang='grc' dir='ltr'>ἔχοντα</span> <span class='ocrx_word' id='word_1_606' title='bbox 2830 3902 2968 3971; x_wconf 81' lang='grc' dir='ltr'>πρὸς</span> <span class='ocrx_word' id='word_1_607' title='bbox 3008 3901 3111 3973; x_wconf 81' lang='grc' dir='ltr'>τὴν</span> <span class='ocrx_word' id='word_1_608' title='bbox 3135 3902 3259 3972; x_wconf 74' lang='grc' dir='ltr'>ὄψιν</span> <span class='ocrx_word' id='word_1_609' title='bbox 3293 3902 3402 3955; x_wconf 88' lang='grc' dir='ltr'><strong>τῶν</strong></span> <span class='ocrx_word' id='word_1_610' title='bbox 3434 3918 3607 3971; x_wconf 76' lang='grc' dir='ltr'>παρα-</span> 
     </span>
    </p>
   </div>
   <div class='ocr_carea' id='block_1_87' title="bbox 2030 3991 3605 4061">
    <p class='ocr_par' dir='ltr' id='par_1_87' title="bbox 2030 3991 3605 4061">
     <span class='ocr_line' id='line_1_87' title="bbox 2030 3991 3605 4061; baseline -0.002 -12"><span class='ocrx_word' id='word_1_611' title='bbox 2030 3995 2219 4060; x_wconf 68' lang='grc' dir='ltr'>δόξων,</span> <span class='ocrx_word' id='word_1_612' title='bbox 2289 3993 2753 4048; x_wconf 77' lang='grc' dir='ltr'>διαπυνθάνεσθαι</span> <span class='ocrx_word' id='word_1_613' title='bbox 2812 3994 2904 4046; x_wconf 78' lang='grc' dir='ltr'>τὸν</span> <span class='ocrx_word' id='word_1_614' title='bbox 2950 3991 3247 4047; x_wconf 78' lang='grc' dir='ltr'>’Λντώνιον</span> <span class='ocrx_word' id='word_1_615' title='bbox 3277 3996 3377 4061; x_wconf 84' lang='grc' dir='ltr'>τὴν</span> <span class='ocrx_word' id='word_1_616' title='bbox 3401 3994 3605 4047; x_wconf 85' lang='grc' dir='ltr'>αἰτίαν.</span> 
     </span>
    </p>
   </div>
   <div class='ocr_carea' id='block_1_88' title="bbox 2033 4081 3608 4158">
    <p class='ocr_par' dir='ltr' id='par_1_88' title="bbox 2033 4081 3608 4158">
     <span class='ocr_line' id='line_1_88' title="bbox 2033 4081 3608 4158; baseline -0.003 -18"><span class='ocrx_word' id='word_1_617' title='bbox 2033 4088 2139 4141; x_wconf 82' lang='grc' dir='ltr'><strong>Τὸν</strong></span> <span class='ocrx_word' id='word_1_618' title='bbox 2172 4087 2228 4140; x_wconf 86' lang='grc' dir='ltr'>δὲ</span> <span class='ocrx_word' id='word_1_619' title='bbox 2263 4088 2339 4158; x_wconf 77' lang='grc' dir='ltr'>μὴ</span> <span class='ocrx_word' id='word_1_620' title='bbox 2365 4087 2681 4157; x_wconf 70' lang='grc' dir='ltr'>ἀποκρύψαι</span> <span class='ocrx_word' id='word_1_621' title='bbox 2707 4086 2807 4157; x_wconf 79' lang='grc' dir='ltr'>τὴν</span> <span class='ocrx_word' id='word_1_622' title='bbox 2841 4085 2964 4153; x_wconf 69' lang='grc' dir='ltr'>ὄψιν</span> <span class='ocrx_word' id='word_1_623' title='bbox 2984 4101 2998 4114; x_wconf 89' lang='grc'><strong>·</strong></span> <span class='ocrx_word' id='word_1_624' title='bbox 3029 4086 3125 4140; x_wconf 89' lang='grc' dir='ltr'>καὶ</span> <span class='ocrx_word' id='word_1_625' title='bbox 3154 4085 3430 4155; x_wconf 76' lang='grc' dir='ltr'>τάσφαλὶς</span> <span class='ocrx_word' id='word_1_626' title='bbox 3459 4081 3608 4155; x_wconf 74' lang='grc' dir='ltr'>εἶχεν</span> 
     </span>
    </p>
   </div>
   <div class='ocr_carea' id='block_1_89' title="bbox 2032 4177 3607 4250">
    <p class='ocr_par' dir='ltr' id='par_1_89' title="bbox 2032 4177 3607 4250">
     <span class='ocr_line' id='line_1_89' title="bbox 2032 4177 3607 4250; baseline -0.003 -16"><span class='ocrx_word' id='word_1_627' title='bbox 2032 4185 2060 4235; x_wconf 88' lang='grc' dir='ltr'>ὁ</span> <span class='ocrx_word' id='word_1_628' title='bbox 2085 4181 2242 4250; x_wconf 85' lang='grc' dir='ltr'>λόγος</span> <span class='ocrx_word' id='word_1_629' title='bbox 2264 4196 2277 4209; x_wconf 88' lang='grc'><strong>·</strong></span> <span class='ocrx_word' id='word_1_630' title='bbox 2311 4179 2485 4233; x_wconf 74' lang='grc' dir='ltr'>ἔπειτ’</span> <span class='ocrx_word' id='word_1_631' title='bbox 2517 4181 2625 4232; x_wconf 82' lang='grc' dir='ltr'>ἀπὸ</span> <span class='ocrx_word' id='word_1_632' title='bbox 2654 4181 2908 4249; x_wconf 78' lang='grc' dir='ltr'>Σκήτειυς</span> <span class='ocrx_word' id='word_1_633' title='bbox 2960 4177 3401 4232; x_wconf 81' lang='grc' dir='ltr'>πολλῶν“ὲκεῖθεν</span> <span class='ocrx_word' id='word_1_634' title='bbox 3442 4178 3607 4248; x_wconf 78' lang='grc' dir='ltr'>ἡκόν-</span> 
     </span>
    </p>
   </div>
   <div class='ocr_carea' id='block_1_90' title="bbox 2032 4266 3607 4338">
    <p class='ocr_par' dir='ltr' id='par_1_90' title="bbox 2032 4266 3607 4338">
     <span class='ocr_line' id='line_1_90' title="bbox 2032 4266 3607 4338; baseline -0.003 -17"><span class='ocrx_word' id='word_1_635' title='bbox 2032 4285 2162 4335; x_wconf 88' lang='grc' dir='ltr'>των,</span> <span class='ocrx_word' id='word_1_636' title='bbox 2195 4269 2289 4319; x_wconf 81' lang='grc' dir='ltr'>καὶ</span> <span class='ocrx_word' id='word_1_637' title='bbox 2320 4269 2410 4320; x_wconf 74' lang='grc' dir='ltr'><strong>τὸν</strong></span> <span class='ocrx_word' id='word_1_638' title='bbox 2454 4269 2645 4338; x_wconf 68' lang='grc' dir='ltr'>χρόνον</span> <span class='ocrx_word' id='word_1_639' title='bbox 2680 4268 2778 4333; x_wconf 77' lang='grc' dir='ltr'><strong>τῆς</strong></span> <span class='ocrx_word' id='word_1_640' title='bbox 2807 4266 3012 4337; x_wconf 82' lang='grc' dir='ltr'>Ἀμοῦν</span> <span class='ocrx_word' id='word_1_641' title='bbox 3056 4267 3321 4338; x_wconf 78' lang='grc' dir='ltr'>τελευτῆς</span> <span class='ocrx_word' id='word_1_642' title='bbox 3352 4268 3607 4320; x_wconf 80' lang='grc' dir='ltr'>ἀνειπόν-</span> 
     </span>
    </p>
   </div>
   <div class='ocr_carea' id='block_1_91' title="bbox 2034 4354 3609 4429">
    <p class='ocr_par' dir='ltr' id='par_1_91' title="bbox 2034 4354 3609 4429">
     <span class='ocr_line' id='line_1_91' title="bbox 2034 4354 3609 4429; baseline 0 -18"><span class='ocrx_word' id='word_1_643' title='bbox 2034 4377 2144 4412; x_wconf 91' lang='grc' dir='ltr'><strong>των</strong></span> <span class='ocrx_word' id='word_1_644' title='bbox 2164 4376 2177 4390; x_wconf 88' lang='grc'><strong>·</strong></span> <span class='ocrx_word' id='word_1_645' title='bbox 2207 4354 2348 4412; x_wconf 69' lang='grc' dir='ltr'>εἶναι</span> <span class='ocrx_word' id='word_1_646' title='bbox 2383 4360 2428 4412; x_wconf 78' lang='grc' dir='ltr'>δ’</span> <span class='ocrx_word' id='word_1_647' title='bbox 2455 4361 2687 4422; x_wconf 74' lang='grc' dir='ltr'>ἐκεῖνον,</span> <span class='ocrx_word' id='word_1_648' title='bbox 2722 4359 2844 4412; x_wconf 77' lang='grc' dir='ltr'>καθ’</span> <span class='ocrx_word' id='word_1_649' title='bbox 2872 4359 2932 4411; x_wconf 83' lang='grc' dir='ltr'>ὃν</span> <span class='ocrx_word' id='word_1_650' title='bbox 2980 4360 3269 4420; x_wconf 80' lang='grc' dir='ltr'>Ἀντώνιος</span> <span class='ocrx_word' id='word_1_651' title='bbox 3308 4360 3609 4429; x_wconf 77' lang='grc' dir='ltr'>ἐκπληττό-</span> 
     </span>
    </p>
   </div>
   <div class='ocr_carea' id='block_1_92' title="bbox 352 4451 1924 4528">
    <p class='ocr_par' dir='ltr' id='par_1_92' title="bbox 352 4451 1924 4528">
     <span class='ocr_line' id='line_1_92' title="bbox 352 4451 1924 4528; baseline 0.005 -23"><span class='ocrx_word' id='word_1_652' title='bbox 352 4451 521 4506; x_wconf 78' lang='lat' dir='ltr'><strong>etiam</strong></span> <span class='ocrx_word' id='word_1_653' title='bbox 552 4451 815 4506; x_wconf 74' lang='lat' dir='ltr'><strong>ineﬂ‘abili</strong></span> <span class='ocrx_word' id='word_1_654' title='bbox 841 4454 1076 4523; x_wconf 72' lang='lat' dir='ltr'><strong>quotam</strong></span> <span class='ocrx_word' id='word_1_655' title='bbox 1112 4454 1440 4525; x_wconf 87' lang='lat' dir='ltr'><strong>hymnorum</strong></span> <span class='ocrx_word' id='word_1_656' title='bbox 1464 4458 1708 4513; x_wconf 91' lang='lat' dir='ltr'><strong>carmine</strong></span> <span class='ocrx_word' id='word_1_657' title='bbox 1741 4474 1924 4528; x_wconf 89' lang='lat' dir='ltr'><strong>prose-</strong></span> 
     </span>
    </p>
   </div>
   <div class='ocr_carea' id='block_1_93' title="bbox 2029 4451 3605 4528">
    <p class='ocr_par' dir='ltr' id='par_1_93' title="bbox 2041 4452 3605 4523">
     <span class='ocr_line' id='line_1_93' title="bbox 2041 4452 3605 4523; baseline 0.001 -20"><span class='ocrx_word' id='word_1_658' title='bbox 2041 4468 2203 4519; x_wconf 85' lang='grc' dir='ltr'>μενος</span> <span class='ocrx_word' id='word_1_659' title='bbox 2229 4453 2309 4515; x_wconf 89' lang='grc' dir='ltr'><strong>είς</strong></span> <span class='ocrx_word' id='word_1_660' title='bbox 2334 4452 2601 4522; x_wconf 81' lang='grc' dir='ltr'>οὐρανοὺς</span> <span class='ocrx_word' id='word_1_661' title='bbox 2624 4452 2818 4505; x_wconf 79' lang='grc' dir='ltr'>ἔϐλεπε</span> <span class='ocrx_word' id='word_1_662' title='bbox 2841 4467 2856 4482; x_wconf 88' lang='grc'><strong>·</strong></span> <span class='ocrx_word' id='word_1_663' title='bbox 2888 4456 2984 4506; x_wconf 79' lang='grc' dir='ltr'>καὶ</span> <span class='ocrx_word' id='word_1_664' title='bbox 3013 4453 3183 4523; x_wconf 80' lang='grc' dir='ltr'>ἄμφω</span> <span class='ocrx_word' id='word_1_665' title='bbox 3202 4453 3259 4505; x_wconf 81' lang='grc' dir='ltr'>δὲ</span> <span class='ocrx_word' id='word_1_666' title='bbox 3290 4453 3477 4522; x_wconf 76' lang='grc' dir='ltr'>ἠξίουν</span> <span class='ocrx_word' id='word_1_667' title='bbox 3500 4469 3605 4521; x_wconf 83' lang='grc' dir='ltr'>μα-</span> 
     </span>
    </p>
   </div>
   <div class='ocr_carea' id='block_1_94' title="bbox 353 4543 1931 4615">
    <p class='ocr_par' dir='ltr' id='par_1_94' title="bbox 353 4543 1931 4615">
     <span class='ocr_line' id='line_1_94' title="bbox 353 4543 1931 4615; baseline 0.004 -21"><span class='ocrx_word' id='word_1_668' title='bbox 353 4543 675 4610; x_wconf 85' lang='lat' dir='ltr'><strong>quentibus.</strong></span> <span class='ocrx_word' id='word_1_669' title='bbox 717 4543 784 4598; x_wconf 86' lang='lat' dir='ltr'><strong>Et</strong></span> <span class='ocrx_word' id='word_1_670' title='bbox 827 4559 974 4610; x_wconf 89' lang='lat' dir='ltr'><strong>cum,</strong></span> <span class='ocrx_word' id='word_1_671' title='bbox 1007 4544 1103 4615; x_wconf 92' lang='lat' dir='ltr'><strong>qui</strong></span> <span class='ocrx_word' id='word_1_672' title='bbox 1139 4556 1255 4599; x_wconf 92' lang='lat' dir='ltr'><strong>tum</strong></span> <span class='ocrx_word' id='word_1_673' title='bbox 1294 4560 1415 4600; x_wconf 87' lang='lat' dir='ltr'><strong>cum</strong></span> <span class='ocrx_word' id='word_1_674' title='bbox 1466 4548 1705 4603; x_wconf 84' lang='lat' dir='ltr'><strong>Antonio</strong></span> <span class='ocrx_word' id='word_1_675' title='bbox 1753 4559 1931 4614; x_wconf 59' lang='lat' dir='ltr'><strong>erant,</strong></span> 
     </span>
    </p>
   </div>
   <div class='ocr_carea' id='block_1_95' title="bbox 356 4636 1932 4709">
    <p class='ocr_par' dir='ltr' id='par_1_95' title="bbox 356 4636 1932 4709">
     <span class='ocr_line' id='line_1_95' title="bbox 356 4636 1932 4709; baseline 0.005 -22"><span class='ocrx_word' id='word_1_676' title='bbox 356 4649 453 4706; x_wconf 89' lang='lat' dir='ltr'><strong>per</strong></span> <span class='ocrx_word' id='word_1_677' title='bbox 480 4636 982 4691; x_wconf 77' lang='lat' dir='ltr'><strong>conSternatiuncm</strong></span> <span class='ocrx_word' id='word_1_678' title='bbox 1034 4637 1089 4692; x_wconf 92' lang='lat' dir='ltr'><strong>in</strong></span> <span class='ocrx_word' id='word_1_679' title='bbox 1138 4653 1323 4693; x_wconf 80' lang='lat' dir='ltr'><strong>aerem</strong></span> <span class='ocrx_word' id='word_1_680' title='bbox 1359 4639 1717 4709; x_wconf 80' lang='lat' dir='ltr'><strong>suspiciente,</strong></span> <span class='ocrx_word' id='word_1_681' title='bbox 1749 4650 1808 4695; x_wconf 92' lang='lat' dir='ltr'><strong>et</strong></span> <span class='ocrx_word' id='word_1_682' title='bbox 1853 4640 1932 4695; x_wconf 91' lang='lat' dir='ltr'><strong>rei</strong></span> 
     </span>
    </p>
   </div>
   <div class='ocr_carea' id='block_1_96' title="bbox 358 4727 1931 4801">
    <p class='ocr_par' dir='ltr' id='par_1_96' title="bbox 358 4727 1931 4801">
     <span class='ocr_line' id='line_1_96' title="bbox 358 4727 1931 4801; baseline 0.004 -23"><span class='ocrx_word' id='word_1_683' title='bbox 358 4736 521 4781; x_wconf 78' lang='lat' dir='ltr'><strong>tantae</strong></span> <span class='ocrx_word' id='word_1_684' title='bbox 543 4727 736 4784; x_wconf 77' lang='lat' dir='ltr'><strong>faciem</strong></span> <span class='ocrx_word' id='word_1_685' title='bbox 759 4729 1086 4793; x_wconf 86' lang='lat' dir='ltr'><strong>admirante,</strong></span> <span class='ocrx_word' id='word_1_686' title='bbox 1110 4744 1329 4784; x_wconf 89' lang='lat' dir='ltr'><strong>causam</strong></span> <span class='ocrx_word' id='word_1_687' title='bbox 1355 4729 1425 4784; x_wconf 90' lang='lat' dir='ltr'><strong>ab</strong></span> <span class='ocrx_word' id='word_1_688' title='bbox 1447 4745 1514 4785; x_wconf 92' lang='lat' dir='ltr'><strong>eo</strong></span> <span class='ocrx_word' id='word_1_689' title='bbox 1538 4730 1887 4801; x_wconf 78' lang='lat' dir='ltr'><strong>requirerent</strong></span> <span class='ocrx_word' id='word_1_690' title='bbox 1913 4768 1931 4795; x_wconf 88' lang='lat'><strong>,</strong></span> 
     </span>
    </p>
   </div>
   <div class='ocr_carea' id='block_1_97' title="bbox 358 4815 1936 4888">
    <p class='ocr_par' dir='ltr' id='par_1_97' title="bbox 358 4815 1936 4888">
     <span class='ocr_line' id='line_1_97' title="bbox 358 4815 1936 4888; baseline 0.004 -19"><span class='ocrx_word' id='word_1_691' title='bbox 358 4815 450 4869; x_wconf 92' lang='lat' dir='ltr'><strong>ille</strong></span> <span class='ocrx_word' id='word_1_692' title='bbox 493 4816 667 4869; x_wconf 91' lang='lat' dir='ltr'><strong>visum</strong></span> <span class='ocrx_word' id='word_1_693' title='bbox 706 4818 758 4871; x_wconf 88' lang='lat' dir='ltr'><strong>id</strong></span> <span class='ocrx_word' id='word_1_694' title='bbox 812 4818 1239 4888; x_wconf 87' lang='lat' dir='ltr'><strong>haudquaquam</strong></span> <span class='ocrx_word' id='word_1_695' title='bbox 1290 4819 1566 4875; x_wconf 89' lang='lat' dir='ltr'><strong>occultum</strong></span> <span class='ocrx_word' id='word_1_696' title='bbox 1607 4819 1823 4876; x_wconf 90' lang='lat' dir='ltr'><strong>habuit.</strong></span> <span class='ocrx_word' id='word_1_697' title='bbox 1866 4822 1936 4876; x_wconf 90' lang='lat' dir='ltr'><strong>Et</strong></span> 
     </span>
    </p>
   </div>
   <div class='ocr_carea' id='block_1_98' title="bbox 357 4909 1933 4981">
    <p class='ocr_par' dir='ltr' id='par_1_98' title="bbox 357 4909 1933 4981">
     <span class='ocr_line' id='line_1_98' title="bbox 357 4909 1933 4981; baseline 0.003 -19"><span class='ocrx_word' id='word_1_698' title='bbox 357 4910 525 4962; x_wconf 74' lang='lat' dir='ltr'><strong>verba</strong></span> <span class='ocrx_word' id='word_1_699' title='bbox 553 4909 673 4980; x_wconf 77' lang='lat' dir='ltr'><strong>ejus</strong></span> <span class='ocrx_word' id='word_1_700' title='bbox 697 4927 752 4962; x_wconf 90' lang='lat' dir='ltr'><strong>re</strong></span> <span class='ocrx_word' id='word_1_701' title='bbox 778 4910 893 4981; x_wconf 86' lang='lat' dir='ltr'><strong>ipsa</strong></span> <span class='ocrx_word' id='word_1_702' title='bbox 926 4920 1054 4969; x_wconf 84' lang='lat' dir='ltr'><strong>sunt</strong></span> <span class='ocrx_word' id='word_1_703' title='bbox 1081 4912 1425 4966; x_wconf 79' lang='lat' dir='ltr'><strong>conﬁrmata.</strong></span> <span class='ocrx_word' id='word_1_704' title='bbox 1459 4912 1753 4977; x_wconf 82' lang='lat' dir='ltr'><strong>Postquam</strong></span> <span class='ocrx_word' id='word_1_705' title='bbox 1785 4913 1933 4967; x_wconf 89' lang='lat' dir='ltr'><strong>enim</strong></span> 
     </span>
    </p>
   </div>
   <div class='ocr_carea' id='block_1_99' title="bbox 356 4999 1937 5073">
    <p class='ocr_par' dir='ltr' id='par_1_99' title="bbox 356 4999 1937 5073">
     <span class='ocr_line' id='line_1_99' title="bbox 356 4999 1937 5073; baseline 0.001 -16"><span class='ocrx_word' id='word_1_706' title='bbox 356 5017 389 5057; x_wconf 75' lang='grc' dir='ltr'><strong>ιι</strong></span> <span class='ocrx_word' id='word_1_707' title='bbox 423 4999 572 5055; x_wconf 83' lang='lat' dir='ltr'><strong>Sceti</strong></span> <span class='ocrx_word' id='word_1_708' title='bbox 611 5001 767 5055; x_wconf 90' lang='lat' dir='ltr'><strong>multi</strong></span> <span class='ocrx_word' id='word_1_709' title='bbox 809 5018 1034 5070; x_wconf 89' lang='lat' dir='ltr'><strong>venere,</strong></span> <span class='ocrx_word' id='word_1_710' title='bbox 1062 5010 1119 5058; x_wconf 89' lang='lat' dir='ltr'><strong>et</strong></span> <span class='ocrx_word' id='word_1_711' title='bbox 1151 5013 1367 5073; x_wconf 86' lang='lat' dir='ltr'><strong>tempus</strong></span> <span class='ocrx_word' id='word_1_712' title='bbox 1393 5005 1579 5059; x_wconf 91' lang='lat' dir='ltr'><strong>obitus</strong></span> <span class='ocrx_word' id='word_1_713' title='bbox 1609 5004 1825 5059; x_wconf 85' lang='lat' dir='ltr'><strong>Amoun</strong></span> <span class='ocrx_word' id='word_1_714' title='bbox 1854 5004 1937 5059; x_wconf 91' lang='lat' dir='ltr'><strong>in-</strong></span> 
     </span>
    </p>
   </div>
   <div class='ocr_carea' id='block_1_100' title="bbox 358 5093 1933 5166">
    <p class='ocr_par' dir='ltr' id='par_1_100' title="bbox 358 5093 1933 5166">
     <span class='ocr_line' id='line_1_100' title="bbox 358 5093 1933 5166; baseline 0.004 -21"><span class='ocrx_word' id='word_1_715' title='bbox 358 5094 631 5158; x_wconf 85' lang='lat' dir='ltr'><strong>dicavere,</strong></span> <span class='ocrx_word' id='word_1_716' title='bbox 680 5093 811 5148; x_wconf 84' lang='lat' dir='ltr'><strong>illud</strong></span> <span class='ocrx_word' id='word_1_717' title='bbox 865 5096 1043 5163; x_wconf 91' lang='lat' dir='ltr'><strong>ipsum</strong></span> <span class='ocrx_word' id='word_1_718' title='bbox 1092 5105 1317 5165; x_wconf 87' lang='lat' dir='ltr'><strong>tempus</strong></span> <span class='ocrx_word' id='word_1_719' title='bbox 1363 5110 1487 5151; x_wconf 79' lang='lat' dir='ltr'><strong>esse</strong></span> <span class='ocrx_word' id='word_1_720' title='bbox 1533 5108 1933 5166; x_wconf 72' lang='lat' dir='ltr'><strong>cognoverunt,</strong></span> 
     </span>
    </p>
   </div>
   <div class='ocr_carea' id='block_1_101' title="bbox 358 5186 1932 5259">
    <p class='ocr_par' dir='ltr' id='par_1_101' title="bbox 358 5186 1932 5259">
     <span class='ocr_line' id='line_1_101' title="bbox 358 5186 1932 5259; baseline 0.003 -21"><span class='ocrx_word' id='word_1_721' title='bbox 358 5200 483 5238; x_wconf 87' lang='lat' dir='ltr'><strong>cum</strong></span> <span class='ocrx_word' id='word_1_722' title='bbox 507 5186 779 5239; x_wconf 85' lang='lat' dir='ltr'><strong>Antonius</strong></span> <span class='ocrx_word' id='word_1_723' title='bbox 805 5193 1030 5254; x_wconf 89' lang='lat' dir='ltr'><strong>stupore</strong></span> <span class='ocrx_word' id='word_1_724' title='bbox 1055 5197 1340 5256; x_wconf 86' lang='lat' dir='ltr'><strong>correptus</strong></span> <span class='ocrx_word' id='word_1_725' title='bbox 1367 5188 1420 5241; x_wconf 92' lang='lat' dir='ltr'><strong>in</strong></span> <span class='ocrx_word' id='word_1_726' title='bbox 1451 5189 1626 5244; x_wconf 75' lang='lat' dir='ltr'><strong>cmlos</strong></span> <span class='ocrx_word' id='word_1_727' title='bbox 1653 5192 1932 5259; x_wconf 77' lang='lat' dir='ltr'><strong>suspexit;</strong></span> 
     </span>
    </p>
   </div>
   <div class='ocr_carea' id='block_1_102' title="bbox 362 5279 1936 5349">
    <p class='ocr_par' dir='ltr' id='par_1_102' title="bbox 362 5279 1936 5349">
     <span class='ocr_line' id='line_1_102' title="bbox 362 5279 1936 5349; baseline 0.004 -18"><span class='ocrx_word' id='word_1_728' title='bbox 362 5287 420 5331; x_wconf 90' lang='lat' dir='ltr'><strong>et</strong></span> <span class='ocrx_word' id='word_1_729' title='bbox 451 5288 743 5349; x_wconf 89' lang='lat' dir='ltr'><strong>utrumqtte</strong></span> <span class='ocrx_word' id='word_1_730' title='bbox 775 5291 907 5332; x_wconf 87' lang='lat' dir='ltr'><strong>sane</strong></span> <span class='ocrx_word' id='word_1_731' title='bbox 950 5279 1150 5334; x_wconf 91' lang='lat' dir='ltr'><strong>merito</strong></span> <span class='ocrx_word' id='word_1_732' title='bbox 1183 5281 1401 5334; x_wconf 88' lang='lat' dir='ltr'><strong>beatum</strong></span> <span class='ocrx_word' id='word_1_733' title='bbox 1437 5280 1753 5337; x_wconf 84' lang='lat' dir='ltr'><strong>habendum</strong></span> <span class='ocrx_word' id='word_1_734' title='bbox 1781 5283 1936 5337; x_wconf 79' lang='lat' dir='ltr'><strong>dixe-</strong></span> 
     </span>
    </p>
   </div>
   <div class='ocr_carea' id='block_1_103' title="bbox 368 5369 1935 5442">
    <p class='ocr_par' dir='ltr' id='par_1_103' title="bbox 368 5369 1935 5442">
     <span class='ocr_line' id='line_1_103' title="bbox 368 5369 1935 5442; baseline 0.004 -19"><span class='ocrx_word' id='word_1_735' title='bbox 368 5378 495 5423; x_wconf 89' lang='lat' dir='ltr'><strong>runt</strong></span> <span class='ocrx_word' id='word_1_736' title='bbox 538 5387 553 5424; x_wconf 83' lang='lat'>;</span> <span class='ocrx_word' id='word_1_737' title='bbox 597 5372 813 5424; x_wconf 77' lang='lat' dir='ltr'><strong>Amoun</strong></span> <span class='ocrx_word' id='word_1_738' title='bbox 860 5369 1108 5440; x_wconf 87' lang='lat' dir='ltr'><strong>quidem,</strong></span> <span class='ocrx_word' id='word_1_739' title='bbox 1153 5370 1299 5441; x_wconf 89' lang='lat' dir='ltr'><strong>quod</strong></span> <span class='ocrx_word' id='word_1_740' title='bbox 1340 5380 1422 5426; x_wconf 89' lang='lat' dir='ltr'><strong>sle</strong></span> <span class='ocrx_word' id='word_1_741' title='bbox 1457 5387 1488 5426; x_wconf 90' lang='lat' dir='ltr'><strong>e</strong></span> <span class='ocrx_word' id='word_1_742' title='bbox 1524 5373 1634 5427; x_wconf 87' lang='lat' dir='ltr'><strong>vita</strong></span> <span class='ocrx_word' id='word_1_743' title='bbox 1681 5375 1935 5442; x_wconf 71' lang='lat' dir='ltr'><strong>praesenti</strong></span> 
     </span>
    </p>
   </div>
   <div class='ocr_carea' id='block_1_104' title="bbox 367 5461 1937 5535">
    <p class='ocr_par' dir='ltr' id='par_1_104' title="bbox 367 5461 1937 5535">
     <span class='ocr_line' id='line_1_104' title="bbox 367 5461 1937 5535; baseline 0.006 -22"><span class='ocrx_word' id='word_1_744' title='bbox 367 5461 675 5516; x_wconf 85' lang='lat' dir='ltr'><strong>subductus</strong></span> <span class='ocrx_word' id='word_1_745' title='bbox 704 5471 849 5518; x_wconf 80' lang='lat' dir='ltr'><strong>csset</strong></span> <span class='ocrx_word' id='word_1_746' title='bbox 886 5506 901 5529; x_wconf 92' lang='lat'><strong>,</strong></span> <span class='ocrx_word' id='word_1_747' title='bbox 934 5462 1236 5517; x_wconf 85' lang='lat' dir='ltr'><strong>Antonium</strong></span> <span class='ocrx_word' id='word_1_748' title='bbox 1271 5478 1423 5530; x_wconf 85' lang='lat' dir='ltr'><strong>vero,</strong></span> <span class='ocrx_word' id='word_1_749' title='bbox 1452 5466 1599 5535; x_wconf 87' lang='lat' dir='ltr'><strong>quod</strong></span> <span class='ocrx_word' id='word_1_750' title='bbox 1640 5482 1765 5519; x_wconf 88' lang='lat' dir='ltr'><strong>ettm</strong></span> <span class='ocrx_word' id='word_1_751' title='bbox 1792 5467 1937 5526; x_wconf 85' lang='lat' dir='ltr'><strong>Deus</strong></span> 
     </span>
    </p>
   </div>
   <div class='ocr_carea' id='block_1_105' title="bbox 366 5555 1936 5626">
    <p class='ocr_par' dir='ltr' id='par_1_105' title="bbox 366 5555 1936 5626">
     <span class='ocr_line' id='line_1_105' title="bbox 366 5555 1936 5626; baseline 0.004 -18"><span class='ocrx_word' id='word_1_752' title='bbox 366 5555 581 5608; x_wconf 77' lang='lat' dir='ltr'><strong>visione</strong></span> <span class='ocrx_word' id='word_1_753' title='bbox 630 5570 693 5609; x_wconf 89' lang='lat' dir='ltr'><strong>ea</strong></span> <span class='ocrx_word' id='word_1_754' title='bbox 748 5556 1204 5625; x_wconf 74' lang='lat' dir='ltr'><strong>dignatusesset</strong></span> <span class='ocrx_word' id='word_1_755' title='bbox 1259 5575 1272 5610; x_wconf 93' lang='lat'>:</span> <span class='ocrx_word' id='word_1_756' title='bbox 1330 5573 1456 5611; x_wconf 90' lang='lat' dir='ltr'><strong>cum</strong></span> <span class='ocrx_word' id='word_1_757' title='bbox 1508 5558 1731 5626; x_wconf 88' lang='lat' dir='ltr'><strong>quidem</strong></span> <span class='ocrx_word' id='word_1_758' title='bbox 1793 5560 1936 5614; x_wconf 86' lang='lat' dir='ltr'><strong>inter</strong></span> 
     </span>
    </p>
   </div>
   <div class='ocr_carea' id='block_1_106' title="bbox 374 5646 1934 5718">
    <p class='ocr_par' dir='ltr' id='par_1_106' title="bbox 374 5646 1934 5718">
     <span class='ocr_line' id='line_1_106' title="bbox 374 5646 1934 5718; baseline 0.001 -17"><span class='ocrx_word' id='word_1_759' title='bbox 374 5646 662 5714; x_wconf 86' lang='lat' dir='ltr'><strong>utriusque</strong></span> <span class='ocrx_word' id='word_1_760' title='bbox 690 5646 1042 5703; x_wconf 82' lang='lat' dir='ltr'><strong>habitationis</strong></span> <span class='ocrx_word' id='word_1_761' title='bbox 1068 5648 1273 5710; x_wconf 84' lang='lat' dir='ltr'><strong>locum,</strong></span> <span class='ocrx_word' id='word_1_762' title='bbox 1298 5665 1553 5718; x_wconf 76' lang='lat' dir='ltr'><strong>magnum</strong></span> <span class='ocrx_word' id='word_1_763' title='bbox 1589 5650 1934 5704; x_wconf 89' lang='lat' dir='ltr'><strong>intervallum</strong></span> 
     </span>
    </p>
   </div>
   <div class='ocr_carea' id='block_1_107' title="bbox 368 5736 1936 5810">
    <p class='ocr_par' dir='ltr' id='par_1_107' title="bbox 368 5736 1936 5810">
     <span class='ocr_line' id='line_1_107' title="bbox 368 5736 1936 5810; baseline 0.004 -21"><span class='ocrx_word' id='word_1_764' title='bbox 368 5746 540 5806; x_wconf 84' lang='lat' dir='ltr'><strong>atque</strong></span> <span class='ocrx_word' id='word_1_765' title='bbox 566 5736 781 5790; x_wconf 89' lang='lat' dir='ltr'><strong>dierum</strong></span> <span class='ocrx_word' id='word_1_766' title='bbox 808 5737 1014 5805; x_wconf 87' lang='lat' dir='ltr'><strong>aliquot</strong></span> <span class='ocrx_word' id='word_1_767' title='bbox 1053 5739 1418 5794; x_wconf 86' lang='lat' dir='ltr'><strong>intercederet</strong></span> <span class='ocrx_word' id='word_1_768' title='bbox 1453 5750 1577 5795; x_wconf 82' lang='lat' dir='ltr'><strong>llCl‘.</strong></span> <span class='ocrx_word' id='word_1_769' title='bbox 1613 5742 1789 5810; x_wconf 77' lang='lat' dir='ltr'><strong>Atque</strong></span> <span class='ocrx_word' id='word_1_770' title='bbox 1822 5742 1936 5797; x_wconf 70' lang='lat' dir='ltr'><strong>lucc</strong></span> 
     </span>
    </p>
   </div>
   <div class='ocr_carea' id='block_1_108' title="bbox 2040 4542 3606 4615">
    <p class='ocr_par' dir='ltr' id='par_1_108' title="bbox 2040 4542 3606 4615">
     <span class='ocr_line' id='line_1_108' title="bbox 2040 4542 3606 4615; baseline -0.001 -19"><span class='ocrx_word' id='word_1_771' title='bbox 2040 4542 2313 4613; x_wconf 85' lang='grc' dir='ltr'>καρισμοῦ</span> <span class='ocrx_word' id='word_1_772' title='bbox 2338 4561 2353 4576; x_wconf 78' lang='grc' dir='ltr'><strong><em>ο</em></strong></span> <span class='ocrx_word' id='word_1_773' title='bbox 2386 4544 2477 4596; x_wconf 82' lang='grc' dir='ltr'>τὸν</span> <span class='ocrx_word' id='word_1_774' title='bbox 2509 4544 2609 4614; x_wconf 79' lang='grc' dir='ltr'>μὲν</span> <span class='ocrx_word' id='word_1_775' title='bbox 2643 4543 2819 4607; x_wconf 73' lang='grc' dir='ltr'>οὕτως</span> <span class='ocrx_word' id='word_1_776' title='bbox 2855 4545 2967 4598; x_wconf 88' lang='grc' dir='ltr'><strong>τῶν</strong></span> <span class='ocrx_word' id='word_1_777' title='bbox 3008 4545 3297 4615; x_wconf 85' lang='grc' dir='ltr'>παρόντων</span> <span class='ocrx_word' id='word_1_778' title='bbox 3353 4544 3606 4596; x_wconf 79' lang='grc' dir='ltr'>ἀπαλλα·</span> 
     </span>
    </p>
   </div>
   <div class='ocr_carea' id='block_1_109' title="bbox 2036 4633 3607 4706">
    <p class='ocr_par' dir='ltr' id='par_1_109' title="bbox 2036 4633 3607 4706">
     <span class='ocr_line' id='line_1_109' title="bbox 2036 4633 3607 4706; baseline 0.001 -21"><span class='ocrx_word' id='word_1_779' title='bbox 2036 4633 2225 4701; x_wconf 83' lang='grc' dir='ltr'>γέντα,</span> <span class='ocrx_word' id='word_1_780' title='bbox 2257 4634 2547 4700; x_wconf 82' lang='grc' dir='ltr'>’Δντώνιος</span> <span class='ocrx_word' id='word_1_781' title='bbox 2591 4635 2637 4688; x_wconf 82' lang='grc' dir='ltr'>δ’</span> <span class='ocrx_word' id='word_1_782' title='bbox 2681 4637 2763 4688; x_wconf 82' lang='grc' dir='ltr'>ὅτι</span> <span class='ocrx_word' id='word_1_783' title='bbox 2796 4636 3069 4706; x_wconf 84' lang='grc' dir='ltr'>τοσαύτης</span> <span class='ocrx_word' id='word_1_784' title='bbox 3109 4635 3283 4705; x_wconf 75' lang='grc' dir='ltr'>ὂψεως</span> <span class='ocrx_word' id='word_1_785' title='bbox 3306 4635 3508 4704; x_wconf 76' lang='grc' dir='ltr'>ἠξίωτο</span> <span class='ocrx_word' id='word_1_786' title='bbox 3543 4638 3607 4687; x_wconf 83' lang='grc' dir='ltr'>ἐκ</span> 
     </span>
    </p>
   </div>
   <div class='ocr_carea' id='block_1_110' title="bbox 2035 4724 3607 4799">
    <p class='ocr_par' dir='ltr' id='par_1_110' title="bbox 2035 4724 3607 4799">
     <span class='ocr_line' id='line_1_110' title="bbox 2035 4724 3607 4799; baseline -0.001 -21"><span class='ocrx_word' id='word_1_787' title='bbox 2035 4724 2209 4778; x_wconf 74' lang='grc' dir='ltr'>Θεοῦο</span> <span class='ocrx_word' id='word_1_788' title='bbox 2255 4725 2455 4778; x_wconf 88' lang='grc' dir='ltr'>πολλοῦ</span> <span class='ocrx_word' id='word_1_789' title='bbox 2483 4726 2856 4797; x_wconf 78' lang='grc' dir='ltr'>διαστήματος</span> <span class='ocrx_word' id='word_1_790' title='bbox 2910 4726 3138 4799; x_wconf 74' lang='grc' dir='ltr'>ἡμερῶν</span> <span class='ocrx_word' id='word_1_791' title='bbox 3184 4727 3305 4781; x_wconf 82' lang='grc' dir='ltr'>ὁδοῦ</span> <span class='ocrx_word' id='word_1_792' title='bbox 3344 4728 3422 4798; x_wconf 84' lang='grc' dir='ltr'>τῷ</span> <span class='ocrx_word' id='word_1_793' title='bbox 3456 4728 3607 4797; x_wconf 82' lang='grc' dir='ltr'>μέσῳ</span> 
     </span>
    </p>
   </div>
   <div class='ocr_carea' id='block_1_111' title="bbox 2036 4814 3609 4887">
    <p class='ocr_par' dir='ltr' id='par_1_111' title="bbox 2036 4814 3609 4887">
     <span class='ocr_line' id='line_1_111' title="bbox 2036 4814 3609 4887; baseline -0.001 -19"><span class='ocrx_word' id='word_1_794' title='bbox 2036 4814 2187 4883; x_wconf 84' lang='grc' dir='ltr'>τόπῳ</span> <span class='ocrx_word' id='word_1_795' title='bbox 2214 4815 2316 4883; x_wconf 88' lang='grc' dir='ltr'><strong>τῆς</strong></span> <span class='ocrx_word' id='word_1_796' title='bbox 2378 4814 2665 4887; x_wconf 83' lang='grc' dir='ltr'>διατριϐῆς</span> <span class='ocrx_word' id='word_1_797' title='bbox 2705 4816 2985 4886; x_wconf 75' lang='grc' dir='ltr'>ἑκατέρων</span> <span class='ocrx_word' id='word_1_798' title='bbox 3022 4816 3197 4881; x_wconf 77' lang='grc' dir='ltr'>ὄντος.</span> <span class='ocrx_word' id='word_1_799' title='bbox 3264 4818 3375 4869; x_wconf 65' lang='grc' dir='ltr'><strong>Καὶ</strong></span> <span class='ocrx_word' id='word_1_800' title='bbox 3400 4822 3469 4870; x_wconf 86' lang='grc' dir='ltr'><strong>τά</strong></span> <span class='ocrx_word' id='word_1_801' title='bbox 3511 4819 3609 4885; x_wconf 80' lang='grc' dir='ltr'>μὲν</span> 
     </span>
    </p>
   </div>
   <div class='ocr_carea' id='block_1_112' title="bbox 2037 4903 3610 4981">
    <p class='ocr_par' dir='ltr' id='par_1_112' title="bbox 2037 4903 3610 4981">
     <span class='ocr_line' id='line_1_112' title="bbox 2037 4903 3610 4981; baseline 0.002 -22"><span class='ocrx_word' id='word_1_802' title='bbox 2037 4909 2170 4977; x_wconf 61' lang='grc' dir='ltr'><strong>περὶ⁸</strong></span> <span class='ocrx_word' id='word_1_803' title='bbox 2199 4906 2492 4961; x_wconf 78' lang='grc' dir='ltr'>’Δντωνίου</span> <span class='ocrx_word' id='word_1_804' title='bbox 2520 4909 2614 4961; x_wconf 74' lang='grc' dir='ltr'>καὶ</span> <span class='ocrx_word' id='word_1_805' title='bbox 2644 4907 2850 4978; x_wconf 82' lang='grc' dir='ltr'>’Δμοῦν</span> <span class='ocrx_word' id='word_1_806' title='bbox 2884 4903 2986 4962; x_wconf 83' lang='grc' dir='ltr'>ὦδε</span> <span class='ocrx_word' id='word_1_807' title='bbox 3020 4909 3321 4981; x_wconf 72' lang='grc' dir='ltr'>ἱστόρηται.</span> <span class='ocrx_word' id='word_1_808' title='bbox 3360 4910 3518 4962; x_wconf 75' lang='grc' dir='ltr'>Κατὰ</span> <span class='ocrx_word' id='word_1_809' title='bbox 3552 4911 3610 4962; x_wconf 78' lang='grc' dir='ltr'>δὲ</span> 
     </span>
    </p>
   </div>
   <div class='ocr_carea' id='block_1_113' title="bbox 2037 5000 3609 5073">
    <p class='ocr_par' dir='ltr' id='par_1_113' title="bbox 2037 5000 3609 5073">
     <span class='ocr_line' id='line_1_113' title="bbox 2037 5000 3609 5073; baseline -0.001 -19"><span class='ocrx_word' id='word_1_810' title='bbox 2037 5001 2128 5054; x_wconf 79' lang='grc' dir='ltr'>τὸν</span> <span class='ocrx_word' id='word_1_811' title='bbox 2154 5002 2318 5054; x_wconf 82' lang='grc' dir='ltr'>αὑτὸν</span> <span class='ocrx_word' id='word_1_812' title='bbox 2350 5003 2563 5073; x_wconf 85' lang='grc' dir='ltr'>χρόνον,</span> <span class='ocrx_word' id='word_1_813' title='bbox 2596 5002 2688 5056; x_wconf 78' lang='grc' dir='ltr'><strong>καὶ</strong></span> <span class='ocrx_word' id='word_1_814' title='bbox 2717 5001 2819 5056; x_wconf 74' lang='grc' dir='ltr'><strong>ἀνά</strong></span> <span class='ocrx_word' id='word_1_815' title='bbox 2847 5001 2940 5053; x_wconf 79' lang='grc' dir='ltr'>τὸν</span> <span class='ocrx_word' id='word_1_816' title='bbox 2973 5002 3074 5072; x_wconf 88' lang='grc' dir='ltr'><strong>τῆς</strong></span> <span class='ocrx_word' id='word_1_817' title='bbox 3112 5001 3369 5064; x_wconf 89' lang='grc' dir='ltr'>Βιθυνίας</span> <span class='ocrx_word' id='word_1_818' title='bbox 3398 5000 3609 5070; x_wconf 82' lang='grc' dir='ltr'>Ὀλυμ-</span> 
     </span>
    </p>
   </div>
   <div class='ocr_carea' id='block_1_114' title="bbox 2039 5090 3609 5163">
    <p class='ocr_par' dir='ltr' id='par_1_114' title="bbox 2039 5090 3609 5163">
     <span class='ocr_line' id='line_1_114' title="bbox 2039 5090 3609 5163; baseline 0.001 -20"><span class='ocrx_word' id='word_1_819' title='bbox 2039 5106 2142 5143; x_wconf 88' lang='grc' dir='ltr'><strong>πον</strong></span> <span class='ocrx_word' id='word_1_820' title='bbox 2178 5090 2508 5160; x_wconf 78' lang='grc' dir='ltr'>Εὐτυχιανὸς</span> <span class='ocrx_word' id='word_1_821' title='bbox 2570 5092 2778 5154; x_wconf 77' lang='grc' dir='ltr'>ἐκεῖνος</span> <span class='ocrx_word' id='word_1_822' title='bbox 2812 5092 2907 5151; x_wconf 80' lang='grc' dir='ltr'><strong>τάς</strong></span> <span class='ocrx_word' id='word_1_823' title='bbox 2940 5091 3230 5163; x_wconf 82' lang='grc' dir='ltr'>διατριϐάς</span> <span class='ocrx_word' id='word_1_824' title='bbox 3282 5091 3609 5161; x_wconf 77' lang='grc' dir='ltr'>ποιούμενος</span> 
     </span>
    </p>
   </div>
   <div class='ocr_carea' id='block_1_115' title="bbox 2039 5178 3610 5253">
    <p class='ocr_par' dir='ltr' id='par_1_115' title="bbox 2039 5178 3610 5253">
     <span class='ocr_line' id='line_1_115' title="bbox 2039 5178 3610 5253; baseline 0.001 -20"><span class='ocrx_word' id='word_1_825' title='bbox 2039 5181 2349 5250; x_wconf 79' lang='grc' dir='ltr'>φιλοσοφῶν</span> <span class='ocrx_word' id='word_1_826' title='bbox 2402 5178 2501 5252; x_wconf 72' lang='grc' dir='ltr'>ῆνο</span> <span class='ocrx_word' id='word_1_827' title='bbox 2542 5182 2693 5245; x_wconf 82' lang='grc' dir='ltr'>θείας</span> <span class='ocrx_word' id='word_1_828' title='bbox 2740 5183 2849 5253; x_wconf 85' lang='grc' dir='ltr'><strong>γάρ</strong></span> <span class='ocrx_word' id='word_1_829' title='bbox 2901 5183 3126 5252; x_wconf 89' lang='grc' dir='ltr'>χάριτος</span> <span class='ocrx_word' id='word_1_830' title='bbox 3176 5185 3241 5235; x_wconf 79' lang='grc' dir='ltr'>ὲκ</span> <span class='ocrx_word' id='word_1_831' title='bbox 3274 5185 3371 5253; x_wconf 85' lang='grc' dir='ltr'><strong>τῆς</strong></span> <span class='ocrx_word' id='word_1_832' title='bbox 3406 5183 3610 5252; x_wconf 79' lang='grc' dir='ltr'>ἀρετῆς</span> 
     </span>
    </p>
   </div>
   <div class='ocr_carea' id='block_1_116' title="bbox 2041 5274 3613 5346">
    <p class='ocr_par' dir='ltr' id='par_1_116' title="bbox 2041 5274 3613 5346">
     <span class='ocr_line' id='line_1_116' title="bbox 2041 5274 3613 5346; baseline 0 -20"><span class='ocrx_word' id='word_1_833' title='bbox 2041 5274 2354 5344; x_wconf 88' lang='grc' dir='ltr'>μετασχὼν,</span> <span class='ocrx_word' id='word_1_834' title='bbox 2374 5274 2452 5337; x_wconf 85' lang='grc' dir='ltr'>ὡς</span> <span class='ocrx_word' id='word_1_835' title='bbox 2484 5276 2582 5327; x_wconf 73' lang='grc' dir='ltr'>καὶ</span> <span class='ocrx_word' id='word_1_836' title='bbox 2611 5275 2912 5344; x_wconf 87' lang='grc' dir='ltr'>θαυμάτων</span> <span class='ocrx_word' id='word_1_837' title='bbox 2942 5276 3040 5329; x_wconf 72' lang='grc' dir='ltr'>καὶ</span> <span class='ocrx_word' id='word_1_838' title='bbox 3063 5275 3314 5346; x_wconf 82' lang='grc' dir='ltr'>τεράτων</span> <span class='ocrx_word' id='word_1_839' title='bbox 3338 5278 3613 5329; x_wconf 82' lang='grc' dir='ltr'>πλείστων</span> 
     </span>
    </p>
   </div>
   <div class='ocr_carea' id='block_1_117' title="bbox 2038 5366 3611 5435">
    <p class='ocr_par' dir='ltr' id='par_1_117' title="bbox 2038 5366 3611 5435">
     <span class='ocr_line' id='line_1_117' title="bbox 2038 5366 3611 5435; baseline -0.003 -15"><span class='ocrx_word' id='word_1_840' title='bbox 2038 5368 2344 5434; x_wconf 74' lang='grc' dir='ltr'>αὐτουργὸν</span> <span class='ocrx_word' id='word_1_841' title='bbox 2408 5368 2666 5435; x_wconf 74' lang='grc' dir='ltr'>γενέσθαι</span> <span class='ocrx_word' id='word_1_842' title='bbox 2719 5367 2950 5434; x_wconf 85' lang='grc' dir='ltr'>πολλῶν,</span> <span class='ocrx_word' id='word_1_843' title='bbox 3009 5368 3199 5431; x_wconf 74' lang='grc' dir='ltr'>νόσους</span> <span class='ocrx_word' id='word_1_844' title='bbox 3231 5366 3341 5419; x_wconf 84' lang='grc' dir='ltr'><strong>τῶν</strong></span> <span class='ocrx_word' id='word_1_845' title='bbox 3373 5368 3611 5419; x_wconf 83' lang='grc' dir='ltr'>ἀνιάτων</span> 
     </span>
    </p>
   </div>
   <div class='ocr_carea' id='block_1_118' title="bbox 2042 5459 3608 5531">
    <p class='ocr_par' dir='ltr' id='par_1_118' title="bbox 2042 5459 3608 5531">
     <span class='ocr_line' id='line_1_118' title="bbox 2042 5459 3608 5531; baseline 0 -19"><span class='ocrx_word' id='word_1_846' title='bbox 2042 5461 2179 5514; x_wconf 81' lang='grc' dir='ltr'>ἰᾶτο.</span> <span class='ocrx_word' id='word_1_847' title='bbox 2218 5460 2295 5513; x_wconf 83' lang='grc' dir='ltr'><strong>Δι’</strong></span> <span class='ocrx_word' id='word_1_848' title='bbox 2320 5459 2356 5514; x_wconf 82' lang='grc' dir='ltr'>ἃ</span> <span class='ocrx_word' id='word_1_849' title='bbox 2380 5460 2473 5513; x_wconf 72' lang='grc' dir='ltr'>καὶ</span> <span class='ocrx_word' id='word_1_850' title='bbox 2504 5460 2907 5531; x_wconf 81' lang='grc' dir='ltr'>Κωνσταντίνῳ</span> <span class='ocrx_word' id='word_1_851' title='bbox 2941 5461 3153 5531; x_wconf 86' lang='grc' dir='ltr'>βασιλεῖ</span> <span class='ocrx_word' id='word_1_852' title='bbox 3187 5461 3390 5529; x_wconf 79' lang='grc' dir='ltr'>σπουδὴ</span> <span class='ocrx_word' id='word_1_853' title='bbox 3419 5464 3608 5529; x_wconf 60' lang='grc' dir='ltr'>γέγονε</span> 
     </span>
    </p>
   </div>
   <div class='ocr_carea' id='block_1_119' title="bbox 2041 5552 3609 5623">
    <p class='ocr_par' dir='ltr' id='par_1_119' title="bbox 2041 5552 3609 5623">
     <span class='ocr_line' id='line_1_119' title="bbox 2041 5552 3609 5623; baseline 0.001 -21"><span class='ocrx_word' id='word_1_854' title='bbox 2041 5552 2196 5619; x_wconf 73' lang='grc' dir='ltr'>φίλον</span> <span class='ocrx_word' id='word_1_855' title='bbox 2237 5555 2445 5604; x_wconf 81' lang='grc' dir='ltr'>ἐκεῖνον</span> <span class='ocrx_word' id='word_1_856' title='bbox 2484 5552 2576 5605; x_wconf 77' lang='grc' dir='ltr'>καὶ</span> <span class='ocrx_word' id='word_1_857' title='bbox 2637 5552 2843 5623; x_wconf 75' lang='grc' dir='ltr'>συνήθη</span> <span class='ocrx_word' id='word_1_858' title='bbox 2896 5554 3091 5604; x_wconf 85' lang='grc' dir='ltr'>ποιεῖν.</span> <span class='ocrx_word' id='word_1_859' title='bbox 3154 5553 3294 5604; x_wconf 80' lang='grc' dir='ltr'>Κατ’</span> <span class='ocrx_word' id='word_1_860' title='bbox 3342 5554 3519 5603; x_wconf 73' lang='grc' dir='ltr'>ἐκεῖνο</span> <span class='ocrx_word' id='word_1_861' title='bbox 3554 5554 3609 5604; x_wconf 77' lang='grc' dir='ltr'>δὲ</span> 
     </span>
    </p>
   </div>
   <div class='ocr_carea' id='block_1_120' title="bbox 2042 5645 3611 5716">
    <p class='ocr_par' dir='ltr' id='par_1_120' title="bbox 2042 5645 3611 5716">
     <span class='ocr_line' id='line_1_120' title="bbox 2042 5645 3611 5716; baseline -0.002 -18"><span class='ocrx_word' id='word_1_862' title='bbox 2042 5649 2235 5716; x_wconf 71' lang='grc' dir='ltr'>καιροῦ</span> <span class='ocrx_word' id='word_1_863' title='bbox 2263 5648 2371 5698; x_wconf 82' lang='grc' dir='ltr'><strong>τῶν</strong></span> <span class='ocrx_word' id='word_1_864' title='bbox 2399 5663 2482 5706; x_wconf 86' lang='grc' dir='ltr'><strong>τις</strong></span> <span class='ocrx_word' id='word_1_865' title='bbox 2516 5645 2812 5714; x_wconf 78' lang='grc' dir='ltr'>βασιλικῶν</span> <span class='ocrx_word' id='word_1_866' title='bbox 2834 5647 3172 5716; x_wconf 65' lang='grc' dir='ltr'>δορυφόρων,</span> <span class='ocrx_word' id='word_1_867' title='bbox 3202 5646 3439 5713; x_wconf 69' lang='grc' dir='ltr'>ὑποψίαν</span> <span class='ocrx_word' id='word_1_868' title='bbox 3467 5648 3611 5714; x_wconf 67' lang='grc' dir='ltr'>σχὼν</span> 
     </span>
    </p>
   </div>
   <div class='ocr_carea' id='block_1_121' title="bbox 2039 5739 3612 5808">
    <p class='ocr_par' dir='ltr' id='par_1_121' title="bbox 2039 5739 3612 5808">
     <span class='ocr_line' id='line_1_121' title="bbox 2039 5739 3612 5808; baseline -0.001 -17"><span class='ocrx_word' id='word_1_869' title='bbox 2039 5740 2109 5800; x_wconf 61' lang='lat' dir='ltr'><strong>Lb;</strong></span> <span class='ocrx_word' id='word_1_870' title='bbox 2142 5741 2228 5805; x_wconf 75' lang='grc' dir='ltr'>εἴη</span> <span class='ocrx_word' id='word_1_871' title='bbox 2273 5741 2571 5806; x_wconf 70' lang='grc' dir='ltr'>τυραννικὰ</span> <span class='ocrx_word' id='word_1_872' title='bbox 2628 5740 2863 5808; x_wconf 64' lang='grc' dir='ltr'>φρονῶί,</span> <span class='ocrx_word' id='word_1_873' title='bbox 2916 5743 3041 5806; x_wconf 76' lang='grc' dir='ltr'>περὲ</span> <span class='ocrx_word' id='word_1_874' title='bbox 3076 5755 3179 5790; x_wconf 85' lang='grc' dir='ltr'><strong>που</strong></span> <span class='ocrx_word' id='word_1_875' title='bbox 3206 5742 3297 5789; x_wconf 66' lang='grc' dir='ltr'>τὸν</span> <span class='ocrx_word' id='word_1_876' title='bbox 3327 5739 3612 5807; x_wconf 67' lang='grc' dir='ltr'>Ὄλυμπον</span> 
     </span>
    </p>
   </div>
  </div>
