3988 6190
286 264 385 327 161

1223 253 1820 317 ΕίίίὶιΕδιΑΞΤΙΟᾸΕ
1859 252 2250 313 HlSTORl/E
2290 251 2438 313 LIB.
2477 253 2648 316 VIII.

3430 248 3534 314 162

276 378 668 449 κρυπτόμενος
700 376 798 428 καὶ
823 370 1106 435 ἑαλωκὼς,
1136 371 1501 440 δεσμωτηρίῳ
1537 367 1856 435 καθεῖρκτο.

1978 367 2185 435 ιυίιιοηι
2221 368 2289 423 de
2315 368 2557 423 Antonio
2585 379 2643 422 et
2668 370 2906 431 Amoun,
2933 368 3210 423 memoriae
3237 381 3365 422 sunt
3400 386 3529 438 pro-

287 469 453 522 Ἐπεὶ
478 468 537 520 δὲ
568 468 797 535 πικραῖς
820 465 1080 534 βασάνοις
1124 464 1232 517 ὁ.νᾶ
1261 466 1360 532 τὴν
1394 461 1620 530 εἱρκτὴν
1652 458 1855 529 εἴχετο,

281 562 336 612 οἱ
375 561 528 626 γένει
554 559 931 627 προσήκοντες
958 554 1280 625 Εὐτυχιανῷ
1310 553 1625 620 προσιόντες
1648 551 1859 604 ἐδέοντο

286 649 623 717 πρεσϐεύειν
689 650 749 705 ἐς
788 646 1016 717 βασιλέα
1075 647 1217 716 ὑπὲρ
1256 645 1421 699 αὐτοῦ
1444 659 1459 675 ο
1494 642 1588 696 καί
1650 658 1774 695 τινα
1802 640 1860 694 δὲ

280 744 466 795 ποιεῖν
532 741 818 808 πρόνοιαν,
877 739 1022 791 ὥστε
1073 737 1184 791 τῶν
1241 737 1458 806 δεσμῶν
1514 737 1743 799 ἀνεῖναι,
1786 733 1861 804 μὴ

276 835 468 904 φθάσῃ
504 834 613 903 πρὸ
634 832 734 900 τῆς
774 831 1077 902 πρεσϐείας
1106 832 1182 898 τῷ
1207 828 1426 899 χαλεπῷ
1464 827 1573 881 τῶν
1607 826 1860 897 βασάνων

282 925 633 994 διαφθαρεὶς,
661 927 761 977 καὶ
787 923 1037 993 πέμψας,
1068 924 1196 986 τοὺς
1228 921 1649 992 δεσμοφύλακας
1686 920 1863 972 ὲδείτο

276 1015 390 1064 τῶν
422 1012 645 1080 δεσμῶν
670 1013 874 1064 ἀνεῖναι
895 1012 1078 1064 αὐτόν.
1115 1009 1203 1075 ’ος
1231 1009 1276 1063 δ’
1306 1005 1471 1080 ἦττον
1493 1004 1637 1072 ἦσαν
1670 1006 1861 1075 πειθή-

281 1122 415 1166 νιοι,
471 1105 636 1165 αὐτὸς
673 1104 768 1156 ἐπὶ
820 1105 882 1155 τὸ
943 1102 1320 1173 δεσμωτήριον
1374 1103 1523 1172 ἥκει.
1584 1099 1728 1153 Δίδὲ
1762 1099 1861 1168 τῆς

280 1195 535 1263 φρουρᾶς
590 1193 761 1246 πύλαι
801 1193 1126 1264 αὐτόματοι,
1157 1193 1267 1244 τῶν
1322 1192 1592 1261 κλείθρων
1633 1191 1864 1261 διαῤῥα-

280 1288 493 1352 τέντων
526 1287 593 1354 τῇ
625 1284 720 1336 τοῦ
756 1284 952 1353 ἀνδρὸς
975 1283 1274 1353 παρουσίᾳ,
1330 1282 1530 1335 θᾶττον
1563 1282 1862 1335 ἀνεπετάν-

283 1389 468 1426 νυντο.
497 1374 610 1424 Καὶ
644 1375 701 1424 αἱ
735 1375 800 1425 ἐκ
834 1372 1060 1444 σιδήρου
1090 1371 1249 1424 πέδαι
1278 1372 1373 1424 καὶ
1413 1370 1484 1422 τά
1515 1370 1692 1432 κλοιά,
1727 1371 1862 1421 ἁπο-

288 1463 553 1517 >είποντα
581 1464 671 1517 τὸν
697 1464 1005 1535 δεσμώτην,
1030 1464 1238 1533 διέρρει
1263 1463 1543 1532 ψοφοῦντα
1572 1462 1666 1514 καὶ
1692 1462 1865 1515 ἁπαν-

286 1556 462 1625 ταχοῦ
502 1555 932 1626 σκεδαννύμενα.
991 1553 1125 1609 Εἶτα
1156 1557 1292 1624 πρὶς
1327 1555 1558 1626 βασιλέα
1587 1556 1744 1626 ἥκειν
1785 1554 1862 1624 τῷ

280 1649 571 1716 Βυζαντίῳ
626 1647 980 1718 διατρίϐοντα
1029 1651 1360 1717 τηνικαῦτα,
1415 1653 1511 1700 καὶ
1568 1647 1726 1701 λῦσαι
1785 1644 1861 1714 τῷ

279 1739 565 1807 καταδίκῳ
593 1738 694 1808 τὴν
728 1740 999 1809 τιμωρίαν
1028 1738 1214 1802 εὐθύς.
1242 1740 1512 1809 Δυσχερὲς
1539 1741 1649 1809 γὰρ
1669 1736 1865 1789 οὐκοῦν

278 1824 351 1896 ἦν
393 1829 794 1895 Κωνσταντίνῳ
824 1830 851 1880 ὅ
885 1846 935 1881 τι
961 1830 1027 1882 ἂν
1057 1831 1264 1892 ἐκεῖνος
1284 1831 1487 1900 αίτοίη.
1520 1828 1734 1897 Σφόδρα
1756 1830 1863 1897 γὰρ

279 1922 359 1991 τῷ
388 1920 487 1973 τοῦ
513 1922 706 1991 ἀνδρὸς
728 1924 893 1991 ἔρωτι
925 1920 1234 1992 ὲντετηκὼς
1263 1917 1354 1992 ἦν,
1391 1922 1487 1974 καὶ
1507 1921 1597 1974 διὰ
1621 1918 1866 1991 μεγάλης

281 2017 527 2068 ἐποιεῖτο
560 2013 752 2083 τιμῆς.
787 2015 960 2082 Λόγος
992 2013 1036 2067 δ’
1064 2014 1179 2084 ἔχει
1210 2015 1265 2077 ἐς
1287 2014 1513 2082 ὕστερον
1537 2012 1866 2083 Εύτυχιανὺν

282 2107 353 2158 τὰ
385 2106 648 2159 Ναυάτου
712 2108 1006 2176 φρονῆσαι,
1061 2108 1158 2160 καὶ
1196 2106 1298 2176 τῆς
1361 2105 1591 2167 ἐνούσης
1627 2105 1867 2175 ξχάριτος

283 2198 622 2266 ἁμοιρῆσαι.
688 2197 874 2250 Ταῦτα
910 2197 1009 2267 μὲν
1066 2200 1201 2268 ἡμῖν
1255 2199 1317 2250 ὲκ
1354 2198 1557 2266 μέρους
1607 2196 1867 2266 περὶτῆς

283 2291 574 2352 uolt-rein;
604 2291 844 2361 εἰρήσθω
891 2289 999 2342 τῶν
1031 2290 1308 2360 μοναχῶν,
1369 2292 1461 2343 καὶ
1490 2288 1600 2341 τῶν
1632 2291 1693 2341 ὲν
1726 2288 1864 2356 αὐτῇ

283 2381 779 2447 φιλοσοφησάντων
803 2394 816 2407 ·
874 2372 916 2445 ᾧ
939 2378 995 2431 δὲ
1029 2378 1185 2447 μέλοι
1234 2378 1304 2431 τὰ
1332 2375 1559 2430 τοιαῦτα
1585 2376 1868 2444 διερευνᾶ-

288 2474 437 2534 σῦαι,
482 2471 715 2533 πολλαῖς
774 2471 991 2539 ἐντύχοι
1025 2472 1135 2525 τῶν
1188 2470 1409 2540 βίϐλων,
1443 2470 1732 2534 πλείστους
1759 2470 1868 2524 τῶν

288 2562 549 2631 τηνικάδε
584 2563 680 2614 καὶ
712 2562 948 2631 καθεξῆς
979 2563 1237 2633 ἀκριϐείᾳ
1287 2561 1404 2631 βίου
1440 2561 1868 2631 διαλαμψάντων

286 2657 631 2724 ίστορουσὼν
649 2669 661 2681 ·
688 2656 927 2723 μάλιστα
947 2654 991 2708 δ’
1015 2658 1048 2724 ῆ
1087 2656 1287 2725 Aoum}:
1323 2658 1671 2725 πραιποσίτῳ
1696 2658 1868 2726 ἐγρά-

286 2767 388 2819 φη.
426 2750 640 2819 Πολλὴν
668 2749 725 2801 δὲ
779 2750 875 2802 καὶ
920 2750 1231 2819 Σωφρόνιος
1283 2751 1311 2802 ὁ
1353 2749 1746 2819 Ἱεροσολύμων
1776 2752 1869 2803 καὶ

285 2841 505 2909 ἀγαθὴν
572 2842 817 2910 ἱστορίαν
870 2843 1000 2912 περὶ
1046 2842 1255 2894 τούτων
1292 2843 1429 2910 ἡμῖν
1483 2843 1866 2907 καταλέλοιπε,

285 2934 567 3001 Λειμῶνα
587 2935 683 2987 καὶ
702 2935 857 2987 Νέον
880 2932 1253 3001 παράδεισον
1276 2931 1372 3001 τὴν
1404 2931 1726 3002 συγγραφὴν
1750 2933 1869 2985 ὀνο-

285 3030 501 3097 μάσας.

1962 460 2095 518 dita.
2136 460 2339 516 Eodem
2382 477 2514 515 vero
2557 471 2829 530 tempore,
2866 470 2923 514 et
2968 460 3022 514 in
3067 460 3302 531 Olympo
3348 461 3531 532 Bithy-

1961 550 2067 606 nia:
2094 551 2468 621 Eutychianus
2508 552 2600 608 ille
2632 562 2902 616 versatus,
2935 551 3255 606 monasticae
3288 552 3533 620 philoso-

1961 640 2107 709 phiae
2160 656 2386 710 Operam
2435 643 2680 697 navavit.
2740 641 3055 711 Tantopere
3105 641 3380 710 siquidem
3434 657 3532 709 per

1962 731 2223 786 virtutem
2255 732 2454 786 divina:
2484 736 2673 801 gratiae
2706 734 2980 801 particeps
3009 741 3095 787 est
3127 732 3328 791 factus,
3364 740 3425 785 ut
3455 731 3533 799 (1)

1964 822 2229 878 miracula
2262 831 2319 877 et
2354 823 2600 892 prodigia
2641 824 2875 893 plurima
2907 822 3166 886 ediderit,
3198 822 3534 890 morbosque

1965 915 2296 971 incurabiles
2361 917 2664 971 sanaverit.
2729 918 3080 985 Quapropter
3136 914 3535 968 Constantinus

1963 1022 2184 1077 quoque
2206 1007 2504 1076 imperator
2539 1024 2735 1077 magno
2766 1008 2952 1061 studio
2974 1006 3271 1060 amicitiam
3301 1020 3535 1059 consue-

1963 1105 2321 1173 tudinemque
2348 1105 2470 1173 ejus
2513 1105 2762 1158 ambivit.
2796 1104 3011 1160 Accidit
3042 1114 3182 1163 tum,
3228 1111 3286 1154 nt
3320 1116 3386 1153 ex
3434 1100 3532 1152 im—

1963 1197 2237 1267 peratoris
2290 1197 2548 1251 satellitio
2601 1198 2865 1265 quidam,
2922 1195 3226 1265 tyrannidis
3269 1192 3535 1247 alienat»

1964 1298 2273 1357 suSpectus,
2295 1297 2352 1341 et
2377 1288 2521 1342 circa
2555 1288 2841 1358 Olympum
2880 1289 3211 1351 occultatus,
3235 1294 3535 1354 captusque

1965 1380 2020 1434 in
2050 1379 2264 1434 vincula
2288 1380 2359 1433 sit
2386 1380 2684 1446 conjectus.
2714 1378 2778 1433 Et
2801 1393 2925 1432 cum
2957 1392 3219 1446 perquam
3242 1375 3441 1429 acerbe
3481 1376 3533 1426 in

1963 1489 2210 1529 carcere
2270 1474 2652 1536 cruciaretur,
2700 1472 2996 1543 propinqui
3048 1481 3105 1525 et
3152 1470 3368 1540 cognati
3416 1470 3535 1538 ejus

1964 1562 2368 1633 Eutychianurn
2416 1564 2831 1625 convenientes,
2865 1574 2922 1614 ut
2960 1560 3292 1629 legationem
3345 1573 3534 1627 preca-

1967 1653 2283 1722 tiouemqne
2331 1668 2429 1722 pro
2477 1668 2544 1705 eo
2587 1653 2731 1718 apud
2766 1650 3154 1719 imperatorem
3204 1650 3531 1718 susciperet.

1965 1756 2130 1814 atque
2172 1746 2358 1814 aliquo
2395 1745 2559 1815 modo
2589 1744 2924 1814 provideret.
2962 1752 3023 1797 ut
3056 1743 3262 1796 interea
3299 1741 3535 1794 vim-ulis

1965 1837 2316 1901 liberaretur,
2365 1852 2435 1891 ne
2484 1837 2695 1891 scilicet
2749 1846 2876 1891 ante
2937 1834 3266 1903 legationem
3327 1832 3531 1887 obitam

1967 1928 2267 1984 acerbitate
2293 1939 2690 1983 tormentorum
2724 1928 2995 1992 interiret,
3041 1936 3324 1995 rogarunt.
3358 1926 3535 1992 Atque

1967 2025 2058 2079 ille
2098 2023 2165 2079 ad
2219 2024 2457 2077 carceris
2508 2020 2802 2087 custodes,
2853 2030 2914 2074 ut
2971 2019 3248 2073 hominem
3298 2016 3538 2070 vinculis

1968 2117 2240 2181 levarent,
2290 2125 2501 2170 oratum
2536 2116 2703 2168 misit.
2745 2116 2816 2170 Ut
2855 2127 2984 2167 vero
3022 2112 3097 2166 illi
3133 2110 3384 2182 petitioni
3420 2110 3539 2178 ejus

1973 2224 2084 2261 non
2126 2207 2477 2276 acquievere,
2530 2206 2760 2274 ipsemet
2804 2203 2872 2257 ad
2919 2217 3197 2257 carcerem
3245 2200 3416 2254 venit.
3475 2197 3541 2251 Et

1968 2314 2098 2355 ecce
2143 2299 2406 2352 custodiae
2450 2307 2629 2367 portae
2662 2312 2760 2351 sua
2790 2304 2987 2366 sponte
3029 2294 3288 2350 claustris
3328 2291 3540 2353 fractis,

1969 2392 2037 2445 ad
2078 2392 2181 2443 viri
2231 2392 2577 2460 praesentiam
2630 2392 2814 2442 statim
2851 2400 3099 2457 patuere,
3144 2395 3200 2439 et
3245 2384 3543 2453 compedes

1969 2480 2461 2544 ferreae,uumell:e
2501 2481 2829 2549 vinculaque
2866 2479 3101 2534 cervicis
3144 2477 3388 2532 vinctum
3453 2493 3543 2529 re-

1970 2576 2299 2644 linquentia,
2325 2589 2450 2628 cum
2477 2574 2715 2641 strepitu
2741 2573 2962 2641 delapsa
2985 2582 3131 2632 sunt,
3155 2581 3211 2624 et
3232 2573 3343 2639 huc
3376 2579 3542 2636 atque

1971 2669 2104 2723 illuc
2133 2668 2406 2735 dispersa.
2460 2664 2669 2720 Deinde
2717 2666 2784 2719 ad
2839 2666 3248 2732 imperatorem,
3293 2661 3385 2730 qui
3431 2672 3543 2712 tum

1972 2760 2219 2830 Byzantii
2249 2767 2388 2821 erat,
2424 2757 2719 2826 profectus,
2748 2757 2895 2811 illico
2928 2772 3081 2810 reum
3117 2754 3545 2808 condemnatum

1970 2848 2244 2919 supplicio
2290 2847 2564 2902 liberavit.
2598 2845 2769 2916 628
2805 2843 2950 2898 Nihil
2997 2843 3142 2898 enim
3183 2837 3548 2896 Constantino

1972 2941 2196 2995 dillicile
2234 2922 2340 2993 “aut
2376 2938 2666 2992 molestum
2698 2938 2823 3000 init,
2870 2935 3012 3005 quod
3046 2936 3130 2988 vir
3176 2934 3267 2989 ille
3315 2942 3549 3002 peteret,

1890 3031 1937 3092 C
1970 3049 2134 3104 quem
2188 3033 2548 3086 vehementer
2596 3029 2835 3095 amabat,
2887 3039 2944 3082 et
2987 3043 3185 3098 magno
3240 3028 3294 3080 in
3345 3029 3552 3079 honore

286 3123 549 3177 habebat.
582 3120 748 3176 Fama
776 3129 961 3174 autem
988 3122 1113 3185 lert,
1148 3120 1546 3189 Eutychtannm
1577 3131 1764 3191 postea
1830 3127 1900 3183 ad
1940 3128 2134 3183 Novati
2206 3127 2456 3181 haeresim
2481 3124 2801 3189 descivisse,
2828 3131 2884 3177 et
2907 3138 2969 3177 ea
3000 3138 3121 3192 qua:
3155 3123 3205 3176 ei
3235 3123 3403 3175 inerat
3435 3136 3557 3190 gra-

287 3216 364 3266 tia
393 3212 668 3267 excidisse
701 3214 801 3283 (2).
829 3213 895 3265 Et
926 3212 1041 3267 haec
1087 3213 1334 3280 quidem,
1368 3214 1555 3284 aliqua
1626 3232 1695 3271 ex
1732 3228 1906 3288 parte,
1942 3220 2106 3275 nobis
2142 3219 2210 3273 de
2236 3216 2635 3273 monachorum
2704 3216 2956 3270 instituto
2981 3225 3036 3268 et
3064 3214 3413 3283 philosophia
3443 3213 3555 3265 sint

283 3308 462 3362 dicta.
498 3306 607 3372 Qui
634 3316 819 3361 autem
851 3308 983 3360 talia
1019 3306 1258 3360 scrutari
1292 3307 1458 3372 volet,
1493 3311 1699 3366 multos
1734 3313 1984 3370 inveniet
2043 3313 2237 3378 libros,
2275 3315 2331 3366 in
2401 3311 2606 3381 quibus
2637 3310 2881 3379 plurimi,
2921 3311 3015 3377 qui
3056 3323 3120 3361 ea
3194 3315 3356 3360 artate
3388 3316 3555 3374 atque

281 3403 559 3471 deinceps
604 3401 918 3469 integritate
960 3400 1087 3454 vita
1116 3400 1386 3463 enituere.
1423 3415 1949 3469 commemorantur,
1994 3405 2340 3475 potissimum
2390 3418 2545 3468 vero,
2573 3418 2696 3472 (pne
2766 3401 2834 3455 de
2899 3401 2966 3455 iis
3033 3400 3243 3455 Lausus
3299 3399 3558 3469 prmposi-

282 3510 384 3554 tus
420 3494 779 3564 conscripsit.
822 3492 1047 3548 Multam
1089 3510 1311 3563 quoque
1352 3505 1409 3548 et
1447 3496 1637 3550 utiietn
1679 3498 1747 3553 de
1794 3500 1876 3554 eis
1915 3501 2200 3556 historiam
2236 3500 2579 3568 Sophrouius
2647 3496 3180 3567 liierosolymitanus
3241 3495 3401 3549 nobis
3427 3495 3554 3549 reli-

282 3594 436 3665 quit,
488 3591 642 3645 Preti
675 3596 733 3643 et
778 3587 917 3641 Novi
952 3588 1195 3658 paradisi
1239 3587 1421 3653 titulo,
1462 3590 1672 3659 scripto
1705 3591 1758 3647 ei
1795 3592 1988 3650 indito.

867 3724 1117 3778 ΚΕΦΑΛ.
1171 3723 1307 3777 MB’.

284 3845 433 3914 Περὶ
465 3842 585 3897 τῶν
603 3841 790 3914 ἁγίων
819 3838 918 3914 καί
950 3835 1418 3914 θαυμαζρυργῶγ·
1465 3838 1868 3908 Σπυρίδωνος,

680 3908 985 3964 Νικολάου
1016 3909 1113 3961 καὶ
1148 3910 1501 3975 Παρθενίου.

379 4030 534 4084 Ἐπεὶ
581 4027 637 4080 δὲ
682 4026 775 4078 καὶ
819 4022 1164 4092 Σπυρίδωνος
1207 4023 1304 4077 καὶ
1353 4022 1626 4076 Νικολάου
1672 4024 1870 4095 μνείαν

287 4121 631 4196 ποιήσασθαι
659 4119 999 4187 ὑπεσχόμην,
1022 4114 1259 4169 ἐνταῦθα
1291 4115 1400 4167 δεῖν
1428 4110 1583 4185 οἶμαι
1611 4117 1868 4168 άποτίσαι

284 4220 390 4290 τὴν
424 4215 675 4285 ὀφειλὴν.
715 4212 848 4283 Περὶ
908 4210 1018 4280 γὰρ
1046 4209 1154 4263 τῶν
1195 4208 1372 4262 ἄλλων
1419 4208 1772 4279 όμολογητῶν
1808 4225 1867 4261 τε

287 4312 388 4365 καὶ
436 4307 713 4378 ίεραρχῶν
753 4304 922 4375 μυρία
978 4304 1073 4355 καὶ
1125 4302 1405 4368 παράδοξα
1446 4302 1540 4355 καὶ
1588 4303 1869 4355 παθόντων

288 4405 385 4457 καὶ
420 4399 806 4471 εἰργασμένων
853 4395 1104 4448 διέλαϐον
1147 4395 1357 4447 ἄνωθεν
1382 4410 1395 4425 ο
1435 4395 1529 4448 καὶ
1577 4396 1653 4457 ὡς
1687 4394 1821 4448 πολλ

289 4496 503 4547 τούτων
559 4495 627 4563 τῇ
662 4490 858 4563 ὲνούσῃ
897 4489 1055 4564 ῥώμῃ
1110 4493 1209 4560 τῆς
1244 4491 1467 4558 χάριτος
1499 4490 1592 4543 καὶ
1643 4489 1871 4557 νεκροὺς

292 4586 600 4639 ἀναϐιῶναι
631 4572 1139 4653 παρεσκευάσαντο.
1184 4582 1274 4652 Τῷ
1303 4600 1368 4652 γε
1423 4581 1531 4653 μὴν
1564 4581 1694 4653 θείῳ
1734 4584 1877 4636 Σπυ-

292 4679 483 4750 ρίδωνι
514 4673 755 4741 τοσαύτη
789 4673 883 4727 τοῦ
916 4674 1067 4727 Θείου
1124 4674 1443 4742 Πνεύματος
1490 4675 1651 4745 χάρις
1682 4678 1878 4747 προσέ-

297 4785 437 4837 πτη,
462 4766 540 4829 ὡς
568 4767 762 4836 ἀρκεῖν
813 4762 911 4833 τὴν
948 4766 1116 4817 είσέτι
1157 4766 1350 4835 φήμην
1397 4766 1524 4836 περὶ
1574 4766 1745 4819 αὑτοῦ
1780 4766 1881 4835 τὴν

297 4860 506 4928 ἀρετὴν
533 4857 836 4929 παριστᾷν.
866 4858 1161 4926 Ἀγροικος
1190 4856 1233 4908 δ’
1259 4855 1356 4921 ὣν,
1404 4858 1498 4910 καὶ
1533 4859 1756 4925 γυναικὶ
1788 4874 1883 4909 συ-

298 4951 430 5016 ζῶν,
485 4951 584 5003 καὶ
620 4949 831 5002 παίδων
879 4948 1063 5019 πατὴρ
1115 4949 1380 5016 γεγονὼς,
1424 4950 1484 5001 οὐ
1531 4951 1684 5019 παρὰ
1724 4949 1883 5002 τοῦτο

300 5045 502 5113 χείρων
537 5042 684 5106 τινὸς
730 5042 909 5113 ἐφάνη
964 5042 1096 5112 περὶ
1132 5042 1204 5094 τὰ
1271 5040 1411 5095 θεῖα.
1453 5041 1709 5111 Τοσαύτη
1739 5041 1786 5095 δ’
1813 5037 1884 5112 ἦν

300 5137 524 5203 ὁσιότης
562 5133 750 5198 αὑτοῦ,
784 5134 857 5196 ὼς
892 5133 987 5187 καὶ
1027 5135 1268 5203 ποιμένα
1296 5134 1590 5201 γενέσθαι·
1624 5133 1885 5204 Τριμμυ-

303 5225 429 5289 θοῦς
457 5225 505 5278 δ’
527 5221 596 5296 ἦν
624 5226 652 5278 δ
681 5225 879 5297 κλῆρος
919 5226 1068 5297 αὐτῷ
1091 5241 1107 5257 ο
1139 5226 1174 5296 ἢ
1210 5226 1311 5296 μία
1334 5225 1442 5278 τῶν
1477 5230 1536 5279 ὲν
1567 5225 1780 5297 Κύπρῳ
1818 5228 1884 5297 τῇ

373 5411 455 5477 (l)
490 5409 710 5462 Socrat.
741 5407 840 5461 lib.
880 5423 917 5470 ι,
954 5422 1079 5475 cap.
1118 5408 1207 5461 i5.

376 5478 700 5548 l2):\lpsaw
731 5479 787 5531 δὲ
826 5478 924 5545 τῆς
954 5477 1324 5549 Ναυατιανῶν
1367 5477 1694 5549 πρεσϐεύιιιν
1737 5479 1890 5540 θείας

302 5554 525 5619 χάριτος
554 5547 558 5548 ν
583 5552 824 5617 μεςεῖχε,
871 5559 982 5601 etc.
1034 5547 1256 5602 Sozam.
1293 5547 1457 5612 lib.’t,
1490 5565 1611 5616 cap.
1654 5548 1733 5601 14.
1773 5550 1890 5602 lloc

298 5619 859 5680 est.Noratimwmm
934 5619 1145 5672 ha’resis
1210 5633 1329 5671 cum
1385 5631 1535 5680 esset,
1568 5625 1758 5687 gratia:
1811 5621 1893 5672 di-

300 5694 439 5744 cina:
497 5693 764 5761 particeps
825 5690 943 5757 fuit.
992 5687 1115 5743 Hmc
1160 5692 1324 5744 verba
1379 5691 1520 5759 apud
1575 5690 1792 5743 Sozun.
1838 5693 1891 5743 in

1824 4361 1951 4447 OED

2541 3722 2767 3779 CAPUT
2824 3722 2986 3778 XLII.

1980 3839 2058 3893 De
2076 3839 2275 3894 sanctis
2300 3854 2616 3910 magnorum
2647 3838 3029 3910 miraculorum
3066 3839 3350 3893 editoribus
3374 3882 3388 3904 ,
3419 3839 3558 3910 δρυ-

2302 3908 2505 3973 ridouc,
2551 3908 2771 3961 Nicolao
2811 3918 2857 3960 et
2903 3909 3211 3964 Parthenio.

2048 4022 2508 4092 Quandoquidem
2556 4034 2688 4074 vero
2736 4031 2795 4075 et
2843 4019 3170 4092 Spyridonis
3239 4034 3297 4078 et
3345 4022 3557 4078 Nicolai

1979 4117 2319 4171 mentionem
2367 4129 2454 4168 me
2508 4112 2783 4168 facturum
2832 4129 2953 4168 esse
3014 4116 3221 4183 recepi,
3280 4116 3385 4170 hoc
3435 4118 3558 4170 loco

1978 4208 2140 4262 ﬁdem
2171 4207 2309 4261 mihi
2341 4206 2689 4262 liberandam
2716 4221 2840 4261 esse
2868 4206 3026 4261 duxi.
3064 4207 3139 4260 Dc
3169 4207 3291 4262 aliis
3322 4224 3561 4277 namque

1980 4298 2400 4353 coniessoribus
2447 4308 2508 4354 et
2538 4299 2869 4362 hierarchis,
2901 4298 2995 4366 qui
3041 4298 3474 4353 innumerabilia
3506 4311 3563 4354 et

1985 4392 2216 4446 miriﬁca
2250 4391 2398 4461 passi
2430 4400 2563 4446 sunt
2613 4399 2669 4445 et
2711 4391 2982 4455 fecerunt,
3014 4399 3071 4446 et
3113 4407 3350 4460 quorum
3380 4393 3562 4458 multi,

1983 4500 2107 4554 qua:
2161 4486 2217 4539 in
2270 4486 2354 4540 eis
2394 4485 2521 4549 fuit,
2557 4482 2746 4554 gratiae
2795 4483 2995 4536 robore
3038 4494 3289 4537 mortuos
3342 4497 3564 4552 quoque

1986 4581 2320 4642 excitarunt,
2365 4595 2530 4649 supra
2581 4578 2958 4647 exposuimus.
3014 4576 3120 4645 ipsi
3175 4575 3397 4645 quidem
3433 4576 3566 4630 divo

1988 4671 2287 4743 Spyridoni
2338 4681 2487 4725 tanta
2523 4670 2691 4724 divini
2734 4668 2976 4738 Spiritus
3006 4667 3237 4722 incessit
3265 4668 3464 4738 gratia,
3504 4679 3567 4723 ut

1988 4783 2113 4836 qua:
2155 4767 2223 4822 de
2257 4782 2325 4821 eo
2362 4767 2677 4822 celebratur
2709 4765 2851 4820 fama
2886 4765 2990 4819 hoc
3029 4779 3254 4833 quoque
3293 4775 3567 4832 tempore,

1993 4861 2258 4914 virtutem
2290 4858 2413 4928 ejus
2443 4867 2693 4913 astruere
2738 4856 2934 4927 possit.
2968 4857 3232 4912 Rusticus
3262 4856 3410 4910 cnim
3442 4872 3567 4911 cum

1992 4963 2166 5016 esset,
2199 4951 2600 5020 conjugemque
2647 4949 2699 5003 in
2736 4950 3116 5011 matrimonio.
3160 4959 3212 5004 et
3262 4950 3470 5004 liberos
3504 4965 3570 5003 ex

1993 5061 2057 5099 ea
2089 5055 2379 5112 susceptos
2413 5042 2675 5105 haberet,
2725 5056 2835 5095 non
2881 5054 3175 5112 prepterea
3212 5044 3263 5096 in
3296 5044 3463 5096 rebus
3492 5042 3576 5093 dl-

1994 5135 2141 5189 viuis
2165 5135 2412 5190 deterior
2436 5137 2624 5206 aliquo
2653 5133 2779 5189 fuit.
2811 5133 2985 5188 Tanta
3018 5149 3255 5204 namque
3285 5134 3340 5187 in
3373 5133 3574 5186 sancti-

1998 5236 2109 5281 tate
2138 5235 2277 5291 erat,
2307 5238 2365 5281 ut
2394 5236 2450 5281 et
2477 5244 2507 5283 a
2551 5228 2816 5301 pastorali
2852 5227 2961 5281 vita
2994 5242 3103 5281 non
3137 5226 3458 5279 abhorreret
3494 5222 3571 5289 (5)

1998 5409 2274 5530 Kriucipio
2309 5411 2646 5465 narrationis
2681 5410 2749 5463 de
2788 5408 3133 5478 Eulycliiano
3189 5403 3365 5481 posita
3419 5406 3570 5479 sunt.

2049 5480 2343 5530 iccnlmrus
2376 5495 2558 5530 autem
2590 5482 2643 5530 in
2673 5491 2788 5530 toto
2816 5479 2919 5530 hoc
2949 5492 3118 5530 onere
3147 5475 3466 5528 Novatlants
3491 5477 3570 5523 esi

2049 5480 2343 5547 ieephorus
2376 5495 2558 5533 autem
2590 5482 2643 5534 in
2673 5491 2788 5535 toto
2816 5475 2919 5533 hoc
2949 5492 3118 5547 opere
3147 5475 3466 5528 Novatianis
3491 5477 3577 5523 est

2002 5549 2263 5616 iniquior.

2002 5642 2025 5661 ι.
2075 5622 2149 5683 (2⁷))
2189 5621 2546 5690 Spyrislonem
2577 5622 2906 5677 istum.cum
2930 5618 3228 5690 episcopus
3253 5629 3419 5680 esset,
3445 5633 3579 5671 oves

2002 5707 2118 5760 pus‘t
2136 5708 2228 5745 ere
2271 5689 2387 5746 non
2437 5691 2720 5760 puduisse,
2754 5706 2846 5758 per
2893 5703 3165 5743 summam
3213 5689 3579 5745 humilitatem
