3988 6190
482 266 584 329 ῙθῚ

1699 262 2120 321 NICEPIIURI
2158 256 2501 320 CALLIS’I‘I
2638 305 2643 311 .
3627 242 3720 304 16*

474 376 666 444 igitur,
703 372 932 434 malum,
980 371 1161 443 pudor
1206 371 1308 426 iste
1356 378 1461 434 est,
1506 370 1663 425 verbi
1719 371 1868 424 illius
1919 384 2045 424 cum

2159 368 2381 437 ἡμέρας,
2414 367 2602 418 ἔπειτα
2645 361 2857 433 ἢσθιεν.
2891 358 3287 425 Ἥκονταργοῦν
3329 360 3444 419 ταῖς
3472 356 3729 423 ἁφωσιω-

474 469 680 521 decoro
725 480 834 519 non
875 465 1014 519 velle
1061 465 1180 518 uti?
1224 465 1403 532 Atque
1446 463 1531 518 his
1577 464 1769 529 dictis,
1818 464 1871 516 in
1909 478 2047 517 con-

477 565 673 626 spectu
701 555 949 609 omnium
982 552 1282 622 episcopali
1313 552 1445 607 sede
1479 567 1809 622 exsurgens,
1844 549 2048 606 fastum

474 656 533 699 et
562 646 922 715 supercilium
974 657 1169 698 eorum
1203 643 1297 712 qui
1330 643 1587 697 oratione
1624 642 1881 698 aﬂ‘ectata
1924 656 2050 699 sese

481 736 786 801 eﬂ'errent,
830 734 1163 789 contrahere
1203 743 1291 789 est
1323 742 1576 788 conatus.
1608 718 1778 788 Recte
1803 731 1949 787 enim
1999 732 2051 784 id

478 831 660 884 facere
691 827 895 897 potuit,
921 827 1182 895 quamvis
1212 834 1443 895 apertus
1473 825 1700 880 omnino
1729 833 1786 880 et
1820 825 2052 895 simplex

478 930 646 976 esset.
679 919 869 990 Magna
916 920 1123 989 quippe
1162 918 1433 989 dignitate
1459 918 1747 988 gloriaque
1774 932 2047 972 veneran-

479 1010 603 1075 dus,
653 1017 885 1080 propter
937 1009 1169 1064 mirifica
1218 1025 1343 1079 qua:
1394 1009 1598 1064 edebat
1650 1024 1840 1079 opera,
1888 1018 2053 1079 atque

476 1110 640 1156 aetate
693 1101 1070 1170 provectiore,
1114 1101 1331 1155 sincere
1364 1110 1421 1155 et
1460 1100 1705 1167 graviter
1749 1098 2053 1170 episcopali

481 1205 711 1244 munere
759 1190 1003 1259 gerendo
1066 1190 1251 1245 clarus
1276 1198 1416 1243 erat.
1458 1186 1566 1242 Sed
1602 1196 1655 1242 et
1682 1203 1846 1258 quam
1886 1187 2056 1242 fuerit

481 1285 538 1336 in
588 1281 782 1336 amicis
826 1280 1167 1350 accipiendis
1198 1280 1394 1333 dexter
1428 1286 1486 1334 et
1532 1278 1838 1340 humanus.
1871 1286 2058 1333 osten-

492 1374 641 1426 dam.
675 1372 928 1441 Magnum
955 1369 1407 1441 Quadragesima:
1440 1369 1715 1439 jejunium
1765 1371 2053 1440 agebatur,

479 1474 537 1519 et
558 1480 625 1519 ex
654 1463 850 1517 amicis
879 1463 1102 1531 quidam
1143 1461 1218 1515 ad
1248 1476 1379 1516 eum
1406 1477 1473 1516 ex
1505 1461 1708 1517 itinere
1752 1462 2057 1532 longinquo

483 1556 655 1621 venit,
702 1560 758 1609 et
800 1537 1024 1623 quidem
1066 1568 1131 1607 eo
1161 1568 1272 1622 quo
1300 1553 1416 1622 ipse
1455 1554 1734 1624 jejunaret
1778 1563 2054 1624 tempore.

480 1644 663 1699 Certis
688 1642 835 1697 enim
870 1642 1204 1711 quibusdam
1236 1641 1434 1696 diebus
1478 1657 1508 1695 a
1545 1642 1672 1697 cibo
1701 1643 1853 1698 omni
1877 1644 2052 1699 absti-

484 1752 645 1799 nens,
681 1745 870 1803 postea
904 1734 1253 1789 vescebatur.
1289 1733 1446 1787 lllum
1492 1733 1661 1804 igitur
1702 1737 1934 1792 sacratis
1969 1737 2053 1792 eis

482 1828 680 1882 diebus
706 1827 1040 1888 venientem,
1065 1841 1191 1881 cum
1234 1825 1302 1880 de
1347 1826 1547 1881 itinere
1589 1828 1794 1883 fessum
1818 1830 2054 1899 videret,

485 1920 610 1975 filiae
642 1934 757 1973 suae
784 1928 841 1986 ut
870 1918 1040 1988 pedes
1076 1918 1224 1972 illius
1254 1918 1486 1979 lavaret,
1532 1934 1892 1992 mensamque
1923 1939 2053 1993 pro-

486 2020 738 2083 poneret,
790 2010 1071 2080 praecepit.
1114 2010 1294 2080 Atque
1348 2009 1440 2064 illa
1488 2010 1584 2065 ubi
1633 2027 1812 2083 neque
1855 2030 2055 2085 panem

487 2118 670 2174 neque
708 2103 940 2157 farinam
972 2102 1119 2157 domi
1140 2117 1284 2168 esse,
1310 2111 1540 2172 propter
1562 2115 1891 2175 praesentem
1928 2107 2057 2162 abs-

492 2194 778 2248 tinentiam
833 2201 890 2248 et
952 2192 1223 2263 jejunium
1260 2232 1274 2257 ,
1327 2192 1513 2249 dixit:
1568 2196 1888 2264 precatione
1939 2197 2058 2268 ipse

487 2285 662 2348 facta,
695 2285 887 2340 salitas
914 2299 1109 2345 carnes
1139 2284 1400 2353 porcinas
1434 2287 1500 2341 ad
1543 2287 1723 2342 focum
1752 2288 2058 2358 pendentes

492 2377 742 2444 recipere
792 2390 909 2440 eas,
941 2384 998 2429 et
1043 2374 1457 2445 quamprimum
1510 2377 1580 2431 ad
1622 2378 1803 2449 ignem
1836 2362 2054 2434 torrere

488 2467 675 2537 jussit.
710 2467 781 2521 Et
806 2478 866 2520 ut
893 2482 1015 2521 assa
1042 2468 1180 2521 satis
1205 2465 1456 2528 fuerunt.
1488 2468 1692 2539 hospiti
1727 2480 1782 2524 et
1825 2471 1942 2540 ipse
1969 2486 2059 2526 as-

487 2560 696 2626 sidens,
751 2560 989 2629 ciboque
1047 2575 1247 2615 manus
1304 2561 1626 2628 admovens,
1674 2564 1938 2625 comedit,
2000 2574 2058 2619 et

488 2653 725 2706 amicum
768 2659 828 2705 ut
860 2651 1052 2707 itidem
1086 2652 1293 2708 faceret
1323 2662 1411 2709 est
1443 2652 1717 2709 hortatus.
1747 2657 1930 2725 Atque
1964 2654 2057 2710 ille

487 2758 613 2796 cum
650 2742 1013 2807 detrectaret,
1054 2743 1429 2800 Christianum
1476 2761 1535 2799 se
1562 2760 1685 2800 esse
1714 2746 1928 2810 dicens,
1962 2761 2058 2802 ne-

488 2848 597 2900 que
628 2833 721 2886 tali
753 2842 1001 2902 tempore
1034 2835 1373 2903 cjuscemodi
1402 2851 1531 2890 esca
1568 2837 1819 2905 indigere
1855 2838 2056 2893 confir-

428 2926 433 2931 “
491 2938 648 2977 mans
678 2963 693 2988 ,
726 2923 1001 2993 Spyridon
1030 2925 1205 2990 illum,
1238 2939 1305 2980 ne
1351 2926 1621 2996 quidquid
1656 2927 1709 2981 id
1739 2938 1884 2983 esset
1925 2930 2056 2997 cibi,

2155 462 2344 528 μέναις
2371 457 2607 529 ἡμέραις
2628 457 2855 518 ἐκεῖνον,
2885 455 3007 507 ἐπεὶ
3030 452 3351 521 κεκμηκότα
3368 445 3498 513 εἶδε,
3517 448 3730 499 νίπτειν

2157 549 2256 618 μὶν
2287 550 2412 611 τοὺς
2439 548 2607 609 πόδας
2633 548 2700 616 τῇ
2730 546 2836 614 ἰδίᾳ
2870 544 3089 597 ἐκέλευε
3122 542 3375 610 θυγατρὶ,
3404 544 3500 593 καλ⁵
3515 540 3728 607 τράπε-

2151 641 2255 703 ζαν
2290 638 2710 711 παρατίθεσθαι.
2755 637 3004 706 Ἐκείνης
3030 636 3074 690 δ’
3106 633 3374 704 εἰπούσης
3404 632 3530 702 μήτ’
3558 632 3728 700 ἄρτον

2157 731 2281 801 μήτ’
2314 730 2518 799 ἄλφιτα
2543 730 2747 782 ἐνεῖναι
2780 727 2870 781 διὰ
2896 728 2997 799 τὴν
3045 725 3407 794 ἐπικειμένην
3435 722 3725 793 νηστείαν,

2153 822 2474 892 εὐξάμενος.
2506 820 2618 875 τῶν
2675 820 3100 892 ἀπῃωρημένων
3144 817 3392 887 ταρίχων
3447 814 3628 884 κρεῶν
3657 816 3728 881 τῇ

2153 915 2310 984 ἑστίᾳ
2338 914 2501 968 ὑείων
2532 911 2798 981 κατάγειν
2846 911 3065 973 ἐκέλευε
3106 911 3171 980 τῇ
3210 909 3385 971 παιδὶ,
3426 907 3522 961 καὶ
3569 905 3731 960 ταῦθ’

2153 1005 2230 1068 ὡς
2262 1004 2427 1075 τάχος
2450 1003 2647 1073 ὀπτᾷν.
2694 1003 2847 1055 Ἐπεὶ
2875 1000 2918 1053 δ’
2944 1000 3141 1062 ίκανῶς
3177 993 3325 1069 εἶχον
3351 997 3541 1063 πυρὸς,
3574 997 3733 1066 παρὰ

2155 1097 2247 1149 τὸν
2295 1095 2445 1161 ξένον
2474 1096 2572 1149 καὶ
2608 1093 2771 1156 αὐτὸς
2805 1092 3058 1156 καθίσας,
3094 1094 3403 1161 ἁπτόμενος
3444 1092 3554 1144 τῶν
3592 1089 3727 1142 ἐδω-

2154 1185 2328 1253 δίμων
2351 1185 2509 1256 ἡοθιε
2536 1203 2549 1216 ·
2578 1185 2673 1239 καὶ
2704 1185 2795 1238 τὸν
2821 1185 2974 1254 φίλον
3007 1184 3076 1237 τὰ
3110 1185 3271 1250 ὃμοια
3310 1183 3444 1254 δρᾷν
3480 1181 3737 1248 παρεκά-

2158 1278 2263 1333 λει.
2294 1279 2401 1331 Τὸν
2440 1279 2498 1333 δὲ
2543 1277 3016 1350 παραιτούμενον,
3054 1277 3147 1329 καὶ
3178 1275 3504 1345 Χριστιανὸν
3534 1272 3736 1326 ἑαυτὸν

2156 1365 2300 1424 εῖναι
2324 1370 2578 1439 λέγοντα,
2615 1369 2713 1423 καὶ
2747 1368 2821 1440 μὴ
2846 1368 2957 1421 δεῖν
2996 1368 3192 1436 ἐκείνῳ
3223 1368 3434 1437 τροφῆς
3471 1364 3736 1434 τοιαύτης

2157 1461 2386 1531 τοιούτῳ
2408 1460 2591 1531 καιρῷ
2611 1458 3103 1530 διισχυριζόμενον,
3131 1459 3207 1528 μὴ
3228 1458 3330 1528 τὴν
3356 1456 3567 1528 τροφὴν
3594 1457 3738 1523 μᾶλ-

2157 1551 2247 1605 λον
2267 1552 2535 1617 ἀπαξιοῦν
2556 1551 2728 1616 οὕτως
2752 1551 2944 1621 ἔχοντα
2967 1551 3292 1621 παρηγγύα.
3318 1549 3423 1600 Τδν
3446 1547 3554 1618 γὰρ
3579 1547 3732 1599 θεῖον

2158 1642 2427 1714 χρησμὸν,
2459 1642 2641 1694 πάντα
2664 1637 2806 1693 εἷναι
2831 1639 3052 1712 καθαρὰ
3078 1641 3191 1702 τοῖς
3213 1639 3479 1706 καθαροῖς
3507 1637 3737 1707 ἀποφή.

2087 1700 2129 1757 Β
2157 1700 2370 1789 ξασθαι.
2400 1700 2580 1788 ίΙολλὰ
2608 1734 2668 1787 δὲ
2699 1731 2794 1787 καὶ
2819 1731 2956 1788 ἄλλα
2980 1700 3222 1802 συγγενῆ
3256 1700 3378 1793 τοῖς
3411 1700 3737 1800 εἰρημένοις

2155 1825 2625 1898 διαπραξάμενον,
2658 1825 2720 1879 τὸ
2775 1824 3141 1894 προκείμενον
3195 1822 3296 1877 οὐκ
3343 1823 3409 1893 ἑᾷ
3458 1822 3739 1891 διεξέρχε-

2159 1918 2286 1972 σθαι
2306 1935 2322 1951 ο
2360 1918 2397 1972 ἃ
2444 1918 2727 1987 Ῥουφῖνος
2757 1915 3046 1986 Ῥωμαϊκῇ
3078 1914 3224 1981 λέξει
3256 1915 3447 1986 πρῶτα
3472 1916 3733 1983 ιξίδωκε,

2159 2011 2254 2064 καὶ
2304 2009 2441 2065 ἄλλα
2490 2010 2719 2064 πλεῖστα
2750 2011 2816 2081 τῇ
2864 2010 3165 2080 Ἐκκλησία
3207 2009 3581 2079 προσήκοντα.
3626 2008 3740 2060 Καὶ

2160 2104 2290 2173 περὶ
2330 2104 2431 2173 μὲν
2456 2103 2805 2172 Σπυρίδωνος
2838 2102 3038 2158 ταῦτα.
3061 2102 3319 2173 Ἤκμαζε
3348 2102 3405 2155 δὲ
3432 2102 3741 2172 τηνικαῦτα

2160 2199 2257 2250 καὶ
2298 2197 2564 2260 Νικόλαος
2603 2195 2810 2268 Μύρων
2865 2197 2963 2267 τῆς
3018 2196 3228 2260 Λυκίας
3278 2197 3580 2258 ἐπίσκοπος
3632 2197 3739 2263 ὢν,

2160 2287 2361 2357 ἐπίσης
2394 2287 2702 2358 Σπυρίδωνι
2732 2287 2824 2343 τὸν
2860 2288 2972 2359 βίον
3001 2288 3062 2341 εν
3090 2305 3150 2342 τε
3180 2287 3446 2359 ἁπλότητι
3475 2289 3571 2342 καὶ
3596 2305 3741 2359 συμ-

2160 2377 2365 2449 παθείᾳ
2415 2380 2509 2431 καὶ
2545 2378 2793 2448 θαύμασι
2822 2379 3174 2450 περιϐόητος,
3220 2381 3314 2433 καὶ
3346 2380 3441 2433 ἐπὶ
3469 2382 3534 2450 τῇ
3571 2382 3741 2450 ἀκρι-

2160 2468 2285 2539 ϐείᾳ
2313 2467 2409 2523 τοῦ
2462 2469 2758 2539 δόγματος.
2815 2470 3004 2541 Τούτῳ
3029 2471 3074 2522 δ’
3104 2472 3305 2525 ἐνεῖναι
3357 2472 3519 2542 χάριν
3547 2472 3739 2538 λόγος.

2160 2560 2250 2613 τὸν
2307 2561 2687 2631 προστυχόντα
2755 2560 2850 2613 καὶ
2898 2558 3360 2631 διομιλησάμενον
3420 2563 3485 2615 ὲκ
3531 2563 3738 2633 ψυχῆς,

2162 2650 2387 2721 χάριτός
2461 2666 2611 2715 τινος
2653 2650 2807 2714 θείας
2845 2651 3115 2722 μετέχειν,
3151 2652 3245 2704 καὶ
3306 2651 3482 2722 ῥοπὴν
3539 2654 3741 2721 ἐκείνῳ

2161 2743 2416 2798 ἐντεῦθεν
2446 2743 2838 2814 ὲνσπείρεσθαι
2866 2744 3004 2815 πρὸς
3027 2745 3097 2798 τὰ
3121 2744 3389 2798 κάλλιστα
3415 2745 3525 2798 τῶν
3555 2746 3737 2815 ιργων

2165 2831 2736 2904 μεταρρυθμίζεσθαι.
2772 2827 2849 2887 Οῦ
2880 2835 2977 2897 τὰς
3008 2833 3237 2903 πράξεις
3265 2835 3342 2894 ὡς
3383 2836 3516 2887 πᾶσι
3562 2851 3738 2888 κατα-

2161 2924 2355 2991 δήλους
2382 2922 2645 2994 παρίημι.
2691 2923 2920 2993 Ἐπίσης
2946 2922 3157 2987 τούτοις
3188 2924 3284 2979 καὶ
3316 2924 3615 2994 Παρθένιος
3643 2920 3735 2994 ἦν,

492 3030 593 3081 pro
639 3029 704 3068 ea
768 3030 951 3069 rerum
1017 3016 1201 3085 inopia
1260 3027 1677 3087 aspernaretur,
1719 3019 2053 3078 admonuit:

2163 3018 2293 3084 μιᾶς
2322 3016 2435 3069 τῶν
2494 3016 2553 3068 ὲν
2596 3013 2978 3085 Ἑλλησπόντῳ
3023 3015 3232 3069 πόλεων
3287 3016 3585 3077 ἐπίσκοπος
3635 3013 3738 3076 ὢν.

490 3105 742 3160 divinum
796 3113 942 3162 enim
996 3110 1284 3164 oraculum
1337 3122 1581 3175 exstare,
1635 3111 1782 3180 quod
1837 3113 2053 3167 mundis

2162 3106 2280 3176 βίου
2312 3105 2688 3177 λαμπρότητι,
2713 3104 3100 3177 φιλανθρωπίᾳ
3119 3123 3179 3159 τε
3210 3105 3307 3160 καὶ
3335 3106 3559 3177 τέρασιν
3593 3107 3741 3171 ἐξαι-

488 3200 689 3253 οιιιηίιι-
710 3199 915 3254 munda
944 3216 1071 3256 esse
1094 3202 1361 3258 declaret.
1383 3203 1550 3258 Multa
1579 3218 1744 3275 porro
1769 3205 1875 3259 alia
1904 3204 2053 3261 hisce

2162 3198 2301 3263 σίοις
2326 3198 2664 3269 διαπρεπὴς,
2698 3198 2775 3262 ὡς
2805 3198 2901 3252 καὶ
2930 3200 3159 3269 νεκροὺς
3213 3198 3472 3268 ἐγείρειν,
3503 3199 3740 3269 δύναμιν

487 3288 689 3342 similia
740 3290 808 3343 ab
839 3290 934 3344 illo
984 3301 1133 3358 acta,
1166 3291 1482 3347 institutum
1517 3304 1766 3348 nostrum
1819 3309 2053 3351 comme-

2160 3290 2296 3357 πρὸς
2319 3290 2456 3345 Θεοῦ
2488 3289 2795 3360 εἰληφέναι,
2829 3291 3101 3361 δαιμόνων
3130 3308 3191 3344 τε
3246 3295 3492 3363 κρατεῖν.
3532 3310 3735 3346 παντοο

490 3393 706 3434 morare
754 3395 862 3434 non
910 3381 1200 3450 permittit,
1231 3399 1354 3453 quae
1394 3383 1628 3439 Rufinus
1657 3386 1895 3454 primum
1945 3387 2053 3442 Ro-

2159 3381 2346 3437 δαπῶν
2378 3399 2438 3436 τε
2464 3383 2803 3453 παθημάτων
2837 3383 3019 3451 ίατρὸν
3050 3382 3281 3453 ἄμισθόν
3307 3401 3366 3437 τε
3387 3385 3483 3437 καὶ
3514 3383 3737 3453 ἕτοιμον

489 3486 653 3524 mano
668 3474 925 3541 exposuit
955 3488 1232 3539 sermone,
1255 3475 1475 3545 aliaque
1502 3485 1767 3546 przeterea
1803 3477 2042 3546 plurima

2159 3472 2512 3530 καθεστάναι.
2550 3477 2660 3529 Καὶ
2697 3476 2828 3547 περὶ
2862 3476 2959 3544 μὲν
2991 3476 3196 3530 τούτων
3220 3475 3417 3540 οὕτως.
3459 3477 3568 3530 Καὶ
3592 3476 3743 3529 οὕτω

488 3562 553 3613 ad
590 3578 705 3615 rem
723 3562 1154 3619 ecclesiasticam
1176 3567 1531 3634 pertinentia.
1557 3567 1625 3622 Et
1656 3570 1721 3621 de
1747 3566 2053 3639 Spyridone

2159 3564 2350 3634 τὸτῆς
2380 3566 2619 3629 πίστεως
2669 3566 2847 3637 δόγμα
2899 3565 2990 3620 διὰ
3048 3568 3275 3620 πάντων
3333 3569 3705 3638 συνεκροτεῐττ

490 3652 776 3706 hactenus.
814 3652 1028 3710 Floruit
1058 3655 1223 3710 etiam
1256 3667 1370 3712 tum
1400 3658 1683 3723 Nicolaus,
1717 3660 1863 3730 apud
1906 3661 2053 3732 Myra

2159 3657 2341 3710 ἔθνεσί
2371 3675 2431 3709 τε
2457 3660 2551 3711 καὶ
2581 3659 2843 3729 ἐρημίαις
2877 3661 2974 3713 καὶ
3014 3659 3207 3713 πόλεσι
3229 3677 3243 3691 ·
3280 3661 3377 3711 καὶ
3413 3661 3483 3728 ,ὲν
3530 3663 3596 3731 τῇ
3641 3659 3741 3712 τοῦ

490 3743 668 3814 Lyciae
693 3745 1009 3815 episcolius,
1044 3747 1339 3819 Spyridoni
1385 3750 1515 3814 vita,
1550 3766 1767 3806 morum
1829 3752 2055 3820 ,simpli-

487 3837 676 3901 citate,
737 3847 1057 3907 naturaeque
1117 3841 1504 3896 convenientia
1573 3858 1675 3913 par
1723 3860 1737 3897 :
1793 3859 1896 3898 nec
1945 3859 2054 3899 non

487 3926 794 3991 miraculis,
841 3937 898 3983 et
943 3942 1200 3985 accurata
1247 3943 1507 4002 certaque
1550 3933 1819 3988 doctrinae
1866 3935 2055 3989 obser-

489 4014 672 4066 vantia
714 4029 979 4084 perquam
1036 4018 1290 4074 celebris.
1347 4021 1510 4091 632
1570 4022 1713 4077 Huic
1762 4038 1828 4078 ea
1883 4023 2054 4080 fuisse

486 4101 700 4158 dicitur
726 4107 925 4173 gratia,
964 4115 1025 4160 ut
1061 4110 1153 4177 qui
1190 4125 1319 4164 eum
1366 4113 1856 4183 complecteretur,
1892 4114 2054 4169 fami-

2160 3747 2295 3801 Θεοῦ
2332 3749 2637 3821 Ἐκκλησία
2679 3750 2954 3820 διέλαμπε
2989 3754 3112 3813 ταῖς
3158 3750 3515 3820 καθεκάστην
3545 3752 3736 3804 ἐπιδό-

2165 3857 2317 3894 σεσιν
2346 3843 2427 3904 είς
2464 3842 2611 3912 μέγα
2654 3842 2751 3896 καὶ
2781 3843 3027 3914 αίθέριον
3078 3843 3462 3915 προαγόμενον
3488 3859 3503 3874 ·
3534 3842 3650 3910 ἐγὼ
3675 3843 3738 3896 δὲ

2164 3931 2275 3985 τῶν
2304 3933 2565 3987 τοιούτων
2591 3934 2888 4004 ἀφέμενος,
2927 3935 3022 3989 ἐπὶ
3047 3935 3154 3989 τῶν
3186 3937 3328 3989 κατὰ
3368 3936 3465 4005 τὴν
3503 3936 3741 4004 Ἐκκλη-

2169 4024 2292 4075 σίαν
2333 4026 2663 4095 συμϐάντων
2713 4028 2808 4080 καὶ
2839 4027 2997 4091 αὖθις
3029 4027 3126 4080 τοῦ
3159 4026 3322 4097 λόγου
3363 4027 3494 4098 ῥοῦν
3538 4027 3739 4096 τρέψο-

2171 4136 2296 4187 μαι.

488 4196 795 4267 liariusque
846 4215 1033 4255 secum
1076 4217 1145 4257 ex
1191 4206 1378 4258 animo
1413 4206 1855 4277 collequeretur,
1930 4208 2101 4265 divini
2143 4213 2427 4287 quiddam.
2476 4213 2605 4267 doni
2647 4213 2918 4278 hauriret,
2972 4224 3426 4284 momentumque
3468 4215 3594 4268 inde
3642 4216 3743 4270 aii-

487 4290 637 4357 quod
670 4290 959 4359 reciperet,
991 4293 1115 4347 vitae
1135 4294 1202 4348 ad
1234 4295 1438 4364 optima
1499 4313 1732 4367 quaeque
1793 4316 1961 4372 opera
2024 4303 2455 4359 conformandae.
2511 4304 2641 4375 Ejus
2691 4306 2941 4360 actiones
3018 4306 3187 4361 veluti
3273 4307 3527 4361 omnibus
3577 4318 3737 4360 notas

491 4382 873 4448 praetermitto.
898 4383 1003 4438 Par
1032 4385 1155 4440 istis
1180 4386 1346 4440 etiam
1376 4386 1476 4441 fuit
1505 4388 1858 4457 Parthenius,
1929 4393 2080 4448 urbis
2121 4394 2286 4449 unius
2338 4394 2392 4448 in
2464 4393 2819 4463 Hellesponto
2850 4396 3165 4464 episcopus,
3216 4397 3342 4450 vita:
3412 4398 3736 4465 splendore.

491 4476 833 4529 humanitate
885 4485 942 4531 et
968 4478 1233 4550 prodigiis
1264 4479 1579 4550 ingentibus
1601 4484 1978 4551 elarus,-adeo
2039 4496 2101 4541 ut
2137 4497 2361 4557 accepta
2409 4504 2440 4541 a
2519 4488 2631 4542 Deo
2683 4496 2975 4557 potestate,
3029 4498 3279 4544 mortuos
3326 4491 3600 4550 excitarit.
3635 4493 3747 4544 dre.

494 4568 753 4622 monibus
790 4569 1095 4638 imperarit,
1143 4583 1200 4628 et
1247 4576 1522 4629 variorum
1566 4576 1887 4633 morborum
1950 4588 2172 4633 curator
2236 4580 2508 4650 gratuitus
2540 4596 2603 4635 ac
2663 4590 2951 4651 promptus
2980 4581 3166 4636 fuerit.
3201 4581 3280 4636 Ac
3304 4582 3376 4634 de
3409 4580 3495 4635 bis
3554 4581 3746 4636 hacte-

490 4674 616 4714 nus.
666 4660 745 4714 Ad
784 4662 931 4719 hunc
978 4663 1194 4720 scilicet
1247 4667 1493 4733 modum,
1565 4668 1824 4725 doctrina
1875 4670 2004 4726 fidei
2079 4672 2135 4727 in
2176 4673 2527 4738 nationibus,
2576 4672 3002 4739 solitudinibusf,
3048 4681 3106 4727 et
3152 4674 3381 4728 urbibus
3436 4674 3735 4737 omnibus,

490 4769 687 4823 magno
720 4771 993 4813 consensu
1036 4759 1381 4828 frequentata
1418 4772 1551 4817 est:
1619 4775 1784 4832 atque
1850 4763 1905 4816 in
1980 4764 2211 4819 ecclesia
2262 4765 2358 4821 Dei
2410 4766 2588 4821 indies
2626 4766 2984 4821 incrementis
3030 4766 3144 4821 suis
3174 4767 3369 4833 eluxit,
3434 4766 3725 4821 incoctum

489 4861 664 4916 usque
710 4849 948 4905 sublata.
986 4851 1274 4919 ιίέειιιοιιιιιι
1321 4854 1473 4909 hisce
1516 4854 1784 4920 dimissis,
1833 4856 2141 4911 orationem
2193 4858 2260 4912 ad
2303 4873 2367 4911 ea
2422 4873 2544 4927 quae
2627 4859 2681 4910 in
2741 4858 2984 4912 Ecclesia
3054 4867 3205 4927 gesta
3276 4867 3426 4922 sunt,
3507 4873 3728 4911 rursum

487 4952 833 4997 convertam.

1055 5056 1284 5114 CAPUT
1325 5059 1509 5116 XLIII.

2729 5068 2984 5120 ΚΕΦΑΛ.
3033 5066 3168 5121 MI".

488 5152 940 5219 Quemadmodum
979 5149 1231 5223 Eusebius
1258 5161 1305 5204 et
1348 5153 1595 5223 Theognis
1619 5158 1848 5223 Ariani,
1871 5143 2046 5211 libelle

558 5223 896 5294 pmnitemiw-
934 5220 1178 5294 exhibito,
1230 5238 1354 5294 sua:
1408 5220 1696 5294 receperint
1753 5220 2051 5282 ecclesias:

554 5290 750 5366 eosque
807 5291 897 5359 qui
949 5290 1005 5342 in
1062 5305 1241 5344 eorum
1296 5293 1464 5347 locum
1524 5290 1805 5366 subrogari
1877 5309 2053 5363 erant,

561 5363 832 5433 ejecerint.

557 5470 992 5525 Laudatissimus
1034 5469 1255 5539 quidem
1301 5471 1417 5541 ipse
1462 5472 1765 5542 imperator
1828 5492 2048 5531 omnem

486 5565 736 5618 movebat
767 5564 979 5625 funem,
1020 5577 1074 5616 ut
1111 5564 1303 5631 religio
1338 5575 1521 5619 nostra
1571 5569 1744 5636 magis
1776 5583 1840 5622 ac
1874 5574 2050 5640 magis

485 5663 801 5725 augeretur,
836 5666 889 5709 et
919 5655 1261 5709 incrementa
1291 5670 1390 5710 sua
1422 5667 1644 5725 caperet
1669 5676 1682 5712 :
1721 5662 1925 5731 quippe
1955 5665 2047 5731 qui

2173 5161 2264 5225 Ὠς
2295 5163 2347 5213 οί
2374 5159 2661 5225 Ἀρειανοὶ
2687 5160 2979 5224 Εὐσέϐιος
3001 5162 3097 5213 καί
3131 5162 3466 5227 Θεοτόνιος,
3485 5162 3737 5225 βιϐλίαν

2225 5230 2548 5299 μετανοίας
2572 5229 2806 5294 δόντες,
2832 5229 2943 5294 τὰς
2968 5230 3122 5295 ἰδίας
3148 5231 3482 5295 ἐκκλησίας
3508 5233 3708 5286 ἀπέλα

2231 5302 2358 5423 ὄτέν.
2396 5300 2538 5364 τοὺς
2562 5300 2631 5351 ἐν
2664 5299 2873 5366 αὑταῖς
2895 5301 3425 5368 χειροτονηθέντας
3457 5300 3740 5372 ἐκϐεϐλη-

2233 5390 2265 5423 κ
2313 5386 2428 5435 τες.

2248 5484 2307 5539 Ὀ
2345 5485 2444 5553 μὲν
2477 5481 2574 5537 οὖν
2620 5483 2980 5553 πανεύφημος
3021 5483 3278 5553 βασιλεὺς
3317 5485 3497 5538 πάντα
3554 5485 3739 5540 κάλων

2164 5581 2354 5642 ἐκίνει,
2380 5578 2457 5640 ὡς
2488 5579 2553 5632 ἄν
2581 5595 2644 5646 γε
2677 5580 2745 5630 τὰ
2769 5577 2870 5646 τῆς
2903 5577 3175 5648 ἡμετέρας
3217 5578 3518 5649 θρησκείας
3564 5577 3737 5645 αὔξην

2161 5668 2455 5738 λαμϐάνοι,
2494 5669 2587 5721 καὶ
2628 5668 2705 5730 είς
2739 5668 2983 5721 ἐπίδοσιν
3027 5670 3235 5738 ἄγοιτο,
3266 5670 3362 5723 ﬁte
3396 5670 3460 5739 δὴ
3500 5673 3736 5725 ἀποσεο-
