3988 6190
210 319 317 383 169

1136 308 1742 374 ECCI.ESI.\S'l‘lC/E
1785 308 2174 371 HlSTORl/E
2216 308 2361 369 LIB.
2404 302 2569 368 Vlll.

3356 290 3454 357 1'70

204 429 377 500 λικὴν
425 426 519 480 καὶ
560 424 923 496 οὐρανομήκη
969 423 1111 494 ἔχων
1173 424 1385 493 ψυχήν⁸
1439 418 1582 495 ἦσαν
1637 424 1682 476 δ’
1742 424 1780 475 οἱ

1893 420 2194 490 apostolico
2230 417 2552 486 cmlestique
2591 427 2819 483 prorsus
2862 419 3012 466 esset
3059 409 3266 465 animo.
3307 408 3453 463 luter

202 522 318 573 τῶν
351 518 667 586 ἐκκλησιῶν
698 515 989 587 ἡγεμόνες,
1026 517 1124 569 καὶ
1147 516 1253 569 τῶν
1293 519 1352 570 ἐν
1399 516 1547 569 τέλει
1579 515 1672 569 τοῦ
1711 517 1786 568 ἱε-

210 611 444 681 ρᾶσθαι,
468 609 518 662 οἳ
558 610 634 679 μὴ
666 609 831 678 μόνον
870 608 1281 677 σννοικοδομεϊν
1314 608 1509 678 ἐκείνῳ
1538 607 1788 679 ᾑροῦντο,

206 702 355 754 ἀλλὰ
394 701 493 753 καὶ
530 700 883 771 ἀνατρέπειν,
930 697 1153 761 καὶ,τὰ
1199 698 1427 769 θεμέλια
1466 700 1666 768 ταύτης
1724 701 1789 751 ἐκ

209 792 384 860 ῥιζῶν
414 793 694 862 ἁνασπᾷν,
743 791 821 853 ὡς
874 792 1162 859 προϊόντες
1214 791 1553 863 δηλώσομεν.
1590 791 1648 844 Ὀ
1689 790 1789 859 μὲν

208 886 326 953 γὰρ
354 883 580 951 Ἄρειος
617 880 719 951 τὴν
756 882 1045 952 συνοδικὴν
1066 883 1249 953 ψῆφον
1286 882 1379 935 καὶ
1403 882 1502 953 τὴν
1536 883 1599 935 ἐκ
1628 881 1787 950 βασι-

208 975 351 1038 λέως
410 973 615 1036 λαϐὼν,
665 974 957 1043 ὑπερόριος
1000 974 1196 1044 ἤγετοο
1245 973 1442 1042 ἐπίσης
1488 973 1547 1027 δὲ
1601 974 1693 1027 καὶ
1737 971 1787 1025 oi

210 1068 346 1135 περὶ
380 1066 475 1117 τὸν
519 1066 894 1135 Νικομηδείας
935 1065 1220 1130 Εὐσέϐιον,
1266 1066 1316 1119 οἳ
1366 1068 1432 1136 τῇ
1477 1067 1789 1138 ὑπαγορευ-

209 1159 373 1229 θείσῃ
404 1159 590 1211 πίστει
619 1159 1071 1228 ὑπεσημήναντο,
1115 1159 1400 1228 σύμψηφοι
1428 1159 1487 1213 δὲ
1528 1161 1787 1228 γενέσθαι

205 1256 277 1322 τῇ
318 1252 536 1321 Ἀρείου
565 1252 886 1322 καθαιρέσει
912 1252 1013 1305 οὐκ
1037 1251 1448 1322 ἠϐουλήθησαν.
1477 1253 1538 1307 Ὀ
1573 1254 1670 1325 μὲν
1692 1254 1786 1308 οὖν

211 1346 441 1414 ζΔρειος
478 1344 539 1396 οὐ
590 1344 774 1413 πολλῷ
804 1342 1033 1413 ὕστερον
1060 1344 1160 1414 τῆς
1203 1346 1263 1398 ιν
1302 1344 1511 1416 Νικαίᾳ
1564 1345 1784 1399 συνόδου

206 1437 315 1504 τῆς
340 1435 446 1504 μὲν
474 1435 693 1504 ὲξορίας
723 1434 1021 1504 ἀνεκλήθη,
1067 1436 1131 1505 τῇ
1155 1452 1219 1503 γε
1260 1434 1370 1504 μὴν
1402 1434 1787 1507 Ἀλεξανδρείᾳ

207 1528 409 1598 φοιτᾷν
434 1524 706 1594 ἐπεσχέθη
728 1542 743 1556 ·
780 1529 839 1578 ὲν
869 1526 1087 1596 ὑστέρῳ
1135 1529 1243 1597 γὰρ
1269 1529 1363 1580 καὶ
1408 1530 1488 1592 είς
1533 1527 1785 1593 Ἀλεξάν-

207 1622 401 1691 δρειαν
432 1619 581 1687 αὐτῷ
612 1619 843 1681 κάθοδος
866 1620 981 1680 τοῖς
1038 1620 1170 1687 περὶ
1206 1619 1462 1672 Εὐσέϐιον
1528 1621 1666 1689 μετὰ
1688 1620 1785 1689 τὴν

208 1709 549 1779 παλινῳδίαν
572 1709 930 1771 ἐσπούδαστο,
955 1709 1030 1770 ὡς
1062 1710 1118 1760 ὲν
1141 1708 1320 1780 καιρῷ
1353 1726 1444 1778 μοι
1473 1708 1751 1774 λελέξεται
1768 1725 1782 1741 ο

209 1804 333 1872 μετ’
368 1803 561 1869 ὀλίγον
594 1802 652 1855 δὲ
686 1800 947 1863 seuseu;
979 1817 1039 1852 τε
1096 1801 1187 1852 καὶ
1234 1801 1520 1867 θεογόνιος
1564 1801 1662 1863 τὰς
1706 1802 1785 1854 οἰ-

208 1896 365 1958 κείας
409 1895 716 1963 ἐκκλησίας
762 1892 1060 1958 ἀπέλαϐον,
1093 1894 1121 1945 ὀ
1174 1893 1272 1963 μὲν
1304 1893 1395 1947 τὸν
1447 1893 1564 1946 ἀντ’
1616 1893 1782 1948 αὑτοῦ

210 1987 677 2057 χειροτονηθέντα
713 1988 1001 2057 ’Δμφίωνα
1044 1985 1312 2049 ἐκϐαλὼν,
1339 1986 1587 2055 Χρῆστον
1636 1987 1693 2039 δὲ
1720 1988 1784 2038 ὲκ

210 2078 451 2141 Νικαίας
486 2083 516 2132 ὁ
566 2077 886 2146 Θεογόνιοςο
928 2079 1221 2148 μετανοίας
1267 2080 1374 2149 γὰρ
1421 2078 1627 2148 βιϐλίον
1672 2080 1784 2141 τοῖς

213 2173 544 2239 κορυφαίοις
603 2170 715 2224 τῶν
763 2171 1085 2224 ἐπισκόπων
1141 2171 1478 2240 πέμψαντες,
1522 2170 1785 2240 βασιλικῷ

216 2261 556 2334 κελεύσματι
594 2261 1001 2331 ἀνεκλήθησαν.
1037 2254 1163 2313 Ὧδε
1192 2261 1239 2313 δ’
1278 2258 1424 2331 εἶχεν
1459 2263 1553 2315 ἐπὶ
1586 2261 1783 2328 λέξεως

211 2356 267 2407 τὺ
283 2353 504 2423 βιϐλίον
528 2370 541 2382 ·
568 2371 586 2403 ι
603 2353 741 2422 Ἤδη
770 2353 869 2421 μέν
887 2352 1394 2422 καταψηφισθέντες
1415 2353 1520 2424 πρὸ
1551 2354 1783 2424 κρίσεως

211 2441 360 2511 παρὰ
394 2442 496 2510 τῆς
546 2440 838 2502 εὐλαϐείας
880 2441 1057 2510 ὑμῶν,
1108 2442 1402 2511 ὀφείλομεν
1456 2444 1670 2511 σιωπᾷν
1712 2441 1781 2495 τὰ

209 2534 525 2601 κεκριμένα
560 2532 714 2599 παρὰ
757 2530 854 2600 τῆς
895 2530 1181 2594 εὐλαϐείας
1215 2531 1401 2601 ὑμῶν·
1433 2531 1549 2586 ἀλλ’
1592 2533 1781 2602 ἐπειδὴ

206 2628 415 2678 ἄτοπον
470 2622 599 2676 καθ’
649 2624 859 2676 ἑαυτῶν
908 2623 1094 2677 δοῦναι
1148 2624 1256 2676 τῶν
1298 2623 1783 2691 συκοφαντούντων

204 2718 305 2786 τὴν
327 2715 618 2780 ἀπόδειξιν
645 2716 711 2784 τῇ
740 2716 943 2785 σιωπῇ,
973 2714 1164 2769 τούτου
1193 2714 1382 2769 ἕνεκεν
1407 2717 1779 2787 ἀναφέρομεν,

203 2810 279 2869 ὼς
302 2807 471 2875 ἡμεῖς
505 2807 598 2858 καὶ
625 2808 692 2875 τῇ
730 2807 909 2859 πίστει
955 2806 1392 2877 συνεδράμομεν,
1430 2808 1525 2860 καὶ
1566 2807 1664 2875 τὴν
1701 2807 1783 2861 εν-

204 2916 359 2951 νοιαν
386 2898 753 2963 ἐξετάσαντες
784 2900 877 2952 ἐπὶ
900 2898 977 2967 τῷ
1006 2898 1304 2969 ὁμοουσίῳ,
1340 2899 1450 2952 ὅλοι
1479 2900 1781 2968 ἐγενόμεθα

203 2989 304 3056 τῆς
343 2989 597 3057 εἰρήνης,
648 2988 903 3058 μηδαμοῦ
950 2992 1018 3059 τῇ
1067 2977 1278 3058 αἱρέσει
1312 2987 1780 3060 ἐξακολουθήσαν-

1890 513 2248 571 eeelesiarum
2318 508 2578 580 praesides
2624 519 2921 575 rerumque
2957 514 3236 557 sacrarum
3270 502 3455 568 magi-

1889 616 2096 662 stratus
2124 614 2239 659 tum
2275 611 2452 665 erant,
2495 600 2589 669 qui
2629 613 2740 652 non
2770 597 2948 652 solum
2982 608 3106 648 eum
3137 593 3232 647 illo
3273 592 3449 646 rediti-

1889 698 2150 761 caudum,
2179 708 2369 750 verum
2394 694 2559 749 etiam
2587 690 2986 747 destruendum
3019 686 3149 750 sibi,
3186 694 3243 741 et
3272 686 3454 742 eccle-

1890 796 1986 847 sia:
2020 789 2375 845 fundamenta
2406 785 2656 840 funditus
2686 781 3047 839 evertendum
3097 785 3405 835 statuerant
3437 794 3450 830 :

1889 880 2050 935 sicuti
2112 879 2253 949 stylo
2306 876 2581 951 progressi
2640 872 3017 929 ostendemus.
3082 870 3248 926 Arius
3302 870 3451 923 enim

1888 971 2080 1044 synodi
2111 970 2286 1040 ipsius
2319 978 2486 1038 atque
2533 966 2886 1036 imperatoris
2931 961 3142 1018 calculo
3188 960 3452 1016 condem-

1890 1073 2072 1124 natus,
2118 1071 2175 1116 et
2214 1060 2410 1116 exsilio
2453 1067 2724 1112 mactatus
2772 1057 3004 1112 fuerat:
3044 1065 3210 1124 atque
3257 1051 3449 1107 itidem

1888 1157 2162 1213 Eusebius
2204 1152 2668 1215 Nicomediensis,
2726 1159 3142 1218 sectatoresque
3178 1147 3322 1216 ejus.
3355 1146 3450 1215 qui

1889 1247 2216 1319 professioni
2245 1244 2468 1315 quidem
2509 1242 2633 1297 ﬁdei
2681 1240 3153 1309 subscripseraut,
3205 1236 3318 1291 Arii
3351 1249 3453 1290 au-

1890 1353 1999 1395 tem
2050 1338 2565 1394 exauctorationem
2601 1331 2895 1389 sententiis
2924 1332 3042 1387 suis
3090 1330 3453 1400 comprobare

1887 1432 2199 1487 noluerant.
2240 1429 2307 1483 Et
2352 1428 2515 1483 Arius
2545 1442 2654 1480 non
2689 1426 2849 1495 longe
2883 1433 3010 1494 post
3044 1422 3322 1476 Nicaenam
3356 1434 3449 1490 sy-

1888 1525 2091 1579 nodum
2138 1522 2207 1577 ab
2252 1521 2448 1576 exsilio
2482 1520 2704 1588 quidem
2737 1527 2821 1572 est
2864 1526 3172 1576 revocatus,
3209 1513 3451 1567 Alexan-

1888 1617 2061 1671 driam
2126 1623 2306 1669 autem
2372 1613 2452 1666 ire
2519 1609 2853 1680 prohibitus.
2913 1607 3187 1663 Caeterum
3261 1613 3451 1674 postea

1888 1722 2109 1777 quoque
2139 1706 2189 1762 ei
2244 1705 2312 1759 ab
2346 1704 2610 1768 Eusebio,
2641 1703 2804 1773 633
2842 1708 2965 1771 post
3015 1696 3352 1768 palinodiam
3392 1703 3450 1748 et

1893 1798 2346 1862 recantatiouem,
2389 1796 2600 1850 reditus
2643 1797 2698 1849 in
2735 1808 2854 1847 eam
2890 1790 3083 1845 urbem
3119 1790 3450 1856 impetratos

1889 1906 2013 1948 est:
2056 1892 2107 1946 id
2159 1908 2269 1962 qun
2320 1906 2421 1947 suo
2463 1890 2588 1944 loco
2634 1888 2872 1944 dicetur.
2926 1884 3084 1940 Brevi
3135 1896 3359 1953 quoque
3392 1888 3449 1934 et

1889 1981 2163 2038 Eusebius
2198 1991 2255 2036 et
2290 1980 2570 2051 Theognis
2600 1979 2863 2034 ecclesias
2892 1993 3019 2032 suas
3069 1983 3400 2044 receperunt
3434 1992 3451 2028 :

1887 2074 1967 2125 eis
2005 2072 2096 2141 qui
2146 2071 2203 2125 in
2249 2085 2442 2125 eorum
2476 2070 2659 2123 locum
2711 2068 2981 2137 surrogati
3023 2067 3265 2127 fuerant,
3324 2064 3452 2118 Am-

1886 2165 2089 2234 phione
2121 2163 2461 2221 Nicomedia.
2492 2174 2542 2216 et
2576 2162 2810 2218 Chresto
2851 2160 3031 2216 Nicaea
3066 2162 3281 2230 ejectis.
3310 2160 3449 2215 Cum

1888 2268 2122 2324 namque
2164 2253 2503 2323 paenitentiae
2548 2254 2792 2310 libellum
2840 2255 3123 2324 primariis
3172 2254 3453 2324 episcopis

1886 2349 2191 2412 misissent,
2224 2348 2576 2419 imperatoris
2614 2348 2770 2417 jussu
2801 2359 2933 2403 sunt
2960 2352 3226 2405 revocati.
3264 2348 3456 2405 Libel-

1886 2441 1972 2495 lus
2022 2452 2209 2497 autem
2267 2441 2315 2496 is
2365 2442 2434 2495 de
2491 2443 2662 2495 verbo
2716 2442 2781 2496 ad
2841 2445 3067 2497 verbum
3132 2443 3258 2499 talis
3303 2444 3449 2499 fuit:

1894 2549 1911 2580 ι
1964 2530 2096 2584 Cum
2160 2529 2386 2599 quidem
2448 2531 2678 2586 calculis
2742 2533 2941 2587 vestris
2989 2543 3117 2588 ante
3172 2534 3447 2603 judicium

1886 2619 2117 2683 factum,
2141 2636 2168 2672 τι
2198 2620 2403 2688 pietate
2437 2631 2617 2674 vestra
2648 2620 2891 2675 damnati
2938 2621 3130 2687 simus,
3159 2622 3322 2678 silere
3353 2622 3452 2677 de-

1888 2713 2205 2767 buissemus
2234 2712 2302 2768 de
2331 2713 2553 2782 pietatis
2580 2721 2779 2768 vestrae
2803 2713 3063 2768 decretis.
3090 2713 3451 2785 QUamIOqui-

1885 2806 2007 2860 dem
2040 2821 2171 2861 vero
2200 2806 2499 2860 absurdum
2526 2806 2713 2871 fuerit,
2743 2806 2966 2861 silentio
2992 2808 3110 2876 ipso
3138 2807 3450 2879 sycophan-

1889 2900 1975 2953 ιὶαο
2038 2899 2355 2969 opinionem
2420 2910 2473 2954 et
2540 2899 2800 2954 iudicium
2869 2908 3062 2954 contra
3133 2916 3232 2955 nos
3303 2902 3453 2971 ipsos

1887 2990 2132 3058 praebere
2163 3008 2177 3044 :
2205 3006 2325 3044 eam
2357 2992 2529 3059 ipsam
2560 2990 2632 3044 ob
2663 3006 2883 3045 causam
2909 2992 2975 3045 ad
3010 3008 3105 3046 vos
3131 2991 3450 3057 referimus,

203 3096 328 3141 τεςο
366 3079 790 3148 ὑπομνήσαντες
824 3080 879 3132 δὲ
911 3079 1005 3131 ἐπὶ
1054 3080 1121 3148 τῇ
1150 3079 1419 3150 ἀσφαλείᾳ
1450 3079 1557 3133 τῶν
1576 3080 1779 3150 ἐκκλη-

1887 3096 1987 3134 nos
2027 3081 2352 3149 professioni
2387 3082 2511 3137 fidei
2540 3082 2912 3149 consensisse,
2938 3086 3322 3155 sententiaque
3352 3088 3448 3139 τοῦ

206 3173 360 3234 σιῶν,
395 3172 502 3224 ὅσα
528 3170 621 3223 τὸν
650 3170 913 3239 λογισμὸν
939 3170 1099 3240 ἡμῶν
1122 3169 1475 3241 ὑπερέτρεχε.
1505 3171 1616 3225 Καὶ
1646 3171 1783 3239 πληο

206 3262 618 3336 εοφορηθέντες
653 3264 749 3316 καὶ
783 3262 1303 3332 πληροφορήσαντες
1353 3263 1479 3328 τοὺς
1512 3263 1582 3316 δι’
1619 3264 1783 3334 ὴμῶν

207 3359 510 3426 πεισθῆναι
565 3355 906 3423 ὀφείλοντας,
953 3355 1433 3427 ὑπεσημηνάμεθα
1476 3359 1542 3427 τῇ
1577 3358 1780 3411 πίστει.

205 3450 298 3519 Τῷ
321 3449 382 3501 δὲ
403 3446 851 3517 ἀναθεματισμῷ
873 3448 973 3517 οὐχ
1002 3447 1423 3517 ὑπεγράψαμεν,
1458 3448 1555 3518 οὐχ
1580 3447 1655 3510 ὡς
1682 3448 1781 3515 τῆς

208 3538 458 3598 πίστεως
498 3533 966 3603 κατηγοροῦντες,
1003 3534 1119 3586 ἀλλ’
1152 3534 1227 3596 ὡς
1261 3533 1620 3595 ἀπιστοῦντες
1669 3550 1781 3587 τοι-

204 3629 368 3681 οῦτον
391 3625 538 3680 εἶναι
592 3628 684 3680 τὸν
739 3627 1211 3698 κατηγορηθέντα,
1243 3629 1306 3680 ἐκ
1355 3629 1462 3680 τῶν
1493 3629 1599 3698 ίδίᾳ
1644 3629 1781 3698 πρὶς

208 3724 360 3791 ἡμᾶς
419 3719 553 3789 παρ’
591 3719 759 3772 αὑτοῦ
814 3719 903 3771 διά
950 3736 1009 3772 τε
1048 3720 1372 3779 ἐπιστολῶν,
1416 3722 1509 3772 καὶ
1547 3722 1654 3773 τῶν
1700 3723 1779 3785 είς

208 3800 509 3886 πρῖσωπον
539 3812 834 3876 διαλέξεων
862 3813 1469 3882 πεπληροφορημένοις,
1499 3814 1572 3882 μὴ
1605 3813 1781 3865 τοιοῦ-

208 3928 303 3961 τον
341 3904 511 3960 εἶναι.
535 3906 602 3960 Εἰ
639 3906 697 3958 δὲ
727 3904 958 3975 ἐπείσθη
998 3907 1031 3975 ἡ
1064 3905 1195 3972 ἁγία
1222 3907 1379 3974 ἡμῶν
1411 3907 1647 3970 σύνοδος,
1681 3907 1780 3959 οὐκ

206 3999 643 4065 ἁντιτείνοντὲς,
680 3999 815 4052 ἀλλὰ
874 4000 1215 4060 συντιθέντες
1273 4001 1380 4061 τοῖς
1436 4002 1564 4066 παρ’
1626 4000 1780 4068 ὑμῶν

207 4094 595 4161 κεκριμένοις,
629 4092 721 4143 καὶ
750 4090 838 4143 διά
882 4090 979 4141 τοῦ
1038 4093 1365 4160 γράμματος
1404 4089 1781 4161 πληροφνιροῦ-

207 4206 311 4256 μεν
350 4189 454 4255 τὴν
485 4185 916 4251 συγκατάθεσιν,
965 4187 1024 4237 ού
1056 4186 1156 4254 τὴν
1188 4187 1401 4254 εξορῐαν
1437 4187 1645 4255 βαρέως
1683 4187 1778 4254 φὲ·

207 4291 420 4345 pons,
452 4277 593 4326 ἀλλα
627 4275 725 4341 τὴν
753 4266 1013 4325 ὑπόνοιαν
1037 4273 1135 4341 τῆς
1177 4274 1441 4340 αἱρέσεως
1476 4274 1781 4341 ἀποδυόμε-

204 4384 322 4419 νοι·
360 4368 411 4419 εί
457 4367 566 4435 γὰρ
620 4363 990 4428 καταξιώσετε
1046 4364 1138 4415 νῦν
1190 4363 1322 4431 γοῦν
1373 4367 1453 4427 είς
1486 4365 1777 4435 πρόσωπον

1886 3169 2173 3237 ὁμοουσίου
2227 3180 2282 3224 et
2330 3172 2817 3228 consubstantialis
2860 3175 3167 3244 explorata,
3230 3187 3453 3245 pacatos

1886 3276 2115 3329 prorsus
2147 3260 2336 3324 fuisse,
2372 3277 2549 3331 neque
2585 3263 2694 3316 ulla
2725 3279 2789 3317 ex
2824 3275 2979 3333 parte
3024 3266 3219 3323 haeresi
3259 3270 3451 3324 adhae-

1887 3352 2049 3407 sisse.
2087 3351 2451 3409 Certitndinis
2497 3366 2679 3411 autem
2709 3358 3068 3414 ecclesiarum
3102 3378 3293 3429 causa,
3330 3380 3451 3434 qua}

1887 3444 2046 3498 nobis
2073 3444 2127 3498 in
2158 3456 2398 3499 mentem
2424 3459 2711 3511 venerant,
2742 3450 2795 3503 in
2826 3452 3067 3506 medium
3094 3455 3447 3521 protulimus.

1883 3540 2062 3606 Atque
2096 3537 2200 3605 ipsi
2251 3540 2468 3593 tandem
2500 3553 2655 3595 certo
2696 3543 2966 3610 persuasi,
3013 3542 3246 3614 aliisque
3276 3548 3446 3601 etiam

1883 3643 2023 3698 quos
2069 3630 2361 3699 Oportebat
2411 3632 2603 3687 itidem
2654 3650 2683 3688 a
2736 3635 2898 3689 nobis
2950 3640 3264 3706 persuasis,
3319 3640 3446 3696 fidei

1883 3720 2335 3790 subscripsimus.
2396 3723 2747 3781 Auathemati
2804 3716 2934 3783 vero
2982 3732 3442 3790 subscribendum

1884 3829 1992 3868 nou
2020 3814 2307 3877 duximus,
2350 3830 2456 3869 non
2491 3816 2711 3885 quidem
2742 3820 2883 3885 quod
2916 3822 3077 3876 fidem
3124 3825 3293 3894 ipsaut
3324 3843 3446 3880 ear-
3500 3891 3504 3896 ι

1886 3919 2174 3974 peremus:
2211 3919 2403 3958 verum
2436 3904 2579 3974 quod
2611 3922 2735 3959 eum
2777 3910 2870 3978 qui
2915 3924 3211 3968 accusatus
3241 3917 3444 3982 fuerat,

1884 3996 2047 4051 talem
2104 4011 2225 4049 esse
2284 4011 2393 4048 non
2451 3998 2826 4053 crederemus.
2875 4001 2951 4056 Ex
2999 4004 3247 4074 epistolis
3293 4010 3442 4065 enim

1884 4090 2007 4156 ejus
2036 4086 2102 4141 ad
2149 4103 2247 4140 nos
2276 4086 2342 4140 da
2375 4088 2440 4154 is,
2475 4092 2939 4164 sermonibusque
2966 4097 3020 4150 in
3053 4098 3248 4153 faciem
3283 4102 3450 4157 colla-

1888 4179 1978 4246 tis,
2024 4182 2289 4235 ccrtiores
2322 4179 2451 4235 facti
2489 4200 2702 4251 sumus,
2741 4189 2902 4242 talem
2955 4207 3063 4245 non
3108 4209 3249 4248 esse.
3291 4195 3447 4262 Quod

1884 4274 1929 4327 si
1969 4282 2161 4328 saneta
2198 4285 2378 4330 vestra
2430 4278 2673 4347 synodus
2705 4280 2773 4334 de
2816 4296 2882 4336 eo
2914 4284 2995 4337 sic
3044 4300 3304 4354 persuasa
3340 4298 3443 4349 est.

1885 4377 1984 4416 nos
2043 4363 2178 4417 nihil
2228 4382 2615 4437 repugnamus.
2659 4369 2930 4427 Cmterum
2974 4376 3294 4448 sullragium
3348 4396 3448 4434 no-

200 4459 498 4513 ἀναλαϐεῐν
557 4457 725 4525 ἡμᾶς,
759 4457 908 4519 ἕξετε
936 4458 995 4507 ὲν
1048 4457 1219 4510 ἅπασι
1270 4457 1613 4530 συμψύχους,
1648 4459 1780 4511 ἀκο-

1888 4462 2060 4507 strum
2086 4454 2152 4508 ad
2176 4455 2394 4511 decreta
2424 4470 2604 4514 vestra
2631 4444 3259 4540 accommodantes,per
3283 4472 3446 4528 hasce

200 4550 535 4612 ὶουθοῦντας
565 4550 680 4610 τοῖς
716 4548 844 4617 παρ’
898 4548 1052 4617 ὑμῶν
1097 4551 1468 4618 κεκριμένοις.
1514 4551 1627 4605 Καὶ
1684 4551 1773 4604 ὅτε

201 4642 365 4692 αὑτὸν
418 4641 512 4692 τὸν
548 4640 643 4692 ἐπὶ
671 4639 888 4700 τούτοις
941 4641 1273 4710 ἐναγόμενον
1303 4642 1480 4707 ἔδοξεν
1526 4642 1681 4713 ὑμῶν
1705 4642 1771 4709 τῇ

200 4733 466 4803 εὐλαϐείᾳ
520 4732 1074 4801 φιλανθρωπεύεσθαι
1138 4734 1231 4787 καὶ
1293 4734 1771 4801 ἀνακαλέσασθαι,

200 4827 408 4877 ἄτοπον
438 4822 497 4874 δέ
528 4839 579 4874 τι
605 4821 895 4884 δοκοῦντες
928 4819 1070 4876 εἶναι
1123 4824 1427 4878 ὑπευθύνου
1461 4827 1770 4895 ἀνακεκλη-

203 4919 364 4985 μένου
394 4920 493 4968 καὶ
521 4915 1011 4983 ἀπολογησαμένου
1035 4916 1119 4982 ἐφ’
1147 4912 1228 4980 οἷς
1263 4916 1597 4982 διεϐάλλετο,
1626 4921 1773 4988 ἡμᾶς

202 5010 438 5079 σιωπᾷν,
467 5006 593 5060 καθ’
636 5007 848 5059 ἑαυτῶν
883 5008 1135 5070 ἐνδόντας
1173 5011 1263 5061 τὸν
1294 5009 1544 5078 ἔλεγχον.
1587 5012 1773 5064 Κατα-

197 5098 434 5161 ξιὼσατε
455 5092 573 5161 οὖν,
601 5096 674 5159 ὡς
697 5096 929 5167 ἁρμόζει
960 5100 1026 5168 τῇ
1058 5099 1393 5171 φιλοχρίστῳ
1426 5100 1580 5171 ὑμῶν
1609 5101 1771 5156 εὐλα-

195 5190 333 5261 ϐείᾳ,
367 5189 468 5243 καὶ
500 5189 592 5240 τὸν
624 5188 1039 5258 θεοφιλέστατον
1063 5191 1287 5261 βασιλέα
1310 5193 1649 5263 ὑπομνῆσαι,
1678 5194 1772 5246 καὶ

192 5280 288 5340 τὰς
317 5277 543 5344 δεήσεις
572 5275 731 5352 ἡμῶν
756 5277 1083 5348 ἐγχειρίσαι,
1117 5280 1210 5331 καὶ
1255 5281 1448 5333 θᾶττον
1477 5282 1772 5350 βουλεύσα-

194 5368 317 5422 σθαι
334 5368 408 5419 τὰ
429 5368 564 5435 ὑμῖν
587 5365 900 5435 ἁρμόζοντα
919 5369 1005 5436 ἐφ’
1024 5370 1179 5439 ἡμῖν.
1218 5390 1236 5423 ι
1258 5371 1351 5424 Ἐκ
1366 5372 1567 5442 ταύτης
1588 5376 1769 5427 τοίνυν

190 5455 285 5521 τῆς
310 5453 653 5522 παλινῳδίας
676 5455 1143 5527 ὲπανακληθέντες
1171 5460 1431 5525 Βύσέϐιός
1454 5480 1510 5515 τε
1530 5465 1623 5516 καὶ
1643 5464 1774 5517 Θεο-

188 5548 395 5610 γῶνιος,
427 5547 533 5607 τὰς
587 5545 721 5609 ίδίας
756 5547 1051 5618 ἐκκλησίας
1088 5551 1265 5621 ἔσχον,
1300 5558 1427 5617 τοὺς
1459 5556 1547 5607 ἐπ’
1575 5558 1771 5621 αὐταῖς

189 5633 686 5705 χειροτονηθέντας
710 5636 1128 5706 ἐκϐεϐληκότες,
1146 5641 1219 5703 ὡς
1247 5644 1481 5715 εἴρηται.
1503 5647 1608 5700 Καὶ
1636 5666 1767 5718 προ-

186 5737 435 5799 σχήματι
466 5728 526 5780 τὰ
547 5726 714 5780 κώδια
733 5733 1103 5801 περιθέμενοι,
1126 5735 1191 5786 τὰ
1212 5736 1388 5791 λύκων
1415 5740 1765 5810 είργάσαντο.

512 5825 787 5884 Pyram“
831 5827 945 5887 Gn.
993 5829 1231 5891 (lXLl'l

1875 4545 2112 4608 litteras.
2150 4548 2313 4617 plena
2347 4549 2452 4604 fide
2487 4568 2822 4610 consensum
2857 4569 3106 4614 nostrum
3153 4565 3445 4619 continua-

1879 4654 2041 4694 mus:
2078 4657 2186 4694 non
2218 4659 2320 4699 nos
2352 4646 2573 4713 quidem
2606 4651 2851 4718 graviter
2888 4655 3145 4708 exsilium
3178 4656 3442 4725 ferenth,

1876 4731 1971 4785 sed
1999 4734 2371 4802 suspicionem
2411 4739 2636 4795 hteresis
2669 4743 3015 4799 atnolientes.
3065 4748 3221 4813 Quod
3260 4752 3304 4804 si
3355 4753 3441 4808 di-

1875 4828 2179 4895 gnabimiui
2211 4847 2310 4886 nos
2339 4832 2395 4885 in
2443 4846 2803 4905 conspectum
2835 4853 3079 4897 vestrum
3121 4844 3441 4912 admittere,

1880 4921 2164 4976 unanimes
2196 4923 2249 4975 in
2280 4925 2538 4979 omnibus
2578 4926 2872 4992 habebitis,
2905 4932 3185 5003 rebusque
3244 4941 3443 4996 vestris

1870 5014 2135 5084 judicatis
2162 5026 2389 5095 stantes.
2428 5018 2493 5073 Et
2530 5036 2655 5074 cum
2686 5023 2874 5090 pietati
2918 5038 3116 5083 vestrae
3144 5031 3438 5099 placuerit,

1874 5118 2000 5156 eum
2027 5104 2121 5172 qui
2147 5103 2396 5159 criminis
2422 5106 2585 5179 hujus
2614 5111 2839 5168 nomine
2866 5127 2950 5169 est
2977 5116 3221 5182 delatus;
3250 5124 3440 5178 buma-

1876 5195 2021 5250 niter
2058 5211 2321 5251 revocare
2348 5238 2361 5261 ,
2400 5199 2698 5255 absurdum
2747 5220 2871 5260 esse
2904 5208 3185 5275 duximus,
3222 5228 3444 5282 postea-

1874 5304 2037 5355 quam
2070 5306 2196 5343 reus
2227 5292 2343 5360 ip~e
2380 5306 2693 5361 revocatus,
2739 5301 2803 5352 de
2833 5301 3044 5358 intenta
3091 5307 3196 5359 sibi
3232 5308 3439 5360 colurn-

1877 5380 1963 5434 nia
1992 5397 2211 5435 causam
2246 5383 2404 5448 dixit,
2429 5397 2485 5440 ut
2507 5403 2605 5442 nos
2633 5405 2861 5458 prorsus
2894 5404 3221 5461 taceremus,
3246 5410 3438 5454 contra

1875 5488 1974 5525 nos
2009 5472 2159 5541 ipsos
2197 5478 2645 5543 reprehensionis
2686 5486 3031 5541 occisionem
3083 5489 3435 5547 exhibentes.

1875 5559 2060 5616 Facite
2118 5564 2309 5632 igitur,
2368 5569 2531 5621 sicuti
2596 5572 2790 5639 pietati
2848 5588 3044 5631 vestrae
3099 5578 3435 5638 Christiame

1874 5652 2135 5705 convenit
2164 5673 2177 5707 :
2213 5667 2271 5709 ut
2302 5656 2393 5711 Dei
2430 5663 2871 5717 amantissimum
2922 5667 3311 5731 imperatorem
3341 5674 3442 5726 ad-

1874 5744 2166 5814 moueatis,
2196 5762 2386 5816 preces
2414 5760 2633 5807 nostras
2664 5754 2841 5811 eidem
2868 5759 3136 5826 otl'eratis.
3162 5774 3216 5819 et
3247 5780 3442 5835 quam-

3015 5860 3052 5914 ti
