  <div class='ocr_page' id='page_1' title='image "/cluster/home/n/w/nwhite01/storage/ocr_20150623/146/hvd.32044073502601/103.png"; bbox 0 0 3988 6190; ppageno 0'>
   <div class='ocr_carea' id='block_1_1' title="bbox 545 322 3788 396">
    <p class='ocr_par' dir='ltr' id='par_1_1' title="bbox 545 322 3788 396">
     <span class='ocr_line' id='line_1_1' title="bbox 545 322 3788 396; baseline 0.002 -15"><span class='ocrx_word' id='word_1_1' title='bbox 545 323 637 388; x_wconf 71' lang='grc' dir='ltr'>ι’ῑι</span> <span class='ocrx_word' id='word_1_2' title='bbox 1752 322 2170 383; x_wconf 82' lang='lat' dir='ltr'><strong>NICEPIIORI</strong></span> <span class='ocrx_word' id='word_1_3' title='bbox 2213 324 2554 385; x_wconf 84' lang='lat' dir='ltr'><strong>CALLISTI</strong></span> <span class='ocrx_word' id='word_1_4' title='bbox 3680 333 3788 396; x_wconf 67' lang='lat'><strong>172</strong></span> 
     </span>
    </p>
   </div>
   <div class='ocr_carea' id='block_1_2' title="bbox 540 429 2117 509">
    <p class='ocr_par' dir='ltr' id='par_1_2' title="bbox 540 429 2092 507">
     <span class='ocr_line' id='line_1_2' title="bbox 540 429 2092 507; baseline -0.006 -16"><span class='ocrx_word' id='word_1_5' title='bbox 540 436 783 507; x_wconf 89' lang='lat' dir='ltr'><strong>primum</strong></span> <span class='ocrx_word' id='word_1_6' title='bbox 816 448 937 503; x_wconf 71' lang='lat' dir='ltr'><strong>qua:</strong></span> <span class='ocrx_word' id='word_1_7' title='bbox 954 446 1054 489; x_wconf 88' lang='lat' dir='ltr'><strong>vos</strong></span> <span class='ocrx_word' id='word_1_8' title='bbox 1082 432 1262 487; x_wconf 85' lang='lat' dir='ltr'><strong>facere</strong></span> <span class='ocrx_word' id='word_1_9' title='bbox 1280 431 1461 497; x_wconf 88' lang='lat' dir='ltr'><strong>decet,</strong></span> <span class='ocrx_word' id='word_1_10' title='bbox 1495 429 1564 485; x_wconf 90' lang='lat' dir='ltr'><strong>de</strong></span> <span class='ocrx_word' id='word_1_11' title='bbox 1594 430 1757 485; x_wconf 84' lang='lat' dir='ltr'><strong>nobis</strong></span> <span class='ocrx_word' id='word_1_12' title='bbox 1777 431 2058 485; x_wconf 73' lang='lat' dir='ltr'><strong>statuatis.</strong></span> <span class='ocrx_word' id='word_1_13' title='bbox 2075 449 2092 481; x_wconf 76' lang='grc' dir='ltr'><strong>ι</strong></span> 
     </span>
    </p>
   </div>
   <div class='ocr_carea' id='block_1_3' title="bbox 2230 429 3784 509">
    <p class='ocr_par' dir='ltr' id='par_1_3' title="bbox 2230 431 3784 509">
     <span class='ocr_line' id='line_1_3' title="bbox 2230 431 3784 509; baseline 0.006 -24"><span class='ocrx_word' id='word_1_14' title='bbox 2230 431 2282 502; x_wconf 70' lang='grc' dir='ltr'><strong>Γῇ</strong></span> <span class='ocrx_word' id='word_1_15' title='bbox 2316 432 2425 502; x_wconf 79' lang='grc' dir='ltr'><strong>γάρ</strong></span> <span class='ocrx_word' id='word_1_16' title='bbox 2458 432 2723 503; x_wconf 83' lang='grc' dir='ltr'>βασιλέως</span> <span class='ocrx_word' id='word_1_17' title='bbox 2756 432 3145 505; x_wconf 68' lang='grc' dir='ltr'>φιλανθρωπίᾳ</span> <span class='ocrx_word' id='word_1_18' title='bbox 3175 438 3512 507; x_wconf 70' lang='grc' dir='ltr'><strong>χρησάμενοι</strong></span> <span class='ocrx_word' id='word_1_19' title='bbox 3550 439 3626 502; x_wconf 78' lang='grc' dir='ltr'>ὡς</span> <span class='ocrx_word' id='word_1_20' title='bbox 3651 442 3784 509; x_wconf 52' lang='grc' dir='ltr'>ἐςόο</span> 
     </span>
    </p>
   </div>
   <div class='ocr_carea' id='block_1_4' title="bbox 538 522 2117 603">
    <p class='ocr_par' dir='ltr' id='par_1_4' title="bbox 538 522 2102 595">
     <span class='ocr_line' id='line_1_4' title="bbox 538 522 2102 595; baseline -0.004 -12"><span class='ocrx_word' id='word_1_21' title='bbox 538 528 671 583; x_wconf 86' lang='lat' dir='ltr'><strong>Post</strong></span> <span class='ocrx_word' id='word_1_22' title='bbox 716 526 861 581; x_wconf 88' lang='lat' dir='ltr'><strong>hanc</strong></span> <span class='ocrx_word' id='word_1_23' title='bbox 894 524 1227 595; x_wconf 84' lang='lat' dir='ltr'><strong>palinodiam</strong></span> <span class='ocrx_word' id='word_1_24' title='bbox 1265 535 1321 578; x_wconf 92' lang='lat' dir='ltr'><strong>et</strong></span> <span class='ocrx_word' id='word_1_25' title='bbox 1354 522 1811 588; x_wconf 88' lang='lat' dir='ltr'><strong>recantationcm,</strong></span> <span class='ocrx_word' id='word_1_26' title='bbox 1862 523 2102 578; x_wconf 76' lang='lat' dir='ltr'><strong>revocati</strong></span> 
     </span>
    </p>
   </div>
   <div class='ocr_carea' id='block_1_5' title="bbox 2230 522 3787 603">
    <p class='ocr_par' dir='ltr' id='par_1_5' title="bbox 2230 525 3787 603">
     <span class='ocr_line' id='line_1_5' title="bbox 2230 525 3787 603; baseline 0.006 -28"><span class='ocrx_word' id='word_1_27' title='bbox 2230 528 2321 578; x_wconf 80' lang='lat' dir='ltr'><strong>itov</strong></span> <span class='ocrx_word' id='word_1_28' title='bbox 2358 525 2657 595; x_wconf 77' lang='grc' dir='ltr'><strong>ἐξαπάτης,</strong></span> <span class='ocrx_word' id='word_1_29' title='bbox 2694 525 2769 594; x_wconf 82' lang='grc' dir='ltr'>τῷ</span> <span class='ocrx_word' id='word_1_30' title='bbox 2823 529 3040 595; x_wconf 87' lang='grc' dir='ltr'>συνεχεῖ</span> <span class='ocrx_word' id='word_1_31' title='bbox 3096 528 3196 598; x_wconf 81' lang='grc' dir='ltr'>τῆς</span> <span class='ocrx_word' id='word_1_32' title='bbox 3232 529 3367 600; x_wconf 82' lang='grc' dir='ltr'>πρὸς</span> <span class='ocrx_word' id='word_1_33' title='bbox 3397 530 3465 582; x_wconf 84' lang='grc' dir='ltr'><strong>τά</strong></span> <span class='ocrx_word' id='word_1_34' title='bbox 3525 530 3787 603; x_wconf 85' lang='grc' dir='ltr'>βασίλεια</span> 
     </span>
    </p>
   </div>
   <div class='ocr_carea' id='block_1_6' title="bbox 536 610 2117 686">
    <p class='ocr_par' dir='ltr' id='par_1_6' title="bbox 536 613 2105 686">
     <span class='ocr_line' id='line_1_6' title="bbox 536 613 2105 686; baseline -0.004 -14"><span class='ocrx_word' id='word_1_35' title='bbox 536 617 812 673; x_wconf 79' lang='lat' dir='ltr'><strong>Eusebius</strong></span> <span class='ocrx_word' id='word_1_36' title='bbox 849 624 906 671; x_wconf 92' lang='lat' dir='ltr'><strong>et</strong></span> <span class='ocrx_word' id='word_1_37' title='bbox 952 615 1249 684; x_wconf 73' lang='lat' dir='ltr'><strong>Theognis,</strong></span> <span class='ocrx_word' id='word_1_38' title='bbox 1282 613 1448 686; x_wconf 62' lang='lat'><strong>635</strong></span> <span class='ocrx_word' id='word_1_39' title='bbox 1479 613 1742 669; x_wconf 81' lang='lat' dir='ltr'><strong>ecclesias</strong></span> <span class='ocrx_word' id='word_1_40' title='bbox 1771 627 1901 667; x_wconf 81' lang='lat' dir='ltr'><strong>suas</strong></span> <span class='ocrx_word' id='word_1_41' title='bbox 1953 626 2105 667; x_wconf 89' lang='lat' dir='ltr'><strong>rece-</strong></span> 
     </span>
    </p>
   </div>
   <div class='ocr_carea' id='block_1_7' title="bbox 2230 610 3790 686">
    <p class='ocr_par' dir='ltr' id='par_1_7' title="bbox 2230 610 3790 686">
     <span class='ocr_line' id='line_1_7' title="bbox 2230 610 3790 686; baseline 0.007 -22"><span class='ocrx_word' id='word_1_42' title='bbox 2230 610 2441 678; x_wconf 77' lang='lat' dir='ltr'><strong>:ic660u,</strong></span> <span class='ocrx_word' id='word_1_43' title='bbox 2469 613 2571 684; x_wconf 76' lang='grc' dir='ltr'>τὴν</span> <span class='ocrx_word' id='word_1_44' title='bbox 2605 614 2877 684; x_wconf 77' lang='grc' dir='ltr'>προτέραν</span> <span class='ocrx_word' id='word_1_45' title='bbox 2914 615 3239 670; x_wconf 80' lang='grc' dir='ltr'><strong>δυναστείαν</strong></span> <span class='ocrx_word' id='word_1_46' title='bbox 3286 618 3680 686; x_wconf 80' lang='grc' dir='ltr'>ἀπολαϐόντες,</span> <span class='ocrx_word' id='word_1_47' title='bbox 3717 624 3790 674; x_wconf 65' lang='grc' dir='ltr'><strong>τά</strong></span> 
     </span>
    </p>
   </div>
   <div class='ocr_carea' id='block_1_8' title="bbox 538 688 2117 781">
    <p class='ocr_par' dir='ltr' id='par_1_8' title="bbox 538 688 2100 781">
     <span class='ocr_line' id='line_1_8' title="bbox 538 688 2100 781; baseline -0.004 -16"><span class='ocrx_word' id='word_1_48' title='bbox 538 688 761 781; x_wconf 84' lang='lat' dir='ltr'><strong>perunt,</strong></span> <span class='ocrx_word' id='word_1_49' title='bbox 794 710 878 764; x_wconf 87' lang='lat' dir='ltr'><strong>eis</strong></span> <span class='ocrx_word' id='word_1_50' title='bbox 912 708 1007 778; x_wconf 88' lang='lat' dir='ltr'><strong>qui</strong></span> <span class='ocrx_word' id='word_1_51' title='bbox 1043 708 1152 761; x_wconf 89' lang='lat' dir='ltr'><strong>illis</strong></span> <span class='ocrx_word' id='word_1_52' title='bbox 1195 704 1411 762; x_wconf 87' lang='lat' dir='ltr'><strong>suffecti</strong></span> <span class='ocrx_word' id='word_1_53' title='bbox 1442 706 1663 760; x_wconf 74' lang='lat' dir='ltr'><strong>fuerant</strong></span> <span class='ocrx_word' id='word_1_54' title='bbox 1699 705 1957 773; x_wconf 85' lang='lat' dir='ltr'><strong>repulsis,</strong></span> <span class='ocrx_word' id='word_1_55' title='bbox 1981 706 2100 759; x_wconf 85' lang='lat' dir='ltr'><strong>sic-</strong></span> 
     </span>
    </p>
   </div>
   <div class='ocr_carea' id='block_1_9' title="bbox 2230 688 3243 781">
    <p class='ocr_par' dir='ltr' id='par_1_9' title="bbox 2230 703 3243 777">
     <span class='ocr_line' id='line_1_9' title="bbox 2230 703 3243 777; baseline 0.007 -23"><span class='ocrx_word' id='word_1_56' title='bbox 2230 704 2477 757; x_wconf 80' lang='grc' dir='ltr'>τάνδεινα</span> <span class='ocrx_word' id='word_1_57' title='bbox 2500 703 2690 774; x_wconf 76' lang='grc' dir='ltr'>ἔδρων,</span> <span class='ocrx_word' id='word_1_58' title='bbox 2723 706 2799 767; x_wconf 84' lang='grc' dir='ltr'>ὡς</span> <span class='ocrx_word' id='word_1_59' title='bbox 2825 706 3061 774; x_wconf 74' lang='grc' dir='ltr'>ἐροῦμεν</span> <span class='ocrx_word' id='word_1_60' title='bbox 3094 708 3243 777; x_wconf 79' lang='grc' dir='ltr'>ἑξῆς.</span> 
     </span>
    </p>
   </div>
   <div class='ocr_carea' id='block_1_10' title="bbox 539 796 3789 872">
    <p class='ocr_par' dir='ltr' id='par_1_10' title="bbox 539 796 3789 872">
     <span class='ocr_line' id='line_1_10' title="bbox 539 796 3789 872; baseline -0.001 -13"><span class='ocrx_word' id='word_1_61' title='bbox 539 803 619 858; x_wconf 89' lang='lat' dir='ltr'><strong>uti</strong></span> <span class='ocrx_word' id='word_1_62' title='bbox 669 803 876 856; x_wconf 91' lang='lat' dir='ltr'><strong>dictum</strong></span> <span class='ocrx_word' id='word_1_63' title='bbox 925 809 1028 856; x_wconf 88' lang='lat' dir='ltr'><strong>est.</strong></span> <span class='ocrx_word' id='word_1_64' title='bbox 1078 799 1171 855; x_wconf 85' lang='lat' dir='ltr'><strong>Sic</strong></span> <span class='ocrx_word' id='word_1_65' title='bbox 1233 801 1309 853; x_wconf 85' lang='lat' dir='ltr'><strong>illi</strong></span> <span class='ocrx_word' id='word_1_66' title='bbox 1346 801 1449 855; x_wconf 89' lang='lat' dir='ltr'><strong>sub</strong></span> <span class='ocrx_word' id='word_1_67' title='bbox 1513 807 1781 868; x_wconf 80' lang='lat' dir='ltr'><strong>praetextu</strong></span> <span class='ocrx_word' id='word_1_68' title='bbox 1846 800 2033 853; x_wconf 89' lang='lat' dir='ltr'><strong>ovium</strong></span> <span class='ocrx_word' id='word_1_69' title='bbox 2091 796 2331 866; x_wconf 81' lang='lat' dir='ltr'><strong>pellibus</strong></span> <span class='ocrx_word' id='word_1_70' title='bbox 2398 797 2607 862; x_wconf 81' lang='lat' dir='ltr'><strong>amicti,</strong></span> <span class='ocrx_word' id='word_1_71' title='bbox 2676 798 2835 867; x_wconf 90' lang='lat' dir='ltr'><strong>lupos</strong></span> <span class='ocrx_word' id='word_1_72' title='bbox 2899 809 3152 869; x_wconf 80' lang='lat' dir='ltr'><strong>egerunt.</strong></span> <span class='ocrx_word' id='word_1_73' title='bbox 3222 802 3358 855; x_wconf 86' lang='lat' dir='ltr'><strong>Nam</strong></span> <span class='ocrx_word' id='word_1_74' title='bbox 3429 802 3789 872; x_wconf 71' lang='lat' dir='ltr'><strong>imperatoris</strong></span> 
     </span>
    </p>
   </div>
   <div class='ocr_carea' id='block_1_11' title="bbox 541 893 3791 971">
    <p class='ocr_par' dir='ltr' id='par_1_11' title="bbox 541 893 3791 971">
     <span class='ocr_line' id='line_1_11' title="bbox 541 893 3791 971; baseline -0.001 -15"><span class='ocrx_word' id='word_1_75' title='bbox 541 901 883 956; x_wconf 78' lang='lat' dir='ltr'><strong>humanitate</strong></span> <span class='ocrx_word' id='word_1_76' title='bbox 917 898 983 953; x_wconf 92' lang='lat' dir='ltr'><strong>ad</strong></span> <span class='ocrx_word' id='word_1_77' title='bbox 1013 898 1352 953; x_wconf 90' lang='lat' dir='ltr'><strong>seductionis</strong></span> <span class='ocrx_word' id='word_1_78' title='bbox 1382 898 1829 954; x_wconf 89' lang='lat' dir='ltr'><strong>commoditatem</strong></span> <span class='ocrx_word' id='word_1_79' title='bbox 1872 896 2029 950; x_wconf 87' lang='lat' dir='ltr'><strong>abusi</strong></span> <span class='ocrx_word' id='word_1_80' title='bbox 2059 895 2159 965; x_wconf 79' lang='lat' dir='ltr'><strong>(l),</strong></span> <span class='ocrx_word' id='word_1_81' title='bbox 2202 904 2259 950; x_wconf 89' lang='lat' dir='ltr'><strong>et</strong></span> <span class='ocrx_word' id='word_1_82' title='bbox 2313 893 2578 949; x_wconf 92' lang='lat' dir='ltr'><strong>continuo</strong></span> <span class='ocrx_word' id='word_1_83' title='bbox 2611 894 2980 964; x_wconf 75' lang='lat' dir='ltr'><strong>imperatoria:</strong></span> <span class='ocrx_word' id='word_1_84' title='bbox 3006 898 3142 952; x_wconf 73' lang='lat' dir='ltr'><strong>aulae</strong></span> <span class='ocrx_word' id='word_1_85' title='bbox 3169 898 3323 954; x_wconf 89' lang='lat' dir='ltr'><strong>aditu</strong></span> <span class='ocrx_word' id='word_1_86' title='bbox 3364 901 3648 971; x_wconf 82' lang='lat' dir='ltr'><strong>pristinam</strong></span> <span class='ocrx_word' id='word_1_87' title='bbox 3681 907 3791 957; x_wconf 79' lang='lat' dir='ltr'><strong>du-</strong></span> 
     </span>
    </p>
   </div>
   <div class='ocr_carea' id='block_1_12' title="bbox 540 988 3248 1062">
    <p class='ocr_par' dir='ltr' id='par_1_12' title="bbox 540 988 3248 1062">
     <span class='ocr_line' id='line_1_12' title="bbox 540 988 3248 1062; baseline -0.002 -10"><span class='ocrx_word' id='word_1_88' title='bbox 540 998 899 1053; x_wconf 90' lang='lat' dir='ltr'><strong>miuationem</strong></span> <span class='ocrx_word' id='word_1_89' title='bbox 961 997 1281 1053; x_wconf 68' lang='lat' dir='ltr'><strong>consecuti,</strong></span> <span class='ocrx_word' id='word_1_90' title='bbox 1322 992 1787 1062; x_wconf 87' lang='lat' dir='ltr'><strong>quemadmodum</strong></span> <span class='ocrx_word' id='word_1_91' title='bbox 1844 991 2105 1059; x_wconf 84' lang='lat' dir='ltr'><strong>deinceps</strong></span> <span class='ocrx_word' id='word_1_92' title='bbox 2143 988 2419 1053; x_wconf 88' lang='lat' dir='ltr'><strong>dicemus,</strong></span> <span class='ocrx_word' id='word_1_93' title='bbox 2456 1003 2543 1043; x_wconf 88' lang='lat' dir='ltr'><strong>res</strong></span> <span class='ocrx_word' id='word_1_94' title='bbox 2576 989 2844 1059; x_wconf 87' lang='lat' dir='ltr'><strong>pessimas</strong></span> <span class='ocrx_word' id='word_1_95' title='bbox 2884 990 3248 1047; x_wconf 86' lang='lat' dir='ltr'><strong>admiserunt.</strong></span> 
     </span>
    </p>
   </div>
   <div class='ocr_carea' id='block_1_13' title="bbox 1104 1110 1559 1167">
    <p class='ocr_par' dir='ltr' id='par_1_13' title="bbox 1104 1110 1559 1167">
     <span class='ocr_line' id='line_1_13' title="bbox 1104 1110 1559 1167; baseline -0.009 0"><span class='ocrx_word' id='word_1_96' title='bbox 1104 1110 1331 1167; x_wconf 83' lang='lat' dir='ltr'><strong>CAPUT</strong></span> <span class='ocrx_word' id='word_1_97' title='bbox 1373 1111 1559 1165; x_wconf 81' lang='lat' dir='ltr'><strong>XLIV.</strong></span> 
     </span>
    </p>
   </div>
   <div class='ocr_carea' id='block_1_14' title="bbox 547 1202 2109 1279">
    <p class='ocr_par' dir='ltr' id='par_1_14' title="bbox 547 1202 2109 1279">
     <span class='ocr_line' id='line_1_14' title="bbox 547 1202 2109 1279; baseline -0.015 -14"><span class='ocrx_word' id='word_1_98' title='bbox 547 1209 611 1265; x_wconf 83' lang='lat' dir='ltr'><strong>Ut</strong></span> <span class='ocrx_word' id='word_1_99' title='bbox 642 1217 755 1279; x_wconf 77' lang='lat' dir='ltr'><strong>post</strong></span> <span class='ocrx_word' id='word_1_100' title='bbox 794 1205 1153 1279; x_wconf 69' lang='lat' dir='ltr'><strong>Alexandrum</strong></span> <span class='ocrx_word' id='word_1_101' title='bbox 1196 1204 1517 1279; x_wconf 68' lang='lat' dir='ltr'><strong>Athanasius</strong></span> <span class='ocrx_word' id='word_1_102' title='bbox 1548 1202 1886 1279; x_wconf 69' lang='lat' dir='ltr'><strong>Alexandria:</strong></span> <span class='ocrx_word' id='word_1_103' title='bbox 1911 1204 2109 1279; x_wconf 64' lang='grc' dir='ltr'>ερῑδεο-</span> 
     </span>
    </p>
   </div>
   <div class='ocr_carea' id='block_1_15' title="bbox 617 1273 2106 1351">
    <p class='ocr_par' dir='ltr' id='par_1_15' title="bbox 617 1273 2106 1351">
     <span class='ocr_line' id='line_1_15' title="bbox 617 1273 2106 1351; baseline -0.005 -21"><span class='ocrx_word' id='word_1_104' title='bbox 617 1273 798 1351; x_wconf 72' lang='grc' dir='ltr'>ῥαιιιηι</span> <span class='ocrx_word' id='word_1_105' title='bbox 826 1276 1131 1351; x_wconf 70' lang='lat' dir='ltr'><strong>susceperit,</strong></span> <span class='ocrx_word' id='word_1_106' title='bbox 1161 1282 1207 1325; x_wconf 85' lang='lat' dir='ltr'><strong>et</strong></span> <span class='ocrx_word' id='word_1_107' title='bbox 1226 1277 1287 1325; x_wconf 85' lang='lat' dir='ltr'><strong>de</strong></span> <span class='ocrx_word' id='word_1_108' title='bbox 1305 1273 1430 1351; x_wconf 40' lang='lat' dir='ltr'><strong>ejus.</strong></span> <span class='ocrx_word' id='word_1_109' title='bbox 1447 1289 1478 1325; x_wconf 88' lang='lat' dir='ltr'><strong>a</strong></span> <span class='ocrx_word' id='word_1_110' title='bbox 1501 1274 1725 1351; x_wconf 71' lang='lat' dir='ltr'><strong>pueritia</strong></span> <span class='ocrx_word' id='word_1_111' title='bbox 1750 1274 2070 1325; x_wconf 78' lang='lat' dir='ltr'><strong>institutione</strong></span> <span class='ocrx_word' id='word_1_112' title='bbox 2088 1286 2106 1323; x_wconf 90' lang='lat'><strong><em>:</em></strong></span> 
     </span>
    </p>
   </div>
   <div class='ocr_carea' id='block_1_16' title="bbox 616 1342 2106 1416">
    <p class='ocr_par' dir='ltr' id='par_1_16' title="bbox 616 1342 2106 1416">
     <span class='ocr_line' id='line_1_16' title="bbox 616 1342 2106 1416; baseline -0.006 -13"><span class='ocrx_word' id='word_1_113' title='bbox 616 1342 665 1403; x_wconf 73' lang='lat' dir='ltr'><strong>et</strong></span> <span class='ocrx_word' id='word_1_114' title='bbox 690 1357 747 1401; x_wconf 79' lang='lat' dir='ltr'><strong>ut</strong></span> <span class='ocrx_word' id='word_1_115' title='bbox 769 1348 937 1416; x_wconf 76' lang='lat' dir='ltr'><strong>seipse</strong></span> <span class='ocrx_word' id='word_1_116' title='bbox 966 1342 1218 1416; x_wconf 78' lang='lat' dir='ltr'><strong>magistro</strong></span> <span class='ocrx_word' id='word_1_117' title='bbox 1246 1343 1488 1416; x_wconf 73' lang='lat' dir='ltr'><strong>sacerdos</strong></span> <span class='ocrx_word' id='word_1_118' title='bbox 1517 1342 1589 1416; x_wconf 72' lang='lat' dir='ltr'><strong>sit</strong></span> <span class='ocrx_word' id='word_1_119' title='bbox 1620 1343 1808 1416; x_wconf 77' lang='lat' dir='ltr'><strong>factas,</strong></span> <span class='ocrx_word' id='word_1_120' title='bbox 1834 1351 1881 1394; x_wconf 87' lang='lat' dir='ltr'><strong>et</strong></span> <span class='ocrx_word' id='word_1_121' title='bbox 1915 1357 2106 1409; x_wconf 85' lang='lat' dir='ltr'><strong>magno</strong></span> 
     </span>
    </p>
   </div>
   <div class='ocr_carea' id='block_1_17' title="bbox 615 1411 2107 1482">
    <p class='ocr_par' dir='ltr' id='par_1_17' title="bbox 615 1411 2107 1482">
     <span class='ocr_line' id='line_1_17' title="bbox 615 1411 2107 1482; baseline -0.006 -10"><span class='ocrx_word' id='word_1_122' title='bbox 615 1411 856 1472; x_wconf 74' lang='lat' dir='ltr'><strong>Antonio</strong></span> <span class='ocrx_word' id='word_1_123' title='bbox 895 1411 1084 1468; x_wconf 59' lang='lat' dir='ltr'><strong>chartis</strong></span> <span class='ocrx_word' id='word_1_124' title='bbox 1131 1414 1325 1482; x_wconf 64' lang='lat' dir='ltr'><strong>fuerit:</strong></span> <span class='ocrx_word' id='word_1_125' title='bbox 1361 1421 1409 1464; x_wconf 84' lang='lat' dir='ltr'><strong>et</strong></span> <span class='ocrx_word' id='word_1_126' title='bbox 1454 1412 1517 1463; x_wconf 86' lang='lat' dir='ltr'><strong>de</strong></span> <span class='ocrx_word' id='word_1_127' title='bbox 1558 1411 1880 1465; x_wconf 81' lang='lat' dir='ltr'><strong>Arianorum</strong></span> <span class='ocrx_word' id='word_1_128' title='bbox 1922 1420 2107 1464; x_wconf 85' lang='lat' dir='ltr'><strong>contra</strong></span> 
     </span>
    </p>
   </div>
   <div class='ocr_carea' id='block_1_18' title="bbox 615 1483 1437 1558">
    <p class='ocr_par' dir='ltr' id='par_1_18' title="bbox 615 1483 1437 1558">
     <span class='ocr_line' id='line_1_18' title="bbox 615 1483 1437 1558; baseline -0.009 -17"><span class='ocrx_word' id='word_1_129' title='bbox 615 1490 787 1558; x_wconf 78' lang='lat' dir='ltr'><strong>ipsum</strong></span> <span class='ocrx_word' id='word_1_130' title='bbox 825 1484 1103 1538; x_wconf 75' lang='lat' dir='ltr'><strong>calumniis</strong></span> <span class='ocrx_word' id='word_1_131' title='bbox 1136 1491 1185 1535; x_wconf 88' lang='lat' dir='ltr'><strong>et</strong></span> <span class='ocrx_word' id='word_1_132' title='bbox 1212 1483 1437 1536; x_wconf 80' lang='lat' dir='ltr'><strong>insidiis.</strong></span> 
     </span>
    </p>
   </div>
   <div class='ocr_carea' id='block_1_19' title="bbox 613 1630 2153 1734">
    <p class='ocr_par' dir='ltr' id='par_1_19' title="bbox 613 1630 2153 1734">
     <span class='ocr_line' id='line_1_19' title="bbox 613 1630 2153 1734; baseline -0.006 -13"><span class='ocrx_word' id='word_1_133' title='bbox 613 1667 752 1721; x_wconf 91' lang='lat' dir='ltr'><strong>Tum</strong></span> <span class='ocrx_word' id='word_1_134' title='bbox 799 1664 1064 1734; x_wconf 89' lang='lat' dir='ltr'><strong>temporis</strong></span> <span class='ocrx_word' id='word_1_135' title='bbox 1109 1669 1233 1732; x_wconf 91' lang='lat' dir='ltr'><strong>post</strong></span> <span class='ocrx_word' id='word_1_136' title='bbox 1282 1660 1539 1729; x_wconf 85' lang='lat' dir='ltr'><strong>quintum</strong></span> <span class='ocrx_word' id='word_1_137' title='bbox 1597 1658 1787 1729; x_wconf 84' lang='lat' dir='ltr'><strong>synodi</strong></span> <span class='ocrx_word' id='word_1_138' title='bbox 1836 1630 2153 1724; x_wconf 46' lang='lat' dir='ltr'><strong>mensem,‘</strong></span> 
     </span>
    </p>
   </div>
   <div class='ocr_carea' id='block_1_20' title="bbox 541 1750 2110 1818">
    <p class='ocr_par' dir='ltr' id='par_1_20' title="bbox 541 1750 2110 1818">
     <span class='ocr_line' id='line_1_20' title="bbox 541 1750 2110 1818; baseline -0.007 -3"><span class='ocrx_word' id='word_1_139' title='bbox 541 1758 854 1815; x_wconf 79' lang='lat' dir='ltr'><strong>Alexander</strong></span> <span class='ocrx_word' id='word_1_140' title='bbox 906 1753 1252 1811; x_wconf 61' lang='lat' dir='ltr'><strong>Alexandriae</strong></span> <span class='ocrx_word' id='word_1_141' title='bbox 1299 1752 1533 1805; x_wconf 87' lang='lat' dir='ltr'><strong>antistes</strong></span> <span class='ocrx_word' id='word_1_142' title='bbox 1580 1751 1908 1818; x_wconf 86' lang='lat' dir='ltr'><strong>moriturus,</strong></span> <span class='ocrx_word' id='word_1_143' title='bbox 1960 1750 2110 1806; x_wconf 90' lang='lat' dir='ltr'><strong>sedis</strong></span> 
     </span>
    </p>
   </div>
   <div class='ocr_carea' id='block_1_21' title="bbox 546 1839 2114 1912">
    <p class='ocr_par' dir='ltr' id='par_1_21' title="bbox 546 1839 2114 1912">
     <span class='ocr_line' id='line_1_21' title="bbox 546 1839 2114 1912; baseline -0.007 -6"><span class='ocrx_word' id='word_1_144' title='bbox 546 1867 659 1906; x_wconf 65' lang='lat' dir='ltr'><strong>suae</strong></span> <span class='ocrx_word' id='word_1_145' title='bbox 709 1861 1110 1909; x_wconf 84' lang='lat' dir='ltr'><strong>successorem,</strong></span> <span class='ocrx_word' id='word_1_146' title='bbox 1145 1842 1318 1898; x_wconf 89' lang='lat' dir='ltr'><strong>divini</strong></span> <span class='ocrx_word' id='word_1_147' title='bbox 1366 1841 1559 1912; x_wconf 71' lang='lat' dir='ltr'><strong>iudicii</strong></span> <span class='ocrx_word' id='word_1_148' title='bbox 1606 1839 1794 1911; x_wconf 87' lang='lat' dir='ltr'><strong>(sicuti</strong></span> <span class='ocrx_word' id='word_1_149' title='bbox 1835 1841 2114 1910; x_wconf 89' lang='lat' dir='ltr'><strong>conjicere</strong></span> 
     </span>
    </p>
   </div>
   <div class='ocr_carea' id='block_1_22' title="bbox 548 1930 2117 2013">
    <p class='ocr_par' dir='ltr' id='par_1_22' title="bbox 548 1930 2117 2013">
     <span class='ocr_line' id='line_1_22' title="bbox 548 1930 2117 2013; baseline -0.01 -14"><span class='ocrx_word' id='word_1_150' title='bbox 548 1943 704 2013; x_wconf 88' lang='lat' dir='ltr'><strong>licet)</strong></span> <span class='ocrx_word' id='word_1_151' title='bbox 739 1940 968 2003; x_wconf 89' lang='lat' dir='ltr'><strong>calculo,</strong></span> <span class='ocrx_word' id='word_1_152' title='bbox 1004 1937 1283 1992; x_wconf 86' lang='lat' dir='ltr'><strong>celebrem</strong></span> <span class='ocrx_word' id='word_1_153' title='bbox 1319 1934 1545 2004; x_wconf 88' lang='lat' dir='ltr'><strong>reliquit</strong></span> <span class='ocrx_word' id='word_1_154' title='bbox 1574 1930 2117 1987; x_wconf 86' lang='lat' dir='ltr'><strong>Athanasium.Cutu</strong></span> 
     </span>
    </p>
   </div>
   <div class='ocr_carea' id='block_1_23' title="bbox 549 2026 2118 2104">
    <p class='ocr_par' dir='ltr' id='par_1_23' title="bbox 549 2026 2118 2104">
     <span class='ocr_line' id='line_1_23' title="bbox 549 2026 2118 2104; baseline -0.011 -12"><span class='ocrx_word' id='word_1_155' title='bbox 549 2050 792 2104; x_wconf 87' lang='lat' dir='ltr'><strong>namque</strong></span> <span class='ocrx_word' id='word_1_156' title='bbox 825 2031 1157 2087; x_wconf 84' lang='lat' dir='ltr'><strong>Athanasius</strong></span> <span class='ocrx_word' id='word_1_157' title='bbox 1211 2027 1489 2098; x_wconf 81' lang='lat' dir='ltr'><strong>refugeret</strong></span> <span class='ocrx_word' id='word_1_158' title='bbox 1531 2035 1696 2095; x_wconf 89' lang='lat' dir='ltr'><strong>atque</strong></span> <span class='ocrx_word' id='word_1_159' title='bbox 1732 2026 2118 2089; x_wconf 89' lang='lat' dir='ltr'><strong>reluctaretur,</strong></span> 
     </span>
    </p>
   </div>
   <div class='ocr_carea' id='block_1_24' title="bbox 548 2114 2118 2182">
    <p class='ocr_par' dir='ltr' id='par_1_24' title="bbox 548 2114 2118 2182">
     <span class='ocr_line' id='line_1_24' title="bbox 548 2114 2118 2182; baseline -0.01 0"><span class='ocrx_word' id='word_1_160' title='bbox 548 2125 917 2182; x_wconf 81' lang='lat' dir='ltr'><strong>Alexandrum</strong></span> <span class='ocrx_word' id='word_1_161' title='bbox 939 2123 1123 2177; x_wconf 91' lang='lat' dir='ltr'><strong>ferunt</strong></span> <span class='ocrx_word' id='word_1_162' title='bbox 1142 2121 1252 2174; x_wconf 87' lang='lat' dir='ltr'><strong>vim</strong></span> <span class='ocrx_word' id='word_1_163' title='bbox 1281 2118 1359 2172; x_wconf 90' lang='lat' dir='ltr'><strong>illi</strong></span> <span class='ocrx_word' id='word_1_164' title='bbox 1386 2118 1713 2171; x_wconf 88' lang='lat' dir='ltr'><strong>inferentem</strong></span> <span class='ocrx_word' id='word_1_165' title='bbox 1736 2156 1751 2180; x_wconf 94' lang='lat'><strong>,</strong></span> <span class='ocrx_word' id='word_1_166' title='bbox 1772 2115 1862 2169; x_wconf 88' lang='lat' dir='ltr'><strong>vix</strong></span> <span class='ocrx_word' id='word_1_167' title='bbox 1897 2114 2118 2168; x_wconf 87' lang='lat' dir='ltr'><strong>tandem</strong></span> 
     </span>
    </p>
   </div>
   <div class='ocr_carea' id='block_1_25' title="bbox 551 2204 2120 2280">
    <p class='ocr_par' dir='ltr' id='par_1_25' title="bbox 551 2204 2120 2280">
     <span class='ocr_line' id='line_1_25' title="bbox 551 2204 2120 2280; baseline -0.009 -12"><span class='ocrx_word' id='word_1_168' title='bbox 551 2227 610 2270; x_wconf 91' lang='lat' dir='ltr'><strong>ut</strong></span> <span class='ocrx_word' id='word_1_169' title='bbox 644 2216 904 2268; x_wconf 87' lang='lat' dir='ltr'><strong>thronum</strong></span> <span class='ocrx_word' id='word_1_170' title='bbox 931 2205 1611 2280; x_wconf 88' lang='lat' dir='ltr'><strong>susciperet,porsuadere</strong></span> <span class='ocrx_word' id='word_1_171' title='bbox 1652 2206 1895 2275; x_wconf 86' lang='lat' dir='ltr'><strong>potuisse</strong></span> <span class='ocrx_word' id='word_1_172' title='bbox 1920 2221 1934 2259; x_wconf 91' lang='lat'><strong>:</strong></span> <span class='ocrx_word' id='word_1_173' title='bbox 1958 2204 2120 2257; x_wconf 88' lang='lat' dir='ltr'><strong>sicuti</strong></span> 
     </span>
    </p>
   </div>
   <div class='ocr_carea' id='block_1_26' title="bbox 548 2295 2121 2376">
    <p class='ocr_par' dir='ltr' id='par_1_26' title="bbox 548 2295 2121 2376">
     <span class='ocr_line' id='line_1_26' title="bbox 548 2295 2121 2376; baseline -0.009 -15"><span class='ocrx_word' id='word_1_174' title='bbox 548 2309 602 2361; x_wconf 89' lang='lat' dir='ltr'><strong>id</strong></span> <span class='ocrx_word' id='word_1_175' title='bbox 640 2321 861 2376; x_wconf 89' lang='lat' dir='ltr'><strong>quoque</strong></span> <span class='ocrx_word' id='word_1_176' title='bbox 884 2300 1217 2372; x_wconf 82' lang='lat' dir='ltr'><strong>Apollinaris</strong></span> <span class='ocrx_word' id='word_1_177' title='bbox 1236 2298 1405 2368; x_wconf 89' lang='lat' dir='ltr'><strong>Syrus</strong></span> <span class='ocrx_word' id='word_1_178' title='bbox 1436 2297 1503 2351; x_wconf 88' lang='lat' dir='ltr'><strong>ad</strong></span> <span class='ocrx_word' id='word_1_179' title='bbox 1541 2297 1690 2351; x_wconf 79' lang='lat' dir='ltr'><strong>[tunc</strong></span> <span class='ocrx_word' id='word_1_180' title='bbox 1723 2295 1944 2350; x_wconf 89' lang='lat' dir='ltr'><strong>modum</strong></span> <span class='ocrx_word' id='word_1_181' title='bbox 1981 2296 2121 2350; x_wconf 83' lang='lat' dir='ltr'><strong>scri-</strong></span> 
     </span>
    </p>
   </div>
   <div class='ocr_carea' id='block_1_27' title="bbox 546 2386 2123 2469">
    <p class='ocr_par' dir='ltr' id='par_1_27' title="bbox 546 2386 2123 2469">
     <span class='ocr_line' id='line_1_27' title="bbox 546 2386 2123 2469; baseline -0.009 -17"><span class='ocrx_word' id='word_1_182' title='bbox 546 2410 699 2469; x_wconf 90' lang='lat' dir='ltr'><strong>ptum</strong></span> <span class='ocrx_word' id='word_1_183' title='bbox 728 2395 951 2465; x_wconf 89' lang='lat' dir='ltr'><strong>reliquit</strong></span> <span class='ocrx_word' id='word_1_184' title='bbox 980 2412 993 2447; x_wconf 92' lang='lat'>:</span> <span class='ocrx_word' id='word_1_185' title='bbox 1019 2411 1035 2444; x_wconf 85' lang='grc' dir='ltr'><strong>ι</strong></span> <span class='ocrx_word' id='word_1_186' title='bbox 1059 2393 1174 2446; x_wconf 88' lang='lat' dir='ltr'><strong>Non</strong></span> <span class='ocrx_word' id='word_1_187' title='bbox 1200 2390 1363 2444; x_wconf 87' lang='lat' dir='ltr'><strong>desiit</strong></span> <span class='ocrx_word' id='word_1_188' title='bbox 1388 2404 1519 2443; x_wconf 85' lang='lat' dir='ltr'><strong>vero</strong></span> <span class='ocrx_word' id='word_1_189' title='bbox 1548 2400 1736 2458; x_wconf 87' lang='lat' dir='ltr'><strong>postea</strong></span> <span class='ocrx_word' id='word_1_190' title='bbox 1766 2402 1986 2457; x_wconf 90' lang='lat' dir='ltr'><strong>quoque</strong></span> <span class='ocrx_word' id='word_1_191' title='bbox 2006 2386 2123 2439; x_wconf 86' lang='lat' dir='ltr'><strong>bel-</strong></span> 
     </span>
    </p>
   </div>
   <div class='ocr_carea' id='block_1_28' title="bbox 547 2476 2121 2560">
    <p class='ocr_par' dir='ltr' id='par_1_28' title="bbox 547 2476 2121 2560">
     <span class='ocr_line' id='line_1_28' title="bbox 547 2476 2121 2560; baseline -0.01 -16"><span class='ocrx_word' id='word_1_192' title='bbox 547 2489 762 2560; x_wconf 83' lang='lat' dir='ltr'><strong>ligerari</strong></span> <span class='ocrx_word' id='word_1_193' title='bbox 784 2486 1057 2557; x_wconf 85' lang='lat' dir='ltr'><strong>impietas.</strong></span> <span class='ocrx_word' id='word_1_194' title='bbox 1078 2483 1186 2538; x_wconf 88' lang='lat' dir='ltr'><strong>Sed</strong></span> <span class='ocrx_word' id='word_1_195' title='bbox 1204 2483 1440 2552; x_wconf 89' lang='lat' dir='ltr'><strong>primum</strong></span> <span class='ocrx_word' id='word_1_196' title='bbox 1455 2480 1675 2550; x_wconf 87' lang='lat' dir='ltr'><strong>quidem</strong></span> <span class='ocrx_word' id='word_1_197' title='bbox 1700 2478 1963 2533; x_wconf 81' lang='lat' dir='ltr'><strong>adversus</strong></span> <span class='ocrx_word' id='word_1_198' title='bbox 1992 2476 2121 2531; x_wconf 85' lang='lat' dir='ltr'><strong>bea-</strong></span> 
     </span>
    </p>
   </div>
   <div class='ocr_carea' id='block_1_29' title="bbox 548 2570 2121 2649">
    <p class='ocr_par' dir='ltr' id='par_1_29' title="bbox 548 2570 2121 2649">
     <span class='ocr_line' id='line_1_29' title="bbox 548 2570 2121 2649; baseline -0.01 -12"><span class='ocrx_word' id='word_1_199' title='bbox 548 2598 664 2638; x_wconf 90' lang='lat' dir='ltr'><strong>tum</strong></span> <span class='ocrx_word' id='word_1_200' title='bbox 694 2581 798 2634; x_wconf 90' lang='lat' dir='ltr'><strong>viri</strong></span> <span class='ocrx_word' id='word_1_201' title='bbox 838 2580 1001 2649; x_wconf 84' lang='lat' dir='ltr'><strong>hujus</strong></span> <span class='ocrx_word' id='word_1_202' title='bbox 1046 2577 1394 2646; x_wconf 81' lang='lat' dir='ltr'><strong>magistrum,</strong></span> <span class='ocrx_word' id='word_1_203' title='bbox 1420 2574 1508 2630; x_wconf 89' lang='lat' dir='ltr'><strong>cui</strong></span> <span class='ocrx_word' id='word_1_204' title='bbox 1566 2573 1655 2627; x_wconf 90' lang='lat' dir='ltr'><strong>hic</strong></span> <span class='ocrx_word' id='word_1_205' title='bbox 1696 2570 1921 2641; x_wconf 87' lang='lat' dir='ltr'><strong>perinde</strong></span> <span class='ocrx_word' id='word_1_206' title='bbox 1955 2580 2121 2638; x_wconf 89' lang='lat' dir='ltr'><strong>atque</strong></span> 
     </span>
    </p>
   </div>
   <div class='ocr_carea' id='block_1_30' title="bbox 547 2659 2121 2751">
    <p class='ocr_par' dir='ltr' id='par_1_30' title="bbox 547 2659 2121 2751">
     <span class='ocr_line' id='line_1_30' title="bbox 547 2659 2121 2751; baseline -0.01 -22"><span class='ocrx_word' id='word_1_207' title='bbox 547 2674 691 2745; x_wconf 86' lang='lat' dir='ltr'><strong>patri</strong></span> <span class='ocrx_word' id='word_1_208' title='bbox 722 2672 887 2751; x_wconf 82' lang='lat' dir='ltr'><strong>filius,</strong></span> <span class='ocrx_word' id='word_1_209' title='bbox 930 2678 1190 2739; x_wconf 82' lang='lat' dir='ltr'><strong>patronus</strong></span> <span class='ocrx_word' id='word_1_210' title='bbox 1216 2667 1394 2732; x_wconf 79' lang='lat' dir='ltr'><strong>alluit,</strong></span> <span class='ocrx_word' id='word_1_211' title='bbox 1428 2680 1576 2720; x_wconf 88' lang='lat' dir='ltr'><strong>arma</strong></span> <span class='ocrx_word' id='word_1_212' title='bbox 1617 2662 1850 2732; x_wconf 88' lang='lat' dir='ltr'><strong>sumpsit</strong></span> <span class='ocrx_word' id='word_1_213' title='bbox 1879 2680 1893 2718; x_wconf 83' lang='lat'><strong>:</strong></span> <span class='ocrx_word' id='word_1_214' title='bbox 1923 2659 2121 2715; x_wconf 89' lang='lat' dir='ltr'><strong>deinde</strong></span> 
     </span>
    </p>
   </div>
   <div class='ocr_carea' id='block_1_31' title="bbox 546 2751 2117 2829">
    <p class='ocr_par' dir='ltr' id='par_1_31' title="bbox 546 2751 2117 2829">
     <span class='ocr_line' id='line_1_31' title="bbox 546 2751 2117 2829; baseline -0.007 -12"><span class='ocrx_word' id='word_1_215' title='bbox 546 2780 680 2820; x_wconf 90' lang='lat' dir='ltr'><strong>vero</strong></span> <span class='ocrx_word' id='word_1_216' title='bbox 712 2765 766 2819; x_wconf 92' lang='lat' dir='ltr'><strong>in</strong></span> <span class='ocrx_word' id='word_1_217' title='bbox 802 2763 952 2816; x_wconf 90' lang='lat' dir='ltr'><strong>hunc</strong></span> <span class='ocrx_word' id='word_1_218' title='bbox 983 2773 1207 2829; x_wconf 90' lang='lat' dir='ltr'><strong>quoque</strong></span> <span class='ocrx_word' id='word_1_219' title='bbox 1244 2759 1449 2827; x_wconf 89' lang='lat' dir='ltr'><strong>ipsum,</strong></span> <span class='ocrx_word' id='word_1_220' title='bbox 1480 2766 1770 2825; x_wconf 86' lang='lat' dir='ltr'><strong>postquam</strong></span> <span class='ocrx_word' id='word_1_221' title='bbox 1801 2751 1868 2807; x_wconf 89' lang='lat' dir='ltr'><strong>ad</strong></span> <span class='ocrx_word' id='word_1_222' title='bbox 1901 2753 2117 2822; x_wconf 87' lang='lat' dir='ltr'><strong>episco-</strong></span> 
     </span>
    </p>
   </div>
   <div class='ocr_carea' id='block_1_32' title="bbox 550 2844 2117 2925">
    <p class='ocr_par' dir='ltr' id='par_1_32' title="bbox 550 2844 2117 2925">
     <span class='ocr_line' id='line_1_32' title="bbox 550 2844 2117 2925; baseline -0.006 -17"><span class='ocrx_word' id='word_1_223' title='bbox 550 2865 713 2925; x_wconf 87' lang='lat' dir='ltr'><strong>patus</strong></span> <span class='ocrx_word' id='word_1_224' title='bbox 760 2852 1018 2924; x_wconf 87' lang='lat' dir='ltr'><strong>pervenit</strong></span> <span class='ocrx_word' id='word_1_225' title='bbox 1066 2848 1500 2909; x_wconf 88' lang='lat' dir='ltr'><strong>successionem,</strong></span> <span class='ocrx_word' id='word_1_226' title='bbox 1536 2847 1705 2899; x_wconf 87' lang='lat' dir='ltr'><strong>multa</strong></span> <span class='ocrx_word' id='word_1_227' title='bbox 1752 2845 1977 2913; x_wconf 86' lang='lat' dir='ltr'><strong>quidem</strong></span> <span class='ocrx_word' id='word_1_228' title='bbox 2025 2844 2117 2898; x_wconf 91' lang='lat' dir='ltr'><strong>ille</strong></span> 
     </span>
    </p>
   </div>
   <div class='ocr_carea' id='block_1_33' title="bbox 549 2936 2118 3015">
    <p class='ocr_par' dir='ltr' id='par_1_33' title="bbox 549 2936 2118 3015">
     <span class='ocr_line' id='line_1_33' title="bbox 549 2936 2118 3015; baseline -0.006 -14"><span class='ocrx_word' id='word_1_229' title='bbox 549 2962 684 3001; x_wconf 86' lang='lat' dir='ltr'><strong>usus</strong></span> <span class='ocrx_word' id='word_1_230' title='bbox 730 2942 1210 3015; x_wconf 78' lang='lat' dir='ltr'><strong>tergiversatione,</strong></span> <span class='ocrx_word' id='word_1_231' title='bbox 1257 2942 1352 2994; x_wconf 90' lang='lat' dir='ltr'><strong>sed</strong></span> <span class='ocrx_word' id='word_1_232' title='bbox 1392 2946 1577 2991; x_wconf 89' lang='lat' dir='ltr'><strong>tamen</strong></span> <span class='ocrx_word' id='word_1_233' title='bbox 1608 2937 1839 2991; x_wconf 90' lang='lat' dir='ltr'><strong>consilio</strong></span> <span class='ocrx_word' id='word_1_234' title='bbox 1869 2936 1963 2991; x_wconf 88' lang='lat' dir='ltr'><strong>Dei</strong></span> <span class='ocrx_word' id='word_1_235' title='bbox 1990 2951 2118 3005; x_wconf 89' lang='lat' dir='ltr'><strong>pro-</strong></span> 
     </span>
    </p>
   </div>
   <div class='ocr_carea' id='block_1_34' title="bbox 546 3022 2117 3099">
    <p class='ocr_par' dir='ltr' id='par_1_34' title="bbox 546 3022 2117 3099">
     <span class='ocr_line' id='line_1_34' title="bbox 546 3022 2117 3099; baseline -0.004 -10"><span class='ocrx_word' id='word_1_236' title='bbox 546 3039 767 3091; x_wconf 85' lang='lat' dir='ltr'><strong>ductus.</strong></span> <span class='ocrx_word' id='word_1_237' title='bbox 803 3033 978 3088; x_wconf 78' lang='lat' dir='ltr'><strong>Sicuti</strong></span> <span class='ocrx_word' id='word_1_238' title='bbox 1033 3034 1197 3086; x_wconf 88' lang='lat' dir='ltr'><strong>beato</strong></span> <span class='ocrx_word' id='word_1_239' title='bbox 1248 3045 1467 3099; x_wconf 90' lang='lat' dir='ltr'><strong>quoque</strong></span> <span class='ocrx_word' id='word_1_240' title='bbox 1501 3029 1579 3082; x_wconf 89' lang='lat' dir='ltr'><strong>illi</strong></span> <span class='ocrx_word' id='word_1_241' title='bbox 1612 3022 1754 3092; x_wconf 88' lang='lat' dir='ltr'><strong>viro,</strong></span> <span class='ocrx_word' id='word_1_242' title='bbox 1787 3030 1879 3098; x_wconf 91' lang='lat' dir='ltr'><strong>qui</strong></span> <span class='ocrx_word' id='word_1_243' title='bbox 1922 3028 1973 3083; x_wconf 94' lang='lat' dir='ltr'><strong>ei</strong></span> <span class='ocrx_word' id='word_1_244' title='bbox 1997 3028 2117 3097; x_wconf 86' lang='lat' dir='ltr'><strong>epi-</strong></span> 
     </span>
    </p>
   </div>
   <div class='ocr_carea' id='block_1_35' title="bbox 2802 1105 3208 1161">
    <p class='ocr_par' dir='ltr' id='par_1_35' title="bbox 2802 1105 3208 1161">
     <span class='ocr_line' id='line_1_35' title="bbox 2802 1105 3208 1161; baseline 0.005 -3"><span class='ocrx_word' id='word_1_245' title='bbox 2802 1105 3049 1161; x_wconf 79' lang='grc' dir='ltr'><strong>ΚΕΦΑΛ.</strong></span> <span class='ocrx_word' id='word_1_246' title='bbox 3076 1105 3208 1160; x_wconf 85' lang='grc' dir='ltr'><strong>ΜΔ’.</strong></span> 
     </span>
    </p>
   </div>
   <div class='ocr_carea' id='block_1_36' title="bbox 2227 1195 3792 1271">
    <p class='ocr_par' dir='ltr' id='par_1_36' title="bbox 2227 1195 3792 1271">
     <span class='ocr_line' id='line_1_36' title="bbox 2227 1195 3792 1271; baseline 0.008 -22"><span class='ocrx_word' id='word_1_247' title='bbox 2227 1195 2321 1271; x_wconf 69' lang='grc' dir='ltr'>Ὠς</span> <span class='ocrx_word' id='word_1_248' title='bbox 2344 1197 2493 1271; x_wconf 30' lang='grc' dir='ltr'>μελτὰ</span> <span class='ocrx_word' id='word_1_249' title='bbox 2520 1195 2919 1271; x_wconf 55' lang='grc' dir='ltr'>ξΑλέξαῂδρον</span> <span class='ocrx_word' id='word_1_250' title='bbox 2943 1197 3301 1264; x_wconf 73' lang='grc' dir='ltr'>Ἀθανάσιος</span> <span class='ocrx_word' id='word_1_251' title='bbox 3329 1200 3437 1254; x_wconf 86' lang='grc' dir='ltr'>τοῦ</span> <span class='ocrx_word' id='word_1_252' title='bbox 3477 1203 3587 1271; x_wconf 82' lang='grc' dir='ltr'>τῆς</span> <span class='ocrx_word' id='word_1_253' title='bbox 3627 1208 3792 1262; x_wconf 64' lang='grc' dir='ltr'>Ἀλε-</span> 
     </span>
    </p>
   </div>
   <div class='ocr_carea' id='block_1_37' title="bbox 2286 1266 3791 1342">
    <p class='ocr_par' dir='ltr' id='par_1_37' title="bbox 2286 1266 3791 1342">
     <span class='ocr_line' id='line_1_37' title="bbox 2286 1266 3791 1342; baseline 0.01 -26"><span class='ocrx_word' id='word_1_254' title='bbox 2286 1266 2603 1342; x_wconf 67' lang='grc' dir='ltr'>ξᾳνδρείας</span> <span class='ocrx_word' id='word_1_255' title='bbox 2632 1268 2927 1342; x_wconf 54' lang='grc' dir='ltr'>ἐπιϐαίνει</span> <span class='ocrx_word' id='word_1_256' title='bbox 2973 1272 3224 1342; x_wconf 57' lang='grc' dir='ltr'>θριξιθουο</span> <span class='ocrx_word' id='word_1_257' title='bbox 3264 1266 3666 1342; x_wconf 32' lang='grc' dir='ltr'>καὶ-περὶτῆς</span> <span class='ocrx_word' id='word_1_258' title='bbox 3720 1281 3791 1331; x_wconf 61' lang='grc' dir='ltr'><strong>ἑτι</strong></span> 
     </span>
    </p>
   </div>
   <div class='ocr_carea' id='block_1_38' title="bbox 2285 1334 3795 1414">
    <p class='ocr_par' dir='ltr' id='par_1_38' title="bbox 2285 1334 3795 1414">
     <span class='ocr_line' id='line_1_38' title="bbox 2285 1334 3795 1414; baseline -0.005 -26"><span class='ocrx_word' id='word_1_259' title='bbox 2285 1334 2427 1414; x_wconf 60' lang='grc' dir='ltr'>γέου</span> <span class='ocrx_word' id='word_1_260' title='bbox 2455 1335 2695 1414; x_wconf 75' lang='grc' dir='ltr'>ἀγωγῆς</span> <span class='ocrx_word' id='word_1_261' title='bbox 2719 1337 2904 1414; x_wconf 59' lang='grc' dir='ltr'>αὑτοῦ</span> <span class='ocrx_word' id='word_1_262' title='bbox 2931 1351 2946 1366; x_wconf 73' lang='grc' dir='ltr'><strong>ο</strong></span> <span class='ocrx_word' id='word_1_263' title='bbox 2978 1337 3074 1389; x_wconf 76' lang='grc' dir='ltr'>καὶ</span> <span class='ocrx_word' id='word_1_264' title='bbox 3102 1340 3175 1414; x_wconf 46' lang='grc' dir='ltr'><strong>(ὶίς</strong></span> <span class='ocrx_word' id='word_1_265' title='bbox 3214 1334 3657 1414; x_wconf 55' lang='grc' dir='ltr'>αὺτρδίδξιχτοξ</span> <span class='ocrx_word' id='word_1_266' title='bbox 3712 1345 3795 1414; x_wconf 64' lang='grc' dir='ltr'><strong>ἦν</strong></span> 
     </span>
    </p>
   </div>
   <div class='ocr_carea' id='block_1_39' title="bbox 2288 1406 3791 1483">
    <p class='ocr_par' dir='ltr' id='par_1_39' title="bbox 2288 1406 3791 1483">
     <span class='ocr_line' id='line_1_39' title="bbox 2288 1406 3791 1483; baseline 0.008 -26"><span class='ocrx_word' id='word_1_267' title='bbox 2288 1406 2498 1483; x_wconf 63' lang='grc' dir='ltr'>ἱερεὺς,</span> <span class='ocrx_word' id='word_1_268' title='bbox 2536 1409 2631 1483; x_wconf 64' lang='grc' dir='ltr'>καὶ</span> <span class='ocrx_word' id='word_1_269' title='bbox 2664 1406 3031 1483; x_wconf 45' lang='lat' dir='ltr'><strong>satietates-oc</strong></span> <span class='ocrx_word' id='word_1_270' title='bbox 3084 1406 3163 1471; x_wconf 82' lang='grc' dir='ltr'>τῷ</span> <span class='ocrx_word' id='word_1_271' title='bbox 3181 1410 3434 1483; x_wconf 67' lang='grc' dir='ltr'>μεγάλῳ</span> <span class='ocrx_word' id='word_1_272' title='bbox 3477 1406 3791 1482; x_wconf 71' lang='grc' dir='ltr'><strong>Ἀντὼνίῴ·</strong></span> 
     </span>
    </p>
   </div>
   <div class='ocr_carea' id='block_1_40' title="bbox 2286 1475 3793 1546">
    <p class='ocr_par' dir='ltr' id='par_1_40' title="bbox 2286 1475 3793 1546">
     <span class='ocr_line' id='line_1_40' title="bbox 2286 1475 3793 1546; baseline 0.009 -21"><span class='ocrx_word' id='word_1_273' title='bbox 2286 1475 2402 1546; x_wconf 44' lang='grc' dir='ltr'>καὶ,</span> <span class='ocrx_word' id='word_1_274' title='bbox 2441 1475 2575 1546; x_wconf 55' lang='grc' dir='ltr'>,περὶ</span> <span class='ocrx_word' id='word_1_275' title='bbox 2630 1475 2736 1542; x_wconf 82' lang='grc' dir='ltr'>τῆς</span> <span class='ocrx_word' id='word_1_276' title='bbox 2764 1475 2880 1527; x_wconf 81' lang='grc' dir='ltr'><strong>τῶν</strong></span> <span class='ocrx_word' id='word_1_277' title='bbox 2931 1475 3249 1541; x_wconf 66' lang='grc' dir='ltr'>Ἀρείων-ῶν</span> <span class='ocrx_word' id='word_1_278' title='bbox 3279 1475 3411 1530; x_wconf 74' lang='grc' dir='ltr'>κατ’</span> <span class='ocrx_word' id='word_1_279' title='bbox 3442 1484 3634 1537; x_wconf 70' lang='grc' dir='ltr'>αἰετοῦ</span> <span class='ocrx_word' id='word_1_280' title='bbox 3657 1475 3793 1538; x_wconf 66' lang='grc' dir='ltr'><strong>ἐπὶ·</strong></span> 
     </span>
    </p>
   </div>
   <div class='ocr_carea' id='block_1_41' title="bbox 2289 1543 2537 1611">
    <p class='ocr_par' dir='ltr' id='par_1_41' title="bbox 2289 1543 2537 1611">
     <span class='ocr_line' id='line_1_41' title="bbox 2289 1543 2537 1611; baseline -0.008 -14"><span class='ocrx_word' id='word_1_281' title='bbox 2289 1543 2479 1611; x_wconf 71' lang='grc' dir='ltr'><strong>σού.ὶῆ</strong></span> <span class='ocrx_word' id='word_1_282' title='bbox 2486 1564 2537 1608; x_wconf 90' lang='grc' dir='ltr'>ς.</span> 
     </span>
    </p>
   </div>
   <div class='ocr_carea' id='block_1_42' title="bbox 2288 1653 3797 1736">
    <p class='ocr_par' dir='ltr' id='par_1_42' title="bbox 2288 1653 3797 1736">
     <span class='ocr_line' id='line_1_42' title="bbox 2288 1653 3797 1736; baseline 0.01 -30"><span class='ocrx_word' id='word_1_283' title='bbox 2288 1654 2421 1707; x_wconf 82' lang='grc' dir='ltr'>Τότε</span> <span class='ocrx_word' id='word_1_284' title='bbox 2457 1653 2513 1707; x_wconf 86' lang='grc' dir='ltr'>δὲ</span> <span class='ocrx_word' id='word_1_285' title='bbox 2544 1657 2681 1722; x_wconf 73' lang='grc' dir='ltr'>μετὰ</span> <span class='ocrx_word' id='word_1_286' title='bbox 2706 1655 2957 1724; x_wconf 83' lang='grc' dir='ltr'>πέμπτον</span> <span class='ocrx_word' id='word_1_287' title='bbox 2989 1656 3089 1727; x_wconf 84' lang='grc' dir='ltr'>τῆς</span> <span class='ocrx_word' id='word_1_288' title='bbox 3118 1658 3339 1712; x_wconf 84' lang='grc' dir='ltr'><strong>συνόδου</strong></span> <span class='ocrx_word' id='word_1_289' title='bbox 3373 1661 3542 1732; x_wconf 82' lang='grc' dir='ltr'>μῆνα,</span> <span class='ocrx_word' id='word_1_290' title='bbox 3573 1667 3797 1736; x_wconf 79' lang='grc' dir='ltr'><strong>μέλλων</strong></span> 
     </span>
    </p>
   </div>
   <div class='ocr_carea' id='block_1_43' title="bbox 2216 1746 3794 1831">
    <p class='ocr_par' dir='ltr' id='par_1_43' title="bbox 2216 1746 3794 1831">
     <span class='ocr_line' id='line_1_43' title="bbox 2216 1746 3794 1831; baseline 0.008 -32"><span class='ocrx_word' id='word_1_291' title='bbox 2216 1746 2476 1816; x_wconf 80' lang='grc' dir='ltr'><strong>τελευτᾷν</strong></span> <span class='ocrx_word' id='word_1_292' title='bbox 2529 1749 2558 1799; x_wconf 94' lang='lat'><strong>6</strong></span> <span class='ocrx_word' id='word_1_293' title='bbox 2621 1747 3035 1818; x_wconf 75' lang='grc' dir='ltr'>Ἀλεξανδρείας</span> <span class='ocrx_word' id='word_1_294' title='bbox 3106 1750 3483 1823; x_wconf 64' lang='grc' dir='ltr'>Ἁλέξανδρος,</span> <span class='ocrx_word' id='word_1_295' title='bbox 3538 1760 3794 1831; x_wconf 73' lang='grc' dir='ltr'>διάδοχον</span> 
     </span>
    </p>
   </div>
   <div class='ocr_carea' id='block_1_44' title="bbox 2220 1836 3789 1918">
    <p class='ocr_par' dir='ltr' id='par_1_44' title="bbox 2220 1836 3789 1918">
     <span class='ocr_line' id='line_1_44' title="bbox 2220 1836 3789 1918; baseline 0.011 -30"><span class='ocrx_word' id='word_1_296' title='bbox 2220 1836 2314 1889; x_wconf 80' lang='grc' dir='ltr'>τοῦ</span> <span class='ocrx_word' id='word_1_297' title='bbox 2342 1836 2534 1907; x_wconf 86' lang='grc' dir='ltr'>θρόνου</span> <span class='ocrx_word' id='word_1_298' title='bbox 2562 1837 2651 1890; x_wconf 65' lang='grc' dir='ltr'><strong>τὸν</strong></span> <span class='ocrx_word' id='word_1_299' title='bbox 2675 1839 3004 1910; x_wconf 75' lang='grc' dir='ltr'>περιϐόητον</span> <span class='ocrx_word' id='word_1_300' title='bbox 3040 1840 3361 1899; x_wconf 80' lang='grc' dir='ltr'>’Δθανάσιον</span> <span class='ocrx_word' id='word_1_301' title='bbox 3382 1848 3789 1918; x_wconf 84' lang='grc' dir='ltr'>κατελίμπανε,</span> 
     </span>
    </p>
   </div>
   <div class='ocr_carea' id='block_1_45' title="bbox 2223 1929 3792 2012">
    <p class='ocr_par' dir='ltr' id='par_1_45' title="bbox 2223 1929 3792 2012">
     <span class='ocr_line' id='line_1_45' title="bbox 2223 1929 3792 2012; baseline 0.01 -30"><span class='ocrx_word' id='word_1_302' title='bbox 2223 1929 2343 1999; x_wconf 80' lang='grc' dir='ltr'>θείᾳ</span> <span class='ocrx_word' id='word_1_303' title='bbox 2387 1929 2587 1997; x_wconf 87' lang='grc' dir='ltr'>κρίσει,</span> <span class='ocrx_word' id='word_1_304' title='bbox 2643 1929 2719 1992; x_wconf 84' lang='grc' dir='ltr'><strong>ὡς</strong></span> <span class='ocrx_word' id='word_1_305' title='bbox 2775 1929 2988 1986; x_wconf 75' lang='grc' dir='ltr'>ἔνεστιν</span> <span class='ocrx_word' id='word_1_306' title='bbox 3024 1935 3285 2001; x_wconf 79' lang='grc' dir='ltr'>είκάζειν,</span> <span class='ocrx_word' id='word_1_307' title='bbox 3335 1938 3422 1991; x_wconf 80' lang='grc' dir='ltr'><strong>ἐπ’</strong></span> <span class='ocrx_word' id='word_1_308' title='bbox 3457 1941 3656 2012; x_wconf 80' lang='grc' dir='ltr'>ἐκείνῳ</span> <span class='ocrx_word' id='word_1_309' title='bbox 3689 1947 3792 2008; x_wconf 78' lang='grc' dir='ltr'><strong>τάς</strong></span> 
     </span>
    </p>
   </div>
   <div class='ocr_carea' id='block_1_46' title="bbox 2220 2019 3790 2097">
    <p class='ocr_par' dir='ltr' id='par_1_46' title="bbox 2220 2019 3790 2097">
     <span class='ocr_line' id='line_1_46' title="bbox 2220 2019 3790 2097; baseline 0.001 -14"><span class='ocrx_word' id='word_1_310' title='bbox 2220 2019 2437 2089; x_wconf 75' lang='grc' dir='ltr'>ψήφους</span> <span class='ocrx_word' id='word_1_311' title='bbox 2466 2020 2761 2087; x_wconf 75' lang='grc' dir='ltr'>ἐπαγαγών</span> <span class='ocrx_word' id='word_1_312' title='bbox 2782 2037 2795 2051; x_wconf 89' lang='grc'>⁶</span> <span class='ocrx_word' id='word_1_313' title='bbox 2830 2021 2986 2089; x_wconf 83' lang='grc' dir='ltr'><strong>λόγος</strong></span> <span class='ocrx_word' id='word_1_314' title='bbox 3017 2023 3127 2094; x_wconf 86' lang='grc' dir='ltr'><strong>γὰρ</strong></span> <span class='ocrx_word' id='word_1_315' title='bbox 3167 2026 3303 2097; x_wconf 77' lang='grc' dir='ltr'>ἔχει,</span> <span class='ocrx_word' id='word_1_316' title='bbox 3346 2030 3438 2081; x_wconf 84' lang='grc' dir='ltr'>τὸν</span> <span class='ocrx_word' id='word_1_317' title='bbox 3471 2031 3790 2088; x_wconf 73' lang='grc' dir='ltr'>Ἀθανάσιον</span> 
     </span>
    </p>
   </div>
   <div class='ocr_carea' id='block_1_47' title="bbox 2224 2112 3792 2195">
    <p class='ocr_par' dir='ltr' id='par_1_47' title="bbox 2224 2112 3792 2195">
     <span class='ocr_line' id='line_1_47' title="bbox 2224 2112 3792 2195; baseline 0.011 -32"><span class='ocrx_word' id='word_1_318' title='bbox 2224 2112 2496 2180; x_wconf 76' lang='grc' dir='ltr'>φεύγοντα</span> <span class='ocrx_word' id='word_1_319' title='bbox 2560 2114 2659 2166; x_wconf 75' lang='grc' dir='ltr'>καὶ</span> <span class='ocrx_word' id='word_1_320' title='bbox 2719 2113 3068 2184; x_wconf 82' lang='grc' dir='ltr'>ἁνδυὸμενον,</span> <span class='ocrx_word' id='word_1_321' title='bbox 3116 2118 3210 2170; x_wconf 79' lang='grc' dir='ltr'>τὸν</span> <span class='ocrx_word' id='word_1_322' title='bbox 3253 2120 3608 2194; x_wconf 70' lang='grc' dir='ltr'>Ἀλέξανδρον</span> <span class='ocrx_word' id='word_1_323' title='bbox 3664 2126 3792 2195; x_wconf 85' lang='grc' dir='ltr'>βίαν</span> 
     </span>
    </p>
   </div>
   <div class='ocr_carea' id='block_1_48' title="bbox 2225 2206 3788 2285">
    <p class='ocr_par' dir='ltr' id='par_1_48' title="bbox 2225 2206 3788 2285">
     <span class='ocr_line' id='line_1_48' title="bbox 2225 2206 3788 2285; baseline 0.008 -30"><span class='ocrx_word' id='word_1_324' title='bbox 2225 2206 2599 2272; x_wconf 79' lang='grc' dir='ltr'>ἐπαγαγόντα,</span> <span class='ocrx_word' id='word_1_325' title='bbox 2647 2206 2803 2275; x_wconf 85' lang='grc' dir='ltr'><strong>μόλις</strong></span> <span class='ocrx_word' id='word_1_326' title='bbox 2860 2206 3157 2279; x_wconf 81' lang='grc' dir='ltr'>δυνηθῆναι</span> <span class='ocrx_word' id='word_1_327' title='bbox 3199 2213 3387 2265; x_wconf 79' lang='grc' dir='ltr'>πεῖσαι</span> <span class='ocrx_word' id='word_1_328' title='bbox 3445 2214 3536 2267; x_wconf 81' lang='grc' dir='ltr'>τὸν</span> <span class='ocrx_word' id='word_1_329' title='bbox 3595 2219 3788 2285; x_wconf 81' lang='grc' dir='ltr'>θρόνον</span> 
     </span>
    </p>
   </div>
   <div class='ocr_carea' id='block_1_49' title="bbox 2224 2296 3790 2376">
    <p class='ocr_par' dir='ltr' id='par_1_49' title="bbox 2224 2296 3790 2376">
     <span class='ocr_line' id='line_1_49' title="bbox 2224 2296 3790 2376; baseline 0.007 -29"><span class='ocrx_word' id='word_1_330' title='bbox 2224 2296 2565 2360; x_wconf 70' lang='grc' dir='ltr'><strong>εἰσδέξασθαι</strong></span> <span class='ocrx_word' id='word_1_331' title='bbox 2587 2313 2599 2326; x_wconf 79' lang='lat'>&#39;</span> <span class='ocrx_word' id='word_1_332' title='bbox 2634 2296 2819 2359; x_wconf 83' lang='grc' dir='ltr'>καθώς</span> <span class='ocrx_word' id='word_1_333' title='bbox 2850 2314 2952 2349; x_wconf 86' lang='grc' dir='ltr'><strong>που</strong></span> <span class='ocrx_word' id='word_1_334' title='bbox 2983 2300 3077 2351; x_wconf 75' lang='grc' dir='ltr'>καὶ</span> <span class='ocrx_word' id='word_1_335' title='bbox 3112 2302 3138 2352; x_wconf 91' lang='lat'><strong>6</strong></span> <span class='ocrx_word' id='word_1_336' title='bbox 3168 2300 3340 2369; x_wconf 84' lang='grc' dir='ltr'>Σύρος</span> <span class='ocrx_word' id='word_1_337' title='bbox 3374 2302 3790 2376; x_wconf 78' lang='grc' dir='ltr'>’Δπολλινάριος</span> 
     </span>
    </p>
   </div>
   <div class='ocr_carea' id='block_1_50' title="bbox 2221 2380 3791 2458">
    <p class='ocr_par' dir='ltr' id='par_1_50' title="bbox 2221 2380 3791 2458">
     <span class='ocr_line' id='line_1_50' title="bbox 2221 2380 3791 2458; baseline 0.006 -18"><span class='ocrx_word' id='word_1_338' title='bbox 2221 2380 2322 2440; x_wconf 81' lang='grc' dir='ltr'>ὦδε</span> <span class='ocrx_word' id='word_1_339' title='bbox 2350 2388 2576 2457; x_wconf 80' lang='grc' dir='ltr'>γράφων</span> <span class='ocrx_word' id='word_1_340' title='bbox 2632 2389 2915 2458; x_wconf 76' lang='grc' dir='ltr'>ἱστόρησεν</span> <span class='ocrx_word' id='word_1_341' title='bbox 2942 2405 2955 2419; x_wconf 76' lang='grc' dir='ltr'><strong>ο</strong></span> <span class='ocrx_word' id='word_1_342' title='bbox 2996 2408 3015 2439; x_wconf 84' lang='grc' dir='ltr'><strong>ι</strong></span> <span class='ocrx_word' id='word_1_343' title='bbox 3052 2392 3167 2443; x_wconf 79' lang='grc' dir='ltr'>Οὐκ</span> <span class='ocrx_word' id='word_1_344' title='bbox 3198 2393 3350 2445; x_wconf 80' lang='grc' dir='ltr'>ὀκνεῖ</span> <span class='ocrx_word' id='word_1_345' title='bbox 3403 2396 3461 2447; x_wconf 84' lang='grc' dir='ltr'>δὲ</span> <span class='ocrx_word' id='word_1_346' title='bbox 3499 2399 3594 2449; x_wconf 77' lang='grc' dir='ltr'>καὶ</span> <span class='ocrx_word' id='word_1_347' title='bbox 3641 2401 3791 2452; x_wconf 71' lang='grc' dir='ltr'>κατὰ</span> 
     </span>
    </p>
   </div>
   <div class='ocr_carea' id='block_1_51' title="bbox 2230 2458 3789 2557">
    <p class='ocr_par' dir='ltr' id='par_1_51' title="bbox 2230 2458 3789 2557">
     <span class='ocr_line' id='line_1_51' title="bbox 2230 2458 3789 2557; baseline 0.006 -24"><span class='ocrx_word' id='word_1_348' title='bbox 2230 2477 2405 2533; x_wconf 82' lang='grc' dir='ltr'>ταῦτα</span> <span class='ocrx_word' id='word_1_349' title='bbox 2438 2480 2698 2549; x_wconf 84' lang='grc' dir='ltr'>πολεμεῖν</span> <span class='ocrx_word' id='word_1_350' title='bbox 2732 2484 2761 2551; x_wconf 73' lang='grc' dir='ltr'>ἡ</span> <span class='ocrx_word' id='word_1_351' title='bbox 2792 2458 3280 2539; x_wconf 26' lang='grc' dir='ltr'>δυσσέϐειαδχάλλά</span> <span class='ocrx_word' id='word_1_352' title='bbox 3315 2488 3529 2557; x_wconf 83' lang='grc' dir='ltr'>πρῶτον</span> <span class='ocrx_word' id='word_1_353' title='bbox 3562 2491 3663 2557; x_wconf 85' lang='grc' dir='ltr'>μὲν</span> <span class='ocrx_word' id='word_1_354' title='bbox 3697 2495 3789 2545; x_wconf 73' lang='grc' dir='ltr'><strong>ἐπὶ</strong></span> 
     </span>
    </p>
   </div>
   <div class='ocr_carea' id='block_1_52' title="bbox 2222 2570 3790 2646">
    <p class='ocr_par' dir='ltr' id='par_1_52' title="bbox 2222 2570 3790 2646">
     <span class='ocr_line' id='line_1_52' title="bbox 2222 2570 3790 2646; baseline 0.009 -26"><span class='ocrx_word' id='word_1_355' title='bbox 2222 2570 2312 2621; x_wconf 84' lang='grc' dir='ltr'>τὸν</span> <span class='ocrx_word' id='word_1_356' title='bbox 2343 2570 2612 2641; x_wconf 81' lang='grc' dir='ltr'>μακάριον</span> <span class='ocrx_word' id='word_1_357' title='bbox 2642 2571 2966 2626; x_wconf 85' lang='grc' dir='ltr'>διδάσκαλον</span> <span class='ocrx_word' id='word_1_358' title='bbox 2997 2573 3090 2627; x_wconf 84' lang='grc' dir='ltr'>τοῦ</span> <span class='ocrx_word' id='word_1_359' title='bbox 3128 2575 3324 2646; x_wconf 79' lang='grc' dir='ltr'>ἀνδρὸς</span> <span class='ocrx_word' id='word_1_360' title='bbox 3355 2578 3662 2646; x_wconf 74' lang='grc' dir='ltr'>ὀπλίζεται,</span> <span class='ocrx_word' id='word_1_361' title='bbox 3696 2588 3790 2634; x_wconf 70' lang='grc' dir='ltr'>καὶ</span> 
     </span>
    </p>
   </div>
   <div class='ocr_carea' id='block_1_53' title="bbox 2223 2658 3790 2737">
    <p class='ocr_par' dir='ltr' id='par_1_53' title="bbox 2223 2658 3790 2737">
     <span class='ocr_line' id='line_1_53' title="bbox 2223 2658 3790 2737; baseline 0.009 -24"><span class='ocrx_word' id='word_1_362' title='bbox 2223 2658 2375 2726; x_wconf 70' lang='grc' dir='ltr'>οὗτος</span> <span class='ocrx_word' id='word_1_363' title='bbox 2408 2664 2590 2733; x_wconf 81' lang='grc' dir='ltr'>παρῆν</span> <span class='ocrx_word' id='word_1_364' title='bbox 2618 2668 2918 2735; x_wconf 80' lang='grc' dir='ltr'>συνήγορος</span> <span class='ocrx_word' id='word_1_365' title='bbox 2947 2666 3023 2728; x_wconf 85' lang='grc' dir='ltr'><strong>ώς</strong></span> <span class='ocrx_word' id='word_1_366' title='bbox 3054 2672 3224 2737; x_wconf 73' lang='grc' dir='ltr'>πατρὶ</span> <span class='ocrx_word' id='word_1_367' title='bbox 3267 2673 3397 2733; x_wconf 86' lang='grc' dir='ltr'>παῖς</span> <span class='ocrx_word' id='word_1_368' title='bbox 3423 2688 3436 2701; x_wconf 90' lang='grc'><strong>·</strong></span> <span class='ocrx_word' id='word_1_369' title='bbox 3468 2672 3661 2726; x_wconf 75' lang='grc' dir='ltr'>ἔπειτα</span> <span class='ocrx_word' id='word_1_370' title='bbox 3695 2679 3790 2727; x_wconf 77' lang='grc' dir='ltr'>καὶ</span> 
     </span>
    </p>
   </div>
   <div class='ocr_carea' id='block_1_54' title="bbox 2224 2752 3789 2834">
    <p class='ocr_par' dir='ltr' id='par_1_54' title="bbox 2224 2752 3789 2834">
     <span class='ocr_line' id='line_1_54' title="bbox 2224 2752 3789 2834; baseline 0.005 -28"><span class='ocrx_word' id='word_1_371' title='bbox 2224 2753 2309 2806; x_wconf 73' lang='grc' dir='ltr'><strong>ἐπ’</strong></span> <span class='ocrx_word' id='word_1_372' title='bbox 2340 2754 2524 2818; x_wconf 79' lang='grc' dir='ltr'>αὑτὸν,</span> <span class='ocrx_word' id='word_1_373' title='bbox 2549 2754 2623 2817; x_wconf 82' lang='grc' dir='ltr'>ὡς</span> <span class='ocrx_word' id='word_1_374' title='bbox 2646 2752 2782 2826; x_wconf 82' lang='grc' dir='ltr'>ἧκεν</span> <span class='ocrx_word' id='word_1_375' title='bbox 2806 2758 2898 2809; x_wconf 78' lang='grc' dir='ltr'><strong>ἐπὶ</strong></span> <span class='ocrx_word' id='word_1_376' title='bbox 2926 2758 3026 2827; x_wconf 82' lang='grc' dir='ltr'>τὴν</span> <span class='ocrx_word' id='word_1_377' title='bbox 3053 2758 3149 2827; x_wconf 73' lang='grc' dir='ltr'>τῆς</span> <span class='ocrx_word' id='word_1_378' title='bbox 3176 2760 3479 2830; x_wconf 78' lang='grc' dir='ltr'>ἐπισκοπῆς</span> <span class='ocrx_word' id='word_1_379' title='bbox 3510 2762 3789 2834; x_wconf 77' lang='grc' dir='ltr'>διαδοχὴν,</span> 
     </span>
    </p>
   </div>
   <div class='ocr_carea' id='block_1_55' title="bbox 2224 2843 3791 2917">
    <p class='ocr_par' dir='ltr' id='par_1_55' title="bbox 2224 2843 3791 2917">
     <span class='ocr_line' id='line_1_55' title="bbox 2224 2843 3791 2917; baseline 0.008 -21"><span class='ocrx_word' id='word_1_380' title='bbox 2224 2843 2393 2915; x_wconf 83' lang='grc' dir='ltr'>πολλῇ</span> <span class='ocrx_word' id='word_1_381' title='bbox 2421 2844 2518 2914; x_wconf 79' lang='grc' dir='ltr'>μὲν</span> <span class='ocrx_word' id='word_1_382' title='bbox 2544 2846 2796 2917; x_wconf 74' lang='grc' dir='ltr'>ἀποφυγῇ</span> <span class='ocrx_word' id='word_1_383' title='bbox 2823 2849 3191 2917; x_wconf 80' lang='grc' dir='ltr'>χρησάμενος,</span> <span class='ocrx_word' id='word_1_384' title='bbox 3227 2852 3370 2904; x_wconf 81' lang='grc' dir='ltr'>κατὰ</span> <span class='ocrx_word' id='word_1_385' title='bbox 3389 2852 3523 2905; x_wconf 76' lang='grc' dir='ltr'>Θεὸν</span> <span class='ocrx_word' id='word_1_386' title='bbox 3550 2854 3606 2906; x_wconf 84' lang='grc' dir='ltr'>δὲ</span> <span class='ocrx_word' id='word_1_387' title='bbox 3628 2857 3791 2909; x_wconf 83' lang='grc' dir='ltr'>ἀνευ-</span> 
     </span>
    </p>
   </div>
   <div class='ocr_carea' id='block_1_56' title="bbox 2226 2932 3789 3011">
    <p class='ocr_par' dir='ltr' id='par_1_56' title="bbox 2226 2932 3789 3011">
     <span class='ocr_line' id='line_1_56' title="bbox 2226 2932 3789 3011; baseline 0.008 -28"><span class='ocrx_word' id='word_1_388' title='bbox 2226 2932 2402 3001; x_wconf 74' lang='grc' dir='ltr'>ρεθεὶς</span> <span class='ocrx_word' id='word_1_389' title='bbox 2429 2949 2443 2965; x_wconf 87' lang='grc'><strong>·</strong></span> <span class='ocrx_word' id='word_1_390' title='bbox 2476 2934 2550 2995; x_wconf 77' lang='lat' dir='ltr'><strong>ti);</strong></span> <span class='ocrx_word' id='word_1_391' title='bbox 2584 2940 2677 2987; x_wconf 77' lang='grc' dir='ltr'>καὶ</span> <span class='ocrx_word' id='word_1_392' title='bbox 2715 2936 2792 3005; x_wconf 79' lang='grc' dir='ltr'>τῷ</span> <span class='ocrx_word' id='word_1_393' title='bbox 2830 2938 3091 3007; x_wconf 78' lang='grc' dir='ltr'>μακαρίῳ</span> <span class='ocrx_word' id='word_1_394' title='bbox 3121 2938 3274 3009; x_wconf 78' lang='grc' dir='ltr'>ἀνδρὶ</span> <span class='ocrx_word' id='word_1_395' title='bbox 3318 2939 3395 3008; x_wconf 80' lang='grc' dir='ltr'>τῷ</span> <span class='ocrx_word' id='word_1_396' title='bbox 3423 2941 3521 3011; x_wconf 83' lang='grc' dir='ltr'>τὴν</span> <span class='ocrx_word' id='word_1_397' title='bbox 3556 2944 3789 2997; x_wconf 77' lang='grc' dir='ltr'>ἐπισκο-</span> 
     </span>
    </p>
   </div>
   <div class='ocr_carea' id='block_1_57' title="bbox 2224 3023 3787 3102">
    <p class='ocr_par' dir='ltr' id='par_1_57' title="bbox 2224 3023 3787 3102">
     <span class='ocr_line' id='line_1_57' title="bbox 2224 3023 3787 3102; baseline 0.008 -29"><span class='ocrx_word' id='word_1_398' title='bbox 2224 3023 2332 3092; x_wconf 80' lang='grc' dir='ltr'>πὴν</span> <span class='ocrx_word' id='word_1_399' title='bbox 2362 3026 2779 3095; x_wconf 74' lang='grc' dir='ltr'>προχειρίσαντι</span> <span class='ocrx_word' id='word_1_400' title='bbox 2816 3026 3193 3095; x_wconf 73' lang='grc' dir='ltr'>προδεδήλωτο</span> <span class='ocrx_word' id='word_1_401' title='bbox 3251 3030 3422 3092; x_wconf 83' lang='grc' dir='ltr'>θείαις</span> <span class='ocrx_word' id='word_1_402' title='bbox 3458 3031 3787 3102; x_wconf 82' lang='grc' dir='ltr'>δηλώσεσιν,</span> 
     </span>
    </p>
   </div>
   <div class='ocr_carea' id='block_1_58' title="bbox 552 3108 2117 3197">
    <p class='ocr_par' dir='ltr' id='par_1_58' title="bbox 552 3120 2115 3197">
     <span class='ocr_line' id='line_1_58' title="bbox 552 3120 2115 3197; baseline -0.004 -16"><span class='ocrx_word' id='word_1_403' title='bbox 552 3136 841 3197; x_wconf 86' lang='lat' dir='ltr'><strong>sc0patum</strong></span> <span class='ocrx_word' id='word_1_404' title='bbox 869 3123 1025 3194; x_wconf 90' lang='lat' dir='ltr'><strong>quasi</strong></span> <span class='ocrx_word' id='word_1_405' title='bbox 1059 3127 1114 3177; x_wconf 85' lang='lat' dir='ltr'><strong>in</strong></span> <span class='ocrx_word' id='word_1_406' title='bbox 1144 3138 1341 3176; x_wconf 90' lang='lat' dir='ltr'><strong>manus</strong></span> <span class='ocrx_word' id='word_1_407' title='bbox 1366 3121 1615 3185; x_wconf 90' lang='lat' dir='ltr'><strong>tradidit,</strong></span> <span class='ocrx_word' id='word_1_408' title='bbox 1642 3120 1847 3175; x_wconf 88' lang='lat' dir='ltr'><strong>divinis</strong></span> <span class='ocrx_word' id='word_1_409' title='bbox 1876 3121 2115 3186; x_wconf 90' lang='lat' dir='ltr'><strong>indiciis,</strong></span> 
     </span>
    </p>
   </div>
   <div class='ocr_carea' id='block_1_59' title="bbox 2230 3108 3790 3197">
    <p class='ocr_par' dir='ltr' id='par_1_59' title="bbox 2230 3108 3790 3194">
     <span class='ocr_line' id='line_1_59' title="bbox 2230 3108 3790 3194; baseline 0.008 -28"><span class='ocrx_word' id='word_1_410' title='bbox 2230 3116 2319 3186; x_wconf 75' lang='grc' dir='ltr'><strong>οὐχ</strong></span> <span class='ocrx_word' id='word_1_411' title='bbox 2350 3115 2538 3185; x_wconf 72' lang='grc' dir='ltr'>ἕτερον</span> <span class='ocrx_word' id='word_1_412' title='bbox 2564 3108 2788 3171; x_wconf 82' lang='grc' dir='ltr'>ἔσεσθαι</span> <span class='ocrx_word' id='word_1_413' title='bbox 2821 3119 2911 3171; x_wconf 80' lang='grc' dir='ltr'>τὸν</span> <span class='ocrx_word' id='word_1_414' title='bbox 2937 3120 3180 3192; x_wconf 79' lang='grc' dir='ltr'>διάδοχον</span> <span class='ocrx_word' id='word_1_415' title='bbox 3212 3124 3244 3194; x_wconf 76' lang='grc' dir='ltr'>ἢ</span> <span class='ocrx_word' id='word_1_416' title='bbox 3281 3123 3470 3176; x_wconf 82' lang='grc' dir='ltr'>τοῦτον</span> <span class='ocrx_word' id='word_1_417' title='bbox 3490 3140 3505 3153; x_wconf 77' lang='grc'><em>’</em></span> <span class='ocrx_word' id='word_1_418' title='bbox 3536 3125 3790 3178; x_wconf 77' lang='grc' dir='ltr'>ἐκαλεῖτο</span> 
     </span>
    </p>
   </div>
   <div class='ocr_carea' id='block_1_60' title="bbox 550 3213 2113 3284">
    <p class='ocr_par' dir='ltr' id='par_1_60' title="bbox 550 3213 2113 3284">
     <span class='ocr_line' id='line_1_60' title="bbox 550 3213 2113 3284; baseline -0.004 -11"><span class='ocrx_word' id='word_1_419' title='bbox 550 3235 661 3273; x_wconf 91' lang='lat' dir='ltr'><strong>non</strong></span> <span class='ocrx_word' id='word_1_420' title='bbox 691 3218 859 3273; x_wconf 90' lang='lat' dir='ltr'><strong>alium</strong></span> <span class='ocrx_word' id='word_1_421' title='bbox 896 3216 1157 3270; x_wconf 85' lang='lat' dir='ltr'><strong>videlicet</strong></span> <span class='ocrx_word' id='word_1_422' title='bbox 1184 3229 1347 3284; x_wconf 91' lang='lat' dir='ltr'><strong>quam</strong></span> <span class='ocrx_word' id='word_1_423' title='bbox 1381 3213 1530 3267; x_wconf 87' lang='lat' dir='ltr'><strong>hunc</strong></span> <span class='ocrx_word' id='word_1_424' title='bbox 1562 3227 1940 3268; x_wconf 89' lang='lat' dir='ltr'><strong>successorem</strong></span> <span class='ocrx_word' id='word_1_425' title='bbox 1972 3213 2113 3275; x_wconf 90' lang='lat' dir='ltr'><strong>fore,</strong></span> 
     </span>
    </p>
   </div>
   <div class='ocr_carea' id='block_1_61' title="bbox 453 3304 2118 3379">
    <p class='ocr_par' dir='ltr' id='par_1_61' title="bbox 453 3304 2118 3379">
     <span class='ocr_line' id='line_1_61' title="bbox 453 3304 2118 3379; baseline -0.004 -16"><span class='ocrx_word' id='word_1_426' title='bbox 453 3358 458 3363; x_wconf 92' lang='lat'><strong>.</strong></span> <span class='ocrx_word' id='word_1_427' title='bbox 551 3323 640 3365; x_wconf 86' lang='lat' dir='ltr'><strong>est</strong></span> <span class='ocrx_word' id='word_1_428' title='bbox 669 3309 1059 3379; x_wconf 79' lang='lat' dir='ltr'><strong>signiﬁcatum.</strong></span> <span class='ocrx_word' id='word_1_429' title='bbox 1103 3305 1452 3359; x_wconf 86' lang='lat' dir='ltr'><strong>Evocabatur</strong></span> <span class='ocrx_word' id='word_1_430' title='bbox 1495 3319 1732 3371; x_wconf 89' lang='lat' dir='ltr'><strong>namque</strong></span> <span class='ocrx_word' id='word_1_431' title='bbox 1759 3319 1790 3357; x_wconf 87' lang='lat' dir='ltr'><strong>a</strong></span> <span class='ocrx_word' id='word_1_432' title='bbox 1815 3304 1947 3367; x_wconf 82' lang='lat' dir='ltr'><strong>vita,</strong></span> <span class='ocrx_word' id='word_1_433' title='bbox 1976 3305 2118 3374; x_wconf 83' lang='lat' dir='ltr'><strong>jam-</strong></span> 
     </span>
    </p>
   </div>
   <div class='ocr_carea' id='block_1_62' title="bbox 550 3394 2119 3471">
    <p class='ocr_par' dir='ltr' id='par_1_62' title="bbox 550 3394 2119 3471">
     <span class='ocr_line' id='line_1_62' title="bbox 550 3394 2119 3471; baseline -0.004 -16"><span class='ocrx_word' id='word_1_434' title='bbox 550 3416 657 3471; x_wconf 88' lang='lat' dir='ltr'><strong>que</strong></span> <span class='ocrx_word' id='word_1_435' title='bbox 690 3404 829 3454; x_wconf 87' lang='lat' dir='ltr'><strong>adeo</strong></span> <span class='ocrx_word' id='word_1_436' title='bbox 858 3413 1029 3468; x_wconf 91' lang='lat' dir='ltr'><strong>prope</strong></span> <span class='ocrx_word' id='word_1_437' title='bbox 1053 3397 1266 3450; x_wconf 90' lang='lat' dir='ltr'><strong>obitum</strong></span> <span class='ocrx_word' id='word_1_438' title='bbox 1296 3404 1416 3449; x_wconf 88' lang='lat' dir='ltr'><strong>erat</strong></span> <span class='ocrx_word' id='word_1_439' title='bbox 1441 3394 1769 3458; x_wconf 86' lang='lat' dir='ltr'><strong>Alexander,</strong></span> <span class='ocrx_word' id='word_1_440' title='bbox 1789 3409 1911 3448; x_wconf 86' lang='lat' dir='ltr'><strong>cum</strong></span> <span class='ocrx_word' id='word_1_441' title='bbox 1942 3394 2119 3449; x_wconf 89' lang='lat' dir='ltr'><strong>nomi-</strong></span> 
     </span>
    </p>
   </div>
   <div class='ocr_carea' id='block_1_63' title="bbox 552 3486 2112 3555">
    <p class='ocr_par' dir='ltr' id='par_1_63' title="bbox 552 3486 2112 3555">
     <span class='ocr_line' id='line_1_63' title="bbox 552 3486 2112 3555; baseline -0.005 -8"><span class='ocrx_word' id='word_1_442' title='bbox 552 3493 722 3547; x_wconf 87' lang='lat' dir='ltr'><strong>natim</strong></span> <span class='ocrx_word' id='word_1_443' title='bbox 770 3491 1134 3547; x_wconf 82' lang='lat' dir='ltr'><strong>Athanasium</strong></span> <span class='ocrx_word' id='word_1_444' title='bbox 1188 3487 1404 3542; x_wconf 87' lang='lat' dir='ltr'><strong>vocavit</strong></span> <span class='ocrx_word' id='word_1_445' title='bbox 1439 3487 1725 3541; x_wconf 88' lang='lat' dir='ltr'><strong>absentem</strong></span> <span class='ocrx_word' id='word_1_446' title='bbox 1755 3529 1770 3551; x_wconf 93' lang='lat'><strong>,</strong></span> <span class='ocrx_word' id='word_1_447' title='bbox 1815 3497 1980 3555; x_wconf 88' lang='lat' dir='ltr'><strong>atque</strong></span> <span class='ocrx_word' id='word_1_448' title='bbox 2015 3486 2112 3549; x_wconf 87' lang='lat' dir='ltr'><strong>ibi,</strong></span> 
     </span>
    </p>
   </div>
   <div class='ocr_carea' id='block_1_64' title="bbox 552 3578 2118 3654">
    <p class='ocr_par' dir='ltr' id='par_1_64' title="bbox 552 3578 2118 3654">
     <span class='ocr_line' id='line_1_64' title="bbox 552 3578 2118 3654; baseline -0.005 -14"><span class='ocrx_word' id='word_1_449' title='bbox 552 3601 678 3641; x_wconf 64' lang='lat' dir='ltr'><strong>cum</strong></span> <span class='ocrx_word' id='word_1_450' title='bbox 710 3585 804 3654; x_wconf 89' lang='lat' dir='ltr'><strong>qui</strong></span> <span class='ocrx_word' id='word_1_451' title='bbox 843 3592 958 3637; x_wconf 88' lang='lat' dir='ltr'><strong>tum</strong></span> <span class='ocrx_word' id='word_1_452' title='bbox 997 3581 1192 3635; x_wconf 83' lang='lat' dir='ltr'><strong>aderat</strong></span> <span class='ocrx_word' id='word_1_453' title='bbox 1224 3579 1471 3649; x_wconf 73' lang='lat' dir='ltr'><strong>ejusdem</strong></span> <span class='ocrx_word' id='word_1_454' title='bbox 1514 3579 1778 3640; x_wconf 86' lang='lat' dir='ltr'><strong>nominis,</strong></span> <span class='ocrx_word' id='word_1_455' title='bbox 1811 3578 2118 3632; x_wconf 78' lang='lat' dir='ltr'><strong>vocationis</strong></span> 
     </span>
    </p>
   </div>
   <div class='ocr_carea' id='block_1_65' title="bbox 551 3671 2113 3740">
    <p class='ocr_par' dir='ltr' id='par_1_65' title="bbox 551 3671 2113 3740">
     <span class='ocr_line' id='line_1_65' title="bbox 551 3671 2113 3740; baseline -0.004 -9"><span class='ocrx_word' id='word_1_456' title='bbox 551 3677 786 3731; x_wconf 89' lang='lat' dir='ltr'><strong>audiens</strong></span> <span class='ocrx_word' id='word_1_457' title='bbox 819 3684 986 3738; x_wconf 86' lang='lat' dir='ltr'><strong>esset,</strong></span> <span class='ocrx_word' id='word_1_458' title='bbox 1021 3675 1088 3727; x_wconf 87' lang='lat' dir='ltr'><strong>ad</strong></span> <span class='ocrx_word' id='word_1_459' title='bbox 1127 3688 1274 3733; x_wconf 82' lang='lat' dir='ltr'><strong>eum.</strong></span> <span class='ocrx_word' id='word_1_460' title='bbox 1304 3671 1472 3725; x_wconf 82' lang='lat' dir='ltr'><strong>veluti</strong></span> <span class='ocrx_word' id='word_1_461' title='bbox 1506 3686 1667 3740; x_wconf 88' lang='lat' dir='ltr'><strong>quem</strong></span> <span class='ocrx_word' id='word_1_462' title='bbox 1701 3686 1810 3723; x_wconf 87' lang='lat' dir='ltr'><strong>non</strong></span> <span class='ocrx_word' id='word_1_463' title='bbox 1843 3679 2113 3733; x_wconf 85' lang='lat' dir='ltr'><strong>vocasset,</strong></span> 
     </span>
    </p>
   </div>
   <div class='ocr_carea' id='block_1_66' title="bbox 551 3762 2113 3833">
    <p class='ocr_par' dir='ltr' id='par_1_66' title="bbox 551 3762 2113 3833">
     <span class='ocr_line' id='line_1_66' title="bbox 551 3762 2113 3833; baseline -0.005 -11"><span class='ocrx_word' id='word_1_464' title='bbox 551 3768 843 3830; x_wconf 88' lang='lat' dir='ltr'><strong>conticuit,</strong></span> <span class='ocrx_word' id='word_1_465' title='bbox 893 3766 1188 3833; x_wconf 87' lang='lat' dir='ltr'><strong>denuoque</strong></span> <span class='ocrx_word' id='word_1_466' title='bbox 1227 3764 1516 3817; x_wconf 85' lang='lat' dir='ltr'><strong>vocatione</strong></span> <span class='ocrx_word' id='word_1_467' title='bbox 1566 3773 1653 3816; x_wconf 88' lang='lat' dir='ltr'><strong>est</strong></span> <span class='ocrx_word' id='word_1_468' title='bbox 1690 3776 1841 3815; x_wconf 88' lang='lat' dir='ltr'><strong>usus.</strong></span> <span class='ocrx_word' id='word_1_469' title='bbox 1880 3762 1947 3815; x_wconf 87' lang='lat' dir='ltr'><strong>Et</strong></span> <span class='ocrx_word' id='word_1_470' title='bbox 1988 3776 2113 3815; x_wconf 83' lang='lat' dir='ltr'><strong>cum</strong></span> 
     </span>
    </p>
   </div>
   <div class='ocr_carea' id='block_1_67' title="bbox 553 3851 2117 3926">
    <p class='ocr_par' dir='ltr' id='par_1_67' title="bbox 553 3851 2117 3926">
     <span class='ocr_line' id='line_1_67' title="bbox 553 3851 2117 3926; baseline -0.005 -12"><span class='ocrx_word' id='word_1_471' title='bbox 553 3859 607 3914; x_wconf 83' lang='lat' dir='ltr'><strong>id</strong></span> <span class='ocrx_word' id='word_1_472' title='bbox 636 3860 704 3914; x_wconf 80' lang='lat' dir='ltr'><strong>ab</strong></span> <span class='ocrx_word' id='word_1_473' title='bbox 730 3874 795 3913; x_wconf 90' lang='lat' dir='ltr'><strong>eo</strong></span> <span class='ocrx_word' id='word_1_474' title='bbox 816 3859 1018 3926; x_wconf 64' lang='lat' dir='ltr'><strong>swpius</strong></span> <span class='ocrx_word' id='word_1_475' title='bbox 1045 3858 1221 3922; x_wconf 84' lang='lat' dir='ltr'><strong>ticret,</strong></span> <span class='ocrx_word' id='word_1_476' title='bbox 1246 3854 1507 3909; x_wconf 89' lang='lat' dir='ltr'><strong>consiluit</strong></span> <span class='ocrx_word' id='word_1_477' title='bbox 1531 3853 1749 3906; x_wconf 86' lang='lat' dir='ltr'><strong>tandem</strong></span> <span class='ocrx_word' id='word_1_478' title='bbox 1782 3851 2117 3906; x_wconf 88' lang='lat' dir='ltr'><strong>Athanasius</strong></span> 
     </span>
    </p>
   </div>
   <div class='ocr_carea' id='block_1_68' title="bbox 554 3944 2117 4020">
    <p class='ocr_par' dir='ltr' id='par_1_68' title="bbox 554 3944 2117 4020">
     <span class='ocr_line' id='line_1_68' title="bbox 554 3944 2117 4020; baseline -0.001 -19"><span class='ocrx_word' id='word_1_479' title='bbox 554 3964 817 4020; x_wconf 80' lang='lat' dir='ltr'><strong>praesens,</strong></span> <span class='ocrx_word' id='word_1_480' title='bbox 873 3949 1185 4001; x_wconf 77' lang='lat' dir='ltr'><strong>declaratus</strong></span> <span class='ocrx_word' id='word_1_481' title='bbox 1235 3956 1320 4000; x_wconf 90' lang='lat' dir='ltr'><strong>est</strong></span> <span class='ocrx_word' id='word_1_482' title='bbox 1375 3955 1556 3999; x_wconf 88' lang='lat' dir='ltr'><strong>autem</strong></span> <span class='ocrx_word' id='word_1_483' title='bbox 1596 3944 1736 3999; x_wconf 87' lang='lat' dir='ltr'><strong>alter</strong></span> <span class='ocrx_word' id='word_1_484' title='bbox 1783 3946 2000 3999; x_wconf 77' lang='lat' dir='ltr'><strong>absens.</strong></span> <span class='ocrx_word' id='word_1_485' title='bbox 2050 3944 2117 3999; x_wconf 86' lang='lat' dir='ltr'><strong>Et</strong></span> 
     </span>
    </p>
   </div>
   <div class='ocr_carea' id='block_1_69' title="bbox 557 4035 2113 4110">
    <p class='ocr_par' dir='ltr' id='par_1_69' title="bbox 557 4035 2113 4110">
     <span class='ocr_line' id='line_1_69' title="bbox 557 4035 2113 4110; baseline -0.001 -17"><span class='ocrx_word' id='word_1_486' title='bbox 557 4041 877 4110; x_wconf 87' lang='lat' dir='ltr'><strong>prophetico</strong></span> <span class='ocrx_word' id='word_1_487' title='bbox 936 4038 1158 4093; x_wconf 88' lang='lat' dir='ltr'><strong>demum</strong></span> <span class='ocrx_word' id='word_1_488' title='bbox 1223 4036 1416 4104; x_wconf 83' lang='lat' dir='ltr'><strong>spiritu</strong></span> <span class='ocrx_word' id='word_1_489' title='bbox 1491 4037 1688 4090; x_wconf 86' lang='lat' dir='ltr'><strong>beatus</strong></span> <span class='ocrx_word' id='word_1_490' title='bbox 1752 4035 2113 4091; x_wconf 81' lang='lat' dir='ltr'><strong>Alexander:</strong></span> 
     </span>
    </p>
   </div>
   <div class='ocr_carea' id='block_1_70' title="bbox 556 4126 2118 4199">
    <p class='ocr_par' dir='ltr' id='par_1_70' title="bbox 556 4126 2118 4199">
     <span class='ocr_line' id='line_1_70' title="bbox 556 4126 2118 4199; baseline -0.003 -15"><span class='ocrx_word' id='word_1_491' title='bbox 556 4130 847 4195; x_wconf 82' lang='lat' dir='ltr'><strong>Athanasi,</strong></span> <span class='ocrx_word' id='word_1_492' title='bbox 883 4129 1085 4199; x_wconf 89' lang='lat' dir='ltr'><strong>inquit,</strong></span> <span class='ocrx_word' id='word_1_493' title='bbox 1120 4127 1478 4195; x_wconf 72' lang='lat' dir='ltr'><strong>etlugiturum</strong></span> <span class='ocrx_word' id='word_1_494' title='bbox 1531 4136 1583 4181; x_wconf 90' lang='lat' dir='ltr'><strong>te</strong></span> <span class='ocrx_word' id='word_1_495' title='bbox 1634 4126 1832 4193; x_wconf 90' lang='lat' dir='ltr'><strong>credis,</strong></span> <span class='ocrx_word' id='word_1_496' title='bbox 1866 4127 1961 4181; x_wconf 88' lang='lat' dir='ltr'><strong>sed</strong></span> <span class='ocrx_word' id='word_1_497' title='bbox 2008 4143 2118 4181; x_wconf 90' lang='lat' dir='ltr'><strong>non</strong></span> 
     </span>
    </p>
   </div>
   <div class='ocr_carea' id='block_1_71' title="bbox 557 4216 2116 4290">
    <p class='ocr_par' dir='ltr' id='par_1_71' title="bbox 557 4216 2116 4290">
     <span class='ocr_line' id='line_1_71' title="bbox 557 4216 2116 4290; baseline -0.002 -16"><span class='ocrx_word' id='word_1_498' title='bbox 557 4221 809 4290; x_wconf 80' lang='lat' dir='ltr'><strong>effugies.</strong></span> <span class='ocrx_word' id='word_1_499' title='bbox 867 4218 990 4284; x_wconf 82' lang='lat' dir='ltr'><strong>Quo</strong></span> <span class='ocrx_word' id='word_1_500' title='bbox 1043 4218 1213 4272; x_wconf 84' lang='lat' dir='ltr'><strong>verbo</strong></span> <span class='ocrx_word' id='word_1_501' title='bbox 1274 4216 1340 4270; x_wconf 90' lang='lat' dir='ltr'><strong>ad</strong></span> <span class='ocrx_word' id='word_1_502' title='bbox 1396 4226 1676 4272; x_wconf 89' lang='lat' dir='ltr'><strong>certamen</strong></span> <span class='ocrx_word' id='word_1_503' title='bbox 1729 4232 1854 4272; x_wconf 91' lang='lat' dir='ltr'><strong>eum</strong></span> <span class='ocrx_word' id='word_1_504' title='bbox 1897 4217 2116 4271; x_wconf 83' lang='lat' dir='ltr'><strong>evocari</strong></span> 
     </span>
    </p>
   </div>
   <div class='ocr_carea' id='block_1_72' title="bbox 558 4308 2118 4378">
    <p class='ocr_par' dir='ltr' id='par_1_72' title="bbox 558 4308 2118 4378">
     <span class='ocr_line' id='line_1_72' title="bbox 558 4308 2118 4378; baseline 0 -14"><span class='ocrx_word' id='word_1_505' title='bbox 558 4311 824 4366; x_wconf 80' lang='lat' dir='ltr'><strong>ostendit.</strong></span> <span class='ocrx_word' id='word_1_506' title='bbox 869 4328 886 4361; x_wconf 74' lang='grc' dir='ltr'><strong>ι</strong></span> <span class='ocrx_word' id='word_1_507' title='bbox 929 4310 1051 4363; x_wconf 73' lang='lat' dir='ltr'><strong>Ilaec</strong></span> <span class='ocrx_word' id='word_1_508' title='bbox 1101 4308 1459 4378; x_wconf 84' lang='lat' dir='ltr'><strong>Apollinaris.</strong></span> <span class='ocrx_word' id='word_1_509' title='bbox 1508 4308 1621 4361; x_wconf 86' lang='lat' dir='ltr'><strong>Arii</strong></span> <span class='ocrx_word' id='word_1_510' title='bbox 1668 4319 1851 4362; x_wconf 90' lang='lat' dir='ltr'><strong>autem</strong></span> <span class='ocrx_word' id='word_1_511' title='bbox 1885 4309 2118 4364; x_wconf 88' lang='lat' dir='ltr'><strong>tribules</strong></span> 
     </span>
    </p>
   </div>
   <div class='ocr_carea' id='block_1_73' title="bbox 549 4398 2117 4471">
    <p class='ocr_par' dir='ltr' id='par_1_73' title="bbox 549 4398 2117 4471">
     <span class='ocr_line' id='line_1_73' title="bbox 549 4398 2117 4471; baseline 0.001 -18"><span class='ocrx_word' id='word_1_512' title='bbox 549 4404 779 4471; x_wconf 83' lang='lat' dir='ltr'><strong>jactant,</strong></span> <span class='ocrx_word' id='word_1_513' title='bbox 846 4411 971 4470; x_wconf 90' lang='lat' dir='ltr'><strong>post</strong></span> <span class='ocrx_word' id='word_1_514' title='bbox 1031 4398 1325 4453; x_wconf 84' lang='lat' dir='ltr'><strong>Alexandri</strong></span> <span class='ocrx_word' id='word_1_515' title='bbox 1386 4407 1619 4452; x_wconf 89' lang='lat' dir='ltr'><strong>mortem</strong></span> <span class='ocrx_word' id='word_1_516' title='bbox 1680 4400 2117 4455; x_wconf 86' lang='lat' dir='ltr'><strong>communicasse</strong></span> 
     </span>
    </p>
   </div>
   <div class='ocr_carea' id='block_1_74' title="bbox 2223 3199 3785 3283">
    <p class='ocr_par' dir='ltr' id='par_1_74' title="bbox 2223 3199 3785 3283">
     <span class='ocr_line' id='line_1_74' title="bbox 2223 3199 3785 3283; baseline 0.008 -28"><span class='ocrx_word' id='word_1_517' title='bbox 2223 3203 2320 3271; x_wconf 84' lang='grc' dir='ltr'>μὲν</span> <span class='ocrx_word' id='word_1_518' title='bbox 2345 3204 2454 3272; x_wconf 79' lang='grc' dir='ltr'><strong>γάρ</strong></span> <span class='ocrx_word' id='word_1_519' title='bbox 2487 3207 2548 3258; x_wconf 86' lang='grc' dir='ltr'>ἐκ</span> <span class='ocrx_word' id='word_1_520' title='bbox 2584 3199 2688 3258; x_wconf 58' lang='grc' dir='ltr'>τοῦ</span> <span class='ocrx_word' id='word_1_521' title='bbox 2714 3207 2831 3277; x_wconf 83' lang='grc' dir='ltr'>βίου</span> <span class='ocrx_word' id='word_1_522' title='bbox 2857 3224 2870 3238; x_wconf 88' lang='grc'><strong>·</strong></span> <span class='ocrx_word' id='word_1_523' title='bbox 2903 3210 3005 3280; x_wconf 77' lang='grc' dir='ltr'>ήδη</span> <span class='ocrx_word' id='word_1_524' title='bbox 3042 3211 3098 3263; x_wconf 77' lang='grc' dir='ltr'>δὲ</span> <span class='ocrx_word' id='word_1_525' title='bbox 3130 3212 3268 3282; x_wconf 83' lang='grc' dir='ltr'>πρὸς</span> <span class='ocrx_word' id='word_1_526' title='bbox 3301 3213 3626 3282; x_wconf 80' lang='grc' dir='ltr'>ἀπαλλαγὴν</span> <span class='ocrx_word' id='word_1_527' title='bbox 3654 3234 3785 3283; x_wconf 80' lang='grc' dir='ltr'>τυγο</span> 
     </span>
    </p>
   </div>
   <div class='ocr_carea' id='block_1_75' title="bbox 2218 3295 3786 3373">
    <p class='ocr_par' dir='ltr' id='par_1_75' title="bbox 2218 3295 3786 3373">
     <span class='ocr_line' id='line_1_75' title="bbox 2218 3295 3786 3373; baseline 0.01 -29"><span class='ocrx_word' id='word_1_528' title='bbox 2218 3295 2419 3363; x_wconf 81' lang='grc' dir='ltr'>χάνων,</span> <span class='ocrx_word' id='word_1_529' title='bbox 2462 3296 2784 3351; x_wconf 82' lang='grc' dir='ltr'>Ἀθανάσιον</span> <span class='ocrx_word' id='word_1_530' title='bbox 2838 3299 3102 3369; x_wconf 78' lang='grc' dir='ltr'>ὀνομαστὶ</span> <span class='ocrx_word' id='word_1_531' title='bbox 3154 3302 3230 3373; x_wconf 80' lang='grc' dir='ltr'>μὴ</span> <span class='ocrx_word' id='word_1_532' title='bbox 3272 3304 3531 3372; x_wconf 74' lang='grc' dir='ltr'>παρόντα</span> <span class='ocrx_word' id='word_1_533' title='bbox 3578 3305 3786 3359; x_wconf 74' lang='grc' dir='ltr'>ἐκάλει.</span> 
     </span>
    </p>
   </div>
   <div class='ocr_carea' id='block_1_76' title="bbox 2219 3386 3790 3467">
    <p class='ocr_par' dir='ltr' id='par_1_76' title="bbox 2219 3386 3790 3467">
     <span class='ocr_line' id='line_1_76' title="bbox 2219 3386 3790 3467; baseline 0.008 -29"><span class='ocrx_word' id='word_1_534' title='bbox 2219 3386 2326 3438; x_wconf 49' lang='grc' dir='ltr'><strong>Καὶ⁹</strong></span> <span class='ocrx_word' id='word_1_535' title='bbox 2353 3387 2426 3450; x_wconf 84' lang='grc' dir='ltr'><strong>ώς</strong></span> <span class='ocrx_word' id='word_1_536' title='bbox 2452 3389 2479 3441; x_wconf 86' lang='lat'><strong>6</strong></span> <span class='ocrx_word' id='word_1_537' title='bbox 2511 3388 2696 3457; x_wconf 74' lang='grc' dir='ltr'>παρὼν</span> <span class='ocrx_word' id='word_1_538' title='bbox 2726 3390 3015 3461; x_wconf 77' lang='grc' dir='ltr'>ὁμώνυμος</span> <span class='ocrx_word' id='word_1_539' title='bbox 3039 3393 3286 3465; x_wconf 80' lang='grc' dir='ltr'>ὑπήκουε</span> <span class='ocrx_word' id='word_1_540' title='bbox 3315 3398 3379 3465; x_wconf 82' lang='grc' dir='ltr'><strong>τῇ</strong></span> <span class='ocrx_word' id='word_1_541' title='bbox 3410 3396 3621 3465; x_wconf 85' lang='grc' dir='ltr'>κλήσει,</span> <span class='ocrx_word' id='word_1_542' title='bbox 3656 3398 3790 3467; x_wconf 81' lang='grc' dir='ltr'>πρὸς</span> 
     </span>
    </p>
   </div>
   <div class='ocr_carea' id='block_1_77' title="bbox 2222 3478 3789 3554">
    <p class='ocr_par' dir='ltr' id='par_1_77' title="bbox 2222 3478 3789 3554">
     <span class='ocr_line' id='line_1_77' title="bbox 2222 3478 3789 3554; baseline 0.01 -26"><span class='ocrx_word' id='word_1_543' title='bbox 2222 3478 2320 3546; x_wconf 84' lang='grc' dir='ltr'>μὲν</span> <span class='ocrx_word' id='word_1_544' title='bbox 2352 3478 2512 3530; x_wconf 75' lang='grc' dir='ltr'>τοῦτο</span> <span class='ocrx_word' id='word_1_545' title='bbox 2544 3480 2857 3545; x_wconf 84' lang='grc' dir='ltr'>ἀπεσιώπα,</span> <span class='ocrx_word' id='word_1_546' title='bbox 2893 3483 2967 3547; x_wconf 83' lang='grc' dir='ltr'><strong>ὡς</strong></span> <span class='ocrx_word' id='word_1_547' title='bbox 3019 3485 3079 3537; x_wconf 84' lang='grc' dir='ltr'>οὐ</span> <span class='ocrx_word' id='word_1_548' title='bbox 3130 3484 3317 3538; x_wconf 71' lang='grc' dir='ltr'>τοῦτον</span> <span class='ocrx_word' id='word_1_549' title='bbox 3368 3488 3587 3541; x_wconf 82' lang='grc' dir='ltr'>καλῶν·</span> <span class='ocrx_word' id='word_1_550' title='bbox 3627 3490 3789 3554; x_wconf 77' lang='grc' dir='ltr'>αὖθις</span> 
     </span>
    </p>
   </div>
   <div class='ocr_carea' id='block_1_78' title="bbox 2218 3566 3791 3651">
    <p class='ocr_par' dir='ltr' id='par_1_78' title="bbox 2218 3566 3791 3651">
     <span class='ocr_line' id='line_1_78' title="bbox 2218 3566 3791 3651; baseline 0.012 -36"><span class='ocrx_word' id='word_1_551' title='bbox 2218 3566 2264 3617; x_wconf 79' lang='grc' dir='ltr'>δ’</span> <span class='ocrx_word' id='word_1_552' title='bbox 2293 3568 2492 3638; x_wconf 77' lang='grc' dir='ltr'>ἐχρῆτο</span> <span class='ocrx_word' id='word_1_553' title='bbox 2528 3572 2593 3639; x_wconf 83' lang='grc' dir='ltr'><strong>τῇ</strong></span> <span class='ocrx_word' id='word_1_554' title='bbox 2632 3572 2859 3642; x_wconf 79' lang='grc' dir='ltr'><strong>κλήσει⁸</strong></span> <span class='ocrx_word' id='word_1_555' title='bbox 2898 3576 2992 3627; x_wconf 82' lang='grc' dir='ltr'>καὶ</span> <span class='ocrx_word' id='word_1_556' title='bbox 3043 3578 3119 3637; x_wconf 84' lang='grc' dir='ltr'>ὼς</span> <span class='ocrx_word' id='word_1_557' title='bbox 3166 3578 3332 3629; x_wconf 81' lang='grc' dir='ltr'>ταυτὸ</span> <span class='ocrx_word' id='word_1_558' title='bbox 3378 3579 3644 3643; x_wconf 78' lang='grc' dir='ltr'>πολλάκις</span> <span class='ocrx_word' id='word_1_559' title='bbox 3674 3581 3791 3651; x_wconf 70' lang='grc' dir='ltr'>ἐγί-</span> 
     </span>
    </p>
   </div>
   <div class='ocr_carea' id='block_1_79' title="bbox 2219 3661 3790 3745">
    <p class='ocr_par' dir='ltr' id='par_1_79' title="bbox 2219 3661 3790 3745">
     <span class='ocr_line' id='line_1_79' title="bbox 2219 3661 3790 3745; baseline 0.013 -35"><span class='ocrx_word' id='word_1_560' title='bbox 2219 3674 2361 3721; x_wconf 89' lang='grc' dir='ltr'>νετο,</span> <span class='ocrx_word' id='word_1_561' title='bbox 2404 3661 2697 3715; x_wconf 85' lang='grc' dir='ltr'>άπεσ.ώπα</span> <span class='ocrx_word' id='word_1_562' title='bbox 2741 3665 2838 3732; x_wconf 85' lang='grc' dir='ltr'>μὲν</span> <span class='ocrx_word' id='word_1_563' title='bbox 2872 3667 2900 3719; x_wconf 97' lang='lat'><strong>6</strong></span> <span class='ocrx_word' id='word_1_564' title='bbox 2963 3669 3186 3736; x_wconf 74' lang='grc' dir='ltr'>παρών*</span> <span class='ocrx_word' id='word_1_565' title='bbox 3243 3671 3499 3739; x_wconf 74' lang='grc' dir='ltr'>ἐδηλοῦτο</span> <span class='ocrx_word' id='word_1_566' title='bbox 3545 3674 3601 3727; x_wconf 86' lang='grc' dir='ltr'>δὲ</span> <span class='ocrx_word' id='word_1_567' title='bbox 3643 3678 3671 3728; x_wconf 88' lang='lat'><strong>6</strong></span> <span class='ocrx_word' id='word_1_568' title='bbox 3710 3674 3790 3745; x_wconf 81' lang='grc' dir='ltr'>μὴ</span> 
     </span>
    </p>
   </div>
   <div class='ocr_carea' id='block_1_80' title="bbox 2222 3752 3794 3835">
    <p class='ocr_par' dir='ltr' id='par_1_80' title="bbox 2222 3752 3794 3835">
     <span class='ocr_line' id='line_1_80' title="bbox 2222 3752 3794 3835; baseline 0.013 -33"><span class='ocrx_word' id='word_1_569' title='bbox 2222 3752 2435 3822; x_wconf 87' lang='grc' dir='ltr'>παρών.</span> <span class='ocrx_word' id='word_1_570' title='bbox 2487 3755 2595 3806; x_wconf 75' lang='grc' dir='ltr'><strong>Καὶ</strong></span> <span class='ocrx_word' id='word_1_571' title='bbox 2629 3759 2987 3828; x_wconf 76' lang='grc' dir='ltr'>προφητικῶς</span> <span class='ocrx_word' id='word_1_572' title='bbox 3029 3761 3217 3827; x_wconf 79' lang='grc' dir='ltr'>ἔλεγεν</span> <span class='ocrx_word' id='word_1_573' title='bbox 3261 3766 3288 3816; x_wconf 93' lang='lat'><strong>6</strong></span> <span class='ocrx_word' id='word_1_574' title='bbox 3338 3767 3608 3835; x_wconf 85' lang='grc' dir='ltr'>μακάριος</span> <span class='ocrx_word' id='word_1_575' title='bbox 3644 3768 3794 3821; x_wconf 73' lang='grc' dir='ltr'><strong>Ἀλέ-</strong></span> 
     </span>
    </p>
   </div>
   <div class='ocr_carea' id='block_1_81' title="bbox 2223 3843 3791 3925">
    <p class='ocr_par' dir='ltr' id='par_1_81' title="bbox 2223 3843 3791 3925">
     <span class='ocr_line' id='line_1_81' title="bbox 2223 3843 3791 3925; baseline 0.011 -28"><span class='ocrx_word' id='word_1_576' title='bbox 2223 3843 2467 3915; x_wconf 81' lang='grc' dir='ltr'>ξανδρος,</span> <span class='ocrx_word' id='word_1_577' title='bbox 2507 3848 2815 3915; x_wconf 85' lang='grc' dir='ltr'>Ἀθανάσιε,</span> <span class='ocrx_word' id='word_1_578' title='bbox 2872 3853 3117 3921; x_wconf 73' lang='grc' dir='ltr'>νομίζεις</span> <span class='ocrx_word' id='word_1_579' title='bbox 3177 3857 3622 3925; x_wconf 74' lang='grc' dir='ltr'>ἐκπεφευγέναιο</span> <span class='ocrx_word' id='word_1_580' title='bbox 3688 3862 3791 3914; x_wconf 76' lang='grc' dir='ltr'>οὐκ</span> 
     </span>
    </p>
   </div>
   <div class='ocr_carea' id='block_1_82' title="bbox 2222 3938 3794 4013">
    <p class='ocr_par' dir='ltr' id='par_1_82' title="bbox 2222 3938 3794 4013">
     <span class='ocr_line' id='line_1_82' title="bbox 2222 3938 3794 4013; baseline 0.01 -24"><span class='ocrx_word' id='word_1_581' title='bbox 2222 3938 2481 4010; x_wconf 65' lang='grc' dir='ltr'>ἐκφεύξῃ.</span> <span class='ocrx_word' id='word_1_582' title='bbox 2513 3940 2700 4009; x_wconf 85' lang='grc' dir='ltr'>Δηλῶν</span> <span class='ocrx_word' id='word_1_583' title='bbox 2724 3943 2799 4005; x_wconf 79' lang='grc' dir='ltr'>ὡς</span> <span class='ocrx_word' id='word_1_584' title='bbox 2821 3943 2957 4011; x_wconf 80' lang='grc' dir='ltr'>πρὸς</span> <span class='ocrx_word' id='word_1_585' title='bbox 2983 3943 3075 3997; x_wconf 81' lang='grc' dir='ltr'>τὸν</span> <span class='ocrx_word' id='word_1_586' title='bbox 3108 3945 3298 4013; x_wconf 80' lang='grc' dir='ltr'>ἀγῶνα</span> <span class='ocrx_word' id='word_1_587' title='bbox 3326 3948 3599 4004; x_wconf 75' lang='grc' dir='ltr'>ἐκαλεῖτο.</span> <span class='ocrx_word' id='word_1_588' title='bbox 3633 3969 3654 4002; x_wconf 76' lang='grc' dir='ltr'><strong><em>ι</em></strong></span> <span class='ocrx_word' id='word_1_589' title='bbox 3683 3953 3794 4005; x_wconf 76' lang='grc' dir='ltr'><strong>Καὶ</strong></span> 
     </span>
    </p>
   </div>
   <div class='ocr_carea' id='block_1_83' title="bbox 2219 4030 3791 4111">
    <p class='ocr_par' dir='ltr' id='par_1_83' title="bbox 2219 4030 3791 4111">
     <span class='ocr_line' id='line_1_83' title="bbox 2219 4030 3791 4111; baseline 0.01 -30"><span class='ocrx_word' id='word_1_590' title='bbox 2219 4032 2247 4082; x_wconf 89' lang='lat'><strong>6</strong></span> <span class='ocrx_word' id='word_1_591' title='bbox 2274 4030 2794 4103; x_wconf 81' lang='grc' dir='ltr'>μὲνἈπολλινάριος</span> <span class='ocrx_word' id='word_1_592' title='bbox 2820 4035 2993 4088; x_wconf 79' lang='grc' dir='ltr'>ταῦτα</span> <span class='ocrx_word' id='word_1_593' title='bbox 3018 4039 3224 4108; x_wconf 82' lang='grc' dir='ltr'>γράφει</span> <span class='ocrx_word' id='word_1_594' title='bbox 3252 4054 3266 4068; x_wconf 88' lang='grc'><strong>·</strong></span> <span class='ocrx_word' id='word_1_595' title='bbox 3292 4040 3339 4092; x_wconf 83' lang='grc' dir='ltr'><strong>οί</strong></span> <span class='ocrx_word' id='word_1_596' title='bbox 3373 4040 3429 4093; x_wconf 76' lang='grc' dir='ltr'>δὲ</span> <span class='ocrx_word' id='word_1_597' title='bbox 3462 4041 3559 4110; x_wconf 83' lang='grc' dir='ltr'>τῆς</span> <span class='ocrx_word' id='word_1_598' title='bbox 3579 4043 3791 4111; x_wconf 82' lang='grc' dir='ltr'>’Λρείου</span> 
     </span>
    </p>
   </div>
   <div class='ocr_carea' id='block_1_84' title="bbox 2224 4119 3794 4201">
    <p class='ocr_par' dir='ltr' id='par_1_84' title="bbox 2224 4119 3794 4201">
     <span class='ocr_line' id='line_1_84' title="bbox 2224 4119 3794 4201; baseline 0.011 -32"><span class='ocrx_word' id='word_1_599' title='bbox 2224 4119 2538 4189; x_wconf 85' lang='grc' dir='ltr'>συμμορίας</span> <span class='ocrx_word' id='word_1_600' title='bbox 2592 4124 2794 4189; x_wconf 71' lang='grc' dir='ltr'>φασὶν,</span> <span class='ocrx_word' id='word_1_601' title='bbox 2841 4124 2914 4188; x_wconf 85' lang='grc' dir='ltr'><strong>ὡς</strong></span> <span class='ocrx_word' id='word_1_602' title='bbox 2965 4131 3106 4195; x_wconf 85' lang='grc' dir='ltr'>μετά</span> <span class='ocrx_word' id='word_1_603' title='bbox 3156 4126 3384 4181; x_wconf 79' lang='grc' dir='ltr'>θάνατον</span> <span class='ocrx_word' id='word_1_604' title='bbox 3442 4130 3794 4201; x_wconf 79' lang='grc' dir='ltr'>Ἀλεξάνδρου</span> 
     </span>
    </p>
   </div>
   <div class='ocr_carea' id='block_1_85' title="bbox 2220 4213 3791 4290">
    <p class='ocr_par' dir='ltr' id='par_1_85' title="bbox 2220 4213 3791 4290">
     <span class='ocr_line' id='line_1_85' title="bbox 2220 4213 3791 4290; baseline 0.01 -27"><span class='ocrx_word' id='word_1_605' title='bbox 2220 4214 2609 4276; x_wconf 77' lang='grc' dir='ltr'>κοινωνοῦντες</span> <span class='ocrx_word' id='word_1_606' title='bbox 2643 4215 2777 4285; x_wconf 74' lang='grc' dir='ltr'>πρὸς</span> <span class='ocrx_word' id='word_1_607' title='bbox 2822 4216 3086 4285; x_wconf 75' lang='grc' dir='ltr'>ἀλλήλους</span> <span class='ocrx_word' id='word_1_608' title='bbox 3119 4213 3282 4290; x_wconf 79' lang='grc' dir='ltr'>ἦσαν,</span> <span class='ocrx_word' id='word_1_609' title='bbox 3325 4220 3374 4272; x_wconf 83' lang='grc' dir='ltr'>οἲ</span> <span class='ocrx_word' id='word_1_610' title='bbox 3426 4223 3495 4275; x_wconf 78' lang='grc' dir='ltr'><strong>τά</strong></span> <span class='ocrx_word' id='word_1_611' title='bbox 3523 4223 3791 4279; x_wconf 86' lang='grc' dir='ltr'>Μελιτίου</span> 
     </span>
    </p>
   </div>
   <div class='ocr_carea' id='block_1_86' title="bbox 2223 4306 3797 4387">
    <p class='ocr_par' dir='ltr' id='par_1_86' title="bbox 2223 4306 3797 4387">
     <span class='ocr_line' id='line_1_86' title="bbox 2223 4306 3797 4387; baseline 0.009 -30"><span class='ocrx_word' id='word_1_612' title='bbox 2223 4308 2315 4359; x_wconf 72' lang='grc' dir='ltr'>καὶ</span> <span class='ocrx_word' id='word_1_613' title='bbox 2356 4306 2705 4378; x_wconf 63' lang='grc' dir='ltr'>Ἀλεξάνδρου</span> <span class='ocrx_word' id='word_1_614' title='bbox 2740 4310 3025 4379; x_wconf 73' lang='grc' dir='ltr'>ἐφρόνουν.</span> <span class='ocrx_word' id='word_1_615' title='bbox 3057 4314 3226 4382; x_wconf 75' lang='grc' dir='ltr'>Κοινῇ</span> <span class='ocrx_word' id='word_1_616' title='bbox 3251 4313 3292 4364; x_wconf 75' lang='grc' dir='ltr'>δ’</span> <span class='ocrx_word' id='word_1_617' title='bbox 3324 4313 3439 4383; x_wconf 73' lang='grc' dir='ltr'>ἅμα</span> <span class='ocrx_word' id='word_1_618' title='bbox 3468 4318 3519 4369; x_wconf 81' lang='grc' dir='ltr'>οἱ</span> <span class='ocrx_word' id='word_1_619' title='bbox 3551 4318 3662 4369; x_wconf 64' lang='grc' dir='ltr'>τῶν</span> <span class='ocrx_word' id='word_1_620' title='bbox 3687 4322 3797 4387; x_wconf 80' lang='grc' dir='ltr'>άμ-</span> 
     </span>
    </p>
   </div>
   <div class='ocr_carea' id='block_1_87' title="bbox 2225 4398 3794 4480">
    <p class='ocr_par' dir='ltr' id='par_1_87' title="bbox 2225 4398 3794 4480">
     <span class='ocr_line' id='line_1_87' title="bbox 2225 4398 3794 4480; baseline 0.01 -32"><span class='ocrx_word' id='word_1_621' title='bbox 2225 4398 2465 4467; x_wconf 76' lang='grc' dir='ltr'>ιροτέρων</span> <span class='ocrx_word' id='word_1_622' title='bbox 2503 4401 2811 4475; x_wconf 75' lang='grc' dir='ltr'>ἐπίσκοποι,</span> <span class='ocrx_word' id='word_1_623' title='bbox 2848 4401 2911 4453; x_wconf 79' lang='grc' dir='ltr'>ἐκ</span> <span class='ocrx_word' id='word_1_624' title='bbox 2948 4418 3007 4453; x_wconf 89' lang='grc' dir='ltr'><strong>τε</strong></span> <span class='ocrx_word' id='word_1_625' title='bbox 3040 4402 3310 4469; x_wconf 75' lang='grc' dir='ltr'>Θηὸαἲδος</span> <span class='ocrx_word' id='word_1_626' title='bbox 3344 4408 3438 4459; x_wconf 74' lang='grc' dir='ltr'><strong>καὶ</strong></span> <span class='ocrx_word' id='word_1_627' title='bbox 3488 4412 3588 4478; x_wconf 82' lang='grc' dir='ltr'>τῆς</span> <span class='ocrx_word' id='word_1_628' title='bbox 3623 4410 3794 4480; x_wconf 83' lang='grc' dir='ltr'>ἄλλης</span> 
     </span>
    </p>
   </div>
   <div class='ocr_carea' id='block_1_88' title="bbox 555 4485 2117 4565">
    <p class='ocr_par' dir='ltr' id='par_1_88' title="bbox 555 4491 2117 4560">
     <span class='ocr_line' id='line_1_88' title="bbox 555 4491 2117 4560; baseline -0.002 -12"><span class='ocrx_word' id='word_1_629' title='bbox 555 4494 781 4548; x_wconf 89' lang='lat' dir='ltr'><strong>consilia</strong></span> <span class='ocrx_word' id='word_1_630' title='bbox 814 4493 960 4547; x_wconf 87' lang='lat' dir='ltr'><strong>inter</strong></span> <span class='ocrx_word' id='word_1_631' title='bbox 986 4507 1064 4558; x_wconf 75' lang='lat' dir='ltr'><strong>se,</strong></span> <span class='ocrx_word' id='word_1_632' title='bbox 1086 4492 1179 4560; x_wconf 87' lang='lat' dir='ltr'><strong>qui</strong></span> <span class='ocrx_word' id='word_1_633' title='bbox 1211 4491 1498 4552; x_wconf 83' lang='lat' dir='ltr'><strong>Melitium,</strong></span> <span class='ocrx_word' id='word_1_634' title='bbox 1517 4492 1723 4560; x_wconf 90' lang='lat' dir='ltr'><strong>quique</strong></span> <span class='ocrx_word' id='word_1_635' title='bbox 1751 4492 2117 4546; x_wconf 87' lang='lat' dir='ltr'><strong>Alexandrum</strong></span> 
     </span>
    </p>
   </div>
   <div class='ocr_carea' id='block_1_89' title="bbox 2230 4485 3795 4565">
    <p class='ocr_par' dir='ltr' id='par_1_89' title="bbox 2230 4485 3795 4565">
     <span class='ocr_line' id='line_1_89' title="bbox 2230 4485 3795 4565; baseline 0.009 -28"><span class='ocrx_word' id='word_1_636' title='bbox 2230 4485 2522 4553; x_wconf 75' lang='grc' dir='ltr'>Αἰγύπτου,</span> <span class='ocrx_word' id='word_1_637' title='bbox 2578 4485 2720 4557; x_wconf 79' lang='grc' dir='ltr'>ἦσαν</span> <span class='ocrx_word' id='word_1_638' title='bbox 2778 4490 2833 4543; x_wconf 80' lang='grc' dir='ltr'>δὲ</span> <span class='ocrx_word' id='word_1_639' title='bbox 2882 4493 3145 4563; x_wconf 79' lang='grc' dir='ltr'>τέσσαρες</span> <span class='ocrx_word' id='word_1_640' title='bbox 3178 4496 3272 4547; x_wconf 78' lang='grc' dir='ltr'>καὶ</span> <span class='ocrx_word' id='word_1_641' title='bbox 3337 4501 3698 4565; x_wconf 69' lang='grc' dir='ltr'>πεντήκοντα,</span> <span class='ocrx_word' id='word_1_642' title='bbox 3737 4504 3795 4562; x_wconf 81' lang='grc' dir='ltr'>ἐς</span> 
     </span>
    </p>
   </div>
   <div class='ocr_carea' id='block_1_90' title="bbox 554 4582 2118 4650">
    <p class='ocr_par' dir='ltr' id='par_1_90' title="bbox 554 4582 2118 4650">
     <span class='ocr_line' id='line_1_90' title="bbox 554 4582 2118 4650; baseline -0.001 -13"><span class='ocrx_word' id='word_1_643' title='bbox 554 4586 728 4637; x_wconf 88' lang='lat' dir='ltr'><strong>secuti</strong></span> <span class='ocrx_word' id='word_1_644' title='bbox 762 4582 985 4637; x_wconf 88' lang='lat' dir='ltr'><strong>fuerant</strong></span> <span class='ocrx_word' id='word_1_645' title='bbox 1013 4624 1029 4648; x_wconf 89' lang='lat'><strong>,</strong></span> <span class='ocrx_word' id='word_1_646' title='bbox 1068 4582 1509 4650; x_wconf 88' lang='lat' dir='ltr'><strong>convenisseque</strong></span> <span class='ocrx_word' id='word_1_647' title='bbox 1541 4583 1593 4634; x_wconf 92' lang='lat' dir='ltr'><strong>in</strong></span> <span class='ocrx_word' id='word_1_648' title='bbox 1628 4582 1881 4635; x_wconf 80' lang='lat' dir='ltr'><strong>eumdem</strong></span> <span class='ocrx_word' id='word_1_649' title='bbox 1914 4583 2118 4648; x_wconf 88' lang='lat' dir='ltr'><strong>locum,</strong></span> 
     </span>
    </p>
   </div>
   <div class='ocr_carea' id='block_1_91' title="bbox 552 4672 2119 4744">
    <p class='ocr_par' dir='ltr' id='par_1_91' title="bbox 552 4672 2119 4744">
     <span class='ocr_line' id='line_1_91' title="bbox 552 4672 2119 4744; baseline 0 -16"><span class='ocrx_word' id='word_1_650' title='bbox 552 4676 621 4728; x_wconf 85' lang='lat' dir='ltr'><strong>ab</strong></span> <span class='ocrx_word' id='word_1_651' title='bbox 658 4682 892 4744; x_wconf 86' lang='lat' dir='ltr'><strong>utraque</strong></span> <span class='ocrx_word' id='word_1_652' title='bbox 943 4684 1097 4741; x_wconf 88' lang='lat' dir='ltr'><strong>parte</strong></span> <span class='ocrx_word' id='word_1_653' title='bbox 1143 4672 1309 4743; x_wconf 79' lang='lat'><strong>635</strong></span> <span class='ocrx_word' id='word_1_654' title='bbox 1355 4689 1421 4728; x_wconf 88' lang='lat' dir='ltr'><strong>ex</strong></span> <span class='ocrx_word' id='word_1_655' title='bbox 1472 4672 1753 4727; x_wconf 83' lang='lat' dir='ltr'><strong>Thebaide</strong></span> <span class='ocrx_word' id='word_1_656' title='bbox 1801 4681 1857 4726; x_wconf 91' lang='lat' dir='ltr'><strong>et</strong></span> <span class='ocrx_word' id='word_1_657' title='bbox 1910 4673 2119 4742; x_wconf 84' lang='lat' dir='ltr'><strong>reliqua</strong></span> 
     </span>
    </p>
   </div>
   <div class='ocr_carea' id='block_1_92' title="bbox 555 4762 2118 4835">
    <p class='ocr_par' dir='ltr' id='par_1_92' title="bbox 555 4762 2118 4835">
     <span class='ocr_line' id='line_1_92' title="bbox 555 4762 2118 4835; baseline 0 -18"><span class='ocrx_word' id='word_1_658' title='bbox 555 4762 790 4835; x_wconf 61' lang='lat' dir='ltr'><strong>JEgypto</strong></span> <span class='ocrx_word' id='word_1_659' title='bbox 813 4766 1103 4833; x_wconf 84' lang='lat' dir='ltr'><strong>episcopos</strong></span> <span class='ocrx_word' id='word_1_660' title='bbox 1134 4764 1531 4834; x_wconf 75' lang='lat' dir='ltr'><strong>quinquaginta</strong></span> <span class='ocrx_word' id='word_1_661' title='bbox 1557 4775 1814 4833; x_wconf 87' lang='lat' dir='ltr'><strong>quatuor.</strong></span> <span class='ocrx_word' id='word_1_662' title='bbox 1840 4774 1895 4818; x_wconf 90' lang='lat' dir='ltr'><strong>et</strong></span> <span class='ocrx_word' id='word_1_663' title='bbox 1922 4764 2118 4818; x_wconf 83' lang='lat' dir='ltr'><strong>decre-</strong></span> 
     </span>
    </p>
   </div>
   <div class='ocr_carea' id='block_1_93' title="bbox 557 4854 2118 4924">
    <p class='ocr_par' dir='ltr' id='par_1_93' title="bbox 557 4854 2118 4924">
     <span class='ocr_line' id='line_1_93' title="bbox 557 4854 2118 4924; baseline 0.001 -18"><span class='ocrx_word' id='word_1_664' title='bbox 557 4863 673 4906; x_wconf 88' lang='lat' dir='ltr'><strong>tum</strong></span> <span class='ocrx_word' id='word_1_665' title='bbox 703 4854 774 4908; x_wconf 87' lang='lat' dir='ltr'><strong>ab</strong></span> <span class='ocrx_word' id='word_1_666' title='bbox 814 4855 897 4909; x_wconf 88' lang='lat' dir='ltr'><strong>eis</strong></span> <span class='ocrx_word' id='word_1_667' title='bbox 927 4869 1070 4917; x_wconf 82' lang='lat' dir='ltr'><strong>esse,</strong></span> <span class='ocrx_word' id='word_1_668' title='bbox 1120 4865 1180 4909; x_wconf 89' lang='lat' dir='ltr'><strong>ut</strong></span> <span class='ocrx_word' id='word_1_669' title='bbox 1208 4855 1599 4909; x_wconf 90' lang='lat' dir='ltr'><strong>communibus</strong></span> <span class='ocrx_word' id='word_1_670' title='bbox 1630 4854 1907 4924; x_wconf 72' lang='lat' dir='ltr'><strong>suffragiis</strong></span> <span class='ocrx_word' id='word_1_671' title='bbox 1938 4857 2005 4908; x_wconf 89' lang='lat' dir='ltr'><strong>ab</strong></span> <span class='ocrx_word' id='word_1_672' title='bbox 2036 4856 2118 4908; x_wconf 90' lang='lat' dir='ltr'><strong>cis</strong></span> 
     </span>
    </p>
   </div>
   <div class='ocr_carea' id='block_1_94' title="bbox 552 4945 2120 5016">
    <p class='ocr_par' dir='ltr' id='par_1_94' title="bbox 552 4945 2120 5016">
     <span class='ocr_line' id='line_1_94' title="bbox 552 4945 2120 5016; baseline 0.002 -18"><span class='ocrx_word' id='word_1_673' title='bbox 552 4945 856 5014; x_wconf 76' lang='lat' dir='ltr'><strong>legeretur,</strong></span> <span class='ocrx_word' id='word_1_674' title='bbox 887 4947 981 5015; x_wconf 89' lang='lat' dir='ltr'><strong>qui</strong></span> <span class='ocrx_word' id='word_1_675' title='bbox 1025 4947 1412 5001; x_wconf 71' lang='lat' dir='ltr'><strong>Alexandrina:</strong></span> <span class='ocrx_word' id='word_1_676' title='bbox 1447 4958 1704 5016; x_wconf 59' lang='lat' dir='ltr'><strong>praeesset</strong></span> <span class='ocrx_word' id='word_1_677' title='bbox 1750 4948 1996 5002; x_wconf 74' lang='lat' dir='ltr'><strong>ecclesia:</strong></span> <span class='ocrx_word' id='word_1_678' title='bbox 2022 4963 2120 5001; x_wconf 89' lang='lat' dir='ltr'><strong>an-</strong></span> 
     </span>
    </p>
   </div>
   <div class='ocr_carea' id='block_1_95' title="bbox 555 5036 2120 5110">
    <p class='ocr_par' dir='ltr' id='par_1_95' title="bbox 555 5036 2120 5110">
     <span class='ocr_line' id='line_1_95' title="bbox 555 5036 2120 5110; baseline 0.001 -19"><span class='ocrx_word' id='word_1_679' title='bbox 555 5036 733 5091; x_wconf 87' lang='lat' dir='ltr'><strong>tistes.</strong></span> <span class='ocrx_word' id='word_1_680' title='bbox 782 5036 1003 5106; x_wconf 88' lang='lat' dir='ltr'><strong>Septem</strong></span> <span class='ocrx_word' id='word_1_681' title='bbox 1050 5054 1181 5093; x_wconf 91' lang='lat' dir='ltr'><strong>vero</strong></span> <span class='ocrx_word' id='word_1_682' title='bbox 1222 5038 1514 5108; x_wconf 87' lang='lat' dir='ltr'><strong>episcopos</strong></span> <span class='ocrx_word' id='word_1_683' title='bbox 1540 5039 1822 5108; x_wconf 65' lang='lat' dir='ltr'><strong>.quosdain</strong></span> <span class='ocrx_word' id='word_1_684' title='bbox 1849 5081 1863 5105; x_wconf 89' lang='lat'><strong>,</strong></span> <span class='ocrx_word' id='word_1_685' title='bbox 1908 5039 2120 5110; x_wconf 82' lang='lat' dir='ltr'><strong>jureju-</strong></span> 
     </span>
    </p>
   </div>
   <div class='ocr_carea' id='block_1_96' title="bbox 552 5127 2117 5197">
    <p class='ocr_par' dir='ltr' id='par_1_96' title="bbox 552 5127 2117 5197">
     <span class='ocr_line' id='line_1_96' title="bbox 552 5127 2117 5197; baseline 0.003 -18"><span class='ocrx_word' id='word_1_686' title='bbox 552 5127 727 5182; x_wconf 90' lang='lat' dir='ltr'><strong>rando</strong></span> <span class='ocrx_word' id='word_1_687' title='bbox 764 5128 1108 5195; x_wconf 88' lang='lat' dir='ltr'><strong>proculcato,</strong></span> <span class='ocrx_word' id='word_1_688' title='bbox 1160 5140 1358 5197; x_wconf 83' lang='lat' dir='ltr'><strong>praeter</strong></span> <span class='ocrx_word' id='word_1_689' title='bbox 1405 5129 1733 5183; x_wconf 89' lang='lat' dir='ltr'><strong>sententiam</strong></span> <span class='ocrx_word' id='word_1_690' title='bbox 1769 5140 1824 5183; x_wconf 90' lang='lat' dir='ltr'><strong>et</strong></span> <span class='ocrx_word' id='word_1_691' title='bbox 1862 5132 2117 5183; x_wconf 85' lang='lat' dir='ltr'><strong>volunta-</strong></span> 
     </span>
    </p>
   </div>
   <div class='ocr_carea' id='block_1_97' title="bbox 553 5219 2115 5288">
    <p class='ocr_par' dir='ltr' id='par_1_97' title="bbox 553 5219 2115 5288">
     <span class='ocr_line' id='line_1_97' title="bbox 553 5219 2115 5288; baseline 0.002 -16"><span class='ocrx_word' id='word_1_692' title='bbox 553 5228 661 5272; x_wconf 87' lang='lat' dir='ltr'><strong>tem</strong></span> <span class='ocrx_word' id='word_1_693' title='bbox 687 5219 936 5272; x_wconf 89' lang='lat' dir='ltr'><strong>omnium</strong></span> <span class='ocrx_word' id='word_1_694' title='bbox 969 5220 1329 5288; x_wconf 85' lang='lat' dir='ltr'><strong>reliquorum,</strong></span> <span class='ocrx_word' id='word_1_695' title='bbox 1354 5220 1681 5274; x_wconf 88' lang='lat' dir='ltr'><strong>electionem</strong></span> <span class='ocrx_word' id='word_1_696' title='bbox 1715 5222 2021 5282; x_wconf 84' lang='lat' dir='ltr'><strong>Athanasii,</strong></span> <span class='ocrx_word' id='word_1_697' title='bbox 2048 5222 2115 5275; x_wconf 80' lang='lat' dir='ltr'><strong>ad</strong></span> 
     </span>
    </p>
   </div>
   <div class='ocr_carea' id='block_1_98' title="bbox 553 5308 2115 5381">
    <p class='ocr_par' dir='ltr' id='par_1_98' title="bbox 553 5308 2115 5381">
     <span class='ocr_line' id='line_1_98' title="bbox 553 5308 2115 5381; baseline 0.001 -19"><span class='ocrx_word' id='word_1_698' title='bbox 553 5310 605 5364; x_wconf 87' lang='lat' dir='ltr'><strong>id</strong></span> <span class='ocrx_word' id='word_1_699' title='bbox 648 5309 718 5362; x_wconf 86' lang='lat' dir='ltr'><strong>ab</strong></span> <span class='ocrx_word' id='word_1_700' title='bbox 752 5325 822 5363; x_wconf 88' lang='lat' dir='ltr'><strong>eo</strong></span> <span class='ocrx_word' id='word_1_701' title='bbox 853 5319 1094 5369; x_wconf 86' lang='lat' dir='ltr'><strong>coactos,</strong></span> <span class='ocrx_word' id='word_1_702' title='bbox 1145 5308 1198 5361; x_wconf 89' lang='lat' dir='ltr'><strong>in</strong></span> <span class='ocrx_word' id='word_1_703' title='bbox 1242 5323 1305 5361; x_wconf 89' lang='lat' dir='ltr'><strong>ea</strong></span> <span class='ocrx_word' id='word_1_704' title='bbox 1355 5324 1475 5377; x_wconf 63' lang='lat' dir='ltr'><strong>qua:</strong></span> <span class='ocrx_word' id='word_1_705' title='bbox 1510 5311 1828 5363; x_wconf 87' lang='lat' dir='ltr'><strong>nominatur</strong></span> <span class='ocrx_word' id='word_1_706' title='bbox 1876 5312 2115 5381; x_wconf 76' lang='lat' dir='ltr'><strong>Dionysii</strong></span> 
     </span>
    </p>
   </div>
   <div class='ocr_carea' id='block_1_99' title="bbox 549 5401 2117 5472">
    <p class='ocr_par' dir='ltr' id='par_1_99' title="bbox 549 5401 2117 5472">
     <span class='ocr_line' id='line_1_99' title="bbox 549 5401 2117 5472; baseline 0.001 -16"><span class='ocrx_word' id='word_1_707' title='bbox 549 5402 806 5461; x_wconf 84' lang='lat' dir='ltr'><strong>ecclesia,</strong></span> <span class='ocrx_word' id='word_1_708' title='bbox 845 5401 1033 5454; x_wconf 89' lang='lat' dir='ltr'><strong>furtitn</strong></span> <span class='ocrx_word' id='word_1_709' title='bbox 1079 5401 1376 5469; x_wconf 78' lang='lat' dir='ltr'><strong>peregisse.</strong></span> <span class='ocrx_word' id='word_1_710' title='bbox 1413 5401 1542 5453; x_wconf 78' lang='lat' dir='ltr'><strong>Mihi</strong></span> <span class='ocrx_word' id='word_1_711' title='bbox 1578 5417 1706 5454; x_wconf 88' lang='lat' dir='ltr'><strong>vero</strong></span> <span class='ocrx_word' id='word_1_712' title='bbox 1753 5418 1982 5472; x_wconf 79' lang='lat' dir='ltr'><strong>magnus</strong></span> <span class='ocrx_word' id='word_1_713' title='bbox 2019 5406 2117 5457; x_wconf 86' lang='lat' dir='ltr'><strong>iste</strong></span> 
     </span>
    </p>
   </div>
   <div class='ocr_carea' id='block_1_100' title="bbox 549 5492 2114 5563">
    <p class='ocr_par' dir='ltr' id='par_1_100' title="bbox 549 5492 2114 5563">
     <span class='ocr_line' id='line_1_100' title="bbox 549 5492 2114 5563; baseline 0.001 -17"><span class='ocrx_word' id='word_1_714' title='bbox 549 5493 633 5547; x_wconf 86' lang='lat' dir='ltr'><strong>vir</strong></span> <span class='ocrx_word' id='word_1_715' title='bbox 657 5508 766 5547; x_wconf 89' lang='lat' dir='ltr'><strong>non</strong></span> <span class='ocrx_word' id='word_1_716' title='bbox 800 5495 1008 5561; x_wconf 84' lang='lat' dir='ltr'><strong>absque</strong></span> <span class='ocrx_word' id='word_1_717' title='bbox 1053 5492 1240 5545; x_wconf 87' lang='lat' dir='ltr'><strong>divino</strong></span> <span class='ocrx_word' id='word_1_718' title='bbox 1270 5493 1497 5546; x_wconf 87' lang='lat' dir='ltr'><strong>numine</strong></span> <span class='ocrx_word' id='word_1_719' title='bbox 1524 5492 1602 5563; x_wconf 73' lang='grc' dir='ltr'><strong>(Ξ)</strong></span> <span class='ocrx_word' id='word_1_720' title='bbox 1635 5493 1701 5546; x_wconf 90' lang='lat' dir='ltr'><strong>ad</strong></span> <span class='ocrx_word' id='word_1_721' title='bbox 1740 5495 2114 5563; x_wconf 74' lang='lat' dir='ltr'><strong>CplSCOP-‘lllltll</strong></span> 
     </span>
    </p>
   </div>
   <div class='ocr_carea' id='block_1_101' title="bbox 620 5605 2115 5676">
    <p class='ocr_par' dir='ltr' id='par_1_101' title="bbox 620 5605 2115 5676">
     <span class='ocr_line' id='line_1_101' title="bbox 620 5605 2115 5676; baseline 0.003 -19"><span class='ocrx_word' id='word_1_722' title='bbox 620 5605 695 5676; x_wconf 44' lang='grc' dir='ltr'><strong>(ιῄ)</strong></span> <span class='ocrx_word' id='word_1_723' title='bbox 723 5606 999 5659; x_wconf 72' lang='lat' dir='ltr'><strong>Eusebius</strong></span> <span class='ocrx_word' id='word_1_724' title='bbox 1020 5618 1072 5657; x_wconf 88' lang='lat' dir='ltr'><strong>et</strong></span> <span class='ocrx_word' id='word_1_725' title='bbox 1103 5605 1376 5674; x_wconf 83' lang='lat' dir='ltr'><strong>Theognis</strong></span> <span class='ocrx_word' id='word_1_726' title='bbox 1403 5607 1749 5676; x_wconf 62' lang='lat' dir='ltr'><strong>imperatoris</strong></span> <span class='ocrx_word' id='word_1_727' title='bbox 1769 5608 2115 5663; x_wconf 60' lang='lat' dir='ltr'><strong>Constantini</strong></span> 
     </span>
    </p>
   </div>
   <div class='ocr_carea' id='block_1_102' title="bbox 550 5671 2121 5745">
    <p class='ocr_par' dir='ltr' id='par_1_102' title="bbox 550 5671 2121 5745">
     <span class='ocr_line' id='line_1_102' title="bbox 550 5671 2121 5745; baseline 0.003 -20"><span class='ocrx_word' id='word_1_728' title='bbox 550 5671 792 5745; x_wconf 75' lang='lat' dir='ltr'><strong>bonitate</strong></span> <span class='ocrx_word' id='word_1_729' title='bbox 846 5679 999 5729; x_wconf 77' lang='lat' dir='ltr'><strong>abusi</strong></span> <span class='ocrx_word' id='word_1_730' title='bbox 1052 5684 1178 5728; x_wconf 87' lang='lat' dir='ltr'><strong>sunt</strong></span> <span class='ocrx_word' id='word_1_731' title='bbox 1222 5671 1438 5743; x_wconf 38' lang='lat' dir='ltr'><strong>{quem</strong></span> <span class='ocrx_word' id='word_1_732' title='bbox 1483 5671 1699 5745; x_wconf 53' lang='lat' dir='ltr'><strong>ityn.qu</strong></span> <span class='ocrx_word' id='word_1_733' title='bbox 1746 5694 1983 5744; x_wconf 67' lang='lat' dir='ltr'><strong>peracta,</strong></span> <span class='ocrx_word' id='word_1_734' title='bbox 2021 5682 2121 5733; x_wconf 59' lang='lat' dir='ltr'><strong>Sa-</strong></span> 
     </span>
    </p>
   </div>
   <div class='ocr_carea' id='block_1_103' title="bbox 550 5744 2119 5814">
    <p class='ocr_par' dir='ltr' id='par_1_103' title="bbox 550 5744 2119 5814">
     <span class='ocr_line' id='line_1_103' title="bbox 550 5744 2119 5814; baseline 0.004 -20"><span class='ocrx_word' id='word_1_735' title='bbox 550 5750 729 5796; x_wconf 85' lang='lat' dir='ltr'><strong>crates</strong></span> <span class='ocrx_word' id='word_1_736' title='bbox 770 5744 824 5797; x_wconf 89' lang='lat' dir='ltr'><strong>in</strong></span> <span class='ocrx_word' id='word_1_737' title='bbox 859 5746 1233 5799; x_wconf 86' lang='lat' dir='ltr'><strong>Occidentales</strong></span> <span class='ocrx_word' id='word_1_738' title='bbox 1262 5756 1445 5813; x_wconf 83' lang='lat' dir='ltr'><strong>partes</strong></span> <span class='ocrx_word' id='word_1_739' title='bbox 1486 5744 1794 5814; x_wconf 79' lang='lat' dir='ltr'><strong>profectum</strong></span> <span class='ocrx_word' id='word_1_740' title='bbox 1831 5766 1951 5803; x_wconf 69' lang='lat' dir='ltr'><strong>esse</strong></span> <span class='ocrx_word' id='word_1_741' title='bbox 1984 5770 2119 5802; x_wconf 66' lang='lat' dir='ltr'><strong>scri-</strong></span> 
     </span>
    </p>
   </div>
   <div class='ocr_carea' id='block_1_104' title="bbox 2223 4577 3795 4659">
    <p class='ocr_par' dir='ltr' id='par_1_104' title="bbox 2223 4577 3795 4659">
     <span class='ocr_line' id='line_1_104' title="bbox 2223 4577 3795 4659; baseline 0.011 -31"><span class='ocrx_word' id='word_1_742' title='bbox 2223 4577 2389 4629; x_wconf 85' lang='grc' dir='ltr'>ταυτὸ</span> <span class='ocrx_word' id='word_1_743' title='bbox 2421 4580 2717 4644; x_wconf 83' lang='grc' dir='ltr'>συνιόντες,</span> <span class='ocrx_word' id='word_1_744' title='bbox 2754 4587 2907 4655; x_wconf 82' lang='grc' dir='ltr'>κοινῇ</span> <span class='ocrx_word' id='word_1_745' title='bbox 2934 4584 3102 4654; x_wconf 71' lang='grc' dir='ltr'>ψήφῳ</span> <span class='ocrx_word' id='word_1_746' title='bbox 3160 4586 3448 4641; x_wconf 82' lang='grc' dir='ltr'>συνέθεντο</span> <span class='ocrx_word' id='word_1_747' title='bbox 3497 4591 3795 4659; x_wconf 79' lang='grc' dir='ltr'>ἐκλεγῆναι</span> 
     </span>
    </p>
   </div>
   <div class='ocr_carea' id='block_1_105' title="bbox 2219 4669 3796 4751">
    <p class='ocr_par' dir='ltr' id='par_1_105' title="bbox 2219 4669 3796 4751">
     <span class='ocr_line' id='line_1_105' title="bbox 2219 4669 3796 4751; baseline 0.01 -32"><span class='ocrx_word' id='word_1_748' title='bbox 2219 4669 2330 4732; x_wconf 84' lang='grc' dir='ltr'>τὸν,</span> <span class='ocrx_word' id='word_1_749' title='bbox 2362 4669 2419 4732; x_wconf 84' lang='grc' dir='ltr'>ὃς</span> <span class='ocrx_word' id='word_1_750' title='bbox 2463 4671 2562 4739; x_wconf 78' lang='grc' dir='ltr'>τῆς</span> <span class='ocrx_word' id='word_1_751' title='bbox 2605 4672 3004 4746; x_wconf 68' lang='grc' dir='ltr'>Ἀλεξανδρέων</span> <span class='ocrx_word' id='word_1_752' title='bbox 3047 4676 3377 4746; x_wconf 71' lang='grc' dir='ltr'>Ἐκκλησίας</span> <span class='ocrx_word' id='word_1_753' title='bbox 3421 4679 3520 4749; x_wconf 79' lang='grc' dir='ltr'>τὴν</span> <span class='ocrx_word' id='word_1_754' title='bbox 3572 4684 3796 4751; x_wconf 79' lang='grc' dir='ltr'>ἐπιτρο-</span> 
     </span>
    </p>
   </div>
   <div class='ocr_carea' id='block_1_106' title="bbox 2222 4762 3795 4840">
    <p class='ocr_par' dir='ltr' id='par_1_106' title="bbox 2222 4762 3795 4840">
     <span class='ocr_line' id='line_1_106' title="bbox 2222 4762 3795 4840; baseline 0.008 -28"><span class='ocrx_word' id='word_1_755' title='bbox 2222 4762 2327 4830; x_wconf 79' lang='grc' dir='ltr'>πὴν</span> <span class='ocrx_word' id='word_1_756' title='bbox 2355 4762 2485 4828; x_wconf 74' lang='grc' dir='ltr'>ἕξει.</span> <span class='ocrx_word' id='word_1_757' title='bbox 2537 4763 2713 4819; x_wconf 82' lang='grc' dir='ltr'>Ἑπτά</span> <span class='ocrx_word' id='word_1_758' title='bbox 2747 4766 2804 4818; x_wconf 84' lang='grc' dir='ltr'>δέ</span> <span class='ocrx_word' id='word_1_759' title='bbox 2842 4784 2995 4831; x_wconf 87' lang='grc' dir='ltr'>τινας</span> <span class='ocrx_word' id='word_1_760' title='bbox 3038 4769 3145 4821; x_wconf 82' lang='grc' dir='ltr'>τῶν</span> <span class='ocrx_word' id='word_1_761' title='bbox 3177 4771 3493 4822; x_wconf 65' lang='grc' dir='ltr'>ἐπισκόπων</span> <span class='ocrx_word' id='word_1_762' title='bbox 3541 4771 3667 4833; x_wconf 76' lang='grc' dir='ltr'>τοὺς</span> <span class='ocrx_word' id='word_1_763' title='bbox 3698 4774 3795 4840; x_wconf 84' lang='grc' dir='ltr'>δρ-</span> 
     </span>
    </p>
   </div>
   <div class='ocr_carea' id='block_1_107' title="bbox 2221 4844 3793 4932">
    <p class='ocr_par' dir='ltr' id='par_1_107' title="bbox 2221 4844 3793 4932">
     <span class='ocr_line' id='line_1_107' title="bbox 2221 4844 3793 4932; baseline 0.007 -26"><span class='ocrx_word' id='word_1_764' title='bbox 2221 4871 2353 4918; x_wconf 71' lang='grc' dir='ltr'>κους</span> <span class='ocrx_word' id='word_1_765' title='bbox 2379 4856 2749 4925; x_wconf 71' lang='grc' dir='ltr'>ὴθετηκότων,</span> <span class='ocrx_word' id='word_1_766' title='bbox 2772 4844 2939 4929; x_wconf 79' lang='grc' dir='ltr'>παρὰ</span> <span class='ocrx_word' id='word_1_767' title='bbox 2959 4860 3056 4930; x_wconf 75' lang='grc' dir='ltr'>τὴν</span> <span class='ocrx_word' id='word_1_768' title='bbox 3083 4860 3308 4931; x_wconf 81' lang='grc' dir='ltr'>γνώμην</span> <span class='ocrx_word' id='word_1_769' title='bbox 3338 4864 3555 4915; x_wconf 78' lang='grc' dir='ltr'>πάντων</span> <span class='ocrx_word' id='word_1_770' title='bbox 3592 4864 3793 4932; x_wconf 63' lang='grc' dir='ltr'>κλέψαι</span> 
     </span>
    </p>
   </div>
   <div class='ocr_carea' id='block_1_108' title="bbox 2219 4947 3798 5021">
    <p class='ocr_par' dir='ltr' id='par_1_108' title="bbox 2219 4947 3798 5021">
     <span class='ocr_line' id='line_1_108' title="bbox 2219 4947 3798 5021; baseline 0.008 -23"><span class='ocrx_word' id='word_1_771' title='bbox 2219 4947 2318 5015; x_wconf 81' lang='grc' dir='ltr'>τὴν</span> <span class='ocrx_word' id='word_1_772' title='bbox 2345 4949 2685 5018; x_wconf 76' lang='grc' dir='ltr'>χειροτονίαν</span> <span class='ocrx_word' id='word_1_773' title='bbox 2733 4950 3057 5003; x_wconf 83' lang='grc' dir='ltr'>Ἀθανασίου</span> <span class='ocrx_word' id='word_1_774' title='bbox 3091 4956 3229 5004; x_wconf 64' lang='grc' dir='ltr'>κατὰ</span> <span class='ocrx_word' id='word_1_775' title='bbox 3256 4958 3353 5021; x_wconf 57' lang='grc' dir='ltr'><strong>την</strong></span> <span class='ocrx_word' id='word_1_776' title='bbox 3388 4956 3663 5009; x_wconf 73' lang='grc' dir='ltr'>Διονυσίου</span> <span class='ocrx_word' id='word_1_777' title='bbox 3692 4974 3798 5012; x_wconf 81' lang='grc' dir='ltr'>κα-</span> 
     </span>
    </p>
   </div>
   <div class='ocr_carea' id='block_1_109' title="bbox 2220 5033 3795 5112">
    <p class='ocr_par' dir='ltr' id='par_1_109' title="bbox 2220 5033 3795 5112">
     <span class='ocr_line' id='line_1_109' title="bbox 2220 5033 3795 5112; baseline 0.008 -27"><span class='ocrx_word' id='word_1_778' title='bbox 2220 5033 2492 5104; x_wconf 68' lang='grc' dir='ltr'>λουμένην</span> <span class='ocrx_word' id='word_1_779' title='bbox 2530 5037 2825 5105; x_wconf 72' lang='grc' dir='ltr'>ἐκκλησίαν</span> <span class='ocrx_word' id='word_1_780' title='bbox 2850 5036 2971 5107; x_wconf 85' lang='grc' dir='ltr'>βίαν</span> <span class='ocrx_word' id='word_1_781' title='bbox 2993 5041 3388 5106; x_wconf 74' lang='grc' dir='ltr'>ἐπαγαγόνῖος.</span> <span class='ocrx_word' id='word_1_782' title='bbox 3435 5043 3590 5112; x_wconf 77' lang='grc' dir='ltr'>Ἐμοὶ</span> <span class='ocrx_word' id='word_1_783' title='bbox 3620 5043 3663 5095; x_wconf 81' lang='grc' dir='ltr'>δ’</span> <span class='ocrx_word' id='word_1_784' title='bbox 3689 5048 3795 5098; x_wconf 72' lang='grc' dir='ltr'>οὐκ</span> 
     </span>
    </p>
   </div>
   <div class='ocr_carea' id='block_1_110' title="bbox 2220 5126 3790 5197">
    <p class='ocr_par' dir='ltr' id='par_1_110' title="bbox 2220 5126 3790 5197">
     <span class='ocr_line' id='line_1_110' title="bbox 2220 5126 3790 5197; baseline 0.007 -21"><span class='ocrx_word' id='word_1_785' title='bbox 2220 5126 2372 5177; x_wconf 69' lang='grc' dir='ltr'>ἀθεεὶ</span> <span class='ocrx_word' id='word_1_786' title='bbox 2420 5127 2505 5177; x_wconf 80' lang='grc' dir='ltr'>τὸν</span> <span class='ocrx_word' id='word_1_787' title='bbox 2547 5127 2718 5195; x_wconf 77' lang='grc' dir='ltr'>μέγαν</span> <span class='ocrx_word' id='word_1_788' title='bbox 2755 5129 2845 5179; x_wconf 72' lang='grc' dir='ltr'><strong>ἐπὶ</strong></span> <span class='ocrx_word' id='word_1_789' title='bbox 2880 5126 2981 5197; x_wconf 72' lang='grc' dir='ltr'>τὴν</span> <span class='ocrx_word' id='word_1_790' title='bbox 3044 5130 3349 5197; x_wconf 67' lang='grc' dir='ltr'>ἱερωσύνην</span> <span class='ocrx_word' id='word_1_791' title='bbox 3396 5133 3569 5185; x_wconf 70' lang='grc' dir='ltr'>ἐλθεῖν</span> <span class='ocrx_word' id='word_1_792' title='bbox 3598 5132 3790 5186; x_wconf 78' lang='grc' dir='ltr'>δοκεῖ’</span> 
     </span>
    </p>
   </div>
   <div class='ocr_carea' id='block_1_111' title="bbox 2223 5213 3790 5293">
    <p class='ocr_par' dir='ltr' id='par_1_111' title="bbox 2223 5213 3790 5293">
     <span class='ocr_line' id='line_1_111' title="bbox 2223 5213 3790 5293; baseline 0.008 -26"><span class='ocrx_word' id='word_1_793' title='bbox 2223 5219 2463 5280; x_wconf 76' lang='grc' dir='ltr'>τοιοῦτος</span> <span class='ocrx_word' id='word_1_794' title='bbox 2504 5221 2612 5288; x_wconf 85' lang='grc' dir='ltr'>γὰρ</span> <span class='ocrx_word' id='word_1_795' title='bbox 2650 5217 2717 5289; x_wconf 76' lang='grc' dir='ltr'>ἦν</span> <span class='ocrx_word' id='word_1_796' title='bbox 2773 5213 2885 5272; x_wconf 78' lang='grc' dir='ltr'>οἷον</span> <span class='ocrx_word' id='word_1_797' title='bbox 2923 5224 2950 5273; x_wconf 90' lang='lat'><strong>6</strong></span> <span class='ocrx_word' id='word_1_798' title='bbox 3010 5223 3265 5290; x_wconf 82' lang='grc' dir='ltr'>τηνικάδε</span> <span class='ocrx_word' id='word_1_799' title='bbox 3315 5224 3499 5293; x_wconf 69' lang='grc' dir='ltr'>ἐζήτει</span> <span class='ocrx_word' id='word_1_800' title='bbox 3558 5227 3748 5292; x_wconf 80' lang='grc' dir='ltr'>καιρός</span> <span class='ocrx_word' id='word_1_801' title='bbox 3777 5242 3790 5258; x_wconf 88' lang='grc'><strong>·</strong></span> 
     </span>
    </p>
   </div>
   <div class='ocr_carea' id='block_1_112' title="bbox 2219 5311 3790 5383">
    <p class='ocr_par' dir='ltr' id='par_1_112' title="bbox 2219 5311 3790 5383">
     <span class='ocr_line' id='line_1_112' title="bbox 2219 5311 3790 5383; baseline 0.008 -24"><span class='ocrx_word' id='word_1_802' title='bbox 2219 5311 2361 5360; x_wconf 85' lang='grc' dir='ltr'>νοεῖν</span> <span class='ocrx_word' id='word_1_803' title='bbox 2384 5327 2441 5362; x_wconf 89' lang='grc' dir='ltr'><strong>τε</strong></span> <span class='ocrx_word' id='word_1_804' title='bbox 2471 5316 2560 5363; x_wconf 81' lang='grc' dir='ltr'><strong>καί</strong></span> <span class='ocrx_word' id='word_1_805' title='bbox 2593 5312 2792 5378; x_wconf 80' lang='grc' dir='ltr'>λέγειν,</span> <span class='ocrx_word' id='word_1_806' title='bbox 2818 5312 2973 5365; x_wconf 75' lang='grc' dir='ltr'>ἔτιδὲ</span> <span class='ocrx_word' id='word_1_807' title='bbox 3003 5315 3235 5383; x_wconf 75' lang='grc' dir='ltr'>γράφειν</span> <span class='ocrx_word' id='word_1_808' title='bbox 3264 5314 3604 5370; x_wconf 77' lang='grc' dir='ltr'>ἱκανώτατον</span> <span class='ocrx_word' id='word_1_809' title='bbox 3626 5318 3790 5371; x_wconf 76' lang='grc' dir='ltr'>ὄντα·</span> 
     </span>
    </p>
   </div>
   <div class='ocr_carea' id='block_1_113' title="bbox 2221 5398 3797 5480">
    <p class='ocr_par' dir='ltr' id='par_1_113' title="bbox 2221 5398 3797 5480">
     <span class='ocr_line' id='line_1_113' title="bbox 2221 5398 3797 5480; baseline 0.011 -34"><span class='ocrx_word' id='word_1_810' title='bbox 2221 5401 2473 5472; x_wconf 65' lang='grc' dir='ltr'>εὕστοχόν</span> <span class='ocrx_word' id='word_1_811' title='bbox 2579 5398 2817 5472; x_wconf 73' lang='grc' dir='ltr'>βάλλειν,</span> <span class='ocrx_word' id='word_1_812' title='bbox 2841 5406 2933 5459; x_wconf 71' lang='grc' dir='ltr'><strong>καὶ</strong></span> <span class='ocrx_word' id='word_1_813' title='bbox 2960 5408 3095 5474; x_wconf 65' lang='grc' dir='ltr'>πρὸς</span> <span class='ocrx_word' id='word_1_814' title='bbox 3113 5407 3208 5467; x_wconf 76' lang='grc' dir='ltr'>τὰς</span> <span class='ocrx_word' id='word_1_815' title='bbox 3231 5406 3520 5471; x_wconf 74' lang='grc' dir='ltr'>ἐπιϐουλάς</span> <span class='ocrx_word' id='word_1_816' title='bbox 3545 5414 3797 5480; x_wconf 65' lang='grc' dir='ltr'>αντὲχειν</span> 
     </span>
    </p>
   </div>
   <div class='ocr_carea' id='block_1_114' title="bbox 2224 5495 3797 5569">
    <p class='ocr_par' dir='ltr' id='par_1_114' title="bbox 2224 5495 3797 5569">
     <span class='ocr_line' id='line_1_114' title="bbox 2224 5495 3797 5569; baseline 0.009 -26"><span class='ocrx_word' id='word_1_817' title='bbox 2224 5499 2369 5564; x_wconf 53' lang='grc' dir='ltr'>μάλα</span> <span class='ocrx_word' id='word_1_818' title='bbox 2397 5497 2770 5567; x_wconf 69' lang='grc' dir='ltr'>στερρότατον.</span> <span class='ocrx_word' id='word_1_819' title='bbox 2811 5498 3065 5552; x_wconf 82' lang='grc' dir='ltr'>Μάλιστα</span> <span class='ocrx_word' id='word_1_820' title='bbox 3097 5498 3140 5550; x_wconf 82' lang='grc' dir='ltr'>δ’</span> <span class='ocrx_word' id='word_1_821' title='bbox 3172 5495 3239 5568; x_wconf 77' lang='grc' dir='ltr'>ἦν</span> <span class='ocrx_word' id='word_1_822' title='bbox 3281 5501 3742 5569; x_wconf 74' lang='grc' dir='ltr'>ὲκκλησιαστικὸς</span> <span class='ocrx_word' id='word_1_823' title='bbox 3769 5509 3797 5558; x_wconf 91' lang='lat'><strong>6</strong></span> 
     </span>
    </p>
   </div>
   <div class='ocr_carea' id='block_1_115' title="bbox 2221 5613 2805 5681">
    <p class='ocr_par' dir='ltr' id='par_1_115' title="bbox 2221 5613 2805 5681">
     <span class='ocr_line' id='line_1_115' title="bbox 2221 5613 2805 5681; baseline 0.003 -15"><span class='ocrx_word' id='word_1_824' title='bbox 2221 5613 2323 5669; x_wconf 74' lang='lat' dir='ltr'><strong>bit.</strong></span> <span class='ocrx_word' id='word_1_825' title='bbox 2361 5613 2454 5666; x_wconf 69' lang='lat' dir='ltr'><strong>lib.</strong></span> <span class='ocrx_word' id='word_1_826' title='bbox 2492 5629 2525 5671; x_wconf 80' lang='grc' dir='ltr'><strong>ι,</strong></span> <span class='ocrx_word' id='word_1_827' title='bbox 2563 5630 2682 5681; x_wconf 82' lang='lat' dir='ltr'><strong>cap.</strong></span> <span class='ocrx_word' id='word_1_828' title='bbox 2724 5615 2805 5668; x_wconf 77' lang='grc'><strong>15.</strong></span> 
     </span>
    </p>
   </div>
   <div class='ocr_carea' id='block_1_116' title="bbox 2296 5684 3797 5756">
    <p class='ocr_par' dir='ltr' id='par_1_116' title="bbox 2296 5684 3797 5756">
     <span class='ocr_line' id='line_1_116' title="bbox 2296 5684 3797 5756; baseline 0.007 -22"><span class='ocrx_word' id='word_1_829' title='bbox 2296 5684 2366 5745; x_wconf 64' lang='lat'><strong>(&#39;2,</strong></span> <span class='ocrx_word' id='word_1_830' title='bbox 2403 5684 2592 5735; x_wconf 66' lang='lat' dir='ltr'><strong>liirino</strong></span> <span class='ocrx_word' id='word_1_831' title='bbox 2623 5696 2754 5737; x_wconf 87' lang='lat' dir='ltr'><strong>nutu</strong></span> <span class='ocrx_word' id='word_1_832' title='bbox 2791 5684 3125 5756; x_wconf 75' lang='lat' dir='ltr'><strong>Athanasius</strong></span> <span class='ocrx_word' id='word_1_833' title='bbox 3155 5686 3447 5754; x_wconf 81' lang='lat' dir='ltr'><strong>cpiscopus</strong></span> <span class='ocrx_word' id='word_1_834' title='bbox 3478 5697 3561 5742; x_wconf 85' lang='lat' dir='ltr'><strong>est</strong></span> <span class='ocrx_word' id='word_1_835' title='bbox 3590 5688 3797 5756; x_wconf 72' lang='lat' dir='ltr'><strong>lectus,</strong></span> 
     </span>
    </p>
   </div>
   <div class='ocr_carea' id='block_1_117' title="bbox 2224 5751 3192 5823">
    <p class='ocr_par' dir='ltr' id='par_1_117' title="bbox 2224 5751 3192 5823">
     <span class='ocr_line' id='line_1_117' title="bbox 2224 5751 3192 5823; baseline 0.004 -18"><span class='ocrx_word' id='word_1_836' title='bbox 2224 5751 2513 5806; x_wconf 70' lang='lat' dir='ltr'><strong>SUlUllictti</strong></span> <span class='ocrx_word' id='word_1_837' title='bbox 2549 5756 2756 5821; x_wconf 69' lang='lat' dir='ltr'><strong>judicio</strong></span> <span class='ocrx_word' id='word_1_838' title='bbox 2787 5766 2839 5809; x_wconf 77' lang='lat' dir='ltr'><strong>et</strong></span> <span class='ocrx_word' id='word_1_839' title='bbox 2874 5754 3192 5823; x_wconf 76' lang='lat' dir='ltr'><strong>Nicephort.</strong></span> 
     </span>
    </p>
   </div>
  </div>
