3988 6190
512 322 632 389 ·Π5
1734 318 1810 381 NI
1820 320 2087 382 CEPHO]

2208 319 2543 382 CALLISTI
3677 312 3783 378 176

525 449 639 493 ιυιη
685 436 753 493 ad
813 436 917 492 hoc
969 436 1105 492 satis
1135 444 1304 502 esset.
1356 450 1426 491 ne
1466 435 1536 491 ab
1585 435 1670 491 eis
1715 436 1811 505 qui
1867 435 1924 491 in
1974 437 2083 492 illis

2210 438 2310 502 τῶς
2338 439 2502 509 ἔχων,
2535 436 2587 490 οἳ
2619 436 2783 490 αὐτὸν
2830 432 3216 507 ἀπηχθάνοντο
3237 447 3249 464 ⁸
3285 431 3382 487 καὶ
3435 431 3548 503 γὰρ
3574 432 3785 488 διάπυ-

524 530 711 586 eximii
761 540 892 585 sunt
940 540 997 584 et
1043 528 1177 584 clari
1233 528 1653 598 percelleretur,
1713 528 1952 584 Niczeam
2001 537 2087 584 est

2207 544 2287 594 po;
2311 527 2507 596 ἐκείνῳ
2544 525 2698 591 φίλος
2730 523 3031 595 ἐτύγχανεν
3075 521 3171 575 ὢν.
3213 520 3700 592 Περιφανέστερον
3734 521 3782 575 δ’

522 622 853 693 perductus.
922 619 1015 675 ubi
1059 620 1296 676 maxime
1345 620 1685 684 decertavit.
1738 622 1943 693 quippe
1990 624 2084 693 qui

2209 616 2413 669 tirofouv
2471 616 2564 669 τὸν
2598 613 2923 668 Ἀθανάσιον
2972 614 3069 665 καὶ⁵
3112 613 3407 683 Ἀρειανοὶ,
3451 609 3502 664 οἳ
3553 610 3784 682 σύναμα

525 727 751 787 propter
785 713 1094 768 firmitatem
1127 725 1451 767 sermonum
1494 713 1744 769 veritatis
1777 729 1886 769 non
1926 716 2089 770 mini-

2209 708 2433 779 νίελιτίῳ
2460 708 2560 777 τὴν
2584 708 2862 776 Αἴγυπτον
2893 707 3295 774 άνετάρασσον,
3324 704 3626 767 ἐπιϐουλὰς
3679 706 3784 775 μὶν

525 821 614 861 ma
661 804 738 860 ibi
784 804 1063 859 actionum
1113 803 1358 858 omnium
1394 818 1523 873 pars
1571 804 1761 859 fuerit.
1793 803 2086 873 Specimen

2209 798 2315 852 ιατ’
2351 797 2514 851 αὑτοῦ
2540 799 2627 852 ἀεὶ
2656 798 3012 867 πράττοντες,
3046 799 3104 850 ἐν
3133 797 3257 868 δίκῃ
3291 796 3336 850 δ’
3369 796 3514 850 ἐλεῖν
3568 796 3784 865 ἣκιστα

518 912 653 951 vero
719 894 812 950 ille
882 909 1101 964 quoque
1151 894 1206 948 in
1261 901 1421 959 aetate
1478 893 1713 964 juvenili
1779 894 2083 963 sapientis.

2208 887 2427 959 ίχοντες.
2462 889 2620 958 Ἄρτι
2659 888 2769 956 γὰρ
2822 886 3197 957 καταχθέντες
3242 889 3292 941 ei
3333 889 3466 958 περὶ
3511 887 3783 942 Εὐσέϐιον

521 986 779 1057 spectati,
809 995 868 1042 et
897 986 1094 1041 senilis
1122 986 1229 1041 viri
1257 984 1493 1054 praebuit
1517 984 1619 1054 (1).
1649 983 1947 1055 Postquam
1983 1001 2086 1039 au-

2205 977 2426 1048 βασιλεῖ,
2462 979 2524 1031 οὐ
2587 979 2690 1049 τὴν
2726 977 2997 1049 τυχοῦσαν
3048 978 3371 1049 παρρησίαν
3421 979 3780 1050 ἐκτήσαντοο

522 1088 631 1134 tem
665 1078 977 1134 Alexander
1007 1089 1259 1132 mortuus
1285 1084 1391 1139 est,
1433 1090 1673 1159 eumque
1703 1089 2082 1131 successorem

2207 1070 2287 1122 tat
2310 1068 2400 1123 διὰ
2431 1069 2634 1140 πολλῆς
2662 1065 2807 1141 ἦσαν
2847 1070 3045 1139 ἐκείνῳ
3088 1069 3277 1140 τιμῆς,
3313 1069 3402 1124 ἆτ’
3442 1070 3508 1123 ἐκ
3544 1072 3643 1125 τοῦ
3680 1088 3782 1125 κα-

522 1186 683 1226 suum
712 1170 970 1239 reliquit,
1003 1178 1119 1224 tum
1158 1167 1331 1237 magis
1353 1167 1526 1238 gloria
1557 1167 1681 1236 ejus
1719 1168 1941 1231 enituit,
1972 1168 2085 1222 vir-

2206 1161 2305 1226 ιιῶς
2340 1164 2560 1233 φρονεῖν
2589 1164 2729 1233 πρὸς
2756 1163 2837 1233 τῷ
2871 1163 3121 1217 εὐσεσεϊν
3150 1163 3547 1233 μεταθέμενοι.
3574 1163 3689 1217 Καὶ
3714 1165 3781 1233 δὴ

522 1273 639 1318 tute
667 1262 841 1331 ipsius
865 1262 923 1316 in
950 1261 1119 1316 rebus
1150 1260 1409 1315 omnibus
1448 1260 1686 1329 seipsam
1718 1259 2083 1315 conﬁrmante

2203 1257 2259 1325 τῇ
2289 1255 2575 1327 παρρησίᾳ
2597 1255 3109 1327 καταχρησάμενοι,
3154 1257 3385 1327 μείζονα
3425 1258 3680 1328 ταραχὴν
3710 1259 3778 1328 τῇ

521 1367 688 1426 atque
716 1354 997 1410 laudante.
1044 1352 1220 1419 Quam
1253 1352 1531 1422 ingentem
1576 1366 1799 1421 quoque
1845 1353 2086 1426 reddidit

2208 1346 2504 1419 Ἐκκλησία
2534 1348 2836 1418 ἐπήγειραν
2880 1348 2943 1400 ἐκ
2979 1366 3035 1401 τε
3095 1349 3186 1417 τῆς
3223 1348 3650 1420 ἐνοικουρούσης
3681 1367 3783 1402 κα-

520 1424 757 1516 magnus
812 1444 1112 1509 Antonius,
1169 1459 1296 1498 cum
1351 1444 1558 1513 optima
1611 1458 1846 1513 quisque
1901 1443 1971 1499 de
2017 1424 2085 1500 eo

2201 1438 2463 1502 κοδοξίας,
2517 1441 2613 1494 καὶ
2641 1440 2705 1491 ἐκ
2748 1439 2849 1509 τῆς
2874 1440 3012 1509 πρὸς
3055 1440 3379 1493 Ἀθανάσιον
3428 1441 3776 1511 άπεχθείας’

520 1539 844 1604 testificaris,
881 1547 996 1592 tum
1044 1537 1211 1592 etiam
1242 1536 1413 1607 jussis
1441 1536 1563 1605 ejus
1616 1550 1825 1590 morem
1859 1551 2080 1606 gerens.

2205 1530 2382 1600 ἐπειδὴ
2410 1530 2605 1601 ἐκείνῳ
2630 1532 2688 1586 ἐν
2716 1533 2783 1601 τῇ
2814 1532 3022 1601 συνόδῳ
3054 1532 3307 1603 προϐόλῳ
3347 1531 3445 1600 τῆς
3482 1531 3780 1594 εὐσεϐείας

517 1629 653 1684 Nam
682 1638 739 1683 et
771 1629 891 1698 ejus
920 1643 1085 1683 causa
1111 1643 1177 1681 ex
1207 1627 1491 1681 montibus
1521 1626 1577 1680 in
1615 1626 1783 1681 urbes
1816 1626 2078 1697 frequen-

2206 1620 2468 1689 ινέτυχον.
2509 1622 2622 1675 Καὶ
2673 1620 2738 1691 δὴ
2767 1624 2961 1691 πρῶτα
2994 1622 3095 1691 μέν
3122 1622 3219 1693 τὴν
3259 1622 3468 1676 ἐκείνου
3502 1624 3559 1675 ἐν
3592 1623 3781 1686 αίτίας

520 1722 631 1774 tius
670 1721 844 1785 venit,
889 1727 946 1773 et
1006 1719 1059 1773 in
1112 1718 1345 1773 ecclesia
1396 1731 1521 1771 cum
1565 1731 1633 1771 eo
1685 1726 1770 1771 est
1808 1729 2084 1773 versatus.

2206 1701 2482 1765 ἐποιοῦντο
2510 1713 2872 1784 χειροτονίαν,
2900 1714 2977 1777 ὠς
3001 1716 3077 1785 μὴ
3108 1714 3413 1785 ἐνθέσμως,
3450 1714 3590 1784 μηδέ
3618 1714 3781 1785 παρὰ

519 1809 659 1863 Tum
688 1816 894 1873 autem,
928 1806 1222 1861 sententiae.
1250 1805 1374 1874 ejus
1413 1803 1579 1876 quam
1617 1805 1686 1860 de
1719 1805 1830 1860 Deo
1868 1806 2083 1869 habuit,

2205 1801 2524 1867 ὶξιοπίστων
2558 1805 2870 1872 προσώπων
2900 1805 3281 1876 γεγενημένην
3306 1821 3322 1836 ·
3360 1806 3435 1868 ὡς
3486 1806 3543 1860 δὲ
3591 1807 3780 1878 κρείτ-

514 1901 793 1954 calculum
828 1916 988 1955 suum
1010 1899 1228 1954 addidit
1259 1915 1273 1953 :
1306 1901 1391 1954 eis
1424 1899 1521 1968 qui
1547 1898 1870 1953 inimicitias
1890 1907 2083 1952 contra

2202 1911 2298 1949 των
2331 1896 2439 1950 τῶν
2463 1896 2826 1967 ἐγκλημάτων
2854 1898 3149 1963 ἐδείκνυτο,
3185 1901 3449 1967 γενναίως
3501 1899 3645 1969 ὑπὲρ
3673 1900 3777 1970 τῆς

518 2005 645 2043 eum
686 1991 1063 2059 suscepissent
1101 1989 1391 2054 adversus,
1426 1991 1600 2058 ipsius
1628 1997 1811 2043 autem
1841 1988 2088 2041 Athana-

2202 1992 2245 2041 iv
2271 1988 2475 2060 Νικαίᾳ
2522 1991 2762 2054 πίστεως
2789 1990 3275 2060 διαγωνιζόμενος,
3325 1991 3526 2061 βουλὴν
3578 1993 3777 2062 ἑτέραν

519 2080 585 2134 sii
626 2082 842 2136 amicus
891 2082 1120 2136 intimus
1174 2089 1227 2135 et
1282 2094 1554 2135 summus.
1607 2078 1750 2145 Quin
1788 2086 1846 2133 et
1898 2078 2084 2133 Ariani

2197 2079 2435 2146 ὕφαινον,
2492 2080 2846 2150 σκευωρῆσαι
2895 2084 2994 2151 μὲν
3029 2084 3240 2137 ἐκεῖνον
3297 2084 3379 2146 είς
3433 2084 3772 2152 φυγαδείαν,

517 2172 880 2228 Athanasium
932 2172 1290 2226 illustriorem
1328 2170 1641 2235 reddidere,
1674 2169 1766 2241 qui
1802 2185 1909 2224 una
1958 2185 2081 2226 cum

2204 2169 2411 2239 ’Δρειον
2462 2171 2520 2223 δέ
2575 2173 3000 2242 παρασκευάσαι
3053 2174 3324 2241 κατάγειν
3374 2174 3458 2237 είς
3521 2174 3779 2242 Ἀλεξάν-

518 2261 728 2316 Μεὶίιίο
759 2260 1049 2331 [Egyptum
1104 2261 1345 2315 motibus
1382 2264 1812 2329 compleverant.
1853 2258 2087 2313 Insidias

2202 2261 2392 2330 Ξρειαν.
2437 2262 2593 2317 Οὕτω
2624 2264 2736 2333 γὰρ
2785 2266 2848 2317 ἐκ
2902 2264 2995 2317 τοῦ
3061 2266 3264 2335 ῥᾴστου
3315 2266 3465 2335 ἔχειν
3522 2267 3777 2331 ἐκείνους

520 2351 670 2403 enim
694 2349 814 2404 sine
848 2348 1262 2403 intermissione
1296 2348 1346 2402 ei
1382 2348 1695 2407 molientes.
1730 2362 1928 2416 capere
1954 2361 2083 2401 cum

2202 2350 2286 2419 ιὴν
2316 2351 2414 2419 μὲν
2434 2351 2530 2404 τοῦ
2563 2353 2857 2422 ὀμοουσίου
2919 2354 3105 2406 πίστιν
3145 2354 3453 2419 ἐκϐάλλειν,
3485 2356 3671 2425 ἠρέμα
3711 2356 3777 2408 δέ

520 2441 767 2513 legitime
800 2457 907 2495 non
942 2450 1263 2510 potuerunt.
1308 2442 1375 2494 Et
1427 2455 1602 2508 nuper
1635 2438 1936 2493 admodum
1974 2439 2085 2493 Eu-

2201 2458 2306 2504 πως
2362 2442 2464 2512 τὴν
2526 2444 2798 2513 σφετέραν
2858 2446 3205 2513 ἀντεισάγειν
3257 2445 3602 2500 δυσσέϐειαν.
3660 2448 3776 2499 Καὶ

519 2537 707 2591 sobius
755 2536 824 2589 ab
879 2534 1213 2601 imperatore
1263 2534 1331 2585 ah
1379 2532 1576 2586 exsilio
1630 2530 1917 2595 reductus,
1974 2547 2085 2586 non

2201 2537 2446 2604 ἐπειρᾶτο
2508 2536 2740 2606 γράφων
2814 2537 3077 2601 Εὐσέϐιος
3120 2538 3428 2608 Ἀθανασίῳ
3476 2539 3605 2601 τοὺς
3639 2539 3776 2609 περὶ

523 2626 856 2680 mediocrem
909 2625 1013 2679 sibi
1065 2625 1371 2694 usurpabat
1408 2624 1746 2690 libertatem,
1782 2624 1977 2678 abillo
2029 2624 2085 2677 in

2196 2628 2411 2695 ’Δρειον
2437 2626 2692 2695 δέχεσθαι
2717 2643 2730 2658 ·
2754 2629 2801 2679 εί
2821 2627 2877 2680 δὲ
2902 2623 3019 2692 οὖν,
3042 2629 3310 2697 ἀγράφως
3336 2628 3553 2696 ἠπείλει
3577 2629 3771 2692 κακῶς

519 2732 722 2788 magno
755 2716 967 2771 honore
985 2717 1225 2780 habitus,
1250 2715 1477 2785 perinde
1511 2725 1677 2785 atque
1701 2730 1732 2770 a
1765 2731 1932 2786 prava
1960 2714 2085 2784 opi-

2199 2717 2354 2772 ιὺτὸν
2380 2718 2669 2772 διαθεῖναι.
2690 2719 2846 2772 Ἐπεὶ
2865 2719 2923 2773 δὲ
2957 2720 3137 2774 πάντα
3170 2722 3351 2774 κάλων
3369 2720 3564 2785 κινῶν,
3587 2720 3774 2773 οὐδενὶ

516 2811 687 2865 nione
743 2808 809 2863 ad
869 2818 1034 2864 recta:
1099 2808 1321 2879 pietatis
1375 2809 1707 2864 sententiam
1756 2807 2083 2863 transiisset.

2198 2808 2375 2879 τρόπῳ
2407 2808 2689 2881 πειθήνιον
2739 2805 2854 2880 εἶχε
2908 2809 3320 2879 διενιστάμενον
3366 2812 3495 2873 τοὺς
3529 2812 3662 2880 περὶ
3705 2812 3773 2863 τὸ

512 2900 791 2968 Quocirca
844 2900 1100 2954 libertate
1140 2915 1205 2954 ea
1240 2900 1472 2963 abusus,
1509 2899 1774 2969 majorem
1809 2899 1980 2953 etiam
2026 2898 2085 2952 in

2200 2898 2366 2969 δόγμα
2397 2901 2853 2971 νεωτερίσαντας,
2887 2903 2983 2953 καὶ
3014 2902 3142 2955 νέαν
3185 2905 3636 2973 συστησαμένους
3679 2902 3775 2957 αι-

517 2991 751 3047 ecclesia
812 2990 1029 3044 turbam
1060 2990 1341 3054 excitavit,
1376 3003 1474 3058 per
1502 3003 1624 3043 eam
1662 3003 1784 3058 quae
1814 2989 1865 3043 ei
1901 2994 2085 3043 inerat

2197 3004 2362 3059 ρεσιν,
2391 2990 2485 3042 καὶ
2506 2992 2658 3063 παρὰ
2685 2990 2958 3062 τοσαύτης
2984 2992 3355 3063 ἐληλαμένους
3407 2994 3652 3058 συνόδου,
3688 2994 3772 3065 μὴ

519 3084 709 3139 falsam
761 3083 1105 3154 opinionem,
1171 3096 1374 3150 easque
1420 3096 1557 3151 quas
1607 3081 1873 3137 adversus
1916 3081 2081 3152 637

2196 3078 2301 3133 δεῖν
2332 3074 2473 3135 εἷναι
2496 3082 2772 3153 δέχεσθαι,
2804 3084 3082 3154 ἐπεχείρει
3112 3086 3314 3156 τρόπον
3347 3085 3541 3155 ἐτερον
3575 3088 3771 3140 πεῖσαι

515 3134 881 3232 Athanasium
916 3183 1238 3244 susceperat
1266 3172 1606 3235 inimicitias.
1638 3188 1703 3228 ex
1729 3188 1841 3243 quo
1866 3134 2085 3245 Invs;n-

2197 3171 2282 3225 τὸν
2348 3134 2589 3243 βασιλέέ
2621 3134 3173 3250 δέέάέόαέτὶέέιέζ
3188 3134 3370 3241 13;:—
3390 3134 3642 3234 ᾩὲιόὲδᾼέἶ
3653 3134 3772 3243 ’ζῖξ

517 3269 624 3323 odo
675 3268 728 3321 in
771 3267 927 3321 illum
966 3266 1138 3320 veluti
1185 3280 1323 3319 vera:
1353 3265 1575 3333 pietatis
1605 3265 2079 3335 propugnaculum

2202 3265 2619 3337 ’Δλεξάνδρειαν
2658 3271 2989 3340 παρασχεῖν.
3042 3272 3149 3324 Καὶ
3186 3271 3339 3342 μόλις
3365 3270 3512 3324 τοῦτ’
3551 3272 3772 3335 ἀνύσας

517 3358 765 3428 impegit.
808 3357 875 3412 Et
923 3357 1161 3427 primum
1193 3356 1416 3423 quidem
1450 3356 1776 3411 electionem
1817 3357 1942 3426 ejus
1972 3357 2082 3412 Eu-

1511 3357 1776 3411 ecticnem
1817 3357 1942 3426 ejus
1972 3357 2082 3412 Eu-
2191 3352 2362 3428 εἶχεν,
2402 3360 2479 3422 ὡς
2516 3362 2696 3433 καιρῷ
2729 3363 3086 3436 διαλήψομαι.

516 3453 729 3511 cebiani
779 3452 1282 3523 reprehendebant,
1312 3464 1569 3522 tanquam
1603 3467 1781 3523 neque
1809 3453 2077 3524 legitime,
2118 3468 2299 3525 neque
2332 3455 2402 3510 ab
2470 3458 2703 3521 idoneis.
2736 3476 2858 3531 qua:
2922 3464 3083 3518 fidem
3114 3480 3485 3535 mererentur,
3512 3474 3772 3541 personis

517 3550 738 3605 factam.
798 3548 903 3605 Ubi
964 3560 1100 3602 vero
1156 3545 1622 3613 insimulationcm
1680 3561 1799 3601 eam
1854 3548 2082 3607 refellit.
2125 3563 2324 3619 magno
2402 3551 2587 3607 atiimo
2638 3569 2738 3623 pro
2785 3555 2890 3611 fide
2927 3557 3148 3614 Nicaena
3229 3562 3541 3629 decertans,
3594 3567 3767 3621 altam

516 3644 591 3698 illi
634 3653 857 3696 tcsuerc
895 3640 1080 3707 telam,
1110 3654 1176 3694 eo
1213 3639 1468 3704 consilio,
1542 3648 1602 3692 ut
1669 3639 1971 3693 Athanasio
2038 3639 2290 3695 exsilium
2357 3651 2659 3709 struerent,
2720 3656 2885 3719 atque
2969 3650 3102 3705 Ario
3153 3656 3394 3709 reditum
3456 3661 3510 3712 in
3564 3661 3765 3715 urbem

514 3732 939 3788 Alexandrinam
977 3738 1250 3800 pararent.
1273 3729 1350 3783 Ita
1385 3730 1533 3783 enim
1568 3728 1891 3783 facillimum
1944 3728 2080 3799 ipsis
2119 3730 2237 3784 fore
2270 3735 2558 3800 putabant,
2596 3746 2652 3789 ut
2722 3739 3008 3804 ὀμοουσὶου
3077 3746 3566 3804 consubstajnjajis
3594 3750 3765 3807 ﬁdem

514 3828 802 3898 ejicerent,
835 3832 891 3879 et
938 3821 1275 3895 pedetentim
1319 3821 1653 3890 impietatem
1692 3837 1847 3875 suam
1917 3839 2017 3893 pro
2082 3839 2147 3879 ea
2190 3826 2541 3883 inducerent.
2603 3828 2974 3902 Tentavitque
3038 3837 3218 3901 adeo,
3272 3840 3339 3893 ad
3397 3841 3766 3900 Athanasium

515 3920 770 3976 scribens
799 3917 1092 3981 Eusebius,
1144 3923 1203 3967 ut
1237 3917 1304 3968 ab
1339 3914 1434 3968 illo
1464 3916 1844 3983 susciperetur
1892 3915 2078 3969 Arius.
2122 3916 2217 3973 Sin
2292 3921 2497 3986 minus,
2554 3925 2673 3978 sine
2705 3926 2914 3993 scripto
2945 3944 3044 3997 per
3072 3930 3474 3990 internuntium
3501 3954 3767 4011 magnum

518 4013 599 4068 illi
652 4011 895 4065 minatus
933 4019 1018 4064 est
1048 4009 1271 4063 malum.
1307 4010 1605 4077 Postquam
1638 4020 1822 4061 autem
1891 4024 2112 4064 omnem
2157 4025 2386 4067 movens
2431 4015 2693 4081 lapidem,
2736 4020 3069 4087 persuadere
3117 4022 3170 4077 id
3223 4025 3301 4080 illi
3379 4043 3488 4082 non
3538 4009 3760 4100 potuit;

518 4125 615 4163 eos
646 4109 741 4178 qui
773 4106 827 4160 in
861 4104 1114 4158 doctrina
1149 4117 1236 4156 res
1264 4116 1436 4155 novas
1503 4100 1871 4166 induxissent,
1934 4118 2240 4173 novamque
2314 4107 2565 4161 lia-resim
2609 4108 3001 4173 instituissent.
3048 4125 3105 4170 et
3158 4131 3279 4172 eam
3328 4119 3401 4174 ob
3451 4138 3675 4179 causam
3729 4143 3765 4182 a

518 4214 628 4259 tam
708 4200 985 4271 frequenti
1059 4196 1269 4263 synodo
1325 4197 1621 4265 proscripti
1695 4204 1901 4263 essent,
1960 4199 2187 4255 minime
2228 4202 2575 4272 recipiendos
2628 4220 2747 4260 esse
2812 4211 3215 4265 contendenti:
3279 4214 3391 4269 alio
3445 4218 3613 4275 modo
3660 4235 3764 4276 eo-

513 4311 676 4356 natus
710 4307 830 4364 est,
873 4306 932 4351 ut
954 4296 1118 4351 Arius
1143 4294 1504 4364 reciperetur,
1538 4293 2027 4366 Alexandriamque
2071 4296 2464 4367 reduceretur,
2500 4289 2818 4373 imperatori
2853 4307 3210 4376 persuadere.
3236 4308 3296 4365 id
3327 4313 3476 4383 quod
3509 4316 3763 4381 tandem.

513 4393 672 4451 sicuti
726 4407 828 4447 suo
889 4391 1012 4446 loco
1070 4389 1269 4452 dicam,
1327 4403 1470 4459 aegre
1502 4387 1709 4442 effecit.

1079 4506 1305 4563 CAPUT
1342 4506 1505 4562 XLV.
2107 4519 2156 4579 υ

2107 4519 2156 4579 D
2779 4521 3044 4577 ΚΕΦΑΛκ
3062 4524 3195 4579 ME’.

517 4604 832 4692 Densynod‘o.
888 4598 1178 4692 Antiochia:
1207 4598 2082 4692 congregata,Jquwepiseopaluni

2185 4606 2469 4692 "Epiﬂtijg
2505 4609 2576 4663 ὲν
2597 4610 2988 4692 εξΛνςιοχείρ-
3012 4614 3344 4692 γενομένης
3389 4619 3760 4692 συνόδου.Αῆ

585 4670 865 4729 Eustathio
898 4685 1088 4759 magno
1114 4670 1393 4738 abrogavit
1419 4682 1435 4719 :
1472 4679 1519 4720 et
1549 4670 1611 4721 de
1634 4671 1883 4739 episcopis
1919 4672 2009 4739 qui
2032 4676 2082 4725 ei

2254 4670 2495 4759 καάεῗλε
2535 4681 2655 4759 ,τὸν
2680 4670 2875 4759 pera;
2910 4670 3258 4759 Εὺρτάθῖον
3282 4670 3612 4759 "adhaesit.

584 4749 957 4799 successerunt.

2248 4749 2376 4817 μετ’
2408 4750 2594 4802 αὐτὸν
2621 4751 2959 4819 γενομένων
2983 4754 3357 4811 ἐπισκόπων.

583 4858 723 4912 Tum
754 4871 885 4912 vero
912 4855 1013 4908 alia
1038 4854 1200 4908 etiam
1234 4853 1392 4908 turba
1424 4854 1565 4909 inter
1592 4855 1920 4925 coniunctos
1951 4856 2075 4926 epi-

2257 4856 2573 4929 Τηνικαῦτα
2598 4860 2644 4914 δ’
2670 4862 2833 4934 ἐτέρα
2882 4866 3097 4937 ταραχὴ
3143 4869 3209 4923 ἐκ
3235 4869 3348 4923 τῶν
3383 4872 3601 4927 οἰκείων
3628 4876 3759 4929 ἐπι-

514 4963 710 5019 scopos
751 4962 936 5004 exorta
962 4988 976 5012 ,
1012 4946 1316 5002 Ecclesiam
1365 4949 1617 5016 excepit.
1661 4948 1756 5017 qui
1798 4949 1865 5003 de
1910 4949 2082 5005 verbo

2187 4952 2407 5005 σκόπων
2458 4953 2555 5024 τὴν
2616 4952 2954 5025 Ἐκκλησίαν
3000 4958 3303 5029 ἐλάμϐανε,
3339 4966 3470 5034 περὶ
3523 4964 3627 5035 τῆς
3658 4969 3758 5021 τοῦ

516 5039 831 5109 ὁμοουσίου,
867 5036 1354 5092 consubstantiaiis
1385 5038 1962 5102 nimirum,subtiliter
1992 5042 2078 5095 in-

2184 5043 2472 5111 ὀμοουσίου
2500 5044 2703 5109 λέξεως
2731 5050 3315 5123 ἀκριϐολογουμένων,
3355 5058 3453 5110 καὶ
3491 5076 3759 5130 κατατρι-

511 5134 822 5205 quirentes.
848 5146 1025 5201 coque
1055 5146 1175 5187 sese
1201 5142 1547 5195 exercentes,
1577 5132 1898 5187 intesdnum
1932 5133 2077 5189 inter

2186 5131 2456 5201 ϐομένων,
2523 5136 2616 5188 καὶ
2669 5138 2806 5205 πρὸς
2846 5140 2936 5194 τὸν
2991 5144 3115 5195 κατ’
3124 5144 3400 5216 ,ἀλλήλων
3449 5148 3758 5213 ὡπλίζοντο

510 5243 569 5280 se
604 5227 678 5278 ita
724 5237 1071 5277 commovere
1113 5222 1342 5284 bellum.
1389 5230 1451 5276 ut
1495 5224 1837 5278 concertatio
1880 5238 2075 5279 eorum

2187 5225 2447 5296 πόλεμον,
2479 5228 2557 5293 ὠς
2582 5230 2750 5301 μηδὲν
2784 5233 2883 5286 τοῦ
2910 5241 3278 5308 νυκτομαχεῖν
3314 5240 3615 5312 διαφέρειν.
3648 5247 3758 5299 Καὶ

510 5318 648 5371 nihil
671 5335 700 5371 a
731 5326 1002 5371 nocturna
1026 5329 1208 5385 pugna
1231 5313 1502 5370 dill‘erret.
1533 5315 1721 5385 Neque
1754 5316 1901 5371 enim
1931 5316 2074 5373 aiius

2183 5317 2290 5387 γὰρ
2310 5320 2558 5391 ἀλλήλων
2587 5324 2647 5376 οὐ
2676 5327 2952 5395 συνίεσαν,
2985 5328 3080 5397 ἀφ’
3106 5324 3182 5384 ὧν
3208 5332 3474 5402 ἀλλήλους
3507 5336 3758 5406 ἐνόμιζον

580 5523 656 5605 (l)
688 5518 1135 5605 JAtaGsﬁﬁr‘itdzsg.
1164 5519 1467 5605 alicuntur,
1525 5521 1774 5605 apprime
1820 5525 2073 5605 spe-cuni,

2181 5541 2347 5591 serve,
2365 5536 2421 5605 ξι
2454 5528 2532 5605 rir
2552 5530 2968 5605 desideriorum:
2989 5534 3081 5588 sed
3100 5538 3488 5605 spiritualium.
3506 5540 3580 5597 Ita
3599 5548 3753 5600 enim

511 5590 744 5671 probati,
774 5590 1023 5675 perfecti,
1053 5591 1335 5675 subliuws.
1366 5602 1618 5675 etv-extra
1656 5590 1866 5661 judicii’
1885 5594 2061 5675 aleam

2177 5590 2649 5675 vocatFScriptura
2697 5603 2823 5663 τοὺς
2862 5590 3284 5675 διαδεϐηκῖτας,

507 5654 792 5742 constituti
812 5662 1078 5742 iqualctn
1137 5660 1365 5742 Gregor.
1400 5654 1713 5742 Theolosgns
1756 5677 1876 5715 esse
1895 5662 2059 5742 ⁸(ίὶηιι
2165 5667 2257 5742 qui
2301 5667 2366 5719 ad
2404 5654 2679 5742 summum
2728 5654 2954 5727 erasere
2996 5654 3294 5742 ,e't
3324 5654 3752 5742 ὧνυῖῖῶξξγῖεῖῖ

509 5729 765 5782 Βῦεέῑὶιιιιι
809 5728 1060 5798 Magnum
1115 5749 1128 5784 :
1183 5733 1351 5784 [fama
1394 5730 1509 5797 Dei,
1543 5728 1743 5799 inquit,
1779 5742 1826 5783 et
1882 5732 2055 5799 fidelis
2165 5728 2406 5805 [liliaque
2461 5738 2576 5794 lucc
2628 5755 3036 5811 supergressos.
3191 5728 3205 5742 ’
3243 5728 3293 5734 ἡ
3324 5728 3461 5744 ΠΨ
