3988 6190
246 336 347 399 177

1169 339 1766 402 ECCLESIASTICA!
1806 340 2190 401 HISTORIA!
2232 340 2378 400 LIB.
2417 339 2578 402 VIII.

3385 335 3484 400 178

240 449 621 516 βλασφημεῖν.
651 449 711 500 Οἱ
746 447 846 516 μὲν
875 447 983 518 γὰρ
1008 447 1068 500 τδ
1093 447 1382 517 ὁμοούσιον
1416 449 1492 517 μὴ
1527 449 1800 517 προσιέμει

1924 447 2090 499 alium
2125 446 2462 516 intelligebal
2494 447 2547 499 in
2575 444 2657 500 eis
2687 445 2892 511 verbis,
2922 444 3066 500 unde
3097 459 3217 501 sese
3247 445 3480 500 invicem

238 555 322 590 νοι
352 537 519 602 δόξαν
560 540 721 608 ἔσχον
754 540 821 591 τα
843 537 1126 592 Μοντανοῦ
1160 539 1254 590 καὶ
1279 538 1570 591 Σαϐελλίου
1606 539 1822 607 φρονεῖν

237 627 372 690 τοὺς
395 629 531 680 αὐτὸ
557 629 1060 697 παραδεχομένους,
1085 630 1176 681 καὶ
1202 629 1562 699 βλασφήμους
1578 631 1819 696 ἐλάλουν,

237 717 315 779 ὡς
348 718 452 787 τὴν
491 721 587 772 τοῦ
625 721 754 772 1⁸ἱοῦ
791 719 1029 788 ὓπαρξιν
1083 721 1528 790 ἀνατρέποντας·
1581 723 1630 774 al
1674 721 1730 775 δέ
1761 723 1822 774 τὸ

240 810 540 874 δμοούσιον
616 812 941 879 στέργοντες
999 813 1242 874 ἐκείνους
1298 811 1686 882 ἐξετρέποντο,
1745 814 1820 876 ὡς

253 893 622 966 Ἐλληνισμὸν
650 898 745 949 καὶ
771 898 1062 950 πολυθεῖαν
1086 899 1433 966 εἰσάγοντας.
1484 900 1738 955 Μάλιστα
1775 901 1819 954 δ’

242 986 340 1037 ἐπὶ
371 987 585 1049 τούτοις
623 989 944 1040 συνίσταντο
971 987 1272 1050 Εὐσταθιος
1300 989 1328 1040 6
1349 989 1683 1061 Ἀντιοχεὺς,
1725 994 1820 1047 καὶ

240 1080 269 1128 6
297 1078 585 1148 Παμφίλου
617 1078 880 1142 Εὐσέϐιος
905 1096 918 1110 °
958 1081 1054 1134 καὶ
1082 1081 1391 1150 ἀμφότεροι
1418 1082 1473 1134 δέ
1499 1085 1556 1135 ἐν
1586 1085 1820 1138 ὑποστά-

240 1185 328 1220 σει
386 1171 479 1220 τὸν
532 1170 658 1223 Υἱὸν
682 1170 778 1222 τοῦ
814 1171 953 1222 Θεοῦ
993 1171 1333 1239 ὡμολόγουν,
1360 1171 1456 1225 ἕνα
1490 1191 1549 1226 τε
1600 1176 1733 1229 Θεὸν
1759 1178 1819 1232 ἐν

235 1261 578 1315 ὑποστάσεσι
629 1264 828 1331 τρισίν.
891 1265 1001 1316 Καὶ
1050 1267 1077 1316 6
1139 1265 1242 1333 μὲν
1276 1265 1572 1328 Εὑστὰθιος
1629 1268 1819 1336 ᾐτιᾶτο

236 1350 530 1417 Εὖσέϐιον,
571 1351 646 1414 ὡς
673 1351 772 1421 τὴν
807 1355 864 1404 ἐν
904 1354 1110 1424 Nimia.
1142 1355 1328 1407 πίστιν
1359 1357 1816 1426 καινοτομοῦντα’

233 1447 263 1496 6
294 1441 344 1494 δ’
373 1439 531 1506 αὖθις
566 1445 819 1512 στέργειν
851 1445 952 1514 μὲν
993 1445 1059 1499 τὰ
1096 1448 1152 1498 ἐν
1204 1446 1409 1517 Νικαίᾳ
1442 1446 1668 1512 δόξαντα
1697 1449 1816 1501 έλεο

235 1551 375 1599 γεν·
407 1534 488 1598 ὡς
510 1537 580 1588 τὰ
605 1535 897 1589 Σαϐελλίου
937 1538 992 1590 δὲ
1041 1536 1346 1608 φρονοῦντα
1392 1539 1485 1592 τὸν
1522 1540 1818 1594 Εὑστάθιον

235 1630 295 1680 ἐν
328 1630 534 1691 αἰτίαις
569 1629 758 1682 ἐτίθει.
785 1630 896 1682 Καὶ
934 1629 999 1698 δὴ
1029 1629 1250 1682 συνόδου
1281 1631 1369 1685 διὰ
1401 1631 1576 1686 ταῦτα
1603 1634 1660 1685 ἐν
1695 1633 1815 1686 Ἀν-

235 1721 454 1790 τιοχείᾳ
510 1721 910 1790 γεγενημένης,
943 1722 1262 1792 ἀφαιρεῖται
1319 1721 1418 1788 τὴν
1453 1723 1752 1793 ἐπισκοπὴν
1786 1727 1813 1776 6

1927 535 2287 604 blaspliemiis
2336 536 2514 604 expeti
2565 535 2849 603 putabant.
2897 535 3181 605 Siquidem
3223 536 3316 605 qui
3351 551 3484 590 con-

1924 625 2286 681 substantiale
2319 642 2430 680 non
2476 626 2818 694 probabant,
2856 627 3228 696 opinabantur
3260 641 3356 681 eos
3387 627 3480 696 qui

1925 719 1978 773 id
2005 719 2334 787 reciperem,
2360 717 2601 772 Montani
2623 728 2675 772 et
2697 717 2921 771 Sabellii
2945 721 3274 773 sententiam
3300 719 3478 787 sequi:

1922 807 2380 878 blasphemosque
2410 811 2695 873 vocabant,
2726 809 2877 864 velut
2908 812 2998 878 qui
3033 809 3156 863 Filii
3193 809 3288 862 Dei
3329 807 3477 862 exsi-

1921 901 2178 955 stcntiam
2236 910 2570 955 everterent.
2637 900 2740 966 Qui
2799 915 2932 954 vero
2997 899 3476 954 consubstantiale

1919 991 2448 1059 complectebantur,
2482 991 2605 1046 illos
2632 990 3046 1052 aversabantur,
3075 1005 3138 1044 ac
3168 990 3213 1045 si
3255 990 3481 1044 Graecis-

1919 1098 2070 1136 mum
2104 1083 2397 1152 pluresque
2431 1083 2564 1137 deos
2591 1093 2925 1137 assererent.
2961 1081 3312 1136 Potissimum
3343 1094 3476 1133 vero

1919 1173 1986 1228 de
2019 1175 2084 1227 iis
2113 1173 2431 1228 Eustathius
2469 1173 2881 1236 Antiochenus,
2912 1172 3078 1244 638
3109 1179 3166 1226 et
3202 1169 3477 1225 Eusebius

1916 1261 2227 1331 Pamphili.
2274 1262 2555 1331 congressi
2596 1262 2990 1316 decertarunt:
3034 1270 3200 1330 atque
3243 1268 3477 1328 uterque

1918 1355 1972 1408 in
2008 1354 2361 1408 subsistentia
2399 1353 2594 1407 Filium
2631 1354 2747 1416 Dei,
2787 1362 2951 1422 atque
2995 1369 3163 1407 unum
3211 1351 3382 1406 Deum
3419 1351 3475 1404 in

1918 1445 2094 1499 tribus
2151 1443 2522 1499 subsistentiis
2581 1443 2967 1514 proﬁtebatur.
3027 1443 3095 1498 Et
3151 1443 3477 1498 Eustathius

1919 1533 2211 1588 Eusebium
2248 1536 2322 1602 (Ι)
2365 1535 2678 1599 incusabat,
2719 1535 2865 1605 quod
2907 1534 3308 1604 professionem
3351 1533 3476 1586 fidei

1915 1623 2191 1678 Nicaenam
2231 1635 2482 1680 novaret.
2528 1628 2709 1694 Atque
2737 1626 2828 1680 hic
2859 1641 3080 1679 rursum
3125 1625 3475 1694 acquiescere

1916 1728 1972 1767 se
2013 1714 2069 1767 in
2100 1715 2338 1769 decretis
2376 1715 2614 1771 Nicaenis
2647 1717 2884 1782 dicebat,
2920 1717 2999 1772 illi
3032 1725 3215 1770 autem
3250 1714 3474 1770 Sabellii

242 1786 569 1874 Εὐστὰθιος,
593 1786 598 1787 ν
623 1786 768 1864 κατὰ
797 1786 895 1881 μέν
940 1786 1034 1866 τδν
1065 1786 1241 1884 ἀληθῆ
1273 1786 1456 1881 λόγον,
1491 1817 1679 1884 ὅτιπερ
1709 1786 1800 1885 τῆς

1911 1819 2158 1858 errorem
2203 1807 2551 1862 criminando
2599 1808 2910 1877 objiciebat.
2966 1809 3261 1862 Enimvero
3303 1823 3368 1860 ea
3403 1805 3473 1860 de

239 1905 295 1952 ἐν
323 1901 538 1971 Νικαίᾳ
562 1903 895 1970 ὑπερίστατο
924 1905 1179 1968 πίστεως,
1208 1906 1302 1957 καὶ
1334 1908 1462 1968 τοὺς
1493 1909 1622 1976 περὶ
1649 1907 1814 1959 Εὐσέ-

238 1991 352 2042 ϐιον
385 1993 483 2043 καὶ
516 1992 859 2062 Πατρόφιλον
889 1993 980 2044 τὸν
1012 1993 1423 2060 Σκυθοπόλεως,
1458 1996 1554 2048 καὶ
1588 1995 1813 2062 τὸν,Τύ-

241 2098 331 2150 ρου
388 2081 683 2148 Παυλῖνον,
730 2075 804 2136 ὧν
835 2085 902 2152 τῇ
947 2083 1144 2154 γνώμῃ
1198 2085 1248 2136 οἱ
1279 2086 1382 2156 ᾁνὰ
1408 2085 1506 2154 τὴν
1541 2085 1615 2138 ἔω
1645 2086 1810 2154 ίερείς

243 2173 489 2234 εἵποντο,
513 2173 590 2237 ὡς
612 2172 1070 2242 ’Δρειανόφρονας
1102 2174 1511 2243 ἀπεστρέφετοο
1561 2175 1635 2236 ὡς
1672 2175 1726 2228 δὲ
1760 2177 1807 2228 οί

233 2265 288 2327 ἐξ
342 2263 568 2333 ’Δρείου
628 2265 814 2331 φασιν,
873 2259 1070 2333 οἷάπερ
1124 2264 1549 2328 Σαϐελλίζοντα·
1602 2267 1696 2318 καὶ
1740 2265 1807 2317 δι’

231 2353 402 2415 ἄλλας
435 2355 541 2406 οὐκ
568 2355 778 2421 ἀγαθὰς
808 2356 1007 2418 αἰτίας,
1032 2355 1067 2408 ἃ
1095 2355 1282 2418 εἰωθῆς
1311 2356 1403 2408 ἐπὶ
1448 2357 1666 2408 πάντων
1697 2357 1808 2409 τῶν

231 2445 693 2515 καθαιρουμένων
719 2447 1042 2499 ἐπισκόπων
1072 2445 1250 2513 λέγειν
1277 2445 1444 2498 ἐστίν.
1497 2447 1570 2499 Τὸ
1605 2447 1652 2499 δ’
1686 2447 1806 2500 ὅλον

229 2539 578 2604 συκοφαντία
614 2539 753 2607 μετὰ
785 2539 1042 2602 διαϐολῆς
1067 2532 1156 2607 ἦν.
1195 2538 1278 2603 Ὠς
1311 2539 1418 2609 γὰρ
1445 2540 1543 2607 τὴν
1581 2541 1809 2611 ἱερωσύ-

227 2643 325 2693 νην
351 2625 527 2693 δῆθεν
569 2627 903 2695 αἰσχύναντα
953 2627 1252 2696 παιδίσκης
1296 2627 1592 2682 ἀκολάστου
1639 2630 1803 2698 μίξει,

226 2718 322 2770 καὶ
356 2717 667 2771 ἀπολαύσει
690 2721 924 2788 αἰσχρᾶς
957 2721 1169 2789 ἡδονῆς,
1212 2719 1463 2773 καθεῖλον
1511 2721 1602 2774 τὸν
1634 2723 1802 2776 ὅσιον.

227 2807 447 2875 Εὑφυές
477 2811 592 2878 γὰρ
644 2810 744 2877 τὴν
793 2809 912 2878 δψιν
951 2809 1199 2876 γύναιον,
1251 2812 1556 2882 ἑταιρικὸν,
1587 2815 1678 2866 καὶ
1705 2814 1804 2884 τὴν

221 2899 379 2968 ὥραν
409 2900 491 2975 τῷ
517 2900 833 2970 βουλομένῳ
858 2901 1216 2969 ἀπεμπολοῦν
1241 2905 1669 2973 μισθωσάμενοι,
1703 2905 1802 2975 τὴν

221 2969 475 3059 γλῶτταν
503 2989 802 3044 ἀποδόσθαι
832 2991 1014 3050 αὐτοῖς
1042 2991 1288 3047 ἔπεισαν.
1321 2995 1429 3047 Καὶ
1461 2995 1524 3065 δὴ
1551 2995 1640 3048 τοῦ
1671 3013 1801 3065 συγι

222 3083 614 3152 κροτηθέντος,
636 3083 976 3152 πεντήκοντα
999 3084 1055 3136 δέ
1085 3080 1226 3154 ἦσαν
1247 3086 1342 3138 καὶ
1369 3085 1656 3150 διακόσιοι,
1675 3089 1803 3152 τοὺς
1827 3116 1870 3174 c

223 3175 328 3243 μὲν
355 3175 555 3242 ἐξῆγον
585 3175 795 3240 πάντας
819 3191 837 3208 °
861 3175 920 3228 τὸ
949 3176 1004 3229 δὲ
1035 3177 1144 3230 ἀπὸ
1171 3179 1367 3246 πείρας
1397 3179 1576 3230 ἐκεῖνο
1609 3179 1802 3247 ίταμὸν

221 3265 453 3333 γύναιον
495 3268 811 3337 ἐπεισῆγον,
847 3269 1046 3338 βρέφος
1071 3269 1452 3337 ἐπιμαστίδιον
1480 3274 1602 3333 ταῖς
1630 3271 1801 3338 ἀγκά-

219 3355 343 3416 λαις
377 3355 606 3423 ἀνέχον
663 3354 692 3406 ὃ
725 3355 950 3424 ἀναίδην
1004 3354 1294 3420 ἐπεϐοᾶτο,
1347 3357 1410 3408 ἐκ
1445 3357 1552 3410 τῶν
1584 3357 1796 3410 Εὑστα-

221 3446 342 3498 θίον
380 3446 684 3498 συνουσιῶν
716 3446 1104 3513 συνειληφέναι
1131 3448 1222 3498 καὶ
1248 3447 1549 3501 τετοκέναι.
1586 3449 1795 3503 Εὑστάο

220 3536 338 3598 θιος
367 3536 433 3602 δ’,
463 3537 515 3588 εί
536 3553 659 3590 τινα
679 3537 772 3587 καὶ
794 3536 956 3589 ἄλλον
990 3536 1102 3604 ἔχοι
1130 3536 1222 3588 τοῦ
1250 3539 1645 3607 πεπραγμένου
1671 3557 1796 3591 συνο

219 3631 440 3696 ἕστορα,
470 3628 501 3698 ἢ
537 3629 645 3680 τῶν
677 3627 935 3680 το.ούτων
966 3645 1016 3678 τι
1048 3628 1304 3694 διειδῦτα,
1341 3629 1545 3697 ἐξῄτει.
1599 3631 1687 3693 Ὠς
1737 3631 1793 3684 δέ

218 3722 433 3791 μηδένα
499 3722 641 3790 ἔχειν
695 3719 1121 3789 διεμαρτύρετο,
1167 3720 1260 3771 τὸν
1317 3721 1482 3789 ὅρκον
1545 3721 1708 3791 ᾔτουν
1742 3724 1790 3775 oi

218 3815 411 3880 πικροὶ
465 3811 739 3874 δικασταὶ,
800 3811 980 3864 καίτοι
1030 3827 1091 3878 γε
1150 3808 1242 3861 τοῦ
1277 3811 1442 3880 νόμου
1491 3812 1790 3883 διαρρήδην

216 3904 478 3975 βοῶντος,
515 3905 608 3957 ἐπὶ
635 3904 729 3956 δύο
756 3903 976 3974 ἢτριῶν
1005 3903 1301 3971 μαρτύρων
1330 3905 1390 3955 τὸ
1408 3902 1625 3973 βέϐαιον
1644 3907 1789 3976 ἔχειν

211 4001 286 4052 τὰ
306 3998 494 4060 κακῶς
535 3997 890 4067 φημιζόμενα
917 4012 928 4024 ·
991 3998 1082 4050 καὶ
1114 3995 1268 4059 αὖθις
1309 3997 1403 4049 τοῦ
1455 3996 1786 4052 Ἀποστόλου

213 4091 680 4158 ἀπαγορεύοντος,
709 4090 784 4158 μή
809 4107 931 4142 τινα
955 4090 1051 4157 τὴν
1082 4091 1222 4142 κατὰ
1250 4089 1628 4160 πρεσϐυτέρου
1656 4108 1786 4160 γρα-

214 4184 326 4249 φὴν
390 4181 645 4249 δέχεσθαι
711 4179 1004 4248 μαρτύρων
1060 4179 1182 4248 δίχα
1217 4179 1313 4231 δύο
1375 4179 1538 4249 qua!
1591 4181 1781 4250 τριῶν.

225 4273 460 4326 Ἐκεῖνοι
497 4271 556 4323 δέ
593 4271 686 4323 τὸν
713 4270 879 4338 νόμον
909 4270 966 4323 ἐν
989 4270 1228 4340 δευτέρῳ
1262 4269 1501 4340 θέμενοι,
1532 4271 1782 4341 ἀμάρτυ-

211 4381 306 4434 ρον
340 4363 486 4416 κατὰ
517 4362 773 4415 τοσούτου
800 4361 990 4431 ἀνδρὸς
1029 4362 1248 4414 ἐποίουν
1278 4363 1634 4431 κατηγορίαν.
1695 4362 1782 4425 Ὠς

1917 1910 1974 1949 re
2019 1897 2226 1967 synodo
2255 1899 2560 1954 Antiochiae
2602 1909 2791 1955 coacta
2830 1900 2931 1970 (2),
2979 1900 3332 1968 episcopatus
3363 1898 3473 1951 Eu-

1913 1986 2116 2041 stathio
2144 1988 2457 2056 abrogatur,
2489 2005 2549 2045 re
2583 1991 2804 2061 quidem
2839 2005 2987 2055 vera,
3024 1990 3170 2059 quod
3195 1990 3470 2043 Nicaznain

1913 2075 2074 2132 ﬁdem
2123 2094 2496 2150 pr0pugnans,
2544 2081 2868 2146 Eusebium,
2913 2081 3289 2150 Patrophilum
3335 2080 3470 2148 Scy-

1912 2167 2339 2238 thopolitanum,
2375 2179 2429 2226 et
2463 2173 2752 2244 Paulinum
2788 2172 3040 2244 Tyrium,
3073 2187 3308 2242 quorum
3348 2187 3472 2225 sen-

1913 2260 2095 2313 tentiae
2129 2261 2433 2316 Orientales
2459 2242 2702 2332 episcopi
2736 2242 3197 2333 astipulabantur,
3231 2274 3290 2314 nt
3315 2261 3471 2314 Aria-

1908 2369 2010 2410 nos
2035 2367 2426 2411 aversaretur:
2462 2359 2624 2413 sicuti
2663 2365 2849 2412 autem
2887 2358 2964 2412 illi
3001 2358 3102 2427 ipsi
3135 2356 3322 2411 Ariani
3358 2371 3466 2424 pra:

1908 2461 1966 2500 se
1996 2447 2269 2514 ferebant,
2303 2458 2562 2520 tanquam
2595 2450 2640 2504 is
2671 2451 2764 2520 qui
2796 2466 2920 2505 eum
2962 2450 3202 2506 Sabellio
3237 2449 3464 2510 faceret,

1908 2539 2152 2608 aliasque
2197 2541 2327 2597 item
2375 2557 2486 2596 non
2535 2545 2773 2612 Optimas
2818 2543 2888 2597 ob
2931 2557 3165 2596 causas:
3201 2541 3466 2610 quemad-

1908 2631 2129 2686 modum
2163 2633 2231 2689 de
2259 2634 2520 2689 omnibus
2549 2635 2845 2705 cpisc0pis,
2879 2635 2973 2704 qui
3011 2644 3462 2698 exauctorantur,

1908 2719 2076 2772 multa
2123 2719 2266 2785 dici,
2325 2722 2573 2777 moribus
2619 2731 2705 2777 est
2754 2731 3062 2793 receptum.
3107 2725 3174 2778 At
3218 2738 3305 2777 res
3353 2733 3464 2776 tota

1905 2809 2259 2878 sycophantia
2289 2819 2430 2878 erat,
2467 2828 2590 2866 cum
2627 2814 2900 2868 calumnia
2931 2814 3248 2884 conjuncta.
3282 2813 3462 2869 Veluti

1904 2901 2049 2954 enim
2074 2899 2430 2970 episcopalem
2449 2902 2773 2973 dignitatem
2803 2904 3096 2973 impudicae
3120 2903 3462 2957 muliercula!

1904 2991 2220 3056 concubitu,
2251 2992 2844 3065 fmquue'voluptatis
2875 3012 2974 3049 usu
3005 2995 3242 3065 turpiter
3274 3007 3463 3049 conta-

1905 3080 2188 3145 minasset,
2213 3092 2402 3137 sancto
2431 3084 2547 3137 viro
2577 3101 2696 3139 eam
2732 3085 3077 3140 ademerunt.
3111 3086 3245 3139 Nam
3279 3101 3458 3140 mere-

1904 3171 2188 3236 triculam,
2235 3175 2388 3227 vultu
2425 3184 2684 3238 venusto,
2731 3176 2918 3230 forma:
2946 3179 3230 3246 mtatisque
3269 3176 3458 3230 florem

1900 3263 2077 3318 cuivis
2111 3266 2361 3320 mercede
2391 3269 2838 3335 prostituentcm,
2870 3269 3223 3334 conductam,
3263 3280 3322 3322 ut
3351 3271 3456 3324 lin-

1899 3370 2058 3423 guam
2107 3357 2214 3410 illis
2252 3358 2430 3420 daret,
2474 3359 2772 3428 verbisque
2825 3361 3189 3426 subserviret,
3243 3378 3459 3430 permo-

1897 3459 2044 3497 vere.
2109 3445 2173 3498 Et
2230 3457 2496 3500 conventu
2559 3459 2793 3512 coacto,
2851 3452 2904 3504 in
2967 3466 3076 3519 quo
3127 3451 3346 3504 ducenti
3402 3462 3459 3506 et

1896 3535 2292 3606 quinquaginta
2343 3549 2537 3604 erant,
2587 3540 2728 3595 alios
2777 3541 2998 3610 quidem
3049 3557 3242 3596 omnes
3281 3543 3454 3599 exire.

1896 3626 2270 3681 mulierculam
2321 3642 2502 3684 autem
2559 3633 2703 3685 illam
2759 3647 2942 3686 rerum
2995 3648 3096 3685 usu
3146 3641 3453 3702 protervam

1894 3719 2103 3788 ingredi
2151 3720 2387 3789 jussere.
2444 3721 2800 3790 Progreditur
2849 3724 2963 3783 illa,
3009 3725 3304 3778 lactentem
3366 3726 3452 3778 in-

1893 3810 2094 3864 fantem
2142 3812 2194 3866 in
2247 3812 2388 3867 ulnis
2434 3830 2665 3883 gerens,
2711 3828 2946 3884 eumque
2990 3815 3343 3884 impudenter
3384 3831 3450 3869 cx

1890 3901 2162 3962 Enstathii
2193 3905 2596 3959 consuetudine
2624 3920 2680 3960 se
2711 3907 3029 3974 concepisse
3071 3915 3125 3959 et
3168 3893 3451 3976 peperisse

1890 3994 2108 4047 clamat.
2148 3995 2501 4057 Eustathius,
2544 3998 2588 4051 si
2619 4012 2780 4068 quem
2828 3998 2994 4050 alium
3029 3997 3290 4052 facinoris
3331 4000 3451 4067 ejus

1889 4092 2080 4137 testem
2116 4085 2432 4150 conscium,
2477 4097 2572 4140 aut
2616 4088 2710 4156 qui
2756 4088 2862 4142 tale
2897 4088 3196 4158 quidquam
3235 4098 3446 4151 nosset,

1889 4176 2134 4240 haberet,
2169 4187 2340 4246 rogat.
2375 4178 2504 4244 Qua:
2533 4193 2659 4232 cum
2695 4179 2746 4233 id
2785 4191 3028 4248 negaret,
3058 4181 3440 4252 jusjurandum

1885 4270 1950 4323 ab
1975 4283 2034 4321 ea
2057 4269 2271 4339 judiees
2294 4271 2474 4324 acerbi
2499 4271 2796 4338 postulant,
2825 4287 2947 4326 cum
2974 4273 3196 4341 quidem
3220 4273 3442 4328 disertis

1883 4360 2068 4414 verbis
2113 4361 2196 4416 lcx
2229 4361 2600 4426 vociferetur,
2651 4379 2773 4431 qua:
2819 4363 2885 4416 de
2922 4364 3179 4431 quopiam
3221 4365 3443 4418 sinistre

209 4457 316 4524 γὰρ
341 4455 532 4522 ἐκείνη
557 4453 670 4510 τοῖς
702 4451 1018 4521 εἰρημένοις
1041 4453 1130 4505 τὸν
1155 4454 1320 4521 ὅρκον
1351 4454 1578 4524 ἐπῆγεν,
1615 4450 1648 4527 ἦ
1676 4454 1780 4524 μὴν

1901 4451 2200 4520 vulgentur,
2237 4469 2299 4505 ea
2338 4453 2556 4507 duobus
2586 4462 2678 4506 aut
2725 4453 2900 4508 tribus
2931 4454 3166 4508 testibus
3211 4455 3442 4509 firmita-

209 4544 517 4598 Εὑσταθὶου
555 4540 695 4596 εἶναι
717 4543 780 4595 τὺ
814 4543 1014 4612 βρέφος
1038 4542 1252 4614 φαύλης
1302 4544 1494 4613 ἡδονῆς
1522 4543 1778 4596 ἀποτέλεο

208 4649 344 4703 opu,
381 4631 547 4693 εὐθὺς
576 4632 652 4695 ὡς
677 4630 821 4684 κατά
849 4629 1038 4700 μοιχοῦ
1075 4631 1271 4682 ἐκεῖνοι
1307 4631 1403 4699 τὴν
1437 4631 1620 4700 ψῆφον
1644 4632 1783 4701 ἐπῆ-

202 4741 317 4790 γον.
378 4724 506 4776 Τῶν
560 4725 606 4778 δ’
656 4724 834 4778 ἄλλων
891 4724 1198 4792 ἀρχιερέων
1246 4722 1402 4786 οἳντὰ
1449 4724 1780 4792 τυρευθέντα

199 4817 465 4886 ἠγνόουν,
491 4816 911 4884 ἀντιλεγόντων,
971 4815 1064 4866 καὶ
1117 4814 1372 4884 μὴκατὰ
1425 4815 1627 4883 νόμους
1678 4817 1778 4885 τὴν

195 4906 383 4973 ψῆφον
412 4904 603 4973 τάνδρὶ
653 4904 908 4971 γενέσθαι
951 4903 1393 4972 διατεινομένων,
1418 4905 1467 4956 oi
1499 4905 1559 4957 τὸ
1588 4905 1774 4976 δρᾶμα

196 4998 527 5064 συνθέμενοι
565 4997 692 5047 ὅσον
727 4997 888 5064 τάχος
932 4998 989 5058 ἐς
1033 4995 1260 5062 βασιλέα
1306 4991 1441 5066 ἧκον
1465 5012 1477 5026 ⁸
1515 4983 1624 5050 ’καὶ
1655 4999 1773 5050 πεί-

196 5105 396 5149 σαντες
435 5087 513 5149 ὡς
553 5087 611 5139 ἐν
640 5087 764 5157 δίκῃ
793 5089 863 5140 τὰ
892 5088 1238 5156 ψηφισθέντα
1262 5083 1342 5150 οἷς
1376 5089 1517 5142 ἑάλω
1558 5091 1769 5144 Εὑστά-

192 5182 333 5244 θιος,
375 5180 592 5232 ἐκεῖθεν
617 5179 914 5248 ἐπειρῶντο
935 5179 1200 5244 ἐλαύνειν,
1233 5181 1334 5249 φεῦ
1357 5183 1367 5233 !
1393 5183 1485 5234 τὸν
1509 5183 1766 5236 τοσοῦτον

187 5268 287 5340 τῆς
320 5267 609 5332 εὐσεϐείας
645 5271 736 5320 καὶ
789 5266 1146 5338 σωφροσύνης
1204 5270 1520 5340 ἀγωνιστήν
1549 5289 1608 5324 τε
1663 5274 1758 5324 καὶ

255 5427 276 5459 ¹
306 5425 508 5481 Matth.
540 5441 691 5490 XVIII,
727 5426 812 5480 16.
891 5430 909 5459 '
949 5427 989 5481 ll
1020 5426 1149 5482 Cor.
1177 5442 1294 5496 xm,
1333 5431 1349 5482 l
1384 5447 1398 5495 ;
1429 5429 1619 5500 i'l‘im.
1653 5447 1707 5496 v,
1746 5432 1830 5487 l9.

253 5572 334 5640 (ι)
371 5570 868 5628 Νἱοοιιιειῑὶοηεοιιι.

254 5641 334 5711 (2)
378 5641 600 5713 $029").
770 5660 825 5707 ιι,
860 5659 977 5713 cap.
1015 5645 1098 5699 19.

251 5714 333 5778 (23-)
371 5712 419 5764 0
463 5711 598 5763 tinet
633 5711 683 5762 id
719 5730 864 5766 nunc
909 5711 1127 5783 quoque
1159 5715 1210 5769 in
1246 5717 1578 5785 quibusdam
1618 5735 1752 5779 con-

1887 4551 1994 4596 tem
2045 4543 2294 4598 obtinere
2325 4544 2376 4600 ιι
2428 4555 2483 4598 et
2535 4546 2827 4614 Apostolus
2878 4561 3131 4609 rursum,
3178 4549 3442 4601 adversu.

1881 4633 2263 4704 presbyterum
2305 4635 2576 4689 actionem
2622 4636 2790 4704 recipi
2836 4635 3042 4705 absque
3084 4637 3302 4691 duobus
3347 4649 3442 4690 aut

1875 4723 2061 4782 tribus
2094 4729 2344 4794 testibus,
2379 4731 2668 4798 prohibeat
2693 4733 2732 4784 ².
2770 4730 2839 4782 At
2876 4731 2948 4783 illi
2994 4733 3141 4786 nulla
3177 4732 3311 4801 legis
3348 4749 3438 4786 ra~

1885 4823 2034 4875 tione
2083 4821 2290 4880 habita,
2339 4831 2392 4874 et
2425 4821 2588 4876 nullis
2619 4823 2872 4886 testibus,
2917 4823 3182 4878 adversus
3222 4832 3434 4877 tantum

1883 4909 2059 4961 virum
2093 4910 2361 4980 judicium
2406 4911 2713 4965 instituere.
2750 4913 3113 4982 Posteaquam
3161 4915 3307 4968 enim
3349 4917 3436 4968 illa

1878 4999 2043 5052 verba
2099 5017 2192 5052 sua
2241 5002 2554 5068 juramento
2609 5003 2957 5058 confirmavit
3005 5005 3115 5074 (ἦ),
3170 5005 3433 5060 infantem

1877 5089 2132 5144 videlicet
2178 5093 2449 5148 Eustathii
2496 5094 2759 5164 improba:
2804 5096 3054 5150 libidinis
3101 5112 3240 5161 onus
3288 5115 3430 5158 esse.

1874 5181 2020 5236 ilicet
2052 5183 2129 5236 illi
2156 5186 2320 5239 veluti
2353 5196 2540 5242 contra
2576 5191 2848 5242 mtzchum
2883 5190 3126 5244 calculos
3152 5193 3422 5260 produxe-

1872 5281 2038 5329 runt:
2077 5277 2242 5347 639
2274 5280 2549 5350 episcopis
2595 5281 2737 5344 aliis,
2779 5282 2871 5350 qui
2917 5282 3146 5335 insidias
3189 5289 3422 5334 structas

1861 5579 2112 5704 sisitoriis,
2148 5591 2205 5634 nt
2233 5582 2427 5651 puellis
2457 5582 2658 5638 vitiatis
2688 5583 3058 5651 juramentum
3089 5596 3118 5634 a
3143 5579 3422 5650 judii'ibtts

1899 5666 1926 5704 c
1951 5659 2159 5704 eratur.

1899 5659 2159 5706 cteratur.
