3988 6190
388 277 497 342 185

1328 270 1923 336 ECCI.ESI:\STIC.E
1965 270 2357 330 HISTORIE
2404 271 2545 333 LIB.
2591 272 2752 333 VIII.

3531 264 3635 336 1‘16

378 395 481 448 τοῦ
506 394 864 465 κρατοῦντος,
894 392 962 461 ἢν
1013 389 1256 452 Λικίνιος
1306 391 1384 451 εἰς
1438 391 1617 457 γάμου
1677 386 1964 439 κοινωνίαν

2073 385 2207 439 toris
2238 385 2412 439 sorori
2439 427 2453 451 ,
2482 402 2645 456 quam
2674 382 2920 442 Liciniﬁ
2967 387 3019 441 in
3052 386 3398 442 matrimonio
3427 385 3639 442 habue-

380 482 525 556 εἶχε,
560 484 805 552 συνήθης
840 484 935 535 καὶ
970 482 1121 550 φίλος
1145 477 1233 550 ἦν.
1283 479 1457 533 Ἐκιδὲ
1487 480 1587 546 τῆς
1621 477 1757 548 πρὸς
1788 475 1957 544 αὐτὴν

381 577 609 647 ὁμιλίας
661 574 865 641 πολλὴν
919 572 1236 641 παρρησίαν
1292 570 1659 637 κτησάμενος,
1690 566 1797 618 τῶν
1830 569 1957 633 περὶ

384 667 653 724 Εὐσέϐιον
681 663 1159 733 εἰσηγησαμένων.
1196 662 1323 730 περὶ
1355 659 1566 729 Ἀρείου
1602 657 1794 724 λόγους
1813 673 1957 720 παρ-

391 760 644 828 ἐσπειρε,
679 756 753 824 μὴ
783 754 965 816 καλῶς
1002 755 1066 806 τὰ
1097 752 1219 806 κατ’
1244 753 1453 805 ἐκεῖνον
1491 748 1820 818 γεγενῆσθαι
1853 747 1959 812 φά-

391 863 561 899 σκων.
602 845 699 897 Διὰ
723 844 917 913 φθόνον
967 842 1023 894 δὲ
1072 844 1166 894 καὶ
1197 837 1533 911 ζηλοτυπίαν
1582 835 1957 905 Ἀλεξάνδρου,

390 939 571 1005 φυγήν
601 953 661 988 τε
687 938 788 1000 τῆς
812 932 1088 1004 πατρίδος,
1125 933 1219 985 καὶ
1249 931 1350 998 τῆς
1370 928 1696 993 Ἐκκλησία-ς
1744 927 1958 979 ἔκπτω-

391 1046 477 1082 σιν
498 1026 920 1097 κατακριθέντα,
958 1025 1189 1077 παθεῖν’
1219 1022 1315 1076 καὶ
1369 1020 1492 1090 μηδ’
1524 1019 1668 1073 οὕτω
1715 1020 1958 1088 φρονεῖν,

391 1119 464 1180 ὡς
490 1120 521 1172 ό
546 1119 713 1179 πολὺς
736 1117 847 1187 ἔχει
872 1117 1051 1184 λόγος.
1077 1113 1281 1183 Ἀληθῆ
1313 1113 1367 1165 δὲ
1395 1111 1565 1165 ταῦτα
1606 1113 1639 1180 ἠ
1667 1112 1959 1162 Κωνστανο

388 1209 482 1261 τία
510 1208 807 1276 νομίσασα,
838 1202 952 1275 εἷχε
986 1205 1116 1275 παρ’
1138 1205 1327 1272 ἑαυτῇ.
1355 1202 1466 1254 Καὶ
1486 1201 1829 1269 νεωτερίζειν
1862 1197 1960 1266 μὲν

388 1300 493 1351 οὐκ
522 1299 749 1364 ἐτόλμα,
802 1296 1160 1363 τὸνβασιλέα
1213 1293 1440 1364 περρδν
1491 1291 1677 1362 ὁρῶσα
1723 1291 1850 1358 περὶ
1892 1287 1960 1339 τά

387 1388 621 1452 δόξα-,τα
660 1391 724 1456 τῇ
757 1388 961 1454 συνόδῳ
983 1403 999 1417 ο
1021 1386 1116 1438 καὶ
1151 1386 1208 1437 ἐν
1234 1386 1343 1453 ὅσῳ
1376 1381 1593 1451 περιῆν,
1627 1378 1771 1432 οὕτω
1804 1378 1961 1446 δόξης

389 1482 452 1532 ἐν
479 1480 781 1552 ἀπορρήτῳ
816 1475 929 1548 εἶχε
951 1494 965 1509 ο
1002 1478 1145 1548 νόσῳ
1200 1477 1257 1530 δὲ
1304 1475 1516 1547 χαλεπῇ
1563 1470 1961 1543 περιπεσοῦσα,

392 1572 639 1639 συνεχῶς
675 1572 946 1638 φοιτῶντα
965 1571 1058 1623 τὸν
1084 1570 1312 1636 ἀδελφὸν
1357 1566 1676 1620 τελευταίαν
1708 1564 1829 1634 ᾔτει
1863 1563 1963 1631 χά-

395 1680 508 1732 ριν,
535 1664 627 1715 τὸν
657 1662 1027 1734 πρεσὸύτερον
1059 1664 1117 1716 ἐν
1150 1665 1263 1725 τοῖς
1292 1661 1519 1723 οἰκείοις
1550 1659 1718 1728 ἔχειν,
1761 1657 1963 1722 πολλὴν

388 1755 593 1825 ἐκείνῳ
618 1756 719 1824 τὴν
750 1755 1039 1807 εὐλάϐειαν
1075 1751 1467 1824 μαρτυροῦσα·
1516 1750 1692 1820 ὀρθῶς
1713 1767 1773 1802 τε
1806 1748 1960 1813 δοξά-

391 1848 534 1909 ζειν,
558 1846 654 1897 καὶ
678 1845 965 1897 ἀνόθευτον
988 1845 1047 1897 τὸ
1064 1845 1200 1913 πρδς
1221 1844 1428 1895 ἐκεῖνον
1456 1841 1644 1894 εὔνουν
1662 1840 1958 1909 διατηρεῖνο

391 1935 492 1986 καὶ
534 1933 781 2003 οἴχεσθαι
837 1934 935 2003 μὲν
992 1935 1093 2004 ἠδη
1132 1934 1371 2000 ἐκείνην,
1434 1932 1693 2003 ὀρρωδεῖν
1751 1930 1805 1982 δὲ
1838 1930 1967 1997 περὶ

389 2024 610 2077 ἐκεῖνον
649 2023 721 2093 μή
759 2041 811 2076 τι
846 2022 1031 2089 πάθοι,
1062 2022 1493 2092 διεμαρτύρετοο
1521 2022 1601 2074 ὅτι
1631 2036 1694 2086 γε
1724 2016 1968 2078 πεισθείς

394 2116 536 2177 τισι,
578 2115 810 2179 σεμνοὺς
854 2113 1056 2182 ἄνδρας
1100 2112 1254 2182 ἀϊδίῳ
1285 2114 1431 2182 φυγῇ
1466 2111 1763 2180 ἐζημίωσε.
1797 2108 1905 2160 Καὶ
1932 2108 1964 2174 ἡ

296 2202 315 2215 ⁹
398 2205 502 2273 μὲν
530 2204 763 2256 τοιαῦτα
816 2202 1054 2269 λέγουσα
1101 2202 1394 2255 ἐτελεύτα·
1449 2203 1477 2253 ὁ
1512 2199 1569 2251 δὲ
1600 2195 1968 2266 πρεσϐύτερος

397 2293 718 2365 παῤῥησίας
773 2292 1026 2347 ἐντεῦθεν
1081 2291 1282 2361 τυχὼν,
1349 2291 1531 2361 ἠρέμα
1587 2290 1712 2349 τοὺς
1771 2288 1970 2346 αὐτοὺς

394 2384 569 2437 ἐκίνει
593 2385 724 2449 περὶ
746 2381 965 2450 Ἀρείου
994 2382 1184 2446 λόγους
1203 2381 1280 2451 τῷ
1312 2379 1539 2449 βασιλεῖ,
1572 2376 1664 2437 οὒς
1693 2377 1755 2442 δὴ
1782 2377 1873 2427 καὶ
1899 2379 1967 2443 τῇ

394 2475 603 2544 ἀδελφῇ
657 2475 867 2527 ἐκείνου
924 2476 1134 2537 ἀνεῖπε,
1167 2474 1241 2544 μή
1269 2491 1319 2525 τι
1356 2470 1504 2540 παρά
1538 2470 1605 2522 τὰ
1645 2468 1872 2533 δόξαντα
1899 2468 1965 2536 τῇ

400 2566 611 2637 συνόδῳ
641 2568 862 2635 φρονεῖν
905 2566 999 2617 καὶ
1042 2566 1133 2617 τὸν
1170 2565 1387 2632 ’Ἀρειον
1410 2578 1427 2594 ·
1480 2560 1701 2614 ἐλθόντα
1740 2576 1822 2621 τε,
1852 2562 1968 2624 εἴγε

400 2655 709 2718 κελεύσειε,
736 2653 932 2717 δείξειν
957 2652 1135 2721 ἅληθῆ
1156 2654 1298 2704 κατὰ
1322 2650 1634 2719 πρόσωπον,
1659 2648 1734 2710 ὡς
1755 2647 1970 2714 ἀλόγως

402 2747 823 2812 συκοφαντοῖτο.
872 2745 929 2797 ’0
958 2743 1014 2796 δὲ
1042 2742 1314 2813 βασιλεὺς,
1352 2740 1463 2793 stre
1496 2742 1564 2809 τῇ
1588 2740 1789 2808 ἀδελφῇ
1814 2755 1973 2808 χαρι-

399 2835 653 2904 ζόμενος,
695 2832 805 2887 εἴτε
837 2833 935 2886 καὶ
965 2835 1212 2895 πεισθεὶς
1244 2833 1355 2895 τοῖς
1388 2830 1700 2901 εἰρημένοις
1721 2829 1798 2896 τῷ
1832 2843 1970 2897 πρε-

400 2918 679 2996 σϐυτέρῳ,
742 2942 762 2976 ι
795 2926 859 2978 Ei
915 2925 1154 2994 Ἀρειος,
1192 2921 1319 2993 ἔφη.
1390 2920 1698 2974 συντίθεται
1752 2920 1820 2971 τὰ
1872 2920 1971 2984 τῆς

2061 486 2165 539 rat,
2204 477 2485 531 familiaris
2522 488 2661 541 erat,
2705 488 2761 534 et
2804 480 3031 534 amicus.
3068 479 3118 533 Is
3161 494 3224 532 ex
3275 479 3634 533 familiaribus

2063 567 2374 635 colloquiis.
2408 583 2530 621 cum
2579 570 2745 623 multa
2786 572 2931 640 apud
2982 588 3108 626 eum
3139 580 3631 626 uteretur-sermo-

2062 671 2193 710 num
2226 657 2494 720 libertate,
2543 660 2689 713 illata
2735 663 3029 730 aliquando
3064 663 3286 717 Eusebii
3335 662 3630 723 mentione,

2064 747 2132 803 de
2162 750 2291 804 Ario
2316 767 2533 821 quoque
2568 754 2732 807 verba
2760 753 3016 823 aspersit,
3065 755 3244 808 minus
3270 767 3419 809 recte
3452 755 3521 808 de
3566 770 3633 807 eo

2064 849 2329 895 statutum
2380 855 2500 896 esse
2551 843 2787 898 dicens:
2853 860 2950 913 per
3004 843 3263 899 invidiam
3322 845 3527 914 quippe
3581 855 3635 897 et

2064 931 2471 985 mutilationem
2505 932 2794 987 Alexandri
2823 936 3159 1000 damnatum,
3194 936 3357 989 simul
3386 944 3442 989 et
3473 950 3503 988 a
3535 950 3633 1003 pa-

2067 1023 2171 1076 tria
2202 1022 2465 1088 exsulem,
2511 1034 2567 1077 et
2598 1025 2667 1077 ab
2718 1026 2949 1081 ecclesia
2993 1036 3288 1088 extorrem,
3328 1027 3381 1079 in
3414 1025 3630 1080 miseria

2064 1113 2272 1178 virere,
2330 1129 2496 1184 seque
2533 1114 2756 1183 indigna
2810 1118 2916 1185 pati
2956 1157 2972 1180 ,
3026 1133 3203 1185 neque
3244 1132 3307 1171 ea
3347 1132 3489 1179 esse,
3523 1132 3630 1185 qua

2065 1206 2312 1274 plerique
2350 1206 2595 1271 credant,
2644 1208 2922 1276 opinione.
2976 1209 3101 1263 llaec
3150 1224 3273 1262 vera
3321 1224 3443 1263 esse
3489 1209 3636 1260 t‘on-

2063 1296 2265 1351 stantia
2317 1299 2620 1360 arbitrata.
2686 1299 2830 1368 apud
2892 1300 3127 1366 seipsam
3195 1300 3414 1353 celavit.
3480 1297 3634 1351 Nihil

2064 1385 2211 1438 enim
2265 1400 2463 1439 novare
2514 1387 2782 1448 audebat,
2827 1388 3207 1442 confirmatum
3256 1403 3378 1441 esse
3427 1389 3631 1447 sciens,

2064 1477 2423 1547 stabilemque
2484 1479 2539 1533 in
2597 1481 2790 1545 synodi
2852 1481 3088 1535 decretis
3129 1479 3635 1550 imperatorem.Et

2066 1568 2307 1636 quandiu
2342 1579 2623 1636 superstes
2654 1571 2777 1635 fuit,
2820 1581 3019 1626 tectam
3054 1572 3383 1640 tacitamque
3418 1572 3634 1639 opinio-

2070 1674 2194 1712 nem
2224 1675 2343 1713 eam
2373 1660 2581 1715 habuit.
2606 1661 2675 1715 At
2703 1662 2793 1715 ubi
2823 1664 2971 1733 gravi
3005 1673 3088 1717 est
3117 1677 3375 1731 oppressa
3416 1662 3631 1721 morbo.

2072 1769 2101 1804 a
2138 1753 2305 1806 fratre
2349 1751 2667 1821 frequenter
2695 1768 2813 1806 eam
2860 1753 3103 1815 visente,
3149 1766 3462 1820 supremam
3493 1751 3635 1803 banc

2069 1843 2226 1911 petiit
2256 1841 2505 1910 gratiam,
2542 1852 2601 1896 ut
2650 1842 3068 1911 presbyterum,
3117 1842 3185 1897 de
3226 1843 3383 1912 cujus
3438 1842 3635 1896 eximia

2068 1934 2268 2002 pietate
2327 1934 2748 1999 testiﬁcabatur,
2803 1928 3442 1988 familiarem'liaberet:
3488 1943 3636 1987 recte

2066 2038 2194 2078 eum
2241 2025 2465 2087 sentire,
2519 2025 2897 2094 sinceramque
2942 2026 2993 2078 ei
3029 2024 3471 2079 benevolentiam
3505 2038 3635 2078 con-

2068 2125 2410 2169 servaturum
2467 2130 2632 2169 esse:
2698 2129 2757 2169 se
2806 2116 3029 2184 quidem
3082 2115 3192 2184 jam
3234 2115 3503 2169 decedere
3537 2132 3550 2167 :
3584 2117 3635 2167 ei

2069 2220 2218 2268 vero,
2251 2218 2317 2256 ne
2348 2203 2477 2272 quid
2515 2212 2815 2272 pateretur.
2864 2203 3158 2258 admodum
3206 2213 3451 2257 metuere
3492 2199 3636 2255 atlir-

2067 2310 2244 2356 mans,
2294 2296 2440 2363 quod
2499 2311 2529 2348 a
2577 2296 2856 2349 nonnullis
2881 2310 3197 2364 persuasus,
3244 2295 3394 2348 viros
3445 2308 3638 2362 graves

2066 2394 2330 2453 perpetuo
2362 2386 2647 2438 multasset
2681 2385 2898 2438 exsilio.
2944 2385 3121 2454 Atque
3174 2384 3267 2438 illa
3319 2384 3406 2437 bis
3448 2383 3633 2446 dictis,

2064 2476 2193 2531 fatis
2206 2476 2477 2530 concessit
2512 2478 2802 2547 Presbyter
2823 2492 2952 2530 vero
2975 2476 3228 2530 libertate
3253 2476 3377 2528 inde
3394 2483 3636 2542 sumpta,

2069 2567 2329 2636 paulatim
2383 2567 2604 2620 eosdem
2645 2569 2785 2636 apud
2837 2568 3222 2637 imperatorem
3275 2567 3531 2620 movebat
3565 2564 3636 2618 de

2071 2660 2201 2712 Ario
2229 2672 2532 2719 sermones,
2563 2673 2701 2725 quos
2747 2657 2814 2711 ad
2856 2673 3101 2711 sororem
3129 2670 3349 2726 quoque
3386 2658 3506 2726 ejus
3536 2656 3637 2709 du-

2070 2749 2197 2803 dum
2225 2749 2522 2803 retulerat:
2552 2750 2690 2803 nihil
2719 2749 2928 2804 scilicet
2961 2758 3153 2803 contra
3185 2748 3380 2819 synodi
3407 2748 3630 2803 decreta

2072 2840 2260 2894 Arium
2309 2839 2558 2894 sentire:
2594 2839 2906 2894 venientem
2949 2854 3101 2904 eum,
3156 2838 3202 2892 si
3252 2839 3371 2908 ipse
3419 2839 3634 2909 jubeat,

2070 2949 2198 2986 vera
2225 2932 2339 2985 haec
2361 2945 2512 2996 esse;
2546 2940 2604 2985 et
2637 2929 2783 2999 quod
2817 2939 3014 2999 praeter
3038 2928 3302 2982 rationem
3328 2928 3638 2998 sycophan-

401 3017 626 3071 συνόδου
661 3018 900 3086 φρονεῖν,
927 3015 1153 3085 δέχομαι
1191 3015 1400 3077 τοῦτον,
1438 3016 1533 3067 καὶ
1564 3014 1701 3082 τιμῇ
1720 3015 1785 3080 τῇ
1820 3012 1966 3079 πάσῃ

2075 3022 2147 3075 tia
2174 3020 2588 3074 circumventus
2613 3018 2707 3082 sit,
2749 3016 2805 3069 in
2833 3015 3027 3070 faciem
3055 3023 3429 3069 ostensurum.
3463 3012 3641 3079 impe-

404 3104 545 3175 πρδς
580 3107 683 3174 τὴν
714 3104 1131 3174 Ἀλεξάνδρειαν
1165 3103 1329 3165 εὐθὺς
1365 3101 1732 3168 καταπέμψω.
1764 3118 1780 3150 ι
1805 3098 1972 3151 Ταῦτ’

402 3193 598 3260 εἰπὼν,
636 3196 732 3248 καὶ
762 3193 986 3268 τοιαῦτα
1022 3195 1157 3263 πρὸς
1190 3193 1351 3246 αὐτὸν
1388 3192 1603 3261 ἔπεμπε
1632 3191 1932 3259 γράμματα
1954 3203 1969 3219 ο

409 3305 431 3339 ε
458 3287 705 3358 Νικητὴς
733 3288 1142 3348 Κωνσταντῖνος
1173 3287 1446 3354 Μέγιστος
1468 3282 1735 3343 Σεϐαστὸς
1755 3279 1969 3350 Ἀρείῳ.

404 3377 587 3431 Πάλαι
623 3378 726 3446 μὲν
757 3376 1005 3445 ἐδηλώθη
1030 3379 1096 3446 τῇ
1130 3376 1449 3446 στερρότητι
1478 3393 1592 3438 σου,
1622 3376 1769 3436 ὅπως
1798 3374 1863 3427 ἂν
1892 3374 1975 3434 είς

405 3471 473 3522 τὸ
503 3469 638 3538 ἐμὸν
666 3469 1032 3539 στρατόπεδον
1048 3470 1286 3537 ἀφίκοιο,
1312 3468 1398 3521 ἵνα
1420 3470 1515 3534 τῆς
1548 3467 1822 3536 ἡμετέρας
1847 3465 1975 3525 θέας

403 3554 1071 3627 ἀπολαῦσαιδυνηθείηςο
1129 3541 1486 3626 θαυμάζομεν
1531 3556 1587 3608 δὲ
1636 3555 1857 3624 σφόδρα,
1899 3551 1973 3622 μὴ

410 3651 759 3722 παραχρῆμα
813 3650 973 3704 τοῦτο
1002 3649 1368 3720 πεποιηκότα.
1424 3648 1626 3716 Διόπερ
1656 3645 1749 3697 νῦν
1779 3645 1974 3703 ἐπιϐὰς

406 3744 690 3811 ὀχήματος
749 3740 1037 3810 δημοσίου,
1094 3741 1174 3802 είς
1221 3740 1284 3791 τὸ
1312 3737 1581 3807 ἡμέτερον
1612 3734 1974 3805 στρατόπεδον

408 3832 707 3900 ἀφικέσθαι
762 3831 1070 3900 ἐπείχθητι.
1122 3831 1271 3892 ὅπως
1309 3830 1374 3883 ἂν
1397 3829 1497 3897 τῆς
1538 3826 1667 3896 παρ’
1701 3826 1859 3895 ήμῶν
1884 3824 1975 3875 εὐ-

410 3922 561 3983 νοίας
590 3937 652 3973 τε
686 3920 781 3973 καὶ
810 3920 1133 3987 ἐπιμελείας
1184 3921 1384 3987 τυχὼν,
1436 3918 1528 3969 ἐπὶ
1588 3916 1686 3985 τὴν
1741 3914 1975 3983 πατρίδα

410 4012 707 4080 ἀφικέσθαι
739 4012 993 4082 δυνηθῇς.
1061 4009 1119 4063 Ὀ
1154 4010 1287 4071 Θεός
1344 4027 1403 4061 σε
1432 4008 1802 4075 διαφυλάττοι,
1833 4009 1974 4072 άγα-

416 4105 574 4174 πητί.
608 4103 796 4172 Ἐδόθη
823 4104 888 4173 τῇ
920 4103 1025 4171 πρὸ
1047 4101 1206 4154 πέντε
1230 4100 1525 4154 Καλανδῶν
1556 4096 1925 4167 Δεκεμϐρίων.
1950 4115 1969 4148 ι

428 4198 489 4250 Ἦ
526 4198 628 4263 μιν
679 4194 773 4248 οὖν
821 4193 1079 4263 ἐπιστολὴ
1113 4193 1206 4245 τοῦ
1259 4191 1524 4262 βασιλέως
1553 4189 1725 4259 αὕτη·
1767 4189 1894 4257 ἐμοὶ
1928 4188 1972 4241 δ’

413 4287 597 4341 ἔπεισι
626 4284 928 4355 θαυμάζειν
961 4283 1053 4336 τὸν
1081 4282 1212 4352 περὶ
1243 4282 1342 4350 τὴν
1380 4280 1664 4333 εὐσέδειαν
1690 4279 1786 4333 τοῦ
1817 4279 1973 4348 βασι-

415 4377 552 4438 λέως
573 4343 772 4445 ζῆλονο
822 4343 975 4426 δοκεῖ
1000 4371 1111 4439 γάρ
1158 4343 1222 4435 ἐξ
1246 4343 1327 4422 ὧν
1356 4371 1578 4436 γράφει,
1605 4369 1681 4431 ὡς
1712 4343 1973 4432 πολλάκις
2008 4343 2051 4397 θ

413 4466 579 4519 αὐτὸν
612 4463 896 4534 μετανοεῖν
921 4460 1326 4532 προετρέπετο·
1361 4459 1455 4512 καὶ
1479 4463 1536 4512 ὲν
1568 4459 1775 4528 μέμψει
1804 4461 1977 4513 ποιεῖ-

411 4574 500 4609 ται
533 4550 617 4621 οἷς
672 4554 937 4619 πολλάκις
976 4552 1288 4622 γράψαντος
1323 4549 1425 4603 οὐκ
1453 4549 1756 4618 ἐπανῆλθεν
1792 4551 1881 4602 ἐπὶ
1916 4549 1978 4602 τὸ

415 4648 635 4719 ἀληθές.
695 4646 933 4707 Ἐκεῖνος
996 4645 1044 4697 δ’
1092 4637 1185 4697 οὖν
1237 4642 1305 4695 τὰ
1327 4643 1635 4711 γράμματα
1660 4640 1976 4708 δεξάμενος,

418 4740 639 4808 σύναμα
662 4736 888 4805 Εὐζωῖῳ
921 4735 1022 4805 τὴν
1076 4733 1491 4787 Κωνσταντίνου
1537 4733 1858 4785 κατέλαϐεν.
1918 4733 1977 4786 '0

414 4833 472 4885 δὲ
499 4830 740 4893 Εὑζὼῖος
777 4829 1023 4890 διάκονος
1056 4823 1146 4894 ἦν,
1198 4826 1303 4878 ὑπὸ
1334 4825 1688 4892 Ἀλεξάνδρου
1714 4826 1978 4893 καθαιρε-

412 4924 530 4985 θεὶς
565 4923 661 4975 καὶ
685 4922 870 4985 αὐτὸς,
922 4919 1084 4988 ηνίκα
1107 4921 1236 4981 τοὺς
1289 4919 1419 4987 περὶ
1451 4918 1671 4985 ’Ἀρειον
1702 4917 1975 4974 καθεῖλεν.

426 5017 488 5069 ’0
512 5014 568 5067 δὲ
592 5012 848 5083 βασιλεὺς
876 5012 957 5073 είς
990 5012 1282 5079 πρόσωπον
1319 5009 1541 5069 τούτους
1576 5008 1889 5076 δεξάμενος,
1927 5009 1976 5061 εί

412 5111 484 5178 τῇ
516 5109 699 5160 πίστει
759 5103 1122 5165 συντίθενται,
1150 5103 1393 5171 διηρώτα
1415 5116 1432 5133 ο
1484 5099 1590 5153 τῶν
1625 5099 1682 5151 δὲ
1709 5100 1974 5167 συνθεμέ-

412 5217 545 5260 νων,
566 5197 782 5267 γραφὴν
812 5195 1032 5249 ἐκέλευε
1054 5196 1376 5262 παρασχεῖν,
1395 5191 1431 5245 ἃ.
1461 5190 1730 5257 δοξάζοιεν
1750 5191 1980 5255 διεξιοῦ-

417 5308 519 5344 σαν
544 5291 672 5361 περὶ
696 5286 852 5342 Θεοῦ.
879 5289 942 5340 Ui
970 5287 1027 5339 δὲ
1050 5287 1149 5357 τὴν
1180 5287 1454 5353 προτέραν
1484 5285 1828 5345 ἐκκλίναντες
1856 5285 1975 5336 eam

417 5378 495 5437 ὧν
527 5382 747 5450 εὑρεταὶ
796 5381 1087 5449 νοημάτων
1134 5374 1297 5447 ἦσαν,
1330 5376 1517 5439 ἁπλοῖς
1540 5392 1651 5428 τισι
1679 5376 1774 5428 καὶ
1806 5376 1976 5441 ἐγκω-

420 5477 641 5543 ομένοις
694 5474 900 5543 ῥήμασι
944 5472 1043 5541 τῆς
1091 5469 1452 5523 Οεοπνεύστου
1484 5468 1704 5538 Γραφῆς
1756 5466 1975 5520 ἔκθεσιν

489 5648 562 5720 (Ι)
596 5650 805 5708 Socrat.
840 5651 932 5705 lib.
972 5670 1006 5716 ι,
1039 5664 1154 5721 ουν.
1183 5647 1271 5701 ‘25.

2075 3121 2246 3176 rator,
2280 3110 2393 3164 sive
2420 3108 2597 3163 sorori
2625 3105 2960 3177 gratificans,
3009 3120 3104 3161 seu
3135 3102 3439 3175 presbyteri
3471 3102 3636 3155 dictis

2074 3201 2356 3258 credens:
2419 3218 2439 3253 ι
2478 3198 2534 3254 Si
2576 3200 2778 3262 Arius,
2827 3198 3044 3268 inquit,
3096 3197 3310 3266 recipit,
3367 3194 3637 3262 fidemque

2073 3289 2224 3351 facit,
2272 3304 2331 3343 se
2363 3302 2488 3343 cum
2521 3288 2729 3358 synodo
2782 3287 3008 3352 sentire,
3062 3285 3274 3353 accipio
3328 3282 3633 3341 hominem.

2074 3395 2199 3436 cum
2225 3380 2435 3433 honore
2469 3378 2620 3432 omni
2651 3376 3036 3432 Alexandriam
3070 3390 3198 3431 eum
3229 3377 3583 3430 remissurus.
3612 3392 3630 3424 ι

2074 3472 2156 3527 Ad
2202 3472 2319 3525 inec
2345 3471 2515 3524 verba
2551 3470 2765 3523 litteras
2793 3482 3015 3537 quoque
3038 3467 3308 3537 ejusmodi
3358 3466 3423 3521 ad
3481 3465 3635 3518 illum

2075 3562 2325 3617 addidit:
2361 3580 2381 3613 ι
2419 3561 2604 3615 Victor
2634 3559 3026 3615 Constantinus
3065 3557 3330 3612 Maximus
3359 3558 3639 3627 Augustus

2075 3650 2227 3701 Ario.
2278 3648 2615 3716 Jamprideni
2659 3646 2900 3700 ﬁrmitati
2958 3657 3084 3711 tuae,
3119 3654 3176 3699 ut
3226 3645 3281 3699 in
3329 3646 3508 3700 aulam
3540 3660 3639 3698 no-

2074 3749 2242 3793 stram
2269 3738 2502 3800 venires,
2529 3748 2585 3792 et
2609 3748 2905 3807 conspectu
2937 3749 3126 3792 nostro
3159 3736 3413 3792 fruerere
3432 3777 3446 3799 .
3473 3735 3640 3807 644

2075 3830 2438 3900 signiﬁcatum
2469 3840 2573 3884 est.
2608 3830 2764 3896 Quod
2803 3839 2854 3884 te
2892 3830 3043 3884 illico
3089 3846 3201 3884 non
3230 3829 3448 3891 fecisse,
3478 3828 3638 3882 valde

2078 3922 2362 3975 miramur.
2422 3920 2608 3989 itaque
2646 3922 2723 3988 (l)
2771 3920 2992 3989 publico
3023 3920 3278 3974 vehiculo
3310 3931 3635 3979 conscenso,

2075 4014 2142 4065 ad
2176 4012 2355 4064 aulam
2380 4021 2628 4065 nostrain
2660 4010 2849 4064 venire
2880 4024 3135 4079 propera,
3167 4020 3228 4063 ut
3256 4005 3638 4063 benevolentia

2075 4116 2317 4170 curvaque
2353 4108 2540 4156 nostra
2588 4100 2827 4169 adjutus,
2854 4100 2910 4154 in
2962 4103 3194 4171 patriam
3226 4100 3402 4154 redire
3448 4113 3635 4168 queas.

2077 4193 2225 4247 Deus
2254 4200 2306 4246 te
2333 4201 2538 4256 servet,
2566 4191 2787 4246 dilecte.
2820 4191 2968 4245 Data:
3001 4207 3029 4243 v
3056 4191 3282 4246 Kalend.
3319 4189 3578 4244 Decemb.
3615 4205 3635 4239 ι

2079 4286 2205 4341 Haec
2238 4285 2586 4355 imperatoris
2603 4294 2688 4340 est
2717 4284 2973 4354 epistola.
3003 4283 3134 4337 Mihi
3164 4293 3346 4338 autem
3375 4280 3639 4336 admirari

2081 4377 2134 4431 in
2189 4383 2427 4431 mentem
2474 4375 2625 4431 venit
2668 4376 2842 4445 ipsius
2870 4375 2939 4429 de
2979 4390 3106 4428 vera
3158 4373 3358 4443 pietate
3389 4372 3639 4426 ardorem

2075 4477 2134 4522 et
2159 4467 2590 4523 mmulationem.
2627 4470 2869 4535 Apparet
2894 4468 3044 4521 enim
3072 4480 3138 4520 ex
3172 4465 3239 4518 iis
3265 4479 3386 4532 qua:
3418 4462 3637 4526 scribit,

2078 4558 2281 4628 saepius
2309 4558 2460 4612 illum
2487 4558 2556 4613 ab
2584 4572 2652 4612 eo
2674 4557 2742 4610 ad
2774 4556 3152 4625 paenitentiam
3174 4555 3466 4608 excitatum
3495 4569 3637 4608 esse.

2079 4650 2426 4720 Quapropter
2458 4664 2584 4703 eum
2617 4648 2990 4717 reprehendit,
3012 4647 3107 4717 qui
3134 4646 3410 4699 multoties
3440 4644 3642 4699 litteris

2077 4741 2411 4804 admonitus,
2457 4739 2524 4794 ad
2574 4740 2857 4793 veritatem
2901 4753 3009 4792 non
3054 4737 3301 4792 redierit.
3350 4735 3443 4791 Ille
3477 4736 3644 4806 igitur

2074 4834 2278 4889 litteris
2309 4833 2394 4887 eis
2431 4831 2694 4901 acceptis,
2719 4846 2844 4886 cum
2873 4830 3079 4884 Euzoio
3107 4828 3638 4897 Constantinopolim

2076 4926 2245 4978 venit.
2286 4924 2418 4978 Erat
2451 4933 2631 4977 autem
2684 4922 2923 4975 Euzoius
2968 4921 3252 4981 diaconus,
3289 4930 3345 4973 et
3398 4920 3514 4988 ipse
3571 4917 3640 4969 ab

2083 5015 2392 5069 Alexandro
2426 5022 2829 5075 exauctoratus,
2874 5028 2996 5067 cum
3053 5012 3184 5066 Ario
3228 5008 3529 5080 presbyteri
3558 5007 3642 5059 di-

2078 5106 2258 5175 gnitas
2287 5104 2538 5175 adempta
2563 5112 2670 5159 est.
2702 5105 3001 5173 Imperator
3033 5104 3456 5171 inconspectum
3480 5111 3638 5150 suum

2080 5196 2370 5259 admissos,
2404 5211 2473 5250 an
2521 5194 2647 5250 ﬁdei
2684 5196 3036 5265 promulgatae
3084 5192 3512 5250 assentirentur,
3555 5202 3644 5240 ro-

2080 5285 2228 5355 gavit
2262 5304 2277 5340 :
2306 5295 2471 5354 atque
2507 5285 2615 5340 illis
2659 5286 2710 5339 id
2743 5285 3226 5345 asseverantibus,
3263 5278 3504 5333 libellum
3544 5292 3642 5329 eos

2080 5374 2282 5431 offerre
2308 5377 2494 5446 jussit.
2522 5380 2613 5445 qui
2645 5393 2835 5430 eorum
2876 5376 2943 5429 de
2974 5376 3082 5428 Deo
3114 5369 3441 5426 sententiam
3492 5382 3611 5423 com

2085 5467 2441 5539 plecteretur.
2477 5466 2613 5522 Tum
2666 5468 2740 5520 illi
2791 5467 3063 5521 declinata
3106 5461 3287 5535 priore
3330 5461 3439 5529 via,
3474 5473 3642 5534 quant
