3988 6190
349 300 443 365 191

1493 317 1498 322 ’
1559 309 1979 370 NICEPlIORI
2019 310 2362 371 CALLlSTl

3491 303 3598 367 192

337 419 716 488 arripuerunt.
758 421 924 474 Erant
973 431 1154 476 autem
1190 423 1281 492 qui
1316 431 1506 477 contra
1539 435 1785 479 sanctum
1819 424 1899 476 vi-

2011 427 2100 487 νᾶς
2128 425 2376 494 χρήμασι
2417 424 2737 492 κλέψαντες,
2770 422 3104 492 κατηγορεῖν
3139 417 3596 488 παρεσκεύασανο

337 525 458 562 rum
485 509 931 578 conspiraveraut
967 529 978 562 :
1005 513 1276 567 Eusebius
1307 513 1639 567 Nicomediae
1665 557 1677 576 ,
1717 513 1899 567 Theo-

338 601 459 664 gnis
476 599 690 662 Nicaea,
712 600 869 654 Maris
885 601 1267 663 Chalcedonis,
1291 601 1536 656 Ursicius
1560 603 1893 670 Singidonis,

338 690 634 743 Pannoniae
667 690 985 758 superioris,
1015 701 1065 743 et
1102 690 1297 745 Valens
1325 691 1652 758 Marsorum,
1684 695 1902 748 Panno-

338 784 444 832 niae
473 781 728 847 episcopi.
761 781 925 850 65.7
951 782 1086 835 Cum
1124 799 1251 835 vero
1287 801 1391 837 non
1424 786 1556 838 satis
1596 787 1902 838 occasionis

340 869 610 921 haberent
653 869 717 921 ad
777 881 977 924 tantam
1039 873 1410 938 calumniam,
1481 891 1544 928 ex
1609 875 1902 931 Melitianis

339 960 602 1027 quosdam
629 973 1002 1036 .accusatores
1062 965 1182 1033 ejus
1234 967 1464 1034 pecunia
1507 968 1642 1020 clam
1691 971 1901 1022 condu-

341 1059 458 1102 ctos
513 1049 902 1104 subornaruut.
954 1053 1030 1106 Ac
1084 1056 1310 1122 primam
1389 1059 1530 1125 apud
1601 1061 1671 1112 im
1714 1072 1897 1114 erato-

343 1154 476 1198 rem,
534 1139 760 1194 Essione
798 1145 910 1210 (ί),
971 1146 1311 1204 Ισῖιιίιαξιῐιηηρ,
1347 1157 1399 1200 (τι
1445 1147 1740 1211 Callinico,
1796 1153 1904 1206 Me-

341 1231 546 1284 litianis
596 1234 871 1302 episcopis
917 1236 1376 1290 calumniantibus
1407 1278 1420 1297 ,
1477 1241 1620 1293 illam
1680 1258 1905 1295 accusa-

339 1320 538 1375 tionem
566 1325 844 1389 sustinuit,
874 1326 1017 1394 quod
1047 1325 1276 1396 Egypto
1307 1328 1503 1382 lineam
1536 1341 1738 1383 vestem
1773 1333 1904 1386 Ale-

337 1412 620 1468 xandriam
651 1413 903 1469 Ecclesiae
940 1417 1282 1482 pendendam
1317 1418 1667 1487 imperasset,
1701 1428 1755 1475 et
1802 1424 1905 1476 tri-

337 1504 528 1558 butum
581 1507 871 1574 exegisset.
941 1507 1112 1574 Quam
1174 1527 1306 1565 sane
1367 1513 1700 1566 calumniam
1759 1513 1904 1582 apud

338 1589 742 1657 imperatorem,
771 1609 893 1648 cum
938 1611 1062 1650 eum
1097 1598 1237 1652 forte
1274 1601 1492 1653 fortuna
1529 1600 1608 1669 (2)
1641 1602 1800 1655 aliam
1835 1605 1905 1658 ob

337 1695 556 1734 causam
586 1683 914 1740 Nicomedia:
940 1689 1346 1752 convenissent,
1379 1690 1602 1759 Alypius
1641 1701 1696 1746 et
1729 1692 1904 1746 Maca-

338 1773 454 1826 rius
486 1776 787 1845 presbyteri
813 1777 999 1830 falsam
1025 1794 1144 1834 esse
1179 1791 1568 1849 coargueruut.
1611 1783 1906 1852 Imperator

337 1882 469 1936 ergo
489 1868 760 1923 delatores
778 1871 974 1927 litteris
997 1875 1700 1940 perstrinxit,Athanasium
1726 1889 1906 1932 autem

340 1959 406 2010 ad
455 1973 512 2012 se
561 1962 832 2016 evocavit.
865 1964 1116 2018 Nondum
1167 1974 1347 2020 autem
1382 1969 1447 2020 ad
1483 1967 1907 2023 Constantinum

340 2059 593 2111 venerat,
623 2065 745 2103 cum
768 2052 816 2104 ei
847 2052 1136 2107 Eusebiani
1170 2055 1316 2108 aliud
1344 2057 1551 2110 crimen
1585 2057 1906 2113 Intendere:

341 2138 569 2193 insidias
601 2156 727 2194 eum
761 2143 899 2196 clam
947 2144 1178 2214 principi
1220 2145 1556 2209 tendentem,
1585 2149 1906 2203 Philumena

341 2231 560 2284 cuidam
611 2247 794 2288 arcam
843 2250 977 2288 auro
1013 2235 1268 2290 refertam
1305 2237 1541 2292 misisse.
1580 2239 1751 2303 Quam
1785 2255 1900 2293 rem

343 2323 435 2376 ubi
489 2324 786 2393 imperator
841 2341 1045 2380 meram
1090 2328 1278 2381 itidem
1323 2345 1445 2382 esse
1498 2331 1906 2400 sycophantiam

339 2412 630 2466 manifesto
677 2414 1063 2482 deprehendit,
1101 2418 1152 2471 in
1205 2419 1575 2474 Psammathia
1604 2463 1619 2487 ,
1654 2425 1800 2491 quod
1842 2440 1908 2477 ex

338 2503 620 2559 suburbiis
669 2506 999 2560 Nicomedia
1030 2523 1196 2561 unum
1225 2518 1330 2568 est.
1371 2519 1484 2564 tum
1539 2528 1726 2581 agens,
1782 2529 1904 2568 cum

340 2593 550 2663 ingenti
599 2594 809 2648 honore
836 2595 1194 2650 Athanasium
1229 2599 1614 2654 Alexandriam
1651 2604 1857 2657 remisit
1892 2622 1904 2657 :

342 2683 536 2736 litteris
571 2685 732 2748 datis,
762 2686 966 2754 quibus
996 2689 1179 2742 omnia
1219 2705 1340 2758 qua:
1368 2692 1421 2744 iu
1449 2691 1727 2746 hominem
1762 2693 1907 2748 dicta

339 2771 577 2836 fuerant,
630 2778 893 2831 ementita
949 2793 1073 2833 esse
1124 2781 1503 2835 ostendebat:
1562 2793 1618 2836 et
1683 2784 1910 2851 insuper

342 2863 768 2930 testificabatur,
801 2869 1201 2937 perhumanum
1241 2886 1368 2925 eum
1399 2887 1461 2926 ac
1491 2881 1640 2930 recte
1672 2873 1906 2928 creden-

341 2961 449 3006 tem
489 2955 758 3025 planeque
809 2957 1056 3012 divinum
1106 2976 1228 3014 esse
1279 2961 1480 3026 virum,
1542 2964 1635 3032 qui
1687 2977 1909 3033 propter

341 3044 602 3097 invidiam
627 3047 834 3101 crimen
865 3049 1213 3112 sustinuerit,
1246 3059 1301 3106 et
1326 3053 1579 3122 superior
1607 3063 1785 3110 tamen
1818 3073 1908 3110 ac-
1938 3070 1980 3127 (ι

343 3137 690 3192 cusatoribus
715 3141 975 3195 evaserit.
1025 3141 1434 3197 Cohortabatur
1463 3161 1684 3215 quoque
1730 3149 1912 3202 multi-

343 3225 613 3294 tudinem,
649 3246 718 3285 ne
769 3231 1079 3299 dissideret,
1117 3235 1211 3287 sed
1265 3236 1444 3289 modis
1473 3238 1731 3292 omnibus
1779 3255 1910 3293 con-

342 3319 582 3372 cordiam
619 3332 1048 3390 consectaretur,
1092 3335 1148 3379 et
1181 3326 1348 3380 Deum
1380 3329 1704 3396 suspiceret.
1736 3331 1910 3398 Atque

345 3407 435 3463 ille
461 3411 681 3478 quidem
710 3413 834 3466 talia
877 3416 1173 3470 scribendo
1199 3457 1212 3476 ,
1248 3432 1436 3485 pacem
1469 3420 1765 3475 conciliare
1797 3431 1913 3475 stu-

343 3501 524 3555 debat.
579 3503 839 3558 Melitiani
897 3515 1080 3562 autem
1137 3518 1190 3563 et
1266 3511 1451 3564 Ariani
1511 3514 1738 3566 crimina
1808 3515 1910 3569 alia

343 3595 609 3649 adversus
637 3596 995 3651 Athanasium
1049 3598 1429 3656 instituerunt.
1461 3601 1704 3668 Quorum
1740 3620 1910 3659 unum

345 3691 482 3747 erat,
511 3686 801 3754 mysticum
821 3703 947 3742 eum
977 3691 1366 3746 comminuisse
1397 3694 1678 3762 poculum,
1701 3709 1908 3750 sacram

345 3790 587 3828 mensam
611 3777 900 3842 evertisse,
931 3790 987 3834 et
1013 3779 1229 3836 divinos
1258 3783 1524 3852 quosdam
1553 3785 1725 3840 libros
1765 3802 1914 3840 eom-

346 3864 588 3920 bussisse
618 3883 633 3931 ;
674 3867 906 3922 alterum
937 3884 1092 3932 vero,
1124 3871 1338 3926 Arsenii
1371 3875 1656 3944 cujusdam
1682 3875 1913 3932 Melitin-

343 3969 538 4008 norum
588 3957 810 4012 haeresis
859 3959 1128 4030 epiSCOpi,
1196 3979 1357 4030 quam
1414 3964 1465 4019 ei
1523 3967 1908 4032 amputaverit,

342 4058 563 4100 manum
621 4062 808 4102 secum
863 4049 1097 4116 habere,
1151 4069 1248 4122 per
1291 4069 1454 4123 quam
1501 4055 1750 4124 prodigia
1783 4057 1912 4110 ede-

343 4145 426 4189 ret
457 4139 557 4207 (3).
594 4139 882 4194 Arseniuin
925 4157 1088 4210 porro
1118 4145 1260 4211 apud
1303 4146 1685 4215 presbyterum
1721 4164 1911 4216 quem-

341 4224 466 4280 dam
498 4227 767 4282 Patrinem
799 4233 1022 4284 nomine
1058 4232 1111 4284 in
1148 4234 1484 4287 monasterio
1510 4235 1747 4303 quodam
1783 4253 1909 4292 cum

341 4328 470 4367 cura
497 4325 552 4368 et
584 4315 868 4385 diligentia
894 4320 1254 4387 occultantes,
1292 4321 1630 4377 humanitate
1661 4323 1912 4393 benigni-

2005 517 2116 567 Καὶ
2149 514 2372 584 πρώτην
2397 515 2657 583 ὑπομένει
2687 514 2905 582 γραφὴν
2935 515 2993 574 ἐς
3022 511 3246 581 βασιλέα
3275 510 3362 562 διὰ
3407 509 3596 562 Ἐσσί-

2003 621 2138 664 ωνος
2164 607 2259 656 καὶ
2287 605 2615 672 Εὐδαίμονος
2639 604 2734 654 καὶ
2757 601 3086 654 Καλλινίκου
3111 597 3455 653 Μελιτιανῶν
3475 598 3602 649 ἑπι-

2004 784 2175 855 δρέων
2217 785 2515 856 Ἐκκλησία
2550 784 2725 835 τελεῖν
2767 782 3018 834 κελεύσοι
3047 799 3060 814 ·
3099 782 3193 833 καὶ
3243 780 3335 831 τὸν
3383 777 3598 847 δασμὸν

2005 877 2370 945 εἰσεπράξατο
2393 893 2407 908 ο
2431 878 2497 947 ἦν
2537 877 2675 945 δῆτα
2712 875 2964 943 διαϐολὴν
3012 877 3076 927 ἐκ
3113 873 3208 924 τοῦ
3243 873 3596 942 παρήκοντος

2006 969 2143 1021 κατὰ
2178 968 2549 1038 Νικομήδειαν
2581 968 2793 1036 βασιλεί
2822 968 3135 1035 ἐντυχόντες
3181 965 3444 1026 Ἀλύπιος
3498 966 3597 1016 καὶ

2007 1061 2294 1128 Μακάριος
2326 1062 2373 1111 oi
2397 1059 2780 1128 πρεσϐύτεροι,
2805 1059 2877 1118 ὼς
2908 1057 3110 1126 ψευδὴς
3125 1055 3234 1125 είη,
3271 1053 3594 1124 διήλεγξαν.

2007 1153 2114 1203 Καὶ
2141 1151 2246 1202 τῶν
2271 1152 2370 1216 μὲν
2400 1150 2772 1202 κατειπόντων
2800 1148 3053 1216 βασιλεὺς
3089 1146 3380 1214 καθήψατο
3408 1145 3597 1214 γράμ-

2010 1255 2205 1308 μασιν·
2255 1239 2573 1292 ’Δθανάσιον
2623 1238 2678 1290 δὲ
2733 1237 2869 1305 πρὸς
2922 1236 3114 1288 ἑαυτὸν
3174 1234 3592 1304 μετεστείλατο.

2007 1328 2176 1380 Οὔπω
2204 1329 2246 1380 δ’
2275 1329 2600 1398 ἀφιγμένος,
2631 1328 2826 1396 ἑτέραν
2856 1325 3064 1394 ὑπέστη
3093 1326 3454 1394 κατηγορίαν,
3479 1324 3594 1376 τῶν

2007 1421 2135 1490 περῖ
2165 1421 2426 1473 Εύσέϐιον
2452 1419 2849 1479 κατειπόντων,
2874 1418 2948 1479 ὡς
2976 1417 3054 1484 τῷ
3085 1415 3380 1484 κρατοῦντι
3408 1414 3589 1483 λάθρα

2007 1509 2391 1568 ἐπιϐουλεύων,
2425 1508 2737 1578 Φλουμένῳ
2762 1508 2870 1560 τινὶ
2887 1507 3133 1576 λάρνακα
3165 1505 3373 1571 πέμψοι
3403 1504 3590 1571 πλήρη

2007 1600 2234 1670 χρυσού.
2283 1599 2436 1651 Ἐπεὶ
2465 1598 2510 1650 δ’
2547 1597 2800 1668 ἐφώρασε
2833 1598 2928 1650 καὶ
2961 1597 3168 1664 ταύτην
3199 1595 3414 1663 γυμνὴν
3448 1591 3593 1647 εἶναι

2013 1688 2378 1755 συκοφαντίαν
2401 1692 2428 1741 ὁ
2457 1688 2732 1756 βασιλεὺς.
2761 1689 2819 1739 ἐν
2843 1685 3157 1754 Ψαμμαθία
3187 1684 3484 1752 διατρίϐων
3514 1684 3592 1751 τῷ

2010 1782 2129 1834 τότε
2155 1798 2167 1810 ο
2194 1781 2561 1850 Νικομηδείας
2589 1779 2645 1831 δὲ
2681 1779 2839 1831 τοῦτο
2873 1778 3195 1846 προάστειον
3221 1794 3236 1808 ο
3271 1779 3410 1845 μετὰ
3442 1775 3594 1828 πλεί-

2010 1889 2140 1943 στης
2187 1876 2355 1942 τιμῆς
2414 1873 2738 1924 Ἀθανάτων
2777 1873 2870 1923 ἐπὶ
2925 1871 3023 1940 τὴν
3087 1869 3439 1939 Ἀλεξάνδρου
3496 1869 3593 1920 ἀν-

2008 1964 2247 2032 έπεμπε,
2284 1964 2500 2030 γράψας
2530 1963 2604 2024 ὡς
2633 1962 2812 2031 ψευδῆ
2849 1961 3003 2028 εὖροι
3035 1961 3212 2013 πάντα
3243 1959 3311 2012 τὰ
3344 1959 3466 2011 κατ’
3496 1959 3594 2012 αὑ-

2008 2053 2100 2106 τοῦ
2127 2055 2416 2123 εἰρημένα,
2451 2056 2652 2124 πολλήν
2685 2071 2744 2106 τε
2773 2054 3076 2106 ἐπιείκειαν
3103 2051 3250 2120 αὐτῷ
3282 2053 3377 2103 καὶ
3406 2051 3592 2102 πίστιν

2007 2143 2172 2215 ὀρθὴν
2221 2145 2540 2215 μαρτυρῶν,
2593 2144 2737 2197 θεῖόν
2781 2161 2839 2195 τε
2891 2139 3248 2211 εἶναιᾶνδρα,
3281 2141 3480 2209 φθόνου
3530 2155 3590 2190 τε

2009 2235 2170 2304 χάριν
2203 2235 2300 2304 τὴν
2333 2235 2552 2304 γραφὴν
2589 2236 2892 2303 ὑποστῆναι
2921 2250 2934 2263 ·
2965 2234 3119 2286 ἐνθεν
3159 2250 3241 2284 τοι
3276 2235 3368 2282 καὶ
3402 2231 3588 2298 κρείτ-

2006 2343 2115 2379 των
2139 2325 2369 2395 ὀφθῆναι
2397 2326 2502 2377 τῶν
2539 2326 2924 2394 ἐγκλημάτων.
2963 2323 3276 2391 Παρεκάλει
3312 2323 3367 2374 δὲ
3401 2324 3496 2374 καὶ
3528 2321 3588 2370 τὸ

2011 2419 2218 2488 πλῆθος
2261 2420 2334 2488 μὴ
2375 2418 2683 2472 διίστασθαι
2713 2433 2726 2447 ·
2770 2417 2950 2470 σθένει
2989 2416 3046 2469 δὲ
3101 2417 3268 2466 παντὶ
3323 2413 3422 2482 τὴν
3456 2413 3588 2478 ὀμί-

2011 2527 2158 2562 νοιαν
2190 2511 2568 2579 μεταδιώκειν,
2608 2510 2700 2562 καὶ
2727 2509 2861 2578 πρδς
2891 2507 3022 2561 Θεὸν
3054 2507 3290 2576 ἁφορᾷν.
3319 2506 3586 2565 Κάκεῖνος

2015 2604 2112 2674 μὲν
2158 2601 2259 2656 ῶδε
2295 2603 2545 2674 γράψων,
2575 2606 2708 2670 πρὸς
2741 2603 2966 2673 εἰρήνην
3007 2603 3188 2654 ἒλκειν
3215 2599 3584 2663 ἐσπούδαζεν·

2009 2698 2056 2748 οἱ
2096 2697 2151 2748 δὲ
2197 2697 2263 2748 τὰ
2299 2695 2553 2748 Μελιτίου
2593 2698 2687 2748 καὶ
2747 2695 2960 2766 Ἀρείου
3014 2692 3339 2762 φρονοῦντες
3388 2692 3583 2757 ἑτέρας

2013 2787 2152 2840 κατὰ
2194 2786 2513 2838 Ἀθανασίου
2543 2786 2768 2852 ὓςραινον
2801 2783 3166 2853 κατηγορίας.
3193 2780 3416 2833 Τούτων
3444 2781 3488 2832 δ’
3516 2777 3584 2850 ἦν

2015 2875 2133 2945 μία,
2159 2874 2234 2936 ώς
2265 2874 2524 2942 ποτήριον
2560 2873 2866 2942 συντρίψειε
2899 2871 3160 2939 μυστικὸν
3183 2910 3196 2932 ,
3237 2871 3331 2920 καὶ
3367 2869 3464 2937 τὴν
3508 2870 3585 2920 ίεο

2011 2967 2114 3036 ρὰν
2162 2966 2423 3033 ἀνέτρεψε
2454 2963 2752 3033 τράπεζαν,
2791 2963 2882 3014 καί
2908 2980 3030 3014 τινα
3062 2960 3178 3011 θεῖα
3212 2959 3394 3027 βιϐλία
3450 2976 3581 3010 κατε

2013 3060 2210 3110 ἑκαυσε
2236 3073 2248 3086 ·
2298 3056 2546 3125 δεύτερον
2581 3055 2658 3118 δὲ,
2694 3055 2767 3115 ὡς
2807 3052 3084 3124 Ἀρσενίου
3117 3051 3258 3105 τινὸς
3301 3052 3458 3118 χεῖρα
3489 3050 3584 3101 x6-

2012 3150 2141 3215 Lfa:,
2185 3145 2488 3207 ἐπίσκοπος
2524 3145 2567 3196 δ’
2595 3139 2664 3212 ἦν
2698 3144 2905 3205 ἐκεῖνος
2951 3142 3050 3209 τῆς
3091 3141 3198 3192 τῶν
3239 3139 3584 3192 Μελιτιανῶν

2011 3237 2296 3301 αἱρέσεως,
2331 3235 2442 3302 ἔχοι
2476 3235 2600 3304 παρ’
2637 3231 2817 3301 ἐαυτῷ
2843 3249 2856 3262 ⁸
2890 3232 2957 3284 δι’
2984 3226 3052 3297 ἧς
3087 3230 3376 3299 τερατείας
3415 3230 3584 3297 ὲργά-

2012 3326 2178 3387 ζοιτο.
2215 3326 2324 3376 Καὶ
2352 3325 2442 3375 τὸν
2481 3323 2581 3391 μὲν
2625 3321 2900 3390 Ἀρσένιον
2957 3318 3236 3387 ἐπιμελῶς
3270 3317 3585 3386 κρύψαντες

2012 3419 2163 3484 παρά
2199 3434 2303 3469 τινι
2353 3414 2714 3485 πρεσϐυτέρῳ
2756 3410 3124 3480 μοναστηρίου
3165 3409 3308 3471 τινὸς
3340 3409 3584 3478 Ιιατρίνῃ

2009 3509 2112 3579 τὴν
2158 3508 2368 3578 κλῆσιν,
2405 3509 2585 3560 πᾶσαν
2618 3504 2831 3556 εὖνοιαν
2881 3504 2976 3554 καὶ
3013 3501 3422 3569 φιλοφροσύνην
3457 3501 3583 3549 ἐπε-

2010 3601 2291 3653 δείκνυντο
2316 3599 2490 3667 ἡσυχῆ
2529 3598 2713 3664 μένειν
2743 3597 2835 3648 καὶ
2864 3593 3131 3663 μηδαμῶς
3171 3592 3462 3659 φαίνεσθαι
3484 3607 3498 3620 ⁶
3518 3591 3585 3643 τά

2011 3689 2066 3743 δὲ
2111 3691 2252 3743 κατὰ
2304 3690 2578 3758 ’Λρσὲνεον
2607 3688 2702 3740 καὶ
2743 3685 2996 3752 Ἰωάννης
3037 3684 3271 3753 μοναχὸς
3307 3684 3335 3735 ὁ
3380 3681 3588 3752 γραφό-

2015 3799 2176 3851 μενος
2221 3779 2612 3842 συνεσκεύαζε.
2647 3780 2758 3830 Καὶ
2795 3780 2843 3830 oi
2879 3777 2978 3845 μὲν
3013 3776 3274 3830 αὐθένται
3307 3776 3406 3842 τῆς
3447 3776 3586 3844 πρά-

2015 3873 2150 3938 ξεως
2178 3872 2405 3926 τοιαῦτα
2447 3869 2873 3939 σκευασάμενοι,
2902 3865 3218 3936 ἁπανταχοῦ
3264 3865 3583 3936 περιῄεσαν,

2011 3962 2426 4027 λογοποιοῦντες
2492 3961 2587 4013 καὶ
2641 3959 2993 4028 διασύροντες
3059 3958 3421 4012 Ἀθανάσιονο
3486 3959 3586 4009 ὲπ-

2013 4056 2226 4109 ἔκειντο
2266 4055 2311 4107 δ’
2343 4055 2392 4107 οἳ
2429 4054 2636 4122 μᾶλλον
2669 4051 2924 4120 ἀπεχθῶς
2965 4045 3113 4118 εἷχον
3138 4063 3152 4077 ·
3193 4050 3287 4101 καὶ
3327 4049 3583 4117 Ἰσχύρας

2011 4147 2220 4204 ἐκεῖνος
2298 4144 2555 4211 μάλιστα,
2593 4143 2620 4193 ὁ
2656 4143 2714 4193 ὲν
2757 4140 2834 4208 τῷ
2866 4139 3141 4209 Μαρεώτῃ
3175 4137 3273 4197 τὰς
3303 4135 3589 4206 διατριϐὰς

2011 4236 2189 4306 ἔχωνο
2235 4236 2389 4305 χώρα
2420 4235 2475 4287 δὲ
2519 4235 2616 4302 τῆς
2659 4231 3066 4299 Ἀλεξανδρείας
3111 4233 3139 4281 ὁ
3171 4229 3497 4298 Μαρεώτης,

2013 4329 2370 4399 παμπληθεῖς
2427 4328 2533 4379 εἰσι
2579 4325 2788 4393 κῶμαι,
2837 4325 2894 4374 ὲν
2928 4317 3016 4383 αἷς
3052 4319 3344 4386 ἐκκλησίαι
3377 4319 3436 4371 τὲ
3481 4319 3588 4371 sic:

339 4415 561 4476 '.ateque
609 4409 758 4464 omni
814 4409 1112 4476 fovebant,
1165 4422 1223 4465 ut
1274 4421 1451 4467 tectus
1511 4414 1582 4468 ibi
1641 4425 1906 4479 maneret,

2014 4420 2208 4472 πολλαὶ
2233 4420 2328 4471 καὶ
2356 4417 2594 4486 μεγάλαι
2615 4415 2694 4484 τῷ
2719 4415 3005 4483 ὲπισκάπῳ
3037 4412 3399 4475 ὑποκείμεναι
3442 4412 3593 4463 Ἀλε-

337 4495 656 4564 neutiquam
709 4497 763 4550 in
821 4500 1096 4569 publicum
1167 4502 1435 4570 prodiret.
1515 4503 1624 4557 Res
1685 4505 1904 4560 Arsenii

340 4582 504 4653 hujus
540 4585 780 4642 Joannes
823 4589 990 4643 etiam
1038 4592 1344 4646 monachus
1379 4591 1708 4648 criminator
1748 4595 1912 4650 ador-

337 4679 488 4731 navit
516 4679 615 4749 (4).
653 4681 719 4734 Et
746 4690 998 4737 auctores
1029 4684 1106 4738 rei
1144 4685 1303 4740 istius
1331 4687 1546 4742 teclmis
1578 4688 1906 4760 insidiisque

339 4769 542 4825 talibus
587 4773 852 4846 structis,
891 4777 1094 4846 ubique
1139 4779 1589 4845 obambulabant,
1623 4797 1908 4839 sermones

338 4869 608 4925 serentes,
644 4874 700 4917 et
731 4866 1085 4921 Athanasium
1124 4871 1493 4926 traducentes.
1526 4872 1694 4944 648
1723 4874 1903 4928 Vehe-

339 4951 580 5006 mentius
606 4968 735 5008 vero
765 4955 820 5009 in
866 4971 992 5012 eum
1037 4960 1241 5014 inimici
1285 4961 1407 5029 ejus
1455 4964 1900 5022 invehebantur:

337 5053 393 5098 et
425 5043 672 5114 Ischyras
715 5047 806 5101 ille
853 5051 1106 5116 maxime,
1139 5052 1232 5121 qui
1284 5053 1339 5106 in
1380 5053 1620 5110 Mareote
1663 5056 1901 5121 colebat,

337 5149 461 5206 qua:
508 5137 658 5206 regio
707 5137 1051 5196 Alexandriae
1078 5153 1206 5196 est:
1244 5144 1432 5212 plures
1476 5145 1902 5218 frequentesque

413 5294 489 5363 (l)
522 5293 606 5348 Al.
642 5292 918 5363 Euﬁonem
953 5291 1180 5348 habent.

412 5366 489 5433 (δὲ)
533 5364 665 5417 ἰ’ότε
723 5364 978 5434 τυχηρῶς
1033 5366 1090 5415 ἐν
1141 5365 1478 5438 Νικομηδείᾳ
1530 5371 1912 5440 τυγχάνοντες.

342 5436 578 5506 (Socrat.
612 5445 672 5490 ut
700 5442 912 5504 Supra.)

419 5507 492 5581 (3)
529 5509 666 5576 ιιρδς
711 5509 943 5574 μαγείας
987 5511 1161 5572 τινάς.
1200 5508 1408 5565 Sacral.
1456 5511 1560 5566 hoc
1588 5519 1694 5573 est,
1727 5513 1918 5581 magia

382 5588 517 5629 ram

343 5593 517 5651 grain

422 5646 959 5720 (iihﬂapezxsdaato
997 5651 1050 5703 δὲ
1102 5655 1237 5718 πρὸς
1289 5651 1543 5720 τοιαύτην
1585 5652 1920 5720 κατηγορίαν

359 5718 451 5773 καὶ
509 5715 760 5783 Ἰωάννης
799 5723 1028 5791 pom-‘6;
1063 5715 1156 5786 τις.
1211 5723 1236 5772 ὀ
1284 5715 1651 5792 γραφόμενος.
1705 5715 1920 5776 (sitiam.

2010 4508 2318 4578 ξανδρείας,
2355 4509 2450 4560 καὶ
2481 4508 2548 4575 τῇ
2585 4504 2794 4557 ἐκείνου
2828 4503 2980 4554 πόλει
3013 4502 3088 4564 ώς
3122 4501 3410 4570 παροικίαι
3439 4500 3588 4566 λογίσ-

2007 4600 2195 4664 ζονται
2217 4612 2230 4626 ·
2259 4599 2315 4650 ὲν
2352 4595 2546 4665 ἐκείνῳ
2571 4595 2749 4647 τοίνυν
2787 4595 3037 4663 Ίσχύρας
3067 4593 3164 4656 ῶν,
3196 4593 3410 4646 οἴκοθεν
3433 4593 3588 4645 αὑτό·

2010 4709 2178 4762 ματος
2212 4690 2394 4762 ἱερεὺς
2427 4687 2792 4751 ἁνεδείκνυτο,
2823 4687 2985 4756 ἔργον
3007 4688 3284 4756 τιμωρίας
3311 4687 3590 4740 ἐπέκεινα.

2009 4786 2117 4838 Καὶ
2136 4782 2413 4854 φωραθεὶς
2433 4781 2765 4850 Ἀθανασίῳ,
2792 4780 2914 4832 ἐπεὶ
2939 4779 3076 4848 πρὸς
3103 4779 3356 4843 ἐξέτασιν
3388 4778 3591 4840 ἔκειτο,

2011 4878 2186 4947 φυγάς
2213 4876 2423 4928 ἐκεῖθεν
2451 4874 2760 4942 γενόμενος,
2789 4871 3090 4940 συμϐάλλει
3124 4875 3236 4933 τοῖς
3272 4877 3392 4938 περι
3423 4872 3591 4926 Εὖσέ-

2011 4969 2130 5021 ϐιον
2181 4969 2320 5020 κατὰ
2357 4964 2754 5034 Νικομήδειαν.
2786 4965 2848 5017 Oi
2880 4963 2936 5016 δὲ
2976 4963 3052 5032 τῷ
3084 4966 3221 5033 πρὸς
3274 4964 3594 5014 Ἀθανάσιον

2015 5060 2164 5126 μίσει
2193 5051 2279 5109 οἷα
2319 5056 2383 5126 δὴ
2421 5055 2794 5124 πρεσϐύτερον
2821 5055 3073 5124 δέχονται
3095 5071 3106 5082 ·
3143 5056 3518 5123 ὑπεσχημένοι
3552 5053 3593 5105 δ’

2013 5151 2321 5218 ἐπισκοπῆς
2358 5146 2487 5212 ἄξια
2513 5147 2768 5216 τιμῆσαι,
2801 5149 2849 5198 εἰ
2883 5147 3226 5217 κατηγορίαν
3287 5145 3595 5212 Ἀθανασίῳ

2018 5305 2118 5359 lib.
2149 5323 2207 5371 tt,
2234 5320 2354 5372 cap.
2386 5302 2476 5354 23.
2514 5300 2627 5372 Hoc
2667 5309 2775 5366 est,
2813 5298 3096 5356 Institutas
3133 5319 3254 5355 vero
3286 5304 3356 5355 ad
3402 5304 3575 5372 ejuscc

2023 5377 2160 5428 modi
2197 5370 2407 5444 quoque
2453 5370 2872 5444 criminationem
2924 5383 2996 5423 est
3033 5372 3268 5444 Joannes
3295 5370 3599 5444 monachus

2023 5440 2242 5512 quidam
2274 5440 2570 5512 accusator.
2602 5440 2890 5512 Arsettium
2931 5454 3075 5495 hunc
3107 5442 3378 5496 Eusebius
3420 5443 3514 5496 lib.
3545 5458 3597 5501 κ,

2025 5509 2160 5568 dicit
2207 5510 2504 5582 aliquando
2542 5509 2826 5582 Athanasii
2883 5515 3142 5566 lectorem
3195 5513 3386 5569 fuisse.
3431 5523 3488 5566 et
3526 5512 3597 5565 ob

2025 5600 2223 5638 noxam
2254 5577 2544 5652 quamdam
2569 5577 2976 5647 castigationem
3005 5597 3084 5635 ve:
3104 5583 3237 5635 ilum
3263 5583 3594 5652 profugisse,

2025 5664 2078 5708 ct
2115 5655 2357 5709 latuisse.
