3988 6190
344 302 452 370 193

1264 296 1865 359 ECCLESIASTICJE
1907 297 2299 361 HISTORle
2340 301 2484 364 LIB.
2521 300 2690 363 VIII.

3506 308 3606 372 194

342 416 745 493 ωρμψωετὰ
776 415 1048 487 εἰρημένα
1087 412 1333 483 εὐχερῶς
1366 411 1733 484 ὲσκαιώρησε.
1771 412 1931 465 Βασι-

2044 414 2245 470 ltabens
2284 415 2453 482 vicos,
2485 416 2539 470 in
2563 415 2767 486 quibus
2808 416 2994 472 multa:
3023 429 3081 474 et
3111 434 3317 490 magna:
3358 431 3487 478 sunt
3510 440 3604 479 ec-

340 509 472 571 λεῦς
511 507 572 562 δὲ
615 505 794 560 ταῦτα
848 502 1185 566 ὲνωτισοείς,
1208 501 1286 572 τῷ
1333 503 1579 570 Κήνσορι
1632 502 1929 570 Δαλματίῳ

342 598 619 669 ἀδελφιδῷ
637 614 698 665 γε
722 596 839 649 δντι
863 596 1038 649 καὶτὰ
1071 593 1196 647 κατ’
1224 594 1559 664 Ἀντιόχειαν
1589 594 1689 659 τῆς
1724 594 1929 663 Συρίας

342 689 612 754 διέποντι,
643 689 845 756 γράφει
870 686 1091 739 δικάσαι
1113 687 1205 737 ἐπὶ
1222 687 1337 747 τοῖς
1362 685 1697 755 εἰρημένοις,
1716 685 1812 737 καὶ
1831 683 1929 755 τὴν

342 781 503 852 δίκην
532 779 692 844 ἀξίαν
725 777 1415 850 εἰσπράξεσθαι.Ἔπεμπε
1449 777 1504 830 δὲ
1546 778 1640 830 καὶ
1668 777 1930 830 Εὐσέϐιον

344 874 443 924 καὶ
480 871 728 938 Θέογνιν,
757 870 833 934 ὡς
868 870 936 923 ἂν
978 870 1098 938 μετ’
1126 868 1307 921 αὐτῶν
1334 870 1368 938 ἡ
1400 869 1582 937 κρίσις
1611 871 1825 936 γένοιτο
1852 866 1931 937 τῷ

362 964 692 1033 Ἀθαεδασίῳ.
739 961 826 1025 Ὠς
859 961 903 1013 δ’
946 961 1091 1029 ἔγνω
1118 960 1457 1024 καλούμενος
1482 959 1589 1013 ὑπὸ
1624 961 1928 1029 Κήνσορος,

353 1051 584 1107 συνιδὼν
611 1051 688 1114 ὡς
722 1050 961 1122 χαλεπόν
995 1053 1144 1103 ἐστιν
1176 1048 1626 1119 ἀπολογήσασθαι
1655 1048 1810 1118 παρὰ
1848 1048 1928 1101 διο

352 1148 589 1209 κασταῖς
627 1145 728 1197 οὐκ
782 1142 1151 1211 εὐγνώμοσιν,
1182 1141 1617 1211 ἀντεστρατήγει
1649 1143 1767 1201 ταῖς
1791 1141 1933 1193 ὲκεί-

352 1250 463 1286 νων
494 1231 737 1302 μεθόδοις
763 1246 778 1262 ο
814 1231 911 1283 καί⁵
945 1232 1120 1283 πάντα
1147 1229 1353 1299 τρόπον
1386 1229 1567 1281 ἔπειθε
1593 1229 1668 1299 μὴ
1699 1229 1931 1299 τάληθὲς

352 1321 984 1393 διαφεύγειν.Ἐργῶδες
999 1322 1045 1374 δ’
1074 1320 1134 1373 ὃν
1163 1320 1369 1383 πάντας
1400 1320 1612 1373 πείθειν
1658 1322 1930 1391 Ἀρσενίου

355 1416 437 1486 μὴ
466 1416 823 1485 φαινομένου,
874 1413 1238 1483 λογισάμενος
1267 1412 1340 1475 ὡς
1394 1414 1495 1465 οὐκ
1530 1412 1707 1476 ἄλλως
1738 1414 1932 1468 ἑαυτὸν

353 1509 619 1578 καθάροι,
646 1510 693 1560 εἰ
719 1510 795 1578 μὴ
824 1507 926 1577 ζῇν
953 1505 1245 1573 άπελέγξοι
1278 1506 1370 1558 τὸν
1399 1505 1652 1559 τεθνάναι
1687 1507 1889 1576 λεγόμε
1912 1538 1932 1549 ο

352 1619 470 1660 νον.
515 1601 626 1651 τῶν
664 1617 784 1652 τινα
829 1598 1047 1652 οἰκείων
1086 1597 1335 1652 διάκονον
1383 1598 1486 1665 τὴν
1539 1599 1620 1661 εἰς
1655 1598 1933 1666 Αἴγυπτον

351 1695 611 1761 ἔπεμπεν
641 1692 979 1762 ἀναζητῆσαι
1008 1692 1305 1760 Ἀρσένιον.
1329 1692 1436 1745 Καὶ
1460 1691 1582 1744 ἐπεὶ
1606 1693 1663 1755 ἒς
1692 1691 1935 1761 Θηϐαΐδα

2034 503 2212 559 elcsim
2244 506 2500 576 episcopo
2545 507 2891 562 Alexandria:
2935 508 3196 578 subjectae
3223 552 3237 573 ,
3262 513 3419 583 cujus
3453 515 3607 569 urbis

2036 605 2334 650 censentur
2382 612 2503 651 esse
2552 599 2808 667 parmene
2860 615 2960 654 seu
3003 600 3237 657 viciniae.
3269 604 3379 658 vlbl
3435 621 3603 674 agens

2038 688 2305 760 Ischyras,
2342 705 2439 744 sua
2469 699 2665 759 sponte
2697 702 2752 745 et
2788 708 2852 745 ex
2894 707 3014 747 sese
3060 703 3221 749 natus
3268 693 3433 749 domo
3481 712 3607 764 pro-

2036 781 2214 836 dierat
2264 784 2569 838 sacerdos:
2633 784 2779 854 quod
2830 785 3052 854 quidem
3117 785 3332 842 facinus
3386 805 3602 857 pmnam

2036 889 2255 927 onmem
2292 874 2452 944 longe
2480 876 2920 947 supergreditur.
2958 877 3074 943 Qua
3116 879 3170 932 in
3232 895 3290 933 re
3328 880 3398 933 ab
3441 881 3611 934 Atha-

2037 968 2192 1022 nasio
2217 968 2614 1037 deprehensus,
2654 983 2778 1023 cum
2812 969 2866 1024 in
2898 986 3022 1023 cum
3056 970 3447 1038 inquireretur,
3486 974 3609 1043 fuga

2036 1057 2138 1111 sibi
2167 1059 2484 1121 coiisulens.
2522 1058 2848 1114 Eusebianis
2884 1059 3212 1114 Nicomedia:
3253 1061 3607 1130 estjunetus.

2037 1150 2216 1218 Atque
2248 1149 2351 1213 illi,
2386 1165 2488 1218 pro
2518 1166 2584 1202 eo
2623 1165 2734 1219 quo
2756 1149 3021 1205 adversus
3050 1150 3407 1205 Athanasium
3443 1152 3607 1207 arde-

2037 1241 2170 1295 bant
2203 1240 2354 1304 odio.
2386 1242 2556 1296 veluti
2585 1242 2966 1313 presbyterum
2992 1252 3374 1313 susceperunt,
3397 1244 3613 1313 episco-

2038 1332 2144 1401 pali
2172 1346 2232 1385 se
2259 1346 2384 1386 eum
2432 1332 2695 1399 dignitate
2736 1343 3031 1387 ornaturos
3079 1333 3327 1401 polliciti,
3357 1336 3400 1387 si
3448 1350 3612 1390 aecuv

2038 1423 2303 1478 sationem
2358 1424 2657 1478 Athanasio
2714 1424 3047 1481 intenderet.
3098 1425 3191 1479 Ille
3230 1441 3363 1481 sane
3394 1442 3459 1482 ea
3490 1443 3612 1496 qua:

2038 1509 2183 1563 dicta
2226 1521 2405 1571 erant,
2440 1510 2597 1564 facile
2642 1512 2898 1566 instituit.
2955 1513 3255 1581 Imperator
3301 1531 3467 1583 porro
3526 1516 3614 1570 his

2038 1601 2224 1655 verbis
2253 1603 2476 1661 auditis.
2508 1603 2734 1656 Censori
2772 1604 2848 1673 (I)
2881 1604 3144 1659 Dalmatio
3167 1604 3354 1660 fratris
3383 1605 3495 1660 lilio
3521 1621 3609 1661 res

2040 1692 2412 1749 Antiochenas
2447 1694 2500 1747 in
2542 1692 2696 1764 Syria
2735 1694 3141 1750 administranti
3182 1696 3411 1761 scribit,
3453 1706 3511 1751 ut
3541 1698 3609 1752 de

352 1785 604 1850 ἐγένετο,
633 1785 776 1852 Εγνω
809 1785 945 1836 ὅπου
986 1784 1165 1853 διῆγε,
1214 1786 1348 1853 πρὸς
1383 1782 1683 1853 Πατρίνην,
1718 1786 1851 1852 παρ’
1891 1777 1935 1851 ᾧ

2044 1785 2123 1839 eis
2166 1784 2332 1840 rebus
2365 1786 2601 1854 iudicet,
2642 1786 2929 1857 justasque
2963 1788 3145 1858 exigat
3193 1804 3405 1857 pmnas.
3448 1788 3611 1844 Mittit

350 1881 454 1935 καὶ
486 1879 813 1948 ἐκρύπτετο.
835 1875 948 1929 Καὶ
977 1875 1137 1927 αὐτὸν
1159 1874 1259 1944 μὲν
1280 1874 1377 1943 οὐχ
1397 1870 1523 1944 εὗρε
1542 1889 1555 1904 ⁸
1588 1874 1687 1943 τὴν
1715 1874 1821 1941 γαρ
1841 1874 1934 1926 τοῦ

349 1948 608 2025 διακόνου
655 1968 922 2039 μαθόντες
970 1968 1179 2035 ἄφιξιν,
1210 1967 1294 2029 εἰς
1333 1967 1433 2034 τὴν
1474 1965 1629 2018 κάτω
1664 1965 1936 2018 διέϐαινον

350 2062 674 2130 Αἰγυπτονο
710 2060 802 2113 τὸν
840 2059 897 2111 δὲ
928 2057 1205 2127 Πατρίνην
1238 2057 1443 2120 λαϐὼν,
1476 2059 1594 2126 ἃμα
1626 2057 1682 2109 δὲ
1720 2059 1814 2109 καὶ
1848 2056 1939 2110 'II-

350 2155 481 2208 λίαν
529 2154 586 2216 ὃς
621 2153 864 2222 ἑτέρωσε
909 2150 1101 2205 τοῦτον
1149 2151 1505 2220 μετέστησεν,
1544 2152 1625 2211 εἰς
1682 2151 1936 2217 Ἀλεξάν-

348 2248 554 2317 δρειαν
586 2248 800 2316 ἤγαγεν
824 2261 837 2275 ·
879 2243 929 2298 οἳ
978 2244 1072 2295 καὶ
1106 2243 1276 2311 ἄμφω
1313 2245 1695 2308 παραστάντες
1730 2244 1809 2313 τῷ
1836 2245 1937 2313 ἄρ-

352 2355 537 2409 χοντι,
574 2337 888 2405 ὡμολόγουν
912 2338 968 2388 ὲν
994 2333 1163 2399 ζῶσιν
1195 2331 1334 2387 εἶναι
1362 2335 1647 2405 Ἀρσένιον
1670 2352 1683 2366 ’
1715 2335 1776 2388 ὃν
1804 2335 1937 2406 παρ’

350 2431 551 2492 αὐτοῖς
576 2429 954 2498 κρυπτόμενον
977 2426 1073 2479 νῦν
1102 2429 1382 2495 Αἴγυπτος
1417 2427 1555 2495 ἔχει.
1591 2428 1735 2497 Δῆλα
1765 2428 1821 2480 δὲ
1846 2431 1937 2480 καὶ

356 2521 579 2592 βασιλεῖ
603 2520 821 2573 ἐποίουν
842 2520 909 2573 τὰ
932 2518 1222 2589 εἰρημένα.
1258 2519 1318 2573 ’0
1350 2519 1405 2571 δὲ
1437 2521 1670 2588 γράφων
1707 2520 1940 2573 Ἀθανα-

357 2613 505 2683 σίῳ,
535 2611 757 2681 ἔχεσθαι
788 2611 891 2679 τῆς
924 2609 1229 2681 ἱερωσύνης
1279 2611 1560 2679 ἐπιμελῶς
1595 2610 1804 2676 ἔπειθε,
1843 2613 1940 2666 καὶ

353 2710 461 2768 τὰς
495 2705 605 2759 τῶν
638 2703 982 2759 Μελιτιανῶν
1023 2703 1097 2773 μὴ
1123 2704 1355 2757 δεδιέναι
1393 2704 1764 2773 συκοφαντίας
1788 2720 1805 2735 ·
1844 2706 1939 2758 καὶ
1966 2759 1982 2770 ,

354 2794 519 2866 δίκην
564 2794 611 2848 δ’
656 2793 1062 2865 εἰσπράξασθαι
1116 2792 1216 2863 τὴν
1254 2792 1411 2859 ἀξίαν
1440 2793 1568 2855 τοὺς
1600 2793 1669 2846 τά
1710 2792 1941 2845 τοιαῦτα

357 2886 682 2957 τολμῶντας
709 2887 1087 2954 κατηγγυᾶτο,
1118 2885 1212 2937 καὶ
1244 2882 1542 2954 ἡσυχάζειν
1575 2883 1650 2955 μὴ
1679 2885 1941 2967 αἱρουμέ-

364 2991 519 3037 νους,
557 2974 696 3026 ἀλλὰ
746 2972 1011 3043 θορύϐους
1061 2969 1449 3032 άνακινοῦντας
1496 2974 1563 3040 τῇ
1613 2970 1977 3040 Ἐκκλησία,,

364 3066 475 3121 ὑπὸ
518 3066 802 3127 δικάζουσι
853 3064 1037 3134 νόμοις
1083 3062 1325 3116 διδόναι·
1377 3061 1453 3126 ὡς
1486 3060 1562 3132 μὴ
1617 3062 1778 3131 μόνον
1828 3065 1940 3125 τοῖς

365 3158 569 3222 ἀθώοις
595 3160 791 3226 φθόνον
823 3159 916 3211 καὶ
962 3156 1257 3227 ἐπιϐουλὴν
1305 3156 1639 3228 βάπτοντας,
1671 3154 1812 3209 ἀλλὰ
1846 3159 1940 3209 καὶ

364 3253 447 3323 τῷ
492 3252 648 3322 καλῷ
674 3252 775 3321 τῆς
808 3251 1061 3317 εὐταξίας
1095 3253 1188 3303 καὶ
1216 3249 1315 3320 τῆς
1367 3248 1650 3313 εὐσεϐείας
1678 3248 1942 3317 λυμαινοο

369 3346 588 3415 μένους.
624 3342 813 3397 Ταῦτα
859 3342 1077 3412 γράψας
1120 3340 1449 3411 Ἀθανασίῳ,
1482 3342 1576 3394 ἐπὶ
1624 3338 1808 3393 κοινοῦ
1843 3340 1944 3409 τὴν

366 3435 667 3505 ἐπιστολὴν
711 3434 1131 3504 ἀναγνωσθῆναι
1173 3433 1529 3503 προσέταττε.
1572 3433 1852 3502 Περιδεεῐς
1888 3432 1946 3485 δὲ

364 3529 415 3580 οἰ
446 3528 512 3580 ἐκ
540 3526 799 3581 Μελιτίου
829 3525 1440 3594 γενόμενοι,τουλοιποῦ
1474 3528 1568 3579 ατε
1609 3525 1674 3597 δὴ
1712 3526 1812 3595 τὴν
1850 3522 1944 3577 τοῦ

368 3621 702 3682 καατοῦντος
732 3618 1076 3689 ὑφορώμενοι
1099 3617 1351 3687 ἀπειλὴν,
1391 3620 1490 3687 ὴρέ
1499 3636 1574 3688 μα
1593 3615 1757 3688 εἶχον.
1779 3619 1886 3672 Καὶ
1909 3619 1943 3688 ἡ

366 3713 783 3780 κατἈῖγυπτον
810 3711 1109 3780 Ἐκκλησία
1130 3712 1190 3764 ὲν
1214 3711 1409 3784 εἰρήνῃ
1432 3712 1605 3765 ἐτέλει
1633 3712 1738 3765 ὑπὸ
1755 3712 1946 3765 τοσού-

365 3821 465 3857 του
491 3804 685 3874 ἱερέως
715 3802 1027 3873 ἰθυνομινη.
1055 3802 1332 3857 Ἐπεδίδου
1357 3802 1411 3855 δὲ
1438 3802 1562 3857 καθ’
1581 3803 1821 3875 ἑκάστην
1850 3807 1977 3876 καὶί

368 3896 758 3949 πολυπλασίων
772 3893 1007 3964 ἐγίνετο,
1024 3895 1236 3964 πολλῶν
1250 3896 1346 3948 καὶ
1366 3895 1552 3956 τῶνξὲκ
1568 3898 1667 3967 τῆς
1704 3896 1945 3965 Ἑλληνι-

367 3984 479 4052 κῆς
506 3983 813 4056 θρησκείας
839 3985 905 4053 τῇ
936 3983 1117 4035 πίστει
1141 3984 1614 4053 προστιθεμένων,
1652 3986 1745 4038 καὶ
1775 3986 1945 4056 ἄρδην

366 4073 543 4126 eam»
565 4075 728 4137 ὅλων,
754 4073 853 4142 τὴν
878 4072 1266 4144 κατάΧριστὶν
1297 4077 1477 4128 πίστιν
1499 4077 1941 4147 μετερχομένων.

2037 1891 2259 1947 quoque
2281 1876 2365 1941 {ad
2397 1893 2524 1933 eum
2571 1878 2869 1933 Eusebium
2897 1888 2954 1934 et
2989 1879 3365 1949 Theognidem
3386 1922 3402 1946 ,
3438 1891 3497 1935 ut
3527 1881 3614 1934 eis

2037 1969 2409 2024 assessoribus
2448 1968 2721 2041 judicium
2767 1970 2836 2024 de
2890 1971 3187 2026 Athanasio
3228 1982 3611 2040 perageretur.

2037 2060 2194 2128 Quod
2220 2062 2313 2117 ubi
2336 2063 2671 2120 Athanasius
2694 2079 2761 2118 ex
2784 2063 3050 2129 Censore,
3082 2063 3176 2134 qui
3199 2078 3323 2119 eum
3350 2079 3613 2118 evocave-

2039 2157 2144 2211 rat,
2162 2150 2438 2219 cognovit,
2459 2166 2647 2206 secum
2671 2151 2787 2221 ipse
2813 2155 3163 2222 perpendens
3185 2168 3349 2223 quam
3374 2152 3605 2208 arduum

2039 2238 2109 2292 sit
2137 2254 2354 2293 causam
2382 2239 2566 2296 dicere
2601 2242 2746 2311 apud
2787 2242 2969 2297 minus
3003 2240 3304 2298 benevolos
3344 2251 3400 2299 et
3426 2258 3615 2313 equos

2034 2331 2290 2401 judices:
2329 2332 2547 2387 illorum
2598 2334 2811 2389 artibus
2861 2334 3125 2388 adversus
3159 2350 3256 2390 eos
3304 2346 3631 2401 concertata

2042 2433 2096 2476 et
2127 2422 2305 2477 modis
2331 2424 2587 2478 omnibus
2615 2424 2903 2478 veritatem
2931 2424 3156 2478 minime
3183 2440 3508 2495 oppressum
3543 2426 3611 2480 iri

2042 2524 2248 2585 sperat.
2286 2515 2349 2570 Et
2382 2515 2509 2585 quia
2540 2516 2759 2572 diﬂlcile
2781 2517 2832 2571 ei
2866 2516 3177 2580 videbatur,
3210 2533 3323 2572 rem
3352 2517 3612 2572 omnibus

2040 2608 2294 2677 probare,
2320 2608 2552 2664 Arsenio
2589 2624 2696 2663 non
2738 2618 3093 2677 comparente
3127 2627 3140 2662 :
3178 2617 3233 2662 et
3270 2608 3388 2679 ipse
3425 2625 3613 2665 secum

2042 2700 2354 2769 reputabat,
2382 2716 2490 2755 non
2513 2701 2675 2754 aliter
2707 2715 2766 2755 se
2788 2701 3158 2755 innocentiam
3184 2716 3339 2757 suam
3361 2701 3613 2757 declara-

2044 2798 2225 2845 turum
2266 2807 2405 2853 esse.
2447 2792 2549 2846 nisi
2590 2792 2771 2846 vivere
2788 2807 2912 2847 eum
2942 2793 3278 2857 ostenderet,
3312 2809 3477 2864 quem
3510 2794 3612 2866 ipsi

2043 2893 2320 2936 mortuum
2342 2898 2461 2937 esse
2483 2882 2822 2949 asserebant,
2841 2898 2908 2938 ex
2934 2883 3297 2939 familiaribus
3320 2886 3612 2955 quemdam

2043 2974 2339 3030 diaconum
2364 2972 2418 3026 in
2431 2971 2720 3043 Egyptum
2747 2973 2934 3038 mittit,
2953 2973 3047 3044 qui
3066 2974 3359 3030 Arsenium
3382 2985 3613 3045 quaerat.

2045 3065 2155 3130 Ille,
2178 3073 2465 3135 postquam
2491 3065 2827 3120 Thebaidem
2872 3067 3141 3135 pervenit.
3187 3066 3280 3122 ubi
3311 3078 3499 3138 ageret
3523 3082 3617 3124 co-

2043 3159 2270 3228 gnovit:
2294 3157 2438 3225 apud
2463 3157 2738 3212 Patrinem
2760 3158 2994 3220 scilicet,
3015 3159 3109 3228 qui
3136 3173 3262 3214 eum
3285 3160 3617 3215 occultabat.

2046 3250 2223 3318 Atque
2245 3249 2421 3318 ipsum
2448 3249 2671 3319 quidem
2706 3249 2779 3303 ibi
2807 3265 2916 3303 non
2941 3249 3184 3305 invenit:
3209 3250 3447 3306 adventu
3472 3252 3618 3305 enim

2048 3340 2263 3394 diaconi
2290 3340 2603 3411 cognito,in
2635 3340 2953 3395 inleriorem
2982 3340 3617 3412 transieratlEgyptum:

2069 3433 2343 3490 fatrinem
2375 3443 2581 3494 autem,
2633 3441 2689 3487 et
2735 3432 2898 3487 simul
2946 3432 3143 3496 Eliam,
3172 3432 3267 3501 qui
3296 3433 3448 3487 illum
3509 3433 3622 3488 alio

2051 3528 2440 3590 traduxerant,
2506 3533 2887 3597 assumptum,
2938 3523 3324 3577 Alexandriam
3366 3522 3616 3580 adduxit.

2051 3616 2151 3684 Qui
2197 3617 2358 3672 ambo
2401 3617 2544 3685 apud
2600 3615 2888 3685 praesidem
2924 3614 3108 3669 vivere
3149 3614 3439 3669 Arsenium
3491 3630 3623 3670 con-

2052 3708 2182 3762 fessi
2224 3716 2377 3769 sunt,
2408 3707 2504 3776 qui
2547 3705 2616 3760 ab
2655 3704 2790 3775 ipsis
2823 3714 2984 3759 antea
3019 3705 3352 3772 occultatus,
3386 3720 3454 3759 eo
3484 3713 3621 3760 tem-

2051 3816 2182 3871 pore
2210 3800 2262 3853 in
2298 3797 2527 3869 (Egypto
2555 3806 2720 3853 esset.
2741 3796 2867 3851 Ilaec
2889 3797 2955 3850 ad
2983 3798 3371 3866 imperatorem
3401 3811 3620 3866 quoque

2049 3902 2179 3947 sunt
2211 3892 2397 3947 relata.
2435 3891 2485 3946 Is
2510 3891 2804 3944 Athanasio
2838 3890 3062 3954 scribit,
3094 3890 3352 3949 suadens.
3397 3900 3457 3943 ut
3493 3903 3617 3944 cum

2053 4000 2184 4039 cura
2235 3984 2611 4052 episcopatum
2666 3984 2927 4037 retineret
2974 3992 3138 4052 atque
3186 3982 3617 4044 administraret,

2052 4075 2458 4130 Melitianoruni
2492 4072 2797 4127 delationes
2815 4088 2924 4126 non
2952 4079 3240 4128 metueret.
3263 4073 3329 4127 Et
3360 4081 3622 4142 prmterea

367 4169 564 4240 dignas
615 4185 807 4239 pinnas
862 4170 1077 4241 legibus
1124 4172 1501 4240 persoluturos
1548 4188 1669 4227 esse
1703 4174 1929 4242 recepit,
1970 4172 2065 4242 qui
2094 4182 2202 4227 tam
2234 4174 2420 4242 gravia
2451 4169 2744 4232 auderent,
2794 4178 2851 4224 et
2910 4170 3200 4240 quiescere
3250 4169 3471 4240 quidem
3499 4173 3621 4224 nol-

364 4266 507 4331 lent,
537 4267 811 4321 tumultus
831 4281 965 4321 vero
1000 4268 1055 4321 in
1095 4266 1334 4323 Ecclesia
1406 4270 1785 4327 concitarent:
1840 4269 2007 4342 649
2056 4285 2155 4326 eos
2192 4268 2401 4325 scilicet
2440 4269 2710 4330 homines.
2762 4268 2855 4337 qui
2887 4283 2996 4321 non
3047 4268 3208 4322 modo
3248 4268 3406 4323 bonis
3459 4275 3623 4335 atque

364 4364 757 4419 innocentibus
805 4378 902 4433 per
960 4364 1223 4420 Invidiam
1296 4365 1524 4421 insidias
1566 4376 1871 4433 struerent,
1916 4384 2104 4423 verum
2168 4368 2333 4423 etiam
2397 4364 2575 4421 ordini
2613 4380 2863 4434 veraeque
2915 4366 3109 4435 pietati
3152 4365 3486 4420 detrimento
3530 4383 3621 4423 es-

366 4475 512 4521 sent.
543 4464 667 4519 llzec
701 4480 824 4519 cum
854 4463 923 4518 ad
960 4464 1325 4523 Athanasium
1352 4468 1689 4539 scripsisset,
1759 4471 1976 4539 publice
2017 4476 2064 4530 is
2108 4471 2395 4543 epistolam
2481 4469 2699 4525 recitari
2752 4467 2937 4537 jussit.
2994 4465 3255 4519 Melitiani
3309 4466 3363 4519 in
3415 4476 3617 4520 metnzn

364 4560 605 4633 coniecti
648 4560 749 4631 (‘2),
784 4560 1046 4631 deinceps
1083 4561 1261 4617 minas
1332 4564 1677 4633 imperatoris
1740 4578 2014 4634 verentes,
2054 4570 2514 4640 conquieverunt.
2567 4566 2631 4620 Et
2680 4563 2910 4619 ecclesia
2959 4563 3012 4615 in
3041 4559 3272 4631 Egypto
3297 4571 3487 4630 pacata
3515 4572 3621 4623 est,

367 4670 494 4724 qua:
543 4670 575 4708 a
607 4663 767 4708 tanto
801 4652 1062 4723 pontiﬁce
1091 4654 1584 4711 administraretur.
1602 4657 1660 4711 In
1692 4658 1809 4713 dies
1844 4675 2062 4730 quoque
2098 4678 2161 4717 ea
2194 4660 2519 4731 augebatur,
2546 4657 2997 4727 frequentiorque
3035 4653 3200 4708 Iit-bat
3234 4672 3247 4708 :
3276 4654 3422 4726 quod
3467 4653 3624 4710 multi

366 4764 435 4802 ex
493 4750 889 4818 superstitione
927 4749 1094 4805 etiam
1138 4747 1453 4805 Graecorum
1524 4753 1591 4804 ad
1663 4750 1824 4805 fidem
1895 4757 2241 4819 accederent,
2276 4763 2332 4809 et
2385 4753 2572 4823 populi
2607 4751 2707 4806 toti
2748 4748 2819 4803 ad
2853 4749 3337 4804 Christianismum
3367 4764 3627 4823 aggrega-

369 4853 584 4900 rentur.

936 4957 1189 5012 ΚΕΦΑΔ.
1231 4956 1368 5015 ΜΘ⁹.

2604 4951 2831 5009 CAPUT
2873 4950 3063 5006 XLIX.

369 5050 511 5116 napi
542 5047 652 5124 τῆς
678 5049 750 5101 ἐν
782 5047 949 5124 Τύρῳ
1003 5053 1153 5124 κατὰ
1213 5051 1574 5124 Ἅθᾳνασίου
1612 5053 1941 5124 γενομένης

2046 5050 2126 5105 De
2151 5048 2354 5124 synodo
2408 5046 2531 5116 Tyri
2584 5054 2770 5124 contrq
2815 5044 3172 5124 Athanasium
3202 5053 3411 5124 coacta,
3465 5050 3515 5094 et
3567 5050 3622 5092 ut

438 5114 712 5192 ovfdo‘cu
734 5135 752 5192 ᾖ
774 5114 871 5192 καί
907 5121 987 5192 ὡς
1014 5119 1118 5183 τὰς
1158 5122 1347 5192 αὑτοῦ
1382 5114 1765 5191 κατηγορίιιξ
1792 5114 1941 5192 Ψεύῖ

2119 5114 2479 5172 acEusatinnes
2510 5127 2699 5169 contra
2751 5116 2923 5184 ipsum
2959 5116 3232 5167 institutas
3286 5114 3453 5183 falsas
3513 5126 3621 5162 esse

438 5189 568 5253 δεῖς
588 5188 1343 5258 ἀπήλεγξενᾌθανάσως.
1544 5188 1553 5190 “
1605 5188 1618 5191 ⁷
1722 5188 1731 5189 ί
1800 5188 1812 5192 ⁷

2121 5190 2437 5243 Athanasius
2473 5188 2726 5256 arguerit.

438 5299 515 5350 Οὔ
550 5300 669 5368 μετ’
718 5300 780 5351 οὐ
828 5300 964 5353 πολὺ
998 5301 1050 5353 δὲ
1105 5302 1306 5355 αἰτῶν
1350 5303 1608 5357 ἐναντίων
1659 5304 1949 5359 ἐπιϐουλαὶ

380 5390 692 5462 Ἀθανασίφ
714 5393 1020 5463 πράγματα
1049 5399 1329 5467 παρεῖκον,
1362 5400 1453 5450 καὶ
1483 5400 1634 5468 μῖσος
1666 5400 1815 5468 παρὰ
1853 5400 1948 5467 βα·

440 5575 518 5637 Η)
556 5572 1292 5651 Legendum_puto_Ctesari,
1322 5595 1387 5635 ex
1419 5581 1707 5650 Eutropio,
1739 5584 1834 5651 qui
1869 5584 1938 5635 de
2003 5629 2013 5641 .

366 5644 731 5700 Constantino
760 5644 952 5700 scribit
982 5666 995 5700 :
1025 5648 1416 5705 Tricennalibus
1450 5653 1557 5705 suis
1596 5644 1936 5707 'Dalm'atinm

365 5717 556 5784 {ratris
598 5718 680 5769 sui
734 5715 904 5783 [ilium
947 5716 1207 5772 Cwsarrm
1239 5719 1381 5791 legit.
1420 5722 1475 5777 In
1525 5729 1773 5793 catalogo
1805 5738 1937 5778 con-

2120 5304 2239 5359 Non
2283 5303 2443 5372 longe
2488 5302 2688 5356 deinde
2725 5310 2869 5371 post,
2921 5299 3363 5355 adversariorum
3408 5293 3620 5349 technre

2053 5412 2270 5452 rursum
2304 5397 2609 5450 Athanasio
2644 5394 2923 5462 negotium
2950 5392 3272 5452 exhibuere,
3317 5387 3619 5455 odiumque

2045 5585 2227 5639 sulum
2253 5582 2653 5638 Romanorum.
2681 5582 2753 5634 ‘23
2785 5580 2999 5649 imperii
3031 5572 3383 5631 Constantini
3420 5562 3615 5629 consul
3669 5559 3679 5569 ’

2046 5655 2319 5725 reperitur
2355 5654 2650 5725 Dalmatius
2679 5653 2882 5705 Gesar.

2118 5718 2197 5795 (Ξ)
2229 5726 2400 5791 Τέως,
2439 5724 2656 5779 Sozam.
2692 5733 2749 5774 ut
2786 5734 2970 5788 supra,
3007 5718 3109 5771 hoc
3141 5726 3243 5784 est,
3278 5724 3413 5771 tum.
