3988 6190
383 269 482 326 195

1588 277 2010 336 NICEPIIOIH
2055 277 2396 334 CALUSTI

3519 284 3622 348 195

377 382 522 451 apud
574 383 958 452 imperatorem
1013 399 1294 442 creavere.
1353 390 1488 444 Nam
1553 405 1937 448 accusatorum

2044 393 2179 444 σιλεϊ
2235 391 2660 456 κατεσκεύαζον,
2701 393 2796 446 καὶ
2848 393 3054 464 πλῆθος
3089 397 3415 483 κατηγόρων
3471 405 3624 456 συνί-

380 475 536 528 turba
568 474 720 528 coiit.
778 474 822 528 Α
855 476 1054 541 quibus
1078 479 1166 532 vix
1225 481 1440 534 tandem
1494 483 1794 552 imperator
1821 501 1942 552 per-

381 573 582 626 motus,
599 565 865 634 synodum
883 566 1144 623 Caesarem
1169 570 1466 628 Palaestina:
1482 578 1600 644 cogi
1624 576 1806 640 jttSsil.
1823 577 1941 642 Quo

375 664 638 708 evocatus
667 657 1106 718 Athanasius.ad
1140 677 1358 718 menses
1393 665 1613 734 triginta
1645 668 1938 721 adventum

379 760 536 798 suum
569 746 816 809 distulit,
845 749 966 818 ejus
995 751 1090 818 qui
1121 753 1197 806 ibi
1245 755 1422 810 sacris
1460 759 1786 825 przesidebat
1834 759 1941 814 Eu.

378 836 514 890 sebii
563 839 850 908 Pamphili,
883 851 938 896 et
987 847 1331 913 cognominis
1378 859 1432 903 et
1479 850 1949 916 Nicomediensis,‘

376 927 740 998 factionisque
757 946 946 986 eorum
969 933 1152 988 dolum
1172 948 1490 1006 suspectum
1515 942 1740 996 habens.
1761 943 1940 1011 Atque

374 1035 442 1074 eo
474 1020 698 1088 quidem
731 1023 922 1077 venire
955 1027 1266 1094 supersedit
1293 1047 1306 1080 :
1343 1038 1530 1098 postea
1564 1047 1694 1085 vero
1726 1035 1939 1087 acriore

373 1109 424 1162 ei
455 1111 702 1166 adhibita
736 1113 808 1172 vi.
839 1112 1042 1184 Tyrum
1071 1119 1235 1172 venit.
1275 1119 1571 1188 Imperator
1603 1136 1840 1191 namque
1871 1125 1937 1176 ad

371 1200 738 1256 dedicandum
809 1205 1196 1280 Hierosolymis
1263 1215 1564 1282 templum,
1621 1218 1763 1284 quod
1825 1219 1942 1286 ipse

373 1306 784 1360 construxerat,
809 1300 1078 1367 synodum
1114 1305 1432 1374 congregari
1485 1306 1721 1374 iusserat
1753 1325 1768 1360 :
1803 1325 1936 1378 quo,

373 1395 433 1437 ut
479 1387 793 1454 spectaculo
848 1401 1056 1456 essent,
1104 1393 1396 1458 Eusebius,
1427 1405 1483 1450 et
1535 1399 1627 1464 qui
1687 1401 1940 1457 faetionis

369 1476 490 1544 ejus
533 1491 712 1544 erant,
765 1496 888 1534 cum
929 1486 1099 1538 multo
1132 1496 1188 1540 et
1245 1489 1394 1555 regio
1441 1503 1706 1559 apparatu
1761 1493 1934 1548 ibant.

346 1567 498 1620 -Eam
530 1571 797 1640 synodum
839 1575 1138 1642 imperator
1165 1595 1228 1632 ex
1263 1581 1462 1636 itinere
1520 1583 1722 1656 Tyrum
1755 1587 1937 1642 diver-

370 1671 596 1724 tentem,
635 1663 786 1732 prius
826 1667 1111 1723 Athanasii
1144 1686 1363 1726 causam
1409 1675 1683 1731 discutere
1727 1677 1930 1747 jussit:

371 1765 431 1810 ut
477 1756 675 1826 jurgiis
723 1762 993 1830 nugisque
1047 1767 1306 1820 omnibus
1359 1783 1390 1822 e
1443 1771 1623 1823 medio
1682 1773 1933 1839 sublatis,

371 1849 744 1916 paratioribtis
779 1853 978 1906 animis
1005 1859 1210 1924 templo
1253 1857 1363 1911 Deo
1395 1863 1788 1926 consecrando,
1818 1879 1936 1934 my-

369 1945 502 1993 stica
533 1957 687 1996 sacra
715 1944 1048 2011 perﬁcerent
1080 1947 1179 2016 (Ι).
1213 1947 1349 2002 Tum
1398 1959 1583 2006 autem
1614 1954 1935 2010 tricesimus

369 2033 951 2102 imperiiConstantini
978 2040 1246 2107 agebatur
1275 2057 1474 2096 annus.
1511 2043 1676 2114 650
1707 2047 1770 2100 Et
1801 2047 1936 2101 ade-

367 2135 492 2179 rant
521 2141 584 2178 ex
617 2127 893 2198 episcopis
943 2129 1315 2187 Orientalibus
1347 2136 1624 2204 sexaginta
1679 2153 1934 2200 numero.

367 2232 506 2284 quos
538 2217 830 2288 Dionysius
871 2223 1254 2280 excousularis
1306 2239 1581 2296 coegerat.
1635 2229 1710 2284 Eo
1745 2230 1937 2288 ferreis

366 2307 576 2357 catenis
601 2307 818 2363 vinctus
863 2325 927 2363 ex
952 2311 1281 2368 Alexandria
1330 2316 1596 2373 Macarius
1627 2320 1932 2390 presbyter,

369 2397 591 2451 militari
649 2414 775 2453 eum
823 2400 1060 2458 ducente
1111 2419 1312 2470 mauu,
1371 2412 1542 2462 venit.
1601 2411 1938 2468 Athanasius

365 2497 548 2540 autem
584 2489 808 2545 citatus.
857 2493 1095 2562 primum
1145 2498 1362 2565 quidem
1418 2515 1601 2555 moras
1656 2505 1934 2568 nectebat,

366 2593 474 2630 non
507 2585 614 2632 tam
664 2579 1078 2639 criminationes
1118 2587 1346 2650 timens,
1382 2604 1545 2658 quam
1597 2607 1665 2645 ne
1693 2593 1824 2660 quid
1871 2593 1938 2648 de

371 2669 474 2721 ﬁde
491 2671 653 2724 ali'er
670 2688 830 2740 quam
865 2673 917 2726 in
949 2673 1166 2730 Nicaana
1197 2679 1408 2748 synodo
1426 2679 1705 2734 decretura
1735 2683 1935 2748 fuerat,

369 2774 668 2816 novaretur
694 2781 912 2819 cavens.
941 2766 1161 2822 Veritus
1185 2778 1364 2823 tamen
1409 2770 1759 2838 imperatoris
1785 2773 1937 2828 litte-

372 2868 482 2916 ras,
510 2869 649 2921 quaa,
686 2856 786 2908 nisi
819 2871 914 2910 sua
961 2873 1156 2927 sponte
1188 2859 1421 2922 veniret,
1466 2861 1695 2915 invitum
1726 2879 1850 2916 eum
1888 2865 1937 2916 vi

369 2957 437 2996 eo
489 2945 782 2998 abductum
835 2945 902 2998 iri
955 2949 1342 3014 minabantur,
1376 2947 1577 3020 Tyrum
1639 2952 1804 3008 venit.
1846 2953 1938 3008 Dei

373 3042 556 3087 autem
581 3036 924 3104 providentia
955 3039 1334 3109 quzedam,qui
1361 3053 1608 3096 mortuus
1629 3044 1934 3107 dicebatur,
1967 3062 2010 3124 ε

369 3123 554 3174 vivum
588 3123 881 3178 Arsenium
917 3140 982 3180 eo
1015 3142 1236 3196 quoque
1265 3129 1346 3183 ire
1378 3132 1612 3200 impulit.
1639 3131 1757 3186 Non
1788 3136 1934 3187 enim

370 3213 640 3266 rationem
677 3213 870 3269 habuit
900 3217 978 3270 vel
1030 3231 1262 3286 acceptae
1304 3237 1331 3273 a
1371 3222 1722 3291 sycopliantis
1774 3239 1939 3293 pecu-

369 3305 498 3366 nia,
529 3306 612 3360 vel
639 3307 957 3362 corumdem
1007 3308 1074 3364 de
1101 3311 1468 3366 occultatione
1505 3314 1764 3374 mandati,
1802 3317 1931 3383 quin

367 3393 572 3464 Tyrum
599 3395 714 3464 ipse
741 3411 957 3466 quoque
983 3398 1121 3452 clam
1148 3399 1381 3462 veniret,
1399 3417 1689 3470 quemnam
1717 3408 1934 3458 tandem

368 3485 532 3539 ﬁnem
564 3501 652 3540 res
697 3487 972 3542 habiturae
999 3501 1180 3549 essent
1203 3530 1217 3550 .
1251 3491 1594 3561 cogniturus.
1630 3494 1801 3548 Porro
1835 3494 1938 3548 Ar-

365 3577 544 3632 chelai
577 3579 884 3634 consularis
915 3580 1148 3635 ministri
1185 3582 1239 3635 in
1265 3597 1510 3653 caupona
1539 3585 1772 3652 quadam
1812 3590 1936 3638 vino

371 3678 426 3720 et
452 3670 706 3724 ebrietati
769 3683 1040 3736 vacantes,
1074 3687 1197 3726 cum
1249 3687 1313 3727 ex
1372 3674 1630 3744 quodam,
1673 3691 1796 3729 eum
1843 3679 1933 3746 qui

373 3760 694 3814 interfectus
730 3776 850 3816 esse
889 3763 1066 3816 dictus
1112 3764 1289 3818 fuerat
1321 3807 1334 3831 ,
1385 3766 1673 3821 Arseuium
1721 3769 1932 3835 adesse,

368 3861 426 3905 et
470 3853 522 3905 in
554 3853 788 3920 quadam
833 3852 998 3908 domo
1048 3854 1263 3910 latitare
1311 3857 1614 3921 audissent,
1647 3875 1761 3912 rem
1802 3859 1937 3914 hero

371 3945 808 3999 renuntiarunt:
849 3944 944 4012 qui
997 3959 1116 4000 eam
1174 3947 1356 4000 statim
1403 3947 1720 4016 inquisitam
1772 3959 1936 4016 atque

367 4044 704 4100 compertam
740 4035 962 4103 pressit,
1005 4047 1315 4104 certamque
1369 4038 1629 4104 reddidit,
1663 4048 1719 4092 et
1764 4039 1936 4092 Atha-

367 4123 582 4174 nasium
629 4133 842 4177 secreto
882 4137 982 4192 per
1031 4122 1433 4178 internuntium
1494 4128 1731 4190 ﬁdelem,
1790 4127 1936 4182 bono

364 4213 553 4266 animo
577 4229 699 4266 esse
743 4213 933 4281 jussit,
989 4214 1136 4283 quod
1174 4217 1365 4270 vivens
1418 4216 1628 4272 scilicet
1671 4219 1936 4272 Arsenius

367 4303 607 4357 adesset.
643 4305 824 4372 Atque
868 4303 958 4358 ille
989 4319 1254 4372 praesens,
1285 4321 1408 4358 cum
1441 4306 1551 4376 jam
1582 4307 1637 4360 in
1670 4319 1937 4376 potestate

2049 503 2210 537 στατο
2235 502 2246 515 ·
2280 487 2370 553 ὑφ’
2393 479 2467 537 ὧν
2488 486 2641 553 μόλις
2668 489 2694 540 ό
2727 487 2984 556 βασιλεὺς
3015 487 3278 558 κινηθεὶς.
3317 479 3540 546 σύνοδον
3566 500 3624 548 ἐν

2043 579 2106 644 τῇ
2155 577 2521 645 Παλαιστίνης
2571 579 2836 630 ἐπέταττε
2888 580 3201 650 Καισαρείᾳ
3253 585 3618 648 συνάγεσθαι.

2048 667 2215 719 Ἔνθα
2255 666 2476 737 κληθεὶς
2509 669 2850 731 Ἀθανά-ςιος,
2893 672 2986 739 ἐπὶ
3028 671 3070 720 λ’
3109 671 3288 741 μῆνας
3317 675 3624 744 τὴνᾶφιξιν

2044 755 2354 817 ἀνεϐάλετο,
2399 756 2492 808 τοῦ
2527 755 2700 828 ταύτῃ
2745 757 3170 824 προεδρεύοντος
3215 759 3478 812 Εὐσεὸίου
3527 761 3624 814 τοῦ

2045 848 2331 914 Παμφίλου
2369 848 2462 900 καὶ
2510 848 2603 900 τοῦ
2641 848 2938 918 ὁμωνύμου
2980 839 3356 920 Νικομηδεῖας
3393 853 3484 903 καὶ
3523 845 3625 920 ’ἑῆς

2044 939 2174 1008 περὶ
2204 940 2400 1000 αὐτοὺς
2428 941 2742 1009 συμμορίας
2771 941 3129 1008 ὑπειδόμενος
3158 943 3258 1012 τὴν
3292 943 3620 1014 σκαιωρίαν.

2055 1030 2202 1081 Ἐκεῖ
2235 1030 2334 1098 μὲν
2360 1029 2452 1083 οὖν
2487 1031 2660 1084 ἐλθεῖν
2693 1031 2990 1084 inﬂicto
3017 1049 3030 1063 ⁸
3061 1035 3116 1094 ἐς
3146 1032 3375 1103 ὕστερον
3403 1035 3460 1087 δὲ
3487 1052 3624 1102 σιρο-

2041 1122 2295 1194 δρότερον
2331 1125 2597 1192 βιασθεὶς,
2629 1121 2763 1197 ἦκεν
2787 1128 2865 1189 είς
2895 1125 3089 1196 Τύρον.
3125 1127 3184 1179 Ὀ
3217 1129 3324 1194 γὰρ
3361 1128 3624 1198 βασιλεὺς

2043 1215 2134 1266 ἐπὶ
2165 1218 2230 1285 τῇ
2263 1215 2592 1286 καθιερώσει
2629 1217 2721 1269 τοῦ
2758 1219 2814 1270 ἐν
2861 1219 3257 1287 Ἱεροσολύμοις
3291 1219 3396 1271 νεὼ
3427 1219 3488 1272 ὃν
3521 1221 3625 1272 αὑ-

2041 1300 2131 1362 τὸς
2173 1304 2456 1374 ἀνήγειρε,
2500 1303 2719 1356 σύνοδον
2738 1303 3097 1376 ἀθροισθῆναι
3129 1307 3623 1359 ἐκέλευσεν.“Ἐνθα

2042 1391 2170 1454 θέας
2201 1396 2360 1464 χάριν
2391 1395 2646 1456 moesta;
2679 1413 2736 1448 τε
2771 1397 2866 1448 καὶ
2895 1399 2944 1448 οἱ
2976 1397 3100 1468 περὶ
3131 1399 3294 1450 αὑτὸν
3332 1402 3468 1466 μετὰ
3493 1400 3626 1450 πολ-

2041 1481 2140 1548 λῆς
2169 1482 2364 1551 ἤγοντο
2401 1484 2494 1536 καὶ
2530 1483 2815 1553 βασιλικῆς
2843 1486 2940 1553 τῆς
2973 1487 3220 1556 πομπῆς,
3267 1487 3365 1539 Ἢν
3396 1487 3460 1557 δὴ
3494 1489 3624 1539 σύν-

2037 1575 2154 1626 οδον
2194 1574 2698 1644 ἐκέλευεβασιλεὺς
2743 1577 2862 1628 ὁδοῦ
2893 1579 3175 1646 πάρεργον
3204 1577 3284 1642 είς
3316 1579 3491 1646 Τύρον
3524 1597 3620 1648 γε-

2039 1665 2318 1733 νομένους,
2346 1667 2609 1736 πρότερον
2651 1667 2720 1719 τὰ
2773 1670 2912 1719 κατὶ
2955 1667 3276 1722 ’Λθαασιον
3331 1671 3614 1735 ἐξετάσαι,

2037 1756 2111 1815 ὡς
2139 1756 2205 1809 ἂν
2239 1757 2484 1810 ἐκποδὼν
2517 1757 2696 1828 πάσης
2725 1761 3023 1829 γενομένης
3055 1763 3368 1832 ἐρεσχελίας
3409 1767 3615 1834 εἰρηνιο

2038 1849 2276 1917 κώτερον
2306 1849 2374 1900 τὰ
2433 1849 2770 1920 ἐπιϐατήρια
2823 1853 3152 1906 ἐκτελέσωσι
3195 1854 3272 1923 τῷ
3317 1853 3423 1925 νεῲ
3456 1857 3614 1926 ἀφιε-

2041 1939 2259 2007 ροῦντες
2276 1939 2436 1992 αὐτὸν
2460 1939 2536 2008 τῷ
2560 1939 2699 2009 Θεῷ.
2724 1941 3040 2015 Τηνικαῦτα
3073 1944 3128 1996 δὲ
3149 1947 3472 2012 τριακοστὸν
3495 1949 3613 2013 ἔτος

2037 2028 2230 2098 ἠνύετο
2264 2032 2326 2100 τῇ
2360 2031 2500 2100 ἀρχῇ
2538 2033 2930 2103 Κωνσταντίνῳ
2951 2033 3026 2103 τῷ
3059 2034 3290 2104 βασιλεῖ.
3324 2038 3434 2092 Καὶ
3475 2059 3616 2108 παρ-

2037 2125 2175 2192 ῇσαν
2205 2123 2312 2176 τῶν
2334 2125 2442 2176 ἀνὰ
2471 2123 2570 2194 τὴν
2600 2125 2674 2178 ’ἑω
2699 2126 3014 2180 ἐπισκόπων
3047 2128 3310 2198 ἐξήκοντα
3331 2131 3422 2184 τὸν
3448 2133 3518 2201 ἀρ
3545 2133 3609 2185 θ-

2041 2216 2170 2282 μὲν.
2218 2213 2312 2267 τοῦ
2360 2215 2467 2268 ἀπὺ
2518 2217 2802 2271 ὑπατικῶν
2851 2220 3131 2274 Διονυσίου
3175 2221 3396 2284 τούτους
3434 2223 3619 2294 ἀθροί-

2040 2322 2250 2370 σαντος.
2316 2307 2424 2360 Καὶ
2471 2307 2882 2379 σιδηροδέσμιος
2932 2313 2994 2362 ἐκ
3043 2315 3143 2381 τῆς
3205 2312 3615 2384 ’Δλεξανδρείνς

2039 2402 2202 2472 ἤγετο
2225 2402 2510 2470 Μακάριος
2537 2404 2564 2454 ὁ
2597 2405 2994 2472 πρεσϐύτερος,
3019 2409 3421 2479 στρατιωτικῆς
3449 2411 3613 2478 ἀγού-

2042 2509 2140 2563 σης
2187 2495 2394 2564 χειρός.
2440 2495 2756 2561 Ἀθανάσιος
2786 2497 2842 2550 δὲ
2872 2499 3116 2566 κληθεὶς,
3151 2501 3368 2572 πρῶτον
3399 2505 3496 2569 μὲν
3525 2509 3620 2556 ἁν-

2039 2585 2288 2650 εὸἁλετο,
2328 2587 2386 2638 ού
2432 2587 2689 2640 τοσοῦτον
2723 2591 2820 2650 τὰς
2873 2593 3232 2661 κατηγορίας,
3283 2595 3408 2647 ὅσον
3447 2597 3522 2665 μή
3564 2615 3615 2650 τι

2040 2677 2410 2743 καινοτομηθῇ
2454 2677 2603 2745 παρὰ
2640 2677 2700 2728 τὸ
2749 2677 2908 2742 δόξαν
2943 2681 3006 2749 τῇ
3049 2681 3190 2734 κατὰ
3218 2681 3452 2736 Νίκαιαν
3486 2702 3615 2736 συν-

2038 2767 2166 2835 όδῳ,
2201 2766 2522 2836 εὐλαϐηθείς
2542 2785 2557 2800 ο
2584 2767 2764 2832 δείσας
2795 2769 2839 2822 δ’
2870 2773 3020 2840 ὅμως
3043 2773 3110 2825 τὰ
3144 2773 3410 2843 βασιλέως
3439 2777 3618 2848 γράμ-

2044 2875 2206 2928 ματα.
2247 2860 2554 2928 γράφοντα,
2607 2861 2682 2924 ὡς
2713 2863 2760 2916 εί
2811 2863 2888 2933 μὴ
2915 2863 3055 2917 ἑκὼν
3085 2866 3426 2936 ἀπαντήσει,
3466 2869 3616 2923 ἄκων

2045 2948 2185 3018 μετὰ
2220 2949 2344 3019 βίας
2372 2952 2670 3020 ἀχθήσεται
2693 2995 2708 3014 ,
2735 2949 2870 3024 ἧκεν
2909 2958 2989 3019 είς
3015 2957 3211 3028 Τύρον,
3245 2958 3384 3012 Θεοῦ
3425 2960 3480 3013 δὲ
3505 2963 3614 3030 ἆρα

2040 3056 2124 3102 τις
2176 3040 2399 3109 πρόνοια
2429 3043 2519 3095 καὶ
2556 3045 2646 3096 τον
2681 3045 2826 3114 λόγῳ
2875 3049 3069 3118 νεκρὸν
3113 3050 3388 3119 ’Δρσένιον
3436 3053 3616 3116 ζῶντα

2041 3135 2120 3196 εἰς
2142 3132 2317 3199 Τύρον
2347 3135 2598 3204 ἤλαυνεν.
2642 3137 2729 3190 Ἐν
2758 3138 2998 3208 δευτέρῳ
3027 3140 3132 3212 γὰρ
3158 3141 3386 3210 θέμενος
3416 3146 3452 3199 ἃ
3477 3148 3617 3218 πρὸς

2039 3225 2148 3276 τῶν
2188 3228 2566 3294 συκοφαντιῶν
2609 3228 2731 3298 ἔσχε
2764 3233 3046 3300 χρήματα,
3099 3235 3195 3286 καὶ
3257 3237 3354 3298 τὰς
3389 3237 3618 3293 ἐκείνων

2039 3317 2134 3382 τῆς
2165 3317 2485 3386 ἀποκρυδῆς
2517 3320 2758 3383 ἐντολὰς,
2793 3322 2978 3391 κρύφα
3004 3326 3099 3376 καὶ
3124 3323 3286 3388 αὐτὸς
3311 3323 3466 3398 ἧκεν,
3491 3331 3618 3382 ὅποι

2040 3407 2158 3458 ποτ’
2192 3407 2256 3459 ἂν
2290 3409 2508 3476 λήξειαν
2548 3411 2614 3462 τὰ
2658 3404 3008 3483 ’γενησόμενα
3049 3417 3377 3488 ἱστορήσων.
3427 3420 3619 3491 ’Δρχε-

2037 3496 2166 3550 λάου
2211 3499 2267 3550 δὲ
2325 3499 2416 3550 τοῦ
2467 3502 2737 3554 ὑπατικοῦ
2793 3505 3014 3568 οἰκέτας
3056 3505 3114 3558 ἔν
3162 3525 3266 3560 τινι
3331 3513 3617 3580 καπηλείῳ

2043 3589 2190 3658 πότῳ
2218 3595 2310 3641 καὶ
2345 3590 2485 3662 μέθῃ
2516 3592 2897 3660 σχολάζοντας,
2933 3594 3278 3659 ἀκούσαντας
3303 3599 3438 3669 πρός
3469 3619 3615 3666 τινος

2038 3679 2114 3740 ὡς
2145 3684 2170 3732 ὁ
2197 3681 2506 3752 ἀνῃρῆσθαι
2550 3684 2842 3752 εἰρημένος
2873 3687 3138 3756 πάρεστιν
3189 3689 3488 3756 Ἀρσένιος,
3523 3709 3618 3745 κε-

2041 3773 2355 3840 κρυμμένος
2385 3773 2532 3842 οίκίᾳ
2557 3775 2685 3838 τινὶ,
2710 3777 2788 3843 τῷ
2823 3777 3056 3850 δεσπότῃ
3085 3779 3443 3851 ἀνήγγελλον.
3487 3783 3544 3837 ’0
3565 3783 3616 3837 δ’

2038 3861 2198 3922 εὐθὺς
2232 3862 2605 3932 ἀναζητήσας.
2636 3866 2694 3916 ὲν
2724 3865 2800 3932 τῷ
2841 3867 3077 3933 ἀσφαλεί
3105 3873 3326 3942 κατεῖχε
3357 3890 3372 3904 ο
3414 3875 3505 3928 καὶ
3536 3876 3617 3946 τῷ

2051 3951 2350 4023 Ἀθανασίῳ
2376 3957 2432 4006 ὲν
2457 3955 2793 4026 ἀπορρήτοις
2826 3959 3014 4028 ἐδήλου
3050 3959 3278 4032 θαρρεῖν
3303 3980 3320 3998 ο
3354 3967 3617 4036 παρεῖναι

2037 4047 2145 4116 γὰρ
2171 4047 2349 4110 ζῶντα
2395 4049 2698 4116 Ἀρσένιον.
2735 4052 2800 4103 ’0
2827 4051 2870 4102 δ’
2906 4056 2964 4104 ἐν
2996 4054 3152 4123 χερσὶ
3176 4036 3486 4127 γενόμενος,
3513 4062 3622 4112 ἁπ-

2037 4145 2277 4211 ηρνεῖτο.
2310 4143 2519 4206 Παῦλος
2548 4145 2592 4195 δ’
2623 4149 2651 4197 ό
2698 4143 2918 4215 Τυρίων
2958 4149 3260 4212 ἐπίσκοπος
3311 4154 3376 4204 ὲκ
3417 4154 3616 4206 πολλοῦ

1957 4288 1963 4294 ,
2037 4236 2128 4286 τὸν
2155 4234 2322 4304 ἄνδρα
2340 4235 2514 4302 εἰδὼς,
2537 4232 2574 4308 ἦ
2603 4239 2707 4309 μὴν
2738 4241 2945 4291 ἐκεῖνον
2969 4235 3106 4294 εἶναι
3134 4242 3474 4312 διωμολόγει.
3504 4247 3616 4301 Καὶ

2039 4326 2070 4390 ἡ
2110 4324 2209 4392 μὲν
2239 4325 2465 4394 πρόνοια
2513 4328 2656 4380 οὕτω
2696 4331 2761 4379 τὰ
2807 4328 2899 4381 τοῦ
2937 4331 3262 4401 πράγματος
3303 4335 3614 4406 ᾠκονόμει*

360 4409 558 4447 eorum
586 4403 730 4449 esset
778 4393 878 4465 (ἓ),
915 4409 1038 4448 eum
1094 4411 1152 4450 se
1182 4411 1303 4450 esse
1352 4398 1701 4467 pernegabat.
1735 4399 1937 4455 Paulus

2052 4393 2374 4480 Ἀθανὰσιος
2417 4419 2461 4471 δ’
2484 4421 2606 4472 ἐπεὶ
2642 4419 2860 4490 κληθεὶς
2891 4393 3136 4492 παρῆλθε
3169 4427 3234 4496 τῇ
3287 4393 3510 4499 συνόδω,
3546 4432 3616 4484 τὰ

363 4499 550 4540 autem
592 4486 719 4562 Tyri
769 4488 1087 4558 episcopus,
1143 4489 1235 4557 qui
1289 4489 1567 4544 hominem
1611 4491 1930 4560 jamdudum

363 4590 614 4645 noverat,
673 4580 1015 4649 ipsissimum-
1056 4597 1182 4636 eum
1245 4597 1366 4637 esse
1427 4585 1806 4652 prolitebatur.
1867 4591 1932 4640 Et

366 4671 706 4740 providentia
748 4672 967 4743 quidem
1017 4688 1134 4728 rem
1185 4690 1305 4728 eam
1360 4674 1681 4744 diSponens,
1715 4680 1792 4733 sic
1853 4689 1936 4732 est

372 4765 674 4820 moderata.
707 4765 1040 4821 Athanasius
1079 4781 1208 4820 vero
1239 4775 1526 4838 postquam
1561 4769 1759 4825 citatus
1789 4771 1932 4839 apud

367 4854 636 4925 synodum
685 4857 932 4910 constitit
962 4857 1062 4925 (5),
1094 4859 1322 4912 crimina
1358 4859 1464 4913 sibi
1489 4861 1701 4929 objecta
1736 4864 1932 4930 partim

360 4945 546 5005 diluit,
590 4947 781 5014 partim
820 4957 876 5000 ut
908 4949 974 5000 de
998 4949 1078 5001 eis
1107 4950 1341 5019 amplius
1365 4950 1682 5020 dispiceret,
1712 4953 1933 5007 dilatio—

366 5050 490 5086 nem
528 5034 685 5102 petiit
719 5035 897 5101 (valde
931 5053 1164 5106 namque
1218 5039 1450 5093 dillicilis
1501 5051 1557 5094 et
1593 5040 1851 5112 impedita
1884 5044 1934 5096 ei

367 5138 454 5175 res
503 5131 643 5188 erat,
691 5124 786 5192 qui
823 5139 1176 5180 accusatores
1228 5129 1372 5196 apud
1415 5130 1633 5196 judices
1668 5133 1936 5200 gratiosus

362 5225 505 5277 esse,
547 5222 713 5266 testes
761 5213 966 5267 multos
992 5229 1056 5268 ex
1100 5216 1318 5272 Ariauis
1351 5227 1407 5270 et
1440 5218 1753 5283 Melitianis,
1807 5237 1936 5275 seu-

363 5301 563 5356 teutias
590 5303 812 5356 illorttm
865 5306 1307 5373 comprobantes,
1343 5307 1638 5375 dispositos
1672 5322 1764 5364 :et
1790 5311 1936 5364 dela-

300 5517 308 5524 ,
433 5461 511 5528 (1)
573 5461 966 5532 Ἐπιὸατήρια.
1031 5463 1106 5516 Ita
1159 5463 1324 5518 etiam
1376 5462 1598 5518 Cereris
1650 5467 1939 5523 Eleusinize

361 5543 518 5602 sacra
549 5542 778 5602 mystica
809 5536 954 5586 dicta
979 5546 1136 5588 sunt.

401 5597 514 5667 γε)
551 5597 640 5652 ἐτ

436 5619 514 5667 tzi
558 5619 640 5652 ιν
700 5619 1120 5671 ερσιγενομενος
1147 5620 1164 5654 ο

361 5682 483 5736 cap.
509 5669 624 5736 28.)
660 5619 771 5723 {ioc
803 5683 909 5734 est,
951 5680 1164 5740 captus.

700 5604 817 5668 ερσὶ
834 5603 1120 5671 γενόμενος
1147 5604 1490 5674 συλληφθεὶς.
1511 5605 1748 5675 (Socrat.
1777 5611 1874 5664 lib.
1903 5629 1936 5674 I,
1971 5623 1988 5650 κ

2041 4511 2139 4576 μὲν
2186 4510 2293 4562 τῶν
2344 4511 2708 4581 ἐγκλημάτων
2749 4513 3072 4568 διελύσατοο
3117 4518 3209 4568 ἐπί
3255 4535 3364 4572 τισι
3409 4520 3466 4572 δὲ
3518 4523 3616 4574 καὶ

2040 4601 2338 4669 ὑπέρθεσιν
2365 4602 2446 4664 εἰς
2479 4603 2769 4671 διάσκεψιν
2795 4607 2913 4674 ᾔτει
2941 4607 3082 4673 (λίαν
3113 4607 3160 4660 δ’
3184 4605 3242 4662 ἓν
3272 4611 3498 4680 ἀπόροις
3523 4608 3614 4684 ἦν,

2037 4692 2164 4752 τούς
2203 4709 2262 4744 τε
2297 4693 2636 4764 κατηγόρους
2687 4699 3122 4767 κεχαρισμένους
3157 4703 3272 4765 τοῖς
3326 4703 3616 4768 δικασταῖς

2038 4784 2200 4850 ὀρῶν,
2232 4785 2515 4854 μάρτυρας
2555 4787 2612 4839 δὲ
2642 4789 2868 4851 πολλοὺς
2907 4794 3398 4862 παρακροτοῦντας
3425 4799 3617 4849 τάκεί-

2040 4891 2146 4925 νων
2199 4877 2262 4927 ὲκ
2293 4874 2399 4928 τῶν
2441 4877 2508 4928 τὰ
2544 4877 2761 4946 Ἀρείου
2807 4879 2904 4932 καὶ
2951 4881 3210 4935 Μελιτὶου
3253 4887 3616 4960 φρονούντων⁹

2040 4965 2133 5017 καὶ
2165 4967 2290 5027 τοὺς
2333 4970 2704 5035 συκοφάντας,
2737 4971 3070 5042 συγγνώμης
3127 4975 3480 5044 ἀξιουμένους
3528 4979 3616 5045 ἐφ’

2038 5051 2118 5119 οἷς
2152 5061 2354 5120 ἐκεῖνος
2386 5061 2630 5129 ἐκράτει)
2663 5079 2674 5092 ·
2723 5064 2956 5130 μάλιστα
2983 5066 3029 5118 δ’
3058 5067 3148 5120 ἐπὶ
3176 5071 3242 5138 τῇ
3275 5070 3396 5121 κατ’
3424 5070 3619 5140 Ἀρσέ-

2038 5163 2149 5199 νιον
2183 5150 2390 5216 γραφῇ,
2434 5151 2527 5201 καὶ
2561 5151 2652 5202 ἐπὶ
2674 5154 2893 5216 γυναικί
2924 5169 3050 5218 τινι,
3157 5157 3307 5227 δῶρα
3343 5177 3623 5230 παρεσχη-

2045 5238 2226 5306 μένον,
2259 5239 2469 5310 ἀκούσῃ
2495 5241 2715 5312 νύκτωρ
2733 5245 3208 5316 διαφθαρῆναι.Ἀ
3232 5249 3296 5319 δὴ
3330 5252 3426 5303 καὶ
3450 5251 3620 5320 ἄμφω
3685 5305 3692 5310 ,

2041 5329 2225 5396 γελοῖα
2284 5329 2574 5395 ἀνέδειξεν.
2607 5332 2764 5388 Ἐπεὶ
2807 5338 2916 5406 γὰρ
2953 5342 2984 5407 ἡ
3023 5340 3162 5410 γυνὴ
3209 5342 3301 5394 ἐπὶ
3337 5344 3491 5414 μέσῳ
3541 5344 3620 5414 τῷ

2112 5480 2870 5562 (5).Accusationum_capita
2923 5491 3100 5559 plura,
3145 5509 3268 5562 quae
3315 5495 3622 5550 Athanasio

2043 5563 2172 5602 sunt
2192 5551 2488 5672 ggeutatm,
2507 5559 2647 5624 apud
2664 5551 3028 5615 Soioruen'ttiii
3050 5551 3422 5631 inveniuntur,
3441 5566 3456 5620 l
3481 5567 3534 5620 li.
3555 5582 3620 5632 ιι,

2043 5633 2163 5672 can.
2268 5661 2280 5672 .

2043 5633 2163 5689 cap.
2193 5633 2280 5673 τι).
