3988 6190
352 322 456 386 191

1267 303 1855 368 ECCLESIASTICE
1891 301 2267 362 llIS'l'ORHi
2305 303 2444 363 LIB.
2491 302 2653 363 Vill.

3483 301 3580 364 19%

351 433 620 504 συνεδρίῳ
652 429 981 501 παραστᾶσα
1012 424 1302 495 διήλεγχεν
1327 421 1669 484 Ἀθανάσιον,
1703 437 1924 487 συμπαο

2037 427 2177 472 lores
2209 419 2262 472 in
2292 419 2373 471 eis
2409 416 2753 480 criminibus,
2787 416 2852 470 de
2897 416 3096 483 quibus
3129 415 3243 484 ipse
3286 430 3382 470 eos
3408 419 3592 471 convi-

350 531 463 600 ρὼν
489 529 672 580 ἐκεῖσε
706 521 1076 592 πρεσϐύτερός
1103 533 1186 580 τις
1215 517 1486 596 Τιμόθεος,
1509 513 1918 581 Ἀλεξανδρεὺς,

347 622 426 684 ὡς
450 618 628 688 λάθρα
659 615 870 676 τούτοις
898 611 1291 682 διῳκονόμητο,
1324 607 1416 660 τὸν
1444 607 1601 672 λόγον
1625 605 1700 667 ὡς
1723 605 1923 656 οἰκεῖον

346 712 516 779 δῆθεν
543 707 830 760 ἀναλαϐὼν
874 705 903 756 δ
937 701 1225 772 Τιμόθεος,
1264 698 1488 764 Ἀληθῆ,
1529 697 1684 763 φησὶ,
1721 695 1918 760 λέγεις,

350 803 531 870 γύναι.
580 801 658 862 ὡς
696 797 808 865 ὲγὼ
837 813 898 848 σε
946 794 1296 862 ὲὸιασάμηνς
1345 791 1409 842 Ἣ
1439 789 1516 851 δὲ,
1551 786 1694 840 Ἀλλ’
1723 787 1784 839 οὐ
1820 785 1922 847 ad;

347 895 452 959 τὴν
480 894 642 961 χεῖρα
684 890 939 942 τείνουσα
968 887 1124 952 ἔλεγε
1147 925 1162 944 ,
1214 880 1410 951 καιρὸν
1445 879 1795 948 προστιθεῖσα
1830 877 1924 928 καὶ

350 987 554 1054 τρόπον
583 983 658 1044 ῶς
688 997 752 1047 γε
807 981 870 1048 δὴ
902 978 994 1031 καὶ
1033 976 1308 1048 βεδίαστο.
1344 970 1514 1025 Τοῦτο
1569 971 1666 1040 μὲν
1694 969 1809 1036 οὖν,
1851 969 1924 1031 ὡς

351 1077 587 1142 γελοῖον,
622 1073 768 1126 οὕτω
797 1069 1110 1141 προχείρως
1135 1064 1704 1135 ἐξήλεγκτο.Ἔπειτα
1736 1065 1768 1129 ἡ
1801 1064 1924 1130 χεὶρ

351 1169 611 1237 εἰσήγετο
639 1162 922 1233 ’Δρσενίου
945 1177 958 1191 ·
991 1159 1088 1212 καὶ
1126 1159 1157 1227 ἡ
1189 1155 1493 1224 κατηγορία
1532 1153 1712 1206 οὖκέτι
1744 1154 1924 1219 λόγοις

351 1257 471 1310 ἀλλ’
502 1256 685 1328 ἔργοις
731 1252 1000 1305 ἐνίστατο.
1047 1249 1106 1301 '0
1137 1248 1192 1300 δὲ
1219 1247 1406 1311 δεξιῶς
1435 1244 1579 1313 μάλα
1602 1244 1662 1296 τὸ
1694 1245 1840 1309 πρᾶγ
1851 1259 1926 1310 μα

357 1348 646 1416 μετῆλθεν.
682 1345 903 1413 Ἦρώτα
937 1343 1047 1410 γὰρ
1091 1342 1144 1394 εί
1169 1355 1312 1402 τινες
1364 1335 1473 1390 εἷεν
1498 1339 1606 1389 τῶν
1645 1339 1927 1401 παρόντων

353 1440 718 1506 γινώσκοντες
755 1437 846 1488 τὸν
881 1434 1178 1505 ’Ᾱρσένιον.
1211 1431 1386 1486 Τινῶν
1432 1431 1476 1482 δ’
1503 1430 1764 1482 εἰπόντων
1791 1428 1925 1479 εἰδέ-

354 1550 466 1594 ναι,
497 1532 684 1599 είσῆγε
710 1529 900 1583 τοῦτον
931 1527 1008 1596 τῷ
1038 1525 1320 1595 συνεδρίῳ,
1343 1523 1433 1592 ὑφ’
1459 1523 1661 1592 ίματίῳ
1682 1521 1758 1573 τὼ
1779 1523 1928 1590 χεῖρε

354 1625 668 1692 κρύπτοντα
695 1637 708 1650 ·
748 1624 842 1676 καὶ
879 1620 1098 1683 αὐτίκα,
1134 1617 1303 1678 Οὗτός
1335 1618 1506 1675 ἐστιν.
1541 1615 1746 1680 ἔλεγεν,
1783 1615 1810 1663 ὁ
1842 1629 1927 1664 νε-

352 1713 512 1782 κρός.
551 1713 657 1765 Καὶ
687 1712 790 1764 ἀνὰ
823 1709 988 1779 μέρος
1027 1707 1293 1775 ἑκατέραν
1321 1708 1480 1774 χεῖρα
1509 1703 1740 1769 ἐξάγων,
1771 1702 1922 1758 Ἰδοὺ.

356 1803 552 1871 φησὶν,
600 1803 628 1854 δ
673 1800 950 1869 Ἀρσένιος
984 1798 1080 1850 καὶ
1121 1795 1214 1850 δύο
1246 1799 1436 1866 χεῖρας
1476 1795 1612 1863 ἔχων
1652 1795 1927 1860 πάρεστι’

354 1895 460 1962 τῆς
493 1893 548 1945 δὲ
570 1892 762 1959 τρίτης
787 1891 878 1942 τὸν
907 1889 1072 1941 τόπον
1108 1888 1209 1939 ποῦ
1246 1903 1327 1947 τις
1359 1887 1426 1937 ἂν
1455 1885 1615 1950 θείης
1647 1883 1932 1935 δεικνύτωο

357 1997 462 2034 σαν
491 1983 539 2032 οὶ
595 1979 932 2047 κατήγοροι·
965 1975 1027 2026 οὐ
1064 1977 1171 2043 γὰρ
1220 1971 1462 2042 ἀρχῆθεν
1512 1970 1860 2039 δημιουργῶν
1906 1972 1933 2023 ὁ

356 2074 516 2138 Θεὸς,
538 2073 792 2141 τρίχειρα
815 2070 906 2123 τὸν
934 2067 1221 2137 ἄνθρωπον
1255 2065 1471 2125 πάντως
1493 2064 1684 2118 ἐποίει.
1718 2062 1934 2115 Τούτων

355 2163 506 2218 οὕτω
535 2163 836 2232 διαῤῥήδην
885 2158 1291 2227 ἐληλεγμένων,
1327 2157 1376 2208 oi
1424 2155 1518 2207 τὸν
1545 2155 1698 2208 δόλον
1729 2155 1934 2222 cupidi-

355 2256 559 2326 ψαντες
592 2257 650 2306 ὲν
681 2252 951 2324 ἀμηχάνῳ
978 2253 1300 2318 γενόμενοι,
1329 2247 1624 2308 ὑποδύντες
1657 2247 1747 2298 τὸν
1773 2245 1935 2313 θόρυ-

358 2350 483 2408 ϐον,
504 2347 929 2414 ἀπεδίδρασκον.
961 2343 1073 2397 Καὶ
1093 2342 1193 2411 τὴν
1233 2341 1330 2410 μὲν
1359 2339 1700 2410 κατηγορίαν
1732 2339 1935 2404 ταύτην

358 2441 537 2501 οὕτως
572 2437 899 2498 ’Δθανάσιος
922 2434 1231 2489 ἀπεδύσατο
1257 2436 1322 2502 τῇ
1349 2433 1443 2486 τοῦ
1478 2430 1758 2501 ’Δρσενίου
1783 2430 1894 2498 ζωῇ
1917 2443 1932 2458 ο

361 2526 466 2583 εἷθ’
493 2529 619 2598 ἑξῆς
653 2530 722 2581 τὰ
751 2531 891 2582 κατὰ
926 2527 1016 2579 τὶν
1049 2525 1305 2595 Ἰσχύραν
1332 2523 1735 2594 παρεγράφετο,
1767 2538 1938 2590 προη-

361 2621 670 2689 γουμένως,
701 2619 775 2682 ὡς
803 2618 904 2672 οὐκ
931 2618 1014 2687 εἴη
1042 2616 1413 2686 πρεσϐύτερος
1435 2631 1449 2644 ο
1481 2615 1654 2676 ἄλλως
1681 2630 1741 2665 τε
1767 2613 1858 2664 καὶ
1880 2613 1938 2664 τὸ

367 2713 444 2783 μὴ
474 2713 587 2765 δεῖν
633 2710 720 2763 ἐπ’
760 2709 1048 2763 ἀντιδίκων
1080 2707 1365 2779 κρίνεσθαι
1415 2706 1610 2773 λέγων,
1643 2705 1770 2766 τοὺς
1813 2703 1940 2774 περὶ

364 2803 632 2858 Εὐσέϐιον
663 2800 1070 2872 παρεγράφετο.
1112 2801 1217 2852 Καὶ
1267 2799 1446 2852 ἄλλων
1483 2798 1798 2866 κεφαλαίων
1831 2797 1940 2848 είσ-

364 2895 670 2964 αχθέντων,
689 2893 799 2946 δεῖν
831 2893 1004 2946 ἐδόκει
1036 2893 1186 2959 παρὰ
1209 2893 1300 2945 τὸν
1329 2891 1633 2960 Μαρεώτην
1660 2889 1937 2960 γενέσθαι,

364 2989 441 3050 ὼς
488 2987 555 3040 ἂν
589 2984 831 3048 τοπικῶς
869 2983 1138 3053 ἐξετασθῇ
1166 2984 1236 3038 τὰ
1290 2981 1800 3051 ἀμφισϐητούμενα.
1845 2979 1941 3042 Ὧς

2027 511 2206 572 ρει-οι,
2247 509 2404 563 venia
2453 508 2649 578 dignos
2697 507 2974 578 judicatus
3020 520 3142 560 esse
3179 506 3424 574 videret)
3457 527 3468 558 :
3500 524 3594 577 p0~

1987 671 1990 673 _
2028 605 2297 657 tissimntn
2329 619 2460 656 vero
2496 605 2547 656 in
2582 604 2932 656 accusatione
2968 601 3035 656 de
3069 601 3299 654 Arsenio
3329 617 3340 653 :
3391 612 3443 656 et
3477 618 3596 654 sur-

2029 711 2146 750 sum
2177 695 2244 748 de
2276 696 2600 748 muliercula
2631 694 2890 763 quadam,
2915 709 3077 759 quam
3100 692 3425 746 muneribus
3452 693 3594 746 datis

2031 787 2254 840 invitam
2297 796 2460 840 noctu
2496 787 2716 840 vitiasse
2751 787 3106 855 arguebatur.
3146 785 3292 850 Quas
3323 801 3452 838 sane
3481 801 3594 836 ain—

2031 881 2126 933 bas
2202 879 2396 932 deinde
2467 879 2726 932 ridiculas
2795 893 2915 931 esse
2982 879 3242 932 ostendit.
3306 877 3588 946 Siquidem

2029 969 2248 1028 deinde.
2293 985 2414 1022 cum
2464 971 2662 1023 mulier
2717 970 2768 1022 in
2819 969 3000 1022 medio
3055 971 3287 1023 consilio
3333 970 3597 1023 nSSi~.lf3llS

2027 1059 2386 1113 Athanasium
2424 1060 2719 1120 incusaret,
2763 1061 3045 1130 presbyter
3074 1061 3294 1129 quidam
3349 1061 3590 1126 Alexan-

2029 1151 2220 1204 drinus
2269 1151 2612 1216 Timotheus,
2656 1152 2750 1220 qui
2788 1152 2862 1205 ibi
2905 1152 3115 1215 aderat,
3155 1151 3314 1204 sicuti
3373 1153 3422 1204 ei
3464 1169 3586 1204 cum

2030 1242 2328 1296 Athanasio
2367 1243 2502 1296 clam
2543 1250 2905 1304 convenerat,
2945 1259 3162 1296 causam
3210 1243 3419 1295 Stiiit'f‘l
3472 1260 3593 1309 prr-

2030 1332 2158 1385 inde
2192 1341 2353 1400 atque
2385 1333 2660 1400 propriam
2689 1334 2738 1384 in
2765 1349 2820 1385 sc
2854 1334 3151 1400 recipiens:
3181 1335 3328 1385 itane
3353 1333 3599 1390 tandem,

2032 1424 2231 1492 inquit,
2264 1425 2456 1476 mulier
2485 1441 2511 1475 υ
2540 1439 2622 1476 me
2657 1424 2751 1478 tibi
2782 1426 3024 1477 oblatum
3052 1441 3172 1478 esse
3207 1425 3397 1477 vitium
3425 1427 3454 1477 d
3481 1427 3596 1478 eis?

2028 1517 2188 1586 651
2227 1526 2390 1583 atque
2423 1516 2542 1577 illa,
2577 1517 2656 1568 An
2695 1531 2822 1569 vero
2856 1531 2963 1570 non
3006 1531 3036 1569 a
3065 1516 3154 1569 te?
3183 1516 3382 1584 (ipsum
3426 1516 3597 1584 digito

2031 1606 2460 1673 demonstrans),
2497 1607 2629 1660 dixit
2667 1649 2680 1668 ,
2720 1617 2962 1674 tempore
2992 1623 3208 1674 qtioque
3243 1615 3296 1659 et
3327 1605 3508 1669 modo,
3542 1615 3598 1658 ut

2035 1699 2190 1751 vis’ei
2227 1699 2372 1750 illata
2397 1707 2565 1756 esset.
2603 1696 2837 1767 adjecto.
2877 1698 2940 1751 Et
2970 1699 3071 1750 hoc
3103 1699 3325 1766 quidem
3361 1699 3598 1758 crimen,

2036 1802 2094 1843 ut
2124 1791 2438 1850 ridiculum.
2467 1791 2549 1844 sic
2578 1791 2733 1844 facile
2771 1800 2852 1844 est
2898 1793 3212 1843 refutatum.
3250 1791 3452 1844 Deinde
3483 1806 3598 1843 ma-

2033 1901 2138 1940 nus
2168 1884 2380 1938 Arscnii
2409 1883 2672 1952 producta
2699 1923 2711 1944 ,
2733 1894 2791 1936 et
2827 1883 3098 1935 accusatio
3129 1899 3230 1934 non
3255 1883 3364 1951 jam
3394 1882 3598 1944 verbis,

2034 1977 2128 2030 sed
2169 1975 2329 2029 factis
2354 1975 2763 2028 instituebatur.
2801 1974 2888 2028 ille
2929 1989 3052 2026 vero
3092 1975 3280 2026 dextre
3309 1973 3597 2025 admodum

2033 2079 2088 2122 et
2119 2068 2418 2135 prudenter
2449 2067 2818 2121 criminationi
2863 2067 3079 2120 obviam
3113 2066 3195 2118 iit.
3239 2065 3603 2134 Interrogavit

2037 2174 2290 2228 namque.
2344 2175 2412 2211 an
2462 2173 2526 2212 cx
2563 2159 2920 2226 praiseutibus
2967 2157 3254 2226 quisquam
3309 2157 3600 2210 Arseninm

2038 2251 2260 2303 nosset?
2290 2250 2464 2320 Atque
2504 2249 2804 2312 nonnullis,
2839 2264 2998 2303 nosse
3024 2265 3080 2303 se
3108 2265 3232 2302 eum
3262 2249 3594 2310 dicentibus,

2037 2343 2324 2394 Arseniuin
2357 2343 2410 2395 in
2441 2343 2734 2396 concilium
2769 2341 3030 2406 adduxit,
3066 2342 3166 2396 sub
3199 2352 3349 2396 veste
3382 2359 3597 2396 manum

2038 2445 2325 2500 utramque
2363 2443 2656 2502 tegentem.
2692 2434 2756 2486 Et
2788 2434 3006 2488 tandem
3039 2452 3053 2489 :
3088 2433 3160 2486 En
3199 2434 3372 2496 vobis,
3404 2435 3600 2502 inquit,

2041 2531 2288 2576 mortuus
2307 2538 2406 2593 pra
2421 2533 2504 2577 sto
2532 2524 2683 2576 adest
2707 2532 2897 2592 ;atque
2918 2542 3021 2579 una
3045 2527 3208 2588 illius,
3232 2543 3351 2578 mox
3383 2541 3604 2594 quoque

2039 2617 2208 2668 altera
2245 2613 2510 2682 producta
2541 2629 2744 2667 manu:
2783 2613 2882 2679 En,
2919 2617 3020 2680 ait,
3048 2616 3337 2672 Arsenium
3373 2616 3604 2676 habetis,

2041 2721 2234 2759 manus
2280 2707 2416 2758 duas
2463 2705 2753 2759 habentem
2791 2721 2804 2758 :
2840 2710 3013 2762 tertia:
3060 2719 3244 2761 autem
3294 2709 3472 2762 locum
3508 2711 3600 2763 tibi

2039 2799 2164 2866 quis
2223 2797 2485 2858 inveniat,
2542 2809 2892 2853 accusatores
2921 2801 3056 2854 mihi
3111 2802 3426 2856 ostendant.
3469 2801 3609 2856 licus

2041 2891 2309 2960 siquidem
2357 2891 2612 2944 conditor
2648 2892 2701 2946 in
2750 2892 3023 2961 principio
3069 2893 3346 2947 hominem
3385 2911 3608 2964 prorsus

2043 2984 2339 3036 trimanum
2372 2998 2478 3036 non
2507 2984 2731 3053 creavit.
2751 2983 3050 3039 Calumuiis
3072 2984 3157 3039 his
3183 2997 3368 3054 aperte
3396 2990 3460 3042 ad
3483 3005 3605 3041 eum

363 3078 409 3132 δ’
439 3078 772 3146 ὲξελέγησαν
799 3077 1089 3145 ἐρευνῆσαι
1108 3073 1202 3136 οὓς
1226 3074 1300 3136 ὼς
1325 3075 1518 3142 κριτὴς
1547 3075 1935 3142 παρεγράφετο

2040 3077 2260 3126 modum
2307 3073 2602 3128 confutatis
2627 3115 2641 3138 ,
2679 3074 2790 3128 doli
2844 3074 3128 3128 architecti
3166 3089 3347 3129 rerum
3383 3093 3604 3131 suarum

367 3169 485 3240 (καὶ
521 3168 629 3238 γὰρ
657 3165 968 3220 ἐστέλλοντο
1009 3165 1231 3231 Θέογνις
1275 3164 1369 3215 καὶ
1403 3164 1607 3226 Μάρις,
1639 3161 1934 3231 Θεόδωρος,

367 3260 724 3322 Μακεδόνιος,
759 3258 978 3326 Οὐάλης
1021 3273 1082 3308 τε
1115 3257 1209 3309 καὶ
1243 3251 1586 3324 Οὑρσίκιο;);
1618 3253 1936 3316 Ἀθανάσιος

365 3351 702 3420 ἀπηγόρευε,
737 3349 832 3400 καλ⁵
866 3348 1029 3400 παντὶ
1061 3345 1135 3416 τῷ
1173 3346 1433 3415 συνεδρίῳ
1461 3345 1768 3414 σκευωρίαν
1795 3341 1936 3398 εἶναι

365 3437 431 3491 τδ
477 3442 715 3507 πρᾶγμα
763 3436 1061 3488 ἀνεδοᾶτο·
1117 3436 1167 3486 εί
1223 3438 1252 3487 δ
1314 3439 1619 3504 κατήγορος
1666 3434 1780 3502 ἅμα
1821 3436 1938 3494 τοῖς

368 3529 588 3602 ἐχθροῖς
612 3529 892 3590 δικασταῖς
910 3528 1289 3595 παραγένοιτο,
1314 3529 1374 3578 ἐκ
1405 3526 1788 3596 μονομεροῦςή
1815 3527 1936 3595 δίκη

366 3625 546 3677 ἔσται.
595 3623 655 3674 '0
698 3621 798 3690 μὲν
838 3617 932 3674 οὖν
961 3619 1188 3674 τοιαῦτα
1219 3619 1414 3685 λέγων,
1451 3620 1574 3672 ἐπεὶ
1624 3619 1813 3688 μηδεὶς
1846 3619 1942 3672 αὑ-

365 3715 466 3768 τοῦ
493 3715 652 3781 λόγον
682 3715 934 3778 ἐποιεῖτο,
972 3713 1146 3774 ἄλλως
1171 3727 1230 3763 τε
1255 3713 1349 3765 καὶ
1374 3710 1558 3780 δείσας
1590 3714 1662 3779 μὴ
1691 3711 1939 3780 αὐτόχει-

370 3823 469 3876 ρες
492 3806 660 3859 αὐτοῦ
689 3807 978 3872 γένωνται,
1008 3804 1185 3872 φυγὰς
1211 3803 1477 3874 ἀνεχώρει
1497 3803 1592 3856 τοῦ
1634 3803 1938 3872 συνεδρίου,

365 3901 464 3952 καὶ
495 3901 551 3960 ἐς
609 3897 839 3968 βασιλέα
899 3896 1214 3965 ἀνέτρεχεν.
1279 3896 1432 3948 Ἐπεὶ
1456 3895 1513 3948 δὲ
1563 3897 1654 3948 καὶ
1691 3897 1741 3948 oi
1773 3896 1830 3947 ἐν
1863 3894 1941 3964 τῷ

364 3989 646 4058 Μαρεὼτη
689 3987 1128 4056 παραγενόμενοι
1171 3981 1328 4054 ἧκον,
1371 3987 1743 4054 ὑπομνήματα
1788 4001 1939 4054 μονο-

367 4083 683 4152 προσὼπως
720 4079 959 4142 ἐποίουν,
993 4078 1069 4140 ὡς
1122 4078 1296 4147 ἀληθῆ
1327 4078 1412 4145 είη
1455 4078 1552 4129 ὅσα
1582 4079 1610 4129 δ
1636 4077 1940 4148 κατήγορος

368 4179 636 4228 κατεῖπεν
673 4172 1020 4224 Ἀθανασίου·
1049 4171 1081 4240 ἡ
1123 4169 1340 4232 σύνοδος
1371 4169 1562 4238 πρῶτα
1597 4171 1692 4239 μὲν
1727 4171 1942 4241 ἐρήμην

363 4265 560 4318 τούτου
604 4262 1032 4334 κατεδιῄτησεν·
1071 4258 1189 4313 εἷτα
1241 4261 1338 4313 καὶ
1381 4261 1478 4330 τὴν
1537 4261 1935 4330 καθαιρετικὴν

369 4355 688 4428 ἐσχεδίαζον
711 4355 892 4425 ψῆφον
911 4368 926 4383 ⁶
959 4347 1070 4428 ἐνῇ
1101 4353 1272 4406 πολλὰ
1303 4355 1392 4405 τὸν
1422 4355 1568 4405 ὅσιον
1593 4351 1942 4422 λοιδορήσαν-

2039 3175 2371 3234 satagentes,
2407 3166 2580 3219 turba:
2605 3181 2664 3221 se
2703 3167 3069 3228 immiscuere,
3098 3177 3155 3220 et
3188 3168 3310 3238 fuga
3346 3169 3447 3220 sibi
3476 3185 3607 3222 con-

2039 3260 2280 3313 suluere.
2332 3257 2399 3312 Ει
2424 3259 2633 3312 crimen
2667 3259 2888 3328 quidem
2947 3261 3050 3314 hoc
3105 3275 3134 3313 a
3187 3276 3244 3314 se
3279 3261 3610 3316 Athanasius

2039 3349 2255 3403 Arsenii
2290 3351 2398 3402 vita
2455 3351 2703 3405 removit.
2761 3350 2962 3404 Deinde
3013 3352 3287 3420 Ischyram
3333 3356 3408 3419 (ι)
3453 3369 3610 3407 exec-

2042 3442 2224 3509 ptione
2258 3441 2478 3508 repulit,
2514 3441 2568 3492 in
2601 3439 2792 3506 primis
2820 3440 2965 3506 quod
2991 3441 3276 3510 presbyter
3304 3456 3410 3495 non
3441 3456 3604 3497 esset.

2042 3533 2267 3600 insuper
2294 3532 2456 3584 etiam
2481 3571 2495 3594 ,
2533 3547 2640 3584 non
2684 3531 2886 3584 debere
2932 3534 3222 3600 quemdam
3265 3534 3332 3585 ab
3368 3534 3608 3591 inimicis

2034 3623 2296 3693 judicari,
2329 3623 2602 3690 allegans.
2661 3621 3002 3676 Eusebianos
3051 3623 3350 3678 submovit.
3391 3625 3453 3678 Et
3485 3601 3614 3681 eum

2039 3715 2144 3769 alia
2171 3728 2388 3782 quoque
2418 3711 2783 3766 accusationis
2811 3713 2988 3780 capita
3025 3712 3078 3764 in
3118 3713 3355 3768 medium
3389 3719 3606 3784 prul‘er-

2041 3813 2257 3868 rentur,
2292 3805 2466 3858 visunt
2501 3803 2736 3858 concilio
2772 3812 2874 3866 est,
2909 3803 3186 3856 Mareoten
3221 3804 3321 3866 ire,
3361 3823 3418 3859 ιιι
3465 3807 3521 3862 in
3553 3825 3610 3862 re

2042 3897 2318 3968 praisenti,
2357 3911 2475 3963 qua:
2503 3896 2556 3948 in
2587 3894 3014 3948 controversiam
3051 3905 3210 3949 erant
3236 3897 3490 3958 deducta.
3529 3900 3614 3953 in-

2041 3989 2420 4057 quirereutur.
2457 3987 2524 4040 Ut
2553 4001 2679 4039 vero
2711 3985 2778 4038 ad
2821 3999 2934 4038 rem
2975 3985 3408 4056 investigandum
3455 3991 3614 4045 electi

2043 4088 2194 4140 sunt,
2242 4095 2381 4148 quos
2441 4079 2770 4132 Athanasius
2821 4094 2918 4146 per
2973 4080 3356 4147 exceptionem
3401 4081 3620 4151 judices

2042 4172 2307 4240 reiecerat
2357 4171 2740 4240 (mittebantur
2773 4174 2920 4225 enim
2961 4187 3028 4224 eo
3076 4172 3368 4242 Theognis,
3433 4175 3615 4239 Malis,

2039 4262 2382 4324 Theodorus,
2428 4262 2798 4325 Macedonius,
2837 4261 3059 4326 Valens,
3091 4274 3148 4317 et
3173 4264 3467 4334 Ursicius),
3494 4268 3608 4336 ipse

2046 4356 2460 4419 reluctabatur,
2493 4363 2548 4409 et
2597 4355 2743 4422 apud
2781 4357 3104 4410 uuiw-rsuni
3139 4358 3433 4414 concilium
3456 4400 3470 4425 ,
3509 4377 3620 4414 rem

367 4466 484 4513 τις,
525 4449 604 4510 ὡς
635 4446 908 4516 στασιώδη
941 4445 1036 4498 καὶ
1075 4443 1328 4514 ταραχῶν
1369 4441 1699 4511 πιμπλῶντα
1733 4443 1827 4508 τὴν
1853 4443 1935 4495 Αί-

2047 4461 2168 4500 eam
2197 4444 2515 4501 insidiosam
2546 4447 2746 4500 essein
2781 4438 3145 4510 molitionem,
3185 4450 3621 4504 voeii‘erabatur:

367 4557 580 4610 γυπτον
611 4555 626 4570 ο
659 4541 755 4592 καὶ
804 4540 865 4592 τὺ
915 4539 1016 4608 μὲν
1057 4539 1151 4590 ἐπὶ
1197 4539 1264 4606 τῇ
1317 4537 1540 4603 γυναικὶ
1591 4535 1667 4598 ὡς
1720 4535 1943 4605 αἰσχρὸν

371 4637 666 4705 παρῆκαν,
698 4633 792 4686 καὶ
833 4632 904 4684 τὰ
934 4631 1027 4684 τοῦ
1063 4631 1226 4698 φὸνου
1257 4629 1314 4681 δὲ
1355 4629 1635 4698 ’Ᾱρσενίου
1667 4630 1943 4699 παρέδρα-

377 4743 482 4796 μον
505 4742 520 4757 ·
557 4725 799 4793 ἔγραφον
824 4722 882 4776 δὲ
909 4724 1024 4784 τοῖς
1059 4719 1373 4788 ἁπανταχοῦ
1410 4722 1726 4782 ἐπισκόποις
1767 4719 1843 4789 μὴ
1861 4719 1948 4770 λὸυ

375 4831 473 4882 γου
512 4813 646 4882 μηδὲ
693 4809 976 4872 κοινωνίας
1025 4807 1176 4878 αὐτῷ
1206 4806 1569 4874 μεταδοῦναι,
1620 4807 1753 4858 ἀλλὰ
1809 4806 1942 4874 μηδὲ

373 4907 476 4976 τὴν
519 4902 933 4970 Ἀλεξάνδρειαν
965 4902 1136 4955 οἰκεῖν
1161 4917 1173 4929 ·
1228 4899 1404 4968 ἀληθῆ
1434 4900 1490 4950 δὲ
1525 4893 1666 4952 εῖναι
1720 4901 1814 4952 καὶ
1848 4899 1942 4970 τὴν

374 4999 469 5050 ἐπὶ
495 4997 588 5049 τοῦ
619 4993 880 5064 μυστικοῦ
913 4993 1174 5062 ποτηρίου
1202 4993 1490 5062 συντριϐὴν
1525 4991 1686 5068 αοὺτοῦ
1720 4995 1945 5060 γενιμὲ-

374 5105 476 5160 νην
505 5085 866 5158 κατηγορίαν.
881 5084 1222 5154 Ἐφήπτοντο
1252 5083 1295 5135 δ’
1336 5082 1567 5136 ἑκάστου
1601 5082 1943 5152 ἐγκλήματος

374 5178 712 5248 τεχνηέντως
751 5174 1005 5244 διαϐολὴν
1037 5174 1417 5243 ἐργαζόμενοι,
1452 5171 1558 5224 τῶν
1590 5172 1944 5241 συκοφαντῶν

449 5314 530 5382 (l)
554 5314 806 5384 Ischyrte,
835 5327 930 5367 seu
961 5309 1294 5384 Ischyrionis
1321 5309 1419 5377 (ita
1445 5310 1595 5384 enim
1621 5325 1746 5384 eum
1777 5311 1944 5384 Soco-

375 5378 576 5438 menus
619 5378 890 5447 nominat)
925 5378 1101 5435 causa
1121 5381 1173 5433 in
1209 5395 1276 5432 eo
1298 5389 1443 5432 statu
1477 5378 1598 5438 fuit.
1634 5381 1945 5449 Arrogabat

373 5454 423 5507 is
457 5453 563 5506 sibi
596 5463 653 5507 et
683 5450 986 5520 usurpabat
1033 5449 1336 5520 sacerdotis
1370 5449 1713 5520 dignitatem,
1743 5457 1800 5502 et
1825 5465 1946 5517 quae

371 5521 682 5592 presbyteri
733 5518 882 5592 sunt.
947 5521 1132 5592 munia
1185 5519 1397 5592 obibat.
1445 5518 1583 5592 Eum
1639 5531 1771 5592 vero
1819 5533 1942 5571 cum

373 5587 711 5645 Athanasius
752 5590 806 5643 iu
845 5592 988 5642 facto
1033 5588 1280 5658 flagranti
1329 5588 1568 5656 mysticis
1614 5587 1786 5640 sacris
1815 5603 1946 5654 0pc-

375 5674 594 5715 rantem
635 5659 1109 5728 deprehendisset.
1159 5673 1400 5711 mensam
1455 5671 1663 5728 sacram
1704 5668 1939 5728 evertit,

373 5733 606 5785 calicem
655 5725 944 5798 confregit,
997 5737 1052 5781 et
1105 5729 1326 5797 impiam
1373 5727 1648 5782 temerarii
1703 5725 1942 5780 hominis

2047 4551 2110 4590 ac
2143 4537 2194 4589 si
2220 4548 2508 4591 accusator
2540 4553 2642 4590 una
2676 4552 2798 4590 cum
2831 4539 3102 4604 suspectis
3123 4548 3173 4593 et
3206 4539 3442 4594 inimicis
3469 4542 3623 4610 judi-

2047 4628 2199 4682 ciiius
2239 4628 2476 4695 adesset,
2515 4629 2761 4698 iniquum
2793 4631 2845 4682 id
2880 4631 3150 4698 uniusque
3208 4640 3419 4684 tantum
3451 4635 3624 4702 partis

2040 4722 2310 4793 judicium
2341 4739 2464 4777 esse
2493 4725 2921 4792 protestabatur.
2952 4723 3076 4776 lizee
3113 4738 3238 4777 cum
3274 4724 3364 4778 ille
3390 4725 3623 4791 diceret,

2047 4830 2223 4883 neque
2253 4817 2561 4883 quisquam,
2595 4831 2656 4868 ac
2694 4830 2762 4867 ne
2812 4814 3100 4884 Dionysius
3134 4815 3356 4883 quidem
3404 4832 3606 4873 excon-

2045 4909 2244 4960 sularis
2280 4908 2542 4961 rationem
2573 4907 2692 4975 ejus
2742 4907 2986 4966 haberet,
3022 4918 3187 4976 atque
3242 4908 3468 4977 insupzr
3498 4927 3610 4962 me—

2047 5005 2243 5058 tueret,
2279 5011 2345 5049 ne
2375 5012 2567 5050 manus
2593 4997 2696 5050 sibi
2731 5013 2827 5065 per
2859 5013 2965 5049 vnn
2997 5008 3050 5050 et
3081 4998 3284 5053 cuidem
3317 5001 3606 5061 aﬂericnt,

2045 5102 2110 5146 ex
2139 5101 2398 5140 consessu
2419 5102 2484 5140 eo
2509 5087 2574 5140 ad
2611 5088 2992 5153 imperatorem
3029 5089 3288 5154 profugit.
3321 5090 3616 5156 Postquam

2045 5178 2136 5245 qui
2173 5176 2444 5230 Mai-eoten
2479 5179 2624 5231 missi
2649 5178 2886 5244 fuerant,
2925 5180 3362 5248 rediere,‘atque
3385 5190 3613 5232 attesta-

2047 5312 2334 5382 audaciam
2381 5313 2640 5367 inhibuit.
2667 5313 2782 5380 Qua
2837 5315 2904 5370 de
2939 5333 2995 5370 re
3043 5323 3334 5366 accusante
3376 5312 3622 5382 lsrhyra.

2045 5381 2376 5454 Athanasius
2424 5397 2642 5436 causam
2703 5387 2849 5454 apud
2905 5388 3125 5452 in‘qno;
3180 5385 3396 5454 jmlices
3461 5381 3623 5438 dixit.

2047 5450 2200 5513 ditas
2253 5463 2438 5520 nostra
2497 5454 2698 5506 multos
2739 5450 2887 5507 _vidit
2939 5450 3206 5520 lactiira",
3262 5453 3630 5507 Athanasium

2048 5521 2284 5571 nullum.
2311 5519 2483 5574 Porro
2508 5524 2840 5577 Athanasius
2864 5540 2926 5576 ea
2953 5519 3070 5588 quae
3103 5527 3266 5573 modo
3301 5522 3444 5574 dicta
3475 5535 3630 5582 sum.

2049 5604 2144 5654 per
2187 5591 2476 5642 literarium
2521 5593 2896 5660 presbyterum
2953 5594 3170 5642 iscima
3210 5595 3630 5647 ι·κ;ιιι¹’ί(>ι’;ιιιι10

2049 5664 2176 5724 egit,
2211 5661 2301 5726 qui
2327 5667 2384 5713 et
2422 5661 2534 5726 ipse
2567 5676 2595 5712 e
2628 5661 2861 5714 vinculis
2892 5676 3112 5712 causam
3149 5662 3304 5713 til‘t-l.
