3988 6190
342 242 444 308 199
1552 223 1932 285 NICEPHUB

2041 220 2362 281 ‘ALLISTI
3479 214 3592 278 200

333 357 515 406 tiones
547 346 883 409 uniformcs,
934 341 1036 398 sub
1077 355 1183 395 una
1232 338 1444 395 scilicet
1493 351 1751 409 persona,
1783 350 1909 390 vera

2047 333 2111 402 ὴν
2147 325 2323 402 ἧτταν
2370 327 2810 397 ἀποσιγήσαντες
2837 340 2849 354 ·
2884 323 3011 387 τοὺς
3043 323 3100 376 δὲ
3126 322 3467 393 κατηγόρους
3494 326 3594 377 αὑ-

328 456 452 498 esse
483 454 606 510 quae
631 438 893 493 adversus
938 431 1291 487 Athanasium
1339 438 1627 484 accusator
1650 427 1900 488 dixisset,

2046 423 2106 478 οὔ
2140 423 2348 485 πάντας
2379 420 2725 491 προσίενται,
2750 419 2843 471 τόν
2864 434 2923 469 τε
2952 415 3088 486 μετὰ
3114 415 3377 468 Μελίτιον
3407 416 3595 468 Ἰωάν-

330 533 618 591 coniecere
639 547 653 584 :
676 526 917 598 synodus
935 524 1169 594 primum
1193 536 1343 586 eum,
1375 519 1526 574 nullo
1548 516 1899 581 defendente,

2042 534 2106 585 ην
2139 516 2233 568 καὶ
2261 513 2312 567 οἳ
2363 515 2460 566 σὺν
2491 509 2638 581 αὐτῷ
2669 505 2833 581 ἦσαν.
2867 509 2979 562 Καὶ
3025 507 3241 577 ἑκάστῳ
3277 504 3387 560 τῶν
3425 509 3485 562 ὲν
3519 508 3597 577 τῷ

1552 225 1601 285 Ν
1613 223 1980 284 ICEPHURI
2019 218 2059 279 t‘
2069 222 2108 280 Α
2119 223 2159 280 ι,
2170 220 2362 281 LISTI

333 622 505 678 veluti
555 629 936 675 contumacem
991 612 1435 669 condemnavit:
1489 608 1691 664 deinde
1736 606 1903 661 etiam

335 712 686 772 sententiam,
729 724 834 775 qua
883 706 934 759 ei
981 703 1218 774 dignitas
1270 699 1600 771 episcopalis
1645 698 1905 766 abrogata

333 813 439 865 est,
471 803 619 862 tulit,
674 799 729 853 in
763 814 870 867 qua
902 795 1177 851 sententia
1211 802 1463 847 sanctum
1497 790 1675 844 virum
1713 788 1907 843 convi-

336 897 438 951 ciis
467 892 679 955 \multis
739 899 798 942 ut
854 886 1202 948 seditiosum,
1230 894 1287 939 et
1335 882 1629 953 Egyptum
1665 878 1909 932 motibus

338 981 668 1038 turbulentis
700 980 1014 1046 implenlem
1061 975 1487 1043 prosciderunt:
1530 970 1694 1042 652
1742 966 1908 1023 simul

336 1085 394 1131 et
421 1074 487 1128 de
517 1071 836 1126 muliercula
885 1067 1000 1131 illa,
1028 1076 1084 1121 et
1139 1067 1207 1119 de
1259 1062 1471 1119 Arsenii
1512 1061 1659 1115 caede
1701 1064 1907 1114 crimen

337 1170 526 1230 utpote
579 1168 736 1226 turpe
776 1155 1274 1226 praetermittentes.
1328 1151 1410 1205 Ad
1459 1165 1650 1205 omnes
1691 1164 1910 1220 quoque

339 1254 593 1308 locorum
627 1250 870 1302 omnium
897 1246 1187 1315 cpiscOpos
1231 1244 1444 1298 litteras
1474 1241 1696 1305 dedere,
1728 1256 1797 1295 ne
1822 1240 1908 1295 vel

343 1356 595 1397 sermone
662 1340 746 1393 vel
787 1353 888 1391 usu
941 1346 998 1391 et
1040 1333 1368 1388 commercio
1422 1334 1607 1403 aliquo
1666 1348 1789 1387 cum
1845 1346 1911 1385 eo

342 1432 831 1493 communicarent,
885 1442 1020 1481 neve
1067 1426 1115 1480 ei
1148 1424 1492 1479 Alexandriae
1530 1439 1652 1479 esse
1693 1423 1913 1493 permit-

345 1532 575 1580 teretur.
612 1521 809 1576 Verum
847 1533 1065 1587 quoque
1096 1531 1220 1570 esse
1255 1525 1613 1569 asseruerunt
1635 1555 1649 1578 ,
1700 1512 1911 1585 mystici

345 1615 525 1686 poculi
562 1612 885 1667 comminuti
918 1610 1162 1663 crimen:
1198 1616 1253 1661 et
1291 1607 1698 1661 accusationum
1735 1607 1913 1675 capita

2010 608 2201 675 κλήρῳ
2235 603 2400 658 αὐτοῦ
2434 603 2491 656 τὸ
2526 601 2745 669 ἀξίωμα
2774 599 3004 653 ἔδωκαν.
3040 598 3152 652 Καὶ
3178 596 3342 651 αὐτὸν
3373 595 3432 650 δὲ
3468 595 3596 666 Ἀρ-

2015 702 2190 751 σένιον
2220 695 2610 766 παρεδέξαντο,
2639 693 2700 754 ὃς
2734 690 3042 763 ἀνῃρῆσθαι
3076 688 3294 755 ἐλέγετο
3321 705 3336 721 ο
3379 688 3437 751 ὃς
3469 688 3594 741 τότε

2015 789 2114 856 μὲν
2142 789 2239 856 τῆς
2261 785 2612 840 Μελιτιανῶν
2640 782 2938 854 θρησκείας
2966 780 3264 843 ἐπίσκοπος
3287 774 3355 850 ἦν
3378 796 3391 809 ⁵
3424 780 3508 843 είς
3536 780 3594 832 δὲ

2012 880 2111 949 τὴν
2168 880 2352 932 ὄδικον
2396 876 2612 946 ἐκείνην
2646 874 2969 929 Ἀθανασίου
3013 873 3336 940 καθαίρεσιν
3383 871 3461 935 ὡς
3493 871 3598 941 τῆς

2027 968 2473 1040 ’Υψηλοπολιτῶν
2534 968 2745 1031 πόλεως
2804 966 3103 1028 ἐπίσκοπος
3161 963 3592 1032 καθυπέγραψε.

2015 1064 2125 1117 Καὶ
2172 1063 2230 1115 τὸ
2260 1061 2326 1131 δὴ
2379 1056 2586 1126 ξενίζον
2618 1058 2763 1112 τοῦτ’
2819 1053 2887 1129 ἦν
2913 1073 2926 1089 ·
2961 1059 3042 1110 ὅτι
3077 1058 3106 1110 ό
3132 1055 3237 1109 ὑπὸ
3267 1054 3596 1108 Ἀθανασίου

2016 1154 2322 1227 ἀνῃρῆσθαι
2350 1152 2662 1222 λεγόμενος,
2698 1149 2808 1215 ζῶν
2832 1150 2892 1202 τὸ
2921 1150 3001 1211 εἰς
3049 1146 3213 1201 αὑτὸν
3238 1141 3374 1217 ἧκον
3403 1145 3598 1215 ἀνῄρει

2017 1242 2305 1312 καθαιρῶν
2333 1239 2680 1294 Ἀθανάσιον.
2710 1236 2933 1307 Ταύτην
2973 1235 3039 1306 δὴ
3082 1235 3185 1305 τὴν
3221 1234 3408 1288 ἄδικον
3438 1233 3599 1301 δίκην

2016 1335 2090 1397 ὡς
2116 1333 2191 1404 μὴ
2221 1331 2395 1402 ὑγιῶς
2425 1332 2657 1401 ἔχουσαν
2686 1330 2782 1383 καὶ
2812 1327 3002 1384 πολλοὶ
3040 1326 3148 1379 τῶν
3181 1325 3360 1377 ἐκεῖσε
3390 1322 3600 1393 παρόν-

2019 1446 2127 1481 των
2158 1427 2558 1495 κατεφώρασαν
2606 1424 2816 1493 ἱερέων.
2848 1422 2958 1477 Καὶ
2982 1422 3091 1493 γὰρ
3117 1421 3214 1474 καὶ
3251 1417 3597 1488 Παφνούτιον

2011 1521 2111 1571 τὸν
2148 1518 2491 1588 ὁμολογητήν
2513 1533 2645 1585 φασι
2680 1513 2934 1584 τηνικάδε
2962 1512 3325 1582 συμπαρόντα
3354 1510 3431 1581 τῷ
3469 1528 3595 1563 συν-

2021 1610 2209 1681 εδρίῳ,
2232 1609 2331 1677 τῆς
2351 1608 2532 1679 χειρὸς
2560 1607 2861 1676 λαϐόμενον
2897 1604 3150 1674 Μαξίμου
3169 1602 3264 1656 τοῦ
3295 1603 3394 1672 τῆς
3433 1601 3601 1669 Ἰεροο

345 1723 576 1778 quaeque
600 1695 931 1773 attingenies
950 1743 964 1766 ,
995 1700 1256 1770 singulari
1290 1699 1519 1769 quadam
1561 1708 1681 1751 arte
1706 1697 1913 1752 calum-

2041 1701 2272 1771 ιολύμων
2305 1698 2632 1770 Ἐκκλησίας
2667 1697 2954 1767 προέδρου,
2975 1694 3357 1765 ἐξαναστῆναι,
3388 1693 3464 1764 μὴ
3487 1693 3601 1746 δεῖν

280 1802 287 1809 “
346 1801 491 1851 niam
522 1802 936 1864 pertcxueruut,
968 1791 1333 1861 sycophantas
1371 1787 1654 1843 convictos
1696 1787 1915 1841 silentio

349 1896 613 1956 tegentes,
668 1894 724 1938 et
781 1892 1130 1936 accusatores
1182 1881 1301 1951 ejus
1357 1894 1552 1933 omnes
1609 1878 1913 1932 laudantes.

346 1978 543 2033 Jounni
580 1990 799 2045 quoque
834 1974 906 2027 illi
938 1972 1029 2042 qui
1084 1970 1287 2026 Melitio
1336 1979 1695 2037 successerat,
1748 1980 1921 2025 secta-

350 2070 667 2136 tus-illosque
688 2067 827 2134 ejus,
860 2075 953 2117 aut
980 2064 1295 2132 quicunque
1326 2077 1395 2116 ex
1423 2063 1571 2116 clero
1599 2063 1718 2131 ejus
1741 2070 1917 2125 erant,

353 2162 617 2213 honorem
699 2157 1129 2225 dignitatemque
1185 2151 1447 2205 tribuere.
1520 2151 1700 2219 Ipsum
1756 2151 1920 2203 etiam

2021 1789 2158 1845 εἶναι
2210 1790 2601 1858 λογισαμένους
2632 1787 2973 1856 ὁμολογητὰς
3008 1787 3189 1851 ὄντας,
3227 1786 3324 1837 καὶ
3354 1784 3460 1861 ,διὰ
3507 1783 3600 1834 τὸν

2022 1881 2198 1950 ἀληθῆ
2250 1880 2407 1947 λόγον
2436 1880 2505 1932 τὰ
2549 1878 2775 1947 ὄμματα
2815 1876 3318 1947 ὲξορωρυγμένους,
3367 1875 3464 1929 καὶ
3497 1873 3601 1936 τὰς

2023 1972 2269 2040 ἀγκύλας
2318 1970 2778 2041 πεπηρωμένοις.
2813 1966 3075 2035 συλλόγου
3115 1968 3396 2022 κοινωνεῖν
3434 1983 3601 2033 πονη⁹

2028 2060 2137 2131 ρῶν
2176 2061 2270 2115 καὶ
2320 2061 2540 2130 φαύλων
2576 2060 2807 2130 ἀνδρῶν,
2835 2060 2933 2113 καὶ
2975 2060 3114 2114 κατὰ
3154 2060 3267 2113 τῶν
3295 2061 3394 2129 τῆς
3444 2060 3603 2110 εύσε-

2027 2152 2178 2215 δείας
2208 2154 2506 2223 προμάχων
2538 2152 2893 2222 ψηφίζεσθαι.

351 2253 666 2315 Arsenium,
686 2252 778 2320 qui
799 2263 975 2304 caesus
998 2262 1117 2302 esse
1140 2246 1321 2300 dictus
1362 2246 1559 2310 fuerat,
1583 2253 1932 2315 receperunt:

2041 2246 2082 2301 1i
2149 2259 2262 2302 tum
2295 2263 2513 2319 quoque
2555 2249 2954 2304 ilelitianorum
2979 2258 3238 2314 sectator,
3258 2257 3315 2305 et
3344 2259 3603 2319 tanquam

353 2340 1247 2417 Hypselopolitarumepiscopus,
1305 2339 1501 2407 iniqua:
1564 2337 1639 2390 illi
1707 2338 1987 2393 Athanasii
2025 2341 2364 2410 ahrogationi
2421 2341 2765 2411 subscripsit.
2806 2341 2922 2408 Qua
2983 2341 3036 2395 in
3097 2356 3157 2396 re
3207 2339 3342 2396 illud
3398 2356 3605 2396 novum

354 2440 665 2507 mirumque
694 2436 869 2491 visum
893 2444 998 2496 est,
1025 2431 1170 2502 quod
1205 2431 1298 2502 qui
1350 2434 1420 2484 ab
1449 2430 1749 2485 Athanasio
1803 2431 2085 2502 jugulatus
2141 2448 2264 2488 esse
2319 2433 2627 2500 dicebatur,
2647 2435 2693 2488 is
2713 2433 2923 2498 vivens,
2964 2443 3229 2504 quantum
3263 2434 3319 2488 in
3349 2449 3415 2489 eo
3434 2445 3602 2490 situm

353 2541 497 2595 erat,
546 2526 907 2582 Athanasium
937 2523 1343 2578 exauctorando
1388 2521 1679 2592 jugulavit.
1749 2521 1861 2578 Hoc
1928 2534 2036 2579 tam
2078 2526 2340 2596 injustum
2392 2527 2756 2596 insanumque
2801 2525 3067 2596 judicium
3105 2525 3262 2580 multi
3306 2527 3470 2583 etiam
3509 2529 3604 2595 qui

357 2623 432 2678 lbi
483 2623 694 2676 aﬂuere
749 2618 1157 2689 episcoporum,
1195 2613 1632 2684 deprehendere.
1688 2612 1820 2668 Nam
1867 2624 1924 2670 et
1960 2607 2327 2687 Paphnutium
2397 2615 2766 2672 confessorem
2844 2626 2956 2671 tum
2988 2627 3310 2687 praesentem
3341 2658 3357 2683 ,
3385 2618 3606 2686 dicunt,

356 2718 700 2789 apprehensa
734 2712 953 2767 Maximi
996 2709 1508 2780 llierosolymitana:
1578 2709 1839 2764 Ecclesiae
1905 2712 2171 2769 antistitis
2214 2729 2380 2768 manu
2453 2713 2904 2779 consurrexisse,
2940 2722 3108 2783 atque
3140 2715 3361 2784 utrique
3416 2715 3598 2770 minus

358 2814 655 2870 convenire
687 2809 1018 2864 arbitrarum
1050 2820 1208 2871 esse,
1260 2804 1355 2874 qui
1421 2804 1768 2861 confessores
1832 2809 2203 2877 exstitissent,
2246 2810 2546 2880 oculosque
2591 2818 2814 2881 propter
2879 2825 3190 2865 sermonem
3222 2811 3471 2866 veritatis
3519 2810 3604 2867 ef-

360 2905 574 2970 fossos,
605 2914 661 2958 et
701 2899 1079 2971 pedumllexus
1124 2897 1441 2953 debilitatos
1488 2896 1929 2966 circumferrem,
1976 2911 2036 2956 ut
2105 2917 2398 2958 commune
2463 2901 2762 2972 quidquam
2812 2916 2937 2957 cum
2991 2917 3283 2973 pravorum
3313 2912 3371 2958 et
3397 2904 3613 2975 impI'O‘

364 3003 561 3056 borum
629 2996 917 3052 hominum
970 3005 1117 3049 coetu
1189 2993 1495 3066 haberent,
1560 3001 1615 3046 et
1669 2992 1932 3050 adversus
1969 3013 2114 3052 vera:
2144 2999 2363 3069 pietatis
2403 3005 2839 3069 propugnatores
2870 2999 3198 3054 sententiam
3232 2999 3463 3054 ferrent.

890 3133 1054 3205 653
1087 3132 1312 3188 CAPUT
1354 3130 1414 3187 L.

371 3258 447 3312 De
485 3238 874 3316 consecratione
914 3262 1005 3299 seu
1060 3244 1384 3299 dedicatione
1433 3245 1615 3316 templi
1642 3244 1943 3316 Hierosoly-

441 3324 631 3380 mitani
689 3315 909 3389 epistola
975 3317 1311 3383 imperatoris
1369 3315 1751 3389 udsynodum
1821 3315 1942 3389 Tyri

438 3385 728 3536 fhamiciw'
746 3393 1123 3457 congregatum
1149 3400 1166 3438 :
1196 3393 1243 3437 et
1270 3394 1326 3437 ut
1356 3386 1676 3438 Athanasius
1705 3385 1852 3438 exsul
1877 3388 1940 3438 sit

464 3474 637 3519 actus.

445 3600 526 3656 Eo
559 3605 828 3665 tempore,
862 3607 972 3660 quo
1001 3600 1057 3645 et
1090 3590 1397 3645 tricesimus
1432 3592 1647 3661 imperii
1679 3590 1944 3646 Constan-

374 3692 474 3747 tini
509 3701 689 3742 annus
722 3684 1129 3753 complebatur,
1159 3690 1216 3737 et
1252 3683 1513 3752 templum
1558 3682 1946 3753 Hierosolymis

377 3788 431 3839 in
459 3779 726 3839 Calvaritc
755 3777 879 3831 loco
909 3776 1458 3847 magniﬁcentissime
1483 3775 1792 3829 absolutum
1824 3776 1944 3828 lue-

377 3884 483 3937 rat,
530 3871 675 3942 quod
724 3882 979 3938 magnum
1028 3866 1354 3936 Martyrium
1403 3865 1629 3931 dicitur,
1674 3865 1946 3919 Marianos

376 3964 603 4034 quidam
655 3960 834 4027 ampla
878 3956 1145 4026 dignitate
1188 3956 1294 4019 vir,
1328 3958 1397 4009 ab
1447 3956 1776 4025 imperatore
1818 3969 1942 4009 cum

375 4054 578 4109 litteris
605 4051 672 4105 ad
713 4050 981 4118 synodum
1019 4048 1191 4109 venit,
1222 4047 1426 4115 quibus
1458 4062 1620 4115 quam
1654 4047 1945 4100 celerrime

382 4142 815 4212 Hierosolymam
879 4142 1064 4204 adire,
1121 4150 1344 4209 propter
1388 4137 1530 4193 sacri
1584 4138 1704 4206 ejus
1758 4136 1943 4205 templi

379 4234 787 4289 dedicationem
825 4231 1187 4302 jubebantur.
1241 4230 1420 4298 Atque
1475 4228 1553 4282 illi
1596 4228 1847 4296 protinus
1887 4237 1947 4280 ut

381 4339 633 4401 potuere,
667 4324 1043 4395 Hierosolyma
1072 4322 1494 4387 contendermit,
1521 4320 1753 4376 dissidio
1783 4332 1946 4389 atque

378 4418 657 4475 discordia
694 4417 841 4470 omni
879 4414 1141 4484 seposita,
1178 4413 1553 4482 templumque
1583 4412 1762 4481 ipsum
1793 4410 1946 4465 dedi-

378 4518 597 4575 carunt,
626 4510 854 4563 donaria
887 4506 1048 4561 simul
1082 4517 1137 4560 et
1167 4513 1486 4559 ornamenta
1517 4505 1585 4556 ah
1618 4505 1946 4571 imperatore

382 4609 549 4657 mittsa
586 4601 810 4654 maximi
854 4613 1080 4667 prorsus
1133 4596 1293 4666 pretii
1346 4603 1736 4649 consecrante-3
1772 4613 1784 4647 :
1826 4611 1948 4665 quae

382 4699 545 4764 longo
592 4709 723 4748 sane
772 4702 894 4761 post
941 4698 1187 4759 tempore
1237 4688 1306 4742 ibi
1355 4687 1529 4753 fuere,
1563 4697 1844 4756 stuporem
1893 4700 1949 4742 et

380 4785 885 4841 consternationem
931 4782 1089 4849 plane
1130 4781 1508 4850 spectantibus
1545 4779 1893 4834 conciliantia
1930 4798 1942 4832 :

384 4886 536 4930 tanta
585 4876 801 4928 illorum
855 4881 976 4926 erat
1020 4871 1367 4943 magnitudo,
1419 4880 1632 4925 tantum
1665 4874 1945 4941 ’pretium.

384 4966 515 5021 Erat
562 4965 609 5018 is
650 4962 1133 5030 decimusquartus
1180 4965 1384 5016 mensis
1424 4961 1763 5026 Septembris
1806 4961 1947 5027 dies,

384 5058 478 5127 qui
528 5055 596 5110 ab
645 5069 711 5108 eo
759 5062 1007 5121 tempore
1063 5053 1117 5106 in
1175 5054 1405 5107 ecclesia
1458 5052 1951 5122 Hierosolymitana

387 5146 687 5218 quotannis
734 5143 952 5212 publice
999 5142 1066 5196 ab
1111 5143 1370 5198 omnibus
1417 5143 1590 5196 festus
1626 5153 1679 5196 et
1717 5144 1952 5198 celebris

385 5238 623 5307 agitatus
672 5242 778 5295 est,
815 5241 942 5285 octo
986 5246 1050 5284 cx
1109 5232 1302 5284 ordine
1346 5232 1542 5285 divbus
1584 5235 1949 5288 conventibus

386 5323 751 5380 celebrandis.
778 5322 992 5389 Quibus
1018 5321 1215 5374 diebus
1242 5336 1306 5375 ex
1335 5325 1484 5375 omni
1517 5333 1786 5378 terrarum
1813 5326 1947 5379 orbe

393 5416 643 5470 homines
687 5432 754 5469 eo
805 5417 1160 5476 conveniunt,
1200 5425 1252 5467 et
1300 5413 1366 5467 ad
1421 5414 1591 5468 festas
1641 5429 1950 5473 conventus

388 5517 748 5569 concurrunt,
784 5522 983 5561 arcana
1015 5522 1170 5561 sacra
1204 5506 1500 5573 peracturi,
1530 5517 1584 5559 ct
1615 5507 1730 5562 loca
1761 5519 1947 5561 sancta

387 5600 684 5667 Cognituri.
731 5598 999 5666 Deinceps
1044 5615 1173 5651 vero
1216 5612 1267 5651 ιιι
1308 5601 1649 5652 decantatam
1690 5601 1835 5655 illam
1873 5603 1950 5657 ibi

2593 3140 2639 3191 K
2651 3139 2848 3194 ΕΦΔΛ.
2891 3136 2974 3195 N'.

2043 3257 2181 3322 Περὶ
2236 3255 2347 3325 τῆς
2412 3255 2821 3324 καθιερώσεως
2881 3255 2990 3325 τοῦ
3047 3255 3118 3306 ἐν
3177 3254 3614 3325 Ἰεροσολύμοις

2114 3324 2303 3378 ram)"
2331 3325 2430 3378 καὶ
2481 3327 2777 3391 ἐπιστολὴ
2816 3324 2921 3378 τοῦ
2963 3324 3274 3394 ,βασιλέως
3319 3324 3615 3394 πρὸςίτὴν

2112 3394 2183 3447 ἐν
2224 3396 2381 3462 Τύρῳ
2407 3394 2515 3463 τῆς
2546 3398 2831 3464 Φοινίκης
2864 3392 3160 3448 σύνοδον
3198 3396 3295 3448 καί
3334 3392 3415 3464 ὦς
3433 3392 3614 3464 ὑπελι-

2114 3466 2275 3532 όριος
2301 3463 2538 3533 ἐγένετο
2564 3463 2943 3527 Ἀθανάσιος.

2116 3600 2252 3654 Κατ’
2280 3600 2456 3653 ἐκεῖνο
2485 3599 2665 3652 τοίνυν
2692 3597 2887 3665 καιροῦ
2910 3596 3103 3669 τρίτης
3130 3597 3355 3664 δεκάδος
3373 3602 3440 3670 τῇ
3466 3581 3616 3671 ἀρχῇ*

2047 3691 2459 3744 Κωνσταντίνου
2509 3689 3032 3759 συμπληρουμένης,
3080 3688 3175 3741 τοῦ
3221 3690 3279 3742 ἐν
3318 3689 3614 3760 Ἰεροσολύ-

2048 3802 2172 3856 μοις
2222 3783 2363 3836 κατὰ
2415 3783 2505 3836 τὸν
2555 3782 2796 3851 Κρανίου
2844 3780 3008 3834 τόπον
3041 3780 3354 3844 πολυτελῶς
3387 3781 3615 3851 ἐξεργα-

2048 3879 2265 3938 σθέντος
2313 3874 2438 3940 νεὼ,
2467 3874 2496 3927 ὃ
2541 3874 2681 3942 μέγα
2709 3872 3019 3945 Μαρτύριον
3048 3872 3288 3939 λέγεται,
3333 3872 3615 3941 Μαριανός

2047 3983 2131 4018 τις
2162 3965 2273 4015 τῶν
2300 3965 2358 4017 ὲν
2389 3962 2703 4032 ἀξιώμασιν
2740 3964 2803 4014 ὲκ
2833 3962 3100 4031 βασιλέως
3153 3962 3613 4033 παραγενόμενος,

2048 4058 2359 4125 γράμματα
2393 4057 2459 4125 τῇ
2495 4054 2701 4123 συνόδῳ
2732 4053 2927 4119 ἐδίδου,
2951 4052 3341 4122 διαγορεύοντα
3370 4056 3492 4107 ὅσον
3520 4058 3618 4106 τά-

2047 4162 2138 4216 χος
2179 4146 2275 4214 τὴν
2324 4140 2682 4212 Ἰερουσαλὴμ
2731 4140 2977 4204 ἐκείνους
3012 4141 3340 4194 καταλαϐεῖν
3386 4143 3479 4196 ἐπὶ
3516 4160 3619 4196 κ’-

2048 4237 2300 4308 οιερώσει
2347 4235 2440 4288 τοῦ
2474 4234 2622 4287 θείου
2667 4235 2793 4288 νεώ.
2832 4234 2894 4288 Oi
2940 4234 2987 4287 δ’
3010 4233 3173 4298 εὐθὺς
3214 4234 3290 4299 ὡς
3337 4230 3483 4305 εῐχον
3520 4235 3620 4288 ἐπὶ

2048 4336 2113 4383 τι
2156 4328 2511 4399 Ἰεροσόλυμα
2538 4321 2694 4400 ἧκον,
2719 4327 2989 4398 διαφορὰν
3012 4330 3107 4382 καὶ
3135 4327 3403 4398 διχόνοιαν
3432 4330 3618 4383 πᾶσαν

2048 4422 2206 4492 δῆθεν
2245 4423 2310 4473 ἐκ
2350 4420 2520 4490 μέσου
2555 4420 2958 4491 πεποιημένοι·
2996 4421 3090 4475 καὶ
3138 4422 3232 4473 τὸν
3268 4421 3404 4474 νεὼν
3435 4420 3620 4474 καθιέ-

1976 4552 2026 4611 D
2057 4525 2260 4577 ρωσαν,
2295 4507 2623 4577 ἀναθέμενοι
2644 4507 2679 4561 ἃ.
2702 4508 2865 4576 λόγσυ
2890 4506 3090 4561 πολλοῦ
3123 4508 3249 4573 ἄξια
3273 4510 3533 4579 κειμήλιά
3558 4529 3619 4564 τε

2056 4602 2150 4652 καὶ
2172 4600 2495 4670 ἀναθήματα
2518 4601 2754 4669 πέμψειε
2782 4600 3035 4669 βασιλεύς
3060 4615 3073 4628 ·
3103 4600 3140 4654 ἃ
3162 4601 3299 4670 δῆτα
3334 4602 3516 4673 πολλῷ
3540 4604 3620 4675 τῷ

2056 4692 2185 4762 ἑξῆς
2232 4691 2409 4762 χρόνῳ
2467 4693 2763 4755 ἀνέκειντο,
2812 4693 3148 4763 κατάπληξις
3201 4693 3462 4763 ἄντικρυς
3506 4700 3621 4760 τοῖς

2053 4778 2223 4848 ὁρῶσι
2256 4779 2520 4847 μεγέθους
2551 4796 2608 4830 τε
2637 4780 2731 4831 καὶ
2764 4780 3115 4843 πολυτελείας
3148 4781 3330 4837 ἕνεκα.
3360 4785 3621 4850 Τρισκαι-

2053 4871 2254 4940 δεκάτη
2289 4870 2333 4923 δ’
2365 4867 2432 4941 ἦν
2459 4870 2788 4941 Σεπτεόρίου
2814 4873 2981 4940 μηνός
3004 4887 3019 4900 ’
3052 4874 3120 4942 ἣν
3143 4873 3208 4945 δὴ
3236 4874 3296 4927 τὸ
3324 4874 3383 4941 ἐξ
3411 4877 3620 4932 ἐκείνου

2053 4966 2270 5036 ἐτήσιον
2302 4964 2577 5034 δημότελῆ
2612 4966 2704 5017 καὶ
2747 4967 3022 5036 περιφανῆ
3055 4968 3247 5038 ἑορτὴν
3285 4969 3408 5037 ἄγει
3440 4972 3472 5040 η
3510 4971 3620 5024 τῶν

2067 5054 2460 5124 Ἰεροσολύμων
2504 5054 2824 5124 Ἐκκλησία,
2853 5057 2945 5108 ἐπὶ
2973 5055 3119 5109 όκτὼ
3150 5057 3356 5128 ἐφεξῆς
3384 5061 3621 5130 ἡμέραις

2055 5146 2519 5215 ἐκκλησιάζουσα.
2572 5145 2662 5210 Ἐξ
2723 5145 2943 5213 ἁπάσης
2976 5148 3033 5199 δὲ
3074 5148 3173 5215 τῆς
3210 5151 3310 5217 γῆς
3359 5152 3620 5220 φοιτῶσιν

2055 5236 2335 5305 ἄνθρωποι
2396 5235 2626 5304 μνήσεις
2678 5236 3087 5301 ὲπιτελέσοντες
3134 5239 3275 5293 κατὰ
3320 5242 3525 5304 ταύτας
3556 5243 3620 5311 δὴ

2055 5329 2159 5390 τὰς
2195 5327 2430 5397 ἡμέρας,
2462 5329 2559 5379 καὶ
2589 5326 2711 5380 καθ’
2746 5328 2986 5397 ἱστορίαν
3018 5331 3124 5383 τῶν
3160 5334 3319 5401 ἱερῶν
3345 5336 3530 5388 τόπων
3556 5338 3623 5404 τῇ

2060 5420 2371 5488 πανηγύρει
2431 5419 2836 5491 συντρέχοντες.
2877 5423 3107 5477 Ἔπειτα
3159 5425 3216 5477 δὲ
3251 5427 3344 5479 καὶ
3392 5428 3493 5497 τὴν
3528 5446 3624 5480 πο-

2054 5513 2422 5581 λυθρύλλητον
2475 5513 2691 5582 ἐκείνην
2748 5512 2964 5565 σύνοδον
3023 5517 3200 5570 ἐκεῖσε
3253 5521 3622 5588 ποιήσαντες,

2061 5607 2280 5674 Ἀρειον
2314 5606 2404 5658 καὶ
2461 5604 2697 5667 Εύζώῖον
2742 5606 3157 5679 προσεδέξαντο³
3210 5615 3319 5673 τοῖς
3356 5611 3621 5676 ϐασιλέως
