3988 6190
283 290 339 351 2t}
353 287 368 349 l

1138 280 1724 343 ECCLEFIASTIC.'E
1768 278 2153 340 IIlSTORl/E
2196 279 2338 341 LIB.
2380 260 2539 367 vni.
2626 280 2627 289 ‘

3387 270 3488 356 :62

282 399 423 469 δῆθεν
454 394 762 456 πεισθέντες
790 393 1104 463 γράμμασι,
1133 391 1203 444 δι’
1224 384 1298 445 ὧν
1325 392 1511 461 ἐδήλου
1533 390 1709 460 ὀρθῶς
1739 388 1828 440 αύ-

1933 401 2098 455 egcre
2135 386 2426 457 synodum,
2456 387 2510 441 in
2555 402 2663 459 qua
2698 388 2888 444 Arium
2918 397 2971 444 et
3006 387 3267 449 Euzoium
3298 406 3485 453 susce.

280 492 391 550 τοὺς
417 489 539 555 περὶ
587 484 687 552 τὴν
724 485 906 537 πίστιν
942 485 1181 553 φρονεῖν.
1213 483 1500 551 Ἐργαψαν
1539 482 1597 533 δέ
1633 482 1726 534 καὶ
1758 480 1825 549 τῇ

296 577 674 647 Ἀλεξανδρέων
716 576 1037 645 Ἐκκλησία,
1093 574 1169 635 ὡς
1224 574 1415 642 βαθεῖα
1467 574 1659 642 εἰρήνη
1710 575 1829 634 ταῖς

284 670 586 736 ἐκκλησίαις
629 666 1012 736 ἐπρυτανεύθη
1058 667 1152 718 τοῦ
1187 666 1383 732 φθόνου
1409 662 1826 723 ἁπελασθέντος.

284 764 381 816 Καὶ
418 763 635 827 ’Ἄρειος
664 758 957 829 μεταμέλῳ
986 758 1354 826 χρησάμενος,
1386 758 1479 811 καὶ
1507 756 1709 826 βιϐλίον
1734 771 1802 821 με

278 852 482 911 τανοίας
515 850 664 912 δοὺς,
703 846 931 910 δικαίως
979 848 1172 917 ἐδέχθη
1207 849 1309 914 τῆς
1353 846 1682 917 Ἐκκλησὶας
1711 846 1831 907 ὅὶος

280 940 582 1010 γενόμενος.
615 940 764 1008 Δῆλα
783 938 839 992 δέ
873 939 966 992 καὶ
998 939 1068 991 τὰ
1106 938 1423 1008 πραχθέντα
1447 939 1720 991 καθίστων
1754 934 1831 1004 τῷ

279 1033 493 1101 βασιλεῖ.
526 1034 631 1087 Καὶ
657 1033 707 1084 oi
743 1033 842 1099 μὲν
867 1030 1092 1085 τοιαῦτα
1123 1031 1427 1100 ἔπραττονο
1467 1031 1496 1082 6
1517 1029 1566 1081 δ’
1606 1027 1832 1081 Ἀθανά-

280 1141 380 1185 σιος
407 1125 557 1193 ῆκων
587 1126 686 1192 τὴν
730 1121 1172 1187 Κωνσταντίιιου,
1218 1120 1254 1175 ἃ
1296 1120 1564 1174 πέπονθεν
1609 1119 1706 1173 ἐπὶ
1752 1118 1832 1188 τῷ

279 1215 480 1286 βασιλεί
534 1214 877 1285 ἀπωδύρετο.
918 1215 1028 1268 Καί
1081 1230 1244 1266 τινων
1295 1211 1352 1265 δὲ
1409 1212 1694 1283 παρόντων
1725 1211 1833 1263 τῶν

278 1306 769 1372 καταδικασάντων,
803 1306 1086 1359 κατεδεῖτο
1117 1304 1380 1374 βασιλέως
1406 1305 1495 1357 ἐπ’
1524 1300 1689 1358 αὐτοῦ
1721 1300 1831 1353 τῶν

273 1400 325 1449 ἐν
353 1396 515 1465 Τύρῳ
548 1401 962 1467 πεπραγμένων
993 1396 1097 1467 τὴν
1142 1395 1326 1467 κρίσιν
1364 1395 1644 1463 γενέσθαι.
1675 1396 1832 1446 Δοκι-

277 1491 443 1556 μάσας
471 1490 528 1541 δὲ
570 1490 597 1541 6
625 1489 844 1559 κρατῶν
889 1486 1088 1557 εὔλογα
1123 1489 1212 1540 τὸν
1263 1485 1582 1540 Ἀθανάσιον
1628 1484 1831 1554 λέγειν,

272 1580 372 1639 τοῖς
415 1579 478 1628 ἐν
529 1576 695 1645 Τύρῳ
736 1573 1055 1628 συνελθοῦσι
1092 1574 1200 1627 τῶν
1257 1574 1573 1628 ἐπισκόπων
1624 1574 1832 1644 ἔγραφε

268 1667 462 1729 τοιάδε,
501 1671 583 1728 εἰς
613 1667 808 1719 ἑαυτὸν
841 1666 1237 1737 μεταστέλλων·
1278 1685 1296 1719 ι
1344 1665 1486 1734 Ἐγὼ
1523 1664 1621 1736 μὲν
1651 1666 1833 1734 ἁγνοῶ

1931 493 2063 547 pere
2118 479 2193 547 (l)
2229 497 2241 533 :
2282 480 2633 547 imperatoris
2680 480 2937 538 videlicet
2994 483 3195 539 litteris
3243 489 3488 549 adducti.

1930 566 2133 634 quibus
2177 567 2267 621 ille
2300 576 2450 622 recte
2492 583 2589 624 eos
2629 571 2698 625 de
2743 571 2846 626 ﬁde
2884 575 3090 628 sentire
3124 578 3491 648 signiﬁcabat.

1933 656 2287 725 Scripserunt
2316 658 2412 737 (illi
2461 674 2683 730 quoque
2730 663 2794 716 ad
2840 664 3139 721 Ecclesiam
3175 666 3493 725 Alexandri.

1932 764 2097 811 nam,
2142 748 2367 803 multam
2422 766 2565 817 esse,
2601 752 2742 809 odiis
2783 753 3068 821 discussis,
3101 761 3352 816 ccclesiis
3397 776 3485 833 pa-

1932 854 2051 892 cem
2088 840 2472 909 coneiliatam;
2507 843 2698 898 Arium
2733 846 3030 916 resipuisse
3065 866 3080 903 :
3112 864 3370 922 eumque,
3408 872 3494 908 ar-

1932 935 2093 996 cepto
2143 928 2211 981 ah
2254 927 2478 985 homine
2531 931 2872 999 pmnitentim
2919 934 3128 1000 libello,
3168 939 3272 993 rite
3315 946 3495 995 δυσοικ-

1931 1028 2109 1086 ptum,
2144 1010 2375 1088 prorsus
2410 1020 2465 1073 in
2497 1021 2756 1079 Ecclesiae
2790 1033 3059 1094 potestate
3094 1043 3235 1084 esse.
3267 1033 3398 1086 A'cta
3433 1049 3494 1087 ea

1933 1107 2002 1160 ad
2033 1106 2426 1177 imperatorem
2453 1112 2620 1166 etiam
2652 1116 2916 1172 retulere.
2947 1118 3126 1190 Atque
3159 1122 3236 1175 illi
3273 1126 3495 1192 quidem

1919 1196 2049 1251 ihrec
2080 1198 2158 1252 sic
2188 1215 2351 1268 egere
2392 1202 2489 1271 (2).
2525 1203 2857 1261 Athanasius
2894 1207 3077 1263 autem
3109 1210 3496 1269 Constantinu-

1934 1286 2099 1356 polim
2128 1290 2492 1358 contendens,
2521 1293 2591 1349 de
2616 1294 2833 1363 injuriis
2860 1300 2995 1367 quas
3025 1316 3332 1371 acceperat,
3354 1310 3495 1376 ame

1936 1377 2326 1446 imperatorem
2366 1391 2452 1438 est
2490 1385 2810 1454 quiritatus.
2859 1390 2926 1443 Et
2964 1406 3089 1445 cum
3138 1391 3210 1447 ibi
3251 1400 3496 1451 nonnulli

1931 1471 2029 1539 qui
2079 1486 2204 1526 eum
2259 1476 2553 1532 sententiis
2604 1479 2719 1534 suis
2771 1479 3168 1538 damnaverant
3208 1484 3495 1550 'adessent,

1936 1564 2069 1619 illud
2104 1566 2173 1619 ab
2207 1567 2543 1637 imperatore
2581 1574 2808 1644 supplex
2842 1576 3019 1643 petiit,
3055 1585 3115 1629 ut
3151 1585 3332 1633 rerum
3371 1580 3497 1649 'l'yri

1937 1653 2005 1710 de
2038 1672 2097 1710 se
2128 1666 2371 1713 actarum
2403 1660 2458 1714 in
2489 1661 2607 1731 ejus
2640 1665 2928 1731 praesentia
2964 1666 3246 1734 inquisitio
3275 1664 3331 1723 et
3354 1670 3499 1739 judi-

269 1759 381 1812 τίνα
412 1761 537 1813 ἐστὶ
560 1758 629 1812 τὰ
664 1758 767 1811 ὑπὸ
795 1729 894 1828 vii;
929 1759 1201 1827 ὑμετέρας
1241 1729 1459 1812 συνόδου
1497 1729 1635 1829 μετὰ
1665 1729 1827 1828 obpo-

1936 1744 2079 1799 eium
2128 1745 2302 1803 ﬁeret.
2337 1748 2510 1804 Porro
2547 1749 2848 1820 imperator
2887 1754 3245 1811 Athanasium
3280 1729 3496 1829 teq'uum

269 1851 354 1904 ϐου
382 1851 483 1903 καὶ
514 1850 784 1919 χειμῶνος
814 1850 1091 1920 κριθέντα.
1121 1853 1278 1903 Δοκεῖ
1305 1850 1362 1903 δέ
1393 1868 1509 1913 πως
1552 1850 1657 1903 ὑπό
1685 1866 1830 1911 τινος

269 1943 614 2013 ταραχώδους
644 1941 868 2005 ἀταξίας
898 1943 932 2012 ἠ
967 1941 1201 2012 ἀλήθεια
1244 1941 1604 2013 διεστράφθαι
1628 1957 1642 1971 ο
1673 1941 1828 2010 ὑμῶν

264 2034 463 2104 δηλαδὴ
512 2033 604 2087 διὰ
652 2033 753 2104 τὴν
802 2034 938 2104 πρὸς
987 2035 1115 2098 τοὺς
1151 2034 1321 2097 πέλας
1376 2032 1711 2103 ἐρεσχελίαν,
1763 2032 1830 2102 ἢν

266 2126 534 2195 ἀήττητον
569 2121 711 2179 εἶναι
747 2124 1029 2196 βούλεσθε,
1060 2127 1131 2179 τὰ
1157 2127 1233 2195 τῷ
1267 2126 1385 2197 Θεῷ
1416 2126 1720 2196 ἀρέσκοντα
1754 2123 1830 2192 μὴ

268 2218 641 2288 συνορώντων.
674 2217 829 2293 οἊλλ*
860 2219 1014 2270 ἔσται
1045 2218 1145 2287 τῆς
1173 2215 1325 2280 θείας
1360 2216 1617 2288 προνοίας
1643 2215 1827 2285 ἔργον,

264 2310 353 2360 καὶ
377 2308 452 2361 τὰ
477 2306 578 2379 τῆς
601 2296 936 2377 φιλονεικίας
960 2300 1181 2378 ταύτης
1194 2307 1340 2361 κακὰ
1360 2307 1608 2378 φανερῶς
1633 2307 1832 2361 ἁλόντα

263 2396 646 2468 διασκεδᾶσαι,
678 2404 772 2455 καὶ
806 2404 937 2472 ἡμῖν
969 2402 1268 2472 διαρρήδην
1299 2400 1590 2465 ἐπιδεῖξαι,
1626 2400 1680 2452 εἴ
1709 2417 1832 2453 τινα

262 2492 352 2560 τῆς
383 2492 652 2569 ἀληθείας
682 2493 869 2547 αὐτόθι
913 2492 1260 2556 συνελθόντες
1309 2489 1640 2562 ἐποιήσασθε
1671 2507 1831 2561 φρον-

258 2584 391 2650 τίδα,
426 2584 531 2637 καὶ
573 2585 623 2638 εί
655 2584 724 2638 τὰ
751 2585 1056 2656 κεκριμένα
1095 2584 1267 2655 χωρίς
1305 2600 1449 2648 τινος
1479 2583 1706 2653 χάριτος
1738 2582 1832 2634 καὶ

258 2674 561 2743 ἀπεχθείας
606 2674 884 2747 ἐκρίνατε.
942 2676 1261 2757 Τοιγαροῦνί
1303 2674 1645 2744 ἐπειγμένως
1693 2674 1830 2744 πρὸς

258 2762 353 2830 τὴν
383 2763 536 2831 ἐμὴν
571 2762 745 2816 ἐλθεῖν
775 2765 917 2834 ὑμᾶς
966 2765 1249 2818 εὐσέϐειαν
1283 2760 1571 2835 βούλομαι,
1619 2764 1706 2818 ἵνα
1732 2763 1830 2836 τὴν

257 2850 362 2903 τῶν
388 2852 813 2921 πεπραγμένων
844 2851 973 2922 ὑμῖν
1020 2852 1306 2923 ἀκρίϐειαν
1337 2853 1433 2905 καὶ
1465 2850 1619 2920 ὑμῶν
1650 2852 1831 2906 αὐτῶν

260 2943 685 3012 παραστήσητε.
738 2942 894 3008 Τίνος
927 2926 982 2998 δέ
1014 2944 1198 2998 ἕνεκεν
1237 2943 1447 3014 γράψαι
1481 2942 1654 2996 ταῦτα
1696 2943 1831 3014 πρὸς

1930 1844 2120 1906 petere
2165 1853 2432 1903 censens,
2483 1842 2550 1896 ad
2601 1843 2888 1914 episcopus
2922 1848 3015 1915 qni
3057 1847 3182 1919 Tyri
3222 1860 3499 1906 convene-

1932 1935 2079 1991 rant,
2113 1942 2208 1982 eos
2246 1929 2313 1984 ad
2346 1946 2403 1985 se
2441 1932 2631 1987 venire
2659 1933 2882 2002 jubcns.
2917 1935 2971 1990 in
3010 1936 3126 1992 haec
3158 1932 3319 1995 verba
3360 1945 3498 1997 scri-

1931 2016 2081 2086 psit:
2119 2038 2138 2071 ¢
2179 2020 2292 2091 Ego
2325 2023 2548 2091 quidem
2587 2039 2708 2095 qua:
2747 2025 2858 2082 sint
2889 2044 2979 2084 res
3009 2044 3038 2083 a
3068 2032 3280 2101 synodo
3318 2034 3499 2088 Vestra

1932 2125 2033 2180 per
2067 2113 2362 2168 tumultum
2396 2124 2454 2170 et
2481 2117 2639 2186 quasi
2677 2119 2977 2189 procellam
3026 2123 3314 2191 quamdam
3352 2125 3502 2195 judi-

1931 2213 2086 2269 cataa,
2121 2203 2338 2275 ignoro.
2383 2206 2549 2280 654,
2598 2207 2828 2265 Videtur
2874 2220 3053 2267 tamen
3091 2214 3500 2284 quodammodo

1934 2295 2335 2379 tumult’uantcr
2372 2314 2472 2368 per
2502 2300 2873 2356 inordinatam
2916 2306 3372 2364 consultationem
3407 2327 3500 2363 ve-

1934 2386 2068 2441 ritas
2112 2402 2235 2441 esse
2284 2388 2618 2459 depravata,
2667 2393 2814 2461 quod
2865 2394 3076 2450 scilicet
3126 2412 3224 2454 vos
3277 2398 3500 2469 propter

1934 2479 2173 2549 nugandi
2203 2479 2470 2536 adversus
2503 2484 2781 2551 proximos
2807 2486 3073 2551 studium,
3098 2490 3244 2555 quod
3278 2493 3494 2561 quidem

1934 2571 2198 2626 invictum
2224 2588 2346 2628 esse
2374 2574 2564 2637 vultis,
2597 2591 2658 2630 ea
2693 2565 2814 2647 qua:
2844 2579 2954 2632 Deo
2983 2580 3179 2649 placita
3210 2582 3339 2645 sint,
3373 2596 3498 2653 per-

1933 2663 2123 2718 videre
2158 2680 2267 2719 non
2302 2665 2547 2736 possitis.
2583 2666 2876 2725 Enimvero
2905 2667 3103 2724 divina:
3136 2656 3499 2730 Providentiae

1935 2754 2233 2822 l'nerlt,ut,
2268 2771 2393 2811 cum
2444 2758 2777 2814 contentiosi
2831 2760 3046 2815 ardoris
3087 2761 3278 2817 vitium
3325 2768 3496 2817 manio

1937 2847 2078 2901 festo
2111 2836 2515 2916 (leprehcnsnm
2554 2850 2915 2916 discutiatur,
2951 2860 3065 2906 tum
3109 2863 3299 2922 aperte
3344 2857 3501 2909 nobis

1936 2936 2277 3000 declaretur,
2319 2954 2450 2993 num
2497 2941 2551 2993 in
2603 2952 2876 2997 conventu
2920 2941 3084 2998 isthic
3128 2938 3310 3001 vestro
3355 2962 3501 3000 tune

259 3035 397 3105 ὑμᾶς
452 3036 783 3101 ἐδικαίωσα,
833 3037 927 3087 καὶ
961 3035 1105 3105 ὑμᾶς
1150 3035 1287 3104 πρὸς
1337 3035 1572 3104 ἐμαυτὸν
1617 3033 1705 3087 διὰ
1738 3033 1828 3087 τοῦ

1938 3026 2095 3083 vobis
2125 3030 2333 3086 veritas
2364 3031 2551 3095 fuerit,
2581 3042 2638 3087 et
2674 3048 2761 3087 res
2800 3033 3008 3103 absque
3047 3035 3176 3091 odio
3228 3046 3283 3091 et
3329 3040 3499 3108 gratia

261 3127 597 3197 γράμματος
624 3127 797 3192 καλῶ,
824 3127 888 3178 ἐκ
915 3126 1023 3179 τῶν
1046 3127 1326 3196 ἑπομένων
1347 3126 1642 3193 γνώσεσθε.
1681 3125 1831 3178 Ἐπι-

260 3214 505 3267 ϐαίνοντί
568 3231 660 3284 μοι
695 3213 881 3268 λοιπὸν
918 3216 1016 3284 τῆς
1061 3214 1349 3285 ἐπωνύμου
1396 3215 1553 3286 ἡμῶν
1603 3216 1697 3268 καὶ
1731 3233 1835 3268 πα-

260 3307 617 3376 νευδαίμονος
650 3288 906 3375 πατρίδος
933 3308 1033 3374 τῆς
1058 3308 1682 3372 Κωνσταντινουπόλεως
1711 3317 1831 3379 (συ-

258 3399 473 3451 νέϐαινε
496 3398 556 3450 δέ
575 3414 644 3466 με
660 3398 961 3467 τηνικαῦτα
983 3401 1066 3468 ἐφ’
1081 3400 1253 3453 ἵππου
1270 3399 1554 3471 ὀχεῖσθαι).
1572 3398 1831 3470 ἐξαίφνης

269 3486 600 3549 Ἀθανάσιος
626 3487 655 3538 6
685 3487 1005 3550 ἐπίσκοπος,
1040 3488 1204 3556 μέσον
1248 3486 1345 3557 τῆς
1380 3487 1656 3557 λεωφόρου
1692 3490 1832 3556 μετὰ

257 3580 459 3649 ἐτέρων
508 3577 676 3631 τινῶν
705 3577 799 3641 οὒς
840 3580 967 3647 περὶ
1016 3580 1179 3633 αὐτὸν
1226 3574 1369 3649 εἶχεν
1400 3579 1829 3649 ἀπροσδοκήτως

255 3673 427 3735 cii-rw;
482 3660 950 3742 προσῆλθεν,’ὼς
1010 3675 1103 3726 καὶ
1152 3674 1455 3743 παρασχεῖν
1512 3670 1828 3741 ἐκπλήξεως

251 3763 518 3834 ἀφορμήν
541 3776 557 3792 ο
594 3764 875 3833 μαρτυρεῖ
903 3781 991 3834 μοι
1017 3763 1125 3833 γὰρ
1150 3763 1177 3816 6
1206 3763 1423 3817 πάντων
1452 3762 1650 3831 ἔφορος
1672 3761 1826 3825 Θεὸς,

253 3856 325 3917 ὡς
346 3858 478 3910 οὐδὲ
505 3857 755 3924 ἐπέγνων
785 3856 948 3909 αὑτὸν
966 3856 1115 3917 ὅστις
1138 3852 1229 3925 ἦν.
1254 3856 1362 3909 Καὶ
1387 3853 1483 3926 τὴν
1511 3854 1728 3908 ἀδικίαν
1760 3854 1829 3923 ἢν

259 3950 501 4003 πέπονθε
554 3948 1012 4015 πυνθανομένοις,
1048 3947 1238 4017 ὥσπερ
1286 3946 1455 4014 εἰκὸς,
1490 3947 1829 4019 ἀπήγγειλεν

254 4042 405 4109 ἡμῖν.
452 4041 602 4109 Ἐγὼ
637 4040 739 4111 μὲν
767 4036 861 4095 οὗν
891 4041 952 4093 ού
991 4039 1271 4111 διελέχθην
1304 4039 1457 4111 αὐτῷ
1501 4040 1624 4094 κατ’
1649 4041 1830 4095 ἐκεῖνο

252 4134 478 4204 καιροῦ,
505 4133 631 4185 οὔτε
664 4134 882 4201 ὁμιλίας
912 4133 1282 4202 ἐκοινώνησαο
1310 4133 1385 4196 ὡς
1407 4132 1462 4186 δὲ
1488 4133 1698 4196 ἐκεῖνος
1727 4132 1829 4202 μὲν

252 4226 437 4293 ἡξίου,
462 4225 578 4294 ἐγὼ
605 4224 659 4278 δὲ
686 4224 1073 4297 παρῃτούμην,
1101 4218 1197 4279 καὶ
1225 4227 1424 4297 μικροῦ
1448 4224 1561 4278 δεῖν
1586 4224 1826 4279 ἀπελαύ-

252 4316 444 4370 νεσθαι
500 4314 666 4366 αὑτὸν
710 4314 983 4379 ἐκέλευον,
1039 4314 1179 4382 μετὰ
1222 4312 1466 4375 πλείονος
1515 4312 1827 4385 παρρησίας

1937 3123 2049 3176 sint
2094 3121 2371 3192 iudicatas.
2418 3122 2591 3190 Quam
2642 3124 2714 3179 ob
2771 3138 2992 3180 causam
3047 3135 3108 3182 ut
3158 3142 3391 3197 propere
3434 3132 3498 3182 ad

1938 3213 2195 3281 pietatem
2247 3224 2493 3271 nostram
2539 3218 2774 3272 veniatis
2825 3217 2985 3284 volo,
3035 3228 3093 3273 ut
3138 3220 3192 3274 et
3238 3235 3421 3275 rerum
3471 3240 3499 3273 a

1938 3303 2093 3358 vobis
2122 3314 2365 3359 actarum
2396 3315 2643 3361 exactam
2680 3308 2949 3363 rationem
2982 3309 3143 3364 nobis
3170 3310 3501 3370 exliibcatis.

1934 3405 1990 3449 et
2036 3393 2107 3450 de
2156 3396 2316 3451 vobis
2367 3396 2500 3466 ipsis
2548 3398 2921 3454 satisfaciatis.
2964 3399 3079 3467 Qua
3130 3417 3185 3454 re
3227 3411 3405 3454 autem
3446 3413 3502 3457 ut

1936 3487 2052 3542 haec
2095 3486 2163 3542 ad
2207 3503 2303 3544 vos
2346 3490 2672 3555 scriberem,
2706 3500 2760 3545 et
2798 3474 2897 3546 v'os
2931 3506 3028 3560 per
3068 3489 3278 3546 litteras
3311 3493 3377 3545 ad
3416 3509 3502 3546 mc

1935 3592 2245 3645 evocarem,
2270 3579 2543 3657 adductus
2571 3580 2792 3643 fuerim,
2827 3582 2893 3635 ex
2934 3583 3118 3638 verbis
3143 3585 3502 3653 sequentibus

1935 3670 2276 3740 intelligetis.
2311 3666 2644 3739 lngredienti
2680 3672 2813 3726 mihi
2843 3673 2954 3742 jam
2988 3676 3368 3745 cognominem
3403 3692 3499 3731 no-

1936 3763 2022 3818 bis
2067 3772 2124 3817 et
2173 3763 2351 3819 modis
2389 3763 2646 3819 omnibus
2687 3764 2899 3820 felicem
2947 3766 3139 3823 urbem
3187 3767 3500 3823 Constanti-

1934 3855 2177 3925 nopolim
2216 3856 2440 3927 (aceidit
2468 3867 2652 3912 autem
2687 3868 2746 3913 ut
2778 3872 2921 3928 equo
2945 3868 3056 3913 tum
3097 3862 3375 3929 velierer),
3410 3864 3500 3916 de-

1934 3960 2159 4018 repente
2205 3951 2539 4005 Athanasius
2578 3954 2892 4021 episeOpus,
2929 3967 3053 4006 cum
3101 3954 3226 4008 aliis
3274 3953 3499 4021 quihus—

1934 4042 2057 4096 dam
2093 4057 2231 4111 quos
2262 4059 2448 4099 secum
2499 4041 2758 4106 habebat,
2796 4043 2847 4095 in
2900 4044 3077 4098 media
3122 4044 3339 4113 publica
3388 4046 3496 4106 via.

1934 4134 2006 4188 ita
2051 4144 2247 4202 praeter
2301 4135 2771 4203 exspectationem
2822 4134 3018 4189 obvius
3067 4146 3151 4189 est
3198 4135 3395 4201 factus,
3440 4146 3500 4189 ut

1933 4223 2398 4277 consternationis
2449 4224 2615 4277 etiam
2671 4223 2947 4293 praiberet
2990 4240 3234 4279 causam.
3279 4226 3495 4282 Testem

1933 4324 2115 4368 autem
2160 4314 2303 4370 facio
2356 4316 2721 4384 inspectorcm
2772 4332 2958 4370 rerum
3007 4318 3252 4373 omnium
3302 4318 3495 4376 Deum.

250 4402 408 4453 οῦδὲν
435 4402 632 4470 ἕτερον
664 4400 794 4469 παρ’
829 4402 987 4471 ἡμῶν
1007 4402 1147 4473 ᾔτει,
1183 4402 1216 4473 ἢ
1262 4403 1362 4474 τὴν
1402 4402 1672 4474 ὑμετέραν
1703 4403 1828 4473 ἄφι-

1942 4422 2024 4460 me.
2070 4406 2225 4461 illum
2275 4409 2510 4476 primum
2542 4409 2638 4477 qui
2668 4407 2837 4463 fuerit
2879 4426 2987 4464 non
3024 4410 3245 4466 novisse
3278 4428 3291 4464 :
3325 4411 3499 4466 donec

251 4492 333 4558 ξιν
360 4495 607 4563 ἠξίωσεν
634 4492 896 4563 ὑπάρξαι,
926 4493 992 4547 ἶν’
1015 4496 1046 4564 ἡ
1056 4494 1170 4562 μῶν
1193 4494 1479 4564 παρόντων
1509 4496 1823 4565 ἀναγκαίως

251 4588 285 4640 ἃ
319 4587 603 4640 πέπονθεν
657 4586 1039 4655 ἀποδύρασθαι
1089 4570 1365 4656 δυνηθείη.
1414 4590 1585 4658 Ὅπερ
1634 4589 1822 4657 ἐπειδὴ

251 4678 482 4747 εὔλογον
516 4673 660 4730 εἶναι
689 4679 915 4741 καὶτοῖς
948 4679 1161 4749 καιροῖς
1197 4679 1409 4751 πρέπον
1443 4682 1823 4749 κατεφαίνετο,

252 4773 511 4840 ἀσμένως
565 4769 736 4822 ταῦτα
769 4770 1051 4839 γραφῆναι
1108 4771 1244 4839 πρὸς
1300 4771 1441 4840 ὑμᾶς
1488 4770 1821 4836 προσέταξα,

252 4864 340 4916 τινα
381 4866 591 4924 πάντες
621 4862 737 4914 ὅσοι
789 4863 885 4932 τὴν
918 4862 1136 4914 σύνοδον
1169 4863 1265 4931 τὴν
1306 4865 1363 4915 ἐν
1409 4862 1573 4933 Τύρῳ
1599 4864 1826 4932 γενομέ-

250 4972 348 5020 νην
405 4955 758 5023 ἐπλήρωσαν,
807 4953 1195 5022 ἀνυπερθέτως
1242 4958 1320 5015 εἰς
1358 4953 1417 5005 τὸ
1466 4957 1825 5024 στρατόπεδον

252 5049 352 5115 τῆς
410 5048 692 5114 ἡμετέρας
726 5046 1070 5116 ἡμερότητος
1122 5045 1436 5115 ἐπειχθῆτε,
1482 5047 1593 5108 τοῖς
1639 5045 1821 5113 ἔργοις

250 5140 439 5190 αὐτῶν
470 5137 841 5200 ἐπιδείξαντες
865 5137 924 5188 τὸ
947 5137 1044 5205 τῆς
1079 5134 1351 5206 ὑμετέρας
1380 5138 1615 5204 κρίσεως
1655 5137 1823 5188 καθα-

253 5231 346 5297 ρόν
375 5245 440 5280 τε
470 5231 564 5280 καὶ
595 5229 957 5296 ἀδιάστροφον
990 5227 1077 5279 ἐπ’
1115 5227 1250 5294 ἐμοῦ
1271 5243 1284 5257 ·
1313 5226 1370 5277 ὃν
1396 5227 1489 5278 τοῦ
1514 5227 1648 5278 Θεοῦ
1689 5229 1821 5294 γνή-

251 5333 372 5369 σιον
414 5311 557 5369 εἶναι
590 5316 900 5384 θεράποντα
929 5316 1025 5368 οὐκ
1051 5316 1116 5368 ἂν
1145 5315 1493 5385 ἁρνηθείητε.
1523 5316 1823 5383 Τοιγαροῦν

249 5409 339 5460 διὰ
374 5408 482 5476 τῆς
512 5408 653 5477 ἐμῆς
685 5409 817 5477 πρὸς
850 5409 942 5462 τὸν
986 5408 1121 5461 Θεὸν
1151 5407 1405 5476 λατρείας
1436 5408 1505 5461 τὰ
1546 5407 1823 5477 πανταχοῦ

324 5594 409 5657 (ε)
446 5593 615 5661 Supra
647 5608 768 5659 cap.
793 5593 859 5645 Π
888 5591 1010 5645 cod.

324 5672 411 5723 (τε)
446 5663 817 5723 Proscriptum
851 5678 972 5717 esse
1009 5708 1010 5711 η

324 5676 383 5728 te

470 5759 735 5818 PATWJL.
762 5758 881 5817 Gn.
908 5751 1145 5815 CXLVI

1937 4511 2252 4554 nosu'orum
2287 4498 2511 4567 quidam
2554 4499 2680 4568 quis
2727 4508 2894 4563 esset,
2938 4501 3273 4555 indicarunt.
3319 4501 3498 4571 Atque

1935 4587 2094 4641 nobis
2145 4588 2213 4642 de
2266 4589 2482 4656 injuriis
2552 4604 2691 4655 quas
2760 4590 3026 4643 sustinuit
3090 4605 3213 4644 eum
3267 4606 3498 4659 percon-

1936 4680 2228 4742 tantibus,
2283 4696 2406 4747 quze
2474 4695 2689 4748 mquutn
2756 4691 2914 4761 erat,
2984 4681 3338 4736 renuntiavit.
3382 4683 3496 4747 Ego

1933 4772 2156 4841 quidem
2190 4788 2256 4827 eo
2290 4781 2539 4841 tempore
2570 4788 2694 4825 eum
2728 4787 2794 4826 eo
2823 4771 2985 4827 verba
3014 4786 3122 4827 non
3156 4771 3281 4836 feci,
3315 4789 3496 4844 neque
3584 4780 3593 4788 '

1931 4856 2238 4918 collocutus
2282 4878 2423 4916 sum.
2482 4861 2582 4916 Ubi
2625 4878 2754 4917 vero
2797 4862 2888 4917 ille
2937 4862 2988 4916 id
3038 4862 3358 4931 postulavit,
3393 4880 3495 4934 ego

1931 4964 2115 5008 autem
2147 4955 2435 5023 denegari,
2464 4968 2657 5023 parum
2689 4952 2983 5006 admodum
3018 4952 3343 5024 abfuitquin
3369 4972 3494 5008 eum

1932 5043 2084 5113 rejici
2133 5044 2381 5113 juberem
2423 5059 2438 5094 :
2479 5043 2570 5095 ille
2622 5052 2804 5096 tamen
2853 5055 2977 5095 cum
3025 5043 3194 5096 multa
3243 5043 3495 5097 libertate

1933 5134 2068 5187 nihil
2114 5143 2324 5203 peteret
2370 5149 2399 5187 a
2453 5134 2612 5188 nobis
2653 5133 2824 5199 aliud,
2858 5149 3021 5204 quam
3060 5142 3118 5187 ut
3154 5149 3254 5189 vos
3296 5144 3494 5203 praesto

1929 5226 2143 5286 essetis,
2175 5239 2285 5293 quo
2329 5225 2657 5279 necessitate
2703 5234 2950 5294 urgente,
2988 5222 3040 5278 in
3078 5225 3358 5294 praesentia
3392 5239 3486 5277 ve-

1931 5326 2067 5376 stra,
2099 5329 2233 5384 quae,
2251 5330 2447 5381 passus
2484 5326 2651 5377 esset,
2694 5318 2827 5369 satis
2867 5317 3153 5383 deplorare
3200 5321 3401 5381 posset,
3436 5321 3489 5365 ct

1933 5421 2033 5474 ego
2059 5404 2111 5457 id
2134 5406 2331 5458 rationi
2357 5415 2414 5458 et
2445 5407 2676 5473 tempori
2708 5406 3001 5460 convenire
3032 5404 3182 5468 duxi,
3213 5402 3489 5470 perliben-

2676 5650 2703 5681 ι)
2712 5650 2741 5685 -)

446 5651 817 5732 Proscriptum
851 5678 972 5717 esse
1009 5659 1365 5714 Athanasium
1400 5663 1633 5716 obscure
1658 5658 2046 5731 signiﬁcantes.
2081 5651 2297 5707 Socrat.
2321 5652 2418 5706 Ιὼ.
2455 5666 2491 5716 ι,
2520 5665 2637 5719 cap.
