3988 6190
438 294 539 361 Ξίη

1617 277 2043 354 NlCE-Pllonl
2083 288 2429 351 £AI.LIS1‘[

3571 288 3681 358 908

431 419 484 463 et
524 405 901 462 communioni
939 403 1151 458 videret
1185 402 1329 457 diem
1370 418 1383 456 :
1420 401 1506 457 sin
1543 416 1706 470 quam
1747 400 1862 470 ipse
1907 413 1999 453 co-

2115 417 2235 451 πιον
2264 399 2360 451 τοῦ
2392 396 2721 468 κρατοῦντος
2750 398 2837 452 τὸν
2860 397 2956 469 τῆς
2984 398 3205 452 συνόδου
3236 400 3361 472 δρον
3392 399 3682 475 ὑπέγραφε

433 500 595 561 leret,
649 498 923 553 sententia
981 494 1217 548 maxime
1283 494 1515 549 veritate
1581 494 1873 556 niteretur,
1934 501 1993 545 ut

433 590 597 644 Arius
650 589 842 658 dignas
888 586 1065 640 lueret
1124 598 1338 653 prunas,
1392 582 1561 637 veluti
1612 583 1881 636 malorum
1935 580 1991 634 in

432 680 776 750 professione
831 676 953 730 ﬁdei
1003 676 1252 728 omnium
1306 681 1518 730 auctor.
1570 671 1662 726 Sic
1702 672 1996 741 episcopus

431 771 737 829 Alexander
763 769 1112 839 precabatur.
1144 767 1248 820 Sed
1275 774 1334 820 et
1362 766 1661 835 imperator
1687 762 1994 835 periculum

431 866 498 917 de
538 862 671 915 Ario
713 860 894 914 facere
934 858 1147 920 volens,
1184 858 1239 911 in
1268 856 1473 927 regiam
1507 868 1662 909 suam
1690 868 1816 908 eum
1851 851 1998 908 acci-

434 965 571 1018 tum,
605 965 738 1005 num
785 957 843 1005 et
887 950 1006 1020 ipse
1039 946 1278 1003 Nicatnis
1322 946 1562 1001 decretis
1608 943 2003 1010 assentiretur,

432 1044 668 1113 rogavit.
700 1041 878 1111 Atque
912 1040 1027 1106 ille,
1050 1040 1189 1095 citra
1219 1052 1425 1093 moram
1456 1045 1512 1092 et
1543 1035 2005 1091 deliberationem

430 1148 673 1195 onmem,
728 1132 784 1185 itt
837 1142 1136 1200 conspectu
1187 1127 1478 1199 principis,
1529 1126 1753 1181 decreto
1803 1122 2007 1196 synodi

432 1225 629 1278 callida
664 1224 1019 1278 simulatione
1064 1220 1417 1289 subscripsit.
1455 1217 1682 1271 Factum
1726 1216 1778 1269 id
1825 1214 2005 1269 admi-

435 1327 587 1369 ratus
631 1312 1049 1375 Constantinus,
1096 1307 1460 1381 jurejurando
1508 1321 1630 1375 quae
1679 1304 2004 1373 scripserat,

433 1409 761 1461 eont‘trmarc
797 1418 923 1458 eum
966 1404 1154 1471 jussit.
1202 1400 1358 1467 Quod
1399 1409 1453 1455 et
1492 1400 1671 1467 ipsum
1710 1395 2006 1452 confestim

432 1498 621 1551 dolosa
668 1496 917 1550 adhibita
955 1494 1190 1557 fallacia,
1221 1492 1384 1547 sicuti
1431 1504 1528 1543 eos
1567 1486 1661 1557 qui
1702 1488 1770 1543 de
1803 1487 1908 1541 hac
1951 1503 2008 1542 re

435 1598 764 1650 memorant,
797 1587 985 1641 dicere
1013 1584 1353 1645 audivimus,
1389 1581 1539 1635 iecit.
1576 1581 1730 1647 Quod
1769 1593 2009 1646 namque

431 1698 587 1737 suam
636 1682 705 1736 de
751 1681 941 1734 divino
989 1678 1229 1732 Numine
1281 1675 1599 1745 opinionem
1638 1675 1806 1728 Arius
1841 1674 1915 1743 (l)
1954 1676 2006 1727 in

433 1778 624 1831 charta
662 1774 995 1841 descriptam
1030 1770 1136 1825 sub
1166 1768 1349 1823 axillis
1397 1768 1449 1820 in
1496 1768 1618 1820 sinu
1666 1765 1898 1829 ferebat,
1935 1766 2007 1819 ita

433 1884 493 1924 se
526 1883 657 1922 vere
705 1865 932 1929 sentire,
967 1859 1437 1933 quemadmodum
1489 1857 1828 1925 scripsisset,
1856 1857 2008 1928 jura-

437 1962 537 2017 vit.
579 1960 759 2025 Quare
812 1957 1114 2025 imperator
1168 1964 1499 2020 persuasus,
1549 1946 1902 2010 Alexandro,
1949 1956 2008 2000 ut

438 2053 628 2106 Arium
690 2047 999 2117 reciperet,
1049 2042 1300 2097 severius
1353 2039 1655 2093 mandavit.
1707 2035 2006 2090 Sabbatutn

434 2150 576 2204 erat,
610 2150 666 2194 et
711 2138 973 2207 postridie
1010 2147 1069 2189 ut
1097 2135 1163 2188 ad
1198 2131 1643 2187 communionem
1688 2127 2008 2182 admittere.

439 2246 527 2288 tur
569 2233 772 2297 Arius,
821 2229 1195 2299 exspectabat.
1254 2226 1453 2280 Vetum
1505 2222 1749 2275 vindicta
1802 2234 2009 2289 nequa-

435 2337 599 2392 quam
638 2330 848 2375 morata
882 2329 989 2377 est,
1022 2333 1144 2386 quae
1194 2314 1422 2384 vestigia
1458 2313 1579 2383 ejus
1618 2311 1713 2380 qui
1757 2320 1867 2365 tam
1912 2309 2011 2362 ab—

436 2415 621 2468 surdis
662 2410 1113 2467 cavillationibus
1147 2421 1280 2461 usus
1314 2412 1479 2470 esset,
1514 2406 1570 2458 in
1608 2402 1843 2472 pedibus
1875 2402 2010 2470 ipsis

436 2515 523 2562 cst
569 2505 841 2558 insecuta.
879 2499 956 2554 Ex
992 2499 1344 2569 imperatoris
1375 2496 1580 2566 palatio
1614 2510 1642 2549 a
1676 2494 2008 2564 quibusdam

438 2597 664 2654 Eusebii
726 2593 1056 2650 satellitibus
1109 2590 1275 2644 Arius
1336 2588 1632 2650 deductus,
1681 2601 1780 2655 per
1828 2584 2007 2639 forum

440 2691 745 2746 insolenter
802 2685 1199 2756 gradiebatur,
1260 2690 1317 2736 et
1375 2692 1489 2751 per
1523 2680 1754 2734 mediam
1816 2680 2007 2733 urbem

442 2785 736 2841 venditans
799 2794 919 2836 sese
995 2775 1289 2832 inferebat.
1365 2774 1661 2842 Postquam
1721 2774 1787 2827 ad
1860 2773 2008 2828 Con-

439 2878 668 2934 stantini
713 2876 891 2931 forum
952 2879 1177 2926 ventum
1231 2876 1337 2933 est,
1369 2866 1459 2921 ubi
1510 2867 1700 2934 ingens
1749 2866 1838 2919 illa
1884 2881 2011 2933 por-

440 2973 725 3046 pltyretica
780 2963 1128 3024 Constantini
1208 2960 1383 3030 ipsius
1469 2959 1721 3013 columna
1798 2958 2008 3027 magni-

2106 490 2475 559 σοφιζόμενος.
2520 490 2608 542 Ἑν
2631 489 2872 559 θαύματι
2894 490 2950 544 δὲ
2986 493 3045 543 τὸ
3073 491 3318 562 πραχθὲν
3347 497 3681 564 ποιούμενος

2105 581 2381 650 βασιλεὺς,
2418 581 2515 634 καὶ⁴
2573 581 2723 651 όρκῳ
2758 581 3013 651 βεϐαιοῦν
3063 582 3215 653 ἔλεγε
3257 584 3326 638 τὰ
3371 587 3679 655 γραφέντα.

2106 673 2215 726 Καὶ
2238 672 2385 725 τοῦτ’
2416 671 2579 736 εὐθὺς
2610 673 2786 726 ἐποίει
2816 676 3176 741 σοφιστικῶς,
3202 676 3278 739 ώς
3313 676 3683 748 ἱστορούντων

2103 765 2328 818 ἀκούειν
2362 765 2499 818 ἐστι.
2549 764 2662 835 Τὴν
2709 765 2819 835 γὰρ
2860 765 3077 837 φαύλην
3125 769 3209 838 ἦν’
3248 763 3363 840 εἶχε
3411 772 3541 840 ’περὶ
3585 752 3683 824 τού

2106 856 2253 909 θείου
2293 856 2453 921 δόξαν
2482 857 2705 927 ’Δρειος
2751 858 2928 928 χάρτῃ
2969 858 3336 929 καταγράψας
3386 861 3479 914 ὑπ’
3508 864 3684 929 ἁτκὰυ

2105 946 2204 1018 λης
2230 945 2436 1016 φέρων,
2483 945 2668 1015 ὤμνυέ
2711 964 2773 1019 τε
2806 948 3023 1018 ἀληθῶς
3070 949 3214 1004 οὕτω
3249 955 3489 1020 φρονεῖν,
3541 956 3683 1008 καθᾶ

2106 1032 2325 1104 γράψας
2369 1029 2539 1104 εῖχεν.
2590 1030 2689 1097 Οἷς
2717 1033 2785 1104 δὴ
2817 1034 3067 1099 πεισθεὶς
3114 1036 3389 1107 βασιλεὺς,
3434 1040 3686 1104 Ἀλεξάν-

2107 1125 2219 1194 δρῳ
2246 1123 2499 1176 ἐκέλευεν
2524 1124 2882 1193 ἐντονώτερον
2908 1125 3246 1195 εἰσδέχεσθαι
3273 1128 3511 1195 Ἄρειον.
3546 1131 3685 1183 Σὰϐο

2106 1214 2273 1267 ϐατιιν
2320 1214 2364 1267 δ’
2402 1210 2471 1283 ἦν
2497 1229 2512 1243 °
2549 1215 2642 1267 καὶ
2685 1217 2751 1284 τῇ
2802 1214 2934 1284 ἑξῆς
2975 1217 3258 1269 κοινωνεῖν
3308 1218 3684 1287 προσδόκιμος

2105 1304 2193 1379 ἦν.
2249 1309 2455 1380 Ἀλλ’ή
2490 1310 2612 1380 δίκη
2644 1310 2915 1379 μέλλουσα
2955 1306 3023 1382 ἦν
3068 1313 3313 1379 οὐδαμοῦ
3341 1328 3356 1342 ’
3380 1314 3584 1366 ἐἵπετο
3626 1314 3683 1366 δὲ

2108 1400 2253 1454 κατὰ
2286 1400 2456 1465 πόδας
2482 1403 2595 1465 τοῖς
2620 1404 2960 1471 σοφιστικοῖς
2990 1404 3165 1472 ἀτοπή
3176 1420 3361 1472 μασιν.
3408 1404 3548 1458 ’Υπδ
3573 1408 3685 1477 γάρ

2107 1509 2217 1547 τισι
2248 1493 2570 1565 δορυφόροις
2615 1496 2731 1559 τοῖς
2760 1495 2890 1565 περὶ
2940 1497 3202 1551 Εὑσέϐιον
3234 1497 3345 1551 τῶν
3391 1499 3686 1568 βασιλείων

2109 1584 2330 1655 ἀπάρας
2357 1587 2386 1637 ό
2436 1587 2675 1656 Ἄρειος,
2721 1585 2898 1640 σοϐῶν
2928 1582 2996 1657 ἦν
3040 1588 3129 1640 διὰ
3175 1587 3277 1658 τῆς
3307 1592 3539 1660 ἀγορᾶς,
3589 1594 3689 1645 καὶ⁵

2112 1678 2492 1747 ὲμπομπεύων
2526 1677 2613 1730 διὰ
2648 1680 2824 1747 μέσης
2850 1680 2950 1748 τῆς
2993 1679 3223 1742 πόλεως.
3256 1681 3406 1734 Ἐπεὶ
3440 1681 3497 1734 δὲ
3540 1683 3685 1735 κατα

2110 1768 2209 1839 τὴν
2256 1769 2724 1822 Κωνσταντίνειον
2770 1770 2989 1838 ἐγένετο
3028 1771 3257 1841 ἀγορὰν,
3308 1772 3441 1826 ἔνθα
3477 1774 3506 1826 ό
3546 1791 3688 1843 πορ-

2110 1861 2314 1930 φυροῦς
2344 1862 2762 1915 Κωνσταντίνου
2811 1861 2946 1915 κίων
2980 1865 3156 1930 μέγας
3192 1865 3503 1934 μεγαλωστὶ
3545 1866 3685 1919 ἁνα-

2109 1953 2318 2022 τρὲχων
2368 1953 2663 2022 ἐγήγερται
2699 1953 2868 2025 (δείλη
2903 1953 2948 2006 δ’
2979 1950 3050 2024 ἦν
3078 1955 3229 2024 ὀψία)
3252 1993 3268 2020 ,
3307 1955 3471 2025 φόϐος
3521 1958 3687 2020 εὐθὺς

2106 2045 2173 2112 τῇ
2214 2043 2395 2114 πληγῇ
2421 2043 2515 2095 τοῦ
2547 2045 2852 2109 συνειδότος
2877 2046 3147 2116 εἰστρέχει
3176 2045 3269 2100 τὸν
3298 2048 3518 2118 Ἀρειον
3541 2064 3556 2079 ⁸
3585 2050 3689 2102 καὶ

2111 2137 2203 2189 ἐπὶ
2248 2136 2422 2207 τούτῳ
2470 2136 2747 2206 χαύνωσις
2801 2137 2901 2205 τῆς
2945 2137 3185 2207 γαστρός
3228 2138 3537 2207 ἠκολούθει,
3587 2142 3687 2192 καὶ

2109 2227 2229 2289 ὅλος
2263 2228 2358 2279 τοῦ
2387 2228 2809 2294 κατεπείγοντος
2838 2224 2927 2297 ἦν,
2975 2229 3071 2280 καὶ
3098 2229 3233 2299 δῆτα
3261 2231 3396 2301 πρὸς
3422 2234 3686 2303 δημόσιον

2111 2317 2420 2387 ἀφεδρῶνα,
2456 2316 2623 2384 ἐγγύς
2659 2334 2763 2369 που
2802 2318 2955 2380 ὂντα,
2986 2318 3182 2388 είσῄει.
3227 2320 3687 2391 Δειποθυμήσαν-

2110 2422 2199 2469 τος
2225 2405 2537 2475 τοιγαροῦν,
2579 2405 2864 2475 αὐτόματα
2906 2405 3120 2477 ὲξέρῤει
3152 2409 3220 2459 τὰ
3264 2408 3687 2479 διαχωρήματα,

2109 2499 2203 2552 τοῦ
2273 2498 2371 2566 τῆς
2436 2497 2580 2565 φύας
2640 2498 2979 2566 σφιγκτῆρος
3010 2498 3518 2564 διαλυθέντος’καὶ
3581 2502 3688 2571 τῆς

2110 2592 2273 2660 ἔδρας
2306 2590 2791 2659 παρεκπεσούσης,
2819 2586 2955 2658 αἷμα
2986 2593 3161 2661 ἐχεῖτο
3188 2592 3324 2645 πολύ
3352 2607 3366 2622 ·
3395 2593 3429 2663 ἥ
3460 2611 3517 2646 τε
3547 2595 3684 2646 πλα-

2114 2699 2195 2745 σις
2231 2682 2381 2735 ἔνδον
2434 2679 2624 2733 ἅπασα
2672 2681 2932 2765 διεχέετο,
2972 2681 3171 2752 εντερα
3208 2684 3318 2748 ,καὶ
3373 2678 3530 2754 ἧπαρ
3586 2686 3686 2741 καὶ

2112 2773 2314 2843 σπλὴν.
2347 2773 2458 2825 Καὶ
2493 2774 2520 2825 6
2557 2773 2655 2842 μὲν
2697 2769 2873 2835 οὓτως
2903 2773 3128 2827 διώλετο
3150 2790 3164 2805 ·
3194 2774 3273 2837 ώς
3308 2773 3355 2827 δ’
3378 2777 3471 2828 ἐπὶ
3501 2776 3686 2845 πολλῷ

2111 2869 2213 2921 οὐκ
2266 2863 2437 2935 ἐξῄει,
2497 2865 2761 2925 εἰσιόντες
2816 2866 2982 2929 τινὲς,
3033 2865 3232 2935 νεκρὸν
3291 2866 3524 2946 ἐφεῦρον
3581 2872 3683 2936 τῆς

2114 2959 2348 3028 αἰσχρᾶς
2376 2956 2643 3026 καθέδρας
2676 2956 3084 3024 ἐγκεκλιμένον.
3122 2957 3182 3010 '0
3203 2956 3249 3010 δ’
3275 2958 3523 3025 ἀφεδρὼν
3550 2959 3688 3026 ἄχρι.

442 3070 544 3120 tice
602 3063 660 3116 in
712 3060 885 3113 altum
935 3054 1180 3110 excurrit
1230 3055 1434 3121 (serum
1480 3058 1659 3103 autem
1695 3049 1806 3103 diei
1841 3055 2008 3115 erat),

2114 3050 2177 3120 δὴ
2215 3051 2308 3104 καὶ
2341 3051 2400 3113 ἐς
2453 3048 2611 3119 δεῦρο
2658 3048 2933 3101 δείκνυται
2966 3048 3191 3102 ὄπισθεν
3235 3051 3336 3120 τῆς
3372 3052 3579 3121 ἀγορᾶς
3624 3053 3691 3104 ἐν

441 3157 607 3211 timor
663 3150 962 3217 derepente
1027 3159 1093 3199 ex
1172 3141 1522 3198 conscientia:
1604 3140 1833 3194 vulnere
1878 3142 2011 3195 Ario

442 3243 692 3306 incessit,
739 3251 976 3307 cumque
1024 3235 1133 3292 alvi
1183 3234 1381 3289 laxitas
1434 3233 1813 3301 consequitur.
1846 3230 2013 3302 658

444 3336 508 3392 Et
553 3335 850 3405 urgebatur
911 3343 977 3383 eo
1035 3341 1164 3381 casu
1211 3324 1491 3379 maxime:
1526 3320 1864 3392 proindeque
1922 3335 2010 3376 se-

441 3435 655 3479 cessum
712 3418 1030 3490 publicum,
1087 3415 1183 3484 qui
1256 3414 1310 3467 itt
1365 3411 1675 3481 propinquo
1723 3421 1860 3475 erat,
1922 3426 2014 3480 pe-

444 3516 528 3568 tit.
562 3512 641 3566 lbi
676 3511 861 3564 animo
907 3507 958 3561 ei
991 3503 1228 3566 defecto,
1287 3514 1385 3555 sua
1442 3507 1640 3568 sponte
1695 3512 2012 3552 excremen.

444 3615 495 3659 ta
548 3604 905 3657 emuuntzet
963 3597 1013 3649 vi
1076 3603 1288 3649 natura:
1345 3590 1757 3657 constringente
1810 3587 2010 3653 soluta,

443 3696 609 3751 sedes
653 3694 768 3762 ipsa
804 3688 1068 3760 procidit,
1098 3695 1154 3741 et
1186 3684 1394 3738 multus
1429 3681 1654 3751 sanguis
1686 3680 2010 3744 eﬁunditur,

447 3786 773 3841 constitutio
820 3795 1043 3852 quoque
1095 3778 1314 3832 interna
1369 3774 1621 3844 corporis
1673 3772 1856 3827 omnis
1907 3787 2013 3825 una

443 3898 569 3935 cum
606 3875 887 3933 intestinis
925 3875 1124 3941 ltepate
1170 3878 1226 3924 et
1255 3869 1441 3938 Splcne
1478 3865 1698 3920 dimuit.
1731 3867 1910 3932 Atque
1941 3863 2011 3916 ita

446 3972 538 4027 ille
588 3971 752 4039 perit.
806 3966 943 4021 Cum
993 3970 1177 4018 autem
1217 3960 1345 4016 inde
1395 3973 1505 4013 non
1542 3958 1742 4017 exiret,
1785 3956 2013 4026 ingressi

447 4063 673 4132 quidam
722 4064 950 4127 propter
984 4050 1389 4107 diuturniorem
1432 4050 1553 4117 ejus
1602 4062 1835 4111 moram,
1872 4060 2016 4098 mor-

451 4166 606 4205 tumn
642 4150 697 4203 in
733 4147 881 4202 findo
926 4140 1190 4199 subsellio
1230 4142 1556 4195 reclinatum
1597 4139 1876 4192 invenere.
1919 4136 2013 4190 Sc-

450 4256 639 4298 eessus
690 4241 737 4293 is
778 4238 942 4305 longo
984 4240 1107 4303 post
1155 4240 1399 4298 tempore
1445 4239 1528 4283 cst
1569 4238 1822 4282 ostensus
1869 4236 2015 4281 retro

450 4338 631 4390 forum
662 4341 717 4387 et
750 4326 966 4385 macelli
995 4325 1265 4397 porticum
1303 4340 1316 4376 :
1355 4330 1725 4390 perpetuaque
1754 4319 1859 4373 loci
1897 4319 2017 4388 ejus

447 4440 505 4483 et
532 4424 726 4481 mortis
753 4421 868 4477 Arii
905 4430 988 4473 est
1021 4416 1322 4477 memoria;
1364 4414 1567 4481 quippe
1595 4426 1758 4479 quem
1791 4419 2011 4480 prmter-
2050 4406 2091 4462 D

448 4531 645 4576 euntes
683 4532 878 4572 omnes
917 4512 1090 4582 digito
1133 4524 1352 4578 semper
1397 4505 1686 4575 designare
1720 4504 1867 4558 soliti
1902 4506 2017 4557 fue-

451 4613 582 4666 rittt.
622 4608 722 4663 Diu
753 4620 886 4661 vero
916 4612 1125 4672 postea,
1157 4598 1297 4652 fama
1322 4606 1408 4652 est
1441 4596 1717 4649 neminem
1753 4594 2012 4647 subsellio

447 4720 516 4758 eo
554 4715 714 4757 usum
752 4712 899 4754 esse.
929 4695 1136 4751 Omnes
1174 4691 1321 4746 enim
1365 4690 1543 4743 locum
1576 4703 1703 4741 eum
1740 4687 2015 4756 ίιιειτισιηει,

449 4811 549 4863 pro
599 4787 923 4846 detestando
972 4786 1257 4844 habentes,
1301 4781 1354 4834 in
1398 4795 1509 4847 qtto
1558 4777 1814 4832 videlicet
1858 4778 2019 4829 Arius

454 4884 758 4953 impietatis
786 4894 977 4951 patinas
1012 4875 1386 4946 persolvissct.
1428 4873 1618 4927 Postea
1652 4880 1834 4923 autem
1867 4868 2018 4922 Aria-

450 4991 557 5029 nus
586 4972 833 5042 quidam,
864 4970 945 5024 \ir
976 4983 1239 5037 perquam
1272 4966 1589 5034 opulentus.
1618 4962 1797 5014 locum
1842 4960 1975 5012 emit
2004 4976 2016 5010 :

448 5078 505 5119 et
540 5067 714 5119 forma
751 5065 872 5130 ejus
915 5064 1100 5130 priore
1140 5058 1362 5120 abolita,
1401 5057 1624 5108 domum
1676 5053 2018 5121 magniﬁcam

449 5160 505 5212 in
542 5173 609 5210 eo
651 5152 986 5215 construxit,
1022 5161 1079 5204 ut
1113 5150 1379 5203 oblivioni
1409 5164 1497 5201 res
1529 5146 1601 5201 ibi
1637 5157 1756 5199 acta
1790 5143 2020 5197 ntaqu-

450 5258 622 5309 retur,
656 5258 834 5312 ncquc
863 5242 1101 5310 amplius
1130 5254 1275 5291 mors
1302 5240 1415 5293 Arii
1448 5239 1782 5306 sempiterna
1817 5253 2019 5287 mettio-

450 5340 545 5393 rize
577 5335 951 5397 succussione,
988 5333 1155 5386 veluti
1188 5348 1283 5399 per
1314 5331 1582 5383 comicum
1618 5328 1805 5382 ludum
1838 5336 2021 5396 postc-

452 5432 602 5485 ritati
631 5431 1011 5486 exhiberetur.
1041 5426 1205 5480 Obitu
1236 5439 1362 5477 vero
1389 5424 1508 5492 ejus
1534 5422 1831 5489 publicato,
1861 5421 2023 5474 varize

452 5527 518 5577 de
546 5541 612 5578 eo
645 5524 930 5577 hominum
966 5520 1119 5574 fuere
1154 5517 1461 5586 opiniones.
1506 5514 1843 5580 Quibusdam
1875 5512 2022 5566 enim

527 5704 603 5770 (l)
649 5703 862 5758 Soet-at.
901 5700 993 5756 lib.
1031 5717 1069 5768 t,
1106 5716 1225 5769 cap.
1262 5699 1350 5752 58.

2111 3148 2180 3213 τῇ
2211 3142 2305 3196 τοῦ
2336 3139 2610 3211 μακέλλου
2640 3140 2794 3210 στοᾷ.
2839 3140 3194 3211 Ἀείμνηστος
3225 3139 3270 3193 δ’
3301 3143 3328 3193 ό
3352 3141 3547 3212 χῶρος,
3586 3142 3687 3196 ᾶτε

2117 3236 2339 3289 πάντων
2383 3234 2491 3287 τῶν
2534 3234 2845 3301 παριόντων
2875 3232 3137 3285 δάκτυλον
3180 3232 3302 3285 κατ’
3338 3234 3502 3286 αὐτοῦ
3542 3237 3692 3300 ἐγειο

2116 3328 2341 3398 ρόντων.
2376 3325 2563 3395 Πολλῷ
2590 3324 2647 3379 δὲ
2677 3324 2856 3395 χρόνῳ
2878 3323 3108 3395 ὕστερον
3132 3323 3290 3392 λόγος
3315 3326 3519 3395 μηδένα
3545 3327 3690 3395 χρή-

2118 3414 2319 3468 σασθαι
2350 3417 2417 3485 τῇ
2454 3414 2696 3484 καθέδρᾳ
2727 3416 2921 3487 ταύτῃ.
2960 3414 3349 3481 Ἐφυλάττοντο
3377 3416 3487 3485 γὰρ
3515 3416 3694 3469 ᾶπαν-

2113 3523 2207 3569 τες
2263 3506 2355 3559 τδν
2410 3506 2610 3559 τόπον·
2670 3506 2765 3560 καὶ
2815 3507 3186 3576 ἀποτρόπαιον
3241 3501 3413 3576 εἶχον,
3462 3509 3535 3569 ώς
3583 3510 3689 3578 τῆς

2115 3598 2374 3662 ἀσεϐείας
2425 3599 2525 3663 τὰς
2575 3599 2769 3661 ποινᾶς
2824 3600 3003 3652 ὲκεῖσε
3049 3600 3263 3671 Ἀρείου
3320 3600 3688 3665 ἐκτετικότος.

2117 3691 2413 3746 Εξσέπειτα
2436 3690 2493 3744 δέ
2526 3707 2610 3752 τις
2629 3691 2742 3742 τῶν
2762 3688 2832 3742 τὰ
2857 3688 3066 3743 ἐκείνου
3096 3689 3442 3761 φρονούντων
3470 3689 3693 3760 πλούτῳ

2118 3779 2322 3854 βρίθων
2355 3780 2537 3852 πολλῷ
2569 3782 2662 3835 τὸν
2697 3781 2862 3834 τόπον
2906 3781 3171 3851 inpias-0'
3204 3782 3299 3835 καὶ
3328 3781 3388 3835 τὸ
3419 3782 3694 3853 πρότερον

2117 3874 2428 3944 ἀπαλείψας
2459 3876 2667 3943 σχῆμα,
2700 3871 2878 3925 οἰκίαν
2925 3872 3209 3943 περιφανῆ
3256 3871 3692 3937 κατεσκεύαζεν,

2116 3969 2257 4022 ὥστε
2289 3968 2423 4038 λήθῃ
2451 3966 2522 4019 τὰ
2548 3966 2645 4018 τοῦ
2672 3966 2841 4018 τόπου
2872 3964 3113 4035 δοθῆναι,
3139 3964 3234 4016 καῖ
3263 3963 3340 4033 μὴ
3374 3964 3696 4032 κωμῳδοίτο

2116 4063 2145 4114 ό
2171 4060 2385 4113 ἐκείνου
2418 4058 2655 4119 θάνατος
2684 4059 2749 4126 τῇ
2774 4057 2873 4126 τῆς
2906 4054 3165 4125 τοιαύτης
3187 4055 3547 4124 ὑπομνήσεως
3574 4055 3695 4107 δια-

2115 4154 2266 4223 δοχῇ.
2306 4152 2395 4214 Ὠς
2425 4152 2481 4205 δὲ
2517 4151 2816 4220 κατάδηλος
2839 4151 2867 4203 ό
2896 4149 3108 4203 ἐκείνου
3140 4148 3372 4211 θάνατος
3411 4148 3692 4215 ἐγεγόνει,

2115 4246 2177 4296 οὐ
2232 4244 2331 4313 μία
2358 4259 2443 4306 τις
2471 4238 2539 4312 ἦν
2577 4242 2775 4311 ὴαδόξα
2802 4240 2904 4310 τῆς
2951 4240 3209 4309 τελευτῆς
3234 4255 3249 4270 ·
3280 4242 3391 4301 τοῖς
3441 4239 3541 4309 μὲν
3578 4239 3694 4311 γὰρ

2119 4336 2312 4401 ἐδόκει,
2347 4336 2423 4398 ώς
2462 4333 2635 4407 ἀθρόᾳ
2684 4334 2825 4402 νόσῳ
2865 4332 3099 4404 σχεθεὶς,
3146 4336 3242 4386 καὶ
3286 4316 3695 4402 παρεσιν“περὶ

2119 4427 2219 4496 τὴν
2248 4426 2480 4496 καρδίαν
2511 4426 2771 4489 ὑποστὰς,
2806 4425 2902 4478 διτε
2934 4425 2999 4492 δὴ
3025 4426 3139 4483 τοίς
3173 4423 3317 4476 κατὰ
3346 4422 3571 4491 γνώμην
3598 4424 3699 4474 εὑ-

2120 4519 2396 4588 μοιρήσας
2450 4517 2541 4585 ὑφ’
2591 4517 2787 4587 ἡδονῆς
2834 4516 2934 4583 τὴν
2987 4515 3217 4586 καρδίαν
3276 4514 3695 4585 περιχυθείσης,

2117 4613 2315 4679 αἴφνης
2350 4609 2646 4664 ἀποθανεῖν
2672 4626 2686 4640 ·
2716 4611 2828 4673 τοῖς
2857 4609 2902 4661 δ’
2930 4609 3005 4671 ὡς
3042 4608 3140 4677 τῆς
3180 4607 3499 4669 δυσσεϐείας
3530 4607 3698 4671 ἀξίας

2119 4702 2264 4752 ἔτισε
2294 4700 2392 4762 τὰς
2423 4699 2617 4761 ποινάς
2632 4716 2657 4751 .°
2698 4702 2811 4762 τοῖς
2840 4699 2885 4751 δ’
2916 4699 3055 4768 ἀμφ’
3082 4699 3267 4762 αὑτὸν,
3301 4698 3378 4760 ώς
3407 4697 3694 4765 γοητείαις

2118 4791 2497 4861 ἢφαρμάκοις
2536 4790 2671 4861 πρός
2702 4806 2865 4843 τινων
2907 4790 3209 4843 ἐπιϐούλων
3260 4788 3404 4841 ἑάλω
3451 4787 3694 4856 διαφθα-

2125 4880 2255 4948 ρείς.
2288 4880 2364 4930 Οὐ
2400 4878 2596 4949 μετρία
2622 4877 2679 4932 δὲ
2711 4878 2921 4946 ἀγωνία
2955 4878 3048 4931 τὸν
3080 4877 3398 4948 Νικομηδέα
3427 4878 3698 4944 κατέσχεν

2123 4968 2398 5021 Εύσέϐιον.
2430 4970 2608 5024 Διέθει
2636 4970 2742 5040 γὰρ
2781 4971 2813 5039 ή
2845 4968 3047 5039 πρᾶξις
3077 4970 3139 5020 ού
3169 4969 3268 5039 τὴν
3314 4970 3466 5020 πόλιν
3499 4968 3694 5037 μόνην,

2121 5062 2258 5113 ἀλλὰ
2290 5063 2381 5113 καὶ
2410 5063 2510 5131 τὴν
2535 5062 2863 5130 οίκουμένην
2894 5064 3074 5114 πᾶσαν
3108 5061 3293 5130 σχεδόν
3337 5060 3695 5128 διελάμϐανε,

2122 5157 2274 5221 ταίχεῖ
2300 5154 2397 5220 τῆς
2441 5156 2629 5223 φήμης
2671 5156 2747 5223 τῷ
2780 5153 2964 5223 πτερῷ
3009 5153 3379 5223 χρησαμένης.
3424 5153 3482 5203 't)
3511 5153 3565 5204 δὲ
3599 5152 3700 5219 βα-

2126 5248 2302 5309 σιλεὺς
2346 5246 2486 5316 ἥσθη
2527 5248 2726 5315 μᾶλλον
2763 5247 2838 5315 τῷ
2880 5247 3146 5315 γεγονότι,
3194 5247 3289 5297 καὶ
3341 5246 3416 5308 ὡς
3455 5248 3517 5297 ὲκ
3554 5246 3699 5299 Θεοῦ

2124 5339 2594 5410 ύπαγορευθεῖσαν
2623 5340 2725 5409 τὴν
2754 5340 2809 5391 ὲν
2834 5340 3038 5409 Νικαία
3073 5338 3257 5389 πίστιν
3305 5338 3505 5407 ptimo;
3530 5340 3703 5405 ἐκρὰιο

2124 5448 2271 5495 τυνε,
2309 5436 2404 5483 καὶ
2444 5431 2521 5499 τῷ
2545 5430 2958 5501 Χριστιανισμῷ
2994 5430 3293 5499 ὑπερφυῶς
3320 5432 3698 5498 προσετζῢετο.

2129 5518 2292 5590 Οἶμαι
2326 5523 2371 5576 δ’
2408 5524 2506 5574 οὐκ
2540 5525 2765 5592 ἄκαιρον
2807 5526 3014 5592 γένοιτο
3063 5526 3155 5576 καὶ
3187 5524 3327 5592 ειπερ
3354 5524 3430 5590 τῷ
3472 5520 3703 5591 μεγάλῳ
