3988 6190
292 330 405 391 209
1208 338 1364 397 ECCi
1392 338 1802 402 ESIASTlCrE
1845 343 2231 410 HISTORLE
2266 354 2412 417 LIB.
2453 356 2623 420 Vill.
3440 350 3547 416 910

305 440 623 513 Ἀοανασίῳ
673 423 894 516 είρηται
948 444 1076 516 περὶ
1127 448 1234 501 τῶν
1294 449 1619 519 συμϐάντων
1687 454 1878 525 Ἀρείῳ

1989 459 2277 517 videbatur
2326 468 2610 535 repentina
2657 465 2977 536 aegritudine
3016 472 3322 535 correptus,
3366 477 3418 519 et
3456 481 3553 535 per

288 533 598 588 διαλαὸεἷν.
662 537 869 608 Γράφει
914 538 969 591 δὲ
1015 539 1195 593 οὕτω·
1234 561 1253 593 ι
1302 544 1409 597 Καὶ
1451 545 1559 615 γὰρ
1594 547 1683 598 καὶ
1715 547 1879 611 αὐτὸς

1985 555 2154 609 animi
2189 557 2503 613 liberiorem
2543 560 2959 626 relaxationem,
2994 568 3053 614 ut
3084 558 3173 614 cui
3206 575 3291 614 res
3320 574 3384 611 ex
3429 572 3550 613 sen-

294 625 546 696 '!.psro;,
594 630 623 682 6
656 628 760 699 τῆς
797 631 898 701 μὲν
927 632 1193 702 αἱρέσεως
1243 633 1494 705 ἔξαρχος,
1535 635 1798 692 Εὖσεὸίου
1824 638 1880 691 δὲ

292 721 582 787 κοινωνὸς,
618 723 844 793 κληθεὶς
882 708 947 779 ἐκ
991 728 1229 796 σπουδῆς
1268 730 1377 781 τῶν
1429 730 1549 783 τότε
1595 732 1706 784 τῶν
1753 734 1880 802 περὶ

297 810 567 883 Εὶσεϐιον
615 815 770 883 παρὰ
803 818 896 869 τοῦ
945 819 1252 888 μακαρίτου
1308 822 1722 876 Κωνσταντίνου
1772 826 1880 878 Λύ-

296 902 537 969 γούστου
568 905 971 976 ἀπαιτούμενος
1002 910 1301 980 ἐγγράφως
1330 913 1503 966 εἰπεῖν
1546 917 1647 986 τὴν
1686 919 1881 971 ἑαυτοῦ

299 997 512 1063 πίστιν,
563 997 807 1069 ἔγραψεν
835 1001 863 1055 6
886 1001 1060 1067 δόλιος
1092 1005 1353 1074 κρύπτων
1384 1008 1479 1071 τὰς
1517 1009 1752 1075 ἀναιδεῖς
1784 1013 1880 1082 τῆς

301 1086 501 1140 ἑαυτοῦ
530 1088 853 1157 δυσσεϐείας
887 1092 1082 1160 λέξεις,
1113 1097 1544 1168 ὑποκρινόμενος
1583 1104 1674 1154 καὶ
1698 1105 1883 1169 αὐτὸς,

299 1178 377 1240 ὡς
410 1181 441 1232 6
470 1180 743 1249 διάϐολος,
779 1185 847 1237 τὰ
884 1186 996 1239 τῶν
1048 1189 1280 1259 Γραφῶν
1317 1193 1547 1263 ῥήματα.
1590 1196 1740 1250 ἁπλᾶ
1788 1199 1883 1252 καὶ

300 1272 376 1334 ὡς
408 1273 524 1326 ἔστι
567 1280 956 1347 γεγραμμένα.
990 1279 1127 1335 Εἶτα
1177 1283 1432 1353 λέγοντος
1475 1288 1569 1341 τοῦ
1606 1293 1881 1362 μακαρίου

302 1363 752 1434 Κωνσταντίνου,
789 1371 854 1425 Et
909 1373 1082 1442 μηδὲν
1112 1374 1301 1447 ἕτερον
1341 1379 1484 1447 ’ἐίεις
1518 1382 1668 1449 παρὰ
1708 1384 1883 1437 ταῦτα

297 1459 354 1505 ἐν
383 1459 455 1525 τῇ
482 1458 715 1530 διανοίᾳ,
748 1462 1006 1534 μάρτυρα
1030 1466 1129 1538 τὴν
1151 1467 1413 1537 ἀλήθειαν
1434 1472 1521 1535 δός
1543 1490 1556 1502 ·
1590 1471 1892 1543 ἀμυνεῖταί

300 1546 416 1615 γὰρ
468 1548 910 1622 ἐπιορκήσαντας
966 1554 1130 1618 αὐτὸς
1183 1558 1213 1609 6
1280 1559 1519 1628 Κύριο;’
1576 1562 1791 1633 ὤμοσεν
1856 1567 1884 1617 6

296 1638 511 1702 ἅθλιος,
540 1640 670 1709 μήτ’
698 1640 863 1714 ἔχειν,
895 1644 1022 1714 μήτ’
1044 1648 1180 1701 ἄλλα
1204 1650 1357 1719 παρά
1384 1651 1453 1704 τὰ
1483 1651 1576 1706 νῦν
1603 1656 1883 1725 γραφέντα

299 1734 547 1802 ᾳρονείν,
612 1734 716 1789 κᾶν
766 1736 1020 1807 εἰρῆσθαι
1072 1740 1294 1794 πώποτε
1346 1743 1432 1814 εἴη
1494 1746 1627 1816 παρ’
1674 1750 1880 1802 αὑτοῦ·

297 1823 424 1874 ἀλλ’
450 1824 618 1889 εὐθὺς
649 1825 903 1893 ἐξελθὼν,
956 1829 1149 1898 ὥσπερ
1196 1834 1352 1905 δίκην
1392 1836 1518 1900 δοὺς
1570 1843 1837 1895 κατέπεσε
1866 1860 1878 1873 ο
1916 1820 1956 1875 Β

299 1912 398 1960 καὶ
430 1912 650 1981 πρηνὴς
692 1917 1003 1985 γενόμενος,
1040 1919 1277 1992 ἑλάκησε
1338 1924 1524 1994 μέσος.
1589 1930 1729 1983 [lict
1782 1933 1882 2001 μὲν

295 2002 396 2052 οὖν
429 2005 747 2075 ἀνθρώποις
779 2008 959 2064 κοινὸν
991 2011 1087 2064 ⁶τοῦ
1124 2011 1244 2083 βίον
1276 2017 1429 2080 τέλος
1483 2019 1714 2085 Θανατός
1742 2024 1879 2089 ἐστι,

298 2095 398 2146 καὶ
431 2096 497 2148 οὐ
548 2098 631 2149 δεῖ
668 2115 812 2163 τινος
858 2100 1239 2172 ἐπεμϐαίνειν,
1287 2108 1391 2161 κᾶν
1430 2109 1689 2185 ὲχθρδςῇ
1738 2116 1766 2167 ὁ
1796 2134 1882 2169 τε·

298 2187 605 2256 ὶευτήσας,
634 2190 830 2260 ἀδήλου
863 2193 1035 2259 ὄντος,
1066 2197 1143 2266 μὴ
1184 2197 1289 2263 ἕως
1318 2200 1561 2273 ἑσπέρας
1592 2206 1685 2257 καὶ
1721 2207 1883 2260 αὐτὸν

300 2281 499 2334 τρίτον
538 2283 857 2354 κατλλάσῃ·
891 2286 950 2338 ’τὸ
987 2287 1044 2341 δὲ
1083 2290 1236 2354 τέλος
1280 2291 1515 2365 ’Δρείου,
1568 2296 1754 2369 ἐπειδὴ
1787 2301 1882 2373 οὐχ

299 2372 498 2435 ἁπλῶς
534 2373 748 2442 γέγονε,
777 2377 866 2430 διὰ
894 2380 1055 2432 τοῦτο
1082 2383 1175 2434 καὶ
1198 2382 1506 2455 διηγήσεὼς
1536 2390 1685 2443 ἐστιν
1710 2392 1878 2457 ἄξιον.

300 2468 431 2520 Τῶν
470 2469 583 2537 γὰρ
636 2473 766 2542 περὶ
823 2473 1088 2529 Εὑσέόιον
1148 2479 1518 2536 ἀπειλούντων
1567 2485 1884 2554 εἰσαγαγεῖν

299 2558 473 2609 αὑτὸν
530 2563 614 2621 είς
646 2560 745 2630 τὴν
784 2561 1133 2633 Ἐκκλησίαν,
1186 2567 1215 2619 6
1269 2570 1370 2639 μὲν
1427 2570 1727 2638 ἐπίσκοπος
1784 2578 1884 2647 τῆς

300 2650 943 2717 Κωνσταντινουπὸλεως
985 2655 1360 2730 Ἀλέξανδρος,
1409 2662 1701 2733 ἀντέλεγεν
1723 2681 1737 2696 '
1771 2668 1798 2719 6
1825 2669 1883 2723 δὲ

302 2743 531 2809 Ἄρειος
560 2744 791 2815 ἐθάρρει
820 2749 885 2817 τῇ
915 2746 1027 2818 βίᾳ,
1056 2750 1149 2803 καὶ⁵
1171 2752 1289 2815 ταῖς
1317 2752 1570 2817 ἀπειλαῖς
1597 2755 1880 2811 Εὐσεὸίου⁹

300 2839 590 2893 Σάϐὅατον
626 2843 737 2909 γὰρ
785 2837 854 2913 ἦν
879 2856 893 2872 ⁸
921 2844 1014 2895 καὶ⁵
1041 2844 1344 2913 προσεδόκα
1379 2850 1445 2920 τῇ
1494 2849 1620 2920 ἑξῆς
1656 2855 1883 2923 συναγε-

298 2930 448 2985 σθαι.
484 2931 663 2994 Πολὺς
700 2932 758 2986 δὲ
797 2932 948 3003 ἀγὼν
981 2931 1069 3007 ἦν,
1095 2936 1325 2991 ἐκείνων
1359 2940 1458 3009 μὲν
1480 2943 1883 3012 ἀπειλούντων,

312 3025 677 3096 Ἀλεξάνδρου
712 3027 773 3081 δὲ
815 3028 1137 3099 εὐχομένου.
1182 3031 1325 3085 Ἀλλ’
1354 3037 1380 3086 ὀ
1427 3035 1632 3106 Κύριος
1688 3040 1882 3111 κριτὴς

305 3118 629 3188 γενόμενος,
653 3119 956 3191 ἐϐράδευσε
986 3125 1128 3177 κατὰ
1164 3125 1273 3179 τῶν
1314 3126 1671 3183 ἀδικούντων.
1717 3130 1884 3186 Οὔπω

299 3210 415 3279 γὰρ
444 3212 475 3263 6
522 3209 677 3281 ἥλιος
715 3212 829 3279 ἔδυ,
866 3216 960 3268 καὶ
994 3216 1184 3284 χρείας
1237 3218 1402 3272 αὐτὸν
1451 3220 1758 3291 ἐλκυσέισης
1803 3227 1884 3290 είς

300 3301 497 3369 τόπον,
522 3302 643 3355 ἐκεῖ
670 3305 965 3371 κατέπεσε,
1002 3308 1092 3361 καὶ
1117 3308 1446 3380 ἀμφοτέρων
1476 3311 1573 3382 τῆς
1604 3330 1662 3365 τε
1695 3331 1884 3369 κοιτωο

306 3392 427 3454 νίας
459 3394 556 3444 καὶ
583 3394 681 3447 τοῦ
711 3394 810 3466 ζῇν
840 3396 1000 3460 εὗθ..ς
1038 3401 1310 3471 ames-non
1368 3403 1480 3454 Καὶ
1504 3406 1530 3455 6
1563 3404 1663 3472 μὲν
1705 3422 1884 3474 μακα-

303 3486 463 3556 ρίτης
518 3488 933 3557 Κωνσταντίνος
984 3489 1259 3559 ἀκούσας,
1321 3493 1666 3563 ἐοαύμασεν,
1727 3497 1882 3562 εἰδὼς

276 3571 639 3645 ,ἐλεγχθέντα
690 3575 885 3632 τοῦτον
913 3579 1201 3650 ἐπίορκον·
1232 3581 1371 3634 πᾶσι
1426 3582 1484 3634 δὲ
1516 3584 1639 3637 τότε
1690 3587 1881 3654 γέγονε

300 3664 546 3732 φανερὸν
570 3666 656 3720 ὅτι
701 3667 808 3720 τῶν
856 3669 956 3737 μὲν
989 3671 1122 3740 περὶ
1162 3671 1424 3726 Εὐσέϐιον
1466 3674 1778 3747 ἠσθένησαν
1827 3680 1881 3730 ai

304 3756 556 3823 ἀπειλαὶ,
589 3758 687 3811 καὶ
727 3759 761 3828 ἡ
811 3760 966 3826 ἐλπὶς
998 3763 1055 3815 δὲ
1098 3762 1316 3834 ’Λρείου
1371 3768 1580 3837 ματαία
1616 3770 1838 3838 γέγονεν
1866 3790 1878 3802 ·

300 3845 529 3919 ἐδείχθη
559 3847 619 3901 δὲ
653 3849 815 3903 πάλιν
844 3851 930 3905 ὅτι
973 3854 1126 3925 παρά
1170 3856 1266 3907 τοῦ
1299 3856 1552 3927 Σωτῆρος
1583 3859 1882 3931 ἀκοινώνη-

299 3956 397 4003 τος
427 3941 655 4009 γέγονεν
683 3944 718 4013 ἡ
753 3944 1004 4016 ’Λρειανὴ
1038 3947 1206 4015 μανία
1231 3948 1323 4002 καὶ
1352 3942 1456 4003 ὧδε
1484 3953 1580 4006 καὶ
1597 3953 1654 4004 ἐν
1681 3956 1746 4024 τῇ
1776 3955 1883 4008 τῶν

301 4034 672 4104 πρωτοτόκων
709 4036 1025 4108 Ἐκκλησία.
1056 4036 1333 4103 Τίςοῦνοὺ
1360 4040 1717 4112 θαυμάσειεν,
1741 4049 1883 4117 ὁρῶν

298 4125 537 4190 τούτους
562 4129 855 4183 δικαιῶσαι
886 4132 1358 4201 φιλονεικοῦντας,
1394 4135 1454 4189 ὃν
1480 4139 1508 4190 6
1540 4139 1747 4209 Κύριος
1785 4159 1883 4195 κα-

300 4220 549 4291 τέκρινε,
579 4214 926 4292 καὶβλέπων
958 4224 1161 4289 αὐτοὺς
1204 4226 1559 4294 ὲκδικοῦντας
1598 4230 1699 4303 τὴν
1731 4232 1882 4303 αἴρε-

301 4329 414 4377 σιν,
445 4312 544 4376 οὓς
584 4314 989 4387 ἀκοινωνήτους
1020 4317 1249 4389 ἤλεγξεν
1282 4319 1310 4372 ὁ
1341 4321 1568 4391 Κύριος,
1614 4325 1690 4395 μὴ
1722 4328 1882 4394 ἀφεὶς

298 4406 397 4457 τὸν
426 4404 601 4473 αὐτῆς
635 4402 872 4477 ἔξαρχον
912 4409 992 4473 είς
1022 4408 1122 4479 τὴν
1161 4410 1491 4482 Ἐκκλησίαν
1520 4415 1817 4482 είσελοείνς
1856 4437 1875 4469 ι

302 4499 562 4557 τοσαῦτα
591 4505 721 4573 περ)
765 4504 975 4573 ’Δρείου
1018 4507 1111 4557 καὶ
1152 4504 1494 4570 Ἀθανάσιος.

1984 647 2159 703 tentia
2191 650 2504 717 cecidisset,
2538 669 2605 707 ex
2648 654 2934 715 immensa,
2963 668 3087 721 qu'e
3128 667 3224 706 cor
3267 651 3387 718 ejus
3421 651 3544 704 alia-

1987 738 2080 793 tim
2112 741 2400 808 oﬁ'udcrit,
2432 744 2642 808 lmtitia,
2677 746 2861 799 subito
2894 746 3203 799 exstinctus
3247 759 3389 798 esse.
3428 744 3551 808 Alii,

1985 829 2281 898 impietatis
2311 835 2535 905 dignum
2567 837 2736 891 luisse
2768 836 3101 906 supplicium
3133 836 3417 906 putabant.
3453 837 3555 890 Fa-

1986 921 2229 978 miliares
2278 926 2418 997 ejus,
2454 928 2524 981 ab
2572 928 3041 984 obtrectatoribus
3087 941 3155 981 ex
3198 927 3413 981 insidiis
3459 944 3554 996 per

1987 1015 2417 1072 incantationem
2469 1029 2526 1074 et
2576 1019 2903 1076 veneﬁcium
2960 1030 3216 1075 necatum
3273 1019 3554 1074 dicclant.

1985 1105 2102 1161 Non
2134 1108 2427 1164 mediocris
2456 1125 2588 1165 vero
2615 1112 2785 1165 animi
2816 1110 3136 1167 sollicitudo
3168 1111 3555 1165 Nicomedien-

1986 1200 2099 1254 sem
2137 1201 2284 1270 cepit
2322 1202 2644 1258 Eusebium.
2696 1204 2922 1261 Factum
2969 1218 3207 1272 namque
3247 1202 3394 1259 istud
3447 1218 3554 1255 non

1987 1291 2176 1345 urbem
2211 1292 2398 1356 modo.
2434 1295 2526 1350 sed
2559 1296 2875 1351 universum
2909 1310 3077 1365 prope
3111 1297 3299 1355 orbem
3330 1311 3557 1366 paretur-

1987 1383 2078 1448 rit,
2120 1383 2261 1438 fama
2295 1385 2362 1441 de
2405 1400 2472 1440 eo
2510 1388 2786 1443 veluciore
2838 1387 3042 1456 passim
3092 1388 3553 1442 increbrescente.

1987 1476 2293 1545 Imperator
2326 1491 2461 1537 sane
2502 1494 2559 1532 re
2598 1492 2662 1534 ea
2708 1478 2970 1548 majorem
3003 1479 3057 1533 in
3093 1479 3312 1531 modum
3349 1487 3432 1532 est
3466 1479 3560 1530 de,

1984 1567 2240 1629 lectatus.
2274 1575 2331 1621 ct.
2365 1577 2655 1637 pmpterea
2688 1569 3084 1638 professionem
3120 1570 3243 1623 fidei
3280 1569 3553 1622 Nicaenam

1988 1659 2215 1728 perinde
2258 1667 2425 1729 atque
2471 1676 2501 1714 a
2544 1660 2653 1715 Deo
2700 1661 2819 1730 ipso
2863 1661 3147 1725 dictatam,
3180 1660 3356 1730 magis
3386 1659 3559 1714 etiam

1988 1751 2255 1818 defendit,
2279 1752 2608 1808 Christianae
2635 1753 2888 1824 religioni
2921 1752 3213 1808 miriﬁcum
3245 1753 3302 1807 in
3334 1751 3555 1806 modum

1986 1846 2263 1900 addictus.
2306 1846 2486 1902 Locus
2538 1847 2654 1915 ipse
2706 1847 2987 1916 postulare
3037 1846 3281 1908 videtur,
3331 1855 3391 1899 ut
3438 1859 3560 1913 qua:

1988 1953 2221 2008 magnus
2257 1938 2587 1994 Athanasius
2615 1938 2683 1993 de
2714 1938 2830 1993 Arii
2861 1940 3026 1995 rebus
3059 1937 3268 2008 scripta
3309 1935 3557 2004 reliquit,

1987 2033 2312 2087 referamus.
2345 2031 2477 2097 Quze
2502 2031 2582 2086 sic
2610 2047 2669 2086 se
2695 2031 2901 2086 habent
2926 2046 2942 2085 :
2974 2049 2997 2083 ι
3022 2030 3159 2087 Nam
3178 2040 3235 2085 et
3258 2029 3376 2098 ipse
3397 2027 3560 2080 Arius

1987 2122 2215 2179 hmresis
2264 2124 2485 2195 quidem
2536 2124 2794 2194 princeps
2841 2133 2898 2180 et
2941 2123 3355 2193 antesignanus,
3396 2119 3562 2190 659

1988 2215 2207 2271 Eusebii
2249 2231 2381 2271 vero
2417 2215 2697 2286 particeps
2730 2226 2788 2271 et
2825 2216 3029 2282 socius,
3064 2217 3250 2279 studio
3295 2223 3349 2268 et
3391 2228 3559 2280 opera

1987 2304 2209 2360 Eusebii
2260 2313 2316 2360 et
2358 2306 2660 2360 amicorum
2692 2305 2833 2374 ejus,
2867 2314 3097 2360 vocatus
3142 2320 3173 2358 a
3219 2303 3379 2357 beato
3415 2301 3558 2355 Con-

1985 2399 2230 2453 stantino
2262 2400 2530 2468 Augusto,
2560 2406 2636 2452 ct”
2662 2400 2731 2452 ab
2758 2398 2955 2452 eodem
2996 2404 3057 2466 ut
3096 2396 3148 2449 in
3188 2394 3395 2464 scripto
3432 2407 3559 2462 per-

1987 2488 2303 2545 suasionem
2353 2489 2479 2545 ﬁdei
2528 2504 2641 2544 suae
2689 2496 3011 2559 exponeret,
3059 2485 3358 2557 flagitatus,
3400 2484 3455 2537 in
3494 2483 3560 2535 li-

1985 2581 2188 2636 bellum
2218 2592 2339 2635 eam
2368 2580 2497 2636 dolo
2527 2581 2697 2647 malo,
2731 2578 3148 2649 impudentibus
3174 2576 3242 2631 de
3277 2573 3557 2646 impietate

1985 2689 2083 2730 sua
2116 2673 2279 2730 dictis
2312 2673 2646 2745 suppressis,
2675 2673 2885 2738 retulit,
2933 2672 3213 2741 verbaque
3245 2666 3557 2736 Scriptura-

1986 2782 2108 2821 rum
2141 2766 2433 2835 simplicia,
2464 2766 2626 2820 sicuti
2669 2765 2725 2819 in
2757 2766 2841 2820 eis
2874 2777 3136 2834 expressa
3176 2759 3556 2830 reperiuntur,

1987 2858 2179 2915 itidem
2211 2868 2270 2914 ut
2298 2858 2552 2914 diabolus
2577 2857 2941 2915 assimulavit.
2971 2854 3177 2911 Deinde
3207 2869 3332 2907 cum
3366 2853 3558 2907 beatus

1984 2948 2383 3005 Constantinus
2430 2949 2661 3003 dixisset
2697 2965 2710 3002 :
2752 2949 2809 3002 Si
2844 2946 3066 3017 quidem
3098 2944 3235 2998 nihil
3292 2953 3552 3013 pneterca

1987 3050 2190 3095 tectum
2216 3041 2270 3095 in
2304 3051 2488 3097 mente
2515 3040 2708 3107 habes,
2732 3040 3018 3094 veritatem
3052 3036 3368 3093 testimonio
3396 3033 3556 3103 juris-

1912 3169 1955 3224 C
1983 3131 2202 3202 jurandi
2231 3131 2529 3197 conﬁrma;
2562 3130 2861 3185 ulciscctur
2887 3129 3033 3183 enim
3056 3124 3143 3193 te,
3169 3127 3214 3181 si
3248 3127 3382 3180 falso
3409 3124 3556 3194 jura-

1988 3226 2154 3291 vcris,
2190 3224 2455 3279 Dominus
2490 3225 2628 3294 ipse.
2665 3222 2880 3279 Juravit
2912 3222 3101 3286 miser,
3134 3234 3315 3290 neque
3356 3219 3556 3271 habere

1986 3332 2077 3377 se.
2127 3331 2307 3385 neque
2351 3315 2499 3370 aliud
2556 3330 2719 3385 quam
2776 3324 2889 3370 tum
2943 3314 3255 3383 scripserit,
3306 3308 3557 3380 quamvis

1986 3409 2196 3463 dictum
2249 3408 2540 3478 aliquando
2588 3409 2655 3461 ab
2705 3422 2773 3461 eo
2826 3407 2917 3470 sit,
2959 3407 3164 3459 sentire
3208 3421 3221 3457 :
3260 3400 3356 3456 sed
3412 3403 3557 3455 illiut}

1983 3512 2536 3569 egressus,tanquam
2561 3514 2750 3569 poenas
2774 3498 3021 3567 pendens
3051 3494 3312 3556 concidit,
3344 3504 3397 3547 et
3422 3506 3555 3559 pne—

1984 3607 2114 3660 ceps
2144 3592 2321 3647 factus
2352 3592 2569 3661 crepuit
2602 3590 2816 3644 medius
2846 3589 2884 3641 ¹.
2921 3588 3099 3657 Atque
3138 3585 3397 3639 omnibus
3431 3584 3555 3652 qui.

1984 3682 2108 3737 dem
2160 3682 2480 3737 hominibus
2529 3680 2843 3737 communis
2884 3679 3010 3732 vit'e
3057 3677 3181 3732 ﬁnis
3226 3675 3556 3731 constitutus

1983 3785 2065 3830 est
2098 3790 2246 3829 mors
2278 3774 2394 3845 ipsa
2427 3792 2439 3828 :
2471 3788 2652 3843 neque
2687 3771 2951 3842 cuipiam,
2986 3769 3151 3825 etiam
3189 3768 3235 3822 si
3285 3767 3330 3822 is
3367 3765 3552 3818 inimi-

1984 3882 2084 3923 cus
2121 3868 2310 3933 fuerit,
2335 3867 2431 3937 qui
2464 3867 2573 3920 vita
2609 3865 2904 3919 defunctus
2933 3863 3024 3927 sit,
3060 3861 3323 3915 insultare
3358 3873 3554 3910 coarc-

1984 3957 2093 4023 nit;
2144 3956 2293 4026 quod
2350 3957 2622 4012 incertum
2675 3956 2767 4022 sit,
2803 3970 2871 4008 an
2918 3968 3027 4006 non
3085 3951 3229 4005 idem
3276 3949 3381 4002 sibi
3427 3958 3553 4000 ante

1982 4065 2269 4120 vesperam
2308 4050 2544 4104 accidat.
2581 4047 2687 4101 Sed
2719 4047 2832 4102 Arii
2881 4046 3067 4100 obitus
3099 4041 3549 4114 quandoquidem

1981 4158 2093 4197 non
2135 4142 2367 4212 simplex
2414 4141 2539 4206 fuit,
2572 4140 2770 4211 dignus
2814 4148 3105 4208 propterea
3148 4145 3232 4191 est
3269 4134 3361 4205 qui
3405 4147 3552 4187 enm-

1985 4244 2337 4288 memoretur.
2377 4231 2514 4288 Cum
2545 4235 2692 4287 enim
2726 4232 2996 4286 Eusebius
3035 4245 3091 4283 se
3118 4243 3243 4283 eum
3277 4227 3332 4281 in
3368 4224 3554 4279 Eccle-

1982 4327 2119 4382 siam
2156 4325 2603 4381 introducturum
2644 4325 2966 4389 minaretur,
3002 4322 3293 4392 episcopus
3329 4319 3548 4388 quidem

1983 4418 2627 4488 ConSIantinopolitanus
2658 4417 2966 4471 Alexander
3005 4415 3056 4469 id
3101 4414 3345 4468 futurum
3386 4425 3550 4479 nega-

1914 4510 1956 4564 D
1987 4512 2064 4566 vit
2093 4529 2107 4565 :
2141 4511 2304 4567 Arius
2335 4520 2519 4565 autem
2555 4510 2603 4563 vi
2634 4518 2689 4564 et
2720 4508 2884 4562 minis
2918 4505 3142 4561 Eusebii
3174 4503 3414 4560 conﬁsus
3446 4510 3551 4555 est.

304 4595 615 4653 Sabbatum
661 4597 866 4667 quippe
915 4606 1059 4662 erat,
1098 4608 1154 4654 ct
1207 4601 1478 4668 postridie
1519 4603 1779 4671 sperabat
1828 4620 1886 4660 se
1918 4605 2167 4661 ecclesia:
2225 4603 2524 4659 conventui
2566 4610 2917 4671 aggregatum
2953 4599 3048 4654 iri.
3108 4598 3399 4654 Certamen
3433 4602 3555 4646 erat

299 4692 598 4752 acrethis
631 4690 857 4761 quidem
895 4691 1301 4758 minitantibus,
1336 4694 1645 4751 Alexandro
1692 4708 1875 4752 autem
1912 4708 2125 4754 orante.
2199 4696 2307 4752 Sed
2357 4697 2503 4751 enim
2555 4695 2839 4761 Dominus,
2900 4692 3114 4763 judicio
3164 4704 3266 4745 suo
3308 4690 3550 4756 interpo-

298 4790 440 4855 sito,
475 4787 747 4843 adversus
779 4784 1032 4841 homines
1064 4785 1286 4857 iniquos
1337 4789 1628 4858 judicavit.
1686 4790 1941 4847 Nondum
1979 4790 2130 4846 enim
2174 4790 2257 4845 sol
2308 4788 2604 4852 occiderat,
2639 4797 2694 4841 et
2742 4786 3072 4841 necessitate
3110 4799 3238 4852 cum
3280 4782 3333 4836 in
3369 4782 3551 4835 locum

299 4897 473 4939 suum
507 4878 892 4952 pertrahente,
923 4879 1000 4936 ibi
1032 4896 1252 4951 pessum
1294 4882 1379 4946 iit,
1414 4891 1648 4953 utroque
1691 4884 1879 4950 simul,
1918 4893 1972 4939 et
2035 4882 2425 4939 communione
2489 4890 2547 4939 et
2580 4882 2690 4935 vita
2736 4880 3026 4934 confestim
3060 4878 3308 4932 orbatus.
3352 4875 3554 4929 Beatus

298 4987 461 5032 certe
506 4973 735 5044 quidem
775 4972 1194 5039 Constantinus,
1220 4991 1280 5031 re
1329 4975 1540 5043 audita,
1612 4976 1915 5033 admiratus
1951 4992 2072 5032 eam
2107 4990 2213 5042 est,
2284 4975 2583 5047 perjurium
2633 4973 2755 5043 ejus
2789 4971 3123 5027 vindicatum
3165 4987 3288 5027 esse
3329 4987 3555 5042 perspe-

300 5079 460 5122 ctum
516 5063 751 5121 habent.
835 5061 1104 5120 Omnibus
1152 5075 1335 5119 autem
1398 5076 1512 5120 tum
1567 5066 1915 5122 manifestum
1956 5068 2079 5131 fuit,
2150 5083 2272 5121 eum
2315 5066 2538 5122 Eusebii
2583 5066 2853 5121 minacem
2896 5065 3394 5133 denuntiationem,
3436 5077 3549 5119 tum

300 5161 421 5218 Arii
469 5173 629 5239 spem
675 5164 733 5214 et
790 5157 1257 5228 exspectationem
1323 5158 1529 5216 frustra
1597 5158 1792 5216 fuisse.
1864 5161 2210 5228 Declaratum
2274 5175 2495 5232 quoque
2556 5175 2813 5224 rursum,
2883 5161 3148 5215 Ariauum
3195 5161 3436 5214 furorem
3482 5159 3551 5211 ab

303 5255 434 5325 ipso
484 5252 782 5308 Senatore
818 5251 1105 5308 exclusum
1148 5266 1271 5308 esse
1348 5268 1378 5307 a
1418 5254 1829 5319 communione,
1893 5264 1949 5310 et
1990 5257 2102 5322 hic,
2142 5266 2199 5310 et
2244 5256 2298 5310 iu
2354 5256 2850 5326 primogenitorum
2894 5256 3148 5311 ecclesia.
3204 5255 3338 5321 Quis
3386 5255 3552 5324 igitur

302 5365 417 5408 non
473 5348 730 5413 miretur,
807 5347 1060 5403 homines
1109 5348 1244 5403 istos
1295 5364 1491 5419 magno
1537 5349 1910 5407 contentionis
1947 5350 2134 5406 studio
2180 5350 2375 5406 videns
2412 5351 2645 5423 justitize
2692 5350 2909 5406 laudem
2952 5350 3001 5404 ei
3049 5348 3315 5421 tribuere,
3385 5361 3548 5416 quem

296 5440 701 5503 condemnavit
741 5440 1007 5498 Dominus
1044 5442 1067 5496 ?
1103 5446 1438 5513 eosdemque
1497 5460 1727 5500 cernens
1797 5444 2049 5499 haeresim
2097 5445 2397 5511 defendere
2450 5461 2642 5509 eorum
2689 5458 2828 5514 quos
2878 5438 3382 5497 excommunicalos
3429 5454 3550 5506 esse

294 5532 550 5597 convicit
584 5531 873 5600 Dominus,
910 5535 1105 5600 ducem
1158 5535 1275 5605 t'jus
1327 5535 1613 5589 cerlesiam
1666 5536 1873 5606 ingredi
1917 5552 2025 5590 non
2059 5538 2286 5607 passus?
2326 5557 2341 5589 ι
2391 5536 2511 5592 lianc
2543 5536 2609 5591 de
2642 5535 2768 5587 Ario
2800 5531 3149 5586 Athanasius.

380 5684 527 5751 ἕλει
593 5699 628 5741 ι,
674 5686 751 5737 l8.
