3988 6190
265 325 380 436 2(3

1181 376 1782 440 ECCLESl.\S'l'IC.h
1828 380 2218 444 IlISTOliLE
2260 386 2400 448 LIB.
2443 385 2600 447 VIII.

3418 379 3551 454 2M1,

266 484 626 549 νομοθεσίας,
659 485 735 550 ὣς
767 487 830 556 γέ
870 507 963 558 μοι
1014 490 1399 560 τεκμηριῶσαι
1435 493 1604 556 ἔστιν,
1640 494 1693 547 αἱ
1731 493 1857 546 πολ-

1981 515 2063 555 tes
2105 499 2196 555 alii
2236 500 2400 554 simul
2433 497 2935 561 communicahanl,
2977 504 3036 551 et
3067 495 3145 549 in.
3169 508 3292 548 una.
3326 510 3523 547 conve-

265 573 363 625 λαὶ
387 574 495 626 τῶν
528 575 799 645 αἱρέσεων
831 576 1166 649 διερρύησαν
1198 581 1296 634 καὶ
1330 580 1543 635 παῦλαν
1567 582 1725 652 ἔσχον
1753 582 1852 652 τῆς

270 665 526 734 μνήμης.
574 666 699 718 Ἐπὶ
754 667 855 737 μὲν
886 668 997 738 γὰρ
1031 669 1140 722 τῶν
1172 669 1287 723 ἄνω
1324 671 1534 739 χρόνων
1577 672 1690 724 ὅσοι
1726 671 1855 740 κλή-

270 770 359 805 σει
389 753 636 821 Χριστοῦ
683 755 1069 824 ἐσεμνύνοντο,
1101 761 1149 810 εί
1192 761 1285 811 καὶ
1326 760 1572 828 διάφοροι
1620 762 1739 822 ταῖς
1770 759 1855 813 δό⁴

270 845 395 908 gat;
431 840 596 914 ἦσαν,
638 846 744 899 ἶσοι
773 848 976 912 πάντες
1008 849 1145 919 πρὸς
1179 851 1292 902 τῶν
1318 852 1387 903 τὰ
1430 851 1696 921 Ἑλλήνων
1725 852 1856 904 θαυ-

276 935 570 1003 μαζόντων
625 938 981 1006 ἐνομίζοντο·
1021 943 1119 995 καὶ
1164 943 1352 1005 κακῶς
1398 943 1456 1011 ἐξ
1485 946 1707 998 ἐκείνων
1755 946 1858 999 πά-

277 1042 526 1094 σχοντες,
567 1028 1143 1100 ἁπολυπραγμόνητον
1168 1032 1228 1086 τὸ
1265 1033 1637 1105 διακρίνεσθαι
1685 1031 1854 1105 εἶχον,

276 1118 470 1180 κοινὰς
517 1119 882 1191 ὑφιστάμενοι
929 1125 1255 1194 συμφοράς’
1286 1125 1375 1178 διά
1425 1143 1505 1179 τοι
1549 1127 1645 1180 καὶ
1683 1129 1859 1198 ῥᾷστα

280 1208 406 1261 καθ’
446 1210 682 1275 ἑαυτοὺς
738 1213 1036 1278 συνιόντες,
1092 1215 1489 1287 ἐκκλησίαζον*
1532 1219 1743 1289 πυκνήν
1800 1236 1858 1271 τε

278 1302 379 1364 τὴν
414 1299 640 1369 ὁμιλίαν
669 1301 910 1372 ἔχοντες,
953 1306 1004 1358 εί
1042 1305 1140 1359 καὶ
1179 1306 1353 1376 ὀλίγοι
1389 1304 1550 1379 ἦσαν,
1582 1309 1732 1378 ὅμως
1761 1308 1859 1361 οὐκ

278 1388 364 1448 εἰς
396 1386 573 1441 πολλὰ
626 1389 992 1461 διελύθησαν·
1027 1392 1221 1446 τούτου
1262 1393 1321 1449 δὲ
1349 1395 1442 1448 τοῦ
1477 1396 1642 1464 νόμου
1686 1396 1864 1462 ἐκφω-

278 1478 567 1547 ντιοέντος,
600 1480 869 1552 δυσχερὲς
897 1480 1048 1554 εἶχον
1078 1483 1315 1556 δημοσίᾳ
1353 1488 1593 1538 συνιέναι
1620 1501 1635 1518 ο
1682 1484 1864 1554 πολλῴ

281 1585 344 1632 τε
386 1571 503 1640 μὴν
532 1571 712 1641 λάθρα
741 1572 903 1627 τοῦτο
932 1576 1128 1639 ποιεῖν,
1163 1576 1274 1629 τῶν
1319 1576 1603 1646 ἐγχωρίων
1638 1575 1861 1630 ἐπισκό·

280 1677 406 1713 πων
435 1662 885 1733 φυλαττομένων.
920 1664 1233 1720 Κάντεῦθεν
1266 1667 1535 1737 περιδεεῖς
1572 1667 1720 1738 μάλα
1769 1684 1863 1736 γε·

281 1752 607 1823 γενημένοι,
639 1756 705 1827 τῇ
747 1754 978 1808 καθόλου
1019 1757 1320 1828 Ἐκκλησία
1374 1757 1690 1830 ήνώθησαν.
1726 1759 1787 1812 El
1820 1759 1866 1811 δ’

283 1846 422 1906 Isto;
472 1845 571 1897 καί
626 1863 771 1908 τινες
818 1848 913 1900 ἐπὶ
949 1846 1054 1917 τῆς
1098 1849 1304 1913 οἰκείας
1339 1851 1566 1921 ἔμειναν
1614 1851 1863 1921 γνώμης,

281 1938 564 2008 αδιάδοχοι
617 1938 1055 2010 κατελείφθησαν
1110 1941 1568 2014 τελευτήσαντες,
1618 1945 1755 2014 μήτε
1788 1945 1869 2006 είς

287 2028 492 2080 ταυτὸν
544 2029 687 2082 ίέναι
740 2028 999 2100 ἐώμενοι,
1042 2030 1170 2102 μήτ’
1213 2032 1386 2096 ἀδεῶς
1443 2033 1721 2088 διδάσκειν
1769 2034 1870 2104 τὴν

286 2123 511 2190 αἵρεσιν
555 2122 931 2193 δεδυνημένοι.
964 2125 1075 2178 Καὶ
1127 2127 1237 2196 γάρ
1286 2143 1406 2189 πως
1451 2128 1507 2180 αἱ
1559 2127 1659 2197 μὲν
1715 2128 1871 2183 ἄλλαι

285 2213 539 2279 αἱρέσεις
594 2211 684 2265 διὰ
733 2213 1051 2287 φαυλότητα
1089 2216 1200 2269 τῶν
1251 2215 1545 2287 εὑρόντων,
1581 2219 1614 2289 ἢ
1655 2218 1715 2271 τὸ
1765 2219 1873 2273 τῶν

284 2306 585 2372 δογμάτων
615 2307 828 2372 σκαιὸν,
861 2308 922 2360 οὑ
964 2307 1180 2368 πολλοῖς
1213 2308 1662 2378 ἐσπουδάσθησαν
1688 2328 1700 2341 ο
1742 2312 1792 2365 οἱ
1816 2311 1874 2365 δὲ

288 2399 363 2448 τὰ
393 2396 654 2449 Ναυάτου
697 2394 1045 2464 φρονοῦντες,
1078 2398 1153 2460 ὡς
1183 2400 1251 2468 τῇ
1305 2399 1535 2452 καθόλου
1582 2400 1877 2473 Ἐκκλησία

290 2489 500 2557 ἐπίσης
559 2490 690 2559 περὶ⁵
746 2490 986 2560 Χριστοῦ
1041 2490 1397 2556 δοξάζοντες,
1455 2493 1732 2563 διέμειναν
1783 2495 1878 2547 ἐπὶ

293 2581 577 2644 πλεῖστον,
610 2582 779 2652 μηδὲν
810 2582 917 2635 ὑπὸ
945 2582 1039 2637 τοῦ
1074 2582 1243 2652 νόμου
1276 2583 1531 2652 ἐμποδὼν
1558 2586 1876 2655 εὑρηκότες.

298 2672 495 2726 Ἐοικε
527 2674 586 2726 δὲ
638 2675 734 2727 καὶ
789 2677 816 2727 ὁ
852 2673 1106 2744 βασιλεὺς
1142 2673 1286 2727 ἐκὼν
1320 2692 1383 2743 γε
1437 2677 1733 2745 καθυφιεὶς
1785 2677 1880 2731 τοῦ

295 2767 567 2820 ἑντόνου’
620 2766 860 2838 φοδῆσαι
911 2769 1020 2839 γὰρ
1072 2771 1260 2841 ᾑρεῖτο
1309 2773 1368 2824 οὐ
1407 2771 1772 2841 λυμαίνεσθαι
1823 2775 1882 2827 τὸ

297 2859 573 2927 ὑπήκων.
606 2860 787 2912 [Ιολλά
832 2859 941 2929 γὰρ
981 2860 1229 2925 ’Δκέσιος
1261 2864 1290 2915 ό
1317 2863 1435 2916 τότε
1467 2864 1568 2935 τῆς
1609 2864 1885 2919 Ναυατια-

298 2947 413 3000 νῶν
455 2950 858 3021 προϊστάμενος
880 2952 1178 3023 ἐκκλησίας
1207 2954 1279 3008 τὰ
1299 2955 1532 3025 μάλιστα
1558 2957 1886 3026 συναιρόμε-

301 3057 394 3099 vo;
424 3036 495 3111 ἦν
512 3043 575 3112 τῇ
601 3043 725 3095 κατ’
745 3043 908 3096 αὑτὸν
933 3044 1220 3116 ἐκκλησίᾳ,
1254 3046 1466 3117 βασιλεί
1489 3050 1888 3117 κεχαρισμένος

1958 592 2182 647 niehant
2224 592 2501 646 ecclesia:
2547 593 2750 662 quippe
2802 600 2996 646 contra
3047 603 3186 659 quos
3235 586 3352 656 lege
3398 586 3524 647 lata,

1958 682 2261 752 imperator
2306 683 2545 736 oratoria
2592 698 2784 737 eorum
2829 681 3064 743 aboleri,
3102 686 3311 745 eospe
3355 676 3408 728 iu
3442 691 3527 729 ca-

1961 772 2180 827 tholicis
2227 774 2477 828 ecclesiis
2534 790 2658 827 cum
2716 774 2838 831 aliis
2894 770 3216 841 congregari
3264 770 3526 835 iusserat.

1962 866 2103 920 Alibi
2138 882 2267 919 vero
2302 866 2611 935 illisueque
2643 864 2899 934 privatim
2937 878 3113 931 neque
3147 860 3363 930 publice
3396 873 3529 912 cou-

1958 966 2158 1009 veutus
2186 972 2350 1025 agerc
2374 957 2563 1019 licere,
2594 956 2685 1011 sed
2715 953 3306 1035 in_uuo,couut.tuuitcr
3335 964 3528 1003 omnes
3553 1006 3557 1010 ,

1960 1048 2081 1103 loco
2125 1049 2425 1103 convenire
2456 1048 2647 1113 voluit.
2688 1050 2793 1104 Per
2821 1063 2986 1118 quam
3028 1047 3228 1116 legem,
3261 1052 3551 1112 quantum~

1960 1152 2061 1207 ego
2086 1138 2302 1207 colligo,
2329 1137 2513 1192 multae
2557 1137 2818 1200 haereses,
2878 1132 3134 1200 memoria
3175 1146 3362 1197 carum
3399 1128 3532 1182 sub-

1964 1228 2094 1290 lata.
2145 1226 2451 1282 difﬂuxere.
2519 1224 2912 1294 Superioribus
2971 1222 3133 1281 enim
3171 1219 3532 1290 temporibus,

1964 1315 2282 1384 quicunque
2305 1312 2507 1367 Christi
2532 1311 2900 1381 appellatione
2925 1320 3308 1375 censerentur,
3339 1318 3536 1374 quamf

1965 1404 2050 1461 vis
2096 1405 2440 1461 diversarum
2474 1412 2661 1459 essent
2704 1401 3051 1473 Opiniouum,
3104 1398 3302 1454 eodem
3353 1405 3539 1467 tamen,

1964 1499 2088 1554 loco
2132 1497 2273 1569 apud
2308 1514 2404 1552 eos
2450 1497 2545 1567 qui
2576 1496 2819 1553 Graecam
2860 1499 3220 1562 susceperant
3268 1486 3537 1557 supersti-

1967 1591 2176 1646 tionem
2202 1630 2216 1656 ,
2253 1599 2415 1646 erant
2449 1606 2467 1646 :
2507 1598 2564 1644 et
2603 1603 2728 1643 cum
2778 1586 2849 1642 ah
2884 1585 2994 1641 illis
3042 1582 3436 1651 afﬂigerentur,
3470 1576 3541 1630 de

1967 1682 2284 1739 discrimine
2329 1682 2375 1737 si
2412 1682 2559 1752 quod
2609 1681 2756 1736 inter
2816 1694 2913 1735 eos
2957 1689 3125 1742 esset,
3172 1674 3388 1730 curiose
3436 1669 3539 1739 ipsa

1970 1774 2256 1844 inquirere
2286 1773 2752 1844 supersederunt,
2787 1768 3176 1827 communibus
3208 1765 3413 1834 quippe
3448 1776 3543 1815 ca-
3638 1760 3659 1780 ‘

1968 1866 2306 1922 lamitatibus
2369 1865 2626 1935 expositi.
2696 1863 3043 1934 Quapropter
3116 1856 3373 1913 facillime
3447 1867 3545 1920 per

1971 1966 2153 2027 partes
2177 1955 2575 2011 convenientes
2605 1955 2904 2010 conciones
2929 1950 3208 2005 habebant
3239 1965 3254 2002 :
3285 1946 3547 2014 frequen-

1971 2047 2211 2117 tiorique
2245 2043 2678 2109 consuetudine,
2722 2057 2850 2098 cum
2897 2040 3059 2112 pauci
3110 2045 3321 2100 essent,
3358 2033 3414 2086 in
3465 2031 3545 2084 ta-

1971 2138 2185 2193 cti'ones
2252 2136 2459 2191 multas
2516 2150 2627 2191 non
2683 2132 3065 2190 discedebant.
3133 2122 3547 2184 Coustitutioue

1973 2238 2155 2284 autem
2203 2228 2309 2284 ista
2354 2227 2724 2298 promulgata,
2767 2224 2991 2280 diﬂicile
3039 2222 3120 2278 eis
3172 2221 3278 2276 fuit
3327 2219 3547 2289 publice

1973 2324 2204 2379 seorsim
2236 2321 2556 2386 convenire,
2587 2320 2764 2374 multo
2797 2332 2931 2373 vero
2966 2317 3150 2371 minus
3174 2313 3570 2381 clandestinos

1975 2423 2152 2467 emtus
2199 2426 2434 2481 cogere,
2485 2409 2764 2480 episcopis
2803 2407 2913 2463 loci
2949 2406 3220 2476 cujusque
3266 2405 3317 2459 id
3361 2405 3550 2457 obser-

1977 2490 2256 2557 vantibus.
2288 2501 2527 2557 Proinde
2562 2509 2709 2557 metu
2746 2514 2814 2556 eo
2846 2498 3096 2563 coerciti,
3128 2496 3417 2566 catholicae
3449 2495 3549 2547 Ec-

1979 2592 2161 2651 clesia:
2190 2603 2322 2651 sunt
2355 2593 2518 2652 uniti.
2555 2592 2713 2660 Quod
2743 2592 2792 2649 si
2826 2591 2969 2646 forte
2994 2590 3163 2659 aliqui
3207 2589 3260 2643 in
3293 2603 3389 2655 sua
3420 2603 3548 2642 sen-

1983 2686 2159 2741 tentia
2227 2686 2557 2757 perstitere,
2623 2681 2959 2738 decedentes
3030 2681 3212 2736 nullos
3278 2678 3575 2748 reliquere

1983 2793 2356 2844 successores,
2384 2793 2509 2833 cum
2548 2791 2729 2848 neque
2772 2782 3083 2831 conventus
3110 2774 3197 2829 eis
3220 2786 3390 2842 agerc
3427 2785 3551 2838 pcr-

1987 2872 2324 2935 mitteretur,
2353 2884 2533 2940 neque
2567 2869 2741 2924 libere
2789 2866 3042 2922 haeresim
3071 2865 3270 2920 docere
3304 2872 3546 2931 possent.

1985 2963 2055 3016 At
2085 2961 2321 3015 haereses
2360 2959 2482 3014 alia:
2513 2958 2600 3014 vel
2635 2967 2861 3029 propter
2894 2963 3182 3010 auctorum
3231 2949 3554 3021 improbita-

1989 3064 2138 3114 tem,
2192 3052 2275 3107 vel
2335 3061 2561 3122 propter
2607 3051 2926 3121 dogmatum
2983 3045 3261 3116 ineptias,
3315 3058 3421 3097 non
3479 3043 3551 3093 ita

302 3133 597 3202 τυγχάνων
627 3132 720 3186 διὰ
768 3135 863 3188 τὸν
914 3136 1050 3205 βίον.
1103 3137 1315 3208 Φρύγες
1353 3138 1432 3203 δὲ,
1465 3138 1606 3210 πλὴν
1650 3140 1878 3209 Φρυγίας

1995 3143 2179 3197 multis
2215 3153 2345 3198 sunt
2378 3142 2764 3211 frequentatae.
2791 3136 3078 3194 Novatiaui
3112 3144 3325 3196 autem,
3368 3141 3427 3185 ut
3459 3130 3551 3200 qui

305 3225 405 3276 καὶ
432 3225 544 3278 τῶν
582 3226 934 3295 ἐγγειτόνων,
968 3228 1091 3281 κατ’
1120 3230 1257 3284 ἄλλα
1300 3231 1401 3301 τῆς
1433 3232 1612 3301 ἀρχῆς
1644 3232 1786 3301 μέρη
1818 3232 1878 3283 τὰ

1989 3236 2182 3291 eadem
2227 3250 2353 3289 cum
2389 3231 2688 3288 universali
2724 3230 2968 3287 Ecclesia
3021 3229 3089 3284 de
3120 3227 3341 3284 Christo
3385 3225 3552 3278 scuti-

307 3313 404 3366 ἶσα
433 3317 551 3378 τοῖς
580 3315 769 3381 ἄλλοις
802 3318 1045 3389 ἔπασχον
1067 3334 1081 3349 ⁸
1114 3316 1245 3373 ἔνθα
1284 3319 1348 3391 δὴ
1390 3320 1483 3388 ἀφ’
1515 3315 1577 3373 οῦ
1612 3321 1888 3387 Μοντανδς

304 3407 555 3473 ἐγεγόνει
586 3410 691 3478 τὴν
727 3411 903 3481 ἀρχὴν
936 3413 1257 3482 ἐσχηκότες,
1300 3413 1394 3465 ἐπὶ
1424 3413 1558 3466 πολὺ
1588 3413 1884 3483 διέμειναν.

304 3499 399 3567 Τῷ
431 3499 478 3551 δ’
513 3502 751 3573 ἐνιαυτῷ
777 3503 976 3575 ἐκείνῳ
999 3506 1050 3557 ei
1089 3506 1218 3575 περὶ
1250 3503 1510 3559 Εὐσέϐιον
1537 3506 1630 3557 καὶ
1664 3507 1888 3571 Θέογνιν

306 3592 664 3662 νεωτερίζειν
702 3596 834 3664 περὶ
862 3595 923 3649 τὸ
961 3597 1140 3667 δόγμα
1190 3599 1291 3668 τῆς
1323 3600 1380 3650 ἐν
1412 3597 1619 3667 Νικαία
1667 3597 1890 3650 συνόδου

308 3681 610 3750 ἐγγράφως
638 3681 874 3752 ἤρξαντο
898 3698 915 3716 ο
945 3686 1037 3736 καὶ
1063 3686 1248 3754 γυμνῇ
1281 3683 1489 3754 κεφαλῇ
1516 3684 1576 3736 τὸ
1602 3684 1890 3753 ὁμοούσιον

306 3771 649 3825 ἀπελαύνειν
680 3773 861 3826 οὐκέτ’
891 3773 1160 3847 ἐθάρρουν
1187 3791 1202 3806 ⁶
1234 3776 1330 3830 καὶ
1367 3777 1476 3849 γὰρ
1506 3776 1750 3845 ἀκριϐῶς
1777 3777 1892 3848 ⁴ᾖδε·

310 3880 416 3915 σαν
446 3862 679 3932 βασιλέα
731 3882 788 3918 τε
823 3866 969 3919 οὕτω
996 3866 1262 3933 δοξάζειν,
1310 3870 1407 3922 καὶ
1453 3868 1750 3939 ὑπερφυῶς
1793 3871 1891 3940 τὴν

308 3955 539 4009 ἔκθεσιν
576 3956 898 4026 στέργοντα.
940 3957 1142 4030 Ἄλλην
1173 3959 1228 4014 δὲ
1275 3960 1494 4030 γραφὴν
1529 3960 1893 4031 παρενείραν-

308 4063 426 4110 τες,
456 4048 782 4117 ἑρμηνείαις
809 4047 874 4120 δή
924 4064 1035 4111 τισι
1068 4049 1464 4120 καταδέχεσθαι
1492 4051 1561 4104 τὰ
1590 4053 1648 4105 ἐν
1680 4052 1890 4122 Νικαίᾳ

304 4138 565 4203 δόξαντα,
607 4144 722 4202 τοῖς
752 4142 856 4196 ἀνὰ
882 4140 984 4212 τὴν
1012 4142 1087 4196 ἕω
1117 4144 1443 4205 ἐπισκόποις
1482 4145 1745 4216 ἐμήνυον.
1802 4143 1895 4198 Ἐκ

312 4232 509 4299 μέντοι
542 4231 653 4285 τῶν
684 4233 868 4305 ῥητῶν
899 4235 1126 4289 ἐκείνων
1160 4237 1256 4289 καὶ
1284 4236 1380 4307 τῆς
1406 4236 1648 4300 διανοίας
1671 4239 1752 4301 εις
1778 4238 1894 4292 διὰ-

308 4326 365 4376 λε
379 4323 464 4388 ξιν
493 4325 744 4380 πεσοῦσα
776 4330 809 4398 ὴ
845 4333 1091 4399 προτέρα
1127 4328 1378 4401 ζήτησις,
1411 4329 1517 4385 κᾶν
1553 4331 1649 4384 καὶ
1674 4331 1896 4396 τελείως

308 4417 512 4486 λήγειν
560 4417 765 4483 ἐδόκει,
807 4419 960 4490 ὅμως
993 4416 1150 4485 αὖθις
1187 4421 1508 4478 ἀνεκινείτο.
1540 4424 1651 4476 Καὶ
1680 4422 1747 4477 τὰ
1795 4423 1894 4493 μὲν

308 4509 462 4563 κατὰ
503 4512 728 4581 ’Δρειον
755 4508 858 4567 ὦδε
886 4514 1130 4581 ἐγένετο.

1989 3338 2134 3396 rent,
2189 3326 2502 3382 diutissime
2549 3334 2752 3380 statum
2807 3337 2967 3376 suum
3025 3321 3325 3379 retinuere,
3380 3329 3557 3383 neque

1990 3421 2099 3475 illis
2128 3419 2453 3475 constitutio
2485 3434 2547 3472 ea
2576 3416 2777 3472 obfuit.
2812 3414 3042 3470 Videtur
3076 3428 3209 3467 vero
3238 3420 3294 3464 et
3325 3411 3559 3478 imperu-

1993 3523 2078 3565 tor
2110 3512 2226 3580 ipse
2268 3524 2376 3563 non
2423 3509 2708 3563 illibenter
2748 3504 2956 3574 aliquid
2992 3503 3061 3556 de
3098 3502 3276 3570 rigore
3307 3507 3360 3551 et
3399 3512 3555 3550 seve-

1994 3603 2156 3657 ritate
2204 3601 2504 3663 remisisse,
2550 3609 2605 3654 et
2635 3609 2844 3652 terrere
2893 3594 3077 3663 potius
3115 3606 3278 3661 quam
3330 3587 3562 3659 perdere

1992 3693 2243 3750 subditus
2310 3691 2589 3746 maluisse.
2655 3691 2723 3744 Et
2762 3686 3027 3750 Accsius,
3083 3683 3178 3753 qui
3227 3693 3338 3736 tum
3388 3681 3566 3734 Nova-

1994 3790 2267 3843 tianorum
2292 3785 2585 3854 episcOpus
2615 3780 2737 3846 fuit,
2758 3778 2991 3834 maxime
3015 3774 3263 3831 ecclesia:
3294 3787 3404 3828 suze
3434 3785 3561 3840 pro-

1993 3880 2118 3946 fuit,
2153 3876 2297 3948 apud
2338 3876 2727 3953 iuiperatorem
2765 3879 2990 3942 propter
3028 3866 3356 3923 sanctiorem
3393 3865 3559 3915 vitam

1993 3971 2290 4041 gratiosus.
2340 3967 2505 4038 662
2558 3965 2799 4035 Phryges
2855 3973 3021 4024 vero,
3081 3966 3447 4028 praeterquam
3508 3954 3561 4004 in

1996 4061 2227 4134 Phrygia
2257 4059 2482 4114 et‘locis
2530 4056 2801 4122 finitimis,
2831 4052 3019 4107 eadem
3068 4050 3123 4104 in
3173 4049 3299 4103 aliis
3344 4046 3564 4116 imperii

1997 4154 2275 4226 partibus.
2320 4166 2444 4220 qua:
2488 4150 2609 4204 aliae
2651 4147 2912 4209 haereses,
2947 4151 3078 4199 sunt
3121 4142 3289 4211 passi.
3338 4139 3397 4191 lu
3430 4138 3567 4192 locis

1995 4256 2180 4301 autem
2216 4245 2355 4308 suis,
2394 4257 2461 4298 ex
2497 4258 2608 4311 quo
2642 4239 2932 4294 Montanus
2979 4237 3215 4299 exstitit,
3241 4246 3423 4288 secta:
3465 4247 3566 4285 suo

1998 4334 2224 4391 exordio
2248 4341 2491 4403 sumpto,
2522 4333 2688 4400 longo
2719 4335 3143 4399 permanserunt
3179 4332 3449 4391 tempore.
3488 4319 3564 4372 Eo

1999 4434 2185 4480 autem
2225 4437 2372 4478 anno
2412 4420 2689 4477 Eusebius
2725 4427 2782 4474 et
2826 4418 3125 4486 Theognis,
3167 4428 3334 4467 novas
3381 4426 3470 4465 res
3502 4410 3570 4463 de

1933 4510 1976 4566 Ι)
2007 4517 2259 4589 dogmate
2281 4515 2516 4570 Nicaeum
2539 4512 2756 4584 synodi,
2782 4509 3005 4576 scriptis
3035 4507 3214 4561 moliri
3238 4511 3527 4573 rccperunt
3556 4516 3568 4553 :

304 4615 368 4657 ct
405 4606 558 4662 nudo
598 4607 827 4679 quidem
858 4611 1063 4681 capite,
1099 4611 1248 4683 quod
1286 4610 1516 4677 dicitur,
1548 4612 1609 4667 τὸ
1642 4613 1930 4684 atmodum
1967 4612 2436 4669 consubstantiale
2477 4610 2703 4679 rcjiccre
2732 4606 2847 4660 ausi
2912 4618 3022 4657 non
3053 4610 3183 4657 sunt
3216 4616 3232 4654 :
3264 4600 3400 4653 satis
3420 4598 3567 4651 enim

306 4699 567 4756 sciebant
596 4702 1015 4773 .imperatorem
1055 4705 1237 4777 ipsum
1273 4707 1347 4763 ita
1383 4708 1614 4774 sentire,
1650 4717 1706 4764 et
1773 4707 2005 4762 mirifice
2037 4705 2334 4761 formulam
2366 4718 2489 4771 eam
2525 4699 2838 4769 complecti.
2913 4696 3092 4753 Aliam
3162 4701 3347 4749 autem
3418 4708 3574 4746 COIIl-

311 4804 597 4861 ponentes
645 4797 1003 4868 scripturam,
1045 4816 1141 4855 seu
1190 4802 1482 4856 formulam
1538 4803 1709 4864 tidei,-
1764 4788 2332 4873 interpretationibus
2400 4795 2733 4866 quibusdam
2813 4789 3110 4860 complecti
3155 4803 3306 4849 eam.
3351 4802 3414 4841 ea
3453 4803 3576 4858 quae

310 4885 521 4940 Mea-a3
592 4887 814 4943 decreta
883 4900 1112 4956 essent,
1176 4892 1551 4949 Orientalibus
1614 4894 1890 4964 episcopis
1965 4892 2373 4963 signifiearunt.
2437 4892 2617 4955 Atque
2672 4901 2739 4939 ex
2832 4883 2954 4955 ejus
3006 4882 3215 4948 verbis,
3267 4897 3576 4950 eorumque

310 4992 516 5042 sensu.
541 4978 600 5032 iu
626 4980 1059 5051 disputationem
1095 4984 1245 5053 prior
1271 4986 1507 5055 quaestio.
1524 4996 1609 5042 est
1638 4987 1897 5040 deducta.
1936 4984 2065 5052 Quae
2129 4983 2344 5038 tantetsi
2384 4979 2546 5037 tinem
2607 4993 2768 5032 suum
2795 4984 3087 5031 consecuta
3110 4989 3233 5031 esse
3260 4972 3574 5037 videbatur,

313 5078 508 5127 tamen
545 5087 614 5127 eo
652 5086 811 5142 pacto
843 5076 898 5131 in
933 5077 1369 5134 controversiam
1399 5087 1486 5135 est
1525 5091 1799 5133 revocata.
1826 5080 1893 5133 Et
1953 5093 2042 5133 res
2064 5078 2285 5146 quidem
2311 5074 2379 5129 de
2402 5075 2533 5128 Ario
2556 5072 2637 5128 sic
2664 5080 2793 5126 sunt
2823 5078 2980 5143 actae.

894 5229 1141 5284 ΚΕΦΑΛ.
1211 5231 1335 5294 Nl".

320 5337 627 5413 ﬂeplfc’m:
644 5340 1206 5413 xathdpolor,
1254 5343 1322 5408 ὃς
1361 5344 1643 5413 Ἀγκύρας
1668 5341 1775 5411 τῆς
1802 5362 1904 5412 [lt-1

393 5408 548 5485 κρᾶς
578 5411 881 5485 Calatini;
912 5414 1252 5479 ἐπίσκοπος
1294 5408 1561 5485 ὲγεῇὀνέι
1586 5431 1598 5443 ·
1620 5408 1902 5483 θκαϊπέρί

406 5480 712 5547 Ἀστερίου
744 5481 847 5535 τοῦ
877 5485 1206 5549 σοφιστοῦ.

2593 5226 2821 5289 CAPUT
2860 5224 2989 5281 ιλιι.

2013 5344 2090 5397 De
2132 5342 2386 5397 Marcello
2410 5343 2500 5414 qui
2535 5341 2756 5412 Ancyra!
2790 5339 3007 5414 minoris
3052 5336 3276 5414 Calatia:
3310 5332 3580 5403 episcopus
3656 5382 3667 5391 ,

2403 5409 2523 5482 fuit,
2558 5422 2604 5466 et
2632 5409 2695 5465 de
2722 5413 2934 5464 Asteria
2958 5409 3211 5475 sophista.

408 5591 551 5644 Ὑπὸ
570 5592 630 5645 δὲ
663 5592 757 5646 τὸν
791 5592 956 5646 αὐτὴν
989 5594 1180 5664 χρόνον
1210 5597 1259 5648 οἱ
1290 5598 1347 5648 ἐν
1386 5598 1909 5649 Κωνσταντινουπό-

326 5687 412 5736 λει
437 5684 920 5761 συναθροισθέντες
942 5689 1232 5741 ἐπίσκοποι
1254 5689 1349 5741 καὶ
1367 5689 1688 5759 Μάρκελλον
1722 5690 1910 5743 καθεῖ-

324 5776 426 5843 λον
462 5780 556 5832 τὸν
583 5780 642 5832 ἐν
687 5778 934 5849 Ἀγκύρᾳ
972 5779 1067 5849 τῆς
1107 5781 1309 5853 μικρᾶς
1359 5781 1625 5845 Γαλατίας
1688 5783 1914 5835 ἐπισκο-

2086 5597 2199 5651 Sub
2238 5596 2382 5650 idem
2421 5604 2637 5662 tempus
2668 5588 2911 5660 episc0pi
2943 5584 3421 5655 Constantinopoli
3453 5600 3586 5638 cou-

2016 5690 2245 5760 gregali,
2285 5687 2537 5742 Marcello
2584 5697 2805 5752 quoque
2850 5680 3082 5750 Ancyrae
3135 5680 3363 5734 minoris
3396 5678 3592 5754 Gallias

2018 5784 2278 5853 episcopo
2335 5778 2679 5846 dignitatern,
2738 5773 2901 5827 veluti
2950 5772 3046 5836 qui
3100 5788 3237 5829 nova
3288 5772 3599 5828 invexisset-
