3988 6190
343 292 447 370 215
1561 310 1906 370 metarum

2016 315 2361 379 CALLlS’l‘t
3489 322 3605 395 216

343 413 617 482 dogmata,
650 415 1001 488 abrogarunt.
1032 422 1285 479 Asterius
1316 441 1549 496 namque
1583 428 1803 497 quidam
1834 446 1897 484 ex

2014 433 2286 501 πήσαντα,
2340 438 2434 492 ἅτε
2488 441 2550 512 δὴ
2593 444 2753 497 καινὰ
2809 446 3254 516 εἰσηγησάμενον
3309 448 3592 517 δόγματα.

344 502 693 574 Cappadocia
724 509 991 579 sophista,
1026 513 1122 581 qui
1158 516 1541 572 ostentationis
1578 528 1634 574 et
1669 533 1906 590 qua-stus

2016 526 2283 597 Σοφιστὴς
2306 530 2413 599 γάρ
2431 550 2511 595 τις
2538 502 2602 586 ἐκ
2629 502 3053 604 Καππαδοκίας,
3088 502 3596 609 ξΑστέριοςσδνομα,

346 610 510 652 causa
548 596 1030 684 philosopharetur
1061 612 1119 658 et
1151 604 1396 672 doceret,
1428 625 1496 663 eo
1541 615 1724 667 studio
1761 627 1913 684 post-

346 689 555 757 habito,
590 678 954 749 Chﬁstianam
989 697 1311 766 religionem
1359 716 1419 756 se
1466 678 1913 776 Cttlturttm-pro-

346 783 522 839 fessus
575 786 784 852 fuerat,
834 799 891 843 et
941 790 1103 847 libris
1143 795 1354 864 aliquot
1402 799 1747 867 compositis.
1797 802 1910 855 Arii

344 876 659 942 opinionem
690 889 938 936 astruere
974 888 1355 941 contenderat.
1393 889 1528 943 Cum
1571 906 1682 961 quo
1712 892 1903 948 itidem

343 965 625 1034 Christum
672 972 765 1027 Dei
814 975 1077 1032 virtutem
1106 994 1228 1035 esse
1268 983 1589 1053 scripserat,
1625 986 1702 1040 uti
1735 987 1913 1041 Moses

341 1079 567 1133 erucam
608 1064 678 1121 et
720 1068 987 1126 locustam
1043 1089 1291 1144 magnam
1339 1078 1597 1135 virtutem
1654 1081 1746 1136 Dei
1788 1099 1912 1138 esse

342 1155 502 1224 dixit.
566 1157 798 1230 Aliaque
861 1162 1011 1218 hisce
1071 1166 1272 1222 similia
1334 1171 1633 1238 cavillans,
1687 1175 1912 1229 Ariauis

342 1249 665 1304 adhaerebat
701 1271 714 1306 :
761 1264 927 1323 atque
960 1258 1013 1310 in
1047 1261 1271 1329 synodis
1304 1262 1385 1316 eis
1415 1264 1699 1333 assistens,
1733 1260 1912 1336 pluri-

342 1354 493 1392 mum
528 1356 624 1395 eos
653 1342 966 1412 adjuvahat.
1010 1348 1149 1403 Illud
1177 1362 1359 1407 autem
1397 1355 1451 1409 in
1480 1357 1715 1412 consilio
1747 1359 1911 1415 hahe-

346 1428 458 1492 hat,
487 1440 543 1481 ut
571 1432 845 1499 pra-clarae
872 1434 1107 1508 alicujus
1134 1440 1289 1497 urbis
1318 1444 1694 1516 episcopatum
1717 1465 1912 1505 conse-

342 1533 629 1593 queretur.
668 1525 868 1580 Verum
908 1529 960 1583 id
995 1532 1141 1600 quod
1187 1539 1573 1607 constituerat,
1622 1558 1818 1612 parum
1855 1547 1908 1601 ei

339 1615 628 1679 successit.
690 1617 1080 1678 Persecutione
1132 1626 1279 1680 enim
1334 1645 1447 1684 non
1500 1633 1748 1702 tolerata,
1803 1637 1911 1692 diis

339 1707 750 1766 sacriﬁcaverat
794 1730 807 1765 :
844 1729 1076 1786 eamque
1109 1721 1179 1772 ob
1226 1735 1361 1787 rem,
1396 1738 1679 1781 sacrorum
1726 1730 1903 1783 admi-

339 1798 591 1875 nistratio
620 1803 668 1855 ei
702 1812 785 1858 est
818 1804 1105 1876 denegata.
1144 1809 1319 1866 Porro
1349 1830 1489 1882 quos
1517 1831 1907 1886 composuerat

336 1889 529 1955 libros,
556 1891 610 1946 iu
642 1892 798 1963 Syria
835 1896 1098 1966 vulgavit.
1131 1901 1411 1959 Adversus
1447 1920 1585 1976 quos
1618 1907 1907 1966 Marcellus

337 1983 608 2051 scribens,
641 1986 757 2052 sive
790 1988 990 2055 sciens,
1032 2006 1127 2047 seu
1170 1992 1515 2063 imprudens,
1552 2000 1608 2054 in
1658 2016 1904 2057 errorem

334 2090 400 2140 ex
434 2076 705 2133 diametro
740 2081 817 2135 illi
851 2084 1191 2140 contrarium
1237 2099 1323 2144 est
1367 2089 1652 2160 delapsus,
1684 2103 1739 2149 et
1780 2110 1904 2150 cum

337 2169 508 2249 Paulo
533 2171 889 2228 Samosateno
916 2174 1193 2231 Christqu
1229 2194 1438 2236 merqu
1471 2197 1590 2238 esse
1625 2185 1904 2241 hominem

334 2258 474 2333 dixit
499 2263 598 2332 (l).
632 2263 796 2335 663
832 2263 987 2332 Quod
1020 2268 1113 2323 ubi
1145 2269 1534 2329 intellexerunt
1562 2278 1655 2344 qui
1688 2276 1815 2348 Tyri
1850 2288 1902 2333 et

333 2353 490 2438 {Elia
520 2360 694 2412 coacti
724 2358 943 2415 fuerant
973 2362 1244 2433 episcopi,
1283 2365 1502 2421 Asterie
1537 2370 1760 2436 quidem
1799 2370 1903 2441 ipsi

331 2446 472 2525 nihil
503 2448 850 2519 objecerunt,
898 2454 1045 2523 quod
1078 2456 1291 2512 scilicet
1324 2459 1501 2515 sacris
1537 2461 1903 2520 ecclesiastici

335 2538 625 2596 ministerii
672 2543 926 2601 initiatus
976 2562 1088 2602 non
1138 2559 1283 2606 esset
1338 2568 1353 2605 :
1409 2551 1664 2610 Marcello
1718 2565 1903 2611 autem

332 2634 633 2713 episcopali
681 2636 949 2713 dignitate
1007 2640 1260 2710 prxdito,
1315 2658 1442 2699 cum
1482 2645 1717 2716 plurima
1770 2648 1905 2704 vitio

331 2735 638 2791 verterunt,
674 2736 787 2783 tum
818 2731 968 2805 quod
1004 2748 1295 2805 perperam
1343 2737 1685 2805 scripsisset,
1721 2739 1903 2796 dicam

332 2820 696 2890 impegeruut,
765 2823 1100 2897 abolereque
1139 2840 1267 2881 eum
1302 2827 1499 2894 libros,
1551 2831 1647 2900 qui
1685 2832 1827 2887 nihil
1873 2850 1903 2890 a

332 2906 952 2992 Samosateniscriptis
1004 2916 1327 2982 differrent,
1379 2919 1686 2989 jusserunt.
1724 2926 1906 2995 Atque

335 3006 427 3060 ille
459 3006 733 3061 facturqu
764 3023 823 3063 se
855 3008 910 3063 id
941 3010 1240 3079 pollicitus,
1276 3012 1504 3069 minime
1532 3024 1718 3071 tamen
1749 3016 1902 3072 fecit.

2013 618 2074 668 τὸ
2106 621 2446 686 σοφιττεύειν
2501 627 2678 693 ἀφ;ὶς,
2738 628 3068 694 θρησκεύειν
3120 630 3188 682 τὰ
3238 630 3597 698 Χριστιανῶν

2016 711 2381 778 ἐπηγγέλλετο
2407 731 2421 745 ο
2462 716 2554 768 καί
2591 734 2738 781 τινας
2771 720 2827 772 δὲ
2857 719 3046 787 λόγους
3080 721 3443 790 συγγράφων.
3492 738 3599 773 συ”

2016 809 2199 878 νιστᾷν
2228 812 2504 880 ἐπεχείρει
2540 815 2640 885 τὴν
2668 815 2829 880 δόξαν
2860 802 3095 886 χΛρείου
3132 834 3144 850 '
3184 818 3308 885 μεθ’
3339 813 3403 873 οὗ
3442 818 3594 873 οὕτω

2016 903 2109 954 καὶ
2134 902 2224 953 τᾶν
2245 904 2477 972 Χριστὸν
2502 905 2733 973 δύναμιν
2760 907 2947 975 ἔλεγεν
2986 905 3131 961 εἶναι
3189 909 3352 974 Θεοῦ,
3393 909 3594 979 ῶσπερ

2012 992 2147 1060 δῆτα
2176 994 2267 1045 καὶ
2300 996 2432 1048 Μωῡ
2446 997 2540 1065 τῆς
2561 998 2661 1067 τὴν
2696 999 2924 1067 κάμπην
2958 1002 3051 1053 καὶ
3073 1001 3175 1070 τὴν
3201 1000 3404 1069 ἀκρίδα
3431 1002 3597 1055 δύνα-

2016 1100 2108 1150 μιν
2138 1083 2258 1136 εἷπε
2288 1088 2531 1157 μεγάλην
2577 1085 2715 1141 εἶναι
2750 1090 2887 1144 Θεοῦ
2920 1105 2936 1122 ’
2988 1093 3083 1144 καὶ
3142 1091 3278 1145 ἄλλα
3337 1093 3403 1163 δὴ
3465 1110 3596 1145 τινα

2013 1176 2370 1244 παραπλήσια
2409 1179 2790 1247 σοφιζόμενος,
2832 1185 2947 1242 τοῖς
2996 1183 3127 1252 περὶ
3163 1182 3388 1250 Ἀρειον
3426 1199 3592 1235 συνε-

2013 1264 2228 1333 φέρετο,
2257 1266 2375 1318 Κάν
2410 1270 2528 1328 ταῖς
2548 1270 2789 1332 συνόίοις
2810 1269 3025 1340 παρὼν,
3051 1273 3122 1324 τά
3149 1272 3384 1339 μέγιστα
3404 1274 3595 1334 αὐτοῖς

2012 1355 2249 1426 ἐῦοὴθει.
2278 1358 2484 1419 Σκοπὸς
2505 1357 2550 1410 δ’
2578 1354 2645 1429 ἦν
2676 1361 2868 1430 ἐκείνῳ
2899 1363 3029 1430 μιᾶς
3068 1379 3216 1422 τινος
3250 1362 3361 1415 τῶν
3394 1364 3597 1431 ἐπισή-

2017 1467 2132 1518 μων
2163 1450 2374 1502 πόλεων
2432 1451 2735 1522 ἱερωσύνην
2794 1452 2979 1507 λαϐεῖν
3007 1468 3020 1485 ·
3054 1455 3192 1508 ἀλλά
3230 1455 3327 1508 τοῦ
3380 1454 3594 1509 σκοποῦ

2011 1541 2373 1608 διημάρτανε.
2399 1542 2491 1613 Μὴ
2516 1543 2753 1609 ἐνεγκὼν
2782 1543 2889 1615 γὰρ
2924 1544 3019 1597 τὸν
3050 1545 3549 1614 διωγμὸν,ἐπιθύει
3575 1561 3593 1576 ⁸

2013 1635 2106 1686 καὶ
2129 1633 2217 1685 διὰ
2247 1632 2406 1686 τοῦτο
2430 1633 2701 1704 ἀπείρητο
2730 1635 2879 1705 αὑτῷ
2912 1637 3184 1705 ἱερᾶσθαι.
3220 1638 3359 1700 Τούς
3389 1656 3452 1707 γε
3481 1639 3596 1709 μὴν

2010 1725 2204 1792 λόγους
2229 1724 2319 1788 οὓς
2340 1723 2477 1794 ἔφθη
2513 1725 2747 1789 συνθεὶς,
2800 1727 2901 1781 ἀνὰ
2928 1728 3029 1798 τὴν
3076 1729 3283 1797 Συρίαν
3324 1730 3423 1783 ίὼν
3460 1733 3592 1783 ἐπεο

2008 1817 2275 1871 δείκνυτο.
2310 1811 2407 1880 Οἷς
2432 1817 2729 1886 ἀντιλέγων
2748 1820 3070 1888 Μάρκελλος
3097 1821 3129 1891 ἢ
3161 1820 3305 1875 ἑκὼν
3334 1822 3368 1890 ἦ
3391 1822 3598 1890 ἀγνοή-

2009 1927 2132 1974 σας,
2163 1910 2245 1972 είς
2302 1909 2362 1963 τὸ
2411 1909 2552 1963 κατά
2605 1910 2903 1980 διάμετρον
2960 1913 3207 1966 ἐναντίον
3258 1914 3595 1977 κατῶλισθε,

2009 2001 2206 2070 Παύλῳ
2232 2000 2308 2070 τῷ
2333 2003 2397 2055 ἐκ
2420 2002 2756 2071 Σαμοσάτων
2781 2005 2979 2074 ἐπίσης
3003 2005 3178 2058 εἰπὼν
3215 2005 3308 2058 τὸν
3349 2006 3596 2077 Χριστὸν

2005 2094 2160 2164 ψιλὸν
2187 2095 2490 2162 ἄνθρωπον.
2544 2097 2609 2148 '0
2650 2096 2871 2163 γνόντες
2902 2098 2950 2150 oi
3002 2099 3059 2149 ἐν
3114 2098 3277 2167 Τύρῳ
3307 2100 3403 2151 καὶ
3432 2098 3598 2168 Mli;

2009 2185 2492 2254 συναθροισθέντες
2550 2186 2867 2248 ἐπίσκοποι.
2941 2188 3210 2257 Ἀστερίῳ
3275 2189 3375 2258 μὲν
3433 2188 3595 2241 οὐδὲν
3648 2179 3653 2183 ’

2007 2278 2355 2353 ἐνεκάλεσαν,
2381 2280 2503 2331 ἐπεὶ
2533 2279 2669 2349 μηδέ
2700 2280 3003 2351 ἱερωσύνης
3037 2284 3261 2352 μετεῖχε
3283 2299 3297 2313 ·
3328 2283 3593 2351 Μαρκέλ-

2006 2371 2083 2442 λῳ
2139 2371 2216 2436 δὲ,
2249 2371 2336 2427 ἆτ’
2386 2372 2758 2441 ὲπισκοπικῆς
2814 2372 3091 2443 καθέδρας
3143 2373 3455 2445 ὴξιωμένῳ,
3492 2374 3596 2427 καὶ

2008 2465 2234 2518 πλεῖστα
2266 2464 2627 2535 προσέφερον,
2653 2464 2749 2517 καὶ
2780 2464 2891 2518 τῶν
2918 2466 2979 2518 ού
3013 2463 3193 2529 καλῶς
3231 2467 3589 2534 συγγραφέν-

2006 2574 2113 2609 των
2148 2555 2506 2627 κατῃτιῶντο,
2537 2556 2633 2609 καὶ
2661 2555 2949 2622 ἀφανίζειν
2978 2556 3047 2609 τὰ
3083 2554 3266 2625 βιϐλία
3294 2557 3586 2609 ἐκέλευονο

2012 2648 2177 2717 μηδὲν
2206 2646 2315 2718 γὰρ
2351 2647 2636 2716 διαφέρειν
2667 2646 2748 2715 τῷ
2778 2647 3091 2716 Σαμοσατεῖ
3137 2648 3594 2715 συγγραφέντων.

2017 2739 2079 2793 Ὀ
2108 2739 2152 2791 δ’
2180 2718 2551 2808 ἐπηγγέλλετο
2578 2738 2845 2809 πράττειν
2878 2753 2892 2768 ο
2924 2737 3132 2806 ἔπραξε
3188 2738 3246 2792 δὲ
3306 2737 3590 2806 οὐδαμῶς.

2019 2832 2109 2897 Ὠς
2143 2812 2202 2885 δέ
2238 2831 2533 2902 γράμμασι
2570 2829 2665 2884 τοῦ
2701 2831 3116 2885 Κωνσταντίνου
3148 2833 3206 2883 ἐν
3265 2831 3341 2901 τῷ
3384 2830 3594 2893 Βυζαν-

2008 2925 2108 2994 τίῳ
2149 2920 2285 2996 ἧκον
2341 2924 2553 2979 ἐκεῖθεν
2601 2927 2650 2978 oi
2686 2925 2817 2996 περὶ
2851 2924 2943 2978 τὸν
2977 2922 3262 2983 Εὐσέϐιον.
3301 2923 3468 2976 πάλιν
3519 2924 3593 2975 τὰ

2009 3016 2153 3070 κατὰ
2182 3016 2503 3089 Μάρκελλρν
2529 3019 2785 3072 ἐκινεῖτο..
2826 3018 2917 3082 Ὦς
2946 3017 2991 3071 δ’
3027 3018 3225 3087 ἐκείνῳ
3258 3015 3443 3087 ἥκιστ’
3477 3015 3594 3067 ἐδό-

332 3095 604 3151 Caeterum
657 3098 749 3151 u‘hi
794 3098 1072 3157 Eusebius
1119 3101 1251 3157 inde
1296 3103 1493 3159 litteris
1549 3104 1901 3165 Constantini

2011 3124 2094 3162 κει
2127 3107 2188 3160 τὸ
2212 3108 2311 3177 τῆς
2334 3109 2654 3174 δυσσεϐείας
2686 3112 2879 3167 ἐκεῖνοί
2896 3109 3221 3164 κατακαίειν
3255 3109 3488 3178 βιὸλίον,
3511 3109 3593 3170 ὡς

335 3200 561 3243 vocatus
589 3189 909 3261 Byzantium
933 3193 1108 3260 venit,
1139 3211 1360 3252 rursum
1389 3195 1627 3253 Marcelli
1658 3214 1819 3255 causa
1847 3199 1903 3255 in

330 3282 793 3361 disceptationem
829 3294 914 3342 est
948 3286 1208 3344 deducta.
1244 3289 1543 3361 Postquam
1571 3302 1756 3349 autem
1804 3294 1907 3349 mi-

336 3374 485 3444 nime
526 3374 607 3456 illi
661 3375 841 3431 visum
887 3389 993 3447 est,
1041 3389 1102 3435 ut
1151 3380 1451 3452 impietatis
1492 3384 1686 3452 libros,
1740 3386 1907 3441 sicuti

336 3476 642 3549 receperat,
674 3471 783 3542 igni
807 3482 1162 3545 consumeret
1196 3491 1211 3528 :
1242 3475 1621 3545 episcopatum
1655 3479 1704 3532 ei
1745 3479 1907 3534 Euse-

331 3560 493 3639 biani
536 3564 814 3632 ademere,
862 3576 920 3621 et
967 3567 1168 3624 Basilio
1219 3570 1438 3625 cuidam
1492 3572 1805 3643 eloquentia
1851 3582 1908 3628 et

329 3656 481 3735 varia
534 3657 784 3715 doctrina
830 3660 1094 3739 praeclaro
1142 3663 1287 3727 viro,
1340 3662 1568 3720 Galatia
1610 3666 1902 3722 ecclesiam

334 3749 627 3821 regendam
681 3751 982 3808 tradidere.
1046 3752 1400 3824 Scripserunt
1442 3757 1481 3812 ii
1537 3773 1795 3828 quoque,
1846 3769 1908 3814 ut

332 3841 574 3923 Marcelli
600 3844 893 3915 scriptum,
921 3846 1239 3919 ubicunque
1285 3850 1649 3920 reperiretur,
1674 3866 1906 3921 prorsus

332 3938 648 4015 aboleretur
678 3940 992 4011 gcapitibus
1026 3942 1358 4013 quibusdam
1389 3934 1455 3999 ex
1489 3958 1556 3999 eo
1590 3944 1819 4014 scripto,
1846 3955 1906 4000 ut

330 4030 767 4104 dissonantibus,
807 4033 1058 4103 epistolae
1109 4032 1357 4091 insertis.
1400 4035 1557 4101 Quod
1600 4052 1733 4093 sane
1766 4037 1905 4092 scri-

320 4106 483 4193 ’ptum
510 4124 672 4180 libris
691 4125 887 4193 tribus,
914 4127 1379 4196 quemadmodum
1407 4129 1617 4190 audivi.
1647 4131 1905 4200 pulcher-

332 4217 468 4295 rime
507 4215 768 4272 refutavit
798 4218 1073 4273 Eusebius
1103 4219 1377 4289 Pamphili
1418 4238 1433 4278 :
1478 4220 1768 4278 Marcellus
1800 4239 1902 4278 au-

332 4316 438 4363 tem
472 4309 760 4381 insyuodo
783 4308 1097 4365 Sardicensi
1124 4320 1313 4382 postea
1333 4314 1711 4383 episcopatum
1737 4329 1898 4370 suum

331 4384 700 4481 recuperavit,
728 4402 875 4480 quod
899 4419 1007 4458 non
1033 4404 1106 4460 ita
1138 4404 1345 4461 sentire
1369 4405 1713 4463 existimatus
1736 4417 1900 4463 esset.

328 4474 796 4579 anenimsatis
823 4477 1098 4579 perpensa,
1120 4506 1176 4573 et
1208 4497 1487 4574 intellecta
1514 4514 1544 4552 a
1576 4499 1764 4554 multis
1784 4499 1903 4570 ejus
1942 4474 1982 4528 θ

270 4598 279 4603 ·
327 4588 532 4668 scripta
581 4578 716 4669 τίοι»
754 4604 988 4659 eamque
1031 4604 1279 4655 causam,
1316 4593 1369 4645 io
1417 4591 1572 4647 Pauli
1616 4606 1742 4655 eum
1777 4592 1902 4663 opi-

328 4681 547 4749 nionem
573 4681 853 4746 incidisse.
877 4682 1208 4758 calumniam
1235 4681 1442 4737 homini
1463 4682 1735 4753 obiectam
1759 4697 1902 4747 esse,

326 4775 491 4847 sicuti
523 4790 625 4847 suo
661 4776 784 4831 loco
825 4791 865 4849 a~
894 4789 982 4849 me
1015 4761 1312 4839 referetur,
1347 4776 1622 4832 creditum
1665 4785 1773 4831 est.
1819 4775 1906 4830 Si-

330 4867 554 4939 mulque
586 4868 821 4935 dictum,
862 4884 961 4939 per
1009 4870 1235 4925 modum
1281 4871 1650 4945 quaestionum
1696 4884 1727 4923 a
1764 4869 1907 4922 Mar-

328 4946 472 5018 cello
500 4962 709 5033 scripta
736 4950 965 5037 caesse
998 4962 1272 5017 instituta.
1306 4959 1373 5015 Et
1420 4961 1725 5037 imperator
1757 4960 1897 5031 ipse,

330 5040 678 5110 manifestam
704 5033 824 5109 esse
852 5052 1291 5121 Eusebiauorum
1321 5062 1513 5111 contra
1537 5067 1664 5121 eum
1688 5053 1897 5107 calum-

330 5153 475 5207 niam
495 5132 878 5221 deprehendit.
907 5149 1216 5203 Admodum
1241 5149 1385 5204 cuim
1410 5146 1597 5201 infesti
1625 5146 1700 5200 illi
1725 5155 1905 5211 erant,

326 5247 489 5327 quod.
525 5263 710 5319 neque
745 5246 800 5301 in
850 5245 1136 5301 Phwnicia
1177 5260 1301 5315 qua:
1346 5245 1609 5298 adversus
1657 5242 1905 5295 Athana-

328 5344 470 5413 sium
505 5342 608 5414 ipsi
632 5341 1061 5405 constituerant,
1083 5354 1261 5410 neque
1289 5354 1483 5393 rursus
1509 5334 1905 5408 Hierosolymis

329 5453 451 5509 quae
502 5454 605 5508 pro
654 5436 788 5492 Ario
840 5434 1239 5515 decreverant,
1300 5430 1736 5501 comprobasset.
1793 5430 1901 5485 Sed

2015 3201 2409 3271 ἐπηγγέλλετο,
2436 3203 2601 3256 αὑτὸν
2634 3204 2732 3272 μὲν
2768 3204 2993 3272 ἀφεῖλον
3023 3202 3086 3255 τὸ
3119 3201 3373 3272 ἱερᾶσθαι
3400 3217 3414 3231 ο
3484 3201 3595 3253 Βα-

2016 3294 2201 3365 σιλείῳ
2233 3294 2290 3348 δέ
2322 3311 2430 3348 τινι
2451 3295 2612 3366 δεινῷ
2634 3296 2832 3363 λέγειν,
2860 3297 2954 3349 καὶ
2982 3295 3078 3347 ἐπὶ
3104 3294 3385 3347 παιδεύσει
3413 3292 3595 3358 λόγων

2013 3388 2277 3442 παντοίαν
2309 3388 2470 3453 δόξαν
2493 3387 2691 3459 ἔχοντι,
2718 3389 2816 3457 τὴν
2838 3388 2946 3442 τῶν
2968 3388 3226 3441 Γαλατῶν
3251 3385 3593 3455 ἐγχειρίζουο

1974 3516 1977 3519 ν
2014 3498 2102 3534 σιν
2136 3479 2457 3549 ἐκκλησίαν.
2492 3478 2781 3549 Ἔγραψαν
2816 3480 2874 3533 δὲ
2902 3480 2997 3533 καὶ
3028 3479 3265 3549 ἀφανείᾳ
3298 3477 3395 3545 τὴν
3436 3479 3595 3542 Mago

2014 3576 2204 3630 κέλλου
2236 3572 2581 3644 συγγραφὴν,
2629 3572 2759 3626 ἔνθα
2819 3571 3151 3643 εὑρίσκοιτο,
3212 3566 3591 3636 παραδιδόναι,

2012 3669 2105 3723 καί
2129 3684 2254 3720 τινα
2283 3665 2381 3736 τῆς
2409 3667 2736 3736 συγγραφῆς
2777 3664 2854 3727 ὡς
2903 3663 3181 3734 ἀπᾴδοντα
3237 3658 3592 3719 ἐπιϐαλόντες

2011 3766 2078 3832 τῇ
2115 3760 2398 3831 ἐπιστολῇ.
2445 3758 2520 3814 Τὸ
2582 3758 2683 3827 μὲν
2729 3756 2824 3811 οὖν
2864 3754 3188 3825 Μαρκέλλου
3245 3752 3591 3821 σύγγραμμα

2014 3856 2243 3927 βιϐλίοις
2262 3854 2462 3924 τρισὶν,
2493 3853 2569 3916 ὡς
2598 3852 2901 3921 ἐπυθόμην.
2932 3848 3229 3920 ἀνέτρεψεν
3282 3845 3521 3916 ἀρίστως
3560 3843 3591 3895 ὁ

2015 3948 2301 4019 Παμφίλου
2365 3945 2661 4006 Εὐσέϐιος*
2708 3941 2872 4005 αὐτὸς
2922 3941 2979 3995 δὲ
3030 3937 3351 4010 Μάρκελλος
3405 3937 3472 4004 τῇ
3527 3935 3590 3988 ἐν

2012 4039 2211 4109 Σαρδοῖ
2238 4036 2443 4106 συνόδῳ
2475 4036 2534 4097 ἐς
2565 4032 2792 4103 ὕστερον
2826 4032 3088 4101 ἀνείληφε
3135 4028 3231 4099 τὴν
3260 4023 3590 4094 ἐπισκοπὴν,

2016 4139 2092 4208 μὴ
2136 4128 2238 4189 ὦδε
2292 4132 2513 4201 φρονεῖν
2543 4129 2924 4199 λογισάμενος,
2958 4128 3096 4196 μηδὶ
3142 4126 3251 4194 γὰρ
3301 4119 3591 4190 νενοῆσθαι

2012 4227 2175 4283 αὐτοῦ
2203 4226 2265 4280 τδ
2294 4225 2640 4295 σύγγραμμα
2690 4224 2804 4284 τοῖς
2835 4220 3053 4282 πολλοῖς
3085 4234 3101 4251 ⁸
3157 4217 3252 4272 καὶ
3292 4218 3381 4271 διὰ
3427 4215 3592 4271 τοῦτο

2012 4324 2110 4393 τὴν
2139 4319 2353 4374 Παύλου
2375 4316 2532 4383 δόξαν
2559 4315 2826 4384 φρονῆσαι
2852 4311 3182 4382 διαϐληθεὶς,
3216 4310 3292 4373 ὡς
3319 4312 3377 4363 ἐν
3405 4308 3589 4377 καιρῷ

2015 4433 2107 4485 μοι
2138 4413 2370 4479 λέξεται.
2400 4411 2510 4463 Καὶ
2541 4409 2652 4478 γὰρ
2686 4407 2925 4474 ἐλέγετο,
2958 4404 3034 4465 ὡς
3051 4408 3107 4457 ἐν
3140 4402 3368 4473 ζητήσει
3410 4402 3592 4455 ταῦτα

2006 4507 2084 4578 τῷ
2118 4503 2425 4575 Μαρκέλλῳ
2479 4498 2756 4570 εἰρῆσθαι.
2812 4499 2922 4551 Καὶ
2953 4497 3118 4559 αὐτὸς
3152 4495 3210 4548 δὲ
3233 4496 3260 4548 ὀ
3307 4492 3587 4563 βασιλεὺς,

2006 4597 2448 4668 ὁμολογουμένην
2499 4590 2640 4647 εἶναι
2688 4589 2946 4658 διαϐολὴν
2999 4587 3109 4639 τῶν
3145 4586 3274 4656 περὶ
3325 4582 3589 4637 Εὑσέῦιον

2007 4688 2418 4759 κατεφώρασεν.
2453 4685 2562 4738 Καὶ
2589 4683 2697 4752 γὰρ
2733 4681 2940 4751 σφόδρα
2972 4680 3394 4749 χαλεπαίνοντες
3442 4670 3585 4746 ἦσαν

2009 4779 2331 4848 Μαρκέλλῳ.
2357 4772 2449 4837 Οἷς
2477 4777 2601 4845 μήτ’
2617 4777 2675 4827 ἐν
2696 4777 2761 4843 τῇ
2781 4771 3001 4842 Φοινίκῃ
3027 4771 3137 4833 τοῖς
3156 4768 3422 4839 ὁρισθείσι
3443 4765 3587 4819 κατά

2022 4871 2342 4928 Ἀθανασίου
2377 4869 2648 4934 συνέθετο,
2701 4868 2822 4936 μηδ’
2872 4862 2938 4919 αὖ
2969 4863 3134 4917 πάλιν
3162 4865 3221 4917 ἐν
3288 4859 3585 4931 Ἱεροσολύ-

2013 4983 2136 5035 μοις
2166 4965 2307 5035 ὗπέρ
2352 4962 2583 5032 ’Λρείου,
2617 4961 2754 5031 μήτε
2784 4957 3191 5029 συμμετασχὼν
3228 4954 3456 5017 ἐκείνοις
3480 4953 3585 5022 τῆς

2010 5060 2363 5132 ἀφιερώσεως
2381 5060 2474 5112 τοῦ
2502 5059 2560 5110 ἐν
2578 5058 2654 5127 τῷ
2677 5058 2721 5111 Κ
2731 5056 2900 5126 ρανίῳ
2917 5052 3042 5119 νεὼ,
3061 5054 3089 5107 ὃ
3121 5054 3263 5124 μέγα
3282 5050 3586 5122 μαρτύριον

2009 5150 2287 5223 ἐπεκλήθη
2321 5166 2338 5182 ο
2379 5148 2714 5203 διεστέλλετο
2766 5148 2876 5216 γὰρ
2908 5146 3094 5223 aurei;
3138 5144 3436 5198 κοινωνεῖν.
3486 5142 3587 5195 Διά

2009 5263 2092 5299 τοι
2141 5248 2237 5299 καὶ
2267 5246 2572 5315 γράφοντες
2607 5240 2729 5295 κατ’
2770 5240 2933 5294 αὑτοῦ
2995 5236 3225 5308 βασιλεῖ,
3272 5238 3368 5290 σὺν
3406 5235 3587 5297 ἄλλοις

2008 5336 2342 5408 προῦφερον,
2370 5337 2467 5389 καὶ
2512 5335 2586 5399 ὡς
2621 5334 2848 5405 βασιλέα
2891 5332 3105 5404 ὑϐρίσοι
3134 5348 3148 5363 ·
3185 5328 3268 5395 οἷς
3308 5330 3401 5383 τὸν
3434 5326 3586 5396 αὑτῷ
3614 5334 3655 5381 \

2012 5430 2328 5502 περιφανῶς
2368 5427 2795 5499 οἰκοδομηθέντα
2819 5426 2949 5481 ναὸν
2981 5425 3056 5499 μὴ
3089 5422 3314 5489 ἀξιώσοι
3346 5423 3447 5475 σὺν
3468 5423 3585 5484 τοῖς

399 5661 480 5733 (l)
512 5662 709 5719 Filium
733 5666 879 5721 enim
913 5666 1009 5723 Dei
1033 5681 1099 5722 ex
1129 5663 1295 5721 Maria
1324 5663 1546 5721 initium
1577 5660 1904 5733 sumpsisse,
1944 5668 2014 5733 et.
2062 5675 2293 5730 regnum
2320 5656 2442 5730 ejus
2470 5657 2634 5715 ﬁnem
2662 5656 2982 5714 habiturum
3007 5668 3147 5725 esse,
3167 5652 3328 5711 dixit.
3353 5651 3580 5711 Sozom.

327 5732 428 5814 ριρ.
460 5732 531 5819 ιι,
566 5748 687 5820 cap.
724 5734 811 5809 ‘53,
