3988 6190
305 342 417 406 217
1214 348 1818 408 ECCLESIASTIC/E
1857 345 2251 409 IIISTORI/E
2293 348 2443 408 LIB.
2487 347 2653 410 VIII.
3472 352 3577 417 218

312 456 521 519 λοιποῖς
562 458 803 528 ίερεῦτιν
828 460 1102 530 iens-p711.
1147 463 1307 517 Ἀλλὰ
1352 463 1481 532 περὶ
1512 461 1609 532 μὲν
1640 460 1897 531 Μαρκέλ-

2014 476 2176 530 ieque
2228 462 2280 516 in
2321 461 2629 516 dedicanda
2671 459 2938 517 Calvariae
2979 461 3184 532 templo
3209 501 3223 527 ,
3269 462 3416 530 quod
3462 477 3579 515 tua-

314 549 411 609 λου
442 551 701 602 τοσαῦτα.

2014 567 2171 622 gnum
2224 553 2550 624 martyrium
2599 562 2685 608 est
2725 554 3211 623 cognominatum,
3261 567 3292 607 a
3334 568 3580 609 commu-

314 651 486 705 nione
518 668 713 706 eorum
749 670 809 708 se
885 653 1225 716 subduceris,
1293 650 1377 707 eis
1442 650 1708 705 siluisset.
1791 648 2138 719 Quapropter
2191 650 2258 702 ad
2310 651 2699 720 imperatorem
2755 649 3019 704 adversus
3071 665 3196 703 eum
3247 650 3576 717 scribentes,

317 751 523 810 pra-ter
557 743 660 798 alia
697 748 813 798 viro
840 746 1158 813 obiecerant
1193 745 1246 799 in
1293 745 1678 813 imperatorem
1747 744 1928 812 ipsum
1969 742 2396 808 contumeliam,
2458 758 2526 797 co
2572 744 2717 812 quod
2761 743 3051 798 ecclesiam
3126 742 3571 812 splendidissime

315 838 626 906 conditam,
653 856 777 895 cum
807 842 1038 912 reliquis
1060 842 1339 912 episcopis
1365 857 1692 896 consecrare
1714 837 2146 909 supersedisset.
2179 838 2307 894 [hec
2334 839 2403 894 de
2434 828 2712 894 Marcello.

918 974 1316 1032 amamur.
2486 972 2654 1044 664
2686 971 2913 1028 CAPUT
2960 971 3096 1025 LIV.

319 1066 465 1132 Περὶ
508 1064 620 1135 τῆς
667 1064 956 1133 τελευτῆς
998 1068 1094 1119 καί
1152 1067 1446 1136 διαθήκης
1480 1067 1587 1121 τοῦ
1629 1068 1904 1137 μεγάλου

871 1138 1363 1192 Κωνσταντίνου.

2152 1065 2232 1120 De
2259 1064 2402 1119 obitu
2433 1076 2482 1118 et
2525 1074 2836 1118 testamento
2870 1065 3048 1133 magni
3078 1061 3434 1117 Constantini.

410 1247 467 1302 ’0
510 1249 569 1301 δὲ
624 1248 877 1318 βασιλεὺς
918 1251 1020 1321 ήδη
1072 1252 1155 1314 εἷς
1195 1251 1323 1314 τοὺς
1361 1251 1555 1312 παῖδας
1620 1253 1905 1321 Καίσαρας

317 1339 486 1403 ὄντας
517 1340 618 1411 τὴν
639 1341 814 1412 ἀρχὴν
834 1340 1048 1406 διελὼν,
1076 1344 1472 1412 Κωνσταντίνιρ
1505 1344 1605 1413 μὲν
1626 1345 1719 1397 καὶ
1752 1344 1905 1396 Κών-

319 1446 517 1484 σταντι
550 1432 620 1485 τά
644 1432 779 1501 πρὸς
808 1432 963 1485 δύσιν
992 1433 1254 1502 ἀπένειμε
1286 1451 1300 1464 ·
1326 1436 1694 1504 Κωνσταντέῳ
1720 1434 1776 1486 δὲ
1803 1434 1904 1504 τὴν

335 1521 523 1592 Ἐᾡαν
538 1520 918 1591 ἐκλήρου.Ὦν
936 1526 1031 1579 τὸν
1067 1525 1169 1595 μὲν
1191 1527 1249 1578 ἐν
1278 1529 1342 1596 τῇ
1374 1526 1567 1597 πρώτῃ
1601 1526 1700 1592 τῆς
1724 1525 1903 1595 ἀρχῆς

314 1612 509 1668 δεκάδι
540 1616 732 1669 ἀνεῖπε
762 1617 1047 1688 Καίσαρα,
1076 1620 1462 1673 Κωνστάντιον
1476 1618 1534 1671 δὲ
1554 1622 1618 1688 τῇ
1653 1621 1904 1672 εἰκοσαε-

314 1704 507 1774 τηρίδι
543 1720 559 1734 ·
584 1704 675 1758 τὸν
699 1705 754 1758 δὲ
787 1705 1054 1777 νεώτερον
1088 1708 1421 1760 Κώνσταντα
1447 1708 1506 1760 ἐν
1554 1710 1620 1776 τῇ
1649 1723 1903 1774 τριακον-

2077 1244 2381 1314 Imperator
2412 1243 2644 1311 imperio
2677 1242 2802 1297 [iliis
2826 1244 2937 1313 jam
2972 1240 3174 1305 diviso,
3209 1239 3581 1295 Constantino

2010 1335 2235 1404 quidem
2266 1343 2323 1390 ct
2348 1334 2632 1389 Constanti
2666 1347 2874 1403 partem
2903 1333 3300 1388 occidentalem
3329 1331 3581 1400 designa-

2010 1437 2189 1490 verat,
2236 1424 2561 1481 Constantio
2605 1436 2789 1481 autem
2825 1424 3102 1480 Orientem
3152 1423 3404 1478 dederat.
3435 1422 3581 1486 Quo-

2010 1534 2132 1573 rum
2165 1502 2344 1588 p'rimo
2397 1518 2618 1587 imperii
2673 1517 2758 1573 sui
2809 1517 3082 1572 decennio
3126 1515 3580 1575 Constantinum,

2010 1611 2259 1667 secundo
2290 1609 2698 1673 Constantium,
2734 1610 2900 1664 tertio
2938 1608 3231 1663 minimum
3274 1615 3405 1659 natu
3437 1604 3582 1659 Cou-

2009 1713 2246 1758 stantem
2281 1702 2550 1757 Caesarem
2585 1701 2745 1756 dixit.
2780 1700 2987 1755 Deinde
3022 1714 3168 1754 anno
3202 1714 3312 1752 uno
3343 1709 3401 1751 et
3430 1712 3583 1751 men-

313 1791 608 1861 ταετηρίδι
669 1793 774 1862 τῆς
834 1793 1119 1863 βασιλείας
1154 1795 1592 1865 ἐχειροτόνησεν.
1669 1794 1901 1846 Ἔπειτα

2014 1796 2160 1850 sibus
2188 1795 2399 1863 aliquot
2434 1793 2695 1862 peractis,
2734 1791 3015 1859 sexaginta
3043 1802 3100 1845 et
3128 1791 3376 1860 quinque
3405 1803 3585 1842 annos

313 1883 575 1937 ἐνιαυτοῦ
608 1884 704 1939 καί
731 1902 896 1941 τινων
927 1886 1323 1955 διαγεγονότων
1353 1886 1560 1958 μηνῶν,
1600 1887 1765 1939 πέντε
1805 1886 1903 1939 καὶ

2014 1899 2165 1941 natus
2205 1884 2303 1956 (l),
2339 1901 2571 1953 corpore
2618 1886 2759 1939 male
2798 1883 3032 1948 aﬂ‘ecto,
3076 1882 3454 1949 llelenOpolim
3503 1880 3582 1948 (εὶ)

315 1974 591 2045 ἐξήκοντα
619 1978 887 2032 ἐνιαυτῶν
929 1978 1193 2047 γεγονὼς,
1222 1980 1285 2032 τὸ
1334 1982 1493 2051 σῶμα
1545 1979 1903 2048 μαλακισθεὶς

2014 1976 2271 2046 Bithyniae
2308 1976 2546 2041 transiit,
2597 1984 2657 2029 ut
2693 1975 2766 2029 ibi
2817 1989 2940 2044 quae
2987 1974 3043 2027 in
3093 1972 3403 2040 prepinqno
3429 1979 3580 2032 sunt,

317 2067 468 2121 κατὰ
494 2065 599 2138 τήν
616 2068 716 2138 τῆς
744 2067 996 2132 Βιθυνίας
1035 2069 1380 2123 Ἐλενόπολιν
1426 2070 1769 2137 διεπέρασεν,
1814 2068 1901 2121 ἵνα

313 2160 436 2220 τοῖς
484 2161 609 2214 ἐκεῖ
654 2160 1078 2229 γειτνιάζουσιν,
1133 2162 1462 2230 αὐτομάτοις
1507 2162 1601 2215 καὶ
1654 2162 1903 2230 φυσικοῖς

315 2252 577 2319 λουτροῖς
618 2252 916 2323 χρήσηται.
947 2254 1348 2326 Χαλεπώτερον
1395 2255 1452 2308 δὲ
1506 2253 1796 2316 διατεθεὶς,
1842 2253 1904 2306 τὸ

320 2342 430 2412 μὲν
459 2341 687 2410 λουτρὸν
708 2344 1069 2416 ὑπερτίθησιν
1100 2362 1115 2378 ο
1151 2347 1234 2409 είς
1258 2347 1313 2400 δὲ
1340 2344 1713 2416 Νικομήδειαν
1740 2344 1903 2414 φέρε-

316 2450 416 2485 ται
449 2447 470 2466 ο
499 2436 666 2487 κάκεῖ
693 2437 751 2489 ἐν
781 2438 1093 2508 προαστείῳ
1120 2438 1342 2506 διάγων,
1368 2439 1444 2501 ὥς
1475 2454 1642 2509 φησιν
1688 2436 1902 2507 Ἑρμεί-

319 2543 393 2589 ας
415 2525 509 2580 καὶ
536 2526 837 2599 Σωκράτης
866 2530 960 2583 καὶ
982 2528 1353 2600 Θεοδώρητος,
1387 2530 1439 2583 oi
1486 2530 1557 2584 τὰ
1603 2528 1904 2600 ἐκκλησια-

321 2616 492 2672 στικά
515 2618 997 2690 συγγραψάμενοι,
1028 2620 1123 2673 τοῦ
1154 2619 1303 2676 θείου
1356 2620 1761 2691 μεταλαγχάνει
1807 2619 1904 2690 βα-

323 2711 658 2778 πτίσματος.
695 2712 837 2779 Ἐγὼ
856 2712 913 2766 δέ
941 2714 1034 2766 καὶ
1057 2711 1228 2775 αὐτὰς
1249 2714 1481 2767 ἐκείνων
1507 2711 1608 2776 τὰς
1632 2711 1905 2774 συλλαϐὰς

328 2801 751 2872 παραθήσομαι.
792 2802 856 2857 ⁸ο
885 2804 988 2872 μὲν
1028 2806 1137 2874 γὰρ
1169 2801 1482 2875 Σωζομενὺς
1520 2803 1663 2857 οὕτω
1707 2804 1856 2871 λέγει
1887 2817 1900 2833 ·

330 2913 352 2946 ε
381 2893 555 2947 Ἔνθα
582 2893 650 2965 δὴ
677 2895 737 2948 ἐν
777 2897 1089 2967 προαστείῳ
1124 2896 1329 2965 διάγων
1372 2897 1473 2967 τὴν
1507 2897 1659 2965 ἱερὰν
1688 2895 1904 2965 ἐμυήθη

328 2985 628 3053 βάπτισιν
661 2985 756 3037 ἐπὶ
782 2985 842 3038 δὲ
883 2987 1058 3055 τούτῳ
1095 2984 1303 3058 σφόδρα
1330 2986 1539 3058 ἡσθεὶς,
1572 2988 1734 3057 χάριν
1760 2985 1906 3054 ὠμο-

327 3072 482 3139 λόγει
512 3072 655 3142 Θεῷ.
683 3090 705 3125 ι
740 3072 1036 3145 Σωκράτης
1056 3074 1114 3128 δέ
1136 3074 1287 3143 λέγει
1318 3089 1334 3105 ⁶
1368 3092 1387 3125 ι
1433 3075 1686 3144 ’Δπαίρει
1714 3075 1778 3126 ἐκ
1805 3074 1904 3142 τῆς

341 3164 769 3228 Ἐλενουπόλεως
806 3166 890 3228 είς
938 3165 1039 3237 τὴν
1085 3166 1460 3238 Νικομήδειαν
1489 3182 1505 3198 ο
1537 3166 1700 3218 κάκεῖ
1746 3165 1804 3219 δέ
1848 3166 1905 3217 ἐν

333 3256 647 3329 προαστείῳ
676 3257 905 3327 διάγων,
943 3257 1036 3312 τοῦ
1082 3258 1472 3331 Χριστιανικοῦ
1501 3257 1911 3328 μεταλαμϐάνει

331 3353 740 3423 βαπτίσματος.
783 3371 802 3404 ι
881 3350 1109 3422 Ἐπίσης
1172 3351 1231 3405 δὲ
1291 3353 1385 3406 κα)⁵
1426 3352 1456 3404 ὀ
1513 3351 1859 3421 Θεοὸῶρητος
1891 3364 1909 3383 ·

338 3465 357 3499 ι
394 3445 740 3517 Τριακοστὸν
768 3445 825 3499 δὲ
851 3440 919 3517 ἦν
942 3444 1091 3516 αὐτῷ
1112 3449 1212 3516 τῆς
1236 3446 1517 3516 βασιλείας
1542 3446 1662 3509 ἔτος
1686 3461 1700 3476 '
1731 3446 1912 3498 ἐνιαυ-

329 3540 433 3595 τοῦ
479 3539 646 3594 ᾶλλου
675 3538 734 3593 δέ
776 3539 870 3592 καὶ
912 3540 1101 3609 μηνῶν
1148 3540 1536 3610 διεληλυθότων
1578 3538 1797 3607 ὀλίγων,
1853 3539 1912 3591 ἐν

328 3631 676 3702 Νικομηδιίᾳ
702 3631 802 3700 τῆς
827 3630 1081 3694 Βιθυνίας
1110 3630 1336 3700 διάγων,
1366 3632 1721 3702 ήρῤώστησι.
1753 3630 1828 3684 Τὸ
1853 3629 1911 3682 δὲ

328 3722 437 3792 τῆς
476 3720 835 3791 ἀνθρωπίνης
886 3721 1075 3792 βιοτῆς
1124 3722 1318 3792 ἄδηλον
1369 3723 1755 3790 ἐπιστάμενος,
1813 3719 1910 3773 τοῦ

329 3817 487 3870 θείου
518 3816 897 3886 βαπτίσματος
926 3816 988 3869 τὸ
1020 3816 1192 3887 δῶρον
1253 3816 1470 3881 ἐδέξατο
1488 3833 1503 3850 ’
1533 3816 1827 3869 ἀνεϐάλετο
1853 3814 1913 3868 δὲ

332 3903 506 3973 μέχρι
532 3901 686 3955 τοῦδε
711 3901 808 3955 τοῦ
842 3902 1060 3972 χρόνον,
1122 3904 1184 3957 ἐν
1264 3902 1501 3974 Ἰορδάνῃ
1545 3902 1626 3974 τῷ
1678 3901 1911 3972 ποταμῷ

326 3994 529 4048 τούτου
551 3996 737 4065 τυχεῖν
768 3995 1139 4066 ίμειρόμενος.
1175 4012 1197 4048 ι
1236 3995 1424 4051 Ταῦτα
1457 3996 1559 4065 μὲν
1587 3996 1787 4050 ἐκεῖνοι
1810 3996 1913 4049 οὐκ

327 4088 434 4142 οἷδ’
471 4090 628 4152 ὅπως
654 4090 823 4158 φασιν
854 4105 870 4121 ο
904 4089 1066 4160 ἡμεῖς
1098 4090 1155 4142 δὲ
1195 4088 1616 4159 συμφωνοῦντες
1647 4090 1713 4160 τῇ
1748 4088 1912 4141 καθό-

328 4183 433 4235 λου
461 4180 785 4251 Ἐκκλησία,
804 4181 948 4234 κατὰ
983 4181 1204 4252 Ῥώμην
1231 4182 1466 4251 είπομεν
1489 4181 1584 4235 τοῦ
1612 4182 1762 4234 θείου
1786 4180 1913 4235 τοῦ-

328 4292 429 4327 τον
458 4271 762 4343 ἀξιωθῆναι
816 4272 1072 4343 λουτροῦ,
1095 4273 1423 4342 Σιλϐέστρου
1451 4273 1549 4336 τὰς
1595 4274 1912 4344 ἱερουργοὺς

330 4367 530 4434 χεῖρας
569 4363 856 4427 ἐπιθέντος
884 4361 1053 4433 αὐτῷ.
1094 4364 1205 4417 Καὶ
1230 4363 1358 4434 περὶ
1399 4363 1500 4434 μὲν
1533 4364 1760 4427 τούτων,
1822 4365 1913 4418 οὕ-

2000 2080 2100 2119 sua
2143 2073 2342 2134 sponte
2391 2064 2794 2134 proﬂuentibus
2841 2073 2898 2118 et
2940 2062 3290 2117 naturalibus
3343 2060 3583 2113 lavacris

2002 2165 2272 2212 uteretur.
2299 2153 2437 2211 Cum
2473 2170 2603 2211 vero
2632 2156 2944 2226 graviorem
2973 2155 3208 2209 sentiret
3230 2151 3581 2207 imbecillita-

2004 2254 2136 2312 tem,
2165 2247 2438 2302 |avatione
2482 2245 2802 2315 posthabita
2833 2243 3212 2299 Nicomediam
3257 2243 3333 2310 (5)
3368 2241 3519 2294 venit
3559 2253 3578 2295 :

2001 2349 2163 2407 atque
2222 2339 2297 2394 ibi
2362 2340 2415 2393 in
2474 2337 2794 2393 suburbano
2850 2350 3059 2406 agens,
3111 2332 3574 2405 quemadmodum

2003 2429 2274 2491 llermias,
2332 2429 2610 2493 Socrates,
2674 2437 2730 2482 et
2784 2426 3165 2480 Theodoritus
3211 2422 3578 2479 ecclesiastici

2003 2521 2302 2590 scriptores
2344 2520 2574 2584 dicunt,
2629 2518 2879 2574 divinum
2927 2512 3175 2588 percépit
3222 2515 3577 2585 baptismum-

2002 2615 2249 2682 Quorum
2280 2612 2447 2667 verba
2494 2612 2586 2668 hic
2628 2624 2910 2682 apponere
2948 2610 3125 2664 visum
3172 2617 3278 2662 est.
3328 2605 3581 2660 Ilermias

2003 2705 2150 2760 enim
2202 2705 2541 2760 Sozomenus
2582 2703 2665 2759 sic
2701 2703 2881 2773 inquit
2919 2718 2935 2756 :
2987 2719 3007 2753 ι
3048 2699 3127 2755 1ὺὶ
3165 2688 3298 2754 sane
3342 2713 3468 2752 cum
3522 2697 3579 2751 in

2006 2797 2325 2853 suburbano
2364 2805 2571 2867 ageret,
2603 2797 2786 2851 'sacrn
2841 2792 3091 2849 initiatus
3131 2799 3218 2847 est
3256 2790 3533 2860 baptismo
3567 2804 3584 2842 ι
3642 2830 3659 2841 .

2006 2907 2113 2962 qua
2135 2891 2209 2945 de
2234 2904 2294 2946 re
2327 2889 2683 2945 vehementer
2711 2889 2947 2953 lretatus,
2984 2887 3097 2941 Deo
3128 2885 3244 2957 egit
3287 2882 3515 2954 gratias.
3555 2898 3574 2931 ι

2009 2982 2270 3038 Socrates
2301 2992 2485 3037 autem
2545 2997 2560 3035 :
2621 2997 2641 3032 ι
2695 2979 3013 3049 Helenopoli
3062 2975 3438 3033 Nicomediam
3496 2982 3583 3027 est

2011 3072 2308 3151 profectus,
2343 3071 2532 3139 ibique
2562 3071 2616 3125 in
2639 3069 2962 3126 suburbano
2990 3081 3175 3138 agens,
3201 3064 3580 3119 Christianum

2014 3165 2257 3235 suscepit
2306 3166 2663 3235 baptismum.
2722 3180 2743 3215 ι
2794 3161 2991 3217 Itidem
3044 3169 3101 3214 et
3146 3155 3516 3213 Thcodoritus
3566 3171 3583 3207 :

2020 3279 2039 3313 ι
2071 3259 2407 3315 Trice‘simus
2433 3258 2648 3328 imperii
2671 3257 2792 3328 ejus
2815 3254 3157 3327 praeterierat
3181 3266 3385 3317 annus,
3419 3260 3588 3320 atque

2012 3368 2162 3408 anno
2210 3353 2457 3422 insuper,
2505 3360 2563 3405 et
2601 3349 2887 3405 mensibus
2933 3349 3126 3418 paucis
3152 3346 3384 3408 exactis,
3419 3344 3583 3398 Nico—

2013 3446 2209 3503 mediae
2253 3447 2308 3501 in
2358 3445 2610 3515 Bithynia
2656 3458 2846 3514 agens,
2893 3452 3162 3512 aegrotare
3208 3440 3400 3508 cmpit.
3447 3436 3585 3491 Cum

2013 3555 2143 3594 vero
2187 3555 2352 3610 quam
2404 3539 2612 3593 incerta
2656 3539 2729 3592 sit
2766 3536 3085 3591 hominibus
3136 3534 3247 3588 vita
3300 3531 3598 3601 cOgnitum.

2013 3634 2267 3699 haberet,
2295 3631 2542 3686 divinent
2573 3630 2828 3701 baptismi
2858 3630 3065 3684 donum
3100 3626 3341 3696 suscepit
3373 3640 3386 3679 :
3421 3639 3587 3696 quem

2012 3725 2078 3781 ad
2117 3725 2172 3780 id
2220 3738 2394 3793 usque
2437 3730 2651 3792 tempus
2686 3721 2810 3776 ideo
2852 3720 3162 3783 distulerat,
3194 3716 3341 3788 quod
3390 3718 3443 3771 in
3482 3715 3584 3770 nu.

2012 3817 2159 3874 mine
2205 3814 2445 3873 Iordane
2491 3815 2778 3885 percipere
2828 3812 3307 3881 concupivisset...
3349 3808 3471 3863 llaec
3505 3807 3580 3861 illi

2013 3907 2238 3979 quidem
2267 3905 2455 3961 nescio
2486 3920 2597 3976 quo
2630 3904 2794 3959 modo
2823 3903 3014 3957 dicunt
3045 3918 3059 3955 :
3094 3917 3196 3957 nos
3225 3915 3356 3954 vero
3394 3898 3582 3953 Eccle-

2013 4000 2108 4056 sia:
2152 3997 2447 4054 universali
2498 3997 2948 4061 consentientes,
3005 3993 3193 4048 Romae
3237 4005 3365 4046 eum
3423 4004 3581 4043 sacro

2011 4095 2233 4150 lavacro
2281 4093 2514 4147 tinctum
2563 4105 2711 4159 esse,
2763 4089 3045 4161 Sylvestro
3097 4088 3482 4144 administrant
3526 4087 3580 4139 ei

2012 4187 2333 4256 imponente
2383 4199 2630 4250 manum,
2676 4182 2937 4238 diximus.
2987 4182 3067 4237 Ac
3116 4181 3185 4237 de
3224 4181 3314 4236 his
3357 4180 3580 4253 quidem

2014 4280 2169 4336 satis.
2207 4277 2379 4333 Porro
2411 4286 2742 4333 testamento
2786 4279 3035 4339 condito,
3075 4278 3367 4345 imperium
3403 4276 3585 4330 tribus

2015 4372 2163 4436 ﬁliis,
2200 4370 2365 4427 sicuti
2396 4380 2557 4424 antea
2588 4369 2950 4425 distribuerat
2973 4408 2987 4434 ,
3020 4369 3265 4439 reliquit.
3292 4367 3359 4423 Et
3394 4367 3586 4423 multis

328 4475 445 4519 τως
469 4473 486 4489 ο
527 4454 796 4526 διαθήκας
841 4455 898 4508 δὲ
929 4456 1183 4527 ποιήσας,
1216 4460 1331 4520 τοίς
1358 4458 1502 4527 τρισί
1551 4459 1732 4523 παισὶ,
1768 4458 1909 4512 καθὰ

2015 4465 2186 4521 veteri
2230 4466 2438 4531 Romte,
2475 4474 2532 4519 et
2579 4462 2892 4534 cognomini
2928 4463 2976 4518 ei
3010 4464 3133 4518 urbi
3182 4461 3489 4517 honoribus
3528 4468 3585 4527 et

328 4550 501 4606 δ.είλε
534 4549 635 4602 καὶ
660 4550 951 4619 πρότερον,
1003 4547 1104 4618 τὴν
1155 4547 1328 4619 ἀρχὴν
1378 4548 1696 4619 ἐμερίσατο.
1737 4547 1917 4601 Πολλά

328 4649 393 4699 δὲ
415 4646 557 4714 γέρα
589 4644 656 4711 τῇ
691 4658 749 4694 τε
779 4642 1129 4712 πρεσϐυτέρᾳ
1170 4641 1356 4712 Ῥώμῃ
1382 4644 1476 4695 καὶ
1531 4642 1597 4710 τῇ
1642 4640 1918 4711 ἐπωνύμῳ

330 4736 507 4790 αὑτοῦ
552 4736 711 4789 πόλει
751 4734 1089 4798 καταλιπὼν,
1145 4732 1421 4797 ἐτελεύτα,
1466 4735 1627 4788 πέντε
1678 4734 1778 4804 μὲν
1822 4735 1918 4787 καὶ

332 4832 604 4901 ἑξήκοντα
633 4828 874 4899 γεγονὼς
898 4829 1053 4890 ἐτῶν,
1088 4829 1288 4881 τούτων
1318 4827 1375 4881 δὲ
1401 4827 1593 4898 ἄρξαςι
1621 4828 1717 4881 δύο
1779 4827 1919 4894 πρὸς

333 4929 452 4988 τοῖς
512 4923 833 4992 τριάκοντα,
886 4921 1072 4990 μηνῶν
1121 4920 1351 4974 δεόντων
1385 4921 1569 4984 τινῶν,
1602 4925 1667 4991 τῇ
1723 4921 1918 4992 πρώτῃ

331 5020 435 5074 καὶ
464 5019 637 5073 εἰκάδι
670 5018 767 5070 τοῦ
818 5017 994 5070 Μαΐου
1026 5015 1215 5087 μηνὸς,
1248 5017 1306 5066 ἐν
1334 5015 1567 5083 ὑπατείᾳ
1606 5014 1915 5067 ιΗλικισινοῦ

332 5114 433 5168 καὶ
467 5109 765 5173 Τατιαννιῦ,
801 5107 830 5160 ὃ
858 5109 922 5178 δὴ
961 5108 1216 5175 δεύτερον
1242 5104 1309 5175 ἦν
1341 5108 1455 5166 ἔτος
1505 5107 1604 5176 τῆς
1642 5108 1915 5159 διακοσιο-

337 5204 475 5274 στῆς
516 5200 884 5271 ὀγδοηκοστῆς
930 5199 1163 5270 ἐϐδᾶμης
1203 5198 1586 5269 Ὀλυμπιάδος.
1636 5199 1915 5252 Τελευτῶν

333 5297 392 5350 δὲ
448 5292 786 5365 προσέταξεν
833 5293 913 5357 είς
975 5294 1073 5363 τὴν
1132 5291 1546 5363 Ἀλεξάνδρειαν
1595 5291 1916 5346 ἐπανελθεῖν

352 5494 359 5503 ·
410 5476 491 5545 (1)
521 5473 813 5542 Sexaginta
846 5472 1224 5545 sex.rEutrop.

409 5547 489 5614 (ἓ)
519 5546 770 5600 Τιιοτηιω
795 5546 858 5596 ad
892 5544 1292 5612 Helenopolim.

408 5612 490 5686 (3)
524 5616 672 5670 Idem
704 5614 769 5668 ad
807 5614 1181 5686 Nicomediam:
1219 5612 1528 5683 baptizatus
1556 5616 1625 5670 ab
1670 5615 1912 5673 Eusebio

333 5684 749 5741 Nico'tnediensi
806 5684 1085 5752 episcopo.
1123 5685 1178 5737 In
1231 5686 1421 5738 eadem
1463 5688 1733 5744 St’lllClllia
1784 5701 1908 5744 sunt

337 5755 555 5830 “unm,
589 5756 778 5823 Oros,
804 5754 1055 5810 CaSsiod.
1082 5764 1133 5809 et
1163 5756 1350 5825 l’omp.
1385 5754 1585 5813 Lzetus.

2021 4560 2265 4633 praemiis
2292 4559 2592 4621 concessis,
2625 4560 2735 4614 vita
2767 4568 2852 4613 est
2886 4557 3205 4621 defunctus,
3241 4556 3587 4624 sexagesimo

2020 4655 2214 4723 quinto
2253 4653 2431 4707 mtatis
2478 4666 2622 4705 anno
2667 4668 2681 4703 :
2713 4665 2837 4704 cum
2866 4647 3089 4718 quidem
3122 4648 3454 4716 imperasset
3483 4659 3585 4704 an-

2020 4746 2108 4799 nis
2149 4744 2368 4813 triginta
2415 4742 2631 4796 duobus
2663 4740 2738 4811 (4)
2764 4782 2778 4803 ,
2817 4739 3102 4794 mensibus
3142 4738 3352 4807 aliquot
3398 4734 3588 4792 decol-

2018 4835 2285 4897 lantibus,
2335 4833 2600 4887 vicesimo
2642 4832 2823 4901 primo
2873 4832 3078 4884 mensis
3125 4829 3249 4884 Maii
3299 4829 3411 4895 die,
3447 4828 3588 4888 Felie

2018 4928 2162 4985 ciani
2188 4936 2244 4982 et
2273 4925 2490 4981 Tatiani
2515 4926 2826 4986 consulatu,
2858 4922 2951 4993 qui
2976 4923 3368 4979 ducentesima:
3390 4933 3585 4979 octuao

2020 5022 2245 5091 gesima‘.
2318 5019 2569 5089 septimm
2642 5019 2979 5090 olympiadis
3056 5019 3335 5074 secundus
3406 5031 3603 5079 annus,

2019 5114 2124 5169 fuit
2151 5114 2249 5186 (5).
2280 5111 2444 5185 665
2472 5112 2710 5167 Moriens
2739 5112 2984 5166 revocari
3014 5112 3396 5167 Alexandriam
3424 5109 3587 5165 Athae

2020 5208 2235 5262 nasium
2258 5208 2421 5279 jussit
2450 5206 2550 5278 (6).
2584 5206 2824 5261 Eusebio
2856 5206 3087 5276 aliisque
3120 5207 3211 5277 qui
3240 5206 3286 5259 ei
3323 5204 3583 5257 adversa-

2018 5299 2237 5364 bantur,
2272 5298 2637 5369 prazsentibus
2674 5316 2687 5352 :
2740 5312 2902 5353 nemo
2956 5312 3087 5351 vero
3124 5296 3356 5351 miretur
3379 5330 3395 5357 ,
3437 5288 3599 5360 quod,

2092 5483 2170 5550 (ι)
2200 5482 2326 5536 Haec
2353 5482 2620 5551 temporis
2654 5481 2963 5538 observatio
2999 5494 3119 5533 cum
3155 5477 3389 5551 aliorum
3417 5474 3603 5534 citro-2.

2018 5546 2426 5623 nogr'apliortttti
2462 5546 2678 5607 ratione
2719 5567 2826 5623 non
2858 5565 3084 5623 prorsus
3111 5546 3434 5623 concordat.

2095 5618 2171 5692 (5)
2196 5618 2430 5688 Quidam
2467 5631 2678 5691 ponunt
2703 5619 3065 5692 Olympiadem
3106 5618 3232 5673 279.

2092 5690 2169 5763 (‘6)
2200 5690 2530 5749 Theodorct.
2566 5692 2661 5747 lib.
2701 5708 2738 5757 ι,
2769 5706 2888 5761 cup.
2922 5690 3009 5744 33.
