  <div class='ocr_page' id='page_1' title='image "/cluster/home/n/w/nwhite01/storage/ocr_20150623/146/hvd.32044073502601/127.png"; bbox 0 0 3988 6190; ppageno 0'>
   <div class='ocr_carea' id='block_1_1' title="bbox 302 382 408 448">
    <p class='ocr_par' dir='ltr' id='par_1_1' title="bbox 302 382 408 448">
     <span class='ocr_line' id='line_1_1' title="bbox 302 382 408 448; baseline -0.019 0"><span class='ocrx_word' id='word_1_1' title='bbox 302 382 408 448; x_wconf 72' lang='lat'><strong>210</strong></span> 
     </span>
    </p>
   </div>
   <div class='ocr_carea' id='block_1_2' title="bbox 1529 398 2320 470">
    <p class='ocr_par' dir='ltr' id='par_1_2' title="bbox 1529 398 2320 470">
     <span class='ocr_line' id='line_1_2' title="bbox 1529 398 2320 470; baseline 0.014 -13"><span class='ocrx_word' id='word_1_2' title='bbox 1529 398 1943 464; x_wconf 71' lang='lat' dir='ltr'><strong>NltLEl’llORl</strong></span> <span class='ocrx_word' id='word_1_3' title='bbox 1981 406 2320 470; x_wconf 69' lang='lat' dir='ltr'><strong>CALLlSTl</strong></span> 
     </span>
    </p>
   </div>
   <div class='ocr_carea' id='block_1_3' title="bbox 3448 416 3553 479">
    <p class='ocr_par' dir='ltr' id='par_1_3' title="bbox 3448 416 3553 479">
     <span class='ocr_line' id='line_1_3' title="bbox 3448 416 3553 479; baseline 0 0"><span class='ocrx_word' id='word_1_4' title='bbox 3448 416 3553 479; x_wconf 49' lang='lat'><strong>2‘20</strong></span> 
     </span>
    </p>
   </div>
   <div class='ocr_carea' id='block_1_4' title="bbox 302 498 1881 594">
    <p class='ocr_par' dir='ltr' id='par_1_4' title="bbox 302 498 1862 583">
     <span class='ocr_line' id='line_1_4' title="bbox 302 498 1862 583; baseline 0.011 -34"><span class='ocrx_word' id='word_1_5' title='bbox 302 505 483 552; x_wconf 86' lang='lat' dir='ltr'><strong>tantos</strong></span> <span class='ocrx_word' id='word_1_6' title='bbox 513 498 657 554; x_wconf 91' lang='lat' dir='ltr'><strong>viros</strong></span> <span class='ocrx_word' id='word_1_7' title='bbox 690 500 955 571; x_wconf 88' lang='lat' dir='ltr'><strong>deceptus</strong></span> <span class='ocrx_word' id='word_1_8' title='bbox 993 503 1187 559; x_wconf 81' lang='lat' dir='ltr'><strong>exsilio</strong></span> <span class='ocrx_word' id='word_1_9' title='bbox 1220 506 1560 566; x_wconf 80' lang='lat' dir='ltr'><strong>tmiltaverit.</strong></span> <span class='ocrx_word' id='word_1_10' title='bbox 1599 512 1735 568; x_wconf 87' lang='lat' dir='ltr'><strong>Nam</strong></span> <span class='ocrx_word' id='word_1_11' title='bbox 1769 515 1862 583; x_wconf 87' lang='lat' dir='ltr'><strong>qui</strong></span> 
     </span>
    </p>
   </div>
   <div class='ocr_carea' id='block_1_5' title="bbox 1985 498 3557 594">
    <p class='ocr_par' dir='ltr' id='par_1_5' title="bbox 1986 518 3557 594">
     <span class='ocr_line' id='line_1_5' title="bbox 1986 518 3557 594; baseline 0.006 -22"><span class='ocrx_word' id='word_1_12' title='bbox 1986 518 2286 576; x_wconf 77' lang='grc' dir='ltr'>Αθανάσιον</span> <span class='ocrx_word' id='word_1_13' title='bbox 2310 540 2323 554; x_wconf 88' lang='grc'><strong>·</strong></span> <span class='ocrx_word' id='word_1_14' title='bbox 2352 521 2444 575; x_wconf 68' lang='grc' dir='ltr'><strong>καὶ</strong></span> <span class='ocrx_word' id='word_1_15' title='bbox 2482 522 2652 577; x_wconf 69' lang='grc' dir='ltr'>ταῦτα</span> <span class='ocrx_word' id='word_1_16' title='bbox 2685 524 2952 594; x_wconf 75' lang='grc' dir='ltr'><strong>παρόντος</strong></span> <span class='ocrx_word' id='word_1_17' title='bbox 2984 524 3061 580; x_wconf 76' lang='grc' dir='ltr'><strong>Εὖ</strong></span> <span class='ocrx_word' id='word_1_18' title='bbox 3079 527 3282 593; x_wconf 74' lang='grc' dir='ltr'>σεϐίου,</span> <span class='ocrx_word' id='word_1_19' title='bbox 3322 529 3419 582; x_wconf 73' lang='grc' dir='ltr'>καὶ</span> <span class='ocrx_word' id='word_1_20' title='bbox 3456 531 3557 582; x_wconf 79' lang='grc' dir='ltr'>τά-</span> 
     </span>
    </p>
   </div>
   <div class='ocr_carea' id='block_1_6' title="bbox 303 589 1865 673">
    <p class='ocr_par' dir='ltr' id='par_1_6' title="bbox 303 589 1865 673">
     <span class='ocr_line' id='line_1_6' title="bbox 303 589 1865 673; baseline 0.015 -35"><span class='ocrx_word' id='word_1_21' title='bbox 303 589 353 639; x_wconf 78' lang='lat' dir='ltr'><strong>id</strong></span> <span class='ocrx_word' id='word_1_22' title='bbox 385 589 434 643; x_wconf 90' lang='lat' dir='ltr'><strong>ci</strong></span> <span class='ocrx_word' id='word_1_23' title='bbox 469 605 820 659; x_wconf 85' lang='lat' dir='ltr'><strong>persuascre,</strong></span> <span class='ocrx_word' id='word_1_24' title='bbox 871 595 1148 650; x_wconf 87' lang='lat' dir='ltr'><strong>antistites</strong></span> <span class='ocrx_word' id='word_1_25' title='bbox 1197 612 1481 654; x_wconf 88' lang='lat' dir='ltr'><strong>sacrorum</strong></span> <span class='ocrx_word' id='word_1_26' title='bbox 1515 602 1691 673; x_wconf 82' lang='lat' dir='ltr'><strong>fuere,</strong></span> <span class='ocrx_word' id='word_1_27' title='bbox 1723 605 1865 662; x_wconf 92' lang='lat' dir='ltr'><strong>intra</strong></span> 
     </span>
    </p>
   </div>
   <div class='ocr_carea' id='block_1_7' title="bbox 301 682 1865 762">
    <p class='ocr_par' dir='ltr' id='par_1_7' title="bbox 301 682 1865 762">
     <span class='ocr_line' id='line_1_7' title="bbox 301 682 1865 762; baseline 0.016 -32"><span class='ocrx_word' id='word_1_28' title='bbox 301 695 360 731; x_wconf 71' lang='lat' dir='ltr'><strong>se</strong></span> <span class='ocrx_word' id='word_1_29' title='bbox 382 682 604 750; x_wconf 83' lang='lat' dir='ltr'><strong>quidem</strong></span> <span class='ocrx_word' id='word_1_30' title='bbox 633 684 877 737; x_wconf 82' lang='lat' dir='ltr'><strong>fraudem</strong></span> <span class='ocrx_word' id='word_1_31' title='bbox 914 686 987 739; x_wconf 83' lang='lat' dir='ltr'><strong>illi</strong></span> <span class='ocrx_word' id='word_1_32' title='bbox 1019 696 1075 740; x_wconf 91' lang='lat' dir='ltr'><strong>et</strong></span> <span class='ocrx_word' id='word_1_33' title='bbox 1103 688 1289 742; x_wconf 85' lang='lat' dir='ltr'><strong>dolum</strong></span> <span class='ocrx_word' id='word_1_34' title='bbox 1317 694 1684 762; x_wconf 84' lang='lat' dir='ltr'><strong>occultantes,</strong></span> <span class='ocrx_word' id='word_1_35' title='bbox 1711 708 1865 754; x_wconf 82' lang='lat' dir='ltr'><strong>extra</strong></span> 
     </span>
    </p>
   </div>
   <div class='ocr_carea' id='block_1_8' title="bbox 301 775 1864 851">
    <p class='ocr_par' dir='ltr' id='par_1_8' title="bbox 301 775 1864 851">
     <span class='ocr_line' id='line_1_8' title="bbox 301 775 1864 851; baseline 0.017 -30"><span class='ocrx_word' id='word_1_36' title='bbox 301 788 430 824; x_wconf 78' lang='lat' dir='ltr'><strong>vero</strong></span> <span class='ocrx_word' id='word_1_37' title='bbox 483 775 835 842; x_wconf 77' lang='lat' dir='ltr'><strong>splendorem</strong></span> <span class='ocrx_word' id='word_1_38' title='bbox 893 781 1244 849; x_wconf 86' lang='lat' dir='ltr'><strong>magniﬁcum</strong></span> <span class='ocrx_word' id='word_1_39' title='bbox 1304 801 1413 851; x_wconf 72' lang='grc' dir='ltr'>ιιι-ευ</span> <span class='ocrx_word' id='word_1_40' title='bbox 1469 804 1527 842; x_wconf 87' lang='lat' dir='ltr'><strong>se</strong></span> <span class='ocrx_word' id='word_1_41' title='bbox 1572 789 1864 848; x_wconf 78' lang='lat' dir='ltr'><strong>ferentes:</strong></span> 
     </span>
    </p>
   </div>
   <div class='ocr_carea' id='block_1_9' title="bbox 300 868 1873 955">
    <p class='ocr_par' dir='ltr' id='par_1_9' title="bbox 300 868 1873 955">
     <span class='ocr_line' id='line_1_9' title="bbox 300 868 1873 955; baseline 0.017 -39"><span class='ocrx_word' id='word_1_42' title='bbox 300 868 518 931; x_wconf 77' lang='lat' dir='ltr'><strong>quando</strong></span> <span class='ocrx_word' id='word_1_43' title='bbox 558 869 723 922; x_wconf 83' lang='lat' dir='ltr'><strong>etiam</strong></span> <span class='ocrx_word' id='word_1_44' title='bbox 757 870 1003 926; x_wconf 81' lang='lat' dir='ltr'><strong>divinum</strong></span> <span class='ocrx_word' id='word_1_45' title='bbox 1048 886 1105 928; x_wconf 87' lang='lat' dir='ltr'><strong>et</strong></span> <span class='ocrx_word' id='word_1_46' title='bbox 1149 893 1405 947; x_wconf 86' lang='lat' dir='ltr'><strong>magnum</strong></span> <span class='ocrx_word' id='word_1_47' title='bbox 1445 882 1600 937; x_wconf 86' lang='lat' dir='ltr'><strong>illum</strong></span> <span class='ocrx_word' id='word_1_48' title='bbox 1635 887 1873 955; x_wconf 85' lang='lat' dir='ltr'><strong>prophe-</strong></span> 
     </span>
    </p>
   </div>
   <div class='ocr_carea' id='block_1_10' title="bbox 303 960 1871 1040">
    <p class='ocr_par' dir='ltr' id='par_1_10' title="bbox 303 960 1871 1040">
     <span class='ocr_line' id='line_1_10' title="bbox 303 960 1871 1040; baseline 0.016 -30"><span class='ocrx_word' id='word_1_49' title='bbox 303 971 410 1011; x_wconf 89' lang='lat' dir='ltr'><strong>tam</strong></span> <span class='ocrx_word' id='word_1_50' title='bbox 442 960 698 1014; x_wconf 85' lang='lat' dir='ltr'><strong>Davidem</strong></span> <span class='ocrx_word' id='word_1_51' title='bbox 726 979 833 1018; x_wconf 90' lang='lat' dir='ltr'><strong>non</strong></span> <span class='ocrx_word' id='word_1_52' title='bbox 881 966 1125 1035; x_wconf 78' lang='lat' dir='ltr'><strong>pontifex</strong></span> <span class='ocrx_word' id='word_1_53' title='bbox 1152 970 1374 1040; x_wconf 81' lang='lat' dir='ltr'><strong>aliquis,</strong></span> <span class='ocrx_word' id='word_1_54' title='bbox 1411 974 1504 1027; x_wconf 90' lang='lat' dir='ltr'><strong>sed</strong></span> <span class='ocrx_word' id='word_1_55' title='bbox 1533 974 1871 1035; x_wconf 88' lang='lat' dir='ltr'><strong>domesticus</strong></span> 
     </span>
    </p>
   </div>
   <div class='ocr_carea' id='block_1_11' title="bbox 301 1049 1872 1133">
    <p class='ocr_par' dir='ltr' id='par_1_11' title="bbox 301 1049 1872 1133">
     <span class='ocr_line' id='line_1_11' title="bbox 301 1049 1872 1133; baseline 0.015 -34"><span class='ocrx_word' id='word_1_56' title='bbox 301 1049 533 1103; x_wconf 80' lang='lat' dir='ltr'><strong>verbero</strong></span> <span class='ocrx_word' id='word_1_57' title='bbox 581 1068 774 1109; x_wconf 89' lang='lat' dir='ltr'><strong>servus</strong></span> <span class='ocrx_word' id='word_1_58' title='bbox 815 1056 1054 1127; x_wconf 75' lang='lat' dir='ltr'><strong>decepit.</strong></span> <span class='ocrx_word' id='word_1_59' title='bbox 1102 1059 1286 1114; x_wconf 90' lang='lat' dir='ltr'><strong>Sibam</strong></span> <span class='ocrx_word' id='word_1_60' title='bbox 1329 1063 1474 1117; x_wconf 84' lang='lat' dir='ltr'><strong>enim</strong></span> <span class='ocrx_word' id='word_1_61' title='bbox 1521 1065 1699 1133; x_wconf 90' lang='lat' dir='ltr'><strong>illum,</strong></span> <span class='ocrx_word' id='word_1_62' title='bbox 1738 1069 1872 1123; x_wconf 89' lang='lat' dir='ltr'><strong>satis</strong></span> 
     </span>
    </p>
   </div>
   <div class='ocr_carea' id='block_1_12' title="bbox 300 1140 1867 1227">
    <p class='ocr_par' dir='ltr' id='par_1_12' title="bbox 300 1140 1867 1227">
     <span class='ocr_line' id='line_1_12' title="bbox 300 1140 1867 1227; baseline 0.015 -37"><span class='ocrx_word' id='word_1_63' title='bbox 300 1140 416 1192; x_wconf 75' lang='lat' dir='ltr'><strong>scio</strong></span> <span class='ocrx_word' id='word_1_64' title='bbox 442 1143 589 1210; x_wconf 80' lang='lat' dir='ltr'><strong>quod</strong></span> <span class='ocrx_word' id='word_1_65' title='bbox 618 1145 865 1209; x_wconf 73' lang='lat' dir='ltr'><strong>legeritis</strong></span> <span class='ocrx_word' id='word_1_66' title='bbox 901 1166 912 1200; x_wconf 93' lang='lat'>:</span> <span class='ocrx_word' id='word_1_67' title='bbox 941 1149 1036 1218; x_wconf 92' lang='lat' dir='ltr'><strong>qui</strong></span> <span class='ocrx_word' id='word_1_68' title='bbox 1069 1151 1322 1205; x_wconf 89' lang='lat' dir='ltr'><strong>conﬁctis</strong></span> <span class='ocrx_word' id='word_1_69' title='bbox 1353 1155 1655 1211; x_wconf 83' lang='lat' dir='ltr'><strong>mendaciis</strong></span> <span class='ocrx_word' id='word_1_70' title='bbox 1687 1174 1867 1227; x_wconf 83' lang='lat' dir='ltr'><strong>regem</strong></span> 
     </span>
    </p>
   </div>
   <div class='ocr_carea' id='block_1_13' title="bbox 303 1235 1868 1312">
    <p class='ocr_par' dir='ltr' id='par_1_13' title="bbox 303 1235 1868 1312">
     <span class='ocr_line' id='line_1_13' title="bbox 303 1235 1868 1312; baseline 0.017 -33"><span class='ocrx_word' id='word_1_71' title='bbox 303 1242 491 1287; x_wconf 72' lang='lat' dir='ltr'><strong>contra</strong></span> <span class='ocrx_word' id='word_1_72' title='bbox 520 1235 869 1304; x_wconf 79' lang='lat' dir='ltr'><strong>Miphihoset,</strong></span> <span class='ocrx_word' id='word_1_73' title='bbox 898 1252 951 1293; x_wconf 94' lang='lat' dir='ltr'><strong>ut</strong></span> <span class='ocrx_word' id='word_1_74' title='bbox 972 1258 1131 1312; x_wconf 81' lang='lat' dir='ltr'><strong>agros</strong></span> <span class='ocrx_word' id='word_1_75' title='bbox 1162 1244 1238 1296; x_wconf 86' lang='lat' dir='ltr'><strong>illi</strong></span> <span class='ocrx_word' id='word_1_76' title='bbox 1264 1245 1529 1310; x_wconf 75' lang='lat' dir='ltr'><strong>auferret,</strong></span> <span class='ocrx_word' id='word_1_77' title='bbox 1553 1252 1868 1305; x_wconf 82' lang='lat' dir='ltr'><strong>concitavit.</strong></span> 
     </span>
    </p>
   </div>
   <div class='ocr_carea' id='block_1_14' title="bbox 301 1324 1869 1407">
    <p class='ocr_par' dir='ltr' id='par_1_14' title="bbox 301 1324 1869 1407">
     <span class='ocr_line' id='line_1_14' title="bbox 301 1324 1869 1407; baseline 0.012 -30"><span class='ocrx_word' id='word_1_78' title='bbox 301 1324 455 1389; x_wconf 77' lang='lat' dir='ltr'><strong>Quod</strong></span> <span class='ocrx_word' id='word_1_79' title='bbox 508 1329 732 1395; x_wconf 78' lang='lat' dir='ltr'><strong>quidem</strong></span> <span class='ocrx_word' id='word_1_80' title='bbox 775 1346 882 1386; x_wconf 91' lang='lat' dir='ltr'><strong>non</strong></span> <span class='ocrx_word' id='word_1_81' title='bbox 919 1333 1081 1398; x_wconf 89' lang='lat' dir='ltr'><strong>ideo,</strong></span> <span class='ocrx_word' id='word_1_82' title='bbox 1117 1346 1177 1389; x_wconf 90' lang='lat' dir='ltr'><strong>ut</strong></span> <span class='ocrx_word' id='word_1_83' title='bbox 1220 1336 1548 1406; x_wconf 84' lang='lat' dir='ltr'><strong>Prophetam</strong></span> <span class='ocrx_word' id='word_1_84' title='bbox 1595 1356 1869 1407; x_wconf 88' lang='lat' dir='ltr'><strong>accusem,</strong></span> 
     </span>
    </p>
   </div>
   <div class='ocr_carea' id='block_1_15' title="bbox 302 1416 1872 1492">
    <p class='ocr_par' dir='ltr' id='par_1_15' title="bbox 302 1416 1872 1492">
     <span class='ocr_line' id='line_1_15' title="bbox 302 1416 1872 1492; baseline 0.013 -26"><span class='ocrx_word' id='word_1_85' title='bbox 302 1416 415 1466; x_wconf 76' lang='lat' dir='ltr'><strong>dixi</strong></span> <span class='ocrx_word' id='word_1_86' title='bbox 449 1436 462 1470; x_wconf 92' lang='lat'><strong>:</strong></span> <span class='ocrx_word' id='word_1_87' title='bbox 497 1419 589 1472; x_wconf 82' lang='lat' dir='ltr'><strong>sed</strong></span> <span class='ocrx_word' id='word_1_88' title='bbox 641 1429 700 1473; x_wconf 92' lang='lat' dir='ltr'><strong>ut</strong></span> <span class='ocrx_word' id='word_1_89' title='bbox 749 1421 1137 1491; x_wconf 85' lang='lat' dir='ltr'><strong>imperatorem</strong></span> <span class='ocrx_word' id='word_1_90' title='bbox 1182 1425 1500 1492; x_wconf 83' lang='lat' dir='ltr'><strong>delendam,</strong></span> <span class='ocrx_word' id='word_1_91' title='bbox 1552 1440 1610 1485; x_wconf 89' lang='lat' dir='ltr'><strong>et</strong></span> <span class='ocrx_word' id='word_1_92' title='bbox 1661 1441 1872 1486; x_wconf 70' lang='lat' dir='ltr'><strong>naturre</strong></span> 
     </span>
    </p>
   </div>
   <div class='ocr_carea' id='block_1_16' title="bbox 305 1510 1871 1593">
    <p class='ocr_par' dir='ltr' id='par_1_16' title="bbox 305 1510 1871 1593">
     <span class='ocr_line' id='line_1_16' title="bbox 305 1510 1871 1593; baseline 0.013 -34"><span class='ocrx_word' id='word_1_93' title='bbox 305 1510 558 1563; x_wconf 72' lang='lat' dir='ltr'><strong>hunianae</strong></span> <span class='ocrx_word' id='word_1_94' title='bbox 590 1512 1026 1568; x_wconf 83' lang='lat' dir='ltr'><strong>imbecillitatem</strong></span> <span class='ocrx_word' id='word_1_95' title='bbox 1060 1517 1337 1572; x_wconf 87' lang='lat' dir='ltr'><strong>declarcm</strong></span> <span class='ocrx_word' id='word_1_96' title='bbox 1376 1536 1390 1573; x_wconf 88' lang='lat'><strong>:</strong></span> <span class='ocrx_word' id='word_1_97' title='bbox 1429 1523 1708 1593; x_wconf 85' lang='lat' dir='ltr'><strong>simulque</strong></span> <span class='ocrx_word' id='word_1_98' title='bbox 1736 1525 1871 1579; x_wconf 92' lang='lat' dir='ltr'><strong>illud</strong></span> 
     </span>
    </p>
   </div>
   <div class='ocr_carea' id='block_1_17' title="bbox 303 1603 1871 1678">
    <p class='ocr_par' dir='ltr' id='par_1_17' title="bbox 303 1603 1871 1678">
     <span class='ocr_line' id='line_1_17' title="bbox 303 1603 1871 1678; baseline 0.012 -26"><span class='ocrx_word' id='word_1_99' title='bbox 303 1619 327 1652; x_wconf 67' lang='lat' dir='ltr'><strong>z;</strong></span> <span class='ocrx_word' id='word_1_100' title='bbox 358 1603 648 1669; x_wconf 82' lang='lat' dir='ltr'><strong>lmoucam,</strong></span> <span class='ocrx_word' id='word_1_101' title='bbox 677 1620 745 1658; x_wconf 89' lang='lat' dir='ltr'><strong>ne</strong></span> <span class='ocrx_word' id='word_1_102' title='bbox 774 1607 958 1660; x_wconf 77' lang='lat' dir='ltr'><strong>statim</strong></span> <span class='ocrx_word' id='word_1_103' title='bbox 987 1624 1218 1676; x_wconf 86' lang='lat' dir='ltr'><strong>prorsus</strong></span> <span class='ocrx_word' id='word_1_104' title='bbox 1239 1616 1680 1678; x_wconf 88' lang='lat' dir='ltr'><strong>accusatoribus,</strong></span> <span class='ocrx_word' id='word_1_105' title='bbox 1706 1618 1871 1671; x_wconf 88' lang='lat' dir='ltr'><strong>etiam</strong></span> 
     </span>
    </p>
   </div>
   <div class='ocr_carea' id='block_1_18' title="bbox 302 1686 1874 1770">
    <p class='ocr_par' dir='ltr' id='par_1_18' title="bbox 302 1686 1874 1770">
     <span class='ocr_line' id='line_1_18' title="bbox 302 1686 1874 1770; baseline 0.012 -27"><span class='ocrx_word' id='word_1_106' title='bbox 302 1693 345 1744; x_wconf 80' lang='lat' dir='ltr'><strong>si</strong></span> <span class='ocrx_word' id='word_1_107' title='bbox 399 1692 514 1746; x_wconf 85' lang='lat' dir='ltr'><strong>sint</strong></span> <span class='ocrx_word' id='word_1_108' title='bbox 564 1694 650 1748; x_wconf 85' lang='lat' dir='ltr'><strong>vel</strong></span> <span class='ocrx_word' id='word_1_109' title='bbox 697 1686 965 1766; x_wconf 67' lang='lat' dir='ltr'><strong>praeclari,</strong></span> <span class='ocrx_word' id='word_1_110' title='bbox 999 1699 1086 1752; x_wconf 85' lang='lat' dir='ltr'><strong>vel</strong></span> <span class='ocrx_word' id='word_1_111' title='bbox 1122 1711 1311 1754; x_wconf 77' lang='lat' dir='ltr'><strong>exacta</strong></span> <span class='ocrx_word' id='word_1_112' title='bbox 1357 1712 1518 1756; x_wconf 67' lang='lat' dir='ltr'><strong>{etate</strong></span> <span class='ocrx_word' id='word_1_113' title='bbox 1564 1705 1690 1770; x_wconf 84' lang='lat' dir='ltr'><strong>viri,</strong></span> <span class='ocrx_word' id='word_1_114' title='bbox 1739 1705 1874 1762; x_wconf 86' lang='lat' dir='ltr'><strong>ﬁdes</strong></span> 
     </span>
    </p>
   </div>
   <div class='ocr_carea' id='block_1_19' title="bbox 306 1785 1866 1860">
    <p class='ocr_par' dir='ltr' id='par_1_19' title="bbox 306 1785 1866 1860">
     <span class='ocr_line' id='line_1_19' title="bbox 306 1785 1866 1860; baseline 0.009 -24"><span class='ocrx_word' id='word_1_115' title='bbox 306 1785 594 1844; x_wconf 82' lang='lat' dir='ltr'><strong>habeatur.</strong></span> <span class='ocrx_word' id='word_1_116' title='bbox 640 1787 736 1839; x_wconf 89' lang='lat' dir='ltr'><strong>sed</strong></span> <span class='ocrx_word' id='word_1_117' title='bbox 779 1796 837 1840; x_wconf 92' lang='lat' dir='ltr'><strong>ut</strong></span> <span class='ocrx_word' id='word_1_118' title='bbox 870 1789 1020 1844; x_wconf 84' lang='lat' dir='ltr'><strong>auris</strong></span> <span class='ocrx_word' id='word_1_119' title='bbox 1064 1791 1235 1844; x_wconf 85' lang='lat' dir='ltr'><strong>altera</strong></span> <span class='ocrx_word' id='word_1_120' title='bbox 1281 1808 1501 1860; x_wconf 85' lang='lat' dir='ltr'><strong>semper</strong></span> <span class='ocrx_word' id='word_1_121' title='bbox 1544 1795 1866 1850; x_wconf 85' lang='lat' dir='ltr'><strong>adversario</strong></span> 
     </span>
    </p>
   </div>
   <div class='ocr_carea' id='block_1_20' title="bbox 308 1878 1874 1954">
    <p class='ocr_par' dir='ltr' id='par_1_20' title="bbox 308 1878 1874 1954">
     <span class='ocr_line' id='line_1_20' title="bbox 308 1878 1874 1954; baseline 0.008 -28"><span class='ocrx_word' id='word_1_122' title='bbox 308 1888 644 1931; x_wconf 63' lang='lat' dir='ltr'><strong>reservetur.</strong></span> <span class='ocrx_word' id='word_1_123' title='bbox 683 1878 1098 1935; x_wconf 75' lang='lat' dir='ltr'><strong>Testamentum</strong></span> <span class='ocrx_word' id='word_1_124' title='bbox 1152 1883 1295 1951; x_wconf 89' lang='lat' dir='ltr'><strong>apud</strong></span> <span class='ocrx_word' id='word_1_125' title='bbox 1352 1885 1728 1954; x_wconf 63' lang='lat' dir='ltr'><strong>presbyterum</strong></span> <span class='ocrx_word' id='word_1_126' title='bbox 1779 1888 1874 1941; x_wconf 77' lang='lat' dir='ltr'><strong>de-</strong></span> 
     </span>
    </p>
   </div>
   <div class='ocr_carea' id='block_1_21' title="bbox 309 1970 1880 2038">
    <p class='ocr_par' dir='ltr' id='par_1_21' title="bbox 309 1970 1880 2038">
     <span class='ocr_line' id='line_1_21' title="bbox 309 1970 1880 2038; baseline 0.01 -21"><span class='ocrx_word' id='word_1_127' title='bbox 309 1970 511 2038; x_wconf 77' lang='lat' dir='ltr'><strong>posuit,</strong></span> <span class='ocrx_word' id='word_1_128' title='bbox 564 1977 726 2038; x_wconf 77' lang='lat' dir='ltr'><strong>quem</strong></span> <span class='ocrx_word' id='word_1_129' title='bbox 776 1971 892 2026; x_wconf 80' lang='lat' dir='ltr'><strong>Arii</strong></span> <span class='ocrx_word' id='word_1_130' title='bbox 945 1974 1290 2029; x_wconf 82' lang='lat' dir='ltr'><strong>laudatorem</strong></span> <span class='ocrx_word' id='word_1_131' title='bbox 1349 1977 1668 2032; x_wconf 83' lang='lat' dir='ltr'><strong>Constantia</strong></span> <span class='ocrx_word' id='word_1_132' title='bbox 1721 1994 1880 2033; x_wconf 85' lang='lat' dir='ltr'><strong>soror</strong></span> 
     </span>
    </p>
   </div>
   <div class='ocr_carea' id='block_1_22' title="bbox 307 2063 1878 2135">
    <p class='ocr_par' dir='ltr' id='par_1_22' title="bbox 307 2063 1878 2135">
     <span class='ocr_line' id='line_1_22' title="bbox 307 2063 1878 2135; baseline 0.008 -23"><span class='ocrx_word' id='word_1_133' title='bbox 307 2063 450 2129; x_wconf 70' lang='lat' dir='ltr'><strong>rjus,</strong></span> <span class='ocrx_word' id='word_1_134' title='bbox 469 2063 774 2132; x_wconf 83' lang='lat' dir='ltr'><strong>eademque</strong></span> <span class='ocrx_word' id='word_1_135' title='bbox 799 2064 997 2120; x_wconf 64' lang='lat' dir='ltr'><strong>Licinii</strong></span> <span class='ocrx_word' id='word_1_136' title='bbox 1024 2068 1250 2135; x_wconf 79' lang='lat' dir='ltr'><strong>conjux,</strong></span> <span class='ocrx_word' id='word_1_137' title='bbox 1275 2071 1519 2124; x_wconf 90' lang='lat' dir='ltr'><strong>moriens</strong></span> <span class='ocrx_word' id='word_1_138' title='bbox 1537 2071 1587 2125; x_wconf 88' lang='lat' dir='ltr'><strong>ei</strong></span> <span class='ocrx_word' id='word_1_139' title='bbox 1616 2079 1673 2125; x_wconf 90' lang='lat' dir='ltr'><strong>ut</strong></span> <span class='ocrx_word' id='word_1_140' title='bbox 1700 2072 1878 2126; x_wconf 80' lang='lat' dir='ltr'><strong>virum</strong></span> 
     </span>
    </p>
   </div>
   <div class='ocr_carea' id='block_1_23' title="bbox 315 2161 1878 2237">
    <p class='ocr_par' dir='ltr' id='par_1_23' title="bbox 315 2161 1878 2237">
     <span class='ocr_line' id='line_1_23' title="bbox 315 2161 1878 2237; baseline 0.012 -32"><span class='ocrx_word' id='word_1_141' title='bbox 315 2162 517 2216; x_wconf 73' lang='lat' dir='ltr'><strong>lutuum</strong></span> <span class='ocrx_word' id='word_1_142' title='bbox 551 2161 1061 2216; x_wconf 86' lang='lat' dir='ltr'><strong>commendaverat.</strong></span> <span class='ocrx_word' id='word_1_143' title='bbox 1098 2164 1153 2217; x_wconf 90' lang='lat' dir='ltr'><strong>Id</strong></span> <span class='ocrx_word' id='word_1_144' title='bbox 1179 2165 1498 2234; x_wconf 87' lang='lat' dir='ltr'><strong>juramento</strong></span> <span class='ocrx_word' id='word_1_145' title='bbox 1532 2168 1878 2237; x_wconf 87' lang='lat' dir='ltr'><strong>interposito,</strong></span> 
     </span>
    </p>
   </div>
   <div class='ocr_carea' id='block_1_24' title="bbox 309 2254 1881 2331">
    <p class='ocr_par' dir='ltr' id='par_1_24' title="bbox 309 2254 1881 2331">
     <span class='ocr_line' id='line_1_24' title="bbox 309 2254 1881 2331; baseline 0.009 -29"><span class='ocrx_word' id='word_1_146' title='bbox 309 2254 653 2314; x_wconf 64' lang='lat' dir='ltr'><strong>Constantio.</strong></span> <span class='ocrx_word' id='word_1_147' title='bbox 688 2270 812 2310; x_wconf 89' lang='lat' dir='ltr'><strong>cum</strong></span> <span class='ocrx_word' id='word_1_148' title='bbox 845 2272 909 2308; x_wconf 80' lang='lat' dir='ltr'><strong>ex</strong></span> <span class='ocrx_word' id='word_1_149' title='bbox 941 2254 1165 2311; x_wconf 89' lang='lat' dir='ltr'><strong>Oriente</strong></span> <span class='ocrx_word' id='word_1_150' title='bbox 1197 2258 1428 2321; x_wconf 85' lang='lat' dir='ltr'><strong>veniret,</strong></span> <span class='ocrx_word' id='word_1_151' title='bbox 1462 2258 1703 2314; x_wconf 88' lang='lat' dir='ltr'><strong>dandum</strong></span> <span class='ocrx_word' id='word_1_152' title='bbox 1741 2276 1881 2331; x_wconf 74' lang='lat' dir='ltr'><strong>pra:-</strong></span> 
     </span>
    </p>
   </div>
   <div class='ocr_carea' id='block_1_25' title="bbox 314 2346 1753 2413">
    <p class='ocr_par' dir='ltr' id='par_1_25' title="bbox 314 2346 1753 2413">
     <span class='ocr_line' id='line_1_25' title="bbox 314 2346 1753 2413; baseline 0.004 -12"><span class='ocrx_word' id='word_1_153' title='bbox 314 2346 477 2413; x_wconf 75' lang='lat' dir='ltr'><strong>ttt&#39;pil.</strong></span> <span class='ocrx_word' id='word_1_154' title='bbox 512 2346 589 2399; x_wconf 81' lang='lat' dir='ltr'><strong>Ex</strong></span> <span class='ocrx_word' id='word_1_155' title='bbox 618 2347 741 2401; x_wconf 91' lang='lat' dir='ltr'><strong>ﬁliis</strong></span> <span class='ocrx_word' id='word_1_156' title='bbox 771 2347 919 2402; x_wconf 87' lang='lat' dir='ltr'><strong>enim</strong></span> <span class='ocrx_word' id='word_1_157' title='bbox 949 2348 1238 2405; x_wconf 85' lang='lat' dir='ltr'><strong>decedenti</strong></span> <span class='ocrx_word' id='word_1_158' title='bbox 1272 2351 1458 2405; x_wconf 88' lang='lat' dir='ltr'><strong>nullus</strong></span> <span class='ocrx_word' id='word_1_159' title='bbox 1486 2352 1667 2407; x_wconf 78' lang='lat' dir='ltr'><strong>aﬂuit.</strong></span> <span class='ocrx_word' id='word_1_160' title='bbox 1748 2372 1753 2379; x_wconf 88' lang='grc'><strong>·</strong></span> 
     </span>
    </p>
   </div>
   <div class='ocr_carea' id='block_1_26' title="bbox 905 2569 1276 2634">
    <p class='ocr_par' dir='ltr' id='par_1_26' title="bbox 905 2569 1276 2634">
     <span class='ocr_line' id='line_1_26' title="bbox 905 2569 1276 2634; baseline 0.019 -8"><span class='ocrx_word' id='word_1_161' title='bbox 905 2569 1128 2633; x_wconf 81' lang='lat' dir='ltr'><strong>CAPUT</strong></span> <span class='ocrx_word' id='word_1_162' title='bbox 1168 2571 1276 2634; x_wconf 75' lang='lat' dir='ltr'><strong>LV.</strong></span> 
     </span>
    </p>
   </div>
   <div class='ocr_carea' id='block_1_27' title="bbox 315 2677 1883 2760">
    <p class='ocr_par' dir='ltr' id='par_1_27' title="bbox 315 2677 1883 2760">
     <span class='ocr_line' id='line_1_27' title="bbox 315 2677 1883 2760; baseline 0.009 -29"><span class='ocrx_word' id='word_1_163' title='bbox 315 2677 387 2732; x_wconf 77' lang='lat' dir='ltr'><strong>De</strong></span> <span class='ocrx_word' id='word_1_164' title='bbox 413 2679 688 2748; x_wconf 74' lang='lat' dir='ltr'><strong>sepultura</strong></span> <span class='ocrx_word' id='word_1_165' title='bbox 711 2682 871 2760; x_wconf 82' lang='lat' dir='ltr'><strong>ejns_:</strong></span> <span class='ocrx_word' id='word_1_166' title='bbox 893 2685 1017 2738; x_wconf 84' lang='lat' dir='ltr'><strong>item</strong></span> <span class='ocrx_word' id='word_1_167' title='bbox 1040 2688 1223 2760; x_wconf 75' lang='lat' dir='ltr'><strong>quibus</strong></span> <span class='ocrx_word' id='word_1_168' title='bbox 1254 2689 1505 2760; x_wconf 73' lang='lat' dir='ltr'><strong>moribus,</strong></span> <span class='ocrx_word' id='word_1_169' title='bbox 1538 2705 1643 2760; x_wconf 84' lang='lat' dir='ltr'><strong>qua</strong></span> <span class='ocrx_word' id='word_1_170' title='bbox 1672 2698 1883 2745; x_wconf 76' lang='lat' dir='ltr'><strong>statura</strong></span> 
     </span>
    </p>
   </div>
   <div class='ocr_carea' id='block_1_28' title="bbox 730 2753 1455 2828">
    <p class='ocr_par' dir='ltr' id='par_1_28' title="bbox 730 2753 1455 2828">
     <span class='ocr_line' id='line_1_28' title="bbox 730 2753 1455 2828; baseline 0.011 -22"><span class='ocrx_word' id='word_1_171' title='bbox 730 2763 778 2806; x_wconf 86' lang='lat' dir='ltr'><strong>et</strong></span> <span class='ocrx_word' id='word_1_172' title='bbox 804 2753 981 2824; x_wconf 79' lang='lat' dir='ltr'><strong>forma</strong></span> <span class='ocrx_word' id='word_1_173' title='bbox 1007 2753 1239 2827; x_wconf 78' lang='lat' dir='ltr'><strong>corporis</strong></span> <span class='ocrx_word' id='word_1_174' title='bbox 1275 2754 1455 2828; x_wconf 76' lang='lat' dir='ltr'><strong>fuerit.</strong></span> 
     </span>
    </p>
   </div>
   <div class='ocr_carea' id='block_1_29' title="bbox 384 2863 1884 2947">
    <p class='ocr_par' dir='ltr' id='par_1_29' title="bbox 384 2863 1884 2947">
     <span class='ocr_line' id='line_1_29' title="bbox 384 2863 1884 2947; baseline 0.013 -32"><span class='ocrx_word' id='word_1_175' title='bbox 384 2863 449 2924; x_wconf 84' lang='lat' dir='ltr'><strong>Et</strong></span> <span class='ocrx_word' id='word_1_176' title='bbox 481 2864 571 2919; x_wconf 91' lang='lat' dir='ltr'><strong>ille</strong></span> <span class='ocrx_word' id='word_1_177' title='bbox 603 2866 826 2934; x_wconf 88' lang='lat' dir='ltr'><strong>quidem</strong></span> <span class='ocrx_word' id='word_1_178' title='bbox 855 2868 935 2924; x_wconf 88' lang='lat' dir='ltr'><strong>sic</strong></span> <span class='ocrx_word' id='word_1_179' title='bbox 965 2869 1031 2923; x_wconf 86' lang='lat' dir='ltr'><strong>ad</strong></span> <span class='ocrx_word' id='word_1_180' title='bbox 1073 2874 1490 2939; x_wconf 58' lang='lat' dir='ltr'><strong>praestabilioris</strong></span> <span class='ocrx_word' id='word_1_181' title='bbox 1521 2876 1677 2947; x_wconf 81' lang='lat' dir='ltr'><strong>regni</strong></span> <span class='ocrx_word' id='word_1_182' title='bbox 1708 2877 1884 2935; x_wconf 80' lang='lat' dir='ltr'><strong>felici-</strong></span> 
     </span>
    </p>
   </div>
   <div class='ocr_carea' id='block_1_30' title="bbox 314 2957 1888 3036">
    <p class='ocr_par' dir='ltr' id='par_1_30' title="bbox 314 2957 1888 3036">
     <span class='ocr_line' id='line_1_30' title="bbox 314 2957 1888 3036; baseline 0.013 -30"><span class='ocrx_word' id='word_1_183' title='bbox 314 2965 479 3015; x_wconf 75' lang='lat' dir='ltr'><strong>tatem</strong></span> <span class='ocrx_word' id='word_1_184' title='bbox 514 2957 789 3027; x_wconf 83' lang='lat' dir='ltr'><strong>migravit.</strong></span> <span class='ocrx_word' id='word_1_185' title='bbox 838 2961 1015 3016; x_wconf 77' lang='lat' dir='ltr'><strong>Duces</strong></span> <span class='ocrx_word' id='word_1_186' title='bbox 1057 2972 1240 3018; x_wconf 90' lang='lat' dir='ltr'><strong>autem</strong></span> <span class='ocrx_word' id='word_1_187' title='bbox 1279 2975 1335 3019; x_wconf 89' lang='lat' dir='ltr'><strong>et</strong></span> <span class='ocrx_word' id='word_1_188' title='bbox 1373 2966 1642 3036; x_wconf 68' lang='lat' dir='ltr'><strong>praefecti,</strong></span> <span class='ocrx_word' id='word_1_189' title='bbox 1676 2971 1888 3025; x_wconf 86' lang='lat' dir='ltr'><strong>satelli-</strong></span> 
     </span>
    </p>
   </div>
   <div class='ocr_carea' id='block_1_31' title="bbox 317 3050 1885 3131">
    <p class='ocr_par' dir='ltr' id='par_1_31' title="bbox 317 3050 1885 3131">
     <span class='ocr_line' id='line_1_31' title="bbox 317 3050 1885 3131; baseline 0.013 -35"><span class='ocrx_word' id='word_1_190' title='bbox 317 3050 565 3115; x_wconf 86' lang='lat' dir='ltr'><strong>tiumquc</strong></span> <span class='ocrx_word' id='word_1_191' title='bbox 615 3050 737 3116; x_wconf 85' lang='lat' dir='ltr'><strong>ejus</strong></span> <span class='ocrx_word' id='word_1_192' title='bbox 791 3065 997 3115; x_wconf 87' lang='lat' dir='ltr'><strong>omne,</strong></span> <span class='ocrx_word' id='word_1_193' title='bbox 1058 3069 1201 3108; x_wconf 61' lang='lat' dir='ltr'><strong>area</strong></span> <span class='ocrx_word' id='word_1_194' title='bbox 1261 3071 1445 3110; x_wconf 66' lang='lat' dir='ltr'><strong>aurea:</strong></span> <span class='ocrx_word' id='word_1_195' title='bbox 1498 3073 1701 3129; x_wconf 87' lang='lat' dir='ltr'><strong>corpus</strong></span> <span class='ocrx_word' id='word_1_196' title='bbox 1766 3063 1885 3131; x_wconf 81' lang='lat' dir='ltr'><strong>ejus</strong></span> 
     </span>
    </p>
   </div>
   <div class='ocr_carea' id='block_1_32' title="bbox 318 3142 1954 3240">
    <p class='ocr_par' dir='ltr' id='par_1_32' title="bbox 318 3142 1954 3240">
     <span class='ocr_line' id='line_1_32' title="bbox 318 3142 1954 3240; baseline 0.013 -50"><span class='ocrx_word' id='word_1_197' title='bbox 318 3142 653 3207; x_wconf 81' lang='lat' dir='ltr'><strong>impositum,</strong></span> <span class='ocrx_word' id='word_1_198' title='bbox 690 3142 743 3196; x_wconf 91' lang='lat' dir='ltr'><strong>in</strong></span> <span class='ocrx_word' id='word_1_199' title='bbox 790 3145 1172 3213; x_wconf 76' lang='lat' dir='ltr'><strong>cognominem</strong></span> <span class='ocrx_word' id='word_1_200' title='bbox 1203 3149 1255 3204; x_wconf 85' lang='lat' dir='ltr'><strong>ei</strong></span> <span class='ocrx_word' id='word_1_201' title='bbox 1303 3151 1493 3207; x_wconf 82' lang='lat' dir='ltr'><strong>urbem</strong></span> <span class='ocrx_word' id='word_1_202' title='bbox 1525 3152 1730 3209; x_wconf 80' lang='lat' dir='ltr'><strong>duxere</strong></span> <span class='ocrx_word' id='word_1_203' title='bbox 1776 3174 1791 3209; x_wconf 88' lang='lat'><strong>:</strong></span> <span class='ocrx_word' id='word_1_204' title='bbox 1825 3163 1883 3211; x_wconf 91' lang='lat' dir='ltr'><strong>et</strong></span> <span class='ocrx_word' id='word_1_205' title='bbox 1910 3183 1954 3240; x_wconf 68' lang='grc' dir='ltr'><strong>η</strong></span> 
     </span>
    </p>
   </div>
   <div class='ocr_carea' id='block_1_33' title="bbox 317 3230 1885 3314">
    <p class='ocr_par' dir='ltr' id='par_1_33' title="bbox 317 3230 1885 3314">
     <span class='ocr_line' id='line_1_33' title="bbox 317 3230 1885 3314; baseline 0.015 -33"><span class='ocrx_word' id='word_1_206' title='bbox 317 3230 371 3287; x_wconf 89' lang='lat' dir='ltr'><strong>iu</strong></span> <span class='ocrx_word' id='word_1_207' title='bbox 407 3241 665 3301; x_wconf 74' lang='lat' dir='ltr'><strong>suggestu</strong></span> <span class='ocrx_word' id='word_1_208' title='bbox 713 3233 950 3302; x_wconf 89' lang='lat' dir='ltr'><strong>quodam</strong></span> <span class='ocrx_word' id='word_1_209' title='bbox 1001 3236 1050 3291; x_wconf 88' lang='lat' dir='ltr'><strong>ei</strong></span> <span class='ocrx_word' id='word_1_210' title='bbox 1082 3237 1368 3305; x_wconf 88' lang='lat' dir='ltr'><strong>collocato,</strong></span> <span class='ocrx_word' id='word_1_211' title='bbox 1408 3242 1725 3314; x_wconf 87' lang='lat' dir='ltr'><strong>quicunque</strong></span> <span class='ocrx_word' id='word_1_212' title='bbox 1758 3246 1885 3304; x_wconf 81' lang='lat' dir='ltr'><strong>vivo</strong></span> 
     </span>
    </p>
   </div>
   <div class='ocr_carea' id='block_1_34' title="bbox 319 3323 1884 3400">
    <p class='ocr_par' dir='ltr' id='par_1_34' title="bbox 319 3323 1884 3400">
     <span class='ocr_line' id='line_1_34' title="bbox 319 3323 1884 3400; baseline 0.013 -26"><span class='ocrx_word' id='word_1_213' title='bbox 319 3323 499 3375; x_wconf 81' lang='lat' dir='ltr'><strong>honor</strong></span> <span class='ocrx_word' id='word_1_214' title='bbox 543 3327 839 3392; x_wconf 75' lang='lat' dir='ltr'><strong>prtestitus,</strong></span> <span class='ocrx_word' id='word_1_215' title='bbox 900 3328 1041 3382; x_wconf 90' lang='lat' dir='ltr'><strong>idem</strong></span> <span class='ocrx_word' id='word_1_216' title='bbox 1095 3346 1317 3400; x_wconf 82' lang='lat' dir='ltr'><strong>quoque</strong></span> <span class='ocrx_word' id='word_1_217' title='bbox 1368 3332 1631 3390; x_wconf 83' lang='lat' dir='ltr'><strong>defuncto</strong></span> <span class='ocrx_word' id='word_1_218' title='bbox 1684 3346 1799 3391; x_wconf 91' lang='lat' dir='ltr'><strong>tum</strong></span> <span class='ocrx_word' id='word_1_219' title='bbox 1851 3353 1884 3396; x_wconf 82' lang='lat' dir='ltr'><strong>a</strong></span> 
     </span>
    </p>
   </div>
   <div class='ocr_carea' id='block_1_35' title="bbox 319 3410 1882 3501">
    <p class='ocr_par' dir='ltr' id='par_1_35' title="bbox 319 3410 1882 3501">
     <span class='ocr_line' id='line_1_35' title="bbox 319 3410 1882 3501; baseline 0.013 -36"><span class='ocrx_word' id='word_1_220' title='bbox 319 3416 580 3469; x_wconf 72' lang='lat' dir='ltr'><strong>i-omitatu</strong></span> <span class='ocrx_word' id='word_1_221' title='bbox 612 3417 793 3473; x_wconf 87' lang='lat' dir='ltr'><strong>aulico</strong></span> <span class='ocrx_word' id='word_1_222' title='bbox 829 3430 914 3475; x_wconf 89' lang='lat' dir='ltr'><strong>est</strong></span> <span class='ocrx_word' id='word_1_223' title='bbox 934 3422 1243 3497; x_wconf 15' lang='lat' dir='ltr'><strong>texhibitus.</strong></span> <span class='ocrx_word' id='word_1_224' title='bbox 1279 3410 1531 3485; x_wconf 71' lang='lat' dir='ltr'><strong>Universi</strong></span> <span class='ocrx_word' id='word_1_225' title='bbox 1564 3429 1727 3483; x_wconf 88' lang='lat' dir='ltr'><strong>etiam</strong></span> <span class='ocrx_word' id='word_1_226' title='bbox 1754 3446 1882 3501; x_wconf 86' lang='lat' dir='ltr'><strong>per-</strong></span> 
     </span>
    </p>
   </div>
   <div class='ocr_carea' id='block_1_36' title="bbox 323 3507 1887 3586">
    <p class='ocr_par' dir='ltr' id='par_1_36' title="bbox 323 3507 1887 3586">
     <span class='ocr_line' id='line_1_36' title="bbox 323 3507 1887 3586; baseline 0.012 -28"><span class='ocrx_word' id='word_1_227' title='bbox 323 3507 450 3561; x_wconf 88' lang='lat' dir='ltr'><strong>inde</strong></span> <span class='ocrx_word' id='word_1_228' title='bbox 493 3518 659 3576; x_wconf 87' lang='lat' dir='ltr'><strong>atque</strong></span> <span class='ocrx_word' id='word_1_229' title='bbox 709 3519 884 3580; x_wconf 83' lang='lat' dir='ltr'><strong>patre,</strong></span> <span class='ocrx_word' id='word_1_230' title='bbox 929 3515 1087 3583; x_wconf 85' lang='lat' dir='ltr'><strong>cujus</strong></span> <span class='ocrx_word' id='word_1_231' title='bbox 1134 3516 1524 3586; x_wconf 78' lang='lat' dir='ltr'><strong>benignitatem</strong></span> <span class='ocrx_word' id='word_1_232' title='bbox 1558 3535 1753 3576; x_wconf 89' lang='lat' dir='ltr'><strong>omnes</strong></span> <span class='ocrx_word' id='word_1_233' title='bbox 1791 3539 1887 3576; x_wconf 78' lang='lat' dir='ltr'><strong>ex-</strong></span> 
     </span>
    </p>
   </div>
   <div class='ocr_carea' id='block_1_37' title="bbox 326 3600 1883 3678">
    <p class='ocr_par' dir='ltr' id='par_1_37' title="bbox 326 3600 1883 3678">
     <span class='ocr_line' id='line_1_37' title="bbox 326 3600 1883 3678; baseline 0.012 -26"><span class='ocrx_word' id='word_1_234' title='bbox 326 3600 463 3664; x_wconf 70' lang='lat' dir='ltr'><strong>rcrti</strong></span> <span class='ocrx_word' id='word_1_235' title='bbox 500 3600 740 3667; x_wconf 81' lang='lat' dir='ltr'><strong>fuerant,</strong></span> <span class='ocrx_word' id='word_1_236' title='bbox 772 3604 974 3671; x_wconf 84' lang='lat' dir='ltr'><strong>orbati,</strong></span> <span class='ocrx_word' id='word_1_237' title='bbox 1005 3623 1266 3678; x_wconf 84' lang='lat' dir='ltr'><strong>perquam</strong></span> <span class='ocrx_word' id='word_1_238' title='bbox 1301 3625 1485 3665; x_wconf 83' lang='lat' dir='ltr'><strong>amare</strong></span> <span class='ocrx_word' id='word_1_239' title='bbox 1524 3612 1736 3670; x_wconf 80' lang='lat' dir='ltr'><strong>luxere.</strong></span> <span class='ocrx_word' id='word_1_240' title='bbox 1777 3615 1883 3671; x_wconf 83' lang='lat' dir='ltr'><strong>Sed</strong></span> 
     </span>
    </p>
   </div>
   <div class='ocr_carea' id='block_1_38' title="bbox 324 3691 1884 3774">
    <p class='ocr_par' dir='ltr' id='par_1_38' title="bbox 324 3691 1884 3774">
     <span class='ocr_line' id='line_1_38' title="bbox 324 3691 1884 3774; baseline 0.015 -35"><span class='ocrx_word' id='word_1_241' title='bbox 324 3691 455 3755; x_wconf 80' lang='lat' dir='ltr'><strong>quid</strong></span> <span class='ocrx_word' id='word_1_242' title='bbox 509 3693 694 3748; x_wconf 86' lang='lat' dir='ltr'><strong>dicere</strong></span> <span class='ocrx_word' id='word_1_243' title='bbox 735 3696 958 3761; x_wconf 88' lang='lat' dir='ltr'><strong>attinet,</strong></span> <span class='ocrx_word' id='word_1_244' title='bbox 1003 3715 1110 3767; x_wconf 91' lang='lat' dir='ltr'><strong>qua</strong></span> <span class='ocrx_word' id='word_1_245' title='bbox 1144 3716 1269 3755; x_wconf 85' lang='lat' dir='ltr'><strong>eum</strong></span> <span class='ocrx_word' id='word_1_246' title='bbox 1314 3704 1426 3757; x_wconf 89' lang='lat' dir='ltr'><strong>sint</strong></span> <span class='ocrx_word' id='word_1_247' title='bbox 1473 3704 1550 3759; x_wconf 86' lang='lat' dir='ltr'><strong>illi</strong></span> <span class='ocrx_word' id='word_1_248' title='bbox 1608 3709 1884 3774; x_wconf 84' lang='lat' dir='ltr'><strong>prosecuti</strong></span> 
     </span>
    </p>
   </div>
   <div class='ocr_carea' id='block_1_39' title="bbox 329 3780 1884 3862">
    <p class='ocr_par' dir='ltr' id='par_1_39' title="bbox 329 3780 1884 3862">
     <span class='ocr_line' id='line_1_39' title="bbox 329 3780 1884 3862; baseline 0.013 -32"><span class='ocrx_word' id='word_1_249' title='bbox 329 3780 747 3839; x_wconf 81' lang='lat' dir='ltr'><strong>lmuoriﬁcentia</strong></span> <span class='ocrx_word' id='word_1_250' title='bbox 798 3793 854 3839; x_wconf 88' lang='lat' dir='ltr'><strong>et</strong></span> <span class='ocrx_word' id='word_1_251' title='bbox 903 3787 1078 3851; x_wconf 89' lang='lat' dir='ltr'><strong>cultu,</strong></span> <span class='ocrx_word' id='word_1_252' title='bbox 1120 3789 1296 3845; x_wconf 88' lang='lat' dir='ltr'><strong>donec</strong></span> <span class='ocrx_word' id='word_1_253' title='bbox 1336 3792 1538 3862; x_wconf 88' lang='lat' dir='ltr'><strong>aliquis</strong></span> <span class='ocrx_word' id='word_1_254' title='bbox 1583 3796 1884 3850; x_wconf 87' lang='lat' dir='ltr'><strong>liberorum</strong></span> 
     </span>
    </p>
   </div>
   <div class='ocr_carea' id='block_1_40' title="bbox 322 3872 1888 3949">
    <p class='ocr_par' dir='ltr' id='par_1_40' title="bbox 322 3872 1888 3949">
     <span class='ocr_line' id='line_1_40' title="bbox 322 3872 1888 3949; baseline 0.013 -28"><span class='ocrx_word' id='word_1_255' title='bbox 322 3887 448 3925; x_wconf 77' lang='lat' dir='ltr'><strong>cum</strong></span> <span class='ocrx_word' id='word_1_256' title='bbox 485 3872 814 3930; x_wconf 86' lang='lat' dir='ltr'><strong>humaturus</strong></span> <span class='ocrx_word' id='word_1_257' title='bbox 843 3877 1174 3933; x_wconf 77' lang='lat' dir='ltr'><strong>adveniret?</strong></span> <span class='ocrx_word' id='word_1_258' title='bbox 1201 3883 1379 3949; x_wconf 85' lang='lat' dir='ltr'><strong>Atque</strong></span> <span class='ocrx_word' id='word_1_259' title='bbox 1413 3884 1503 3938; x_wconf 91' lang='lat' dir='ltr'><strong>ubi</strong></span> <span class='ocrx_word' id='word_1_260' title='bbox 1533 3884 1888 3941; x_wconf 70' lang='lat' dir='ltr'><strong>Consrantius</strong></span> 
     </span>
    </p>
   </div>
   <div class='ocr_carea' id='block_1_41' title="bbox 322 3965 1884 4046">
    <p class='ocr_par' dir='ltr' id='par_1_41' title="bbox 322 3965 1884 4046">
     <span class='ocr_line' id='line_1_41' title="bbox 322 3965 1884 4046; baseline 0.013 -31"><span class='ocrx_word' id='word_1_261' title='bbox 322 3969 527 4018; x_wconf 68' lang='lat' dir='ltr'><strong>certior</strong></span> <span class='ocrx_word' id='word_1_262' title='bbox 574 3965 643 4020; x_wconf 88' lang='lat' dir='ltr'><strong>de</strong></span> <span class='ocrx_word' id='word_1_263' title='bbox 688 3977 862 4023; x_wconf 87' lang='lat' dir='ltr'><strong>morte</strong></span> <span class='ocrx_word' id='word_1_264' title='bbox 912 3971 1032 4041; x_wconf 83' lang='lat' dir='ltr'><strong>ejus</strong></span> <span class='ocrx_word' id='word_1_265' title='bbox 1086 3972 1267 4030; x_wconf 84' lang='lat' dir='ltr'><strong>factus</strong></span> <span class='ocrx_word' id='word_1_266' title='bbox 1311 3991 1378 4030; x_wconf 84' lang='lat' dir='ltr'><strong>ex</strong></span> <span class='ocrx_word' id='word_1_267' title='bbox 1431 3974 1657 4033; x_wconf 88' lang='lat' dir='ltr'><strong>Oriente</strong></span> <span class='ocrx_word' id='word_1_268' title='bbox 1705 3980 1884 4046; x_wconf 73' lang='lat' dir='ltr'><strong>alluit,</strong></span> 
     </span>
    </p>
   </div>
   <div class='ocr_carea' id='block_1_42' title="bbox 325 4058 1885 4144">
    <p class='ocr_par' dir='ltr' id='par_1_42' title="bbox 325 4058 1885 4144">
     <span class='ocr_line' id='line_1_42' title="bbox 325 4058 1885 4144; baseline 0.015 -38"><span class='ocrx_word' id='word_1_269' title='bbox 325 4058 861 4123; x_wconf 73' lang='lat' dir='ltr'><strong>magniﬁcentissime</strong></span> <span class='ocrx_word' id='word_1_270' title='bbox 894 4074 1104 4132; x_wconf 90' lang='lat' dir='ltr'><strong>patrem</strong></span> <span class='ocrx_word' id='word_1_271' title='bbox 1143 4066 1335 4122; x_wconf 69' lang='lat' dir='ltr'><strong>[nitere</strong></span> <span class='ocrx_word' id='word_1_272' title='bbox 1366 4070 1597 4134; x_wconf 87' lang='lat' dir='ltr'><strong>elatum,</strong></span> <span class='ocrx_word' id='word_1_273' title='bbox 1629 4073 1796 4144; x_wconf 87' lang='lat'><strong>666</strong></span> <span class='ocrx_word' id='word_1_274' title='bbox 1830 4076 1885 4130; x_wconf 93' lang='lat' dir='ltr'><strong>in</strong></span> 
     </span>
    </p>
   </div>
   <div class='ocr_carea' id='block_1_43' title="bbox 321 4148 1885 4232">
    <p class='ocr_par' dir='ltr' id='par_1_43' title="bbox 321 4148 1885 4232">
     <span class='ocr_line' id='line_1_43' title="bbox 321 4148 1885 4232; baseline 0.014 -34"><span class='ocrx_word' id='word_1_275' title='bbox 321 4148 552 4203; x_wconf 61' lang='lat' dir='ltr'><strong>ecclesia</strong></span> <span class='ocrx_word' id='word_1_276' title='bbox 607 4166 728 4219; x_wconf 80' lang='lat' dir='ltr'><strong>qua:</strong></span> <span class='ocrx_word' id='word_1_277' title='bbox 780 4153 1164 4221; x_wconf 86' lang='lat' dir='ltr'><strong>Apostolorqu</strong></span> <span class='ocrx_word' id='word_1_278' title='bbox 1221 4159 1759 4232; x_wconf 75' lang='lat' dir='ltr'><strong>dicitursepelivit,</strong></span> <span class='ocrx_word' id='word_1_279' title='bbox 1800 4167 1885 4220; x_wconf 89' lang='lat' dir='ltr'><strong>ubi</strong></span> 
     </span>
    </p>
   </div>
   <div class='ocr_carea' id='block_1_44' title="bbox 321 4243 1889 4323">
    <p class='ocr_par' dir='ltr' id='par_1_44' title="bbox 321 4243 1889 4323">
     <span class='ocr_line' id='line_1_44' title="bbox 321 4243 1889 4323; baseline 0.014 -33"><span class='ocrx_word' id='word_1_280' title='bbox 321 4250 601 4305; x_wconf 66' lang='lat' dir='ltr'><strong>superstes</strong></span> <span class='ocrx_word' id='word_1_281' title='bbox 622 4243 801 4318; x_wconf 84' lang='lat' dir='ltr'><strong>adhuc</strong></span> <span class='ocrx_word' id='word_1_282' title='bbox 837 4245 926 4299; x_wconf 89' lang='lat' dir='ltr'><strong>illc</strong></span> <span class='ocrx_word' id='word_1_283' title='bbox 960 4249 1278 4318; x_wconf 88' lang='lat' dir='ltr'><strong>sepulcrum</strong></span> <span class='ocrx_word' id='word_1_284' title='bbox 1312 4252 1418 4306; x_wconf 88' lang='lat' dir='ltr'><strong>sibi</strong></span> <span class='ocrx_word' id='word_1_285' title='bbox 1456 4253 1562 4323; x_wconf 87' lang='lat' dir='ltr'><strong>ipsi</strong></span> <span class='ocrx_word' id='word_1_286' title='bbox 1599 4267 1889 4312; x_wconf 70' lang='lat' dir='ltr'><strong>cxstruem</strong></span> 
     </span>
    </p>
   </div>
   <div class='ocr_carea' id='block_1_45' title="bbox 325 4337 1889 4407">
    <p class='ocr_par' dir='ltr' id='par_1_45' title="bbox 325 4337 1889 4407">
     <span class='ocr_line' id='line_1_45' title="bbox 325 4337 1889 4407; baseline 0.015 -25"><span class='ocrx_word' id='word_1_287' title='bbox 325 4337 455 4394; x_wconf 69' lang='lat' dir='ltr'><strong>dum</strong></span> <span class='ocrx_word' id='word_1_288' title='bbox 502 4346 811 4400; x_wconf 84' lang='lat' dir='ltr'><strong>curaverat,</strong></span> <span class='ocrx_word' id='word_1_289' title='bbox 862 4339 1009 4407; x_wconf 84' lang='lat' dir='ltr'><strong>quod</strong></span> <span class='ocrx_word' id='word_1_290' title='bbox 1067 4340 1380 4398; x_wconf 67' lang='lat' dir='ltr'><strong>Graecorum</strong></span> <span class='ocrx_word' id='word_1_291' title='bbox 1434 4359 1531 4399; x_wconf 88' lang='lat' dir='ltr'><strong>ara</strong></span> <span class='ocrx_word' id='word_1_292' title='bbox 1575 4357 1732 4403; x_wconf 88' lang='lat' dir='ltr'><strong>antea</strong></span> <span class='ocrx_word' id='word_1_293' title='bbox 1788 4348 1889 4404; x_wconf 87' lang='lat' dir='ltr'><strong>sub</strong></span> 
     </span>
    </p>
   </div>
   <div class='ocr_carea' id='block_1_46' title="bbox 320 4427 1887 4500">
    <p class='ocr_par' dir='ltr' id='par_1_46' title="bbox 320 4427 1887 4500">
     <span class='ocr_line' id='line_1_46' title="bbox 320 4427 1887 4500; baseline 0.013 -24"><span class='ocrx_word' id='word_1_294' title='bbox 320 4427 607 4482; x_wconf 70' lang='lat' dir='ltr'><strong>duodecim</strong></span> <span class='ocrx_word' id='word_1_295' title='bbox 665 4428 891 4484; x_wconf 88' lang='lat' dir='ltr'><strong>deorum</strong></span> <span class='ocrx_word' id='word_1_296' title='bbox 949 4434 1172 4489; x_wconf 90' lang='lat' dir='ltr'><strong>nomine</strong></span> <span class='ocrx_word' id='word_1_297' title='bbox 1226 4434 1438 4500; x_wconf 83' lang='lat' dir='ltr'><strong>fuerat,</strong></span> <span class='ocrx_word' id='word_1_298' title='bbox 1498 4438 1887 4496; x_wconf 84' lang='lat' dir='ltr'><strong>admirandum</strong></span> 
     </span>
    </p>
   </div>
   <div class='ocr_carea' id='block_1_47' title="bbox 1969 615 3553 690">
    <p class='ocr_par' dir='ltr' id='par_1_47' title="bbox 1969 615 3553 690">
     <span class='ocr_line' id='line_1_47' title="bbox 1969 615 3553 690; baseline 0.006 -24"><span class='ocrx_word' id='word_1_299' title='bbox 1969 615 2161 668; x_wconf 83' lang='grc' dir='ltr'>ναντία</span> <span class='ocrx_word' id='word_1_300' title='bbox 2191 616 2606 681; x_wconf 76' lang='grc' dir='ltr'><strong>σπουδάζοντος.</strong></span> <span class='ocrx_word' id='word_1_301' title='bbox 2638 619 2977 688; x_wconf 80' lang='grc' dir='ltr'>Θαυμαζέτω</span> <span class='ocrx_word' id='word_1_302' title='bbox 3010 621 3067 675; x_wconf 82' lang='grc' dir='ltr'><strong>δὲ</strong></span> <span class='ocrx_word' id='word_1_303' title='bbox 3101 621 3313 690; x_wconf 78' lang='grc' dir='ltr'>μηδεὶς,</span> <span class='ocrx_word' id='word_1_304' title='bbox 3338 622 3387 674; x_wconf 86' lang='grc' dir='ltr'><strong>εί</strong></span> <span class='ocrx_word' id='word_1_305' title='bbox 3437 640 3553 676; x_wconf 84' lang='grc' dir='ltr'>τοι·</span> 
     </span>
    </p>
   </div>
   <div class='ocr_carea' id='block_1_48' title="bbox 1969 704 3550 784">
    <p class='ocr_par' dir='ltr' id='par_1_48' title="bbox 1969 704 3550 784">
     <span class='ocr_line' id='line_1_48' title="bbox 1969 704 3550 784; baseline 0.006 -28"><span class='ocrx_word' id='word_1_306' title='bbox 1969 704 2160 768; x_wconf 87' lang='grc' dir='ltr'>ούτους</span> <span class='ocrx_word' id='word_1_307' title='bbox 2185 707 2387 779; x_wconf 77' lang='grc' dir='ltr'>ἄνδρας</span> <span class='ocrx_word' id='word_1_308' title='bbox 2411 710 2717 780; x_wconf 73' lang='grc' dir='ltr'>ἀπατηθεὶς</span> <span class='ocrx_word' id='word_1_309' title='bbox 2762 714 3166 782; x_wconf 76' lang='grc' dir='ltr'>ἐξωστράκισεν</span> <span class='ocrx_word' id='word_1_310' title='bbox 3198 729 3216 746; x_wconf 81' lang='grc' dir='ltr'><strong>ο</strong></span> <span class='ocrx_word' id='word_1_311' title='bbox 3269 713 3550 784; x_wconf 72' lang='grc' dir='ltr'><strong>ἀρχιερεῖς</strong></span> 
     </span>
    </p>
   </div>
   <div class='ocr_carea' id='block_1_49' title="bbox 1970 794 3553 875">
    <p class='ocr_par' dir='ltr' id='par_1_49' title="bbox 1970 794 3553 875">
     <span class='ocr_line' id='line_1_49' title="bbox 1970 794 3553 875; baseline 0.005 -26"><span class='ocrx_word' id='word_1_312' title='bbox 1970 798 2078 864; x_wconf 75' lang='grc' dir='ltr'><strong>γὰρ</strong></span> <span class='ocrx_word' id='word_1_313' title='bbox 2106 794 2246 869; x_wconf 79' lang='grc' dir='ltr'>ἦσαν</span> <span class='ocrx_word' id='word_1_314' title='bbox 2277 801 2327 853; x_wconf 76' lang='grc' dir='ltr'>οἱ</span> <span class='ocrx_word' id='word_1_315' title='bbox 2378 802 2674 869; x_wconf 84' lang='grc' dir='ltr'>πείθοντες,</span> <span class='ocrx_word' id='word_1_316' title='bbox 2726 804 2970 871; x_wconf 75' lang='grc' dir='ltr'><strong>κρυπτὸν</strong></span> <span class='ocrx_word' id='word_1_317' title='bbox 3004 806 3101 874; x_wconf 75' lang='grc' dir='ltr'><strong>μὲν</strong></span> <span class='ocrx_word' id='word_1_318' title='bbox 3156 805 3326 868; x_wconf 81' lang='grc' dir='ltr'>δόλον,</span> <span class='ocrx_word' id='word_1_319' title='bbox 3358 805 3459 875; x_wconf 78' lang='grc' dir='ltr'>τὴν</span> <span class='ocrx_word' id='word_1_320' title='bbox 3505 807 3553 857; x_wconf 74' lang='grc' dir='ltr'>δ’</span> 
     </span>
    </p>
   </div>
   <div class='ocr_carea' id='block_1_50' title="bbox 1970 889 3557 965">
    <p class='ocr_par' dir='ltr' id='par_1_50' title="bbox 1970 889 3557 965">
     <span class='ocr_line' id='line_1_50' title="bbox 1970 889 3557 965; baseline 0.006 -26"><span class='ocrx_word' id='word_1_321' title='bbox 1970 889 2170 953; x_wconf 76' lang='grc' dir='ltr'>ἐξιιοεν</span> <span class='ocrx_word' id='word_1_322' title='bbox 2204 892 2564 960; x_wconf 82' lang='grc' dir='ltr'><strong>περιφάνειαν</strong></span> <span class='ocrx_word' id='word_1_323' title='bbox 2608 896 3003 965; x_wconf 75' lang='grc' dir='ltr'>περικείμενοι.</span> <span class='ocrx_word' id='word_1_324' title='bbox 3045 898 3199 950; x_wconf 84' lang='grc' dir='ltr'>Ἐπεί</span> <span class='ocrx_word' id='word_1_325' title='bbox 3248 897 3332 950; x_wconf 88' lang='grc' dir='ltr'><strong>τοί</strong></span> <span class='ocrx_word' id='word_1_326' title='bbox 3363 914 3427 962; x_wconf 87' lang='grc' dir='ltr'><strong>γε</strong></span> <span class='ocrx_word' id='word_1_327' title='bbox 3463 899 3557 949; x_wconf 75' lang='grc' dir='ltr'>καὶ</span> 
     </span>
    </p>
   </div>
   <div class='ocr_carea' id='block_1_51' title="bbox 1969 981 3554 1060">
    <p class='ocr_par' dir='ltr' id='par_1_51' title="bbox 1969 981 3554 1060">
     <span class='ocr_line' id='line_1_51' title="bbox 1969 981 3554 1060; baseline 0.006 -29"><span class='ocrx_word' id='word_1_328' title='bbox 1969 981 2063 1032; x_wconf 75' lang='grc' dir='ltr'>τὸν</span> <span class='ocrx_word' id='word_1_329' title='bbox 2103 982 2407 1053; x_wconf 80' lang='grc' dir='ltr'>θεοπάτορα</span> <span class='ocrx_word' id='word_1_330' title='bbox 2438 984 2532 1037; x_wconf 72' lang='grc' dir='ltr'><strong>καὶ</strong></span> <span class='ocrx_word' id='word_1_331' title='bbox 2579 986 2752 1060; x_wconf 87' lang='grc' dir='ltr'>μέγαν</span> <span class='ocrx_word' id='word_1_332' title='bbox 2804 988 3094 1057; x_wconf 77' lang='grc' dir='ltr'><strong>προφήτην</strong></span> <span class='ocrx_word' id='word_1_333' title='bbox 3125 986 3288 1040; x_wconf 82' lang='grc' dir='ltr'>Δαυῒδ</span> <span class='ocrx_word' id='word_1_334' title='bbox 3314 988 3414 1040; x_wconf 86' lang='grc' dir='ltr'><strong>ούκ</strong></span> <span class='ocrx_word' id='word_1_335' title='bbox 3452 988 3554 1054; x_wconf 82' lang='grc' dir='ltr'><strong>ἀρ-</strong></span> 
     </span>
    </p>
   </div>
   <div class='ocr_carea' id='block_1_52' title="bbox 1972 1075 3602 1149">
    <p class='ocr_par' dir='ltr' id='par_1_52' title="bbox 1972 1075 3602 1149">
     <span class='ocr_line' id='line_1_52' title="bbox 1972 1075 3602 1149; baseline 0.007 -24"><span class='ocrx_word' id='word_1_336' title='bbox 1972 1075 2191 1144; x_wconf 75' lang='grc' dir='ltr'>χιερεὺς</span> <span class='ocrx_word' id='word_1_337' title='bbox 2224 1075 2591 1147; x_wconf 82' lang='grc' dir='ltr'>ἐξηπάτησεν,</span> <span class='ocrx_word' id='word_1_338' title='bbox 2627 1078 2743 1133; x_wconf 81' lang='grc' dir='ltr'>ἀλλ’</span> <span class='ocrx_word' id='word_1_339' title='bbox 2797 1080 3018 1149; x_wconf 78' lang='grc' dir='ltr'><strong>οἰκέτης</strong></span> <span class='ocrx_word' id='word_1_340' title='bbox 3053 1079 3353 1148; x_wconf 70' lang='grc' dir='ltr'><strong>μαστιγίας</strong></span> <span class='ocrx_word' id='word_1_341' title='bbox 3407 1079 3554 1132; x_wconf 80' lang='grc' dir='ltr'>οίκόο</span> <span class='ocrx_word' id='word_1_342' title='bbox 3597 1134 3602 1137; x_wconf 90' lang='grc'><strong>.</strong></span> 
     </span>
    </p>
   </div>
   <div class='ocr_carea' id='block_1_53' title="bbox 1970 1164 3557 1238">
    <p class='ocr_par' dir='ltr' id='par_1_53' title="bbox 1970 1164 3557 1238">
     <span class='ocr_line' id='line_1_53' title="bbox 1970 1164 3557 1238; baseline 0.001 -20"><span class='ocrx_word' id='word_1_343' title='bbox 1970 1166 2124 1235; x_wconf 76' lang='grc' dir='ltr'>τριψ.</span> <span class='ocrx_word' id='word_1_344' title='bbox 2158 1167 2264 1220; x_wconf 82' lang='grc' dir='ltr'>Τὸν</span> <span class='ocrx_word' id='word_1_345' title='bbox 2296 1168 2464 1222; x_wconf 78' lang='grc' dir='ltr'><strong>Σιόᾶν</strong></span> <span class='ocrx_word' id='word_1_346' title='bbox 2496 1170 2708 1224; x_wconf 78' lang='grc' dir='ltr'>ἐκεῖνον</span> <span class='ocrx_word' id='word_1_347' title='bbox 2738 1164 2835 1224; x_wconf 79' lang='grc' dir='ltr'>οἶδ’</span> <span class='ocrx_word' id='word_1_348' title='bbox 2866 1171 2951 1224; x_wconf 80' lang='grc' dir='ltr'>ὅτι</span> <span class='ocrx_word' id='word_1_349' title='bbox 2990 1170 3282 1238; x_wconf 82' lang='grc' dir='ltr'><strong>ἀνέγνωτε,</strong></span> <span class='ocrx_word' id='word_1_350' title='bbox 3316 1170 3372 1233; x_wconf 83' lang='grc' dir='ltr'>ὃς</span> <span class='ocrx_word' id='word_1_351' title='bbox 3418 1172 3557 1221; x_wconf 78' lang='grc' dir='ltr'><strong>κατὰ</strong></span> 
     </span>
    </p>
   </div>
   <div class='ocr_carea' id='block_1_54' title="bbox 1972 1260 3557 1333">
    <p class='ocr_par' dir='ltr' id='par_1_54' title="bbox 1972 1260 3557 1333">
     <span class='ocr_line' id='line_1_54' title="bbox 1972 1260 3557 1333; baseline 0.002 -23"><span class='ocrx_word' id='word_1_352' title='bbox 1972 1260 2066 1311; x_wconf 81' lang='grc' dir='ltr'>τοῦ</span> <span class='ocrx_word' id='word_1_353' title='bbox 2100 1260 2455 1330; x_wconf 78' lang='grc' dir='ltr'>Μεμφισοσθέ</span> <span class='ocrx_word' id='word_1_354' title='bbox 2484 1262 2575 1314; x_wconf 81' lang='grc' dir='ltr'><strong>τὸν</strong></span> <span class='ocrx_word' id='word_1_355' title='bbox 2604 1262 2827 1333; x_wconf 82' lang='grc' dir='ltr'><strong>βασιλέα</strong></span> <span class='ocrx_word' id='word_1_356' title='bbox 2856 1263 3078 1333; x_wconf 85' lang='grc' dir='ltr'>ήρέθισε</span> <span class='ocrx_word' id='word_1_357' title='bbox 3109 1267 3175 1315; x_wconf 68' lang='grc' dir='ltr'>τὰ</span> <span class='ocrx_word' id='word_1_358' title='bbox 3219 1262 3390 1330; x_wconf 72' lang='grc' dir='ltr'>ψευδῆ</span> <span class='ocrx_word' id='word_1_359' title='bbox 3423 1278 3557 1330; x_wconf 76' lang='grc' dir='ltr'>συμο</span> 
     </span>
    </p>
   </div>
   <div class='ocr_carea' id='block_1_55' title="bbox 1977 1351 3554 1425">
    <p class='ocr_par' dir='ltr' id='par_1_55' title="bbox 1977 1351 3554 1425">
     <span class='ocr_line' id='line_1_55' title="bbox 1977 1351 3554 1425; baseline -0.001 -22"><span class='ocrx_word' id='word_1_360' title='bbox 1977 1351 2211 1419; x_wconf 84' lang='grc' dir='ltr'>πλάσας,</span> <span class='ocrx_word' id='word_1_361' title='bbox 2245 1352 2388 1406; x_wconf 78' lang='grc' dir='ltr'>ὥστε</span> <span class='ocrx_word' id='word_1_362' title='bbox 2410 1355 2473 1406; x_wconf 72' lang='grc' dir='ltr'>τὺ</span> <span class='ocrx_word' id='word_1_363' title='bbox 2499 1354 2711 1409; x_wconf 70' lang='grc' dir='ltr'>ἐκείνου</span> <span class='ocrx_word' id='word_1_364' title='bbox 2740 1358 2943 1425; x_wconf 80' lang='grc' dir='ltr'>χωρίον</span> <span class='ocrx_word' id='word_1_365' title='bbox 2989 1354 3177 1407; x_wconf 73' lang='grc' dir='ltr'>λαϐεῖν</span> <span class='ocrx_word' id='word_1_366' title='bbox 3208 1370 3223 1385; x_wconf 79' lang='grc' dir='ltr'><strong>ο</strong></span> <span class='ocrx_word' id='word_1_367' title='bbox 3269 1355 3331 1406; x_wconf 81' lang='grc' dir='ltr'><strong>ού</strong></span> <span class='ocrx_word' id='word_1_368' title='bbox 3365 1352 3554 1420; x_wconf 83' lang='grc' dir='ltr'>μέντοι</span> 
     </span>
    </p>
   </div>
   <div class='ocr_carea' id='block_1_56' title="bbox 1973 1434 3557 1518">
    <p class='ocr_par' dir='ltr' id='par_1_56' title="bbox 1973 1434 3557 1518">
     <span class='ocr_line' id='line_1_56' title="bbox 1973 1434 3557 1518; baseline 0 -22"><span class='ocrx_word' id='word_1_369' title='bbox 1973 1442 2067 1500; x_wconf 80' lang='grc' dir='ltr'>τοῦ</span> <span class='ocrx_word' id='word_1_370' title='bbox 2096 1445 2376 1516; x_wconf 80' lang='grc' dir='ltr'>προφήτου</span> <span class='ocrx_word' id='word_1_371' title='bbox 2406 1434 2754 1518; x_wconf 76' lang='grc' dir='ltr'>κατηγορῶν,</span> <span class='ocrx_word' id='word_1_372' title='bbox 2774 1448 2908 1501; x_wconf 75' lang='grc' dir='ltr'>ἀλλὰ</span> <span class='ocrx_word' id='word_1_373' title='bbox 2933 1446 3029 1500; x_wconf 80' lang='grc' dir='ltr'>τοῦ</span> <span class='ocrx_word' id='word_1_374' title='bbox 3061 1446 3325 1516; x_wconf 84' lang='grc' dir='ltr'>βασιλέως</span> <span class='ocrx_word' id='word_1_375' title='bbox 3350 1438 3557 1514; x_wconf 81' lang='grc' dir='ltr'>ὑπερα-</span> 
     </span>
    </p>
   </div>
   <div class='ocr_carea' id='block_1_57' title="bbox 1976 1533 3556 1608">
    <p class='ocr_par' dir='ltr' id='par_1_57' title="bbox 1976 1533 3556 1608">
     <span class='ocr_line' id='line_1_57' title="bbox 1976 1533 3556 1608; baseline 0 -22"><span class='ocrx_word' id='word_1_376' title='bbox 1976 1533 2393 1605; x_wconf 83' lang='grc' dir='ltr'>πολογούμενος,</span> <span class='ocrx_word' id='word_1_377' title='bbox 2419 1537 2511 1590; x_wconf 75' lang='grc' dir='ltr'><strong>τὸν</strong></span> <span class='ocrx_word' id='word_1_378' title='bbox 2575 1537 2736 1606; x_wconf 84' lang='grc' dir='ltr'>λόγον</span> <span class='ocrx_word' id='word_1_379' title='bbox 2786 1539 3191 1608; x_wconf 76' lang='grc' dir='ltr'>ἐνεστησάμην,</span> <span class='ocrx_word' id='word_1_380' title='bbox 3237 1534 3422 1588; x_wconf 78' lang='grc' dir='ltr'>καὶτὸ</span> <span class='ocrx_word' id='word_1_381' title='bbox 3454 1535 3556 1603; x_wconf 83' lang='grc' dir='ltr'><strong>τῆς</strong></span> 
     </span>
    </p>
   </div>
   <div class='ocr_carea' id='block_1_58' title="bbox 1977 1624 3557 1699">
    <p class='ocr_par' dir='ltr' id='par_1_58' title="bbox 1977 1624 3557 1699">
     <span class='ocr_line' id='line_1_58' title="bbox 1977 1624 3557 1699; baseline 0 -21"><span class='ocrx_word' id='word_1_382' title='bbox 1977 1624 2193 1694; x_wconf 83' lang='grc' dir='ltr'>φύσεως</span> <span class='ocrx_word' id='word_1_383' title='bbox 2241 1625 2468 1690; x_wconf 81' lang='grc' dir='ltr'>ἀσθενὲς</span> <span class='ocrx_word' id='word_1_384' title='bbox 2490 1638 2506 1651; x_wconf 85' lang='grc'><em>’</em></span> <span class='ocrx_word' id='word_1_385' title='bbox 2529 1629 2817 1699; x_wconf 87' lang='grc' dir='ltr'>παριστῶν</span> <span class='ocrx_word' id='word_1_386' title='bbox 2845 1646 2863 1665; x_wconf 77' lang='grc' dir='ltr'><strong><em>ο</em></strong></span> <span class='ocrx_word' id='word_1_387' title='bbox 2917 1628 3309 1699; x_wconf 86' lang='grc' dir='ltr'>είσηγούμενός</span> <span class='ocrx_word' id='word_1_388' title='bbox 3346 1644 3422 1693; x_wconf 84' lang='grc' dir='ltr'><strong>τε,</strong></span> <span class='ocrx_word' id='word_1_389' title='bbox 3481 1627 3557 1697; x_wconf 81' lang='grc' dir='ltr'>μὴ</span> 
     </span>
    </p>
   </div>
   <div class='ocr_carea' id='block_1_59' title="bbox 1977 1715 3555 1791">
    <p class='ocr_par' dir='ltr' id='par_1_59' title="bbox 1977 1715 3555 1791">
     <span class='ocr_line' id='line_1_59' title="bbox 1977 1715 3555 1791; baseline -0.001 -20"><span class='ocrx_word' id='word_1_390' title='bbox 1977 1718 2214 1787; x_wconf 84' lang='grc' dir='ltr'>πάμπαν</span> <span class='ocrx_word' id='word_1_391' title='bbox 2247 1721 2361 1781; x_wconf 84' lang='grc' dir='ltr'>τοῖς</span> <span class='ocrx_word' id='word_1_392' title='bbox 2387 1721 2717 1791; x_wconf 71' lang='grc' dir='ltr'>κατηγόροις</span> <span class='ocrx_word' id='word_1_393' title='bbox 2749 1722 3049 1787; x_wconf 79' lang='grc' dir='ltr'>πιστεύειν,</span> <span class='ocrx_word' id='word_1_394' title='bbox 3085 1722 3190 1776; x_wconf 82' lang='grc' dir='ltr'>κᾶν</span> <span class='ocrx_word' id='word_1_395' title='bbox 3226 1715 3332 1774; x_wconf 78' lang='grc' dir='ltr'>ὦσι</span> <span class='ocrx_word' id='word_1_396' title='bbox 3365 1720 3555 1774; x_wconf 79' lang='grc' dir='ltr'>διαϐε-</span> 
     </span>
    </p>
   </div>
   <div class='ocr_carea' id='block_1_60' title="bbox 1977 1808 3557 1884">
    <p class='ocr_par' dir='ltr' id='par_1_60' title="bbox 1977 1808 3557 1884">
     <span class='ocr_line' id='line_1_60' title="bbox 1977 1808 3557 1884; baseline 0.003 -25"><span class='ocrx_word' id='word_1_397' title='bbox 1977 1808 2227 1879; x_wconf 75' lang='grc' dir='ltr'>ϐηκότες,</span> <span class='ocrx_word' id='word_1_398' title='bbox 2261 1810 2394 1863; x_wconf 81' lang='grc' dir='ltr'>ἀλλὰ</span> <span class='ocrx_word' id='word_1_399' title='bbox 2422 1812 2524 1864; x_wconf 72' lang='grc' dir='ltr'>καὶ</span> <span class='ocrx_word' id='word_1_400' title='bbox 2549 1813 2791 1884; x_wconf 82' lang='grc' dir='ltr'>θατέραν</span> <span class='ocrx_word' id='word_1_401' title='bbox 2815 1814 2987 1883; x_wconf 82' lang='grc' dir='ltr'>ἀκοὴν</span> <span class='ocrx_word' id='word_1_402' title='bbox 3015 1813 3093 1884; x_wconf 83' lang='grc' dir='ltr'>τῷ</span> <span class='ocrx_word' id='word_1_403' title='bbox 3123 1810 3352 1882; x_wconf 82' lang='grc' dir='ltr'>ἐναντίῳ</span> <span class='ocrx_word' id='word_1_404' title='bbox 3375 1829 3557 1881; x_wconf 79' lang='grc' dir='ltr'>παρα-</span> 
     </span>
    </p>
   </div>
   <div class='ocr_carea' id='block_1_61' title="bbox 1982 1898 3560 1973">
    <p class='ocr_par' dir='ltr' id='par_1_61' title="bbox 1982 1898 3560 1973">
     <span class='ocr_line' id='line_1_61' title="bbox 1982 1898 3560 1973; baseline 0.001 -23"><span class='ocrx_word' id='word_1_405' title='bbox 1982 1898 2275 1968; x_wconf 76' lang='grc' dir='ltr'>φυλάττειν</span> <span class='ocrx_word' id='word_1_406' title='bbox 2306 1899 2414 1952; x_wconf 83' lang='grc' dir='ltr'>άεί.</span> <span class='ocrx_word' id='word_1_407' title='bbox 2448 1901 2561 1966; x_wconf 80' lang='grc' dir='ltr'><strong>Τάς</strong></span> <span class='ocrx_word' id='word_1_408' title='bbox 2617 1902 2673 1953; x_wconf 77' lang='grc' dir='ltr'><strong>δὲ</strong></span> <span class='ocrx_word' id='word_1_409' title='bbox 2743 1902 3013 1973; x_wconf 79' lang='grc' dir='ltr'><strong>διαθήκας</strong></span> <span class='ocrx_word' id='word_1_410' title='bbox 3062 1900 3142 1971; x_wconf 75' lang='grc' dir='ltr'>τῷ</span> <span class='ocrx_word' id='word_1_411' title='bbox 3199 1901 3560 1971; x_wconf 81' lang='grc' dir='ltr'>πρεσσυτέρῳ</span> 
     </span>
    </p>
   </div>
   <div class='ocr_carea' id='block_1_62' title="bbox 1980 1987 3561 2060">
    <p class='ocr_par' dir='ltr' id='par_1_62' title="bbox 1980 1987 3561 2060">
     <span class='ocr_line' id='line_1_62' title="bbox 1980 1987 3561 2060; baseline 0.001 -19"><span class='ocrx_word' id='word_1_412' title='bbox 1980 1987 2269 2055; x_wconf 75' lang='grc' dir='ltr'>παρέθετο,</span> <span class='ocrx_word' id='word_1_413' title='bbox 2326 1988 2384 2041; x_wconf 81' lang='grc' dir='ltr'><strong>όν</strong></span> <span class='ocrx_word' id='word_1_414' title='bbox 2430 1989 2724 2060; x_wconf 80' lang='grc' dir='ltr'>ἐπαινέτην</span> <span class='ocrx_word' id='word_1_415' title='bbox 2752 1991 2881 2044; x_wconf 74' lang='grc' dir='ltr'>ὄντα</span> <span class='ocrx_word' id='word_1_416' title='bbox 2940 1990 3171 2060; x_wconf 81' lang='grc' dir='ltr'>Ἀρείου,</span> <span class='ocrx_word' id='word_1_417' title='bbox 3206 1989 3561 2043; x_wconf 80' lang='grc' dir='ltr'>Κωνσταντία</span> 
     </span>
    </p>
   </div>
   <div class='ocr_carea' id='block_1_63' title="bbox 1980 2080 3560 2152">
    <p class='ocr_par' dir='ltr' id='par_1_63' title="bbox 1980 2080 3560 2152">
     <span class='ocr_line' id='line_1_63' title="bbox 1980 2080 3560 2152; baseline -0.001 -19"><span class='ocrx_word' id='word_1_418' title='bbox 1980 2081 2015 2149; x_wconf 84' lang='grc' dir='ltr'><strong>ή</strong></span> <span class='ocrx_word' id='word_1_419' title='bbox 2045 2080 2286 2133; x_wconf 80' lang='grc' dir='ltr'>Λικινίου</span> <span class='ocrx_word' id='word_1_420' title='bbox 2325 2081 2424 2149; x_wconf 80' lang='grc' dir='ltr'>μὲν</span> <span class='ocrx_word' id='word_1_421' title='bbox 2449 2082 2688 2151; x_wconf 81' lang='grc' dir='ltr'>γαμετὴ,</span> <span class='ocrx_word' id='word_1_422' title='bbox 2721 2081 2922 2152; x_wconf 80' lang='grc' dir='ltr'>ἀδελφὴ</span> <span class='ocrx_word' id='word_1_423' title='bbox 2960 2082 3017 2134; x_wconf 79' lang='grc' dir='ltr'><strong>δέ</strong></span> <span class='ocrx_word' id='word_1_424' title='bbox 3064 2080 3160 2134; x_wconf 78' lang='grc' dir='ltr'>τοῦ</span> <span class='ocrx_word' id='word_1_425' title='bbox 3210 2080 3560 2134; x_wconf 79' lang='grc' dir='ltr'>Κωνσταντί-</span> 
     </span>
    </p>
   </div>
   <div class='ocr_carea' id='block_1_64' title="bbox 1981 2170 3553 2245">
    <p class='ocr_par' dir='ltr' id='par_1_64' title="bbox 1981 2170 3553 2245">
     <span class='ocr_line' id='line_1_64' title="bbox 1981 2170 3553 2245; baseline 0.001 -19"><span class='ocrx_word' id='word_1_426' title='bbox 1981 2190 2094 2239; x_wconf 86' lang='grc' dir='ltr'>νου,</span> <span class='ocrx_word' id='word_1_427' title='bbox 2125 2172 2437 2228; x_wconf 71' lang='grc' dir='ltr'>τελευτῶσα</span> <span class='ocrx_word' id='word_1_428' title='bbox 2461 2176 2792 2245; x_wconf 81' lang='grc' dir='ltr'>συνέστησεν</span> <span class='ocrx_word' id='word_1_429' title='bbox 2822 2170 3019 2245; x_wconf 73' lang='grc' dir='ltr'>οἷάπερ</span> <span class='ocrx_word' id='word_1_430' title='bbox 3044 2174 3267 2242; x_wconf 81' lang='grc' dir='ltr'>άγαθῶς</span> <span class='ocrx_word' id='word_1_431' title='bbox 3311 2174 3553 2245; x_wconf 65' lang='grc' dir='ltr'>βιοῦντα.</span> 
     </span>
    </p>
   </div>
   <div class='ocr_carea' id='block_1_65' title="bbox 1982 2264 3553 2336">
    <p class='ocr_par' dir='ltr' id='par_1_65' title="bbox 1982 2264 3553 2336">
     <span class='ocr_line' id='line_1_65' title="bbox 1982 2264 3553 2336; baseline -0.003 -17"><span class='ocrx_word' id='word_1_432' title='bbox 1982 2266 2322 2333; x_wconf 79' lang='grc' dir='ltr'>Προσὲταττε</span> <span class='ocrx_word' id='word_1_433' title='bbox 2361 2266 2419 2320; x_wconf 73' lang='grc' dir='ltr'>δὲ</span> <span class='ocrx_word' id='word_1_434' title='bbox 2469 2267 2632 2336; x_wconf 86' lang='grc' dir='ltr'>ὅρκον</span> <span class='ocrx_word' id='word_1_435' title='bbox 2698 2268 2897 2336; x_wconf 78' lang='grc' dir='ltr'>μιγνὺς</span> <span class='ocrx_word' id='word_1_436' title='bbox 2947 2265 3313 2334; x_wconf 80' lang='grc' dir='ltr'>Κωνσταντίῳ</span> <span class='ocrx_word' id='word_1_437' title='bbox 3346 2264 3553 2330; x_wconf 80' lang='grc' dir='ltr'>δοῦναι,</span> 
     </span>
    </p>
   </div>
   <div class='ocr_carea' id='block_1_66' title="bbox 1982 2356 3559 2428">
    <p class='ocr_par' dir='ltr' id='par_1_66' title="bbox 1982 2356 3559 2428">
     <span class='ocr_line' id='line_1_66' title="bbox 1982 2356 3559 2428; baseline -0.001 -19"><span class='ocrx_word' id='word_1_438' title='bbox 1982 2356 2202 2409; x_wconf 72' lang='grc' dir='ltr'>ἐπειδὰν</span> <span class='ocrx_word' id='word_1_439' title='bbox 2235 2357 2299 2410; x_wconf 75' lang='grc' dir='ltr'><strong>ἐκ</strong></span> <span class='ocrx_word' id='word_1_440' title='bbox 2337 2357 2433 2426; x_wconf 82' lang='grc' dir='ltr'><strong>τῆς</strong></span> <span class='ocrx_word' id='word_1_441' title='bbox 2459 2357 2577 2412; x_wconf 82' lang='grc' dir='ltr'>Ἕω</span> <span class='ocrx_word' id='word_1_442' title='bbox 2603 2358 2886 2428; x_wconf 75' lang='grc' dir='ltr'>ἀφίκηται.</span> <span class='ocrx_word' id='word_1_443' title='bbox 2911 2357 3097 2421; x_wconf 74' lang='grc' dir='ltr'>Οὐδεὶς</span> <span class='ocrx_word' id='word_1_444' title='bbox 3121 2357 3232 2427; x_wconf 77' lang='grc' dir='ltr'>γὰρ</span> <span class='ocrx_word' id='word_1_445' title='bbox 3256 2356 3362 2410; x_wconf 88' lang='grc' dir='ltr'><strong>τῶν</strong></span> <span class='ocrx_word' id='word_1_446' title='bbox 3396 2356 3559 2409; x_wconf 82' lang='grc' dir='ltr'>υίέων</span> 
     </span>
    </p>
   </div>
   <div class='ocr_carea' id='block_1_67' title="bbox 1984 2448 2747 2520">
    <p class='ocr_par' dir='ltr' id='par_1_67' title="bbox 1984 2448 2747 2520">
     <span class='ocr_line' id='line_1_67' title="bbox 1984 2448 2747 2520; baseline 0.005 -19"><span class='ocrx_word' id='word_1_447' title='bbox 1984 2448 2134 2519; x_wconf 84' lang='grc' dir='ltr'>αύτῷ</span> <span class='ocrx_word' id='word_1_448' title='bbox 2181 2452 2365 2520; x_wconf 77' lang='grc' dir='ltr'>παρῆν</span> <span class='ocrx_word' id='word_1_449' title='bbox 2400 2452 2747 2506; x_wconf 75' lang='grc' dir='ltr'>τελευτῶντι.</span> 
     </span>
    </p>
   </div>
   <div class='ocr_carea' id='block_1_68' title="bbox 2551 2581 2995 2638">
    <p class='ocr_par' dir='ltr' id='par_1_68' title="bbox 2551 2581 2995 2638">
     <span class='ocr_line' id='line_1_68' title="bbox 2551 2581 2995 2638; baseline 0.002 -3"><span class='ocrx_word' id='word_1_450' title='bbox 2551 2584 2594 2635; x_wconf 82' lang='grc' dir='ltr'>Κ</span> <span class='ocrx_word' id='word_1_451' title='bbox 2608 2584 2805 2638; x_wconf 75' lang='grc' dir='ltr'>ΕΦΑΛ.</span> <span class='ocrx_word' id='word_1_452' title='bbox 2870 2584 2915 2636; x_wconf 88' lang='grc' dir='ltr'><strong>Ν</strong></span> <span class='ocrx_word' id='word_1_453' title='bbox 2923 2581 2995 2637; x_wconf 85' lang='lat' dir='ltr'><strong>E&#39;.</strong></span> 
     </span>
    </p>
   </div>
   <div class='ocr_carea' id='block_1_69' title="bbox 1984 2691 3557 2769">
    <p class='ocr_par' dir='ltr' id='par_1_69' title="bbox 1984 2691 3557 2769">
     <span class='ocr_line' id='line_1_69' title="bbox 1984 2691 3557 2769; baseline 0.001 -21"><span class='ocrx_word' id='word_1_454' title='bbox 1984 2694 2124 2764; x_wconf 78' lang='grc' dir='ltr'>Περὶ</span> <span class='ocrx_word' id='word_1_455' title='bbox 2152 2693 2263 2764; x_wconf 75' lang='grc' dir='ltr'>τῆς</span> <span class='ocrx_word' id='word_1_456' title='bbox 2279 2694 2524 2769; x_wconf 73' lang='grc' dir='ltr'>κηδείας</span> <span class='ocrx_word' id='word_1_457' title='bbox 2545 2698 2732 2769; x_wconf 62' lang='grc' dir='ltr'>αὐτοῦ</span> <span class='ocrx_word' id='word_1_458' title='bbox 2754 2713 2769 2728; x_wconf 76' lang='grc' dir='ltr'><strong>ο</strong></span> <span class='ocrx_word' id='word_1_459' title='bbox 2794 2697 2894 2769; x_wconf 70' lang='grc' dir='ltr'><strong>καί</strong></span> <span class='ocrx_word' id='word_1_460' title='bbox 2923 2691 3051 2769; x_wconf 65' lang='grc' dir='ltr'>οἶος</span> <span class='ocrx_word' id='word_1_461' title='bbox 3081 2692 3161 2767; x_wconf 71' lang='grc' dir='ltr'><strong>ἦν</strong></span> <span class='ocrx_word' id='word_1_462' title='bbox 3192 2696 3260 2753; x_wconf 76' lang='grc' dir='ltr'>τὸ</span> <span class='ocrx_word' id='word_1_463' title='bbox 3291 2692 3438 2769; x_wconf 78' lang='grc' dir='ltr'>ἦθος</span> <span class='ocrx_word' id='word_1_464' title='bbox 3458 2695 3557 2750; x_wconf 76' lang='grc' dir='ltr'><strong>καί</strong></span> 
     </span>
    </p>
   </div>
   <div class='ocr_carea' id='block_1_70' title="bbox 2332 2765 3201 2836">
    <p class='ocr_par' dir='ltr' id='par_1_70' title="bbox 2332 2765 3201 2836">
     <span class='ocr_line' id='line_1_70' title="bbox 2332 2765 3201 2836; baseline 0.003 -18"><span class='ocrx_word' id='word_1_465' title='bbox 2332 2765 2449 2834; x_wconf 83' lang='grc' dir='ltr'><strong>τὴν</strong></span> <span class='ocrx_word' id='word_1_466' title='bbox 2493 2766 2726 2821; x_wconf 71' lang='grc' dir='ltr'>πλάσιν</span> <span class='ocrx_word' id='word_1_467' title='bbox 2763 2766 2872 2822; x_wconf 85' lang='grc' dir='ltr'>τοῦ</span> <span class='ocrx_word' id='word_1_468' title='bbox 2904 2765 3201 2836; x_wconf 81' lang='grc' dir='ltr'>σώματος.</span> 
     </span>
    </p>
   </div>
   <div class='ocr_carea' id='block_1_71' title="bbox 2057 2879 3560 2951">
    <p class='ocr_par' dir='ltr' id='par_1_71' title="bbox 2057 2879 3560 2951">
     <span class='ocr_line' id='line_1_71' title="bbox 2057 2879 3560 2951; baseline 0 -18"><span class='ocrx_word' id='word_1_469' title='bbox 2057 2880 2167 2935; x_wconf 75' lang='grc' dir='ltr'>Καὶ</span> <span class='ocrx_word' id='word_1_470' title='bbox 2183 2882 2210 2934; x_wconf 87' lang='grc' dir='ltr'><strong>ό</strong></span> <span class='ocrx_word' id='word_1_471' title='bbox 2231 2879 2512 2950; x_wconf 76' lang='grc' dir='ltr'>μὲνοῦτως</span> <span class='ocrx_word' id='word_1_472' title='bbox 2527 2881 2606 2943; x_wconf 88' lang='grc' dir='ltr'><strong>είς</strong></span> <span class='ocrx_word' id='word_1_473' title='bbox 2643 2880 2743 2951; x_wconf 82' lang='grc' dir='ltr'>τὴν</span> <span class='ocrx_word' id='word_1_474' title='bbox 2758 2881 2968 2951; x_wconf 83' lang='grc' dir='ltr'>ἀμείνω</span> <span class='ocrx_word' id='word_1_475' title='bbox 2994 2880 3276 2949; x_wconf 82' lang='grc' dir='ltr'>βασιλείαν</span> <span class='ocrx_word' id='word_1_476' title='bbox 3310 2881 3560 2951; x_wconf 76' lang='grc' dir='ltr'>μετέϐαι-</span> 
     </span>
    </p>
   </div>
   <div class='ocr_carea' id='block_1_72' title="bbox 1986 2972 3561 3045">
    <p class='ocr_par' dir='ltr' id='par_1_72' title="bbox 1986 2972 3561 3045">
     <span class='ocr_line' id='line_1_72' title="bbox 1986 2972 3561 3045; baseline 0 -20"><span class='ocrx_word' id='word_1_477' title='bbox 1986 2991 2041 3026; x_wconf 89' lang='grc' dir='ltr'><strong>νε</strong></span> <span class='ocrx_word' id='word_1_478' title='bbox 2076 2989 2091 3005; x_wconf 85' lang='grc'><strong>·</strong></span> <span class='ocrx_word' id='word_1_479' title='bbox 2123 2974 2420 3045; x_wconf 62' lang='grc' dir='ltr'><strong>στρατηγολ⁸</strong></span> <span class='ocrx_word' id='word_1_480' title='bbox 2450 2973 2507 3027; x_wconf 68' lang='grc' dir='ltr'>δὲ</span> <span class='ocrx_word' id='word_1_481' title='bbox 2539 2973 2633 3027; x_wconf 80' lang='grc' dir='ltr'><strong>καὶ</strong></span> <span class='ocrx_word' id='word_1_482' title='bbox 2681 2972 2938 3045; x_wconf 84' lang='grc' dir='ltr'>ὕπαρχοι,</span> <span class='ocrx_word' id='word_1_483' title='bbox 2971 2975 3066 3029; x_wconf 66' lang='grc' dir='ltr'><strong>καὶ</strong></span> <span class='ocrx_word' id='word_1_484' title='bbox 3130 2974 3280 3027; x_wconf 80' lang='grc' dir='ltr'>πᾶσα</span> <span class='ocrx_word' id='word_1_485' title='bbox 3338 2975 3370 3042; x_wconf 86' lang='grc' dir='ltr'><strong>ἡ</strong></span> <span class='ocrx_word' id='word_1_486' title='bbox 3431 2973 3561 3041; x_wconf 81' lang='grc' dir='ltr'>περὶ</span> 
     </span>
    </p>
   </div>
   <div class='ocr_carea' id='block_1_73' title="bbox 1987 3066 3555 3141">
    <p class='ocr_par' dir='ltr' id='par_1_73' title="bbox 1987 3066 3555 3141">
     <span class='ocr_line' id='line_1_73' title="bbox 1987 3066 3555 3141; baseline -0.001 -20"><span class='ocrx_word' id='word_1_487' title='bbox 1987 3068 2148 3121; x_wconf 65' lang='grc' dir='ltr'>αὑτὸν</span> <span class='ocrx_word' id='word_1_488' title='bbox 2189 3068 2506 3138; x_wconf 77' lang='grc' dir='ltr'>δορυφορία,</span> <span class='ocrx_word' id='word_1_489' title='bbox 2546 3071 2725 3140; x_wconf 75' lang='grc' dir='ltr'>χρυσῇ</span> <span class='ocrx_word' id='word_1_490' title='bbox 2761 3069 2902 3141; x_wconf 82' lang='grc' dir='ltr'>θήκῃ</span> <span class='ocrx_word' id='word_1_491' title='bbox 2929 3070 2990 3121; x_wconf 88' lang='grc' dir='ltr'><strong>τδ</strong></span> <span class='ocrx_word' id='word_1_492' title='bbox 3041 3066 3203 3139; x_wconf 87' lang='grc' dir='ltr'>σῶμα</span> <span class='ocrx_word' id='word_1_493' title='bbox 3251 3066 3555 3137; x_wconf 67' lang='grc' dir='ltr'>ἐνθέμενοι,</span> 
     </span>
    </p>
   </div>
   <div class='ocr_carea' id='block_1_74' title="bbox 1986 3159 3556 3233">
    <p class='ocr_par' dir='ltr' id='par_1_74' title="bbox 1986 3159 3556 3233">
     <span class='ocr_line' id='line_1_74' title="bbox 1986 3159 3556 3233; baseline 0.002 -22"><span class='ocrx_word' id='word_1_494' title='bbox 1986 3161 2065 3223; x_wconf 82' lang='grc' dir='ltr'><strong>είς</strong></span> <span class='ocrx_word' id='word_1_495' title='bbox 2097 3160 2195 3231; x_wconf 85' lang='grc' dir='ltr'>τὴν</span> <span class='ocrx_word' id='word_1_496' title='bbox 2223 3160 2512 3228; x_wconf 85' lang='grc' dir='ltr'>ἐπώνυμον</span> <span class='ocrx_word' id='word_1_497' title='bbox 2542 3159 2693 3229; x_wconf 86' lang='grc' dir='ltr'>αύτῷ</span> <span class='ocrx_word' id='word_1_498' title='bbox 2724 3160 2880 3214; x_wconf 84' lang='grc' dir='ltr'>πόλιν</span> <span class='ocrx_word' id='word_1_499' title='bbox 2904 3161 3113 3233; x_wconf 84' lang='grc' dir='ltr'>ήγαγον</span> <span class='ocrx_word' id='word_1_500' title='bbox 3141 3179 3173 3195; x_wconf 76' lang='grc' dir='ltr'><strong>ο·</strong></span> <span class='ocrx_word' id='word_1_501' title='bbox 3199 3162 3296 3214; x_wconf 73' lang='grc' dir='ltr'><strong>καὶ</strong></span> <span class='ocrx_word' id='word_1_502' title='bbox 3331 3161 3423 3213; x_wconf 73' lang='grc' dir='ltr'>ἐπὶ</span> <span class='ocrx_word' id='word_1_503' title='bbox 3456 3159 3556 3228; x_wconf 77' lang='grc' dir='ltr'><strong>βή-</strong></span> 
     </span>
    </p>
   </div>
   <div class='ocr_carea' id='block_1_75' title="bbox 1991 3248 3557 3325">
    <p class='ocr_par' dir='ltr' id='par_1_75' title="bbox 1991 3248 3557 3325">
     <span class='ocr_line' id='line_1_75' title="bbox 1991 3248 3557 3325; baseline 0 -20"><span class='ocrx_word' id='word_1_504' title='bbox 1991 3253 2159 3322; x_wconf 83' lang='grc' dir='ltr'>ματὸς</span> <span class='ocrx_word' id='word_1_505' title='bbox 2190 3269 2334 3315; x_wconf 89' lang='grc' dir='ltr'>τινος</span> <span class='ocrx_word' id='word_1_506' title='bbox 2358 3253 2671 3319; x_wconf 77' lang='grc' dir='ltr'>ἀναθέντες,</span> <span class='ocrx_word' id='word_1_507' title='bbox 2700 3253 2911 3323; x_wconf 85' lang='grc' dir='ltr'>δσηπερ</span> <span class='ocrx_word' id='word_1_508' title='bbox 2957 3248 3027 3325; x_wconf 82' lang='grc' dir='ltr'>ἧν</span> <span class='ocrx_word' id='word_1_509' title='bbox 3072 3255 3167 3306; x_wconf 72' lang='grc' dir='ltr'>καὶ</span> <span class='ocrx_word' id='word_1_510' title='bbox 3205 3253 3369 3316; x_wconf 80' lang='grc' dir='ltr'>ζῶντι</span> <span class='ocrx_word' id='word_1_511' title='bbox 3419 3253 3557 3323; x_wconf 83' lang='grc' dir='ltr'>τιμὴ</span> 
     </span>
    </p>
   </div>
   <div class='ocr_carea' id='block_1_76' title="bbox 1987 3344 3565 3416">
    <p class='ocr_par' dir='ltr' id='par_1_76' title="bbox 1987 3344 3565 3416">
     <span class='ocr_line' id='line_1_76' title="bbox 1987 3344 3565 3416; baseline 0 -20"><span class='ocrx_word' id='word_1_512' title='bbox 1987 3346 2081 3396; x_wconf 69' lang='grc' dir='ltr'><strong>καὶ</strong></span> <span class='ocrx_word' id='word_1_513' title='bbox 2112 3344 2263 3409; x_wconf 77' lang='grc' dir='ltr'>τάξις</span> <span class='ocrx_word' id='word_1_514' title='bbox 2297 3346 2450 3416; x_wconf 79' lang='grc' dir='ltr'>παρὰ</span> <span class='ocrx_word' id='word_1_515' title='bbox 2481 3346 2589 3399; x_wconf 87' lang='grc' dir='ltr'><strong>τῶν</strong></span> <span class='ocrx_word' id='word_1_516' title='bbox 2625 3346 2684 3398; x_wconf 90' lang='grc' dir='ltr'><strong>ἐν</strong></span> <span class='ocrx_word' id='word_1_517' title='bbox 2717 3349 2830 3409; x_wconf 80' lang='grc' dir='ltr'>τοῖς</span> <span class='ocrx_word' id='word_1_518' title='bbox 2862 3344 3155 3415; x_wconf 85' lang='grc' dir='ltr'>βασιλείοις</span> <span class='ocrx_word' id='word_1_519' title='bbox 3211 3345 3440 3414; x_wconf 82' lang='grc' dir='ltr'>ἐγίνετο,</span> <span class='ocrx_word' id='word_1_520' title='bbox 3471 3362 3565 3397; x_wconf 88' lang='grc' dir='ltr'>πι-</span> 
     </span>
    </p>
   </div>
   <div class='ocr_carea' id='block_1_77' title="bbox 1988 3432 3557 3507">
    <p class='ocr_par' dir='ltr' id='par_1_77' title="bbox 1988 3432 3557 3507">
     <span class='ocr_line' id='line_1_77' title="bbox 1988 3432 3557 3507; baseline -0.001 -19"><span class='ocrx_word' id='word_1_521' title='bbox 1988 3437 2134 3505; x_wconf 86' lang='grc' dir='ltr'>κρῶς</span> <span class='ocrx_word' id='word_1_522' title='bbox 2162 3437 2574 3507; x_wconf 75' lang='grc' dir='ltr'>ὀλοφυρομένων</span> <span class='ocrx_word' id='word_1_523' title='bbox 2602 3438 2878 3503; x_wconf 83' lang='grc' dir='ltr'>ἁπάντων,</span> <span class='ocrx_word' id='word_1_524' title='bbox 2915 3432 3003 3491; x_wconf 76' lang='grc' dir='ltr'>οἷα</span> <span class='ocrx_word' id='word_1_525' title='bbox 3034 3437 3241 3507; x_wconf 81' lang='grc' dir='ltr'>πατρὸς</span> <span class='ocrx_word' id='word_1_526' title='bbox 3277 3437 3557 3507; x_wconf 75' lang='grc' dir='ltr'>στέρησιν,</span> 
     </span>
    </p>
   </div>
   <div class='ocr_carea' id='block_1_78' title="bbox 1987 3521 3558 3599">
    <p class='ocr_par' dir='ltr' id='par_1_78' title="bbox 1987 3521 3558 3599">
     <span class='ocr_line' id='line_1_78' title="bbox 1987 3521 3558 3599; baseline -0.001 -20"><span class='ocrx_word' id='word_1_527' title='bbox 1987 3521 2047 3579; x_wconf 73' lang='grc' dir='ltr'>οὗ</span> <span class='ocrx_word' id='word_1_528' title='bbox 2084 3528 2180 3597; x_wconf 80' lang='grc' dir='ltr'>τὴν</span> <span class='ocrx_word' id='word_1_529' title='bbox 2210 3532 2406 3599; x_wconf 81' lang='grc' dir='ltr'>πεῖραν</span> <span class='ocrx_word' id='word_1_530' title='bbox 2430 3529 2537 3582; x_wconf 86' lang='grc' dir='ltr'><strong>τῶν</strong></span> <span class='ocrx_word' id='word_1_531' title='bbox 2566 3527 2789 3597; x_wconf 80' lang='grc' dir='ltr'>ἀγαθῶν</span> <span class='ocrx_word' id='word_1_532' title='bbox 2833 3529 3152 3598; x_wconf 82' lang='grc' dir='ltr'>είλήφεισαν</span> <span class='ocrx_word' id='word_1_533' title='bbox 3199 3529 3461 3590; x_wconf 63' lang='grc' dir='ltr'>ἅπαντες.</span> <span class='ocrx_word' id='word_1_534' title='bbox 3491 3529 3558 3579; x_wconf 85' lang='grc' dir='ltr'><strong>Τί</strong></span> 
     </span>
    </p>
   </div>
   <div class='ocr_carea' id='block_1_79' title="bbox 1987 3618 3558 3692">
    <p class='ocr_par' dir='ltr' id='par_1_79' title="bbox 1987 3618 3558 3692">
     <span class='ocr_line' id='line_1_79' title="bbox 1987 3618 3558 3692; baseline 0.002 -21"><span class='ocrx_word' id='word_1_535' title='bbox 1987 3618 2043 3671; x_wconf 79' lang='grc' dir='ltr'>δὲ</span> <span class='ocrx_word' id='word_1_536' title='bbox 2078 3621 2169 3672; x_wconf 82' lang='grc' dir='ltr'><strong>καὶ</strong></span> <span class='ocrx_word' id='word_1_537' title='bbox 2197 3618 2302 3690; x_wconf 78' lang='grc' dir='ltr'><strong>χρὴ</strong></span> <span class='ocrx_word' id='word_1_538' title='bbox 2326 3619 2525 3687; x_wconf 83' lang='grc' dir='ltr'>λέγειν,</span> <span class='ocrx_word' id='word_1_539' title='bbox 2548 3620 2648 3687; x_wconf 85' lang='grc' dir='ltr'>ὅση</span> <span class='ocrx_word' id='word_1_540' title='bbox 2671 3636 2724 3672; x_wconf 89' lang='grc' dir='ltr'><strong>τι</strong></span> <span class='ocrx_word' id='word_1_541' title='bbox 2732 3619 2808 3691; x_wconf 79' lang='grc' dir='ltr'><strong>μή</strong></span> <span class='ocrx_word' id='word_1_542' title='bbox 2830 3620 2925 3673; x_wconf 75' lang='grc' dir='ltr'><strong>καὶ</strong></span> <span class='ocrx_word' id='word_1_543' title='bbox 2944 3619 3074 3687; x_wconf 76' lang='grc' dir='ltr'>δόξα</span> <span class='ocrx_word' id='word_1_544' title='bbox 3101 3620 3276 3692; x_wconf 84' lang='grc' dir='ltr'>τούτῳ</span> <span class='ocrx_word' id='word_1_545' title='bbox 3302 3622 3558 3691; x_wconf 77' lang='grc' dir='ltr'>ἐπήγετο,</span> 
     </span>
    </p>
   </div>
   <div class='ocr_carea' id='block_1_80' title="bbox 1987 3710 3562 3783">
    <p class='ocr_par' dir='ltr' id='par_1_80' title="bbox 1987 3710 3562 3783">
     <span class='ocr_line' id='line_1_80' title="bbox 1987 3710 3562 3783; baseline 0.003 -19"><span class='ocrx_word' id='word_1_546' title='bbox 1987 3710 2090 3774; x_wconf 75' lang='grc' dir='ltr'><strong>ἕως</strong></span> <span class='ocrx_word' id='word_1_547' title='bbox 2119 3710 2178 3763; x_wconf 78' lang='grc' dir='ltr'>οὗ</span> <span class='ocrx_word' id='word_1_548' title='bbox 2213 3728 2298 3774; x_wconf 90' lang='grc' dir='ltr'><strong>τις</strong></span> <span class='ocrx_word' id='word_1_549' title='bbox 2317 3711 2427 3763; x_wconf 88' lang='grc' dir='ltr'><strong>τῶν</strong></span> <span class='ocrx_word' id='word_1_550' title='bbox 2450 3712 2656 3767; x_wconf 81' lang='grc' dir='ltr'>παίδων</span> <span class='ocrx_word' id='word_1_551' title='bbox 2677 3712 2960 3783; x_wconf 89' lang='grc' dir='ltr'>κηδεύσων</span> <span class='ocrx_word' id='word_1_552' title='bbox 2988 3713 3237 3782; x_wconf 77' lang='grc' dir='ltr'>ἀφίκοιτο</span> <span class='ocrx_word' id='word_1_553' title='bbox 3267 3730 3281 3774; x_wconf 79' lang='grc' dir='ltr'><strong>ς</strong></span> <span class='ocrx_word' id='word_1_554' title='bbox 3317 3714 3470 3768; x_wconf 80' lang='grc' dir='ltr'>Ἐπεὶ</span> <span class='ocrx_word' id='word_1_555' title='bbox 3501 3715 3562 3768; x_wconf 73' lang='grc' dir='ltr'>δὲ</span> 
     </span>
    </p>
   </div>
   <div class='ocr_carea' id='block_1_81' title="bbox 1987 3799 3562 3878">
    <p class='ocr_par' dir='ltr' id='par_1_81' title="bbox 1987 3799 3562 3878">
     <span class='ocr_line' id='line_1_81' title="bbox 1987 3799 3562 3878; baseline 0.003 -23"><span class='ocrx_word' id='word_1_556' title='bbox 1987 3799 2089 3874; x_wconf 78' lang='grc' dir='ltr'>ἧκε</span> <span class='ocrx_word' id='word_1_557' title='bbox 2121 3805 2523 3870; x_wconf 83' lang='grc' dir='ltr'>Κωνστάντιος,</span> <span class='ocrx_word' id='word_1_558' title='bbox 2544 3805 2609 3858; x_wconf 72' lang='grc' dir='ltr'><strong>ἐκ</strong></span> <span class='ocrx_word' id='word_1_559' title='bbox 2644 3805 2746 3874; x_wconf 81' lang='grc' dir='ltr'>τῆς</span> <span class='ocrx_word' id='word_1_560' title='bbox 2771 3804 2888 3859; x_wconf 81' lang='grc' dir='ltr'>Ἕω</span> <span class='ocrx_word' id='word_1_561' title='bbox 2920 3805 3298 3878; x_wconf 83' lang='grc' dir='ltr'>διαμηνυθεὶς,</span> <span class='ocrx_word' id='word_1_562' title='bbox 3329 3807 3562 3878; x_wconf 85' lang='grc' dir='ltr'>μεγαλο-</span> 
     </span>
    </p>
   </div>
   <div class='ocr_carea' id='block_1_82' title="bbox 1988 3896 3561 3971">
    <p class='ocr_par' dir='ltr' id='par_1_82' title="bbox 1988 3896 3561 3971">
     <span class='ocr_line' id='line_1_82' title="bbox 1988 3896 3561 3971; baseline 0.002 -23"><span class='ocrx_word' id='word_1_563' title='bbox 1988 3896 2218 3965; x_wconf 86' lang='grc' dir='ltr'>πρεπῶς</span> <span class='ocrx_word' id='word_1_564' title='bbox 2251 3897 2512 3965; x_wconf 72' lang='grc' dir='ltr'>ἐκήδευσε</span> <span class='ocrx_word' id='word_1_565' title='bbox 2542 3897 2634 3950; x_wconf 80' lang='grc' dir='ltr'>τὸν</span> <span class='ocrx_word' id='word_1_566' title='bbox 2666 3897 2876 3967; x_wconf 84' lang='grc' dir='ltr'>πατέρα</span> <span class='ocrx_word' id='word_1_567' title='bbox 2910 3899 2966 3950; x_wconf 84' lang='grc' dir='ltr'><strong>ἐν</strong></span> <span class='ocrx_word' id='word_1_568' title='bbox 2982 3900 3050 3969; x_wconf 79' lang='grc' dir='ltr'>τῇ</span> <span class='ocrx_word' id='word_1_569' title='bbox 3077 3899 3344 3970; x_wconf 71' lang='grc' dir='ltr'>ἐκκλησίᾳ</span> <span class='ocrx_word' id='word_1_570' title='bbox 3371 3899 3406 3971; x_wconf 81' lang='grc' dir='ltr'><strong>ή</strong></span> <span class='ocrx_word' id='word_1_571' title='bbox 3447 3899 3561 3952; x_wconf 84' lang='grc' dir='ltr'><strong>τῶν</strong></span> 
     </span>
    </p>
   </div>
   <div class='ocr_carea' id='block_1_83' title="bbox 1989 3986 3563 4060">
    <p class='ocr_par' dir='ltr' id='par_1_83' title="bbox 1989 3986 3563 4060">
     <span class='ocr_line' id='line_1_83' title="bbox 1989 3986 3563 4060; baseline 0.001 -17"><span class='ocrx_word' id='word_1_572' title='bbox 1989 3986 2333 4043; x_wconf 84' lang='grc' dir='ltr'>Ἀποστόλων</span> <span class='ocrx_word' id='word_1_573' title='bbox 2349 3988 2495 4041; x_wconf 81' lang='grc' dir='ltr'>ἐστὶν</span> <span class='ocrx_word' id='word_1_574' title='bbox 2524 3987 2813 4059; x_wconf 81' lang='grc' dir='ltr'>ἐπώνυμος</span> <span class='ocrx_word' id='word_1_575' title='bbox 2846 4004 2861 4021; x_wconf 74' lang='grc' dir='ltr'><strong><em>ο</em></strong></span> <span class='ocrx_word' id='word_1_576' title='bbox 2888 3988 3018 4043; x_wconf 73' lang='grc' dir='ltr'>ἔνθα</span> <span class='ocrx_word' id='word_1_577' title='bbox 3050 3990 3132 4042; x_wconf 76' lang='grc' dir='ltr'><strong>ἔτι</strong></span> <span class='ocrx_word' id='word_1_578' title='bbox 3159 3989 3234 4060; x_wconf 84' lang='grc' dir='ltr'>τῷ</span> <span class='ocrx_word' id='word_1_579' title='bbox 3264 3989 3366 4060; x_wconf 74' lang='grc' dir='ltr'><strong>ζῇν</strong></span> <span class='ocrx_word' id='word_1_580' title='bbox 3404 4008 3563 4059; x_wconf 86' lang='grc' dir='ltr'>περι-</span> 
     </span>
    </p>
   </div>
   <div class='ocr_carea' id='block_1_84' title="bbox 1989 4080 3563 4154">
    <p class='ocr_par' dir='ltr' id='par_1_84' title="bbox 1989 4080 3563 4154">
     <span class='ocr_line' id='line_1_84' title="bbox 1989 4080 3563 4154; baseline 0.003 -23"><span class='ocrx_word' id='word_1_581' title='bbox 1989 4080 2064 4132; x_wconf 87' lang='grc' dir='ltr'>ὼν</span> <span class='ocrx_word' id='word_1_582' title='bbox 2092 4081 2521 4144; x_wconf 80' lang='grc' dir='ltr'>Κωνσταντϊνος,</span> <span class='ocrx_word' id='word_1_583' title='bbox 2546 4082 2701 4150; x_wconf 77' lang='grc' dir='ltr'>ἠρίον</span> <span class='ocrx_word' id='word_1_584' title='bbox 2730 4082 2912 4151; x_wconf 87' lang='grc' dir='ltr'>ἐαυτῷ</span> <span class='ocrx_word' id='word_1_585' title='bbox 2934 4084 3363 4151; x_wconf 86' lang='grc' dir='ltr'>κατεσκεύασεν,</span> <span class='ocrx_word' id='word_1_586' title='bbox 3400 4085 3428 4138; x_wconf 82' lang='grc' dir='ltr'><strong>δ</strong></span> <span class='ocrx_word' id='word_1_587' title='bbox 3456 4085 3563 4154; x_wconf 83' lang='grc' dir='ltr'><strong>βω-</strong></span> 
     </span>
    </p>
   </div>
   <div class='ocr_carea' id='block_1_85' title="bbox 1993 4169 3564 4247">
    <p class='ocr_par' dir='ltr' id='par_1_85' title="bbox 1993 4169 3564 4247">
     <span class='ocr_line' id='line_1_85' title="bbox 1993 4169 3564 4247; baseline 0.002 -22"><span class='ocrx_word' id='word_1_588' title='bbox 1993 4173 2092 4242; x_wconf 76' lang='grc' dir='ltr'><strong>μὸς</strong></span> <span class='ocrx_word' id='word_1_589' title='bbox 2127 4172 2402 4243; x_wconf 79' lang='grc' dir='ltr'>Ἑλλήνων</span> <span class='ocrx_word' id='word_1_590' title='bbox 2427 4174 2695 4245; x_wconf 87' lang='grc' dir='ltr'>πρότερον</span> <span class='ocrx_word' id='word_1_591' title='bbox 2712 4169 2810 4246; x_wconf 78' lang='grc' dir='ltr'>ἦν,</span> <span class='ocrx_word' id='word_1_592' title='bbox 2846 4175 3180 4230; x_wconf 84' lang='grc' dir='ltr'>δωδεκάθεον</span> <span class='ocrx_word' id='word_1_593' title='bbox 3203 4176 3400 4247; x_wconf 73' lang='grc' dir='ltr'>ὄνομα,</span> <span class='ocrx_word' id='word_1_594' title='bbox 3434 4177 3564 4231; x_wconf 80' lang='grc' dir='ltr'>θέα.</span> 
     </span>
    </p>
   </div>
   <div class='ocr_carea' id='block_1_86' title="bbox 1993 4262 3564 4342">
    <p class='ocr_par' dir='ltr' id='par_1_86' title="bbox 1993 4262 3564 4342">
     <span class='ocr_line' id='line_1_86' title="bbox 1993 4262 3564 4342; baseline 0.004 -25"><span class='ocrx_word' id='word_1_595' title='bbox 1993 4280 2066 4332; x_wconf 85' lang='grc' dir='ltr'><strong>μα</strong></span> <span class='ocrx_word' id='word_1_596' title='bbox 2094 4262 2251 4332; x_wconf 83' lang='grc' dir='ltr'>λόγου</span> <span class='ocrx_word' id='word_1_597' title='bbox 2278 4263 2475 4317; x_wconf 79' lang='grc' dir='ltr'>πολλοῦ</span> <span class='ocrx_word' id='word_1_598' title='bbox 2501 4265 2677 4330; x_wconf 60' lang='grc' dir='ltr'>ἄξιον</span> <span class='ocrx_word' id='word_1_599' title='bbox 2701 4267 2836 4320; x_wconf 77' lang='grc' dir='ltr'>ὅπου</span> <span class='ocrx_word' id='word_1_600' title='bbox 2861 4268 2925 4339; x_wconf 85' lang='grc' dir='ltr'><strong>δή</strong></span> <span class='ocrx_word' id='word_1_601' title='bbox 2955 4269 3015 4320; x_wconf 84' lang='grc' dir='ltr'>ὲν</span> <span class='ocrx_word' id='word_1_602' title='bbox 3046 4268 3279 4337; x_wconf 85' lang='grc' dir='ltr'>λάρνακι</span> <span class='ocrx_word' id='word_1_603' title='bbox 3304 4276 3564 4342; x_wconf 71' lang='grc' dir='ltr'>πορφυρᾷ</span> 
     </span>
    </p>
   </div>
   <div class='ocr_carea' id='block_1_87' title="bbox 1989 4354 3564 4439">
    <p class='ocr_par' dir='ltr' id='par_1_87' title="bbox 1989 4354 3564 4439">
     <span class='ocr_line' id='line_1_87' title="bbox 1989 4354 3564 4439; baseline 0.005 -32"><span class='ocrx_word' id='word_1_604' title='bbox 1989 4354 2257 4423; x_wconf 82' lang='grc' dir='ltr'>κατετέθη</span> <span class='ocrx_word' id='word_1_605' title='bbox 2320 4354 2541 4424; x_wconf 85' lang='grc' dir='ltr'>σύναμα</span> <span class='ocrx_word' id='word_1_606' title='bbox 2607 4356 2793 4439; x_wconf 78' lang='grc' dir='ltr'>Ἑλένῃ</span> <span class='ocrx_word' id='word_1_607' title='bbox 2871 4361 3060 4430; x_wconf 87' lang='grc' dir='ltr'>μητρί.</span> <span class='ocrx_word' id='word_1_608' title='bbox 3109 4361 3207 4413; x_wconf 86' lang='grc' dir='ltr'><strong>Ἐκ</strong></span> <span class='ocrx_word' id='word_1_609' title='bbox 3247 4359 3305 4413; x_wconf 79' lang='grc' dir='ltr'><strong>δὲ</strong></span> <span class='ocrx_word' id='word_1_610' title='bbox 3367 4361 3564 4415; x_wconf 68' lang='grc' dir='ltr'>τούτου</span> 
     </span>
    </p>
   </div>
   <div class='ocr_carea' id='block_1_88' title="bbox 1990 4444 3583 4523">
    <p class='ocr_par' dir='ltr' id='par_1_88' title="bbox 1990 4444 3583 4523">
     <span class='ocr_line' id='line_1_88' title="bbox 1990 4444 3583 4523; baseline 0.007 -26"><span class='ocrx_word' id='word_1_611' title='bbox 1990 4444 2144 4508; x_wconf 78' lang='grc' dir='ltr'>ἔθους</span> <span class='ocrx_word' id='word_1_612' title='bbox 2172 4447 2565 4516; x_wconf 82' lang='grc' dir='ltr'>γεγενημένου,</span> <span class='ocrx_word' id='word_1_613' title='bbox 2594 4448 2693 4502; x_wconf 80' lang='grc' dir='ltr'>καὶ</span> <span class='ocrx_word' id='word_1_614' title='bbox 2712 4449 2763 4502; x_wconf 82' lang='grc' dir='ltr'>οῑ</span> <span class='ocrx_word' id='word_1_615' title='bbox 2795 4449 3034 4520; x_wconf 81' lang='grc' dir='ltr'>καθεξῆς</span> <span class='ocrx_word' id='word_1_616' title='bbox 3087 4453 3432 4523; x_wconf 82' lang='grc' dir='ltr'>Χριστιανῶν</span> <span class='ocrx_word' id='word_1_617' title='bbox 3462 4454 3583 4523; x_wconf 56' lang='grc' dir='ltr'><strong>βαά</strong></span> 
     </span>
    </p>
   </div>
   <div class='ocr_carea' id='block_1_89' title="bbox 321 4520 1881 4610">
    <p class='ocr_par' dir='ltr' id='par_1_89' title="bbox 321 4521 1881 4599">
     <span class='ocr_line' id='line_1_89' title="bbox 321 4521 1881 4599; baseline 0.013 -32"><span class='ocrx_word' id='word_1_618' title='bbox 321 4534 346 4567; x_wconf 76' lang='lat' dir='ltr'><strong>s</strong></span> <span class='ocrx_word' id='word_1_619' title='bbox 389 4535 453 4581; x_wconf 85' lang='lat' dir='ltr'><strong>ue</strong></span> <span class='ocrx_word' id='word_1_620' title='bbox 488 4521 887 4588; x_wconf 86' lang='lat' dir='ltr'><strong>spectaculum.</strong></span> <span class='ocrx_word' id='word_1_621' title='bbox 934 4523 1015 4578; x_wconf 89' lang='lat' dir='ltr'><strong>Ibi</strong></span> <span class='ocrx_word' id='word_1_622' title='bbox 1065 4528 1119 4579; x_wconf 85' lang='lat' dir='ltr'><strong>in</strong></span> <span class='ocrx_word' id='word_1_623' title='bbox 1159 4542 1293 4581; x_wconf 90' lang='lat' dir='ltr'><strong>urna</strong></span> <span class='ocrx_word' id='word_1_624' title='bbox 1328 4528 1701 4599; x_wconf 85' lang='lat' dir='ltr'><strong>porphyretici</strong></span> <span class='ocrx_word' id='word_1_625' title='bbox 1738 4547 1881 4587; x_wconf 88' lang='lat' dir='ltr'><strong>mar-</strong></span> 
     </span>
    </p>
   </div>
   <div class='ocr_carea' id='block_1_90' title="bbox 1985 4520 3563 4610">
    <p class='ocr_par' dir='ltr' id='par_1_90' title="bbox 1993 4520 3563 4610">
     <span class='ocr_line' id='line_1_90' title="bbox 1993 4520 3563 4610; baseline 0.008 -23"><span class='ocrx_word' id='word_1_626' title='bbox 1993 4535 2161 4599; x_wconf 80' lang='grc' dir='ltr'>σιλεῖς</span> <span class='ocrx_word' id='word_1_627' title='bbox 2189 4538 2307 4589; x_wconf 81' lang='grc' dir='ltr'>ικει</span> <span class='ocrx_word' id='word_1_628' title='bbox 2334 4537 2741 4593; x_wconf 78' lang='grc' dir='ltr'>κατατίθενται.</span> <span class='ocrx_word' id='word_1_629' title='bbox 2775 4541 2852 4594; x_wconf 83' lang='grc' dir='ltr'><strong>Οὐ</strong></span> <span class='ocrx_word' id='word_1_630' title='bbox 2890 4540 2997 4610; x_wconf 79' lang='grc' dir='ltr'>μὴν</span> <span class='ocrx_word' id='word_1_631' title='bbox 3016 4543 3073 4596; x_wconf 76' lang='grc' dir='ltr'>δι</span> <span class='ocrx_word' id='word_1_632' title='bbox 3102 4520 3238 4599; x_wconf 78' lang='grc' dir='ltr'>ἀλλὰ</span> <span class='ocrx_word' id='word_1_633' title='bbox 3259 4546 3352 4599; x_wconf 84' lang='grc' dir='ltr'><strong>και</strong></span> <span class='ocrx_word' id='word_1_634' title='bbox 3385 4548 3433 4599; x_wconf 83' lang='grc' dir='ltr'>οι</span> <span class='ocrx_word' id='word_1_635' title='bbox 3463 4520 3563 4600; x_wconf 56' lang='grc' dir='ltr'>ξω</span> 
     </span>
    </p>
   </div>
   <div class='ocr_carea' id='block_1_91' title="bbox 320 4611 1886 4687">
    <p class='ocr_par' dir='ltr' id='par_1_91' title="bbox 320 4611 1886 4687">
     <span class='ocr_line' id='line_1_91' title="bbox 320 4611 1886 4687; baseline 0.011 -25"><span class='ocrx_word' id='word_1_636' title='bbox 320 4627 374 4674; x_wconf 65' lang='lat' dir='ltr'><strong>in</strong></span> <span class='ocrx_word' id='word_1_637' title='bbox 398 4611 510 4676; x_wconf 66' lang='lat' dir='ltr'><strong>iris,</strong></span> <span class='ocrx_word' id='word_1_638' title='bbox 539 4628 642 4667; x_wconf 92' lang='lat' dir='ltr'><strong>una</strong></span> <span class='ocrx_word' id='word_1_639' title='bbox 675 4628 799 4669; x_wconf 92' lang='lat' dir='ltr'><strong>cum</strong></span> <span class='ocrx_word' id='word_1_640' title='bbox 835 4625 1010 4671; x_wconf 88' lang='lat' dir='ltr'><strong>matre</strong></span> <span class='ocrx_word' id='word_1_641' title='bbox 1043 4616 1249 4672; x_wconf 85' lang='lat' dir='ltr'><strong>Helena</strong></span> <span class='ocrx_word' id='word_1_642' title='bbox 1288 4620 1565 4687; x_wconf 80' lang='lat' dir='ltr'><strong>repositus</strong></span> <span class='ocrx_word' id='word_1_643' title='bbox 1596 4632 1699 4677; x_wconf 86' lang='lat' dir='ltr'><strong>est.</strong></span> <span class='ocrx_word' id='word_1_644' title='bbox 1731 4622 1886 4681; x_wconf 87' lang='lat' dir='ltr'><strong>Unde</strong></span> 
     </span>
    </p>
   </div>
   <div class='ocr_carea' id='block_1_92' title="bbox 323 4710 1887 4785">
    <p class='ocr_par' dir='ltr' id='par_1_92' title="bbox 323 4710 1887 4785">
     <span class='ocr_line' id='line_1_92' title="bbox 323 4710 1887 4785; baseline 0.015 -34"><span class='ocrx_word' id='word_1_645' title='bbox 323 4720 438 4758; x_wconf 81' lang='lat' dir='ltr'><strong>mos</strong></span> <span class='ocrx_word' id='word_1_646' title='bbox 471 4714 661 4768; x_wconf 85' lang='lat' dir='ltr'><strong>postea</strong></span> <span class='ocrx_word' id='word_1_647' title='bbox 697 4717 945 4776; x_wconf 88' lang='lat' dir='ltr'><strong>secutus,</strong></span> <span class='ocrx_word' id='word_1_648' title='bbox 981 4717 1041 4764; x_wconf 90' lang='lat' dir='ltr'><strong>ut</strong></span> <span class='ocrx_word' id='word_1_649' title='bbox 1077 4710 1337 4782; x_wconf 86' lang='lat' dir='ltr'><strong>deinceps</strong></span> <span class='ocrx_word' id='word_1_650' title='bbox 1366 4711 1443 4767; x_wconf 91' lang='lat' dir='ltr'><strong>ibi</strong></span> <span class='ocrx_word' id='word_1_651' title='bbox 1469 4729 1690 4785; x_wconf 87' lang='lat' dir='ltr'><strong>quoque</strong></span> <span class='ocrx_word' id='word_1_652' title='bbox 1723 4718 1887 4773; x_wconf 81' lang='lat' dir='ltr'><strong>Clu-i-</strong></span> 
     </span>
    </p>
   </div>
   <div class='ocr_carea' id='block_1_93' title="bbox 318 4797 1888 4872">
    <p class='ocr_par' dir='ltr' id='par_1_93' title="bbox 318 4797 1888 4872">
     <span class='ocr_line' id='line_1_93' title="bbox 318 4797 1888 4872; baseline 0.01 -25"><span class='ocrx_word' id='word_1_653' title='bbox 318 4797 482 4849; x_wconf 65' lang='lat' dir='ltr'><strong>stiani</strong></span> <span class='ocrx_word' id='word_1_654' title='bbox 522 4798 884 4867; x_wconf 87' lang='lat' dir='ltr'><strong>imperatores</strong></span> <span class='ocrx_word' id='word_1_655' title='bbox 926 4802 1318 4872; x_wconf 80' lang='lat' dir='ltr'><strong>sepelirentur.</strong></span> <span class='ocrx_word' id='word_1_656' title='bbox 1360 4804 1502 4872; x_wconf 88' lang='lat' dir='ltr'><strong>Quin</strong></span> <span class='ocrx_word' id='word_1_657' title='bbox 1532 4815 1589 4861; x_wconf 90' lang='lat' dir='ltr'><strong>et</strong></span> <span class='ocrx_word' id='word_1_658' title='bbox 1621 4805 1888 4863; x_wconf 85' lang='lat' dir='ltr'><strong>Constan-</strong></span> 
     </span>
    </p>
   </div>
   <div class='ocr_carea' id='block_1_94' title="bbox 321 4889 1887 4968">
    <p class='ocr_par' dir='ltr' id='par_1_94' title="bbox 321 4889 1887 4968">
     <span class='ocr_line' id='line_1_94' title="bbox 321 4889 1887 4968; baseline 0.01 -28"><span class='ocrx_word' id='word_1_659' title='bbox 321 4889 689 4958; x_wconf 82' lang='lat' dir='ltr'><strong>tmopolitani,</strong></span> <span class='ocrx_word' id='word_1_660' title='bbox 723 4891 927 4963; x_wconf 87' lang='lat' dir='ltr'><strong>aliique</strong></span> <span class='ocrx_word' id='word_1_661' title='bbox 956 4894 1085 4949; x_wconf 89' lang='lat' dir='ltr'><strong>item</strong></span> <span class='ocrx_word' id='word_1_662' title='bbox 1121 4895 1325 4952; x_wconf 87' lang='lat' dir='ltr'><strong>virtute</strong></span> <span class='ocrx_word' id='word_1_663' title='bbox 1360 4897 1606 4968; x_wconf 79' lang='lat' dir='ltr'><strong>insignes</strong></span> <span class='ocrx_word' id='word_1_664' title='bbox 1636 4899 1887 4968; x_wconf 87' lang='lat' dir='ltr'><strong>episcopi</strong></span> 
     </span>
    </p>
   </div>
   <div class='ocr_carea' id='block_1_95' title="bbox 321 4980 1887 5060">
    <p class='ocr_par' dir='ltr' id='par_1_95' title="bbox 321 4980 1887 5060">
     <span class='ocr_line' id='line_1_95' title="bbox 321 4980 1887 5060; baseline 0.009 -28"><span class='ocrx_word' id='word_1_665' title='bbox 321 4981 373 5043; x_wconf 78' lang='lat' dir='ltr'><strong>iu</strong></span> <span class='ocrx_word' id='word_1_666' title='bbox 421 4980 799 5050; x_wconf 86' lang='lat' dir='ltr'><strong>apostolorum</strong></span> <span class='ocrx_word' id='word_1_667' title='bbox 857 4983 1090 5040; x_wconf 90' lang='lat' dir='ltr'><strong>delubro</strong></span> <span class='ocrx_word' id='word_1_668' title='bbox 1144 4997 1273 5040; x_wconf 87' lang='lat' dir='ltr'><strong>sunt</strong></span> <span class='ocrx_word' id='word_1_669' title='bbox 1325 4988 1600 5056; x_wconf 89' lang='lat' dir='ltr'><strong>tumulati,</strong></span> <span class='ocrx_word' id='word_1_670' title='bbox 1656 4990 1887 5060; x_wconf 88' lang='lat' dir='ltr'><strong>perinde</strong></span> 
     </span>
    </p>
   </div>
   <div class='ocr_carea' id='block_1_96' title="bbox 319 5072 1886 5150">
    <p class='ocr_par' dir='ltr' id='par_1_96' title="bbox 319 5072 1886 5150">
     <span class='ocr_line' id='line_1_96' title="bbox 319 5072 1886 5150; baseline 0.007 -26"><span class='ocrx_word' id='word_1_671' title='bbox 319 5084 483 5143; x_wconf 74' lang='lat' dir='ltr'><strong>atque</strong></span> <span class='ocrx_word' id='word_1_672' title='bbox 514 5072 889 5142; x_wconf 73' lang='lat' dir='ltr'><strong>imperatorim</strong></span> <span class='ocrx_word' id='word_1_673' title='bbox 918 5077 1169 5146; x_wconf 82' lang='lat' dir='ltr'><strong>dignitati</strong></span> <span class='ocrx_word' id='word_1_674' title='bbox 1207 5095 1306 5150; x_wconf 88' lang='lat' dir='ltr'><strong>par</strong></span> <span class='ocrx_word' id='word_1_675' title='bbox 1337 5078 1548 5134; x_wconf 88' lang='lat' dir='ltr'><strong>honore</strong></span> <span class='ocrx_word' id='word_1_676' title='bbox 1583 5092 1731 5137; x_wconf 83' lang='lat' dir='ltr'><strong>esset</strong></span> <span class='ocrx_word' id='word_1_677' title='bbox 1769 5083 1886 5137; x_wconf 87' lang='lat' dir='ltr'><strong>sin-</strong></span> 
     </span>
    </p>
   </div>
   <div class='ocr_carea' id='block_1_97' title="bbox 319 5168 1888 5243">
    <p class='ocr_par' dir='ltr' id='par_1_97' title="bbox 319 5168 1888 5243">
     <span class='ocr_line' id='line_1_97' title="bbox 319 5168 1888 5243; baseline 0.006 -22"><span class='ocrx_word' id='word_1_678' title='bbox 319 5184 443 5221; x_wconf 64' lang='lat' dir='ltr'><strong>t-i-re</strong></span> <span class='ocrx_word' id='word_1_679' title='bbox 468 5168 656 5223; x_wconf 90' lang='lat' dir='ltr'><strong>obitus</strong></span> <span class='ocrx_word' id='word_1_680' title='bbox 674 5169 1043 5240; x_wconf 86' lang='lat' dir='ltr'><strong>episcopatus.</strong></span> <span class='ocrx_word' id='word_1_681' title='bbox 1064 5172 1232 5241; x_wconf 90' lang='lat' dir='ltr'><strong>quue</strong></span> <span class='ocrx_word' id='word_1_682' title='bbox 1255 5172 1483 5238; x_wconf 81' lang='lat' dir='ltr'><strong>factum,</strong></span> <span class='ocrx_word' id='word_1_683' title='bbox 1509 5184 1565 5229; x_wconf 88' lang='lat' dir='ltr'><strong>ut</strong></span> <span class='ocrx_word' id='word_1_684' title='bbox 1594 5192 1703 5229; x_wconf 91' lang='lat' dir='ltr'><strong>non</strong></span> <span class='ocrx_word' id='word_1_685' title='bbox 1727 5175 1888 5243; x_wconf 79' lang='lat' dir='ltr'><strong>longe</strong></span> 
     </span>
    </p>
   </div>
   <div class='ocr_carea' id='block_1_98' title="bbox 318 5263 1887 5337">
    <p class='ocr_par' dir='ltr' id='par_1_98' title="bbox 318 5263 1887 5337">
     <span class='ocr_line' id='line_1_98' title="bbox 318 5263 1887 5337; baseline 0.004 -20"><span class='ocrx_word' id='word_1_686' title='bbox 318 5263 385 5317; x_wconf 68' lang='lat' dir='ltr'><strong>ab</strong></span> <span class='ocrx_word' id='word_1_687' title='bbox 417 5263 794 5329; x_wconf 87' lang='lat' dir='ltr'><strong>apostolorum</strong></span> <span class='ocrx_word' id='word_1_688' title='bbox 820 5263 1071 5333; x_wconf 87' lang='lat' dir='ltr'><strong>reliquiis</strong></span> <span class='ocrx_word' id='word_1_689' title='bbox 1094 5266 1297 5319; x_wconf 84' lang='lat' dir='ltr'><strong>absint.</strong></span> <span class='ocrx_word' id='word_1_690' title='bbox 1326 5264 1515 5335; x_wconf 84' lang='lat' dir='ltr'><strong>Magna</strong></span> <span class='ocrx_word' id='word_1_691' title='bbox 1538 5267 1686 5321; x_wconf 91' lang='lat' dir='ltr'><strong>enim</strong></span> <span class='ocrx_word' id='word_1_692' title='bbox 1714 5268 1887 5337; x_wconf 84' lang='lat' dir='ltr'><strong>gloria</strong></span> 
     </span>
    </p>
   </div>
   <div class='ocr_carea' id='block_1_99' title="bbox 317 5356 1885 5425">
    <p class='ocr_par' dir='ltr' id='par_1_99' title="bbox 317 5356 1885 5425">
     <span class='ocr_line' id='line_1_99' title="bbox 317 5356 1885 5425; baseline 0.006 -20"><span class='ocrx_word' id='word_1_693' title='bbox 317 5366 504 5425; x_wconf 66' lang='lat' dir='ltr'><strong>pnstea</strong></span> <span class='ocrx_word' id='word_1_694' title='bbox 573 5356 843 5410; x_wconf 30' lang='lat' dir='ltr'><strong>boni-rum</strong></span> <span class='ocrx_word' id='word_1_695' title='bbox 905 5358 1236 5411; x_wconf 87' lang='lat' dir='ltr'><strong>conciliator</strong></span> <span class='ocrx_word' id='word_1_696' title='bbox 1293 5358 1436 5412; x_wconf 87' lang='lat' dir='ltr'><strong>Deus</strong></span> <span class='ocrx_word' id='word_1_697' title='bbox 1496 5358 1676 5412; x_wconf 80' lang='lat' dir='ltr'><strong>virum</strong></span> <span class='ocrx_word' id='word_1_698' title='bbox 1737 5375 1885 5423; x_wconf 90' lang='lat' dir='ltr'><strong>eum,</strong></span> 
     </span>
    </p>
   </div>
   <div class='ocr_carea' id='block_1_100' title="bbox 317 5447 1886 5513">
    <p class='ocr_par' dir='ltr' id='par_1_100' title="bbox 317 5447 1886 5513">
     <span class='ocr_line' id='line_1_100' title="bbox 317 5447 1886 5513; baseline 0.004 -16"><span class='ocrx_word' id='word_1_699' title='bbox 317 5447 493 5513; x_wconf 70' lang='lat' dir='ltr'><strong>\‘«;]uli-</strong></span> <span class='ocrx_word' id='word_1_700' title='bbox 518 5448 731 5502; x_wconf 80' lang='lat' dir='ltr'><strong>ﬁdelem</strong></span> <span class='ocrx_word' id='word_1_701' title='bbox 764 5448 1074 5502; x_wconf 88' lang='lat' dir='ltr'><strong>ministrqu</strong></span> <span class='ocrx_word' id='word_1_702' title='bbox 1107 5448 1497 5513; x_wconf 78' lang='lat' dir='ltr'><strong>accumulavit,</strong></span> <span class='ocrx_word' id='word_1_703' title='bbox 1537 5449 1886 5504; x_wconf 87' lang='lat' dir='ltr'><strong>sanationum</strong></span> 
     </span>
    </p>
   </div>
   <div class='ocr_carea' id='block_1_101' title="bbox 318 5539 1885 5611">
    <p class='ocr_par' dir='ltr' id='par_1_101' title="bbox 318 5539 1885 5611">
     <span class='ocr_line' id='line_1_101' title="bbox 318 5539 1885 5611; baseline 0.004 -21"><span class='ocrx_word' id='word_1_704' title='bbox 318 5550 371 5590; x_wconf 86' lang='lat' dir='ltr'><strong>ct</strong></span> <span class='ocrx_word' id='word_1_705' title='bbox 421 5539 812 5599; x_wconf 79' lang='lat' dir='ltr'><strong>miraculorum</strong></span> <span class='ocrx_word' id='word_1_706' title='bbox 860 5542 1034 5611; x_wconf 82' lang='lat' dir='ltr'><strong>gratia</strong></span> <span class='ocrx_word' id='word_1_707' title='bbox 1068 5551 1125 5598; x_wconf 87' lang='lat' dir='ltr'><strong>et</strong></span> <span class='ocrx_word' id='word_1_708' title='bbox 1169 5558 1320 5596; x_wconf 73' lang='lat' dir='ltr'><strong>urna:</strong></span> <span class='ocrx_word' id='word_1_709' title='bbox 1358 5552 1412 5595; x_wconf 90' lang='lat' dir='ltr'><strong>ct</strong></span> <span class='ocrx_word' id='word_1_710' title='bbox 1451 5548 1646 5596; x_wconf 70' lang='lat' dir='ltr'><strong>statua:</strong></span> <span class='ocrx_word' id='word_1_711' title='bbox 1690 5541 1885 5610; x_wconf 86' lang='lat' dir='ltr'><strong>ipsius,</strong></span> 
     </span>
    </p>
   </div>
   <div class='ocr_carea' id='block_1_102' title="bbox 321 5628 1885 5702">
    <p class='ocr_par' dir='ltr' id='par_1_102' title="bbox 321 5628 1885 5702">
     <span class='ocr_line' id='line_1_102' title="bbox 321 5628 1885 5702; baseline 0.006 -23"><span class='ocrx_word' id='word_1_712' title='bbox 321 5644 442 5694; x_wconf 66' lang='lat' dir='ltr'><strong>(rue</strong></span> <span class='ocrx_word' id='word_1_713' title='bbox 474 5628 527 5681; x_wconf 90' lang='lat' dir='ltr'><strong>in</strong></span> <span class='ocrx_word' id='word_1_714' title='bbox 562 5631 937 5702; x_wconf 75' lang='lat' dir='ltr'><strong>porphyretici</strong></span> <span class='ocrx_word' id='word_1_715' title='bbox 972 5632 1258 5686; x_wconf 83' lang='lat' dir='ltr'><strong>marmoris</strong></span> <span class='ocrx_word' id='word_1_716' title='bbox 1287 5631 1540 5687; x_wconf 87' lang='lat' dir='ltr'><strong>columna</strong></span> <span class='ocrx_word' id='word_1_717' title='bbox 1577 5633 1752 5700; x_wconf 84' lang='lat' dir='ltr'><strong>posita</strong></span> <span class='ocrx_word' id='word_1_718' title='bbox 1779 5645 1885 5697; x_wconf 65' lang='lat' dir='ltr'><strong>cst,</strong></span> 
     </span>
    </p>
   </div>
   <div class='ocr_carea' id='block_1_103' title="bbox 324 5719 1888 5794">
    <p class='ocr_par' dir='ltr' id='par_1_103' title="bbox 324 5719 1888 5794">
     <span class='ocr_line' id='line_1_103' title="bbox 324 5719 1888 5794; baseline 0.005 -21"><span class='ocrx_word' id='word_1_719' title='bbox 324 5719 591 5787; x_wconf 80' lang='lat' dir='ltr'><strong>immissa,</strong></span> <span class='ocrx_word' id='word_1_720' title='bbox 631 5728 691 5775; x_wconf 68' lang='grc' dir='ltr'>ιη</span> <span class='ocrx_word' id='word_1_721' title='bbox 724 5723 983 5794; x_wconf 85' lang='lat' dir='ltr'><strong>deinceps</strong></span> <span class='ocrx_word' id='word_1_722' title='bbox 1031 5725 1173 5779; x_wconf 83' lang='lat' dir='ltr'><strong>nulla</strong></span> <span class='ocrx_word' id='word_1_723' title='bbox 1224 5723 1492 5793; x_wconf 67' lang='lat' dir='ltr'><strong>mgritudo</strong></span> <span class='ocrx_word' id='word_1_724' title='bbox 1534 5728 1888 5781; x_wconf 83' lang='lat' dir='ltr'><strong>contrectatis</strong></span> 
     </span>
    </p>
   </div>
   <div class='ocr_carea' id='block_1_104' title="bbox 321 5811 1885 5881">
    <p class='ocr_par' dir='ltr' id='par_1_104' title="bbox 321 5811 1885 5881">
     <span class='ocr_line' id='line_1_104' title="bbox 321 5811 1885 5881; baseline 0.004 -18"><span class='ocrx_word' id='word_1_725' title='bbox 321 5811 402 5874; x_wconf 74' lang='lat' dir='ltr'><strong>eis</strong></span> <span class='ocrx_word' id='word_1_726' title='bbox 439 5826 545 5865; x_wconf 90' lang='lat' dir='ltr'><strong>non</strong></span> <span class='ocrx_word' id='word_1_727' title='bbox 595 5811 841 5879; x_wconf 78' lang='lat' dir='ltr'><strong>cederet,</strong></span> <span class='ocrx_word' id='word_1_728' title='bbox 875 5825 926 5868; x_wconf 88' lang='lat' dir='ltr'><strong>et</strong></span> <span class='ocrx_word' id='word_1_729' title='bbox 973 5816 1103 5876; x_wconf 87' lang='lat' dir='ltr'><strong>ﬁdes</strong></span> <span class='ocrx_word' id='word_1_730' title='bbox 1152 5818 1304 5873; x_wconf 72' lang='lat' dir='ltr'><strong>vcrhi</strong></span> <span class='ocrx_word' id='word_1_731' title='bbox 1344 5816 1490 5873; x_wconf 80' lang='lat' dir='ltr'><strong>illius</strong></span> <span class='ocrx_word' id='word_1_732' title='bbox 1536 5816 1739 5881; x_wconf 75' lang='lat' dir='ltr'><strong>Christi</strong></span> <span class='ocrx_word' id='word_1_733' title='bbox 1792 5819 1885 5872; x_wconf 62' lang='lat' dir='ltr'><strong>a&#39;l-</strong></span> 
     </span>
    </p>
   </div>
   <div class='ocr_carea' id='block_1_105' title="bbox 1991 4627 3566 4704">
    <p class='ocr_par' dir='ltr' id='par_1_105' title="bbox 1991 4627 3566 4704">
     <span class='ocr_line' id='line_1_105' title="bbox 1991 4627 3566 4704; baseline 0.007 -25"><span class='ocrx_word' id='word_1_734' title='bbox 1991 4627 2402 4683; x_wconf 82' lang='grc' dir='ltr'>Κωνσταντίνου</span> <span class='ocrx_word' id='word_1_735' title='bbox 2448 4629 2545 4684; x_wconf 77' lang='grc' dir='ltr'>καὶ</span> <span class='ocrx_word' id='word_1_736' title='bbox 2575 4631 2725 4685; x_wconf 84' lang='grc' dir='ltr'>ἄλλοι</span> <span class='ocrx_word' id='word_1_737' title='bbox 2771 4631 2842 4685; x_wconf 79' lang='grc' dir='ltr'>δι’</span> <span class='ocrx_word' id='word_1_738' title='bbox 2895 4634 3099 4704; x_wconf 82' lang='grc' dir='ltr'>ἀρετὴν</span> <span class='ocrx_word' id='word_1_739' title='bbox 3155 4635 3444 4691; x_wconf 84' lang='grc' dir='ltr'>ἐπίσκοποι</span> <span class='ocrx_word' id='word_1_740' title='bbox 3502 4639 3566 4690; x_wconf 81' lang='grc' dir='ltr'><strong>τὸ</strong></span> 
     </span>
    </p>
   </div>
   <div class='ocr_carea' id='block_1_106' title="bbox 1989 4715 3564 4797">
    <p class='ocr_par' dir='ltr' id='par_1_106' title="bbox 1989 4715 3564 4797">
     <span class='ocr_line' id='line_1_106' title="bbox 1989 4715 3564 4797; baseline 0.006 -26"><span class='ocrx_word' id='word_1_741' title='bbox 1989 4718 2260 4788; x_wconf 87' lang='grc' dir='ltr'>ἐπίσημον</span> <span class='ocrx_word' id='word_1_742' title='bbox 2281 4719 2519 4790; x_wconf 74' lang='grc' dir='ltr'>ἔχοντες,</span> <span class='ocrx_word' id='word_1_743' title='bbox 2553 4723 2649 4775; x_wconf 75' lang='grc' dir='ltr'>καὶ</span> <span class='ocrx_word' id='word_1_744' title='bbox 2674 4715 2823 4778; x_wconf 70' lang='grc' dir='ltr'>οὗτοι</span> <span class='ocrx_word' id='word_1_745' title='bbox 2854 4725 2912 4779; x_wconf 70' lang='grc' dir='ltr'><strong>ἐν</strong></span> <span class='ocrx_word' id='word_1_746' title='bbox 2939 4725 3017 4797; x_wconf 81' lang='grc' dir='ltr'>τῷ</span> <span class='ocrx_word' id='word_1_747' title='bbox 3039 4725 3152 4780; x_wconf 88' lang='grc' dir='ltr'><strong>τῶν</strong></span> <span class='ocrx_word' id='word_1_748' title='bbox 3215 4729 3564 4782; x_wconf 75' lang='grc' dir='ltr'>’Δποστόλων</span> 
     </span>
    </p>
   </div>
   <div class='ocr_carea' id='block_1_107' title="bbox 1989 4808 3566 4890">
    <p class='ocr_par' dir='ltr' id='par_1_107' title="bbox 1989 4808 3566 4890">
     <span class='ocr_line' id='line_1_107' title="bbox 1989 4808 3566 4890; baseline 0.006 -26"><span class='ocrx_word' id='word_1_749' title='bbox 1989 4810 2121 4883; x_wconf 86' lang='grc' dir='ltr'>ίερῷ</span> <span class='ocrx_word' id='word_1_750' title='bbox 2163 4812 2574 4879; x_wconf 82' lang='grc' dir='ltr'>κατατίθενται.</span> <span class='ocrx_word' id='word_1_751' title='bbox 2618 4808 2813 4883; x_wconf 71' lang='grc' dir='ltr'>οἷάπερ</span> <span class='ocrx_word' id='word_1_752' title='bbox 2840 4818 3107 4888; x_wconf 84' lang='grc' dir='ltr'>ὁμοτίμου</span> <span class='ocrx_word' id='word_1_753' title='bbox 3158 4819 3256 4886; x_wconf 83' lang='grc' dir='ltr'>τῆς</span> <span class='ocrx_word' id='word_1_754' title='bbox 3284 4819 3566 4890; x_wconf 70' lang='grc' dir='ltr'>βασιλείας</span> 
     </span>
    </p>
   </div>
   <div class='ocr_carea' id='block_1_108' title="bbox 1988 4902 3565 4981">
    <p class='ocr_par' dir='ltr' id='par_1_108' title="bbox 1988 4902 3565 4981">
     <span class='ocr_line' id='line_1_108' title="bbox 1988 4902 3565 4981; baseline 0.006 -25"><span class='ocrx_word' id='word_1_755' title='bbox 1988 4902 2154 4975; x_wconf 72' lang='grc' dir='ltr'>οὔσης</span> <span class='ocrx_word' id='word_1_756' title='bbox 2183 4910 2278 4959; x_wconf 80' lang='grc' dir='ltr'>καὶ</span> <span class='ocrx_word' id='word_1_757' title='bbox 2329 4908 2429 4975; x_wconf 82' lang='grc' dir='ltr'>τῆς</span> <span class='ocrx_word' id='word_1_758' title='bbox 2467 4908 2761 4978; x_wconf 76' lang='grc' dir='ltr'>άγιὸδήλυυ</span> <span class='ocrx_word' id='word_1_759' title='bbox 2799 4910 3122 4979; x_wconf 76' lang='grc' dir='ltr'>ἱερωσύνης,</span> <span class='ocrx_word' id='word_1_760' title='bbox 3183 4911 3271 4964; x_wconf 75' lang='grc' dir='ltr'><strong>ενα</strong></span> <span class='ocrx_word' id='word_1_761' title='bbox 3332 4910 3456 4981; x_wconf 81' lang='grc' dir='ltr'>μηδ’</span> <span class='ocrx_word' id='word_1_762' title='bbox 3505 4915 3565 4965; x_wconf 77' lang='grc' dir='ltr'><strong>ἐν</strong></span> 
     </span>
    </p>
   </div>
   <div class='ocr_carea' id='block_1_109' title="bbox 1988 4994 3562 5069">
    <p class='ocr_par' dir='ltr' id='par_1_109' title="bbox 1988 4994 3562 5069">
     <span class='ocr_line' id='line_1_109' title="bbox 1988 4994 3562 5069; baseline 0.004 -23"><span class='ocrx_word' id='word_1_763' title='bbox 1988 4994 2163 5064; x_wconf 83' lang='grc' dir='ltr'>τούτῳ</span> <span class='ocrx_word' id='word_1_764' title='bbox 2223 4997 2331 5049; x_wconf 89' lang='grc' dir='ltr'><strong>τῶν</strong></span> <span class='ocrx_word' id='word_1_765' title='bbox 2392 4996 2765 5052; x_wconf 82' lang='grc' dir='ltr'>ἁποστολικῶν</span> <span class='ocrx_word' id='word_1_766' title='bbox 2829 4994 3259 5067; x_wconf 71' lang='grc' dir='ltr'>λειψάνωνῶσι</span> <span class='ocrx_word' id='word_1_767' title='bbox 3318 5000 3562 5069; x_wconf 79' lang='grc' dir='ltr'>μακράν.</span> 
     </span>
    </p>
   </div>
   <div class='ocr_carea' id='block_1_110' title="bbox 1989 5082 3565 5159">
    <p class='ocr_par' dir='ltr' id='par_1_110' title="bbox 1989 5082 3565 5159">
     <span class='ocr_line' id='line_1_110' title="bbox 1989 5082 3565 5159; baseline 0.003 -24"><span class='ocrx_word' id='word_1_768' title='bbox 1989 5082 2124 5154; x_wconf 71' lang='grc' dir='ltr'>Δόξῃ</span> <span class='ocrx_word' id='word_1_769' title='bbox 2147 5083 2203 5137; x_wconf 73' lang='grc' dir='ltr'>δὲ</span> <span class='ocrx_word' id='word_1_770' title='bbox 2230 5085 2399 5156; x_wconf 79' lang='grc' dir='ltr'>πολλῇ</span> <span class='ocrx_word' id='word_1_771' title='bbox 2429 5086 2458 5137; x_wconf 86' lang='grc' dir='ltr'>ὁ</span> <span class='ocrx_word' id='word_1_772' title='bbox 2487 5086 2596 5139; x_wconf 84' lang='grc' dir='ltr'><strong>τῶν</strong></span> <span class='ocrx_word' id='word_1_773' title='bbox 2646 5087 2869 5154; x_wconf 88' lang='grc' dir='ltr'>ἀγαθῶν</span> <span class='ocrx_word' id='word_1_774' title='bbox 2900 5088 3167 5159; x_wconf 87' lang='grc' dir='ltr'>πρύτανις</span> <span class='ocrx_word' id='word_1_775' title='bbox 3222 5092 3282 5153; x_wconf 78' lang='grc' dir='ltr'>ἐς</span> <span class='ocrx_word' id='word_1_776' title='bbox 3335 5088 3565 5156; x_wconf 75' lang='grc' dir='ltr'>ὕστερον</span> 
     </span>
    </p>
   </div>
   <div class='ocr_carea' id='block_1_111' title="bbox 1990 5172 3567 5249">
    <p class='ocr_par' dir='ltr' id='par_1_111' title="bbox 1990 5172 3567 5249">
     <span class='ocr_line' id='line_1_111' title="bbox 1990 5172 3567 5249; baseline 0.003 -20"><span class='ocrx_word' id='word_1_777' title='bbox 1990 5176 2153 5245; x_wconf 73' lang='grc' dir='ltr'>ἐτίμα</span> <span class='ocrx_word' id='word_1_778' title='bbox 2181 5176 2274 5229; x_wconf 81' lang='grc' dir='ltr'>τὸν</span> <span class='ocrx_word' id='word_1_779' title='bbox 2299 5175 2488 5245; x_wconf 80' lang='grc' dir='ltr'>ἄνδρα,</span> <span class='ocrx_word' id='word_1_780' title='bbox 2521 5172 2719 5247; x_wconf 78' lang='grc' dir='ltr'>οἷάπερ</span> <span class='ocrx_word' id='word_1_781' title='bbox 2770 5176 2961 5231; x_wconf 72' lang='grc' dir='ltr'>εὔνουν</span> <span class='ocrx_word' id='word_1_782' title='bbox 3015 5178 3345 5248; x_wconf 64' lang='grc' dir='ltr'>θεράποντα,</span> <span class='ocrx_word' id='word_1_783' title='bbox 3405 5182 3567 5249; x_wconf 69' lang='grc' dir='ltr'>ίαμάτ</span> 
     </span>
    </p>
   </div>
   <div class='ocr_carea' id='block_1_112' title="bbox 1989 5270 3564 5343">
    <p class='ocr_par' dir='ltr' id='par_1_112' title="bbox 1989 5270 3564 5343">
     <span class='ocr_line' id='line_1_112' title="bbox 1989 5270 3564 5343; baseline 0.001 -21"><span class='ocrx_word' id='word_1_784' title='bbox 1989 5287 2098 5323; x_wconf 82' lang='grc' dir='ltr'><strong>των</strong></span> <span class='ocrx_word' id='word_1_785' title='bbox 2128 5270 2223 5337; x_wconf 75' lang='grc' dir='ltr'>καὶ</span> <span class='ocrx_word' id='word_1_786' title='bbox 2252 5270 2557 5341; x_wconf 77' lang='grc' dir='ltr'>τεραστίων</span> <span class='ocrx_word' id='word_1_787' title='bbox 2588 5272 2822 5340; x_wconf 72' lang='grc' dir='ltr'>ἐπαφεὶς</span> <span class='ocrx_word' id='word_1_788' title='bbox 2852 5273 3028 5341; x_wconf 76' lang='grc' dir='ltr'>χάριν,</span> <span class='ocrx_word' id='word_1_789' title='bbox 3068 5274 3160 5326; x_wconf 86' lang='grc' dir='ltr'><strong>ἐπί</strong></span> <span class='ocrx_word' id='word_1_790' title='bbox 3188 5291 3247 5327; x_wconf 86' lang='grc' dir='ltr'><strong>τε</strong></span> <span class='ocrx_word' id='word_1_791' title='bbox 3286 5275 3363 5343; x_wconf 73' lang='grc' dir='ltr'>τῇ</span> <span class='ocrx_word' id='word_1_792' title='bbox 3397 5272 3564 5325; x_wconf 67' lang='grc' dir='ltr'>αὐτοῦ</span> 
     </span>
    </p>
   </div>
   <div class='ocr_carea' id='block_1_113' title="bbox 1990 5361 3566 5436">
    <p class='ocr_par' dir='ltr' id='par_1_113' title="bbox 1990 5361 3566 5436">
     <span class='ocr_line' id='line_1_113' title="bbox 1990 5361 3566 5436; baseline -0.004 -18"><span class='ocrx_word' id='word_1_793' title='bbox 1990 5361 2247 5430; x_wconf 72' lang='grc' dir='ltr'>λάρνακι,</span> <span class='ocrx_word' id='word_1_794' title='bbox 2282 5362 2377 5415; x_wconf 75' lang='grc' dir='ltr'>καὶ</span> <span class='ocrx_word' id='word_1_795' title='bbox 2408 5361 2486 5432; x_wconf 85' lang='grc' dir='ltr'>τῷ</span> <span class='ocrx_word' id='word_1_796' title='bbox 2525 5363 2825 5434; x_wconf 76' lang='grc' dir='ltr'>ἀνδριάντι,</span> <span class='ocrx_word' id='word_1_797' title='bbox 2878 5365 2938 5428; x_wconf 87' lang='grc' dir='ltr'>ὃς</span> <span class='ocrx_word' id='word_1_798' title='bbox 3001 5367 3093 5417; x_wconf 79' lang='grc' dir='ltr'>ἐπὶ</span> <span class='ocrx_word' id='word_1_799' title='bbox 3136 5364 3230 5418; x_wconf 76' lang='grc' dir='ltr'>τοῦ</span> <span class='ocrx_word' id='word_1_800' title='bbox 3281 5364 3566 5436; x_wconf 59' lang='grc' dir='ltr'>πορευροῦ</span> 
     </span>
    </p>
   </div>
   <div class='ocr_carea' id='block_1_114' title="bbox 1991 5454 3565 5526">
    <p class='ocr_par' dir='ltr' id='par_1_114' title="bbox 1991 5454 3565 5526">
     <span class='ocr_line' id='line_1_114' title="bbox 1991 5454 3565 5526; baseline 0.002 -20"><span class='ocrx_word' id='word_1_801' title='bbox 1991 5454 2240 5523; x_wconf 85' lang='grc' dir='ltr'>ἀνίδρυτο</span> <span class='ocrx_word' id='word_1_802' title='bbox 2272 5455 2470 5519; x_wconf 82' lang='grc' dir='ltr'>κίονος,</span> <span class='ocrx_word' id='word_1_803' title='bbox 2504 5455 2578 5518; x_wconf 82' lang='grc' dir='ltr'>ὡς</span> <span class='ocrx_word' id='word_1_804' title='bbox 2613 5457 2885 5526; x_wconf 80' lang='grc' dir='ltr'>μηδεμίαν</span> <span class='ocrx_word' id='word_1_805' title='bbox 2909 5457 3062 5510; x_wconf 76' lang='grc' dir='ltr'>νότον</span> <span class='ocrx_word' id='word_1_806' title='bbox 3087 5457 3419 5510; x_wconf 79' lang='grc' dir='ltr'>ἀντιϐαίνειν</span> <span class='ocrx_word' id='word_1_807' title='bbox 3467 5459 3565 5523; x_wconf 75' lang='grc' dir='ltr'>τοῦ</span> 
     </span>
    </p>
   </div>
   <div class='ocr_carea' id='block_1_115' title="bbox 1990 5542 3571 5617">
    <p class='ocr_par' dir='ltr' id='par_1_115' title="bbox 1990 5542 3571 5617">
     <span class='ocr_line' id='line_1_115' title="bbox 1990 5542 3571 5617; baseline 0.005 -23"><span class='ocrx_word' id='word_1_808' title='bbox 1990 5542 2177 5597; x_wconf 87' lang='grc' dir='ltr'>λοιποῦ</span> <span class='ocrx_word' id='word_1_809' title='bbox 2211 5544 2377 5614; x_wconf 78' lang='grc' dir='ltr'>ἔχειν,</span> <span class='ocrx_word' id='word_1_810' title='bbox 2436 5548 2500 5615; x_wconf 80' lang='grc' dir='ltr'><strong>τῇ</strong></span> <span class='ocrx_word' id='word_1_811' title='bbox 2535 5547 2880 5617; x_wconf 77' lang='grc' dir='ltr'>προσψαύσει</span> <span class='ocrx_word' id='word_1_812' title='bbox 2934 5549 3044 5599; x_wconf 82' lang='grc' dir='ltr'><strong>τῶν</strong></span> <span class='ocrx_word' id='word_1_813' title='bbox 3088 5548 3414 5617; x_wconf 71' lang='grc' dir='ltr'>εἰρημένων,</span> <span class='ocrx_word' id='word_1_814' title='bbox 3474 5551 3571 5602; x_wconf 68' lang='grc' dir='ltr'>καὶ</span> 
     </span>
    </p>
   </div>
   <div class='ocr_carea' id='block_1_116' title="bbox 1992 5634 3579 5709">
    <p class='ocr_par' dir='ltr' id='par_1_116' title="bbox 1992 5634 3579 5709">
     <span class='ocr_line' id='line_1_116' title="bbox 1992 5634 3579 5709; baseline 0.004 -22"><span class='ocrx_word' id='word_1_815' title='bbox 1992 5634 2319 5689; x_wconf 81' lang='grc' dir='ltr'>πιστοῦσθαι</span> <span class='ocrx_word' id='word_1_816' title='bbox 2341 5637 2429 5709; x_wconf 65' lang='grc' dir='ltr'><strong>τὸν</strong></span> <span class='ocrx_word' id='word_1_817' title='bbox 2463 5638 2616 5706; x_wconf 85' lang='grc' dir='ltr'>λόγον</span> <span class='ocrx_word' id='word_1_818' title='bbox 2648 5640 2894 5709; x_wconf 79' lang='grc' dir='ltr'>Χριστῷ,</span> <span class='ocrx_word' id='word_1_819' title='bbox 2928 5641 3075 5705; x_wconf 78' lang='grc' dir='ltr'>Τοὺς</span> <span class='ocrx_word' id='word_1_820' title='bbox 3108 5639 3579 5709; x_wconf 26' lang='grc' dir='ltr'>δοξάζοντάςίιε,</span> 
     </span>
    </p>
   </div>
   <div class='ocr_carea' id='block_1_117' title="bbox 1992 5728 3568 5804">
    <p class='ocr_par' dir='ltr' id='par_1_117' title="bbox 1992 5728 3568 5804">
     <span class='ocr_line' id='line_1_117' title="bbox 1992 5728 3568 5804; baseline 0.003 -24"><span class='ocrx_word' id='word_1_821' title='bbox 1992 5728 2253 5793; x_wconf 66' lang='grc' dir='ltr'>δοξάσω,</span> <span class='ocrx_word' id='word_1_822' title='bbox 2281 5729 2626 5799; x_wconf 81' lang='grc' dir='ltr'>θεσπίσαντι.</span> <span class='ocrx_word' id='word_1_823' title='bbox 2667 5732 2917 5799; x_wconf 80' lang='grc' dir='ltr'>Ἐγένετο</span> <span class='ocrx_word' id='word_1_824' title='bbox 2951 5732 3006 5801; x_wconf 80' lang='grc' dir='ltr'>δὲ</span> <span class='ocrx_word' id='word_1_825' title='bbox 3037 5732 3177 5800; x_wconf 77' lang='grc' dir='ltr'>ἀνὴρ</span> <span class='ocrx_word' id='word_1_826' title='bbox 3206 5733 3262 5803; x_wconf 84' lang='grc' dir='ltr'><strong>ἐς</strong></span> <span class='ocrx_word' id='word_1_827' title='bbox 3291 5733 3359 5783; x_wconf 66' lang='grc' dir='ltr'>τὰ</span> <span class='ocrx_word' id='word_1_828' title='bbox 3408 5734 3568 5804; x_wconf 45' lang='grc' dir='ltr'>μάλα)</span> 
     </span>
    </p>
   </div>
   <div class='ocr_carea' id='block_1_118' title="bbox 1996 5822 3564 5902">
    <p class='ocr_par' dir='ltr' id='par_1_118' title="bbox 1996 5822 3564 5895">
     <span class='ocr_line' id='line_1_118' title="bbox 1996 5822 3564 5895; baseline 0.001 -23"><span class='ocrx_word' id='word_1_829' title='bbox 1996 5839 2089 5873; x_wconf 70' lang='grc' dir='ltr'>στει</span> <span class='ocrx_word' id='word_1_830' title='bbox 2126 5822 2225 5887; x_wconf 72' lang='grc' dir='ltr'>τῆς</span> <span class='ocrx_word' id='word_1_831' title='bbox 2261 5823 2599 5878; x_wconf 75' lang='grc' dir='ltr'>Χριστανῶν</span> <span class='ocrx_word' id='word_1_832' title='bbox 2629 5825 2918 5893; x_wconf 65' lang='grc' dir='ltr'>ἐπαινέτης</span> <span class='ocrx_word' id='word_1_833' title='bbox 2953 5825 3252 5895; x_wconf 65' lang='grc' dir='ltr'>θρησκείας</span> <span class='ocrx_word' id='word_1_834' title='bbox 3282 5840 3295 5853; x_wconf 92' lang='grc'><strong>·</strong></span> <span class='ocrx_word' id='word_1_835' title='bbox 3353 5826 3422 5887; x_wconf 77' lang='grc' dir='ltr'>ὡς</span> <span class='ocrx_word' id='word_1_836' title='bbox 3474 5827 3564 5877; x_wconf 54' lang='grc' dir='ltr'>κὰ</span> 
     </span>
    </p>
   </div>
  </div>
