3988 6190
348 370 437 428 21‘!

1244 338 1855 446 immansueta
1895 389 2283 452 ntsroama
2327 396 2468 456 Lm.
2514 399 2681 458 Vill.

3479 401 3584 447 99‘)

3481 432 3585 464 KZ;

344 479 553 546 τρῶτςς
589 479 856 548 βασιλέων
895 482 1057 551 ἄρξει
1102 487 1199 553 τῆς
1239 491 1366 558 περὶ
1420 492 1518 558 τὴν
1578 493 1906 563 Ἰίῖκκλησίαν

2016 499 2350 568 impleretur.
2394 505 2628 561 dicentis
2667 507 2680 539 ‘
2720 525 2733 561 :
2784 507 2894 579 Ego
2922 509 3280 580 glorificantes
3341 527 3421 565 me
3468 511 3586 581 glo-

344 570 605 640 σπουδῆς,
652 573 746 624 καὶ
773 576 852 637 εἰς
877 575 1036 629 τόσον
1085 580 1384 643 ἐπιδόσεως
1418 585 1665 652 ἀγαγεῖν,
1715 586 1787 650 ὡς
1831 586 1910 649 εἷς

345 664 511 729 ἄκρον
537 663 752 717 ἱκέσθαι
801 667 892 718 καὶ
926 668 1157 738 μηδενός
1190 671 1496 727 λείπεσθαι.
1571 677 1911 731 Ἐπιτευκτι-

344 752 511 814 mea
538 753 612 816 ὡς
656 755 756 808 οὐκ
810 752 907 810 οἷδ’
954 758 1010 811 εἴ
1048 777 1134 823 τις
1180 762 1370 832 ἔτερος
1417 760 1499 828 οἷς
1555 768 1910 837 ἐπεχείρησεν

343 847 580 912 ἐγεγόνει
610 862 625 875 ⁸
655 850 746 899 καὶ
779 849 887 919 γὰρ
917 849 1069 916 ἄνευ,
1102 848 1278 922 οἶμαι,
1306 855 1441 908 Θεοῦ
1463 858 1614 910 οὐδὲν
1639 859 1871 929 ἔπραττε
1896 876 1907 890 ’

344 937 446 987 τῶν
467 955 529 989 τε
562 940 671 1006 γὰρ
725 938 828 1003 ἔξω
885 941 1144 1012 πολέμων
1191 946 1498 1016 ἀνακράτος
1541 951 1909 1019 περιεγένετο,

349 1029 433 1080 (αἱ
466 1028 566 1097 τὴν
623 1030 907 1083 πολιτείαν
945 1030 1121 1095 οὕτως
1181 1037 1422 1107 εὐχερῶς
1488 1038 1761 1105 μετέθετο,
1816 1043 1913 1094 καὶ

343 1119 475 1187 πρὸς
500 1120 560 1172 τὸ
589 1120 782 1176 δοκοῦν
812 1124 1269 1196 μετερῤὐθμισεν,
1315 1129 1390 1192 ὼς
1421 1129 1615 1185 θᾶττον
1642 1133 1737 1185 καὶ
1791 1132 1914 1203 βου-

340 1210 438 1277 ιὴν
468 1210 685 1278 ἑτέραν,
722 1213 817 1265 καὶ
845 1214 1167 1283 σύγκλητον.
1202 1219 1294 1271 καὶ
1323 1220 1479 1273 πόλιν
1517 1222 1913 1291 βασιλεύουσαν

340 1301 714 1368 καταστῆσαι.
773 1302 884 1373 Τὴν
936 1304 982 1356 δ’
1048 1305 1319 1377 Ἐλλήνων
1371 1307 1669 1378 θρησκείαν
1737 1311 1912 1381 χρόνῳ

340 1389 523 1458 πολλῷ
556 1391 1011 1457 σπουδασθεῖσαν,
1044 1397 1138 1449 καὶ
1175 1398 1256 1459 εἰς
1283 1398 1457 1469 ἄκρον
1510 1400 1612 1469 τῆς
1656 1400 1916 1454 δεισιδαι-

342 1479 536 1547 μονίας
560 1482 855 1548 ἐλάσασαν,
884 1486 979 1538 καὶ
1009 1487 1066 1540 ἐν
1095 1487 1248 1558 ἀκμῇ
1272 1483 1459 1555 οὖσαν,
1491 1489 1557 1544 ὲκ
1591 1490 1683 1544 τοῦ
1711 1492 1912 1563 ῥᾴστου

339 1574 598 1627 καθεῖλεν
635 1574 752 1641 ἅμα
782 1578 860 1644 τῷ
902 1579 1242 1651 ἐγχειρῆσαι.
1285 1579 1394 1636 Ἦν
1442 1582 1501 1636 δὲ
1545 1585 1638 1636 καὶ
1674 1584 1733 1637 τὸ
1781 1580 1914 1654 ἦθος

337 1667 579 1733 macto;
622 1667 767 1736 μάλα
818 1670 913 1721 καὶ
966 1670 1148 1740 ἤπιος,
1191 1672 1366 1741 πρᾶός
1416 1690 1476 1726 τε
1534 1674 1628 1727 καὶ
1687 1675 1915 1747 ἀνδρείᾳ

334 1755 488 1824 ψυχῇ
513 1755 572 1807 τδ
605 1758 1022 1830 μεγαλοπρεπὲς
1076 1762 1486 1832 ἐνδεικνύμενος
1522 1783 1540 1799 ο
1575 1764 1793 1834 ὀξύτητι
1855 1767 1912 1820 δὲ

336 1846 459 1908 ἰοδς
496 1848 588 1900 καὶ
619 1850 838 1921 παιδείᾳ
866 1852 1063 1919 ὶόγων,
1095 1853 1242 1923 ὀρθῷ
1288 1872 1348 1908 τε
1400 1857 1586 1926 τρόπῳ
1642 1856 1913 1910 δικαιοσύ-
1945 1841 1986 1896 Β

334 1952 458 2002 νης,
488 1937 583 1989 καὶ
616 1937 695 2008 τῷ
725 1938 928 2010 ἑτοίμῳ
960 1940 1060 2010 τῆς
1098 1943 1435 2012 εὐεργεσίας,
1486 1945 1694 2006 πάντας
1750 1946 1916 2014 ὑπερ-

334 2026 672 2095 ϐαλόμενος.
705 2029 793 2082 Ἐν
811 2030 870 2083 δὲ
911 2032 1115 2102 μάχαις
1144 2034 1392 2105 ἀνδρεῖος
1425 2052 1441 2068 ⁸
1478 2038 1663 2092 κάλλει
1705 2037 1763 2091 δὲ
1822 2040 1916 2092 οὐ-

332 2120 491 2183 δενδς
521 2120 777 2190 δεύτερος
806 2119 897 2194 ἦν.
933 2127 1159 2195 Χαρίεις
1194 2129 1252 2181 δὲ
1277 2129 1343 2183 τὰ
1381 2129 1617 2198 μάλιστα
1668 2130 1765 2196 ὢν,
1818 2132 1915 2184 σὺν

331 2211 419 2281 τῷ
455 2214 729 2283 εὐπρεπεῖ
759 2216 852 2267 καὶ
875 2216 937 2268 τὸ
966 2219 1386 2287 μεγαλοπρεπὲς
1439 2217 1551 2290 εἶχε
1578 2237 1593 2252 ·
1633 2222 1727 2275 καὶ
1781 2223 1915 2275 ἀνα-

332 2304 519 2374 δρομῇ
577 2305 636 2357 δὲ
681 2305 935 2374 σώματος
982 2308 1252 2379 ὡραΐζετο
1284 2325 1298 2340 ο
1355 2304 1442 2371 ὦς’
1498 2314 1638 2382 μήτε
1704 2313 1915 2383 μακρὸν

334 2389 487 2449 εἶναι
518 2395 853 2466 λογίζεσθαι,
884 2400 976 2452 καὶ
1005 2401 1099 2454 τοῦ
1131 2401 1362 2472 βραχέος
1402 2403 1637 2472 πάμπαν
1692 2401 1913 2467 ἐξίσταο

338 2489 490 2543 σθαι.
532 2489 713 2561 Εὐρὺς
735 2489 792 2544 δὲ
823 2492 1065 2556 καὶτοὺς
1092 2492 1276 2564 ὤμους
1324 2490 1392 2565 ἦν
1430 2509 1443 2523 ⁸
1502 2495 1687 2565 ἡρέμα
1738 2494 1916 2564 παχὺν

344 2581 796 2652 προϐεϐλημένος
848 2584 1072 2655 αὐχένα.
1162 2586 1430 2658 Ἐρυθρὰν
1504 2588 1695 2654 μέντοι
1752 2585 1917 2656 χρόαν

331 2676 485 2743 ἔχων
505 2675 601 2728 τοῦ
653 2675 925 2745 σώματος,
983 2678 1045 2731 οὐ
1090 2677 1313 2731 δασεῖαν
1368 2679 1668 2748 ἐπεφέρετο
1729 2677 1914 2746 τρίχα.

333 2768 457 2819 Καὶ
480 2767 619 2838 αὕτη
649 2767 695 2821 δ’
722 2770 820 2839 ὅση
846 2786 929 2832 τις
958 2764 1048 2840 ἦν,
1070 2769 1206 2839 πρὸς
1227 2769 1287 2823 τὺ
1312 2770 1631 2841 ξανθότερον
1657 2770 1916 2823 ἀπένευε.

330 2860 597 2930 Mergite;
623 2860 678 2912 δὲ
706 2861 915 2914 καὶτὸν
942 2860 1180 2930 πώγωνα
1227 2861 1380 2931 ψιλὸς
1421 2857 1512 2933 ἦν.
1558 2862 1613 2916 Ἀ
1626 2863 1784 2931 ραιὰν
1808 2860 1917 2932 γὰρ

330 2952 440 3021 τὴν
468 2948 567 3005 ἐπ’
587 2952 783 3023 ἐκείνῳ
807 2950 921 3023 εἶχε
947 2953 1130 3023 τρίχα,
1162 2954 1254 3007 καὶ
1283 2955 1344 3007 οὐ
1374 2955 1516 3007 πάνυ
1546 2954 1915 3022 καθήκουσαν,

330 3045 414 3105 ὼς
450 3042 544 3096 καὶ
574 3041 848 3112 πολλαχοῦ
875 3042 971 3096 τοῦ
1017 3041 1315 3112 προσώπου
1351 3043 1478 3113 μηδ’
1527 3044 1794 3112 ἀναφύειν
1836 3044 1917 3096 δι.-

334 3137 481 3188 κξῖν.
521 3134 594 3187 Ol
617 3150 679 3201 γε
724 3134 831 3204 μὴν
872 3133 1148 3203 ὀφθαλμοὶ
1176 3133 1327 3205 αὐτῷ
1376 3135 1644 3204 ἀνδρῶδες
1684 3136 1917 3205 ὁρῶντες

2018 592 2257 658 riﬁcabo.
2296 596 2564 651 Maximus
2598 608 2779 653 autem
2827 601 2917 655 hic
2966 602 3049 656 vir
3086 602 3416 657 Christianae
3460 602 3587 655 rvli-

2011 683 2187 751 gionis
2231 685 2485 741 laudator
2517 688 2636 743 fuit.
2673 688 2739 745 Et
2773 706 2897 745 cum
2930 691 3140 760 primus
3186 691 3584 760 imperatorum

2014 774 2262 827 omnium
2298 790 2490 832 curam
2539 781 3039 836 ecclesiasticarum
3089 796 3270 835 rerum
3320 781 3585 848 suscepit,

2014 873 2126 918 tum
2174 864 2244 917 ita
2291 882 2385 921 eas
2427 870 2597 932 auxit,
2640 880 2699 925 ut
2746 872 2812 925 ad
2860 887 3130 926 summam
3167 870 3587 939 amplitudinem

2014 958 2150 1011 nihil
2171 969 2316 1014 esset
2345 962 2563 1030 reliqui.
2598 963 2662 1016 Et
2691 964 2878 1018 nescio
2907 979 2973 1017 an
3006 964 3298 1031 quisquam
3328 961 3493 1023 alius,
3528 970 3588 1012 ut

2012 1044 2151 1120 ipse,
2181 1062 2539 1117 quascunque
2569 1065 2856 1121 aggressus
2886 1060 2970 1106 est
2992 1067 3080 1106 res
3111 1051 3421 1119 perfecerit.
3451 1050 3586 1103 Nam

2010 1144 2068 1188 et
2118 1138 2239 1190 sine
2283 1137 2375 1191 Dei
2429 1141 2656 1195 numine
2707 1141 2845 1197 nihil
2893 1156 3121 1211 prorsus
3165 1141 3298 1212 egit.
3343 1140 3497 1196 Foris
3533 1141 3586 1193 in

2012 1224 2156 1279 bello
2190 1224 2523 1284 fortissimus
2557 1231 3021 1288 exstititvictor':
3059 1233 3207 1287 demi
3252 1242 3435 1287 autem
3479 1240 3586 1285 tam
3645 1218 3647 1220 ’

2014 1312 2172 1369 facile
2231 1320 2624 1387 rempublicam
2678 1322 3141 1387 administravit,
3195 1333 3360 1392 atque
3417 1331 3478 1375 ut
3531 1322 3581 1375 ei

2011 1403 2191 1458 visum
2224 1405 2325 1461 fuit
2357 1408 2693 1478 composuit,
2724 1417 2787 1464 ut
2813 1411 3073 1465 celeriter
3103 1410 3397 1465 consilium
3436 1407 3586 1462 aliud

2011 1502 2067 1546 et
2119 1504 2370 1550 senatum
2422 1506 2479 1553 et
2528 1498 2723 1553 urbem
2788 1500 3151 1571 imperantem
3207 1500 3581 1554 constituerit.

2011 1581 2326 1639 Graecorum
2363 1588 2684 1659 religionem
2719 1607 2842 1660 quas
2873 1592 3189 1647 diutissime
3237 1605 3435 1659 magno
3469 1599 3585 1643 stu-

2012 1674 2105 1728 dio
2154 1675 2524 1747 frequentata,
2564 1681 2632 1735 ad
2666 1697 2937 1737 summam
2968 1682 3416 1753 superstitionem
3463 1696 3591 1750 per-

2014 1777 2259 1834 venerat,
2289 1769 2698 1842 plurimumque
2721 1772 2960 1842 vigebat,
2993 1772 3274 1836 facillime,
3312 1772 3591 1841 quampri~

2016 1871 2164 1911 mum
2189 1866 2274 1913 est
2302 1875 2612 1930 aggressus,
2643 1865 2888 1918 sustulit.
2919 1864 3160 1918 Moribus
3182 1863 3383 1923 bonus.
3411 1863 3590 1925 mitis,

2016 1954 2069 2000 et
2104 1960 2424 2005 mansuetus
2455 1951 2774 2018 admodum,
2808 1952 2976 2007 animi
3016 1952 3341 2007 fortitudine
3376 1953 3588 2020 magni-

2018 2036 2292 2094 ﬁcentiam
2332 2041 2604 2097 exhibuit.
2649 2043 2849 2098 Mentis
2890 2046 3165 2108 acumine,
3197 2043 3469 2098 bonarum
3503 2058 3590 2096 ιιι-ο

2018 2127 2157 2181 tium
2192 2128 2506 2200 disciplina,
2540 2141 2693 2187 recto
2721 2133 2951 2201 iustitia:
2984 2134 3135 2189 cultu
3169 2133 3270 2205 (l),
3303 2143 3360 2187 et
3404 2134 3591 2187 muni-

2019 2218 2249 2274 ficentiae
2271 2221 2577 2286 alacritate,
2605 2238 2798 2279 omnes
2818 2225 3121 2295 superavit.
3148 2225 3206 2279 ln
3245 2225 3448 2295 praeliis
3480 2228 3588 2288 vir,

2016 2310 2205 2366 formae
2236 2312 2437 2367 decore
2467 2315 2672 2369 nemini
2700 2317 2981 2372 secundus
3014 2335 3029 2371 :
3061 2325 3118 2371 et
3153 2332 3278 2372 cum
3313 2317 3592 2386 gratiosus

2018 2403 2254 2458 maxime
2305 2403 2430 2469 fuit,
2488 2414 2601 2459 tum
2655 2406 2923 2462 decentia:
2972 2408 3077 2477 ipsi
3126 2406 3589 2478 magnificentiam

2018 2494 2325 2562 conjunxit.
2380 2494 2604 2550 Statura
2653 2511 2875 2567 quoque
2908 2498 3159 2567 corporis
3213 2498 3586 2566 spectandus;

2020 2597 2143 2636 nam
2172 2597 2352 2651 neque
2392 2581 2623 2636 nimium
2657 2597 2921 2652 procerus
2950 2598 3070 2637 esse
3100 2582 3341 2645 habitus,
3379 2592 3435 2635 et
3473 2580 3589 2635 exi—

2018 2689 2179 2744 guam
2215 2673 2540 2729 brevitatem
2580 2674 2741 2744 longe
2773 2687 3166 2744 supergressus
3198 2682 3301 2727 est.
3336 2672 3591 2725 llnmeris

2017 2764 2163 2830 latis,
2193 2764 2396 2820 sensim
2437 2765 2706 2819 cervicem
2748 2766 3076 2820 crassiorem
3126 2764 3387 2833 praetulit.
3424 2763 3587 2835 667

2017 2854 2214 2910 Colore
2240 2856 2486 2926 corporis
2527 2856 2886 2920 rubicundus,
2918 2857 3103 2909 minus
3134 2855 3366 2909 densum
3399 2856 3590 2907 habmt

2019 2945 2301 3015 capillum,
2329 2960 2562 3015 eumque
2592 2946 3000 3000 "arescentem.
3030 2945 3204 3000 Barba
3236 2944 3590 2999 mediocriter

2021 3036 2204 3090 tenuis
2234 3047 2291 3091 et.
2331 3052 2474 3102 rara,
2513 3053 2690 3106 neque
2731 3036 3029 3092 admodum
3070 3036 3307 3092 demissa
3342 3045 3481 3096 erat,
3512 3036 3584 3089 ita

2023 3139 2081 3181 ut
2111 3128 2165 3182 in
2200 3130 2461 3198 pleraque
2507 3129 2664 3183 faciei
2714 3140 2871 3199 parte
2901 3143 3255 3185 succrescere
3288 3144 3397 3181 non
3442 3127 3593 3181 vidi:-

333 3227 439 3280 καὶ
464 3196 695 3296 ἥμερον,
724 3196 1038 3291 ξενίζούσαν
1055 3196 1228 3296 χάριν
1253 3196 1582 3281 ἀπέστιὶίσον
1603 3196 1918 3297 ἐὐόφθαλ-ζ

2024 3196 2213 3273 retur.
2233 3196 2413 3284 Oculi,
2455 3220 2648 3288 quales
2677 3196 2855 3272 Virmn
2903 3221 3124 3283 decent,
3155 3227 3213 3272 et
3244 3217 3444 3287 placidi
3475 3236 3489 3271 :
3523 3233 3589 3270 cx

336 3336 446 3386 μσς
474 3320 584 3387 γάρ
614 3336 699 3380 τις
738 3319 832 3373 καὶ
865 3318 1320 3390 μεγαλόφθαλμος
1362 3316 1449 3391 ἦν.
1499 3320 1831 3389 ’Υπόγριπος
1862 3319 1919 3372 δὲ

333 3409 486 3478 καὶὴ
512 3410 599 3477 ῤἰς
631 3409 802 3479 αὐτῷ,
835 3410 922 3478 ἐφ’
1012 3410 1107 3463 καί
1142 3428 1198 3463 τι
1235 3411 1515 3482 σαρκῶδες
1555 3407 1702 3480 εἶχεν
1726 3412 1921 3462 ἐπικα-

333 3501 409 3567 δή
420 3517 602 3568 μενον.
642 3500 854 3564 Πλατὺς
882 3501 939 3555 δὲ
974 3503 1074 3572 τὴν
1095 3501 1217 3571 ὄψιν
1254 3498 1343 3575 ἦν,
1370 3504 1465 3555 καὶ
1488 3504 1629 3556 πάνυ
1688 3502 1920 3571 μεγαλό-

331 3590 508 3656 ψυχος
539 3588 675 3642 *καὶ
699 3588 858 3658 εἴπερ
909 3606 994 3652 τις
1047 3588 1192 3659 μάλα
1240 3588 1517 3658 θεοφιλής.
1569 3588 1627 3642 '0
1675 3589 1775 3656 μὲν
1827 3588 1922 3642 οὖν

336 3685 493 3744 ἄπας
523 3682 625 3750 τῆς
661 3682 810 3751 ζωῆς
854 3682 1003 3752 αὐτῷ
1047 3685 1241 3755 χρόνος
1296 3685 1456 3738 πέντε
1509 3685 1602 3739 καὶ
1655 3684 1923 3754 ἐξήκοντα

337 3777 438 3843 ἐτη
488 3775 765 3843 διεγένετο
797 3792 812 3808 ο
867 3775 960 3845 ἀφ’
1002 3769 1079 3830 ὧν
1128 3776 1222 3830 δύο
1277 3778 1416 3850 πρὸς
1469 3782 1581 3843 τοῖς
1627 3780 1921 3850 τριάκοντα

336 3863 501 3935 ἦρξε,
530 3867 718 3937 μηνῶν
750 3867 980 3921 δεόντων
1000 3870 1184 3933 τινῶν,
1211 3869 1285 3933 ὥς
1311 3889 1403 3940 μοι
1436 3872 1779 3942 προείρηται.
1814 3872 1925 3924 Μό-

342 3976 551 4029 νπρχος
573 3960 631 4012 δὲ
663 3959 870 4030 κυρίως
891 3959 949 4025 ἒξ
975 3963 1070 4014 καὶ
1096 3962 1267 4015 εἴκοσι
1307 3962 1613 4030 διαγέγονε.
1672 3963 1923 4032 Περιέχει

341 4051 406 4103 δὲ
442 4054 535 4103 καὶ
564 4052 596 4120 ή
631 4051 883 4121 παροῦσα
910 4051 1072 4122 ὀγδόη
1105 4045 1198 4121 μοι
1258 4053 1368 4106 τῶν
1432 4054 1682 4126 ἱστοριῶν
1734 4054 1924 4123 χρόνον

341 4146 488 4197 ἐτῶν
522 4145 824 4214 τριάκοντα
852 4145 948 4197 καὶ
999 4144 1113 4208 δύο,
1169 4144 1452 4214 ἀρξαμένη
1513 4146 1613 4214 μὲν
1665 4147 1772 4199 ἀπὸ
1831 4145 1923 4198 τοῦ

350 4236 571 4305 πρώτου
613 4236 769 4297 ἔτους
812 4236 1219 4288 Κωνσταντίνου
1258 4253 1270 4303 ς
1314 4236 1663 4305 καταλήξασα
1710 4235 1762 4286 δὲ
1797 4236 1925 4303 ἄχρι

344 4330 445 4401 τῆς
499 4328 667 4383 αὐτοῦ
719 4329 979 4392 τελευτῆς
1019 4345 1033 4359 ·
1089 4326 1327 4397 ὁπηνίκα
1380 4328 1588 4396 κόσμου
1656 4328 1756 4397 μὲν
1805 4326 1924 4387 ἔτος

345 4420 553 4492 ,εωμζκ
587 4420 699 4474 ἀπὸ
746 4421 803 4475 δὲ
843 4420 945 4490 τῆς
992 4419 1143 4483 θείας
1185 4418 1281 4473 τοῦ
1347 4419 1557 4490 Κυρίου
1616 4421 1925 4488 γεννήσεως

343 4514 764 4582 τριακοσιοστὶιν
798 4512 1240 4585 τεσσαρακοστὸν
1280 4512 1326 4583 β’
1373 4510 1712 4587 ἐπεραίνετο.

429 4872 445 4901 ¹
489 4871 505 4926 1
539 4869 672 4939 Reg.
709 4883 769 4932 ιι,
800 4865 886 4923 it).

423 5054 503 5120 (Ι)
546 5050 945 5120 Constantinus
991 5045 1294 5120 spadonum
1333 5053 1389 5100 et
1440 5044 1747 5120 aulicorum
1801 5057 1922 5120 om-

351 5112 508 5180 nium
535 5123 832 5177 vehemens
860 5112 1098 5172 domitor
1130 5116 1255 5179 fuit,
1278 5130 1415 5186 quos
1439 5116 1613 5171 tineas
1642 5121 1698 5169 et
1719 5112 1927 5168 sorices‘

350 5194 614 5251 Ecdesia:
634 5189 909 5263 appellare
947 5188 1142 5244 solitus
1171 5196 1307 5241 erat.

2022 3310 2226 3380 quibus
2258 3310 2485 3364 miriﬁca
2526 3311 2778 3380 quaedam
2814 3310 3093 3364 eminebat
3138 3308 3311 3379 gratia
3334 3340 3363 3372 ,~
3389 3310 3573 3363 acutiu

2025 3417 2225 3472 resque
2272 3402 2352 3457 illi
2393 3409 2448 3458 et
2491 3402 2836 3472 grandiores.
2870 3401 3047 3456 Nasus
3089 3402 3466 3464 subaduncus,
3500 3401 3591 3452 cui

2022 3505 2313 3546 carnosum
2343 3489 2605 3560 quiddam
2637 3490 2930 3544 insidebat.
2962 3489 3153 3543 Facies
3184 3488 3300 3556 ipsa
3328 3486 3510 3549 latior,
3538 3495 3597 3539 et

2023 3582 2368 3653 magnanima
2417 3581 2737 3637 admodum.
2797 3581 3038 3649 Denique
3086 3595 3254 3648 supra
3310 3577 3448 3632 alios
3498 3577 3590 3631 Dei

2025 3676 2259 3730 maxime
2290 3690 2480 3728 amans
2509 3675 2631 3728 fuit.
2659 3674 2853 3729 Totius
2881 3674 3002 3741 ejus
3031 3673 3157 3727 vita:
3197 3680 3415 3739 tempus
3439 3685 3594 3723 sexa-

2023 3770 2173 3839 ginta
2222 3776 2278 3822 et
2319 3767 2565 3837 quinque
2612 3766 2741 3819 anni
2792 3765 2966 3826 fuere,
3009 3778 3243 3834 quorum
3288 3763 3507 3831 triginta
3539 3772 3594 3813 tt

2022 3862 2160 3913 duos
2200 3859 2254 3912 in
2299 3857 2529 3926 imperio
2558 3858 2689 3927 egit,
2716 3855 3001 3911 mensibus
3029 3856 3242 3924 aliquot
3278 3853 3593 3907 deﬁcienti-

2026 3951 2148 4016 bus,
2195 3949 2358 4004 sicuti
2396 3964 2561 4019 supra
2589 3948 2849 4002 diximus.
2880 3945 3171 4018 Imperium
3207 3960 3335 4002 cum
3379 3958 3597 4006 summa

2024 4051 2295 4114 potestate
2329 4042 2478 4097 solus
2508 4041 2700 4111 viginti
2728 4056 2823 4095 sex
2858 4040 3021 4094 annis
3047 4038 3310 4093 obtinuit.
3340 4033 3593 4104 Comple—

2024 4138 2190 4192 (“titur
2218 4150 2385 4204 porro
2414 4142 2642 4188 octavus
2663 4133 2767 4187 iste
2791 4132 3147 4187 historiarum
3171 4130 3333 4195 liber,
3359 4144 3388 4182 a
3414 4128 3596 4199 primu

2024 4227 2374 4283 Constantini
2415 4225 2635 4296 imperii
2670 4240 2835 4289 anno,
2882 4226 2948 4278 ad
2993 4224 3203 4278 obitum
3248 4237 3420 4291 usque
3453 4220 3593 4291 θέω,

2024 4335 2199 4376 annos
2218 4320 2437 4389 triginta
2460 4317 2631 4372 duos:
2656 4332 2783 4371 cum
2811 4317 3017 4371 conditi
3044 4317 3232 4370 mttndi
3258 4330 3438 4369 annus
3467 4313 3592 4377 fuit,

2025 4410 2324 4480 quinquies
2366 4407 2691 4462 millesimus
2726 4406 3215 4477 octingentesimus
3244 4404 3595 4472 quadragesi-

1955 4537 2005 4596 υ
2032 4517 2155 4557 mus
2185 4502 2452 4571 septimus
2483 4498 2582 4569 (2).
2609 4500 2655 4552 A
2689 4498 2976 4553 nativitate
3013 4506 3196 4551 autem
3226 4494 3446 4549 Domini
3477 4502 3597 4547 tum

2030 4593 2295 4663 agebatur
2336 4605 2515 4645 annus
2558 4588 2983 4645 trecentesimus
3011 4584 3470 4657 quadragesimus
3510 4597 3596 4638 sev

2030 4685 2245 4745 (nitidus
2272 4674 2389 4758 (5).

2547 5045 2891 5106 recentiores
2918 5047 3146 5108 circiter
3177 5051 3341 5109 454.9.
