3988 6190
352 258 452 321 227

1571 244 1993 305 NICEPHCltl
2035 224 2381 302 CALLlS’I‘I

3496 229 3606 289 2-8

355 383 548 424 nucre.
584 366 761 421 Porro
803 361 1045 419 Eusebio
1091 368 1148 418 et
1178 358 1486 430 Theognidi
1531 374 1640 423 res,
1673 373 1795 426 quae
1834 357 1918 410 in-

2056 354 2221 421 ἦγμαο
2253 353 2313 404 τὸ
2368 348 2425 401 δὲ
2478 347 2711 416 πρᾶγμα
2747 346 2863 407 τοῖς
2916 344 3059 421 ἀμφὶ
3102 338 3358 392 Εύσὶὸιόν
3408 354 3465 388 τε
3517 332 3611 388 καὶ

354 468 635 518 crementa
682 472 781 512 sua
828 457 884 512 in
912 454 1158 512 deterius
1198 454 1527 522 capiebant,
1559 461 1615 506 et
1648 451 1917 520 quotidie,

356 552 755 622 propemodum
804 548 978 618 magis
1038 544 1322 615 magisque
1378 545 1798 607 excitabantur,
1856 559 1923 597 ex

356 644 629 698 sententia
683 639 1075 711 procedebant.
1109 635 1216 702 Qui
1261 637 1315 689 in
1361 636 1560 704 primis
1604 634 1923 697 studebant,

361 734 412 786 id
462 733 605 802 quod
655 728 1076 786 constituissent
1118 726 1185 780 ad
1235 725 1443 781 exitum
1490 724 1817 794 perducere.
1872 723 1925 777 Id

2032 446 2280 512 Θέογνιν,
2316 445 2406 494 ἐπὶ
2434 441 2494 492 τὸ
2526 442 2705 508 χεῖρον
2749 435 2850 506 τὴν
2895 432 3134 486 ἐπίδοσιν
3165 429 3608 502 προσλαμϐάνον,

2027 537 2122 589 καὶ
2180 533 2531 600 καθεκάστην
2607 530 2679 590 ὡς
2739 528 2912 579 εἰπεῖν
2979 514 3357 592 ἀναπτόμενον
3394 562 3408 583 ,
3463 526 3608 573 κατα

2028 629 2260 703 γνώμην
2312 627 2543 686 ἐκείνοις
2600 620 2940 691 προύχώρει.
2989 618 3097 672 Καί
3148 635 3211 686 γε
3247 615 3335 670 διὰ
3368 610 3610 691 σπουδῆς

2030 716 2175 788 εἶχον
2205 718 2301 770 καὶ
2333 716 2396 768 τὸ
2426 713 2586 778 δόξαν
2616 712 2848 778 ἀγαγεῖν
2877 708 2958 770 είς
2988 709 3183 775 πέρας.
3221 706 3294 758 Τὸ
3322 705 3369 758 δ’
3401 702 3470 775 ἦν
3516 707 3611 758 ἕνα

361 839 493 879 vero
526 832 669 882 erat.
708 831 768 875 ut
801 834 972 873 unum
1012 818 1250 886 aliquem
1288 816 1382 885 qui
1420 815 1703 885 opinionis
1733 830 1925 893 eorum

2056 810 2139 861 :th
2168 806 2488 876 ὁμοφρόνων
2541 803 2730 864 αὐτοῖς
2787 794 3271 871 τῇ⁹Α).εξανδρείᾳ
3326 797 3613 865 ίεραρχεῖν

359 925 539 981 esset,
584 912 973 968 Alexandrinae
1016 910 1265 965 ecclesia:
1301 909 1647 962 hierarcham
1682 907 1930 976 praeﬁce-

363 1017 509 1062 rcnt.
546 1005 653 1059 Sed
683 1005 975 1058 consilium
1012 1018 1209 1058 corutn
1243 993 1640 1055 ab‘Occidentc
1672 1013 1933 1051 reversus

364 1098 655 1168 impedivit
686 1096 1043 1159 Athanasius,
1077 1094 1241 1148 unius
1265 1092 1665 1160 Augustorum,
1693 1088 1935 1160 junioris

363 1190 622 1245 videlicet
665 1184 1061 1251 Constantini,
1118 1184 1214 1253 qui
1263 1180 1719 1236 Occidentalibus
1766 1178 1938 1234 Gallis

366 1282 691 1353 imperabat,
726 1279 927 1334 litteris
958 1278 1160 1331 fretus.
1183 1275 1234 1330 Is
1263 1289 1502 1343 namque
1529 1272 1625 1326 ubi
1657 1272 1935 1341 cognovit,

366 1360 573 1442 patrem
604 1370 1102 1440 cognominemque
1129 1380 1315 1425 suum,
1352 1362 1641 1417 Athanasii
1677 1360 1938 1415 exsilium

369 1472 699 1517 testatttcnto
725 1462 1021 1528 abrogasse
1050 1474 1065 1511 :
1097 1456 1280 1510 reditu
1307 1470 1592 1518 concesso,
1621 1463 1683 1506 ut
1702 1454 1942 1508 Alexan-

367 1554 543 1607 driam
578 1554 623 1607 is
645 1534 1041 1612 reverteretur,
1070 1548 1313 1603 curavit.
1335 1548 1557 1601 Littera:
1587 1561 1728 1614 quas
1750 1560 1939 1600 secum

368 1644 584 1709 attulit,
631 1642 781 1696 hisce
802 1640 987 1694 verbis
1021 1641 1238 1708 scriptae
1256 1649 1454 1693 erant:
1493 1657 1509 1689 t
1545 1638 1944 1693 ConStantinus

367 1738 548 1790 Caesar
574 1734 778 1805 populo
808 1732 1092 1787 catholicae
1136 1731 1385 1785 ecclesia:
1416 1730 1937 1785 Alexandrinorum.

370 1832 488 1886 Non
525 1840 659 1899 pttto
691 1829 868 1884 sacris
895 1827 1094 1881 animis
1125 1827 1325 1881 vestris
1353 1826 1643 1893 excidisse,
1674 1842 1838 1896 quam
1871 1824 1942 1878 ob

372 1938 593 1975 causam
637 1917 972 1973 Athanasius
1015 1918 1307 1972 adoranda:
1356 1918 1492 1987 legis
1531 1917 1821 1977 sacerdos.
1873 1916 1940 1969 ad

375 2014 663 2082 tempusin
690 2012 893 2067 Gallias
927 2010 1129 2064 missus
1162 2009 1348 2064 fuerit.
1370 2008 1507 2064 Cum
1543 2010 1692 2063 enim
1712 2009 1941 2078 sangui-

370 2103 655 2157 uariorum
710 2099 1149 2169 infestorumque
1177 2098 1525 2154 inimicorum
1554 2098 1744 2154 feritas
1781 2098 1946 2168 capiti

374 2194 497 2262 ejus
544 2193 608 2244 ad
654 2191 962 2261 periculum
1004 2188 1310 2245 creandum
1358 2189 1700 2253 immineret,
1737 2205 1805 2243 ne
1851 2206 1949 2256 per

376 2284 754 2353 improborum
807 2281 1225 2352 perversitatem
1283 2288 1595 2335 extremum
1650 2280 1947 2335 discrimen

376 2378 574 2443 adiret,
607 2377 705 2432 sed
734 2386 792 2429 ut
826 2376 1142 2429 immanitas
1164 2390 1228 2429 ea
1264 2374 1606 2438 cluderctur,
1635 2390 1665 2428 e
1700 2373 1950 2427 faucibus

379 2469 752 2540 ingruentium
784 2468 835 2522 ei
874 2467 1120 2521 virorum
1172 2477 1432 2534 ereptus,
1475 2465 1530 2517 in
1577 2465 1785 2518 ditione
1831 2478 1949 2516 mea

378 2561 568 2614 vivere
612 2559 803 2628 jussus
833 2567 951 2623 est,
988 2556 1062 2609 ita
1111 2565 1171 2610 nt
1220 2554 1274 2608 in
1320 2570 1383 2610 ea
1432 2570 1542 2622 qua
1582 2560 1834 2609 versatus
1866 2562 1951 2607 est

382 2650 539 2716 urbe,
580 2665 668 2704 res
697 2649 748 2703 ei
784 2649 1113 2703 necessariae
1146 2662 1343 2701 omnes
1372 2646 1593 2701 abunde
1627 2644 1950 2714 suppedita-

382 2750 523 2796 rcnt.
556 2739 815 2805 Quamvis
848 2738 1105 2807 praeclara
1135 2737 1260 2806 ejus
1287 2737 1487 2798 virtus,
1519 2735 1711 2789 divino
1740 2733 1949 2788 conlisa

380 2831 605 2895 auxilio,
638 2829 876 2884 durioris
911 2830 1144 2881 fortuna:
1174 2841 1367 2896 graves
1396 2840 1673 2879 mrumnas
1708 2825 1945 2877 maxime

382 2923 657 2985 sublevet,
694 2930 860 2990 atque
892 2920 1031 2973 adeo
1069 2927 1411 2974 contemnat.
1448 2917 1614 2987 676
1651 2915 1759 2972 Sed
1801 2916 1950 2969 enim

2035 900 2401 967 καταστῆσαι.
2437 895 2605 948 Ἀλλὰ
2639 895 2836 962 φθάνει
2890 892 2992 959 τὴν
3035 888 3234 959 βουλὴν
3268 887 3451 939 αὐτῶν
3494 886 3615 936 δι.-

2035 993 2198 1053 λύσας
2259 992 2323 1043 ἐκ
2380 989 2481 1058 τῆς
2530 986 2771 1053 ἑσπέρας
2814 980 3055 1035 ἐπανιὼν
3104 977 3453 1042 ’Δθανάσιος,
3495 977 3616 1037 ἐνὸς

2036 1084 2145 1137 τῶν
2192 1082 2543 1147 Λύγούστων,
2574 1060 2669 1130 τοῢ
2703 1075 2970 1142 νεωτέρου
3009 1070 3212 1139 δηλαδὴ
3262 1066 3621 1121 Κωνσταντί-

2042 1194 2163 1239 νου,
2198 1176 2256 1239 ὃς
2286 1174 2394 1227 τῶν
2426 1171 2562 1241 πρὸς
2589 1168 2827 1239 ἑσπέραν
2856 1154 3115 1219 Γαλατῶν
3151 1156 3315 1232 ἦρχε,
3346 1161 3614 1230 γράμματ

2043 1284 2127 1320 σιν
2165 1265 2530 1334 ὡπλισμένος.
2581 1258 2786 1314 Μαθὼν
2834 1258 2965 1327 γὰρ,
3025 1255 3100 1317 ὡς
3154 1254 3184 1307 ὁ
3231 1250 3416 1322 πατὴρ
3448 1249 3617 1302 αὑτοῦ

2043 1359 2136 1410 καὶ
2174 1348 2467 1425 ὁμώνυμος
2517 1351 2617 1423 τὴν
2665 1351 2885 1419 ὲξθρίαν
2929 1348 3051 1409 ταῖς
3098 1343 3386 1413 διαθήκαις
3412 1340 3618 1403 ἀνεῖλε,

2043 1450 2140 1519 τὴν
2172 1448 2400 1502 κάθοδον
2454 1444 2605 1514 αὐτῷ
2660 1441 3000 1511 ἐπιτρέψας,
3051 1438 3150 1506 τὴν
3198 1432 3621 1500 Ἀλεξάνδρειαν

2045 1542 2371 1596 καταλαϐεῖν
2421 1535 2861 1608 παρεσκεύαζεν.
2929 1532 2997 1584 Ἀ
3066 1530 3109 1584 δ’
3167 1523 3265 1582 οὖν
3317 1524 3624 1597 ἐπεφέρετο

2049 1632 2380 1699 γράμματα.
2416 1627 2589 1690 οὕτως
2634 1626 2727 1676 ἐπὶ
2761 1622 2960 1687 λέξεως
2999 1615 3143 1689 εἶχον
3167 1631 3182 1645 ⁸
3218 1636 3237 1668 t
3275 1615 3624 1695 Κωνσταντῖ-

2048 1740 2138 1785 νος
2191 1722 2408 1788 Καῖσαρ
2481 1718 2558 1787 τῷ
2611 1715 2725 1785 λαῷ
2774 1713 2875 1782 τῆς
2926 1708 3226 1777 καθολικῆς
3288 1703 3624 1772 Ἐκκλησίας

2049 1814 2477 1884 Ἀλεξανδρέων.
2540 1810 2676 1863 Οὐδὲ
2730 1809 2834 1876 τῆς
2895 1804 3185 1879 ὑμετέρας
3223 1801 3377 1869 ἱερᾶς
3411 1796 3627 1856 ἐννοίας

2049 1905 2499 1972 ἀποπεφευγέναι
2538 1900 2640 1971 τὴν
2680 1898 2882 1966 γνῶσιν
2915 1891 3093 1965 οἶμαι,
3130 1892 3219 1946 διὰ
3256 1891 3310 1943 τί
3344 1891 3435 1943 τὸν
3461 1886 3628 1940 Ἀθα-

2049 2000 2235 2052 νὰσιον
2262 2000 2353 2050 τὸν
2401 1995 2496 2048 τοῦ
2533 1989 2918 2061 προσκυνητοῦ
2962 1987 3134 2057 νόμου
3170 1983 3457 2051 ὑποφήτην
3486 1980 3628 2048 πρὸς

2052 2093 2243 2161 καιρὸν
2293 2090 2372 2152 εἰς
2422 2087 2518 2149 τὰς
2568 2060 2801 2145 Γαλλίας
2854 2076 3197 2153 ἀπεστάλθαι
3232 2074 3498 2142 ἐγεγόνει⁸
3535 2060 3628 2124 ἵνα

2050 2160 2236 2253 ἐπειδὴ
2273 2184 2306 2253 ἡ
2342 2180 2606 2249 ἁγριὸτηε
2643 2176 2752 2228 τῶν
2783 2172 3096 2241 αἱμοῦόρων
3136 2160 3303 2223 αὑτοῦ
3331 2166 3426 2221 καὶ
3465 2162 3628 2218 πολε-

2056 2280 2193 2347 ρίων
2240 2275 2452 2347 ἐχθρῶν
2484 2274 2563 2335 εἰς
2596 2269 2854 2324 κίνδυνον.
2875 2267 2973 2335 τῆς
3002 2266 3157 2335 ἱερᾶς
3185 2262 3351 2314 αὐτοῦ
3380 2258 3627 2327 κεφαλῆς

2053 2363 2313 2438 ἐπέμενε,
2354 2366 2429 2435 μὴ
2475 2364 2583 2434 ἄρα
2638 2363 2730 2416 διὰ
2770 2361 2875 2430 τῆς
2905 2358 3013 2411 τῶν
3042 2356 3264 2424 φαύλων
3291 2349 3629 2421 διαστροφῆς

2053 2461 2332 2530 ἀνήκεστα
2364 2458 2598 2524 ὑποστῗγ
2632 2453 2765 2522 πρὸς
2792 2452 2852 2504 το
2872 2448 3159 2513 δια-παῖξαι
3187 2447 3368 2499 τοῖνυν
3397 2442 3629 2510 ταύτην,

2054 2551 2318 2628 ἀφῃρέθη
2370 2548 2478 2600 τῶν
2526 2546 2838 2615 φαράγγων
2903 2542 3012 2594 τῶν
3064 2537 3431 2607 ἐπικειμένων
3477 2533 3632 2628 αὐτῷ

2054 2619 2284 2711 ἀνδρῶν,
2327 2641 2421 2693 καὶ
2453 2638 2544 2691 ὑπ’
2601 2637 2728 2705 ἐμοὶ
2784 2634 2996 2701 διάγειν
3051 2630 3408 2684 κεκέλευσται
3447 2619 3631 2685 οὗτος,

2055 2737 2130 2796 ὡς
2177 2734 2236 2786 ἐν
2268 2731 2443 2801 ταύτῃ
2487 2732 2554 2800 τῇ
2611 2728 2767 2781 πόλει
2831 2719 2953 2798 ἐνῇ
3004 2720 3268 2792 διέτριϐε,
3325 2720 3463 2772 πᾶσι
3514 2720 3634 2777 τοῖς

2057 2825 2379 2894 ἀναγκαίοις
2413 2820 2815 2894 ἔμπλεονάζειν
2836 2836 2851 2851 ο
2885 2820 2935 2872 εί
2966 2818 3062 2870 καὶ
3090 2816 3160 2897 τά
3192 2814 3425 2884 μάλιστα
3462 2807 3632 2865 αὐτοῦ

2059 2916 2093 2987 ἠ
2123 2915 2372 2984 ἀοίδιμος
2408 2910 2582 2981 ἀρετὴ
2616 2912 2735 2971 ταῖς
2770 2907 2945 2970 θείαις
2993 2902 3285 2958 πεποιθυῖα
3331 2900 3633 2972 βοηθείαις,

382 3015 597 3069 tametsi
629 3012 894 3067 dominus
936 3022 1128 3066 noster
1160 3010 1337 3066 beata:
1371 3010 1654 3064 memoriae
1680 3008 1952 3065 Constan-

2059 3011 2152 3063 καὶ
2176 3009 2250 3062 τὰ
2286 3009 2385 3076 τῆς
2417 3005 2756 3077 τραχύ-τέρας
2799 3001 2972 3072 τύχης
3010 3001 3152 3069 ἄχθη
3186 2997 3478 3063 ἐξουθενεῖ.
3505 2994 3637 3047 Τοι-

384 3110 531 3161 tinus
577 3106 889 3175 Augustus,
943 3113 1096 3172 pater
1136 3117 1329 3167 meus,
1373 3101 1691 3171 episcopum
1722 3099 1950 3154 huneiu

382 3200 566 3253 locum
611 3212 771 3252 suum
805 3197 948 3267 apud
999 3194 1380 3265 gravissimam
1416 3192 1678 3262 pietatem
1713 3200 1953 3246 vestram

385 3293 686 3345 restituere
712 3289 1061 3344 constituerit
1085 3304 1099 3340 :
1127 3296 1307 3341 tamen
1335 3276 1689 3354 posteaquam
1717 3284 1956 3337 humana

386 3392 539 3439 sorte
585 3390 902 3453 prmvcntns
951 3379 1107 3449 prius
1153 3376 1525 3441 obdormivit,
1558 3390 1726 3445 quam
1771 3383 1956 3428 votum

385 3492 545 3528 suum
584 3474 901 3544 impleverit
929 3492 941 3526 :
980 3472 1280 3526 convenire
1315 3470 1447 3523 mihi
1481 3469 1658 3524 visum
1688 3476 1798 3531 est,
1831 3481 1961 3519 con-

386 3566 573 3620 silium
610 3565 810 3618 divinaa
852 3560 1258 3617 recordationis
1294 3558 1666 3630 imperatoris,
1698 3572 1799 3629 per
1832 3572 1962 3612 suc-

386 3644 694 3712 cessionem
730 3655 795 3709 ad
829 3669 917 3708 me
951 3652 1337 3708 transmissum
1361 3691 1376 3716 ,
1415 3652 1702 3721 perlicere.
1738 3649 1843 3716 Qui
1878 3650 1962 3701 vir

386 3750 479 3803 ubi
517 3740 570 3802 in
602 3756 960 3817 conspectum
994 3752 1242 3799 vestrum
1273 3744 1513 3806 venerit,
1550 3758 1657 3813 qua
1691 3743 1834 3812 apud
1872 3758 1960 3796 me

386 3850 648 3909 acceptus
694 3840 859 3894 fuerit
909 3837 1298 3903 veneratione,
1340 3834 1711 3906 cognoscetis.
1762 3833 1953 3903 Neque

388 3932 527 3986 adeo
572 3930 887 3987 mirandum
933 3938 1053 3995 est,
1096 3929 1141 3983 si
1174 3927 1307 3998 quid
1341 3942 1370 3981 a
1405 3943 1489 3981 me
1535 3942 1634 3995 pro
1672 3940 1739 3979 eo
1768 3935 1853 3979 est
1886 3925 1962 3979 fa-

389 4032 563 4075 ctum.
600 4021 861 4074 Animum
906 4033 1147 4089 namque
1181 4031 1363 4072 meum
1404 4017 1470 4070 ad
1521 4016 1612 4079 id,
1659 4031 1783 4069 cum
1820 4015 1965 4069 desi-

391 4113 531 4166 derii
569 4112 736 4166 vestri
769 4110 963 4177 facies,
1001 4122 1114 4166 tum
1147 4110 1282 4164 tanti
1324 4108 1431 4162 viri
1460 4109 1676 4177 species
1708 4107 1879 4160 movit
1909 4115 1965 4160 et

392 4203 680 4257 excitavit.
713 4202 901 4255 Divina
929 4201 1277 4271 providentia
1305 4214 1404 4254 vos
1428 4188 1739 4260 conservet,
1766 4198 1964 4251 fratres

392 4294 601 4350 dilecti.
644 4311 662 4345 ι
712 4292 1029 4348 Secundum
1094 4293 1258 4348 hasce
1289 4293 1535 4357 litteras,
1592 4291 1839 4345 suaviter
1896 4291 1963 4345 ab

395 4385 788 4441 Alexandrinis
818 4395 1111 4455 susceptus
1140 4383 1496 4458 Athanasius,
1526 4382 1742 4454 Egypti
1783 4383 1962 4438 eccle-
1997 4373 2036 4426 ί)

396 4482 509 4533 sias
560 4476 988 4531 administravit.
1040 4476 1311 4531 Eusebius
1356 4491 1485 4531 vero
1538 4484 1799 4544 tanquam
1856 4477 1964 4531 telo

395 4568 678 4639 quopiam,
721 4568 801 4623 sic
836 4568 1014 4623 reditu
1057 4569 1208 4623 illius
1239 4569 1383 4625 ictus
1405 4609 1418 4632 .
1453 4569 1832 4640 sycephantiis
1864 4585 1965 4639 op-

396 4676 639 4729 pugnare
687 4676 812 4715 eum
849 4676 1075 4727 rursus,
1111 4671 1167 4715 et
1203 4677 1316 4716 rem
1365 4661 1430 4715 ad
1480 4660 1810 4717 seditionem
1844 4677 1968 4732 per-

396 4750 602 4804 ducere
636 4760 720 4804 est
750 4765 1046 4820 aggressus
1068 4792 1083 4815 ,
1126 4750 1517 4820 negotiumque
1549 4750 1688 4806 adeo
1721 4751 1770 4805 ei
1809 4751 1966 4805 novis

395 4837 692 4891 calumniis
741 4837 1018 4892 exhibuit.
1068 4836 1218 4892 Citra
1283 4853 1491 4894 moram
1542 4841 1688 4893 enim
1743 4854 1967 4894 omnem

397 4928 731 4997 imperatore
777 4928 963 4994 adito,
1002 4930 1156 4983 illum
1207 4939 1260 4984 ut
1310 4930 1490 4984 virum
1524 4931 1871 4994 seditiosum,
1912 4941 1969 4986 et

396 5023 490 5089 qui
527 5019 934 5073 ecclesiasticas
977 5020 1403 5075 constitutiones
1442 5022 1809 5092 ordinemque
1846 5031 1969 5075 tu-r-

398 5111 574 5173 barit,
620 5125 684 5163 ac
728 5111 868 5165 citra
902 5111 1291 5184 episcoporum
1333 5115 1664 5169 sententiam
1709 5114 1813 5170 sibi
1863 5113 1971 5184 ipsi

399 5203 710 5271 ingressum
746 5201 801 5254 in
832 5203 1120 5257 ecclesiam
1160 5206 1472 5274 usurparit,
1506 5205 1723 5260 detulit.
1761 5205 1970 5263 Tanto-

396 5310 527 5363 pere
557 5303 707 5348 certe
741 5292 1129 5361 imperatorem
1165 5296 1458 5364 permovit,
1491 5306 1551 5351 ut
1580 5298 1732 5353 illum
1771 5312 1967 5353 rursus

399 5383 529 5437 sede
555 5383 857 5452 episcopali
888 5384 1199 5438 deturbarit
1224 5426 1237 5450 ,
1270 5385 1435 5439 sicuti
1477 5398 1665 5458 postea
1698 5389 1965 5445 dicemus.

399 5472 477 5525 Eo
506 5482 749 5542 tempore
777 5474 1049 5529 Eusebius
1080 5491 1298 5545 quoque
1353 5478 1443 5548 qui
1476 5480 1739 5549 Pamphili
1767 5496 1968 5550 cogno-

402 5579 523 5616 tuen
565 5567 793 5619 sortitus
826 5568 1026 5628 fuerat,
1065 5568 1225 5621 simul
1259 5580 1314 5621 et
1345 5571 1647 5640 episcopali
1685 5572 1967 5625 iunctione

2058 3100 2340 3172 γαροῦνεί
2382 3100 2474 3152 καὶ
2514 3099 2583 3150 τὰ
2631 3095 2872 3167 μάλιστα
2911 3093 3050 3162 πρὸς
3080 3094 3180 3163 τὴν
3231 3089 3638 3159 προσφιλεστέ-

2056 3209 2157 3263 την
2205 3191 2361 3261 ὑμῶν
2400 3188 2717 3243 θεοσέϐειαν
2767 3186 2797 3238 ὁ
2846 3183 3116 3251 δεσπότης
3148 3180 3306 3251 ήμῶν
3343 3183 3371 3234 ὁ
3399 3180 3495 3248 τῆς
3530 3196 3640 3245 μα-

2062 3284 2259 3356 καρίας
2297 3284 2518 3353 μνήμης
2552 3280 2986 3341 Κωνσταντῖνος,
3022 3277 3118 3328 καὶ
3150 3271 3417 3335 σεϐαστδς-
3445 3273 3472 3324 ὁ
3501 3271 3640 3339 ἐμ“ς

2062 3379 2268 3447 πατὴρ,
2311 3375 2402 3427 τὸν
2444 3373 2608 3427 αὑτὸν
2655 3371 2954 3425 ἐπίσκοπον
2985 3368 3062 3438 τῷ
3111 3367 3229 3437 ἰδίῳ
3271 3364 3425 3435 τόπῳ
3452 3379 3640 3433 παρα-

2064 3471 2213 3538 σχεῖν
2263 3465 2582 3536 προῄρητοο
2640 3464 2789 3533 ὅμως
2844 3459 3038 3531 ἐπειδὴ
3088 3457 3419 3529 ἀνθρωπίνῳ
3446 3456 3640 3527 κλήρῳ

2065 3560 2426 3631 προληφθεὶς.
2467 3557 2573 3629 πρὸ
2608 3555 2703 3609 τοῦ
2745 3555 2845 3625 τὴν
2869 3552 3034 3624 εὐχὴν
3078 3551 3365 3623 πληρῶσαι
3400 3551 3643 3603 ἀνεπαύο

2066 3668 2225 3713 σατο,
2254 3648 2554 3704 ἀκόλουθον
2601 3645 2902 3716 ἡγησάμην
2929 3642 3027 3715 τὴν
3062 3644 3384 3715 προαίρεσιν
3413 3641 3507 3695 τοῦ
3536 3643 3643 3711 τῆς

2065 3743 2217 3803 θείας
2277 3740 2498 3808 μνήμης
2547 3737 2836 3807 βασιλέως,
2871 3735 3260 3806 διαδεξάμενος
3312 3734 3635 3804 πληρῶσαι.

2068 3835 2256 3896 Ὅστις
2313 3830 2534 3884 ἐπειδάν
2592 3829 2692 3897 τῆς
2753 3827 3030 3897 ὑμετέρας
3077 3827 3220 3899 τύχῃ
3270 3827 3647 3896 προσόψεωςί

2064 3925 2197 3990 ὅσης
2223 3919 2406 3983 αἰδοῦς
2433 3920 2565 3988 παρ’
2591 3917 2724 3988 ἐμοῦ
2757 3918 3025 3987 τετύχηκε
3070 3917 3368 3986 γνώσεσθε.
3407 3917 3481 3971 Ob
3526 3916 3641 3987 γάρ

2066 4012 2384 4083 θαυμαστὸν
2426 4012 2478 4064 εί
2520 4028 2576 4063 τι
2627 4010 2673 4063 δ’
2727 4010 2792 4064 ἂν
2839 4010 2981 4080 ὑπὲρ
3011 4007 3178 4063 αὐτοῦ
3213 4009 3514 4077 πεποίηκα·
3547 4014 3648 4064 καὶ

2067 4105 2178 4176 γάρ
2210 4104 2310 4174 τὴν
2347 4102 2487 4172 ἐμὴν
2520 4103 2701 4172 ψυχὴν
2753 4101 2790 4172 ἦ
2835 4119 2894 4154 τε
2935 4101 3029 4155 τοῦ
3062 4102 3332 4173 ὑμετέρου
3367 4102 3533 4156 πόθου
3565 4106 3647 4157 ei-

2069 4198 2201 4264 κὼν,
2236 4198 2330 4251 καὶ
2376 4195 2438 4250 τὸ
2495 4195 2820 4267 τηλικούτου
2871 4195 3065 4266 ἀνδρὸς
3123 4198 3330 4266 σχῆμα,
3370 4199 3455 4262 εἰς
3483 4199 3650 4252 τοῦτο

2069 4289 2238 4349 ἐκίνει
2282 4288 2379 4342 καὶ
2428 4288 2790 4359 προέτρεπεν.
2835 4287 2898 4341 Ἣ
2938 4287 3059 4342 θεία
3086 4291 3314 4361 πρόνοια
3348 4291 3492 4362 ὑμᾶς
3522 4293 3647 4346 διαά

2065 4380 2312 4451 φυλάξαι,
2345 4380 2566 4448 ἀδελφοὶ
2595 4382 2892 4450 ἀγαπητοί.
2925 4398 2944 4432 ι
2991 4383 3147 4434 Κατὰ
3185 4381 3249 4452 δὴ
3278 4383 3379 4454 τὴν
3421 4388 3653 4455 γραφὴν

2066 4477 2273 4541 ταύτην
2309 4473 2480 4542 ἡδέως
2519 4474 2671 4541 παρὰ
2721 4475 2833 4535 τοῖς
2857 4472 3309 4543 Ἀλεξανδρεῦσιν
3337 4477 3647 4545 είσδεχθεὶς

2068 4566 2413 4628 Ἀθανάσιο;,
2454 4565 2553 4627 τὰς
2597 4563 2721 4618 κατ’
2752 4562 3030 4631 Αἴγυπτον
3070 4566 3371 4636 ἐκκλησίας
3410 4568 3645 4623 διεῖπεν.

2069 4659 2133 4712 Ol.
2162 4657 2217 4709 δὲ
2243 4657 2373 4726 περὶ
2407 4656 2690 4720 Εὑσέὄιον,
2719 4649 2809 4710 οἶά
2838 4674 2943 4710 τινι
2973 4657 3120 4727 βέλει
3153 4662 3219 4729 τῇ
3255 4659 3469 4730 καθόδῳ
3496 4665 3649 4714 ἐκε-

2068 4763 2162 4801 νου
2212 4746 2555 4815 πληγέντες,
2615 4745 2928 4800 διαϐάλλειν
2980 4747 3140 4812 αὖθις
3193 4752 3286 4804 καὶ
3329 4752 3649 4815 στασιάζειν

2069 4838 2413 4907 ἐπεχείρουν,
2452 4839 2551 4891 καὶ
2599 4839 2903 4907 πράγματα
2934 4843 3199 4910 παρεῖχον
3229 4842 3435 4912 ἐτέρων
3460 4845 3648 4897 διαϐο-

2069 4924 2198 4979 λῶν.
2238 4925 2406 4977 Ὅσον
2445 4926 2553 4992 γὰρ
2598 4927 2760 4995 τάχος
2815 4926 2872 4990 ἐς
2925 4926 3154 4996 βασιλέα
3202 4930 3536 4996 φοιτῶντες,
3566 4934 3643 4997 ὡς

2072 5016 2353 5087 στασιώδη.
2405 5018 2694 5083 διέϐαλον,
2747 5020 2847 5072 καὶ
2895 5019 2973 5083 ὡς
3021 5021 3125 5093 τὴν
3175 5023 3646 5098 ἐκκλησιαστ;κὴν

2069 5109 2229 5193 τάξιν
2280 5109 2601 5178 συγχέοντα.
2660 5110 2796 5180 Λίχα
2874 5109 2985 5182 γὰρ
3043 5110 3272 5182 γνώμης
3326 5116 3646 5170 ἐπισκὸπων

2070 5200 2251 5270 ἐαυτῷ
2276 5200 2373 5271 τὴν
2406 5202 2500 5255 ἐπὶ
2524 5203 2598 5272 τῇ.
2625 5201 2895 5271 ἐκκλησίᾳ
2929 5202 3232 5274 ἐπέτρεψεν
3262 5205 3489 5261 εῐσοδον.
3522 5208 3651 5261 Ἐπὶ

2069 5297 2225 5348 τόσον
2259 5294 2316 5347 δὲ
2366 5294 2457 5347 τὸν
2519 5295 2745 5365 βασιλέα
2797 5282 3086 5366 ἠρέθισαν,
3144 5297 3219 5361 ὡς
3275 5299 3440 5351 αὐτὸν
3486 5296 3646 5363 αὖθις

2070 5387 2347 5441 ἀπελάσαι
2383 5387 2477 5454 τοῦ
2512 5389 2729 5457 ορόνου,
2761 5388 2834 5450 ὼς
2862 5390 3063 5443 αὐτίκα
3086 5390 3151 5461 δὴ
3195 5392 3342 5460 μάλα
3381 5393 3644 5463 ἐροῦμεν.

2070 5479 2392 5547 Τηνικαῦτα
2425 5480 2481 5533 δὲ
2519 5481 2614 5533 καὶ
2663 5472 2923 5544 Εὐσέϐιος
2956 5481 3014 5546 ὃς
3042 5482 3141 5551 τὴν
3172 5482 3461 5553 Παμφίλου
3504 5487 3650 5538 ἐπω-

2071 5571 2271 5639 νυμίαν
2303 5572 2651 5642 κεκλήρωτο,
2684 5572 2781 5644 τὴν
2831 5574 2886 5627 ἐν
2945 5574 3256 5644 Καισαρείᾳ
3304 5576 3402 5644 τῆς
3442 5576 3650 5631 Halat»
