3988 6190
346 259 452 326 231

1568 248 1995 321 NICEPHORI
2034 255 2376 316 CALLISTI

3501 256 3613 319 232

347 388 472 440 tns,
501 371 597 443 qui
640 371 857 426 Nicaena
904 368 1127 425 decreta
1174 379 1586 442 oppugnarunt.
1630 370 1709 423 Ac
1747 367 1924 438 prima

2050 365 2253 435 γραφὴν
2292 362 2556 427 ὑποστὰς,
2617 361 2693 426 ὡς
2745 362 2822 433 μὴ
2860 340 3015 416 ίκατὰ
3051 364 3248 434 νόμους
3298 366 3473 435 βιοὺς,
3512 370 3612 423 τοῦ

348 466 535 521 statim
594 452 985 526 accusatione,
1038 462 1199 530 quasi
1247 477 1356 515 non
1414 462 1720 516 secundum
1774 462 1920 530 leges

348 556 580 614 viveret.
616 552 744 607 sede
784 552 1052 616 deiectus,
1087 560 1144 605 et
1176 551 1371 607 exsilio
1407 550 1697 606 damnatus
1723 560 1830 607 est.
1858 551 1919 606 ln

349 658 463 716 quo
493 645 679 706 etiam,
716 642 956 697 inimicis
995 643 1115 714 ejus
1147 642 1199 696 id
1240 644 1701 713 procurantibus,
1736 655 1919 698 strnue

346 737 583 803 gttlaltts.
612 742 841 787 mortem
873 732 1125 802 cppctiit.
1155 732 1260 786 Sed
1289 732 1403 786 lucc
1432 742 1621 802 postea
1646 732 1917 787 accidere.

348 827 513 896 e378
547 827 684 879 'l‘um
723 839 856 897 vero
893 824 960 878 de
989 823 1235 894 episcopi
1272 825 1544 879 electione
1579 826 1772 894 ingens
1804 840 1923 879 mo-

349 930 439 970 tus
470 928 553 970 cst
576 925 822 970 exortus.
857 915 1169 985 Superstite
1192 930 1425 985 namque
1447 915 1772 977 Alexandro.
1811 931 1919 971 non

352 1009 520 1061 multa
553 1007 738 1061 Ariani
777 1009 861 1062 usi
898 1016 1031 1061 sunt
1066 1007 1343 1073 libertate,
1382 1009 1810 1076 superioresque
1839 1008 1923 1062 eis

349 1101 503 1152 fin-rc
549 1099 640 1167 qui
693 1100 985 1167 ὁμοοίσιον
1026 1098 1493 1152 eonsubstantiale
1532 1100 1776 1168 proﬁteri
1820 1099 1922 1153 do-

350 1208 516 1245 cuere
544 1209 556 1244 :
607 1191 750 1255 quod
783 1192 993 1245 scilicet
1037 1193 1223 1244 Arium
1253 1190 1552 1245 ftealissima
1593 1203 1791 1254 morte,
1824 1207 1923 1261 per

350 1285 592 1336 divinam
627 1299 852 1352 prorsus
887 1270 1595 1354 vindictam,'absumptum
1633 1284 1920 1338 vidissent.

351 1375 420 1430 Ut
475 1390 605 1428 vero
652 1375 967 1430 Alexander
999 1382 1269 1428 'mortnus
1312 1382 1417 1439 est,
1472 1374 1628 1436 plebs
1679 1376 1733 1428 in
1786 1377 1923 1431 duas

352 1476 534 1535 partes
568 1468 762 1529 scissa,
797 1467 861 1520 ad
894 1476 1114 1536 apertas
1144 1482 1432 1536 progressa
1466 1477 1549 1520 est
1580 1467 1923 1529 inimicitias,

351 1567 407 1611 et
463 1559 749 1612 contentio
793 1558 958 1611 dubia
1008 1558 1421 1611 multitudinem
1469 1558 1779 1626 occupavit.
1832 1559 1927 1613 Ni-

348 1664 516 1703 crena:
565 1649 714 1702 enim
773 1648 898 1703 ﬁdei
962 1657 1270 1704 sectatores
1318 1648 1550 1703 Paulum
1603 1651 1921 1719 episcopum

353 1739 764 1809 designabant:
835 1739 1025 1793 Ariani
1085 1749 1268 1793 autem
1330 1739 1651 1794 Macedonio
1713 1755 1925 1794 sacram

354 1832 897 1887 administrationem
931 1833 1280 1889 conuuittere
1314 1833 1743 1888 contendebant.
1776 1834 1833 1888 ln
1861 1849 1927 1888 ea

354 1939 487 1979 sane
512 1923 743 1979 ecclesia
773 1941 894 1995 quae
921 1927 1074 1982 Pacis
1090 1942 1290 1981 nomen
1320 1926 1552 1989 obtinet,
1575 1944 1803 1997 quaeque
1830 1928 1926 1983 Dei

356 2007 655 2084 Sapientia:
692 2020 896 2088 templo
928 2019 1109 2073 vicina
1140 2029 1246 2081 est,
1283 2036 1405 2074 eum
1438 2020 1800 2089 pra'rogativa
1834 2020 1931 2075 de-

358 2106 532 2183 functi
582 2109 828 2177 cpiscOpi
880 2110 1206 2173 sentcntiae,
1257 2111 1461 2164 Paulus
1505 2112 1799 2180 episcopus
1846 2121 1931 2166 est

358 2199 728 2253 renuntiatus.
765 2203 939 2265 Quam
971 2200 1297 2256 electionem
1337 2203 1643 2271 imperator
1688 2203 1931 2272 graviter

365 2288 536 2342 tulit:
567 2303 796 2359 peregre
849 2290 998 2344 enim
1051 2300 1166 2346 tum
1214 2291 1551 2355 advenerat,
1601 2302 1659 2348 et
1697 2294 1932 2348 concilio

358 2388 608 2435 Veterum
657 2380 812 2435 Pauli
850 2381 1202 2437 inimicorum
1251 2394 1481 2450 coacto,
1527 2385 1678 2439 illum
1708 2386 1930 2453 quidem

361 2479 423 2524 ut
466 2484 630 2526 sacro
667 2484 901 2527 munere
945 2470 1231 2542 indignum
1277 2473 1508 2542 deiecit,
1563 2475 1932 2543 thronumque

360 2561 599 2615 Eusebio
637 2561 1038 2618 Nicomediensi
1089 2565 1403 2619 concessit:
1437 2578 1561 2619 cum
1597 2565 1817 2634 quidem
1878 2564 1932 2618 id

363 2669 542 2707 canon
567 2653 982 2710 ecclesiasticus
1010 2654 1391 2721 interdiceret,
1417 2656 1705 2725 episeopos
1730 2672 1795 2709 ex
1824 2671 1933 2710 una

367 2745 504 2798 urbe
538 2748 591 2800 in
624 2747 790 2799 aliam
818 2748 1053 2802 transire
1081 2757 1295 2803 vetans.
1334 2748 1481 2802 Nihil
1513 2760 1698 2802 autem
1731 2748 1936 2801 miran-

364 2840 495 2891 dum
520 2845 627 2898 est,
658 2839 751 2906 qni
779 2839 857 2894 sic
880 2850 1068 2893 contra
1095 2838 1371 2909 Unigeniti
1404 2839 1746 2893 divinitatem
1786 2840 1937 2895 rabie

366 2928 612 2982 furentes
657 2928 938 2993 ferantur,
989 2930 1037 2985 si
1083 2931 1296 2999 absque
1350 2930 1543 2984 timore
1591 2932 1741 2985 omni
1790 2932 1937 2997 leges

366 3036 588 3089 quoque
643 3020 764 3090 ejus
814 3020 1319 3090 transgrediuntur.
1369 3019 1476 3076 Sed
1527 3020 1630 3075 hoc
1681 3022 1774 3075 illc
1823 3038 1932 3076 non

368 3120 485 3164 tum
525 3111 764 3179 primum
813 3126 983 3169 ausos
1022 3121 1126 3167 est.
1178 3110 1351 3165 Antea
1388 3126 1625 3180 namque
1670 3128 1793 3167 cum
1834 3112 1936 3169 Bc-

370 3201 478 3272 ryti
514 3184 912 3270 episcopatum
970 3210 1228 3271 gereret,
1285 3201 1662 3257 Nicomediam
1699 3219 1940 3273 quoque

373 3293 505 3348 inde
547 3294 849 3348 transiluit.
889 3293 986 3349 llis
1018 3293 1177 3359 actis,
1205 3293 1564 3349 Constantius
1596 3296 1940 3350 Antiochiam

373 3384 546 3440 venit.

990 3474 1217 3533 CAPUT
1260 3477 1326 3533 ν.

379 3562 445 3620 Ut
500 3566 771 3639 Eusebius,
817 3576 999 3621 coacta
1056 3568 1345 3622 Antiochia:
1368 3568 1589 3639 synodo,
1615 3571 1779 3624 aliam
1825 3571 1947 3638 ﬁdei

444 3635 798 3705 promulgarit
868 3639 1266 3705 expositionem.
1328 3635 1516 3692 Etv'ut
1588 3635 1947 3705 episcopatum

445 3706 714 3828 i‘brogurit
794 3720 988 3776 magno
1036 3707 1354 3763 Athanasio.
1404 3708 1538 3762 Item
1594 3706 1658 3762 de
1727 3708 1949 3764 Eusebio

468 3790 723 3828 .mcseno.

468 3790 723 3829 sntcseno.

454 3865 725 3921 Eusebius
754 3875 963 3933 autem,
988 3868 1255 3938 ampliore
1286 3883 1352 3923 eo
1381 3870 1545 3924 modo
1575 3882 1770 3925 auctus
1800 3881 1952 3941 pote-

387 3969 530 4014 state
552 3999 567 4021 ,
608 3974 717 4013 non
757 3960 1038 4015 moderate
1068 3976 1128 4015 se
1159 3963 1368 4030 gessit:
1403 3962 1500 4016 sed
1533 3978 1773 4033 omnem,
1809 3974 1864 4017 ut
1897 3965 1952 4018 in

380 4048 680 4120 proverbio
722 4057 841 4112 est,
886 4050 1061 4102 movit
1102 4049 1326 4117 funem,
1359 4061 1416 4104 ut
1449 4055 1593 4119 quod
1635 4056 1803 4108 semel
1848 4066 1955 4109 sta-

389 4141 620 4204 tuisset,
654 4138 918 4193 efﬁceret.
968 4139 1035 4193 Et
1085 4142 1438 4196 commodum
1485 4145 1718 4200 ecclesia
1750 4146 1957 4201 Antio-

385 4229 564 4282 cbcua
616 4227 834 4282 decimo
887 4237 1002 4281 tum
1057 4238 1180 4298 post
1229 4231 1375 4299 jacta
1429 4231 1549 4301 ejus
1598 4233 1955 4288 fundamenta

387 4333 536 4371 anxio
567 4317 817 4371 absoluta
844 4326 965 4376 erat
989 4336 1004 4373 :
1035 4334 1224 4388 quam,
1253 4320 1618 4377 Constantino
1648 4323 1760 4378 ﬁlio
1787 4325 1959 4378 admi-

2028 457 2221 526 θρόνου
2258 457 2487 527 ἐρρίφη,
2522 455 2620 507 καὶ
2660 455 2816 524 ἀϊδίῳ
2849 456 3229 527 κατεδικάσθη
3267 462 3443 529 φυγῇο
3473 462 3534 513 ὲν

2025 547 2125 600 καὶ
2172 547 2266 598 τδν
2304 545 2371 598 δι’
2405 547 2642 616 ἀγχόνης
2704 545 2915 617 ὑπέστη
2954 547 3229 612 θάνατον,
3282 549 3449 603 τοῦτο
3498 552 3613 605 τῶν

2024 639 2283 707 ἀπεχθῶς
2341 639 2578 707 ἐχόντων
2640 638 3143 707 συσκευασαμένων
3204 640 3378 710 αὐτῷ.
3444 643 3613 698 Ἀλλὰ

2024 728 2197 781 ταῦτα
2231 727 2331 796 μὲν
2381 726 2613 794 ὕστερον
2648 726 2895 793 ἐγεγόνει
2922 740 2938 754 ·
2980 728 3105 780 τότε
3135 728 3195 781 δὲ
3228 729 3320 782 διὰ
3346 730 3449 801 τὴν
3491 751 3611 803 χει-

2029 819 2298 890 ροτονίαν,
2331 818 2497 879 πολὺς
2531 817 2745 870 κλύδων
2773 821 2839 887 τῇ
2867 818 3171 889 Ἐκκλησία
3196 821 3609 891 ἀνερριπίζετο·

2026 911 2312 981 περιόντος
2364 911 2472 981 γὰρ
2500 908 2882 978 Ἀλεξάνδρου,
2930 912 3031 963 οὐκ
3082 912 3141 964 ὲν
3183 912 3357 984 πολλῇ
3388 916 3611 986 παρῤη-

2028 1004 2119 1073 σία
2158 1000 2299 1072 ἦσαν
2341 1003 2391 1053 oi
2433 1001 2562 1070 περὶ
2600 1000 2843 1069 Ἀρειον.
2900 1002 3293 1071 Περιεγένοντο
3349 1005 3408 1057 δὲ
3454 1009 3503 1059 οἱ
3547 1008 3610 1061 τὸ

2025 1096 2317 1166 δμοούσιον
2350 1095 2753 1165 πρεσϐεύοντες
2780 1110 2796 1125 ο
2839 1098 2932 1146 καὶ
2979 1095 3137 1165 ταῦτ’
3200 1097 3402 1161 ἰδόντες
3431 1098 3612 1163 οὕτως

2027 1188 2301 1257 αἰσχίστῳ
2334 1189 2484 1256 μόρῳ
2507 1186 2883 1256 διαρραγέντα
2914 1186 3004 1238 τὸν
3048 1188 3274 1257 Ἀρειον
3303 1192 3451 1242 κατὰ
3489 1190 3614 1243 θεο-

2033 1255 2234 1346 μηνίαν
2269 1255 2515 1341 πάντως.
2707 1276 2755 1330 δ’
2810 1276 3065 1331 ἐτελεύτα
3088 1319 3102 1343 ,
3124 1255 3131 1257 ν
3157 1278 3283 1351 διχῆ
3317 1283 3379 1334 τδ
3406 1284 3615 1355 πλῆθος

2030 1366 2312 1436 διαιρεθὲν
2344 1368 2424 1428 εἰς
2455 1368 2699 1437 φανερὰν
2738 1367 3072 1422 καθίσταντο
3104 1370 3335 1439 ἔχθραν·
3366 1375 3461 1425 xui.
3502 1376 3614 1444 ἁμ-

2030 1459 2295 1528 φήριστος
2342 1455 2467 1528 ξριξ
2498 1459 2567 1510 τὰ
2602 1460 2786 1529 πλήθη
2820 1461 3151 1530 ἐλάμϐανεν.
3184 1464 3247 1516 Οί
3279 1464 3416 1529 γοῦν
3449 1465 3521 1519 τὰ
3554 1468 3613 1519 ἐν

2028 1549 2238 1620 Νικαίᾳ
2297 1551 2623 1620 στέργοντες
2678 1550 2893 1605 Παῦλον
2953 1553 3435 1621 προεχειρίζοντο’
3473 1555 3614 1608 οῑδὲ

2035 1640 2166 1707 περὶ
2196 1639 2417 1710 Ἀρειον
2458 1637 2782 1707 Μακεδονίῳ
2813 1638 3074 1692 ἔσπευδον
3107 1642 3206 1703 τὰς
3245 1642 3403 1711 ἱερὰς
3434 1643 3620 1712 ἐγχει-

2037 1729 2209 1802 ρίζειν
2243 1733 2422 1799 ἡνίας.
2453 1730 2563 1782 Καὶ
2598 1731 2661 1800 δὴ
2685 1730 2790 1782 ἀνὰ
2813 1729 2910 1800 τὴν
2937 1729 3232 1799 ἐπώνυμον
3253 1733 3352 1800 τῆς
3385 1734 3617 1803 εἰρήνης

2035 1821 2337 1891 ἐκκλησίαν
2376 1820 2688 1888 γενόμενοι,
2740 1821 2775 1890 ἢ
2820 1821 3055 1888 ἐχόμενα
3087 1821 3181 1873 τοῦ
3214 1822 3477 1890 τεμένους
3513 1824 3618 1894 τῆς

2035 1911 2171 1962 Θεοῦ
2210 1911 2406 1977 σοφίας
2445 1913 2618 1975 ἐστὶν,
2652 1910 2783 1962 ἔνθα
2814 1909 2878 1981 δὴ
2928 1911 3164 1980 μάλιστα
3194 1913 3227 1980 ἡ
3261 1912 3357 1965 τοῦ
3388 1915 3619 1984 ἀποιχο-

2038 2003 2203 2072 μένου
2229 2002 2530 2055 ὲπισκόπου
2563 2003 2929 2067 ἐσπουδάζετο
2957 2002 3109 2071 δόξα,
3152 2002 3363 2068 Παῦλος
3394 2005 3623 2059 ἐπίσκο-

2037 2111 2140 2158 πος
2180 2096 2542 2163 ἀνηγόρευτο.
2594 2094 2861 2157 Χαλεπῶς
2890 2096 2935 2148 δ’
2961 2098 2989 2148 ὁ
3011 2097 3231 2166 κρατῶν
3271 2098 3365 2149 ἐπὶ
3397 2100 3462 2167 τῇ
3500 2114 3621 2169 χειο

2041 2187 2256 2257 ροτονὶᾳ
2281 2186 2459 2257 ταύτῃ
2490 2185 2784 2250 διατεθεὶς,
2807 2188 3096 2258 ἀπόδημος
3120 2188 3232 2259 γὰρ
3265 2186 3343 2241 ῶν
3380 2190 3624 2258 παρεγέ-

2038 2296 2184 2344 νετο,
2211 2280 2305 2331 καὶ
2332 2266 2612 2350 συνέδριον
2637 2279 2869 2341 καθίσας
2890 2279 2999 2331 τῶν
3026 2280 3193 2333 πάλαι
3222 2281 3417 2349 Παύλῳ
3440 2281 3620 2352 ἀπεχ-

2041 2370 2380 2440 θανομένων,
2407 2371 2500 2423 τὸν
2535 2371 2635 2440 μὲν
2667 2370 2743 2433 ὡς
2780 2369 3000 2435 ἀνάξιον
3018 2371 3182 2441 δῆθεν
3206 2374 3306 2441 τῆς
3337 2373 3618 2442 ἱερατείας

2040 2462 2444 2532 ἀπώσατο·τῷ
2495 2462 2552 2515 δὲ
2605 2463 2980 2532 Νικομηδείας
3034 2444 3280 2532 Εῦσεϐίῳ
3312 2465 3617 2535 ἐγχειρίζει

2041 2559 2131 2610 τὸν
2165 2556 2382 2629 θρόνον·
2418 2556 2714 2610 καὶταῦτα
2764 2553 2859 2607 τοῦ
2908 2556 3134 2620 κανόνος
3176 2556 3619 2628 ἀπαγορεύοντος

2044 2646 2122 2717 μὴ
2173 2645 2520 2713 μεταϐαίνειν
2580 2645 2911 2706 ἐπισκόπους
2993 2646 3073 2708 εἰς
3145 2646 3340 2714 ἐτέρας
3392 2644 3617 2710 ξπόλεις.

2043 2739 2246 2792 Καινδν
2275 2738 2331 2792 δὲ
2362 2738 2516 2792 οὐδὲν
2560 2738 2609 2790 οἱ
2657 2736 2801 2789 οὕτω
2835 2735 2978 2789 κατὰ
3021 2737 3119 2805 τῆς
3144 2735 3240 2789 τοῦ
3273 2734 3620 2801 Μονογενοῦς

2042 2830 2437 2900 λελυττηκὸτες
2472 2829 2754 2899 θεότητος,
2801 2831 2849 2881 εί
2900 2828 2994 2880 καὶ
3030 2829 3155 2890 τοῦς
3181 2826 3394 2880 ἐκείνου
3418 2827 3621 2896 νόμους

2044 2921 2380 2992 παρέϐαινον
2419 2917 2615 2980 ἀδεῶς.
2671 2916 2746 2971 Οὐ
2793 2918 2901 2987 μὴν
2932 2916 3092 2970 τοῦτο
3138 2916 3357 2986 πρῶτον
3390 2916 3618 2986 ἐτόλμα·

2044 3012 2183 3065 ἀλλά
2232 3011 2331 3063 καὶ
2383 3010 2655 3080 πρότερον
2703 3012 2769 3079 τῇ
2828 3008 3110 3079 Βηρυτίων
3156 3007 3501 3076 ἱερατεύσας,
3535 3008 3620 3067 εἰς

2044 3107 2144 3177 τὴν
2182 3084 2554 3175 Νικομήδειαν
2607 3101 2976 3172 μετεπήδησε.
3005 3101 3194 3154 Ταῦτα
3221 3103 3436 3172 πράξας
3464 3100 3626 3153 Κων-

2047 3197 2317 3262 στάντιος,
2356 3196 2438 3257 εις
2469 3193 2802 3265 Ἀντιόχειαν
2835 3193 3192 3265 παρεγένετο.

2650 3478 2903 3535 ΚΕΦΛΛ.
2946 3480 3021 3537 E'.

2061 3579 2157 3645 Ὠς
2195 3575 2491 3641 Εὐσέϐιος
2520 3576 2589 3628 ἔν
2620 3575 2956 3642 Ἀντιοχείᾳ
2989 3572 3259 3627 σύνοδον
3288 3572 3627 3645 ἐργασάμε-

2119 3644 2247 3711 νος,
2299 3646 2511 3708 ἐτέιιτιν
2576 3646 2821 3699 ἔκθεσιν
2871 3648 3132 3708 πίστεως
3197 3644 3620 3711 ὑπηγόρευσελο

2123 3709 2363 3769 καθεῖλε
2393 3715 2460 3765 δὲ
2486 3714 2581 3766 καὶ
2616 3715 2719 3765 τὸν
2737 3712 2937 3765 πολὺν
2981 3709 3351 3765 ’ΛΟανὰσιονζ
3387 3714 3509 3765 Ἔτι
3534 3709 3627 3775 δὲ,

2122 3786 2221 3839 καὶ
2252 3786 2386 3851 περὶ
2418 3785 2718 3837 Εὑσεόἰου
2747 3782 2851 3835 τοῦ
2889 3781 3248 3850 Ἐμεσηνοῦ.

2122 3876 2285 3931 Οὕτω
2314 3876 2368 3929 δὲ
2398 3877 2426 3928 ὁ
2456 3866 2719 3937 Εὐσέϐιος
2771 3877 2999 3942 μείζονα
3036 3875 3424 3943 προσειληφὼς
3465 3874 3630 3927 δύνα-

2059 3984 2175 4036 μιν,
2210 3969 2272 4020 οὐ
2304 3965 2587 4028 κιθεκτῶς
2618 3962 2758 4034 εἶχε·
2797 3967 2980 4017 πάντα
3010 3964 3068 4017 δὲ
3114 3963 3300 4017 κάλων
3343 3966 3533 4043 ἐκίνει,
3566 3965 3631 4016 τὸ

2056 4058 2152 4111 τοῦ
2187 4058 2371 4126 λόγου,
2413 4057 2441 4111 ὃ
2488 4056 2746 4123 καθάπαξ
2784 4055 3051 4127 προῦθετο
3098 4056 3326 4125 πρᾶξαι.
3370 4056 3483 4109 Καὶ
3513 4054 3631 4123 δῆτ’⁸

2058 4149 2489 4220 ὲξεργασθείσης
2524 4149 2623 4217 τῆς
2652 4148 2711 4200 ὲν
2739 4147 3044 4217 Ἀντιοχείᾳ
3076 4147 3394 4215 ἐκκλησίας,
3415 4146 3631 4213 δεκάτῳ

2046 4243 2171 4295 -ἐτει
2201 4239 2337 4308 μετὰ
2357 4238 2455 4307 τὴν
2479 4239 2587 4293 τῶν
2614 4238 2885 4307 θεμελίων
2909 4236 3249 4306 καταϐολὴν,
3269 4237 3338 4305 ἢν
3368 4235 3636 4305 ὑπουργῷ

2062 4331 2138 4400 τῷ
2171 4329 2546 4398 Κωνσεαντίῳ
2575 4328 2947 4398 χρησάμενος,
2981 4327 3419 4394 μεγαλοπρεπῶς
3443 4325 3503 4388 ἐξ
3534 4326 3640 4377 αὑ·-

390 4409 569 4463 nistro
602 4424 731 4463 usus
765 4410 1052 4478 magniﬁce
1081 4426 1148 4463 cx
1181 4412 1315 4480 ipsis
1344 4410 1717 4469 fundamentis
1752 4416 1940 4485 magni

2061 4423 2169 4476 τῶν
2192 4423 2480 4493 κρηπίδων
2513 4423 2923 4481 Κωνσταντίνος
2947 4420 3232 4488 ἀνήγειρε,
3268 4416 3494 4484 μεγέθει
3535 4418 3638 4468 καὶ

393 4498 584 4553 tudine
609 4499 775 4552 simul
805 4507 861 4553 et
888 4499 1302 4569 pulchritudine
1334 4501 1468 4555 nulli
1498 4503 1795 4557 secundam
1818 4503 1961 4559 Cou-

391 4595 671 4650 stantinus
714 4597 1003 4650 exstruxit.
1048 4595 1238 4666 Itaque
1279 4606 1545 4666 praetextu
1574 4608 1631 4654 et
1671 4600 1959 4655 occasione

393 4686 762 4741 encaeniorum
785 4727 800 4751 ,
843 4698 899 4742 et
933 4687 1300 4743 dedicationis
1343 4690 1530 4759 templi
1560 4692 1701 4761 ejus,
1732 4708 1830 4760 per
1866 4708 1962 4761 op-

396 4786 692 4845 portunum
722 4777 963 4834 Eusebio
996 4780 1176 4833 visum
1207 4790 1312 4843 est,
1348 4782 1642 4836 concilium
1670 4799 1865 4854 cogere
1895 4786 1962 4838 ad

396 4864 800 4934 professionem
820 4868 915 4921 τοῦ
936 4870 1227 4939 ὁμοουσίου
1260 4872 1747 4929 consubstantialis
1774 4886 1965 4945 aperte

395 4957 752 5023 abolendam,
795 4969 849 5014 et
887 4961 1106 5016 decreta
1136 4962 1356 5017 Nicmna
1404 4965 1766 5019 immolanda.
1797 4966 1963 5036 679

396 5047 467 5103 Et
524 5063 839 5105 convenere
888 5053 1256 5123 undequaque
1323 5056 1669 5111 Antiochiam
1720 5056 1963 5126 episcopi

405 5140 703 5210 nonaginta
741 5151 951 5215 septem
986 5159 1258 5199 numero:
1294 5146 1386 5200 ubi
1417 5156 1530 5201 tum
1575 5158 1694 5216 post
1723 5147 1974 5216 Euphro-

404 5232 595 5295 nium,
648 5229 912 5288 Κροκέας
961 5234 1204 5290 Placitus
1264 5238 1527 5306 prmfuit:
1580 5235 1971 5309 Hierosolymis

402 5334 612 5390 autem,
643 5335 766 5393 post
797 5324 1120 5391 Macarium,
1153 5326 1422 5382 Maximus
1451 5344 1466 5382 :
1491 5329 1585 5398 qui
1619 5329 1873 5384 consulto
1903 5330 1969 5383 ad

407 5415 676 5484 synodum
708 5430 829 5471 eam
865 5418 1056 5473 venire
1087 5420 1272 5474 renuit
1294 5458 1309 5485 ,
1351 5434 1536 5475 secum
1577 5421 1692 5490 ipse
1721 5419 1972 5475 conside-

409 5519 538 5561 rans
561 5507 660 5575 (1),
692 5522 761 5563 nc
794 5507 925 5577 quid
954 5520 1154 5566 rursus
1189 5520 1389 5580 praeter
1430 5511 1596 5566 animi
1643 5511 1971 5566 sententiam

408 5625 1180 5767 ωὲὶι)8’ῗπιλογισάμενοςὼ;
1248 5634 1336 5705 εἴη
1370 5634 1657 5703 ἁρπαγεὶς,
1730 5636 1824 5688 καὶ
1889 5638 1952 5704 τῇ

2060 4514 2245 4567 κάλλει
2275 4514 2533 4582 οὐδεμιᾶς
2560 4512 2898 4581 λειπομένην
2923 4527 2939 4542 ο
2981 4513 3048 4580 τῇ
3093 4508 3372 4577 προφάσει
3401 4505 3497 4558 οῦν
3524 4506 3641 4558 τῶν

2065 4606 2363 4674 ὲγκαινίων
2389 4605 2584 4673 αὐτῆς,
2604 4605 2865 4673 ἐγκαιρον
2900 4603 3048 4668 εδοξε
3082 4604 3193 4664 τοῖς
3223 4602 3350 4671 περὶ
3380 4597 3643 4652 Εὐσέϐων

2066 4697 2286 4750 σύνοδον
2324 4697 2613 4764 ἀθροῖσαι,
2652 4696 2748 4746 ἐπὶ
2793 4696 2858 4762 τῇ
2888 4691 2981 4745 τοῦ
3020 4691 3310 4761 ὁμοουσίου
3345 4688 3641 4757 προφανῶς

2066 4790 2410 4858 καθαιρέσει,
2426 4789 2521 4840 καὶ
2541 4786 2902 4857 μεταποιήσει
2919 4786 3027 4838 τῶν
3044 4786 3101 4836 ἐν
3119 4782 3322 4851 Νικαία
3345 4781 3640 4845 δοξάντων.

2069 4883 2178 4937 Καὶ
2219 4881 2284 4949 δὴ
2337 4880 2597 4948 συνῆλθον
2646 4876 3025 4947 ἁπανταχόθεν
3079 4876 3371 4928 ἐπίσκοποι
3421 4874 3501 4932 εἰς
3542 4873 3643 4940 τὴν

2080 4966 2413 5036 ⁹Δντιόχειαν
2441 4966 2481 5030 ζ’
2509 4966 2605 5019 καὶ
2633 4963 2683 5030 ι(
2708 4964 2989 5025 τελοῦντες
3019 4963 3110 5016 τὸν
3138 4962 3391 5031 ἀριθμόν.
3426 4960 3645 5026 Ἦγεῖτο

2069 5056 2125 5109 δὲ
2155 5056 2463 5126 τηνικαῦτα
2498 5057 2638 5124 μετὰ
2668 5053 2969 5123 Εὑφρόνιον
2997 5053 3101 5121 τῆς
3136 5051 3468 5120 Ἀντιοχείας
3500 5049 3645 5103 Πλά-

2072 5164 2237 5215 κητος
2260 5163 2274 5178 ·
2304 5147 2405 5214 τῆς
2436 5148 2479 5198 δ’
2504 5150 2561 5199 ὲν
2599 5145 2997 5214 Ἰεροσολύμοις
3037 5146 3176 5221 μετὰ
3206 5145 3492 5214 Μακάρων
3522 5145 3641 5197 Μὰ·

2073 5237 2227 5306 ξιμος
2256 5257 2267 5269 δ
2304 5237 2359 5300 ὃς
2401 5238 2648 5305 ἐπίτηδες
2689 5237 3094 5306 παραγενέσθαι
3128 5241 3194 5306 τῇ
3238 5237 3439 5304 συνόδῳ
3474 5235 3646 5306 ταύτῃ

2072 5330 2372 5390 ἀπείπατο,
2407 5331 2462 5381 ἐν
2496 5329 2570 5397 νῷ
2603 5328 2860 5399 θέμενος,
2895 5330 2972 5398 μὴ
3005 5346 3098 5381 και
3132 5325 3289 5389 αὖθις
3326 5327 3475 5392 παρά
3510 5328 3652 5393 γνῶ⁴

2077 5436 2186 5488 μην
2220 5404 2435 5490 πράξοι,
2469 5419 2660 5489 ὥσπερ
2692 5422 2784 5472 καὶ
2816 5420 3082 5488 πρότερον
3114 5420 3187 5487 μὴ
3218 5418 3358 5472 ἑκὼν
3386 5423 3451 5489 τῇ
3489 5418 3651 5473 Ἀθα-

2077 5513 2262 5564 νασίου
2296 5511 2615 5581 καθαιρέσει
2652 5512 3104 5580 καθυπογράψας.
3140 5511 3281 5564 ‘AD.’
3309 5510 3425 5563 οὐδὲ
3456 5511 3486 5562 ὁ
3516 5510 3655 5561 Ῥῶ-

2019 5634 2338 5705 καθαιρέσει
2388 5635 2708 5690 Ἀθανασὶου
2745 5634 3095 5704 ὑπογρᾶνζιας.
3141 5632 3379 5705 (δορί-ιιι.
3434 5631 3533 5687 lib.
3589 5647 3654 5696 ll,
