3988 6190
271 293 357 361 933

1168 276 1771 346 ECCLESIASTICIE
1811 272 2199 338 lllSTOlile
2240 271 2379 338 LIB.
2423 272 2525 337 1X.

3366 270 3472 336 234

266 426 354 478 pq;
398 407 728 466 ἐπίσκοπος,
773 396 991 461 Ἰούλιος
1049 397 1203 459 οῦτος
1256 391 1361 467 ἦν,
1419 390 1835 460 διαδεξάμενος,

1938 399 2105 443 iceret
2140 405 2153 443 :
2189 389 2351 444 sicuti
2381 396 2563 450 antea,
2590 400 2712 440 cum
2749 385 2956 439 invitus
2989 384 3151 439 etiam
3184 382 3470 440 Athanasii

260 499 565 566 Σιλὸεστρον,
593 498 663 564 τῇ
691 492 897 559 συνόδῳ
924 486 1322 560 ἐπεχωρίασεν,
1348 486 1472 540 οὔτε
1497 483 1564 538 δι’
1588 481 1803 544 ἑαυτοῦ,

259 590 362 644 οὔτε
392 588 492 659 μὴν
517 586 608 640 διά
632 602 777 647 τινος
805 583 898 636 τὸν
924 581 1135 635 ἐκείνου
1161 580 1327 634 τόπον
1354 579 1646 646 ἐπέχοντος
1670 590 1684 604 ·
1714 573 1808 627 καὶ

260 683 405 736 ταῦτα
434 678 656 741 κανόνος
689 674 1039 738 θεσπίζοντος
1070 666 1554 741 ἐκκλησιαστικοῦ,
1594 666 1669 735 μὴ
1699 664 1808 715 δεῖν

260 772 375 828 εἶναι
400 772 619 841 γνώμης
648 770 779 823 ἄνευ
809 767 901 821 τοῦ
938 763 1229 832 Ῥωμαίων
1254 760 1560 832 ἡγουμένου
1589 757 1690 819 τὰς
1720 758 1825 846 ἐκέ

261 864 461 932 κλησίας
495 857 789 919 συνοδικῶς
821 854 1224 917 κανονίζεσθαι.
1265 851 1406 904 Ἀλλ’
1428 850 1549 902 οὐδὲ
1575 848 1689 899 τῶν
1719 846 1812 900 ἄλ-

262 956 352 1008 λων
380 951 592 1006 Ἰταλῶν
619 950 652 1019 ἢ
683 948 793 1002 τῶν
819 947 1075 1000 ἐπέκεινα
1107 943 1398 1013 Ῥωμαίων
1425 941 1601 1002 οὐδεὶς
1631 941 1809 991 ἐκεῖσε

264 1044 488 1113 συνῆλθε,
525 1040 779 1110 Πέμπτον
811 1036 974 1090 τοῦτο
1013 1031 1082 1105 ἦν
1117 1035 1224 1087 ἀπὸ
1256 1033 1356 1101 τῆς
1398 1030 1811 1084 Κωνσταντίνου

262 1135 491 1202 τελευτῆς
522 1132 663 1196 ἔτος,
694 1131 789 1182 καὶ
815 1130 847 1198 ἡ
880 1127 1101 1189 σύνοδος
1126 1124 1220 1178 τοῦ
1252 1122 1518 1194 βασιλέως
1545 1122 1814 1190 παρόντος

182 1215 191 1219 ’
266 1227 639 1297 συνεκροτεῖτο.
675 1223 937 1293 ᾘτιῶντο
967 1219 1024 1271 δὲ
1049 1218 1099 1270 οἱ
1131 1219 1263 1286 περὶ
1292 1215 1554 1268 Εὑσέὸιον
1589 1212 1816 1267 Ἀθανά-

262 1334 388 1380 σιον,
419 1316 495 1378 ὡς
537 1314 775 1382 θεσμοὺς
813 1308 1305 1379 ἐκκλησιαστικοὺς
1346 1305 1639 1377 παραλύοι.
1679 1306 1816 1373 Πρὶν

259 1409 356 1479 γὰρ
401 1405 729 1476 ἐπιτραπείη
786 1400 1111 1463 συνοδικῶς,
1163 1399 1255 1451 τὸν
1307 1398 1499 1467 θρόνον
1550 1395 1814 1450 ἀνέλαδεο

260 1499 453 1559 πολλοῖς
486 1498 544 1550 δέ
577 1496 673 1548 καὶ
706 1494 938 1547 θάνατον
972 1490 1307 1561 προξενῆσαι
1328 1530 1344 1557 ,
1383 1489 1625 1547 στάσεως
1660 1489 1716 1539 ἐν
1750 1488 1815 1556 τῇ

256 1592 434 1659 εἰσόδῳ
465 1586 763 1655 γενομένης
796 1585 966 1637 αὐτοῦ
990 1599 1006 1616 ·
1037 1577 1112 1635 ὧν
1142 1582 1190 1633 oi
1227 1580 1326 1649 μὲν
1358 1579 1733 1654 ἀνῃρέθησαν,
1769 1578 1817 1629 οἱ

255 1684 297 1737 δ’
328 1680 693 1751 ὲζημίωνται,
747 1676 1036 1743 δικαστικῇ
1096 1671 1342 1736 ἐξετάσει
1397 1668 1816 1740 παραδοθέντες.

257 1724 1036 1841 ξιξ(
1076 1724 1395 1815 Ἀθανασίου
1430 1724 1820 1827 ἐέυφανθείσης
1850 1724 1895 1783 Β

255 1861 531 1929 διαὸολῆς,
563 1858 781 1929 πρῶτον
811 1856 912 1925 μὲν
939 1852 1230 1918 Εύσέὸιον,
1262 1853 1320 1915 ὃς
1348 1849 1625 1920 ἐπεκλήθη
1661 1849 1824 1916 Ἐμεο

257 1957 430 2027 σηνὺς,
452 1955 529 2015 είς
557 1952 656 2022 τὴν
679 1947 1030 2018 Ἀλεξάνδρου
1054 1945 1408 2016 ψηφίζονται,
1430 1943 1557 2012 περί¹
1582 1939 1642 1993 οὗ
1669 1938 1824 1992 ὓστε-

258 2065 345 2119 ρον
376 2044 608 2117 ἐροῦμεν
632 2057 647 2072 '
684 2040 964 2102 δείσαντος
1001 2038 1045 2091 δ’
1073 2039 1286 2092 ἐκείνου
1322 2036 1421 2104 τὴν
1453 2034 1533 2096 είς
1569 2030 1819 2094 Ἀλεξάν-

256 2140 434 2209 ερειαν
468 2135 682 2205 ἄφιξιν,
718 2132 1021 2205 Γρηγόριον
1055 2128 1408 2200 ἐψηφίσαντο.
1449 2122 1581 2179 Εἶτα
1614 2123 1693 2186 είς
1725 2122 1824 2191 τὴν

256 2231 343 2285 τοῦ
371 2228 641 2298 δόγματος
673 2225 905 2295 ζήτησιν
938 2222 1184 2283 ἐλθόντες
1204 2258 1219 2283 ,
1251 2220 1402 2271 οὐδὲν
1433 2213 1576 2287 εἶχον
1608 2212 1828 2285 μέμψα-

256 2323 375 2377 σθαι
402 2321 514 2374 τῶν
545 2320 604 2372 ἐν
632 2316 837 2387 Νικαίᾳ
869 2314 1228 2385 πραχθέντων
1255 2329 1268 2342 ·
1298 2310 1479 2381 χώραν
1507 2326 1571 2376 γε
1605 2309 1711 2379 μὴν
1740 2307 1825 2358 δε-

254 2416 457 2471 δώκασι
500 2410 715 2472 πυκνὰς
760 2407 1012 2470 συνόδους
1053 2406 1257 2468 ποιεῖν,
1301 2406 1396 2457 καὶ
1436 2402 1629 2461 ἄλλους
1669 2400 1827 2470 ὄρους

253 2509 487 2565 πίστεως
512 2501 801 2572 ἀγορεύειν
821 2516 836 2531 ο
866 2500 941 2563 ὡς
967 2501 1033 2569 τῇ
1062 2497 1206 2550 κατὰ
1248 2498 1444 2564 μικρὸν
1482 2493 1828 2561 ὑπεξαλλαγῇ

250 2599 434 2669 1ἡρέμα
480 2596 563 2658 είς
612 2593 704 2647 τὸν
743 2588 1084 2661 ’Δρειανικὸν
1134 2585 1294 2658 βυθὸν
1343 2586 1630 2655 ἐμπεσεῖν.
1671 2583 1831 2635 ’Λλλᾶ

250 2686 425 2739 ταῦτα
463 2684 564 2753 μὲν
594 2682 742 2743 ὅπως
774 2679 1022 2749 ἐγένετο,
1056 2675 1391 2745 σαφέστερον
1426 2674 1457 2742 ἡ
1492 2671 1704 2741 ἱστορίᾳ
1735 2670 1830 2740 δη-

249 2776 456 2830 λώσει·
506 2775 545 2830 ἃ.
594 2776 640 2827 δ’
664 2773 911 2843 ἔγραψαν
959 2772 1070 2833 τοῖς
1123 2767 1264 2820 κατὰ
1313 2763 1465 2819 πόλιν
1510 2763 1833 2822 ἐπισκόποις

252 2866 392 2940 ἦσαν
422 2866 597 2920 ταῦτα
620 2882 634 2896 ·
671 2882 691 2916 ι
733 2863 931 2933 Ἡμεῖς
960 2859 1082 2913 οὔτε
1115 2856 1401 2912 ἀκόλουθοι
1430 2854 1642 2924 Ἀρείου
1676 2852 1834 2920 γέγόο

248 2976 468 3030 ναμενο
521 2958 640 3021 πῶς
687 2957 797 3028 γὰρ
847 2955 1135 3008 ἐπίσκοποι
1187 2951 1341 3011 ὄντες
1393 2945 1834 3014 ἀκολουθήσομεν

250 3052 648 3123 πρεσϐυτέρῳ;
688 3048 812 3101 οὔτε
853 3046 1019 3117 ἄλλην
1054 3042 1179 3097 τινὰ
1218 3042 1402 3094 πίστιν
1446 3036 1596 3106 παρὰ
1637 3036 1735 3103 τὴν
1775 3034 1836 3097 ἐξ
1863 3066 1905 3125 C

249 3144 433 3215 ἀρχῆς
470 3144 792 3196 ἐκτεθείσσν
825 3136 1150 3205 ἐδεξάμεθα.
1191 3133 1354 3186 Ἀλλὰ
1389 3130 1482 3184 καὶ
1518 3129 1677 3199 ἡμεῖς
1712 3126 1831 3191 ἐξε-

248 3239 454 3292 τασταὶ
483 3237 579 3289 καὶ
604 3232 929 3303 δοκιμασταὶ
949 3232 1047 3300 τῆς
1076 3229 1313 3290 πίστεως
1339 3223 1506 3279 αὐτοῦ
1531 3220 1833 3290 γενόμενοι,

250 3329 462 3398 μᾶλλον
505 3325 668 3380 αὐτὸν
710 3321 1129 3393 προσηκάμεθα,
1172 3319 1319 3388 ἤπερ
1360 3314 1835 3386 ἡκολουθήσαμεν.

247 3423 362 3475 Καὶ
407 3417 687 3487 γνώσεσθε
734 3417 842 3468 ἀπο
885 3414 991 3467 τῶν
1035 3411 1383 3478 λεγομένων·
1436 3407 1838 3476 μεμαθήκαμεν

243 3516 361 3582 γὰρ
394 3511 456 3574 ἐξ
485 3509 685 3579 ἀρχῆς,
711 3508 791 3571 εἰς
822 3507 919 3560 ἕνα
949 3504 1081 3558 Θεὸν
1114 3505 1207 3555 τὸν
1233 3504 1341 3557 τῶν
1370 3502 1509 3554 ὅλων
1539 3496 1836 3561 πιστεύειν,

244 3609 343 3659 τὸν
378 3604 605 3657 πάντων
640 3597 848 3668 νοητῶν
876 3614 937 3650 τε
974 3598 1068 3650 καὶ
1103 3594 1379 3662 αἰσθητῶν
1411 3590 1742 3661 δημιουργόν
1778 3604 1838 3639 τε

243 3700 349 3752 καὶ
392 3694 709 3765 προνοητήν
735 3707 748 3720 ·
796 3689 891 3742 καὶ
935 3691 1013 3752 εἰς
1056 3689 1151 3741 ἕνα
1197 3688 1325 3739 Υίὸν
1360 3685 1457 3737 τοῦ
1502 3682 1638 3735 Θεοῦ
1689 3696 1845 3749 μονοο

242 3791 415 3857 γενῆ,
450 3787 557 3856 πρὸ
591 3786 807 3837 πάντων
836 3782 942 3835 τῶν
978 3781 1190 3835 αίὼνων
1222 3780 1557 3850 ὑπάρχοντα,
1590 3779 1683 3830 καὶ
1718 3792 1843 3828 συν-

237 3884 385 3936 όντα
433 3878 514 3948 τῷ
566 3876 919 3947 γεγεννηκότι
968 3873 1133 3927 αὐτῶ
1181 3874 1377 3944 Πατρὶ,
1424 3872 1491 3924 δι’
1535 3866 1596 3924 οῦ
1637 3873 1734 3924 καὶ
1777 3870 1844 3923 τὰ

239 3976 442 4027 πάντα
466 3973 684 4037 ἐγένετο
710 3969 776 4020 τὰ
796 3966 971 4038 ὁρατὰ
994 3966 1088 4020 καὶ
1110 3965 1318 4036 ἀόρατα
1339 3981 1352 3994 ·
1378 3966 1470 4019 τὸν
1491 3966 1579 4016 ἐπ’
1597 3964 1842 4033 ἐσχάτων

234 4063 363 4115 τῶν
407 4060 635 4130 ἡμερῶν
675 4056 799 4111 κατ’
823 4056 1074 4109 εὐδοκίαν
1106 4056 1200 4108 τοῦ
1241 4056 1453 4123 Πατρὸς
1488 4054 1840 4116 κατελθόντα,

234 4158 348 4209 καὶ
417 4156 602 4222 σάρκα
659 4154 722 4204 ἐκ
775 4154 876 4220 τῆς
931 4149 1090 4217 ἁγίας
1144 4149 1419 4220 Παρθένου
1473 4145 1844 4215 ἀνειληφότα,

234 4251 345 4303 καὶ
386 4249 572 4301 πᾶσαν
597 4247 703 4315 τὴν
734 4244 1012 4312 πατρικὴν
1040 4240 1205 4294 αὑτοῦ
1242 4240 1435 4310 βουλὴν
1466 4237 1845 4302 συνεκπεπληο

231 4339 483 4408 ρωκότα
511 4352 525 4366 ·
560 4333 892 4387 πεπονθέναι
921 4348 981 4383 τε
1015 4333 1110 4383 καὶ
1140 4329 1438 4398 ἐγηγέρθαι
1466 4344 1480 4359 ο
1514 4329 1609 4381 καὶ
1644 4329 1722 4388 εἰς
1754 4328 1845 4378 οὐ·

1908 482 2349 536 exauctorationi
2406 477 2883 547 subscripsit,Scd
2950 493 3130 546 neque
3190 477 3473 532 Romanus

1909 572 2201 641 episcopus
2256 571 2468 631 Julius.
2534 571 2794 641 Sylvestri
2854 585 3177 632 successor,
3234 569 3321 624 vel
3377 585 3476 638 per

1910 662 2191 732 seipsum,
2228 662 2314 717 vel
2352 678 2447 732 per
2476 661 2787 730 quempiam
2818 661 2908 729 qui
2951 662 3132 715 Io'cum
3169 662 3289 733 ejus
3334 664 3478 716 obti-

1911 762 2087 813 neret,
2122 754 2332 824 synodo
2375 754 2424 807 ei
2459 752 2748 807 interfurit:
2784 768 2907 807 cum
2949 754 3171 822 quidem
3215 753 3478 809 ecclesia—
3547 737 3566 825 ξ,

1913 845 2049 899 stico
2078 860 2287 899 canone
2332 847 2603 900 sancitum
2639 845 2746 910 sit,
2785 861 2893 899 non
2924 855 3181 915 oportere
3211 845 3480 900 ecclesias

1914 935 2051 993 citra
2080 936 2314 990 Romani
2338 935 2581 1005 episcopi
2616 937 2945 990 sententiam
2981 938 3033 990 in
3066 937 3291 1007 synodis
3320 937 3481 1006 quid-

1914 1041 2077 1095 quam
2107 1033 2369 1081 statuere.
2404 1027 2482 1079 Ex
2508 1026 2661 1080 Italia
2693 1042 2912 1096 quoque
2944 1026 3060 1096 ipsa
3090 1038 3146 1081 et
3175 1027 3481 1095 provinciis

1916 1115 2277 1169 ulterioribus
2310 1130 2472 1169 nemo
2506 1116 2789 1171 Romanus
2813 1130 2879 1170 eo
2902 1116 3071 1169 venit.
3100 1115 3336 1182 Quintus
3365 1125 3479 1168 tum

1916 1223 1947 1262 a
1986 1207 2336 1262 Constantini
2372 1207 2529 1261 obitu
2562 1222 2742 1262 annus
2774 1217 2917 1273 erat,
2949 1217 3004 1262 et
3038 1209 3278 1279 synodus
3310 1208 3486 1276 impe—

1918 1304 2101 1348 ratore
2132 1304 2404 1361 praesente
2437 1296 2734 1365 agebatur.
2781 1297 3076 1352 Eusebiani
3122 1298 3484 1353 Athanasium

1920 1394 2280 1451 accusarunt,
2310 1386 2454 1456 quod
2509 1388 2823 1443 sanctiones
2866 1389 3271 1443 ecclesiasticas
3309 1403 3485 1444 trans-

1919 1494 2143 1547 gressus
2192 1491 2364 1545 esset,
2408 1481 2563 1549 prius
2601 1481 2815 1536 scilicet
2861 1482 3116 1536 thronum
3162 1498 3287 1537 eum
3339 1499 3492 1537 recc-

1923 1571 2095 1639 pisse,
2136 1587 2301 1640 quam
2333 1571 2383 1626 ei
2426 1587 2455 1625 a
2493 1573 2742 1644 synodali
2788 1575 3172 1644 episcoporum
3215 1587 3489 1629 conventu

1924 1661 1977 1713 id
2011 1663 2336 1730 permissum
2369 1673 2550 1729 esset,
2585 1674 2983 1719 asseverantes.
3024 1666 3091 1719 Et
3122 1665 3267 1734 quod
3306 1667 3493 1721 multis

1926 1763 2194 1822 praeterea
2230 1754 2426 1809 mortis
2458 1770 2621 1810 causa
2653 1756 2982 1821 exstitisset,
3020 1758 3292 1812 seditione
3323 1759 3375 1811 in
3411 1760 3495 1812 iu-

1924 1848 2118 1915 g'ressu
2150 1847 2270 1916 ejus
2295 1856 2481 1901 coorta
2508 1865 2521 1901 :
2552 1848 2604 1901 in
2635 1863 2740 1916 qua
2773 1849 3025 1903 nonnulli
3056 1849 3203 1913 czesi,
3237 1851 3490 1903 nonnulli

1919 1939 2166 2008 jndicum
2202 1939 2493 2009 quaestioni
2524 1941 2734 2003 traditi,
2766 1943 2998 2010 pecunia
3034 1943 3249 1997 multati
3284 1954 3496 1998 essent.

1929 2031 2112 2085 Multis
2140 2031 2364 2099 insuper
2383 2032 2506 2087 aliis
2533 2031 2823 2086 calumniis
2850 2033 2904 2087 in
2927 2034 3285 2089 Athanasium
3313 2036 3495 2098 textis,

1924 2123 2176 2196 primum
2223 2123 2541 2187 Eusebium,
2592 2124 2685 2194 qui
2735 2123 3035 2181 Emesenus
3080 2128 3501 2197 cognominatus

1931 2223 2047 2279 est,
2098 2213 2438 2270 Alexandriae
2486 2217 2790 2271 autiStitem
2834 2217 3221 2288 designarunt,
3276 2219 3343 2273 de
3387 2235 3497 2288 quo

1933 2320 2119 2376 postea
2166 2308 2434 2363 dicemus.
2483 2310 2562 2363 Eo
2602 2325 2733 2364 vero
2774 2312 3157 2366 Alexandriam
3194 2313 3345 2366 adire
3384 2330 3499 2367 mc-

1939 2408 2148 2463 tuente,
2180 2398 2503 2468 Gregorium
2535 2403 2809 2472 suffragiis
2844 2404 2957 2459 suis
2986 2404 3256 2474 delegere.
3294 2407 3500 2460 Deinde

1936 2493 2238 2562 quaestione
2288 2493 2357 2547 de
2406 2493 2661 2548 doctrina
2711 2505 2856 2550 mota
2886 2538 2901 2562 ,
2937 2497 3074 2551 nihil
3133 2500 3207 2552 illi
3256 2500 3501 2568 quidem,

1939 2586 2088 2654 quod
2124 2586 2176 2640 in
2222 2587 2456 2641 Nicmnis
2486 2588 2624 2643 actis
2661 2590 3168 2660 reprehenderent,
3221 2591 3499 2646 habuere:

1935 2678 2404 2747 opportunitatem
2460 2688 2642 2735 tamen
2684 2680 2908 2735 crebras
2960 2681 3198 2751 synodos
3247 2683 3505 2753 cogendi,

1941 2770 2188 2838 aliasque
2224 2768 2350 2833 ﬁdei
2383 2770 2649 2826 formulas
2676 2772 3061 2843 promulgandi
3104 2775 3410 2843 praebuere,
3448 2784 3508 2830 ut

1942 2860 2049 2913 alia
2094 2870 2256 2930 atque
2302 2861 2408 2915 alia
2447 2862 2682 2917 subinde
2724 2865 3029 2921 mutatione
3073 2866 3411 2936 pedetentim
3451 2869 3505 2924 in

1939 2952 2209 3022 gurgitem
2259 2953 2587 3009 Arianorum
2636 2957 2885 3013 homines
2914 2958 3328 3015 delaberentur.
3382 2962 3507 3017 llaec

1940 3043 2402 3114 quemadmodum
2435 3047 2826 3113 processerint,
2857 3051 3102 3116 apertius
3134 3049 3363 3106 historia
3395 3053 3509 3121 ipsa

1938 3136 2225 3192 indicabit.
2264 3137 2397 3203 Quae
2426 3136 2606 3190 autem
2638 3139 2702 3191 ad
2741 3141 2959 3193 urbium
2990 3142 3279 3213 episcopos
3310 3147 3513 3215 passim

1936 3232 2231 3298 scripsere,
2265 3230 2379 3284 haec
2415 3229 2611 3284 fut-re:
2653 3248 2670 3281 ι
2708 3229 2821 3286 Nos
2856 3249 3032 3303 neque
3061 3236 3176 3290 Arii
3213 3248 3518 3294 sectatores

1940 3322 2147 3376 fuimus
2195 3321 2518 3392 (quomodo
2603 3324 2748 3377 enim
2828 3326 3071 3397 episcopi
3129 3331 3512 3402 presbyterum

1939 3416 2470 3484 consertaremurl),
2524 3431 2698 3485 neque
2739 3417 2900 3471 aliam
2953 3423 3265 3490 quampiam
3327 3423 3515 3486 ﬁdem,

1942 3519 2302 3576 praeterquam
2334 3523 2457 3575 qua:
2485 3508 2552 3562 ab
2582 3508 2742 3561 initio
2772 3510 3111 3580 promulgata
3144 3521 3251 3576 εει.
3288 3517 3511 3585 recepi-

1942 3616 2084 3653 mus.
2129 3597 2233 3654 Sed
2281 3613 2511 3653 excussa
2555 3600 2949 3671 explorataque
2997 3604 3118 3674 ejus
3172 3605 3308 3669 fide,
3358 3607 3515 3663 illmu

1943 3695 2126 3761 potius
2167 3692 2508 3760 recepimus,
2558 3707 2723 3761 quam
2765 3695 2943 3748 secuti
2991 3711 3203 3752 sumus.
3261 3699 3315 3752 Id
3369 3703 3517 3769 quod

1942 3800 2006 3838 ex
2044 3783 2226 3837 verbis
2263 3783 2466 3837 nostris
2513 3785 2880 3851 cognoscetis.
2932 3786 3236 3842 Didicimus
3280 3806 3520 3861 namque

1943 3874 2011 3928 ab
2046 3874 2236 3938 iuitio,
2282 3875 2514 3928 credere
2568 3876 2620 3928 in
2678 3891 2849 3928 unum
2901 3893 3084 3931 rerum
3132 3879 3515 3934 universarum

1946 3965 2138 4029 Demn,
2165 3966 2412 4019 omnium
2440 3966 2868 4036 intelligibilium
2898 3968 3059 4023 simul
3085 3978 3137 4025 et
3169 3973 3517 4027 sensibilium

1944 4057 2288 4110 conditorem
2318 4067 2373 4111 et
2405 4058 2764 4129 provisorem.
2797 4060 2967 4130 σεο
3001 4061 3069 4115 Ει
3120 4062 3175 4116 in
3222 4079 3390 4118 unum
3433 4065 3525 4119 Fi-

1944 4145 2079 4199 lium
2139 4147 2233 4199 Dei
2296 4148 2678 4217 unigenitum,
2745 4151 2839 4219 qui
2896 4162 3025 4205 ante
3080 4154 3264 4208 omnia
3321 4157 3521 4209 saecula

1944 4249 2154 4304 exstat,
2190 4248 2246 4292 et
2283 4239 2446 4293 simul
2490 4240 2703 4294 exsistit
2732 4256 2855 4295 cum
2904 4255 2972 4296 eo
3018 4245 3112 4312 qui
3158 4260 3285 4299 eum
3334 4248 3526 4317 genuit

1947 4331 2106 4384 Patre
2134 4347 2146 4382 :
2185 4345 2284 4399 per
2318 4345 2481 4399 quem
2512 4334 2695 4387 omnia
2730 4330 2870 4387 facta
2903 4346 3056 4399 sunt,
3097 4336 3337 4391 visibilia
3367 4339 3520 4410 juxta

232 4432 463 4503 ρανοὺς
497 4427 891 4495 ἀνεληλυθέναι
917 4439 930 4454 '
965 4422 1059 4476 καὶ
1094 4424 1151 4474 ἐν
1184 4421 1331 4490 δεξιᾷ
1365 4419 1457 4473 τοῦ
1494 4419 1709 4488 Πατρὸς
1744 4436 1835 4471 κα‹

1953 4430 2006 4475 et
2042 4421 2356 4476 invisibilia.
2392 4423 2494 4489 Qui
2546 4426 2811 4480 extremis
2839 4425 3040 4480 diebus
3080 4426 3236 4494 juxta
3265 4429 3525 4497 benepla-

231 4510 556 4587 Oé;sd0a.t"
586 4522 682 4572 καὶ
708 4521 1001 4588 ἐρχόμενον
1026 4516 1211 4583 κρῖναι
1237 4513 1446 4577 ζῶντας
1471 4512 1564 4564 καὶ
1586 4510 1810 4580 νεκρούς
1831 4525 1847 4542 ’

230 4618 344 4669 καὶ
396 4613 731 4682 διαμένοντα
770 4608 997 4678 βασιλέα
1040 4608 1134 4660 καὶ
1174 4606 1307 4660 Θεὸν
1345 4607 1423 4666 είς
1464 4606 1589 4666 τοὺς
1629 4603 1848 4664 αἰῶνας.

234 4706 607 4773 Πιστεύομεν
638 4702 732 4755 καὶ
763 4702 840 4762 είς
862 4701 921 4752 τὸ
952 4701 1105 4767 ἅγιον
1137 4698 1381 4768 Πνεῦμα.
1411 4697 1471 4749 Εἰ
1493 4697 1549 4749 δὲ
1571 4696 1650 4748 δεῖ
1680 4711 1851 4765 προσ-

231 4800 479 4860 θεῖναι,
535 4794 872 4863 πιστεύομεν
923 4794 1016 4845 καὶ
1067 4793 1195 4860 περὶ
1248 4788 1452 4859 σαρκὸς
1500 4787 1851 4849 ἀναστάσεως

228 4891 343 4944 καὶ
390 4889 544 4957 ζωῆς
578 4886 825 4941 αἰωνίου.
864 4902 885 4935 ι
923 4882 1108 4936 Ταῦτα
1141 4883 1361 4953 πρῶτον
1393 4879 1704 4950 γράψαντες
1741 4882 1854 4939 τοῖς

227 4983 595 5041 ἐπισκόποις
629 4977 994 5038 ἀπέστειλαν,
1028 4974 1589 5047 παρασιωπήσαντες,
1627 4973 1856 5039 πότερον

228 5076 543 5136 συναῖδιός
572 5077 722 5126 ἐστιν
746 5073 780 5143 ἢ
806 5072 1096 5142 δμοούσιος
1121 5069 1195 5138 τῷ
1226 5068 1400 5139 Πατρὶ
1418 5108 1432 5133 ,
1461 5066 1494 5136 ἦ
1519 5064 1852 5120 τούναντίον·

222 5169 303 5235 τῇ
336 5166 398 5217 δ’
430 5164 715 5234 Ἀντιόχου
736 5161 1118 5231 ἐπιμείναντες
1140 5158 1289 5211 ὥσπε
1298 5176 1329 5228 ρ
1348 5161 1447 5225 τῆς
1471 5157 1741 5226 προτέρας
1763 5172 1861 5208 κα·

221 5257 610 5325 τεγνωκότες
655 5253 966 5317 ἐκθέσεως,
1002 5252 1195 5321 ἑτέραν
1231 5250 1415 5303 πίστιν
1451 5246 1859 5317 ὑπαγορεύουσι

220 5351 404 5405 κατὰ
442 5349 634 5401 πάντα
666 5354 735 5417 τῇ
769 5348 831 5398 ἐν
861 5343 1072 5414 Νικαίᾳ
1113 5343 1445 5412 συνᾴδουσαν
1472 5355 1485 5371 ⁸
1524 5342 1624 5392 ούκ
1657 5334 1773 5392 οἶδα
1809 5339 1860 5391 εί

220 5444 323 5513 μὴ
364 5440 571 5495 ἔννοιά
599 5455 683 5501 τις
717 5436 939 5505 ἀφανῶς
974 5434 1218 5502 ἔγκειται
1247 5436 1361 5495 τοῖς
1395 5433 1601 5500 ῥητοῖς.
1637 5431 1773 5501 Περὶ
1802 5431 1860 5484 δέ

212 5538 292 5586 τὸ
332 5534 514 5593 τέλος
548 5532 642 5582 καὶ
672 5517 848 5581 ταῦτά
881 5543 1013 5595 φασι
1036 5540 1049 5553 ⁸
1090 5543 1108 5575 ι
1144 5524 1363 5591 Ταύτην
1391 5519 1482 5575 οὖν
1515 5522 1734 5591 ἔχοντες
1764 5521 1863 5591 τὴν

212 5626 452 5677 πίστιν
505 5621 737 5674 ἐνώπιον
780 5617 876 5672 τοῦ
919 5615 1056 5669 Θεοῦ
1101 5618 1197 5668 καὶ
1237 5614 1331 5667 τοῦ
1372 5613 1638 5684 Χριστοῦ,
1680 5614 1861 5668 πᾶσαν

210 5717 560 5788 αἱρετικην
605 5706 1086 5779 ἀναθεματίςομεν
1129 5705 1450 5769 κακοδοξίαν
1478 5721 1493 5733 °
1543 5705 1639 5759 καὶ
1687 5705 1737 5757 εί
1777 5722 1859 5768 τις

518 5817 792 5875 Parum.
831 5810 948 5870 (in.
1012 5804 1232 5868 CXLV!

1956 4514 2124 4569 citum
2190 4514 2371 4570 Patris
2422 4515 2747 4581 descendit,
2799 4527 2855 4571 et
2912 4533 3130 4573 carnem
3182 4536 3247 4573 ex
3304 4520 3523 4591 Virgine

1956 4616 2144 4675 sancta
2176 4607 2418 4674 recepit,
2451 4614 2507 4660 et
2541 4622 2760 4661 omnem
2798 4620 3082 4676 paternam
3114 4609 3230 4676 ejus
3264 4610 3524 4664 volunta-

1959 4708 2064 4751 tem
2102 4696 2263 4751 simul
2307 4697 2569 4765 explevit.
2604 4686 2713 4763 Qui
2746 4707 2802 4751 et
2834 4714 3031 4767 passus
3065 4708 3170 4763 est,
3203 4709 3257 4754 et
3289 4706 3525 4759 resusci-

1957 4798 2103 4844 tatus
2131 4805 2145 4843 :
2177 4797 2232 4842 et
2264 4803 2515 4843 reversus
2544 4790 2597 4842 in
2626 4789 2815 4855 coelos,
2852 4789 3007 4845 sedet
3029 4791 3084 4844 in
3111 4792 3301 4846 dextra
3326 4794 3526 4848 Patris.

1957 4878 2058 4945 Qui
2086 4889 2354 4935 venturus
2383 4890 2467 4933 est
2494 4880 2559 4933 ad
2586 4880 2941 4949 judicandum
2981 4883 3139 4937 vivos
3170 4895 3225 4938 et
3256 4897 3525 4951 mortuos,

1962 4982 2018 5026 et
2062 4988 2356 5027 mansurus
2405 4989 2497 5027 rex
2543 4981 2599 5027 et
2647 4972 2793 5028 Deus
2844 4974 2899 5028 in
2971 4960 3192 5031 sarcula.
3239 4976 3532 5032 Credimus

1959 5065 2123 5118 etiam
2152 5066 2205 5117 in
2231 5065 2497 5134 Spiritum
2523 5076 2800 5120 sanctum.
2826 5066 2883 5122 Si
2908 5084 3039 5122 vero
3061 5069 3264 5123 addere
3291 5080 3527 5140 oportet,

1958 5156 2236 5210 credimus
2266 5172 2487 5225 quoque
2517 5157 2584 5211 de
2633 5158 2819 5213 carnis
2856 5162 3258 5216 resurrectione
3278 5202 3294 5225 ,
3337 5172 3392 5215 et
3420 5161 3527 5214 vita

1960 5255 2186 5302 :cterna.
2225 5267 2243 5298 ›
2292 5248 2416 5302 Haec
2445 5249 2685 5319 primum
2719 5251 2921 5320 scripta
2952 5254 3017 5307 ad
3049 5254 3336 5323 episcopos
3371 5253 3535 5305 mise-

1963 5347 2124 5403 runt,
2161 5339 2416 5404 silentio,
2467 5351 2652 5395 utrum
2690 5353 3002 5398 coaeternus
3033 5347 3124 5409 sit,
3165 5354 3259 5397 aut
3292 5347 3535 5398 consub-

1964 5431 2239 5486 stantialis
2288 5431 2433 5486 Patri
2479 5432 2685 5500 Filius,
2729 5451 2797 5489 an
2842 5446 3069 5501 contra,
3119 5444 3533 5504 praetereuntes.

1966 5523 2140 5577 Porro
2187 5523 2491 5578 Antiochia:
2532 5526 2768 5592 morati,
2817 5526 3043 5585 perinde
3085 5537 3250 5595 atque
3295 5527 3539 5597 priorem

1964 5613 2261 5671 fermulam
2316 5616 2705 5681 damnassent,
2760 5617 3156 5686 professionem
3200 5619 3361 5675 aliam
3412 5620 3541 5676 li.ch

1965 5709 2225 5777 edidere,
2274 5711 2329 5766 in
2377 5710 2639 5766 omnibus
2682 5708 2913 5766 Nicaeus:
2958 5726 3297 5771 consonam:
3347 5708 3563 5771 cesi-inf

3090 5811 3129 5869 8
