3988 6190
462 292 566 352 235

1690 284 2107 347 NICEPHORI
2146 288 2489 348 CALLISTI

3606 292 3717 353 93“:

465 416 645 459 tamen
681 418 750 456 an
798 416 906 456 non
952 400 1167 456 occulta
1203 398 1384 454 verbis
1423 397 1543 468 ejus
1571 397 1842 452 sententia
1885 413 2035 467 qua:-

2137 400 2286 468 παρὰ
2323 398 2422 469 τὴν
2464 398 2593 467 ὑγιῆ
2627 397 2733 451 τῶν
2770 398 3002 469 Γραφῶν
3035 398 3203 469 ὀρθὴν
3249 399 3429 453 πίστιν
3469 402 3717 471 διδάσκει

465 495 609 564 piam
657 493 808 548 insit.
848 490 930 546 Ad
965 489 1129 545 ﬁnem
1159 503 1325 559 porro
1357 488 1473 544 ha:c
1512 487 1762 559 adjecere
1788 506 1802 542 :
1832 507 1851 539 ι
1884 486 2036 543 lianc

465 586 633 658 igitur
678 584 991 640 obtinentes
1028 581 1153 637 ﬁdei
1202 581 1657 653 persuasionem.
1703 596 1885 635 coram
1920 579 2035 637 Deo

461 686 518 732 et
569 677 793 733 Christo
845 675 1002 745 ipso,
1053 688 1273 729 omnem
1326 674 1643 729 haereticam
1695 688 2034 744 pravamque

463 771 810 825 anathemate
838 767 1155 839 jugulamus
1179 767 1518 838 opinionem.
1558 766 1628 822 Et
1661 765 1709 822 si
1736 766 1866 836 quis
1893 780 2033 821 con-

464 874 543 917 tra
577 876 767 917 sanam
811 868 1132 931 rectamque
1174 858 1591 930 Scripturarum
1637 856 1802 914 ﬁdem
1843 857 2031 924 docet,

461 953 653 1007 dicens
682 960 779 1007 aut
822 961 1037 1021 tempus
1079 961 1173 1006 aut
1216 950 1480 1007 saeculum
1523 949 1808 1018 esse,,'vel
1839 949 2029 1016 fuisse,

458 1054 754 1112 antequam
800 1042 973 1098 Filius
1018 1040 1115 1099 Dei
1164 1042 1363 1107 fuerit,
1412 1041 1707 1097 anathema
1748 1042 1840 1096 sit.
1879 1040 1946 1095 Et
1986 1040 2032 1095 si

459 1135 585 1204 quis
611 1133 747 1188 dicit
781 1133 973 1188 Filium
1014 1143 1324 1187 creaturam
1348 1172 1360 1194 ,
1398 1132 1629 1201 perinde
1663 1139 1831 1199 atque
1867 1144 2031 1185 unam

460 1227 699 1297 aliquam
732 1236 1110 1282 creaturarum
1136 1244 1148 1279 :
1183 1234 1279 1280 aut
1300 1224 1578 1295 genimen,
1608 1223 1838 1292 perinde
1864 1232 2031 1291 atque

461 1334 630 1373 unum
681 1318 903 1388 aliqu‘od
949 1316 1326 1387 geniminum,
1361 1324 1414 1370 et
1458 1329 1570 1370 non
1616 1313 2033 1391 sicuti'divinze

461 1412 761 1481 Scriptum
792 1411 861 1465 de
890 1410 1165 1480 praedictis
1205 1409 1467 1463 omnibus
1506 1407 1797 1477 prodidere
1828 1408 2028 1461 sentit:

459 1512 555 1558 aut
582 1505 629 1559 si
656 1507 780 1573 quis
811 1502 960 1557 aliud
992 1502 1155 1556 docet
1186 1501 1271 1555 vel
1302 1500 1625 1561 annuntiat,
1662 1507 2030 1568 praeterquam

457 1594 603 1664 quod
640 1595 993 1662 accepimus,
1041 1592 1332 1647 anathema
1377 1591 1469 1647 sit.
1503 1590 1614 1646 Nos
1655 1589 1802 1645 enim
1845 1587 2029 1643 omnia

458 1702 581 1757 qua:
612 1702 679 1740 ex
710 1686 881 1740 sacris
898 1684 1125 1738 Litteris
1152 1699 1182 1738 a
1216 1682 1502 1753 prophetis
1532 1690 1589 1737 et
1621 1679 1885 1751 apostolis
1920 1689 2030 1733 tra-

2135 490 2342 560 λέγων,
2374 492 2407 562 ἦ
2438 491 2630 562 καιρὶν
2658 491 2691 562 ἢ
2724 492 2898 553 αξῶνα
2930 488 3069 547 εἶναι
3100 491 3132 560 ἢ
3165 493 3449 560 γεγονέναι
3481 498 3587 564 πρὸ
3614 496 3714 548 τοῦ

2133 584 2225 637 τδν
2260 583 2384 639 Υίὸν
2416 583 2511 638 τοῦ
2544 583 2683 638 Θεοῦ
2718 583 2885 651 εἶναι,
2918 586 3177 655 ἀνάθεμα
3210 588 3366 642 ἔστω.
3405 587 3515 640 Καὶ
3547 588 3599 641 εί
3627 606 3716 651 τις

2134 676 2280 744 λέγει
2326 677 2421 729 τὸν
2465 677 2594 732 Υίδν
2638 677 2845 748 κτίσμα
2888 678 2964 741 ὡς
3008 678 3067 732 ἓν
3131 679 3241 731 τῶν
3289 680 3631 748 κτισμάτων,
3675 681 3714 750 ἢ

2133 767 2385 839 γέννημα
2434 769 2509 831 ὡς
2536 768 2596 823 ἓν
2618 769 2729 823 τῶν
2750 770 3133 839 γεννημάτων,
3158 770 3249 825 καὶ
3280 771 3356 841 μὴ
3381 770 3458 834 ὡς
3484 772 3540 824 αἱ
3569 772 3716 823 θεῖαι

2133 859 2349 930 Γραφαὶ
2375 859 2791 932 παραδεδώκασι
2818 862 2926 915 τῶν
2952 864 3376 933 προειρημένων
3399 861 3608 916 ἕκαστα
3632 876 3646 890 ⁸
3676 862 3713 932 ἢ

2133 947 2188 1001 εί
2212 966 2294 1010 τις
2324 948 2455 1003 ἄλλο
2484 949 2727 1003 διδάσκει
2754 950 2786 1020 ἤ
2815 951 3229 1018 εὐαγγελίζεται
3260 950 3394 1021 παρ²
3413 951 3442 1002 δ
3470 950 3717 1021 παρελά-

2134 1040 2301 1109 ϐομεν
2330 1057 2343 1071 ο
2372 1041 2620 1111 ἀνάθεμα
2646 1041 2809 1097 ἔστω.
2844 1043 3037 1113 Ἢμεῐς
3067 1045 3177 1113 γὰρ
3207 1045 3341 1097 πᾶσι
3371 1046 3480 1107 τοῖς
3511 1044 3573 1096 ὲκ
3605 1044 3714 1096 τῶν

2134 1132 2294 1186 θείων
2332 1133 2567 1204 Γραφῶν
2607 1134 3067 1205 παραδεδομένοις
3104 1136 3210 1189 ὐπό
3247 1152 3307 1187 τε
3347 1137 3455 1188 τῶν
3496 1152 3713 1206 προφη-

2131 1222 2239 1274 τῶν
2273 1224 2368 1276 καὶ
2408 1224 2722 1276 ἀποστόλων
2756 1223 3027 1293 ἀληθινῶς
3073 1242 3133 1278 τε
3176 1226 3271 1279 καὶ
3320 1227 3578 1295 ἐμφανῶς
3611 1229 3713 1279 καὶ

2133 1317 2462 1386 πιστεύομεν
2489 1317 2582 1370 καὶ
2606 1316 3035 1387 άκολουθοῦμεν.
3070 1326 3089 1370 ἡ
3130 1320 3220 1371 Ἐν
3246 1320 3421 1390 ταύτῃ
3444 1319 3499 1372 δὲ
3525 1322 3589 1389 τῇ
3620 1323 3716 1372 ὲκ-

2133 1408 2301 1474 θὲσει,
2330 1409 2603 1479 ἄτρεπτόν
2626 1426 2685 1461 τε
2717 1413 2808 1462 καὶ
2838 1409 3200 1464 ἀναλλοίωτον
3227 1412 3324 1481 τὴν
3355 1412 3586 1482 θεότητα
3612 1413 3711 1464 τοῦ

2137 1501 2265 1554 Υίοῦ
2310 1502 2761 1571 ἀποφηνάμενοι,
2806 1504 2994 1556 εἰκόνα
3038 1520 3096 1555 τε
3139 1504 3564 1574 ἀπαράλλακτον
3609 1506 3714 1573 τῆς

2132 1591 2319 1661 θεῖκῆς
2355 1590 2543 1652 οὐσίας
2578 1591 2671 1642 καὶ
2708 1590 2908 1661 βουλῆς
2941 1592 3035 1643 καὶ
3067 1591 3350 1661 δυνάμεως
3387 1594 3482 1646 καὶ
3512 1593 3669 1658 δόξης
3693 1630 3712 1655 ο

2136 1684 2230 1735 καὶ
2274 1684 2615 1752 πρωτότοκον
2652 1683 2833 1752 πάσης
2876 1682 3124 1749 κτίσεως,
3160 1684 3263 1736 οὐκ
3302 1679 3570 1746 οἷδ’ὃπως
3613 1685 3715 1737 καὶ

458 1778 573 1831 dita
606 1786 755 1849 sunt,
790 1791 921 1830 vere
954 1785 1122 1844 atque
1156 1782 1347 1844 aperte
1370 1780 1427 1828 et
1452 1770 1730 1828 credimus
1759 1781 1814 1826 et
1840 1770 2027 1841 sequi-

2136 1774 2418 1845 ὁμοούσιον
2434 1772 2596 1827 αὐτὸν
2615 1774 2792 1827 είπεῖν
2812 1774 2889 1842 τῷ
2913 1777 3093 1846 Ιιατρὶ
3115 1778 3519 1847 παρῃτήσαντο.
3547 1778 3717 1847 Ἑκή-

461 1884 607 1921 mur.
642 1887 661 1919 ι
690 1867 755 1921 ln
780 1867 883 1921 hac
913 1866 1147 1920 formula
1173 1881 1297 1920 cum
1325 1864 1724 1919 immutabilem
1754 1872 1811 1918 et
1835 1863 2033 1917 inalte-

461 1960 685 2016 rabilem
719 1958 841 2013 Filii
876 1958 1242 2023 divinitatem,
1280 1956 1681 2027 imaginemque
1726 1971 1836 2010 non
1873 1954 2033 2009 (ἥσο-

461 2062 674 2106 rentem
706 2066 735 2103 a
763 2050 950 2105 divina
977 2048 1288 2104 substantia
1317 2057 1373 2102 et
1405 2048 1641 2103 consilio
1670 2057 1725 2102 et
1756 2056 2030 2117 potestate

461 2153 517 2199 et
569 2142 781 2214 gloria,
835 2151 1000 2211 atque
1050 2141 1477 2211 primogenitum
1525 2140 1704 2194 omnis
1762 2148 2032 2195 creaturae

460 2237 608 2290 clare
631 2235 875 2289 dixerint
902 2252 914 2287 :
950 2235 1137 2288 nescio
1165 2232 1442 2303 quomodo
1472 2233 1637 2288 etiam
1668 2234 2033 2288 consubstan-

461 2328 648 2381 tialem
691 2327 871 2396 ipsum
920 2325 1069 2379 Patri
1117 2323 1308 2379 dicere
1347 2322 1798 2378 detrectaverint.
1836 2322 2034 2394 Vulga-

461 2428 591 2473 runt
635 2434 765 2473 sane
810 2416 1067 2487 quidam,
1116 2415 1278 2471 iidem
1316 2415 1476 2470 talem
1528 2417 1609 2471 sic
1653 2430 1712 2470 se
1754 2415 2034 2471 invenisse

459 2515 740 2581 scriptam,
769 2519 823 2565 et
850 2525 880 2564 a
917 2509 1161 2564 aniano
1192 2517 1535 2577 conceptam,
1573 2508 1666 2578 qui
1696 2508 2034 2563 Nicomediae

461 2604 722 2670 martyrio
743 2598 1065 2667 deceriavit,
1089 2602 1209 2655 viro
1239 2599 1450 2664 divino,
1482 2612 1537 2655 et
1561 2601 1613 2654 iu
1641 2602 1813 2655 sacris
1832 2600 2032 2655 litteris

461 2711 629 2764 supra
671 2703 903 2749 caeteros
947 2693 1200 2762 apprime
1244 2690 1507 2746 erudito:
1542 2691 1939 2759 amplitudine,
1971 2700 2033 2745 ut

460 2788 716 2859 equidem
742 2796 896 2859 puto,
920 2786 1203 2857 martyris,
1220 2784 1599 2840 celebritatem
1622 2783 1803 2852 potius
1823 2784 2032 2851 scripto

462 2896 563 2934 suo
597 2881 978 2941 vendicantes,
1011 2892 1175 2947 quam
1208 2891 1335 2930 vera
1368 2874 1632 2928 dicentes.
1663 2874 1825 2945 681
1863 2872 2034 2928 luter-

461 2972 565 3025 iuit
606 2983 789 3026 autem
834 2968 1072 3024 concilio
1116 2968 1247 3021 huic
1296 2966 1588 3031 Eusebius,
1634 2967 1728 3035 qui
1765 2981 1831 3020 ex
1871 2965 2037 3019 Nico-

465 3064 731 3120 medicusi
751 3066 819 3118 ad
836 3063 1500 3131 Constantinopolitanam
1523 3061 1708 3117 sedem
1741 3071 1820 3115 est
1854 3070 2035 3114 trans-
2060 3105 2100 3131 μ

464 3159 643 3223 latus;
675 3156 909 3211 Aeacius
953 3155 1170 3211 Eusebii
1219 3154 1493 3224 Pamphili
1546 3153 1729 3207 throni
1770 3153 1922 3223 juxta
1977 3161 2034 3205 et

462 3250 796 3306 eruditionis
847 3262 1164 3312 successor;
1224 3246 1577 3316 Palmphilus
1626 3244 2033 3315 Scythopolila-

461 3355 599 3407 nus;
652 3338 973 3394 Theodorus
1018 3336 1369 3393 Heracleotes
1417 3351 1512 3391 seu
1555 3334 1904 3396 Perintliius,
1949 3335 2032 3387 vir

461 3433 793 3506 praeclarus,
819 3431 909 3501 qui
956 3429 1379 3500 Evangeliorum
1411 3426 1787 3497 expositiones
1820 3424 2030 3490 edidit;

466 3526 746 3579 lindoxius
786 3520 1290 3585 Germanicieusis,
1339 3518 1434 3589 qui
1482 3526 1605 3587 post
1651 3516 2033 3571 Macedonium

460 3614 1125 3685 ConstantinOpolitauam
1170 3611 1471 3666 Ecclesiam
1502 3609 1866 3680 gubernavit:
1900 3606 2034 3662 Gre-

461 3711 689 3783 gorius,
748 3723 912 3779 quem
963 3705 1221 3761 Ecclesia:
1271 3702 1658 3758 Alexandrina:
1713 3703 2032 3771 episcopum

462 3804 929 3873 designaverant,
960 3800 1056 3868 qui
1090 3811 1286 3851 omnes
1318 3795 1512 3851 eadem
1548 3793 1899 3849 sentiebant:
1936 3792 2034 3846 sed

461 3905 516 3951 et
547 3894 1055 3957 Dianiusﬂmsarea:
1082 3889 1493 3961 Cappadocum,
1523 3894 1574 3942 et
1600 3886 1866 3956 Georgius
1892 3885 2033 3940 Lao-

462 3988 632 4041 dicea:
661 3982 925 4055 Syrorum
958 3981 1224 4052 episcopi,
1258 3979 1462 4048 aliique
1502 3977 1690 4048 plures
1732 3975 2033 4046 insignium

466 4079 792 4131 thronorum
840 4072 1264 4141 metropolitaua
1313 4069 1583 4141 dignitate
1629 4068 1845 4139 prtediti
1890 4066 2036 4121 anti-

462 4170 656 4223 stites:
700 4175 898 4235 praeter
939 4163 1145 4218 Julium
1191 4161 1380 4215 Roma:
1420 4167 1478 4213 et
1529 4156 1829 4212 Maximum
1878 4154 2035 4211 Elia:

464 4262 775 4331 episcopos,
797 4256 890 4328 qui
917 4256 988 4311 ob
1019 4269 1114 4310 eas
1141 4268 1280 4323 quas
1305 4251 1470 4322 paulo
1497 4260 1626 4305 ante
1653 4248 2035 4333 recensuimus

463 4365 660 4405 causas
692 4364 800 4403 non
831 4346 1062 4401 atl'uere.
1093 4343 1174 4399 Ad
1208 4342 1332 4397 illos
1368 4342 1536 4397 etiam
1569 4338 1845 4393 Eusebius
1872 4338 2035 4392 Eme-

2137 1866 2329 1934 ρυττὸν
2369 1882 2433 1933 γε
2481 1867 2588 1935 μὴν
2627 1864 2726 1936 τὴν
2768 1867 3025 1935 τοιαύτην
3067 1868 3275 1933 πίστιν,
3311 1868 3486 1932 οὕτως
3525 1870 3716 1937 εὐρεῖν

2133 1958 2528 2028 γεγραμμένην
2556 1958 2662 2011 ὐπὸ
2688 1957 2973 2029 Λουκιανῷ
3001 1961 3331 2028 γραφεῖσαν,
3357 1961 3415 2023 ὃς
3440 1962 3583 2014 κατά
3607 1962 3719 2031 τὴν

2134 2049 2507 2118 Νικομήδειαν
2536 2049 2957 2120 ἔμαρτύρησεν,
2991 2050 3150 2120 ἀνδρὶ
3182 2050 3345 2121 θείῳ.
3376 2051 3473 2104 καὶ
3501 2052 3595 2115 τὰς
3632 2053 3719 2105 ίε-

2137 2143 2235 2212 ρας
2266 2141 2488 2212 Γραφάς
2516 2141 2673 2211 εῐπερ
2701 2159 2783 2204 τις
2813 2142 3253 2212 ἁκριὸωσαμένῳ
3276 2158 3289 2174 ο
3322 2136 3474 2213 οἶμαι
3503 2143 3579 2214 τῷ
3609 2146 3714 2196 τοῦ

2138 2234 2416 2304 μάρτυρος
2463 2231 2735 2303 ἀξιώματι
2789 2233 3149 2303 σεμνύνοντες
3193 2236 3261 2289 τά
3308 2236 3503 2300 οἰκεῖα,
3557 2236 3717 2306 ἢπερ

2134 2326 2306 2395 ἀληθῆ
2336 2325 2612 2394 λέγοντες.
2644 2328 2874 2397 Μετεῖχε
2905 2327 2962 2381 δὲ
2993 2329 3091 2396 τῆς
3125 2328 3345 2382 συνόδου
3370 2328 3571 2398 ταύτης
3602 2331 3721 2382 Εὐ-

2138 2417 2347 2481 σέϐιος,
2375 2420 2402 2470 ό
2433 2420 2497 2470 ἐκ
2524 2419 2901 2490 Νικομηδείας
2931 2423 3009 2483 εἰς
3041 2423 3132 2473 τὸν
3162 2422 3261 2493 τῆς
3290 2424 3719 2477 Κωνσταντίνου

2136 2500 2328 2580 θρόνον
2376 2511 2722 2581 μετατεθείς·
2772 2516 2865 2565 καὶ
2901 2513 3158 2577 ’Δκάκιος
3203 2516 3233 2567 ὁ
3274 2514 3370 2567 τοῦ
3418 2515 3719 2582 Παμφίλου

2136 2602 2396 2655 Εὐσεϐίου
2428 2603 2521 2655 καὶ
2549 2602 2643 2656 τοῦ
2677 2603 2869 2673 θρόνου
2901 2606 2994 2656 καὶ
3018 2607 3117 2673 τῆς
3148 2605 3393 2676 παιδείας
3421 2607 3672 2676 διάδοχος
3696 2624 3715 2639 ο

2135 2691 2476 2760 Πατρόφιλός
2506 2709 2563 2745 τε
2598 2698 2625 2745 ὸ
2658 2692 3047 2758 Σκυθοπόλεως
3069 2711 3083 2725 ·
3113 2694 3208 2748 καὶ
3238 2698 3267 2748 ό
3295 2696 3394 2765 τῆς
3427 2698 3567 2748 κατὰ
3602 2697 3722 2750 Πέ-

2138 2783 2321 2853 ρινθον
2358 2782 2680 2851 Ἡρακλείας
2717 2786 2989 2856 Θεόδωρος
3018 2802 3031 2816 ·
3071 2787 3362 2857 ἐλλόγιμος
3393 2788 3450 2841 δὲ
3480 2791 3507 2840 ὁ
3538 2788 3713 2858 ἀνὴρ,

2135 2869 2205 2930 ὼε
2248 2871 2344 2923 καὶ
2383 2870 2479 2940 τὴν
2517 2872 2625 2922 τῶν
2670 2872 3019 2940 Εὐαγγελίων
3059 2874 3355 2943 ἑρμηνείαν
3398 2876 3722 2947 ὐπαγορεῦ-

2138 2981 2228 3015 σαι
2253 2978 2266 2992 ⁸
2300 2963 2392 3015 καὶ
2425 2967 2451 3017 ὁ
2482 2965 2854 3032 Γερμανικὶας
2897 2964 3165 3033 Εὐδόξιος,
3211 2967 3270 3031 ὃς
3301 2969 3441 3035 μετὰ
3466 2970 3694 3022 Μακεδό

2137 3075 2249 3108 νιον
2281 3056 2375 3124 τῆς
2412 3058 2825 3111 Κωνσταντίνου
2856 3060 2947 3113 τὸν
2978 3059 3166 3129 θρόνον
3195 3061 3370 3115 διεῖπε
3397 3078 3410 3093 ·
3442 3062 3535 3115 καὶ
3565 3062 3725 3134 Γρη-

2138 3150 2341 3218 γόριος,
2386 3150 2444 3211 ὃς
2495 3151 2767 3221 ἐψηφίσθη
2816 3155 2879 3223 τῇ
2921 3153 3359 3225 Ἀλεξανδρέων·
3404 3156 3455 3209 οἳ
3498 3156 3567 3209 τὰ
3618 3158 3722 3210 ῑσα

2138 3244 2334 3307 πάντες
2362 3243 2647 3314 ἐφρόνουν.
2688 3245 2849 3298 Ἀλλά
2878 3245 2987 3316 γάρ
3012 3246 3108 3299 καὶ
3132 3249 3347 3310 Διάνιος
3372 3250 3401 3300 ό
3427 3249 3524 3321 τῆς
3555 3251 3725 3304 Καπ-

2137 3334 2388 3388 παδοκῶν
2413 3337 2748 3407 Καισαρείας
2772 3338 3090 3401 ἐπίσκοπος,
3114 3339 3206 3390 καὶ
3230 3338 3499 3409 Γεώργιος
3520 3339 3548 3390 ό
3569 3339 3722 3392 Aac-

2134 3427 2341 3490 δικείας
2372 3429 2469 3497 τῆς
2511 3430 2709 3498 Συρίας
2735 3442 2752 3461 ο
2777 3429 2962 3482 πολλοί
2996 3446 3056 3482 τε
3098 3432 3194 3485 καὶ
3230 3430 3403 3494 ἄλλοι,
3426 3431 3718 3500 διασήμων

2137 3519 2341 3585 θρόνων
2373 3520 2659 3573 ἐπίσκοποι
2693 3522 2790 3574 καὶ
2827 3522 3291 3592 μητροπολιτικάς
3326 3523 3482 3587 ἀξίας
3504 3526 3720 3593 ἠμφιε-

2138 3615 2329 3683 σμένοι
2353 3630 2370 3646 ο
2404 3613 2543 3682 πλὴν
2581 3613 2799 3666 Ἰουλίου
2828 3616 2921 3667 τοῦ
2956 3614 3175 3684 Ῥώμης
3195 3658 3209 3679 ,
3238 3617 3335 3670 καὶ
3364 3617 3457 3668 τοῦ
3487 3617 3584 3686 τῆς
3616 3619 3724 3670 Ai-

2133 3704 2255 3768 λίας
2286 3705 2574 3775 Μαξίμου,
2605 3705 2756 3768 δι’ἃς
2789 3706 2972 3778 μικρῷ
3005 3708 3242 3779 πρόσθεν
3272 3710 3448 3773 αίτίας
3481 3710 3722 3780 εἰρήκα-

2139 3816 2259 3869 μεν.
2290 3796 2410 3851 Ἐπὶ
2434 3797 2491 3851 δὲ
2518 3799 2650 3851 πᾶσι
2673 3796 2882 3861 τούτοις
2905 3800 2997 3852 καὶ
3019 3800 3278 3862 Εὐσέϐιος
3302 3802 3331 3852 ό
3353 3802 3715 3872 Ἐμεσσηνός.

2135 3892 2231 3954 Τίς
2258 3892 2313 3944 δὲ
2338 3886 2511 3956 οὗτος,
2539 3890 2640 3961 ἠδη
2668 3890 2797 3959 ὲρῶ.
2829 3886 3001 3955 Οὗτος
3027 3892 3085 3957 ἐξ
3115 3893 3374 3963 Ἐδέσσης
3398 3894 3496 3964 τῆς
3527 3894 3725 3966 Ὀσρο-

2135 3978 2283 4051 ηνῶν
2315 3979 2632 4049 γεννηθεὶς,
2668 3980 3004 4050 εὐπατρίδης
3037 3976 3104 4050 ἦν
3130 3998 3141 4010 ’
3177 3984 3245 4035 τὰ
3279 3982 3335 4036 δὲ
3374 3984 3493 4053 ίερά
3528 3987 3720 4055 γράμ-

2139 4087 2282 4140 ματα
2310 4069 2643 4136 παιδευθεὶς,
2668 4069 2859 4123 ἔπειτα
2886 4071 2980 4123 καὶ
3002 4071 3070 4125 τὰ
3102 4070 3371 4142 Ἑλλήνων
3396 4073 3715 4145 ἐξεδιδάχθη

2135 4164 2247 4223 τοῖς
2296 4162 2473 4214 ἐκεῖσε
2521 4160 2866 4225 διδασκάλοις
2916 4164 3204 4233 φοιτήσας.
3247 4165 3335 4227 Ἐς
3387 4164 3619 4236 ὕστερον
3667 4166 3719 4221 δ’

2138 4253 2383 4322 Εὐσεδίῳ
2409 4252 2505 4306 τοῦ
2539 4254 2829 4323 Παμφίλου
2863 4258 3234 4323 συγγεγονὼς.
3260 4258 3357 4309 καὶ
3387 4258 3719 4330 ιιατροφίλῳ

2137 4346 2214 4417 τῷ
2255 4347 2644 4409 Σκυθοπόλεως
2685 4347 3003 4415 ὲπισκόπῳ,
3040 4349 3108 4400 τὰ
3148 4347 3250 4416 τῆς
3292 4352 3442 4410 θείας
3482 4351 3722 4419 ἠκρίϐου

464 4457 632 4497 serius
658 4439 911 4495 accessit.
947 4436 1024 4490 De
1050 4450 1140 4501 eo,
1171 4434 1266 4504 qui
1301 4432 1490 4496 fuerit,
1521 4445 1670 4485 nunc
1699 4429 1902 4484 dicam.
1934 4428 2035 4484 llic

2142 4438 2385 4510 Γραφῆς.
2415 4439 2494 4510 Τῇ
2528 4438 2572 4490 δ’
2612 4438 2888 4509 ’Δντιόχου
2923 4438 3266 4510 προσϐαλὼν,
3288 4441 3447 4510 ἡνίκα
3481 4457 3727 4511 κατηγο-

463 4533 686 4590 Edessa:
713 4531 1084 4587 Osroenorum
1120 4527 1285 4582 claris
1318 4523 1637 4596 parentibus
1668 4522 1908 4594 genitus,
1946 4536 2032 4576 sa-

464 4644 586 4684 cras
633 4628 874 4697 primum
908 4625 1156 4685 litteras,
1200 4629 1388 4690 postea
1416 4617 1585 4673 etiam
1620 4616 1839 4671 Graecas
1865 4616 2032 4671 disci-

464 4723 679 4788 plinas,
719 4718 790 4773 ab
820 4718 942 4789 ejus
970 4714 1080 4770 loci
1113 4710 1393 4782 magistris
1418 4708 1631 4765 didicit.
1674 4707 1881 4764 Deinde
1911 4722 2036 4762 cum

466 4811 708 4867 Eusebio
749 4805 1026 4876 Pamphili
1065 4802 1397 4860 familiarius
1435 4814 1634 4871 agens,
1677 4807 1843 4868 atque
1872 4797 2038 4852 etiam

466 4918 589 4956 cum
619 4899 938 4971 Patrophilo
969 4894 1381 4969 Scythopolita,
1413 4890 1733 4948 accuratius
1778 4890 1834 4943 in
1864 4889 2039 4945 sacris

462 5002 549 5048 est
590 4992 846 5046 eruditus
892 4990 1112 5045 litteris.
1163 4985 1517 5042 Antiochiam
1548 4983 1739 5047 venit,
1785 4996 1909 5037 cum
1960 4980 2039 5036 ibi

463 5081 786 5138 Eustathius
807 5078 885 5151 (ι)
913 5087 1138 5148 propter
1163 5077 1376 5132 crimen
1405 5074 1457 5129 ei
1489 5074 1819 5129 intentatum
1845 5086 1876 5126 a
1898 5070 2040 5139 Cyro

463 5175 532 5229 de
563 5171 735 5245 gradu
769 5172 1018 5241 dejeetus
1047 5179 1172 5224 est:
1204 5178 1370 5236 atque
1402 5180 1533 5219 cum
1559 5178 1883 5219 successore
1913 5163 2037 5233 ejus

468 5265 792 5336 Euphronio
838 5262 1048 5318 eisdem
1094 5261 1150 5314 in
1195 5259 1410 5314 aedibus
1441 5257 1573 5328 egit.
1630 5257 2041 5313 Sacerdotalem

466 5366 650 5411 autem
678 5354 1000 5427 dignitatem
1023 5352 1378 5422 deprecatus,
1401 5350 1621 5406 scholas
1644 5349 2043 5404 Alexandrinas

464 5446 860 5516 frequentavit.
900 5444 1095 5515 ibique
1138 5451 1412 5515 quantum
1441 5456 1581 5512 opus
1619 5450 1739 5497 erat
1770 5442 2045 5498 exercita-

539 5576 612 5645 (ι)
646 5577 820 5650 ᾼριιιιΔ
853 5577 1137 5633 Socratem
1194 5588 1280 5633 est
1330 5577 1440 5650 lib.
1479 5593 1537 5641 ιι,
1574 5578 1784 5650 capti,
1827 5577 2040 5650 Συνέϐη

472 5644 763 5720 maneas»!
801 5648 905 5701 ὐπὸ
933 5648 1587 5720 κύρτλυκατηγορηθέν-τα
1616 5644 1709 5700 τοῦ
1738 5644 2043 5717 Βερροιέως

467 5715 864 5793 καθαιρεθῆναι
912 5719 985 5783 ὡς
1013 5715 1441 5783 ’Σαϐελλίζοντὼ
1501 5717 1683 5771 Evenit
1732 5715 2044 5772 rit—Eusta-

2144 4534 2264 4603 ρὶας
2294 4531 2585 4596 aequem;
2618 4532 2858 4595 ὑποστάς
2887 4533 2993 4585 ὐπδ
3029 4533 3213 4603 Κύρου
3244 4532 3575 4604 καθῄρηται,
3614 4538 3723 4588 Εὐ-

2140 4623 2343 4694 φρονίῳ
2375 4623 2453 4692 τῷ
2488 4621 2607 4691 μετ’
2632 4625 2837 4676 ἐκεῖνον
2867 4625 3179 4693 ὁμωρόφιος
3208 4621 3296 4694 ἦν.
3333 4627 3726 4694 ΙΙαραιτούμε-

2139 4732 2228 4778 νος
2247 4715 2304 4767 δὲ
2329 4714 2596 4785 ἱερᾶσθαι,
2616 4716 2726 4777 τοῖς
2748 4716 2870 4769 κατ’
2895 4716 3302 4786 Ἀλεξάνδρειαν
3317 4717 3725 4781 διδασκαλείοις

2139 4807 2348 4874 ἐφοίτα.
2388 4806 2675 4876 Ἀσκηθεὶς
2701 4806 2757 4858 δὲ
2791 4806 3044 4860 κάκεῖθεν
3073 4808 3196 4859 ὅσον
3224 4808 3415 4877 ἐχρῆν,
3443 4809 3723 4873 ἐπανῆκεν

2140 4895 2298 4963 αὖθις
2348 4901 2426 4962 είς
2465 4900 2840 4975 Ἀντιόχειαν*
2892 4902 2986 4953 καὶ
3042 4899 3380 4969 συνδιέτριϐε
3442 4901 3721 4971 Πλακήτῳ

2142 4990 2578 5059 ὲπισκοπήσαντι
2640 4989 2758 5058 μετ’
2796 4991 3115 5059 Εὐφρόνιον.
3164 4990 3316 5043 Ἐπεὶ
3376 4990 3430 5043 δὲ
3494 4992 3723 5046 advel)»

2141 5080 2319 5133 ἐκεῖσε
2366 5081 2626 5144 Εὐσέϐιος
2668 5082 2696 5132 ὁ
2740 5081 2839 5150 τῆς
2883 5082 3300 5134 Κωνσταιτίνου
3344 5083 3592 5147 συνίστα,
3638 5085 3721 5146 εἰς

2141 5170 2228 5222 τὸν
2263 5172 2359 5240 τῆς
2400 5170 2814 5242 Ἀλεξανδρείας
2861 5172 3051 5242 θρόνον
3086 5172 3276 5225 τοῦτον
3312 5173 3569 5242 ἐψήφιζε.
3612 5176 3725 5226 Καὶ

2141 5262 2250 5332 γάρ
2277 5261 2413 5332 ᾤετο
2443 5263 2623 5330 λέγειν
2651 5265 2822 5318 δεινὸν
2851 5266 3006 5331 ὄντα,
3034 5265 3247 5318 καὶτὸν
3273 5264 3389 5336 βίον
3418 5265 3594 5327 καλῶς
3626 5270 3725 5317 καὶ

2142 5354 2360 5421 ἀγαθῶς
2389 5355 2730 5423 δεξάγοντα,
2758 5356 2954 5409 θᾶττον
2977 5357 3311 5424 Αἰγυπτίους
3341 5356 3725 5428 μεταρρυθμίο

2144 5463 2232 5499 σαι
2263 5447 2361 5518 τῆς
2393 5449 2877 5517 περὶ.Ἀθανόισιον
2909 5451 3166 5521 σχέσεως.
3204 5450 3293 5513 Ὧς
3322 5450 3377 5503 δὲ
3408 5451 3507 5521 τὴν
3534 5448 3726 5504 τοιαύ-

2144 5580 2278 5658 {hius
2297 5579 2486 5658 a__Cgro
2507 5582 2750 5658 Berrhaeo
2776 5595 3054 5658 accusatus
3080 5595 3339 5657 tanquam
3362 5584 3726 5656 Sabellisaus,

2144 5652 2198 5703 iu
2232 5651 2467 5707 ordinem
2497 5656 2785 5709 damnatus
2820 5655 3161 5727 redigeretur.
