3988 6190
305 345 407 409 237

1256 331 1857 396 ECCLESIASTICIE
1896 325 2289 393 HlSTORl/E
2330 326 2474 387 LIB.
2524 323 2626 383 1X.

3427 315 3532 378 €38

301 471 398 523 την
429 448 716 504 ἀπεώσατο
749 442 1117 515 λειτουργίαν,
1150 443 1418 512 οἱόμενοῖ,
1445 443 1582 511 ὅπερ
1612 443 1707 494 καὶ
1740 441 1868 510 άλη-

1985 447 2098 505 Lus,
2145 435 2492 493 Antiochiam
2540 434 2742 488 rediit:
2786 441 2842 489 et
2894 447 3018 488 cum
3062 431 3302 491 Placito,
3351 431 3446 500 qui
3482 430 3537 483 in

301 545 389 607 θὶς
429 538 532 613 ἦν,
580 536 859 608 εὐπρεπὲς
905 534 1164 604 εὑρήσειν
1211 535 1367 603 μῖσος
1416 533 1566 601 παρὰ
1610 533 1718 586 τῶν
1764 534 1863 602 τῆς

312 631 747 703 Ἀλεξανδρείας,
777 628 853 697 μή
879 643 1001 680 τινα
1031 625 1216 694 ἕτερον
1242 627 1366 679 ἀντὶ
1394 624 1716 682 Ἀθανασίου
1745 625 1868 677 ἀνε-

299 723 546 796 χομένων
589 721 748 791 όρᾷν,
796 719 876 781 εις
909 718 1157 796 Ἔμεσαν
1199 716 1518 788 μετεχώρει.
1563 715 1867 786 Γρηγόριος

299 794 378 875 si;
419 815 500 875 είς
545 812 643 880 τὴν
681 794 1040 878 Ἀλεξάνδρου
1086 805 1507 876 προεσιδάςετο.
1549 804 1870 876 Διαοληθεις

298 907 343 959 δ’
368 909 422 958 ὲν
453 904 720 974 Ἐμέσσῃ.
751 902 825 964 ὡς
860 901 945 968 είη
975 898 1036 951 τὺ
1065 899 1164 966 τῆς
1194 898 1584 968 ἀστρονομίας,
1617 897 1644 950 δ
1677 899 1866 950 ἀποτε-

299 996 626 1064 λεσματικδν
656 993 921 1058 καλεῖται,
946 991 1149 1061 μετιὼν
1183 991 1348 1060 μέρος
1367 1030 1384 1056 ,
1414 989 1593 1058 φυγάς
1622 991 1701 1051 είς
1732 989 1869 1040 Λαο-

298 1088 502 1140 δίκειαν
539 1085 673 1156 πρὸς
715 1083 993 1152 Γεώργιον
1024 1083 1117 1136 τὸν
1150 1083 1330 1135 ἐκεῖσε
1373 1081 1674 1138 ἐπίσκοπον
1709 1080 1868 1149 ἥκει,

297 1181 509 1248 ἑταῖρον
540 1181 604 1231 ὲκ
636 1177 868 1232 παλαιοῦ
899 1175 1051 1230 δντα.
1089 1174 1150 1228 ’0
1179 1175 1224 1227 δ’
1248 1175 1328 1237 είς
1364 1172 1694 1242 ’Δντιόχειαν
1724 1170 1874 1239 αὐτῷ

299 1269 570 1322 συνελθὼν
613 1268 750 1338 πρὸς
794 1266 1082 1337 Πλάκητον
1125 1265 1222 1318 καὶ
1261 1265 1611 1336 Νάρκισσον,
1652 1265 1731 1326 είς
1773 1261 1874 1332 τὴν

308 1361 661 1430 Ἐμεσσηνῶν
686 1357 845 1423 αὖθις
873 1357 972 1429 τὴν
1004 1359 1138 1412 ἰδίαν
1164 1357 1514 1426 ἀποκατέστη
1544 1355 1872 1426 ὲπισκοπήν.

298 1450 406 1508 Ἦν
427 1455 485 1506 δὲ
516 1453 662 1523 μάλα
688 1453 782 1506 καὶ
810 1450 1024 1521 βασιλεῖ
1045 1449 1415 1520 Κωνσταντίῳ
1439 1447 1838 1518 κεχαρισμένος
1860 1463 1875 1479 ·

299 1542 534 1610 ἐπήγετο
591 1541 700 1608 γάρ
756 1539 918 1592 αὑτὸν
977 1538 1114 1606 πρὸς
1172 1536 1390 1607 Πέρσας
1451 1535 1660 1605 μέλλων
1715 1550 1919 1606 στραο.

296 1634 480 1685 τεύειν
501 1649 516 1664 ο
548 1633 813 1700 τεράστια
845 1629 952 1698 γὰρ
986 1629 1156 1681 πολλὰ
1181 1629 1245 1681 τὸ
1275 1628 1418 1682 Θεῖον
1445 1628 1512 1680 δι’
1535 1626 1699 1679 αὑτοῦ
1727 1627 1879 1696 svsp-

1966 531 2290 600 episcopatu
2341 526 2661 597 Euphronio
2705 526 3008 592 successit,
3041 525 3166 579 fuit.
3214 523 3330 588 llic,
3371 524 3542 578 Euse-

1968 624 2092 678 bius
2163 607 2818 688 Constantinopolitanus
2883 633 3007 673 cum
3065 617 3333 686 synodum
3399 615 3544 668 cele-

1969 713 2189 774 braret,
2238 710 2623 765 Alexandrina:
2673 710 2786 763 sedi
2839 709 2985 763 hunc
3023 707 3339 764 destinavit.
3385 707 3542 772 Quod

1969 802 2115 856 enim
2143 811 2198 857 et
2240 801 2552 870 eloquentia
2606 800 2874 870 polleret,
2910 807 2965 854 et
3014 799 3154 853 bene
3202 798 3544 870 honesteque

1970 894 2215 959 viveret,
2250 892 2405 946 brevi
2445 892 2489 946 is
2517 890 2800 961 Egyptios
2834 890 2899 944 ab
2935 905 3122 944 amore
3155 899 3210 943 et
3239 889 3542 951 desiderio,

1971 999 2081 1054 quo
2131 984 2185 1038 in
2238 983 2595 1036 Athanasium
2648 981 3002 1047 ferebantur,
3043 981 3382 1035 abducturus
3421 996 3543 1035 esse

1973 1075 2406 1130 existimabatur.
2460 1075 2592 1128 Eam
2649 1067 2989 1128 functiouem
3051 1073 3144 1127 ubi
3207 1071 3540 1142 repudiavit,

1971 1166 2028 1220 id
2065 1165 2210 1236 quod
2237 1181 2326 1221 res
2362 1175 2480 1220 erat
2510 1179 2697 1220 secum
2726 1173 3011 1234 reputans,
3039 1166 3244 1232 justam
3279 1164 3543 1218 nimirum

1974 1273 2102 1326 erga
2124 1274 2182 1312 se
2205 1257 2318 1312 odii
2339 1271 2561 1313 causam
2588 1257 2748 1312 facile
2774 1257 3176 1310 Alexandrinos
3202 1266 3543 1325 reperturos,

1976 1350 2069 1418 qui
2097 1349 2266 1402 alium
2292 1350 2565 1404 neminem
2599 1363 2699 1418 pro
2725 1347 3024 1403 Athanasio
3049 1363 3277 1403 cernere
3303 1347 3545 1402 sustine-

1977 1451 2100 1496 rent
2131 1442 2454 1512 episcopum
2479 1481 2496 1508 ,
2541 1440 2792 1494 Emesam
2837 1449 2921 1494 cst
2973 1441 3212 1495 missus:
3251 1439 3549 1509 Gregorius

1977 1543 2160 1587 autem
2191 1533 2580 1587 Alexandriam
2605 1533 2896 1588 deductus.
2930 1532 3024 1586 ll-le
3045 1532 3317 1586 calumnia
3343 1531 3549 1584 Emesa:

1979 1624 2275 1693 expetitus,
2309 1623 2462 1693 quasi
2508 1625 2629 1694 ejus
2661 1623 2832 1693 partis
2862 1623 3214 1678 astronomia:
3255 1639 3378 1692 qua:
3409 1624 3553 1691 Αμυ-

299 1726 440 1788 γεῖν,
468 1721 544 1784 ῶς
575 1740 708 1791 φησι
742 1719 1012 1788 Γεώργιος
1042 1722 1070 1772 ὁ
1101 1718 1420 1782 Λαοδικεὺς,
1448 1716 1537 1768 τὸν
1566 1715 1684 1785 βίον
1710 1714 1878 1768 αὐτοῦ

1985 1715 2322 1770 telesmatica
2355 1715 2580 1780 dicitur,
2615 1717 2896 1784 responsis
2925 1715 3137 1771 scilicet
3160 1717 3356 1770 dandis
3388 1731 3555 1768 occu-

300 1783 728 1884 συνταξάμενος,
771 1783 992 1882 Καίπερ
1031 1811 1090 1863 δὲ
1132 1809 1373 1871 τοιοῦτος
1412 1807 1522 1871 ὢν,
1564 1783 1661 1870 τὰς
1701 1806 1877 1871 ἄρκυς

1985 1819 2136 1878 pata,
2175 1809 2450 1862 studiosus
2483 1818 2647 1871 esset,
2681 1808 2845 1880 632
2899 1807 3223 1863 Laodiceam
3274 1808 3341 1863 ad
3385 1808 3557 1862 Geor-

299 1907 408 1958 τῶν
439 1905 720 1974 φθονερῶν
751 1903 812 1957 ού
843 1903 1027 1972 διέδρα
1048 1941 1062 1964 ,
1096 1900 1366 1953 εἰωθότων
1392 1900 1502 1961 τοῖς
1536 1898 1722 1959 καλοῖς
1753 1900 1875 1950 ὲπι-

301 1999 576 2066 φύεσθαι·
628 1995 833 2066 μέμψιν
875 1996 982 2063 γὰρ
1031 1994 1191 2063 ἔσχεν
1232 1991 1305 2056 ὡς
1352 1990 1550 2060 ἐπίσης
1600 1989 1876 2060 Σαϐελλίῳ

300 2091 510 2157 φρονεῖ.
541 2087 676 2139 τότε
711 2101 773 2153 γε
811 2085 939 2154 μὴν,
973 2084 1048 2148 ὡς
1080 2084 1317 2154 εἴρηται,
1351 2083 1466 2144 τοῖς
1506 2083 1566 2134 ὲν
1599 2080 1876 2150 Αίτιοχεία

301 2180 494 2232 καθίστ
507 2196 599 2231 rso
620 2178 932 2247 σύμψηφος.
949 2177 1084 2247 Περὶ
1106 2177 1204 2245 μὲν
1221 2171 1313 2229 οὖν
1330 2173 1402 2226 Eii
1413 2173 1594 2226 σεὸίου
1611 2172 1845 2224 τοσαῦτα
1863 2190 1876 2204 ·

301 2276 336 2342 ἡ
375 2273 431 2323 δὲ
479 2275 536 2322 ὲν
570 2268 876 2338 Ἀντιοχείᾳ
918 2267 1136 2330 σύνοδος
1167 2254 1395 2319 τοιαῦτα
1438 2265 1730 2335 πράξασα,
1767 2264 1877 2316 διε-

299 2364 483 2417 λύετο.

1978 1900 2126 1972 gium
2163 1901 2406 1969 episcopi
2441 1900 2605 1955 isthic
2645 1915 2872 1954 munere
2905 1900 3221 1970 fungentem
3249 1940 3263 1963 ,
3314 1911 3554 1955 veterem

1981 1991 2220 2046 amicum
2266 1992 2545 2064 profugit:
2587 2002 2642 2048 et
2685 2008 2808 2046 rum
2859 1993 3052 2048 eodem
3095 1994 3440 2048 Antiochiam
3488 1995 3556 2048 ad

1984 2083 2249 2138 Placitum
2279 2095 2332 2138 et
2358 2084 2674 2139 Narcissum
2717 2085 3023 2155 profectus,
3059 2085 3186 2140 inde
3219 2087 3363 2156 apud
3395 2087 3557 2140 Eme-

1985 2189 2150 2227 seuos
2197 2173 2252 2227 in
2297 2175 2678 2244 episcopatum
2734 2192 2892 2230 suum
2946 2178 3241 2232 restitutus
3284 2187 3388 2232 est.
3437 2177 3559 2232 Fuit

1985 2277 2169 2319 autem
2226 2274 2281 2320 et
2333 2265 2661 2321 Constantio
2713 2268 3037 2337 imperatori
3086 2278 3411 2339 pergratus,
3463 2268 3557 2337 qui

1985 2374 2110 2412 eum
2173 2371 2358 2412 secum
2427 2358 2693 2414 adversus
2760 2359 2955 2414 Persas
3022 2359 3231 2414 bellum
3301 2370 3558 2430 gesturus

299 2457 462 2510 duxit
491 2456 592 2524 (l).
630 2453 798 2509 Multa
835 2467 1074 2522 namque
1115 2451 1364 2505 divinum
1400 2465 1599 2504 numen
1669 2450 1918 2521 prodigia
1959 2466 2057 2520 per
2125 2451 2302 2520 ipsum
2349 2450 2625 2515 edidisse,
2665 2451 3021 2508 Laodicensis
3085 2452 3252 2506 refert
3291 2452 3559 2521 Georgius

300 2553 396 2620 qui
440 2549 607 2603 \itam
647 2547 766 2618 ejus
801 2545 1156 2614 conscripsit.
1198 2545 1263 2599 Et
1296 2544 1545 2612 quamvis
1579 2553 1766 2598 tantus
1830 2543 1914 2597 vir
1951 2542 2145 2610 fuerit,
2183 2557 2294 2597 non
2335 2552 2516 2598 tamen
2589 2544 2905 2598 invidorum
2930 2585 2945 2610 ,
2975 2545 3069 2614 qui
3101 2545 3349 2601 honestis
3378 2548 3559 2601 immi-

305 2661 438 2700 nere
469 2642 618 2698 soliti
645 2651 798 2706 sunt,
829 2641 1056 2710 laqueos
1082 2638 1295 2710 eflugit.
1333 2638 1620 2710 Objectum
1650 2639 1796 2692 enim
1861 2633 1913 2694 ei
1953 2649 2058 2702 est,
2128 2637 2273 2706 quod
2317 2637 2370 2692 in
2415 2637 2607 2692 eadem
2643 2648 2794 2693 esset
2828 2651 2952 2692 cum
2986 2637 3226 2693 Sa‘bellio
3258 2641 3555 2696 sententia.

305 2738 446 2792 Tum
491 2751 626 2791 sane
669 2733 928 2805 quidem.
976 2732 1056 2788 uti
1103 2732 1240 2799 dixi,
1286 2731 1588 2788 Antiochia:
1633 2731 1873 2787 decretis
1912 2729 2181 2786 faciendis
2213 2745 2338 2786 cum
2417 2731 2542 2785 aliis
2589 2729 2917 2802 suffragator
2962 2729 3235 2786 interfuit.
3288 2731 3413 2788 Haec
3485 2735 3555 2790 de

303 2829 571 2887 Eusebio.
611 2828 681 2882 Et
712 2827 958 2898 synodus
996 2825 1343 2883 Antiochena
1378 2825 1544 2880 rebus
1579 2824 1651 2880 ita
1685 2824 1874 2895 gestis,
1915 2824 2093 2879 soluta
2123 2832 2230 2880 est.

903 2969 1156 3026 KsaAA.
1187 2916 1286 3038 ’σε

2593 2969 2820 3026 CAPUT
2866 2970 2952 3023 Vl.

298 3064 402 3132 Ὧς
444 3066 801 3144 Ἀθανασίου
861 3019 1282 3147 ἐκςληθέντὲς,
1339 3065 1672 3147 ζ’ρηγόριρς
1722 3063 1874 3134 μετὰ

1986 3064 2048 3119 Ut
2098 3065 2390 3147 Athanasiq
2421 3065 2619 3147 ejecta,
2658 3063 2940 3142 Gregorius
2983 3063 3232 3147 n't‘ilitqri”
3264 3083 3425 3147 inquit
3465 3069 3558 3119 sti-

376 3134 810 3204 στρατιωτικῆς
839 3134 1151 3202 φάλαγγος
1182 3134 1298 3204 τὴν
1349 3135 1691 3204 ἐκκλησίαν
1732 3151 1875 3188 κατ-

375 3203 562 3275 ἐσχεο
594 3204 694 3258 καὶ
734 3208 869 3275 περὶ
914 3205 1175 3275 Ἰουλίου
1197 3203 1307 3275 τοῦ
1344 3203 1575 3275 Ῥώμης
1624 3203 1873 3258 ἐπισκό-

376 3273 498 3329 ποίὺ
519 3292 532 3304 ·
568 3275 667 3329 καὶ
707 3275 786 3338 ὡς
807 3274 1149 3342 ἐχαλέπηνε
1179 3273 1314 3342 περὶ
1341 3273 1720 3328 Ἀθανασίου.

379 3391 583 3454 Κακῶς
626 3389 671 3440 δ’
698 3391 756 3442 ὲν
800 3389 1029 3453 ἐκείνοις
1067 3391 1184 3450 τοῖς
1225 3389 1437 3460 χρόνοις
1481 3389 1573 3442 καὶ
1611 3391 1680 3444 τά
1720 3391 1877 3442 κοινά

301 3483 538 3536 διέκειτο
579 3480 885 3550 πράγματα
910 3497 924 3510 ·
967 3481 1212 3554 Φράγγοι
1259 3480 1366 3549 γὰρ
1409 3481 1562 3546 ἔθνος
1601 3481 1878 3551 δύσμαχον

301 3573 416 3626 τῶν
458 3572 597 3642 πρὸς
637 3571 880 3640 ἑσπέραν
918 3571 1250 3642 κατέτρεχον
1286 3571 1542 3627 Γαλατῶν
1577 3574 1877 3643 ὲπιμᾶλλον

298 3663 586 3735 δῃοῦντες.
635 3663 714 3716 Τά
758 3662 816 3716 δὲ
862 3664 998 3737 πρὶς
1041 3663 1116 3717 ἕω
1159 3663 1437 3735 ἀρχόμενα
1482 3664 1586 3720 ὑπὸ
1634 3665 1877 3735 σεισμῶν

299 3757 516 3826 ἀγρίων
551 3753 985 3812 ἁνετινάσσοντο.
1027 3756 1093 3808 Ἦ
1124 3755 1169 3808 δ’
1206 3756 1479 3827 Ἀντιόχου
1516 3758 1750 3827 μάλιστα
1783 3759 1880 3813 καὶ

299 3851 384 3912 είς
417 3848 667 3901 ινιαυτὺν
696 3846 819 3900 ὅλον
849 3846 1056 3900 ἐσείετο
1079 3860 1094 3875 ⁶
1128 3848 1364 3916 ὁπηνίκα
1394 3849 1490 3902 σὺν
1523 3848 1705 3918 πολλῷ
1740 3849 1878 3918 πλή-

298 3943 387 3994 θει
435 3938 788 4010 στρατιωτῶν
813 3979 827 4004 ,
862 3940 1025 3992 πέντε
1069 3938 1304 4009 χιλιάδες
1344 3935 1485 4010 ἦσαν
1517 3941 1612 3993 τὸν
1645 3941 1878 4010 ἀριθμὸν

297 4025 375 4084 ὧν
409 4029 660 4096 ἐξηγεῖτο
691 4027 973 4097 Συριανὸς,
1007 4029 1100 4078 καὶ
1127 4027 1430 4097 Γρηγόριος
1456 4029 1518 4081 ἐκ
1543 4031 1642 4097 τῆς
1677 4029 1878 4082 Ἀντιό-

293 4141 398 4195 χου
435 4121 534 4191 τὴν
560 4120 909 4191 Ἀλεξάνδρου
953 4119 1271 4174 κατέλαϐεν.
1303 4120 1365 4172 Ἦ
1402 4119 1458 4172 δὲ
1499 4121 1730 4190 στρατιά
1773 4139 1878 4174 πα-

297 4215 530 4288 ρείπετό
551 4215 625 4275 οἱ,
647 4213 722 4276 ὡς
746 4211 812 4265 ἂν
836 4212 1084 4288 ἀσφαλὴς
1110 4214 1142 4282 η
1169 4211 1371 4276 εἴσοδος
1400 4214 1492 4267 καὶ
1515 4214 1880 4276 ἀστασίαστος

2053 3145 2207 3204 putus
2282 3133 2556 3189 ecclesiam
2631 3133 2922 3202 occuparit.
2991 3133 3068 3185 De
3119 3133 3264 3190 Julia
3321 3135 3556 3189 Romano

2053 3207 2308 3326 episcopo,
2336 3205 2592 3275 quomodo
2635 3205 2680 3258 is
2732 3203 3015 3258 Athanasii
3060 3219 3240 3260 casum
3285 3223 3422 3278 (egre
3478 3218 3561 3260 tu-

2077 3285 2196 3328 erit.

2054 3388 2128 3442 Ea
2180 3403 2312 3442 vcro
2365 3396 2694 3457 tempestate
2743 3405 2834 3444 res
2880 3389 3046 3446 etiam
3095 3391 3331 3460 publica:
3378 3391 3560 3447 infeli-

1982 3481 2118 3536 citer
2163 3481 2582 3536 administratae.
2632 3481 2829 3536 Franci
2871 3484 3051 3549 enim,
3100 3499 3235 3552 gens
3276 3483 3557 3550 bellicosa,

1983 3568 2210 3624 Galliam
2238 3569 2634 3624 occidentalem
2663 3583 3083 3640 percurrentes,
3122 3576 3354 3627 maxime
3380 3587 3560 3630 vasta-

1985 3670 2135 3714 runt.
2170 3661 2225 3716 ln
2261 3659 2485 3716 Oriente
2513 3671 2696 3718 autem
2726 3663 2847 3718 loca
2881 3663 3141 3734 pleraque
3175 3666 3335 3720 saavis
3371 3675 3558 3722 terra:-

1985 3751 2225 3806 motibus
2265 3761 2396 3806 sunt
2427 3767 2735 3811 concussa:
2776 3756 3070 3811 Antiochia
3114 3773 3244 3811 vero
3287 3759 3551 3823 maxime;

1985 3843 2203 3914 integro
2233 3860 2468 3914 namque
2496 3859 2641 3900 anno
2672 3847 2724 3900 id
2759 3848 2988 3916 pertulit
3009 3849 3233 3904 malum.
3265 3849 3382 3916 Quo
3417 3859 3556 3903 tetu-

1986 3948 2114 4002 pore
2138 3949 2263 3988 cum
2292 3951 2482 4004 magna
2516 3937 2750 3996 militum
2779 3952 2944 3996 manu
2977 3939 3243 4009 (quinque
3272 3940 3552 3993 hominum

1985 4027 2152 4082 millia
2202 4042 2403 4094 erant,
2445 4045 2585 4098 quos
2636 4028 2904 4100 Syrianus
2955 4030 3212 4100 ducebat)
3261 4031 3556 4103 Gregorius

1985 4120 2275 4175 Antiochia
2307 4122 2693 4204 Alexandriam
2730 4132 2816 4178 est
2850 4123 3152 4192 profeCtus.
3185 4125 3384 4180 Milites
3424 4141 3556 4195 pro-

1986 4223 2169 4282 pterea
2217 4228 2345 4268 eum
2393 4213 2603 4280 secuti,
2660 4224 2720 4270 ut
2770 4224 2888 4270 tuto
2933 4224 2989 4270 et
3040 4216 3249 4287 absque
3282 4219 3554 4273 seditione

293 4285 456 4377 αὑτῷ
485 4297 728 4374 γένοιτο,
759 4305 984 4377 ἀρρήτῳ
1012 4285 1164 4375 πόθῳ
1192 4304 1287 4358 τοῦ
1318 4305 1558 4375 πλήθους
1590 4305 1878 4377 ἐντετηκό-

1985 4305 2133 4358 omni
2179 4305 2392 4375 ingredi
2422 4321 2542 4361 eam
2579 4306 2772 4362 urbem
2813 4317 3015 4375 posset.
3053 4309 3370 4364 Incredibili
3403 4313 3549 4366 enim

293 4417 392 4462 τος
432 4400 513 4459 είς
550 4398 889 4452 Ἀθανάο·ιον.
927 4397 1003 4449 Ού
1049 4397 1220 4468 μικρὰ
1256 4397 1314 4450 δὲ
1353 4397 1448 4451 καὶ
1485 4399 1535 4450 oi
1574 4397 1634 4462 ἐξ
1668 4397 1878 4469 ’Δρείου

296 4494 487 4544 ἐκεῖσε
521 4490 671 4553 δντες
702 4489 997 4560 συνήροντο
1027 4490 1168 4543 κατά
1197 4506 1260 4558 γε
1291 4489 1448 4542 τοῦτο
1475 4489 1538 4542 τὸ
1571 4489 1761 4560 μέρος,
1789 4492 1882 4545 καὶ

295 4586 454 4646 ὅπως
487 4581 807 4642 ’Δθανάσιος
837 4580 1118 4651 ἐξελαθείη
1148 4579 1623 4649 διασκοπούμενοι.
1662 4582 1884 4635 Ἐδεδίε-

299 4691 411 4730 σαν
446 4674 558 4743 γὰρ
601 4673 677 4743 μὴ
717 4675 1019 4726 στασιάσειν
1054 4672 1113 4726 τδ
1151 4673 1377 4744 πλῆθος,
1413 4674 1600 4736 κακῶς
1641 4675 1881 4739 ἐκείνους

293 4766 566 4819 διάθοιτο.
595 4765 661 4817 ‘0
695 4765 762 4832 δὴ
794 4765 889 4818 καὶ
922 4763 1240 4827 Ἀθανάσιος
1277 4765 1663 4836 ὑπειδόμενος,
1701 4769 1883 4838 ἡρέμα

297 4857 527 4926 φεύγει.
564 4856 836 4926 Ἐσπέρας
877 4855 985 4926 γάρ
1027 4855 1129 4927 ήδη
1173 4856 1631 4927 καταλαϐούσης,
1679 4860 1766 4910 ἐπ’
1795 4861 1885 4912 ἐκ-

294 4946 544 5018 κλησίας
580 4943 672 5018 ἦν,
716 4946 1079 5017 προσδοκίμου
1128 4945 1402 5011 συνάξεως
1443 4945 1631 5016 οὔσης.
1676 4945 1784 5018 Τῆς
1825 4950 1883 5003 δὲ

253 5057 270 5070 ·
295 5039 576 5108 στρατιᾶς
611 5036 754 5091 κατὰ
787 5036 1043 5106 φάλαγγα
1075 5037 1360 5106 εὐκόσμως
1393 5038 1756 5108 ὅιαλαὸούσης
1786 5039 1884 5110 τὴν

293 5127 635 5199 ἐκκλησίαν,
679 5129 888 5192 ἐκεῖνος
930 5129 1094 5198 εὐχὴν
1137 5130 1380 5194 τελέσας,
1422 5131 1520 5199 τῆς
1563 5130 1883 5202 ψαλμῳδίας

293 5219 563 5270 ικὲλευεν
597 5215 840 5286 ἔχεσθαι.
875 5219 936 5270 Ol
969 5218 1024 5271 δὲ
1059 5219 1392 5287 στρατιῶται
1421 5221 1558 5284 τέως
1587 5221 1882 5291 ἡσύχαζον,

288 5311 375 5374 ὡς
414 5311 524 5364 οὐκ
567 5308 824 5378 εὖκαιρον
862 5309 923 5362 ὃν
965 5310 1201 5379 οἰόμενοι
1241 5311 1552 5378 ἐπιθέσθαι,
1595 5312 1885 5382 συμφώνου

292 5403 582 5472 μελῳδίας
622 5403 1016 5474 ὲξηχουμένης.
1062 5403 1150 5456 Ἐν
1193 5402 1365 5474 τούτῳ
1408 5388 1451 5457 δ’
1482 5405 1663 5474 ἡρέμα
1707 5406 1885 5458 λαθὼν

304 5493 646 5556 Ἀθανάσιος
666 5533 682 5558 ,
714 5497 773 5546 ὲν
801 5494 879 5564 τῷ
911 5495 1118 5557 πάντας
1143 5492 1232 5546 διὰ
1263 5496 1392 5562 μιᾶς
1423 5493 1642 5561 ἐξάγειν
1672 5493 1848 5563 πύλης
1868 5535 1884 5559 ,

283 5586 351 5636 ἐν
386 5588 552 5655 μέσῳ
580 5584 690 5637 τῶν
717 5584 1154 5656 ψαλμῳδούντων
1182 5583 1424 5652 ἀϐλασὴς
1451 5585 1759 5648 διεσώζετο,
1789 5585 1885 5638 καὶ

1983 4412 2110 4466 erga
2154 4397 2514 4453 Athanasium
2555 4399 2837 4455 desiderio
2886 4400 3183 4456 multitudo
3211 4403 3548 4459 'tenebatur.

1982 4489 2101 4543 Non
2131 4505 2322 4559 parum
2359 4500 2539 4547 tamen
2574 4493 2759 4547 Ariani
2792 4510 3048 4563 quoque.
3084 4496 3179 4562 qui
3207 4497 3550 4552 Alexandria:

1983 4591 2161 4645 erant,
2180 4581 2464 4650 quomodo
2486 4582 2821 4638 Athanasius
2842 4584 3152 4652 exigeretur
3170 4583 3548 4654 dispicientes,

1986 4672 2088 4726 hac
2121 4672 2174 4725 in
2202 4682 2360 4741 parte
2396 4671 2746 4742 profuerunt.
2791 4673 3118 4727 Metuebant
3153 4675 3298 4728 enim
3337 4673 3439 4738 illi,
3481 4690 3552 4729 rm

1986 4766 2224 4820 tumultu
2263 4766 2314 4817 in
2349 4765 2506 4836 plebe
2539 4764 2811 4826 excitato.
2853 4765 2996 4818 male
3029 4766 3100 4819 ab
3137 4780 3199 4819 ea
3230 4769 3552 4836 acciperen-

1990 4867 2097 4910 tur.
2145 4858 2300 4923 Quod
2349 4867 2406 4912 et
2456 4859 2634 4926 ipsum
2681 4857 3018 4912 Athanasius
3055 4858 3298 4923 veritus,
3345 4860 3551 4914 sensim

1987 4949 2253 5019 fugiebat.
2282 4948 2482 5005 Serum
2513 4950 2622 5020 jam
2657 4948 2763 5003 diei
2793 4959 2936 5012 erat,
2965 4960 3021 5004 et
3061 4951 3176 5020 ipse
3209 4951 3262 5005 in
3293 4953 3550 5016 ecclesia,

1985 5042 2133 5110 quod
2173 5041 2396 5112 synaxis
2423 5053 2476 5097 et
2514 5049 2820 5096 conventus
2853 5042 2910 5097 in
2943 5043 3356 5111 exspectatione
3384 5056 3549 5104 esset.

1983 5130 2154 5186 rebus
2195 5131 2367 5186 sacris
2412 5129 2759 5187 intendebat.
2805 5131 2872 5186 Et
2919 5147 3112 5188 manus
3151 5135 3262 5205 jam
3293 5135 3550 5188 militaris

1986 5223 2274 5279 ecclesiam
2309 5239 2407 5293 per
2436 5223 2751 5292 manipulos
2785 5226 2980 5282 ordine
3007 5240 3108 5280 suo
3145 5235 3546 5294 occupaverat:

1988 5329 2113 5368 cum
2167 5315 2254 5368 ille
2308 5314 2624 5382 precatione
2672 5328 2927 5383 peracta,
2977 5315 3331 5384 psalmodiam
3379 5315 3553 5366 conti-

1986 5420 2159 5458 nuare
2183 5405 2359 5475 jubet.
2390 5405 2556 5476 683
2589 5405 2788 5461 Milites
2818 5407 2993 5475 quieti
3030 5417 3142 5460 tum
3171 5413 3329 5460 erant
3349 5447 3364 5467 ,
3400 5405 3546 5472 quod

1988 5497 2437 5564 intempestivum
2481 5497 2744 5565 impetum
2798 5497 2852 5552 in
2895 5511 3017 5551 eum
3054 5497 3232 5550 facere
3268 5495 3549 5549 existima-

1988 5598 2151 5654 rent,
2212 5603 2338 5642 cum
2401 5598 2674 5643 concentu
2737 5601 2846 5642 uno
2903 5586 3144 5642 carmina
3199 5593 3542 5642 resonarent.

372 5748 459 5817 (1)
501 5748 720 5803 Socrat.
764 5745 948 5812 habet,
983 5743 1230 5797 adversus
1258 5742 1546 5799 Barbaros.
1576 5743 1653 5798 Ex
1682 5743 1952 5814 EutrOpio
1981 5742 2200 5800 videtur
2234 5759 2357 5800 esse
2387 5742 2681 5816 legendum
2722 5743 2964 5800 Partnos.
