3988 6190
343 403 456 466 245

1312 384 1905 473 ΕεειΕεΙᾹετιεε

2039 416 2331 478 STOBI/E
2369 420 2509 481 LIB.
2548 419 2653 481 IX.
3142 448 3145 449 '
3504 423 3617 486 246

345 520 539 590 ριοῦτο
563 537 576 550 ·
622 520 716 574 καὶ
748 520 813 592 δὴ
847 523 1050 594 γράφει
1083 523 1161 594 τῷ
1193 524 1296 595 τῆς
1327 525 1538 589 πόλεως
1575 527 1801 597 ἐπάρχῳ
1835 528 1928 580 Φι·

2040 530 2349 602 Philippum
2371 532 2523 588 urbis
2559 531 2898 602 praefectum,
2923 528 3220 585 secundam
3244 528 3312 584 ab
3337 529 3607 598 imperiali

343 610 563 680 λίππῳ,
596 612 860 683 δευτέραν
888 615 1028 682 μετὰ
1063 614 1288 685 βασιλέα
1319 616 1620 685 τηνικαῦτα
1651 616 1750 685 τὴν
1776 618 1930 686 ἰσχὺν

350 705 838 775 περιϐεϐλημένῳ,
878 706 1092 761 Παῦλον
1136 707 1235 777 μὲν
1265 708 1520 774 ἐξελάσαι
1549 709 1649 776 τῆς
1696 709 1929 772 πόλεως,

346 797 677 867 Μακεδονίῳ
717 797 774 850 δὲ
810 790 1152 869 παραδοῦναι
1199 801 1300 868 τὴν
1356 801 1710 869 Ἐκκλησίαν.
1739 801 1934 854 Φίλιπ-

349 904 454 945 πος
504 888 552 940 δ’
599 891 662 940 ἐκ
712 891 820 941 τῶν
873 890 1003 960 πρὶν
1054 892 1135 952 εἰς
1182 890 1521 961 Ἑρμογένην
1575 892 1931 963 πραχθέντων

352 978 596 1049 σώφρων
628 980 943 1049 γενόμενος,
980 984 1078 1044 τὰς
1105 980 1199 1034 τοῦ
1231 982 1468 1052 πλήθους
1512 983 1697 1045 δείσας
1727 982 1929 1054 ὁρμὰς,

346 1073 522 1142 τέχνῃ
557 1072 656 1139 τὴν
687 1073 889 1143 πρᾶξιν
914 1074 1266 1143 μετέρχεται.
1307 1073 1441 1144 Πρὶν
1468 1078 1580 1145 γὰρ
1614 1078 1673 1127 ὲν
1714 1076 1933 1146 φανερῷ

351 1164 727 1231 καταστῆναι,
756 1165 831 1227 ὡς
881 1165 1010 1236 περὶ
1059 1166 1258 1218 κοινῶν
1290 1184 1450 1219 τινων
1484 1166 1932 1236 βουλευσόμενος,

350 1256 548 1309 ἐκάλει
578 1257 672 1307 τὸν
705 1256 916 1311 Παῦλον
947 1258 1053 1310 ἀνὰ
1084 1258 1176 1311 τὸν
1207 1258 1514 1322 Ζεύξιππον
1542 1277 1556 1292 ·
1590 1260 1849 1330 δημόσιον
1875 1262 1932 1314 δὲ

349 1349 518 1400 τοῦτο
550 1348 802 1417 λουτρὸν,
852 1352 1153 1422 περιφανές
1181 1368 1240 1405 τε
1276 1353 1370 1404 κα)⁸
1406 1353 1663 1421 μέγιστον
1693 1395 1707 1418 ,
1732 1354 1760 1407 ὃ
1795 1355 1935 1408 Νου-

354 1441 545 1510 μιρων
567 1442 697 1511 ἔσχε
723 1443 914 1511 κλῆσιν
936 1442 1238 1497 εἰσέπειτα.
1259 1443 1360 1496 Τὸν
1383 1443 1459 1511 δὲ,
1491 1445 1629 1515 μετὰ
1651 1447 1817 1516 τιμῆς
1834 1447 1935 1518 τῆς

353 1535 756 1605 προσηκούσης
789 1535 1014 1604 ἥκοντα,
1042 1537 1111 1588 τὰ
1162 1535 1431 1616 βασιλέως
1464 1536 1773 1608 γράμματα
1801 1542 1932 1593 ἕπεο

350 1626 543 1680 διὶκνυ
580 1644 595 1658 ·
631 1628 726 1681 καὶ
757 1629 846 1681 διὰ
878 1628 984 1681 τῶν
1022 1628 1309 1699 βασιλείων
1339 1629 1419 1701 τῷ
1451 1632 1730 1702 εἰρημένῳ
1760 1650 1936 1701 γειτο-

353 1719 600 1773 νούντων
644 1720 887 1792 λουτρῶν
915 1723 1172 1791 κατάγων
1198 1725 1276 1786 εἰς
1310 1722 1606 1789 θάλασσαν,
1635 1726 1936 1791 ὲπεδὶδαζε

354 1813 553 1884 πλοίῳ,
591 1817 682 1866 καὶ
719 1817 799 1876 εἰς
837 1814 1241 1886 Θεσσαλονίκην
1294 1817 1535 1888 κατῆγεν
1568 1833 1582 1850 ⁸
1641 1819 1708 1891 ἣν
1750 1819 1813 1892 δὴ
1846 1822 1937 1874 καὶ

354 1906 600 1974 πατρίδα
628 1906 795 1976 ἔχειν,
823 1909 916 1960 καὶ
940 1908 1066 1969 τοὺς
1088 1908 1389 1979 προγόνους
1414 1910 1627 1964 ἐκεῖθεν
1655 1913 1935 1982 ὁρμᾶσθαι

354 1997 602 2064 ἐλέγετο.
638 1999 745 2052 Καὶ
773 1999 871 2066 τὴν
912 2000 1011 2065 μὲν
1040 1999 1114 2051 ἒω
1146 2001 1462 2055 παντάπασι
1498 2004 1722 2072 φεύγειν
1768 2023 1935 2059 κατε-

353 2088 630 2157 ψηφίζετο
650 2102 665 2119 ο
714 2089 987 2160 Ἰλλυριῶν
1013 2093 1069 2145 δὲ
1105 2092 1198 2145 καὶ
1228 2093 1329 2161 τῆς
1360 2095 1549 2164 πρόσω
1577 2096 1683 2165 γῆς
1713 2097 1936 2150 ἐπιϐαί-

354 2198 474 2232 νειν
526 2184 588 2235 ὲν
638 2183 916 2255 ἐλευθερίᾳ
977 2185 1125 2256 πάσῃ
1186 2187 1485 2257 παρέσχεν.
1553 2189 1795 2243 Ἐκεῖθεν
1836 2191 1937 2245 δ’ὁ

354 2272 606 2343 ἔπαρχος
640 2274 802 2341 ἐξιὼν
831 2277 1047 2347 σύναμα
1069 2278 1146 2348 τῷ
1171 2279 1428 2332 δυσσεϐεῖ
1453 2280 1791 2351 Μακεδονίᾳ),
1814 2281 1939 2352 δρο-

358 2366 546 2433 μαίως
576 2369 658 2431 εἰς
696 2366 794 2437 τὴν
828 2358 1128 2437 ἐκκλησίαν
1162 2370 1501 2441 εἰσήλαυνον.
1546 2373 1620 2425 Τὸ
1648 2373 1703 2426 δὲ
1733 2373 1937 2442 πλῆθος

358 2454 678 2524 σύμμικτον
712 2456 772 2522 ἐξ
801 2460 1059 2513 ἁπάντων
1081 2461 1398 2528 διακοῦσαν,
1431 2465 1581 2534 παρὰ
1612 2465 1712 2533 τὴν
1743 2466 1939 2536 ἐκκληο

356 2548 490 2601 σίαν
517 2551 735 2614 ἑφοίτα,
762 2551 1008 2604 σπεύδων
1048 2554 1280 2618 ἕκαστος
1324 2557 1778 2626 προκαταλαϐεῖν.
1802 2562 1937 2626 ἄφα-

353 2634 443 2685 τοί
492 2651 643 2699 τινες
690 2640 786 2692 καὶ
837 2639 1075 2709 ἀριθμοῦ
1122 2645 1409 2713 κρείττους
1446 2647 1789 2717 συρρέοντες.
1826 2650 1938 2703 Καὶ

356 2732 487 2800 χείρ
514 2730 572 2781 δὲ
607 2735 984 2803 στρατιωτικὴ
1043 2735 1305 2805 ξιφήρης,
1353 2738 1469 2802 δέος
1519 2740 1827 2808 ἐμποιοῦσα
1861 2742 1938 2812 τῷ

357 2823 562 2893 πλήθει
594 2827 920 2892 παρείπετο.
968 2828 1120 2880 Ἐπεὶ
1150 2830 1205 2882 δὲ
1239 2832 1468 2900 ἄγχιστα
1502 2832 1599 2900 τῆς
1632 2835 1937 2904 ἐκκλησίας

354 2919 602 2987 ἐγένετο,
634 2919 867 2989 πάροδος
899 2920 953 2972 δὲ
984 2921 1083 2973 οὐκ
1113 2918 1200 2989 ἦν,
1236 2922 1325 2974 τού
1361 2924 1555 2977 πολλοῦ
1581 2926 1738 2997 ὄχλου
1765 2927 1940 2981 ἁπαν-

353 3012 531 3081 ταχοῦ
569 3011 937 3081 περιθέοντος,
972 3013 1218 3083 ὠθισμὸς
1252 3019 1365 3079 τοῖς
1397 3022 1763 3087 στρατιώταις
1789 3020 1939 3075 ἐτολ-

355 3106 504 3172 μᾶτο
540 3107 640 3156 σὺν
680 3103 789 3175 βίᾳ.
844 3105 935 3175 Μὴ
986 3107 1099 3159 οῐου
1158 3107 1214 3161 δὲ
1273 3109 1429 3173 ὄντος
1485 3113 1799 3173 συνιζὲνειν
1844 3112 1936 3167 τοῦ

2036 634 2307 695 potestate
2335 618 2658 695 dignitatem
2704 631 2818 676 tum
2851 622 3224 686 obtinentem,
3268 621 3511 690 scripsit,
3548 631 3609 676 ut

2033 718 2203 772 Paulo
2235 719 2369 773 urbe
2398 718 2595 789 ejecta,
2649 716 2967 772 Macedonio
3013 714 3312 769 Ecclesium
3348 712 3608 767 traderet.

2036 809 2322 879 Philippus
2347 826 2411 863 ex
2448 808 2811 880 Hermogenis
2839 823 2968 863 casu
2994 806 3210 861 cautior
3239 805 3439 867 factus,
3462 802 3609 873 quod

2035 901 2403 957 multitudinis
2437 901 2680 957 furorem
2722 906 3032 963 metueret,
3070 910 3187 955 arte
3220 898 3454 969 quadam
3498 912 3610 950 rem

2034 999 2118 1047 est
2153 1008 2462 1063 aggressus.
2482 993 2808 1061 Priusquam
2839 993 2985 1047 enim
3019 1007 3081 1046 ea
3114 991 3448 1060 vulgaretur,
3487 1004 3612 1057 pcr-

2038 1086 2163 1140 inde
2189 1085 2343 1155 quasi
2376 1084 2446 1140 de
2483 1080 2720 1155 publicis
2756 1070 3088 1154 quibusdam
3127 1084 3291 1138 rebus
3318 1082 3609 1135 consilium

2036 1177 2349 1234 habiturus.
2375 1177 2601 1231 Paulum
2640 1175 2707 1231 at]
2743 1192 2800 1231 se
2852 1176 2905 1230 in
2938 1176 3279 1245 Zeuxippum
3315 1173 3479 1244 (ψιθιί
3509 1188 3612 1240 ῃιι·

2036 1269 2239 1324 blicum
2272 1278 2327 1323 et
2376 1268 2592 1323 celebre
2642 1266 3151 1337 amplissimumque
3202 1272 3285 1320 est
3326 1265 3612 1323 balneum,

2035 1374 2223 1433 postea
2257 1361 2621 1417 Numerorum
2666 1360 3139 1429 cognominatum)
3177 1358 3415 1419 vocavit,
3453 1355 3615 1423 eique

2036 1454 2250 1508 decenti
2270 1469 2396 1509 cum
2424 1453 2633 1507 honore
2664 1451 3001 1511 advenienti,
3024 1448 3373 1518 imperatoris
3400 1447 3616 1500 litteras

2035 1545 2305 1601 exhibuit.
2355 1546 2434 1600 Ac
2487 1544 2767 1599 hominem
2826 1559 2923 1612 per
2979 1540 3242 1610 palatium
3302 1537 3611 1609 imperiale,

2037 1639 2236 1693 balneo
2259 1637 2406 1707 quod
2437 1636 2678 1693 diximus
2708 1636 2972 1699 vicinum,
3005 1633 3072 1687 ad
3107 1648 3257 1687 mare
3290 1629 3611 1692 deductum,

2037 1730 2360 1799 navigioque
2381 1728 2722 1797 impositum,
2756 1726 3207 1782 Thessalonicam
3240 1721 3388 1776 misit
3416 1735 3613 1789 :quatu

2039 1821 2202 1877 etiam
2250 1818 2481 1891 patriam
2545 1819 2767 1878 habere.
2810 1828 2865 1873 et
2899 1832 2928 1871 a
2964 1814 3263 1887 majoribus
3322 1812 3437 1867 suis
3490 1810 3615 1863 inde

2040 1912 2309 1967 oriundus
2356 1926 2478 1966 esse
2537 1909 2848 1965 dicebatur.
2884 1908 3187 1977 Eidemque
3214 1904 3439 1959 Oriente
3501 1910 3617 1955 toto

2037 2003 2391 2065 interdicens,
2449 2003 2503 2058 in
2534 2001 2745 2073 Illyrico
2794 2010 2851 2082 et
2907 1997 3265 2054 ulterioribus
3322 1995 3487 2052 terris
3531 1996 3614 2049 vi-

2037 2096 2201 2151 vendi
2234 2096 2463 2151 liberam
2504 2093 2754 2164 permisit
2806 2101 3158 2163 potestatem.
3207 2089 3507 2145 Praefectus
3552 2105 3618 2143 ex

2038 2206 2105 2244 eo
2137 2190 2278 2253 loco,
2306 2204 2411 2244 una
2438 2204 2562 2244 cum
2596 2175 2767 2257 impio
2796 2184 3155 2250 Macedonio,
3189 2182 3415 2237 incitato
3447 2197 3615 2237 cursu

2039 2281 2093 2335 in
2120 2280 2408 2337 ecclesiam
2464 2278 2545 2333 ire
2577 2276 2863 2332 contendit
2892 2291 2908 2328 :
2939 2285 2996 2329 et
3025 2272 3324 2329 multitudo
3353 2288 3419 2328 ex
3465 2273 3617 2327 omni

2040 2374 2323 2429 hominum
2358 2371 2552 2427 ordine
2590 2370 2771 2434 mista,
2804 2383 2866 2424 ea
2902 2383 2960 2423 re
2999 2367 3209 2431 audita,
3245 2382 3345 2436 pro
3369 2381 3429 2421 se
3460 2367 3618 2436 quis-

2039 2481 2146 2537 que
2171 2466 2349 2520 locum
2378 2475 2703 2533 antecapere
2734 2459 3022 2522 festinans.
3060 2459 3126 2514 ad
3164 2474 3283 2513 eam
3316 2459 3614 2514 ecclesiam

2038 2560 2299 2615 cucurrit.
2359 2555 2636 2612 ιιιιιιιιιιενί
2691 2568 2937 2625 prorsus,
2986 2551 3080 2623 qui
3127 2567 3194 2607 eo
3243 2552 3615 2613 conﬂuebant,

2038 2657 2214 2701 erant.
2279 2646 2346 2699 Et
2417 2644 2671 2698 militaris
2722 2658 2917 2697 manus
2951 2640 3283 2696 armata'ad
3344 2650 3613 2696 terrorem

2041 2738 2214 2808 plebis
2266 2737 2724 2806 consequebatur.
2757 2739 2935 2805 Atque
2992 2748 3054 2788 ea
3099 2733 3189 2788 ubi
3244 2734 3492 2804 proxime
3548 2736 3614 2788 ad

2040 2831 2324 2886 ecclesiam
2362 2828 2532 2892 venit,
2566 2842 2667 2881 nec
2701 2826 2748 2880 ei
2800 2841 3058 2880 accessus
3090 2835 3317 2894 propter
3369 2825 3618 2894 undique

2041 2934 2462 2979 concurrentem
2507 2922 2719 2972 turbam
2746 2927 2958 2988 pateret
2991 2959 3004 2981 ,
3041 2916 3245 2973 milites
3276 2920 3323 2971 vi
3360 2918 3614 2971 homines

2044 3014 2269 3083 rejicere
2317 3029 2413 3083 per
2464 3009 2745 3065 audaciam
2796 3016 3107 3078 coeperunt.
3146 3008 3282 3066 Cum
3343 3023 3475 3061 vero
3538 3008 3618 3063 illi

2042 3117 2263 3176 propter
2314 3102 2719 3158 multitudinem
2774 3100 2975 3170 Oppido
3024 3100 3075 3153 in
3114 3109 3407 3167 angustum
3461 3098 3622 3153 reda-

353 3196 610 3265 πλήθους
648 3195 726 3265 τῷ
763 3198 842 3259 εἰς
877 3195 1131 3251 πλεῖστον
1163 3202 1641 3270 στενοχωρεῖσθαι,
1678 3203 1937 3270 νομίσαν-

2044 3198 2433 3261 ctatn,cedere
2468 3204 2526 3249 et
2554 3194 2841 3249 considere
2896 3208 3003 3247 non
3048 3201 3296 3261 possent,
3357 3189 3617 3244 resistere

353 3307 448 3351 τες
481 3291 532 3341 οἱ
564 3289 899 3358 στρατιῶται
950 3291 1012 3343 τὸ
1062 3291 1267 3362 πλῆθος
1316 3293 1696 3362 ἀνθίστασθαι,
1725 3299 1819 3351 καὶ
1862 3298 1939 3367 μὴ

352 3382 655 3451 βούλεσθαι
678 3384 859 3435 ἑκοντὶ
881 3382 1079 3437 διδόναι
1102 3383 1199 3455 τὴν
1227 3385 1417 3447 δίοδον,
1442 3389 1670 3455 γυμνοῖς
1699 3387 1939 3458 ἐχρῶντο

346 3479 471 3537 τοῖς
508 3476 725 3542 ξίςςεσι,
774 3476 870 3527 καὶ
922 3478 998 3539 ὡς
1056 3477 1416 3541 ἀντεπῐόντας
1465 3477 1775 3547 ἠμύνοντο·
1844 3482 1939 3534 καὶ

349 3566 597 3629 πολλοὺς
632 3567 858 3647 τούτους
889 3569 963 3631 ὡς
997 3569 1142 3631 είκδς
1168 3569 1549 3638 διεχρήσαντο.
1577 3571 1692 3624 Οὐκ
1721 3572 1939 3640 ὀλίγους

356 3662 555 3730 μέντοι
591 3661 688 3714 καὶ
717 3658 810 3712 ὑπ’
840 3659 1086 3728 ἀλλήλων
1113 3663 1602 3730 συμπατουμὲνους
1641 3662 1795 3731 λόγος
1822 3665 1939 3717 δια-

354 3751 688 3821 φθαρῆναι·
739 3751 816 3813 ὠς
869 3747 1010 3804 εἶναι
1067 3753 1128 3804 τὸ
1179 3751 1383 3820 πλῆθος
1439 3751 1545 3805 τῶν
1580 3755 1940 3824 ἀνῃρημένων

359 3844 512 3914 ὑπὲρ
549 3842 883 3913 τρισχιλίους
918 3844 1113 3896 ὲκατῖν
1166 3846 1259 3895 καὶ
1290 3846 1655 3914 πεντήκοντα.
1690 3845 1940 3898 Μακεδὸ-

354 3955 475 4000 νεος
512 3935 568 3988 δὲ
614 3936 691 3997 ὡς
738 3936 948 3999 οὐδενὸς
998 3936 1193 4005 καιροῦ
1225 3936 1534 4005 γεγονότος,
1560 3936 1751 4009 ὥσπερ
1780 3956 1865 4001 τις
1896 3938 1940 3992 δ’

352 4027 540 4091 anno;
571 4028 669 4080 καὶ
705 4025 942 4096 καθαρὸς
975 4028 1042 4079 τὰ
1074 4026 1426 4096 ἐπιϐατήρια,
1457 4026 1532 4090 ὡς
1561 4030 1624 4081 ἐκ
1655 4031 1939 4097 μαγγάνου

353 4122 529 4183 τινος,
564 4120 597 4191 ἦ
641 4118 760 4179 θεὸς
797 4119 856 4171 τὸ
888 4118 1189 4187 λεγόμενον
1222 4119 1330 4172 ἀπὸ
1365 4120 1641 4188 μηχανῆς.
1680 4121 1942 4191 ἰεράρχης

357 4215 686 4279 ἁναερανεὶς,
721 4211 826 4263 ὑπὸ
858 4209 953 4263 τοῦ
989 4210 1233 4276 ἐπάρχου
1267 4210 1472 4279 μᾶλλον
1506 4210 1537 4279 ἦ
1575 4213 1718 4264 κατὰ
1750 4214 1817 4265 τὰ
1840 4216 1941 4282 τῆς

371 4303 702 4375 Ἐκκλησίας
784 4303 949 4373 ἔθιμα
996 4301 1413 4374 ὲνθρονίξεταιο
1465 4304 1558 4356 καὶ
1604 4305 1794 4358 τοῦτον
1852 4306 1940 4360 τὸν

355 4400 587 4469 τρόπον.
626 4397 720 4449 καὶ
770 4397 856 4449 διὰ
904 4396 1175 4449 τοσούτων
1229 4399 1427 4466 φένων,
1457 4397 1484 4449 ὃ
1516 4415 1573 4448 τε
1607 4398 1941 4461 Μακεδὸνιος

358 4494 456 4545 καὶ
496 4491 552 4543 Ἀ
566 4490 776 4558 ρειανοὶ
806 4489 902 4558 τὴν
933 4489 1232 4559 ἐκκλησίαν
1254 4490 1542 4559 κατέσχον.
1570 4490 1727 4543 Οὕτω
1756 4492 1810 4543 δὲ
1846 4494 1939 4545 κοιλ⁸

356 4585 385 4636 ὁ
423 4583 641 4644 Παῦλος
666 4581 766 4650 τὴν
796 4580 983 4634 ἄδικον
1016 4580 1233 4650 ὲξορίαν
1258 4582 1572 4649 ὑφίσταται.
1614 4582 1935 4644 ’ΛΟανάσιος
1970 4568 2014 4624 ι)

356 4676 413 4728 δὲ
459 4677 560 4733 τὰς
596 4673 829 4734 ἀπειλὰς
876 4672 1267 4725 Κωνσταντίου
1302 4673 1511 4737 δείσας.
1547 4675 1693 4744 φυγῇ
1730 4674 1943 4745 χρησά-

359 4783 527 4835 μενος
558 4764 776 4832 ἀφανὴς
810 4758 899 4833 ἦν,
968 4763 1213 4816 Ἠπείλει
1246 4763 1355 4834 γὰρ
1411 4763 1562 4836 αὐτῷ
1619 4763 1811 4834 κύψειν
1842 4765 1941 4836 τὴν

358 4858 631 4929 κεφαλὴν,
662 4857 771 4909 τῶν
802 4853 1113 4908 ἐπιϐούλων
1142 4856 1215 4918 ὡς
1250 4855 1523 4923 στασιώδη
1558 4856 1901 4926 αἰτιωμένων
1924 4872 1938 4886 ⁸

358 4952 452 5005 καὶ
470 4949 543 5012 ὡς
568 4950 635 5019 τῇ
654 4946 822 5001 αὐτοῦ
847 4946 927 5010 εἰς
948 4946 1048 5016 τὴν
1071 4944 1372 5016 ἐκκλησίαν
1391 4947 1454 4998 ἐκ
1486 4943 1707 5016 Ῥώμης
1729 4945 1941 5017 εἰσόδῳ,

355 5042 500 5096 πολὺ
559 5038 923 5109 συμπατηθὲν
975 5037 1259 5108 ἐτεθνήκει
1313 5036 1539 5107 πλῆθος.
1594 5037 1851 5091 Μάλιστα
1897 5036 1943 5091 δ’

355 5134 660 5206 ἀνηρέθισε
694 5132 884 5185 τοῦτον
910 5130 1249 5200 συκοφαντία
1276 5132 1342 5201 ἣν
1363 5132 1411 5182 οἰ
1438 5129 1495 5195 ἐξ
1531 5130 1749 5201 ’Δρείου
1777 5129 1943 5199 ἐγρά-

353 5228 538 5298 ψαντο
559 5242 572 5255 ’
623 5225 699 5287 ὡς
738 5226 824 5294 εἴη
856 5223 916 5277 τὸ
949 5224 1059 5276 τῶν
1094 5224 1329 5292 πτωχῶν
1365 5222 1698 5291 σιτηρέσιον,
1726 5220 1755 5273 ὃ
1785 5222 1942 5274 Κων-

356 5323 646 5382 σταντῖνος
672 5322 699 5372 ὁ
736 5318 916 5388 πατὴρ
947 5317 1043 5371 τοῦ
1075 5311 1410 5386 κρατοῦντο’ς
1442 5317 1556 5376 τοῖς
1586 5318 1642 5367 ὲν
1685 5313 1941 5379 ’Δλέξαν-

355 5414 521 5485 δρείᾳ
574 5414 813 5481 πτωχοῖς
864 5414 944 5475 εἰς
1001 5411 1302 5481 διατροφὴν
1357 5407 1616 5461 ἐθέσπισε
1669 5408 1937 5470 δίδοσθαι,

355 5507 585 5571 πωλῶν,
639 5508 734 5558 καὶ
787 5501 1288 5574 ἑξαργυριζόμενος
1349 5502 1693 5564 Ἀθανάσιος.
1729 5499 1940 5554 Εἱδέναι

355 5598 553 5669 μέντοι
588 5595 787 5668 χρεὼν,
837 5596 912 5658 ὼς
962 5594 1085 5649 καθ’
1138 5594 1199 5647 δν
1248 5595 1441 5664 καιρὸν
1478 5593 1577 5664 τὴν
1635 5594 1940 5663 ἱερωσύνην

356 5690 633 5760 κατέσχεν
665 5691 694 5743 ὁ
742 5689 1099 5753 Μακεδόνιος,
1135 5686 1523 5751 Κωνστάντιος
1556 5689 1654 5758 τὴν
1691 5684 1939 5757 μεγάλην

445 5865 520 5931 (ι)
558 5863 940 5920 invcsliluram
977 5881 1125 5920 nunc
1150 5875 1365 5920 vocant.

2043 3307 2158 3356 eos,
2204 3290 2436 3353 milites,
2493 3301 2671 3357 neque
2722 3294 2917 3356 sponte
2965 3283 3257 3339 transitum
3293 3282 3425 3338 dare
3476 3282 3617 3337 velle

2044 3383 2275 3455 Opinati,
2320 3379 2531 3436 strictis
2567 3378 2647 3433 usi
2691 3376 2921 3447 gladiis,
2950 3375 3119 3430 veluti
3157 3374 3494 3429 reluctantes
3524 3387 3617 3427 ce-

2043 3476 2247 3537 cidere,
2280 3474 2588 3543 multpsque
2621 3471 2703 3542 (ut
2742 3468 2858 3523 ileri
2883 3466 3043 3538 solet)
3072 3467 3192 3521 neci
3234 3465 3460 3520 dedere.
3496 3465 3617 3553 Nop

2008 3578 2013 3589 '
2044 3568 2202 3639 pauci
2239 3565 2405 3621 etiam
2442 3564 2587 3618 inter
2610 3577 2669 3617 se
2702 3559 3009 3616 conculcati
3041 3566 3204 3629 atque
3237 3557 3412 3611 attriti
3446 3558 3619 3610 inter-

2045 3662 2172 3717 iisse
2202 3660 2481 3724 dicuntur,
2524 3657 2599 3711 ita
2640 3663 2699 3710 ut
2734 3655 3041 3710 occisorum
3083 3653 3242 3707 turba
3292 3653 3459 3705 trium
3492 3651 3615 3704 mil-

2042 3753 2176 3807 lium
2202 3761 2423 3806 centum
2444 3758 2499 3805 et
2527 3745 2923 3818 quinquaginta
2940 3759 3229 3799 numerum
3250 3747 3614 3813 superaverit.

2042 3845 2211 3917 688
2239 3842 2408 3897 Porro
2440 3838 2788 3897 Macedonius
2810 3879 2825 3904 ,
2859 3836 3087 3908 perinde
3117 3847 3281 3905 atque
3311 3836 3435 3888 novi
3474 3836 3616 3890 nihil

2044 3936 2247 3992 iactant
2272 3944 2441 4001 esset,
2490 3942 2745 4003 tanquam
2782 3929 3045 3983 innocens
3074 3937 3130 3983 et
3176 3943 3365 3996 purus,
3392 3927 3444 3979 in
3498 3927 3618 3995 epi-

2043 4030 2382 4086 bateriorum
2434 4026 2510 4099 (l)
2556 4021 2931 4090 introitusque
2980 4018 3358 4074 arcanioribus
3419 4017 3614 4082 sacris,

2043 4123 2198 4195 quasi
2248 4136 2315 4176 ex
2363 4120 2543 4190 aliqua
2598 4115 2997 4185 praestigiarum
3049 4129 3212 4170 scena
3245 4112 3466 4183 aliquis,
3522 4123 3617 4166 aut

2045 4219 2178 4273 deus
2227 4211 2396 4287 (quod
2460 4210 2683 4280 dicitur)
2736 4224 2801 4264 ex
2852 4205 3127 4273 machina,
3190 4205 3259 4261 de
3316 4204 3617 4275 improviso

2042 4306 2336 4363 ltierarcha
2386 4316 2677 4374 apparens,
2730 4317 2761 4356 a
2794 4299 3049 4371 praefecto
3100 4298 3308 4368 magis,
3355 4313 3518 4374 quam
3548 4310 3619 4350 ex

2046 4398 2302 4455 Ecclesiae
2335 4392 2756 4459 consuetudine,
2793 4390 2866 4447 ab
2893 4390 3278 4461 episcoporum
3310 4368 3507 4443 ordine
3562 4388 3616 4441 in
3638 4446 3659 4469 ,

2048 4492 2303 4544 thronum
2329 4494 2413 4540 est
2440 4484 2729 4539 deductus.
2754 4481 2833 4536 Ad
2864 4482 3011 4535 hunc
3037 4480 3279 4543 modum,
3314 4490 3370 4533 ct
3401 4495 3498 4548 per
3523 4479 3621 4531 has

2043 4580 2221 4637 caedes
2243 4578 2595 4633 Macedonius
2616 4587 2675 4631 et
2708 4575 2891 4629 Ariani
2919 4573 3222 4628 Ecclesiam
3254 4585 3614 4640 occupavere.

2046 4672 2125 4728 Ita
2150 4671 2313 4726 etiam
2346 4668 2547 4724 Paulus
2576 4667 2751 4721 solum
2782 4662 2955 4733 iniqui
2983 4662 3161 4717 exsilii
3193 4660 3367 4732 gratia
3400 4667 3619 4714 vertere

2044 4771 2125 4818 est
2176 4769 2418 4814 coactus.
2466 4755 2799 4811 Athanasius
2853 4761 3034 4807 autem
3066 4750 3373 4807 Constantii
3438 4750 3620 4806 minas

2044 4854 2275 4918 veritus,
2308 4851 2429 4921 iuga
2459 4849 2561 4905 sibi
2589 4847 2879 4903 consulens
2911 4844 3203 4915 disparuit.
3233 4843 3368 4900 Nam
3399 4844 3492 4899 ille
3532 4859 3621 4898 ca-

2045 4946 2159 5019 pite
2215 4944 2270 4997 in
2321 4956 2449 4998 eum
2501 4954 2560 4995 se
2616 4937 3133 4993 animadversurum
3169 4935 3616 5001 denuntiaverat,

2043 5038 2191 5110 quod
2216 5037 2618 5094 obtrectatores
2647 5034 2766 5105 ejus
2812 5041 2868 5088 et
2904 5030 3257 5087 insidiatores
3282 5045 3411 5085 eum
3443 5039 3503 5083 ut
3531 5043 3619 5083 se-

2044 5133 2304 5188 ditiosum
2358 5129 2693 5193 detulerant,
2741 5124 2919 5181 reditu
2953 5123 3074 5193 ejus
3102 5137 3169 5177 ex
3196 5121 3332 5177 urbe
3370 5122 3615 5176 Romana

2044 5226 2098 5281 in
2127 5224 2439 5288 ecclesiam,
2474 5217 2883 5275 multitudinem
2915 5216 3194 5287 ingentem
3237 5213 3612 5268 conculcataut

2042 5315 2318 5370 interiisse
2344 5312 2661 5382 allegantes.
2698 5307 2932 5364 Maxime
2981 5305 3112 5360 vero
3141 5300 3525 5359 Constantium
3557 5299 3610 5352 iu

2041 5423 2167 5464 eum
2204 5407 2527 5461 incitaverat
2570 5401 2844 5458 calumnia
2877 5400 2944 5454 ab
2971 5398 3185 5452 Arianis
3214 5395 3263 5448 ei
3320 5393 3611 5454 intentata,

2040 5500 2209 5553 veluti
2233 5510 2505 5552 annonam
2542 5506 2866 5565 pauperum,
2889 5504 3051 5560 quam
3082 5482 3429 5555 imperatoris
3456 5493 3612 5555 pater

2040 5589 2434 5648 Constantinus
2491 5584 2852 5647 Alexandri-1:,
2893 5582 2944 5634 iu
2992 5593 3292 5650 egenorum
3352 5577 3609 5632 alimenta

2041 5677 2481 5738 distribuendam
2533 5680 2807 5738 sanxerat,
2867 5669 3198 5726 Athanasius
3246 5667 3607 5732 vendidisset,
