3988 6190
424 382 529 446 251
1660 373 2073 438 NICEPHORl
2133 372 2475 435 CALLISTI

434 494 750 563 formulam,
793 512 889 554 seu
934 498 1357 569 expo~itionem,
1402 490 1551 565 quod
1602 493 1815 549 scilicet
1845 492 2007 547 verba

2117 482 2403 551 ὠνόμασαν
2436 483 2675 549 ἔκθεσιν,
2734 486 2829 541 ἆτε
2864 488 2954 559 ’δὴ
3004 491 3222 555 πολλοῖς
3252 493 3466 563 ῥήμασί
3506 511 3565 546 τε
3601 497 3697 547 καὶ

433 595 491 642 et
520 591 826 645 sententias
860 591 1044 658 plures
1076 589 1557 658 complecteretur.
1608 585 1812 640 Verum
1849 599 1917 639 ne
1950 585 2003 638 in

2117 580 2342 644 νοήμασι
2393 580 2783 649 συγκειμένην.
2858 581 3002 635 Ἀλλ’
3055 583 3149 636 οῦδ
3198 586 3255 635 ἐν
3300 585 3476 655 ταύτῃ
3504 586 3695 648 οὐσίας

432 694 501 732 eo
528 678 749 747 quidem
789 679 1115 734 substantiae
1145 680 1239 735 Dei
1290 678 1618 734 nominatim
1670 676 2003 732 mentionem

2117 667 2244 720 Θεοῦ
2296 666 2421 721 κατ’
2471 667 2643 739 ὄνομα
2682 670 2875 738 μνείαν
2910 668 3262 741 πεποίηνται.
3316 673 3460 736 Τούς
3491 693 3555 742 γε
3585 677 3697 744 μὴν

3587 379 3696 446 2*ιῖ

438 770 637 825 fecere.
662 769 769 825 Eos
824 784 957 824 vero
994 771 1088 840 qui
1110 770 1307 826 Filium
1343 786 1406 825 ex
1424 785 1537 825 non
1579 768 2003 834 exsistcntibus,

434 867 529 913 aut
588 875 656 914 ex
697 860 803 914 alia
856 862 1211 918 subsistentia
1263 876 1428 933 quam
1469 876 1532 915 ex
1587 859 1697 916 Deo
1747 876 1899 922 esse,
1949 869 2007 914 et

428 951 603 1006 fuisse
657 952 990 1022 quandoque
1029 963 1245 1025 tempus
1274 961 1370 1008 aut
1422 951 1710 1015 smculum,
1761 967 1886 1007 cum
1914 952 2007 1006 ille

428 1056 541 1096 non
599 1043 787 1110 fuerit,
838 1044 1115 1111 dicerent,
1179 1045 1576 1115 proscripsere.
1635 1044 1913 1113 Scriptum
1951 1044 2003 1097 id

435 1133 669 1201 pertulit
699 1134 984 1191 Eudoxius
1040 1136 1400 1192 Germaniciae
1435 1137 1686 1199 antistes,
1715 1137 1807 1206 qui
1842 1136 2004 1191 etiam

427 1232 558 1291 post
584 1222 963 1280 Macedonium
996 1226 1618 1296 Constantinopolitanae
1664 1226 1881 1296 praefuit
1910 1227 2010 1281 Ec-

424 1313 615 1367 clesia:
650 1331 667 1367 :
716 1323 773 1369 et
813 1316 1126 1387 Martyrius.
1169 1326 1224 1372 et
1266 1318 1615 1373 Macedonius
1664 1317 2007 1387 Mopsuestia:

435 1404 647 1459 Cilicia:
700 1405 1013 1475 episcopus.
1070 1405 1452 1462 Occidentales
1475 1408 1716 1477 episcopi
1738 1410 2002 1477 scriptum

438 1507 547 1546 non
574 1502 906 1562 receperunt
950 1514 963 1549 :
1002 1495 1250 1550 suﬁicere
1298 1497 1400 1551 sibi
1426 1497 1700 1552 Nicmnam
1730 1498 1853 1553 ﬁdei
1877 1515 2005 1569 pro-

434 1584 754 1649 fessionem,
823 1601 1001 1655 neque
1053 1602 1113 1642 se
1173 1588 1406 1642 ulterius
1450 1590 1607 1644 anxie
1639 1591 1801 1647 nimis
1826 1602 1880 1645 et
1910 1575 2019 1646 cu-i

434 1675 585 1731 riose
633 1674 913 1745 inquirere
965 1675 1034 1731 de
1072 1692 1135 1731 ea
1176 1678 1334 1740 velle,
1371 1677 1651 1734 dicentes:
1679 1690 1844 1749 atque
1875 1681 2006 1735 illud

433 1768 598 1821 etiam
623 1777 1012 1837 praetexentes,
1034 1769 1211 1824 aliena
1240 1769 1425 1840 lingua
1470 1770 1711 1825 libellum
1737 1772 2003 1841 scriptum

435 1875 582 1926 esse,
637 1870 694 1915 et
750 1875 810 1915 se
854 1861 1148 1916 verborum
1180 1861 1509 1917 sententiam
1535 1878 1641 1916 non
1674 1864 1999 1931 intelligere.

435 1951 674 2024 Longior
708 1963 891 2008 autem
931 1953 1021 2007 illa
1083 1954 1352 2023 expositio
1404 1954 1469 2008 ad
1508 1955 1735 2010 verbum
1778 1956 1893 2010 haec
1917 1966 2002 2012 est

436 2045 721 2116 complexa
778 2061 794 2098 :
861 2064 878 2096 ι
923 2043 1212 2100 Credimus
1265 2044 1319 2100 in
1370 2061 1539 2099 unum
1568 2047 1759 2112 Deum,
1788 2047 2002 2102 Patrem

434 2136 895 2207 omnipotentem,
912 2145 1216 2191 creatorem
1231 2146 1286 2192 et
1301 2137 1560 2194 factorem
1581 2138 1960 2195 universorum
1989 2157 2003 2195 :

435 2245 502 2285 ex
552 2243 663 2299 quo
712 2228 893 2283 oinnis
950 2229 1246 2299 paternitas
1300 2230 1353 2283 in
1389 2230 1542 2286 ccelis
1572 2237 1627 2287 et
1656 2230 1707 2284 in
1734 2239 1878 2285 terra
1910 2247 2010 2285 no-

436 2320 697 2375 minatur.
727 2320 791 2374 Et
817 2321 872 2374 in
908 2320 1251 2391 unigenitum
1285 2320 1484 2376 Filium
1509 2324 1628 2393 ejus
1646 2324 1827 2379 Jesum
1845 2322 2007 2378 Chri-

438 2421 608 2474 stum,
639 2411 929 2466 Dominum
985 2419 1261 2477 nostrum,
1296 2420 1422 2466 ante
1452 2413 1635 2467 omnia
1669 2414 1912 2484 genitum
1939 2429 2005 2468 ex

439 2504 627 2570 Patre,
666 2504 837 2559 Deum
865 2504 932 2559 de
964 2504 1097 2568 Deo,
1124 2504 1310 2559 lumen
1361 2505 1429 2560 de
1468 2505 1696 2571 lumine,
1731 2522 1827 2575 per
1845 2522 2006 2576 quem

439 2595 583 2649 facta
632 2603 760 2650 sunt
810 2595 997 2650 omnia
1029 2595 1085 2649 in
1111 2596 1265 2652 caelis
1289 2607 1347 2651 et
1389 2598 1441 2650 in
1479 2605 1644 2662 terra,
1678 2598 1919 2653 visibilia
1954 2606 2009 2653 et

437 2682 738 2738 inuisibilia
801 2700 815 2736 :
864 2684 1103 2739 Verbum
1145 2683 1524 2749 exsistentem,
1573 2695 1628 2739 et
1657 2687 2007 2755 sapientiam,

435 2788 494 2830 et
525 2776 807 2839 virtutem,
838 2784 894 2831 et
928 2777 1121 2841 vitam,
1143 2786 1199 2831 et
1249 2777 1437 2832 lumen
1460 2792 1671 2833 verum.
1699 2778 1801 2845 Qui
1829 2786 2010 2833 extre-

436 2866 543 2921 mis
568 2864 765 2922 diebus
800 2880 1024 2937 propter
1056 2883 1155 2922 nos
1188 2870 1350 2923 homo
1392 2869 1587 2931 factus,
1611 2878 1666 2925 et
1691 2887 1757 2926 ex
1789 2871 2009 2942 Virgine

438 2966 629 3014 sancta
674 2967 858 3024 natus,
915 2958 1210 3015 cruciﬁxus
1270 2971 1324 3015 ct
1377 2968 1627 3016 mortuus
1657 2970 1713 3016 et
1740 2963 2008 3031 sepultus,

437 3050 599 3104 tertia
623 3050 714 3106 die
739 3050 1040 3105 resurrexit
1071 3069 1084 3104 :
1114 3060 1169 3105 et
1219 3060 1479 3120 receptus
1527 3052 1581 3106 in
1633 3052 1822 3117 caelos,
1857 3054 2012 3109 sedet

2106 759 2389 826 λέγοντας,
2447 758 2507 824 ἐξ
2560 762 2759 830 ἑτέρας
2812 763 3194 832 ὑποστάσεως,
3239 765 3363 836 ῆὲξ
3390 768 3494 820 οὐκ
3518 768 3696 821 ὄντων

2105 852 2196 903 τὸν
2235 852 2383 911 Υίδν.
2441 853 2534 904 καὶ
2566 853 2666 904 οὐκ
2700 854 2765 905 ὲκ
2818 853 2979 920 Θεοῦ,
3014 857 3096 908 ὄτι
3150 853 3219 927 ἦν
3254 859 3388 910 ποτὲ
3432 859 3623 928 χρόνος
3657 862 3693 930 ἢ

2107 944 2241 996 αἰὼν
2270 944 2356 996 ὅτε
2384 944 2485 997 οὐκ
2507 940 2597 1012 ἦν,
2622 945 3039 1015 ἀπεκήρυττον.
3091 948 3386 1014 Διεκόμιξε
3424 950 3525 1020 τὴν
3546 968 3694 1021 γρα-

2108 1033 2215 1102 φὴν
2246 1031 2497 1097 Εὖδόξιος
2525 1034 2554 1087 ὁ
2581 1035 2956 1106 Γερμανικίας
2987 1035 3314 1103 ἐπίσκοπος,
3340 1039 3401 1103 ὃς
3422 1043 3520 1095 καὶ
3545 1043 3696 1111 μετά

2106 1126 2445 1179 Μακεδόνων
2472 1125 2576 1193 τῆς
2611 1125 3024 1181 Κωνσταντίνου
3051 1130 3296 1199 προέστη
3319 1148 3333 1161 ·
3366 1133 3696 1203 Μαρτύριός

2105 1234 2165 1270 τε
2197 1219 2292 1271 καὶ
2322 1218 2657 1281 Μακεδόνιος
2699 1217 3086 1288 Μοψουεστίας
3118 1223 3216 1289 τῆς
3248 1224 3305 1273 ὲν
3329 1223 3560 1294 Κιλικίᾳ
3588 1227 3695 1295 τὴν

2107 1308 2414 1379 ἐπισκοπὴν
2439 1310 2597 1379 ἔχων.
2619 1311 2682 1362 Ol
2710 1309 2758 1363 δ’
2786 1311 3035 1381 ἑσπέριοι
3056 1314 3221 1382 ἱερεῖς
3243 1314 3303 1365 οῦ
3331 1317 3695 1385 προσήκαντο

2106 1397 2206 1467 τὴν
2240 1401 2477 1468 γραφήν.
2510 1398 2872 1468 ’Δποχρῶσαν
2894 1399 3001 1468 γὰρ
3042 1400 3227 1464 αὐτοῖς
3267 1400 3367 1471 τὴν
3401 1404 3457 1455 ἐν
3478 1404 3695 1476 Νικαίᾳ

2109 1488 2345 1557 ἔφασκον
2370 1487 2512 1541 εἶναι
2540 1490 2750 1555 πίστιν,
2778 1494 2875 1542 καὶ
2905 1491 3220 1560 περαιτέρω
3249 1494 3323 1561 μὴ
3359 1494 3689 1566 πολυπραγ-

2110 1578 2293 1645 μονεῖν
2352 1575 2557 1629 ἐθέλειν
2622 1575 2793 1647 ῷοντο
2822 1577 2933 1629 δεῖν
2954 1592 2970 1605 ·
3029 1578 3087 1629 ὲν
3117 1579 3363 1648 σχήματι
3396 1580 3452 1632 δὲ
3478 1586 3573 1633 καὶ
3628 1584 3694 1635 τὸ

2108 1666 2483 1734 ἀλλόγλωσσον
2513 1669 2607 1719 καὶ
2643 1667 2704 1718 τὸ
2735 1666 2811 1737 μὴ
2848 1668 3093 1720 συνιέναι
3124 1668 3191 1720 τὰ
3223 1670 3494 1739 εἰρημένα
3518 1673 3694 1741 προύο

2111 1759 2391 1814 ϐάλλοντο.
2438 1759 2503 1811 Ἦ
2554 1758 2611 1812 δὲ
2645 1758 2737 1813 διὰ
2794 1760 3023 1828 μακρῶν
3060 1758 3275 1821 έκθεσις
3300 1760 3473 1812 ταῦτα
3506 1765 3694 1831 ῥήμα-

2116 1868 2198 1903 σιν
2226 1851 2407 1912 αὐτοῖς
2442 1849 2804 1916 διελάμϐανε·
2849 1868 2869 1899 ι
2910 1850 3253 1918 Πιστεῦομεν
3285 1852 3366 1912 εἰς
3401 1851 3499 1904 ἕνα
3528 1853 3695 1919 Θεὸν,

2114 1944 2331 2013 Πατέρα
2385 1943 2825 2012 παντονκράτορα,
2881 1945 3108 2012 κτίστην
3171 1944 3267 1995 καὶ
3296 1946 3532 2015 ποιητὴν
3576 1945 3696 1998 τῶν

2114 2037 2331 2087 πάντων
2348 2048 2359 2065 ·
2391 2036 2449 2100 ἐξ
2477 2026 2538 2086 οῦ
2565 2035 2717 2086 πᾶσα
2742 2033 2951 2103 πατριὰ
2971 2035 3029 2084 ἐν
3052 2034 3310 2102 οὐρανοῖς
3332 2034 3427 2085 καὶ
3459 2036 3549 2086 ἐπὶ
3577 2035 3695 2105 γῆς

2111 2126 2472 2193 ὀνομάζεταιο
2533 2125 2631 2177 καὶ
2665 2126 2745 2185 είς
2771 2124 2861 2176 τὸν
2901 2124 3174 2193 μονογενῆ
3219 2123 3387 2177 αὐτοῦ
3419 2125 3548 2178 Υίδν
3578 2125 3697 2197 Ἰη-

2114 2214 2240 2267 σοῦν
2267 2215 2502 2282 Χριστὶν
2533 2213 2741 2282 Κύριον
2781 2214 2953 2282 ἡμῶν,
2983 2214 3076 2266 τὸν
3101 2215 3209 2285 πρὸ
3242 2216 3467 2268 πάντων
3492 2232 3701 2284 γεννη-

2113 2305 2281 2358 θέντα
2303 2305 2364 2357 ὲκ
2390 2303 2486 2357 τοῦ
2513 2303 2725 2373 Πατρός
2752 2320 2768 2336 ο
2801 2303 2937 2357 Θεὸν
2960 2306 3023 2357 ὲκ
3053 2304 3213 2371 Θεοῦ,
3248 2306 3366 2374 φῶς
3394 2307 3458 2358 ἐκ
3481 2307 3695 2375 φωτὸς,

2112 2396 2179 2449 δι’
2203 2391 2266 2451 οὗ
2292 2396 2508 2465 ἐγένετο
2533 2398 2602 2451 τὰ
2648 2396 2825 2449 πάντα
2866 2396 2934 2450 τὰ
2969 2400 3028 2449 ἐν
3071 2400 3327 2468 οὐρανοῖς
3358 2400 3454 2451 καὶ
3491 2397 3561 2451 τὰ
3595 2399 3702 2453 ἐπὶ

2113 2489 2212 2558 τῆς
2243 2491 2366 2559 γῆς,
2389 2489 2458 2540 τά
2489 2488 2664 2557 ὁρατά
2703 2487 2799 2539 καὶ
2829 2486 2902 2540 τὰ
2930 2488 3140 2557 ἀόρατα
3163 2503 3179 2520 ο
3217 2488 3389 2554 Λόγον
3432 2487 3561 2540 ὄντα
3589 2487 3703 2541 καὶ

2117 2578 2311 2649 σοφίαν
2345 2578 2437 2631 καὶ
2484 2575 2719 2646 δύναμιν
2773 2579 2870 2629 καὶ
2921 2576 3069 2647 ζωὴν
3104 2576 3200 2629 καὶ
3235 2576 3351 2645 φῶς
3384 2575 3647 2644 ἀληθινόν
3675 2594 3696 2610 ·

2114 2670 2210 2722 τὸν
2243 2669 2332 2722 ἐπ’
2353 2668 2603 2738 ἐσχάτων
2631 2667 2743 2721 τῶν
2771 2669 2994 2740 ἡμερῶν
3025 2667 3096 2722 δι’
3143 2671 3295 2739 ἡμᾶς
3324 2669 3701 2741 ένανθρωπή·

2117 2778 2307 2828 σαντα,
2330 2763 2423 2815 καὶ
2447 2760 2780 2831 γεννηθέντα
2810 2762 2874 2813 ὲκ
2904 2760 3006 2829 τῆς
3057 2760 3221 2827 ἀγίας
3249 2757 3527 2831 Παρθένου
3552 2776 3566 2789 ·
3591 2759 3701 2812 τὸν

2119 2850 2500 2920 σταυρωθέντα
2529 2850 2627 2903 καὶ
2653 2850 3017 2912 ἀποθανόντα,
3039 2849 3137 2902 καὶ
3162 2848 3405 2917 ταφέντα
3433 2849 3527 2901 καὶ
3553 2849 3699 2901 ἀνα-

2122 2942 2319 2995 στάντα
2342 2944 2407 3010 τῇ
2432 2941 2592 3011 τρίτῃ
2610 2941 2793 3010 ἡμέρα
2812 2956 2827 2972 ·
2862 2943 2958 2994 καὶ
2986 2940 3375 3009 ἀναληφθέντα
3406 2943 3488 3002 εἰς
3519 2943 3669 3011 οὐρα
3693 2970 3706 2981 -

2118 3036 2265 3099 νοῦς,
2300 3033 2396 3085 καὶ
2422 3032 2761 3086 καθεσθέντα
2797 3034 2859 3085 ὲκ
2888 3031 3083 3096 δεξιῶν
3113 3032 3211 3085 τοῦ
3242 3033 3456 3103 Πατρός
3481 3049 3495 3064 ο
3530 3033 3703 3104 ἐρχόο

434 3139 505 3193 ad
528 3140 774 3194 dextram
794 3138 991 3203 Patris,
1011 3127 1281 3195 venturus
1296 3142 1349 3196 in
1368 3142 1836 3199 consummatione
1848 3158 2013 3199 saecu-

2123 3145 2287 3197 μενον
2309 3128 2400 3180 ἐπὶ
2425 3127 2711 3199 συντελείᾳ
2733 3128 2844 3180 τῶν
2868 3128 3105 3193 αἰώνων,
3138 3129 3323 3198 κρῖναι
3346 3128 3562 3192 ζῶντας
3593 3131 3702 3184 καὶ

438 3234 621 3289 lorum
665 3233 733 3287 ad
782 3232 1136 3305 judicandum
1198 3243 1428 3291 vtvoset
1459 3244 1729 3299 mortuos,
1773 3246 1828 3291 et
1882 3236 2014 3291 red-

434 3325 680 3381 dendum
746 3328 949 3398 cuique
994 3327 1299 3382 secundum
1340 3343 1503 3396 opera
1535 3330 1676 3400 ejus.
1722 3328 1894 3399 Cujus
1931 3344 2018 3385 re-

436 3435 605 3490 gnum
640 3420 1069 3483 interminatum,
1090 3430 1146 3477 et
1176 3422 1230 3475 in
1262 3418 1467 3476 inﬁnita
1490 3422 1685 3476 saecula
1716 3430 2018 3490 permanet.

445 3512 677 3568 Sedebit
739 3514 883 3567 enim
922 3512 975 3567 in
1028 3512 1219 3567 dextra
1267 3512 1446 3567 Patris
1468 3528 1575 3567 non
1606 3521 1812 3568 tantum
1839 3513 1894 3568 in
1921 3528 2023 3569 sae-

436 3606 569 3659 .culo
619 3606 747 3668 isto,
799 3605 891 3658 sed
955 3613 1009 3658 et
1057 3604 1111 3658 in
1156 3602 1363 3658 futuro.
1403 3602 1693 3659 Credimus
1722 3619 1855 3659 vero
1886 3605 2017 3659 etin

446 3697 712 3766 Spiritum
777 3709 1053 3763 sanctum,
1110 3697 1213 3751 hoc
1256 3706 1361 3760 est,
1401 3698 1452 3750 in
1484 3696 1825 3752 Paraclctum
1855 3711 2017 3765 quem

446 3787 711 3856 apostolis
768 3789 1121 3857 promissum.
1184 3798 1308 3857 post
1365 3787 1923 3843 ascensioncmsuam
1963 3789 2016 3842 in

447 3880 635 3941 (mltis,
667 3879 836 3947 misit,
887 3888 949 3935 ut
968 3880 1194 3935 doceret
1230 3889 1287 3935 et
1318 3888 1637 3949 suggereret
1672 3880 1754 3933 eis
1778 3878 1960 3932 omnia
1998 3894 2013 3932 :

449 3987 547 4039 per
572 3986 735 4040 quem
766 3973 931 4027 ctiam
976 3970 1391 4028 sanctiﬁcantur
1431 3984 1644 4035 eorum,
1671 3970 1763 4039 qui
1806 3970 2020 4024 sincere

450 4065 504 4115 in
533 4063 712 4130 ipsum
738 4063 992 4126 credunt,
1048 4064 1261 4117 anim-.19.
1325 4061 1489 4133 692
1515 4061 1617 4128 Qui
1650 4076 1780 4116 vero
1806 4062 2016 4123 dicunt,

448 4169 515 4207 ex
556 4168 661 4205 non
697 4153 1090 4208 exsistentibus
1117 4168 1237 4208 esse
1294 4153 1512 4211 Filium,
1545 4161 1641 4207 aut
1662 4166 1730 4208 ex
1758 4154 1862 4207 alia
1886 4153 2020 4207 sub-

450 4241 718 4320 sistentia,
751 4250 807 4294 et
838 4257 947 4295 non
972 4257 1037 4295 ex
1076 4242 1187 4295 Deo
1208 4282 1221 4303 .
1260 4250 1316 4296 et
1341 4241 1484 4311 quod
1523 4241 1690 4296 fuerit
1723 4242 2018 4311 aliquando

450 4342 668 4401 tempus
716 4347 838 4386 cum
893 4349 1001 4388 non
1059 4332 1268 4387 fuerit:
1306 4348 1400 4387 eos
1456 4332 1665 4388 alienos
1698 4334 1851 4388 novit
1898 4349 2016 4389 esse

453 4431 646 4477 sancta
701 4423 970 4478 catholica
1031 4424 1297 4480 Ecclesia.
1332 4424 1451 4479 Non
1484 4424 1664 4479 minus
1691 4434 1747 4480 et
1771 4440 1888 4488 eos,
1919 4427 2013 4495 qui

2122 3219 2384 3288 νεκρούς·
2415 3218 2510 3273 καὶ
2544 3219 2842 3273 ἀποδοῦναι
2896 3220 3113 3291 ἑκάστῳ
3145 3220 3290 3273 κατά
3318 3222 3391 3274 τὰ
3419 3220 3558 3290 ἔργα
3585 3222 3702 3276 αῦ-

2121 3310 2244 3363 τοῦ⁶
2279 3309 2340 3363 οῦ
2374 3311 2406 3380 ὴ
2459 3310 2709 3378 βασιλεία
2734 3313 3161 3375 ἀκατάπαυστος
3224 3309 3387 3375 οὖσα,
3433 3313 3702 3382 διαμένει

2119 3404 2202 3463 είς
2230 3402 2495 3471 ἀπείρους
2551 3403 2777 3465 αἰῶνας.
2834 3403 3145 3468 Καθέζεται
3172 3404 3283 3474 γὰρ
3311 3407 3369 3459 έν
3412 3406 3563 3476 δεξιᾷ
3593 3404 3702 3459 τοῦ

2123 3496 2332 3566 Πατρδς
2378 3495 2437 3548 οὗ
2470 3494 2631 3565 μόνον
2670 3497 2727 3548 ἐν
2760 3496 2841 3565 τῷ
2889 3498 3047 3552 αἰῶνι
3079 3499 3280 3568 τούτῳ,
3332 3498 3472 3553 ἀλλὰ
3503 3500 3596 3551 καὶ
3633 3500 3700 3552 ἐν

2119 3587 2197 3657 τῷ
2227 3587 2497 3655 μέλλοντι.
2555 3588 2893 3658 Πιστεύομεν
2938 3589 2995 3643 δὲ
3029 3593 3118 3644 καὶ
3161 3590 3333 3653 εἰς’τδ
3355 3589 3579 3660 Πνεῦμα
3628 3593 3700 3645 τδ

2121 3679 2278 3745 ᾰγιον
2302 3718 2317 3742 ,
2374 3678 2653 3731 τουτέστιν
2678 3680 2760 3741 εἰς
2788 3679 2881 3732 τὸν
2926 3681 3309 3752 Παρακλητον,
3336 3682 3476 3753 ὅπερ
3507 3686 3697 3753 ἑπαγ-

2120 3770 2440 3840 γειλάμενος
2492 3774 2604 3834 τοῐς
2644 3771 2970 3835 ἀποστόλοις
2999 3773 3140 3842 μετά
3175 3774 3273 3844 τὴν
3309 3777 3386 3837 εἰς
3419 3778 3697 3844 οὐρανοὺς

2122 3860 2328 3927 ἄνοδον,
2360 3863 2649 3916 ἀπέστειλε
2700 3863 2912 3929 διδάξαι
2969 3866 3065 3918 καὶ
3114 3865 3431 3935 ὑπομνῆσαι
3486 3869 3698 3933 αὐτοὺς

2122 3953 2328 4005 πάντα⁹
2354 3953 2423 4007 δι’
2466 3948 2526 4008 οὗ
2556 3956 2653 4009 καὶ
2681 3954 3004 4021 ἀγιάζονται
3036 3958 3091 4010 αί
3119 3959 3226 4011 τῶν
3264 3959 3576 4028 εἰλικρινῶς
3609 3963 3693 4024 εἰς

2121 4044 2285 4097 αὐτὸν
2316 4046 2680 4100 πιστευόντων
2709 4048 2901 4118 ψυχαί.
2938 4046 3076 4111 Τοὺς
3102 4050 3158 4103 δὲ
3184 4051 3465 4119 λέγοντας.
3497 4052 3556 4117 ἐξ
3588 4056 3694 4106 οὐκ

2120 4136 2290 4189 ὄντων
2321 4136 2414 4188 τὸν
2439 4136 2586 4201 Υίδν,
2620 4138 2653 4207 ἦ
2684 4139 2741 4203 ἐξ
2772 4139 2968 4209 ἑτέρας
3000 4142 3354 4202 ὑποστάσεως
3384 4145 3480 4196 καὶ
3520 4144 3598 4214 μὴ
3627 4147 3694 4198 ὲκ

2119 4229 2214 4280 τοῦ
2240 4228 2399 4292 Θεοῦ,
2436 4231 2534 4283 καὶ¹
2560 4229 2641 4282 ὃτι
2669 4227 2738 4298 ἦν
2760 4247 2889 4284 ποτε
2937 4234 3129 4301 χρόνος
3162 4235 3249 4286 ὅτε
3303 4235 3378 4303 μὴ
3402 4230 3491 4304 ἦν,
3528 4236 3693 4289 ἁλλο-

2118 4319 2307 4390 τρίους
2336 4315 2541 4390 οῐδενή
2590 4322 2719 4389 ἁγία
2769 4322 3034 4392 καθολικὴ
3098 4323 3432 4390 Ἐκκλησίαο
3483 4327 3694 4395 ὁμοίως

2121 4413 2216 4464 καὶ
2241 4413 2367 4474 τοὺς
2393 4410 2659 4478 λέγοντας
2678 4415 2830 4481 τρεῖς
2857 4410 2999 4466 εἶναι
3018 4414 3185 4478 Θεούς
3209 4430 3222 4445 ·
3267 4417 3300 4484 ἢ
3336 4417 3428 4470 τὸν
3450 4418 3691 4483 Χριστὸν

450 4515 646 4569 dicunt
700 4525 811 4570 tres
868 4531 992 4571 esse
1048 4518 1202 4580 deos,
1264 4526 1358 4570 aut
1410 4516 1687 4571 Christum
1738 4532 1847 4570 non
1897 4532 2013 4583 esse

2126 4506 2201 4575 μὴ
2234 4502 2376 4559 εἶναι
2405 4505 2537 4557 Θεὸν
2562 4507 2667 4575 προ
2687 4505 2794 4559 τῶν
2818 4505 3032 4560 αἰώνων
3052 4521 3066 4537 ·
3100 4509 3240 4578 μήτε
3264 4509 3525 4578 Χριστὸν,
3550 4512 3691 4579 μήτε

452 4607 624 4661 Deum
679 4614 804 4661 ante
861 4606 1058 4661 saecula
1114 4623 1129 4661 :
1169 4621 1350 4677 neque
1387 4605 1691 4670 Christum,
1718 4608 1901 4676 neque
1927 4606 2019 4660 Fi-

453 4699 589 4752 lium
616 4698 710 4753 Dei
743 4698 918 4769 ipsum
950 4714 1070 4752 esse
1101 4716 1114 4764 ;
1146 4707 1242 4752 aut
1270 4697 1525 4752 eumdem
1555 4710 1676 4752 esse
1713 4706 1770 4751 et
1805 4698 2019 4751 Patrem

449 4805 508 4845 et
534 4792 727 4846 Filium
763 4800 817 4845 et
847 4790 1110 4860 Spiritum
1165 4798 1431 4853 sanctum,
1493 4798 1588 4841 aut
1611 4788 1910 4857 ingenitum
1933 4786 2023 4841 Fi-

453 4885 748 4948 lium:aut
808 4882 954 4953 quod
1014 4897 1121 4936 non
1180 4897 1247 4937 ex
1303 4880 1585 4950 proposito
1624 4894 1802 4950 neque
1825 4879 2024 4933 volun-

455 4980 570 5025 tate
636 4971 795 5025 Pater
854 4969 1052 5025 Filium
1118 4969 1371 5040 genuerit
1423 4983 1438 5022 :
1484 4967 1836 5022 anathemate
1895 4964 2025 5022 ferit

458 5067 647 5116 sancta
693 5067 750 5114 et
808 5059 1077 5114 catholica
1125 5058 1394 5113 Ecclesia.
1444 5058 1565 5113 Non
1605 5058 1779 5120 enim,
1819 5072 1887 5112 ex
1913 5071 2023 5112 non

455 5152 847 5208 exsistentibus
890 5167 1011 5207 csse
1089 5152 1325 5217 Filium,
1373 5150 1558 5206 dicere
1622 5158 1797 5204 tutum
1870 5159 1956 5204 est
2004 5164 2023 5204 :

458 5244 908 5316 quandoquidem
977 5243 1173 5298 nullibi
1222 5243 1328 5297 hoc
1357 5244 1411 5297 in
1446 5243 1712 5298 divinitus
1744 5241 2026 5312 inspiratis

460 5339 761 5406 Scripturis
813 5337 881 5392 de
922 5349 991 5391 eo
1023 5327 1219 5391 fertur.
1246 5332 1434 5404 Neque
1454 5348 1587 5390 sane
1617 5348 1686 5387 ex
1711 5332 1817 5389 alia
1843 5332 2029 5388 subsi-

461 5434 681 5493 stentia,
711 5438 911 5499 praeter
939 5426 1176 5486 Patrem,
1208 5431 1337 5479 ante
1386 5423 1656 5492 subjecta,
1683 5420 1780 5477 sed
1813 5436 1882 5476 ex
1908 5420 2026 5476 solo

462 5521 573 5575 Deo
599 5537 856 5591 germane
876 5536 972 5577 seu
1006 5522 1190 5574 native
1256 5520 1432 5589 ipsum
1480 5517 1725 5588 genitum
1748 5531 1894 5581 esse,
1929 5516 2028 5570 do—

464 5626 676 5665 cemur.
725 5610 906 5667 Unum
950 5598 1193 5681 namque.
1241 5610 1541 5678 ingenitum
1575 5608 1905 5680 etprincipii
1934 5624 2027 5664 cx-

464 5707 674 5771 pcrtem
725 5700 928 5757 Christi
995 5704 1217 5757 Patrem
1271 5701 1518 5756 divinum
1570 5700 1731 5756 docet
1775 5701 2024 5756 verbum.

472 5790 578 5849 Sed
609 5805 787 5861 nequc
817 5791 971 5857 illud,
1008 5793 1131 5847 Fuit
1156 5792 1447 5862 aliquando
1503 5802 1717 5861 tempus
1752 5807 1874 5847 cum
1918 5806 2025 5844 non

2124 4597 2251 4649 Υἱον
2274 4596 2410 4649 Θεοῦ
2426 4593 2572 4650 εἶναι
2593 4597 2757 4650 αὐτόν
2775 4613 2791 4631 ·
2820 4598 2852 4667 ἢ
2882 4598 2976 4651 τὸν
2997 4598 3163 4652 αὐτὸν
3185 4595 3323 4652 εῖναι
3348 4602 3441 4651 καὶ
3469 4602 3688 4671 Πατέρα

2123 4691 2216 4743 καὶ
2241 4689 2391 4751 Υίδν.
2426 4690 2522 4743 καὶ
2551 4688 2710 4758 ἆγιον
2736 4690 2963 4759 Πνεῦμα
2985 4706 2997 4718 ·
3030 4692 3062 4759 ἦ
3090 4691 3386 4761 ἀγέννητον
3410 4690 3500 4743 τὸν
3540 4691 3685 4743 Υἰόν’

2122 4782 2155 4852 ἢ
2191 4782 2272 4834 ὅτι
2304 4781 2365 4834 οῦ
2392 4780 2646 4851 βουλήσει
2697 4780 2819 4832 οὐδὲ
2852 4780 3070 4847 θελήσει
3113 4783 3406 4848 ἐγέννησεν
3435 4784 3463 4834 ὁ
3498 4782 3685 4852 Πατὴρ

2121 4872 2213 4926 τὸν
2232 4872 2380 4937 Υίδν,
2405 4870 2798 4937 ἀναθεματίζτι
2820 4874 2853 4943 ή
2880 4873 3015 4940 ἁγία
3046 4875 3142 4926 καὶ
3162 4872 3425 4936 καθολικὴ
3458 4874 3679 4941 Ἐκκλξο

2127 4964 2238 5020 σία.
2260 4965 2397 5021 οὕτε
2424 4967 2529 5037 γὰρ
2557 4954 2618 5031 ἐξ
2648 4967 2751 5019 οὐκ
2792 4965 2964 5019 ὄντων
3009 4964 3192 5034 λέγειν
3223 4966 3317 5019 τὸν
3352 4965 3482 5018 Υίὸν
3509 4968 3661 5032 deos

2123 5056 2235 5120 λὲς,
2259 5056 2386 5110 ἐπεὶ
2438 5055 2689 5127 μηδαμοῦ
2712 5054 2874 5109 τοῦτο
2898 5057 3009 5109 τῶν
3045 5056 3424 5110 θεοπνεύστων
3459 5056 3686 5126 Γραφῶν

2125 5147 2422 5218 ἐμφέρεται
2454 5147 2584 5217 περὶ⁵
2604 5147 2767 5200 αὐτοῦ
2792 5162 2806 5177 ·
2845 5145 2971 5200 οὗτε
3007 5147 3114 5218 μὴν
3143 5146 3204 5212 ἐξ
3227 5148 3422 5216 ἑτέρας
3450 5149 3591 5200 ὑποσ
3626 5148 3686 5200 ά-

2128 5256 2271 5304 σεως
2299 5239 2453 5311 παρὰ
2501 5236 2592 5292 τὸν
2639 5239 2855 5309 Πατέρα
2913 5241 3418 5308 προϋποκειμένης,
3475 5238 3591 5291 ἀλλ’
3621 5240 3685 5290 ἐκ

2129 5336 2295 5404 μόνου
2321 5330 2418 5384 τοῦ
2437 5329 2576 5384 Θεοῦ
2607 5330 2845 5400 γνησίως
2867 5330 3031 5384 αὐτὸν
3056 5328 3421 5401 γεγεννῆσθαι
3447 5329 3689 5383 διδασκό-

2129 5423 2291 5493 μεθα.
2355 5423 2492 5476 Ἕνα
2552 5423 2658 5493 γὰρ
2706 5422 2799 5475 τὸν
2853 5421 3151 5493 ἀγέννητον
3198 5421 3295 5474 καὶ⁸
3326 5422 3563 5491 ἄναρχον
3586 5421 3686 5483 ξὺν

2127 5512 2368 5584 Χριστοῦ
2406 5514 2622 5580 Πατέρα
2645 5515 2672 5566 ὁ
2704 5512 2845 5576 θεῖος
2875 5512 3117 5567 διδάσκει
3170 5511 3348 5581 λόγος.
3388 5512 3532 5566 Ἀλλ’
3566 5511 3687 5566 οὐδὲ

2127 5605 2208 5669 τδ,
2225 5601 2336 5658 Ἦν
2357 5621 2484 5658 ποτε
2509 5605 2597 5658 ὅτε
2619 5603 2717 5657 οῦκ
2745 5600 2836 5674 ἦν,
2856 5606 2967 5666 τοῖς
2995 5603 3053 5671 ἐξ
3075 5595 3345 5674 ἀγράφων
3371 5603 3690 5671 ἐπισφαλῶς

2127 5697 2378 5765 λέγουσιν
2404 5695 2480 5759 ὡς
2503 5695 2759 5766 χρονικὸν
2783 5694 3062 5764 διάστημα
3117 5695 3569 5765 προενθυμητέον
3594 5695 3693 5747 αὐ-

2131 5788 2220 5841 τοῦ
2241 5805 2252 5817 ο
2287 5787 2400 5840 ἀλλ’
2434 5788 2466 5856 ἢ
2526 5788 2684 5856 μόνον
2730 5788 2821 5840 τὸν
2845 5787 3088 5856 ἀχρόνως
3135 5787 3298 5840 αὐτὸν
3323 5787 3690 5853 γεγεννηκότα
