3988 6190
280 357 387 419 Ξ53

1257 358 1864 421 ECCLESIASTICJ‘.‘
1897 361 2302 423 HISTORle
2346 366 2492 425 LIB.
2544 367 2646 426 IX.

3457 370 3564 434 ΞΜ

277 477 438 528 Θεόν.
468 473 585 528 Καὶ
607 476 792 545 χρόνοι
829 472 938 541 γάρ
969 471 1065 526 καί
1091 472 1286 536 αἰῶνες
1307 477 1565 544 γεγόνασι
1596 477 1665 528 δι’
1683 477 1829 531 αὐτοὶ

1932 489 1948 536 t
1981 476 2105 538 fuit.
2165 481 2310 549 quod
2376 490 2574 548 praeter
2605 480 2990 535 auctoritatem
3022 480 3320 550 Scriptum
3343 486 3563 552 pericu-

276 564 418 618 Οὕτε
452 565 562 636 μὴν
580 564 924 634 συνάναρχον
951 563 1074 618 οὔτε
1103 567 1509 635 συναγέννητον
1533 570 1625 621 τὸν
1642 570 1771 622 Υίὸν
1788 571 1866 641 τῷ

278 659 458 728 [ἰατρὶ
486 652 629 712 εἶναι
652 658 963 727 νομιστέονο
985 661 1336 729 συνανάρχου
1353 664 1463 730 γὰρ
1485 663 1582 714 καὶ
1606 680 1868 730 συναγεν..

273 753 444 823 νήτου
464 751 648 812 οὐδεὶς
679 749 888 819 κυρίως
912 749 1102 818 Πατὴρ
1130 749 1164 822 ἢ
1194 751 1324 813 Υἱὸς
1351 751 1700 820 λεχθήσεταιο
1727 754 1864 810 ἀλλὰ

270 846 366 897 τὸν
401 843 504 913 μὲν
537 841 765 910 Πατέρα
796 841 961 910 μόνον
997 840 1239 912 ἄναρχον
1261 842 1392 898 ὄντα
1422 847 1518 897 καὶ
1546 846 1860 914 ἀνέφικτον,

1969 567 2086 622 lose
2143 569 2359 634 dicunt,
2425 581 2682 641 tanquam
2737 575 3038 640 temporale
3091 575 3437 630 intervallum
3466 591 3564 629 an-

1966 667 2018 713 te
2078 661 2256 729 ipsum
2315 661 2839 718 considerandum:
2899 665 2991 718 sed
3055 666 3226 728 solus,
3279 667 3373 734 qui
3431 681 3557 720 eum

1963 747 2083 803 sine
2146 761 2389 821 tempore
2452 752 2663 823 genuit,
2724 753 2865 807 Deus
2901 755 3376 823 contemplandos.
3421 756 3556 809 Nam

1962 857 2016 899 et
2051 853 2298 912 tempora
2320 853 2374 896 et
2402 845 2599 898 saecula
2627 859 2724 914 per
2767 844 2946 912 ipsum
3010 845 3149 900 facta
3181 857 3330 900 sunt.
3366 847 3555 914 Neque

272 934 680 1000 γεγεννηκέναι
714 933 1029 1002 ἀνεφίκτως
1084 936 1180 986 καὶ
1239 935 1408 988 πᾶσιν
1459 937 1829 1006 ἀκαταλήπτω

1965 949 2098 990 vero
2142 935 2307 988 simul
2359 935 2617 1004 principii
2683 952 2900 1004 expers,
2934 952 3113 1006 neque
3146 939 3308 992 simul
3342 938 3556 1007 ingeni-

269 1026 540 1093 οίδαμενο
565 1027 659 1079 τὸν
678 1025 735 1079 δὲ
765 1025 894 1079 Υἰὸν
928 1026 1292 1096 γεγεννῆσθαι
1319 1028 1427 1098 πρὸ
1457 1028 1562 1082 τῶν
1600 1029 1820 1084 αἰώνων
1843 1047 1857 1063 ·

269 1120 365 1168 καὶ
403 1120 610 1187 μηκέτι
640 1119 831 1186 ὅμοιον
862 1117 942 1187 τῷ
1005 1118 1184 1190 Πατρὶ
1223 1118 1521 1190 ἀγέννητον
1585 1115 1726 1176 εἶναι
1767 1125 1860 1176 καὶ.

267 1211 439 1263 αὐτὸν
458 1252 472 1268 .
543 1209 660 1262 ἀλλ’
714 1208 895 1280 ἀρχὴν
924 1208 1072 1279 ἔχειν
1129 1210 1222 1262 τὸν
1247 1211 1589 1281 γεννήσαντα
1614 1213 1855 1284 Πατέρα⁹

264 1301 488 1369 κεφαλὴ
516 1301 623 1370 γὰρ
651 1297 894 1368 Χριστοῦ
930 1302 956 1352 ὁ
990 1300 1144 1362 Θεός.
1175 1299 1315 1354 Οὔτε
1351 1305 1456 1368 μὴν
1489 1305 1613 1371 τρία
1658 1305 1855 1372 ὁμολο-

261 1393 499 1459 γοῦντες
528 1391 832 1461 πράγματα
882 1391 978 1446 καὶ
1029 1393 1158 1462 τρία
1205 1398 1476 1464 πρόσωπα
1512 1395 1604 1449 τοῦ
1644 1399 1856 1467 [ἰατρὸς

262 1484 491 1538 καὶτοῦ
537 1483 670 1536 Υἰοῦ
703 1484 800 1536 καὶ
849 1483 944 1537 τοῦ
993 1485 1151 1551 ἁγίου
1203 1485 1524 1551 Πνεύματος
1584 1489 1724 1542 κατά
1756 1493 1854 1554 τὰς

261 1577 520 1647 Γραφάς,
538 1577 689 1645 τρεῖς
717 1575 804 1629 διὰ
824 1575 984 1629 τοῦτο
1000 1576 1130 1638 τοὺς
1159 1577 1315 1640 θεοὺς
1343 1578 1605 1646 ποιοῦμεν
1625 1595 1639 1612 ο
1661 1582 1850 1652 ἐπειδὴ

263 1670 356 1722 τὸν
388 1667 664 1737 αὐτοτελῆ
705 1669 802 1721 καί
833 1669 1153 1737 ἀγέννητον,
1189 1667 1429 1738 ἄναρχόν
1464 1687 1524 1722 τε
1555 1673 1649 1726 καὶ
1683 1675 1851 1742 ἀόρα-

1960 1032 2048 1078 tus
2115 1038 2237 1078 cum
2295 1033 2448 1092 patre
2505 1023 2646 1078 illius
2694 1039 2813 1079 esse
2868 1027 3146 1094 putandus
3183 1037 3288 1081 cst.
3331 1028 3548 1082 Etenim

1957 1114 2125 1169 simul
2183 1115 2440 1184 principii
2492 1116 2738 1183 expertis
2792 1126 2847 1170 et
2873 1119 3039 1171 simul
3076 1119 3325 1186 ingeniti,
3368 1120 3552 1173 nullus

1956 1207 2180 1276 proprie
2199 1206 2360 1260 Pater
2393 1216 2492 1260 aut
2517 1205 2692 1260 Filius
2762 1207 3000 1264 dicetur.
3035 1209 3140 1264 Sed
3175 1209 3392 1264 Patrem
3421 1211 3549 1278 qui-

1957 1297 2080 1353 dem
2131 1299 2307 1352 solum
2341 1299 2595 1369 principii
2647 1309 2931 1369 expertem
2983 1302 3338 1356 exsistentem
3371 1312 3425 1353 et
3467 1303 3550 1355 inc

1956 1391 2514 1460 comprehensibilem
2577 1393 2835 1461 genuisse
2895 1392 3446 1462 incomprehensibili
3493 1402 3549 1447 et

1955 1497 2118 1550 quem
2180 1497 2374 1537 omnes
2419 1483 2680 1552 consequi
2721 1499 2830 1538 non
2866 1485 3102 1553 possint,
3129 1485 3294 1538 modo
3316 1487 3540 1549 scimus,

1955 1574 2152 1629 F:lium
2176 1585 2360 1628 autem
2388 1575 2634 1644 genitum
2663 1591 2782 1630 esse
2841 1587 2968 1631 ante
3010 1579 3230 1631 saecula.
3268 1579 3334 1632 Et
3367 1593 3544 1647 neque

1953 1663 2140 1720 itidem
2179 1676 2240 1720 ut
2287 1667 2530 1733 Patrem,
2572 1667 2749 1735 ipsum
2776 1683 2994 1736 quoque
3028 1669 3332 1737 ingenitum
3365 1683 3486 1723 esse
3523 1685 3538 1723 :

260 1776 356 1811 τον
383 1758 544 1824 Θεὸν,
577 1757 676 1811 ἕνα
732 1758 893 1828 μόνον
941 1756 1172 1826 οἴδαμεν
1205 1757 1300 1810 τὸν
1327 1757 1460 1811 Θεὸν
1489 1761 1584 1814 καὶ
1628 1763 1829 1834 Πατέρα

1952 1757 2047 1812 sed
2108 1757 2436 1828 principium
2489 1758 2716 1822 habere,
2772 1760 2863 1830 qui
2918 1775 3044 1814 eum
3073 1761 3284 1830 genuit,
3312 1759 3528 1814 Patrem

260 1851 360 1903 τοῦ
395 1827 764 1917 Μονογενοῦς,
796 1849 888 1903 τὸν
920 1849 1080 1920 μόνον
1116 1850 1219 1920 μὲν
1255 1851 1316 1917 ἐξ
1366 1853 1563 1907 ἑαυτοῦ
1609 1855 1670 1908 τὸ
1704 1827 1829 1911 sive

1953 1827 2166 1922 ipsum;
2207 1827 2372 1922 caput
2403 1866 2640 1920 namque
2672 1827 2871 1907 Christi
2905 1827 3399 1908 Deustnimvero
3427 1862 3540 1906 tres

259 1944 487 2012 ἔχοντα,
522 1943 684 2012 μόνον
719 1941 776 1995 δὲ
808 1942 920 2004 τοῖς
954 1941 1138 2006 ἄλλοις
1165 1945 1334 1997 πᾶσιν
1361 1943 1610 2014 ἀφθόνως
1628 1949 1846 2018 χαριζό-

262 2051 432 2101 μενον
464 2033 526 2086 τὸ
560 2030 719 2088 εἰναι.
753 2031 890 2086 οὔτε
940 2035 1050 2105 μὴν
1079 2034 1176 2088 ἕνα
1208 2036 1345 2090 Θεὸν
1378 2038 1540 2107 μόνον
1590 2039 1846 2108 λέγοντες

259 2119 430 2184 εἶναι,
463 2123 560 2175 τὸν
595 2122 690 2176 τοῦ
725 2123 933 2193 Κυρίου
985 2124 1168 2194 Ἰησοῦ
1223 2128 1466 2196 Χριστοῦ
1499 2129 1720 2202 Πατέρα
1751 2135 1843 2187 τὸν

257 2216 429 2283 μόνον
462 2215 784 2285 ἀγέννητον,
815 2217 904 2269 διὰ
929 2216 1090 2270 τοῦτο
1133 2219 1450 2290 ἀρνούμεθα
1484 2225 1575 2276 τὸν
1604 2225 1842 2295 Χριστὸν

255 2307 397 2360 Θεὸν
429 2306 575 2362 εἶναι
600 2309 926 2377 προαιώνιον
949 2325 963 2339 ·
999 2309 1177 2362 όποίοί
1200 2304 1209 2312 ’
1229 2312 1368 2365 εἰσιν
1398 2315 1450 2366 οἰ
1484 2316 1593 2368 ἀπὸ
1625 2318 1838 2373 Παύλου

253 2400 357 2452 τοῦ
389 2401 787 2470 Σαμοσατέως,
815 2400 1044 2470 ὕστερον
1067 2402 1235 2455 αὑτὸν
1260 2405 1400 2472 μετὰ
1428 2406 1528 2474 τὴν
1566 2388 1841 2481 ένανθρώ-

253 2510 431 2561 πησιν
485 2494 551 2546 ἐκ
605 2497 893 2564 προκοπῆς
951 2511 1009 2547 τε
1043 2493 1416 2550 θεοποιεῖσθαι
1450 2497 1730 2568 λέγοντες,
1762 2503 1838 2574 τῷ

250 2585 359 2655 τὴν
381 2584 550 2654 φύσιν
574 2583 732 2653 ψιλὸν
768 2585 931 2639 αὐτὸν
962 2584 1252 2656 ἄνθρωπον
1269 2587 1571 2655 γεγονέναι.
1603 2592 1838 2662 Οἴδαμεν

249 2677 368 2745 γὰρ
399 2676 589 2742 αὑτὸν,
611 2678 660 2729 εἰ
695 2678 789 2730 καί
817 2677 1185 2732 ὑποτέτακται
1233 2675 1309 2748 τῷ
1343 2683 1518 2751 Πατρί
1552 2686 1646 2738 καὶ
1693 2685 1833 2756 Θεῷ,

249 2767 376 2820 ἀλλ’
403 2768 560 2835 ὅμως
589 2768 922 2838 γεννηθέντα
955 2770 1022 2822 ἐκ
1043 2769 1141 2822 τοῦ
1164 2771 1324 2837 Θεοῦ,
1351 2773 1483 2827 Θεὸν
1505 2777 1648 2831 κατά
1673 2778 1836 2846 φύσιν

247 2860 466 2913 τέλειον
494 2857 636 2913 εἶναι
665 2862 758 2913 καὶ
785 2861 984 2932 ἀληθῆ,
1010 2863 1107 2915 καὶ
1137 2863 1212 2934 μὴ
1265 2865 1324 2930 ἐξ
1356 2867 1659 2938 ἀνθρώπων
1692 2873 1833 2939 μετὰ

245 2948 433 3002 ταῦτα
463 2948 621 3014 Θεὸν,
665 2950 782 3002 ἀλλ’
808 2952 871 3004 ὲκ
900 2950 1037 3004 Θεοῦ
1085 2953 1508 3023 ἑνανθρωπῆσαι
1539 2957 1607 3010 δι’
1634 2959 1786 3029 ἡμᾶς
1812 2976 1829 2995 ο

246 3043 350 3093 καὶ
383 3041 616 3111 μηδέπω
645 3041 775 3094 ποτὲ
827 3042 1216 3096 ἀπολωλεκότα
1243 3045 1304 3096 τὸ
1337 3041 1478 3099 εἶναι
1524 3047 1677 3104 Θεόν.
1707 3050 1831 3105 Βδε-

244 3131 570 3196 λυσσόμεθα
590 3132 646 3184 δὲ
678 3132 815 3203 πρὸς
855 3133 1065 3196 τούτοις
1092 3135 1184 3186 καὶ
1225 3135 1702 3208 ἁναθεματίζομεν
1735 3141 1828 3195 καὶ
1858 3168 1901 3226 c

239 3227 380 3285 σοὺς
414 3224 592 3290 Λόγον
647 3223 748 3292 μὲν
804 3224 964 3292 μόνον
998 3225 1160 3278 αὐτὸν
1201 3226 1297 3278 τοῦ
1341 3227 1498 3294 Θεοῦ,
1553 3229 1708 3299 ψιλὸν
1733 3235 1828 3288 καὶ

241 3315 608 3384 ἀνύπαρκτον
668 3316 1028 3380 ὲπιπλάστως
1075 3318 1397 3385 καλοῦντας,
1457 3323 1515 3374 ἐν
1565 3323 1738 3394 ἑτέρῳ
1767 3328 1828 3378 τὸ

240 3403 393 3459 εἶναι
421 3406 617 3476 ἔχοντα
636 3447 651 3473 ,
682 3407 778 3459 νῦν
811 3408 912 3476 μὲν
940 3408 1016 3472 ὡς
1051 3408 1144 3461 τὸν
1167 3414 1504 3480 προφορικὸν
1534 3412 1827 3483 λεγόμενον

241 3500 354 3551 ὑπὸ
389 3515 578 3562 τινων,
635 3499 730 3550 νῦν
763 3500 818 3552 δὲ
866 3498 943 3563 ώς
985 3501 1074 3553 τὸν
1113 3501 1452 3577 ἐνδιάθετον
1495 3503 1732 3575 Χριστὸν
1769 3507 1823 3560 δὲ

239 3592 414 3644 αὑτὸν
443 3595 538 3643 καὶ
569 3591 774 3660 Κύριον
805 3592 900 3644 καὶ
950 3591 1084 3645 Θεὸν
1115 3601 1208 3646 καὶ
1238 3594 1468 3665 μεσίτην
1500 3599 1593 3650 καὶ
1640 3599 1824 3653 εἰκόνα

238 3682 338 3735 τοῦ
393 3682 534 3734 Θεοῦ
561 3681 638 3753 μὴ
662 3677 800 3735 εῖναι
829 3683 934 3752 πρὸ
965 3682 1176 3737 αἰώνων
1193 3685 1480 3750 θέλοντας·
1502 3688 1619 3743 ἀλλ’
1636 3690 1822 3745 ἔκτοτε

239 3775 489 3846 Χριστὸν
524 3775 686 3829 αὑτὸν
737 3777 1020 3844 γεγονέναι
1048 3778 1147 3831 καὶ
1179 3779 1305 3834 Υίὸν
1339 3781 1434 3832 τοῦ
1465 3781 1624 3848 Θεοῦ,
1665 3783 1724 3848 ἐξ
1757 3779 1819 3836 οῦ

235 3865 341 3931 τὴν
367 3863 648 3933 ἡμετέραν
682 3867 743 3918 ἐκ
773 3867 872 3935 τῆς
905 3867 1183 3937 Παρθένου
1207 3869 1387 3937 σάρκα
1413 3871 1693 3942 ἀνείληφε,
1714 3875 1820 3942 πρὸ

233 3953 616 4020 τετρακοσίων
655 3952 790 4007 ὅλων
847 3956 1004 4010 ἐτῶν.
1049 3957 1280 4010 Ἕκτοτε
1315 3958 1422 4027 γὰρ
1460 3960 1636 4030 ἀρχὴν
1663 3962 1819 4030 βασι-

234 4046 399 4107 λείας
457 4045 549 4097 τὸν
593 4045 831 4116 Χριστὸν
876 4047 1176 4116 ἐσχηκέναι
1227 4048 1477 4102 θέλουσιο
1526 4052 1620 4103 καὶ
1665 4054 1818 4116 τέλος

229 4136 388 4199 ἕξειν
411 4137 588 4206 αὐτὴν
626 4137 763 4206 μετά
789 4139 891 4208 τὴν
930 4140 1244 4194 συντέλειαν
1274 4141 1368 4194 καὶ
1401 4143 1608 4210 κρίσιν.
1630 4145 1818 4198 Τοιοῦ-

229 4244 318 4278 τςι
354 4229 412 4280 δέ
468 4230 610 4281 εἰσιν
650 4229 698 4282 οἱ
738 4230 870 4291 ἀπὸ,
905 4231 1229 4301 Μαρκέλλου
1274 4234 1368 4286 καὶ
1400 4235 1672 4289 Φωτεινοῦ
1706 4237 1815 4289 τῶν

244 4320 748 4386 Ἀγκυρογαλατῶν
769 4337 782 4352 ο
810 4322 860 4373 οἳ
892 4323 989 4389 τὴν
1029 4323 1357 4394 προαιώνιον
1379 4324 1614 4397 ὕπαρξιν
1638 4345 1694 4380 τε
1719 4328 1814 4382 καὶ

232 4411 477 4478 θνεότητα
534 4411 628 4463 τοῦ
675 4413 935 4481 Χριστοῦ,
1001 4415 1096 4467 καὶ
1143 4417 1240 4484 τὴν
1267 4417 1622 4486 ἀτελεύτητον
1649 4418 1810 4472 αὑτοῦ

1952 1942 2281 2000 conﬁtentes
2338 1958 2448 2009 res,
2505 1953 2564 1999 et
2599 1952 2713 1998 tres
2744 1958 3006 2012 personas
3031 1943 3212 1997 Patris
3237 1951 3294 1996 et
3328 1941 3448 1996 Filii
3481 1951 3538 1997 et

1948 2033 2186 2104 Spiritus
2239 2035 2437 2100 sancti,
2479 2035 2784 2090 secundum
2864 2034 3200 2104 Seripturas,
3266 2049 3374 2088 non
3425 2046 3538 2089 tres

1945 2137 2238 2196 propterea
2273 2127 2507 2182 facimus
2555 2130 2707 2183 deos.
2761 2127 3221 2196 Quandoquidem
3254 2142 3354 2195 per
3384 2127 3534 2196 seip-

1945 2231 2065 2269 sum
2106 2217 2407 2285 perfectum
2457 2226 2513 2271 et
2543 2217 2869 2286 ingenitum,
2926 2216 3309 2286 principioque
3339 2231 3535 2270 caren-

1943 2315 2076 2372 tem,
2105 2317 2160 2361 et
2192 2308 2527 2362 invisibilem
2573 2309 2768 2370 Deum,
2804 2323 2974 2362 unum
3004 2318 3216 2362 tantum
3246 2309 3526 2372 novimus,

1942 2398 2115 2452 Deum
2163 2405 2218 2451 et
2271 2398 2487 2452 Patrem
2543 2397 2846 2468 Unigeuiti,
2897 2399 3072 2453 solum
3117 2415 3184 2453 ex
3236 2401 3417 2468 seipso
3441 2416 3531 2454 es-

1941 2485 2174 2540 sentiam
2235 2486 2550 2550 habentem,
2603 2489 2782 2542 solum
2843 2487 2968 2544 aliis
3018 2489 3277 2544 omnibus
3308 2490 3526 2544 abunde

1939 2578 2318 2632 exsistentiam
2374 2578 2722 2647 largientem.
2785 2579 2974 2648 Neque
3032 2595 3163 2634 sane
3197 2581 3324 2635 dum
3352 2597 3521 2634 unum

1939 2667 2112 2722 Deum
2167 2683 2286 2722 esse
2335 2669 2593 2732 dicimus,
2640 2670 2857 2725 Domini
2910 2671 3039 2726 Jesu
3072 2671 3521 2728 Christhatrem

1938 2760 2118 2815 solum
2182 2761 2510 2831 ingenitum,
2575 2773 2866 2832 propterea
2887 2764 3169 2820 Christum
3205 2767 3373 2820 Deum
3397 2783 3521 2823 esse

1939 2853 2388 2922 auteszecularem
2464 2870 2727 2924 negamus
2784 2872 2795 2908 :
2839 2858 3031 2925 quales
3088 2868 3214 2912 sunt
3242 2860 3394 2914 Pauli
3423 2861 3520 2914 Sa-

1935 2948 2203 3000 mosateni
2225 2956 2544 3011 sectatores,
2590 2957 2713 3017 post
2754 2947 3264 3006 inhumanationem
3291 2968 3417 3007 eum
3444 2968 3512 3008 ex

1933 3034 2178 3103 profectu
2208 3035 2520 3091 deiﬁcatum
2571 3053 2689 3092 esse
2717 3039 2985 3104 dicentes,
3006 3055 3072 3094 eo
3110 3041 3257 3110 quod
3315 3053 3511 3097 natura

1934 3139 2119 3180 merus
2159 3126 2322 3181 homo
2345 3127 2523 3182 factus
2553 3128 2642 3181 sit.
2679 3129 2863 3199 693.
2899 3129 3278 3187 Scimuseuim
3303 3133 3511 3204 ipsum,

1931 3216 2142 3271 etiamsi
2202 3217 2487 3288 subiectus
2522 3227 2608 3272 est
2646 3218 2792 3274 Patri
2843 3230 2897 3274 et
2947 3222 3078 3287 Deo,
3143 3233 3323 3278 tamen
3357 3226 3515 3294 genio

1932 3318 2044 3363 tum
2090 3325 2156 3364 ex
2215 3310 2346 3374 Deo,
2399 3311 2570 3364 Deum
2627 3322 2820 3366 natura
2852 3329 2972 3367 esse
3002 3315 3306 3382 perfectum
3328 3326 3384 3371 et
3417 3333 3513 3371 ve-

1929 3416 2073 3464 rum,
2136 3411 2191 3456 et
2250 3418 2355 3456 non
2409 3418 2477 3457 ex
2525 3403 2843 3458 hominibus
2870 3416 3058 3474 postea
3093 3407 3287 3471 Deum,
3315 3408 3410 3461 sed
3445 3424 3511 3462 ex

1926 3493 2060 3556 Deo,
2113 3493 2392 3548 hominem
2437 3493 2640 3549 factum
2706 3507 2936 3565 prepter
3001 3511 3102 3551 nos
3152 3511 3296 3559 esse,
3327 3514 3510 3566 neque

1927 3596 2165 3650 unquam
2219 3583 2450 3638 desiisse
2476 3600 2598 3638 esse
2628 3585 2798 3639 Deum
2833 3625 2846 3638 .
2869 3586 3231 3639 Exsecramur
3256 3603 3386 3642 vero
3418 3589 3510 3642 in-

1924 3688 2116 3742 super,
2150 3681 2206 3727 et
2262 3673 2596 3728 anathemati
2623 3676 2968 3746 suhjieimus,
3004 3691 3100 3731 eos
3132 3678 3225 3746 qui
3265 3677 3508 3734 Verbum

1924 3762 2144 3832 quidem
2176 3763 2351 3829 ipsum
2379 3763 2495 3825 Dei,
2523 3763 2619 3818 sed
2659 3773 2868 3818 tantum
2897 3767 3106 3820 nudum
3143 3778 3198 3822 et
3230 3769 3349 3825 sine
3369 3773 3505 3824 sub-

1922 3860 2176 3914 sistentia
2237 3859 2429 3914 lictitie
2480 3870 2676 3914 vocant
2731 3878 2744 3913 :
2802 3863 2856 3916 in
2909 3863 3016 3917 alio
3043 3879 3172 3916 vero
3205 3868 3506 3919 essentiam

1920 3951 2149 4013 habens,
2179 3951 2473 4018 aliquando
2503 3966 2632 4006 sane
2659 3963 2718 4006 ut
2742 3955 2926 4007 vocale
2951 3969 3044 4008 seu
3065 3957 3504 4022 enuntiativum,

1919 4041 2214 4110 aliquando
2269 4058 2398 4097 vero
2451 4055 2512 4096 ut
2566 4043 2839 4098 internum
2885 4061 2979 4098 sett
3042 4047 3276 4099 meutale
3321 4064 3348 4097 a
3382 4049 3509 4116 qui-

1918 4134 2144 4187 busdam
2210 4133 2416 4188 dictum
2452 4150 2468 4199 ;
2497 4134 2776 4189 Christum
2823 4145 3002 4190 autem
3031 4137 3207 4204 ipsum
3231 4148 3288 4191 et
3322 4139 3506 4191 Domi—

1917 4238 2071 4290 num,
2123 4235 2180 4280 et
2233 4225 2422 4290 Deum,
2463 4234 2518 4280 et
2543 4226 2925 4293 mediatorem,
2976 4238 3032 4280 et
3064 4229 3356 4300 imaginem
3399 4231 3496 4284 Dei

1916 4332 2036 4373 esse
2101 4330 2229 4373 ante
2281 4319 2476 4373 stecrda
2511 4320 2707 4371 nolunt
2743 4335 2756 4371 :
2791 4319 2884 4371 sed
2908 4334 3035 4372 eum
3067 4336 3131 4374 ex
3157 4337 3222 4374 eo
3250 4333 3502 4392 tempore.

1915 4409 2193 4463 Christum
2249 4424 2373 4465 esse
2431 4411 2634 4464 factum
2689 4421 2745 4465 et
2801 4411 2998 4465 Filium
3057 4411 3150 4466 Dei
3184 4413 3396 4476 dicunt,
3428 4431 3501 4478 ex,

231 4498 524 4566 βασιλείαν
548 4500 750 4568 ὁμοίως
780 4501 1036 4556 ἀθετοῦσι
1092 4504 1168 4574 τῷ
1202 4505 1458 4558 ἵστασθαι
1507 4508 1685 4560 δοκεῖν
1717 4509 1811 4560 αὐε-

1932 4517 2024 4571 ιυο
2083 4511 2325 4556 nostram
2373 4518 2439 4556 ex
2488 4503 2710 4572 Virgine
2739 4517 2961 4556 carnem
3001 4508 3326 4572 assumpsit,
3361 4495 3496 4560 ante

229 4590 348 4651 τοῖς
378 4588 525 4641 οὕτω
570 4590 670 4658 τὴν
704 4592 1028 4661 μοναρχίαν.
1081 4595 1271 4664 Ἴσμεν
1311 4596 1420 4665 γάρ
1453 4597 1614 4668 ἡμεῖς
1640 4599 1808 4651 αὐτὸν

227 4678 335 4743 οὐχ
366 4677 554 4738 ἁπλῶς
579 4677 737 4746 λόγον
765 4682 1102 4750 προφορικὸν
1129 4681 1161 4751 ἢ
1192 4683 1500 4737 ἐνδιάθετον
1523 4685 1618 4738 τοῦ
1646 4686 1806 4739 Θεοῦο

227 4766 371 4818 ἀλλὰ
401 4765 578 4828 ζιῦντα
608 4767 744 4819 Θεὸν
774 4769 967 4835 Λόγον,
999 4770 1123 4824 καθ’
1147 4773 1346 4825 ἑαυτόν
1368 4791 1428 4826 τε
1460 4775 1805 4846 ὑπάρχοντα,

228 4859 326 4909 καὶ
365 4857 492 4909 Υίὺν
519 4859 655 4911 Θεοῦ
681 4861 774 4912 καὶ
795 4863 1031 4931 Χριστόν
1051 4877 1064 4893 ⁸
1093 4865 1188 4917 καὶ
1207 4862 1354 4917 οὕτω
1372 4868 1810 4937 προγνωστικῶς

229 4953 489 5013 συνόντα,
522 4955 616 5006 καὶ
646 4954 1095 5025 συνδιατρίϐοντα
1130 4957 1238 5027 πρὸ
1264 4957 1476 5012 αἰώνων
1505 4960 1584 5032 τῷ
1612 4961 1807 5016 ἑαυτοῦ

227 5043 432 5112 Πατρὶ,
467 5044 566 5096 καὶ
605 5047 742 5115 πρὸς
781 5047 966 5101 πᾶσαν
1008 5047 1479 5122 διακονησάμενον
1507 5052 1676 5107 αὑτοῦ
1707 5054 1809 5123 τὴν

222 5133 622 5204 δημιουργίαν,
655 5136 768 5189 είτε
797 5138 908 5191 τῶν
939 5139 1209 5206 ἀοράτων,
1241 5142 1350 5196 εῐτε
1383 5143 1493 5198 τῶν
1549 5143 1765 5214 ὁρατῶν
1792 5161 1807 5176 ·

223 5226 346 5277 ἀλλ’
383 5228 756 5282 ὲνυπόστατον
794 5231 970 5299 Λόγον
995 5231 1124 5286 ὄντα
1146 5233 1244 5288 τοῦ
1284 5236 1518 5306 Πατρὸς,
1553 5237 1649 5291 καὶ
1674 5237 1808 5291 Θεὸν

223 5319 290 5368 ἐκ
319 5315 489 5371 Θεοῦ.
545 5317 718 5383 Οὗτος
762 5322 873 5390 γάρ
903 5323 1020 5376 ἐστι
1070 5326 1210 5396 πρὸς
1239 5326 1299 5380 ὃν
1333 5322 1487 5380 εἶπεν
1517 5331 1546 5382 ό
1577 5329 1768 5399 Πατήρ
1789 5343 1802 5359 ⁸

223 5407 589 5478 {Ioniapr
613 5411 926 5478 ἄνθρωπον
973 5416 1100 5470 κατ’
1127 5418 1337 5471 εἰκόνα
1379 5418 1679 5488 ἡμετέραν
1706 5419 1806 5474 καί

223 5501 358 5554 καθ’
387 5502 683 5567 ὁμοίωσιν
704 5518 718 5532 ·
752 5504 810 5566 ὃς
837 5508 935 5558 καὶ
969 5509 1083 5564 τοῖς
1127 5511 1407 5580 Πατράσιν
1431 5511 1611 5582 ὤφθη,
1642 5511 1804 5566 δεδω-

221 5588 338 5650 κὼς
368 5591 460 5643 τὸν
487 5594 676 5661 νόμον,
705 5599 802 5648 καὶ
836 5595 1079 5668 λαλήσας
1106 5600 1194 5653 διὰ
1225 5601 1334 5652 τῶν
1366 5603 1683 5672 προφητῶν,
1711 5602 1806 5655 καὶ

219 5683 292 5733 τὰ
324 5682 620 5739 τελευταῖα
649 5688 1107 5759 ὲνανθρωπήσας,
1133 5695 1226 5746 καὶ
1249 5693 1340 5746 τὸν
1367 5695 1561 5748 ἑαυτοῦ
1590 5697 1805 5763 Πατέρα

222 5777 396 5831 πᾶσιν
424 5777 1098 5856 ἀνθρὼποις’φανερώσας,
1129 5788 1220 5839 καὶ
1253 5787 1548 5857 βασιλεύων
1576 5792 1652 5850 εἰς
1675 5790 1798 5850 τοῦς

1913 4591 2344 4663 quadringentos
2380 4593 2620 4663 integros
2642 4609 2836 4649 annos.
2871 4595 2947 4648 Ex
2974 4610 3041 4649 eo
3069 4597 3214 4648 enim
3249 4607 3499 4666 tempore

1913 4685 2132 4738 initium
2183 4687 2334 4755 regni
2389 4684 2666 4738 Christum
2718 4685 2994 4749 habuisse,
3027 4697 3082 4739 et
3122 4686 3284 4739 linem
3314 4687 3366 4740 id
3402 4689 3499 4741 ha-

1912 4777 2154 4831 bitarunt
2187 4792 2311 4831 esse
2357 4786 2478 4846 post
2499 4778 3023 4830 consummationem
3090 4788 3146 4831 et
3192 4778 3492 4845 judicium,

1911 4867 2121 4920 volunt.
2157 4866 2318 4921 'l‘ales
2342 4876 2521 4920 autem
2549 4875 2679 4920 sunt
2704 4866 3035 4920 Marcelliani
3088 4879 3144 4922 et
3172 4869 3489 4924 Photiniaui
3528 4895 3537 4908 -

1912 4958 2185 5029 Aucyrani
2240 4962 2294 5012 In
2345 4956 2596 5023 Galatia,
2654 4961 2747 5026 qui
2802 4961 3248 5016 autesaecularem
3305 4963 3494 5018 subsi-

1910 5050 2163 5106 stentiam
2218 5058 2275 5105 et
2299 5049 2644 5104 divinitatem
2665 5048 2903 5116 Christi,
2933 5061 2991 5106 et
3018 5052 3278 5109 similiter
3308 5055 3488 5108 iuter—.

1910 5141 2179 5196 minatum
2206 5140 2328 5209 eius
2350 5154 2580 5209 regnum
2626 5139 2869 5201 abolent.
2922 5157 2991 5198 eo
3041 5145 3225 5211 modo,
3260 5152 3318 5197 ut
3353 5144 3495 5211 ipsis

1908 5232 2150 5299 videtur,
2192 5233 2572 5287 monarchiam
2613 5249 2713 5287 seu
2749 5233 2913 5288 unius
2955 5234 3247 5304 imperium
3277 5234 3494 5286 COﬂSli-s

1911 5333 2151 5380 tuentes.
2208 5324 2321 5378 Nos
2364 5325 2518 5378 enim
2573 5324 2800 5390 scimus,
2850 5340 2972 5381 esse
3011 5341 3119 5380 neu
3154 5325 3486 5394 simpliciter

1907 5419 2138 5472 verbum
2184 5416 2612 5477 enuntiativum,
2681 5427 2774 5471 aut
2801 5419 3076 5473 internum
3111 5417 3250 5471 :sed
3287 5420 3482 5473 viven-

1911 5521 2018 5564 tem
2074 5509 2246 5566 Deum
2301 5507 2563 5572 Verbum,
2597 5523 2694 5579 per
2713 5511 2952 5577 seipsum
2983 5510 3397 5577 subsistentem,
3425 5521 3485 5578 et

1907 5603 2108 5658 Filium
2173 5600 2268 5657 Dei
2313 5611 2369 5656 et
2399 5601 2703 5665 Christum,
2741 5609 2797 5654 et
2830 5600 2899 5652 ita
2924 5601 3282 5669 praescienter
3313 5603 3482 5659 simul

1906 5699 2260 5749 exsisteutem
2291 5702 2346 5749 et
2368 5695 2532 5749 simul
2559 5702 2804 5764 agentem
2835 5703 2962 5749 ante
2993 5696 3190 5750 saecula
3222 5713 3346 5753 cum
3377 5713 3480 5753 suo

1907 5787 2088 5850 Patre,
2134 5797 2187 5841 et
2235 5788 2300 5840 ad
2366 5802 2584 5841 omnem
2636 5785 2756 5855 ejus
2788 5785 3268 5844 administrantem
3321 5804 3473 5844 crea-
