3988 6190
252 268 360 332 257

1206 246 1811 312 ECCLESIAS-TlC/E
1848 239 2242 304 IllSTOlilrE
2283 238 2436 300 LIB.
2483 239 2582 296 1X.

3407 234 3516 297 273

251 385 446 440 ἰἰὖτα
474 377 911 451 ἡναγκάσθησαν
954 372 1090 442 μετά
1119 369 1219 440 τὴν
1251 369 1309 420 ὲν
1337 365 1573 434 ἐπιτομῇ
1607 359 1840 414 ὲκτ-εθεῖ-
1869 407 1874 418 ,

1977 357 2216 418 iccntes,
2279 363 2336 407 et
2395 351 2615 412 Filium,
2671 361 2779 400 non
2839 345 2988 414 ipsos
3043 347 3186 402 duos
3223 348 3378 415 deos,
3417 351 3513 406 sed

254 494 357 530 σαν
389 473 582 525 πίστιν
630 467 969 534 πλατύτερον
1020 456 1528 529 ἑπεξεργάσασῦαι,
1588 451 1650 504 οὐ
1700 449 1843 502 κατά

256 563 531 636 περιττὴν
561 556 909 630 φιλοτιμίαν,
938 553 1054 608 ἀλλ’
1088 554 1179 605 ἵνα
1212 551 1392 602 πᾶσαν
1439 546 1540 614 τὴν
1569 543 1710 596 κατά
1743 541 1842 609 τῆς

255 633 542 726 ἡμετέρας
623 646 951 714 ὑπολήψεως
1029 639 1320 708 ἀλλοτρίαν
1399 633 1844 702 ἀποκαθάρωμεν

256 748 508 816 ὑποψίαν
563 741 716 808 παρά
773 740 887 800 τοῖς
928 733 996 788 τὰ
1031 732 1157 786 καθ’
1211 729 1370 802 ἡμῶν
1425 723 1718 795 ἀγνοοῦσι·
1749 721 1846 774 καὶ

259 840 470 908 γνῶσιν
496 837 545 888 οί
581 833 724 886 κατά
750 831 850 901 τὴν
883 829 1029 880 δόσιν
1069 826 1273 886 πάντες
1301 819 1440 889 ὁμοῦ
1490 818 1589 886 μὲν
1627 817 1724 884 τῆς
1757 831 1849 866 συ-

259 902 570 995 κοφαντίας
601 922 709 974 τῶν
765 915 1096 988 ἑτεροδόξων
1151 913 1248 979 τὴν
1280 910 1576 971 ἀναίδειαν,
1608 903 1748 976 ὁμοῦ
1789 902 1846 956 δὲ

263 1019 367 1071 καὶ
404 1016 516 1069 τῶν
573 1011 912 1066 ἀνατολικῶν
952 1009 1015 1062 τὸ
1063 1002 1526 1074 ἐκκλησιαστικὸν
1563 999 1844 1070 φρόνημα,

265 1099 728 1176 μαρτυρούμενον
799 1100 1079 1160 ἀσιάστως
1127 1095 1235 1148 ὑπὸ
1295 1092 1404 1146 τῶν
1469 1088 1850 1144 θεοπνεύστων

263 1197 508 1268 Γραῳῶν
573 1195 706 1262 παρ’
744 1191 929 1254 αὐτοῖς
967 1187 1364 1256 ἀδιαστρόφους.
1431 1201 1450 1232 ι
1509 1181 1598 1233 Ἐν
1641 1178 1851 1240 τούτοις

263 1289 372 1359 μὲν
399 1292 432 1358 ἡ
475 1286 841 1356 μακρόστεχος
879 1280 1064 1350 ἑκείνη
1098 1277 1314 1338 ἕκοεσις
1343 1272 1726 1343 περιείληπτο.

1947 461 2118 500 unum
2181 443 2534 502 confitemur,
2563 440 2717 510 juxta
2743 437 3048 490 divinitatis
3079 438 3515 506 amplitudinem,

1925 547 2004 592 .ct
2061 553 2228 591 unam
2289 545 2494 590 certain
2539 533 2961 600 absolutamque
2991 532 3143 601 regni
3173 533 3518 601 conjunctio-

1949 641 2076 682 nem
2108 637 2122 680 ξ
2157 625 2540 678 universarum
2583 621 2802 690 quidem
2829 636 3011 674 rerum
3047 637 3144 690 per
3173 622 3356 674 omnia
3393 637 3516 676 cmn

1949 733 2163 773 summa
2221 723 2491 782 potestate
2548 713 2836 781 imperium
2884 713 3170 768 obtinente
3223 713 3519 768 Patreom-

1950 810 2128 871 nium.
2179 818 2235 863 et
2282 808 2456 876 ipsius
2515 806 2637 860 Fiiii
2677 804 2788 874 tl);
2827 803 2965 860 Filio
2997 815 3180 858 autem
3215 806 3358 860 Patri
3396 789 3524 872 qni-

1949 905 2071 956 dem
2131 901 2401 970 subjecto,
2432 908 2588 952 extra
2629 913 2758 952 vero
2808 912 2934 951 eum
2967 897 3220 952 universa
3249 905 3371 967 post
3395 914 3520 951 eum

1951 1007 2071 1062 quae
2126 1007 2224 1061 per
2286 991 2464 1059 ipsum
2520 990 2660 1044 facta
2713 998 2844 1044 sunt
2907 997 3153 1060 regente,
3203 989 3524 1059 ctSpiritns

1953 1083 2127 1137 sancti
2165 1083 2370 1152 prolixe
2413 1097 2477 1135 ex
2523 1082 2806 1135 voluntate
2862 1081 3042 1136 Patris
3074 1081 3298 1150 gratiam
3321 1083 3528 1135 sanctis

1953 1177 2213 1230 donante.
2283 1176 2444 1246 695
2491 1176 2569 1229 Ad
2627 1177 2773 1229 hunc
2829 1175 2977 1229 enim
3007 1175 3524 1240 modum,ordincm

1955 1281 2010 1325 et
2043 1271 2308 1324 rationem
2337 1269 2668 1322 monarchize
2728 1269 2997 1336 uniusque
3046 1268 3258 1336 imperii
3282 1267 3336 1320 in
3369 1267 3530 1321 Chri-

261 1395 352 1438 sto
401 1393 658 1437 constare
714 1379 879 1434 nobis
911 1391 1064 1431 sacra
1118 1371 1411 1444 prodidere
1440 1367 1688 1424 oracula.
1757 1365 1885 1421 Haac
1926 1375 1988 1421 ut
2057 1374 2182 1436 post
2203 1366 2511 1420 breviorem
2555 1364 2679 1418 fidei
2711 1363 3004 1418 formulam
3069 1362 3244 1417 fusius
3289 1377 3531 1431 expone-

261 1493 484 1541 rernus,
547 1475 852 1530 necessitas
907 1469 1068 1526 nobis
1125 1465 1380 1536 imposita
1442 1472 1550 1528 est,
1609 1477 1722 1515 non
1790 1476 1890 1529 per
1929 1460 2261 1536 superfluam
2304 1458 2686 1524 ambitionem,
2742 1458 2854 1511 sive
2893 1456 3369 1520 venditationem,
3433 1455 3527 1508 sed

265 1585 332 1627 ut
363 1587 588 1627 omnem
612 1571 848 1624 alienam
874 1566 1252 1636 suspicionem
1320 1568 1516 1617 contra
1593 1557 1924 1613 sententiam
1967 1563 2212 1610 nostram
2271 1563 2613 1622 conceptam,
2671 1552 2814 1622 apud
2860 1567 2956 1606 eos
3023 1551 3114 1620 qui
3160 1567 3248 1606 res
3314 1562 3530 1606 nostras

265 1669 558 1736 ignorant,
589 1665 1079 1734 abstergeremus:
1118 1667 1174 1713 et
1223 1667 1283 1712 ut
1347 1654 1733 1712 Occidentales
1804 1667 1996 1708 omnes
2059 1666 2182 1706 cum
2262 1649 2550 1705 calumnize
2600 1647 3046 1702 adversariorum
3109 1645 3527 1715 impudentiam,

268 1771 390 1816 tum
453 1759 890 1814 ecclesiasticam
953 1753 1318 1810 Orientalium
1373 1749 1690 1823 Opinionem
1767 1753 2122 1816 cognoscant,
2169 1743 2256 1797 cui
2311 1743 2557 1812 opinioni
2608 1741 2873 1795 divinitus
2903 1743 3174 1809 inspiratae
3213 1741 3560 1809 Scriptura-,-

265 1872 394 1927 qua!
423 1854 575 1925 apud
625 1870 721 1909 eos
761 1852 1031 1906 inviolata
1057 1855 1476 1910 conservantur,
1521 1859 1614 1916 per
1655 1843 1857 1898 nullam
1897 1851 2140 1896 coactam
2193 1850 2287 1895 aut
2317 1839 2607 1894 violentam
2665 1838 3195 1908 interpretationem,
3243 1836 3533 1907 perhibent

270 1947 680 2005 testimonium.
712 1965 730 1999 ι
769 1946 882 2002 lloc
937 1944 1156 2016 quidem
1192 1941 1355 1996 modo
1387 1939 1650 2010 prolixior
1682 1937 1773 1990 illa
1797 1935 2068 2006 expositio
2095 1936 2271 1989 fuerat
2303 1933 2572 1988 instituta.

874 2085 1122 2140 ΚΕΦΛΛ.
1158 2081 1259 2136 lB'.

589 2182 724 2252 Περὶ
748 2179 860 2248 τῆς
884 2178 954 2232 ἐν
980 2173 1243 2244 Σαρδικῇ
1273 2171 1564 2227 συνόδου.

359 2305 455 2367 Ὧς
484 2301 534 2354 δ’
561 2296 843 2366 ἀπηξίωτο
875 2294 988 2354 τοῖς
1023 2292 1081 2344 ἑν
1109 2287 1342 2358 ἑσπέρᾳ.
1377 2283 1644 2346 Κώνστας
1671 2283 1699 2336 ὁ
1730 2281 1866 2336 Καῖ-

277 2415 386 2470 σαρ
435 2395 570 2464 μίαν
596 2387 900 2470 ᾗτειχάριν
935 2382 1027 2436 τὸν
1059 2379 1310 2447 ἀδελφὸν,
1345 2375 1540 2445 Παύλῳ
1583 2375 1674 2426 καὶ
1701 2371 1867 2425 Ἀθα-

255 2463 462 2558 ναίςίῲ
495 2484 624 2546 τοὺς
650 2468 886 2539 οἰκείους
918 2474 1148 2546 θρόνους
1171 2468 1485 2524 ἀναλαϐεῖν.
1533 2466 1621 2528 Ὠς
1645 2464 1701 2517 δὲ
1729 2463 1867 2534 γρά-

279 2599 404 2653 φων
434 2556 593 2633 οὐδὲν
629 2572 832 2644 μᾶλλον
861 2570 1017 2640 ῆνυε,
1042 2565 1152 2619 τῶν
1177 2563 1245 2618 δι’
1275 2560 1528 2621 ἐναντίας
1566 2556 1868 2624 ἀντιπρατ-

275 2677 517 2738 τόντων,
573 2669 670 2722 καὶ
717 2665 827 2718 τῶν
882 2661 1033 2715 λαῶν
1077 2659 1168 2712 διὰ
1219 2654 1394 2710 ταῦτα
1442 2648 1866 2713 στασιαζόντων,

257 2765 622 2838 ’προσιόντες
646 2757 965 2811 Κώνσταντι
992 2751 1041 2804 οἱ
1064 2748 1193 2816 περὶ
1220 2743 1452 2807 Παῦλον,
1474 2737 1870 2808 σύνοδονῇτουν

280 2830 685 2925 οίκουμενικὴν
716 2845 996 2915 γενέσθαι,
1031 2841 1172 2894 ὥστε
1201 2838 1266 2908 δὴ
1297 2836 1393 2889 καὶ
1413 2833 1483 2886 τὰ
1505 2833 1604 2902 τῆς
1635 2830 1872 2890 πίστεως

281 2951 388 3005 καὶ
421 2921 493 3000 τά
531 2942 652 2998 κατ’
711 2937 910 3000 αὐτοὺς
967 2931 1214 3005 ἀκριϐῶς
1263 2927 1590 2994 ἐτασθῆναι.
1622 2922 1733 2993 Τὴν
1764 2921 1872 2992 γὰρ

283 3039 627 3111 καθαίρεσιν
657 3032 920 3102 ὑποσχεῖν
945 3024 1272 3082 διετείνοντο
1307 3021 1397 3075 διά
1425 3019 1486 3072 τδ
1506 3019 1606 3087 τῆς
1637 3017 1875 3078 πίστεως

286 3105 630 3204 ἀκραιξρνές.
667 3123 868 3192 Γνώμη
900 3120 1084 3172 τοίνυν
1119 3117 1234 3169 τοῖν
1262 3113 1410 3166 δυοῖν
1441 3109 1718 3182 βασιλέοιν
1767 3105 1879 3176 ὲγί-

287 3203 439 3290 νετο,
468 3223 601 3284 τοὺς
628 3216 722 3288 ἀφ’
749 3214 1025 3284 ἑκατέρας
1076 3206 1393 3280 ἀρχομένης
1434 3205 1769 3262 ἐπισκόπους
1797 3203 1878 3262 εἰς

289 3315 476 3389 ῥητὴν
500 3311 717 3383 ἡμέραν
745 3302 1076 3359 καταλαϐεῖν
1104 3301 1202 3370 τὴν
1229 3295 1523 3370 Σαρδικὴν,
1565 3294 1790 3363 Ἰλλυρὶς
1821 3291 1879 3344 δὲ

2549 2073 2779 2130 CAPUT
2818 2073 2936 2128 XII.

2424 2166 2499 2220 De
2534 2165 2836 2222 Sarrlicensi
2860 2167 3078 2236 synodo.

1964 2354 1974 2364 ι
2039 2285 2107 2341 Ut
2138 2294 2320 2338 autem
2352 2284 2420 2338 ab
2449 2283 2898 2339 Occidentalibus
2935 2295 3020 2340 est
3060 2287 3368 2355 repudiata,
3399 2288 3542 2345 Con-

1968 2387 2120 2431 stans
2149 2375 2332 2430 Caesar
2368 2392 2536 2429 unnm
2574 2377 2707 2429 illud
2743 2392 2772 2430 a
2805 2377 2973 2431 fratre
3004 2378 3107 2432 sibi
3143 2377 3260 2432 dari
3296 2382 3540 2448 postula-

1972 2469 2070 2532 vit,
2105 2479 2164 2522 ut
2195 2469 2398 2522 Paulus
2427 2479 2482 2521 et
2506 2468 2839 2522 Athanasius
2868 2471 3027 2524 sedes
3055 2486 3183 2524 suas
3211 2471 3539 2540 reciperent.

1971 2561 2040 2616 At
2093 2576 2218 2614 cum
2275 2560 2478 2615 litteris
2526 2559 2643 2613 suis
2699 2560 2838 2613 nihil
2888 2559 3200 2626 effecisset,
3252 2571 3541 2630 propterea

1971 2652 2117 2722 quod
2160 2651 2459 2706 adversarii
2493 2659 2688 2705 contra
2733 2651 3084 2706 niterentur:
3118 2663 3326 2706 etcum
3363 2669 3544 2723 popu-

1971 2743 2074 2800 lus"
2108 2762 2172 2800 ea
2225 2745 2292 2800 de
2341 2760 2503 2799 causa
2551 2743 2881 2800 seditionem
2929 2755 3194 2810 moveret,
3247 2744 3449 2800 Paulus
3486 2756 3542 2800 et

1974 2838 2306 2894 Athanasius
2346 2826 2572 2890 rursnm'
2599 2833 2952 2888 Constantem
2996 2835 3206 2897 adiere,
3237 2843 3293 2890 et
3330 2845 3390 2892 ut
3424 2839 3544 2891 uni-

1975 2931 2204 2986 versalis
2247 2929 2488 2998 synodus
2528 2936 2816 2997 cogeretur
2859 2927 3089 2996 petiere.
3129 2938 3189 2982 ut
3225 2928 3294 2984 de
3337 2932 3549 3000 profes-

1976 3026 2130 3079 sione
2168 3021 2316 3086 iidei,
2349 3030 2405 3075 et
2449 3020 2518 3074 de
2549 3033 2738 3072 eorum
2772 3020 2954 3074 causis
2992 3021 3302 3074 accuratius
3338 3038 3424 3076 res
3449 3039 3548 3077 ex-

1979 3117 2181 3186 plorari
2228 3117 2432 3184 posset.
2479 3113 2958 3168 Exanctoratioiiis
2997 3113 3144 3167 enim
3195 3115 3550 3182 ignominiam

1979 3225 2037 3263 sc
2065 3217 2289 3277 propter
2319 3206 2444 3260 ﬁdei
2476 3205 2849 3260 sinceritatem
2879 3202 3156 3260 sustinere
3186 3203 3548 3260 atlirmarunt.

1980 3301 2326 3368 Quapropter
2356 3297 2423 3351 de
2459 3297 2702 3352 duorum.
2731 3296 3126 3366 imperatorum
3161 3297 3393 3352 istorum
3430 3313 3553 3352 sen-

514 3401 678 3478 αὓτη,
736 3397 832 3450 τοῦ
895 3394 996 3467 μὲν
1048 3391 1353 3454 αἰτοῦντος,
1399 3385 1788 3442 Κωνσταντίου
1821 3384 1874 3437 δὲ

1983 3392 2152 3447 tentia
2195 3399 2482 3450 statutum,
2513 3395 2572 3440 ut
2607 3387 2899 3455 utriusque
2945 3385 3160 3455 imperii
3194 3386 3438 3455 episcopi
3483 3386 3551 3440 ad

291 3493 706 3556 ὑπακούοντος,
745 3487 887 3542 ὥστε
916 3489 1018 3556 τὴν
1048 3484 1237 3538 στάσιν
1262 3479 1604 3549 διαλυθῆναι.
1641 3478 1878 3530 Κα”ιᾶπδ

295 3593 406 3664 μὲν
429 3587 541 3642 τῶν
577 3587 715 3654 πρὸς
751 3579 994 3651 ἑσπέραν
1022 3576 1208 3648 μερῶν
1247 3573 1392 3643 ἀμφὶ
1419 3571 1726 3640 τριακόσιοι
1756 3587 1881 3622 συν-

292 3688 468 3761 ἦλθον
509 3681 828 3745 ἐπίσκοποι,
857 3678 934 3740 ὥς
957 3671 1061 3727 πού
1105 3689 1272 3742 φησιν
1292 3672 1320 3723 ὁ
1357 3667 1504 3739 ίερὺς
1534 3663 1876 3726 Ἀθανάσιος,

293 3756 366 3838 ἑκ
394 3780 451 3834 δὲ
475 3778 574 3848 τῆς
605 3777 684 3829 ἕω
709 3773 770 3838 ’ἐξ
799 3789 860 3825 τε
885 3770 981 3824 καὶ
1007 3767 1381 3837 ἑϐδομήκοντα
1401 3777 1417 3793 ’
1458 3758 1685 3820 Σαϐῖνος
1710 3757 1736 3808 ὁ
1761 3756 1882 3808 Μα-

270 3865 547 3934 ’κεδύνιος
577 3866 738 3922 τοῦτό
769 3881 934 3934 φησιν
961 3877 976 3893 '
1015 3855 1095 3916 οἷς
1135 3853 1562 3925 συγκατείλεκτο
1583 3850 1678 3902 καὶ
1707 3844 1882 3916 ’ἰσχύ-

299 3985 408 4042 pa;
450 3963 682 4022 ἐκεῖνος,
709 3961 734 4011 ὁ
759 3957 817 4022 ἑξ
867 3951 1060 4008 ἑαυτοῦ
1097 3950 1198 4019 τὴν
1235 3943 1543 4015 ἱερωσύνην
1571 3939 1878 3995 ἀναλαϐών.

297 4029 419 4114 kat
446 4053 594 4109 κατὰ
619 4041 777 4102 τοῦτο
810 4045 1066 4112 διάφορος
1097 4038 1379 4099 καταστὰς
1416 4033 1744 4100 ἈΟανασίῳ,
1771 4029 1883 4093 τοῖς

296 4153 363 4207 δὲ
396 4148 462 4202 δι’
493 4141 749 4202 ἐναντίας
777 4133 1045 4207 προσιὼν,
1079 4133 1173 4185 καὶ
1214 4132 1282 4183 τὰ
1307 4127 1478 4198 ψεύδη
1535 4123 1879 4195 συμπλάσας,

302 4243 611 4300 ἑπίσκοπος
667 4231 972 4302 Μαρεώτου
1023 4224 1153 4295 παρ’
1218 4223 1443 4276 ἐκείνων
1506 4213 1882 4288 ἀνεκηρύχθη.

303 4333 433 4390 0ίό⁹
464 4331 618 4386 ἄλλοι
657 4326 716 4379 τὸ
753 4321 940 4376 στενὸν
972 4317 1068 4372 τοῦ
1113 4314 1426 4388 ὁρισθέντος
1479 4309 1674 4382 καιροῦ
1705 4309 1764 4360 ἑν
1795 4307 1884 4361 αί-

302 4431 454 4488 τῐαις
501 4424 749 4490 θέμενοι,
813 4413 1251 4484 ἀπελείφθησαν,
1305 4407 1466 4468 ἄλλος
1489 4405 1617 4459 ἀλλο
1652 4420 1704 4490 τι
1755 4417 1888 4472 προ-

305 4489 885 4582 ϐαλλόμενοι,ἰουλίῳ
909 4520 970 4570 γε
1007 4500 1112 4572 μὴν
1146 4499 1244 4570 τὴν
1283 4493 1492 4568 μέμψιν
1517 4489 1884 4582 ἀνατιθέντες,

304 4609 401 4662 καὶ
442 4601 622 4656 ταῦτα
659 4599 764 4666 πρὸ
785 4598 960 4648 εἴκοσι
1000 4589 1188 4662 μηνῶν
1221 4587 1318 4658 τῆς
1355 4583 1593 4654 ἀφίξεως
1626 4581 1732 4634 τῶν
1768 4581 1889 4632 ἑπι-

310 4701 535 4754 σκόπων
565 4689 1012 4760 κεκηρυγμένης.
1064 4678 1174 4736 Ἦν
1199 4679 1256 4733 δὲ
1285 4676 1445 4732 τοῦτο
1483 4675 1710 4728 δέκατον
1745 4671 1887 4734 ἔτος,

1985 3487 2134 3540 diem
2186 3496 2398 3540 certum
2439 3483 2749 3546 Sardicam,
2781 3495 2903 3552 qua:
2953 3479 3164 3550 Illyrica
3212 3480 3406 3534 civitas
3446 3489 3550 3540 est.

1985 3577 2369 3632 convenirent.
2411 3573 2467 3627 ld
2511 3573 2656 3642 quod
2697 3571 2968 3626 Constans
3003 3569 3082 3625 sic
3115 3569 3375 3639 petierat,
3406 3568 3554 3626 Con-

1986 3665 2222 3722 stantius
2257 3672 2442 3719 antem
2481 3671 2809 3723 assenserat,
2843 3673 2903 3715 ut
2932 3661 3191 3716 videlicet
3220 3661 3417 3716 seditio
3449 3663 3558 3716 sol-

1986 3763 2229 3808 veretur.
2268 3753 2446 3821 Atque
2476 3767 2540 3805 ex
2571 3750 2884 3804 Occidentis
2915 3749 3165 3818 partibus
3197 3751 3414 3806 circiter
3451 3761 3559 3806 tre-

1987 3846 2136 3902 centi
2173 3858 2484 3899 convenere
2519 3842 2787 3912 episcopi,
2824 3841 2987 3896 sicuti
3017 3841 3237 3913 .alicubi
3283 3858 3437 3897 sacer
3475 3844 3559 3898 di-

1988 3941 2065 3996 cit
2094 3937 2428 3992 Athanasins
2469 3953 2482 4002 ;
2520 3952 2597 4017 οι⁸
2620 3933 2842 3989 Oriente
2871 3949 3028 3999 vero,
3062 3934 3270 3988 Sabino
3307 3934 3560 3990 Macedo-

1989 4034 2156 4088 niano
2189 4031 2486 4092 referente,
2514 4043 2608 4082 sex
2641 4035 2695 4082 et
2726 4027 3089 4096 septuaginta.
3119 4025 3331 4092 Quibus
3358 4042 3560 4080 arcen-

1989 4141 2085 4181 sus
2131 4133 2217 4180 est
2257 4131 2311 4178 et
2357 4122 2609 4192 lschyras
2646 4120 2762 4184 ille,
2793 4134 2860 4173 ex
2895 4133 3016 4174 sese
3060 4129 3217 4174 ortus
3253 4121 3559 4192 presbyter.

1990 4215 2072 4270 Ob
2103 4228 2266 4284 quam
2297 4226 2544 4276 causam,
2569 4225 2693 4265 cum
2723 4209 2998 4278 negotium
3023 4209 3074 4262 ei
3105 4224 3229 4263 cum
3259 4209 3566 4265 Athanasio

1989 4315 2176 4373 esset,
2223 4306 2279 4360 in
2330 4303 2779 4359 adversariorum
2828 4313 3015 4370 partes
3064 4302 3373 4366 concessit,
3417 4303 3562 4370 apud

1991 4415 2133 4471 quos
2177 4407 2412 4471 propter
2457 4395 2744 4450 mendacia
2798 4393 3035 4449 conficta
3077 4395 3564 4463 episcopusapnd

1993 4493 2273 4549 Mareoten
2323 4501 2408 4546 est
2453 4500 2694 4544 creatus.
2734 4487 2902 4558 696
2954 4486 3173 4555 lteliqui
3227 4497 3410 4552 autem
3465 4501 3565 4540 an-

1995 4588 2206 4658 gustias
2265 4583 2553 4639 constituti
2615 4582 2878 4649 temporis
2940 4587 3344 4648 praatexentes,
3403 4587 3569 4644 atrpie

1997 4680 2136 4734 alius
2181 4678 2345 4732 aliam
2393 4689 2615 4728 causam
2664 4673 2983 4740 allegantes,
3025 4685 3132 4723 non
3184 4683 3563 4736 comparuere.

308 4791 408 4859 ἀφ’
449 4783 510 4843 οὗ
553 4781 970 4839 Κωνσταντῖνος
1025 4777 1053 4828 ὁ
1081 4773 1266 4842 πατὴρ
1311 4771 1425 4822 τοῖν
1453 4765 1724 4838 βασιλέοιν
1752 4763 1874 4833 πρὸς

1993 4770 2347 4828 Potissimum
2391 4782 2526 4820 vero
2571 4766 2623 4818 in
2666 4762 2871 4817 Julium
2907 4762 3121 4829 culpam
3163 4763 3282 4828 ejus
3314 4759 3390 4814 rei
3433 4775 3565 4814 con-

309 4855 413 4954 τῆν
443 4879 662 4950 ἀμείνω
687 4873 845 4942 λῆξιν
869 4869 1094 4940 ἐχώρει.
1124 4863 1269 4918 Ἀλλ’
1299 4864 1348 4915 οί
1376 4861 1472 4932 μὲν
1497 4859 1646 4928 ἑῷοι,
1689 4859 1768 4919 είς
1792 4855 1892 4920 τὴν

307 4951 587 5028 Φιλίππου
646 4966 806 5019 πόλιν
850 4961 950 5031 τῆς
993 4959 1218 5030 Θρᾴκης
1251 4955 1563 5022 γενόμενοι,
1587 4953 1700 5010 τοῖς
1735 4951 1896 5002 ἑσπε-

312 5069 457 5138 piat;
488 5058 764 5131 ἔγραψαν,
795 5049 1276 5126 προκαταλαϐοῦσι
1301 5045 1398 5116 τὴν
1448 5041 1735 5113 Σαρδικὴν,
1769 5039 1893 5094 διώ-

314 5156 522 5212 σασθαι
547 5153 676 5212 τοὺς
729 5149 858 5218 περὶ
883 5144 1206 5200 Ἀθανάσιον
1237 5145 1334 5194 τοῦ
1371 5139 1655 5205 συλλόγου,
1685 5135 1758 5196 ὡς
1787 5135 1894 5188 ἄπο

311 5250 413 5305 τοῦ
461 5242 715 5318 ἱερᾶσθαι
754 5238 1181 5309 γεγενημένοις⁸
1246 5233 1382 5304 μηδὲ
1434 5232 1543 5300 γὰρ
1599 5227 1664 5282 ἂν
1716 5227 1894 5290 ἄλλως

313 5341 456 5396 εἶναι
510 5337 632 5402 ἐξὸν
688 5336 770 5394 είς
833 5331 890 5385 ἓν
923 5331 1164 5383 συνιέναι
1187 5341 1202 5358 ’
1257 5327 1447 5378 ἔπειτα
1471 5323 1526 5375 δὲ
1553 5320 1648 5375 καὶ
1683 5319 1764 5382 είς
1793 5319 1894 5388 τὴν

315 5430 598 5501 Σιρδικὴν
646 5425 958 5497 γενόμενοι,
1015 5421 1083 5472 τά
1137 5418 1231 5472 ica
1281 5414 1718 5486 διισχυρίζοντοο
1755 5411 1804 5463 οἱ
1848 5407 1894 5462 δ’

391 5611 470 5678 (ι)
507 5611 686 5664 Etiam
720 5612 902 5673 aliter,
931 5616 984 5663 ct
1018 5603 1485 5678 fortassegrectius
1515 5601 1588 5656 ita
1619 5602 1757 5655 verti
1795 5614 1894 5678 po-

320 5672 428 5742 test
454 5672 478 5740 ἰ
515 5679 678 5735 Patre
723 5672 930 5752 quidem
976 5693 1151 5733 rerum
1183 5675 1545 5728 universarum
1597 5689 1688 5742 per
1719 5672 1898 5723 omnia

2001 4859 2271 4924 ferebant,
2307 4871 2430 4911 cum
2470 4855 2694 4924 quidem
2739 4852 3018 4906 mensibus
3055 4851 3243 4920 viginti
3285 4857 3411 4902 ante
3449 4850 3569 4917 epi-

2000 4965 2295 5021 scoporum
2325 4947 2620 5002 adventum
2647 4944 2764 5000 dies
2789 4951 2934 4997 esset
2963 4942 3282 4996 constituta.
3317 4941 3570 4995 Decimus

2001 5047 2048 5102 is
2085 5054 2205 5099 erat
2248 5056 2448 5104 annus,
2493 5055 2560 5093 ex
2607 5054 2716 5108 quo
2761 5036 3178 5100 Constantinus,
3225 5032 3572 5102 imperatoris

2004 5140 2292 5205 utriusque
2335 5144 2518 5204 pater,
2555 5133 2622 5186 ad
2676 5131 2960 5185 meliorem
3011 5129 3340 5193 migraverat
3377 5125 3570 5177 vitam.

2001 5225 2069 5278 Et
2099 5223 2432 5286 Orientales,
2465 5221 2559 5290 qui
2597 5220 3019 5290 Philippopolim
3055 5220 3108 5272 in
3141 5215 3372 5271 Thracia
3407 5227 3568 5265 venc-

2002 5326 2150 5381 rant,
2172 5315 2641 5376 Occidentalibus,
2665 5315 2758 5382 qui
2783 5311 3022 5366 Sardicte
3040 5312 3152 5381 jam
3176 5316 3371 5377 pra-sto
3388 5310 3570 5368 erant,

2001 5409 2294 5480 scripsere,
2345 5415 2405 5461 ut
2453 5407 2836 5470 Athanasium,
2890 5406 3118 5476 ejuSqne
3165 5399 3465 5464 studiosos,
3511 5404 3572 5450 ut

1999 5611 2118 5651 cum
2168 5608 2375 5646 summa
2411 5598 2667 5660 potestate
2721 5589 2999 5660 imperium
3047 5583 3206 5638 etiam
3256 5582 3314 5636 in
3365 5577 3573 5636 Filium

2009 5666 2290 5727 obtinente,
2321 5671 2428 5716 etc.
