3988 6190
459 301 563 366 2Ί9

1672 303 2094 366 ΝΙΟΕΡΙΙΟΒΙ
2138 301 2484 372 CALLISTI

3601 305 3708 368 ειο

458 421 635 487 Atque
666 417 905 484 interea,
947 419 1092 488 quod
1137 432 1332 472 omnes
1361 433 1466 479 una
1502 428 1658 488 porta
1691 419 2020 489 egrederen-

2139 420 2206 481 εἷς
2244 417 2465 488 Ῥώμην
2499 415 2780 486 ἀνέτρεχε.
2813 416 3113 486 Γρηγόριος
3149 416 3215 479 δ’,
3251 417 3496 470 ἐκποδὼν
3561 421 3710 474 ἐκεί-

460 519 570 573 tur,
603 511 931 566 Athanasius
959 511 1011 566 in
1043 512 1218 566 media
1253 513 1494 581 psalmos
1521 512 1832 566 canentium
1868 511 2026 566 turba

463 610 662 662 tectus,
700 600 992 654 incolumis
1023 597 1236 660 evadit.
1288 609 1450 667 atque
1498 599 1724 652 Romam
1768 596 2024 652 recurrit.

462 691 764 761 Gregorius
797 706 984 758 porro,
1014 688 1107 742 illo
1134 689 1498 760 profugiente,
1527 689 1784 743 thronum
1813 688 2025 759 recipit.

463 786 692 855 Propter
752 782 896 850 quod
955 781 1154 835 factum
1217 778 1512 834 multitudo
1577 780 1717 834 male
1768 781 2026 842 animata,

460 876 746 928 eet-lesiam
795 889 915 942 qua:
961 871 1102 942 apud
1151 871 1296 942 ipsos
1344 873 1446 926 sub
1497 873 1734 942 Dionysii
1787 869 2029 942 episcopi

462 968 680 1019 nomine
723 975 858 1030 erat,
897 965 1004 1033 igni
1046 964 1368 1018 combussit.
1416 963 1688 1018 Eusebius
1719 978 1844 1018 eum
1893 964 2026 1026 suis,

343 1121 366 1128 _
461 1074 523 1110 ca
579 1074 636 1110 re
690 1057 755 1110 ad
807 1057 1145 1111 voluntatem
1201 1072 1354 1110 suam
1411 1064 1668 1125 peracta,
1723 1069 2030 1124 magnoque

463 1154 650 1206 studio
697 1151 972 1220 episcopis
1014 1151 1066 1204 in
1115 1150 1337 1205 Oriente
1373 1149 1661 1205 catholicis
1695 1150 1944 1220 rejectis,
1976 1159 2032 1205 et

463 1245 584 1296 aliis
636 1243 730 1311 qui
789 1244 978 1296 eadem
1045 1257 1228 1296 secum
1285 1239 1588 1304 sentirent,
1637 1240 2032 1309 insignioribus

465 1335 711 1394 sedibus,
735 1333 1102 1398 Alexandriu‘,
1134 1331 1440 1386 Antiochia:
1477 1331 1543 1386 ad
1576 1332 1858 1396 Orontem,
1889 1345 2032 1400 pra:-

465 1425 646 1487 feclis,
673 1434 727 1477 et
757 1427 810 1476 in
845 1424 960 1492 ipsa
993 1423 1058 1476 ad
1095 1423 1504 1492 Hellespontum
1542 1423 1850 1492 imperante
1893 1422 2030 1476 urbe

465 1533 559 1584 per
591 1519 832 1584 seipsum
878 1515 1008 1568 sede
1055 1525 1314 1585 occupata
1343 1553 1356 1575 ,
1403 1514 1696 1567 admodum
1732 1514 2033 1581 morigeros

463 1607 706 1659 omnium
755 1621 945 1660 eorum
982 1606 1231 1660 locorum
1274 1605 1472 1658 habuit
1506 1606 1812 1674 episcopos.
1855 1589 2056 1658 Julius.

462 1705 644 1750 autem
674 1697 956 1750 Romanus
985 1695 1249 1764 pontifex,
1286 1703 1339 1749 et
1372 1693 1542 1748 totius
1571 1692 1884 1748 Occidentis
1915 1692 2032 1761 epi-

2133 527 2222 562 νου
2252 507 2650 577 γεγενημένου,
2680 507 2771 559 τὸν
2800 506 2991 576 θρόνον
3023 489 3318 575 ἐλάμϐανε.
3351 510 3618 574 Χαλεπῶς
3653 515 3710 566 δὲ

2130 602 2192 654 τὸ
2223 599 2425 670 πλῆθος
2451 602 2564 660 τοῖς
2594 599 2907 669 γενομένοις
2939 600 3206 666 διατεθέν,
3238 601 3338 670 τὴν
3369 603 3498 674 παρ’
3523 605 3710 669 αὐτοῖς

2131 689 2411 742 Διονυσίου
2444 688 2536 742 τοῦ
2565 689 2870 742 ἐπισκόπου
2903 689 3202 759 ἐκκλησίαν
3232 694 3366 760 πυρὶ
3400 695 3712 760 παραδέδω-

2133 797 2252 832 κεν.
2287 779 2443 833 Οὕτω
2480 780 2525 832 δ’
2547 781 2650 833 ὅσα
2686 775 2754 850 ἢν
2789 783 2925 850 πρὸς
2967 781 3166 852 βουλῆς
3206 783 3458 852 Εὑσεϐίῳ
3497 802 3714 856 κατειρ-

2133 870 2444 940 γασμένων,
2473 869 2674 940 σπουδῇ
2703 887 2759 922 τε
2786 871 2894 923 τῶν
2922 872 3023 924 ἀνὰ
3047 873 3144 942 τὴν
3169 872 3243 925 ’έω
3269 875 3586 926 ἐπισκόπων
3615 893 3713 928 κα-

2135 962 2484 1034 θῃρημένων,
2513 963 2695 1024 αὐτοῖς
2723 960 2769 1014 δ’
2789 964 3112 1033 δμοιρρόνων
3140 967 3252 1028 τοῖς
3280 967 3574 1035 ἐπισήμοις
3604 967 3713 1018 τῶν

2135 1055 2342 1126 θρόνων
2382 1053 2893 1108 ἁντικαταστάντων
2935 1056 3028 1108 ἐπί
3067 1073 3126 1108 τε
3165 1057 3572 1126 Ἀλεξανδρείας
3618 1061 3713 1110 καὶ

2132 1146 2232 1214 τῆς
2258 1147 2386 1215 παρ’
2417 1145 2671 1214 Ὀρόντην
2705 1147 3039 1216 Ἀντιοχείας
3059 1190 3075 1216 ,
3101 1151 3193 1202 καὶ
3219 1151 3317 1217 τῆς
3341 1151 3442 1202 ἀνὰ.
3468 1152 3558 1203 τὸν
3589 1150 3714 1202 Ἐλ-

2132 1233 2434 1302 λήσποντον
2462 1233 2752 1302 βασιλίδος,
2783 1233 2840 1286 εὖ
2875 1235 3019 1304 μάλα
3049 1237 3411 1305 πειθομένους
3439 1233 3582 1306 εἶχον
3611 1241 3710 1292 καὶ

2133 1324 2262 1384 τοὺς
2293 1321 2395 1374 ἀνὰ
2429 1321 2542 1376 τόδε
2577 1321 2800 1391 σύμπαν
2831 1323 3070 1393 ὑπήκοον
3099 1327 3452 1389 ἐπισκόπους.
3491 1328 3713 1390 Ἰούλιος

2134 1415 2180 1468 δῖ
2202 1417 2229 1468 ό
2258 1415 2360 1485 τῆς
2393 1413 2610 1485 Ῥώμης
2639 1415 2968 1479 ἐπίσκοπος,
3001 1415 3095 1468 καὶ
3125 1417 3175 1468 οἱ
3207 1418 3310 1468 ἁνὰ
3341 1419 3442 1487 τὴν
3473 1419 3714 1488 ἑσπέραν

2136 1506 2356 1560 ἃπασαν
2401 1507 2589 1576 ἱερεῖς,
2630 1507 2888 1571 καθάπαξ
2935 1509 3213 1560 ἐπαινέται
3259 1509 3360 1577 τῆς
3407 1513 3464 1561 ἐν
3507 1509 3715 1579 Νικαίᾳ.

2138 1595 2355 1648 συνόδου
2385 1599 2770 1668 γεγενημένοι,
2803 1596 3267 1668 ύϐριοπαθοῦντες
3295 1595 3436 1670 ἦσαν
3467 1603 3578 1664 τοῖς
3607 1604 3716 1656 ἀνὰ

2133 1687 2232 1760 τὴν
2254 1689 2330 1742 ἕω
2355 1690 2484 1760 παρ’
2505 1689 2694 1743 ἐλπίδα
2720 1691 3014 1762 συμϐᾶσιν.
3043 1691 3261 1760 Ἀμέλει
3284 1709 3366 1744 τοι
3392 1693 3484 1746 καὶ
3507 1693 3715 1763 ἥκοντα

461 1787 612 1854 scopi
639 1826 654 1850 ,
697 1793 1012 1839 constantes
1053 1784 1282 1838 Nieanta:
1324 1782 1515 1853 synodi
1561 1781 1948 1852 suffragatores
1978 1791 2030 1836 et

2139 1783 2275 1851 πρὸς
2305 1782 2505 1844 αὐτοὺς
2541 1782 2865 1836 Ἀθανάσιον
2896 1783 3152 1853 ἀσμένως
3183 1783 3434 1848 ἐδέξαντο
3454 1823 3468 1849 ,
3503 1787 3596 1838 καὶ
3627 1802 3716 1838 τις

461 1877 819 1940 laudatores,
874 1877 1040 1930 rebus
1089 1891 1211 1945 qua:
1263 1876 1316 1928 in
1364 1873 1586 1929 Oriente
1637 1883 1834 1942 praeter
1879 1887 2030 1942 spem

461 1968 813 2031 acciderent,
859 1967 1102 2037 graviter
1143 1965 1542 2036 alliigebantur.
1583 1964 1764 2032 Ipsum
1809 1977 2031 2034 quoque

461 2061 824 2115 Athanasium
869 2060 936 2113 ad
973 2075 1030 2114 se
1063 2061 1372 2114 venientem
1406 2059 1736 2129 perhenigne
1776 2071 2034 2124 suscepe-

463 2163 630 2208 runt:
676 2163 731 2208 et
767 2153 942 2206 \irum
992 2161 1232 2216 tantum,
1279 2153 1584 2222 eademque
1623 2167 1746 2206 eum
1789 2152 1868 2206 eis
1901 2167 2030 2205 sen-

464 2246 711 2310 tientem,
763 2245 971 2299 honore
1017 2253 1146 2298 sunt
1188 2241 1494 2312 prosecuti,
1542 2258 1874 2311 causamque
1907 2242 2028 2313 ejus

459 2338 526 2390 ad
559 2337 822 2406 judicium
866 2335 1352 2406 cognitionemque
1391 2351 1548 2390 snam
1595 2335 2025 2389 transferendam

458 2429 758 2490 duxerunt,
789 2437 844 2481 et
877 2426 1100 2496 scriptis
1131 2442 1248 2481 eam
1283 2427 1352 2482 ob
1383 2442 1496 2480 rem
1527 2425 1729 2480 litteris
1759 2425 2024 2494 synodum

2139 1872 2245 1942 μῆς
2277 1871 2464 1942 ηξίουν
2497 1873 2737 1926 τοιοῦτόν
2770 1889 2836 1942 γε
2868 1873 3029 1938 δντα,
3064 1875 3154 1926 καὶ
3188 1875 3470 1945 ὁμόφρονα
3500 1876 3715 1938 τούτοις

2135 1965 2511 2034 καθεστηκότα
2541 1981 2556 1997 ο
2605 1967 2702 2020 καὶ
2749 1966 2848 2036 τὴν
2897 1966 3024 2020 κατ’
3060 1967 3376 2021 Ἀθανάσιον
3426 1968 3578 2039 δίκην
3625 1969 3718 2020 ἐπ’

2135 2057 2320 2121 αὐτοῖς
2360 2056 2612 2124 γενέσθαι
2653 2055 3056 2127 διῳκονόμουν’
3092 2059 3185 2110 καὶ
3227 2058 3533 2128 γράφοντες
3573 2059 3716 2128 πρὶς

2135 2150 2362 2214 ἑαυτοὺς
2386 2151 2485 2220 τὴν
2514 2149 2731 2204 σύνοδον
2775 2150 3212 2221 μετεστέλλοντο,
3259 2153 3617 2207 Χαλεπαίνων
3650 2152 3717 2204 δὲ

2131 2239 2346 2303 τούτοις
2373 2240 2652 2304 Εὐσέϐιος,
2678 2241 3096 2311 διεπρεσϐεύετο
3124 2243 3262 2313 πρὸς
3287 2243 3530 2308 Ἰούλιον,
3557 2244 3717 2313 αὐτῷ

2133 2332 2294 2402 δῆθεν
2325 2316 2644 2403 ἐπιτρέπων.
2670 2334 2771 2404 τὴν
2802 2335 2990 2404 κρίσιν
3023 2335 3132 2389 τῶν
3161 2336 3218 2390 ἐν
3253 2335 3415 2406 Τύρῳ
3441 2335 3719 2403 δοξάντων

2136 2425 2278 2479 κατα
2313 2423 2650 2480 Ἀθανασίου.

458 2523 525 2576 ad
559 2538 616 2578 se
646 2533 970 2576 evocat-unt.
1019 2519 1229 2586 Quibus
1271 2521 1474 2574 litteris
1539 2518 1811 2575 Eusebius
1879 2517 2269 2586 exacerbatus,
2310 2519 2491 2575 missis
2517 2518 2584 2574 ad
2647 2519 2856 2576 Julium
2886 2518 3107 2591 legatis,
3137 2519 3412 2590 judicium
3441 2519 3492 2576 ei
3524 2535 3719 2577 rerum

457 2619 512 2671 in
549 2616 711 2686 Tyria
743 2615 949 2687 synodo
984 2615 1246 2671 adversus
1274 2615 1632 2670 Athanasium
1665 2614 2012 2668 decretarum
2055 2615 2325 2686 permisit.

1055 2759 1280 2814 CAPUT
1315 2757 1425 2814 Vil.

461 2851 524 2905 Ut
557 2860 668 2915 post
724 2852 1000 2905 Eusebium
1041 2850 1240 2902 Paulus
1287 2866 1500 2902 rursum
1541 2850 1714 2902 sedem
1747 2851 2050 2918 receperit,

526 2925 714 2974 Ariani
748 2933 923 2974 autem
971 2921 1334 2974 Macedoniam
1392 2928 1572 2971 contra
1601 2935 1716 2971 eum
1759 2920 2023 2988 foverint:

527 3002 574 3044 et
625 2992 688 3043 de
721 2992 856 3045 cwde
890 2991 1229 3059 Hermogenis
1257 2990 1442 3042 ducis:
1473 2998 1520 3040 et
1547 2997 1603 3040 ut
1627 2991 1794 3042 denuo
1826 2989 2027 3043 Paulus

527 3064 592 3114 sit
615 3063 826 3130 ejectus.

527 3235 850 3304 Priusquam
891 3243 1070 3288 autem
1109 3250 1432 3304 responsum
1485 3237 1657 3291 Roma
1704 3238 2025 3304 accepisset,

457 3327 729 3383 Eusebius
753 3326 898 3381 diem
935 3341 1093 3380 suum
1125 3327 1264 3382 obiit
1290 3367 1304 3389 ,
1341 3343 1450 3382 non
1481 3329 1573 3383 diu
1612 3345 1641 3382 a
1677 3331 1884 3400 synodo
1913 3332 2029 3384 An-

459 3419 714 3472 tiochena
749 3427 1050 3486 superstes.
1082 3419 1253 3472 Porro
1279 3417 1461 3472 bellua
1494 3435 1558 3474 ea
1603 3421 1839 3487 sublata,
1881 3421 2029 3476 Con-

459 3511 817 3579 stantinOpoli
853 3519 1031 3566 caelus
1071 3509 1286 3578 piorum
1337 3509 1520 3564 studio
1553 3519 1609 3566 et
1655 3511 1876 3574 ardore,
1920 3528 2030 3582 quo

457 3621 587 3674 erga
608 3604 824 3658 Nicmna
853 3603 1074 3666 decreta
1113 3602 1454 3668 ferebantur,
1493 3602 1720 3658 Paulum
1756 3603 1814 3658 in
1854 3606 2030 3659 eccle-

458 3700 594 3751 siam
631 3695 924 3750 reduxere.
960 3695 1100 3750 Tum
1131 3710 1348 3764 quoque
1379 3695 1708 3750 Arianorum
1746 3697 1932 3757 factio.
1971 3703 2028 3750 et

459 3789 798 3859 'I‘heognidis
828 3798 996 3857 atque
1027 3785 1302 3840 Theodori
1335 3786 1601 3840 Perinthii
1629 3787 2026 3856 (lleracleotem

458 3899 584 3937 eum
626 3878 935 3948 nominant)
969 3887 1288 3939 sectatores.
1319 3879 1375 3932 in
1403 3893 1467 3932 ea
1491 3894 1612 3947 qua:
1639 3877 1793 3933 Pauli
1827 3879 2030 3933 dicitur

456 3976 708 4036 ecclesia,
743 3984 1014 4028 conventu
1045 3981 1188 4037 aeto,
1227 3972 1607 4027 Maeedonium
1634 3971 2030 4027 Constantino-

460 4068 762 4136 politanum
790 4067 1433 4134 elegeruntepisc0puni.
1459 4065 1518 4118 In
1549 4065 1754 4135 quibus
1786 4079 1911 4118 cum
1935 4064 2028 4118 alii

461 4160 637 4221 multi,
675 4168 786 4212 tum
825 4157 1073 4212 Ursicius
1102 4166 1160 4210 et
1185 4157 1401 4219 Valens,
1431 4157 1599 4227 684
1629 4157 1770 4212 alter
1805 4136 2031 4226 quaem

459 4249 772 4319 Singidonis
792 4235 1092 4317 superioris
1125 4247 1323 4318 Mysire,
1351 4247 1488 4301 alter
1511 4256 1696 4302 autem
1722 4248 2030 4303 Marsorum

460 4339 768 4408 superioris
828 4338 1128 4392 Pannonia:
1155 4337 1399 4406 episcopi
1451 4337 1606 4391 fuere
1648 4337 1785 4407 :qui
1844 4349 2031 4407 postea

2743 2759 2994 2814 ΚΕΦΛΛ.
3036 2761 3110 2813 Z'.

2146 2849 2416 2922 ⁹Ως’]ιετὰ
2446 2841 2967 2922 Εὐσέϐιονπάλιν
3015 2854 3048 2904 ὀ
3083 2851 3326 2918 Παῦλος
3345 2853 3454 2905 τὸν
3487 2856 3720 2922 θρόνον

2207 2920 2584 2987 ἐλάμϐανεν·
2617 2923 2671 2974 οἱ
2706 2919 2774 2972 δὲ
2807 2921 3085 2988 Ἀρειανοὶ
3130 2922 3503 2975 Μακεδόνων
3519 2919 3714 2990 προε-

2209 2990 2532 3054 ϐάλλοντο,
2570 2991 2668 3042 καὶ
2693 2989 2824 3056 περὶ
2851 2990 2962 3056 τῆς
2987 2990 3356 3060 ἀναιρέσεως
3386 2993 3492 3046 τοῦ
3525 2989 3719 3057 arra-

2207 3061 2472 3131 tnldrov
2519 3061 2914 3128 Ἑρμογένους
2941 3075 2956 3090 ⁸
2985 3061 3084 3114 καί
3109 3063 3190 3125 ὡς
3219 3061 3490 3131 ἐξηλάθη
3519 3064 3718 3118 πάλιν

2201 3131 2234 3183 ό
2259 3130 2522 3194 Παῦλος.

2199 3239 2377 3310 Πρινὴ
2425 3240 2617 3310 δὲτὴν
2669 3242 2734 3294 ἐκ
2793 3240 3017 3310 Ῥώμης
3073 3239 3376 3310 ἀπολογίαν
3427 3243 3646 3311 μαθεῖν,
3683 3245 3712 3296 δ

2133 3329 2396 3393 Εὐσέϐιος
2448 3330 2642 3399 φθάνει
2691 3331 2785 3384 τὸν
2835 3330 2955 3400 βίον
3001 3331 3312 3397 ἀπολιπὼν,
3350 3333 3411 3385 ού
3445 3332 3708 3402 πάμπολυ

2133 3422 2233 3490 τῆς
2279 3423 2336 3473 ἐν
2379 3422 2687 3493 Ἀντιοχείᾳ
2737 3422 3054 3491 ὑστερήσας
3092 3423 3338 3478 συνόδου.
3389 3414 3496 3476 Τοῦ
3527 3424 3586 3478 δὲ
3614 3441 3711 3477 το-

2135 3513 2328 3565 σούτου
2360 3512 2758 3582 διαφθαρέντος
2781 3513 2970 3584 θηρὸς,
3000 3515 3028 3566 δ
3053 3514 3152 3582 τῆς
3182 3514 3595 3569 Κωνσταντίνου
3621 3517 3712 3570 a5-

2135 3603 2303 3674 σεϐὴς
2334 3605 2520 3674 ὅμιλος
2559 3603 2710 3674 ζήλῳ
2735 3605 2846 3659 τῶν
2890 3605 3036 3659 κατὰ
3085 3605 3326 3660 Νίκαιαν
3369 3607 3712 3678 δεδογμένων

2133 3697 2224 3748 τὸν
2277 3695 2492 3750 Παῦλον
2541 3693 2698 3758 αὖθις
2747 3697 2830 3761 εἰς
2895 3695 2998 3767 τὴν
3057 3697 3360 3768 ἐκκλησίαν
3405 3699 3706 3768 ἀνήγαγον,

2134 3789 2293 3842 Κατὰ
2321 3791 2523 3842 ταυτδν
2562 3789 2621 3841 δὲ
2669 3789 2764 3841 καὶ
2798 3790 2847 3842 οί
2877 3788 2979 3856 τῆς
3019 3788 3322 3859 Ἀρειανῶν
3371 3795 3712 3860 συμμορίας,

2133 3883 2183 3934 οἱ
2210 3881 2355 3950 ἀμφὶ
2390 3879 2614 3947 Θέογνιν
2645 3881 2740 3934 καὶ
2771 3880 3045 3950 Θέοδωρον
3073 3881 3164 3932 τὴν
3194 3879 3501 3951 Περίνθιον,
3538 3883 3712 3952 Ἦρα-

2133 3973 2382 4042 κλεώτην
2410 3971 2467 4025 δέ
2493 3972 2662 4026 αὐτὸν
2697 3972 3086 4040 ὀνομάζουσιν,
3114 3975 3170 4024 ἐν
3199 3975 3265 4042 τῇ
3317 3975 3460 4026 κατὰ
3495 3974 3712 4028 Παῦλον

2133 4060 2406 4130 εἰρημένῃ
2469 4057 2776 4130 Ἐκκλησία
2832 4060 3196 4125 συνελθόντες,
3241 4059 3576 4115 Μακεδόνων
3607 4064 3713 4133 τῆς

2135 4148 2556 4204 Κωνσταντίνου
2619 4149 3026 4220 χειροτονοῦσιν
3082 4151 3408 4205 ἐπίσκοπον.
3475 4153 3565 4206 ’Ev
3627 4152 3714 4218 οἷς

2135 4242 2288 4296 ἄλλοι
2322 4259 2382 4295 τε
2429 4241 2638 4306 πολλοὶ,
2673 4243 2766 4295 καὶ
2817 4243 3138 4313 Οὖροίκιος,
3167 4244 3263 4296 καὶ
3293 4245 3512 4316 Οὐάλης
3537 4265 3552 4278 ·
3583 4240 3658 4300 ὧν
3680 4249 3714 4302 ὁ

2141 4335 2238 4402 μὲν
2275 4332 2590 4401 Σιγγιδόνος
2615 4336 2716 4404 τῆς
2761 4332 2876 4386 ἄνω
2920 4333 3162 4398 Μυσίας,
3205 4335 3447 4406 Μυρσῶν
3498 4338 3556 4390 δὲ
3608 4341 3712 4406 τῆς

461 4433 765 4501 rcsipuerc,
816 4439 871 4484 et
913 4429 1100 4484 libello
1131 4429 1469 4499 pmnitentia
1505 4428 1652 4484 Julio
1687 4429 1872 4484 Roma:
1915 4430 2030 4499 epi-

2141 4424 2254 4477 ἄνω
2279 4424 2579 4488 Παννονίας
2613 4425 2849 4494 Οὐάλης,
2894 4421 3040 4495 ἦσαν
3075 4427 3369 4480 ἐπίσκοποι
3391 4441 3406 4457 '
3439 4427 3488 4482 cl
3537 4431 3602 4500 δὴ
3651 4435 3711 4494 ἐς

460 4541 626 4596 scopo
653 4524 859 4587 oblato,
903 4523 1182 4593 ὁμοουσίῳ
1231 4522 1691 4577 eonsubstantiali
1728 4527 2032 4589 assensere,

459 4629 515 4672 et
562 4619 628 4672 ad
663 4617 1106 4672 communionem
1135 4615 1360 4670 admissi
1397 4609 1556 4670 sunt.
1587 4615 1726 4669 Tum
1773 4615 2036 4685 temporis

461 4721 643 4764 autem
692 4725 851 4764 acres
894 4709 1110 4764 Arianae
1161 4709 1444 4786 Opinionis
1501 4707 1868 4789 aemulatores,
1922 4721 2034 4762 non

461 4816 660 4868 parvos
696 4800 953 4855 Ecclesiae
993 4808 1173 4853 motus
1211 4800 1522 4852 excitarunt
1560 4814 1575 4852 :
1607 4812 1844 4868 quorum
1888 4813 2032 4853 unus

459 4894 624 4945 etiam
663 4893 1014 4947 Macedonius
1054 4893 1177 4945 fuit.
1201 4890 1360 4946 Civili
1397 4905 1634 4960 namque
1661 4903 1728 4943 ex
1773 4903 1840 4944 ea
1866 4903 2031 4944 causa

459 4984 607 5037 bello
634 4994 848 5048 exorto,
891 4985 1046 5053 plebs
1077 4983 1320 5053 quotidie
1354 4982 1469 5037 fere
1518 4982 1847 5037 seditionem
1901 4995 2034 5034 eun-

462 5073 667 5126 citabat
717 5089 732 5124 :
785 5085 842 5127 et
884 5073 1238 5126 nntltitudine
1305 5071 1566 5140 utrinque
1619 5079 1983 5126 concurrente
2013 5105 2029 5133 ,

462 5164 682 5234 plurimi
719 5165 1098 5218 atterebantur
1122 5174 1286 5232 atque
1325 5163 1596 5232 peribant.
1630 5163 1747 5228 Qua
1777 5177 1836 5216 re
1863 5163 2034 5230 impe-

461 5267 612 5311 rator
638 5257 875 5326 cognita,
920 5271 1044 5309 eum
1092 5255 1271 5309 adhuc
1311 5255 1665 5310 Anchiochiae
1699 5262 2031 5318 moraretur,

461 5347 541 5400 ira
581 5348 858 5416 percitus,
907 5343 1237 5412 llermogeni
1287 5343 1450 5410 duci,
1494 5345 1586 5412 qui
1619 5353 1732 5398 tum
1765 5345 1820 5397 in
1853 5343 2031 5398 Thra-

460 5439 598 5492 ciam
625 5438 826 5492 missus
867 5435 1069 5499 fuerat,
1123 5434 1422 5498 mandavit,
1459 5443 1517 5488 ut
1565 5450 1630 5489 ex
1669 5434 1868 5488 itinere
1903 5449 2030 5488 cum

461 5532 701 5596 equestri
727 5545 889 5582 manu
923 5529 978 5582 in
1011 5529 1202 5582 urbem
1253 5528 1658 5596 imperatricem
1701 5527 2026 5590 diverteret,

461 5629 514 5668 et
537 5618 760 5673 Paulum
792 5620 1031 5674 Ecclesia
1067 5620 1310 5689 cjiceret.
1343 5619 1447 5685 Qui
1481 5619 1572 5674 ubi
1606 5619 1786 5683 affuit,
1826 5627 1881 5672 et
1921 5619 2029 5673 im~

463 5718 647 5776 pcrata
681 5710 924 5766 facturus
957 5711 1246 5767 militarent
1288 5727 1507 5767 manum
1530 5710 1822 5784 .adhibuit,
1875 5711 2027 5782 plch

2138 4514 2366 4593 ὕστερον
2423 4518 2718 4586 μεταμέλῳ
2751 4519 3098 4588 χρησάμενοι
3149 4518 3355 4587 βιϐλίον
3411 4527 3711 4590 μετανοίας

2135 4611 2214 4682 τῷ
2256 4611 2475 4683 Ῥώμης
2514 4614 2720 4684 Ἰουλίῳ
2743 4613 2947 4679 δόντες,
2982 4616 3059 4682 τῷ
3089 4616 3364 4689 όμοουσίῳ
3389 4618 3708 4684 συνέθεντο,

2134 4709 2234 4760 καὶ
2266 4707 2547 4760 κοινωνεῖν
2585 4707 2924 4776 ἠξιώθησαν.
2975 4707 3296 4778 Τηνικαῦτα
3345 4710 3402 4762 δὲ
3447 4711 3709 4780 διάπυροι

2135 4799 2378 4870 ζηλωταὶ
2423 4798 2523 4866 τῆς
2569 4799 2922 4868 ’Δρειανικῆς
2971 4797 3267 4870 θρησκείας
3317 4799 3493 4864 ὄντες.
3551 4803 3710 4854 πολέ-

2135 4905 2274 4956 μους
2303 4889 2446 4942 κατὰ
2475 4889 2573 4959 τῆς
2615 4887 2946 4958 Ἐκκλησίας
2966 4890 3026 4941 οὐ
3050 4891 3282 4960 μικροὺς
3308 4892 3704 4961 ἀνεστήσαντοο

2131 4975 2211 5033 ὧν
2245 4973 2326 5043 εἷς
2360 4979 2458 5032 καὶ
2485 4981 2514 5031 δ
2539 4979 2682 5032 κατὰ
2730 4979 3092 5034 Μακεδόνων.
3131 4983 3430 5050 Ἔμιρυλίου
3461 4979 3568 5052 γάρ
3617 4985 3708 5036 ἐν·

2133 5069 2326 5123 τεῦθεν
2368 5069 2610 5139 πολέμου
2651 5071 3048 5140 γεγενημένου,
3080 5070 3270 5124 στάσιν
3303 5073 3331 5123 δ
3362 5071 3534 5139 δῆμος
3582 5069 3707 5122 καθ’

2134 5161 2373 5230 ἑκάστην
2397 5160 2472 5224 ὡς
2497 5163 2676 5214 εἰπεῖν
2703 5157 2839 5231 εἶχε.
2863 5161 2971 5214 Τοῦ
3001 5162 3057 5214 δέ
3093 5162 3338 5232 πλήθους
3367 5162 3710 5230 συμπίπτον-

2134 5271 2226 5318 τος
2274 5252 2640 5324 ἐκατέρωθεν,
2673 5253 2964 5318 πλείστους
3008 5270 3068 5307 τε
3117 5255 3498 5324 συντρίϐεσθαι
3547 5255 3706 5305 συνέ-

2133 5345 2287 5399 ϐαινε
2318 5345 2414 5399 καὶ
2444 5346 2792 5400 διόλλυσθαι·
2842 5346 2878 5401 ἃ
2924 5347 2990 5418 δὴ
3039 5349 3132 5401 καὶ
3167 5347 3392 5416 βασιλέα
3438 5345 3706 5416 μαθόντα,

2133 5434 2214 5486 ἔτι
2257 5434 2402 5489 κατᾶ
2435 5436 2534 5504 τὴν
2579 5437 2916 5516 Ἀντιόχειαν
2943 5435 3313 5503 διατρίϐοντα,
3338 5436 3608 5507 περιοργῆ
3643 5452 3706 5489 τε

2133 5529 2448 5597 γενόμενον,
2478 5527 2801 5598 Ἑρμογένει
2830 5527 3173 5581 ἐντείλασθαι
3201 5529 3703 5600 «pernicis-5.207.;

2133 5619 2420 5689 Θρᾳκῲοις
2475 5619 2669 5690 μέρεσι
2721 5621 3024 5690 τηνικαῦτα
3073 5621 3137 5690 δὴ
3186 5620 3394 5679 στειλαβ
3427 5624 3550 5689 ἐνῳ,
3580 5619 3702 5672 ὀδοῦ

2135 5712 2414 5782 πάρεργον
2443 5712 2540 5784 τὴν
2577 5712 2826 5784 βασιλίδα
2874 5713 3206 5768 καταλαϐεῖν
3240 5713 3338 5767 σὺν
3367 5712 3570 5786 ἱππικῇ
3609 5710 3703 5764 δυο
