3988 6190
323 439 431 504 ﬁll

1298 446 1892 506 ECCI..ESIASTIC.E
1933 448 2322 512 lliSTOlilE
2360 457 2508 516 LIB.
2559 459 2655 520 IX.

3487 455 3598 522 912
3635 510 3641 514 .

328 563 540 630 νέμει,
587 562 686 616 καὶ
732 561 826 615 τδν
861 561 1076 616 Παῦλον
1129 563 1406 619 ὰπελᾶσαι
1449 568 1547 634 τῆς
1593 567 1912 637 ἐκκλησίας.

2044 575 2066 626 εἰ
2099 579 2316 630 restitit.
2354 580 2478 634 Eam
2511 598 2665 648 vero,
2687 583 2752 637 ad
2794 585 2899 638 vim
2932 581 3311 638 vindicandam
3351 589 3590 650 paratam

342 657 432 719 Ὠς
479 657 538 709 δέ
589 657 809 728 παριὼν
851 657 916 712 τὺ
962 658 1258 713 κελευσθὲν
1309 662 1608 730 ἐπεχείρει,
1641 663 1735 713 καὶ
1789 661 1912 730 βίαν

325 752 640 818 προσῆγεν,
686 751 748 802 οὐ
795 751 1100 821 συνεχώρει
1151 751 1212 804 τὸ
1264 751 1492 819 πλῆθος.
1533 751 1692 805 Ἐπεὶ
1723 752 1779 803 δὲ
1820 751 1915 801 καὶ

327 842 570 911 ἀμύνειν
597 842 835 910 ἑτοίμως
867 840 1039 912 εἶχον,
1073 843 1416 913 Ἑρμογένης
1445 843 1526 896 ἔτι
1557 843 1817 896 ἐπέκειτο
1846 847 1911 914 τῇ

329 937 718 1005 στρατιωτικῇ
751 936 900 1004 χειρὶ
949 935 1258 1006 χρώμενος.
1307 936 1382 987 Τὸ
1417 936 1472 987 δὲ
1515 935 1724 1003 πλῆθος
1769 937 1914 989 κατᾶ

330 1030 516 1098 βραχὺ
573 1029 870 1091 στασιάζον
917 1027 1207 1096 ἐξήπτετο,
1238 1028 1510 1098 καὶπρὸς
1560 1029 1916 1098 ἁλογωτέρας

327 1123 578 1173 ἐκινεῖτο
607 1119 808 1189 ὁρμάς.
847 1120 1083 1172 Ἔπειτα
1120 1120 1397 1190 πανδημεὶ
1443 1122 1788 1190 προσιόντες,
1818 1123 1917 1190 τὴν

346 1212 724 1279 Ἑρμογένους
755 1210 1112 1280 ἐμπιπρῶσιν
1139 1211 1343 1275 οίκίαν,
1369 1213 1462 1264 καὶ
1487 1213 1650 1265 αὑτὸν
1675 1214 1918 1266 κτείνουο

333 1323 446 1360 σιν.
487 1302 623 1358 Εἶτα
658 1306 892 1375 σχοινίον
921 1303 1226 1374 ἐξάψαντες
1254 1306 1364 1360 τῶν
1391 1307 1592 1372 ποδῶν,
1621 1304 1804 1362 εἷλκον
1831 1308 1921 1360 διὰ

335 1398 437 1464 τῆς
491 1396 776 1466 λεωφόρου
829 1396 933 1466 τῆς
975 1399 1209 1461 πόλεως.
1243 1397 1432 1452 Ταῦτα
1487 1397 1674 1467 μαθὼν
1705 1401 1734 1452 ὁ
1765 1399 1920 1453 Κων-

339 1489 618 1551 στάντιος,
658 1489 862 1550 ἱππεὺς
919 1489 1142 1552 ἐλάσας,
1193 1491 1293 1554 τὴν
1345 1489 1595 1560 βασιλίδα
1627 1491 1918 1544 κατέλαϐε.

341 1583 550 1644 ιςακῶς
575 1582 630 1634 δὲ
661 1582 796 1651 δρᾷν
818 1581 878 1633 τὸ
914 1581 1118 1650 πλῆθος
1142 1581 1556 1651 διανοούμενος,
1589 1585 1806 1652 παρῆκε
1837 1583 1923 1635 δε-

341 1675 725 1743 δακρυμένους
783 1672 925 1742 ὁρῶν
979 1673 1337 1737 ὑπαντῶντας
1375 1674 1543 1743 αὐτῷ.
1581 1673 1828 1742 Περιεῖλέ
1857 1691 1924 1741 γε

344 1769 460 1834 μὴν
503 1765 652 1832 ἀμφὶ
701 1763 762 1816 τδ
807 1763 982 1832 ἥμισυ
1017 1764 1112 1816 τοῦ
1150 1765 1300 1817 σίτου
1328 1803 1342 1828 ,
1393 1764 1454 1817 ὃν
1505 1766 1924 1828 Κωνσταντῖνος

343 1856 475 1910 κατ’
505 1856 624 1918 ἔτος
653 1857 716 1908 ἐκ
745 1857 842 1924 τῆς
883 1857 1309 1927 Ἀλεξανδρείας
1339 1857 1432 1911 καὶ
1462 1857 1573 1910 τῶν
1605 1857 1725 1911 κατ’
1757 1858 1923 1926 Αἴγυ-

343 1966 484 2000 πτον
535 1950 723 2016 φόρων
775 1950 887 2012 τοῖς
943 1949 1096 2011 ίδίοις
1146 1949 1407 2019 ἐδωρεῖτο
1453 1948 1744 2014 πολίταις·
1794 1951 1924 2014 ἴσως

343 2041 580 2108 ἄμεινον
627 2040 990 2110 λογισάμενος
1027 2041 1303 2112 περιελεῖν
1335 2041 1436 2104 τὰς
1466 2042 1687 2104 στάσεις
1717 2041 1923 2105 αὐτοῖς,

344 2131 460 2184 ὐπδ
495 2133 734 2200 τρυφῆς,
778 2131 853 2194 ὡς
885 2134 953 2186 τὰ
988 2132 1182 2199 πολλὰ,
1210 2133 1306 2186 καὶ
1355 2134 1643 2204 ῥᾳστώνης
1693 2133 1926 2201 φύεσθαι

347 2223 636 2286 εἰωθυίας.
701 2223 872 2278 Ὀκτὼ
905 2225 1015 2294 γὰρ
1051 2225 1318 2290 μυριάδες
1353 2224 1606 2294 μέδιμνοι
1640 2225 1764 2280 καθ’
1791 2226 1930 2295 ἡμέ-

351 2330 459 2384 ραν
491 2312 860 2382 ἐχορηγοῦντο
891 2313 1038 2365 σίτου
1071 2313 1148 2383 τῷ
1180 2312 1377 2391 πλῄθει
1405 2313 1547 2381 πρὸς
1573 2314 1930 2367 Κωνσταντε-

345 2423 446 2460 νου
473 2421 488 2438 ο
516 2398 592 2458 ὧν
621 2405 681 2457 τὸ
701 2405 874 2475 ἥμισυ
905 2405 1212 2475 τηνικαῦτα
1247 2405 1488 2474 περιεῖλε
1527 2405 1926 2468 Κωνστάντιος.

349 2495 468 2561 Τὴν
517 2494 694 2564 ἀργὴν
737 2494 794 2547 δὲ
825 2495 1012 2546 πᾶσαν
1063 2494 1294 2564 ἔτρεπεν
1329 2495 1420 2546 ἐπὶ
1457 2495 1668 2547 Παῦλον
1693 2511 1706 2526 ·
1739 2495 1834 2548 καὶ
1869 2494 1928 2546 οὐ

347 2585 450 2638 τοῦ
507 2585 700 2652 θρόνου
760 2585 940 2653 μόνον,
989 2585 1122 2638 ἀλλὰ
1159 2585 1256 2638 καὶ
1313 2585 1412 2656 τῆς
1449 2585 1656 2646 πόλεως
1707 2585 1927 2654 ἤλαυνε.

347 2676 720 2734 Χιλεπαίνων
747 2675 805 2727 δὲ
834 2677 930 2728 καὶ
953 2677 1298 2745 Manebo-aio),
1332 2677 1408 2738 ὡς
1443 2677 1691 2730 στάσεων
1722 2677 1818 2728 καὶ
1845 2675 1934 2728 θο-

354 2766 543 2838 ρύϐων
571 2767 757 2829 αἰτίῳ,
783 2767 845 2819 οὐ
891 2767 997 2836 μὴν
1031 2767 1090 2820 δὲ
1123 2768 1262 2820 ἀλλὰ
1293 2767 1390 2822 καὶ
1421 2767 1524 2836 τῆς
1549 2767 1642 2819 τοῦ
1677 2767 1936 2836 Ἑρμογέ-

351 2876 481 2920 νους
511 2858 870 2927 ἀναιρέσεως,
897 2859 991 2911 καὶ
1020 2859 1104 2912 ὅτι
1139 2859 1238 2928 τῆς
1299 2858 1508 2912 ἐκείνου
1545 2859 1676 2912 ἄνευ
1710 2861 1936 2926 ἐπιτρο-

353 2953 469 3018 πῆς
497 2952 600 3020 τὴν
627 2949 936 3020 ἱερωσύνην
967 2951 1256 3016 ἀνέλαϐεν,
1282 2949 1407 3004 οὔτε
1430 2953 1813 3022 συγκροτήσας
1835 2951 1934 3022 τὴν

353 3043 574 3098 ἐκείνου
623 3044 828 3114 ψῆφον,
868 3043 992 3097 οὔτε
1051 3046 1157 3116 μὴν
1191 3047 1694 3116 ἀποχειροτονήσας
1730 3045 1894 3099 αὐτὸν
1918 3087 1934 3111 ,

360 3137 532 3198 ἐάσας
579 3135 626 3188 δ’
671 3133 851 3199 οὕτως
900 3135 1044 3205 ἔχειν
1085 3140 1142 3189 ἐν
1251 3138 1488 3207 συνῆγεν
1526 3137 1814 3206 ἐκκλησίᾳ,
1856 3139 1936 3198 είς

2019 668 2209 721 videns
2240 667 2625 740 Hermogenes,
2655 675 2893 744 amplius
2923 677 3088 729 etiam
3128 673 3350 728 militari
3388 673 3591 725 robore

2016 759 2235 812 institit.
2279 761 2356 814 lbi
2389 763 2682 817 multitudo
2725 767 2790 819 ad
2827 766 3161 821 seditionem
3199 774 3250 818 ct
3295 763 3592 818 tumultum

2015 849 2274 918 paulatim
2305 855 2599 918 concitata,
2648 867 2846 926 przeter
2901 859 3170 912 rationem
3220 857 3287 910 ad
3325 857 3593 924 impetum

2020 944 2322 1012 prosiluit:
2369 953 2424 999 et
2471 945 2670 1002 deinde
2731 966 2836 1003 una
2879 949 3042 1004 simul
3099 965 3289 1004 omnes
3347 955 3594 1009 ruentes,

2023 1033 2379 1104 llermogenis
2399 1037 2617 1092 domum
2643 1042 2956 1106 incendere,
2985 1043 3272 1111 ipsumque
3299 1040 3551 1094 occidere
3582 1059 3594 1094 :

2020 1124 2150 1178 fune
2175 1141 2392 1194 quoque
2426 1129 2492 1181 ad
2532 1129 2696 1197 pedes
2725 1132 2844 1201 ejus
2881 1131 3122 1199 alligato,
3151 1146 3249 1200 per
3287 1129 3437 1183 urbis
3474 1129 3593 1180 vias

2025 1226 2260 1271 traxere.
2296 1219 2417 1273 liu-c
2463 1221 2555 1274 ubi
2597 1223 2660 1274 ad
2706 1222 3091 1279 Constantium
3125 1234 3250 1280 sunt
3284 1224 3452 1276 relata
3496 1221 3598 1290 (l).

2021 1323 2164 1378 equo
2192 1309 2396 1364 vehens
2429 1310 2958 1383 Constantinopolim
3007 1314 3178 1368 venit.
3216 1315 3284 1368 Et
3314 1329 3438 1367 cum
3477 1327 3601 1382 gra-

2021 1397 2162 1451 viter
2210 1398 2262 1451 in
2319 1400 2727 1454 multitudinem
2793 1403 3231 1458 animadvertere
3287 1401 3596 1461 statuisset,

2024 1504 2218 1541 noxam
2274 1491 2376 1555 eis,
2423 1492 2569 1559 quod
2630 1493 2999 1564 laerymantcs
3041 1495 3090 1548 ei
3133 1495 3346 1548 obviam
3404 1493 3600 1554 ierant,

2023 1581 2255 1633 remisit.
2291 1581 2580 1635 Dimidiam
2614 1593 2792 1638 tamen
2818 1585 3042 1640 circiter
3092 1584 3350 1639 frumenti
3387 1593 3600 1652 partem

2025 1669 2249 1733 ademit,
2296 1670 2442 1741 quod
2493 1673 2884 1727 Constantinus
2928 1673 3222 1742 quotannis
3256 1689 3320 1726 ex
3365 1673 3597 1725 Alexan-

2023 1763 2156 1818 driae
2184 1775 2240 1818 et
2263 1763 2478 1832 {Egypti
2507 1763 2748 1828 tributis,
2779 1764 2992 1818 civibus
3016 1764 3373 1834 suislargilus
3394 1764 3594 1829 fuerat;

2029 1855 2226 1910 melius
2260 1855 2508 1910 videlicet
2540 1855 2894 1910 Constantius
2915 1871 3034 1910 esse
3076 1856 3318 1920 rebatur,
3356 1856 3434 1909 sic
3462 1857 3606 1908 sedi.

2035 1946 2263 2006 tionem,
2301 1961 2462 2015 quam
2488 1945 2669 2010 aliter,
2701 1946 2953 2002 accidere
2983 1962 3195 2008 causas,
3227 1961 3346 2015 qua:
3383 1961 3444 1998 ex
3477 1945 3605 1999 luxu

2033 2038 2328 2107 plurimum
2361 2047 2416 2092 ct
2449 2039 2813 2092 secundarum
2849 2053 3030 2092 rerum
3063 2038 3282 2091 licentia
3319 2053 3604 2106 emergere
3645 2087 3662 2101 ,

2035 2128 2232 2182 solent.
2284 2129 2452 2199 Octog
2489 2139 2582 2184 nta
2634 2133 2780 2184 enim
2827 2130 2995 2184 millia
3034 2129 3441 2184 medimnorum
3499 2129 3609 2183 truc

2037 2219 2204 2272 menti
2244 2219 2490 2287 quotidie
2528 2233 2554 2271 a
2586 2217 2948 2272 Constantino
3004 2217 3149 2287 plebi
3187 2218 3328 2282 datae
3364 2216 3609 2279 fuerant,

2036 2311 2192 2380 cujus
2219 2309 2503 2364 dimidiam
2549 2321 2758 2380 partem
2795 2321 2906 2364 tum
2935 2310 3287 2364 Constantius
3318 2308 3610 2363 diminuit:

2038 2404 2116 2456 ira
2167 2403 2314 2454 omni
2366 2403 2419 2453 in
2477 2401 2700 2454 Paulum
2747 2415 3050 2464 conversa,
3085 2415 3249 2468 quem
3293 2415 3398 2452 non
3435 2398 3610 2451 solum

2039 2481 2259 2556 throno,
2291 2495 2381 2548 sed
2431 2495 2566 2547 urbe
2617 2497 2780 2547 etiam
2815 2495 2997 2560 cjccit.
3022 2492 3338 2547 Macedonio
3391 2505 3610 2560 quoque

2038 2602 2390 2646 succensens,
2429 2598 2485 2640 ut
2516 2586 2872 2650 seditionum,
2897 2586 3254 2650 tumultuum,
3289 2592 3452 2656 atque
3479 2582 3616 2634 adeo

2039 2680 2202 2734 caedis
2233 2678 2593 2748 Hermogenis
2619 2679 2847 2743 auctori,
2890 2689 2943 2732 et
2966 2679 3109 2748 quod
3143 2677 3351 2748 injussu
3379 2692 3475 2731 suo
3505 2676 3620 2742 epi-

2041 2779 2323 2838 sc0patum
2370 2771 2701 2840 recepisset.
2743 2759 3010 2824 electione
3063 2769 3184 2838 ejus
3236 2783 3414 2836 neque
3467 2783 3621 2820 eom-

2042 2863 2265 2932 probata
2308 2877 2483 2931 neque
2537 2861 2794 2932 abrogata
2819 2902 2833 2926 ,
2867 2861 2921 2915 in
2964 2875 3137 2929 eaque
3176 2875 3282 2928 qua
3317 2868 3621 2914 conventus

2043 2957 2238 3026 agebat
2288 2955 2540 3023 ecclesia,
2601 2970 2726 3009 eum
2781 2955 2862 3008 sie
2919 2968 3139 3006 manere
3184 2966 3401 3020 passus,
3433 2949 3624 3001 Antio-

2045 3050 2224 3105 chiam
2261 3045 2511 3102 revertit.
2566 3045 2729 3118 685
2772 3046 3016 3099 luterera
3058 3043 3246 3096 Aiiani
3293 3041 3616 3110 Gregorium

2043 3142 2274 3212 perinde
2323 3139 2574 3210 atquein
2627 3140 2945 3207 religionem
2994 3149 3240 3204 segnem,
3282 3143 3338 3189 et
3383 3134 3623 3188 Alexaih

355 3230 463 3295 τὴν
491 3227 773 3299 Ἀντιόχου
804 3229 1174 3300 ἀπέστρεφεν.
1209 3231 1302 3282 Ἐν
1325 3229 1498 3298 τούτῳ
1524 3229 1578 3280 δὲ
1608 3231 1702 3282 καὶ
1723 3230 1939 3296 Ἀρεια-

2044 3233 2218 3286 drinis
2282 3231 2464 3285 minus
2516 3239 2752 3300 gratum,
2810 3241 2866 3284 ct
2899 3238 3122 3299 propter
3170 3226 3448 3290 ecclesias,
3501 3241 3622 3294 quae

357 3322 446 3374 νοὶ
495 3320 574 3382 ὡς
617 3322 768 3391 νωθῆ
821 3324 951 3393 περὶ
986 3324 1088 3391 τὴν
1121 3322 1422 3394 θρησκείαν
1467 3323 1797 3392 Γρηγὸριον,
1845 3321 1940 3374 καὶ

357 3410 438 3470 ὡς
483 3411 602 3472 τοῖς
667 3410 1122 3480 Ἀλεξανδρεῦσιν
1174 3410 1420 3480 ἀγλευκῆ
1477 3409 1826 3474 καθεστῶτα,
1865 3407 1946 3462 ἑτι

361 3502 424 3554 δὲ
459 3505 557 3556 καὶ
583 3503 673 3555 διὰ
709 3504 778 3556 τὰ
823 3495 1111 3574 συμϐάντα
1143 3507 1211 3573 τῇ
1245 3504 1438 3572 εἰσόδῳ
1471 3503 1641 3556 αὑτοῦ
1673 3503 1814 3557 κατὰ
1847 3503 1945 3574 τὴν

366 3591 678 3662 ἐκκλησίαν
744 3593 840 3646 τοῦ
890 3595 1022 3663 παρ’
1079 3595 1262 3656 αὐτοῖς
1307 3595 1609 3647 ἐπισκόπου
1649 3594 1948 3657 Διονυσίου,

372 3683 677 3750 μεθιστῶσι
714 3684 812 3753 μὲν
843 3687 1048 3740 ἐκεῖνον
1075 3727 1089 3752 ,
1131 3687 1406 3756 Γεώργιον
1457 3687 1514 3740 δέ
1543 3703 1688 3750 τινα,
1716 3688 1950 3740 Καππα-

369 3775 542 3844 ἰόκην
575 3775 638 3828 τὸ
671 3776 851 3843 γένος,
899 3777 1045 3849 μάζῃ
1079 3779 1174 3832 καὶ
1203 3779 1454 3848 πιτύροις
1503 3778 1954 3848 κατατετριμμέ-

373 3883 491 3933 νον,
525 3868 603 3931 ὡς
643 3870 738 3922 καὶ
764 3871 1010 3941 ταρίχων
1037 3873 1218 3942 κρεῶν
1250 3873 1413 3926 ὑείων
1439 3873 1642 3943 ταμίαν
1669 3873 1949 3941 γενέσθαι,

375 3954 466 4010 οἷα
505 3959 564 4011 δὲ
601 3964 731 4030 περὶ
771 3961 870 4030 τὴν
920 3962 1218 4033 θρησκείαν
1270 3964 1617 4034 δραστήριον,
1669 3965 1953 4020 ἀντικαθι-

379 4050 554 4106 στῶσι
589 4050 670 4121 τῷ
697 4051 797 4123 τῆς
839 4054 1191 4125 Ἀλεξάνδρου
1221 4055 1418 4128 θρόνῳ.

981 4169 1206 4221 ΚΕΦΑΛ
1219 4209 1232 4222 .
1273 4170 1354 4223 Il'.

383 4251 490 4330 Ὣς
535 4254 894 4330 Ἀθαγςάσιος
920 4259 1016 4330 καί
1050 4259 1660 4330 Παῦλοςγρίίμμασιν
1691 4262 1953 4319 Ἰουλίου

451 4325 881 4393 όχυρωθέντες,
921 4328 1067 4392 τοὺς
1091 4329 1288 4394 ἰδίους
1319 4325 1573 4398 θρώπὸυς
1621 4333 1952 4388 ἀπέλαϐον.

467 4438 788 4501 “suam;
816 4440 873 4494 δὲ
911 4445 1022 4498 τοῖς
1075 4445 1131 4495 ἐν
1172 4443 1359 4518 Ῥώμῃ
1391 4447 1568 4516 διῆγε,
1599 4449 1953 4514 Κώνσταντος

381 4531 477 4583 τοῦ
509 4534 780 4603 νεωτέρου
812 4535 920 4588 τῶν
967 4537 1382 4592 Κωνσταντίνου
1419 4542 1622 4594 παίδων
1657 4543 1754 4611 τῆς
1791 4544 1956 4596 ὲσπέιι

2045 3322 2388 3378 Alexandria:
2445 3321 2691 3391 Dionysii
2744 3320 2983 3388 episcopi
3037 3319 3237 3382 fuerat,
3291 3319 3342 3371 in
3382 3317 3616 3372 introitu

2047 3416 2165 3486 ejus
2198 3413 2701 3484 conﬂagrationem,
2729 3412 3046 3480 episcopatu
3079 3418 3300 3463 movent
3331 3427 3344 3464 :
3371 3418 3425 3463 et
3451 3410 3624 3464 Geor-

2048 3509 2195 3580 gium
2236 3507 2530 3578 quemdam
2589 3505 2969 3574 Cappadocem
3036 3517 3273 3572 genere,
3335 3501 3428 3570 qui
3482 3501 3627 3556 circa

2051 3615 2248 3670 panem
2280 3599 2526 3653 viliorem
2557 3605 2618 3652 et-
2644 3596 2822 3650 furl'ur
2851 3605 3062 3650 aetatem
3091 3603 3298 3663 egeret,
3342 3594 3618 3648 succidite-

2051 3706 2157 3760 qnc
2190 3689 2326 3744 adeo
2354 3688 2526 3744 suillze
2582 3704 2806 3758 promus
2854 3686 3064 3740 condus
3115 3687 3314 3751 fuerat,
3367 3685 3511 3756 quod
3570 3686 3624 3738 in

2053 3781 2313 3848 religione
2347 3777 2546 3832 tuenda
2583 3777 2888 3830 industrius
2939 3786 3104 3842 esset,
3141 3791 3240 3846 pro
3291 3792 3357 3830 eo
3407 3775 3462 3830 in
3497 3773 3625 3828 Ale-

2053 3870 2320 3926 xandrina
2351 3870 2478 3927 sede
2508 3871 2873 3926 collocarunt.

2643 4163 2869 4219 CAPUT
2900 4165 3033 4220 Vill.

2061 4258 2126 4314 Ut
2179 4260 2496 4314 Athanasius
2528 4267 2576 4310 et
2631 4257 2848 4321 Paulus,
2886 4258 3089 4338 .litleris
3134 4255 3267 4310 Julii
3294 4254 3436 4322 freti,
3482 4254 3629 4306 sedes

2618 4345 2742 4382 suas
2773 4337 3080 4396 receperint.

2130 4439 2460 4495 Athanasius
2492 4451 2674 4496 autem
2709 4439 2892 4492 Romae
2923 4438 3137 4502 agebat,
3159 4437 3461 4512 Constante
3489 4435 3632 4490 Con-

2059 4533 2283 4589 stantini
2311 4533 2539 4589 minimo
2571 4541 2700 4586 natu
2727 4531 2838 4584 tilio
2868 4532 2962 4584 toti
2987 4529 3276 4584 Occidenti
3304 4531 3628 4596 imperante.

385 4637 484 4690 ρας
508 4625 691 4693 πάσης
724 4628 1112 4696 κατάρχοντος.
1150 4631 1240 4683 Ἐν
1267 4633 1450 4701 ταυτῷ
1475 4634 1530 4686 δὲ
1563 4635 1772 4697 Παῦλος
1802 4639 1828 4688 ὁ
1860 4638 1926 4707 τῆ

2067 4625 2226 4681 Venit
2271 4643 2337 4682 eo
2366 4625 3010 4694 Constantinopolitanus
3043 4637 3262 4690 quoque
3308 4620 3531 4680 Paulus,
3576 4628 3633 4671 et

385 4717 807 4770 Κωνσταντίνου
863 4721 1079 4788 ἀφῖκτο,
1109 4725 1202 4776 καὶ
1253 4725 1574 4795 Μάρκελλος
1607 4728 1634 4779 ὁ
1679 4728 1958 4799 Ἄγκυρα-

380 4807 494 4870 νδς,
527 4805 596 4859 δι’
628 4811 806 4874 αἰτίας
847 4811 1026 4882 ἇσπερ
1055 4815 1382 4884 εἰρήκαμεν,
1415 4818 1510 4870 καὶ
1563 4819 1899 4888 Ἀσκληπᾶς,
1932 4823 1960 4874 ὁ

383 4899 487 4966 τῆς
523 4897 773 4962 Γαζαίων
808 4903 1105 4966 ἐπίσκοπος
1133 4921 1147 4936 ⁴
1191 4907 1246 4969 ὃς
1282 4907 1346 4978 δὴ
1378 4911 1472 4960 καὶ
1504 4908 1660 4973 οὗτος
1695 4913 1960 4980 γενναίαις

383 4980 821 5060 ἁντιφερὸμενος
863 4997 976 5058 τοῖς
1039 4997 1359 5067 ’Λρτιανοῖς,
1405 5003 1623 5070 γραφὴν
1663 5004 1802 5074 πρὸς
1853 5003 1962 5056 τῶν

383 5081 454 5132 δι’
482 5083 737 5146 ἐναντίας
781 5084 1022 5150 ὑποστὰς
1073 5087 1148 5150 ὠς
1197 5090 1282 5160 εἴη
1317 5089 1705 5164 θυσιαστήριον
1735 5096 1964 5166 ἀνατρέ-

385 5170 519 5239 ψας,
565 5171 848 5243 ἀφῄρηται
885 5177 984 5248 τὴν
1025 5179 1358 5253 ἐπισκοπὴν.
1395 5185 1696 5249 Κυντιανδς
1731 5187 1786 5240 δὲ
1834 5187 1966 5240 ταύ-

388 5281 494 5333 την
549 5267 880 5333 ἐλάμϐανεν.
947 5271 1170 5340 Ἐπίσης
1225 5275 1280 5330 δὲ
1339 5279 1436 5328 καὶ
1489 5278 1720 5340 Λούκιος
1775 5282 1804 5333 ὁ
1868 5280 1965 5348 τῆς

402 5355 692 5425 Ἀδριανοῦ
725 5359 1032 5430 ἐγκληθεὶς,
1063 5365 1156 5416 καὶ
1189 5366 1288 5436 τῆς
1316 5367 1472 5431 ἀξίας
1507 5368 1840 5438 γυμνωθεὶς,
1874 5371 1966 5423 καὶ

391 5449 560 5513 αὐτὸς
591 5446 730 5521 ἧκεν
763 5457 844 5516 είς
886 5454 1126 5524 Ῥώμην.
1177 5457 1332 5512 Ἐπεὶ
1374 5460 1430 5514 δὲ
1481 5461 1550 5514 τὰ
1601 5462 1723 5514 κατ’
1769 5463 1966 5524 αὐτοὺς

391 5542 616 5610 ἀνέγνω
643 5545 672 5597 ὁ
715 5545 935 5616 Ῥώμης
975 5549 1220 5621 Ἰούλιος,
1253 5553 1618 5619 ὁμονοοῦντας
1655 5556 1804 5624 ὅμως
1838 5556 1968 5625 περὶ

389 5638 463 5688 τὰ
495 5637 556 5688 ἐν
591 5636 800 5710 Nncan
828 5640 1130 5712 δεδογμένα
1183 5644 1380 5716 εὑρὼν,
1426 5647 1712 5710 κοινωνίας
1744 5647 1964 5718 ἠξίωσε.

468 5798 549 5868 (t)
588 5800 720 5854 Acta
747 5811 877 5856 sunt
910 5803 1026 5860 hmc
1051 5805 1374 5862 Constantio
1407 5823 1464 5860 Ill
1521 5814 1574 5860 et
1598 5805 1902 5860 Constante
1932 5821 1966 5858 ll

394 5885 569 5937 cuss.,
603 5887 712 5940 quo
763 5883 1011 5942 tempore
1062 5877 1333 5932 Constans
1383 5877 1714 5934 Francorum
1752 5885 1966 5947 gentem

2063 4719 2348 4774 Marcellus
2385 4723 2736 4788 Ancyranus,
2770 4729 2997 4787 preptcr
3031 4729 3151 4768 eam
3188 4728 3350 4781 quam
3393 4711 3634 4765 diximus

2065 4827 2306 4876 causam,
2339 4811 2595 4878 Asclepas
2624 4813 2787 4862 etiam
2838 4805 3154 4861 Gazmornm
3189 4803 3500 4872 cpiscopus,
3538 4801 3632 4868 qui

2063 4911 2120 4957 et
2157 4904 2273 4973 ipse
2299 4901 2444 4970 quod
2477 4899 2692 4954 fortiter
2730 4897 2950 4951 Arionis
2993 4895 3296 4957 resisteret,
3327 4893 3634 4945 accusatio-

2064 5012 2188 5052 nem
2211 4995 2612 5065 iudiciumque,
2640 4991 2795 5062 quasi
2821 4989 3075 5045 sacriﬁcii
3123 5001 3272 5040 aram
3320 4983 3630 5040 evertisset.

2067 5086 2328 5144 sustinuit
2357 5103 2370 5138 :
2403 5095 2458 5140 et
2487 5084 2556 5138 ob
2581 5083 2633 5136 id
2674 5085 3049 5152 episcopatum
3101 5078 3375 5148 deponere
3407 5081 3632 5127 coaetus

2067 5180 2190 5246 fuit,
2229 5193 2391 5248 quem
2422 5176 2797 5247 episcopatum
2823 5173 3158 5239 Quintianus
3179 5182 3263 5226 est
3284 5176 3629 5224 consecutus.

2067 5271 2271 5325 Lucius
2303 5277 2564 5339 praeterea
2599 5265 3121 5335 Adrianopolitanus
3169 5261 3360 5316 eodem
3399 5256 3632 5310 crimine

2068 5364 2303 5424 delatus,
2334 5370 2389 5416 et
2415 5359 2679 5431 dignitate
2715 5360 2900 5413 itidem
2931 5360 3217 5426 spoliatus.
3253 5353 3474 5405 Romam
3507 5362 3636 5400 con-

2069 5457 2225 5525 fugit.
2276 5455 2480 5508 llorum
2515 5469 2680 5508 causa
2709 5451 2888 5506 Julius
2937 5450 3167 5502 antistes
3215 5445 3636 5496 Romannsrco-

2069 5549 2239 5618 gnita,
2273 5548 2418 5616 quod
2462 5545 2866 5600 consentientes
2905 5541 3010 5594 sibi
3043 5539 3109 5592 de
3137 5535 3368 5590 Nicrnis
3399 5534 3637 5590 decretis

2073 5638 2303 5703 invenit,
2335 5637 2722 5693 conununione
2757 5648 2854 5687 eos
2891 5639 2976 5684 est
3005 5629 3279 5696 dignatus.
3309 5626 3412 5679 Pro
3443 5625 3639 5693 ampli-

2073 5801 2216 5854 l‘ello
2260 5799 2452 5852 victam
2488 5795 2688 5850 foedere
2719 5791 2819 5848 sibi
2854 5790 3157 5860 conjunxit.
3200 5785 3636 5861 (Socrat.lib.u,

2074 5887 2192 5940 cap.
2235 5871 2336 5932 13y
2774 5893 2776 5896 ·
