3988 6190
347 422 453 485 243

1572 418 1990 481 ΝΡΟΕΡΠΟῘΠ
2033 417 2370 476 CALLISTl

3482 399 3588 463 2-H

352 539 542 592 tudine
591 545 772 592 autem
825 537 970 592 sedis
1026 552 1159 600 suae,
1209 551 1277 592 ex
1332 538 1502 592 veteri
1552 537 1839 607 privilegio
1864 544 1919 589 et

2040 536 2112 606 Γῷ
2145 534 2199 587 δὲ
2229 534 2324 588 τοῦ
2362 533 2555 603 θρόνου
2583 533 2856 601 ἀξιώματι
2906 529 2969 581 ἑκ
3001 526 3107 580 τῶν
3160 522 3422 577 ἀνέκαθεν
3461 538 3590 588 προ-

349 629 820 699 pnerogativaﬂ),
855 643 1168 698 persuasum
1190 628 1420 690 habens.
1441 630 1686 684 omnium
1714 630 1918 696 ubique

350 723 732 792 episcoporum
763 735 948 774 curam
998 730 1054 774 et
1078 719 1351 789 judicium
1402 722 1469 776 ad
1529 737 1587 776 se
1619 723 1916 790 pertinere,

349 812 491 864 datis
547 810 744 879 cuique
795 808 1074 864 liberrime
1121 811 1341 880 scriptis
1391 812 1613 877 litteris,
1668 826 1795 865 suas
1837 810 1921 867 eis

349 901 608 957 ecclesias
659 900 939 963 reddidit,
974 916 1180 972 eosque
1233 918 1287 955 tn
1327 901 1609 957 Orientem
1659 901 1918 956 remisit:

351 974 446 1048 eos
479 992 571 1060 qui
609 1000 816 1046 temere
846 992 970 1046 illos
1001 1002 1476 1056 exauctorassent,
1524 994 1918 1062 perstringens.

353 1094 412 1138 ut
441 1083 532 1152 qui
559 1099 663 1136 non
691 1093 838 1138 recta
869 1093 1233 1152 sequerentur
1266 1084 1515 1146 consilia,
1550 1095 1841 1151 motusque
1867 1090 1924 1135 et

356 1177 546 1228 turbas
575 1175 824 1229 ecclesiis
855 1186 1130 1239 crearent,
1153 1191 1330 1244 neque
1361 1174 1527 1228 semel
1547 1174 1736 1228 Nicaea:
1767 1173 1925 1227 factis

357 1267 480 1321 tidei
517 1266 754 1321 decretis
785 1276 1016 1320 starent.
1049 1266 1126 1319 Ad
1161 1267 1276 1320 hinc
1300 1267 1583 1336 praecepit,
1617 1274 1677 1320 ut
1702 1265 1923 1334 quidam

354 1380 420 1418 ex
449 1364 531 1416 eis
561 1362 627 1415 ad
661 1361 808 1414 diem
851 1361 1210 1415 constitutum
1253 1360 1436 1413 Romae
1488 1369 1686 1427 prazsto
1715 1365 1923 1421 essent,

358 1453 454 1522 qui
491 1463 638 1507 recte
693 1451 1020 1505 sententiam
1074 1451 1126 1504 in
1164 1450 1556 1506 condemnatos
1593 1450 1758 1503 latam
1804 1463 1926 1503 esse

357 1544 673 1612 probarent.
713 1542 809 1597 Sin
838 1542 1041 1606 minus,
1071 1543 1248 1596 minas
1275 1541 1488 1596 addidit
1518 1557 1530 1592 :
1566 1540 1668 1594 nisi
1699 1557 1728 1593 a
1760 1539 1927 1593 rebus

360 1636 622 1691 novandis
656 1635 1008 1698 desisterent,
1054 1649 1113 1688 se
1147 1634 1216 1688 ab
1250 1634 1331 1686 eis
1380 1648 1564 1688 sacras
1605 1641 1924 1688 exacturum

358 1744 576 1800 poenas.
616 1725 946 1783 Athanasius
971 1767 985 1789 ,
1033 1735 1089 1780 et
1121 1726 1213 1794 qui
1255 1740 1378 1779 cum
1411 1740 1478 1780 eo
1525 1732 1705 1788 erant,
1743 1723 1928 1778 missis

359 1822 426 1876 ad
459 1819 765 1874 Orientales
790 1816 1078 1887 episcopos
1120 1816 1350 1878 litteris,
1383 1815 1648 1871 ecclesias
1688 1830 1816 1869 suas
1844 1830 1929 1870 re-

359 1916 646 1978 crperunt.
678 1907 844 1977 686
881 1905 961 1960 Illi
1010 1905 1403 1958 contumeliam
1448 1919 1572 1959 esse
1625 1905 1728 1958 rati
1795 1903 1924 1960 Julii

361 1999 821 2070 objurgationem,
852 1996 1155 2051 Antiochiae
1187 1997 1525 2066 congregati,
1557 1995 1624 2050 de
1655 1995 1926 2050 sententia

361 2091 605 2144 omnium
634 2088 921 2159 epistolam
953 2089 1017 2142 ad
1047 2103 1174 2142 eum
1208 2087 1428 2152 misere,
1465 2087 1775 2142 luculenter
1807 2087 1933 2157 qui-

363 2183 486 2237 dem
549 2182 696 2236 illam
745 2182 1024 2250 scriptam,
1075 2179 1269 2234 ironiis
1319 2187 1500 2233 autem
1559 2178 1932 2248 aculeatisqne

363 2275 547 2329 verbis
580 2274 855 2337 refertam,
885 2273 1266 2342 forensemque
1300 2282 1354 2326 et
1387 2273 1704 2343 judicialem
1733 2273 1785 2326 in
1821 2289 1936 2326 mo-

366 2367 493 2416 dum
525 2365 880 2431 compositam
907 2401 923 2426 ,
954 2371 1010 2416 et
1038 2378 1158 2430 qua:
1189 2363 1313 2432 styli
1342 2363 1393 2416 vi
1421 2373 1475 2415 et
1521 2365 1784 2432 gravitate
1830 2362 1932 2414 tui-

369 2466 559 2502 narnm
594 2465 787 2518 expers
835 2465 941 2502 non
991 2458 1155 2503 esset.
1201 2450 1555 2519 Scripserunt
1599 2447 1788 2510 enim.
1825 2451 1935 2504 Ro-

370 2557 540 2593 mane
600 2541 822 2609 quidem
865 2541 1006 2595 -urbi
1059 2542 1130 2596 ab
1192 2543 1447 2599 omnibus
1526 2543 1933 2598 observantiam

370 2632 619 2686 exhiberi
649 2643 703 2686 et
733 2634 997 2687 honorem
1033 2651 1048 2687 :
1081 2635 1283 2704 quippe
1313 2650 1434 2703 qure
1478 2635 1782 2705 antiquitus
1804 2652 1938 2706 apo-

369 2725 634 2779 stolorum
668 2725 1007 2780 domicilium
1051 2735 1105 2781 et
1160 2726 1368 2788 schola,
1403 2742 1656 2795 veraeque
1699 2727 1936 2796 pietatis,

370 2817 646 2885 utaliquis
668 2817 833 2878 dicat.
869 2817 1188 2886 metropolis
1214 2827 1270 2870 et
1300 2817 1556 2887 primaria
1587 2819 1718 2871 urbs
1741 2818 1938 2872 fuerit:

371 2909 622 2978 quamvis
645 2924 710 2964 ex
741 2909 963 2965 Oriente
995 2924 1278 2979 praecones
1320 2910 1438 2980 ejus
1471 2925 1538 2964 eo
1574 2911 1846 2971 venerint.
1882 2925 1941 2967 se

374 3012 553 3056 tamen
586 3016 694 3054 non
737 3000 862 3054 ideo
905 2999 1175 3055 secundas
1222 3000 1364 3055 ferre
1397 2999 1622 3062 debere,
1659 3004 1806 3070 quod
1837 3003 1941 3057 Ec-

374 3092 556 3148 clesia:
610 3092 988 3162 magnitudine
1034 3093 1348 3162 superiores
1393 3108 1501 3148 non
1553 3104 1760 3160 essent,
1817 3111 1940 3150 cum

374 3184 579 3238 virtute
603 3193 658 3239 et
706 3183 869 3238 rebus
901 3183 1023 3238 aliis
1050 3185 1264 3254 priores
1309 3198 1370 3238 se
1399 3198 1519 3238 esse
1544 3185 1942 3240 existimarent.

377 3275 511 3330 Illud
543 3275 709 3330 etiam
755 3276 1003 3332 criminis
1058 3277 1178 3332 loco
1207 3276 1460 3348 objecere
1485 3316 1500 3338 ,
1537 3280 1946 3334 communicare

376 3383 502 3422 eum
539 3383 661 3422 cum
685 3367 986 3422 Athanasio
1016 3368 1258 3423 animum
1311 3369 1590 3424 induxisse
1623 3387 1636 3422 :
1672 3369 1834 3440 idque
1865 3371 1947 3423 ill--

379 3457 544 3528 digne
584 3459 782 3524 tulere,
819 3457 984 3512 veluti
1018 3460 1348 3512 contumelia
1373 3459 1563 3530 synodi
1593 3475 1786 3514 eorum
1822 3475 1951 3514 sen-

379 3551 563 3603 tentia:
594 3550 828 3619 irrogata
864 3559 1027 3604 esset.
1079 3549 1144 3602 Et
1189 3549 1396 3605 factum
1440 3551 1642 3619 ipsum,
1693 3560 1753 3604 ut
1800 3552 1945 3621 quod

380 3654 571 3696 contra
615 3641 926 3696 sanctiones
961 3642 1220 3696 Ecclesiae
1263 3642 1642 3712 processisset,
1701 3643 1948 3713 iniquum

384 3748 526 3795 esse,
587 3741 717 3784 sunt
757 3731 1093 3786 calumniati.
1138 3736 1318 3804 Atque
1367 3750 1507 3805 a’gre
1556 3735 1606 3790 id
1671 3735 1752 3790 eis
1805 3752 1947 3802 esse,

387 3835 642 3889 recteque
669 3835 725 3873 se
752 3837 876 3875 eum
904 3823 1324 3891 reprehendere,
1368 3841 1490 3878 rum
1519 3825 1786 3881 dixissent
1818 3844 1831 3880 :
1861 3844 1952 3896 po-

384 3924 626 3976 stremo,
664 3914 932 3982 siquidem
981 3929 1104 3968 cum
1153 3918 1478 3971 sententiam
1542 3919 1783 3988 ipsorum
1843 3937 1950 3988 qua

385 4004 508 4057 illos
543 4004 1019 4069 condemnassent,
1060 4017 1172 4060 tum
1211 4008 1536 4062 electionem
1584 4026 1772 4064 eorum
1815 4026 1954 4080 quos

387 4111 486 4162 pro
517 4095 626 4149 illis
657 4097 904 4151 ecclesiis
936 4097 1309 4166 prmfecissent
1335 4140 1349 4164 ,
1391 4103 1777 4171 comprobaret
1800 4143 1814 4165 ,
1862 4120 1954 4173 pa-

387 4196 538 4240 catos
573 4188 737 4240 etiam
773 4202 831 4240 se
861 4186 999 4250 fore,
1027 4198 1082 4242 et
1114 4205 1238 4243 cum
1285 4192 1402 4260 ipso
1432 4195 1954 4251 communicaturos.

391 4276 486 4331 Sin
519 4277 794 4330 adversari
831 4278 911 4332 eis
945 4292 1217 4354 pergeret,
1242 4291 1298 4334 et
1331 4283 1474 4350 ipsos
1513 4285 1837 4352 coniunctos
1865 4287 1958 4340 ad-

2021 630 2223 698 νομίων
2261 627 2412 690 εἰδὼς
2445 627 2826 694 προσήκουσαν
2856 618 3037 687 ἑαυτῷ
3065 618 3165 690 τὴν
3189 617 3297 670 τῶν
3338 616 3588 670 ἅπαντα·

2021 721 2119 790 χοῦ
2143 720 2338 788 ίερέων
2365 715 2692 786 κηδεμονίαν
2719 732 2778 767 τε
2805 716 2898 767 καί⁹
2924 711 3240 780 ἀνάκρισιν,
3274 703 3589 777 παρρησίας

2027 810 2245 878 μεστοῖς
2290 805 2583 876 γράμμασι
2636 802 2974 864 καθοπλίσας
3003 801 3220 859 αὐτοὺς,
3245 797 3458 862 ἑκάστῳ
3490 793 3591 860 τὴν

2025 901 2161 954 ἰδίαν
2191 881 2489 968 ἐκκλησίαν
2518 897 2807 964 ἀπένειμε,
2847 893 2938 947 καὶ
2961 893 3040 954 είς
3061 890 3160 959 τὴν
3180 889 3256 942 ἑω
3286 887 3589 952 ἐξέπεμπε,

2022 994 2433 1061 καθαπτόμενος
2484 990 2591 1044 τῶν
2637 987 2929 1060 προπετῶς
2982 985 3321 1040 καθελόντων
3370 978 3589 1035 αὐτοὺς,

2025 1087 2122 1139 an
2153 1085 2218 1155 δὴ
2256 1085 2329 1155 μὴ
2381 1083 2826 1154 βεδουλευμένων
2873 1078 2940 1131 τὰ
2985 1077 3192 1138 δέοντα,
3236 1071 3305 1124 δι’
3337 1070 3500 1140 δχλου
3531 1083 3590 1118 τε

2024 1178 2325 1246 γινομένων
2362 1178 2479 1239 ταῖς
2529 1171 2870 1241 ἐκκλησίαις,
2895 1168 2989 1222 καὶ
3031 1165 3108 1236 μὴ
3137 1162 3486 1233 ἐμμενόντων
3521 1160 3591 1225 τῇ

2026 1268 2285 1333 καθάπαξ
2305 1269 2365 1320 ἑν
2394 1266 2605 1336 Νικαίᾳ
2632 1262 2948 1334 κυρωθείσῃ
2975 1260 3178 1312 πίστει.
3211 1255 3352 1323 Πρὸς
3385 1253 3448 1318 δὴ
3473 1251 3595 1301 τοὺ·

2025 1379 2139 1424 τοις
2175 1361 2414 1423 ἐκέλευε,
2445 1359 2536 1411 καί
2569 1373 2718 1419 τινας
2749 1356 2829 1417 είς
2869 1351 3039 1422 ῥητὴν
3071 1349 3287 1418 ἡμέραν
3315 1345 3592 1413 παρεῖναι.

2024 1454 2418 1522 διελέγξοντας,
2442 1451 2516 1514 ὡς
2546 1450 2734 1503 δικαία
2761 1450 2795 1518 ἡ
2829 1445 2922 1499 ἐπὶ
2958 1445 3070 1500 τοῖς
3097 1435 3594 1508 καταψηφισθεῖσιν

2027 1545 2232 1615 ἠνέχθη
2265 1543 2410 1613 δίκη.
2459 1542 2521 1595 El
2575 1541 2620 1594 δ’
2673 1539 2791 1602 οὖν,
2822 1536 3062 1606 ἠπείλει,
3091 1535 3139 1586 εί
3190 1532 3265 1600 μὴ
3299 1527 3592 1580 παύσοιντο

2029 1642 2269 1703 νεώτερα
2323 1640 2677 1705 πράττοντες,
2723 1634 2821 1701 τὴν
2877 1631 3031 1702 ίεράν
3085 1620 3596 1694 είσπραχθήσεσθαι

2029 1733 2345 1802 καταδίκην.
2391 1731 2456 1786 Οἱ
2508 1731 2607 1800 μὲν
2656 1724 2748 1782 οὖν
2779 1724 2928 1796 ἀμφὶ
2971 1723 3064 1776 τὸν
3111 1715 3428 1772 Ἀθανάσιον
3471 1708 3598 1768 τοὺς

2031 1826 2266 1888 οἰκείους
2305 1824 2506 1886 τόπους
2535 1819 2832 1881 ἀπέλαϐον,
2863 1812 3301 1883 διαπεμψάμενοι
3334 1806 3435 1866 τὰς
3475 1806 3602 1854 ἑπι-

2039 1916 2229 1976 στολάς
2254 1915 2365 1975 τοῖς
2393 1911 2549 1982 ἑῴοις
2581 1908 2691 1962 τῶν
2731 1906 3052 1960 ἐπισκόπων
3073 1918 3089 1933 ο
3123 1897 3282 1967 ὕϐριν
3313 1894 3366 1947 δὲ
3403 1891 3603 1982 ἐκεῖνοι

2035 2004 2391 2072 λογισάμενοι
2418 1979 2516 2068 τὴν
2556 1995 2650 2050 τοῦ
2693 1994 2911 2050 Ἰουλίου
2955 1985 3270 2056 ἐπίπληξιν,
3313 1983 3499 2051 ἀθρόοι
3534 1979 3604 2072 ,ἑν

2047 2071 2351 2164 Ἀντιοχείᾳ
2414 2091 2720 2159 γενόμενοι,
2759 2088 2858 2157 μιᾷ.
2912 2083 3110 2152 γνώμῃ
3161 2076 3312 2146 αὐτῷ
3354 2071 3605 2128 ἑπιστέλ-

2037 2187 2225 2241 λουσιν
2257 2183 2547 2252 ἐπιστολήν
2586 2198 2732 2242 τινα,
2764 2176 3004 2247 φαιδρῶς
3061 2173 3160 2243 μὲν
3211 2164 3602 2235 συγκειμένην,

2041 2276 2243 2347 μεστὴν
2265 2273 2321 2325 δὲ
2345 2272 2633 2342 εἰρωνείας
2656 2267 2875 2355 πολλῆς,
2899 2266 2993 2318 καὶ
3013 2259 3304 2355 δικανικως
3326 2257 3608 2355 διεσκευα-

2042 2338 2268 2436 σμένην.
2323 2338 3025 2431 Δεινότητιδὲ’χρώματος
3077 2352 3201 2420 οὐδὲ
3254 2350 3484 2419 ἄμοιρος
3535 2338 3606 2412 ἧν

2038 2461 2290 2530 ἀπειλῆς.
2321 2458 2432 2530 Τὴν
2468 2456 2568 2526 μὲν
2595 2455 2706 2523 γὰρ
2749 2451 3038 2522 Ῥωμαίων
3067 2445 3225 2499 πόλιν
3255 2443 3389 2496 πᾶσι
3418 2439 3608 2509 φέρειν

2040 2549 2353 2618 φιλοτιμίαν
2379 2547 2585 2613 ἑλεγεν,
2609 2544 2692 2596 ἆτ’
2725 2543 2789 2595 ἑκ
2820 2537 3057 2594 παλαιοῦ
3091 2532 3408 2595 ἀποστόλων
3439 2543 3612 2618 φρον-

2041 2617 2341 2711 τιστήριον,
2369 2641 2466 2691 καὶ
2495 2635 2780 2696 εὐσεϐείας
2817 2633 2892 2694 ὠς
2919 2631 2984 2686 ἄν
3009 2646 3094 2692 τις
3125 2627 3272 2680 εἴποι
3304 2617 3610 2711 γεγενημέο

2042 2747 2142 2800 νην
2173 2710 2531 2800 μητρόπολιν,
2566 2727 2612 2778 εἰ
2641 2726 2740 2778 καὶ
2767 2723 2826 2789 ἑξ
2857 2720 2998 2791 ἑῴας
3047 2720 3173 2778 τοὺς
3211 2710 3611 2800 κσταγγέλλονξ

2041 2798 2144 2886 τας
2177 2798 2530 2891 ἑπιδημῆσαι
2576 2815 2774 2886 συνέϐη
2797 2830 2812 2848 ι
2854 2814 2913 2865 οὐ
2953 2811 3061 2882 μὴν
3102 2807 3172 2862 τὰ
3199 2807 3428 2874 δεύτερα
3457 2798 3612 2869 παρά

2042 2915 2202 2970 τοῦτο
2233 2913 2375 2984 ἔχειν
2405 2910 2621 2982 ἠξίουν·
2667 2909 2745 2962 ὅτι
2779 2906 2854 2977 μὴ
2887 2904 2964 2974 τῷ
2998 2903 3098 2972 τῆς
3135 2897 3464 2965 Ἐκκλησίας
3511 2908 3610 2962 με-

2043 3008 2195 3077 γέθει
2250 3003 2691 3064 πλεονεκτοῦσ;ν,
2722 3000 2892 3069 ἀρετῇ
2929 2998 3022 3050 καὶ
3065 2995 3180 3056 τοῖς
3212 2991 3394 3052 ἄλλοις
3424 2985 3616 3041 νικῶν-

2047 3117 2157 3162 τες,
2192 3097 2266 3159 ὡς
2298 3094 2484 3166 ᾤοντο.
2531 3093 2838 3163 Προέφερον
2870 3089 2926 3141 δὲ
2957 3084 3195 3153 κάκείνῳ
3227 3083 3307 3144 είς
3333 3079 3614 3148 ἔγκλημα.

2044 3194 2106 3247 τὸ
2162 3189 2444 3244 κοινωνεῖν
2503 3184 2722 3238 ἑλέσθαι
2769 3185 2883 3244 τοῖς
2933 3179 3062 3246 περὶ
3114 3174 3470 3228 Ἀθανάσιονο
3515 3169 3614 3221 καὶ

2047 3282 2404 3352 ἐχαλέπαινον
2460 3277 2536 3330 ὡς
2571 3272 2911 3345 ὑδρισμένης
2963 3269 3064 3336 τῆς
3097 3265 3276 3319 αὐτῶν
3329 3260 3615 3329 συνοδικῆς

2046 3375 2369 3444 ἀποφάσεως
2394 3388 2406 3402 ·
2440 3369 2534 3423 καὶ
2561 3367 2623 3419 τὸ
2653 3365 2967 3433 γενόμενον,
2996 3354 3084 3413 οἷα
3118 3358 3194 3429 μὴ
3229 3356 3370 3410 κατά
3394 3355 3486 3406 τὸν
3514 3352 3614 3420 τῆς

2059 3464 2386 3534 Ἐκκλησίας
2455 3457 2656 3527 θεσμὸν
2710 3455 2939 3526 προϐἁν,
2982 3454 3057 3514 ὡς
3109 3451 3292 3504 ἄδικον
3343 3445 3612 3499 διέϐαλον.

2050 3557 2210 3612 Δεινά
2239 3558 2297 3610 δὲ
2328 3555 2543 3620 παθεῖν,
2567 3551 2663 3604 καὶ
2687 3549 2912 3611 δικαίως
2937 3542 3258 3616 μέμψασθαι
3288 3538 3614 3600 διελθόντες,

2049 3650 2203 3713 τέλος
2235 3649 2306 3711 ὡς
2340 3647 2388 3699 εί
2424 3646 2524 3712 μὲν
2558 3642 2776 3711 στέργοι
2821 3639 2930 3692 τῶν
2975 3631 3489 3690 καταδικασθέντων
3518 3627 3616 3696 τὴν

2049 3745 2251 3815 ψῆφον,
2279 3741 2552 3810 ἐπέφερον
2578 3754 2592 3769 ⁶
2621 3737 2717 3790 καὶ
2745 3733 2857 3787 τῶν
2884 3729 2997 3785 ἀντ’
3039 3725 3220 3783 αὐτῶν
3252 3721 3620 3815 εἰσαχθέντων

2052 3812 2170 3898 ταῖς
2198 3833 2517 3900 ἐκκλησίαις
2551 3829 2693 3882 κατὰ
2723 3827 2938 3888 στάσιν,
2963 3819 3272 3891 εἰρηνεύειν
3306 3817 3400 3868 καὶ
3425 3812 3622 3900 αὐτοὺς

2053 3926 2145 3978 καὶ
2174 3899 2464 3982 κοινωνοὺς
2507 3915 2670 3970 εἶναι.
2711 3911 3126 3982 Ἀντιπράττειν
3156 3907 3200 3960 δ’
3228 3905 3487 3966 ἐθέλοντι,
3524 3899 3621 3952 καὶ

2055 4019 2250 4079 αὐτοὺς
2281 4015 2447 4085 ὁμόσε
2484 4013 2605 4064 κατ’
2631 4011 2843 4062 ἑκείνου
2875 4007 3075 4075 χωρεῖν
3101 4018 3114 4032 ⁸
3149 3999 3273 4054 ἑπεί
3294 3997 3377 4052 τοί
3401 4013 3465 4062 γε
3499 3993 3623 4048 οὐδὲ

2055 4115 2181 4172 τοὺς
2210 4108 2314 4178 πρὸ
2349 4107 2569 4158 ἑκείνων
2601 4103 2703 4156 ἀνὰ
2733 4100 2829 4169 τὴν
2863 4099 2938 4151 ἑω
2989 4097 3158 4166 ἱερεῖς
3184 4109 3196 4122 ο
3230 4089 3515 4161 Κορνηλίῳ
3543 4085 3623 4154 τῷ

2068 4202 2290 4270 Ῥώμης
2312 4198 2589 4251 ἀντειπεῖν
2617 4193 2976 4264 ίσχυρίζοντο,
2996 4187 3236 4256 ὁπηνίκα
3261 4183 3354 4235 τὸν
3381 4178 3625 4249 πρεσϐύ-

2063 4269 2220 4362 τερον
2249 4289 2500 4343 Ναυᾶτον
2532 4287 2628 4356 τῆς
2659 4281 2985 4352 Ἐκκλησίας
3018 4276 3303 4347 ἑξήλαυνε.
3327 4272 3461 4341 Περὶ
3493 4269 3624 4337 μέν·

389 4380 584 4420 versus
639 4383 765 4421 eum
819 4370 994 4423 ituros
1035 4385 1194 4434 esse,
1250 4372 1532 4430 intulere:
1585 4391 1714 4429 cum
1778 4375 1936 4446 neque

2057 4402 2144 4438 τοι
2173 4383 2282 4435 τῶν
2319 4382 2376 4434 ἑν
2411 4379 2616 4448 Νικαίᾳ
2665 4376 2817 4430 οὐδὲν
2849 4370 3119 4443 ἔγραψαν,
3156 4364 3410 4437 περιττὸν
3440 4362 3625 4414 εἰπόν-

391 4461 628 4530 majores
657 4475 847 4514 eorum
877 4471 1066 4516 contra
1085 4461 1400 4519 Cornelium
1438 4467 1621 4522 Romae
1638 4470 1936 4539 episc0pun

2061 4492 2151 4538 τες
2184 4473 2444 4543 γράφειν,
2478 4470 2680 4538 καίπερ
2713 4467 2944 4519 πλεῖστα
2971 4464 3208 4532 ἔχοντες,
3238 4457 3275 4511 ἀ
3303 4458 3370 4509 τὰ
3389 4455 3510 4506 τότε
3533 4467 3625 4559 γει

391 4553 572 4607 conati
607 4553 813 4623 aliquid
847 4554 1074 4621 fuerint,
1117 4572 1240 4612 cum
1288 4559 1378 4614 ille
1419 4559 1687 4616 Novatum
1733 4563 1936 4634 presby-

2064 4564 2343 4635 γενημένα
2379 4559 2767 4631 παραιτεῖσθαι
2823 4554 3138 4623 ἀναγκαίως
3171 4550 3380 4602 ἔπειθε.
3427 4543 3626 4597 Τοιάδε

396 4655 573 4698 terum
608 4645 848 4701 Ecclesia
875 4650 1350 4705 submovisset.Oe
1377 4653 1542 4709 rebus
1574 4671 1700 4709 vero
1722 4655 1936 4710 Niczenit

2069 4657 2168 4726 μὲν
2198 4657 2247 4709 οἱ
2285 4657 2384 4724 τῆς
2418 4656 2494 4706 ἑω
2529 4653 2814 4706 ἐπίσκοποι
2853 4647 2928 4715 τῷ
2966 4645 3170 4714 Ἰουλίῳ
3201 4639 3473 4712 ἔγραψαν.

394 4738 534 4791 nihil
605 4741 956 4809 rescripsere,
1013 4742 1350 4812 superﬂuum
1414 4747 1466 4800 id
1536 4763 1655 4802 esse
1703 4750 1983 4815 arbitrati,
2026 4751 2242 4806 etiamsi
2309 4749 2542 4817 plurima
2591 4759 2713 4815 qua:
2749 4741 3054 4798 scriberent
3087 4731 3628 4802 haberentzquibus

397 4847 494 4886 sua
525 4831 665 4885 facta
704 4833 987 4888 commode
1019 4851 1279 4891 excusare
1328 4850 1569 4908 possent.
1639 4842 1695 4896 ln
1762 4858 1881 4897 eam
1946 4844 2275 4900 sententiam
2302 4839 2608 4898 Orientales
2655 4833 2896 4907 episc0pi
2927 4831 2993 4886 ad
3020 4829 3225 4886 Julium
3269 4827 3486 4883 litteras
3531 4826 3627 4880 de-

397 4930 546 4982 (lere.

909 5024 1072 5094 637
1106 5024 1328 5079 CAPUT
1364 5025 1450 5078 Ix.

403 5111 467 5167 Ut
495 5115 783 5186 imperator
813 5103 1038 5167 Paulum
1082 5131 1172 5183 per
1223 5115 1530 5186 Philippum
1560 5119 1863 5186 pra'fectum
1911 5120 1966 5172 in

473 5185 716 5238 exsilium
776 5186 865 5253 agi
917 5187 1178 5238 curauerit
1208 5225 1222 5244 ,
1277 5184 1644 5238 Macedoniam
1674 5184 1863 5240 autem
1911 5189 1965 5239 in

473 5257 658 5326 throno
707 5255 1030 5326 collocarit:
1084 5264 1132 5306 et
1189 5264 1248 5306 ut
1307 5254 1630 5309 Athanasius
1693 5257 1818 5326 fuga
1871 5259 1969 5310 sibi

472 5324 815 5378 consuluerit.

2671 5012 3008 5068 KEIDAAJO'

2081 5113 2179 5177 Ὠς
2204 5116 2237 5166 ὀ
2253 5109 2554 5177 ,βασιλεὺς
2593 5107 2835 5162 Παῦλον
2853 5101 3240 5177 ἐξορισθῆναι
3275 5099 3374 5177 dia
3421 5099 3630 5177 ¢i.11’:f-_-

2139 5168 2270 5236 πού
2312 5179 2418 5234 τοῦ
2472 5168 3032 5246 ἐάάρχᾳυίέποῖηὶζε
3057 5190 3070 5204 ο
3126 5168 3508 5246 Μακεδόκιον
3563 5168 3631 5221 δὲ

2138 5251 2486 5320 ἐνεθρόνισε
2506 5265 2520 5282 ·
2551 5241 2716 5317 sev-5'17
2751 5245 2818 5299 δὲ
2855 5241 3162 5314 ἐχρήσατο
3192 5241 3559 5304 Ἀθανάσιος.

473 5439 794 5492 Constantio
845 5453 971 5492 vero
1042 5436 1356 5507 imperatori
1427 5437 1731 5495 Antiochiae
1784 5442 1966 5511 agenti

404 5533 728 5593 scribentes,
755 5531 876 5586 illos
900 5543 960 5584 ut
987 5529 1279 5586 seditiosos
1305 5531 1555 5586 homines
1582 5545 1613 5585 ε
1634 5547 1693 5586 se
1715 5534 1936 5602 expulsa

2071 5530 2358 5601 διατριϐὰς
2407 5526 2720 5597 ποιουμένῳ
2773 5523 3078 5593 γράφοντες
3111 5517 3359 5572 διέδαλον
3401 5517 3476 5576 ὡς
3508 5531 3637 5567 στα-

403 5639 547 5685 esse,
577 5632 706 5677 sunt
738 5622 1077 5678 calumniati.
1111 5622 1206 5679 ille
1239 5623 1328 5678 ubi
1357 5623 1582 5679 Paulum
1619 5639 1935 5693 recuperass

2075 5623 2289 5685 σιώδεις
2317 5622 2444 5686 τοὺς
2479 5619 2614 5691 πρὸς
2643 5617 2870 5672 ἑκείνων
2899 5611 3358 5683 ἐκϐεϐλημένους.
3391 5605 3637 5673 Πυθόμε-

407 5713 586 5764 lucum
647 5727 806 5766 suum
841 5713 1071 5778 audivit,
1129 5714 1422 5769 admodum
1481 5713 1741 5768 ferociit:
1799 5724 1854 5769 et
1903 5731 1931 5768 a

2073 5733 2160 5778 νος
2191 5714 2246 5766 δὲ
2283 5715 2379 5768 καὶ
2411 5710 2623 5768 Παῦλον
2653 5710 2811 5776 αὖθις
2840 5707 3124 5779 εἰληφέναι
3153 5705 3245 5758 τὸν
3275 5701 3485 5774 θρόνον,
3507 5698 3637 5770 έθηο

481 5822 556 5884 tl)
606 5819 758 5873 Socr.
825 5823 919 5876 lib.
987 5840 1044 5890 ιι,
1104 5842 1222 5895 cap.
1293 5826 1644 5891 l3;Sozom.
1714 5827 1808 5881 lib.
1872 5845 1950 5894 tn,
1993 5842 2110 5896 cap.
2154 5828 2207 5881 8.

2143 5437 2508 5504 Κωνσταντίῳ
2544 5434 2603 5487 δὲ
2645 5432 2724 5503 τῷ
2761 5429 2970 5502 βασιλεῖ
3000 5427 3120 5482 κατ’
3166 5427 3504 5495 Ἀντιόχειαν
3538 5422 3634 5484 τὰς
