3988 6190
324 436 439 499 245

1295 410 1888 505 ΕροῐιΕδῐᾹεΤιοιις
1930 446 2314 508 tusronmt
2352 450 2491 511 LIB.
2530 449 2635 511 IX.
3485 451 3598 513 ato

328 554 521 623 ριοῦτο
545 570 559 583 ·
606 554 699 607 καὶ
732 553 796 625 δὴ
829 556 1032 626 γράφει
1066 555 1143 626 τῷ
1176 556 1279 627 τῆς
1310 557 1519 621 πόλεως
1558 559 1784 628 ἐπάρχῳ
1818 559 1912 610 Φι-

2026 560 2332 633 Philippum
2354 561 2506 617 urbis
2542 560 2880 631 praefectum,
2905 556 3202 614 secundam
3226 556 3294 612 ab
3319 556 3590 626 imperiali

326 644 545 713 λίππῳ,
580 645 843 716 δευτέραν
872 648 1011 715 μετὰ
1046 646 1271 718 βασιλέα
1302 648 1603 716 τηνικαῦτα
1634 647 1733 716 τὴν
1759 650 1913 718 ἰσχὺν

333 738 821 808 περιϐεϐλημένῳ,
864 739 1074 792 Παῦλον
1118 740 1218 809 μὲν
1248 740 1502 806 ἐξελάσαι
1532 740 1632 809 τῆς
1679 740 1912 803 πόλεως,

330 831 661 900 Μακεδονίῳ
701 830 757 882 δὲ
793 822 1136 901 παραδοῦναι
1183 833 1283 900 τὴν
1338 833 1693 901 Ἐκκλησίαν.
1723 832 1918 886 Φίλιπ-

333 938 438 979 πος
488 921 536 974 δ’
582 924 647 974 ἐκ
696 923 804 975 τῶν
856 922 986 992 πρὶν
1038 924 1118 984 είς
1164 922 1505 993 Ἑρμογένην
1558 923 1915 995 πραχθέντων

337 1012 579 1082 σώφρων
610 1013 926 1082 γενόμενος,
964 1016 1062 1077 τὰς
1089 1013 1182 1066 τοῦ
1214 1014 1452 1084 πλήθους
1496 1016 1681 1077 δείσας
1711 1013 1913 1085 ὁρμὰς,

331 1105 506 1175 τέχνῃ
542 1104 640 1173 τὴν
671 1106 873 1175 πρᾶξιν
899 1105 1250 1175 μετέρχεται.
1291 1106 1424 1176 Πρὶν
1452 1110 1564 1176 ,γὰρ
1598 1110 1656 1158 ἐν
1698 1107 1917 1177 φανερῷ

335 1197 711 1263 καταστῆναι,
739 1197 815 1259 ὡς
865 1197 994 1268 περὶ
1043 1196 1242 1249 κοινῶν
1274 1214 1434 1251 τινων
1468 1197 1916 1267 βουλευσόμενος,

334 1289 532 1342 ἐκάλει
563 1290 656 1340 τὸν
688 1288 901 1343 Παῦλον
932 1290 1039 1342 ἀνὰ
1069 1291 1161 1342 τον
1191 1289 1499 1353 Ζεύξιππον
1526 1308 1555 1322 ’⁷
1574 1291 1833 1361 δημόσιον
1860 1293 1916 1344 δέ

333 1383 502 1434 τοῦτο
534 1382 787 1450 λουτρὸν,
836 1383 1137 1454 περιφανές
1166 1399 1224 1436 τε
1261 1383 1354 1435 καὶ
1391 1384 1648 1452 μέγιστον
1679 1426 1692 1449 ,
1717 1385 1745 1438 ὂ
1780 1386 1919 1438 Νου-

338 1475 529 1543 μὲρων
551 1475 681 1543 ἔσχε
706 1475 899 1543 κλῆσιν
920 1474 1222 1529 εἰσέπειτα.
1243 1475 1345 1527 Τὸν
1367 1475 1444 1542 δὲ,
1476 1477 1614 1546 μετὰ
1636 1478 1803 1547 τιμῆς
1819 1478 1919 1549 τῆς

339 1568 739 1638 προσηκούσης
773 1568 998 1636 ἥκοντα,
1027 1568 1095 1620 τὰ
1148 1567 1416 1648 βασιλέως
1449 1568 1759 1640 γράμματα
1786 1573 1917 1623 ἐπε-

336 1660 527 1713 διίκνο
565 1678 580 1690 ·
617 1660 711 1713 καὶ⁸
740 1660 830 1714 διὰ
861 1660 969 1713 τῶν
1007 1660 1295 1731 βασιλείων
1325 1660 1404 1732 τῷ
1437 1663 1715 1733 εἰρημένῳ
1745 1681 1922 1732 γειτο-

339 1752 584 1807 νοόντων
628 1752 871 1825 λουτρῶν
900 1755 1157 1823 κατάγων
1183 1757 1263 1818 εἰς
1296 1754 1591 1820 θάλασσαν,
1621 1756 1921 1821 ἐπεδίόαζε

341 1846 538 1916 πλοίῳ,
575 1850 667 1899 καὶ
704 1850 784 1908 είς
821 1846 1227 1918 Θεσσαλονίκην
1280 1848 1521 1919 κατῆγεν
1553 1864 1568 1880 ο
1626 1850 1693 1921 ἣν
1734 1850 1798 1922 δὴ
1832 1852 1922 1904 καὶ

341 1939 585 2008 πατρίδα
613 1938 780 2009 ἔχειν,
808 1940 902 1992 καὶ
926 1940 1051 2002 τοὺς
1073 1939 1375 2011 προγόνους
1401 1941 1613 1994 ἐκεῖθεν
1641 1943 1920 2012 ὁρμᾶσθαι

341 2031 587 2097 ἐλέγετο.
623 2032 730 2084 Καὶ
757 2031 856 2099 τὴν
898 2032 997 2098 μὲν
1026 2031 1100 2084 ἐω
1132 2033 1448 2087 παντάπασι
1484 2034 1708 2103 φεύγειν
1754 2053 1921 2090 κατι-

340 2121 615 2190 ψηφίζετο
635 2136 650 2153 ⁸
699 2122 973 2193 Ἰλλυριῶν
999 2124 1055 2177 δὲ
1092 2124 1184 2178 καὶ
1214 2124 1315 2193 τῆς
1346 2125 1535 2195 πρόσω
1563 2127 1668 2195 γῆς
1699 2128 1922 2181 ἐπιϐαί-

341 2231 459 2266 νειν
512 2218 574 2268 ἐν
623 2216 903 2288 ἐλευθερίᾳ
963 2218 1111 2289 πάσῃ
1173 2218 1471 2288 παρέσχεν.
1539 2220 1781 2274 Ἐκεῖθεν
1822 2222 1923 2275 δ’ὁ

340 2306 591 2377 ἔπαρχος
625 2306 789 2375 ἐξιὼν
818 2311 1033 2380 σύναμα
1056 2310 1133 2381 τῷ
1158 2312 1414 2364 δυσσεδεϊ
1440 2311 1777 2382 Μακεδονίῳ,
1800 2312 1925 2383 δρο-

345 2400 532 2467 μαίως
562 2403 643 2464 εἰς
682 2399 780 2470 τὴν
814 2401 1114 2471 ἐκκλησίαν
1149 2402 1487 2473 εἰσήλαυνον.
1533 2404 1606 2456 Τὸ
1634 2403 1689 2457 δὲ
1718 2403 1923 2473 πλῆθος

344 2488 664 2557 σύμμικτον
699 2489 758 2555 ἐξ
787 2492 1046 2545 ἁπάντων
1067 2494 1385 2559 διακοῦσαν,
1417 2496 1567 2566 παρὰ
1598 2496 1698 2564 τὴν
1728 2496 1925 2566 ἐκκλη-

342 2582 476 2634 σίαν
504 2584 720 2649 ἐφοίτα,
749 2584 994 2637 σπεύδων
1035 2587 1266 2650 ἕκαστος
1309 2588 1765 2658 προκαταλαϐεῖν.
1789 2592 1924 2657 ἄφα-

339 2668 432 2719 τοί
479 2685 630 2733 τινες
677 2673 773 2725 καὶ
824 2672 1062 2742 ἀριθμοῦ
1108 2677 1396 2745 κρείττους
1431 2678 1776 2749 συρρέοντες.
1813 2682 1924 2734 Καὶ

343 2765 473 2833 χείρ
501 2764 560 2814 δὲ
594 2768 970 2836 στρατιωτικὴ
1031 2767 1292 2837 ξιφήρης,
1340 2770 1456 2834 δέος
1506 2771 1814 2839 ἐμποιοῦσα
1848 2772 1924 2843 τῷ

345 2856 551 2927 πλήθει
582 2860 907 2925 παρείπετο.
955 2861 1107 2913 Ἐπεὶ
1137 2863 1192 2915 δὲ
1225 2864 1455 2932 ἄγχιστα
1488 2864 1586 2932 τῆς
1619 2866 1923 2935 ἐκκλησίας

341 2952 591 3020 ἐγένετο,
622 2953 855 3023 πάροδος
886 2954 941 3006 δέ
971 2954 1070 3006 οὐκ
1100 2951 1187 3022 ἦν,
1223 2956 1311 3007 τοῦ
1347 2957 1541 3009 πολλοῦ
1567 2957 1724 3028 ὄχλου
1751 2959 1928 3012 ἁπιν-

340 3046 521 3114 ταχοῦ
558 3044 925 3115 περιθέοντος,
959 3046 1205 3116 ὠθισμὸς
1239 3052 1351 3111 τοῖς
1384 3054 1750 3119 στρατιώταις
1777 3052 1927 3106 ἐτολ-

344 3140 493 3206 μᾶτο
530 3140 627 3190 σὺν
668 3137 777 3209 βίᾳ.
832 3138 923 3208 Μὴ
973 3140 1087 3191 οἴου
1146 3140 1202 3194 δέ
1260 3141 1416 3207 ὄντος
1472 3145 1786 3205 συνιζάνειν
1832 3143 1923 3198 τοῦ

341 3229 599 3298 πλήθους
636 3228 713 3299 τῷ
750 3231 830 3292 είς
865 3229 1119 3283 πλεῖστον
1150 3234 1628 3303 στενοχωρεῖσθαι,
1665 3234 1927 3302 νομίσαν-

342 3341 437 3385 τες
471 3325 522 3375 οἰ
554 3323 887 3391 στρατιῶται
938 3324 1000 3376 τὸ
1051 3324 1255 3395 πλῆθος
1304 3326 1684 3395 ἀνθίστασθαι,
1713 3331 1806 3383 καὶ
1850 3330 1927 3399 μὴ

342 3415 644 3485 βούλεσθαι
666 3417 848 3469 ἑκοντὶ
869 3416 1068 3469 διδόναι
1090 3416 1188 3488 τὴν
1215 3418 1404 3479 δίοδον.
1430 3422 1657 3488 γυμνοῖς
1686 3419 1926 3490 ἐχρῶντο

336 3512 462 3570 τοῖς
500 3508 714 3576 ξίφεσι,
763 3510 859 3560 καὶ
911 3512 987 3572 ὡς
1044 3510 1404 3573 ἀντεπιόντας
1454 3509 1762 3580 ἠμύνοντοο
1831 3515 1927 3566 καὶ

341 3599 587 3662 πολλοὺς
622 3600 847 3681 τλοῦτους
878 3601 953 3663 ὡς
985 3602 1131 3664 εἰκὸς
1157 3602 1536 3671 διεχρήσαντο.
1565 3603 1680 3657 Οὐκ
1708 3604 1928 3672 ὀλίγους

349 3696 546 3764 μέντοι
582 3694 677 3747 καὶ
705 3692 798 3745 ὑπ’
829 3693 1075 3761 ἀλλήλων
1101 3695 1590 3763 συμπατουμένους
1629 3695 1783 3763 λόγος
1810 3697 1928 3749 δια-

347 3785 678 3854 φθαρῆναιο
728 3785 805 3847 ὡς
858 3780 1000 3837 εἶναι
1056 3785 1117 3836 τὸ
1168 3783 1371 3853 πλῆθος
1428 3783 1534 3837 τῶν
1569 3787 1928 3856 ἀνῃρημένων

352 3878 504 3947 ὑπὲρ
541 3876 872 3947 τρισχιλίους
908 3876 1101 3929 ἐκατζν
1156 3878 1249 3927 καὶ
1280 3878 1643 3945 πεντήκοντα.
1678 3876 1929 3929 Μακεδὸ-

347 3988 468 4033 νιος
504 3967 560 4021 δέ
605 3969 681 4030 ὡς
727 3969 939 4032 οὐδενὸς
988 3968 1182 4037 καιροῦ
1214 3968 1523 4037 γεγονότος,
1549 3967 1740 4039 ῶσπερ
1769 3987 1853 4032 τις
1885 3969 1929 4022 δ’

346 4060 532 4124 ἀθῶος
562 4060 659 4112 καὶ
694 4058 931 4129 καθαρὸς
964 4060 1031 4111 τὰ
1063 4058 1416 4128 ἐπιϐατήρια,
1446 4057 1521 4121 ὡς
1551 4061 1613 4111 ἐκ
1645 4061 1928 4127 μαγγοὶνου

346 4155 520 4216 τινος,
556 4153 589 4223 ἦ
632 4151 750 4211 θεὸς
787 4151 845 4202 τὸ
878 4150 1179 4219 λεγόμενον
1212 4151 1319 4203 ἀπὸ
1355 4151 1630 4220 μηχανῆς,
1669 4151 1931 4221 ίεράρχης

349 4249 675 4311 ἀναφανεὶς,
711 4243 815 4295 ὑπὸ
848 4240 943 4294 τοῦ
979 4242 1223 4307 ἐπάρχου
1257 4241 1462 4311 μᾶλλον
1496 4242 1527 4310 ἦ
1564 4244 1707 4295 κατὰ
1740 4244 1808 4296 τὰ
1830 4246 1931 4313 τῆς

362 4336 692 4407 Ἐκκλησίας
773 4335 939 4404 ἔθιμα
986 4332 1403 4404 ὲνθρονίζεται’
1455 4336 1548 4387 καὶ
1594 4334 1784 4388 τοῦτον
1841 4337 1930 4390 τὸν

346 4432 577 4503 τρόπον,
616 4430 710 4482 καὶ
759 4429 847 4481 διὰ
894 4427 1166 4481 τοσούτων
1220 4430 1418 4497 φόνων,
1447 4427 1473 4479 ὅ
1506 4446 1563 4479 τε
1597 4429 1931 4491 Μακεδόνιος

348 4526 449 4578 καὶ
488 4523 543 4575 Ἀ
557 4522 766 4590 ρειανοὶ
796 4520 892 4589 τὴν
923 4520 1223 4589 ἐκκλησίαν
1245 4520 1532 4589 κατέσχον.
1560 4520 1717 4573 Οὕτω
1747 4522 1801 4573 δὲ
1836 4524 1929 4575 καὶ

346 4617 375 4668 ὀ
415 4615 631 4676 Παῦλος
656 4613 756 4682 τὴν
786 4612 973 4665 ἄδικον
1006 4611 1224 4680 ἐξορίαν
1250 4611 1562 4678 ὑφίσταται.
1605 4612 1927 4674 Ἀθανάσιος
1961 4598 2005 4653 ί)

345 4708 405 4760 δὲ
450 4710 550 4766 τὰς
587 4704 818 4765 ἀπειλὰς
868 4702 1258 4756 Κωνσταντίου
1293 4703 1502 4766 δείσας.
1538 4705 1684 4774 φυγῇ
1718 4704 1934 4774 ,χρησά-

349 4815 518 4867 μενος
549 4796 767 4864 ἀφανὴς
801 4789 890 4864 ἦν.
959 4793 1204 4846 Ἡπείλει
1237 4793 1346 4864 γὰρ
1403 4793 1553 4866 αὑτῷ
1610 4793 1801 4862 κόψειν
1832 4794 1932 4865 τὴν

348 4890 623 4960 κεφαλὴν,
651 4888 762 4941 τῶν
793 4885 1103 4939 ἐπιϐούλων
1133 4886 1207 4948 ὡς
1242 4885 1515 4953 στασιώδη
1549 4886 1892 4955 αἰτιωμένων
1916 4901 1929 4915 ·

348 4983 442 5036 καὶ
461 4980 535 5043 ώς
557 4981 627 5050 τῇ
646 4977 812 5032 αὺτοῦ
836 4977 917 5042 είς
939 4978 1039 5047 τὴν
1062 4974 1364 5047 ἐκκλησίαν
1383 4977 1446 5028 ἐκ
1477 4973 1698 5045 Ῥώμης
1721 4974 1932 5045 εἰσόδῳ,

347 5072 491 5127 πολὺ
550 5069 913 5141 «pennati.
966 5067 1250 5140 ἐτεθνήκει
1304 5066 1531 5138 πλῆθος.
1586 5067 1842 5121 Μάλιστα
1888 5066 1934 5120 δ’

348 5165 652 5238 ἀνηρέθισε
685 5164 875 5216 τοῦτον
900 5162 1241 5231 συκοφαντία
1268 5163 1334 5233 ἣν
1355 5162 1403 5213 οἱ
1430 5160 1487 5226 ἐξ
1524 5160 1741 5231 ’Δρείου
1769 5159 1935 5228 ἐγρά-

346 5260 530 5329 ψαντο
551 5274 565 5286 ·
616 5256 692 5318 ώς
729 5257 816 5325 εἴη
848 5254 909 5308 τὸ
941 5254 1050 5307 τῶν
1087 5256 1321 5323 πτωχῶν
1357 5252 1690 5322 σιτηρέσιον,
1718 5250 1747 5303 ὃ
1776 5252 1935 5303 Κων-

350 5354 638 5414 σταντῖνος
663 5353 691 5403 ὁ
727 5348 908 5419 πατὴρ
938 5348 1034 5401 τοῦ
1067 5342 1402 5417 κρατοῦντο’ς
1434 5348 1548 5407 τοῖς
1578 5348 1634 5398 ἐν
1677 5342 1794 5397 ’Δλέ
1807 5343 1933 5408 ξαν-

348 5446 514 5517 δρεὶα
568 5445 804 5513 πτωχοῖς
856 5445 937 5506 εἰς
993 5441 1295 5511 διατροφὴν
1349 5438 1608 5491 ἐθέσπισε
1661 5437 1929 5500 δίδοσθαι,

350 5539 578 5602 πωλῶν,
630 5539 726 5589 καὶ
778 5532 1281 5604 ἐξαργυριζόμενος
1342 5531 1685 5594 Ἀθανὰσιος.
1720 5530 1933 5585 Εἰδέ·.·αι

335 5625 545 5700 ’μέντοι
581 5626 779 5699 χρεὼν,
830 5627 904 5689 ώς
955 5624 1078 5680 καθ’
1131 5625 1192 5677 δν
1241 5625 1433 5695 καιρὸν
1470 5623 1571 5694 τὴν
1628 5624 1934 5693 ἱερωσύνην

352 5721 625 5792 κατέσχεν
656 5722 686 5773 ό
735 5720 1092 5784 Μακεδόνιος,
1127 5716 1516 5782 Κωνστάντιος
1548 5719 1647 5789 τὴν
1685 5715 1933 5787 μεγάλην

439 5897 512 5961 (ι)
550 5897 934 5953 investituram
971 5913 1119 5952 nunc
1145 5906 1358 5952 vocant.
1388 5958 1397 5961 ν

2020 664 2290 726 potestate
2318 655 2641 724 dignitatem
2687 661 2800 705 tum
2834 651 3206 713 obtinentem,
3250 648 3493 717 scripsit.
3530 658 3591 703 ut

2017 749 2186 804 Paulo
2218 749 2352 803 urbe
2381 748 2578 819 ejecto,
2631 744 2949 802 Macedonio
2995 742 3294 797 Ecclesium
3330 739 3590 794 traderet.

2020 839 2306 909 Philippus
2330 856 2395 893 ex
2432 838 2794 908 Hermogenis
2822 852 2951 892 casu
2977 834 3192 889 cautior
3221 832 3421 894 factus,
3445 829 3592 901 quod

2018 931 2387 987 multitudinis
2421 931 2663 986 furorem
2706 938 3015 991 metueret.
3053 938 3170 983 arte
3203 925 3437 997 quadam
3481 939 3592 977 rem

2018 1031 2102 1077 est
2137 1039 2445 1093 aggressus.
2466 1023 2791 1090 Priusquam
2823 1022 2968 1076 enim
3002 1034 3064 1074 ea
3096 1019 3431 1088 vulgaretur,
3470 1030 3595 1084 pcr-

2022 1116 2147 1170 inde
2173 1116 2327 1185 quasi
2360 1114 2431 1169 de
2466 1109 2704 1184 publicis
2739 1098 3072 1183 quibusdam
3110 1112 3274 1166 rebus
3301 1108 3593 1164 consilium

2021 1207 2332 1264 habiturus.
2359 1207 2584 1261 Paulum
2623 1205 2691 1260 ad
2727 1221 2784 1260 se
2836 1205 2888 1259 in
2921 1204 3262 1273 Zeuxippum
3298 1200 3463 1271 tqnod
3493 1215 3596 1267 pu-

2020 1300 2223 1354 blicum
2256 1308 2312 1353 et
2360 1298 2576 1352 celebre
2626 1296 3134 1366 amplissimumque
3185 1300 3268 1348 est
3310 1293 3596 1350 balneum,

2021 1404 2207 1462 postea
2241 1391 2605 1446 Numerorum
2651 1388 3122 1459 cognominatum)
3161 1386 3399 1445 vocavit,
3436 1382 3598 1451 eique

2021 1484 2234 1538 decenti
2254 1498 2380 1539 eum
2409 1482 2618 1536 honore
2649 1480 2984 1539 advenienti.
3008 1475 3357 1547 imperatoris
3384 1474 3599 1528 litteras

2020 1574 2290 1631 exhibuit.
2340 1575 2419 1630 Ac
2472 1573 2751 1628 hominem
2810 1588 2907 1641 per
2963 1568 3225 1639 palatium
3286 1564 3595 1636 imperiale,

2022 1669 2220 1723 balneo
2244 1667 2391 1737 quod
2422 1666 2662 1721 diximus
2693 1665 2956 1727 vicinum,
2989 1661 3056 1716 ad
3091 1676 3240 1715 mare
3273 1657 3595 1719 deductum,

2021 1759 2345 1829 navigioque
2366 1758 2707 1827 impositum,
2741 1754 3192 1810 Thessalonicam
3223 1749 3372 1804 misit
3400 1763 3598 1817 :quam

2024 1851 2188 1906 etiam
2235 1848 2465 1921 patriam
2530 1848 2753 1907 habere.
2795 1857 2850 1902 et
2884 1861 2912 1899 a
2947 1842 3247 1915 majoribus
3306 1840 3421 1894 suis
3474 1838 3599 1890 inde

2026 1942 2294 1997 oriundus
2342 1955 2463 1996 esse
2522 1938 2833 1993 dicebatur.
2868 1937 3171 2005 Eidemque
3198 1932 3423 1988 Oriente
3485 1938 3602 1983 toto

2023 2033 2377 2094 interdicens.
2434 2031 2489 2087 in
2520 2029 2730 2102 lllyrico
2779 2038 2835 2110 et
2891 2025 3250 2083 ulterioribus
3306 2023 3472 2080 terris
3516 2024 3598 2076 vi-

2024 2125 2188 2181 vendi
2219 2124 2449 2181 liberam
2490 2122 2740 2193 permisit
2792 2130 3142 2191 potestatem.
3192 2117 3491 2174 Praefectus
3537 2132 3602 2171 ex

2024 2235 2091 2275 eo
2123 2220 2264 2283 loco,
2292 2234 2397 2273 una
2425 2233 2548 2273 cum
2583 2203 2753 2285 impio
2782 2213 3140 2279 Macedonio,
3173 2211 3399 2266 incitato
3432 2225 3600 2264 cursu

2025 2311 2079 2365 in
2106 2309 2394 2366 ecclesiam
2450 2307 2531 2362 ire
2564 2304 2849 2361 contendit
2878 2320 2893 2356 :
2925 2314 2982 2357 et
3010 2300 3309 2357 multitudo
3338 2317 3404 2356 ex
3449 2302 3602 2355 omni

2026 2404 2310 2459 hominum
2345 2401 2539 2457 ordine
2576 2398 2759 2464 mista,
2790 2412 2853 2453 ea
2889 2412 2946 2451 re
2985 2396 3195 2460 audita,
3231 2410 3331 2465 pro
3354 2410 3414 2449 se
3445 2395 3603 2465 quis-

2026 2512 2133 2566 que
2158 2496 2336 2550 locum
2364 2504 2689 2562 antecapere
2721 2488 3009 2551 festinans,
3046 2488 3111 2542 ad
3150 2502 3269 2541 eam
3302 2488 3599 2543 ecclesiam

2025 2589 2287 2646 cucurrit.
2345 2585 2623 2642 ltmutncri
2678 2598 2923 2655 prorsus,
2972 2580 3067 2652 qui
3113 2596 3180 2635 eo
3230 2581 3600 2641 conﬂuebant.

2025 2687 2201 2732 erant.
2265 2675 2333 2729 Et
2404 2672 2657 2727 militaris
2710 2687 2905 2726 manus
2938 2669 3270 2724 armata‘ad
3330 2679 3598 2725 terrorem

2027 2769 2202 2839 plebis
2253 2766 2712 2836 consequebatur.
2745 2767 2923 2834 Atque
2978 2777 3041 2816 ea
3086 2761 3176 2816 ubi
3230 2763 3478 2832 proxime
3533 2765 3600 2816 ad

2027 2860 2312 2916 ecclesiam
2349 2858 2519 2921 venit,
2554 2872 2654 2911 nec
2688 2854 2735 2909 ei
2788 2870 3046 2909 accessus
3078 2863 3303 2923 proritet
3355 2853 3604 2923 undique

2028 2964 2450 3009 concurrentem
2494 2951 2706 3002 turbam
2734 2956 2946 3019 pateret
2979 2987 2993 3010 ,
3029 2946 3233 3002 milites
3263 2949 3311 2999 vi
3347 2946 3601 3000 homines

2031 3045 2257 3114 rejicere
2305 3059 2401 3112 per
2451 3039 2733 3095 audaciam
2785 3044 3095 3108 coeperunt.
3134 3036 3269 3094 Cum
3330 3052 3462 3089 vero
3524 3036 3604 3091 illi

2029 3147 2251 3207 propter
2301 3132 2707 3188 multitudinem
2763 3129 2963 3199 oppido
3013 3129 3064 3182 in
3103 3138 3394 3196 augustum
3447 3126 3608 3182 reda-

1954 3224 1999 3282 C
2032 3238 2197 3292 ctam,
2224 3228 2421 3284 cedere
2457 3235 2513 3279 et
2542 3223 2829 3279 considere
2884 3236 2992 3277 non
3038 3229 3284 3290 possent,
3346 3217 3604 3272 resistere

2030 3338 2147 3388 eos,
2192 3320 2424 3384 milites,
2482 3332 2660 3387 neque
2710 3322 2905 3386 sponte
2953 3312 3246 3368 transitum
3282 3310 3413 3366 dare
3463 3310 3604 3365 velle

2031 3414 2263 3486 opinati,
2308 3409 2519 3466 strictis
2555 3407 2636 3463 usi
2679 3406 2909 3477 gladiis.
2938 3404 3108 3459 veluti
3146 3402 3482 3457 reluctantes
3512 3416 3603 3455 ce-

2031 3507 2235 3568 cidere,
2268 3504 2577 3573 multosque
2610 3500 2691 3572 (ut
2731 3498 2845 3553 ﬁeri
2871 3494 3032 3567 solet)
3060 3495 3182 3550 neci
3223 3493 3449 3548 dedere.
3484 3493 3605 3582 Noti

1994 3608 2001 3621 ‘
2032 3599 2189 3670 pauci
2228 3596 2393 3652 etiam
2431 3594 2575 3648 inter
2598 3607 2661 3646 se
2689 3588 2997 3645 conculcati
3030 3595 3193 3657 atque
3227 3586 3401 3640 attriti
3435 3585 3607 3639 inter-

2033 3694 2160 3749 iisse
2191 3691 2470 3754 dicuntur,
2513 3687 2588 3741 ita
2629 3693 2688 3740 ut
2722 3684 3030 3739 occisorum
3073 3681 3232 3736 turba
3282 3681 3448 3733 triutn
3481 3678 3602 3731 mil-

2031 3784 2164 3838 lium
2191 3791 2412 3837 centum
2433 3788 2488 3835 et
2516 3774 2911 3848 quinquaginta
2928 3788 3219 3827 numerum
3240 3775 3602 3841 superaverit.

2030 3876 2200 3949 688
2227 3873 2397 3928 Porro
2428 3868 2776 3928 Macedonius
2798 3909 2813 3933 ,
2847 3864 3077 3937 perinde
3106 3875 3271 3933 atque
3300 3863 3425 3916 novi
3465 3864 3605 3917 nihil

2032 3968 2235 4023 factum
2261 3974 2430 4032 esset,
2479 3972 2735 4033 tanquam
2771 3958 3035 4013 innocens
3064 3965 3120 4012 et
3166 3970 3355 4024 purus,
3382 3954 3433 4007 in
3488 3954 3607 4023 cpi-

2032 4060 2371 4116 bateriorum
2423 4055 2499 4129 (1)
2546 4051 2921 4121 introitusque
2969 4047 3348 4103 arcanioribus
3409 4045 3603 4109 sacris,

2033 4153 2187 4225 quasi
2238 4167 2305 4206 ex
2352 4150 2532 4220 aliqua
2587 4145 2987 4214 ortestigiarum
3039 4157 3202 4199 scena
3235 4140 3456 4211 aliquis,
3511 4150 3606 4193 aut

2035 4249 2168 4302 deus
2216 4243 2386 4317 (quod
2450 4240 2672 4310 dicitur)
2725 4254 2791 4294 ex
2842 4234 3117 4302 machina,
3180 4234 3249 4290 de
3306 4232 3606 4304 improviso

2033 4336 2325 4393 hierareha
2375 4346 2666 4404 apparens,
2719 4347 2750 4386 a
2782 4329 3038 4401 praefecto
3089 4326 3298 4396 magis,
3345 4341 3507 4404 quam
3538 4338 3608 4377 ex

2037 4428 2291 4484 Ecclesia:
2325 4422 2746 4487 consuetudine,
2783 4420 2856 4475 ab
2882 4420 3269 4490 episcoporum
3300 4398 3496 4471 ordine
3552 4415 3649 4497 in.

2039 4522 2293 4573 thronum
2319 4523 2403 4569 est
2431 4513 2718 4569 deductus.
2744 4511 2822 4565 Ad
2853 4511 3002 4565 hunc
3027 4508 3269 4572 modum,
3304 4517 3359 4562 et
3390 4522 3487 4575 per
3512 4506 3610 4559 has

2033 4609 2211 4666 easdes
2233 4606 2586 4662 Macedonius
2607 4616 2664 4660 et
2698 4604 2881 4658 Ariani
2909 4602 3212 4657 Ecclesiam
3245 4613 3604 4669 occupavere.

2036 4701 2115 4757 lta
2141 4700 2303 4754 etiam
2336 4696 2539 4753 Paulus
2567 4696 2741 4749 solum
2773 4692 2945 4762 iniqui
2973 4690 3153 4746 exsilii
3183 4688 3357 4761 gratia
3390 4695 3609 4742 vertere

2035 4800 2117 4847 est
2166 4797 2409 4844 coactus.
2458 4784 2790 4841 Athanasius
2844 4790 3024 4836 autem
3057 4778 3363 4835 Constantii
3428 4779 3609 4834 minas

2036 4883 2266 4947 veritus,
2298 4880 2421 4950 fuga
2451 4878 2552 4934 sibi
2580 4876 2871 4932 consulens
2902 4872 3193 4944 disparuit.
3223 4871 3358 4928 Nam
3389 4872 3482 4927 ille
3521 4886 3611 4925 ca-

2036 4975 2151 5048 pite
2206 4973 2261 5026 in
2313 4985 2440 5026 eum
2493 4982 2552 5024 se
2609 4966 3123 5022 animadversurum
3160 4962 3606 5028 denuntiaverat,

2035 5068 2183 5140 quod
2207 5066 2610 5123 obtrectatores
2639 5063 2758 5134 ejus
2804 5069 2860 5116 et
2895 5058 3247 5115 insidiatores
3274 5072 3401 5112 eum
3433 5066 3493 5110 ut
3521 5070 3609 5110 se-

2036 5162 2296 5218 ditiosum
2351 5158 2685 5222 detulerant,
2734 5152 2911 5209 reditu
2944 5152 3065 5221 ejus
3093 5165 3161 5205 ex
3188 5148 3322 5204 urbe
3361 5150 3605 5203 Romana

2036 5255 2088 5310 iu
2119 5252 2432 5317 ecclesiam,
2467 5246 2875 5304 multitudinem
2907 5244 3185 5315 ingentem
3228 5239 3602 5295 conculratam

2035 5344 2310 5400 interiisse
2336 5340 2653 5411 allegantes.
2691 5336 2923 5391 Maxime
2972 5333 3104 5388 νει-ο
3132 5327 3516 5386 Constantium
3548 5325 3601 5379 in

2033 5453 2160 5495 eum
2195 5436 2519 5491 incitaverat
2563 5430 2836 5486 calumnia
2869 5427 2936 5481 ab
2963 5425 3177 5479 Arianis
3205 5421 3254 5475 ei
3312 5419 3602 5480 intentata,

2033 5530 2202 5583 veluti
2226 5540 2497 5581 annonam
2534 5534 2858 5593 pauperum,
2882 5531 3043 5587 quam
3074 5509 3421 5582 imperatoris
3446 5520 3603 5581 pater

2032 5619 2427 5678 Constantinus
2484 5611 2845 5675 Alexandri-1:,
2885 5610 2936 5662 in
2984 5619 3283 5677 egenorum
3344 5603 3601 5659 alimenta

2034 5706 2474 5768 distribuendam
2526 5707 2800 5765 sanxerat,
2860 5695 3191 5753 Athanasius
3239 5694 3599 5760 vendidisset,
