3988 6190
274 393 382 454 253

1253 393 1858 455 ECCLESIASTICJ‘I
1903 395 2296 456 HISTORle
2339 399 2486 458 LIB.
2539 400 2640 459 IX.

3451 402 3558 466 954

271 512 434 564 Θεόν.
463 508 580 562 Καὶ
601 511 786 581 χρόνοι
823 508 932 576 γὰρ
964 507 1060 561 καὶ
1086 508 1280 571 αἰῶνες
1301 512 1559 578 γεγόνασι
1590 511 1659 562 δι’
1677 511 1826 565 αὖτοῐ

1929 531 1942 570 ι
1975 510 2098 572 fuit,
2159 515 2304 582 quod
2370 522 2568 582 printer
2599 513 2984 568 auctoritatem
3016 513 3312 583 Scriptura:
3335 518 3556 584 pericu-

270 599 413 654 Οὖτε
447 601 558 672 μὴν
575 599 919 669 συνάναρχον
945 598 1070 652 οὔτε
1098 601 1503 668 συναγέννητον
1527 604 1618 655 τὸν
1636 604 1766 655 Υἰὸν
1782 605 1860 674 τῷ

272 694 453 764 Πατρὶ
482 688 624 746 εἶναι
647 693 957 762 νομιστέον·
979 695 1330 763 συνανάρχου
1347 698 1457 764 γὰρ
1479 697 1576 748 καὶ
1600 713 1862 764 συναγεν.

267 789 439 858 νήτου
458 785 643 847 οὐδεὶς
673 783 882 854 κυρίως
906 783 1096 852 Πατὴρ
1125 783 1158 855 ἢ
1190 785 1319 847 Υἱὸς
1345 785 1694 854 λεχθήσεται·
1721 787 1858 842 ἀλλά

265 881 362 932 τδν
395 878 499 948 μὲν
532 876 760 944 Πατέρα
791 875 955 945 μόνον
991 874 1234 946 ἄναρχον
1255 876 1386 931 ὄντα
1416 881 1512 930 καὶ
1540 879 1855 947 ἀνέφικτον,

267 969 674 1035 γεγεννηκέναι
709 968 1023 1036 ἀνεφίκτως
1078 970 1174 1020 καὶ
1234 969 1402 1022 πᾶσιν
1453 971 1859 1039 ἀκαταλήπτως

265 1061 534 1128 οἴδαμεν·
559 1061 653 1114 τὸν
673 1060 729 1114 δὲ
759 1060 888 1113 Υἰὸν
922 1059 1287 1130 γεγεννῆσθαι
1313 1063 1420 1130 πρὸ
1450 1061 1556 1115 τῶν
1593 1062 1814 1117 αἰώνων
1837 1080 1852 1096 ·

264 1155 361 1203 καὶ
399 1155 604 1222 μηκέτι
634 1153 825 1221 ὅμοιον
856 1150 936 1221 τῷ
999 1151 1178 1224 Πατρὶ
1217 1151 1515 1223 ἀγέννητον
1579 1148 1721 1209 εἶναι
1760 1158 1854 1209 καὶ.

263 1247 432 1298 αὐτον
453 1287 467 1304 ,
537 1243 653 1296 ἀλλ’
707 1243 889 1315 ἀρχὴν
918 1242 1066 1312 ἔχειν
1123 1244 1216 1296 τὸν
1241 1244 1583 1314 γεννήσαντα
1608 1246 1849 1317 Πατέρα·

262 1335 482 1404 κεφαλὴ
509 1335 618 1404 γὰρ
645 1331 887 1402 Χριστοῦ
924 1336 951 1386 ό
984 1334 1138 1396 Θεός.
1169 1333 1309 1387 Οὔτε
1345 1339 1450 1402 μὴν
1484 1338 1608 1405 τρία
1652 1338 1850 1406 όμολο-

259 1427 492 1494 γοῦντες
522 1426 826 1496 πράγματα
876 1425 973 1481 καὶ
1023 1428 1153 1496 τρία
1199 1432 1470 1498 πρόσωπα
1507 1428 1600 1482 τοῦ
1639 1432 1850 1501 Πατρός

259 1519 484 1572 καὶτοῦ
530 1517 664 1570 Υἱοῦ
697 1519 794 1570 καὶ
843 1517 938 1572 τοῦ
987 1519 1145 1586 ἀγίου
1198 1519 1519 1584 Πνεὺματος
1579 1523 1718 1576 κατὰ
1749 1526 1848 1587 τὰς

257 1612 512 1681 Γραφάς,
530 1612 683 1680 τρεῖς
711 1610 799 1664 διὰ
817 1609 978 1663 τοῦτο
994 1611 1123 1672 τοὺς
1153 1610 1310 1674 θεοὺς
1338 1611 1600 1680 ποιοῦμεν
1620 1629 1634 1645 ·
1656 1615 1845 1685 ἐπειδὴ

259 1705 352 1757 τὸν
382 1702 657 1772 αὐτοτελῆ
699 1703 796 1756 καὶ
827 1703 1147 1770 ἀγέννητον,
1184 1701 1424 1772 ἄναρχόν
1458 1721 1519 1756 τε
1550 1707 1644 1759 καὶ
1678 1707 1846 1775 ἀόρα-

255 1811 350 1846 τον
377 1793 538 1858 Θεδν,
571 1791 670 1845 ἕνα
727 1793 888 1862 μόνον
936 1790 1166 1860 οἴδαμεν
1200 1791 1295 1844 τὸν
1321 1791 1455 1845 Θεὸν
1483 1795 1579 1847 καὶ
1623 1795 1844 1867 Πατέρα

1963 601 2080 655 lose
2137 603 2352 666 dicunt,
2419 613 2676 674 tanquam
2731 607 3032 673 temporale
3085 607 3431 661 intervallum
3459 623 3556 661 an-

1960 701 2012 746 te
2072 694 2250 763 ipsum
2310 695 2832 752 considerandum:
2892 698 2985 750 sed
3049 699 3220 760 solus,
3272 699 3366 766 qui
3424 713 3551 752 eum

1957 781 2077 836 sine
2140 795 2383 854 tempore
2447 785 2657 856 genuit,
2718 786 2859 840 Deus
2894 788 3370 856 contemplandus.
3415 787 3550 842 Nam

1957 889 2010 932 et
2045 887 2294 945 tempora
2315 886 2370 930 et
2397 877 2593 931 saecula
2621 892 2718 946 per
2761 877 2939 944 ipsum
3005 877 3142 932 facta
3174 890 3324 932 sunt.
3360 880 3549 946 Neque

1960 982 2093 1023 vero
2137 968 2302 1021 simul
2354 967 2611 1037 principii
2677 985 2894 1036 expers,
2928 985 3106 1038 neque
3140 971 3302 1024 simul
3335 971 3550 1040 ingeni-

1955 1065 2043 1111 tus
2111 1071 2232 1110 cum
2290 1066 2443 1126 patre
2499 1056 2640 1111 ﬁlius
2688 1073 2807 1112 esse
2862 1059 3139 1126 putandus
3176 1070 3282 1113 est.
3325 1061 3543 1114 Etenim

1953 1147 2119 1202 simul
2179 1147 2434 1217 principii
2487 1149 2733 1216 expertis
2786 1159 2841 1203 et
2867 1152 3033 1204 simul
3070 1152 3319 1219 ingeniti,
3363 1153 3546 1206 nullus

1950 1239 2174 1310 proprie
2194 1239 2355 1293 Pater
2389 1249 2486 1293 aut
2512 1238 2686 1293 Filius
2757 1240 2995 1297 dicetur.
3029 1241 3134 1296 Sed
3169 1242 3386 1297 Patrem
3416 1244 3544 1310 qui-

1951 1331 2074 1386 dem
2127 1332 2302 1386 solum
2336 1332 2590 1402 principii
2641 1342 2925 1402 expertem
2977 1335 3332 1389 exsistentem
3365 1345 3420 1386 et
3461 1337 3544 1388 in-

1951 1423 2510 1492 comprehensibilem
2572 1425 2830 1494 genuisse
2890 1425 3439 1494 ineomprehensibili
3487 1435 3544 1480 et

1949 1530 2113 1583 quem
2175 1530 2369 1570 omnes
2414 1516 2674 1584 consequi
2716 1531 2824 1570 non
2861 1517 3096 1585 possint,
3124 1517 3288 1570 modo
3311 1519 3535 1581 scimus,

1949 1607 2148 1661 leimu
2171 1618 2355 1662 autem
2384 1607 2629 1676 genitum
2657 1623 2777 1663 esse
2836 1619 2963 1663 ante
3005 1610 3225 1663 saecula.
3263 1611 3329 1664 Et
3361 1625 3539 1678 neque

1947 1696 2135 1754 itidem
2174 1709 2235 1753 ut
2283 1700 2525 1765 Patrem,
2567 1699 2744 1768 ipsum
2771 1715 2989 1769 quoque
3023 1700 3328 1769 ingenitum
3359 1715 3481 1755 esse
3518 1717 3534 1754 :

1946 1791 2043 1846 sed
2103 1790 2432 1861 principium
2485 1791 2711 1854 habere,
2767 1793 2858 1862 qui
2913 1807 3039 1846 eum
3068 1793 3279 1862 genuit,
3308 1791 3524 1846 Patrem

254 1885 354 1938 τοῦ
386 1861 758 1951 Μονογενοῦς,
790 1883 882 1937 τδν
915 1883 1074 1954 μόνον
1111 1885 1214 1955 μὲν
1250 1885 1310 1950 ἐξ
1361 1887 1558 1940 ἑαυτοῦ
1604 1889 1665 1942 τὸ
1699 1861 1826 1944 εἶναι

1949 1875 2161 1955 ipsum;
2202 1892 2367 1955 caput
2399 1899 2635 1954 namque
2667 1861 2866 1940 Christi
2900 1861 3394 1940 Deus.iEnimvero
3422 1894 3536 1938 tres

255 1978 480 2046 ἔχοντα,
514 1977 679 2046 μόνον
713 1975 772 2029 δὲ
802 1976 914 2038 τοῖς
949 1975 1132 2040 ἄλλοις
1159 1978 1329 2031 πᾶσιν
1355 1977 1605 2047 ἀφθόνως
1623 1981 1841 2052 χαριζό-

259 2085 425 2136 μενον
457 2069 519 2120 τὸ
554 2064 713 2122 εἶναι.
747 2066 885 2121 Οὔτε
935 2069 1044 2139 μὴν
1073 2069 1170 2122 ἕνα
1203 2070 1340 2123 Θεὸν
1373 2072 1534 2140 μόνον
1585 2073 1841 2142 λέγοντες

257 2154 424 2219 εἶναι,
458 2159 555 2210 τὸν
590 2156 684 2210 τοῦ
720 2157 928 2227 Κυρίου
980 2157 1162 2228 Ἰησοῦ
1218 2162 1461 2229 Χριστοῦ
1495 2162 1715 2235 Πατέρα
1746 2169 1838 2220 τὸν

255 2250 423 2318 μόνον
457 2250 778 2319 ἀγέννητον,
809 2251 898 2303 διὰ
924 2250 1085 2304 τοῦτο
1129 2253 1446 2324 ἀρνούμεθα
1479 2259 1570 2310 τὸν
1599 2259 1838 2328 Χριστὸν

252 2342 391 2395 Θεὶν
423 2340 570 2396 εἶναι
594 2343 922 2412 ⁸ιιροαιώνιον
945 2359 958 2373 ·
994 2343 1172 2396 ὁποῖοί
1196 2338 1203 2345 ’
1225 2346 1364 2399 εἰσιν
1393 2349 1444 2400 οἰ
1479 2349 1588 2402 ἀπο
1621 2352 1833 2406 Παύλου

251 2433 351 2488 τοῦ
383 2435 782 2504 Σαμοσατέως,
809 2434 1039 2505 ὕστερον
1063 2436 1230 2489 αὐτὸν
1255 2439 1394 2505 μετὰ
1423 2440 1523 2508 τὴν
1561 2443 1837 2514 ὲνανθρώ-

250 2545 426 2596 πησιν
478 2529 546 2580 ὲκ
599 2531 888 2598 προκοπῆς
946 2545 1004 2581 τε
1037 2527 1412 2584 θεοποιεῖσθαι
1447 2532 1724 2601 λέγοντες,
1757 2536 1834 2606 τῷ

247 2621 354 2690 τὴν
376 2619 545 2689 φύσιν
568 2617 728 2688 ψιλὸν
763 2619 926 2673 αὐτὸν
958 2619 1248 2690 ἄνθρωπον
1264 2622 1566 2689 γεγονέναι.
1598 2625 1833 2696 Οἴδαμεν

248 2712 364 2780 γὰρ
394 2710 584 2777 αὑτὸν,
605 2712 655 2763 εἰ
689 2713 785 2765 καὶ
812 2712 1180 2766 ὑποτέτακται
1229 2709 1305 2782 τῷ
1339 2717 1514 2785 Πατρί
1547 2720 1641 2771 καὶ
1688 2719 1828 2790 Θεῷ,

247 2802 370 2855 ἀλλ’
398 2803 554 2870 ὅμως
582 2802 917 2872 γεννηθέντα
951 2804 1017 2856 ἐκ
1040 2803 1136 2856 τοῦ
1159 2805 1319 2871 Θεοῦ,
1347 2807 1480 2861 Θεὸν
1501 2811 1644 2864 κατά
1668 2811 1832 2880 φύσιν

246 2894 460 2948 τέλειον
489 2891 632 2948 εἶναι
660 2896 754 2947 καὶ
780 2895 979 2966 ἀληθῆ,
1005 2897 1102 2948 καὶ
1133 2897 1208 2968 μὴ
1261 2899 1319 2965 ἐξ
1351 2900 1655 2971 ἀνθρώπων
1688 2906 1829 2973 μετὰ

243 2982 426 3036 ταῦτα
457 2983 616 3049 Θεὸν,
661 2984 778 3036 ἀλλ’
804 2986 867 3038 ἐκ
896 2984 1033 3039 Θεοῦ
1080 2987 1504 3057 ὲνανθρωπῆσαι
1535 2991 1604 3044 δι’
1631 2993 1782 3064 ἡμᾶς
1808 3010 1825 3028 ·

244 3077 346 3128 καὶ
380 3076 612 3146 μηδέπω
641 3075 771 3129 ποτὲ
823 3076 1211 3131 ἀπολωλεκότα
1239 3079 1300 3131 τδ
1333 3075 1474 3134 εἶναι
1520 3082 1674 3138 Θεόν.
1702 3085 1826 3139 Βδε-

1947 1975 2276 2032 conﬁtentes
2333 1991 2444 2042 res,
2500 1986 2558 2031 et
2595 1984 2708 2030 tres
2739 1991 3001 2045 personas
3026 1976 3208 2029 Patris
3232 1984 3289 2028 et
3324 1973 3444 2028 Filii
3477 1983 3533 2028 et

1943 2066 2182 2138 Spiritus
2234 2068 2432 2134 sancti,
2474 2067 2779 2123 secundum
2859 2066 3195 2136 Scripturas,
3261 2082 3369 2120 non
3421 2078 3534 2120 tres

1941 2170 2233 2229 propterea
2269 2159 2502 2215 facimus
2550 2163 2702 2215 deos.
2757 2160 3216 2228 Quandoquidem
3250 2174 3350 2227 per
3379 2159 3530 2228 seip-

1940 2264 2060 2302 sum
2101 2249 2402 2318 perlectum
2453 2259 2508 2304 et
2540 2249 2864 2319 ingenitum,
2921 2248 3304 2318 principioque
3335 2263 3530 2302 caren-

1940 2349 2071 2405 tem,
2101 2351 2156 2394 et
2187 2340 2522 2394 invisibilem
2569 2341 2763 2403 Deum,
2800 2356 2970 2394 unum
2999 2351 3211 2395 tantum
3241 2341 3522 2403 novimus,

1938 2431 2110 2486 Deum
2158 2439 2214 2484 et.
2267 2431 2483 2484 Patrem
2538 2430 2841 2500 Unigeniti,
2893 2431 3067 2485 solum
3112 2447 3178 2486 ex
3231 2433 3413 2500 seipse
3437 2449 3527 2486 es-

1936 2518 2170 2573 sentiam
2231 2519 2546 2584 habentem,
2599 2521 2778 2575 solum
2838 2520 2964 2576 aliis
3013 2521 3272 2576 omnibus
3304 2523 3522 2576 abunde

1934 2611 2314 2665 exsistentiam
2369 2611 2718 2680 largientem.
2781 2612 2969 2680 Neque
3027 2627 3159 2666 sane
3193 2613 3320 2667 dum
3348 2629 3516 2666 unum

1934 2700 2108 2756 Deum
2163 2716 2282 2756 esse
2331 2702 2589 2764 dicimus,
2637 2702 2854 2757 Domini
2906 2704 3035 2759 Jesu
3068 2704 3516 2760 ChristtPatrcm

1933 2793 2114 2848 solum
2178 2795 2506 2865 ingenitum,
2571 2805 2861 2864 propterea
2883 2795 3165 2852 Christum
3201 2799 3369 2852 Deum
3393 2814 3516 2854 esse

1935 2887 2384 2955 autesatcularem
2459 2903 2723 2956 negamus
2781 2905 2791 2940 :
2836 2890 3027 2958 quales
3085 2900 3210 2944 sunt
3239 2891 3388 2946 Pauli
3418 2892 3516 2946 Sa-

1931 2981 2198 3034 mosateni
2221 2989 2540 3044 sectatores,
2586 2990 2708 3051 post
2751 2979 3260 3038 inhumanationem
3287 2999 3413 3039 eum
3440 3001 3508 3040 ex

1929 3067 2174 3136 profectu
2203 3069 2516 3124 deiﬁcatum
2566 3086 2684 3125 esse
2713 3072 2980 3136 dicentes,
3002 3088 3069 3127 eo
3107 3074 3253 3142 quod
3311 3085 3506 3129 natura

243 3165 566 3232 λυσσόμεθα
586 3165 643 3219 δὲ
673 3167 811 3237 πρὸς
851 3168 1061 3230 τούτοις
1088 3170 1180 3220 καὶ
1221 3169 1698 3242 ἀναθεματίζομεν
1730 3175 1824 3229 καὶ

1930 3173 2114 3214 merus
2155 3159 2318 3214 homo
2341 3160 2519 3216 factus
2548 3162 2638 3215 sit.
2674 3162 2859 3232 693.
2895 3163 3274 3220 Scimusenim
3299 3165 3507 3236 ipsum,

239 3261 377 3320 -οὺς
410 3258 588 3325 Λόγον
643 3258 744 3328 μὲν
799 3259 960 3327 μόνον
995 3260 1156 3313 αὐτὸν
1197 3260 1293 3312 τοῦ
1337 3262 1494 3328 Θεοῦ,
1549 3264 1704 3334 ψιλὸν
1729 3269 1824 3322 καὶ

1929 3250 2138 3304 etiamsi
2199 3251 2482 3322 subjectus
2518 3260 2604 3306 est
2642 3252 2788 3306 Patri
2838 3263 2892 3308 et
2943 3255 3074 3320 Deo,
3140 3265 3319 3311 tamen
3353 3259 3510 3327 geni-

241 3349 604 3420 ἀνύπαρκτον
664 3351 1024 3414 ὲπιτιλάστως
1071 3352 1393 3418 καλοῦντας,
1453 3357 1511 3408 ἐν
1561 3357 1734 3428 ἑτέρῳ
1763 3362 1824 3412 τὸ

241 3438 390 3494 εἶναι
418 3442 613 3510 ἔχοντα
633 3482 648 3507 ,
678 3442 774 3494 νῦν
807 3443 908 3511 μὲν
937 3443 1012 3507 ὡς
1047 3443 1140 3495 τδν
1163 3447 1500 3514 προφορικδν
1530 3446 1823 3518 λεγόμενον

242 3535 352 3587 ὑπό
386 3550 574 3596 τινων,
631 3533 726 3586 νῦν
759 3535 814 3587 δὲ
862 3533 939 3597 ὡς
981 3535 1070 3587 τὸν
1109 3536 1448 3612 ἐνδιάθετον·
1491 3537 1728 3610 Χριστὸν
1764 3541 1819 3594 δὲ

241 3627 408 3679 αὔξον
438 3630 533 3678 καὶ
565 3625 770 3695 Κύριον
803 3627 896 3678 καί
945 3626 1081 3679 Θεὸν
1111 3635 1204 3680 καὶ
1234 3628 1465 3699 μεσίτην
1497 3633 1589 3684 καὶ
1636 3633 1819 3686 εἰκόνα

238 3718 337 3770 τοῦ
389 3717 528 3770 Θεοῦ
557 3716 634 3788 μὴ
659 3712 797 3769 εῖναι
825 3717 930 3786 πρὸ
961 3716 1172 3772 αἰώνων
1189 3720 1476 3784 θέλοντας·
1499 3722 1615 3776 ἀλλ’
1631 3724 1818 3778 ἔκτοτε

238 3810 482 3880 Χριστὸν
518 3810 682 3864 αὑτὸν
733 3811 1016 3878 γεγονέναι
1044 3813 1144 3866 καὶ
1175 3813 1302 3868 Υἰὺν
1335 3815 1430 3866 τοῦ
1462 3815 1619 3881 Θεοῦ,
1661 3817 1720 3881 ἐξ
1753 3812 1815 3870 οὗ

235 3900 340 3966 τὴν
363 3898 644 3968 ἡμετέραν
679 3901 740 3952 ὲκ
770 3901 869 3969 τῆς
903 3901 1180 3971 Παρθένου
1204 3903 1384 3971 σάρκα
1410 3905 1690 3976 ἀνείληφε,
1711 3908 1817 3976 πρὸ

233 3989 613 4056 τετρακοσίων
652 3987 788 4042 ὅλων
844 3989 1000 4044 ἐτῶν.
1045 3991 1276 4044 Ἕκτοτε
1310 3993 1417 4062 γὰρ
1457 3995 1632 4064 ἀρχὴν
1659 3996 1816 4064 βασι-

234 4080 395 4143 λείας
451 4080 546 4132 τὸν
589 4079 827 4150 Χριστὸν
873 4082 1172 4151 ἐσχηκέναι
1225 4082 1473 4136 θέλουσι·
1522 4086 1616 4137 καὶ
1661 4088 1814 4149 τέλος

230 4171 384 4233 ἕξειν
407 4171 584 4240 αὐτὴν
623 4171 760 4240 μετά
786 4173 888 4242 τὴν
927 4174 1240 4228 συντέλειαν
1271 4175 1364 4227 καὶ
1397 4177 1604 4244 κρίσιν.
1627 4178 1814 4232 Τοιοῦ-

230 4279 318 4313 ττι
350 4263 409 4314 δέ
464 4265 607 4315 εἰσιν
647 4264 695 4316 οἰ
735 4265 868 4324 ἀπὸ,
903 4265 1225 4335 Μαρκέλλου
1271 4268 1364 4320 καὶ
1397 4269 1669 4323 Φωτεινοῦ
1703 4271 1812 4323 τῶν

244 4354 745 4420 ’Ᾱγκυρογαλατῶν
767 4371 779 4386 ·
807 4356 858 4407 οἳ
889 4357 986 4423 τὴν
1025 4357 1353 4428 προαιώνιον
1376 4358 1610 4430 ὓπαρξιν
1635 4378 1691 4414 τε
1715 4361 1811 4415 καὶ

231 4445 472 4513 θεότητα
530 4445 626 4497 τοῦ
673 4447 932 4515 Χριστοῦ,
999 4448 1094 4500 καὶ
1139 4451 1238 4518 τὴν
1264 4451 1618 4520 ἀτελεύτητον
1645 4452 1808 4505 αὑτοῦ

1927 3351 2040 3396 tum
2086 3357 2152 3397 ex
2211 3343 2342 3408 Deo,
2396 3345 2566 3398 Deum
2623 3355 2816 3400 natura
2848 3363 2966 3401 esse
2998 3348 3302 3416 perfectum
3324 3359 3379 3404 et
3413 3366 3508 3402 ve-

1925 3449 2070 3497 rum,
2132 3445 2188 3489 et
2246 3452 2351 3490 non
2405 3451 2474 3490 ex
2521 3436 2839 3492 hominibus
2865 3449 3054 3506 postea
3090 3440 3283 3504 Deum,
3311 3441 3405 3494 sed
3441 3457 3506 3494 ex

1922 3527 2056 3590 Deo,
2110 3526 2388 3581 hominem
2433 3527 2636 3582 factum
2702 3540 2931 3598 propter
2997 3544 3098 3584 nos
3149 3544 3506 3598 esse,nequc

1923 3630 2161 3683 unquam
2215 3617 2447 3672 desiisse
2473 3633 2594 3672 esse
2625 3619 2795 3672 Deum
2829 3657 2843 3670 .
2865 3619 3228 3672 Exsecramur
3252 3636 3382 3674 vero
3414 3621 3505 3674 in-

1921 3721 2112 3774 super.
2147 3714 2203 3760 et
2258 3707 2592 3761 anathemati
2619 3709 2964 3779 sulijicimus,
3000 3725 3098 3764 eos
3128 3711 3220 3779 qui
3261 3710 3504 3766 Verbum

1919 3796 2142 3865 quidem
2172 3797 2348 3863 ipsum
2376 3796 2491 3858 Dei,
2519 3797 2615 3851 sed
2655 3806 2864 3851 tantum
2894 3799 3102 3853 nudum
3139 3811 3194 3855 et
3226 3802 3346 3858 sine
3366 3805 3500 3857 sub-

1918 3893 2172 3947 sistentia
2234 3893 2426 3948 lictitie
2477 3903 2673 3947 vocant
2727 3911 2741 3946 :
2801 3897 2853 3948 in
2906 3896 3012 3950 alio
3039 3911 3168 3949 vero
3201 3900 3502 3952 essentiam

1916 3984 2146 4047 habens,
2176 3984 2470 4052 aliquando
2499 3999 2628 4039 sane
2656 3995 2714 4039 ut
2738 3987 2923 4040 vocale
2947 4002 3040 4040 seu
3061 3989 3500 4056 enuntiativum,

1917 4075 2212 4144 aliquando
2266 4092 2394 4130 vero
2449 4087 2509 4129 ut
2563 4075 2836 4130 internum
2882 4093 2975 4130 seu
3039 4079 3273 4131 menlale
3317 4096 3344 4129 a
3378 4082 3506 4148 qui-

1915 4167 2142 4220 busdam
2207 4167 2412 4220 dictum
2449 4183 2465 4231 ;
2494 4167 2772 4222 Christum
2819 4177 2999 4222 autem
3027 4168 3204 4236 ipsum
3229 4181 3284 4223 et
3318 4172 3502 4224 Domi-

1914 4272 2068 4324 num,
2120 4268 2176 4314 et
2231 4257 2420 4323 Deum,
2459 4258 2922 4324 etmediatorem,
2973 4270 3029 4313 et
3061 4261 3353 4331 imaginem
3395 4263 3492 4316 Dei

1912 4366 2034 4406 esse
2099 4363 2226 4406 ante
2278 4352 2473 4406 saecula
2509 4352 2704 4403 nolunt
2739 4367 2752 4402 :
2788 4351 2882 4404 sed
2905 4366 3032 4405 eum
3064 4369 3127 4406 ex
3154 4369 3218 4406 eo
3247 4365 3499 4424 tempore.

1912 4441 2190 4496 Christum
2246 4457 2370 4498 esse
2427 4444 2630 4497 factum
2686 4454 2742 4497 et
2798 4443 2995 4498 Filium
3054 4443 3146 4498 Dei
3181 4445 3393 4508 dicunt,
3425 4463 3498 4510 ex.

231 4533 520 4600 βασιλείαν
545 4534 748 4603 ὁμοίως
778 4534 1033 4590 ἀθετοῦσι
1089 4538 1166 4608 τῷ
1199 4539 1455 4592 ἵστασθαι
1505 4541 1682 4593 δοκεῖν
1713 4543 1808 4594 αὐ-

1929 4551 2021 4605 ιιιο
2079 4545 2322 4590 nostram
2369 4551 2436 4589 ex
2485 4536 2706 4605 Virgine
2736 4550 2958 4588 carnem
2998 4540 3323 4604 assumpsit,
3359 4548 3493 4592 ante

229 4625 343 4686 τοῖς
373 4623 523 4676 οὕτω
568 4624 667 4692 τὴν
701 4626 1024 4696 μοναρχίαν.
1078 4629 1268 4698 Ἰσμεν
1309 4629 1417 4699 γάρ
1451 4631 1611 4701 ἡμεῖς
1637 4632 1805 4684 αὐτὸν

227 4713 329 4778 οὐχ
362 4711 552 4772 ἁπλῶς
576 4712 735 4779 λόγον
764 4717 1100 4784 προφορικὺν
1126 4715 1158 4785 ἢ
1189 4717 1498 4771 ἐνδιάθετον
1520 4719 1615 4772 τοῦ
1644 4720 1804 4773 Θεοῦ·

226 4801 366 4854 ἀλλά
396 4801 575 4864 ζῶντα
605 4802 741 4854 Θεὸν
772 4803 965 4870 Λόγον,
997 4804 1120 4858 καθ’
1144 4807 1344 4859 ἑαυτόν
1366 4825 1425 4861 τε
1458 4809 1802 4880 ὑπάρχοντα,

227 4895 322 4946 καὶ
361 4893 490 4944 Υἰὸν
514 4894 652 4946 Θεοῦ
679 4896 771 4946 καὶ
792 4897 1029 4966 Χριστόν
1049 4911 1062 4926 ·
1090 4899 1185 4950 καὶ
1205 4895 1352 4951 οὕτω
1370 4903 1807 4971 προῃωστικῶς

227 4989 486 5049 συνόντα,
518 4991 613 5041 καὶ
644 4989 1094 5060 συνδιατρίϐοντα
1127 4991 1235 5062 πρὸ
1262 4991 1475 5047 αἰώνων
1504 4993 1583 5065 τῷ
1610 4995 1805 5050 ἑαυτοῦ

228 5079 428 5148 Πατρὶ.
465 5080 564 5132 καὶ
601 5081 739 5150 πρὸς
778 5082 964 5135 πᾶσαν
1005 5081 1477 5156 διακονησόμενον
1505 5086 1674 5140 αὑτοῦ
1706 5087 1807 5156 τὴν

221 5169 619 5239 δημιουργίαν,
653 5171 765 5224 εῐτε
794 5173 905 5226 τῶν
936 5173 1208 5239 ἀοράτων,
1239 5177 1348 5230 εἴτε
1380 5177 1491 5232 τῶν
1546 5175 1762 5247 ὁρατῶν
1789 5193 1804 5209 ·

222 5261 344 5312 ἀλλ’
380 5263 752 5317 ὲνυπόστατον
792 5265 967 5334 Λόγον
993 5266 1123 5320 ὄντα
1145 5267 1241 5322 τοῦ
1281 5270 1516 5340 Πατρός,
1551 5271 1646 5324 καὶ
1671 5271 1806 5324 Θεὸν

221 5353 289 5404 ὲκ
317 5350 486 5406 Θεοῦ.
544 5352 716 5417 Οὗτος
759 5357 870 5426 γάρ
899 5359 1018 5411 ἔστι
1068 5360 1208 5430 πρὸς
1237 5359 1296 5413 όν
1331 5355 1486 5414 εἶπεν
1515 5364 1544 5415 ό
1575 5363 1766 5432 Πατήρ
1786 5377 1800 5392 ·

221 5441 586 5513 [ιοιήσωμεν
611 5445 923 5513 ἄνθρωπον
971 5450 1099 5505 κατ’
1124 5452 1334 5505 εἰκόνα
1377 5452 1676 5522 ἡμετέραν
1704 5453 1803 5508 καί

222 5536 356 5589 καθ’
385 5537 681 5602 ὁμοίωσιν
702 5553 717 5566 ·
750 5539 809 5601 ὃς
835 5543 933 5594 καὶ
967 5544 1081 5599 τοῖς
1125 5545 1405 5614 Πατράσιν
1429 5545 1609 5616 ὤφθη,
1640 5545 1802 5599 δεδω-

219 5624 336 5685 κὼς
365 5626 458 5678 τὸν
485 5629 674 5696 νόμον,
704 5634 800 5683 καὶ
834 5631 1077 5703 λαλήσας
1104 5635 1191 5687 διὰ
1223 5635 1330 5686 τῶν
1365 5637 1681 5706 προφητῶν,
1709 5637 1804 5689 καὶ

217 5718 290 5768 τὰ
323 5717 619 5774 τελευταῖα
647 5723 1104 5794 ὲνανθρωπήσας,
1131 5729 1224 5779 καὶ
1247 5727 1338 5780 τὸν
1365 5729 1560 5782 ἑαυτοῦ
1589 5730 1803 5798 Πατέρα

220 5812 393 5866 πᾶσιν
422 5811 1095 5890 ἀνθρώποιξφανερώσας,
1126 5822 1219 5873 καί
1250 5820 1547 5892 βασιλεύων
1575 5827 1651 5885 εἰς
1674 5824 1796 5885 τοὺς

1909 4625 2340 4696 quadringentos
2377 4625 2617 4696 integros
2639 4642 2833 4681 annos.
2868 4628 2945 4681 Ex
2971 4643 3038 4681 eo
3067 4629 3212 4681 enim
3246 4639 3496 4698 tempore

1910 4719 2128 4772 initium
2180 4720 2330 4788 regni
2385 4717 2662 4772 Christum
2715 4718 2990 4781 habuisse,
3023 4729 3079 4772 et.
3120 4719 3281 4772 tinem
3312 4719 3363 4772 id
3399 4721 3496 4773 lia-

1909 4811 2150 4865 biturum
2184 4825 2307 4864 esse
2353 4819 2474 4880 post
2495 4811 3021 4862 consummationem
3087 4821 3144 4864 et
3190 4811 3488 4879 judicium,

1908 4901 2118 4955 volunt.
2153 4899 2314 4955 Tales
2338 4909 2518 4953 autem
2546 4908 2676 4952 sunt
2701 4899 3032 4953 ﬂarcelliani
3085 4911 3141 4954 et
3170 4902 3486 4956 Photiniani
3525 4927 3534 4940 -

1909 4993 2180 5063 Ancyrani
2237 4995 2290 5046 in
2341 4990 2593 5056 Galatia,
2651 4993 2744 5059 qui
2800 4993 3244 5049 antesaacularem
3303 4996 3491 5051 subsi-

1907 5084 2159 5139 suntiam
2215 5092 2272 5139 et
2295 5083 2642 5138 divinitatem
2663 5082 2901 5149 Christi,
2931 5094 2988 5139 et
3016 5086 3276 5142 similiter
3306 5089 3486 5141 inter.

1907 5174 2176 5228 minatum
2203 5173 2325 5243 eius
2345 5188 2576 5242 regnum
2623 5173 2867 5234 abolent.
2921 5190 2989 5230 eo
3040 5177 3223 5243 modo,
3257 5186 3317 5231 ut
3351 5177 3493 5244 ipsis

1906 5266 2147 5332 videtur,
2189 5267 2568 5321 monarchiam
2611 5282 2710 5321 seu
2747 5266 2911 5322 unius
2954 5267 3244 5338 imperium
3275 5265 3489 5320 consti-.

1909 5367 2149 5414 tuentes.
2206 5358 2318 5412 Nos
2361 5359 2514 5412 enim
2570 5359 2798 5424 scimus,
2848 5373 2970 5415 esse
3009 5375 3117 5413 non
3152 5358 3484 5427 simpliciter

1905 5453 2135 5507 verbum
2182 5451 2608 5511 enuntiativum.
2678 5461 2772 5505 aut
2799 5453 3075 5506 internum
3109 5450 3247 5504 :sed
3283 5452 3478 5504 viven-

1909 5555 2016 5598 tem
2072 5543 2244 5599 Deum
2298 5541 2560 5605 Verbum,
2595 5557 2691 5612 per
2710 5544 2950 5610 seipsum
2981 5544 3395 5608 subsistentem,
3422 5553 3483 5609 et,

1907 5637 2106 5692 Filium
2171 5634 2265 5690 Dei
2311 5645 2367 5689 et
2395 5635 2700 5698 Christum,
2738 5643 2794 5686 et
2828 5633 2897 5686 ita
2923 5633 3279 5702 praescienter
3310 5635 3481 5691 simul

1905 5733 2258 5783 exsislentem
2288 5736 2343 5782 et
2365 5727 2528 5781 simul
2555 5735 2801 5797 agentem
2832 5736 2959 5781 ante
2991 5728 3188 5782 saecula
3219 5745 3343 5786 cum
3375 5745 3478 5785 suo

1905 5822 2086 5883 Patre,
2132 5831 2185 5874 et
2233 5821 2298 5873 ad
2363 5834 2580 5873 onmem
2633 5818 2753 5888 ejus
2785 5818 3265 5876 administrantem
3318 5836 3472 5876 crea-
