3988 6190
400 340 504 405 255
1575 337 1993 400 NlCEPIIORi
2035 338 2382 398 CALLlSTl
3541 332 3657 397 956

410 454 636 511 tionem,
688 446 803 503 sive
848 447 1205 503 invisibilium
1276 462 1373 502 seu
1434 448 1762 511 visibilium,
1793 457 1854 504 ut
1882 434 2010 516 qui.

2119 446 2283 511 ίῶνας
2318 447 2428 500 τῶν
2474 445 2711 501 αἰώνων.
2750 446 2921 500 Οὐδὲν
2975 446 3085 517 γάρ
3117 449 3435 518 πρόσφατον
3467 453 3494 504 ὁ
3523 452 3664 519 Χρι-

409 541 719 595 subsistens
753 540 991 594 Verbum
1028 539 1100 592 sit
1130 540 1332 605 Patris,
1357 549 1412 594 et
1438 540 1582 595 Deus
1615 556 1682 594 ex
1711 542 1841 594 Deo.
1879 540 1978 593 ilic

2114 538 2201 599 τὸς
2243 537 2609 605 προσείληφεν
2634 536 2852 605 ἀξίωμα
2870 553 2883 567 °
2911 537 3048 591 ἀλλά
3085 540 3292 592 ἄνωθεν
3325 541 3536 594 τέλειον
3560 543 3662 594 αύ-

409 634 555 686 cnim
586 641 670 685 est
699 631 763 683 ad
787 646 948 698 quem
987 630 1144 690 Pater
1174 630 1310 683 dixit
1344 645 1357 681 :
1397 629 1685 684 Faciamus
1717 633 1977 686 hominem

2115 629 2192 691 δν,
2233 630 2328 680 καὶ
2361 627 2437 697 τῷ
2466 630 2639 696 Πατρὶ
2672 627 2813 680 κατὰ
2848 628 3027 680 πάντα
3064 629 3256 697 ὅμοιον
3284 632 3663 684 πεπιστεύκα-

408 724 689 777 secundum
760 722 1041 785 imaginem
1125 730 1366 775 nostram
1454 732 1502 775 et
1557 722 1976 789 similitudinem,

2113 739 2206 774 ιεν.
2236 721 2346 774 Καὶ
2376 722 2501 774 τοὺς
2533 721 2793 786 λέγοντας
2823 721 2913 773 τὸν
2946 722 3111 773 αὐτὸν
3143 718 3286 775 εἶναι
3315 724 3541 792 Πατέρα
3567 725 3665 776 καὶ

413 815 505 882 qui
556 823 612 866 et
668 827 696 863 a
752 812 1001 880 patribus
1043 813 1196 867 visus
1219 823 1300 867 est
1330 829 1457 867 cum
1488 815 1660 884 legem
1694 816 1883 879 (erret,
1925 825 1979 870 et

2113 812 2208 864 ’ἱὸν
2243 812 2338 864 καὶ
2389 810 2542 877 ὄιγιον
2600 811 2850 877 Πνεῦμα,
2906 810 3032 863 καθ’
3087 811 3204 872 ἑνὸς
3242 812 3337 862 καὶ
3365 811 3459 863 τοῦ
3489 810 3665 863 αύῑοῦ

414 905 630 956 locutus
658 910 743 955 est
782 917 879 971 per
913 904 1248 972 prophetas;
1293 915 1348 958 et
1375 905 1470 973 qui
1504 915 1781 975 postremo
1819 909 1981 961 homo

2113 902 2415 970 τράγματὸς
2439 919 2496 953 τε
2529 902 2625 954 καὶ
2654 900 2952 971 προσώπου
2984 902 3052 953 τά
3082 901 3211 970 τρία
3255 901 3494 969 ὀνόματα
3537 903 3669 953 ἀσε-

415 994 590 1047 factus
652 1001 758 1054 est,
810 1004 865 1046 et
910 993 1126 1047 Patrem
1168 1010 1328 1048 suum
1365 996 1623 1051 omnibus
1658 997 1978 1053 hominibus

2113 994 2194 1057 ῐῶς
2244 994 2713 1062 ἐκλαμϐάνοντας,
2767 992 3000 1055 εἰκότως
3064 993 3533 1061 ἀποκηρύσσομεν
3563 994 3665 1060 τῆς

417 1082 807 1146 ιιιειιίίεειτινίι,
839 1085 1045 1152 quique
1077 1093 1270 1154 regnat
1319 1087 1373 1141 in
1408 1087 1606 1139 saecula
1635 1087 1979 1143 saeculorum.

2114 1085 2462 1155 Εκκλησίαςο
2501 1087 2581 1138 ὅτι
2617 1086 2708 1137 τὸν
2741 1084 3028 1154 ὰχώρητον
3068 1087 3165 1138 καὶ
3214 1086 3401 1153 ἁπαθῆ
3439 1084 3667 1151 Πατέρα

421 1174 702 1243 Siquidem
760 1176 897 1229 nihil
955 1193 1107 1231 novae
1148 1178 1431 1247 dignitatis
1455 1178 1709 1235 Christus
1736 1196 1971 1250 assump-

2113 1180 2335 1248 ;ωρητδν
2372 1179 2466 1230 καὶ
2500 1177 2746 1245 παθητὸν
2780 1175 2868 1228 διὰ
2900 1177 2997 1244 τῆς
3029 1177 3499 1245 ὲνανθρωπὴσεως
3529 1177 3669 1229 ὐπο-

420 1266 510 1327 sit,
533 1265 627 1319 sed
658 1281 783 1320 eum
827 1275 985 1319 antea
1013 1268 1337 1336 perfectum,
1374 1276 1431 1323 et
1488 1269 1632 1325 Patri
1664 1288 1764 1341 per
1801 1273 1984 1329 omnia

2113 1270 2345 1324 ‘ieewat.
2378 1269 2623 1322 Τοιοῦτοι
2652 1268 2759 1337 γάρ
2788 1271 2929 1320 εἰσιν
2978 1270 3028 1321 οἱ
3064 1269 3480 1339 Πατροπασανοὶ
3508 1268 3668 1336 παρὰ

421 1356 655 1410 similem
683 1373 804 1411 esse
825 1358 1126 1412 credimus.
1160 1360 1338 1428 Atque
1390 1360 1603 1429 itidem,
1643 1378 1738 1419 eos
1772 1367 1865 1433 qui
1902 1366 1987 1418 di-

421 1458 557 1503 cunt
608 1449 859 1503 eumdem
904 1464 1024 1505 esse
1081 1449 1294 1506 Patrem
1326 1463 1381 1508 et
1401 1455 1597 1508 Filium
1636 1465 1693 1510 et
1720 1456 1985 1525 Spiritum

424 1550 699 1601 sanctum.
741 1550 798 1596 et
853 1541 1019 1596 unius
1047 1543 1409 1613 ejusdemque
1430 1546 1505 1600 rei
1530 1556 1584 1600 et
1613 1562 1860 1615 personae
1886 1550 1989 1604 tria

424 1634 541 1687 ltzec
588 1633 808 1686 nomina
861 1634 1028 1704 impie
1081 1636 1378 1705 accipiunt,
1422 1641 1619 1693 merito
1649 1639 1717 1693 ab
1750 1641 1991 1698 Ecclesia

426 1727 818 1795 proscribimus
849 1741 862 1777 :
891 1727 1153 1797 quoniam
1214 1730 1430 1783 Patrem
1481 1733 1991 1803 quicomprehendi

2101 1355 2414 1425 Ῥωμαίοις,
2478 1355 2836 1409 Σαϐελλιανοὶ
2887 1356 2943 1407 δὲ
3010 1355 3140 1425 παρ’
3189 1357 3321 1425 ἡμῖν
3355 1356 3665 1422 λεγόμενοι.

2090 1447 2329 1516 Οἴδαμεν
2358 1447 2465 1517 γὰρ
2497 1448 2680 1517 ἡμεῖς,
2715 1446 2806 1499 τὸν
2832 1446 2932 1515 μὲν
2963 1448 3370 1500 ἀποστείλαντα
3421 1448 3666 1515 Πατέρα,

2090 1542 2146 1595 ὲν
2171 1539 2248 1610 τῷ
2278 1540 2464 1607 οἰκείῳ
2492 1540 2591 1608 τῆς
2622 1536 2990 1590 ἀναλλοιὼτου
3032 1536 3286 1606 θεότητος
3338 1538 3459 1607 ῆοει
3492 1552 3670 1605 μεμε-

2092 1633 2341 1703 νηκέναι,
2371 1631 2463 1682 τὸν
2485 1630 2542 1683 δὲ
2577 1629 2964 1683 ἀποσταλέντα
2987 1628 3227 1698 Χριστὸν
3258 1627 3358 1696 τὴν
3393 1627 3488 1695 τῆς
3516 1629 3675 1678 ἐναν-

2097 1724 2438 1794 θρωπήσεως
2467 1722 2781 1791 οἰκονομίαν
2805 1720 3257 1790 πεπληρωκέναι.
3305 1720 3542 1789 Ὁμοίως
3574 1720 3675 1771 καὶ

426 1826 684 1886 nequeat,
736 1826 900 1887 atque
947 1820 1289 1889 perpessioni
1341 1822 1615 1878 obnoxius
1666 1841 1774 1878 non
1817 1825 1909 1889 sit,
1938 1836 1992 1880 et

2113 1817 2221 1881 ςοὺς
2245 1816 2307 1869 οὑ
2342 1814 2597 1888 βουλήσει
2627 1813 2747 1866 οὐδὲ
2773 1812 2995 1883 θελήσει
3020 1812 3385 1883 γεγεννῆσθαι
3416 1814 3506 1864 τὸν
3536 1814 3675 1879 Χρι-

428 1910 1001 1978 εοιιιρι-ειιεηεὶωιεηι,
1058 1922 1116 1966 et
1180 1915 1520 1983 perpessioni
1548 1915 1868 1970 obstrictum
1899 1932 1998 1985 per

429 2001 932 2057 inhumanationem
958 2005 1317 2061 constituunt.
1349 2006 1515 2077 694
1557 2008 1714 2062 Tales
1735 2018 1881 2071 sunt,
1904 2008 1996 2078 qui

429 2096 837 2163 l’atropassiani
906 2095 1050 2165 apud
1119 2098 1419 2163 Romanos,
1504 2099 1797 2155 Sabelliani
1854 2103 1996 2172 apud

429 2203 532 2241 nos
580 2187 865 2241 dicuntur.
917 2186 1199 2256 Siquidem
1222 2190 1477 2243 novimus
1517 2191 1727 2245 Patrem
1752 2191 1996 2260 quidem,

432 2278 525 2346 qui
570 2277 795 2341 miserit,
855 2277 907 2329 in
971 2292 1072 2331 suo
1132 2278 1491 2333 immutabilis
1518 2279 1821 2335 divinitatis
1854 2291 1995 2335 statu

432 2370 799 2438 permansisse
833 2371 964 2438 :qui
996 2386 1124 2424 vero
1148 2372 1348 2426 missus
1395 2381 1481 2425 est
1504 2372 1805 2433 Christum.
1838 2373 2002 2426 inhu-

434 2460 762 2515 manationis
780 2461 1148 2514 (nconomiam
1181 2470 1235 2515 et
1265 2477 1464 2515 munus
1489 2462 1713 2516 obiisse.
1737 2464 2002 2518 Consimi-

432 2552 561 2606 liter
611 2561 794 2606 autcm
859 2567 954 2607 eos
1010 2553 1102 2623 qui
1149 2553 1338 2622 impie,
1397 2569 1505 2607 non
1541 2556 1795 2610 consulto
1822 2570 1999 2624 neque

434 2641 716 2696 voluntate
761 2642 1004 2711 genitum
1031 2656 1152 2696 esse
1180 2641 1464 2696 Christum
1498 2642 1708 2707 dicunt,
1759 2642 2003 2696 necessi-

438 2744 604 2789 tatem
635 2735 891 2789 videlicet
922 2737 1213 2804 quamdam
1270 2735 1636 2804 imponentes,
1659 2743 1714 2788 ct
1752 2735 2007 2788 substan-

441 2827 571 2881 tiam
630 2827 914 2881 voluntate
958 2809 1017 2880 ει
1065 2827 1281 2881 delectu
1315 2837 1590 2881 carentem
1619 2826 1729 2880 Deo
1757 2825 2005 2881 tribuen-

441 2929 545 2983 tes,
614 2918 713 2980 ita,
779 2926 842 2971 ut
867 2918 1074 2971 invitus
1100 2918 1296 2971 Filium
1333 2918 1609 2987 genuerit,
1650 2918 2006 2985 impiissimos

439 3021 496 3062 et
549 3024 577 3061 a
622 3009 855 3063 veritate
906 3008 1275 3063 alienissimos
1300 3009 1703 3078 cognoscimus.
1735 3009 2002 3074 Quoniam

2099 1909 2223 1962 στὸν
2278 1906 2571 1976 εἰρηκότας
2631 1894 3269 1973 ἁνευ).α6ῶς,-ἀνάγκην
3321 1904 3373 1956 δὲ
3422 1905 3675 1973 δηλονότι

2096 1999 2395 2070 ἀδούλητον
2417 1998 2607 2052 οὐσίαν
2663 1997 2760 2051 καὶ
2795 1995 3163 2065 ἀπροαίρετον
3211 1996 3675 2066 περιτεθεικότας

2096 2094 2172 2163 τῷ
2193 2092 2330 2163 Θεῷ,
2367 2092 2455 2144 ἵνα
2480 2091 2628 2146 ἄκων
2651 2090 2890 2159 γεννήσῃ
2913 2089 3005 2141 τὸν
3034 2088 3185 2153 Υίδν,
3210 2089 3676 2150 δ’δσσεϐεστάτους

2098 2187 2192 2239 καὶ
2223 2185 2322 2254 τῆς
2350 2183 2612 2253 ἀληθείας
2635 2183 2819 2248 ξένους
2840 2179 3313 2249 ὲπιγινώσκομεν·
3334 2181 3416 2232 ὅτι
3433 2196 3491 2232 τε
3518 2178 3678 2246 παρά

2098 2279 2196 2340 τὰς
2218 2277 2405 2339 κοινὰς
2437 2275 2647 2336 ἑννοίας
2682 2274 2814 2343 περὶ
2846 2273 3006 2335 Θεοῦ,
3038 2272 3134 2325 καὶ
3166 2272 3231 2341 δὴ
3261 2273 3416 2338 παρά
3461 2273 3521 2324 τὸ
3551 2269 3682 2338 βού-

2100 2370 2253 2439 λημα
2277 2369 2373 2438 τῆς
2409 2366 2772 2421 θεοπνεύστου
2828 2366 3074 2436 Γραφῆς,
3138 2364 3367 2418 τοιαῦτα
3405 2363 3680 2431 τετολμή-

2103 2479 2231 2515 κασι
2270 2459 2402 2529 περὶ
2452 2457 2620 2511 αὑτοῦ
2678 2456 3063 2526 διορίσασθαι·
3123 2455 3507 2524 αὐτοκράτορα
3566 2453 3680 2520 γὰρ

2103 2551 2263 2619 ἡμεῖς
2316 2548 2411 2600 τὸν
2464 2546 2596 2599 Θεὸν
2647 2545 2743 2597 καὶ
2798 2544 3005 2614 Κύριον
3051 2543 3215 2597 αὐτὸν
3247 2541 3441 2595 ἑαυτοῦ
3474 2541 3684 2602 εἰδότες

2105 2641 2371 2701 ἑκουσίως
2400 2638 2565 2693 αύτὶν
2592 2637 2685 2689 καὶ
2721 2636 2945 2692 θέλοντα
2979 2634 3074 2688 τὸν
3123 2635 3253 2687 Υἰὸν
3281 2631 3681 2702 γεγεννηκέναι

2105 2730 2347 2795 εὐσεϐῶς
2379 2729 2791 2798 ὑπειλήφαμεν.
2817 2725 3179 2787 Πιστεύοντες
3210 2724 3267 2775 δὲ
3302 2721 3561 2792 ὲμφὸὅως
3584 2723 3684 2773 καὶ

2106 2826 2166 2880 τὸ
2192 2826 2321 2896 περὶ
2349 2822 2516 2878 αὑτοῦ
2544 2822 2865 2890 λεγόμενον,
2899 2820 3118 2885 Κύριος
3147 2816 3355 2872 ἕκτισέ
3368 2832 3446 2885 με
3483 2813 3685 2882 ἀρχὴν

2108 2917 2264 2972 ὁδῶν
2286 2915 2499 2978 αὑτοῦ,
2524 2917 2611 2981 εὶς
2634 2914 2776 2982 ἔργα
2800 2910 3009 2973 αὑτοῦ,
3032 2913 3132 2979 οὐχ
3156 2908 3358 2978 ὁμοίως
3384 2907 3545 2960 αὐτὸν
3567 2906 3686 2967 τοῖς

2108 3009 2176 3063 δι’
2214 3008 2380 3062 αὑτοῦ
2417 3008 2739 3077 γενομένοις
2797 3004 3097 3071 κτίσμασιν
3127 3002 3158 3071 ἦ
3188 3002 3463 3070 ποιήμασι
3494 3013 3688 3066 γεγεν⁴

441 3099 707 3155 adversus
759 3114 1080 3154 communes
1120 3099 1187 3153 de
1221 3100 1329 3153 Deo
1359 3099 1610 3167 notitias,
1639 3110 1805 3170 atque
1835 3102 2002 3156 etiam

2113 3100 2310 3171 νῆσθαι
2346 3098 2601 3167 νοοῦμεν.
2634 3094 2859 3157 Ἀσεϐὲς
2892 3094 2999 3163 γὰρ
3032 3092 3126 3145 καὶ
3155 3091 3254 3160 τῆς
3299 3089 3686 3159 ἐκκλησιαστι-

443 3191 708 3244 adversus
726 3189 992 3244 divinitus
1034 3190 1308 3260 inspirata:
1334 3191 1631 3259 Scriptura!
1660 3194 2008 3259 sententiam,

444 3282 572 3335 talia
620 3283 688 3336 de
742 3296 808 3336 eo
853 3290 1096 3337 statuere
1140 3282 1372 3337 audent.
1414 3283 1525 3337 Nos
1554 3284 1756 3337 etenim
1795 3284 2017 3339 absolu-

353 3424 358 3429 .
447 3374 673 3427 tissimae
741 3374 1052 3442 potestatis,
1105 3387 1233 3426 eum
1322 3388 1467 3436 esse,
1517 3372 2015 3443 perfectissimique

443 3465 585 3534 juris
637 3465 721 3519 sui
784 3466 951 3519 Deum
985 3466 1246 3529 scientes,
1288 3474 1482 3534 sponte
1514 3475 1570 3518 et
1606 3465 1888 3520 voluntate
1918 3480 2015 3519 sua

451 3558 649 3614 Filium
704 3557 983 3625 genuisse,
1005 3558 1092 3626 pie
1121 3557 1521 3611 existimamus.
1560 3558 1776 3612 Etcum
1816 3559 2016 3614 timore

450 3649 584 3703 illud
610 3649 677 3703 de
704 3664 772 3701 eo
795 3649 999 3703 dictum
1051 3663 1171 3702 esse
1207 3649 1517 3712 credentes,
1558 3649 1823 3703 Dominus
1862 3667 2017 3704 crea-

450 3742 523 3793 vit
568 3756 648 3793 me
703 3740 919 3793 initium
968 3742 1178 3792 viarum
1234 3756 1457 3793 suarum
1524 3741 1594 3793 ad
1633 3758 1792 3810 opera
1826 3744 2015 3798 sua':

454 3848 562 3886 non
619 3830 807 3885 itidem
850 3846 977 3886 eum
1009 3840 1068 3884 ut
1090 3839 1375 3886 creaturas
1406 3832 1759 3902 iacturasque
1784 3833 1905 3903 ejus
1932 3849 2019 3904 ge-

454 3925 633 3978 nitum
676 3938 797 3977 esse
825 3924 1179 3979 arbitramur.
1231 3924 1464 3991 lmpium
1497 3926 1646 3979 enim
1683 3933 1788 3992 est,
1825 3937 1880 3981 et
1951 3927 2019 3983 ab

449 4014 821 4070 ecclesiastica
852 4013 956 4068 [ide
979 4015 1241 4077 alienum,
1272 4014 1622 4070 Conditorem
1647 4031 1772 4070 cum
1805 4027 2019 4072 creatu-

452 4108 526 4159 ris
561 4121 659 4173 per
692 4120 816 4158 eum
853 4104 1831 4176 conditiscomparare,cumdemque
1849 4108 2018 4162 etiam

454 4210 580 4249 eum
618 4195 991 4263 generationis
1018 4193 1239 4247 modum
1274 4209 1396 4247 cum
1420 4194 1522 4248 'eis
1547 4210 1669 4264 qua:
1702 4197 1771 4250 ab
1801 4213 1868 4252 eo
1889 4209 2021 4253 sunt

455 4288 632 4339 aliena
676 4285 881 4339 habere
935 4293 1147 4351 pultare.
1190 4284 1374 4339 Solum
1402 4301 1663 4356 namque,
1691 4298 1746 4342 et
1772 4290 1889 4344 solo
1922 4306 2020 4345 seu

458 4378 621 4431 unico
679 4376 841 4430 modo
875 4377 1213 4444 unigenitum
1260 4376 1453 4430 Filium
1479 4393 1737 4446 germane
1778 4394 1875 4434 seu
1923 4395 2021 4436 na-

2113 3197 2215 3263 κῆς
2243 3194 2479 3255 πίστεως
2513 3190 2794 3260 ἀλλότριον
2826 3187 2885 3240 τὸ
2906 3187 2998 3239 τὸν
3031 3186 3257 3254 κτίστην
3286 3187 3401 3246 τοῖς
3422 3183 3490 3237 δι’
3516 3180 3685 3235 αὐτοῦ

2115 3284 2461 3351 ὲκτισμένοις
2519 3279 2978 3354 δημιουργήμασι
3040 3276 3441 3347 παραϐάλλειν,
3471 3276 3569 3337 καὶ
3595 3275 3688 3326 τὸν

2114 3376 2276 3431 αὐτὸν
2306 3375 2408 3444 τῆς
2435 3374 2707 3443 γενέσεως
2727 3375 2840 3435 τοῖς
2862 3371 3163 3439 ἀλλοτρίοις
3187 3369 3389 3441 τρόπον
3416 3367 3562 3437 ἔχειν
3592 3367 3690 3421 καὶ

2116 3468 2277 3521 αὐτὸν
2310 3467 2576 3536 νομίζειν.
2617 3464 2795 3517 Μόνον
2829 3462 2937 3532 γὰρ
2970 3464 3065 3515 καὶ
3094 3461 3274 3529 μόνως
3304 3460 3394 3513 τὸν
3427 3457 3688 3527 μονογενῆ

2117 3561 2248 3613 Υίὺν
2285 3559 2526 3626 γνησίως
2557 3573 2614 3609 τε
2672 3556 2767 3608 καὶ
2797 3553 3016 3625 άληθῶς
3071 3552 3423 3606 διδάσκουσιν
3448 3551 3594 3619 ἡμᾶς
3633 3549 3691 3603 αἱ

2120 3652 2261 3705 θεῖαι
2284 3652 2499 3719 Γραφαὶ
2524 3648 2893 3716 γεγεννῆσθαι
2915 3662 2929 3678 ο
2983 3645 3100 3699 ἀλλ’
3132 3646 3256 3698 οὐδὲ
3289 3646 3382 3699 τὸν
3408 3644 3537 3726 Υἱρν
3567 3641 3691 3700 καθ’

2120 3743 2313 3797 ἑαυτὸν
2338 3737 2500 3804 εἶναι,
2535 3739 2634 3810 ζῇν
2663 3756 2720 3791 τε
2760 3740 2854 3791 καὶ
2888 3738 3157 3808 ὑπάρχειν
3182 3735 3382 3805 ὁμοίως
3406 3734 3484 3803 τῷ
3517 3732 3694 3803 Πατρὶ

2118 3835 2389 3903 λέγοντες,
2417 3833 2505 3885 διὰ
2540 3830 2699 3884 τοῦτο
2745 3814 3055 3900 χωρίζομεν
3105 3826 3269 3881 αὐτὸν
3300 3826 3393 3879 τοῦ
3436 3825 3647 3892 Πατρὺς
3676 3861 3691 3885 ,

2118 3928 2317 3989 τόπους
2338 3924 2391 3977 δὲ
2413 3923 2507 3976 καὶ
2531 3921 2880 3990 διαστήματά
2903 3937 3026 3971 τινα
3050 3918 3254 3990 μεταξὺ
3274 3917 3373 3985 τῆς
3398 3916 3693 3983 συναφείας

2120 4017 2299 4071 αὐτῶν
2328 4013 2655 4085 σωματικῶς
2684 4009 3026 4072 ἐπινοοῦντες
3047 4025 3063 4040 ο
3100 4006 3556 4074 πεπιστεύκαμεν
3585 4005 3694 4074 γὰρ

2119 4108 2492 4179 ἀμεσιτεύτως
2548 4106 2746 4165 αὖτοὺς
2797 4104 2892 4156 καὶ
2927 4099 3266 4161 ἀδιαστάτως
3298 4097 3692 4173 ὲπισυνῆφθοιι,

2122 4201 2215 4254 καὶ
2244 4198 2565 4271 ἀχωρίστως
2607 4195 2880 4264 ὑπάρχειν
2907 4193 3119 4246 ἑαυτῶν
3141 4230 3157 4256 ,
3181 4191 3302 4244 ὅλον
3337 4189 3439 4259 μὲν
3464 4189 3559 4242 τοῦ
3589 4191 3698 4243 lla.-

2121 4292 2249 4363 τρὸς
2296 4288 2752 4358 ὲνστερνισμένου
2805 4285 2897 4338 τὸν
2960 4285 3124 4348 Υίδν,
3182 4284 3306 4337 ὅλου
3345 4283 3404 4335 δὲ
3437 4283 3532 4336 τοῦ
3568 4283 3697 4334 Υἱοῦ

2123 4382 2498 4455 ἑξηρτημένου
2560 4381 2652 4433 καὶ
2712 4377 3169 4450 προσπεφυκότος
3215 4375 3295 4443 τῷ
3348 4377 3565 4445 Πατρὶ,
3607 4377 3701 4428 καὶ

456 4472 563 4525 ῑίνε
615 4481 778 4539 atque
829 4484 958 4525 vere
1002 4471 1244 4539 genitum
1292 4485 1433 4533 esse,
1465 4486 1563 4525 nos
1587 4471 2010 4530 divinzeLittera

2128 4479 2291 4548 μόνου
2320 4475 2431 4537 τοῖς
2463 4471 2740 4542 πατρῴοις
2786 4471 3011 4533 κόλποις
3061 4467 3488 4537 ἀναπαυομένου
3521 4468 3703 4536 διηνε-

455 4564 676 4618 docent.
704 4560 848 4627 Quin
888 4576 1066 4630 neque
1102 4560 1232 4614 dum
1266 4561 1462 4615 Filium
1490 4578 1587 4631 per
1609 4562 1849 4631 seipsum
1879 4578 2023 4631 esse,

457 4657 663 4716 rivere.
722 4667 780 4709 et
844 4655 1114 4708 exsistere
1175 4654 1541 4709 consimiliter
1579 4655 1727 4711 Patri
1763 4654 2022 4724 dicimus,

458 4757 749 4816 propterea
798 4762 920 4800 eum
967 4762 996 4799 a
1042 4747 1202 4801 Patre
1232 4748 1744 4816 segregamus,loca
1769 4750 2025 4805 etinter-

457 4840 596 4892 valla
652 4839 897 4907 quaedam
949 4839 1095 4894 inter
1128 4853 1319 4892 eorum
1350 4839 1797 4909 conjunctionem
1824 4856 2025 4913 corpo-

458 4932 649 4985 raliter
696 4931 1077 4998 imaginantes.
1121 4929 1409 4985 Credimus
1464 4931 1611 4985 enim
1661 4932 1782 4988 sine
1815 4935 2019 5002 medio,

461 5032 517 5075 et
549 5022 669 5074 sine
697 5024 877 5090 spatio
930 5022 1064 5085 ullo,
1099 5022 1243 5090 ipsos
1267 5024 1592 5094 conjunctos
1616 5038 1761 5088 esse,
1791 5034 1848 5080 et
1875 5026 2026 5082 inse-

464 5114 782 5182 parabiliter
830 5131 858 5167 a
885 5115 1080 5183 scipsis
1096 5116 1363 5168 exsistere
1396 5131 1410 5168 :
1440 5114 1603 5169 Patre
1630 5116 1854 5186 quidem
1875 5131 2026 5172 com-

462 5208 756 5276 plcctente.
817 5216 873 5261 et
939 5207 1148 5276 pectori
1214 5208 1522 5277 applicante
1567 5209 1764 5265 Filium
1801 5221 2021 5266 totum:

466 5298 600 5350 Filio
623 5312 750 5350 vero
777 5307 891 5351 toto
916 5312 1141 5365 prorsus
1177 5297 1435 5351 devineto
1461 5310 1516 5351 et
1547 5301 1820 5370 applicato
1849 5300 2025 5365 Patri,

459 5404 635 5456 εαιυε
660 5391 778 5443 εοΙο
811 5398 1074 5458 perpetu‘o
1107 5388 1161 5442 in
1180 5391 1301 5443 sinu
1323 5398 1549 5456 paterno
1567 5395 1990 5461 coinquiescente
2009 5433 2023 5447 .

463 5481 650 5549 Itaque
686 5522 702 5543 .
732 5483 786 5535 in
850 5481 1030 5536 modis
1081 5481 1339 5535 erunibus
1375 5482 1669 5550 perfectam
1701 5493 1758 5537 et
1789 5488 2023 5538 sanctis-

464 5573 657 5625 simam
721 5574 1045 5629 Trinitatem
1109 5573 1397 5629 credcntes
1457 5572 1781 5644 Patremque
1852 5577 2021 5633 Deum

550 5758 565 5789 ⁸
603 5758 744 5812 Prov
793 5760 1020 5822 “11,92.

2127 4571 2260 4634 κῶς.
2293 4565 2647 4627 Πιστεύοντες
2677 4560 2769 4618 οὖν
2792 4564 2871 4624 είς
2891 4564 2991 4631 τὴν
3020 4561 3340 4615 παντέλειον
3370 4560 3580 4630 Τριάδα
3603 4558 3701 4629 τὴν

2124 4661 2460 4731 ἁγιωτάτην,
2483 4658 2576 4711 τὸν
2607 4656 2830 4727 Πατέρα
2854 4654 3107 4722 λέγοντες
3133 4652 3273 4705 Θεὸν
3303 4650 3399 4704 κοιλ⁵
3419 4650 3509 4703 τὸν
3544 4649 3698 4713 Υἱδν,

2125 4757 2185 4808 οὐ
2219 4753 2313 4807 δύο
2341 4750 2567 4813 τούτους
2598 4749 2775 4810 θεοὺς,
2802 4746 2920 4800 ἀλλ’
2943 4746 3041 4798 ἕνα
3072 4743 3446 4814 ὁμολογοῦμεν
3475 4741 3616 4794 κατά
3639 4740 3701 4792 τὸ

2126 4848 2223 4915 τῆς
2254 4846 2507 4914 θεότητος
2565 4840 2810 4909 ἀξίωμα,
2865 4839 2960 4893 καὶ
2994 4838 3124 4908 μίαν
3179 4835 3386 4907 ἀκριϐῆ
3414 4834 3517 4903 τῆς
3551 4833 3702 4903 βασι-

2130 4934 2280 4997 λείας
2335 4932 2435 5004 τὴν
2470 4931 2768 4999 συνάφειαν
2789 4945 2803 4959 ·
2858 4926 3304 4996 πακιταρχοῦντος
3338 4924 3437 4993 μὲν
3470 4923 3701 4977 καθόλου

2131 5025 2222 5079 τοῦ
2278 5024 2493 5093 [ἰατρὸς
2563 5024 2781 5076 πάντων
2817 5019 2910 5072 καὶ
2961 5018 3129 5071 αὑτοῦ
3191 5016 3287 5069 τοῦ
3324 5014 3479 5077 Υἱοῦ,
3509 5012 3603 5066 τοῦ
3643 5012 3702 5066 δὲ

2128 5117 2263 5172 Υἱοῦ
2317 5116 2769 5183 ὑποτεταγμένον
2830 5112 2909 5181 τῷ
2960 5109 3173 5179 Πατρίο
3240 5107 3397 5169 ἐκτὸς
3449 5105 3507 5158 δὲ
3538 5101 3701 5158 αὐτοῦ

2130 5213 2350 5266 πάντων
2392 5208 2501 5261 τῶν
2553 5205 2672 5278 μετ’
2696 5203 2859 5259 αὑτὸν
2892 5201 3274 5272 βασιλεύοντος
3297 5198 3501 5252 τῶνδε
3534 5195 3701 5248 αὐτοῦ

2129 5302 2459 5372 γενομένων,
2520 5300 2617 5352 καὶ
2649 5297 2748 5368 τὴν
2786 5295 2883 5350 τοῦ
2944 5295 3105 5363 ἁγίου
3160 5291 3482 5360 Πνεύματος
3539 5288 3703 5358 χάριν

2132 5394 2379 5461 ἀφθόνως
2400 5395 2520 5454 τοῖς
2537 5391 2711 5458 ἁγίοις
2731 5388 3078 5457 δωρουμένου
3101 5384 3353 5455 πατρικῷ
3375 5382 3701 5455 βουλήματι.

2135 5485 2292 5537 Οὕτω
2316 5484 2421 5551 γὰρ
2464 5483 2555 5535 τὸν
2606 5481 2736 5551 περὶ
2763 5479 2860 5549 τῆς
2883 5481 2942 5532 ὲν
2982 5477 3206 5547 Χριστῷ
3242 5475 3546 5546 μοναρχίας
3582 5489 3709 5525 συν-

2138 5576 2389 5631 ίστασθαι
2449 5575 2606 5646 λόγον
2637 5572 3088 5646 παρ›.δεδώκασιν
3115 5572 3246 5643 ἡμῖν
3276 5571 3323 5624 oi
3360 5571 3497 5641 ἱεροὶ
3528 5566 3706 5636 λόγοι.
