3988 6190
243 268 352 332 257

1198 241 1804 308 ECCLESIAS—TlC/E
1841 233 2236 299 IllSTOlilrE
2276 231 2428 294 LIB.
2476 231 2575 289 iX.

3399 225 3508 288 2'3

242 386 438 440 Ταῦτα
465 375 904 451 ἡναγκάσθησαν
947 369 1082 440 μετὰ
1112 367 1212 438 τὴν
1244 366 1301 417 ἐν
1329 361 1566 430 ἐπιτομῇ
1601 355 1833 410 ἐκτεθεῖ-
1863 391 1875 414 Α

1981 351 2208 412 icentes,
2273 357 2330 400 et
2388 344 2608 404 Filium,
2663 353 2772 393 non
2831 337 2982 406 ipsos
3036 338 3180 393 duos
3215 339 3370 406 deos,
3409 342 3506 396 sed

2289 437 2336 451 η-
2497 449 2502 451 _
2561 433 2704 451 !.__..-
2742 429 3038 451 ,Ιῖ-.ξ..ξ.-ι2..
3073 429 3472 451 -_-t_aI!.__.I!__-_,

245 494 349 529 σαν
382 473 574 524 πίστιν
623 466 962 533 πλατύτερον
1013 453 1521 526 ἐπεξεργὰσασθαι,
1581 447 1644 500 οὐ
1693 445 1838 498 κατὰ

248 563 523 636 περιττὴν
553 555 902 630 φιλοτιμίαν,
931 551 1048 606 ἀλλ’
1081 551 1172 602 ἵνα
1205 547 1386 599 πᾶσαν
1431 543 1533 611 τὴν
1563 538 1703 592 κατὰ
1737 537 1836 605 τῆς

247 630 534 726 ἡμετέρας
616 645 944 714 ὑπολήψεως
1023 636 1313 706 ἀλλοτρίαν
1393 630 1838 698 ἀποκαθάριομεν

250 748 502 814 ereti-itm
556 741 710 807 παρᾶ
768 739 880 798 τοῖς
921 732 990 786 τὰ
1025 729 1150 784 καθ’
1205 726 1364 799 ἡμῶν
1419 719 1712 792 ἀγνοοῦσι·
1743 717 1839 769 καὶ

253 839 464 907 γνῶσιν
491 836 539 888 οἱ
575 832 718 886 κατὰ
743 829 843 900 τὴν
876 827 1022 879 δόσιν
1062 823 1267 883 πάντες
1296 817 1435 886 ὁμοῦ
1485 815 1584 882 μὲν
1621 814 1717 880 τῆς
1751 827 1843 862 συ-

253 898 564 995 κεφαντίας
595 921 703 973 τῶν
760 898 1090 986 ἑτεροδόξων
1145 911 1243 976 τὴν
1274 907 1570 968 ἀναίδειαν,
1603 899 1742 972 ὁμοῦ
1783 898 1840 952 δὲ

257 1018 364 1071 καὶ
399 1015 510 1068 τῶν
568 1009 907 1066 ἀνατολικῶν
947 1007 1008 1060 τὸ
1058 999 1520 1070 ἐκκλησιαστικὸν
1557 995 1840 1066 φρένημα,

260 1098 723 1177 μαρτυρούμενον
795 1097 1073 1157 ἀδιάστως
1121 1092 1230 1146 ὑπὸ
1289 1089 1398 1143 τῶν
1464 1084 1844 1140 θεοπνεύστων

259 1196 503 1268 Γραφῶν
567 1193 702 1261 παρ’
739 1190 925 1252 αὐτοῖς
962 1184 1359 1254 ἅδιαστρόφως.
1426 1197 1445 1230 ι
1504 1179 1592 1229 Ἐν
1635 1174 1846 1236 τούτοις

259 1289 367 1358 μὲν
395 1292 428 1357 ἡ
470 1285 836 1356 μακρόστιχος
874 1277 1060 1348 ἐκείνη
1093 1275 1310 1335 ἕκθεσις
1337 1269 1722 1340 περιείληπτο.

1940 453 2112 494 unum
2175 437 2528 496 conﬁtemur,
2557 433 2710 502 juxta
2737 429 3041 482 divinitatis
3072 429 3508 497 amplitudinem,

1919 543 1998 586 .et
2054 547 2222 585 unam
2283 538 2488 583 certam
2533 525 2954 591 absolutamque
2985 523 3136 593 regni
3167 524 3512 592 conjunctio-

1943 637 2069 676 nem
2103 633 2116 674 :
2151 618 2534 672 universarum
2577 614 2795 684 quidem
2823 628 3005 666 rerum
3041 628 3137 682 per
3166 613 3349 665 omnia
3386 629 3510 666 cum

1943 727 2157 768 summa
2215 717 2486 777 potestate
2541 707 2831 774 imperium
2879 705 3164 760 obtinente
3217 705 3512 758 Patreom-

1944 805 2122 866 nium,
2174 812 2229 856 et
2276 801 2451 870 ipsius
2509 799 2632 852 Filii
2672 797 2782 867 tl);
2822 797 2959 852 Filio
2991 806 3174 850 autem
3209 797 3352 851 Patri
3390 779 3518 864 qui-

1943 900 2065 952 dem
2125 894 2396 964 subjecto,
2427 901 2583 945 extra
2624 905 2752 944 vero
2803 905 2928 944 eum
2961 889 3214 943 universa
3243 897 3365 958 post
3389 905 3514 942 eum

1945 1002 2066 1057 qua:
2120 1002 2220 1055 per
2281 985 2460 1054 ipsum
2515 983 2656 1037 facta
2708 990 2838 1036 sunt
2902 989 3148 1051 regente,
3197 991 3253 1034 et
3279 981 3519 1050 Spiritus

1947 1078 2121 1132 sancti
2160 1077 2366 1146 prolixe
2409 1090 2472 1130 ex
2518 1075 2800 1128 voluntate
2857 1073 3037 1127 Patris
3069 1072 3293 1142 gratiam
3315 1073 3522 1126 sanctis

1947 1173 2208 1226 donante.
2278 1171 2440 1240 695
2486 1169 2565 1223 Ad
2621 1170 2768 1222 hunc
2825 1167 2972 1220 enim
3002 1165 3519 1231 modum,ordiucm

1950 1277 2005 1320 et
2037 1266 2304 1319 rationem
2333 1263 2663 1317 monarchize
2723 1261 2993 1328 uniusque
3042 1259 3255 1328 imperii
3277 1257 3332 1310 in
3365 1257 3525 1311 Chri-

256 1395 350 1438 sto
397 1391 654 1438 constare
709 1377 874 1432 nobis
907 1389 1060 1448 sacra
1114 1369 1407 1442 prodidere
1435 1364 1683 1421 oracula.
1751 1361 1880 1417 Haec
1921 1371 1983 1417 ut
2051 1370 2178 1430 post
2199 1361 2507 1415 breviorem
2550 1357 2674 1410 lidei
2706 1356 2999 1410 formulam
3064 1354 3240 1408 fusius
3285 1367 3526 1422 eatpone-

257 1493 480 1542 remus,
544 1475 847 1530 necessitas
904 1467 1064 1524 nobis
1121 1463 1376 1534 imposita
1437 1469 1546 1524 est,
1605 1473 1716 1512 non
1785 1471 1885 1526 per
1924 1455 2257 1525 superﬂuam
2300 1452 2682 1516 ambitionem,
2738 1450 2851 1502 sive
2889 1447 3366 1510 venditationem,
3429 1445 3522 1498 sed

262 1585 329 1628 ut
359 1587 584 1627 omnem
608 1570 844 1624 alienam
870 1564 1248 1634 suspicionem
1317 1565 1512 1614 contra
1589 1553 1920 1610 sententiam
1963 1559 2208 1605 nostram
2267 1556 2609 1616 conceptam,
2667 1544 2810 1614 apud
2857 1559 2952 1597 eos
3020 1542 3111 1611 qui
3157 1557 3244 1596 res
3311 1551 3526 1596 nostras

262 1670 555 1736 ignorant,
585 1665 1075 1732 abstergeremus:
1114 1665 1170 1711 et
1220 1664 1280 1710 ut
1343 1651 1730 1708 Occidentales
1800 1662 1991 1703 omnes
2055 1661 2179 1700 cum
2258 1642 2546 1698 calumnia:
2597 1640 3042 1694 adversariorum
3105 1636 3524 1706 impudentiam,

265 1773 388 1816 tum
451 1758 887 1814 ecclesiasticam
950 1751 1314 1809 Orientalium
1371 1746 1687 1819 Opinionem
1763 1748 2118 1810 cognoscant,
2165 1737 2253 1792 cui
2307 1736 2553 1806 opinioni
2605 1734 2870 1788 divinitus
2899 1735 3172 1801 inspiratze
3211 1731 3558 1799 Scriptura-,.

264 1872 393 1927 quae
421 1854 572 1925 apud
621 1869 718 1908 eos
757 1851 1028 1905 inviolatae
1055 1851 1474 1919 conservantur,
1517 1857 1610 1912 per
1651 1839 1854 1894 nullam
1893 1846 2136 1892 coactam
2189 1845 2284 1888 aut
2313 1833 2604 1887 violentam
2661 1829 3192 1900 interpretationem,
3242 1827 3530 1897 perhibent

271 1948 676 2006 testimonium.
709 1965 726 1998 ι
766 1945 878 2000 lloc
934 1941 1155 2014 quidem
1190 1939 1352 1994 modo
1385 1935 1647 2008 prolixior
1679 1933 1770 1986 illa
1795 1931 2065 2001 expositio
2092 1930 2269 1984 fuerat
2299 1927 2568 1981 instituta.

870 2084 1120 2140 ΚΕΦΛΛ.
1156 2078 1257 2134 1Β’.

587 2181 721 2252 Περὶ
745 2179 858 2247 τῆς
883 2177 952 2231 ἑν
978 2170 1242 2242 Σαρδικῇ
1271 2169 1562 2224 συνόδου.

359 2305 452 2367 Ὧς
483 2301 533 2354 δ’
559 2295 842 2365 ἁπηξίωτο
874 2292 986 2353 τοῖς
1021 2290 1079 2342 ἐν
1107 2285 1340 2354 ἑσπέρᾳ.
1375 2279 1642 2341 Κώνστας
1669 2279 1697 2331 ὁ
1727 2277 1864 2331 Καϊ-

249 2391 386 2470 ’σαρ
433 2365 569 2464 μίαν
595 2390 718 2460 ᾔτει
736 2385 898 2456 χάριν
934 2380 1025 2434 τδν
1057 2377 1307 2444 ἀδελφὸν,
1344 2371 1538 2440 Παύλῳ
1581 2369 1672 2422 καὶ
1699 2365 1865 2420 Ἀθα-

257 2457 461 2558 mea;
495 2457 626 2545 τοὺς
648 2477 885 2537 οἰκείους
917 2471 1147 2544 θρόνους
1171 2464 1484 2521 ἀναλαϐεῖν.
1532 2461 1619 2523 Ὠς
1643 2459 1700 2512 δὲ
1728 2457 1866 2529 γρά-

281 2599 404 2653 φων
432 2552 592 2632 οὐδὲν
628 2570 830 2643 μᾶλλον
861 2568 1016 2637 ηνυε,
1041 2561 1150 2616 τῶν
1175 2559 1244 2613 δι’
1272 2556 1526 2616 ἐναντίας
1565 2552 1868 2619 ἀντιπρατ-

279 2676 517 2736 τόντων,
571 2668 669 2720 καὶ
715 2663 825 2716 τῶν
881 2657 1032 2712 λαῶν
1077 2655 1166 2708 διὰ
1218 2650 1393 2706 ταῦτα
1441 2643 1864 2708 στασιαζόντων,

261 2764 620 2837 ’προσιόντες
644 2756 964 2825 Κώνσταντι
991 2749 1041 2800 οἱ
1064 2744 1192 2813 περὶ
1219 2739 1452 2804 Παῦλον,
1474 2732 1870 2804 σύνοδονῇτουν

283 2826 684 2924 οἰκοῦμενικὴν
715 2841 996 2913 γενέσθαι,
1031 2837 1172 2891 ὥστε
1199 2834 1265 2904 δὴ
1295 2832 1392 2886 καὶ
1413 2829 1483 2882 τὰ
1505 2827 1604 2897 τῆς
1635 2826 1872 2886 πίστεως

285 2949 390 3004 καὶ
421 2916 494 2998 vi
529 2939 652 2995 κατ’
709 2935 910 2997 αὐτοὺς
967 2927 1214 3002 ἀκριϐῶς
1262 2922 1592 2990 ἐτασθῆναι.
1623 2917 1733 2988 Τὴν
1763 2916 1872 2986 γὰρ

285 3038 628 3109 καθαίρεσιν
657 3029 920 3099 ὑποσχεῖν
946 3021 1273 3079 διετείνοντο
1307 3017 1398 3072 διὰ
1425 3015 1486 3068 τὸ
1507 3015 1607 3083 τῆς
1637 3011 1875 3072 πίστεως

1887 2075 1934 2134 Β

2546 2065 2777 2123 CAPUT
2815 2065 2932 2121 ΧΠ.

2421 2159 2496 2214 De
2532 2158 2834 2214 Sardicensi
2859 2159 3075 2228 synodo.

1963 2349 1972 2357 _
2036 2279 2105 2335 Ut
2137 2288 2317 2333 autem
2349 2277 2416 2332 ab
2446 2276 2896 2331 Occidentalibus
2933 2286 3018 2332 est
3058 2278 3366 2346 repudiata,
3397 2278 3540 2335 Con-

1966 2382 2118 2425 stans
2148 2369 2330 2424 Ccesar
2366 2385 2533 2422 unum
2571 2369 2705 2422 illud
2741 2384 2770 2421 a
2803 2368 2972 2422 fratre
3003 2369 3105 2422 sibi
3141 2369 3259 2423 dari
3294 2372 3539 2438 postula-

1971 2462 2069 2526 vit,
2103 2473 2162 2516 ut
2193 2463 2396 2516 Paulus
2424 2472 2480 2514 et
2503 2461 2838 2514 Athanasius
2867 2461 3026 2514 sedes
3053 2477 3182 2515 suas
3210 2461 3539 2531 reciperent.

1969 2555 2038 2610 At
2092 2570 2216 2608 cum
2275 2553 2476 2607 litteris
2524 2552 2641 2606 suis
2698 2552 2837 2604 nihil
2887 2550 3199 2616 ell‘ecisset,
3251 2561 3540 2621 propterea

1970 2646 2117 2716 quod
2159 2643 2458 2698 adversarii
2491 2652 2685 2698 contra
2730 2643 3084 2697 niterentur:
3118 2654 3326 2697 etcum
3363 2659 3543 2712 popu-

1971 2732 2075 2796 lus'
2107 2755 2171 2794 ea
2223 2738 2292 2792 de
2340 2753 2502 2792 causa
2551 2735 2881 2790 seditionem
2930 2746 3194 2800 moveret,
3247 2734 3449 2790 Paulus
3486 2746 3542 2790 et

1973 2831 2306 2888 Athanasius
2345 2818 2571 2883 rursum
2597 2825 2952 2881 Constantem
2996 2826 3206 2888 adiere,
3237 2835 3294 2880 et
3331 2835 3390 2881 ut
3424 2829 3545 2880 uni-

1976 2924 2204 2980 versalis
2247 2921 2486 2991 synodus
2527 2928 2816 2989 cogeretur
2859 2919 3090 2988 petiere,
3129 2927 3189 2972 ut
3225 2919 3294 2974 de
3337 2922 3550 2990 protes-

1976 3020 2130 3074 sione
2167 3015 2316 3079 ﬁdei,
2348 3023 2405 3068 et
2449 3012 2517 3066 de
2549 3025 2739 3065 eorum
2772 3011 2954 3064 causis
2992 3011 3302 3065 accuratius
3338 3028 3424 3066 res
3450 3028 3548 3068 et-

287 3101 631 3203 ἁκραιξσνὲς.
666 3121 868 3190 Γνώμη
901 3118 1085 3170 τοίνυν
1119 3115 1234 3166 τοῖν
1263 3110 1411 3164 δυοῖν
1441 3105 1719 3178 βασιλέοιν
1767 3101 1875 3171 ὲγί-

1979 3111 2181 3182 plorari
2228 3115 2432 3178 posset.
2479 3105 2958 3160 ExauctnratiOuis
2998 3105 3144 3158 enim
3195 3105 3551 3174 ignominiam

286 3194 442 3288 νετο,
471 3194 602 3282 τοὺς
629 3215 724 3286 ἀφ’
749 3211 1026 3281 ἑκατέρας
1077 3203 1394 3278 ἀρχομένης
1435 3201 1769 3258 ἐπισκόπους
1798 3197 1875 3257 εἰς

1979 3219 2038 3257 se
2067 3212 2289 3272 propter
2319 3199 2444 3252 ﬁdei
2476 3198 2850 3252 sinceritatem
2880 3194 3157 3250 sustinere
3186 3195 3549 3250 aﬂirmarunt.

289 3286 480 3388 ῥητήν
503 3309 718 3382 ἡμέραν
745 3299 1078 3358 καταλαϐεῖν
1105 3299 1204 3366 τὴν
1230 3291 1524 3367 Σαρδικὴν,
1566 3289 1792 3357 Ἰλλυρὶς
1823 3286 1875 3339 δὲ

1981 3296 2327 3362 Quapropter
2357 3291 2424 3345 de
2459 3290 2704 3344 duorum.
2733 3289 3127 3358 imperatorum
3161 3289 3393 3343 istorum
3430 3303 3554 3342 sen-

290 3375 464 3466 ῖιτόλις
517 3399 680 3476 αῦτη,
737 3395 835 3448 τοῦ
897 3392 998 3465 μὲν
1050 3388 1354 3450 αἰτοῦντος,
1400 3380 1788 3438 Κωνσταντίου
1821 3379 1875 3431 δὲ

1985 3387 2153 3441 tentia
2195 3392 2483 3443 statutum,
2514 3389 2574 3433 ut
2607 3379 2899 3447 utriusque
2947 3377 3161 3446 imperii
3195 3377 3439 3446 episcopi
3480 3375 3552 3434 ad

292 3473 706 3554 ὕπακούοντος,
747 3485 890 3540 ὥστε
918 3487 1020 3554 τὴν
1050 3481 1240 3535 στάσιν
1263 3475 1605 3544 διαλυθῆναι.
1641 3473 1880 3526 Καὶὰπὸ

297 3591 409 3664 μὲν
432 3585 545 3641 τῶν
580 3585 717 3654 πρὸς
753 3577 997 3648 ἑσπέραν
1024 3573 1210 3645 μερῶν
1249 3569 1394 3639 ἀμφὶ
1421 3566 1729 3636 τριακόσιοι
1758 3581 1883 3617 συν-

294 3659 475 3761 ῖῆλθον
513 3680 832 3742 ἐπίσκοποι,
861 3675 935 3738 ὥς
961 3669 1064 3724 πού
1108 3685 1274 3738 φησιν
1293 3668 1322 3719 ὁ
1359 3663 1506 3735 ἱερὸς
1536 3659 1879 3722 Ἀθανάσιος,

296 3751 371 3838 ίκ
398 3780 458 3832 δὲ
481 3777 578 3847 τῆς
609 3775 687 3828 Et»
711 3771 774 3836 ἒξ
801 3787 862 3822 τε
889 3767 984 3820 καὶ
1010 3763 1384 3833 ἐδδομήκοντα
1404 3773 1419 3789 ·
1460 3753 1688 3815 Σαόἰνος
1712 3753 1738 3804 ὁ
1764 3751 1884 3804 Μα-

273 3839 552 3932 ’κεδὸνιος
581 3864 740 3920 τοῦτό
771 3877 938 3931 φησιν
963 3875 979 3890 ο
1018 3851 1098 3913 οἷς
1137 3849 1564 3921 συγκατείλεκτο
1586 3845 1681 3898 καὶ
1709 3839 1885 3910 ’ἰσχύ-

303 3984 414 4040 pa;
457 3961 684 4020 ἐκεῖνος,
711 3958 738 4009 ὁ
761 3955 821 4020 ἐξ
871 3947 1064 4005 ἑαυτοῦ
1100 3947 1200 4016 τὴν
1238 3939 1546 4011 ἱερωσύνην
1575 3933 1882 3991 ἀναλαϐών.

301 4025 426 4112 ίίαὶ
453 4050 598 4107 κατὰ
621 4047 782 4101 τοῦτο
813 4043 1070 4110 διάφορος
1101 4035 1382 4096 καταστὰς
1419 4028 1747 4094 Ἀθανασίῳ,
1774 4025 1886 4088 τοῖς

301 4151 368 4204 δὲ
402 4145 470 4199 δι’
499 4139 753 4200 ἐναντίας
780 4132 1049 4206 προσιὼν,
1081 4130 1177 4182 καὶ
1217 4129 1285 4180 τὰ
1310 4123 1482 4195 ψεύδη
1539 4118 1884 4191 συμπλάσας,

307 4240 616 4298 ἐπίσκοπος
671 4229 976 4301 Μαρεώτου
1027 4221 1158 4292 παρ’
1221 4220 1446 4273 ἐκείνων
1509 4208 1885 4282 ἁνεκηρύχθη.

307 4333 379 4388 οι
397 4330 443 4382 δ’
473 4327 624 4383 ἄλλοι
661 4324 722 4376 τὸ
757 4319 944 4374 στενὸν
977 4314 1073 4369 τοῦ
1117 4311 1429 4384 ὁρισθέντος
1483 4303 1678 4377 καιροῦ
1709 4304 1768 4355 ὲν
1799 4301 1888 4355 ai-

307 4429 464 4486 τὶαις
508 4422 755 4490 θέμενοι,
818 4410 1256 4480 ἀπελείφθησαν,
1309 4403 1470 4464 ἄλλος
1493 4400 1620 4454 ἄλλο
1655 4415 1708 4450 τι
1760 4412 1892 4466 προ-

353 4485 662 4580 αλλόμενοι,
681 4502 891 4569 Ἰουλίῳ
913 4517 976 4566 γε
1013 4496 1117 4568 μὴν
1151 4495 1248 4565 τὴν
1287 4489 1496 4564 μέμψιν
1521 4485 1889 4549 ἀνατιθέντες,

313 4608 409 4661 καὶ
451 4600 627 4656 ταῦτα
665 4597 770 4665 προ
791 4595 966 4646 εἴκοσι
1005 4586 1194 4659 μηνῶν
1227 4583 1323 4654 τῆς
1360 4580 1597 4650 ἀφίξεως
1631 4576 1737 4629 τῶν
1773 4576 1894 4626 ἐπι-

317 4699 541 4754 σκόπων
571 4686 1018 4758 κεκηρυγμένης.
1069 4675 1179 4732 Ἦν
1205 4676 1262 4730 δὲ
1291 4673 1450 4728 τοῦτο
1488 4671 1715 4724 δέκατον
1749 4666 1892 4728 ἔτος,

315 4789 418 4858 ἀφ’
457 4780 518 4840 οῦ

315 4851 423 4954 την
451 4877 668 4948 ἀμείνω
694 4871 850 4941 λῆξιν
875 4868 1100 4938 ἐχώρει.
1129 4860 1274 4914 Ἀλλ’
1304 4861 1353 4912 οί
1381 4858 1477 4929 μὲν
1502 4855 1651 4925 ἑῷοι,
1695 4853 1773 4914 είς
1797 4851 1898 4914 τὴν

315 4946 595 5026 Φίλίππου
654 4965 812 5018 πόλιν
857 4959 958 5028 τῆς
999 4955 1223 5026 Θρᾴκης
1257 4951 1568 5019 γενόμενοι,
1592 4947 1706 5006 τοῖς
1741 4946 1901 4998 ἑσπε-

319 5068 466 5137 ρίοις
495 5056 772 5129 ἔγραψαν,
802 5045 1283 5122 προκαταλαϐοῦσι
1307 5043 1404 5112 τὴν
1453 5038 1740 5110 Σαρδικὴν,
1774 5033 1898 5088 διώ-

321 5155 530 5210 σασθαι
553 5151 684 5210 τοὺς
735 5146 866 5215 περὶ
891 5140 1214 5196 Ἀθανάσιον
1245 5142 1340 5190 τοῦ
1378 5135 1661 5200 συλλόγου,
1690 5131 1763 5191 ὼς
1792 5129 1900 5182 ἄπο

319 5249 419 5303 τοῦ
469 5240 722 5315 ἱερᾶσθαι
761 5234 1189 5306 γεγενημένοις·
1253 5229 1389 5298 μηδέ
1441 5227 1550 5294 γὰρ
1606 5223 1670 5276 ἂν
1723 5222 1900 5284 ἄλλως

321 5339 464 5395 εἶναι
517 5313 638 5401 ἐξὸν
696 5334 778 5392 είς
841 5329 898 5382 ἓν
931 5327 1210 5380 συνιέναιο
1264 5321 1454 5372 ἔπειτα
1477 5314 1654 5370 δὲκαὶ
1690 5315 1769 5376 είς
1799 5313 1900 5382 τὴν

323 5429 606 5500 Σαρδικὴν
654 5423 966 5494 γενόμενοι,
1022 5417 1090 5469 τὰ
1144 5414 1239 5468 ίσα
1289 5408 1724 5480 διισχυρίζοντοθ
1762 5406 1810 5457 oi
1855 5401 1899 5456 δ’

398 5610 477 5679 (ι)
514 5608 694 5679 Etiam
727 5609 910 5669 aliter,
939 5613 993 5660 et
1026 5597 1493 5679 fortasse_rectius
1523 5596 1596 5652 ita
1627 5596 1764 5650 verti
1803 5607 1900 5676 po-

330 5665 486 5742 ιεέιξ
523 5678 685 5734 Patre
731 5665 938 5750 quidem
984 5689 1159 5730 rerum
1191 5672 1554 5724 universarum
1604 5683 1695 5738 per
1727 5665 1905 5718 omnia

1987 3481 2134 3534 diem
2187 3490 2400 3533 certum
2439 3475 2750 3538 Sardicam,
2782 3487 2904 3544 qua:
2954 3471 3166 3540 Illyrica
3213 3471 3408 3525 civitas
3448 3479 3552 3531 est,

1987 3571 2371 3627 convenirent.
2413 3567 2469 3620 ιιι
2512 3566 2658 3636 quod
2699 3565 2970 3620 Constans
3005 3561 3083 3617 sic
3117 3561 3376 3630 petierat,
3407 3559 3556 3616 Con-

1988 3659 2224 3716 stantius
2259 3666 2443 3712 autem
2483 3664 2811 3714 asseuserat,
2844 3665 2905 3708 ut
2933 3652 3193 3708 videlicet
3223 3652 3418 3706 seditio
3450 3653 3560 3706 sol-

1988 3757 2232 3803 veretur.
2270 3747 2446 3814 Atque
2477 3761 2542 3798 ex
2573 3741 2886 3797 Occidentis
2917 3741 3168 3810 partibus
3199 3741 3417 3796 circiter
3453 3751 3562 3796 tre-

1989 3840 2138 3896 centi
2177 3851 2486 3892 convenere
2521 3833 2789 3904 episcopi,
2827 3832 2989 3886 sicuti
3020 3831 3239 3903 _alicubi
3286 3848 3440 3887 sacer
3477 3834 3561 3888 di-

1991 3935 2068 3990 cit
2096 3929 2430 3986 Athanasius
2472 3945 2485 3994 ;
2523 3943 2600 4009 ex.
2622 3926 2845 3982 Oriente
2874 3941 3030 3990 vero,
3065 3925 3272 3978 Sabino
3310 3924 3562 3979 Macedo-

1992 4028 2159 4082 niano
2191 4024 2488 4083 referente,
2518 4035 2612 4074 sex
2644 4027 2698 4074 et
2728 4018 3092 4088 septuaginta.
3121 4016 3334 4083 Quibus
3361 4031 3562 4071 ateen~

1993 4134 2088 4175 sus
2133 4126 2220 4172 est
2260 4125 2314 4171 et
2360 4114 2612 4184 Ischyras
2650 4112 2765 4175 ille,
2795 4126 2862 4164 ex
2898 4125 3020 4165 sese
3063 4120 3220 4164 ortus
3256 4111 3562 4181 presbyter.

1994 4209 2076 4264 Ob
2105 4221 2270 4278 quam
2301 4218 2549 4268 causam,
2572 4217 2696 4256 cum
2727 4200 3001 4271 negotium
3027 4201 3078 4254 ei
3109 4214 3232 4254 cum
3261 4199 3569 4254 Athanasio

1993 4308 2180 4366 esset,
2227 4299 2284 4352 in
2335 4295 2784 4352 adversariorum
2831 4304 3019 4362 partes
3067 4291 3376 4356 concessit,
3421 4293 3566 4360 apud

1995 4409 2137 4465 quos
2180 4399 2418 4464 propter
2463 4386 2748 4443 mendacia
2803 4385 3040 4440 conficta
3081 4385 3568 4453 episeOpus-apud

1997 4487 2277 4543 Mareoten
2328 4492 2414 4539 est
2457 4492 2699 4538 creatus.
2739 4478 2907 4549 696
2959 4477 3176 4545 Reliqui
3231 4487 3414 4530 autem
3470 4491 3570 4528 an-

1999 4581 2210 4652 gustias
2269 4575 2558 4632 constituti
2619 4573 2884 4641 temporis
2945 4577 3348 4638 praetexentes,
3407 4577 3574 4634 atque

2001 4673 2140 4726 alius
2186 4671 2350 4724 aliam
2398 4681 2620 4722 causam
2669 4664 2988 4732 allegantes,
3031 4675 3138 4713 non
3189 4673 3568 4727 comparuere.

559 4778 976 4837 Κωνσταντῑνος
1032 4775 1059 4825 ὁ
1087 4770 1272 4839 πατὴρ
1316 4767 1430 4818 τοῖν
1457 4760 1729 4834 βασιλέοιν
1757 4757 1875 4827 πρὸ.

1999 4763 2352 4822 Potissimum
2397 4774 2531 4814 vero
2577 4757 2629 4810 in
2672 4754 2877 4809 Julium
2911 4753 3127 4820 culpam
3168 4753 3287 4818 ejus
3319 4749 3394 4803 rei
3437 4764 3570 4802 cnn-

2007 4853 2277 4916 ferebant,
2312 4864 2436 4904 cum
2475 4847 2700 4916 quidem
2745 4843 3024 4896 mensibus
3061 4841 3249 4912 viginti
3289 4847 3416 4892 ante
3455 4839 3574 4906 epi-

2006 4958 2300 5014 scoporum
2331 4940 2626 4994 adventum
2653 4936 2769 4990 dies
2795 4943 2940 4988 esset
2969 4931 3288 4986 constituta.
3322 4931 3575 4984 Decimus

2007 5041 2054 5094 is
2090 5047 2211 5092 erat
2254 5048 2454 5096 annus,
2500 5046 2566 5084 ex
2613 5044 2722 5098 quo
2767 5025 3184 5084 Constantinus.
3230 5020 3578 5090 imperatoris

2009 5132 2298 5196 utriusque
2343 5134 2523 5194 pater,
2561 5123 2628 5176 ad
2682 5120 2968 5174 meliorem
3017 5117 3346 5182 migraverat
3383 5114 3576 5166 vitam.

2005 5218 2074 5272 Et
2105 5215 2438 5276 Orientales,
2471 5211 2566 5280 qui
2604 5209 3026 5280 Philippopolim
3063 5209 3114 5260 in
3148 5203 3378 5260 Thracia
3413 5215 3574 5254 vene-

2008 5318 2155 5375 rant,
2177 5306 2648 5366 Occidentalibus.
2672 5305 2765 5372 qui
2791 5301 3029 5356 Sardica:
3047 5301 3159 5370 jam
3183 5305 3378 5366 pra’sto
3395 5299 3577 5358 erant,

2006 5402 2300 5472 scripsere,
2351 5407 2411 5453 ut
2461 5398 2844 5460 Athanasium,
2897 5397 3126 5466 ejusque
3173 5388 3472 5453 studiosos,
3518 5393 3580 5440 ut

2006 5604 2124 5644 cum
2173 5601 2381 5640 summa
2417 5590 2674 5654 potestate
2729 5579 3006 5651 imperium
3055 5573 3214 5628 etiam
3265 5572 3322 5626 in
3373 5566 3581 5626 Filium

2015 5660 2297 5721 obtinente,
2327 5665 2434 5711 etc.
