  <div class='ocr_page' id='page_1' title='image "/cluster/home/n/w/nwhite01/storage/ocr_20150623/146/hvd.32044073502601/157.png"; bbox 0 0 3988 6190; ppageno 0'>
   <div class='ocr_carea' id='block_1_1' title="bbox 433 245 3688 340">
    <p class='ocr_par' dir='ltr' id='par_1_1' title="bbox 433 245 3688 340">
     <span class='ocr_line' id='line_1_1' title="bbox 433 245 3688 340; baseline -0.008 -1"><span class='ocrx_word' id='word_1_1' title='bbox 433 275 542 340; x_wconf 82' lang='lat'><strong>259</strong></span> <span class='ocrx_word' id='word_1_2' title='bbox 812 313 820 318; x_wconf 95' lang='lat'><strong><em>-</em></strong></span> <span class='ocrx_word' id='word_1_3' title='bbox 1611 262 2026 325; x_wconf 79' lang='lat' dir='ltr'><strong>NICEPIIORI</strong></span> <span class='ocrx_word' id='word_1_4' title='bbox 2070 254 2410 324; x_wconf 75' lang='lat' dir='ltr'><strong>CALLlSTi</strong></span> <span class='ocrx_word' id='word_1_5' title='bbox 3571 245 3688 312; x_wconf 70' lang='lat'><strong>260</strong></span> 
     </span>
    </p>
   </div>
   <div class='ocr_carea' id='block_1_2' title="bbox 433 358 2027 460">
    <p class='ocr_par' dir='ltr' id='par_1_2' title="bbox 433 375 2010 460">
     <span class='ocr_line' id='line_1_2' title="bbox 433 375 2010 460; baseline -0.008 -18"><span class='ocrx_word' id='word_1_6' title='bbox 433 385 643 460; x_wconf 79' lang='lat' dir='ltr'><strong>quibus</strong></span> <span class='ocrx_word' id='word_1_7' title='bbox 674 382 848 441; x_wconf 86' lang='lat' dir='ltr'><strong>sacris</strong></span> <span class='ocrx_word' id='word_1_8' title='bbox 881 377 1202 435; x_wconf 71' lang='lat' dir='ltr'><strong>ministeriis</strong></span> <span class='ocrx_word' id='word_1_9' title='bbox 1233 375 1590 432; x_wconf 89' lang='lat' dir='ltr'><strong>interdictum</strong></span> <span class='ocrx_word' id='word_1_10' title='bbox 1622 384 1789 441; x_wconf 90' lang='lat' dir='ltr'><strong>esset,</strong></span> <span class='ocrx_word' id='word_1_11' title='bbox 1819 391 1849 429; x_wconf 94' lang='lat' dir='ltr'><strong>a</strong></span> <span class='ocrx_word' id='word_1_12' title='bbox 1880 389 2010 431; x_wconf 92' lang='lat' dir='ltr'><strong>con-</strong></span> 
     </span>
    </p>
   </div>
   <div class='ocr_carea' id='block_1_3' title="bbox 2130 358 3688 460">
    <p class='ocr_par' dir='ltr' id='par_1_3' title="bbox 2130 358 3688 444">
     <span class='ocr_line' id='line_1_3' title="bbox 2130 358 3688 444; baseline -0.012 -16"><span class='ocrx_word' id='word_1_13' title='bbox 2130 375 2379 444; x_wconf 85' lang='grc' dir='ltr'><strong>;σπέριοι,</strong></span> <span class='ocrx_word' id='word_1_14' title='bbox 2431 370 2528 426; x_wconf 80' lang='grc' dir='ltr'><strong>καὶ</strong></span> <span class='ocrx_word' id='word_1_15' title='bbox 2561 369 2796 438; x_wconf 79' lang='grc' dir='ltr'><strong>μάλιστα</strong></span> <span class='ocrx_word' id='word_1_16' title='bbox 2824 367 3017 428; x_wconf 71' lang='lat' dir='ltr'><strong>“Octo;</strong></span> <span class='ocrx_word' id='word_1_17' title='bbox 3053 365 3082 417; x_wconf 86' lang='grc' dir='ltr'><strong>ό</strong></span> <span class='ocrx_word' id='word_1_18' title='bbox 3125 358 3495 431; x_wconf 71' lang='grc' dir='ltr'><strong>Κουδρούὸης,</strong></span> <span class='ocrx_word' id='word_1_19' title='bbox 3523 360 3688 420; x_wconf 81' lang='grc' dir='ltr'><strong>πόλις</strong></span> 
     </span>
    </p>
   </div>
   <div class='ocr_carea' id='block_1_4' title="bbox 436 447 2027 539">
    <p class='ocr_par' dir='ltr' id='par_1_4' title="bbox 436 471 2007 539">
     <span class='ocr_line' id='line_1_4' title="bbox 436 471 2007 539; baseline -0.011 0"><span class='ocrx_word' id='word_1_20' title='bbox 436 484 570 539; x_wconf 85' lang='lat' dir='ltr'><strong>cilio</strong></span> <span class='ocrx_word' id='word_1_21' title='bbox 615 485 966 535; x_wconf 89' lang='lat' dir='ltr'><strong>removerent</strong></span> <span class='ocrx_word' id='word_1_22' title='bbox 1001 493 1016 530; x_wconf 88' lang='lat'><strong>:</strong></span> <span class='ocrx_word' id='word_1_23' title='bbox 1052 475 1210 529; x_wconf 86' lang='lat' dir='ltr'><strong>aliter</strong></span> <span class='ocrx_word' id='word_1_24' title='bbox 1238 471 1388 533; x_wconf 86' lang='lat' dir='ltr'><strong>enim</strong></span> <span class='ocrx_word' id='word_1_25' title='bbox 1421 471 1539 526; x_wconf 87' lang='lat' dir='ltr'><strong>fieri</strong></span> <span class='ocrx_word' id='word_1_26' title='bbox 1579 485 1688 525; x_wconf 88' lang='lat' dir='ltr'><strong>non</strong></span> <span class='ocrx_word' id='word_1_27' title='bbox 1733 483 1915 539; x_wconf 85' lang='lat' dir='ltr'><strong>posse,</strong></span> <span class='ocrx_word' id='word_1_28' title='bbox 1947 477 2007 523; x_wconf 91' lang='lat' dir='ltr'><strong>ut</strong></span> 
     </span>
    </p>
   </div>
   <div class='ocr_carea' id='block_1_5' title="bbox 2130 447 3686 539">
    <p class='ocr_par' dir='ltr' id='par_1_5' title="bbox 2130 447 3686 533">
     <span class='ocr_line' id='line_1_5' title="bbox 2130 447 3686 533; baseline -0.01 -16"><span class='ocrx_word' id='word_1_29' title='bbox 2130 464 2163 516; x_wconf 67' lang='grc' dir='ltr'><strong>ἑὲ</strong></span> <span class='ocrx_word' id='word_1_30' title='bbox 2186 463 2326 533; x_wconf 79' lang='grc' dir='ltr'><strong>αὕτη</strong></span> <span class='ocrx_word' id='word_1_31' title='bbox 2354 462 2463 516; x_wconf 84' lang='grc' dir='ltr'><strong>τῶν</strong></span> <span class='ocrx_word' id='word_1_32' title='bbox 2496 459 2784 523; x_wconf 85' lang='grc' dir='ltr'><strong>Ἱσπανῶν,</strong></span> <span class='ocrx_word' id='word_1_33' title='bbox 2818 455 2915 511; x_wconf 76' lang='grc' dir='ltr'><strong>καὶ</strong></span> <span class='ocrx_word' id='word_1_34' title='bbox 2938 451 3302 525; x_wconf 77' lang='grc' dir='ltr'><strong>Πρωτογένης</strong></span> <span class='ocrx_word' id='word_1_35' title='bbox 3326 451 3355 503; x_wconf 86' lang='grc' dir='ltr'><strong>ό</strong></span> <span class='ocrx_word' id='word_1_36' title='bbox 3377 447 3686 519; x_wconf 81' lang='grc' dir='ltr'><strong>Σαρδικῆς,</strong></span> 
     </span>
    </p>
   </div>
   <div class='ocr_carea' id='block_1_6' title="bbox 439 564 2006 634">
    <p class='ocr_par' dir='ltr' id='par_1_6' title="bbox 439 564 2006 634">
     <span class='ocr_line' id='line_1_6' title="bbox 439 564 2006 634; baseline -0.009 -4"><span class='ocrx_word' id='word_1_37' title='bbox 439 578 495 632; x_wconf 87' lang='lat' dir='ltr'><strong>in</strong></span> <span class='ocrx_word' id='word_1_38' title='bbox 532 588 703 630; x_wconf 89' lang='lat' dir='ltr'><strong>unum</strong></span> <span class='ocrx_word' id='word_1_39' title='bbox 746 571 1126 626; x_wconf 82' lang='lat' dir='ltr'><strong>convenirent.</strong></span> <span class='ocrx_word' id='word_1_40' title='bbox 1173 565 1332 632; x_wconf 86' lang='lat' dir='ltr'><strong>Quod</strong></span> <span class='ocrx_word' id='word_1_41' title='bbox 1377 564 1595 634; x_wconf 86' lang='lat' dir='ltr'><strong>quidem</strong></span> <span class='ocrx_word' id='word_1_42' title='bbox 1640 571 1826 634; x_wconf 87' lang='lat' dir='ltr'><strong>postea</strong></span> <span class='ocrx_word' id='word_1_43' title='bbox 1865 575 2006 632; x_wconf 80' lang='lat' dir='ltr'><strong>quo-</strong></span> 
     </span>
    </p>
   </div>
   <div class='ocr_carea' id='block_1_7' title="bbox 439 654 2004 737">
    <p class='ocr_par' dir='ltr' id='par_1_7' title="bbox 439 654 2004 737">
     <span class='ocr_line' id='line_1_7' title="bbox 439 654 2004 737; baseline -0.011 -14"><span class='ocrx_word' id='word_1_44' title='bbox 439 682 570 737; x_wconf 90' lang='lat' dir='ltr'><strong>que,</strong></span> <span class='ocrx_word' id='word_1_45' title='bbox 603 682 728 722; x_wconf 89' lang='lat' dir='ltr'><strong>cum</strong></span> <span class='ocrx_word' id='word_1_46' title='bbox 763 663 1004 720; x_wconf 62' lang='lat' dir='ltr'><strong>Sardicae</strong></span> <span class='ocrx_word' id='word_1_47' title='bbox 1044 668 1252 723; x_wconf 84' lang='lat' dir='ltr'><strong>essent.</strong></span> <span class='ocrx_word' id='word_1_48' title='bbox 1284 657 1537 714; x_wconf 86' lang='lat' dir='ltr'><strong>obtinere</strong></span> <span class='ocrx_word' id='word_1_49' title='bbox 1573 654 2004 711; x_wconf 84' lang='lat' dir='ltr'><strong>contendebant.</strong></span> 
     </span>
    </p>
   </div>
   <div class='ocr_carea' id='block_1_8' title="bbox 436 745 2010 822">
    <p class='ocr_par' dir='ltr' id='par_1_8' title="bbox 436 745 2010 822">
     <span class='ocr_line' id='line_1_8' title="bbox 436 745 2010 822; baseline -0.01 -8"><span class='ocrx_word' id='word_1_50' title='bbox 436 757 821 814; x_wconf 86' lang='lat' dir='ltr'><strong>Occidentales</strong></span> <span class='ocrx_word' id='word_1_51' title='bbox 865 763 1072 815; x_wconf 89' lang='lat' dir='ltr'><strong>autem,</strong></span> <span class='ocrx_word' id='word_1_52' title='bbox 1108 762 1273 822; x_wconf 87' lang='lat' dir='ltr'><strong>atque</strong></span> <span class='ocrx_word' id='word_1_53' title='bbox 1312 752 1366 804; x_wconf 93' lang='lat' dir='ltr'><strong>in</strong></span> <span class='ocrx_word' id='word_1_54' title='bbox 1415 749 1610 820; x_wconf 85' lang='lat' dir='ltr'><strong>primis</strong></span> <span class='ocrx_word' id='word_1_55' title='bbox 1647 748 1847 803; x_wconf 88' lang='lat' dir='ltr'><strong>Hosius</strong></span> <span class='ocrx_word' id='word_1_56' title='bbox 1875 745 2010 801; x_wconf 89' lang='lat' dir='ltr'><strong>Cor-</strong></span> 
     </span>
    </p>
   </div>
   <div class='ocr_carea' id='block_1_9' title="bbox 439 836 2014 908">
    <p class='ocr_par' dir='ltr' id='par_1_9' title="bbox 439 836 2014 908">
     <span class='ocr_line' id='line_1_9' title="bbox 439 836 2014 908; baseline -0.008 -5"><span class='ocrx_word' id='word_1_57' title='bbox 439 849 598 903; x_wconf 57' lang='lat' dir='ltr'><strong>duba</strong></span> <span class='ocrx_word' id='word_1_58' title='bbox 631 848 738 903; x_wconf 90' lang='lat' dir='ltr'><strong>(est</strong></span> <span class='ocrx_word' id='word_1_59' title='bbox 771 855 954 899; x_wconf 90' lang='lat' dir='ltr'><strong>autem</strong></span> <span class='ocrx_word' id='word_1_60' title='bbox 1007 845 1122 898; x_wconf 84' lang='lat' dir='ltr'><strong>haec</strong></span> <span class='ocrx_word' id='word_1_61' title='bbox 1157 842 1356 897; x_wconf 86' lang='lat' dir='ltr'><strong>civitas</strong></span> <span class='ocrx_word' id='word_1_62' title='bbox 1390 836 1686 908; x_wconf 63' lang='lat' dir='ltr'><strong>Hispaniae)</strong></span> <span class='ocrx_word' id='word_1_63' title='bbox 1733 849 1787 891; x_wconf 90' lang='lat' dir='ltr'><strong>et</strong></span> <span class='ocrx_word' id='word_1_64' title='bbox 1820 838 2014 890; x_wconf 91' lang='lat' dir='ltr'><strong>Proto-</strong></span> 
     </span>
    </p>
   </div>
   <div class='ocr_carea' id='block_1_10' title="bbox 441 930 2009 1009">
    <p class='ocr_par' dir='ltr' id='par_1_10' title="bbox 441 930 2009 1009">
     <span class='ocr_line' id='line_1_10' title="bbox 441 930 2009 1009; baseline -0.009 -15"><span class='ocrx_word' id='word_1_65' title='bbox 441 953 608 1009; x_wconf 81' lang='lat' dir='ltr'><strong>genes</strong></span> <span class='ocrx_word' id='word_1_66' title='bbox 647 936 888 992; x_wconf 71' lang='lat' dir='ltr'><strong>Sardicaa</strong></span> <span class='ocrx_word' id='word_1_67' title='bbox 928 931 1172 1003; x_wconf 84' lang='lat' dir='ltr'><strong>episcopi</strong></span> <span class='ocrx_word' id='word_1_68' title='bbox 1230 930 1582 1000; x_wconf 88' lang='lat' dir='ltr'><strong>respondere,</strong></span> <span class='ocrx_word' id='word_1_69' title='bbox 1629 941 1908 996; x_wconf 85' lang='lat' dir='ltr'><strong>nunquam</strong></span> <span class='ocrx_word' id='word_1_70' title='bbox 1949 939 2009 980; x_wconf 91' lang='lat' dir='ltr'><strong>se</strong></span> 
     </span>
    </p>
   </div>
   <div class='ocr_carea' id='block_1_11' title="bbox 439 1017 2007 1088">
    <p class='ocr_par' dir='ltr' id='par_1_11' title="bbox 439 1017 2007 1088">
     <span class='ocr_line' id='line_1_11' title="bbox 439 1017 2007 1088; baseline -0.01 -4"><span class='ocrx_word' id='word_1_71' title='bbox 439 1027 883 1084; x_wconf 87' lang='lat' dir='ltr'><strong>communionem</strong></span> <span class='ocrx_word' id='word_1_72' title='bbox 913 1025 1128 1079; x_wconf 91' lang='lat' dir='ltr'><strong>illorum</strong></span> <span class='ocrx_word' id='word_1_73' title='bbox 1151 1023 1444 1082; x_wconf 87' lang='lat' dir='ltr'><strong>devitasse,</strong></span> <span class='ocrx_word' id='word_1_74' title='bbox 1469 1035 1645 1088; x_wconf 89' lang='lat' dir='ltr'><strong>neque</strong></span> <span class='ocrx_word' id='word_1_75' title='bbox 1664 1034 1826 1088; x_wconf 91' lang='lat' dir='ltr'><strong>porro</strong></span> <span class='ocrx_word' id='word_1_76' title='bbox 1843 1017 2007 1072; x_wconf 89' lang='lat' dir='ltr'><strong>etiam</strong></span> 
     </span>
    </p>
   </div>
   <div class='ocr_carea' id='block_1_12' title="bbox 439 1109 2009 1180">
    <p class='ocr_par' dir='ltr' id='par_1_12' title="bbox 439 1109 2009 1180">
     <span class='ocr_line' id='line_1_12' title="bbox 439 1109 2009 1180; baseline -0.011 -5"><span class='ocrx_word' id='word_1_77' title='bbox 439 1120 711 1175; x_wconf 83' lang='lat' dir='ltr'><strong>vitaturos</strong></span> <span class='ocrx_word' id='word_1_78' title='bbox 755 1133 876 1174; x_wconf 89' lang='lat' dir='ltr'><strong>esse</strong></span> <span class='ocrx_word' id='word_1_79' title='bbox 915 1134 928 1169; x_wconf 91' lang='lat'><strong>:</strong></span> <span class='ocrx_word' id='word_1_80' title='bbox 976 1129 1100 1168; x_wconf 90' lang='lat' dir='ltr'><strong>cum</strong></span> <span class='ocrx_word' id='word_1_81' title='bbox 1147 1112 1326 1168; x_wconf 80' lang='lat' dir='ltr'><strong>Julius</strong></span> <span class='ocrx_word' id='word_1_82' title='bbox 1373 1110 1664 1180; x_wconf 85' lang='lat' dir='ltr'><strong>episcopus</strong></span> <span class='ocrx_word' id='word_1_83' title='bbox 1707 1109 2009 1168; x_wconf 85' lang='lat' dir='ltr'><strong>Romanus,</strong></span> 
     </span>
    </p>
   </div>
   <div class='ocr_carea' id='block_1_13' title="bbox 443 1199 2014 1277">
    <p class='ocr_par' dir='ltr' id='par_1_13' title="bbox 443 1199 2014 1277">
     <span class='ocr_line' id='line_1_13' title="bbox 443 1199 2014 1277; baseline -0.011 -10"><span class='ocrx_word' id='word_1_84' title='bbox 443 1227 607 1268; x_wconf 90' lang='lat' dir='ltr'><strong>causa</strong></span> <span class='ocrx_word' id='word_1_85' title='bbox 638 1224 832 1264; x_wconf 92' lang='lat' dir='ltr'><strong>eorum</strong></span> <span class='ocrx_word' id='word_1_86' title='bbox 864 1215 1168 1277; x_wconf 88' lang='lat' dir='ltr'><strong>perspecta,</strong></span> <span class='ocrx_word' id='word_1_87' title='bbox 1193 1204 1379 1273; x_wconf 90' lang='lat' dir='ltr'><strong>inique</strong></span> <span class='ocrx_word' id='word_1_88' title='bbox 1411 1217 1505 1256; x_wconf 88' lang='lat' dir='ltr'><strong>eos</strong></span> <span class='ocrx_word' id='word_1_89' title='bbox 1532 1200 1750 1255; x_wconf 83' lang='lat' dir='ltr'><strong>insidiis</strong></span> <span class='ocrx_word' id='word_1_90' title='bbox 1777 1199 2014 1254; x_wconf 87' lang='lat' dir='ltr'><strong>circum-</strong></span> 
     </span>
    </p>
   </div>
   <div class='ocr_carea' id='block_1_14' title="bbox 446 1295 2013 1372">
    <p class='ocr_par' dir='ltr' id='par_1_14' title="bbox 446 1295 2013 1372">
     <span class='ocr_line' id='line_1_14' title="bbox 446 1295 2013 1372; baseline -0.01 -13"><span class='ocrx_word' id='word_1_91' title='bbox 446 1313 644 1362; x_wconf 85' lang='lat' dir='ltr'><strong>ventos</strong></span> <span class='ocrx_word' id='word_1_92' title='bbox 673 1317 793 1357; x_wconf 90' lang='lat' dir='ltr'><strong>esse</strong></span> <span class='ocrx_word' id='word_1_93' title='bbox 822 1300 1104 1372; x_wconf 89' lang='lat' dir='ltr'><strong>judicarit.</strong></span> <span class='ocrx_word' id='word_1_94' title='bbox 1137 1297 1347 1362; x_wconf 74' lang='lat' dir='ltr'><strong>Adesse</strong></span> <span class='ocrx_word' id='word_1_95' title='bbox 1383 1295 1531 1364; x_wconf 89' lang='lat' dir='ltr'><strong>ipsos</strong></span> <span class='ocrx_word' id='word_1_96' title='bbox 1560 1306 1801 1361; x_wconf 84' lang='lat' dir='ltr'><strong>quoque,</strong></span> <span class='ocrx_word' id='word_1_97' title='bbox 1830 1299 1886 1345; x_wconf 91' lang='lat' dir='ltr'><strong>et</strong></span> <span class='ocrx_word' id='word_1_98' title='bbox 1927 1305 2013 1344; x_wconf 84' lang='lat' dir='ltr'><strong>re-</strong></span> 
     </span>
    </p>
   </div>
   <div class='ocr_carea' id='block_1_15' title="bbox 444 1385 2017 1467">
    <p class='ocr_par' dir='ltr' id='par_1_15' title="bbox 444 1385 2017 1467">
     <span class='ocr_line' id='line_1_15' title="bbox 444 1385 2017 1467; baseline -0.01 -15"><span class='ocrx_word' id='word_1_99' title='bbox 444 1399 709 1467; x_wconf 79' lang='lat' dir='ltr'><strong>darguere</strong></span> <span class='ocrx_word' id='word_1_100' title='bbox 746 1393 996 1462; x_wconf 88' lang='lat' dir='ltr'><strong>iniquum</strong></span> <span class='ocrx_word' id='word_1_101' title='bbox 1033 1389 1165 1444; x_wconf 91' lang='lat' dir='ltr'><strong>illud</strong></span> <span class='ocrx_word' id='word_1_102' title='bbox 1201 1387 1466 1458; x_wconf 82' lang='lat' dir='ltr'><strong>judicium</strong></span> <span class='ocrx_word' id='word_1_103' title='bbox 1505 1385 1666 1439; x_wconf 81' lang='lat' dir='ltr'><strong>velle.</strong></span> <span class='ocrx_word' id='word_1_104' title='bbox 1696 1385 1857 1440; x_wconf 84' lang='lat' dir='ltr'><strong>Plura</strong></span> <span class='ocrx_word' id='word_1_105' title='bbox 1877 1399 2017 1454; x_wconf 86' lang='lat' dir='ltr'><strong>quo-</strong></span> 
     </span>
    </p>
   </div>
   <div class='ocr_carea' id='block_1_16' title="bbox 445 1474 2018 1555">
    <p class='ocr_par' dir='ltr' id='par_1_16' title="bbox 445 1474 2018 1555">
     <span class='ocr_line' id='line_1_16' title="bbox 445 1474 2018 1555; baseline -0.007 -18"><span class='ocrx_word' id='word_1_106' title='bbox 445 1501 552 1555; x_wconf 77' lang='lat' dir='ltr'><strong>que</strong></span> <span class='ocrx_word' id='word_1_107' title='bbox 588 1485 693 1537; x_wconf 91' lang='lat' dir='ltr'><strong>alia</strong></span> <span class='ocrx_word' id='word_1_108' title='bbox 728 1483 872 1536; x_wconf 91' lang='lat' dir='ltr'><strong>ultro</strong></span> <span class='ocrx_word' id='word_1_109' title='bbox 907 1482 1162 1548; x_wconf 88' lang='lat' dir='ltr'><strong>citroque</strong></span> <span class='ocrx_word' id='word_1_110' title='bbox 1203 1490 1258 1532; x_wconf 91' lang='lat' dir='ltr'><strong>et</strong></span> <span class='ocrx_word' id='word_1_111' title='bbox 1289 1477 1582 1544; x_wconf 85' lang='lat' dir='ltr'><strong>scripsere.</strong></span> <span class='ocrx_word' id='word_1_112' title='bbox 1618 1486 1672 1530; x_wconf 88' lang='lat' dir='ltr'><strong>et</strong></span> <span class='ocrx_word' id='word_1_113' title='bbox 1713 1490 1810 1544; x_wconf 87' lang='lat' dir='ltr'><strong>per</strong></span> <span class='ocrx_word' id='word_1_114' title='bbox 1841 1474 2018 1528; x_wconf 89' lang='lat' dir='ltr'><strong>inter-</strong></span> 
     </span>
    </p>
   </div>
   <div class='ocr_carea' id='block_1_17' title="bbox 449 1562 2019 1644">
    <p class='ocr_par' dir='ltr' id='par_1_17' title="bbox 449 1562 2019 1644">
     <span class='ocr_line' id='line_1_17' title="bbox 449 1562 2019 1644; baseline -0.007 -15"><span class='ocrx_word' id='word_1_115' title='bbox 449 1562 672 1630; x_wconf 81' lang='lat' dir='ltr'><strong>nuntius</strong></span> <span class='ocrx_word' id='word_1_116' title='bbox 726 1573 888 1628; x_wconf 85' lang='lat' dir='ltr'><strong>alteri</strong></span> <span class='ocrx_word' id='word_1_117' title='bbox 945 1572 1136 1626; x_wconf 87' lang='lat' dir='ltr'><strong>alteris</strong></span> <span class='ocrx_word' id='word_1_118' title='bbox 1182 1569 1592 1644; x_wconf 76' lang='lat' dir='ltr'><strong>significavere,</strong></span> <span class='ocrx_word' id='word_1_119' title='bbox 1643 1566 1788 1620; x_wconf 83' lang='lat' dir='ltr'><strong>unde</strong></span> <span class='ocrx_word' id='word_1_120' title='bbox 1841 1566 2019 1635; x_wconf 88' lang='lat' dir='ltr'><strong>major</strong></span> 
     </span>
    </p>
   </div>
   <div class='ocr_carea' id='block_1_18' title="bbox 446 1657 2014 1728">
    <p class='ocr_par' dir='ltr' id='par_1_18' title="bbox 446 1657 2014 1728">
     <span class='ocr_line' id='line_1_18' title="bbox 446 1657 2014 1728; baseline -0.01 -4"><span class='ocrx_word' id='word_1_121' title='bbox 446 1673 608 1724; x_wconf 69' lang='lat' dir='ltr'><strong>etiam</strong></span> <span class='ocrx_word' id='word_1_122' title='bbox 651 1670 793 1723; x_wconf 88' lang='lat' dir='ltr'><strong>inter</strong></span> <span class='ocrx_word' id='word_1_123' title='bbox 815 1682 909 1721; x_wconf 88' lang='lat' dir='ltr'><strong>eos</strong></span> <span class='ocrx_word' id='word_1_124' title='bbox 936 1676 1019 1719; x_wconf 86' lang='lat' dir='ltr'><strong>est</strong></span> <span class='ocrx_word' id='word_1_125' title='bbox 1042 1665 1273 1717; x_wconf 77' lang='lat' dir='ltr'><strong>excitata</strong></span> <span class='ocrx_word' id='word_1_126' title='bbox 1306 1660 1574 1719; x_wconf 86' lang='lat' dir='ltr'><strong>simultas.</strong></span> <span class='ocrx_word' id='word_1_127' title='bbox 1601 1658 1778 1728; x_wconf 84' lang='lat' dir='ltr'><strong>majus</strong></span> <span class='ocrx_word' id='word_1_128' title='bbox 1805 1657 2014 1719; x_wconf 90' lang='lat' dir='ltr'><strong>odium,</strong></span> 
     </span>
    </p>
   </div>
   <div class='ocr_carea' id='block_1_19' title="bbox 2105 539 3692 620">
    <p class='ocr_par' dir='ltr' id='par_1_19' title="bbox 2105 539 3692 620">
     <span class='ocr_line' id='line_1_19' title="bbox 2105 539 3692 620; baseline -0.013 -10"><span class='ocrx_word' id='word_1_129' title='bbox 2105 551 2287 620; x_wconf 73' lang='grc' dir='ltr'><strong>εἷπον,</strong></span> <span class='ocrx_word' id='word_1_130' title='bbox 2317 554 2394 618; x_wconf 83' lang='grc' dir='ltr'><strong>ὡς</strong></span> <span class='ocrx_word' id='word_1_131' title='bbox 2426 551 2686 607; x_wconf 83' lang='grc' dir='ltr'><strong>οὐδέποτε</strong></span> <span class='ocrx_word' id='word_1_132' title='bbox 2723 550 3043 618; x_wconf 79' lang='grc' dir='ltr'><strong>ἀπέστησαν</strong></span> <span class='ocrx_word' id='word_1_133' title='bbox 3077 543 3180 613; x_wconf 83' lang='grc' dir='ltr'><strong>τῆς</strong></span> <span class='ocrx_word' id='word_1_134' title='bbox 3227 539 3454 596; x_wconf 86' lang='grc' dir='ltr'><strong>ἐκείνων</strong></span> <span class='ocrx_word' id='word_1_135' title='bbox 3485 556 3692 591; x_wconf 75' lang='grc' dir='ltr'><strong>κοινωο</strong></span> 
     </span>
    </p>
   </div>
   <div class='ocr_carea' id='block_1_20' title="bbox 2107 629 3686 712">
    <p class='ocr_par' dir='ltr' id='par_1_20' title="bbox 2107 629 3686 712">
     <span class='ocr_line' id='line_1_20' title="bbox 2107 629 3686 712; baseline -0.011 -13"><span class='ocrx_word' id='word_1_136' title='bbox 2107 648 2253 709; x_wconf 90' lang='grc' dir='ltr'><strong>νίας,</strong></span> <span class='ocrx_word' id='word_1_137' title='bbox 2274 645 2396 700; x_wconf 82' lang='grc' dir='ltr'><strong>ούδέ</strong></span> <span class='ocrx_word' id='word_1_138' title='bbox 2417 644 2514 698; x_wconf 82' lang='grc' dir='ltr'><strong>νῦν</strong></span> <span class='ocrx_word' id='word_1_139' title='bbox 2537 645 2972 712; x_wconf 84' lang='grc' dir='ltr'><strong>ἀποστήσονται,</strong></span> <span class='ocrx_word' id='word_1_140' title='bbox 3000 637 3096 691; x_wconf 75' lang='grc' dir='ltr'><strong>καὶ</strong></span> <span class='ocrx_word' id='word_1_141' title='bbox 3132 635 3308 688; x_wconf 82' lang='grc' dir='ltr'><strong>ταῦτα</strong></span> <span class='ocrx_word' id='word_1_142' title='bbox 3327 631 3548 685; x_wconf 83' lang='grc' dir='ltr'><strong>Ἰουλίου</strong></span> <span class='ocrx_word' id='word_1_143' title='bbox 3581 629 3686 684; x_wconf 70' lang='grc' dir='ltr'><strong>τοῦ</strong></span> 
     </span>
    </p>
   </div>
   <div class='ocr_carea' id='block_1_21' title="bbox 2115 723 3690 808">
    <p class='ocr_par' dir='ltr' id='par_1_21' title="bbox 2115 723 3690 808">
     <span class='ocr_line' id='line_1_21' title="bbox 2115 723 3690 808; baseline -0.011 -15"><span class='ocrx_word' id='word_1_144' title='bbox 2115 738 2407 808; x_wconf 81' lang='grc' dir='ltr'><strong>Ῥωμαίων</strong></span> <span class='ocrx_word' id='word_1_145' title='bbox 2457 735 2768 806; x_wconf 65' lang='grc' dir='ltr'><strong>ἐπισκόπου</strong></span> <span class='ocrx_word' id='word_1_146' title='bbox 2823 732 2893 786; x_wconf 82' lang='grc' dir='ltr'><strong>τὰ</strong></span> <span class='ocrx_word' id='word_1_147' title='bbox 2927 731 3055 784; x_wconf 81' lang='grc' dir='ltr'><strong>κατ’</strong></span> <span class='ocrx_word' id='word_1_148' title='bbox 3089 727 3287 789; x_wconf 74' lang='grc' dir='ltr'><strong>αὐτοὺς</strong></span> <span class='ocrx_word' id='word_1_149' title='bbox 3307 723 3690 794; x_wconf 75' lang='grc' dir='ltr'><strong>διασκεψαμέ-</strong></span> 
     </span>
    </p>
   </div>
   <div class='ocr_carea' id='block_1_22' title="bbox 2109 818 3686 898">
    <p class='ocr_par' dir='ltr' id='par_1_22' title="bbox 2109 818 3686 898">
     <span class='ocr_line' id='line_1_22' title="bbox 2109 818 3686 898; baseline -0.011 -14"><span class='ocrx_word' id='word_1_150' title='bbox 2109 846 2226 894; x_wconf 89' lang='grc' dir='ltr'><strong>νου,</strong></span> <span class='ocrx_word' id='word_1_151' title='bbox 2252 831 2347 882; x_wconf 70' lang='grc' dir='ltr'><strong>καὶ</strong></span> <span class='ocrx_word' id='word_1_152' title='bbox 2373 828 2652 898; x_wconf 79' lang='grc' dir='ltr'><strong>κρίνοντος</strong></span> <span class='ocrx_word' id='word_1_153' title='bbox 2677 825 2880 886; x_wconf 80' lang='grc' dir='ltr'><strong>ἀδίκως</strong></span> <span class='ocrx_word' id='word_1_154' title='bbox 2903 818 3361 876; x_wconf 77' lang='grc' dir='ltr'><strong>ἐπιϐουλεύεσθαι</strong></span> <span class='ocrx_word' id='word_1_155' title='bbox 3381 835 3394 850; x_wconf 86' lang='grc'>·</span> <span class='ocrx_word' id='word_1_156' title='bbox 3422 819 3686 887; x_wconf 79' lang='grc' dir='ltr'><strong>παρεῖναι</strong></span> 
     </span>
    </p>
   </div>
   <div class='ocr_carea' id='block_1_23' title="bbox 2107 908 3687 984">
    <p class='ocr_par' dir='ltr' id='par_1_23' title="bbox 2107 908 3687 984">
     <span class='ocr_line' id='line_1_23' title="bbox 2107 908 3687 984; baseline -0.011 -8"><span class='ocrx_word' id='word_1_157' title='bbox 2107 922 2163 976; x_wconf 79' lang='grc' dir='ltr'><strong>δὲ</strong></span> <span class='ocrx_word' id='word_1_158' title='bbox 2198 923 2288 975; x_wconf 86' lang='grc' dir='ltr'>καί</span> <span class='ocrx_word' id='word_1_159' title='bbox 2313 921 2534 984; x_wconf 79' lang='grc' dir='ltr'><strong>αὐτοὺς,</strong></span> <span class='ocrx_word' id='word_1_160' title='bbox 2567 919 2660 972; x_wconf 72' lang='grc' dir='ltr'><strong>καὶ</strong></span> <span class='ocrx_word' id='word_1_161' title='bbox 2683 917 2995 984; x_wconf 73' lang='grc' dir='ltr'><strong>ἐξελέγχειν</strong></span> <span class='ocrx_word' id='word_1_162' title='bbox 3027 912 3408 983; x_wconf 80' lang='grc' dir='ltr'><strong>πειρωμένους</strong></span> <span class='ocrx_word' id='word_1_163' title='bbox 3431 909 3528 981; x_wconf 79' lang='grc' dir='ltr'><strong>τὴν</strong></span> <span class='ocrx_word' id='word_1_164' title='bbox 3564 908 3687 961; x_wconf 81' lang='grc' dir='ltr'><strong>ἀδι-</strong></span> 
     </span>
    </p>
   </div>
   <div class='ocr_carea' id='block_1_24' title="bbox 2108 1003 3689 1083">
    <p class='ocr_par' dir='ltr' id='par_1_24' title="bbox 2108 1003 3689 1083">
     <span class='ocr_line' id='line_1_24' title="bbox 2108 1003 3689 1083; baseline -0.009 -15"><span class='ocrx_word' id='word_1_165' title='bbox 2108 1033 2205 1068; x_wconf 89' lang='grc' dir='ltr'><strong>κον</strong></span> <span class='ocrx_word' id='word_1_166' title='bbox 2246 1015 2462 1083; x_wconf 80' lang='grc' dir='ltr'><strong>ἐκείνην</strong></span> <span class='ocrx_word' id='word_1_167' title='bbox 2514 1013 2693 1082; x_wconf 85' lang='grc' dir='ltr'><strong>δίκην.</strong></span> <span class='ocrx_word' id='word_1_168' title='bbox 2763 1011 2875 1064; x_wconf 75' lang='grc' dir='ltr'><strong>Καὶ</strong></span> <span class='ocrx_word' id='word_1_169' title='bbox 2905 1008 3023 1062; x_wconf 77' lang='grc' dir='ltr'><strong>ἀλλ’</strong></span> <span class='ocrx_word' id='word_1_170' title='bbox 3053 1007 3192 1061; x_wconf 82' lang='grc' dir='ltr'><strong>ἄττα</strong></span> <span class='ocrx_word' id='word_1_171' title='bbox 3245 1005 3385 1076; x_wconf 74' lang='grc' dir='ltr'><strong>πρὸς</strong></span> <span class='ocrx_word' id='word_1_172' title='bbox 3414 1003 3689 1074; x_wconf 81' lang='grc' dir='ltr'><strong>ἀλλήλους</strong></span> 
     </span>
    </p>
   </div>
   <div class='ocr_carea' id='block_1_25' title="bbox 2107 1091 3688 1174">
    <p class='ocr_par' dir='ltr' id='par_1_25' title="bbox 2107 1091 3688 1174">
     <span class='ocr_line' id='line_1_25' title="bbox 2107 1091 3688 1174; baseline -0.009 -16"><span class='ocrx_word' id='word_1_173' title='bbox 2107 1105 2344 1174; x_wconf 70' lang='grc' dir='ltr'><strong>ἔγραφόν</strong></span> <span class='ocrx_word' id='word_1_174' title='bbox 2380 1121 2438 1156; x_wconf 89' lang='grc' dir='ltr'><strong>τε</strong></span> <span class='ocrx_word' id='word_1_175' title='bbox 2464 1104 2557 1156; x_wconf 76' lang='grc' dir='ltr'><strong>καὶ</strong></span> <span class='ocrx_word' id='word_1_176' title='bbox 2583 1103 2922 1170; x_wconf 73' lang='grc' dir='ltr'><strong>ἀντεμὴνυον</strong></span> <span class='ocrx_word' id='word_1_177' title='bbox 2946 1116 2960 1132; x_wconf 81' lang='grc' dir='ltr'><strong>ο</strong></span> <span class='ocrx_word' id='word_1_178' title='bbox 2999 1098 3065 1153; x_wconf 85' lang='grc' dir='ltr'><strong>δι’</strong></span> <span class='ocrx_word' id='word_1_179' title='bbox 3087 1091 3162 1151; x_wconf 78' lang='grc' dir='ltr'><strong>ὧν</strong></span> <span class='ocrx_word' id='word_1_180' title='bbox 3200 1096 3295 1149; x_wconf 73' lang='grc' dir='ltr'><strong>καὶ</strong></span> <span class='ocrx_word' id='word_1_181' title='bbox 3331 1094 3535 1165; x_wconf 77' lang='grc' dir='ltr'><strong>μείζων</strong></span> <span class='ocrx_word' id='word_1_182' title='bbox 3560 1092 3688 1166; x_wconf 75' lang='grc' dir='ltr'><strong>κατ’</strong></span> 
     </span>
    </p>
   </div>
   <div class='ocr_carea' id='block_1_26' title="bbox 2112 1183 3687 1264">
    <p class='ocr_par' dir='ltr' id='par_1_26' title="bbox 2112 1183 3687 1264">
     <span class='ocr_line' id='line_1_26' title="bbox 2112 1183 3687 1264; baseline -0.011 -14"><span class='ocrx_word' id='word_1_183' title='bbox 2112 1197 2357 1264; x_wconf 81' lang='grc' dir='ltr'><strong>ἀλλήλων</strong></span> <span class='ocrx_word' id='word_1_184' title='bbox 2387 1194 2598 1263; x_wconf 80' lang='grc' dir='ltr'><strong>ἐξήφθη</strong></span> <span class='ocrx_word' id='word_1_185' title='bbox 2651 1192 2950 1261; x_wconf 85' lang='grc' dir='ltr'><strong>δυσμένεια</strong></span> <span class='ocrx_word' id='word_1_186' title='bbox 2973 1207 2986 1221; x_wconf 78' lang='grc' dir='ltr'><strong>ο</strong></span> <span class='ocrx_word' id='word_1_187' title='bbox 3024 1189 3379 1258; x_wconf 79' lang='grc' dir='ltr'><strong>ὑπερήμερος</strong></span> <span class='ocrx_word' id='word_1_188' title='bbox 3432 1184 3489 1238; x_wconf 75' lang='grc' dir='ltr'><strong>δὲ</strong></span> <span class='ocrx_word' id='word_1_189' title='bbox 3520 1185 3624 1254; x_wconf 47' lang='grc' dir='ltr'><strong>καὶ.</strong></span> <span class='ocrx_word' id='word_1_190' title='bbox 3651 1183 3687 1251; x_wconf 80' lang='grc' dir='ltr'>ὴ</span> 
     </span>
    </p>
   </div>
   <div class='ocr_carea' id='block_1_27' title="bbox 2102 1275 3689 1357">
    <p class='ocr_par' dir='ltr' id='par_1_27' title="bbox 2102 1275 3689 1357">
     <span class='ocr_line' id='line_1_27' title="bbox 2102 1275 3689 1357; baseline -0.011 -14"><span class='ocrx_word' id='word_1_191' title='bbox 2102 1290 2282 1357; x_wconf 76' lang='grc' dir='ltr'><strong>κυρία</strong></span> <span class='ocrx_word' id='word_1_192' title='bbox 2328 1287 2561 1354; x_wconf 84' lang='grc' dir='ltr'><strong>ἐγίνετο.</strong></span> <span class='ocrx_word' id='word_1_193' title='bbox 2603 1284 2780 1348; x_wconf 75' lang='grc' dir='ltr'><strong>Εὐθὺς</strong></span> <span class='ocrx_word' id='word_1_194' title='bbox 2833 1277 2926 1336; x_wconf 75' lang='grc' dir='ltr'><strong>οὖν</strong></span> <span class='ocrx_word' id='word_1_195' title='bbox 2956 1280 3050 1335; x_wconf 74' lang='grc' dir='ltr'><strong>ἀπ’</strong></span> <span class='ocrx_word' id='word_1_196' title='bbox 3080 1278 3332 1348; x_wconf 81' lang='grc' dir='ltr'><strong>ἀλλήλων</strong></span> <span class='ocrx_word' id='word_1_197' title='bbox 3364 1275 3689 1344; x_wconf 74' lang='grc' dir='ltr'><strong>διέστησαν⁸</strong></span> 
     </span>
    </p>
   </div>
   <div class='ocr_carea' id='block_1_28' title="bbox 2113 1369 3691 1445">
    <p class='ocr_par' dir='ltr' id='par_1_28' title="bbox 2113 1369 3691 1445">
     <span class='ocr_line' id='line_1_28' title="bbox 2113 1369 3691 1445; baseline -0.012 -10"><span class='ocrx_word' id='word_1_198' title='bbox 2113 1383 2210 1435; x_wconf 72' lang='grc' dir='ltr'><strong>καὶ</strong></span> <span class='ocrx_word' id='word_1_199' title='bbox 2274 1379 2623 1440; x_wconf 76' lang='grc' dir='ltr'><strong>συνελθόντες</strong></span> <span class='ocrx_word' id='word_1_200' title='bbox 2689 1377 2945 1445; x_wconf 79' lang='grc' dir='ltr'><strong>ἑκάτεροι</strong></span> <span class='ocrx_word' id='word_1_201' title='bbox 2996 1372 3148 1443; x_wconf 82' lang='grc' dir='ltr'><strong>παρὰ</strong></span> <span class='ocrx_word' id='word_1_202' title='bbox 3207 1371 3398 1440; x_wconf 90' lang='grc' dir='ltr'><strong>μέρος,</strong></span> <span class='ocrx_word' id='word_1_203' title='bbox 3431 1369 3691 1428; x_wconf 87' lang='grc' dir='ltr'><strong>ἐναντίας</strong></span> 
     </span>
    </p>
   </div>
   <div class='ocr_carea' id='block_1_29' title="bbox 2116 1458 3690 1539">
    <p class='ocr_par' dir='ltr' id='par_1_29' title="bbox 2116 1458 3690 1539">
     <span class='ocr_line' id='line_1_29' title="bbox 2116 1458 3690 1539; baseline -0.011 -14"><span class='ocrx_word' id='word_1_204' title='bbox 2116 1471 2238 1525; x_wconf 80' lang='grc' dir='ltr'><strong>κατ’</strong></span> <span class='ocrx_word' id='word_1_205' title='bbox 2273 1470 2521 1539; x_wconf 82' lang='grc' dir='ltr'><strong>ἀλλήλων</strong></span> <span class='ocrx_word' id='word_1_206' title='bbox 2573 1470 2814 1538; x_wconf 70' lang='grc' dir='ltr'><strong>ἠνεγκαν</strong></span> <span class='ocrx_word' id='word_1_207' title='bbox 2867 1465 3104 1534; x_wconf 75' lang='grc' dir='ltr'><strong>ψήφους.</strong></span> <span class='ocrx_word' id='word_1_208' title='bbox 3165 1463 3227 1515; x_wconf 79' lang='lat' dir='ltr'><strong>Oi</strong></span> <span class='ocrx_word' id='word_1_209' title='bbox 3282 1462 3382 1531; x_wconf 85' lang='grc' dir='ltr'><strong>μέν</strong></span> <span class='ocrx_word' id='word_1_210' title='bbox 3407 1459 3515 1529; x_wconf 81' lang='grc' dir='ltr'><strong>γὰρ</strong></span> <span class='ocrx_word' id='word_1_211' title='bbox 3553 1458 3690 1526; x_wconf 82' lang='grc' dir='ltr'><strong>ἐῷοι</strong></span> 
     </span>
    </p>
   </div>
   <div class='ocr_carea' id='block_1_30' title="bbox 2120 1549 3693 1632">
    <p class='ocr_par' dir='ltr' id='par_1_30' title="bbox 2120 1549 3693 1632">
     <span class='ocr_line' id='line_1_30' title="bbox 2120 1549 3693 1632; baseline -0.01 -16"><span class='ocrx_word' id='word_1_212' title='bbox 2120 1564 2222 1616; x_wconf 86' lang='grc' dir='ltr'><strong>ἀνά</strong></span> <span class='ocrx_word' id='word_1_213' title='bbox 2259 1561 2356 1632; x_wconf 80' lang='grc' dir='ltr'><strong>τὴν</strong></span> <span class='ocrx_word' id='word_1_214' title='bbox 2393 1561 2662 1614; x_wconf 81' lang='grc' dir='ltr'><strong>Φιλίππου</strong></span> <span class='ocrx_word' id='word_1_215' title='bbox 2709 1559 2772 1612; x_wconf 76' lang='grc' dir='ltr'><strong>τὸ</strong></span> <span class='ocrx_word' id='word_1_216' title='bbox 2823 1558 3104 1626; x_wconf 85' lang='grc' dir='ltr'><strong>συνέδριον</strong></span> <span class='ocrx_word' id='word_1_217' title='bbox 3159 1553 3437 1616; x_wconf 78' lang='grc' dir='ltr'><strong>ἐκάθιζον,</strong></span> <span class='ocrx_word' id='word_1_218' title='bbox 3493 1549 3693 1604; x_wconf 75' lang='grc' dir='ltr'><strong>καὶτὰ</strong></span> 
     </span>
    </p>
   </div>
   <div class='ocr_carea' id='block_1_31' title="bbox 2119 1641 3694 1717">
    <p class='ocr_par' dir='ltr' id='par_1_31' title="bbox 2119 1641 3694 1717">
     <span class='ocr_line' id='line_1_31' title="bbox 2119 1641 3694 1717; baseline -0.01 -9"><span class='ocrx_word' id='word_1_219' title='bbox 2119 1657 2239 1708; x_wconf 75' lang='grc' dir='ltr'><strong>κατ’</strong></span> <span class='ocrx_word' id='word_1_220' title='bbox 2279 1655 2620 1717; x_wconf 84' lang='grc' dir='ltr'><strong>Ἀθανάσιον,</strong></span> <span class='ocrx_word' id='word_1_221' title='bbox 2687 1650 2900 1704; x_wconf 72' lang='grc' dir='ltr'><strong>Παῦλον</strong></span> <span class='ocrx_word' id='word_1_222' title='bbox 2961 1665 3021 1700; x_wconf 88' lang='grc' dir='ltr'><strong>τε</strong></span> <span class='ocrx_word' id='word_1_223' title='bbox 3067 1647 3160 1700; x_wconf 79' lang='grc' dir='ltr'><strong>καὶ</strong></span> <span class='ocrx_word' id='word_1_224' title='bbox 3209 1643 3528 1712; x_wconf 83' lang='grc' dir='ltr'><strong>Ἀσκληπᾶν</strong></span> <span class='ocrx_word' id='word_1_225' title='bbox 3586 1641 3694 1693; x_wconf 74' lang='grc' dir='ltr'><strong>καὶ</strong></span> 
     </span>
    </p>
   </div>
   <div class='ocr_carea' id='block_1_32' title="bbox 449 1727 2027 1828">
    <p class='ocr_par' dir='ltr' id='par_1_32' title="bbox 449 1727 2010 1828">
     <span class='ocr_line' id='line_1_32' title="bbox 449 1727 2010 1828; baseline -0.009 -14"><span class='ocrx_word' id='word_1_226' title='bbox 449 1761 567 1814; x_wconf 92' lang='lat' dir='ltr'><strong>dies</strong></span> <span class='ocrx_word' id='word_1_227' title='bbox 621 1773 842 1828; x_wconf 88' lang='lat' dir='ltr'><strong>quoque</strong></span> <span class='ocrx_word' id='word_1_228' title='bbox 903 1756 1200 1811; x_wconf 86' lang='lat' dir='ltr'><strong>constituta</strong></span> <span class='ocrx_word' id='word_1_229' title='bbox 1261 1750 1546 1820; x_wconf 72' lang='lat' dir='ltr'><strong>praeteriit.</strong></span> <span class='ocrx_word' id='word_1_230' title='bbox 1602 1727 2010 1804; x_wconf 12' lang='lat' dir='ltr'><strong>Etreonfestim</strong></span> 
     </span>
    </p>
   </div>
   <div class='ocr_carea' id='block_1_33' title="bbox 2130 1727 3694 1828">
    <p class='ocr_par' dir='ltr' id='par_1_33' title="bbox 2130 1728 3694 1818">
     <span class='ocr_line' id='line_1_33' title="bbox 2130 1728 3694 1818; baseline -0.012 -17"><span class='ocrx_word' id='word_1_231' title='bbox 2130 1747 2443 1818; x_wconf 75' lang='grc' dir='ltr'><strong>Μάρκελλον</strong></span> <span class='ocrx_word' id='word_1_232' title='bbox 2484 1746 2563 1798; x_wconf 79' lang='grc' dir='ltr'><strong>ἔτι</strong></span> <span class='ocrx_word' id='word_1_233' title='bbox 2602 1742 2974 1812; x_wconf 75' lang='grc' dir='ltr'><strong>κυρώσαντες,</strong></span> <span class='ocrx_word' id='word_1_234' title='bbox 3022 1738 3119 1792; x_wconf 81' lang='grc' dir='ltr'><strong>καὶ</strong></span> <span class='ocrx_word' id='word_1_235' title='bbox 3164 1735 3387 1789; x_wconf 84' lang='grc' dir='ltr'><strong>Ἰούλιον</strong></span> <span class='ocrx_word' id='word_1_236' title='bbox 3414 1733 3505 1786; x_wconf 79' lang='grc' dir='ltr'><strong>τὸν</strong></span> <span class='ocrx_word' id='word_1_237' title='bbox 3543 1728 3694 1784; x_wconf 81' lang='grc' dir='ltr'><strong>Ῥω-</strong></span> 
     </span>
    </p>
   </div>
   <div class='ocr_carea' id='block_1_34' title="bbox 449 1837 2014 1912">
    <p class='ocr_par' dir='ltr' id='par_1_34' title="bbox 449 1837 2014 1912">
     <span class='ocr_line' id='line_1_34' title="bbox 449 1837 2014 1912; baseline -0.008 -8"><span class='ocrx_word' id='word_1_238' title='bbox 449 1851 790 1906; x_wconf 81' lang='lat' dir='ltr'><strong>discessione</strong></span> <span class='ocrx_word' id='word_1_239' title='bbox 845 1847 1026 1910; x_wconf 92' lang='lat' dir='ltr'><strong>facta,</strong></span> <span class='ocrx_word' id='word_1_240' title='bbox 1087 1843 1430 1912; x_wconf 86' lang='lat' dir='ltr'><strong>seorsimque</strong></span> <span class='ocrx_word' id='word_1_241' title='bbox 1481 1841 1734 1906; x_wconf 83' lang='lat' dir='ltr'><strong>utrisque</strong></span> <span class='ocrx_word' id='word_1_242' title='bbox 1783 1837 2014 1895; x_wconf 87' lang='lat' dir='ltr'><strong>consilia</strong></span> 
     </span>
    </p>
   </div>
   <div class='ocr_carea' id='block_1_35' title="bbox 449 1932 2012 2011">
    <p class='ocr_par' dir='ltr' id='par_1_35' title="bbox 449 1932 2012 2011">
     <span class='ocr_line' id='line_1_35' title="bbox 449 1932 2012 2011; baseline -0.008 -16"><span class='ocrx_word' id='word_1_243' title='bbox 449 1941 806 2011; x_wconf 81' lang='lat' dir='ltr'><strong>agitantibus,</strong></span> <span class='ocrx_word' id='word_1_244' title='bbox 838 1935 1146 1991; x_wconf 79' lang='lat' dir='ltr'><strong>contrarias</strong></span> <span class='ocrx_word' id='word_1_245' title='bbox 1177 1933 1332 1987; x_wconf 78' lang='lat' dir='ltr'><strong>alteri</strong></span> <span class='ocrx_word' id='word_1_246' title='bbox 1363 1932 1626 1986; x_wconf 89' lang='lat' dir='ltr'><strong>adversus</strong></span> <span class='ocrx_word' id='word_1_247' title='bbox 1655 1932 1855 1984; x_wconf 87' lang='lat' dir='ltr'><strong>alteros</strong></span> <span class='ocrx_word' id='word_1_248' title='bbox 1885 1943 2012 1984; x_wconf 85' lang='lat' dir='ltr'><strong>sen-</strong></span> 
     </span>
    </p>
   </div>
   <div class='ocr_carea' id='block_1_36' title="bbox 452 2017 2012 2089">
    <p class='ocr_par' dir='ltr' id='par_1_36' title="bbox 452 2017 2012 2089">
     <span class='ocr_line' id='line_1_36' title="bbox 452 2017 2012 2089; baseline -0.005 -10"><span class='ocrx_word' id='word_1_249' title='bbox 452 2027 652 2079; x_wconf 86' lang='lat' dir='ltr'><strong>tentias</strong></span> <span class='ocrx_word' id='word_1_250' title='bbox 717 2025 911 2080; x_wconf 88' lang='lat' dir='ltr'><strong>tulere.</strong></span> <span class='ocrx_word' id='word_1_251' title='bbox 969 2022 1278 2078; x_wconf 81' lang='lat' dir='ltr'><strong>Oriontales</strong></span> <span class='ocrx_word' id='word_1_252' title='bbox 1344 2035 1582 2089; x_wconf 86' lang='lat' dir='ltr'><strong>namque</strong></span> <span class='ocrx_word' id='word_1_253' title='bbox 1644 2017 2012 2088; x_wconf 81' lang='lat' dir='ltr'><strong>Pliilippopoli</strong></span> 
     </span>
    </p>
   </div>
   <div class='ocr_carea' id='block_1_37' title="bbox 451 2107 2016 2181">
    <p class='ocr_par' dir='ltr' id='par_1_37' title="bbox 451 2107 2016 2181">
     <span class='ocr_line' id='line_1_37' title="bbox 451 2107 2016 2181; baseline -0.006 -12"><span class='ocrx_word' id='word_1_254' title='bbox 451 2123 784 2169; x_wconf 76' lang='lat' dir='ltr'><strong>conuentum</strong></span> <span class='ocrx_word' id='word_1_255' title='bbox 816 2126 999 2181; x_wconf 84' lang='lat' dir='ltr'><strong>egere,</strong></span> <span class='ocrx_word' id='word_1_256' title='bbox 1041 2123 1206 2180; x_wconf 90' lang='lat' dir='ltr'><strong>atque</strong></span> <span class='ocrx_word' id='word_1_257' title='bbox 1239 2109 1312 2164; x_wconf 91' lang='lat' dir='ltr'><strong>ibi</strong></span> <span class='ocrx_word' id='word_1_258' title='bbox 1345 2109 1582 2163; x_wconf 88' lang='lat' dir='ltr'><strong>decretis</strong></span> <span class='ocrx_word' id='word_1_259' title='bbox 1611 2110 1726 2164; x_wconf 85' lang='lat' dir='ltr'><strong>suis</strong></span> <span class='ocrx_word' id='word_1_260' title='bbox 1761 2108 1812 2162; x_wconf 92' lang='lat' dir='ltr'><strong>in</strong></span> <span class='ocrx_word' id='word_1_261' title='bbox 1849 2107 2016 2160; x_wconf 84' lang='lat' dir='ltr'><strong>Atha-</strong></span> 
     </span>
    </p>
   </div>
   <div class='ocr_carea' id='block_1_38' title="bbox 453 2199 2018 2271">
    <p class='ocr_par' dir='ltr' id='par_1_38' title="bbox 453 2199 2018 2271">
     <span class='ocr_line' id='line_1_38' title="bbox 453 2199 2018 2271; baseline -0.005 -11"><span class='ocrx_word' id='word_1_262' title='bbox 453 2206 690 2270; x_wconf 70' lang='lat' dir='ltr'><strong>nasium,</strong></span> <span class='ocrx_word' id='word_1_263' title='bbox 741 2205 993 2268; x_wconf 87' lang='lat' dir='ltr'><strong>Paulum,</strong></span> <span class='ocrx_word' id='word_1_264' title='bbox 1039 2203 1342 2271; x_wconf 83' lang='lat' dir='ltr'><strong>Asclepam,</strong></span> <span class='ocrx_word' id='word_1_265' title='bbox 1389 2210 1444 2256; x_wconf 89' lang='lat' dir='ltr'><strong>et</strong></span> <span class='ocrx_word' id='word_1_266' title='bbox 1488 2201 1802 2255; x_wconf 85' lang='lat' dir='ltr'><strong>Marcellum</strong></span> <span class='ocrx_word' id='word_1_267' title='bbox 1845 2199 2018 2268; x_wconf 82' lang='lat' dir='ltr'><strong>magis</strong></span> 
     </span>
    </p>
   </div>
   <div class='ocr_carea' id='block_1_39' title="bbox 450 2288 2015 2359">
    <p class='ocr_par' dir='ltr' id='par_1_39' title="bbox 450 2288 2015 2359">
     <span class='ocr_line' id='line_1_39' title="bbox 450 2288 2015 2359; baseline -0.007 -10"><span class='ocrx_word' id='word_1_268' title='bbox 450 2295 612 2349; x_wconf 90' lang='lat' dir='ltr'><strong>etiam</strong></span> <span class='ocrx_word' id='word_1_269' title='bbox 637 2291 1154 2354; x_wconf 84' lang='lat' dir='ltr'><strong>confirmatis,Julio</strong></span> <span class='ocrx_word' id='word_1_270' title='bbox 1183 2291 1407 2359; x_wconf 89' lang='lat' dir='ltr'><strong>insuper</strong></span> <span class='ocrx_word' id='word_1_271' title='bbox 1435 2291 1618 2344; x_wconf 79' lang='lat' dir='ltr'><strong>Roma:</strong></span> <span class='ocrx_word' id='word_1_272' title='bbox 1647 2288 1876 2342; x_wconf 83' lang='lat' dir='ltr'><strong>antistiti</strong></span> <span class='ocrx_word' id='word_1_273' title='bbox 1899 2303 2015 2340; x_wconf 83' lang='lat' dir='ltr'><strong>ma-</strong></span> 
     </span>
    </p>
   </div>
   <div class='ocr_carea' id='block_1_40' title="bbox 451 2377 2018 2456">
    <p class='ocr_par' dir='ltr' id='par_1_40' title="bbox 451 2377 2018 2456">
     <span class='ocr_line' id='line_1_40' title="bbox 451 2377 2018 2456; baseline -0.004 -18"><span class='ocrx_word' id='word_1_274' title='bbox 451 2386 740 2456; x_wconf 80' lang='lat' dir='ltr'><strong>gistratum</strong></span> <span class='ocrx_word' id='word_1_275' title='bbox 773 2382 1208 2439; x_wconf 83' lang='lat' dir='ltr'><strong>ecclesiasticum</strong></span> <span class='ocrx_word' id='word_1_276' title='bbox 1239 2381 1596 2446; x_wconf 76' lang='lat' dir='ltr'><strong>abrogavere,</strong></span> <span class='ocrx_word' id='word_1_277' title='bbox 1627 2379 1772 2449; x_wconf 92' lang='lat' dir='ltr'><strong>quod</strong></span> <span class='ocrx_word' id='word_1_278' title='bbox 1808 2377 2018 2448; x_wconf 91' lang='lat' dir='ltr'><strong>primus</strong></span> 
     </span>
    </p>
   </div>
   <div class='ocr_carea' id='block_1_41' title="bbox 454 2468 2017 2545">
    <p class='ocr_par' dir='ltr' id='par_1_41' title="bbox 454 2468 2017 2545">
     <span class='ocr_line' id='line_1_41' title="bbox 454 2468 2017 2545; baseline -0.005 -16"><span class='ocrx_word' id='word_1_279' title='bbox 454 2477 570 2545; x_wconf 78' lang='lat' dir='ltr'><strong>ips‘e</strong></span> <span class='ocrx_word' id='word_1_280' title='bbox 608 2492 731 2530; x_wconf 88' lang='lat' dir='ltr'><strong>cum</strong></span> <span class='ocrx_word' id='word_1_281' title='bbox 768 2475 878 2528; x_wconf 88' lang='lat' dir='ltr'><strong>illis</strong></span> <span class='ocrx_word' id='word_1_282' title='bbox 909 2472 1393 2528; x_wconf 82' lang='lat' dir='ltr'><strong>eo&#39;mmunicasset.</strong></span> <span class='ocrx_word' id='word_1_283' title='bbox 1427 2469 1818 2526; x_wconf 84' lang='lat' dir='ltr'><strong>Confessorem</strong></span> <span class='ocrx_word' id='word_1_284' title='bbox 1851 2468 2017 2524; x_wconf 92' lang='lat' dir='ltr'><strong>etiam</strong></span> 
     </span>
    </p>
   </div>
   <div class='ocr_carea' id='block_1_42' title="bbox 453 2560 2021 2632">
    <p class='ocr_par' dir='ltr' id='par_1_42' title="bbox 453 2560 2021 2632">
     <span class='ocr_line' id='line_1_42' title="bbox 453 2560 2021 2632; baseline -0.005 -11"><span class='ocrx_word' id='word_1_285' title='bbox 453 2567 681 2620; x_wconf 83' lang='lat' dir='ltr'><strong>Hosium</strong></span> <span class='ocrx_word' id='word_1_286' title='bbox 735 2582 799 2621; x_wconf 91' lang='lat' dir='ltr'><strong>ea</strong></span> <span class='ocrx_word' id='word_1_287' title='bbox 849 2565 919 2620; x_wconf 91' lang='lat' dir='ltr'><strong>de</strong></span> <span class='ocrx_word' id='word_1_288' title='bbox 966 2579 1154 2629; x_wconf 89' lang='lat' dir='ltr'><strong>causa,</strong></span> <span class='ocrx_word' id='word_1_289' title='bbox 1194 2573 1253 2618; x_wconf 89' lang='lat' dir='ltr'><strong>et</strong></span> <span class='ocrx_word' id='word_1_290' title='bbox 1306 2572 1568 2632; x_wconf 83' lang='lat' dir='ltr'><strong>praetcrea</strong></span> <span class='ocrx_word' id='word_1_291' title='bbox 1619 2560 1766 2629; x_wconf 93' lang='lat' dir='ltr'><strong>quod</strong></span> <span class='ocrx_word' id='word_1_292' title='bbox 1811 2561 2021 2615; x_wconf 90' lang='lat' dir='ltr'><strong>amicus</strong></span> 
     </span>
    </p>
   </div>
   <div class='ocr_carea' id='block_1_43' title="bbox 456 2651 2020 2720">
    <p class='ocr_par' dir='ltr' id='par_1_43' title="bbox 456 2651 2020 2720">
     <span class='ocr_line' id='line_1_43' title="bbox 456 2651 2020 2720; baseline -0.007 -4"><span class='ocrx_word' id='word_1_293' title='bbox 456 2659 728 2716; x_wconf 85' lang='lat' dir='ltr'><strong>Eustathii</strong></span> <span class='ocrx_word' id='word_1_294' title='bbox 777 2668 834 2714; x_wconf 94' lang='lat' dir='ltr'><strong>et</strong></span> <span class='ocrx_word' id='word_1_295' title='bbox 877 2657 1091 2712; x_wconf 84' lang='lat' dir='ltr'><strong>Paulini</strong></span> <span class='ocrx_word' id='word_1_296' title='bbox 1135 2655 1490 2710; x_wconf 79' lang='lat' dir='ltr'><strong>Antioebeme</strong></span> <span class='ocrx_word' id='word_1_297' title='bbox 1529 2653 1774 2708; x_wconf 76' lang='lat' dir='ltr'><strong>ecclesiae</strong></span> <span class='ocrx_word' id='word_1_298' title='bbox 1806 2651 2020 2720; x_wconf 82' lang='lat' dir='ltr'><strong>episco-</strong></span> 
     </span>
    </p>
   </div>
   <div class='ocr_carea' id='block_1_44' title="bbox 459 2741 2021 2824">
    <p class='ocr_par' dir='ltr' id='par_1_44' title="bbox 459 2741 2021 2824">
     <span class='ocr_line' id='line_1_44' title="bbox 459 2741 2021 2824; baseline -0.007 -17"><span class='ocrx_word' id='word_1_299' title='bbox 459 2769 653 2824; x_wconf 81' lang='lat' dir='ltr'><strong>porum</strong></span> <span class='ocrx_word' id='word_1_300' title='bbox 701 2751 887 2814; x_wconf 87' lang='lat' dir='ltr'><strong>fuerit,</strong></span> <span class='ocrx_word' id='word_1_301' title='bbox 927 2757 1380 2804; x_wconf 79' lang='lat' dir='ltr'><strong>exauctoraruut.</strong></span> <span class='ocrx_word' id='word_1_302' title='bbox 1430 2743 1639 2799; x_wconf 88' lang='lat' dir='ltr'><strong>Deinde</strong></span> <span class='ocrx_word' id='word_1_303' title='bbox 1680 2755 1736 2797; x_wconf 90' lang='lat' dir='ltr'><strong>et</strong></span> <span class='ocrx_word' id='word_1_304' title='bbox 1779 2741 2021 2796; x_wconf 64' lang='lat' dir='ltr'><strong>Maximi-</strong></span> 
     </span>
    </p>
   </div>
   <div class='ocr_carea' id='block_1_45' title="bbox 458 2834 2024 2906">
    <p class='ocr_par' dir='ltr' id='par_1_45' title="bbox 458 2834 2024 2906">
     <span class='ocr_line' id='line_1_45' title="bbox 458 2834 2024 2906; baseline -0.009 -6"><span class='ocrx_word' id='word_1_305' title='bbox 458 2862 588 2900; x_wconf 89' lang='lat' dir='ltr'><strong>num</strong></span> <span class='ocrx_word' id='word_1_306' title='bbox 624 2844 980 2898; x_wconf 86' lang='lat' dir='ltr'><strong>Trevirorum</strong></span> <span class='ocrx_word' id='word_1_307' title='bbox 1024 2839 1351 2902; x_wconf 85' lang='lat' dir='ltr'><strong>antistitem,</strong></span> <span class='ocrx_word' id='word_1_308' title='bbox 1387 2835 1479 2906; x_wconf 90' lang='lat' dir='ltr'><strong>qui</strong></span> <span class='ocrx_word' id='word_1_309' title='bbox 1519 2835 1728 2904; x_wconf 87' lang='lat' dir='ltr'><strong>primus</strong></span> <span class='ocrx_word' id='word_1_310' title='bbox 1765 2834 1832 2888; x_wconf 89' lang='lat' dir='ltr'><strong>ad</strong></span> <span class='ocrx_word' id='word_1_311' title='bbox 1870 2849 2024 2888; x_wconf 81' lang='lat' dir='ltr'><strong>com~</strong></span> 
     </span>
    </p>
   </div>
   <div class='ocr_carea' id='block_1_46' title="bbox 456 2925 2022 2996">
    <p class='ocr_par' dir='ltr' id='par_1_46' title="bbox 456 2925 2022 2996">
     <span class='ocr_line' id='line_1_46' title="bbox 456 2925 2022 2996; baseline -0.008 -5"><span class='ocrx_word' id='word_1_312' title='bbox 456 2938 778 2992; x_wconf 90' lang='lat' dir='ltr'><strong>munionem</strong></span> <span class='ocrx_word' id='word_1_313' title='bbox 807 2933 1038 2988; x_wconf 88' lang='lat' dir='ltr'><strong>Paulum</strong></span> <span class='ocrx_word' id='word_1_314' title='bbox 1069 2929 1401 2994; x_wconf 86' lang='lat' dir='ltr'><strong>admiserat,</strong></span> <span class='ocrx_word' id='word_1_315' title='bbox 1429 2928 1774 2994; x_wconf 87' lang='lat' dir='ltr'><strong>reditumque</strong></span> <span class='ocrx_word' id='word_1_316' title='bbox 1819 2925 1938 2996; x_wconf 89' lang='lat' dir='ltr'><strong>ejus</strong></span> <span class='ocrx_word' id='word_1_317' title='bbox 1968 2925 2022 2978; x_wconf 91' lang='lat' dir='ltr'><strong>in</strong></span> 
     </span>
    </p>
   </div>
   <div class='ocr_carea' id='block_1_47' title="bbox 458 3016 2024 3090">
    <p class='ocr_par' dir='ltr' id='par_1_47' title="bbox 458 3016 2024 3090">
     <span class='ocr_line' id='line_1_47' title="bbox 458 3016 2024 3090; baseline -0.009 -8"><span class='ocrx_word' id='word_1_318' title='bbox 458 3029 648 3082; x_wconf 87' lang='lat' dir='ltr'><strong>urbem</strong></span> <span class='ocrx_word' id='word_1_319' title='bbox 687 3020 1354 3090; x_wconf 85' lang='lat' dir='ltr'><strong>Coustantinopolitanam</strong></span> <span class='ocrx_word' id='word_1_320' title='bbox 1390 3024 1782 3087; x_wconf 89' lang='lat' dir='ltr'><strong>procuraverat</strong></span> <span class='ocrx_word' id='word_1_321' title='bbox 1821 3033 1837 3070; x_wconf 90' lang='lat'><strong>:</strong></span> <span class='ocrx_word' id='word_1_322' title='bbox 1871 3016 2024 3070; x_wconf 87' lang='lat' dir='ltr'><strong>insu—</strong></span> 
     </span>
    </p>
   </div>
   <div class='ocr_carea' id='block_1_48' title="bbox 460 3099 2030 3191">
    <p class='ocr_par' dir='ltr' id='par_1_48' title="bbox 460 3099 2030 3191">
     <span class='ocr_line' id='line_1_48' title="bbox 460 3099 2030 3191; baseline -0.008 -17"><span class='ocrx_word' id='word_1_323' title='bbox 460 3136 559 3191; x_wconf 90' lang='lat' dir='ltr'><strong>per</strong></span> <span class='ocrx_word' id='word_1_324' title='bbox 594 3117 739 3188; x_wconf 87' lang='lat' dir='ltr'><strong>quod</strong></span> <span class='ocrx_word' id='word_1_325' title='bbox 771 3115 1083 3170; x_wconf 89' lang='lat' dir='ltr'><strong>Orientales</strong></span> <span class='ocrx_word' id='word_1_326' title='bbox 1119 3099 1408 3181; x_wconf 83' lang='lat' dir='ltr'><strong>episcopos</strong></span> <span class='ocrx_word' id='word_1_327' title='bbox 1438 3111 1490 3164; x_wconf 92' lang='lat' dir='ltr'><strong>in</strong></span> <span class='ocrx_word' id='word_1_328' title='bbox 1528 3109 1880 3164; x_wconf 89' lang='lat' dir='ltr'><strong>Occidentem</strong></span> <span class='ocrx_word' id='word_1_329' title='bbox 1934 3122 2030 3162; x_wconf 86' lang='lat' dir='ltr'><strong>ve-</strong></span> 
     </span>
    </p>
   </div>
   <div class='ocr_carea' id='block_1_49' title="bbox 474 3200 2031 3278">
    <p class='ocr_par' dir='ltr' id='par_1_49' title="bbox 474 3200 2031 3278">
     <span class='ocr_line' id='line_1_49' title="bbox 474 3200 2031 3278; baseline -0.007 -12"><span class='ocrx_word' id='word_1_330' title='bbox 474 3214 688 3266; x_wconf 86' lang='lat' dir='ltr'><strong>nientes</strong></span> <span class='ocrx_word' id='word_1_331' title='bbox 717 3207 1136 3278; x_wconf 86' lang='lat' dir='ltr'><strong>proscripserat.</strong></span> <span class='ocrx_word' id='word_1_332' title='bbox 1159 3205 1272 3259; x_wconf 81' lang='lat' dir='ltr'><strong>Nec</strong></span> <span class='ocrx_word' id='word_1_333' title='bbox 1306 3205 1373 3258; x_wconf 91' lang='lat' dir='ltr'><strong>iis</strong></span> <span class='ocrx_word' id='word_1_334' title='bbox 1402 3212 1611 3256; x_wconf 91' lang='lat' dir='ltr'><strong>tantum</strong></span> <span class='ocrx_word' id='word_1_335' title='bbox 1641 3217 1849 3256; x_wconf 85' lang='lat' dir='ltr'><strong>sacram</strong></span> <span class='ocrx_word' id='word_1_336' title='bbox 1901 3200 2031 3255; x_wconf 87' lang='lat' dir='ltr'><strong>ade-</strong></span> 
     </span>
    </p>
   </div>
   <div class='ocr_carea' id='block_1_50' title="bbox 463 3294 2030 3369">
    <p class='ocr_par' dir='ltr' id='par_1_50' title="bbox 463 3294 2030 3369">
     <span class='ocr_line' id='line_1_50' title="bbox 463 3294 2030 3369; baseline -0.006 -14"><span class='ocrx_word' id='word_1_337' title='bbox 463 3317 614 3356; x_wconf 85' lang='lat' dir='ltr'><strong>mere</strong></span> <span class='ocrx_word' id='word_1_338' title='bbox 633 3298 1086 3369; x_wconf 83' lang='lat' dir='ltr'><strong>dignitatem,sed</strong></span> <span class='ocrx_word' id='word_1_339' title='bbox 1114 3306 1169 3350; x_wconf 90' lang='lat' dir='ltr'><strong>et</strong></span> <span class='ocrx_word' id='word_1_340' title='bbox 1195 3296 1483 3366; x_wconf 85' lang='lat' dir='ltr'><strong>Protogeni</strong></span> <span class='ocrx_word' id='word_1_341' title='bbox 1520 3294 1864 3349; x_wconf 87' lang='lat' dir='ltr'><strong>Sardicensi:</strong></span> <span class='ocrx_word' id='word_1_342' title='bbox 1890 3309 2030 3359; x_wconf 90' lang='lat' dir='ltr'><strong>quo-</strong></span> 
     </span>
    </p>
   </div>
   <div class='ocr_carea' id='block_1_51' title="bbox 462 3384 2033 3458">
    <p class='ocr_par' dir='ltr' id='par_1_51' title="bbox 462 3384 2033 3458">
     <span class='ocr_line' id='line_1_51' title="bbox 462 3384 2033 3458; baseline -0.006 -11"><span class='ocrx_word' id='word_1_343' title='bbox 462 3396 610 3447; x_wconf 83' lang='lat' dir='ltr'><strong>niam</strong></span> <span class='ocrx_word' id='word_1_344' title='bbox 636 3390 948 3446; x_wconf 87' lang='lat' dir='ltr'><strong>Marcellum</strong></span> <span class='ocrx_word' id='word_1_345' title='bbox 971 3389 1311 3458; x_wconf 80' lang='lat' dir='ltr'><strong>Ancyranum</strong></span> <span class='ocrx_word' id='word_1_346' title='bbox 1339 3401 1499 3455; x_wconf 92' lang='lat' dir='ltr'><strong>quem</strong></span> <span class='ocrx_word' id='word_1_347' title='bbox 1529 3393 1689 3438; x_wconf 81' lang='lat' dir='ltr'><strong>antea</strong></span> <span class='ocrx_word' id='word_1_348' title='bbox 1706 3384 1914 3437; x_wconf 83' lang='lat' dir='ltr'><strong>calculo</strong></span> <span class='ocrx_word' id='word_1_349' title='bbox 1933 3399 2033 3437; x_wconf 91' lang='lat' dir='ltr'><strong>suo</strong></span> 
     </span>
    </p>
   </div>
   <div class='ocr_carea' id='block_1_52' title="bbox 465 3474 2032 3550">
    <p class='ocr_par' dir='ltr' id='par_1_52' title="bbox 465 3474 2032 3550">
     <span class='ocr_line' id='line_1_52' title="bbox 465 3474 2032 3550; baseline -0.007 -12"><span class='ocrx_word' id='word_1_350' title='bbox 465 3485 840 3546; x_wconf 85' lang='lat' dir='ltr'><strong>damnaverat,</strong></span> <span class='ocrx_word' id='word_1_351' title='bbox 863 3495 966 3550; x_wconf 91' lang='lat' dir='ltr'><strong>ope</strong></span> <span class='ocrx_word' id='word_1_352' title='bbox 1008 3495 1106 3534; x_wconf 89' lang='lat' dir='ltr'><strong>sua</strong></span> <span class='ocrx_word' id='word_1_353' title='bbox 1132 3479 1480 3542; x_wconf 87' lang='lat' dir='ltr'><strong>sublevaret;</strong></span> <span class='ocrx_word' id='word_1_354' title='bbox 1524 3487 1688 3544; x_wconf 74' lang='lat' dir='ltr'><strong>atque</strong></span> <span class='ocrx_word' id='word_1_355' title='bbox 1717 3477 1841 3528; x_wconf 85' lang='lat' dir='ltr'><strong>item</strong></span> <span class='ocrx_word' id='word_1_356' title='bbox 1881 3474 2032 3529; x_wconf 88' lang='lat' dir='ltr'><strong>Gau-</strong></span> 
     </span>
    </p>
   </div>
   <div class='ocr_carea' id='block_1_53' title="bbox 461 3565 2034 3641">
    <p class='ocr_par' dir='ltr' id='par_1_53' title="bbox 461 3565 2034 3641">
     <span class='ocr_line' id='line_1_53' title="bbox 461 3565 2034 3641; baseline -0.01 -10"><span class='ocrx_word' id='word_1_357' title='bbox 461 3575 733 3635; x_wconf 84' lang='lat' dir='ltr'><strong>dentium,</strong></span> <span class='ocrx_word' id='word_1_358' title='bbox 763 3572 890 3641; x_wconf 87' lang='lat' dir='ltr'><strong>quia</strong></span> <span class='ocrx_word' id='word_1_359' title='bbox 921 3569 1150 3640; x_wconf 87' lang='lat' dir='ltr'><strong>qnosilli</strong></span> <span class='ocrx_word' id='word_1_360' title='bbox 1185 3584 1281 3638; x_wconf 89' lang='lat' dir='ltr'><strong>per</strong></span> <span class='ocrx_word' id='word_1_361' title='bbox 1335 3567 1743 3637; x_wconf 80' lang='lat' dir='ltr'><strong>abrogationem</strong></span> <span class='ocrx_word' id='word_1_362' title='bbox 1799 3565 2034 3633; x_wconf 86' lang='lat' dir='ltr'><strong>ignomi-</strong></span> 
     </span>
    </p>
   </div>
   <div class='ocr_carea' id='block_1_54' title="bbox 462 3655 2029 3729">
    <p class='ocr_par' dir='ltr' id='par_1_54' title="bbox 462 3655 2029 3729">
     <span class='ocr_line' id='line_1_54' title="bbox 462 3655 2029 3729; baseline -0.008 -7"><span class='ocrx_word' id='word_1_363' title='bbox 462 3669 555 3722; x_wconf 87' lang='lat' dir='ltr'><strong>nia</strong></span> <span class='ocrx_word' id='word_1_364' title='bbox 579 3667 898 3728; x_wconf 82' lang='lat' dir='ltr'><strong>aﬂ&#39;ecerant,</strong></span> <span class='ocrx_word' id='word_1_365' title='bbox 931 3661 1101 3716; x_wconf 92' lang='lat' dir='ltr'><strong>multo</strong></span> <span class='ocrx_word' id='word_1_366' title='bbox 1125 3668 1550 3729; x_wconf 89' lang='lat' dir='ltr'><strong>prosequeretur</strong></span> <span class='ocrx_word' id='word_1_367' title='bbox 1585 3657 1789 3711; x_wconf 87' lang='lat' dir='ltr'><strong>honore</strong></span> <span class='ocrx_word' id='word_1_368' title='bbox 1821 3673 1834 3711; x_wconf 90' lang='lat'>:</span> <span class='ocrx_word' id='word_1_369' title='bbox 1866 3655 2029 3725; x_wconf 79' lang='lat'><strong>697</strong></span> 
     </span>
    </p>
   </div>
   <div class='ocr_carea' id='block_1_55' title="bbox 460 3749 2033 3828">
    <p class='ocr_par' dir='ltr' id='par_1_55' title="bbox 460 3749 2033 3828">
     <span class='ocr_line' id='line_1_55' title="bbox 460 3749 2033 3828; baseline -0.008 -16"><span class='ocrx_word' id='word_1_370' title='bbox 460 3768 520 3813; x_wconf 85' lang='lat' dir='ltr'><strong>et</strong></span> <span class='ocrx_word' id='word_1_371' title='bbox 546 3758 692 3828; x_wconf 85' lang='lat' dir='ltr'><strong>quod</strong></span> <span class='ocrx_word' id='word_1_372' title='bbox 723 3757 877 3810; x_wconf 86' lang='lat' dir='ltr'><strong>aliter</strong></span> <span class='ocrx_word' id='word_1_373' title='bbox 909 3753 976 3808; x_wconf 90' lang='lat' dir='ltr'><strong>de</strong></span> <span class='ocrx_word' id='word_1_374' title='bbox 1001 3755 1166 3807; x_wconf 90' lang='lat' dir='ltr'><strong>rebus</strong></span> <span class='ocrx_word' id='word_1_375' title='bbox 1186 3750 1387 3805; x_wconf 87' lang='lat' dir='ltr'><strong>divinis</strong></span> <span class='ocrx_word' id='word_1_376' title='bbox 1414 3765 1576 3818; x_wconf 90' lang='lat' dir='ltr'><strong>quam</strong></span> <span class='ocrx_word' id='word_1_377' title='bbox 1617 3749 1877 3819; x_wconf 79' lang='lat' dir='ltr'><strong>Cyriacus</strong></span> <span class='ocrx_word' id='word_1_378' title='bbox 1906 3763 2033 3802; x_wconf 91' lang='lat' dir='ltr'><strong>sen-</strong></span> 
     </span>
    </p>
   </div>
   <div class='ocr_carea' id='block_1_56' title="bbox 461 3839 2034 3920">
    <p class='ocr_par' dir='ltr' id='par_1_56' title="bbox 461 3839 2034 3920">
     <span class='ocr_line' id='line_1_56' title="bbox 461 3839 2034 3920; baseline -0.011 -11"><span class='ocrx_word' id='word_1_379' title='bbox 461 3855 616 3915; x_wconf 85' lang='lat' dir='ltr'><strong>tiret,</strong></span> <span class='ocrx_word' id='word_1_380' title='bbox 649 3851 808 3920; x_wconf 90' lang='lat' dir='ltr'><strong>cujus</strong></span> <span class='ocrx_word' id='word_1_381' title='bbox 829 3849 944 3919; x_wconf 90' lang='lat' dir='ltr'><strong>ipse</strong></span> <span class='ocrx_word' id='word_1_382' title='bbox 963 3860 1252 3902; x_wconf 82' lang='lat' dir='ltr'><strong>successor</strong></span> <span class='ocrx_word' id='word_1_383' title='bbox 1270 3852 1408 3898; x_wconf 91' lang='lat' dir='ltr'><strong>erat.</strong></span> <span class='ocrx_word' id='word_1_384' title='bbox 1430 3844 1599 3899; x_wconf 86' lang='lat' dir='ltr'><strong>Porro</strong></span> <span class='ocrx_word' id='word_1_385' title='bbox 1627 3843 1679 3895; x_wconf 91' lang='lat' dir='ltr'><strong>in</strong></span> <span class='ocrx_word' id='word_1_386' title='bbox 1715 3855 1877 3895; x_wconf 90' lang='lat' dir='ltr'><strong>causa</strong></span> <span class='ocrx_word' id='word_1_387' title='bbox 1910 3839 2034 3893; x_wconf 91' lang='lat' dir='ltr'><strong>fidei</strong></span> 
     </span>
    </p>
   </div>
   <div class='ocr_carea' id='block_1_57' title="bbox 465 3932 2033 4013">
    <p class='ocr_par' dir='ltr' id='par_1_57' title="bbox 465 3932 2033 4013">
     <span class='ocr_line' id='line_1_57' title="bbox 465 3932 2033 4013; baseline -0.011 -16"><span class='ocrx_word' id='word_1_388' title='bbox 465 3943 750 4013; x_wconf 77' lang='grc' dir='ltr'><strong>όμοούσιον</strong></span> <span class='ocrx_word' id='word_1_389' title='bbox 772 3936 1240 3994; x_wconf 86' lang='lat' dir='ltr'><strong>eonsubstantiale</strong></span> <span class='ocrx_word' id='word_1_390' title='bbox 1273 3934 1492 4005; x_wconf 91' lang='lat' dir='ltr'><strong>quidem</strong></span> <span class='ocrx_word' id='word_1_391' title='bbox 1524 3933 1901 4002; x_wconf 84' lang='lat' dir='ltr'><strong>repudiarunt,</strong></span> <span class='ocrx_word' id='word_1_392' title='bbox 1940 3932 2033 3983; x_wconf 83' lang='grc' dir='ltr'><strong>τοῦ</strong></span> 
     </span>
    </p>
   </div>
   <div class='ocr_carea' id='block_1_58' title="bbox 469 4024 2032 4102">
    <p class='ocr_par' dir='ltr' id='par_1_58' title="bbox 469 4024 2032 4102">
     <span class='ocr_line' id='line_1_58' title="bbox 469 4024 2032 4102; baseline -0.01 -12"><span class='ocrx_word' id='word_1_393' title='bbox 469 4035 726 4102; x_wconf 72' lang='grc' dir='ltr'><strong>ἀνομοίου</strong></span> <span class='ocrx_word' id='word_1_394' title='bbox 757 4031 1040 4086; x_wconf 85' lang='lat' dir='ltr'><strong>dissimilis</strong></span> <span class='ocrx_word' id='word_1_395' title='bbox 1069 4043 1198 4083; x_wconf 90' lang='lat' dir='ltr'><strong>vero</strong></span> <span class='ocrx_word' id='word_1_396' title='bbox 1233 4027 1548 4097; x_wconf 90' lang='lat' dir='ltr'><strong>opinionem</strong></span> <span class='ocrx_word' id='word_1_397' title='bbox 1583 4025 1782 4080; x_wconf 83' lang='lat' dir='ltr'><strong>litteris</strong></span> <span class='ocrx_word' id='word_1_398' title='bbox 1817 4024 1869 4077; x_wconf 92' lang='lat' dir='ltr'><strong>in</strong></span> <span class='ocrx_word' id='word_1_399' title='bbox 1911 4039 2032 4093; x_wconf 83' lang='lat' dir='ltr'><strong>par-</strong></span> 
     </span>
    </p>
   </div>
   <div class='ocr_carea' id='block_1_59' title="bbox 459 4115 2033 4189">
    <p class='ocr_par' dir='ltr' id='par_1_59' title="bbox 459 4115 2033 4189">
     <span class='ocr_line' id='line_1_59' title="bbox 459 4115 2033 4189; baseline -0.006 -11"><span class='ocrx_word' id='word_1_400' title='bbox 459 4134 551 4180; x_wconf 59' lang='lat' dir='ltr'><strong>tes</strong></span> <span class='ocrx_word' id='word_1_401' title='bbox 578 4139 767 4178; x_wconf 91' lang='lat' dir='ltr'><strong>omnes</strong></span> <span class='ocrx_word' id='word_1_402' title='bbox 791 4121 1011 4189; x_wconf 89' lang='lat' dir='ltr'><strong>scriptis</strong></span> <span class='ocrx_word' id='word_1_403' title='bbox 1033 4119 1386 4187; x_wconf 83' lang='lat' dir='ltr'><strong>divulgarunt</strong></span> <span class='ocrx_word' id='word_1_404' title='bbox 1415 4133 1429 4169; x_wconf 88' lang='lat'><strong>:</strong></span> <span class='ocrx_word' id='word_1_405' title='bbox 1464 4116 1514 4170; x_wconf 90' lang='lat' dir='ltr'><strong>in</strong></span> <span class='ocrx_word' id='word_1_406' title='bbox 1547 4117 1748 4184; x_wconf 84' lang='lat' dir='ltr'><strong>quibus</strong></span> <span class='ocrx_word' id='word_1_407' title='bbox 1785 4115 2033 4170; x_wconf 85' lang='lat' dir='ltr'><strong>locorum</strong></span> 
     </span>
    </p>
   </div>
   <div class='ocr_carea' id='block_1_60' title="bbox 467 4206 2039 4284">
    <p class='ocr_par' dir='ltr' id='par_1_60' title="bbox 467 4206 2039 4284">
     <span class='ocr_line' id='line_1_60' title="bbox 467 4206 2039 4284; baseline -0.005 -15"><span class='ocrx_word' id='word_1_408' title='bbox 467 4217 858 4284; x_wconf 86' lang='lat' dir='ltr'><strong>plerorumque</strong></span> <span class='ocrx_word' id='word_1_409' title='bbox 884 4210 1160 4279; x_wconf 83' lang='lat' dir='ltr'><strong>episcopis</strong></span> <span class='ocrx_word' id='word_1_410' title='bbox 1176 4223 1395 4277; x_wconf 87' lang='lat' dir='ltr'><strong>quoque</strong></span> <span class='ocrx_word' id='word_1_411' title='bbox 1423 4206 1826 4276; x_wconf 80' lang='lat' dir='ltr'><strong>signifiearunt.</strong></span> <span class='ocrx_word' id='word_1_412' title='bbox 1858 4223 1926 4260; x_wconf 89' lang='lat' dir='ltr'><strong>ne</strong></span> <span class='ocrx_word' id='word_1_413' title='bbox 1943 4223 2039 4261; x_wconf 87' lang='lat' dir='ltr'><strong>eos</strong></span> 
     </span>
    </p>
   </div>
   <div class='ocr_carea' id='block_1_61' title="bbox 457 4298 2040 4376">
    <p class='ocr_par' dir='ltr' id='par_1_61' title="bbox 457 4298 2040 4376">
     <span class='ocr_line' id='line_1_61' title="bbox 457 4298 2040 4376; baseline -0.005 -17"><span class='ocrx_word' id='word_1_414' title='bbox 457 4322 609 4376; x_wconf 75' lang='lat' dir='ltr'><strong>quos</strong></span> <span class='ocrx_word' id='word_1_415' title='bbox 630 4303 874 4367; x_wconf 68' lang='lat' dir='ltr'><strong>proxime</strong></span> <span class='ocrx_word' id='word_1_416' title='bbox 891 4300 1159 4356; x_wconf 84' lang='lat' dir='ltr'><strong>sententia</strong></span> <span class='ocrx_word' id='word_1_417' title='bbox 1177 4314 1272 4352; x_wconf 90' lang='lat' dir='ltr'><strong>sua</strong></span> <span class='ocrx_word' id='word_1_418' title='bbox 1297 4307 1597 4362; x_wconf 87' lang='lat' dir='ltr'><strong>notassent,</strong></span> <span class='ocrx_word' id='word_1_419' title='bbox 1613 4299 1696 4352; x_wconf 88' lang='lat' dir='ltr'><strong>vel</strong></span> <span class='ocrx_word' id='word_1_420' title='bbox 1726 4298 1779 4351; x_wconf 93' lang='lat' dir='ltr'><strong>in</strong></span> <span class='ocrx_word' id='word_1_421' title='bbox 1798 4314 2040 4352; x_wconf 84' lang='lat' dir='ltr'><strong>commu-</strong></span> 
     </span>
    </p>
   </div>
   <div class='ocr_carea' id='block_1_62' title="bbox 2126 1823 3694 1910">
    <p class='ocr_par' dir='ltr' id='par_1_62' title="bbox 2126 1823 3694 1910">
     <span class='ocr_line' id='line_1_62' title="bbox 2126 1823 3694 1910; baseline -0.013 -17"><span class='ocrx_word' id='word_1_422' title='bbox 2126 1840 2300 1910; x_wconf 81' lang='grc' dir='ltr'><strong>μαίων</strong></span> <span class='ocrx_word' id='word_1_423' title='bbox 2331 1837 2625 1908; x_wconf 79' lang='grc' dir='ltr'><strong>καθῄρουν,</strong></span> <span class='ocrx_word' id='word_1_424' title='bbox 2663 1835 2736 1896; x_wconf 89' lang='grc' dir='ltr'><strong>ὠς</strong></span> <span class='ocrx_word' id='word_1_425' title='bbox 2770 1831 3121 1902; x_wconf 75' lang='grc' dir='ltr'><strong>κατάρξαντα</strong></span> <span class='ocrx_word' id='word_1_426' title='bbox 3153 1827 3254 1896; x_wconf 80' lang='grc' dir='ltr'><strong>τῆς</strong></span> <span class='ocrx_word' id='word_1_427' title='bbox 3279 1823 3568 1887; x_wconf 75' lang='grc' dir='ltr'><strong>κοινωνίας</strong></span> <span class='ocrx_word' id='word_1_428' title='bbox 3588 1823 3694 1876; x_wconf 67' lang='grc' dir='ltr'><strong>αὖ-</strong></span> 
     </span>
    </p>
   </div>
   <div class='ocr_carea' id='block_1_63' title="bbox 2120 1914 3695 1994">
    <p class='ocr_par' dir='ltr' id='par_1_63' title="bbox 2120 1914 3695 1994">
     <span class='ocr_line' id='line_1_63' title="bbox 2120 1914 3695 1994; baseline -0.013 -7"><span class='ocrx_word' id='word_1_429' title='bbox 2120 1936 2249 1994; x_wconf 77' lang='grc' dir='ltr'><strong>τοῖς.</strong></span> <span class='ocrx_word' id='word_1_430' title='bbox 2289 1933 2386 1984; x_wconf 88' lang='grc' dir='ltr'><strong>Διά</strong></span> <span class='ocrx_word' id='word_1_431' title='bbox 2421 1928 2597 1982; x_wconf 79' lang='grc' dir='ltr'><strong>ταῦτα</strong></span> <span class='ocrx_word' id='word_1_432' title='bbox 2624 1927 2682 1980; x_wconf 82' lang='grc' dir='ltr'><strong>δὲ</strong></span> <span class='ocrx_word' id='word_1_433' title='bbox 2716 1927 2810 1978; x_wconf 78' lang='grc' dir='ltr'><strong>καὶ</strong></span> <span class='ocrx_word' id='word_1_434' title='bbox 2837 1926 2930 1977; x_wconf 85' lang='grc' dir='ltr'><strong>τὸν</strong></span> <span class='ocrx_word' id='word_1_435' title='bbox 2958 1920 3303 1991; x_wconf 76' lang='grc' dir='ltr'><strong>ὁμολογητὴν</strong></span> <span class='ocrx_word' id='word_1_436' title='bbox 3325 1919 3515 1972; x_wconf 88' lang='grc' dir='ltr'><strong>Ὀσιον</strong></span> <span class='ocrx_word' id='word_1_437' title='bbox 3552 1914 3695 1969; x_wconf 81' lang='grc' dir='ltr'><strong>καθ-</strong></span> 
     </span>
    </p>
   </div>
   <div class='ocr_carea' id='block_1_64' title="bbox 2123 2010 3695 2091">
    <p class='ocr_par' dir='ltr' id='par_1_64' title="bbox 2123 2010 3695 2091">
     <span class='ocr_line' id='line_1_64' title="bbox 2123 2010 3695 2091; baseline -0.011 -14"><span class='ocrx_word' id='word_1_438' title='bbox 2123 2024 2284 2085; x_wconf 85' lang='grc' dir='ltr'><strong>εῖλον,</strong></span> <span class='ocrx_word' id='word_1_439' title='bbox 2323 2026 2418 2076; x_wconf 75' lang='grc' dir='ltr'><strong>καὶ</strong></span> <span class='ocrx_word' id='word_1_440' title='bbox 2443 2023 2637 2091; x_wconf 82' lang='grc' dir='ltr'><strong>ὅτιπερ</strong></span> <span class='ocrx_word' id='word_1_441' title='bbox 2663 2020 2816 2088; x_wconf 87' lang='grc' dir='ltr'><strong>φίλος</strong></span> <span class='ocrx_word' id='word_1_442' title='bbox 2840 2018 3060 2084; x_wconf 80' lang='grc' dir='ltr'><strong>ἐγένετο</strong></span> <span class='ocrx_word' id='word_1_443' title='bbox 3081 2012 3384 2068; x_wconf 80' lang='grc' dir='ltr'><strong>Εὑσταθίου</strong></span> <span class='ocrx_word' id='word_1_444' title='bbox 3416 2011 3512 2062; x_wconf 71' lang='grc' dir='ltr'><strong>καὶ</strong></span> <span class='ocrx_word' id='word_1_445' title='bbox 3539 2010 3695 2061; x_wconf 83' lang='grc' dir='ltr'><strong>Παυ-</strong></span> 
     </span>
    </p>
   </div>
   <div class='ocr_carea' id='block_1_65' title="bbox 2121 2101 3697 2180">
    <p class='ocr_par' dir='ltr' id='par_1_65' title="bbox 2121 2101 3697 2180">
     <span class='ocr_line' id='line_1_65' title="bbox 2121 2101 3697 2180; baseline -0.009 -14"><span class='ocrx_word' id='word_1_446' title='bbox 2121 2114 2292 2177; x_wconf 88' lang='grc' dir='ltr'><strong>λίνου,</strong></span> <span class='ocrx_word' id='word_1_447' title='bbox 2321 2115 2370 2166; x_wconf 85' lang='grc' dir='ltr'><strong>οἲ</strong></span> <span class='ocrx_word' id='word_1_448' title='bbox 2391 2115 2486 2179; x_wconf 78' lang='grc' dir='ltr'><strong>τῆς</strong></span> <span class='ocrx_word' id='word_1_449' title='bbox 2516 2110 2851 2180; x_wconf 83' lang='grc' dir='ltr'><strong>Ἀντιοχείας</strong></span> <span class='ocrx_word' id='word_1_450' title='bbox 2880 2110 3162 2178; x_wconf 78' lang='grc' dir='ltr'><strong>ἡγήσαντο</strong></span> <span class='ocrx_word' id='word_1_451' title='bbox 3180 2123 3194 2139; x_wconf 89' lang='grc'><strong>·</strong></span> <span class='ocrx_word' id='word_1_452' title='bbox 3227 2105 3320 2159; x_wconf 77' lang='grc' dir='ltr'><strong>ἐπὶ</strong></span> <span class='ocrx_word' id='word_1_453' title='bbox 3348 2103 3559 2164; x_wconf 75' lang='grc' dir='ltr'><strong>τούτοις</strong></span> <span class='ocrx_word' id='word_1_454' title='bbox 3589 2101 3697 2154; x_wconf 73' lang='grc' dir='ltr'><strong>καὶ</strong></span> 
     </span>
    </p>
   </div>
   <div class='ocr_carea' id='block_1_66' title="bbox 2123 2197 3699 2275">
    <p class='ocr_par' dir='ltr' id='par_1_66' title="bbox 2123 2197 3699 2275">
     <span class='ocr_line' id='line_1_66' title="bbox 2123 2197 3699 2275; baseline -0.008 -15"><span class='ocrx_word' id='word_1_455' title='bbox 2123 2204 2452 2275; x_wconf 77' lang='grc' dir='ltr'><strong>Μαξιμίνον,</strong></span> <span class='ocrx_word' id='word_1_456' title='bbox 2514 2205 2573 2268; x_wconf 83' lang='grc' dir='ltr'><strong>ὃς</strong></span> <span class='ocrx_word' id='word_1_457' title='bbox 2635 2203 2949 2272; x_wconf 74' lang='grc' dir='ltr'><strong>Τριόέρεως</strong></span> <span class='ocrx_word' id='word_1_458' title='bbox 3001 2197 3071 2271; x_wconf 82' lang='grc' dir='ltr'><strong>ἦν</strong></span> <span class='ocrx_word' id='word_1_459' title='bbox 3125 2199 3458 2260; x_wconf 88' lang='grc' dir='ltr'><strong>ἐπίσκοπος·</strong></span> <span class='ocrx_word' id='word_1_460' title='bbox 3493 2198 3699 2263; x_wconf 78' lang='grc' dir='ltr'><strong>ὅτιπερ</strong></span> 
     </span>
    </p>
   </div>
   <div class='ocr_carea' id='block_1_67' title="bbox 2127 2287 3698 2367">
    <p class='ocr_par' dir='ltr' id='par_1_67' title="bbox 2127 2287 3698 2367">
     <span class='ocr_line' id='line_1_67' title="bbox 2127 2287 3698 2367; baseline -0.006 -17"><span class='ocrx_word' id='word_1_461' title='bbox 2127 2298 2344 2367; x_wconf 84' lang='grc' dir='ltr'><strong>πρῶτος</strong></span> <span class='ocrx_word' id='word_1_462' title='bbox 2378 2296 2577 2366; x_wconf 82' lang='grc' dir='ltr'><strong>Παύλῳ</strong></span> <span class='ocrx_word' id='word_1_463' title='bbox 2611 2294 2898 2356; x_wconf 85' lang='grc' dir='ltr'><strong>κοινωνίας</strong></span> <span class='ocrx_word' id='word_1_464' title='bbox 2927 2291 3199 2362; x_wconf 86' lang='grc' dir='ltr'><strong>μετέδωκε</strong></span> <span class='ocrx_word' id='word_1_465' title='bbox 3217 2291 3312 2347; x_wconf 74' lang='grc' dir='ltr'><strong>καὶ</strong></span> <span class='ocrx_word' id='word_1_466' title='bbox 3350 2290 3449 2360; x_wconf 78' lang='grc' dir='ltr'><strong>τὴν</strong></span> <span class='ocrx_word' id='word_1_467' title='bbox 3477 2290 3558 2352; x_wconf 88' lang='grc' dir='ltr'><strong>είς</strong></span> <span class='ocrx_word' id='word_1_468' title='bbox 3588 2287 3698 2358; x_wconf 76' lang='grc' dir='ltr'><strong>τὴν</strong></span> 
     </span>
    </p>
   </div>
   <div class='ocr_carea' id='block_1_68' title="bbox 2127 2382 3696 2452">
    <p class='ocr_par' dir='ltr' id='par_1_68' title="bbox 2127 2382 3696 2452">
     <span class='ocr_line' id='line_1_68' title="bbox 2127 2382 3696 2452; baseline -0.004 -10"><span class='ocrx_word' id='word_1_469' title='bbox 2127 2386 2710 2442; x_wconf 82' lang='grc' dir='ltr'><strong>Κωνσταντινούπολιν</strong></span> <span class='ocrx_word' id='word_1_470' title='bbox 2793 2384 3022 2439; x_wconf 82' lang='grc' dir='ltr'><strong>κάθοδον</strong></span> <span class='ocrx_word' id='word_1_471' title='bbox 3085 2383 3249 2446; x_wconf 74' lang='grc' dir='ltr'><strong>αὐτὸς</strong></span> <span class='ocrx_word' id='word_1_472' title='bbox 3302 2382 3696 2452; x_wconf 79' lang='grc' dir='ltr'><strong>προεξένησεν.</strong></span> 
     </span>
    </p>
   </div>
   <div class='ocr_carea' id='block_1_69' title="bbox 2129 2474 3701 2548">
    <p class='ocr_par' dir='ltr' id='par_1_69' title="bbox 2129 2474 3701 2548">
     <span class='ocr_line' id='line_1_69' title="bbox 2129 2474 3701 2548; baseline -0.005 -14"><span class='ocrx_word' id='word_1_473' title='bbox 2129 2481 2250 2534; x_wconf 83' lang='grc' dir='ltr'><strong>Ἔτι</strong></span> <span class='ocrx_word' id='word_1_474' title='bbox 2272 2481 2326 2534; x_wconf 81' lang='grc' dir='ltr'><strong>δὲ</strong></span> <span class='ocrx_word' id='word_1_475' title='bbox 2347 2481 2439 2535; x_wconf 78' lang='grc' dir='ltr'><strong>καὶ</strong></span> <span class='ocrx_word' id='word_1_476' title='bbox 2455 2479 2530 2543; x_wconf 81' lang='grc' dir='ltr'><strong>ὡς</strong></span> <span class='ocrx_word' id='word_1_477' title='bbox 2554 2481 2680 2541; x_wconf 81' lang='grc' dir='ltr'><strong>τοὺς</strong></span> <span class='ocrx_word' id='word_1_478' title='bbox 2709 2479 2765 2544; x_wconf 79' lang='grc' dir='ltr'><strong>ἐξ</strong></span> <span class='ocrx_word' id='word_1_479' title='bbox 2785 2476 2924 2548; x_wconf 78' lang='grc' dir='ltr'><strong>ἑῴας</strong></span> <span class='ocrx_word' id='word_1_480' title='bbox 2948 2477 3028 2540; x_wconf 89' lang='grc' dir='ltr'><strong>είς</strong></span> <span class='ocrx_word' id='word_1_481' title='bbox 3050 2474 3287 2544; x_wconf 76' lang='grc' dir='ltr'><strong>ἑσπέραν</strong></span> <span class='ocrx_word' id='word_1_482' title='bbox 3314 2475 3547 2543; x_wconf 76' lang='grc' dir='ltr'><strong>ἥκοντας</strong></span> <span class='ocrx_word' id='word_1_483' title='bbox 3572 2475 3701 2526; x_wconf 85' lang='grc' dir='ltr'><strong>ἐπι-</strong></span> 
     </span>
    </p>
   </div>
   <div class='ocr_carea' id='block_1_70' title="bbox 2130 2565 3700 2640">
    <p class='ocr_par' dir='ltr' id='par_1_70' title="bbox 2130 2565 3700 2640">
     <span class='ocr_line' id='line_1_70' title="bbox 2130 2565 3700 2640; baseline -0.004 -15"><span class='ocrx_word' id='word_1_484' title='bbox 2130 2575 2369 2635; x_wconf 86' lang='grc' dir='ltr'><strong>σκόπους</strong></span> <span class='ocrx_word' id='word_1_485' title='bbox 2419 2569 2800 2640; x_wconf 67' lang='grc' dir='ltr'><strong>ἀπεκήρυξεν*</strong></span> <span class='ocrx_word' id='word_1_486' title='bbox 2851 2569 2912 2620; x_wconf 84' lang='grc' dir='ltr'><strong>ού</strong></span> <span class='ocrx_word' id='word_1_487' title='bbox 2943 2567 3172 2629; x_wconf 81' lang='grc' dir='ltr'><strong>τούτους</strong></span> <span class='ocrx_word' id='word_1_488' title='bbox 3205 2566 3264 2620; x_wconf 81' lang='grc' dir='ltr'><strong>δὲ</strong></span> <span class='ocrx_word' id='word_1_489' title='bbox 3298 2565 3520 2636; x_wconf 86' lang='grc' dir='ltr'><strong>μόνους,</strong></span> <span class='ocrx_word' id='word_1_490' title='bbox 3547 2565 3700 2619; x_wconf 84' lang='grc' dir='ltr'><strong>ἀλλά</strong></span> 
     </span>
    </p>
   </div>
   <div class='ocr_carea' id='block_1_71' title="bbox 2129 2659 3700 2734">
    <p class='ocr_par' dir='ltr' id='par_1_71' title="bbox 2129 2659 3700 2734">
     <span class='ocr_line' id='line_1_71' title="bbox 2129 2659 3700 2734; baseline -0.008 -14"><span class='ocrx_word' id='word_1_491' title='bbox 2129 2667 2223 2720; x_wconf 72' lang='grc' dir='ltr'><strong>καὶ</strong></span> <span class='ocrx_word' id='word_1_492' title='bbox 2248 2665 2571 2734; x_wconf 85' lang='grc' dir='ltr'><strong>Πρωτογένη</strong></span> <span class='ocrx_word' id='word_1_493' title='bbox 2597 2663 2687 2718; x_wconf 74' lang='grc' dir='ltr'><strong>τὸν</strong></span> <span class='ocrx_word' id='word_1_494' title='bbox 2717 2662 3006 2731; x_wconf 80' lang='grc' dir='ltr'><strong>Σαρδικῆς,</strong></span> <span class='ocrx_word' id='word_1_495' title='bbox 3033 2661 3126 2713; x_wconf 70' lang='grc' dir='ltr'><strong>καὶ</strong></span> <span class='ocrx_word' id='word_1_496' title='bbox 3158 2659 3507 2720; x_wconf 83' lang='grc' dir='ltr'><strong>Γαυδέντιον,</strong></span> <span class='ocrx_word' id='word_1_497' title='bbox 3536 2661 3700 2728; x_wconf 81' lang='grc' dir='ltr'><strong>Πρω.</strong></span> 
     </span>
    </p>
   </div>
   <div class='ocr_carea' id='block_1_72' title="bbox 2129 2750 3702 2828">
    <p class='ocr_par' dir='ltr' id='par_1_72' title="bbox 2129 2750 3702 2828">
     <span class='ocr_line' id='line_1_72' title="bbox 2129 2750 3702 2828; baseline -0.004 -17"><span class='ocrx_word' id='word_1_498' title='bbox 2129 2757 2361 2828; x_wconf 87' lang='grc' dir='ltr'><strong>τογένην</strong></span> <span class='ocrx_word' id='word_1_499' title='bbox 2389 2758 2509 2826; x_wconf 87' lang='grc' dir='ltr'><strong>μέν,</strong></span> <span class='ocrx_word' id='word_1_500' title='bbox 2533 2755 2607 2818; x_wconf 84' lang='grc' dir='ltr'><strong>ὼς</strong></span> <span class='ocrx_word' id='word_1_501' title='bbox 2633 2753 3025 2825; x_wconf 81' lang='grc' dir='ltr'><strong>συναιρόμενον</strong></span> <span class='ocrx_word' id='word_1_502' title='bbox 3049 2751 3362 2821; x_wconf 77' lang='grc' dir='ltr'><strong>Μαρκέλλῳ</strong></span> <span class='ocrx_word' id='word_1_503' title='bbox 3387 2750 3464 2820; x_wconf 83' lang='grc' dir='ltr'><strong>τῷ</strong></span> <span class='ocrx_word' id='word_1_504' title='bbox 3497 2750 3702 2817; x_wconf 83' lang='grc' dir='ltr'><strong>Ἀγκύ-</strong></span> 
     </span>
    </p>
   </div>
   <div class='ocr_carea' id='block_1_73' title="bbox 2135 2842 3701 2918">
    <p class='ocr_par' dir='ltr' id='par_1_73' title="bbox 2135 2842 3701 2918">
     <span class='ocr_line' id='line_1_73' title="bbox 2135 2842 3701 2918; baseline -0.005 -18"><span class='ocrx_word' id='word_1_505' title='bbox 2135 2864 2256 2918; x_wconf 77' lang='grc' dir='ltr'><strong>ρας,</strong></span> <span class='ocrx_word' id='word_1_506' title='bbox 2287 2846 2347 2899; x_wconf 81' lang='grc' dir='ltr'><strong>οὗ</strong></span> <span class='ocrx_word' id='word_1_507' title='bbox 2408 2843 2828 2916; x_wconf 77' lang='grc' dir='ltr'><strong>κατεψηφίσατο</strong></span> <span class='ocrx_word' id='word_1_508' title='bbox 2887 2843 3186 2918; x_wconf 60' lang='grc' dir='ltr'><strong>πρότερον</strong></span> <span class='ocrx_word' id='word_1_509' title='bbox 3233 2842 3326 2896; x_wconf 78' lang='grc' dir='ltr'><strong>τὸν</strong></span> <span class='ocrx_word' id='word_1_510' title='bbox 3353 2842 3432 2906; x_wconf 91' lang='grc' dir='ltr'><strong>δέ,</strong></span> <span class='ocrx_word' id='word_1_511' title='bbox 3471 2843 3546 2905; x_wconf 84' lang='grc' dir='ltr'><strong>ὡς</strong></span> <span class='ocrx_word' id='word_1_512' title='bbox 3567 2842 3701 2905; x_wconf 76' lang='grc' dir='ltr'><strong>τοὺς</strong></span> 
     </span>
    </p>
   </div>
   <div class='ocr_carea' id='block_1_74' title="bbox 2133 2935 3700 3010">
    <p class='ocr_par' dir='ltr' id='par_1_74' title="bbox 2133 2935 3700 3010">
     <span class='ocr_line' id='line_1_74' title="bbox 2133 2935 3700 3010; baseline -0.004 -16"><span class='ocrx_word' id='word_1_513' title='bbox 2133 2941 2268 3010; x_wconf 77' lang='grc' dir='ltr'><strong>πρὸς</strong></span> <span class='ocrx_word' id='word_1_514' title='bbox 2299 2940 2482 2994; x_wconf 81' lang='grc' dir='ltr'><strong>αὐτῶν</strong></span> <span class='ocrx_word' id='word_1_515' title='bbox 2505 2937 2946 3008; x_wconf 80' lang='grc' dir='ltr'><strong>καθαιρεθέντας</strong></span> <span class='ocrx_word' id='word_1_516' title='bbox 2973 2935 3175 3005; x_wconf 81' lang='grc' dir='ltr'><strong>πολλῆς</strong></span> <span class='ocrx_word' id='word_1_517' title='bbox 3217 2935 3472 3001; x_wconf 79' lang='grc' dir='ltr'><strong>ἀξιοῦντα</strong></span> <span class='ocrx_word' id='word_1_518' title='bbox 3504 2938 3700 3006; x_wconf 77' lang='grc' dir='ltr'><strong>τιμῆς,</strong></span> 
     </span>
    </p>
   </div>
   <div class='ocr_carea' id='block_1_75' title="bbox 2134 3021 3704 3103">
    <p class='ocr_par' dir='ltr' id='par_1_75' title="bbox 2134 3021 3704 3103">
     <span class='ocr_line' id='line_1_75' title="bbox 2134 3021 3704 3103; baseline -0.004 -15"><span class='ocrx_word' id='word_1_519' title='bbox 2134 3035 2229 3088; x_wconf 59' lang='grc' dir='ltr'><strong>καὶ⁸</strong></span> <span class='ocrx_word' id='word_1_520' title='bbox 2257 3035 2450 3103; x_wconf 80' lang='grc' dir='ltr'><strong>ὅτιπερ</strong></span> <span class='ocrx_word' id='word_1_521' title='bbox 2485 3032 2748 3086; x_wconf 87' lang='grc' dir='ltr'><strong>τάναντία</strong></span> <span class='ocrx_word' id='word_1_522' title='bbox 2777 3030 3000 3101; x_wconf 81' lang='grc' dir='ltr'><strong>ἐφρόνει</strong></span> <span class='ocrx_word' id='word_1_523' title='bbox 3036 3029 3325 3101; x_wconf 80' lang='grc' dir='ltr'><strong>Κυριακῷ,</strong></span> <span class='ocrx_word' id='word_1_524' title='bbox 3362 3021 3424 3082; x_wconf 78' lang='grc' dir='ltr'><strong>ού</strong></span> <span class='ocrx_word' id='word_1_525' title='bbox 3456 3027 3704 3098; x_wconf 84' lang='grc' dir='ltr'><strong>διάδοχος</strong></span> 
     </span>
    </p>
   </div>
   <div class='ocr_carea' id='block_1_76' title="bbox 2132 3120 3703 3196">
    <p class='ocr_par' dir='ltr' id='par_1_76' title="bbox 2132 3120 3703 3196">
     <span class='ocr_line' id='line_1_76' title="bbox 2132 3120 3703 3196; baseline 0 -20"><span class='ocrx_word' id='word_1_526' title='bbox 2132 3120 2220 3196; x_wconf 78' lang='grc' dir='ltr'><strong>ἦν.</strong></span> <span class='ocrx_word' id='word_1_527' title='bbox 2256 3126 2392 3195; x_wconf 75' lang='grc' dir='ltr'><strong>Περὶ</strong></span> <span class='ocrx_word' id='word_1_528' title='bbox 2412 3123 2468 3177; x_wconf 85' lang='grc' dir='ltr'><strong>δέ</strong></span> <span class='ocrx_word' id='word_1_529' title='bbox 2493 3125 2730 3186; x_wconf 88' lang='grc' dir='ltr'><strong>πίστεως</strong></span> <span class='ocrx_word' id='word_1_530' title='bbox 2758 3123 2819 3175; x_wconf 83' lang='grc' dir='ltr'><strong>τὸ</strong></span> <span class='ocrx_word' id='word_1_531' title='bbox 2851 3122 2951 3192; x_wconf 77' lang='grc' dir='ltr'><strong>μὲν</strong></span> <span class='ocrx_word' id='word_1_532' title='bbox 2981 3122 3270 3192; x_wconf 85' lang='grc' dir='ltr'><strong>όμοούσιον</strong></span> <span class='ocrx_word' id='word_1_533' title='bbox 3304 3120 3703 3176; x_wconf 83' lang='grc' dir='ltr'><strong>ἀπελαύνουσι·</strong></span> 
     </span>
    </p>
   </div>
   <div class='ocr_carea' id='block_1_77' title="bbox 2133 3213 3707 3287">
    <p class='ocr_par' dir='ltr' id='par_1_77' title="bbox 2133 3213 3707 3287">
     <span class='ocr_line' id='line_1_77' title="bbox 2133 3213 3707 3287; baseline -0.003 -16"><span class='ocrx_word' id='word_1_534' title='bbox 2133 3224 2232 3287; x_wconf 77' lang='grc' dir='ltr'><strong>τὴν</strong></span> <span class='ocrx_word' id='word_1_535' title='bbox 2261 3216 2318 3269; x_wconf 75' lang='grc' dir='ltr'><strong>δὲ</strong></span> <span class='ocrx_word' id='word_1_536' title='bbox 2356 3216 2450 3270; x_wconf 80' lang='grc' dir='ltr'><strong>τοῦ</strong></span> <span class='ocrx_word' id='word_1_537' title='bbox 2485 3215 2744 3286; x_wconf 79' lang='grc' dir='ltr'><strong>ἀνομοίου</strong></span> <span class='ocrx_word' id='word_1_538' title='bbox 2767 3214 2925 3281; x_wconf 81' lang='grc' dir='ltr'><strong>δόξαν</strong></span> <span class='ocrx_word' id='word_1_539' title='bbox 2952 3213 3236 3284; x_wconf 81' lang='grc' dir='ltr'><strong>πανταχοῦ</strong></span> <span class='ocrx_word' id='word_1_540' title='bbox 3256 3214 3562 3283; x_wconf 76' lang='grc' dir='ltr'><strong>γράφοντες</strong></span> <span class='ocrx_word' id='word_1_541' title='bbox 3585 3213 3707 3267; x_wconf 82' lang='grc' dir='ltr'><strong>δια-</strong></span> 
     </span>
    </p>
   </div>
   <div class='ocr_carea' id='block_1_78' title="bbox 2133 3302 3705 3381">
    <p class='ocr_par' dir='ltr' id='par_1_78' title="bbox 2133 3302 3705 3381">
     <span class='ocr_line' id='line_1_78' title="bbox 2133 3302 3705 3381; baseline -0.003 -20"><span class='ocrx_word' id='word_1_542' title='bbox 2133 3309 2444 3376; x_wconf 83' lang='grc' dir='ltr'><strong>πέμπουσιν</strong></span> <span class='ocrx_word' id='word_1_543' title='bbox 2464 3324 2478 3338; x_wconf 81' lang='grc'><em>’</em></span> <span class='ocrx_word' id='word_1_544' title='bbox 2521 3308 2579 3359; x_wconf 84' lang='grc' dir='ltr'><strong>ἐν</strong></span> <span class='ocrx_word' id='word_1_545' title='bbox 2691 3307 2785 3368; x_wconf 77' lang='grc' dir='ltr'><strong>καὶ</strong></span> <span class='ocrx_word' id='word_1_546' title='bbox 2815 3309 2928 3369; x_wconf 82' lang='grc' dir='ltr'><strong>τοῖς</strong></span> <span class='ocrx_word' id='word_1_547' title='bbox 2955 3304 3100 3380; x_wconf 76' lang='grc' dir='ltr'><strong>κατά</strong></span> <span class='ocrx_word' id='word_1_548' title='bbox 3132 3307 3316 3376; x_wconf 80' lang='grc' dir='ltr'><strong>χώραν</strong></span> <span class='ocrx_word' id='word_1_549' title='bbox 3346 3305 3589 3375; x_wconf 78' lang='grc' dir='ltr'><strong>ἔγραφον</strong></span> <span class='ocrx_word' id='word_1_550' title='bbox 3621 3303 3705 3374; x_wconf 82' lang='grc' dir='ltr'><strong>μὴ</strong></span> 
     </span>
    </p>
   </div>
   <div class='ocr_carea' id='block_1_79' title="bbox 2133 3394 3708 3466">
    <p class='ocr_par' dir='ltr' id='par_1_79' title="bbox 2133 3394 3708 3466">
     <span class='ocr_line' id='line_1_79' title="bbox 2133 3394 3708 3466; baseline -0.003 -16"><span class='ocrx_word' id='word_1_551' title='bbox 2133 3399 2213 3460; x_wconf 86' lang='grc' dir='ltr'><strong>είς</strong></span> <span class='ocrx_word' id='word_1_552' title='bbox 2240 3395 2527 3451; x_wconf 86' lang='grc' dir='ltr'><strong>κοινωνίαν</strong></span> <span class='ocrx_word' id='word_1_553' title='bbox 2553 3397 2806 3465; x_wconf 84' lang='grc' dir='ltr'><strong>δέχεσθαι</strong></span> <span class='ocrx_word' id='word_1_554' title='bbox 2832 3401 2926 3451; x_wconf 72' lang='grc' dir='ltr'><strong>καὶ</strong></span> <span class='ocrx_word' id='word_1_555' title='bbox 2946 3395 3038 3459; x_wconf 81' lang='grc' dir='ltr'><strong>οὓς</strong></span> <span class='ocrx_word' id='word_1_556' title='bbox 3064 3397 3267 3466; x_wconf 73' lang='grc' dir='ltr'><strong>ἀρτίως</strong></span> <span class='ocrx_word' id='word_1_557' title='bbox 3289 3394 3708 3464; x_wconf 76' lang='grc' dir='ltr'><strong>κατεψηφίσανο</strong></span> 
     </span>
    </p>
   </div>
   <div class='ocr_carea' id='block_1_80' title="bbox 2133 3477 3707 3551">
    <p class='ocr_par' dir='ltr' id='par_1_80' title="bbox 2133 3477 3707 3551">
     <span class='ocr_line' id='line_1_80' title="bbox 2133 3477 3707 3551; baseline -0.003 -17"><span class='ocrx_word' id='word_1_558' title='bbox 2133 3499 2194 3534; x_wconf 88' lang='grc' dir='ltr'><strong>το</strong></span> <span class='ocrx_word' id='word_1_559' title='bbox 2215 3499 2228 3512; x_wconf 78' lang='grc' dir='ltr'><strong>ο</strong></span> <span class='ocrx_word' id='word_1_560' title='bbox 2266 3482 2403 3534; x_wconf 89' lang='grc' dir='ltr'><strong>ἀλλά</strong></span> <span class='ocrx_word' id='word_1_561' title='bbox 2451 3481 2588 3551; x_wconf 85' lang='grc' dir='ltr'><strong>μηδὲ</strong></span> <span class='ocrx_word' id='word_1_562' title='bbox 2636 3479 2986 3550; x_wconf 86' lang='grc' dir='ltr'><strong>γραμμάτων</strong></span> <span class='ocrx_word' id='word_1_563' title='bbox 3016 3479 3214 3540; x_wconf 79' lang='grc' dir='ltr'><strong>αὐτοὺς</strong></span> <span class='ocrx_word' id='word_1_564' title='bbox 3243 3477 3449 3545; x_wconf 75' lang='grc' dir='ltr'><strong>ἀξιοῦν.</strong></span> <span class='ocrx_word' id='word_1_565' title='bbox 3481 3477 3707 3546; x_wconf 85' lang='grc' dir='ltr'><strong>’Έτεροι</strong></span> 
     </span>
    </p>
   </div>
   <div class='ocr_carea' id='block_1_81' title="bbox 2134 3569 3708 3644">
    <p class='ocr_par' dir='ltr' id='par_1_81' title="bbox 2134 3569 3708 3644">
     <span class='ocr_line' id='line_1_81' title="bbox 2134 3569 3708 3644; baseline -0.003 -19"><span class='ocrx_word' id='word_1_566' title='bbox 2134 3574 2189 3626; x_wconf 87' lang='grc' dir='ltr'><strong>δέ</strong></span> <span class='ocrx_word' id='word_1_567' title='bbox 2231 3591 2417 3644; x_wconf 85' lang='grc' dir='ltr'><strong>φασιν,</strong></span> <span class='ocrx_word' id='word_1_568' title='bbox 2455 3575 2537 3625; x_wconf 81' lang='grc' dir='ltr'><strong>ὅτι</strong></span> <span class='ocrx_word' id='word_1_569' title='bbox 2577 3574 2711 3643; x_wconf 73' lang='grc' dir='ltr'><strong>περὶ</strong></span> <span class='ocrx_word' id='word_1_570' title='bbox 2737 3571 2976 3633; x_wconf 85' lang='grc' dir='ltr'><strong>πίστεως</strong></span> <span class='ocrx_word' id='word_1_571' title='bbox 3027 3569 3171 3624; x_wconf 88' lang='grc' dir='ltr'><strong>κατά</strong></span> <span class='ocrx_word' id='word_1_572' title='bbox 3203 3569 3298 3640; x_wconf 80' lang='grc' dir='ltr'><strong>τὴν</strong></span> <span class='ocrx_word' id='word_1_573' title='bbox 3321 3569 3708 3636; x_wconf 81' lang='grc' dir='ltr'><strong>ὑποτεταγμέ-</strong></span> 
     </span>
    </p>
   </div>
   <div class='ocr_carea' id='block_1_82' title="bbox 2135 3653 3709 3736">
    <p class='ocr_par' dir='ltr' id='par_1_82' title="bbox 2135 3653 3709 3736">
     <span class='ocr_line' id='line_1_82' title="bbox 2135 3653 3709 3736; baseline -0.001 -21"><span class='ocrx_word' id='word_1_574' title='bbox 2135 3681 2232 3733; x_wconf 88' lang='grc' dir='ltr'><strong>νην</strong></span> <span class='ocrx_word' id='word_1_575' title='bbox 2262 3665 2477 3736; x_wconf 76' lang='grc' dir='ltr'><strong>μακρὰν</strong></span> <span class='ocrx_word' id='word_1_576' title='bbox 2498 3663 2716 3717; x_wconf 75' lang='grc' dir='ltr'><strong>ἔκθεσιν</strong></span> <span class='ocrx_word' id='word_1_577' title='bbox 2743 3661 3022 3715; x_wconf 84' lang='grc' dir='ltr'><strong>πιστεύειν</strong></span> <span class='ocrx_word' id='word_1_578' title='bbox 3045 3661 3299 3716; x_wconf 78' lang='grc' dir='ltr'><strong>ἐκέλευον</strong></span> <span class='ocrx_word' id='word_1_579' title='bbox 3323 3676 3337 3691; x_wconf 89' lang='grc'><strong>·</strong></span> <span class='ocrx_word' id='word_1_580' title='bbox 3361 3661 3420 3714; x_wconf 82' lang='grc' dir='ltr'><strong>ὲν</strong></span> <span class='ocrx_word' id='word_1_581' title='bbox 3505 3662 3709 3730; x_wconf 80' lang='grc' dir='ltr'><strong>ὁμοουο</strong></span> 
     </span>
    </p>
   </div>
   <div class='ocr_carea' id='block_1_83' title="bbox 2137 3751 3707 3825">
    <p class='ocr_par' dir='ltr' id='par_1_83' title="bbox 2137 3751 3707 3825">
     <span class='ocr_line' id='line_1_83' title="bbox 2137 3751 3707 3825; baseline -0.001 -17"><span class='ocrx_word' id='word_1_582' title='bbox 2137 3756 2253 3809; x_wconf 88' lang='grc' dir='ltr'><strong>σίου</strong></span> <span class='ocrx_word' id='word_1_583' title='bbox 2283 3755 2382 3825; x_wconf 75' lang='grc' dir='ltr'><strong>μὲν</strong></span> <span class='ocrx_word' id='word_1_584' title='bbox 2409 3755 2662 3824; x_wconf 82' lang='grc' dir='ltr'><strong>οὐδαμῶς</strong></span> <span class='ocrx_word' id='word_1_585' title='bbox 2700 3753 2891 3825; x_wconf 84' lang='grc' dir='ltr'><strong>μνείαν</strong></span> <span class='ocrx_word' id='word_1_586' title='bbox 2923 3752 3242 3822; x_wconf 85' lang='grc' dir='ltr'><strong>πεποίηντο,</strong></span> <span class='ocrx_word' id='word_1_587' title='bbox 3275 3753 3385 3807; x_wconf 84' lang='grc' dir='ltr'><strong>τῶν</strong></span> <span class='ocrx_word' id='word_1_588' title='bbox 3413 3752 3470 3805; x_wconf 73' lang='grc' dir='ltr'><strong>δὲ</strong></span> <span class='ocrx_word' id='word_1_589' title='bbox 3510 3751 3707 3819; x_wconf 88' lang='grc' dir='ltr'><strong>λεγόν-</strong></span> 
     </span>
    </p>
   </div>
   <div class='ocr_carea' id='block_1_84' title="bbox 2135 3838 3704 3917">
    <p class='ocr_par' dir='ltr' id='par_1_84' title="bbox 2135 3838 3704 3917">
     <span class='ocr_line' id='line_1_84' title="bbox 2135 3838 3704 3917; baseline -0.002 -18"><span class='ocrx_word' id='word_1_590' title='bbox 2135 3863 2243 3899; x_wconf 89' lang='grc' dir='ltr'><strong>των</strong></span> <span class='ocrx_word' id='word_1_591' title='bbox 2271 3845 2422 3916; x_wconf 86' lang='grc' dir='ltr'><strong>τρεῖς</strong></span> <span class='ocrx_word' id='word_1_592' title='bbox 2449 3841 2592 3900; x_wconf 73' lang='grc' dir='ltr'><strong>εἶναι</strong></span> <span class='ocrx_word' id='word_1_593' title='bbox 2619 3847 2809 3910; x_wconf 76' lang='grc' dir='ltr'><strong>Θεοὺς,</strong></span> <span class='ocrx_word' id='word_1_594' title='bbox 2835 3845 2870 3913; x_wconf 85' lang='grc' dir='ltr'>ἢ</span> <span class='ocrx_word' id='word_1_595' title='bbox 2901 3845 2992 3898; x_wconf 88' lang='grc' dir='ltr'><strong>τδν</strong></span> <span class='ocrx_word' id='word_1_596' title='bbox 3010 3845 3249 3917; x_wconf 77' lang='grc' dir='ltr'><strong>Χριστὸν</strong></span> <span class='ocrx_word' id='word_1_597' title='bbox 3271 3845 3346 3916; x_wconf 78' lang='grc' dir='ltr'><strong>μὴ</strong></span> <span class='ocrx_word' id='word_1_598' title='bbox 3377 3838 3519 3898; x_wconf 74' lang='grc' dir='ltr'><strong>εἶναι</strong></span> <span class='ocrx_word' id='word_1_599' title='bbox 3545 3844 3704 3908; x_wconf 79' lang='grc' dir='ltr'><strong>Θεὸν,</strong></span> 
     </span>
    </p>
   </div>
   <div class='ocr_carea' id='block_1_85' title="bbox 2137 3930 3707 4007">
    <p class='ocr_par' dir='ltr' id='par_1_85' title="bbox 2137 3930 3707 4007">
     <span class='ocr_line' id='line_1_85' title="bbox 2137 3930 3707 4007; baseline -0.001 -19"><span class='ocrx_word' id='word_1_600' title='bbox 2137 3937 2168 4007; x_wconf 79' lang='grc' dir='ltr'>ἢ</span> <span class='ocrx_word' id='word_1_601' title='bbox 2201 3939 2294 3989; x_wconf 80' lang='grc' dir='ltr'><strong>τὸν</strong></span> <span class='ocrx_word' id='word_1_602' title='bbox 2330 3938 2492 3990; x_wconf 80' lang='grc' dir='ltr'><strong>αὐτὸν</strong></span> <span class='ocrx_word' id='word_1_603' title='bbox 2522 3933 2665 3990; x_wconf 74' lang='grc' dir='ltr'><strong>εἶναι</strong></span> <span class='ocrx_word' id='word_1_604' title='bbox 2702 3936 2923 4007; x_wconf 84' lang='grc' dir='ltr'><strong>Πατέρα</strong></span> <span class='ocrx_word' id='word_1_605' title='bbox 2953 3937 3051 3990; x_wconf 75' lang='grc' dir='ltr'><strong>καὶ</strong></span> <span class='ocrx_word' id='word_1_606' title='bbox 3077 3937 3204 3990; x_wconf 74' lang='grc' dir='ltr'><strong>Υίδν</strong></span> <span class='ocrx_word' id='word_1_607' title='bbox 3239 3937 3332 3989; x_wconf 69' lang='grc' dir='ltr'><strong>καὶ</strong></span> <span class='ocrx_word' id='word_1_608' title='bbox 3366 3930 3707 4003; x_wconf 76' lang='grc' dir='ltr'><strong>ἀγιονῐῐνεῦ-</strong></span> 
     </span>
    </p>
   </div>
   <div class='ocr_carea' id='block_1_86' title="bbox 2141 4023 3705 4102">
    <p class='ocr_par' dir='ltr' id='par_1_86' title="bbox 2141 4023 3705 4102">
     <span class='ocr_line' id='line_1_86' title="bbox 2141 4023 3705 4102; baseline -0.004 -18"><span class='ocrx_word' id='word_1_609' title='bbox 2141 4029 2292 4102; x_wconf 78' lang='grc' dir='ltr'><strong>μα,ἢ</strong></span> <span class='ocrx_word' id='word_1_610' title='bbox 2329 4030 2627 4098; x_wconf 83' lang='grc' dir='ltr'><strong>ἀγέννητον</strong></span> <span class='ocrx_word' id='word_1_611' title='bbox 2672 4031 2763 4080; x_wconf 68' lang='grc' dir='ltr'><strong>τὸν</strong></span> <span class='ocrx_word' id='word_1_612' title='bbox 2794 4029 2943 4092; x_wconf 63' lang='grc' dir='ltr'><strong>Υἱῖιν,</strong></span> <span class='ocrx_word' id='word_1_613' title='bbox 3001 4029 3036 4097; x_wconf 83' lang='grc' dir='ltr'>ἦ</span> <span class='ocrx_word' id='word_1_614' title='bbox 3067 4029 3148 4080; x_wconf 77' lang='grc' dir='ltr'><strong>ὅτι</strong></span> <span class='ocrx_word' id='word_1_615' title='bbox 3178 4023 3247 4099; x_wconf 77' lang='grc' dir='ltr'><strong>ἦν</strong></span> <span class='ocrx_word' id='word_1_616' title='bbox 3279 4044 3410 4079; x_wconf 84' lang='grc' dir='ltr'><strong>ποτε</strong></span> <span class='ocrx_word' id='word_1_617' title='bbox 3448 4027 3640 4098; x_wconf 83' lang='grc' dir='ltr'><strong>χρόνος</strong></span> <span class='ocrx_word' id='word_1_618' title='bbox 3671 4027 3705 4096; x_wconf 76' lang='grc' dir='ltr'>ἢ</span> 
     </span>
    </p>
   </div>
   <div class='ocr_carea' id='block_1_87' title="bbox 2138 4117 3708 4190">
    <p class='ocr_par' dir='ltr' id='par_1_87' title="bbox 2138 4117 3708 4190">
     <span class='ocr_line' id='line_1_87' title="bbox 2138 4117 3708 4190; baseline -0.002 -17"><span class='ocrx_word' id='word_1_619' title='bbox 2138 4121 2272 4174; x_wconf 80' lang='grc' dir='ltr'><strong>αἰὼν</strong></span> <span class='ocrx_word' id='word_1_620' title='bbox 2301 4124 2388 4174; x_wconf 79' lang='grc' dir='ltr'><strong>ὅτε</strong></span> <span class='ocrx_word' id='word_1_621' title='bbox 2422 4122 2521 4174; x_wconf 70' lang='grc' dir='ltr'><strong>οὐκ</strong></span> <span class='ocrx_word' id='word_1_622' title='bbox 2546 4117 2633 4190; x_wconf 72' lang='grc' dir='ltr'><strong>ἦν.</strong></span> <span class='ocrx_word' id='word_1_623' title='bbox 2669 4120 2910 4174; x_wconf 84' lang='grc' dir='ltr'><strong>Τοιαῦτα</strong></span> <span class='ocrx_word' id='word_1_624' title='bbox 2946 4121 3043 4189; x_wconf 76' lang='grc' dir='ltr'><strong>μὲν</strong></span> <span class='ocrx_word' id='word_1_625' title='bbox 3073 4121 3123 4171; x_wconf 80' lang='lat' dir='ltr'><strong>oi</strong></span> <span class='ocrx_word' id='word_1_626' title='bbox 3152 4119 3252 4188; x_wconf 84' lang='grc' dir='ltr'><strong>τῆς</strong></span> <span class='ocrx_word' id='word_1_627' title='bbox 3289 4120 3364 4172; x_wconf 69' lang='lat' dir='ltr'><strong>Em</strong></span> <span class='ocrx_word' id='word_1_628' title='bbox 3398 4119 3565 4188; x_wconf 77' lang='grc' dir='ltr'><strong>ἱερεῖς</strong></span> <span class='ocrx_word' id='word_1_629' title='bbox 3601 4119 3708 4170; x_wconf 66' lang='grc' dir='ltr'><strong>ἀνὰ</strong></span> 
     </span>
    </p>
   </div>
   <div class='ocr_carea' id='block_1_88' title="bbox 2140 4211 3708 4282">
    <p class='ocr_par' dir='ltr' id='par_1_88' title="bbox 2140 4211 3708 4282">
     <span class='ocr_line' id='line_1_88' title="bbox 2140 4211 3708 4282; baseline -0.002 -15"><span class='ocrx_word' id='word_1_630' title='bbox 2140 4215 2237 4282; x_wconf 82' lang='grc' dir='ltr'><strong>τὴν</strong></span> <span class='ocrx_word' id='word_1_631' title='bbox 2269 4213 2540 4265; x_wconf 79' lang='grc' dir='ltr'><strong>Φιλίππου</strong></span> <span class='ocrx_word' id='word_1_632' title='bbox 2581 4214 2679 4280; x_wconf 79' lang='grc' dir='ltr'><strong>τῆς</strong></span> <span class='ocrx_word' id='word_1_633' title='bbox 2717 4213 2941 4282; x_wconf 80' lang='grc' dir='ltr'><strong>Θρᾴκης</strong></span> <span class='ocrx_word' id='word_1_634' title='bbox 2998 4213 3282 4280; x_wconf 82' lang='grc' dir='ltr'><strong>γενόμενοι</strong></span> <span class='ocrx_word' id='word_1_635' title='bbox 3313 4211 3483 4280; x_wconf 79' lang='grc' dir='ltr'><strong>ἔδρων</strong></span> <span class='ocrx_word' id='word_1_636' title='bbox 3509 4227 3523 4240; x_wconf 76' lang='grc' dir='ltr'><strong>ο</strong></span> <span class='ocrx_word' id='word_1_637' title='bbox 3584 4214 3632 4261; x_wconf 77' lang='grc' dir='ltr'><strong>οἱ</strong></span> <span class='ocrx_word' id='word_1_638' title='bbox 3663 4211 3708 4264; x_wconf 86' lang='grc' dir='ltr'><strong>δ’</strong></span> 
     </span>
    </p>
   </div>
   <div class='ocr_carea' id='block_1_89' title="bbox 2141 4302 3711 4376">
    <p class='ocr_par' dir='ltr' id='par_1_89' title="bbox 2141 4302 3711 4376">
     <span class='ocr_line' id='line_1_89' title="bbox 2141 4302 3711 4376; baseline -0.005 -15"><span class='ocrx_word' id='word_1_639' title='bbox 2141 4308 2282 4376; x_wconf 75' lang='grc' dir='ltr'><strong>ἀμφὶ</strong></span> <span class='ocrx_word' id='word_1_640' title='bbox 2321 4305 2410 4358; x_wconf 76' lang='grc' dir='ltr'><strong>τδν</strong></span> <span class='ocrx_word' id='word_1_641' title='bbox 2447 4305 2635 4358; x_wconf 86' lang='grc' dir='ltr'><strong>Ὄσιον</strong></span> <span class='ocrx_word' id='word_1_642' title='bbox 2668 4305 2798 4374; x_wconf 82' lang='grc' dir='ltr'><strong>περὶ</strong></span> <span class='ocrx_word' id='word_1_643' title='bbox 2827 4304 3097 4374; x_wconf 79' lang='grc' dir='ltr'><strong>Σαρδικὴν</strong></span> <span class='ocrx_word' id='word_1_644' title='bbox 3128 4302 3322 4372; x_wconf 80' lang='grc' dir='ltr'><strong>πρῶτα</strong></span> <span class='ocrx_word' id='word_1_645' title='bbox 3357 4303 3454 4371; x_wconf 75' lang='grc' dir='ltr'><strong>μὲν</strong></span> <span class='ocrx_word' id='word_1_646' title='bbox 3493 4304 3711 4372; x_wconf 74' lang='grc' dir='ltr'><strong>ἐρήμην</strong></span> 
     </span>
    </p>
   </div>
   <div class='ocr_carea' id='block_1_90' title="bbox 463 4388 2027 4476">
    <p class='ocr_par' dir='ltr' id='par_1_90' title="bbox 463 4388 2027 4462">
     <span class='ocr_line' id='line_1_90' title="bbox 463 4388 2027 4462; baseline -0.003 -12"><span class='ocrx_word' id='word_1_647' title='bbox 463 4399 696 4450; x_wconf 61' lang='lat' dir='ltr'><strong>stionem</strong></span> <span class='ocrx_word' id='word_1_648' title='bbox 738 4393 1074 4462; x_wconf 86' lang='lat' dir='ltr'><strong>reciperent,</strong></span> <span class='ocrx_word' id='word_1_649' title='bbox 1105 4389 1192 4444; x_wconf 82' lang='lat' dir='ltr'><strong>vei</strong></span> <span class='ocrx_word' id='word_1_650' title='bbox 1226 4389 1426 4443; x_wconf 90' lang='lat' dir='ltr'><strong>litteris</strong></span> <span class='ocrx_word' id='word_1_651' title='bbox 1457 4388 1624 4444; x_wconf 84' lang='lat' dir='ltr'><strong>etiam</strong></span> <span class='ocrx_word' id='word_1_652' title='bbox 1660 4388 2027 4456; x_wconf 77' lang='lat' dir='ltr'><strong>dignarentur.</strong></span> 
     </span>
    </p>
   </div>
   <div class='ocr_carea' id='block_1_91' title="bbox 2130 4388 3714 4476">
    <p class='ocr_par' dir='ltr' id='par_1_91' title="bbox 2141 4394 3714 4467">
     <span class='ocr_line' id='line_1_91' title="bbox 2141 4394 3714 4467; baseline -0.002 -16"><span class='ocrx_word' id='word_1_653' title='bbox 2141 4399 2348 4451; x_wconf 79' lang='grc' dir='ltr'><strong>τούτων</strong></span> <span class='ocrx_word' id='word_1_654' title='bbox 2380 4397 2858 4467; x_wconf 67' lang='grc' dir='ltr'><strong>κατεψηφίσαντο*</strong></span> <span class='ocrx_word' id='word_1_655' title='bbox 2887 4396 3141 4460; x_wconf 80' lang='grc' dir='ltr'><strong>ἐδέξαντο</strong></span> <span class='ocrx_word' id='word_1_656' title='bbox 3193 4397 3292 4464; x_wconf 75' lang='grc' dir='ltr'><strong>μὲν</strong></span> <span class='ocrx_word' id='word_1_657' title='bbox 3344 4397 3452 4464; x_wconf 80' lang='grc' dir='ltr'><strong>γὰρ</strong></span> <span class='ocrx_word' id='word_1_658' title='bbox 3478 4394 3714 4448; x_wconf 83' lang='grc' dir='ltr'><strong>Ἀθανά-</strong></span> 
     </span>
    </p>
   </div>
   <div class='ocr_carea' id='block_1_92' title="bbox 463 4479 2037 4553">
    <p class='ocr_par' dir='ltr' id='par_1_92' title="bbox 463 4479 2037 4553">
     <span class='ocr_line' id='line_1_92' title="bbox 463 4479 2037 4553; baseline -0.004 -11"><span class='ocrx_word' id='word_1_659' title='bbox 463 4488 574 4543; x_wconf 61' lang='lat' dir='ltr'><strong>alii</strong></span> <span class='ocrx_word' id='word_1_660' title='bbox 620 4496 803 4539; x_wconf 89' lang='lat' dir='ltr'><strong>autem</strong></span> <span class='ocrx_word' id='word_1_661' title='bbox 849 4483 1064 4546; x_wconf 89' lang='lat' dir='ltr'><strong>dicunt,</strong></span> <span class='ocrx_word' id='word_1_662' title='bbox 1097 4494 1196 4536; x_wconf 77' lang='lat' dir='ltr'><strong>eos</strong></span> <span class='ocrx_word' id='word_1_663' title='bbox 1227 4480 1296 4536; x_wconf 88' lang='lat' dir='ltr'><strong>de</strong></span> <span class='ocrx_word' id='word_1_664' title='bbox 1329 4479 1456 4544; x_wconf 90' lang='lat' dir='ltr'><strong>fide,</strong></span> <span class='ocrx_word' id='word_1_665' title='bbox 1482 4480 1638 4553; x_wconf 80' lang='lat' dir='ltr'><strong>juxta</strong></span> <span class='ocrx_word' id='word_1_666' title='bbox 1684 4480 2037 4550; x_wconf 78' lang='lat' dir='ltr'><strong>prolixiorem</strong></span> 
     </span>
    </p>
   </div>
   <div class='ocr_carea' id='block_1_93' title="bbox 461 4570 2038 4649">
    <p class='ocr_par' dir='ltr' id='par_1_93' title="bbox 461 4570 2038 4649">
     <span class='ocr_line' id='line_1_93' title="bbox 461 4570 2038 4649; baseline -0.004 -18"><span class='ocrx_word' id='word_1_667' title='bbox 461 4593 633 4649; x_wconf 81' lang='lat' dir='ltr'><strong>quam</strong></span> <span class='ocrx_word' id='word_1_668' title='bbox 667 4575 1036 4646; x_wconf 73' lang='lat' dir='ltr'><strong>praemisimus</strong></span> <span class='ocrx_word' id='word_1_669' title='bbox 1068 4571 1381 4636; x_wconf 79' lang='lat' dir='ltr'><strong>formulam,</strong></span> <span class='ocrx_word' id='word_1_670' title='bbox 1413 4570 1644 4626; x_wconf 89' lang='lat' dir='ltr'><strong>credere</strong></span> <span class='ocrx_word' id='word_1_671' title='bbox 1672 4571 1901 4641; x_wconf 88' lang='lat' dir='ltr'><strong>jussisse</strong></span> <span class='ocrx_word' id='word_1_672' title='bbox 1935 4585 1952 4625; x_wconf 90' lang='lat'><strong>:</strong></span> <span class='ocrx_word' id='word_1_673' title='bbox 1985 4573 2038 4625; x_wconf 91' lang='lat' dir='ltr'><strong>in</strong></span> 
     </span>
    </p>
   </div>
   <div class='ocr_carea' id='block_1_94' title="bbox 458 4662 2040 4739">
    <p class='ocr_par' dir='ltr' id='par_1_94' title="bbox 458 4662 2040 4739">
     <span class='ocr_line' id='line_1_94' title="bbox 458 4662 2040 4739; baseline -0.003 -19"><span class='ocrx_word' id='word_1_674' title='bbox 458 4687 578 4739; x_wconf 74' lang='lat' dir='ltr'><strong>qua</strong></span> <span class='ocrx_word' id='word_1_675' title='bbox 629 4667 724 4721; x_wconf 84' lang='grc' dir='ltr'><strong>τοῦ</strong></span> <span class='ocrx_word' id='word_1_676' title='bbox 774 4666 1065 4738; x_wconf 84' lang='grc' dir='ltr'><strong>ὁμοουσίου</strong></span> <span class='ocrx_word' id='word_1_677' title='bbox 1116 4662 1603 4720; x_wconf 86' lang='lat' dir='ltr'><strong>consubstantialis</strong></span> <span class='ocrx_word' id='word_1_678' title='bbox 1657 4662 1830 4716; x_wconf 88' lang='lat' dir='ltr'><strong>verbo</strong></span> <span class='ocrx_word' id='word_1_679' title='bbox 1887 4663 2040 4716; x_wconf 89' lang='lat' dir='ltr'><strong>nullo</strong></span> 
     </span>
    </p>
   </div>
   <div class='ocr_carea' id='block_1_95' title="bbox 462 4753 2037 4822">
    <p class='ocr_par' dir='ltr' id='par_1_95' title="bbox 462 4753 2037 4822">
     <span class='ocr_line' id='line_1_95' title="bbox 462 4753 2037 4822; baseline -0.003 -10"><span class='ocrx_word' id='word_1_680' title='bbox 462 4760 811 4820; x_wconf 68' lang='lat' dir='ltr'><strong>aneininere;</strong></span> <span class='ocrx_word' id='word_1_681' title='bbox 849 4756 945 4810; x_wconf 85' lang='lat' dir='ltr'><strong>sed</strong></span> <span class='ocrx_word' id='word_1_682' title='bbox 979 4769 1170 4810; x_wconf 90' lang='lat' dir='ltr'><strong>eorum</strong></span> <span class='ocrx_word' id='word_1_683' title='bbox 1203 4764 1416 4809; x_wconf 90' lang='lat' dir='ltr'><strong>tantum</strong></span> <span class='ocrx_word' id='word_1_684' title='bbox 1449 4753 1545 4822; x_wconf 89' lang='lat' dir='ltr'><strong>qui</strong></span> <span class='ocrx_word' id='word_1_685' title='bbox 1589 4763 1702 4808; x_wconf 92' lang='lat' dir='ltr'><strong>tres</strong></span> <span class='ocrx_word' id='word_1_686' title='bbox 1737 4755 1866 4808; x_wconf 91' lang='lat' dir='ltr'><strong>deos</strong></span> <span class='ocrx_word' id='word_1_687' title='bbox 1895 4768 2037 4818; x_wconf 88' lang='lat' dir='ltr'><strong>esse,</strong></span> 
     </span>
    </p>
   </div>
   <div class='ocr_carea' id='block_1_96' title="bbox 459 4845 2041 4906">
    <p class='ocr_par' dir='ltr' id='par_1_96' title="bbox 459 4845 2041 4906">
     <span class='ocr_line' id='line_1_96' title="bbox 459 4845 2041 4906; baseline -0.003 -2"><span class='ocrx_word' id='word_1_688' title='bbox 459 4859 572 4904; x_wconf 64' lang='lat' dir='ltr'><strong>aut</strong></span> <span class='ocrx_word' id='word_1_689' title='bbox 614 4850 895 4902; x_wconf 69' lang='lat' dir='ltr'><strong>Christum</strong></span> <span class='ocrx_word' id='word_1_690' title='bbox 947 4863 1053 4900; x_wconf 91' lang='lat' dir='ltr'><strong>non</strong></span> <span class='ocrx_word' id='word_1_691' title='bbox 1103 4861 1222 4900; x_wconf 89' lang='lat' dir='ltr'><strong>esse</strong></span> <span class='ocrx_word' id='word_1_692' title='bbox 1251 4845 1445 4906; x_wconf 87' lang='lat' dir='ltr'><strong>Deum,</strong></span> <span class='ocrx_word' id='word_1_693' title='bbox 1479 4855 1574 4898; x_wconf 92' lang='lat' dir='ltr'><strong>aut</strong></span> <span class='ocrx_word' id='word_1_694' title='bbox 1621 4845 1876 4901; x_wconf 91' lang='lat' dir='ltr'><strong>eumdem</strong></span> <span class='ocrx_word' id='word_1_695' title='bbox 1919 4861 2041 4900; x_wconf 87' lang='lat' dir='ltr'><strong>esse</strong></span> 
     </span>
    </p>
   </div>
   <div class='ocr_carea' id='block_1_97' title="bbox 465 4938 2080 5008">
    <p class='ocr_par' dir='ltr' id='par_1_97' title="bbox 465 4938 2080 5008">
     <span class='ocr_line' id='line_1_97' title="bbox 465 4938 2080 5008; baseline -0.003 -11"><span class='ocrx_word' id='word_1_696' title='bbox 465 4944 693 4997; x_wconf 71' lang='lat' dir='ltr'><strong>Patrem</strong></span> <span class='ocrx_word' id='word_1_697' title='bbox 726 4951 776 4993; x_wconf 87' lang='lat' dir='ltr'><strong>et</strong></span> <span class='ocrx_word' id='word_1_698' title='bbox 811 4939 1013 4994; x_wconf 87' lang='lat' dir='ltr'><strong>Filium</strong></span> <span class='ocrx_word' id='word_1_699' title='bbox 1055 4939 1380 5007; x_wconf 79' lang='lat' dir='ltr'><strong>ingenitum,</strong></span> <span class='ocrx_word' id='word_1_700' title='bbox 1420 4949 1513 4991; x_wconf 88' lang='lat' dir='ltr'><strong>aut</strong></span> <span class='ocrx_word' id='word_1_701' title='bbox 1550 4938 1718 4993; x_wconf 85' lang='lat' dir='ltr'><strong>fuisse</strong></span> <span class='ocrx_word' id='word_1_702' title='bbox 1748 4939 2080 5008; x_wconf 89' lang='lat' dir='ltr'><strong>aliquando‘</strong></span> 
     </span>
    </p>
   </div>
   <div class='ocr_carea' id='block_1_98' title="bbox 477 5029 2040 5100">
    <p class='ocr_par' dir='ltr' id='par_1_98' title="bbox 477 5029 2040 5100">
     <span class='ocr_line' id='line_1_98' title="bbox 477 5029 2040 5100; baseline -0.002 -13"><span class='ocrx_word' id='word_1_703' title='bbox 477 5046 698 5100; x_wconf 82' lang='lat' dir='ltr'><strong>tempus</strong></span> <span class='ocrx_word' id='word_1_704' title='bbox 728 5038 822 5084; x_wconf 78' lang='lat' dir='ltr'><strong>aut</strong></span> <span class='ocrx_word' id='word_1_705' title='bbox 852 5031 1110 5084; x_wconf 66' lang='lat' dir='ltr'><strong>smeulum</strong></span> <span class='ocrx_word' id='word_1_706' title='bbox 1146 5045 1272 5084; x_wconf 88' lang='lat' dir='ltr'><strong>cum</strong></span> <span class='ocrx_word' id='word_1_707' title='bbox 1314 5031 1428 5098; x_wconf 88' lang='lat' dir='ltr'><strong>ipse</strong></span> <span class='ocrx_word' id='word_1_708' title='bbox 1465 5044 1574 5083; x_wconf 89' lang='lat' dir='ltr'><strong>non</strong></span> <span class='ocrx_word' id='word_1_709' title='bbox 1608 5029 1795 5094; x_wconf 86' lang='lat' dir='ltr'><strong>fuerit,</strong></span> <span class='ocrx_word' id='word_1_710' title='bbox 1830 5030 2040 5085; x_wconf 87' lang='lat' dir='ltr'><strong>dicunt.</strong></span> 
     </span>
    </p>
   </div>
   <div class='ocr_carea' id='block_1_99' title="bbox 468 5121 2044 5194">
    <p class='ocr_par' dir='ltr' id='par_1_99' title="bbox 468 5121 2044 5194">
     <span class='ocr_line' id='line_1_99' title="bbox 468 5121 2044 5194; baseline -0.001 -15"><span class='ocrx_word' id='word_1_711' title='bbox 468 5125 605 5179; x_wconf 61' lang='lat' dir='ltr'><strong>Haec</strong></span> <span class='ocrx_word' id='word_1_712' title='bbox 653 5123 874 5194; x_wconf 92' lang='lat' dir='ltr'><strong>quidem</strong></span> <span class='ocrx_word' id='word_1_713' title='bbox 919 5122 1163 5192; x_wconf 88' lang='lat' dir='ltr'><strong>episcopi</strong></span> <span class='ocrx_word' id='word_1_714' title='bbox 1207 5122 1516 5176; x_wconf 88' lang='lat' dir='ltr'><strong>Orientales</strong></span> <span class='ocrx_word' id='word_1_715' title='bbox 1566 5121 1933 5191; x_wconf 86' lang='lat' dir='ltr'><strong>Philippopoli</strong></span> <span class='ocrx_word' id='word_1_716' title='bbox 1986 5124 2044 5177; x_wconf 90' lang='lat' dir='ltr'><strong>in</strong></span> 
     </span>
    </p>
   </div>
   <div class='ocr_carea' id='block_1_100' title="bbox 473 5210 2043 5282">
    <p class='ocr_par' dir='ltr' id='par_1_100' title="bbox 473 5210 2043 5282">
     <span class='ocr_line' id='line_1_100' title="bbox 473 5210 2043 5282; baseline -0.001 -14"><span class='ocrx_word' id='word_1_717' title='bbox 473 5213 712 5268; x_wconf 82' lang='lat' dir='ltr'><strong>Thracia</strong></span> <span class='ocrx_word' id='word_1_718' title='bbox 762 5211 1017 5281; x_wconf 79' lang='lat' dir='ltr'><strong>agebant.</strong></span> <span class='ocrx_word' id='word_1_719' title='bbox 1069 5210 1268 5266; x_wconf 82' lang='lat' dir='ltr'><strong>ilosius</strong></span> <span class='ocrx_word' id='word_1_720' title='bbox 1314 5221 1523 5276; x_wconf 88' lang='lat' dir='ltr'><strong>autem,</strong></span> <span class='ocrx_word' id='word_1_721' title='bbox 1557 5223 1613 5265; x_wconf 86' lang='lat' dir='ltr'><strong>et</strong></span> <span class='ocrx_word' id='word_1_722' title='bbox 1661 5213 1757 5282; x_wconf 89' lang='lat' dir='ltr'><strong>qui</strong></span> <span class='ocrx_word' id='word_1_723' title='bbox 1808 5229 1932 5267; x_wconf 86' lang='lat' dir='ltr'><strong>cum</strong></span> <span class='ocrx_word' id='word_1_724' title='bbox 1976 5228 2043 5267; x_wconf 93' lang='lat' dir='ltr'><strong>eo</strong></span> 
     </span>
    </p>
   </div>
   <div class='ocr_carea' id='block_1_101' title="bbox 469 5303 2046 5372">
    <p class='ocr_par' dir='ltr' id='par_1_101' title="bbox 469 5303 2046 5372">
     <span class='ocr_line' id='line_1_101' title="bbox 469 5303 2046 5372; baseline -0.001 -12"><span class='ocrx_word' id='word_1_725' title='bbox 469 5305 717 5360; x_wconf 59' lang='grc' dir='ltr'><strong>δίη-«ηοω</strong></span> <span class='ocrx_word' id='word_1_726' title='bbox 770 5311 950 5364; x_wconf 88' lang='lat' dir='ltr'><strong>erant,</strong></span> <span class='ocrx_word' id='word_1_727' title='bbox 989 5303 1228 5371; x_wconf 89' lang='lat' dir='ltr'><strong>primum</strong></span> <span class='ocrx_word' id='word_1_728' title='bbox 1289 5303 1511 5372; x_wconf 89' lang='lat' dir='ltr'><strong>quidem</strong></span> <span class='ocrx_word' id='word_1_729' title='bbox 1569 5304 1688 5356; x_wconf 74' lang='lat' dir='ltr'><strong>illos</strong></span> <span class='ocrx_word' id='word_1_730' title='bbox 1739 5304 1943 5358; x_wconf 83' lang='lat' dir='ltr'><strong>indicta</strong></span> <span class='ocrx_word' id='word_1_731' title='bbox 1991 5313 2046 5358; x_wconf 89' lang='lat' dir='ltr'><strong>et</strong></span> 
     </span>
    </p>
   </div>
   <div class='ocr_carea' id='block_1_102' title="bbox 469 5395 2043 5462">
    <p class='ocr_par' dir='ltr' id='par_1_102' title="bbox 469 5395 2043 5462">
     <span class='ocr_line' id='line_1_102' title="bbox 469 5395 2043 5462; baseline 0.003 -16"><span class='ocrx_word' id='word_1_732' title='bbox 469 5398 692 5448; x_wconf 78' lang='lat' dir='ltr'><strong>deserta</strong></span> <span class='ocrx_word' id='word_1_733' title='bbox 733 5409 898 5447; x_wconf 88' lang='lat' dir='ltr'><strong>causa</strong></span> <span class='ocrx_word' id='word_1_734' title='bbox 953 5402 1176 5462; x_wconf 92' lang='lat' dir='ltr'><strong>propter</strong></span> <span class='ocrx_word' id='word_1_735' title='bbox 1220 5396 1620 5448; x_wconf 87' lang='lat' dir='ltr'><strong>contumaciam</strong></span> <span class='ocrx_word' id='word_1_736' title='bbox 1667 5395 2043 5450; x_wconf 85' lang='lat' dir='ltr'><strong>damnarunt:</strong></span> 
     </span>
    </p>
   </div>
   <div class='ocr_carea' id='block_1_103' title="bbox 471 5487 2043 5554">
    <p class='ocr_par' dir='ltr' id='par_1_103' title="bbox 471 5487 2043 5554">
     <span class='ocr_line' id='line_1_103' title="bbox 471 5487 2043 5554; baseline 0.002 -16"><span class='ocrx_word' id='word_1_737' title='bbox 471 5487 837 5540; x_wconf 72' lang='lat' dir='ltr'><strong>Athanasium</strong></span> <span class='ocrx_word' id='word_1_738' title='bbox 894 5494 1265 5554; x_wconf 90' lang='lat' dir='ltr'><strong>receperunt,</strong></span> <span class='ocrx_word' id='word_1_739' title='bbox 1322 5496 1378 5539; x_wconf 92' lang='lat' dir='ltr'><strong>et</strong></span> <span class='ocrx_word' id='word_1_740' title='bbox 1428 5502 1549 5554; x_wconf 77' lang='lat' dir='ltr'><strong>qua:</strong></span> <span class='ocrx_word' id='word_1_741' title='bbox 1604 5489 1865 5542; x_wconf 79' lang='lat' dir='ltr'><strong>adversus</strong></span> <span class='ocrx_word' id='word_1_742' title='bbox 1918 5505 2043 5542; x_wconf 88' lang='lat' dir='ltr'><strong>eum</strong></span> 
     </span>
    </p>
   </div>
   <div class='ocr_carea' id='block_1_104' title="bbox 475 5577 2042 5649">
    <p class='ocr_par' dir='ltr' id='par_1_104' title="bbox 475 5577 2042 5649">
     <span class='ocr_line' id='line_1_104' title="bbox 475 5577 2042 5649; baseline 0.003 -20"><span class='ocrx_word' id='word_1_743' title='bbox 475 5577 606 5646; x_wconf 82' lang='lat' dir='ltr'><strong>Tyri</strong></span> <span class='ocrx_word' id='word_1_744' title='bbox 661 5590 781 5632; x_wconf 87' lang='lat' dir='ltr'><strong>acta</strong></span> <span class='ocrx_word' id='word_1_745' title='bbox 838 5579 1099 5641; x_wconf 88' lang='lat' dir='ltr'><strong>fuerant,</strong></span> <span class='ocrx_word' id='word_1_746' title='bbox 1156 5579 1509 5632; x_wconf 86' lang='lat' dir='ltr'><strong>anathemate</strong></span> <span class='ocrx_word' id='word_1_747' title='bbox 1562 5589 1692 5633; x_wconf 87' lang='lat' dir='ltr'><strong>sunt</strong></span> <span class='ocrx_word' id='word_1_748' title='bbox 1746 5583 2042 5649; x_wconf 85' lang='lat' dir='ltr'><strong>persecuti.</strong></span> 
     </span>
    </p>
   </div>
   <div class='ocr_carea' id='block_1_105' title="bbox 478 5668 2042 5738">
    <p class='ocr_par' dir='ltr' id='par_1_105' title="bbox 478 5668 2042 5738">
     <span class='ocr_line' id='line_1_105' title="bbox 478 5668 2042 5738; baseline 0.003 -16"><span class='ocrx_word' id='word_1_749' title='bbox 478 5668 732 5722; x_wconf 71' lang='lat' dir='ltr'><strong>Marcello</strong></span> <span class='ocrx_word' id='word_1_750' title='bbox 776 5669 1154 5736; x_wconf 86' lang='lat' dir='ltr'><strong>episcopatum</strong></span> <span class='ocrx_word' id='word_1_751' title='bbox 1185 5684 1344 5723; x_wconf 91' lang='lat' dir='ltr'><strong>suum</strong></span> <span class='ocrx_word' id='word_1_752' title='bbox 1385 5668 1766 5732; x_wconf 83' lang='lat' dir='ltr'><strong>reddiderunt,</strong></span> <span class='ocrx_word' id='word_1_753' title='bbox 1799 5672 1944 5738; x_wconf 85' lang='lat' dir='ltr'><strong>quod</strong></span> <span class='ocrx_word' id='word_1_754' title='bbox 1986 5690 2042 5726; x_wconf 86' lang='lat' dir='ltr'><strong>se</strong></span> 
     </span>
    </p>
   </div>
   <div class='ocr_carea' id='block_1_106' title="bbox 2142 4487 3714 4560">
    <p class='ocr_par' dir='ltr' id='par_1_106' title="bbox 2142 4487 3714 4560">
     <span class='ocr_line' id='line_1_106' title="bbox 2142 4487 3714 4560; baseline -0.003 -15"><span class='ocrx_word' id='word_1_755' title='bbox 2142 4508 2278 4555; x_wconf 89' lang='grc' dir='ltr'><strong>σιον,</strong></span> <span class='ocrx_word' id='word_1_756' title='bbox 2311 4496 2408 4544; x_wconf 76' lang='grc' dir='ltr'><strong>καὶ</strong></span> <span class='ocrx_word' id='word_1_757' title='bbox 2445 4491 2514 4541; x_wconf 68' lang='grc' dir='ltr'><strong>τὰ</strong></span> <span class='ocrx_word' id='word_1_758' title='bbox 2551 4493 2608 4542; x_wconf 82' lang='grc' dir='ltr'><strong>ἐν</strong></span> <span class='ocrx_word' id='word_1_759' title='bbox 2636 4490 2799 4560; x_wconf 85' lang='grc' dir='ltr'><strong>Τύρῳ</strong></span> <span class='ocrx_word' id='word_1_760' title='bbox 2830 4488 2952 4544; x_wconf 85' lang='grc' dir='ltr'><strong>κατ’</strong></span> <span class='ocrx_word' id='word_1_761' title='bbox 2983 4487 3148 4543; x_wconf 84' lang='grc' dir='ltr'><strong>αὐτοῦ</strong></span> <span class='ocrx_word' id='word_1_762' title='bbox 3185 4487 3502 4558; x_wconf 84' lang='grc' dir='ltr'><strong>πραχθέντα</strong></span> <span class='ocrx_word' id='word_1_763' title='bbox 3527 4487 3714 4540; x_wconf 82' lang='grc' dir='ltr'><strong>ἀνεθε-</strong></span> 
     </span>
    </p>
   </div>
   <div class='ocr_carea' id='block_1_107' title="bbox 2146 4577 3712 4652">
    <p class='ocr_par' dir='ltr' id='par_1_107' title="bbox 2146 4577 3712 4652">
     <span class='ocr_line' id='line_1_107' title="bbox 2146 4577 3712 4652; baseline 0.004 -19"><span class='ocrx_word' id='word_1_764' title='bbox 2146 4581 2402 4652; x_wconf 81' lang='grc' dir='ltr'><strong>μάτισαν.</strong></span> <span class='ocrx_word' id='word_1_765' title='bbox 2444 4580 2535 4649; x_wconf 80' lang='grc' dir='ltr'>Τῷ</span> <span class='ocrx_word' id='word_1_766' title='bbox 2591 4580 2900 4650; x_wconf 82' lang='grc' dir='ltr'><strong>Μαρκέλλῳ</strong></span> <span class='ocrx_word' id='word_1_767' title='bbox 2953 4580 3046 4632; x_wconf 81' lang='grc' dir='ltr'><strong>τὸν</strong></span> <span class='ocrx_word' id='word_1_768' title='bbox 3094 4579 3264 4632; x_wconf 83' lang='grc' dir='ltr'><strong>τόπον</strong></span> <span class='ocrx_word' id='word_1_769' title='bbox 3291 4579 3602 4644; x_wconf 81' lang='grc' dir='ltr'><strong>ἀπέδωκαν,</strong></span> <span class='ocrx_word' id='word_1_770' title='bbox 3634 4577 3712 4640; x_wconf 82' lang='grc' dir='ltr'><strong>ὡς</strong></span> 
     </span>
    </p>
   </div>
   <div class='ocr_carea' id='block_1_108' title="bbox 2145 4667 3715 4740">
    <p class='ocr_par' dir='ltr' id='par_1_108' title="bbox 2145 4667 3715 4740">
     <span class='ocr_line' id='line_1_108' title="bbox 2145 4667 3715 4740; baseline -0.001 -21"><span class='ocrx_word' id='word_1_771' title='bbox 2145 4671 2220 4740; x_wconf 79' lang='grc' dir='ltr'><strong>μὴ</strong></span> <span class='ocrx_word' id='word_1_772' title='bbox 2251 4671 2378 4723; x_wconf 89' lang='grc' dir='ltr'><strong>τάδε</strong></span> <span class='ocrx_word' id='word_1_773' title='bbox 2432 4671 2650 4740; x_wconf 83' lang='grc' dir='ltr'><strong>φρονεῖν</strong></span> <span class='ocrx_word' id='word_1_774' title='bbox 2681 4669 3121 4738; x_wconf 72' lang='grc' dir='ltr'><strong>ὁμολογήσαντα,</strong></span> <span class='ocrx_word' id='word_1_775' title='bbox 3171 4668 3207 4721; x_wconf 76' lang='grc' dir='ltr'><strong>ἃ.</strong></span> <span class='ocrx_word' id='word_1_776' title='bbox 3233 4667 3569 4721; x_wconf 75' lang='grc' dir='ltr'><strong>διεϐάλλετο.</strong></span> <span class='ocrx_word' id='word_1_777' title='bbox 3602 4669 3715 4720; x_wconf 71' lang='grc' dir='ltr'><strong>Καὶ</strong></span> 
     </span>
    </p>
   </div>
   <div class='ocr_carea' id='block_1_109' title="bbox 2155 4759 3710 4831">
    <p class='ocr_par' dir='ltr' id='par_1_109' title="bbox 2155 4759 3710 4831">
     <span class='ocr_line' id='line_1_109' title="bbox 2155 4759 3710 4831; baseline -0.003 -17"><span class='ocrx_word' id='word_1_778' title='bbox 2155 4761 2442 4831; x_wconf 76' lang='grc' dir='ltr'><strong>Ἀσκληπᾷ</strong></span> <span class='ocrx_word' id='word_1_779' title='bbox 2469 4763 2522 4814; x_wconf 81' lang='grc' dir='ltr'><strong>δὲ</strong></span> <span class='ocrx_word' id='word_1_780' title='bbox 2551 4762 2648 4830; x_wconf 75' lang='grc' dir='ltr'><strong>τὴν</strong></span> <span class='ocrx_word' id='word_1_781' title='bbox 2678 4761 2779 4828; x_wconf 74' lang='grc' dir='ltr'><strong>τῆς</strong></span> <span class='ocrx_word' id='word_1_782' title='bbox 2823 4761 3003 4828; x_wconf 75' lang='grc' dir='ltr'><strong>Γάζης</strong></span> <span class='ocrx_word' id='word_1_783' title='bbox 3051 4759 3358 4828; x_wconf 82' lang='grc' dir='ltr'><strong>ἐπισκοπὴν</strong></span> <span class='ocrx_word' id='word_1_784' title='bbox 3405 4759 3710 4829; x_wconf 84' lang='grc' dir='ltr'><strong>ἐκύρωσαν,</strong></span> 
     </span>
    </p>
   </div>
   <div class='ocr_carea' id='block_1_110' title="bbox 2141 4852 3714 4922">
    <p class='ocr_par' dir='ltr' id='par_1_110' title="bbox 2141 4852 3714 4922">
     <span class='ocr_line' id='line_1_110' title="bbox 2141 4852 3714 4922; baseline 0 -18"><span class='ocrx_word' id='word_1_785' title='bbox 2141 4852 2215 4914; x_wconf 84' lang='grc' dir='ltr'><strong>ὡς</strong></span> <span class='ocrx_word' id='word_1_786' title='bbox 2252 4857 2348 4908; x_wconf 78' lang='grc' dir='ltr'><strong>καὶ</strong></span> <span class='ocrx_word' id='word_1_787' title='bbox 2383 4853 2648 4922; x_wconf 74' lang='grc' dir='ltr'><strong>πρότερον</strong></span> <span class='ocrx_word' id='word_1_788' title='bbox 2679 4852 2848 4921; x_wconf 65' lang='grc' dir='ltr'><strong>ψήφῳ</strong></span> <span class='ocrx_word' id='word_1_789' title='bbox 2883 4852 3091 4903; x_wconf 78' lang='grc' dir='ltr'><strong>πολλῶν</strong></span> <span class='ocrx_word' id='word_1_790' title='bbox 3117 4852 3455 4916; x_wconf 85' lang='grc' dir='ltr'><strong>ἐπισκόπων,</strong></span> <span class='ocrx_word' id='word_1_791' title='bbox 3486 4852 3579 4903; x_wconf 84' lang='grc' dir='ltr'><strong>καὶ</strong></span> <span class='ocrx_word' id='word_1_792' title='bbox 3610 4853 3714 4918; x_wconf 79' lang='grc' dir='ltr'><strong>μά·-</strong></span> 
     </span>
    </p>
   </div>
   <div class='ocr_carea' id='block_1_111' title="bbox 2144 4941 3716 5012">
    <p class='ocr_par' dir='ltr' id='par_1_111' title="bbox 2144 4941 3716 5012">
     <span class='ocr_line' id='line_1_111' title="bbox 2144 4941 3716 5012; baseline -0.002 -18"><span class='ocrx_word' id='word_1_793' title='bbox 2144 4943 2301 4995; x_wconf 80' lang='grc' dir='ltr'><strong>λιστα</strong></span> <span class='ocrx_word' id='word_1_794' title='bbox 2356 4941 2618 4994; x_wconf 75' lang='grc' dir='ltr'><strong>Εὑσεδίου</strong></span> <span class='ocrx_word' id='word_1_795' title='bbox 2676 4942 2774 4993; x_wconf 82' lang='grc' dir='ltr'><strong>τοῦ</strong></span> <span class='ocrx_word' id='word_1_796' title='bbox 2830 4941 3141 5010; x_wconf 77' lang='grc' dir='ltr'><strong>Παμφίλου,</strong></span> <span class='ocrx_word' id='word_1_797' title='bbox 3189 4943 3290 5010; x_wconf 79' lang='grc' dir='ltr'><strong>τὴν</strong></span> <span class='ocrx_word' id='word_1_798' title='bbox 3349 4943 3716 5012; x_wconf 71' lang='grc' dir='ltr'><strong>ἐπισκοπιν.ὴν</strong></span> 
     </span>
    </p>
   </div>
   <div class='ocr_carea' id='block_1_112' title="bbox 2145 5031 3716 5103">
    <p class='ocr_par' dir='ltr' id='par_1_112' title="bbox 2145 5031 3716 5103">
     <span class='ocr_line' id='line_1_112' title="bbox 2145 5031 3716 5103; baseline -0.003 -17"><span class='ocrx_word' id='word_1_799' title='bbox 2145 5035 2426 5103; x_wconf 79' lang='grc' dir='ltr'><strong>εἰληφότος</strong></span> <span class='ocrx_word' id='word_1_800' title='bbox 2459 5033 2641 5095; x_wconf 80' lang='grc' dir='ltr'><strong>ἀξίαν.</strong></span> <span class='ocrx_word' id='word_1_801' title='bbox 2700 5034 2806 5085; x_wconf 77' lang='grc' dir='ltr'><strong>Καὶ</strong></span> <span class='ocrx_word' id='word_1_802' title='bbox 2843 5031 3115 5098; x_wconf 83' lang='grc' dir='ltr'><strong>τάσφαλὲς</strong></span> <span class='ocrx_word' id='word_1_803' title='bbox 3145 5031 3201 5084; x_wconf 85' lang='grc' dir='ltr'><strong>δὲ</strong></span> <span class='ocrx_word' id='word_1_804' title='bbox 3236 5033 3478 5102; x_wconf 80' lang='grc' dir='ltr'><strong>παριστᾷ</strong></span> <span class='ocrx_word' id='word_1_805' title='bbox 3524 5032 3586 5084; x_wconf 83' lang='grc' dir='ltr'><strong>τὸ</strong></span> <span class='ocrx_word' id='word_1_806' title='bbox 3614 5031 3716 5102; x_wconf 80' lang='grc' dir='ltr'><strong>τῆς</strong></span> 
     </span>
    </p>
   </div>
   <div class='ocr_carea' id='block_1_113' title="bbox 2145 5123 3716 5195">
    <p class='ocr_par' dir='ltr' id='par_1_113' title="bbox 2145 5123 3716 5195">
     <span class='ocr_line' id='line_1_113' title="bbox 2145 5123 3716 5195; baseline -0.001 -18"><span class='ocrx_word' id='word_1_807' title='bbox 2145 5126 2300 5194; x_wconf 75' lang='grc' dir='ltr'><strong>δίκης</strong></span> <span class='ocrx_word' id='word_1_808' title='bbox 2331 5126 2638 5194; x_wconf 75' lang='grc' dir='ltr'><strong>ὑπόμνημα</strong></span> <span class='ocrx_word' id='word_1_809' title='bbox 2659 5141 2674 5156; x_wconf 77' lang='grc' dir='ltr'><strong>ο</strong></span> <span class='ocrx_word' id='word_1_810' title='bbox 2705 5123 3040 5195; x_wconf 77' lang='grc' dir='ltr'><strong>ἀνώρθωσαν</strong></span> <span class='ocrx_word' id='word_1_811' title='bbox 3076 5142 3134 5176; x_wconf 91' lang='grc' dir='ltr'><strong>τε</strong></span> <span class='ocrx_word' id='word_1_812' title='bbox 3173 5126 3268 5178; x_wconf 74' lang='grc' dir='ltr'><strong>καὶ</strong></span> <span class='ocrx_word' id='word_1_813' title='bbox 3322 5125 3580 5187; x_wconf 78' lang='grc' dir='ltr'><strong>Λούκιον,</strong></span> <span class='ocrx_word' id='word_1_814' title='bbox 3608 5129 3716 5177; x_wconf 67' lang='grc' dir='ltr'><strong>τὼν</strong></span> 
     </span>
    </p>
   </div>
   <div class='ocr_carea' id='block_1_114' title="bbox 2149 5217 3718 5288">
    <p class='ocr_par' dir='ltr' id='par_1_114' title="bbox 2149 5217 3718 5288">
     <span class='ocr_line' id='line_1_114' title="bbox 2149 5217 3718 5288; baseline -0.001 -20"><span class='ocrx_word' id='word_1_815' title='bbox 2149 5219 2313 5269; x_wconf 79' lang='grc' dir='ltr'><strong>αὑτοῦ</strong></span> <span class='ocrx_word' id='word_1_816' title='bbox 2341 5217 2664 5286; x_wconf 79' lang='grc' dir='ltr'><strong>κατηγόρων</strong></span> <span class='ocrx_word' id='word_1_817' title='bbox 2725 5218 3093 5287; x_wconf 85' lang='grc' dir='ltr'><strong>χρησαμένων</strong></span> <span class='ocrx_word' id='word_1_818' title='bbox 3141 5217 3408 5288; x_wconf 81' lang='grc' dir='ltr'><strong>δρασμῷ·</strong></span> <span class='ocrx_word' id='word_1_819' title='bbox 3442 5219 3540 5270; x_wconf 82' lang='grc' dir='ltr'><strong>καὶ</strong></span> <span class='ocrx_word' id='word_1_820' title='bbox 3597 5219 3718 5280; x_wconf 85' lang='grc' dir='ltr'><strong>ταῖς</strong></span> 
     </span>
    </p>
   </div>
   <div class='ocr_carea' id='block_1_115' title="bbox 2147 5306 3720 5377">
    <p class='ocr_par' dir='ltr' id='par_1_115' title="bbox 2147 5306 3720 5377">
     <span class='ocr_line' id='line_1_115' title="bbox 2147 5306 3720 5377; baseline 0.001 -19"><span class='ocrx_word' id='word_1_821' title='bbox 2147 5308 2372 5359; x_wconf 84' lang='grc' dir='ltr'><strong>ἐκείνων</strong></span> <span class='ocrx_word' id='word_1_822' title='bbox 2403 5307 2719 5376; x_wconf 86' lang='grc' dir='ltr'><strong>παροικίαις</strong></span> <span class='ocrx_word' id='word_1_823' title='bbox 2749 5308 3013 5376; x_wconf 73' lang='grc' dir='ltr'><strong>ἔγραφον,</strong></span> <span class='ocrx_word' id='word_1_824' title='bbox 3047 5307 3122 5377; x_wconf 82' lang='grc' dir='ltr'><strong>μὴ</strong></span> <span class='ocrx_word' id='word_1_825' title='bbox 3152 5307 3346 5370; x_wconf 73' lang='grc' dir='ltr'><strong>ἄλλους</strong></span> <span class='ocrx_word' id='word_1_826' title='bbox 3374 5306 3491 5360; x_wconf 85' lang='grc' dir='ltr'><strong>ἀλλ’</strong></span> <span class='ocrx_word' id='word_1_827' title='bbox 3515 5307 3720 5370; x_wconf 78' lang='grc' dir='ltr'><strong>αὐτοὺς</strong></span> 
     </span>
    </p>
   </div>
   <div class='ocr_carea' id='block_1_116' title="bbox 2147 5397 3723 5468">
    <p class='ocr_par' dir='ltr' id='par_1_116' title="bbox 2147 5397 3723 5468">
     <span class='ocr_line' id='line_1_116' title="bbox 2147 5397 3723 5468; baseline 0.001 -18"><span class='ocrx_word' id='word_1_828' title='bbox 2147 5397 2291 5468; x_wconf 70' lang='grc' dir='ltr'><strong>ἔχειν</strong></span> <span class='ocrx_word' id='word_1_829' title='bbox 2316 5401 2674 5463; x_wconf 74' lang='grc' dir='ltr'><strong>ἐπισκόπους,</strong></span> <span class='ocrx_word' id='word_1_830' title='bbox 2707 5402 2802 5453; x_wconf 70' lang='grc' dir='ltr'><strong>καὶ</strong></span> <span class='ocrx_word' id='word_1_831' title='bbox 2831 5401 2953 5451; x_wconf 78' lang='grc' dir='ltr'><strong>ὅσον</strong></span> <span class='ocrx_word' id='word_1_832' title='bbox 2975 5399 3134 5452; x_wconf 78' lang='grc' dir='ltr'><strong>οὔπω</strong></span> <span class='ocrx_word' id='word_1_833' title='bbox 3160 5400 3256 5453; x_wconf 65' lang='grc' dir='ltr'><strong>καὶ</strong></span> <span class='ocrx_word' id='word_1_834' title='bbox 3275 5399 3373 5468; x_wconf 85' lang='grc' dir='ltr'><strong>τὴν</strong></span> <span class='ocrx_word' id='word_1_835' title='bbox 3399 5399 3582 5453; x_wconf 83' lang='grc' dir='ltr'><strong>αὐτῶν</strong></span> <span class='ocrx_word' id='word_1_836' title='bbox 3616 5416 3723 5452; x_wconf 83' lang='grc' dir='ltr'><strong>κα-</strong></span> 
     </span>
    </p>
   </div>
   <div class='ocr_carea' id='block_1_117' title="bbox 2151 5487 3724 5560">
    <p class='ocr_par' dir='ltr' id='par_1_117' title="bbox 2151 5487 3724 5560">
     <span class='ocr_line' id='line_1_117' title="bbox 2151 5487 3724 5560; baseline 0 -18"><span class='ocrx_word' id='word_1_837' title='bbox 2151 5490 2397 5560; x_wconf 77' lang='grc' dir='ltr'><strong>ραδοκεῖν</strong></span> <span class='ocrx_word' id='word_1_838' title='bbox 2429 5489 2634 5558; x_wconf 79' lang='grc' dir='ltr'><strong>ἄφιξιν.</strong></span> <span class='ocrx_word' id='word_1_839' title='bbox 2692 5489 3032 5559; x_wconf 84' lang='grc' dir='ltr'><strong>Καθαιροῦσι</strong></span> <span class='ocrx_word' id='word_1_840' title='bbox 3083 5491 3141 5544; x_wconf 75' lang='grc' dir='ltr'><strong>δὲ</strong></span> <span class='ocrx_word' id='word_1_841' title='bbox 3195 5495 3291 5546; x_wconf 62' lang='grc' dir='ltr'><strong>καὶ⁵</strong></span> <span class='ocrx_word' id='word_1_842' title='bbox 3348 5487 3496 5544; x_wconf 77' lang='grc' dir='ltr'><strong>οὗτοι</strong></span> <span class='ocrx_word' id='word_1_843' title='bbox 3540 5492 3634 5546; x_wconf 79' lang='grc' dir='ltr'><strong>τὸν</strong></span> <span class='ocrx_word' id='word_1_844' title='bbox 3666 5493 3724 5542; x_wconf 83' lang='grc' dir='ltr'><strong>ὲν</strong></span> 
     </span>
    </p>
   </div>
   <div class='ocr_carea' id='block_1_118' title="bbox 2162 5581 3723 5652">
    <p class='ocr_par' dir='ltr' id='par_1_118' title="bbox 2162 5581 3723 5652">
     <span class='ocr_line' id='line_1_118' title="bbox 2162 5581 3723 5652; baseline 0 -19"><span class='ocrx_word' id='word_1_845' title='bbox 2162 5581 2544 5651; x_wconf 71' lang='grc' dir='ltr'><strong>Ἀλεξανδρεία</strong></span> <span class='ocrx_word' id='word_1_846' title='bbox 2573 5582 2892 5651; x_wconf 76' lang='grc' dir='ltr'><strong>ι’ρηγόριον,</strong></span> <span class='ocrx_word' id='word_1_847' title='bbox 2914 5581 3200 5635; x_wconf 82' lang='grc' dir='ltr'><strong>Βασίλειόν</strong></span> <span class='ocrx_word' id='word_1_848' title='bbox 3223 5600 3282 5636; x_wconf 87' lang='grc' dir='ltr'><strong>τε</strong></span> <span class='ocrx_word' id='word_1_849' title='bbox 3307 5583 3400 5636; x_wconf 88' lang='grc' dir='ltr'><strong>τδν</strong></span> <span class='ocrx_word' id='word_1_850' title='bbox 3421 5583 3723 5652; x_wconf 84' lang='grc' dir='ltr'><strong>Ἀγκύρας,</strong></span> 
     </span>
    </p>
   </div>
   <div class='ocr_carea' id='block_1_119' title="bbox 2155 5675 3724 5746">
    <p class='ocr_par' dir='ltr' id='par_1_119' title="bbox 2155 5675 3724 5746">
     <span class='ocr_line' id='line_1_119' title="bbox 2155 5675 3724 5746; baseline -0.002 -22"><span class='ocrx_word' id='word_1_851' title='bbox 2155 5676 2454 5727; x_wconf 66' lang='grc' dir='ltr'><strong>Κυντισνὸν</strong></span> <span class='ocrx_word' id='word_1_852' title='bbox 2486 5677 2576 5726; x_wconf 75' lang='grc' dir='ltr'><strong>τὸν</strong></span> <span class='ocrx_word' id='word_1_853' title='bbox 2614 5679 2672 5726; x_wconf 79' lang='grc' dir='ltr'><strong>ἐν</strong></span> <span class='ocrx_word' id='word_1_854' title='bbox 2707 5675 2852 5744; x_wconf 73' lang='grc' dir='ltr'><strong>Γάζῃ</strong></span> <span class='ocrx_word' id='word_1_855' title='bbox 2883 5691 2895 5703; x_wconf 86' lang='grc'><strong>·</strong></span> <span class='ocrx_word' id='word_1_856' title='bbox 2925 5677 3016 5728; x_wconf 68' lang='grc' dir='ltr'><strong>καὶ</strong></span> <span class='ocrx_word' id='word_1_857' title='bbox 3051 5679 3210 5745; x_wconf 72' lang='grc' dir='ltr'><strong>μήτοι</strong></span> <span class='ocrx_word' id='word_1_858' title='bbox 3259 5693 3323 5746; x_wconf 86' lang='grc' dir='ltr'><strong>γε</strong></span> <span class='ocrx_word' id='word_1_859' title='bbox 3362 5679 3724 5740; x_wconf 68' lang='grc' dir='ltr'><strong>ἐπισνὰπνιιις,</strong></span> 
     </span>
    </p>
   </div>
  </div>
