3988 6190
288 253 386 316 ρει

1255 247 1788 311 ECCLESIASTIC
1815 245 1857 303 E
1901 241 2290 314 lllSTORI/E
2333 247 2480 310 ΗΒ,
2532 248 2664 308 lx.“

3448 263 3552 328 259

287 367 409 417 ἀλλ’
465 364 589 418 οὐδὲ
639 364 988 434 Χριστιανῶν
1038 364 1386 434 προσηγορίᾳ
1434 363 1659 426 τούτους
1705 363 1864 431 τιμᾷι

1979 357 2189 412 diceret
2238 374 2520 428 nunquam
2571 375 2634 414 ea
2688 362 2950 426 sensisse,
2980 362 3048 419 de
3095 367 3296 436 quibus
3331 385 3428 438 per
3458 390 3550 430 ca.

285 458 612 521 ἐθέσπιζον.
670 455 941 509 Καθεῐλον
1002 455 1139 526 πρδς
1177 455 1390 519 τούτοις
1439 454 1720 521 Θεόδωρον
1775 454 1871 506 τὸν

287 548 609 618 Περίνθιον,
639 547 957 617 Νάρκισσον
994 563 1052 598 τε
1080 547 1170 599 τὸν
1203 546 1690 618 Εἰρηνουπολίτην,
1709 546 1873 598 Ἀκά-

284 657 412 692 κιον
440 641 536 693 τδν
566 639 912 707 Καισαρείας
935 639 1034 708 τῆς
1062 639 1450 707 Παλαιστίνης,
1469 638 1562 690 τὸν
1582 637 1868 704 Παμφίλου

283 733 543 802 διάδοχον
583 733 873 797 Εύσεσίου,
933 733 1028 785 καὶ
1060 730 1422 799 Μηνέφαντον
1474 730 1567 783 τὸν
1599 727 1866 797 Ἐφέσιον,

289 821 612 891 οὐροάκιόν
676 839 738 874 τε
798 821 891 874 τὸν
937 821 1270 889 Σιγγιδὸνος,
1319 822 1414 873 καὶ
1443 821 1720 873 Οὐάλεντα
1761 819 1870 871 τῶν

270 915 568 984 ,Μουρσῶν
592 915 692 984 τῆς
721 914 1045 977 Παννονίας,
1071 916 1168 968 καὶ
1205 911 1296 966 τὸν
1331 913 1648 976 Λαοδικείας
1687 911 1868 982 Γεὼρ-

285 1025 436 1075 γιον,
469 1010 520 1060 εί
587 1009 684 1060 καὶ
735 1006 874 1068 τέως
905 1009 971 1076 τῇ
1006 1006 1209 1074 συνόδῳ
1241 1005 1350 1057 τῶν
1399 1004 1552 1075 ἑῴων
1580 1005 1640 1056 οὗ
1665 1005 1866 1070 παρῆν·

286 1102 562 1153 Καθεῑλον
594 1101 650 1153 δὲ
681 1099 904 1161 τούτους
935 1101 1152 1168 καὶτῆς
1183 1098 1469 1159 κοινωνίας
1509 1097 1771 1160 ἐξέωσαν,
1797 1097 1870 1158 ὡς

285 1193 386 1245 τὸν
415 1194 546 1246 Υίὸν
572 1193 666 1245 τοῦ
699 1192 838 1245 Θεοῦ
865 1196 964 1262 τῆς
999 1191 1272 1262 πατρικῆς
1295 1190 1482 1250 οὐσίας
1513 1190 1868 1259 χωρίζοντας,

283 1286 388 1336 καὶ
420 1286 504 1336 ὅτι
561 1285 690 1346 τοὺς
725 1286 897 1338 πάλαι
933 1285 1021 1336 διὰ
1093 1284 1192 1352 τὴν
1268 1282 1613 1350 Ἀρειανικὴν
1653 1281 1869 1349 αἵρεσιν

280 1375 782 1444 ἀποϐεϐλημένους
843 1376 1188 1440 ἀνεδέξαντο,
1247 1375 1340 1427 καὶ
1375 1377 1454 1436 είς
1507 1374 1729 1440 μείζονα
1759 1373 1870 1426 λει-

278 1470 555 1536 τουργίας
584 1467 718 1521 Θεοῦ
751 1469 1073 1538 προήγαγον
1125 1466 1438 1534 ἀξιώματα.
1481 1467 1590 1518 Καὶ
1621 1465 1867 1533 καταψη-

282 1562 592 1629 φισάμενοι
618 1560 848 1624 τούτων,
871 1563 982 1620 τοῖς
1020 1559 1336 1628 ἁπανταχοῦ
1369 1558 1621 1626 ἔπεμπον
1651 1557 1872 1608 smus-

283 1669 415 1714 ποις
440 1654 510 1704 τὰ
534 1651 832 1719 δεδογμένα
861 1651 1088 1720 κυροῦν,
1119 1652 1214 1703 καὶ
1243 1651 1370 1719 περὶ
1401 1652 1467 1702 τὰ
1495 1649 1724 1714 δόξαντα
1757 1651 1871 1710 τοῖς

282 1746 348 1796 δν
380 1744 592 1811 Νικαία
623 1745 948 1812 ὁμοφρονεῖν
969 1758 983 1772 ⁶
1017 1746 1200 1795 ἐκεῖνα
1234 1742 1342 1813 γὰρ
1386 1741 1782 1810 κρατύναντες,
1808 1741 1868 1792 τὸ

283 1832 549 1901 ἀνόμοιον
597 1829 937 1894 ἀπεώσαντο,
997 1832 1093 1884 καὶ
1144 1833 1204 1884 τὸ
1243 1832 1534 1899 ὁμοούσιον
1566 1831 1869 1902 διαρρήδην

283 1921 594 1991 ικήρυξαν.
622 1920 728 1973 Καί
759 1936 881 1972 τινα
909 1921 965 1972 δὲ
994 1922 1214 1989 γραφὴν
1265 1921 1576 1984 ἑκθέμενοι,
1600 1921 1868 1974 πλατυτέ-

287 2033 392 2085 ραν
434 2016 538 2084 μὲν
573 2016 671 2084 τῆς
837 2013 1068 2083 Nimia,
1126 2013 1494 2082 διατηροῦσαν
1528 2013 1582 2066 δὲ
1612 2013 1704 2065 τὸν
1743 2013 1868 2080 ὅρον

283 2109 533 2178 ἐκείνης,
565 2111 661 2161 καὶ⁵
683 2091 933 2176 ού”παρὰ
985 2107 1122 2159 πολὺ
1171 2107 1596 2160 διαλλάττουσαν
1632 2109 1725 2159 καὶ
1757 2108 1869 2166 τοῖς

283 2202 564 2271 ῥήμασιν,
627 2200 943 2268 ἁπανταχοῦ
987 2199 1383 2266 διεξέπεμψαν.
1443 2199 1559 2250 Ἵνα
1610 2198 1664 2251 δὲ
1713 2201 1866 2269 μήτι

281 2293 646 2360 καινοτομεῖν
695 2293 846 2358 παρὰ
877 2294 943 2344 τὰ
976 2291 1034 2344 ὲν
1059 2291 1262 2354 Νικαίᾳ
1293 2289 1539 2354 δίιξωσιν,
1559 2292 1745 2353 Ὀσιος
1773 2291 1867 2344 καὶ

283 2384 682 2452 Πρωτογένης,
735 2381 783 2433 οἳ
820 2381 1120 2451 τηνικαῦτα
1180 2383 1278 2447 τῆς
1341 2383 1562 2435 συνόδου
1598 2383 1864 2452 προῆγον,

282 2473 539 2541 ἔγραψαν
569 2474 775 2542 Ἰουλίῳ
835 2475 952 2542 μετ’
985 2474 1263 2543 ἀσφαλοῦς
1315 2475 1645 2544 μαρτυρίας,
1698 2479 1866 2544 κύρια

284 2568 388 2636 μὲν
416 2567 488 2618 τὰ
509 2569 570 2618 έν
603 2566 806 2636 Nimia
838 2567 1108 2634 νομίζειν,
1168 2569 1468 2636 σαφηνείας
1499 2569 1556 2620 δὲ
1587 2569 1767 2638 χάριν,
1797 2570 1865 2621 τὰ

283 2660 477 2730 ἐκείνῃ
507 2659 793 2728 ὁρισθέντα
862 2659 1154 2712 πλατύνειν
1189 2659 1364 2730 βραχύ
1387 2679 1401 2692 ο
1435 2661 1519 2712 ἵνα
1579 2663 1676 2730 μὴ,
1707 2665 1861 2728 φασὶ,

280 2751 362 2822 τῷ
397 2752 835 2821 συντετμημένῳ
890 2750 991 2818 τῆς
1038 2751 1272 2814 πίστεως
1331 2753 1380 2804 oi
1430 2753 1487 2818 ὲξ
1543 2752 1753 2822 Ἀρείου
1782 2755 1863 2816 είς

283 2845 494 2897 ἄτοπον
533 2835 667 2895 ὦσιν
698 2842 1030 2908 ἀπάγοντες,
1062 2841 1175 2891 ὅσοι
1211 2841 1286 2908 μὴ
1312 2840 1458 2892 ῐσασι
1484 2840 1858 2907 διαλέγεσθαι.

284 2934 476 2989 Ταῦτα
535 2936 735 2987 ἐκεῖνοι
794 2933 1256 3003 διαπραξάμενοι,
1307 2932 1497 2986 οἴκαδε
1562 2933 1855 2996 διελύοντο,

281 3027 547 3093 ἑκάτεροι
584 3024 810 3096 γνώμης
847 3010 1022 3091 emi,
1049 3026 1124 3085 ὡς
1147 3023 1242 3076 καί⁵
1271 3024 1438 3092 ἄμφω
1463 3023 1686 3086 δικαίως
1715 3023 1860 3092 πρά-
1888 3052 1932 3110 c

280 3114 463 3180 ξειαν,
497 3117 545 3166 οί
588 3116 688 3184 μὲν
717 3113 816 3184 τὴν
850 3113 925 3165 ἕω
960 3111 1412 3175 ἐπισκοποῦντες,
1466 3113 1660 3181 ὅτιπερ
1682 3115 1729 3165 οί
1759 3112 1864 3165 ἀνὰ

280 3214 386 3277 την
436 3207 685 3276 ἑσπέραν
739 3206 868 3267 τοὺς
927 3205 1020 3256 ὑπ’
1053 3204 1235 3257 αὐτῶν
1281 3204 1714 3274 καθαιρεθέντας
1767 3207 1864 3258 καὶ

279 3300 650 3367 ἀπωσμένους
685 3297 938 3362 ἐδέξαντο
958 3313 972 3328 ·
1001 3299 1050 3350 οί
1085 3297 1132 3350 δ’
1157 3298 1259 3350 ἀνὰ
1286 3298 1385 3367 τὴν
1413 3298 1591 3362 δύσιν,
1638 3299 1721 3351 ὅτι
1755 3297 1862 3368 πρὸ

277 3393 387 3458 τῆς
415 3391 605 3458 κοινῆς
632 3391 980 3457 διαγνώσεως
1013 3391 1064 3442 oi
1089 3389 1414 3452 καθελόντες
1439 3390 1746 3459 ἀπέφυγον,
1767 3391 1862 3443 καὶ

277 3478 367 3530 ὅτι
394 3479 447 3529 ol
481 3479 580 3546 μὲν
633 3479 700 3530 τὰ
750 3481 807 3530 ὲν
833 3478 1039 3548 Νικαία
1088 3477 1390 3547 δεδογμένα
1419 3479 1700 3547 ἔστεργον,
1726 3482 1774 3531 oi
1803 3481 1861 3533 δὲ

275 3574 386 3640 τῆς
454 3571 529 3622 ἔω
583 3569 926 3638 κιδδηλεύειν
987 3570 1194 3639 ταύτην
1253 3571 1347 3623 καὶ
1410 3573 1858 3641 παραχαράττειν

277 3663 553 3730 ἐτόλμων.
587 3659 649 3713 Ol.
677 3662 719 3712 δ’
746 3663 804 3713 ὲν
838 3662 1076 3731 Σαρδικῇ
1121 3664 1214 3714 κα)⁸
1242 3661 1550 3732 Μαρκέλλῳ
1579 3661 1657 3732 τῷ
1689 3663 1858 3732 πρόσ-

278 3756 379 3809 θεν
413 3754 691 3824 είρημένῳ
744 3755 840 3823 τῆς
871 3755 928 3806 ὲν
964 3753 1214 3837 Ἀγκύρα
1267 3755 1543 3816 Γαλατίας
1572 3756 1860 3822 ὲπισκόπῳ

273 3846 385 3914 τὴν
429 3844 734 3915 ἱερωσύνην
775 3841 1085 3911 ἐπέτρεψαν
1116 3861 1128 3875 ο
1166 3845 1349 3908 ἐξεῖπε
1382 3845 1488 3910 γὰρ
1535 3848 1599 3912 τῇ
1634 3843 1857 3910 συνὸθῳ,

276 3938 357 4001 ὡς
392 3939 456 3990 ού
489 3937 712 4008 νοηθείη
765 3939 878 4000 τοῖς
913 3937 1132 3998 πολλοῖς
1161 3939 1194 4006 ἡ
1227 3937 1320 3989 ὑπ’
1349 3937 1513 3990 αὑτοῦ
1564 3938 1640 4005 τῷ
1669 3937 1860 4005 βιϐλίῳ

280 4030 734 4099 ὖπαγορευθεῑσα
789 4031 1034 4099 φράσις·
1087 4029 1181 4081 καὶ
1242 4029 1330 4080 διὰ
1382 4029 1540 4081 τοῦτο
1601 4029 1858 4082 ὑπόνοιαν

276 4125 460 4191 σχεῖν,
496 4123 566 4175 τὰ
612 4121 707 4176 τοῦ
750 4123 1117 4193 Σαμοσατέως
1161 4122 1375 4176 Παύλου
1425 4123 1516 4173 καὶ
1565 4121 1856 4173 Σαδελλίου

274 4231 526 4285 φρονειν.

1979 450 2245 504 lumniam
2303 460 2596 505 accusatus
2649 464 2822 508 esset.
2880 458 3122 527 Asclepze
3169 462 3548 533 episcopatum

1975 540 2296 596 Gazaeorum
2329 548 2659 600 auctoritate
2704 563 2802 601 sua
2842 551 3264 616 confirmarunt,
3308 558 3398 624 qui
3448 573 3516 611 an

1979 641 2062 685 tea
2095 634 2259 688 etiam
2297 637 2592 690 multorum
2633 639 2964 707 antistitum,
3004 651 3060 696 et
3097 645 3330 700 maxime
3379 647 3548 702 Euse-

1975 725 2049 779 bii
2090 726 2360 795 Pamphili
2404 730 2666 799 suffragio
2698 731 3068 800 episcopalem
3106 746 3424 804 susm'perat
3465 739 3548 792 di—

1975 817 2262 886 gnitatem,
2299 822 2456 890 cujus
2493 823 2570 876 rei
2604 823 2998 877 certitudinem
3045 836 3167 880 acta
3211 828 3405 897 judicii
3451 829 3548 884 de-

1975 908 2276 963 clarabant.
2337 911 2566 964 Lucium
2619 915 2782 966 etiam
2840 914 3350 984 Adrianmpulitzun,
3397 920 3546 989 quod

1974 1012 2322 1056 accusatores
2347 1005 2468 1070 ejus
2495 1005 2872 1074 profugerant,
2902 1011 3280 1064 restituerunt.
3315 1011 3547 1066 llorum-

1974 1108 2082 1160 que
2135 1096 2389 1162 parmeiis
2440 1099 2800 1153 et~ccelcsiis
2855 1102 3231 1167 scripserunt,
3285 1119 3354 1157 ne
3407 1105 3547 1158 alios

1971 1201 2135 1253 quam
2189 1187 2286 1245 lLos
2341 1189 2488 1255 ipsos
2540 1188 2810 1244 baberent
2866 1193 3190 1262 episcopos,
3237 1209 3546 1265 eorumque

1971 1278 2376 1345 quamprimum
2413 1290 2796 1348 exspectarent
2834 1284 3156 1340 adventum.
3196 1287 3548 1356 Abrogarunt

1973 1382 2193 1434 quoque
2253 1369 2636 1436 episcopatum
2694 1371 2958 1440 Gregorio
3011 1375 3087 1444 (l)
3140 1376 3546 1444 Alexandrino,

1975 1457 2178 1512 Basilio
2215 1459 2525 1529 Ancyram),
2555 1475 2610 1516 et
2643 1463 2943 1528 Quintiano
2974 1465 3167 1520 Gazzeo
3197 1486 3210 1521 :
3243 1479 3298 1523 et
3343 1482 3402 1523 ut
3436 1487 3544 1524 non

1975 1550 2140 1603 modo
2173 1553 2576 1620 episcoporum,
2612 1555 2705 1608 sed
2743 1571 2808 1610 ne
2844 1556 3284 1612 Christianorum
3320 1561 3544 1629 quidem

1974 1643 2339 1710 appellatione
2372 1645 2780 1699 honorarentur
2813 1657 3074 1702 statuere.
3106 1650 3252 1703 idem
3297 1651 3547 1706 fecerunt

1900 1705 1943 1764 Β
1975 1731 2266 1786 Theodoro
2311 1735 2617 1800 l'erintbio,
2656 1736 2916 1790 Narcisso
2953 1738 3308 1808 lrenopolita,
3346 1743 3546 1796 Acacio

1973 1822 2297 1880 Caesaliensi
2356 1825 2576 1880 Eusebii
2637 1827 2904 1898 Pamphili
2957 1832 3306 1894 successori,
3363 1833 3544 1887 Meno-

1975 1917 2185 1985 phanto
2214 1918 2474 1986 Ephesio,
2501 1909 2728 1975 Ursaci'o
2763 1919 3080 1990 Singidouis
3113 1924 3213 1994 (Ξ),
3249 1933 3303 1978 et
3333 1925 3544 1980 Valenti

1974 2006 2192 2061 Mursia:
2255 2007 2662 2062 Pannoniorum
2725 2010 3038 2080 epiSCOpis,
3101 2022 3156 2068 et
3214 2012 3545 2071 Laodicensi

1972 2098 2236 2170 Georgio,
2268 2103 2520 2169 quamvis
2563 2102 2785 2173 Synodo
2832 2105 3196 2161 Orientalium
3234 2109 3280 2163 is
3311 2125 3420 2162 non
3464 2109 3546 2164 in-

1979 2201 2228 2246 teresset.
2271 2193 2368 2247 llis
2397 2196 2658 2250 omnibus
2688 2196 2959 2267 dignitate
2989 2199 3266 2268 adempta,
3297 2217 3545 2256 eorumn-

1972 2283 2138 2336 nione
2179 2283 2610 2351 interdixerunt,
2647 2289 2792 2357 quod
2842 2287 3038 2343 Filium
3093 2292 3189 2346 Dei
3241 2309 3270 2346 a
3313 2303 3541 2363 paterna

1969 2375 2277 2429 substantia
2319 2387 2644 2446 separarent
2675 2397 2688 2433 :
2722 2380 2894 2450 698
2927 2391 2982 2435 et
3010 2385 3178 2452 quod,
3212 2386 3305 2455 qui
3336 2387 3542 2442 dudum

1973 2475 2200 2536 prepter
2234 2467 2494 2522 Arianam
2530 2469 2785 2525 hreresim
2833 2475 3020 2544 rejecti
3054 2456 3291 2541 fuerant,
3329 2494 3423 2532 eos
3458 2496 3537 2534 re-

1970 2558 2265 2627 cepissent,
2289 2571 2341 2613 et
2364 2559 2429 2612 ad
2453 2562 2774 2630 ampliorem
2803 2566 3093 2622 ministerii
3115 2568 3210 2622 Dei
3231 2572 3541 2627 evexissent

1969 2654 2314 2723 dignitatem.
2348 2653 2440 2708 Eis
2465 2655 2762 2720 damnatis,
2794 2658 2858 2712 ad
2889 2676 3078 2714 omnes
3103 2663 3306 2730 ubique
3330 2667 3540 2735 episco-

1967 2761 2068 2816 pos
2101 2747 2392 2814 miscrunt,
2429 2758 2490 2802 ut
2526 2749 2748 2804 decreta
2783 2767 2846 2806 ea
2881 2760 2995 2807 rata
3032 2753 3296 2810 haberent
3325 2768 3379 2811 et
3410 2775 3540 2814 con-

1967 2841 2271 2901 ﬁrmarent,
2313 2855 2413 2895 nec
2447 2851 2560 2896 non
2605 2842 2840 2898 Nicaanis
2883 2846 3100 2914 placitis
3139 2851 3540 2906 consentirent.

1965 2932 2176 2998 Quibus
2226 2931 2522 2998 roboratis,
2561 2934 2623 2986 τὸ
2657 2937 2931 3005 ἀνόμοιον,
2973 2938 3539 3011 dissimile,repudia-

1965 3034 2115 3091 runt,
2147 3023 2207 3076 τὸ
2241 3024 2549 3094 ὁμοούσιον,
2569 3027 3061 3097 eonsubstautiale,
3082 3045 3266 3101 aperte
3305 3037 3540 3102 promul-

1965 3125 2186 3185 garunt.
2223 3118 2287 3169 Et
2321 3117 2528 3187 scripto
2561 3119 2796 3188 quodam
2833 3125 3158 3192 composito,
3200 3127 3344 3194 quod
3382 3128 3516 3182 diffu

1965 3206 2082 3260 sius
2113 3205 2334 3274 quidem
2370 3222 2534 3276 quam
2575 3207 2854 3264 Nicenum
2897 3220 3064 3278 esset,
3100 3213 3402 3270 ﬁnitionem
3443 3233 3512 3271 au

1965 3308 2074 3352 tem
2134 3299 2274 3366 ejus
2313 3309 2579 3365 servaret,
2623 3302 2915 3372 verbisque
2968 3321 3076 3359 non
3131 3305 3426 3362 admodum
3477 3311 3537 3366 at

1963 3388 2058 3442 illo
2088 3388 2360 3452 differret,
2404 3391 2455 3444 id
2504 3390 2706 3458 passim
2753 3393 2819 3446 ad
2868 3393 2986 3449 loca
3023 3398 3210 3451 omnia
3247 3399 3519 3454 miserunt

1963 3478 2038 3535 Ne
2074 3495 2204 3534 vero
2245 3496 2448 3536 novare
2485 3481 2786 3550 quidquam
2827 3493 3016 3537 contra
3061 3485 3279 3539 Nicmna
3318 3487 3537 3543 decreta

1965 3571 2312 3634 viderentur,
2347 3569 2550 3624 liosius
2576 3580 2628 3624 et
2661 3571 3024 3641 Protogenes,
3057 3574 3149 3642 qui
3185 3583 3296 3628 tum
3330 3578 3537 3646 synodo

1964 3661 2282 3732 prazierant,
2322 3678 2448 3716 cum
2482 3673 2630 3717 certa
2665 3665 3018 3719 attestatione
3059 3667 3126 3721 ad
3165 3666 3364 3723 iulium
3395 3670 3528 3725 litte-

1966 3769 2056 3806 ras
2101 3753 2396 3815 dederunt,
2428 3755 2814 3808 auctoritatem
2863 3769 3016 3811 suam
3051 3772 3108 3812 se
3143 3757 3378 3815 Nicaeum
3413 3761 3536 3814 fidei

1963 3843 2292 3913 professioni
2358 3845 2626 3915 integram
2685 3846 3070 3915 relinquere’:
3126 3852 3534 3921 perspicuitatis

1961 3944 2143 3990 autem
2193 3935 2388 4004 gratia,
2423 3952 2542 4005 quae
2591 3936 2783 3990 Nicaea:
2828 3939 3130 3994 constituta
3177 3953 3383 4008 essent,
3424 3959 3539 3997 non

1963 4025 2035 4079 ita
2063 4026 2247 4079 multis
2275 4025 2442 4080 latius
2468 4026 2802 4092 extendisse,
2829 4043 2898 4082 ne
2929 4029 3145 4084 scilicet
3167 4032 3354 4086 Ariani
3385 4049 3525 4087 com-

1961 4116 2161 4186 peudio
2210 4118 2568 4188 professionis
2625 4119 2748 4173 fidei
2800 4119 2868 4174 ad
2917 4121 3192 4176 absurdas
3245 4126 3534 4194 opiniones

1961 4224 2058 4262 eos
2087 4209 2449 4273 abducerent,
2483 4211 2577 4279 qui
2628 4212 2931 4267 dialectica:
2971 4223 3101 4268 sunt
3139 4217 3400 4286 imperiti.
3439 4217 3537 4276 llis

273 4312 356 4366 ita
404 4310 670 4379 peractis,
698 4308 924 4364 domum
979 4319 1281 4364 revertere.
1331 4309 1400 4363 Et
1437 4308 1662 4376 utrique
1738 4309 1794 4360 in
1866 4321 1930 4360 ea
1970 4315 2129 4359 erant
2172 4307 2452 4376 Opinione,
2487 4318 2635 4365 recte
2681 4309 2750 4363 ab
2791 4309 2874 4365 eis
2911 4327 3031 4380 quae
3075 4317 3364 4370 sententiis
3402 4333 3528 4387 pro-

272 4402 607 4473 scriptionis
637 4402 884 4458 ferendis
911 4402 1177 4471 cgissent,
1207 4417 1327 4458 esse
1360 4403 1521 4457 facta.
1551 4399 1859 4456 Orientales
1896 4399 2141 4468 quidem,
2185 4399 2333 4468 quod
2399 4399 2802 4467 Occidentales,
2839 4419 2980 4472 quos
3015 4407 3116 4478 ipsi
3151 4423 3310 4463 sacro
3339 4409 3530 4466 ordine

273 4501 586 4554 movissent
635 4509 692 4554 et
751 4498 1112 4569 rejecissent,
1161 4512 1258 4552 eos
1313 4497 1381 4551 ad
1429 4496 1875 4552 communionem
1937 4495 2288 4550 admisissent
2325 4495 2742 4562 ;Oecidentales
2803 4512 3025 4569 autem,
3112 4509 3258 4574 quod
3307 4510 3384 4564 illi
3437 4512 3542 4581 qui:

271 4592 648 4649 Athanasium
683 4602 741 4646 et
771 4593 913 4647 alios
945 4589 1317 4645 damnationis
1383 4590 1657 4646 sententia
1734 4597 2042 4652 notassent,
2119 4601 2242 4644 ante
2279 4591 2554 4659 publicam
2594 4595 2963 4662 cognitionem
3018 4598 3433 4669 profugissem;
3477 4618 3538 4658 et

273 4687 426 4757 quod
460 4686 498 4740 ii
535 4685 758 4740 Nicena
793 4687 1014 4739 decreta
1047 4684 1584 4754 complectebantur,
1651 4681 1731 4736 illi
1805 4697 1934 4738 vero
1970 4697 2034 4736 ea
2077 4681 2383 4751 depravare
2433 4692 2490 4738 et
2534 4685 2846 4740 adulterare
2895 4688 3189 4744 audebant.
3239 4691 3298 4745 ln
3345 4692 3512 4752 Sardi

272 4779 430 4835 censi
460 4777 696 4832 consilio
725 4776 984 4832 Marcello
1009 4790 1252 4846 quoque,
1281 4775 1349 4830 de
1379 4791 1492 4844 quo
1520 4791 1687 4844 supra
1759 4775 2023 4841 diximus,
2091 4777 2321 4843 Ancyrre
2352 4774 2578 4831 Galatia:
2648 4779 3050 4848 episcopatum.
3094 4782 3254 4838 sicuti
3291 4801 3535 4844 commev

269 4872 654 4932 moravimus,
706 4886 926 4924 rursum
974 4869 1334 4923 mandarunt.
1381 4869 1516 4922 Nam
1564 4868 1611 4922 is
1685 4869 1894 4940 synodo
1933 4867 2206 4935 expasuit,
2285 4882 2314 4918 a
2359 4867 2547 4921 rmiltis
2589 4868 2716 4922 libri
2751 4870 2833 4923 sui
2871 4872 3072 4942 scripta
3107 4865 3384 4932 intellecta
3420 4897 3536 4935 non

271 4981 398 5021 csse
434 4984 446 5017 :
479 4966 626 5018 unde
659 4963 736 5016 illi
767 4964 1138 5032 suspicionem
1169 4963 1540 5031 conceperint,
1569 4963 1763 5017 eadem
1795 4976 1854 5018 se
1893 4975 2018 5015 cum
2049 4958 2405 5014 Samosateno
2439 4959 2608 5014 Paulo
2640 4971 2696 5016 et
2728 4961 2969 5018 Sabellio
2999 4968 3226 5022 sentire.

860 5081 1117 5136 ΚΕΦΑΛ.
1169 5080 1268 5136 ll".

2435 5081 2602 5152 699
2640 5081 2863 5138 CAPUT
2906 5082 3046 5140 xm.

271 5167 386 5244 Οἷα
410 5176 443 5226 ὁ
472 5173 986 5244 exstinctaqth
1031 5170 1347 5244 Σωκράτης
1377 5171 1476 5224 ἐπὶ
1519 5171 1630 5240 τῆς
1657 5171 1845 5240 δόξης

1969 5176 2087 5241 Qum
2133 5175 2372 5231 Socrates
2441 5177 2668 5244 scriptor
2725 5176 3108 5234 ecclesiasticus

335 5242 639 5312 Εὐσεόίρρ
702 5243 808 5296 τοῦ
840 5242 1158 5312 Παμφίλου
1189 5243 1509 5308 ίστόρησε“
1553 5245 1650 5296 καὶ
1685 5245 1846 5308 ὅπως

2023 5248 2230 5300 Eusebii
2297 5242 2560 5306 Pamphili
2612 5251 2877 5301 memoria:

337 5312 531 5379 δόξης
563 5309 703 5381 ἐἶχε
755 5315 888 5379 περὶ
929 5309 1057 5380 ’τῆς
1116 5311 1187 5365 ἐν
1243 5313 1460 5379 Νικαίςι
1491 5315 1755 5380 πίστεως
1800 5315 1838 5379 ἠ

336 5382 570 5450 ἑσπέρα
598 5401 662 5436 τε
701 5383 799 5436 καὶ
832 5384 868 5451 ἠ
901 5381 1036 5448 ἕως.

339 5473 568 5527 Είδέναι
601 5473 788 5543 μέντοι
819 5471 998 5543 χρεὼν
1019 5472 1096 5536 ὡς
1142 5473 1172 5525 ὁ
1208 5471 1301 5526 τοῦ
1340 5472 1632 5543 Παμφίλου
1669 5473 1842 5527 Εὐσέ-

262 5563 388 5627 ϐιος
407 5564 561 5634 τρισὶ
591 5563 819 5634 βιϐλίοις
850 5564 912 5615 τὸ
946 5563 1244 5633 εἰρημένον
1277 5562 1518 5617 ὕποπτον
1553 5565 1646 5618 τοῦ
1682 5565 1838 5636 Μαρ-

3178 5183 3243 5234 (ίε
3291 5185 3529 5252 Opinione

2924 5252 3249 5320 prodiderit,
3305 5264 3353 5306 et
3411 5270 3523 5320 quaB

2019 5317 2310 5398 Occidentis
2345 5318 2678 5386 Orientisque
2707 5324 2771 5369 de
2807 5317 3162 5386 ﬁdeNicwna
3213 5323 3369 5390 fuerit
3409 5317 3520 5377 sen-

2019 5397 2208 5440 tentia.

2021 5477 2318 5532 Sciendum
2351 5494 2506 5546 sane,
2531 5479 2832 5532 Eusebium
2861 5479 3129 5548 Pamphili
3163 5482 3341 5536 tribus
3365 5484 3534 5540 libris

1946 5579 2266 5638 suspectqu
2335 5571 2489 5624 illum
2548 5569 2788 5622 Marcelli
2839 5576 3298 5628 commentarium
3368 5582 3516 5634 rclel-

339 5679 417 5748 (ί)
450 5678 764 5749 Legendum
794 5679 934 5737 forte
988 5678 1231 5749 Georgio,
1278 5695 1442 5752 supra
1486 5697 1607 5753 cap.
1643 5683 1673 5736 7
1705 5683 1833 5740 eod.
2021 5685 2096 5751 (2i
2126 5684 2390 5753 Singidon
2422 5683 2588 5738 hodie
2617 5683 2952 5751 Segediuun':
2985 5685 3213 5743 dicitur.
