3988 6190
400 218 505 283 263

1574 201 1581 209 ’
1635 200 2062 266 NICEPHORI
2100 201 2186 259 CA
2201 192 2443 258 LLlSTI

3567 188 3684 252 2³4

400 338 535 392 lisse
565 333 666 404 (i).
705 331 925 402 Scripto
961 342 1202 398 namque
1229 340 1296 381 eo
1327 324 1381 380 in
1412 333 1599 395 partes
1628 337 1756 378 suas
1783 319 1984 382 diviso,
2015 364 2023 381 ι

2132 315 2284 368 έλλου
2317 308 2585 380 ἀνέτρεψε
2632 308 2979 379 σύγγραμμα
3002 347 3018 373 ,
3050 307 3126 373 ὡς
3172 307 3267 360 καὶ
3298 304 3493 378 πρώην
3521 310 3691 380 εἰρη-

403 427 609 483 deinde
644 423 1080 479 confutationem
1116 421 1284 474 infert
1321 435 1334 472 :
1374 417 1541 486 idque
1573 415 1628 471 in
1668 421 1782 468 toto
1819 424 1986 481 opere

405 518 555 575 facit.
616 518 696 572 Ex
744 515 949 584 quibus
1003 511 1163 565 libris
1210 508 1471 564 Socrates
1513 506 1753 576 scriptor
1805 503 1986 557 eccle-

408 609 666 664 siasticus
724 605 964 676 plurima
1021 600 1259 670 allegat,
1320 605 1660 666 quapropter
1710 592 1985 649 Eusebius

408 701 565 771 quasi
598 699 840 753 Arianus
878 702 1095 749 laxatus
1122 692 1211 745 sit.
1247 693 1326 744 Ac
1355 689 1618 756 deinceps
1649 685 1843 748 refert,
1876 682 1992 752 pri-

310 824 313 829 ν
408 809 512 847 mae
567 789 780 861 synodo
843 802 968 841 cum
1024 783 1381 847 interfuisse,
1435 780 1665 855 aliisque
1718 774 1994 846 episcopis

409 884 655 940 decretis
713 877 985 935 faciendis
1035 876 1388 931 consensisse
1439 890 1452 925 :
1503 871 1665 925 sicuti
1718 866 1996 923 Eusebius

410 978 530 1046 ipse
584 974 638 1029 in
692 971 858 1026 tertio
912 968 980 1023 ad
1033 966 1456 1024 Constantinum
1507 963 1653 1016 lilzro
1704 964 1992 1013 memoret.

411 1067 631 1124 Profert
665 1078 802 1118 vero
837 1063 980 1117 idem
1017 1069 1073 1115 et
1107 1060 1247 1128 piam
1293 1057 1410 1127 ejus
1451 1055 1504 1107 in
1549 1052 1706 1117 illud,
1745 1051 1998 1102 Dom’nus

414 1157 609 1213 creavit
641 1173 720 1211 me
749 1156 964 1209 initium
1007 1153 1217 1206 viarum
1252 1163 1470 1203 suarum
1500 1147 1543 1209 ‘,
1578 1143 1998 1213 interpretatio-

416 1266 565 1317 nem,
612 1249 666 1302 in
721 1263 829 1316 qua
886 1246 1003 1299 haec
1052 1247 1132 1297 sic
1184 1241 1425 1296 scribit:
1466 1257 1483 1289 ι
1526 1237 1683 1304 Quod
1731 1235 1998 1289 Dominus

419 1341 664 1410 seipsum
712 1344 957 1391 creatum
990 1349 1114 1389 esse
1150 1333 1250 1396 ait,
1288 1347 1395 1385 non
1434 1330 1537 1385 hoc
1568 1343 1701 1383 sane
1736 1327 1807 1381 ita
1841 1326 1999 1389 dicit,

419 1442 681 1500 tauquam
736 1429 830 1498 qui
883 1437 1044 1480 antea
1096 1440 1206 1478 non
1256 1423 1449 1488 fuerit,
1487 1437 1551 1476 ac
1600 1429 1714 1474 tum
1762 1420 2000 1488 primum

419 1540 540 1580 esse
573 1522 806 1591 cmperit
839 1536 852 1572 :
888 1529 948 1573 ut
998 1515 1465 1588 quemadmodum
1508 1512 1739 1580 reliqute
1783 1517 2004 1563 creatu-

423 1632 518 1681 ra},
558 1615 749 1668 itidem
803 1622 859 1667 ct
912 1612 1030 1680 ipse
1082 1625 1149 1662 ex
1196 1622 1309 1661 non
1355 1606 1656 1661 exsistente
1706 1599 2000 1663 exstiterit,

2096 421 2295 475 καμεν,
2349 402 2419 455 τὰ
2473 401 2611 469 πρὸς
2654 399 2978 470 Μάρκελλον
3030 398 3352 475 ἐπιγράψας
3399 398 3464 452 τδ
3509 400 3691 452 σπού-

2096 501 2303 568 δασμα.
2333 496 2634 566 Διαιρήσας
2672 494 2779 562 γὰρ
2816 495 2895 555 εἰς
2928 491 3093 562 μέρη,
3123 491 3317 544 ἔπειτα
3356 490 3457 561 τὴν
3490 492 3689 564 avrti)-

2101 593 2264 662 ρησιν
2296 587 2515 656 ὲπάγει’
2535 588 2629 639 καὶ
2666 586 2828 639 τοῦτο
2848 585 2913 639 δι’
2936 585 3058 639 ὅλου
3099 587 3260 637 ποιεῖ.
3304 584 3393 651 Ἐξ
3420 577 3481 637 οὗ
3515 602 3690 637 σπου·

2097 684 2377 753 δάσματος
2412 680 2588 733 πολλὰ
2631 678 2955 749 παρατιθεὶς
2990 677 3291 748 Σωκράτης
3321 679 3352 731 ό
3388 677 3456 731 τὰ
3482 679 3693 746 ἐκκλη-

2101 774 2361 829 σιαστικᾶ
2380 771 2866 842 συγγραψάμενος.
2892 771 3175 825 ἐνίσταται
3204 771 3452 833 πλεῖστα,
3472 770 3547 833 ὡς
3567 771 3694 822 δισ-

2104 869 2356 921 6ἀλλοιτο
2404 865 2668 928 Εὐσέϐιος
2694 864 2763 916 τὰ
2800 862 3013 933 Ἀρείου
3047 863 3266 932 φρονῶν
3294 879 3308 893 ο
3349 864 3692 931 παρεισάγει

2101 959 2210 1028 γὰρ
2232 959 2309 1029 τῷ
2325 975 2383 1010 τε
2409 960 2474 1028 τῇ
2499 956 2691 1025 πρώτῃ
2728 955 2932 1024 συνόδῳ
2958 954 3122 1006 αὑτὸν
3153 956 3435 1022 παρεῖναι,
3452 956 3548 1008 καὶ
3570 958 3692 1017 τοῖς

2100 1051 2308 1112 λοιποῖς
2329 1049 2610 1118 ὁμόφρονα
2632 1046 2971 1114 καταστῆναι
2992 1061 3006 1075 ⁸
3028 1044 3102 1107 ὡς
3128 1044 3185 1097 ἐν
3211 1043 3289 1112 τῷ
3308 1045 3476 1115 τρίτῳ
3495 1044 3692 1115 βιϐλίῳ

2104 1141 2242 1210 πρὸς
2275 1140 2692 1192 Κωνσταντίνον
2717 1138 2880 1200 αὐτὸς
2909 1137 3120 1199 ἐκεῖνός
3167 1153 3355 1205 φησιν.
3405 1136 3692 1205 Ἒκτίθησι

2103 1233 2160 1286 δὲ
2186 1232 2280 1285 καὶ
2304 1232 2403 1300 τὴν
2446 1233 2525 1293 είς
2571 1231 2652 1296 τὸ,
2694 1231 2913 1294 Κύριος
2945 1228 3151 1282 ἕκτισέ
3174 1245 3251 1298 με
3283 1227 3482 1298 ἀρχὴν
3530 1228 3697 1283 ὁδῶν

2103 1322 2312 1385 αὐτοῦ,
2349 1321 2551 1390 εὐσεϐῆ
2587 1322 2869 1389 ὲξήγησιψ
2891 1320 2950 1371 ἐν
3050 1319 3144 1372 καὶ
3164 1319 3340 1375 ταῦτὰ
3359 1337 3554 1390 φησιν’
3581 1338 3601 1371 ι
3626 1307 3696 1372 Εἰ

2106 1410 2164 1463 δὲ
2189 1409 2339 1477 λέγει
2357 1411 2384 1461 ό
2403 1408 2605 1477 Κύριος
2631 1407 2880 1461 ἐκτίσθαι
2916 1407 3133 1473 ἑαυτὸν,
3163 1408 3264 1477 οὐχ
3288 1407 3366 1469 ὡς
3398 1409 3462 1460 ὲκ
3488 1408 3585 1460 τοῦ
3612 1408 3698 1476 μὴ

2107 1501 2261 1565 ὄντος
2284 1503 2363 1564 είς
2390 1500 2449 1554 τδ
2475 1498 2615 1554 εἶναι
2644 1501 2957 1571 παρελθὼν,
2982 1500 3156 1555 ταῦτα
3175 1500 3242 1554 ἂν
3270 1503 3415 1555 εἴποι
3438 1504 3550 1566 τοῖς
3581 1502 3699 1554 λθ.-

2112 1597 2231 1657 ποῖς
2254 1595 2521 1663 κτίσμασι
2548 1594 2643 1649 καὶ
2674 1594 2838 1657 αὐτὸς
2867 1595 3072 1662 ὁμοίως
3099 1598 3164 1648 ὲκ
3189 1595 3282 1649 τοῦ
3315 1599 3390 1667 μὴ
3421 1598 3571 1662 ὄντος
3594 1616 3698 1666 γε-

421 1706 673 1762 nonnulli
723 1720 830 1757 non
878 1710 1028 1757 recte
1078 1708 1444 1769 acceperunt;
1496 1700 1589 1751 sed
1633 1705 1696 1749 ut
1742 1703 2001 1750 constans

2128 1685 2299 1751 ὀνὼς,
2326 1687 2516 1750 ὃτινες
2544 1686 2643 1740 οὐκ
2672 1687 2853 1757 ὀρθῶς
2892 1688 3420 1757 ὑπειλήφασιν,ἀλλ⁹
3453 1692 3527 1754 ὡς
3560 1692 3698 1758 ὕφε-

424 1800 648 1870 quidem
679 1806 732 1851 et
767 1798 958 1850 vivens
987 1802 1042 1848 et
1072 1792 1462 1863 prmcxsistens
1493 1799 1658 1858 atque
1694 1787 2007 1841 subsistens

428 1900 555 1945 ante
609 1892 780 1943 totius
827 1887 1017 1941 mundi
1065 1884 1550 1950 constitutionem,
1589 1881 1659 1936 ad
1708 1880 2006 1950 regendum

428 1990 613 2036 autem
648 1990 704 2035 et
746 1978 1249 2033 administrandum
1288 1977 1544 2029 universa
1575 1989 1603 2028 a
1637 1974 1868 2028 Domino
1909 1987 2010 2026 suo

392 2106 394 2108 τ
430 2074 605 2142 ipsius
659 2070 822 2125 Patre
860 2069 1187 2133 ordinatus;
1243 2076 1302 2121 ut
1352 2081 1419 2121 eo
1462 2065 1584 2119 loco
1627 2062 2009 2139 hoc.verbum

431 2162 648 2223 creavit,
689 2175 786 2228 pro
832 2159 1001 2213 verbo
1034 2158 1296 2211 ordinavit
1348 2172 1445 2210 seu
1506 2156 1796 2221 constituit,
1829 2153 1900 2207 sit
1931 2151 2012 2205 di-

434 2262 605 2307 ctum.
638 2252 839 2319 Aperte
871 2258 1023 2302 certe
1057 2247 1283 2316 quidem
1322 2245 1608 2299 hominum
1648 2242 1932 2311 principes,
1959 2251 2014 2295 et

436 2346 607 2400 duces
669 2352 976 2397 creaturam
1043 2339 1353 2394 nominavit
1414 2338 1699 2407 apostolus
1755 2335 1945 2389 dicens
1997 2349 2012 2386 :

437 2436 669 2504 Subjecti
716 2434 877 2504 igitur
920 2440 1085 2486 estote
1121 2431 1266 2483 omni
1301 2432 1549 2482 humana:
1583 2440 1846 2480 creatura:
1890 2442 2016 2494 pro-

437 2538 553 2600 pter
606 2527 926 2588 Dominum,
974 2525 1081 2578 sive
1136 2524 1247 2593 regi
1292 2522 1445 2591 quasi
1498 2519 1856 2591 prwceltenti,
1914 2519 2021 2571 sive

436 2622 651 2675 ducibus
707 2632 963 2689 tanquam
1007 2616 1071 2670 ab
1121 2631 1179 2669 eo
1220 2615 1392 2669 missis
1428 2615 1471 2668 ’.
1531 2613 1595 2666 Et
1634 2612 1900 2682 prOpheta
1955 2624 2022 2663 ex

440 2729 674 2783 persona
721 2713 812 2765 Dei
844 2711 1036 2765 dicens
1065 2727 1079 2763 :
1111 2708 1247 2762 Ecce
1299 2723 1392 2778 ego
1442 2706 1667 2773 ﬁrmans
1709 2706 2021 2764 tonitruum,

444 2814 493 2857 et
528 2820 714 2857 creans
752 2803 1038 2871 Spiritum,
1071 2809 1118 2854 et
1149 2799 1478 2853 annuntians
1510 2797 1578 2850 ad
1608 2797 1842 2850 homines
1878 2794 2028 2849 Chri-

441 2906 582 2950 stum
610 2897 721 2964 ejus
754 2895 773 2925 ³
809 2913 823 2948 :
860 2895 959 2948 hoc
988 2892 1217 2945 verbum
1255 2907 1465 2954 creans,
1494 2901 1605 2942 non
1632 2903 1694 2942 ea
1727 2886 2027 2949 sententia,

445 2988 591 3054 quod
651 2993 811 3038 antea
865 2998 975 3036 non
1030 2982 1216 3046 fuerit,
1269 2981 1511 3048 accepit;
1564 2995 1672 3033 non
1717 2979 1865 3033 enim
1910 2986 2024 3031 tum

447 3078 592 3131 Deus
641 3076 851 3130 creavit
894 3075 1185 3143 Spiritum,
1231 3089 1359 3127 eum
1403 3072 1678 3127 Christum
1723 3087 1884 3126 suum
1933 3087 2029 3141 per

451 3181 576 3218 eum
633 3163 958 3217 hominibus
1017 3162 1402 3225 aununtiarit;
1456 3175 1635 3230 neque
1684 3174 1878 3215 recens
1926 3158 2029 3212 sub

449 3259 565 3311 sole
595 3257 719 3315 fuit.
755 3257 862 3311 Sed
895 3256 1077 3309 fuerat
1109 3255 1334 3324 quidem
1363 3254 1475 3320 ille,
1505 3262 1562 3308 et
1589 3254 1987 3323 prmexstiterat
2014 3270 2028 3307 :

452 3350 655 3403 missus
690 3356 875 3402 autem
914 3355 1028 3400 tum
1064 3356 1169 3411 est,
1202 3360 1313 3414 quo
1348 3354 1598 3415 tempore
1637 3344 1869 3413 apostoli
1905 3359 2032 3397 con-

454 3439 661 3510 gregali
717 3449 875 3493 erant
917 3455 1046 3493 cum
1082 3439 1252 3492 instar
1283 3437 1523 3493 tonitrus
1567 3453 1599 3492 e
1646 3437 1785 3493 caelo
1818 3437 2033 3492 sonitus

457 3534 736 3602 provenit,
774 3539 1035 3600 tanquam
1067 3531 1419 3587 advenientis
1451 3531 1617 3586 ﬂatus
1649 3530 1990 3584 vehementis
2017 3547 2032 3583 :

458 3625 563 3679 hoc
604 3625 774 3677 verbo
805 3639 1015 3687 creans,
1051 3639 1152 3692 pro
1184 3638 1251 3677 eo
1290 3622 1439 3693 quod
1487 3634 1573 3677 est
1609 3621 1908 3683 demittens,
1939 3630 2036 3675 aut

455 3715 710 3768 ordinans
762 3730 857 3767 seu
905 3723 1167 3776 statuens,
1204 3714 1422 3783 posito;
1466 3713 1671 3768 tonitru
1718 3729 1847 3767 vero
1893 3712 2033 3781 ipso,

456 3794 567 3860 alio
625 3808 864 3875 quodam
942 3807 1105 3861 modo
1159 3807 1535 3876 evangelicum
1591 3804 2037 3875 praedicationem

459 3899 829 3969 significante.
863 3896 994 3953 Tale
1033 3906 1118 3953 est
1161 3908 1218 3953 et
1263 3897 1398 3953 illud
1431 3916 1444 3951 :
1481 3897 1586 3953 Cor
1624 3898 1876 3952 mundum
1916 3912 2036 3950 crea

461 3990 517 4043 in
550 4006 650 4053 me,
683 3990 819 4044 Deus
848 3991 889 4043 ⁸.
912 3991 1073 4060 700
1115 3992 1207 4045 ubi
1254 4007 1365 4045 non
1396 3991 1488 4045 ille
1521 3991 1745 4060 quidem
1779 3999 2039 4059 tauquam

460 4097 558 4135 cor
590 4098 698 4134 non
729 4083 961 4147 habens,
988 4084 1082 4137 sed
1118 4092 1178 4137 ut
1203 4085 1422 4138 tandem
1453 4083 1675 4137 habenti
1704 4094 1760 4138 et
1786 4082 2043 4152 purifica-

466 4181 621 4225 retur
668 4181 724 4226 et
777 4174 1161 4241 perficeretur,
1208 4185 1463 4242 precatus
1505 4183 1608 4228 est.
1647 4174 1713 4228 Et
1750 4174 1883 4229 illud
1923 4194 1935 4228 :
1978 4174 2041 4227 Ut

462 4272 668 4315 crearet
715 4263 845 4315 duos
896 4264 949 4316 in
1006 4281 1166 4316 unum
1211 4281 1397 4318 nouum
1440 4266 1700 4319 hominem
1728 4267 1787 4333 ⁵,
1825 4283 1923 4336 pro
1961 4283 2045 4319 co-

464 4360 607 4423 geret
656 4370 753 4408 seu
802 4366 1169 4426 congregaret.
1217 4355 1355 4410 Vide
1388 4371 1555 4425 porro
1584 4371 1652 4409 an
1687 4371 1798 4410 non
1839 4357 1943 4411 tale
1976 4358 2048 4410 sit

466 4456 522 4500 et
557 4446 688 4499 illud
726 4469 735 4499 :
770 4445 983 4500 Induite
1025 4464 1214 4500 norum
1251 4448 1535 4509 hominem,
1567 4449 1850 4501 secundum
1890 4448 2053 4501 Deum

466 4540 772 4592 creatum“.
808 4539 939 4592 Item
978 4538 1110 4591 illud
1148 4555 1161 4593 :
1195 4538 1254 4592 Si
1281 4539 1398 4608 quis
1432 4539 1485 4590 in
1510 4537 1718 4593 Christo
1746 4556 1878 4593 nova
1903 4557 2050 4594 crea-

470 4642 593 4685 tura
623 4633 668 4699 ⁷;
702 4642 759 4686 et
793 4648 1139 4702 qua-cunque
1174 4642 1305 4686 sunt
1348 4626 1651 4702 ejusmodi.’
1680 4632 1747 4688 Ut
1787 4649 1853 4688 ne
1886 4635 2053 4687 mire-

473 4727 571 4786 ris,
602 4725 646 4778 si
695 4725 1072 4794 metaphoriee
1101 4733 1156 4778 et
1188 4740 1286 4794 per
1320 4724 1737 4779 translationem
1778 4726 1834 4779 in
1870 4726 2053 4779 verbis

476 4818 598 4871 Istis
623 4835 635 4871 ε
673 4818 926 4871 Dominus
958 4820 1161 4872 creavit
1189 4835 1269 4872 me
1298 4819 1351 4872 in
1382 4820 1534 4872 initio
1561 4818 1767 4872 viarum
1796 4834 2049 4883 suarum;

471 4911 687 4975 crearit,
724 4927 822 4979 pro
867 4911 1160 4974 constituit,
1214 4921 1308 4965 aut
1357 4912 1620 4964 ordinavit
1654 4911 1862 4965 dictum
1894 4912 1987 4964 sit.
2025 4929 2045 4962 ι

474 5000 601 5055 [huc
636 5004 689 5056 in
724 5005 891 5056 tertio
934 5005 1204 5057 adversus
1238 5003 1555 5059 Marcellum
1590 5004 1728 5058 libro
1757 5004 2051 5058 Eusebius.

477 5094 739 5148 Socrates
771 5103 952 5147 autem
989 5094 1107 5148 haec
1151 5111 1372 5165 quoque
1405 5096 1557 5150 hisce
1582 5095 1768 5149 verbis
1811 5111 1910 5165 pro
1945 5096 2054 5149 Eu-

475 5190 631 5244 sebio
664 5188 833 5241 refert
867 5204 880 5241 :
914 5205 931 5238 ι
970 5186 1105 5242 Cum
1135 5189 1318 5259 itaque
1352 5189 1625 5244 Eusebius
1668 5188 1898 5243 Nic-aena:
1927 5204 2055 5256 syn-

482 5281 568 5335 odi
624 5280 964 5335 mentionem
1009 5279 1241 5348 faciens,
1285 5281 1463 5337 soluta
1495 5296 1617 5336 esse
1646 5292 1701 5337 et
1733 5282 2056 5348 constituta,

574 5398 593 5429 ¹
618 5395 781 5466 Prov.
818 5411 937 5461 vm,
964 5394 1054 5449 22.
1134 5397 1155 5427 ³
1187 5395 1208 5450 l
1240 5395 1386 5452 Pctr.
1423 5396 1491 5466 ll,
1520 5395 1609 5464 1⁸5,
1636 5397 1720 5450 14.

478 5468 570 5522 θλ.
646 5465 738 5520 "ll
769 5466 899 5521 Cor.
928 5481 983 5533 ν,
1021 5466 1111 5520 17.

553 5629 632 5702 (1)
672 5632 829 5686 Socr.
866 5632 964 5687 lib.
1004 5646 1061 5700 ιι,
1095 5648 1213 5704 cap.
1249 5632 1339 5689 ΞΟ.

1820 5398 1841 5429 ³
1881 5397 2046 5453 Amos
2081 5395 2273 5465 tv,15.

2112 1775 2253 1840 στὼς
2295 1776 2395 1848 μὲν
2440 1778 2537 1832 καὶ
2567 1776 2679 1841 ζῶν
2700 1816 2716 1841 .
2747 1778 2932 1851 προών
2963 1796 3022 1833 τε
3057 1782 3152 1833 καὶ
3187 1785 3559 1852 προῦπὰρλων
3591 1785 3699 1852 τῆς

2112 1867 2208 1921 τοῦ
2241 1867 2444 1930 παντὸς
2468 1867 2681 1937 κόσμου
2717 1868 3297 1941 συστάσεως.“Αρχειν
3321 1871 3378 1923 δὲ
3421 1873 3529 1924 τῶν
3554 1873 3702 1924 ὅλων

2112 1960 2216 2014 ὑπὸ
2237 1960 2329 2015 τοῦ
2360 1961 2568 2037 Κυρίου
2591 1960 2684 2014 τοῦ
2704 1959 2898 2015 ἑαυτοῦ
2932 1962 3146 2034 Πατρδς
3177 1967 3655 2033 κατατεταγμένος
3684 2004 3701 2028 ,

2111 2052 2207 2106 τοῦ
2236 2053 2484 2108 ἔκτισεν
2504 2092 2520 2120 ,
2550 2051 2791 2107 ἐνταῦθα
2829 2053 2955 2107 ἀντὶ
2996 2053 3090 2107 τοῦ
3127 2054 3456 2119 κατέταξεν
3488 2054 3520 2120 ἦ
3555 2072 3701 2108 κατι

2114 2144 2475 2209 εσκεύασεν,
2499 2144 2818 2214 εἰρημένου.
2854 2144 3168 2215 Διαρῤἡδην
3196 2145 3290 2198 οὖν
3319 2146 3447 2208 τοὺς
3492 2148 3549 2198 ἑν
3606 2149 3706 2199 ἁν-

2117 2237 2360 2309 θρώποις
2379 2237 2647 2308 ἄρχοντας
2675 2237 2771 2289 καὶ⁵
2800 2238 3077 2307 ἡγεμόνας
3102 2235 3281 2290 κτίσιν
3312 2237 3600 2307 ὠνόμασεν
3620 2240 3705 2290 εἰ·

2118 2330 2238 2386 -πὼν
2268 2331 2297 2383 ὁ
2334 2329 2633 2391 ἀπόστολος
2659 2344 2672 2356 ·
2713 2329 3087 2397 ’Υποτὰγητε
3112 2325 3229 2384 οὖν
3269 2330 3444 2403 πείσῃ
3474 2332 3707 2401 ἀνθρω-

2119 2423 2265 2489 πίνῃ
2285 2421 2481 2475 κτίσει
2506 2419 2605 2474 διὰ
2624 2421 2732 2473 τόν
2754 2421 2974 2490 Κύριον
2991 2436 3004 2452 ⁸
3021 2423 3144 2474 εἴτε
3158 2422 3413 2485 ,βασιλεῖ
3430 2426 3509 2490 ὡς
3524 2428 3711 2492 ὑπερ-

2120 2514 2347 2583 έχοντι,
2370 2513 2489 2567 εἴτε
2520 2513 2816 2582 ἡγεμόσιν
2839 2513 2920 2578 ὡς
2942 2512 3014 2565 δι’
3048 2514 3235 2567 αὐτοῦ
3273 2515 3703 2584 πεμπομένοις.

2124 2608 2233 2660 Καὶ
2262 2608 2289 2659 ὁ
2321 2604 2492 2659 εἰπὼν
2522 2605 2578 2657 δὲ
2605 2605 2897 2675 προφήτης
2941 2606 3051 2659 ἀπὸ
3078 2607 3171 2660 τοῦ
3198 2606 3358 2673 Θεοῦ,
3400 2609 3558 2664 Ἰδοὺ
3589 2609 3708 2677 ἐγὼ

2125 2697 2391 2766 στερεῶν
2435 2698 2718 2767 ,βροντὴν
2750 2697 2853 2751 καὶ
2891 2698 3108 2763 κτίζων
3133 2700 3395 2770 Πνεῦμα,
3430 2702 3528 2754 καί
3557 2704 3707 2757 ἀποο

2124 2793 2399 2846 στέλλων
2427 2795 2516 2858 είς
2556 2790 2916 2859 ἀνθρώπους
2954 2791 3070 2844 τὸν
3122 2794 3382 2859 Χριστὸν
3409 2795 3616 2859 αὐτοῦ,
3647 2795 3709 2848 τὸ

2127 2885 2360 2953 κτίζων,
2396 2885 2495 2938 οὑκ
2547 2886 2611 2937 ὲκ
2661 2883 2756 2936 τοῦ
2785 2884 3076 2952 γεγονότος
3109 2886 3191 2949 είς
3224 2886 3568 2957 ἀνυπαρξίαν
3596 2905 3704 2940 πα-

2139 2977 2400 3047 ρείληφεν
2425 2992 2439 3007 ο
2468 2978 2529 3030 οὐ
2561 2977 2669 3048 γὰρ
2704 2978 2824 3030 τότε
2862 2978 3080 3031 ἔκτισεν
3129 2982 3155 3031 ὁ
3185 2979 3320 3043 Θεὸς
3355 2982 3415 3032 τὸ
3452 2980 3706 3050 Πνεῦμα,

2136 3071 2223 3122 ὅτε
2259 3070 2351 3121 τὸν
2386 3067 2623 3140 Χριστὸν
2653 3068 2819 3122 αὐτοῦ
2871 3068 2940 3122 δι’
2972 3069 3143 3123 αὐτοῦ
3185 3072 3353 3125 πᾶσιν
3389 3073 3710 3144 ἀνθρώποις

2134 3162 2526 3231 κατήγγειλεν
2556 3161 2677 3213 οὐδὲ
2725 3162 2833 3230 γὰρ
2880 3163 3197 3233 πρόσφατον
3233 3163 3341 3216 ὑπὸ
3386 3164 3481 3216 τὸν
3529 3164 3708 3234 ἥλιον·

2136 3252 2256 3306 ἀλλ’
2284 3249 2352 3322 ἧν
2389 3252 2493 3322 μὲν
2523 3252 2619 3306 καὶ
2648 3254 3009 3324 προϋπῆρχεν
3031 3270 3043 3283 ·
3080 3254 3445 3309 ἀπεστέλλετο
3476 3257 3558 3319 δὲ,
3587 3255 3712 3309 καθ’

2135 3344 2195 3399 ὃν
2222 3346 2415 3414 καιρὸν
2465 3340 2607 3416 ἦσαν
2652 3346 2702 3397 οἱ
2747 3344 3035 3399 ἀπόστολοι
3065 3349 3415 3417 συνηγμένοι,
3447 3349 3538 3402 ὅτε
3559 3343 3717 3417 δίκην

2141 3435 2377 3504 βροντῆς
2408 3437 2630 3503 ἐγένετο
2664 3431 2798 3506 ἦχος
2828 3438 2893 3489 ἐκ
2922 3436 3017 3490 τοῦ
3056 3439 3289 3509 οὐρανοῦ
3323 3444 3516 3512 ὥσπερ
3548 3460 3715 3512 φεροο

2143 3526 2312 3596 μένης
2348 3528 2518 3598 πνοῆς
2547 3526 2732 3597 βιαίας
2753 3545 2768 3560 ·
2804 3528 2898 3583 τοῦ
2932 3529 3142 3592 κτίζων
3170 3532 3290 3586 ἀντὶ
3307 3533 3401 3586 τοῦ
3419 3538 3721 3604 καταπέμ-

2139 3634 2270 3673 πων
2293 3620 2326 3690 ἦ
2355 3621 2763 3675 καταεάσσων
2791 3624 3109 3694 εἰρημένου*
3134 3627 3231 3693 τῆς
3251 3626 3307 3680 δὲ
3340 3627 3570 3696 βροντῆς
3595 3626 3720 3681 καθ’

2141 3712 2329 3781 ἕτερον
2373 3716 2576 3783 τρόπον
2621 3714 2682 3766 τὸ
2729 3715 3090 3783 εὐαγγελικδν
3116 3720 3385 3787 κήρυγμα
3425 3718 3719 3789 δηλούσηςο

2143 3804 2398 3857 Τοιοῦτόν
2431 3806 2548 3858 ἐστι
2572 3807 2669 3859 καὶ
2696 3807 2778 3871 τὸ,
2807 3806 3077 3876 Καρδίαν
3111 3812 3378 3879 καθαρὰν
3407 3813 3624 3866 κτίσον
3653 3814 3722 3865 ἐν

2142 3898 2293 3967 ἐμοὶ,
2329 3902 2362 3952 ὀ
2400 3899 2539 3965 Θεός
2570 3915 2585 3931 ⁸
2626 3900 2726 3969 οὐχ
2776 3901 2851 3965 ὡς
2906 3902 2981 3974 μὴ
3039 3904 3198 3972 ἔχων,
3235 3904 3350 3958 ἀλλ’
3387 3907 3471 3959 ὅτι
3521 3908 3723 3977 δήποτε

2142 3991 2470 4057 τελεσθῆναι
2508 3992 2771 4062 τοιαύτην
2828 3992 3048 4063 ηῠχετο·
3097 3999 3194 4050 καὶ
3230 3997 3312 4064 τὸ,
3355 3998 3489 4052 ἰνα
3540 4000 3721 4067 κτίσῃ

2145 4084 2288 4150 τοὺς
2333 4082 2451 4137 δύο
2507 4086 2594 4149 εἰς
2643 4083 2754 4138 ἕνα
2816 4086 3032 4139 καινεν
3082 4088 3433 4156 ἄνθρωπον,
3467 4091 3591 4143 ἀντὶ
3630 4092 3725 4144 τοῦ

2147 4179 2487 4243 συναγάγῃ.
2535 4175 2681 4241 Ὂρα
2731 4176 2941 4244 μήποτε
3001 4178 3247 4231 τοιοῦτόν
3296 4181 3416 4233 ἐστι
3472 4183 3568 4234 καὶ
3621 4187 3725 4246 τὸ,

2160 4262 2539 4316 Ἐνδύσασθε
2593 4263 2702 4314 τὸν
2756 4265 2972 4317 καινὸν
3021 4264 3339 4334 ἄνθρωπον
3397 4269 3506 4323 τὸν
3576 4272 3729 4323 κατὰ

2158 4354 2307 4409 Θεὸν
2338 4353 2679 4407 κτισθέντα·
2721 4356 2815 4407 καὶ
2844 4358 2924 4421 τὸ,
2958 4356 3031 4409 ΕΖ
3065 4375 3155 4423 τις
3195 4360 3263 4413 ἐν
3285 4360 3518 4427 Χριστῷ
3548 4380 3670 4416 mm
3698 4363 3729 4430 ἡ

2155 4449 2392 4510 κτίσις·
2426 4446 2521 4497 καὶ
2553 4445 2653 4497 ὅσα
2704 4446 2843 4500 ἄλλα
2896 4448 3145 4502 τοιαῦτα.
3206 4452 3295 4520 Μὴ
3354 4455 3645 4527 θαυμάσῃς
3682 4458 3732 4509 εἰ

2159 4545 2547 4614 μεταςορικῶς
2595 4548 2692 4599 καὶ
2739 4549 2795 4598 ἐν
2826 4546 2925 4614 τῷ,
2960 4550 3179 4617 Κύριος
3209 4550 3415 4603 ἕκτισέ
3434 4569 3512 4621 με
3536 4554 3736 4621 ἀρχὴν

2156 4631 2312 4687 ὁδῶν
2344 4633 2560 4698 αὑτοῦ,
2597 4635 2656 4687 τὸ
2703 4634 2949 4690 ἔκτισεν
2994 4641 3113 4691 ἀντὶ
3145 4640 3239 4691 τοῦ
3280 4641 3657 4706 κατέστησεν
3702 4642 3733 4709 ἢ

2162 4726 2494 4789 κατέταξεν
2518 4726 2761 4795 εἴρηται.
2800 4727 2986 4782 Ταῦτα
3019 4731 3076 4782 ὲν
3100 4730 3178 4799 τῷ
3205 4735 3378 4803 τρίτῳ
3414 4733 3550 4799 πρὸς
3581 4734 3737 4802 Μὰρ-

2157 4820 2347 4875 κελὶον
2391 4823 2418 4874 ὁ
2458 4822 2742 4885 Εὐσέϐιος.
2801 4823 2911 4875 Καὶ
2953 4824 3126 4878 ταῦτα
3176 4826 3233 4877 δὲ
3292 4827 3501 4892 λέξεσιν
3544 4830 3739 4891 αὐταῖς

2159 4918 2456 4986 Σωκράτης
2492 4916 2636 4987 ὑπὲρ
2666 4917 2833 4971 αὑτοῦ
2873 4935 3064 4989 φησιν’
3103 4938 3123 4972 ι
3161 4920 3224 4973 Et
3264 4921 3447 4973 τοίνυν
3480 4922 3740 4983 Εὐσέδιος

2156 5008 2255 5076 τῆς
2287 5010 2343 5062 ἐν
2398 5008 2610 5076 Nimia
2664 5008 2884 5062 συνόδου
2922 5010 3149 5080 μνήμην
3197 5013 3547 5083 ποιούμενος,
3577 5012 3739 5064 λελύ-

2160 5101 2285 5153 σθαι
2336 5100 2437 5169 μὲν
2480 5100 2548 5153 τὰ
2595 5100 2721 5153 τότε
2759 5101 3257 5172 ἀμφισϐητούμενα
3311 5105 3494 5172 ὶέγει,
3529 5105 3740 5165 πάντας

2156 5190 2214 5244 δὲ
2245 5191 2601 5259 όμοφωνῆσαι
2650 5191 2743 5243 καὶ
2788 5192 3150 5262 ὁμοδοξῆσαι·
3215 5197 3331 5260 πῶς
3376 5197 3739 5267 ’Λρειανίζειν

2160 5281 2305 5343 τινὲς
2351 5281 2514 5338 αὑτὸν
2548 5280 3029 5350 ὑπολαμϐάνουσις
3068 5284 3385 5338 Πλανῶνται
3423 5286 3479 5338 δὲ
3525 5286 3742 5354 ’Δρεια-

2353 5396 2374 5430 ⁸
2398 5396 2541 5454 Psal.
2570 5413 2625 5466 ι.,
2662 5397 2754 5454 12.
2830 5401 2851 5432 ³
2878 5400 3083 5470 Ephes.
3116 5416 3179 5468 ιι,
3213 5402 3302 5458 15.
3380 5402 3400 5432 ⁶
3422 5402 3626 5473 Ephes.
3658 5418 3736 5470 tv,
