3988 6190
232 293 342 353 21ἰὸ

1200 283 1794 348 EtICLESIASTlC/E
1837 281 2218 342 HISTORLE
2261 283 2404 342 Lm.
2451 282 2549 368 lx.

3385 281 3488 344 2ft}

231 407 340 462 νοί.
375 407 600 473 φρονεῖν
635 405 797 456 αὐτὸν
844 403 1163 469 νομίζοντες
1187 401 1254 452 τὰ
1281 400 1482 452 αὐτῶν.
1519 396 1661 449 Ἀλλ’
1697 397 1817 460 ἐρεῖ

1927 407 2039 460 qua!
2071 401 2183 446 tum
2228 393 2280 447 in
2316 392 2754 447 controversiam
2789 391 3025 446 deducta
3061 391 3296 451 fuerant.
3327 400 3488 460 atque

232 513 323 557 τις
355 495 435 558 ὡς
475 496 533 546 ὲν
564 496 680 556 τοῖς
712 493 896 559 λόγοις
930 491 1098 544 αὑτοῦ
1144 491 1501 560 Ἀρειανίξειν
1543 489 1710 548 δοκεῖ,
1739 486 1816 554 τῷ

233 586 484 655 συνεχῶς
518 589 719 653 λέγειν,
767 587 866 636 Διὰ
910 583 1178 652 Χριστόν·
1215 583 1353 650 πρὸς
1402 581 1460 635 ὃν
1490 579 1818 649 ἀποκρινού-

237 679 428 746 μεθα,
473 678 662 745 ὅτιτῇ
721 677 866 743 λέξει
920 675 1098 748 ταύτῃ
1155 673 1416 736 πολλάκις
1475 690 1568 726 κα.
1601 674 1652 724 οἱ
1713 671 1811 739 τῆς

244 769 591 838 Ἑκκλησίας
616 769 944 839 ἐχρήσαντο.
966 769 1063 820 καὶ
1084 768 1206 829 ταῖς
1231 765 1420 828 ἄλλαις
1438 767 1552 826 ταῖς
1582 761 1817 831 μηνυού-

240 877 366 922 σαις
409 859 509 930 τὴν
565 859 882 928 οἰκονομίαν
911 857 1016 926 τῆς
1049 857 1469 926 ἁνθρωπὸτητος
1500 855 1594 908 τοῦ
1634 855 1817 925 Σωτῆ-

241 969 342 1022 ρος
365 952 546 1022 ἡμῶν.
572 953 678 1003 Καὶ
702 951 806 1021 πρό
826 967 889 1018 γε
917 951 1174 1004 ἁπάντων
1198 948 1407 1002 τούτων
1429 951 1456 1001 ὁ
1492 947 1817 1009 ’Λπόστολος

241 1046 371 1107 ταῖς
431 1043 612 1108 λέξεσι
681 1043 912 1103 ταύταις
971 1043 1283 1113 ἐχρήσατο,
1334 1042 1429 1094 καὶ
1457 1041 1709 1094 ούδέποτε
1741 1039 1818 1102 ὠς

241 1131 574 1193 κακοδοξῐας
617 1129 942 1192 διδασκαλος
978 1129 1268 1200 ἐνομίσθη.
1320 1148 1338 1180 ι
1373 1129 1478 1180 Καὶ
1510 1127 1666 1189 αὖθις
1695 1130 1817 1180 ἐπι-

242 1219 410 1288 φέρει
442 1220 646 1283 λέγων·
681 1236 700 1268 ι
728 1217 866 1271 Οὔτε
893 1221 1003 1287 γὰρ
1031 1219 1215 1288 ἔχουσι
1249 1218 1420 1281 δεῖξαι
1451 1219 1532 1270 ὅτι
1557 1219 1817 1280 Εύσέόιος

238 1311 426 1381 ἀρχὴν
457 1311 553 1379 τῆς
585 1309 876 1379 ὑπάρξεως
927 1309 1112 1362 δίδωσι
1149 1309 1226 1378 τῷ
1268 1309 1381 1377 Υίῷ
1413 1308 1506 1360 τοῦ
1534 1308 1690 1369 Θεοῦ,
1716 1307 1821 1360 κᾶν

237 1405 368 1463 ταῖς
418 1401 518 1470 τῆς
565 1401 882 1468 οξκονομίας
932 1399 1147 1465 λέξεσιν
1181 1403 1240 1454 ἐν
1269 1404 1383 1462 τοῖς
1414 1399 1642 1470 βιϐλίοις
1673 1398 1821 1470 εὑρί-

229 1509 460 1548 σκωσιν
501 1493 664 1546 αὐτὸν
713 1493 1185 1564 καταχρώμενον·
1232 1494 1472 1563 μάλιστα
1528 1493 1585 1545 δὲ
1618 1497 1712 1546 καὶ
1738 1493 1819 1546 ὅτι

237 1587 344 1638 καὶ
390 1585 713 1654 θαυμαστὴς
767 1587 862 1637 καὶ
910 1585 1160 1656 ζηλωτὴς
1199 1587 1418 1654 ἐγένετο
1457 1585 1567 1639 τῶν
1608 1586 1822 1656 Ὠριγέ-

242 1694 372 1740 νους
430 1676 690 1745 βιϐλίων,
730 1677 788 1728 ὲν
833 1670 914 1739 οἷς
961 1676 1245 1746 πανταχοῦ
1283 1677 1373 1729 τὸν
1421 1676 1553 1730 Υἱὸν
1605 1679 1670 1729 ὲκ
1719 1677 1816 1730 τοῦ

243 1768 474 1837 ηατρδς
499 1767 832 1836 γεννηθέντα
875 1767 1225 1837 εὑρίσκουσιν
1260 1768 1310 1820 oi.
1348 1767 1458 1821 τῶν
1510 1770 1818 1840 Ὠριγένους

245 1859 479 1928 βιϐλίων
508 1860 569 1911 τὸ
603 1857 764 1928 βάθος
800 1862 1134 1930 κατανοῆσαι
1165 1859 1476 1929 δυνάμενοι.
1523 1877 1542 1910 ι
1579 1860 1820 1913 Τοιαῦτα

245 1959 346 2013 καὶ
402 1958 570 2028 ἕτερα
642 1957 944 2028 Σωκράτης
995 1955 1364 2030 παρατιθεὶς,
1423 1954 1822 2027 διισχυρίζεται

243 2049 532 2116 τάσφαλὲς
559 2046 653 2100 τοῦ
687 2047 961 2116 δόγματος
1002 2045 1247 2115 Εὑσεϐίῳ
1280 2047 1640 2116 περιτιθέναι.
1681 2044 1824 2112 Ἐγὼ

241 2145 303 2197 δὲ
342 2143 644 2214 βουλοίμην
681 2141 748 2195 ἂν
795 2141 1000 2210 μᾶλλον
1040 2136 1183 2192 εἶναι
1229 2141 1324 2192 τὸν
1351 2140 1522 2209 ἄνδρα
1553 2139 1820 2193 τοιοῦτον·

242 2237 278 2302 ἡ
321 2234 384 2287 δὲ
422 2233 657 2286 καθόλου
699 2233 1003 2304 Ἐκκλησία
1037 2233 1098 2285 οὗ
1148 2231 1396 2286 τοιοῦτον
1429 2232 1570 2300 τάχα
1599 2233 1824 2304 ὑπείλη-

245 2339 381 2391 φενο
502 2323 702 2391 μᾶλλον
752 2321 987 2375 ἕπεσθαι
1039 2321 1272 2374 δίκαιον.
1325 2321 1386 2374 El
1433 2321 1480 2372 δ’
1515 2323 1723 2385 ἐκεῖνος
1765 2325 1824 2374 ἰν

240 2418 324 2484 τῷ
360 2415 606 2483 ἀσφαλεῖ
651 2413 754 2482 τῆς
801 2413 1090 2475 εὐσεϐείας
1136 2412 1312 2479 ἐστὶν,
1361 2413 1438 2478 ὡς
1477 2413 1636 2478 οὗτός
1668 2431 1822 2486 φησι,

241 2503 343 2554 καὶ
398 2500 579 2553 ταῦτα
629 2499 885 2561 Nouato;
940 2497 1042 2562 ὢν,
1081 2499 1162 2570 τῷ
1214 2499 1285 2552 τὰ
1327 2498 1520 2570 κρύφι⁹
1574 2501 1824 2572 ἁκριὸῶς

245 2593 476 2646 ὂιειδότι
527 2592 648 2660 Θεῷ
696 2593 904 2645 ἐατέον.
952 2589 1145 2645 Ταῦτα
1203 2591 1305 2661 μὲν
1359 2589 1567 2655 οὕτως⁸
1602 2595 1652 2645 oi
1684 2592 1730 2646 δ’
1766 2595 1826 2647 ὲν

245 2688 495 2757 Σαρδικῇ
555 2685 903 2749 συνελθόντες
977 2685 1123 2738 οὕτω
1177 2675 1650 2754 διαπραξὰμενοι,
1696 2686 1825 2738 ἑπο-

247 2779 479 2847 ρεύοντο
510 2779 738 2840 ἕκαστος
772 2778 860 2830 ἐπ’
887 2779 1061 2836 οἴκου.
1108 2779 1380 2831 Διεσπᾶτο
1411 2776 1469 2830 δὲ
1502 2776 1596 2830 τοῦ
1635 2777 1824 2832 λοιποῦ

243 2873 349 2939 τῆς
375 2870 524 2938 ἑῴας
555 2871 588 2938 ἡ
609 2869 786 2931 δύσις.
813 2869 1014 2922 Οὐκέτι
1045 2869 1155 2938 γὰρ
1187 2867 1264 2932 ὡς
1288 2869 1588 2938 ὁμόφροσιν
1633 2869 1828 2939 ἐπεμί-

255 2977 481 3029 γνυντο.
512 2960 624 3013 Καὶ
653 2960 780 3030 ὅρος
813 2960 912 3029 τῆς
940 2959 1253 3024 κοινωνίας,
1283 2963 1402 3024 ταῖς
1427 2961 1529 3031 μὲν
1552 2962 1826 3032 ἑσπερίοις

1917 497 2107 537 omnes
2133 498 2406 538 consensu
2444 499 2554 537 uno
2581 484 2772 538 eadem
2808 483 3055 538 sensisse
3087 492 3252 552 atque
3285 481 3488 536 dixisse

1920 575 2137 638 referat,
2179 577 2456 644 quomodo
2493 576 2718 646 quidam
2757 577 2915 630 illum
2969 575 3287 630 Arianisare
3316 576 3491 642 suspi-

1918 665 2151 719 cantur?
2203 667 2493 721 Falluntur
2537 683 2670 721 vero
2719 669 2905 722 Ariani
2964 668 3150 731 etiam,
3195 669 3288 736 qui
3338 667 3489 720 illum

1919 773 2042 812 cum
2081 759 2165 812 eis
2211 761 2458 813 sensisse
2494 759 2834 813 existimant.
2877 758 2982 813 Sed
3013 759 3158 811 dicet
3187 759 3403 825 aliquis,
3439 758 3490 808 in

1919 850 2139 920 scriptis
2165 853 2284 922 ejus
2318 853 2582 905 Arianum
2623 866 2745 906 esse
2778 867 2907 903 eum
2948 851 3144 913 videri,
3177 861 3489 918 prOplCl'Cn,

1920 941 2064 1009 quod
2107 942 2421 1011 frequenter
2457 941 2626 1007 dicat,
2662 941 2766 995 Per
2801 941 3080 995 Christum
3123 941 3228 1010 (l).
3275 940 3374 993 Cui
3411 953 3494 992 re-

1921 1035 2277 1102 spondemus,
2313 1034 2416 1088 hac
2449 1035 2729 1089 locutione
2759 1049 3138 1103 sa-pcnumero
3159 1032 3491 1087 ecclesiasti-

1920 1141 2014 1179 cos
2043 1125 2189 1180 viros
2221 1141 2347 1180 usos
2367 1141 2514 1190 esse,
2537 1125 2791 1195 aliisque,
2821 1125 3028 1193 quibus
3059 1123 3363 1178 oeconomia
3393 1137 3490 1176 seu

1922 1233 2125 1273 munus
2158 1219 2519 1273 humanitatis
2555 1217 2869 1272 Servatoris
2912 1220 3086 1270 nostri
3131 1215 3490 1283 significatur.

1924 1313 1991 1367 Et
2035 1321 2164 1366 ante
2213 1325 2406 1364 omnes
2459 1311 2594 1365 istos
2641 1310 2942 1379 Apostolus
2991 1311 3109 1376 ipse
3159 1307 3324 1362 verba
3377 1307 3491 1359 haec

1923 1402 2251 1473 usurpavit:
2285 1411 2340 1456 et
2383 1416 2660 1470 nunquam
2710 1410 2896 1454 tamen
2953 1397 3122 1452 veluti
3158 1412 3337 1466 prava!
3371 1397 3490 1464 opi-

1923 1496 2105 1551 nionis
2135 1495 2354 1549 habitus
2379 1503 2463 1549 est
2490 1496 2697 1548 doctor.
2730 1511 2748 1543 ι
2786 1493 2861 1546 Ac
2890 1489 3256 1545 rursum‘bacc
3287 1488 3488 1540 infert:

1928 1606 1947 1639 ι
1979 1588 2096 1642 Νοη
2129 1586 2275 1642 enim
2311 1585 2603 1642 ostendere
2635 1594 2919 1652 poterunt,
2951 1583 3247 1636 Eusebium
3283 1582 3492 1649 princi-

1925 1678 2076 1748 pium
2123 1679 2459 1733 exsistentiae
2507 1677 2749 1731 tribuere
2801 1677 2937 1730 Filio
2987 1675 3386 1743 Dei,quamvis
3432 1671 3487 1724 in

1925 1771 2080 1826 libris
2108 1770 2229 1840 ejus
2260 1770 2580 1826 meonomire
2620 1769 2735 1823 sive
2773 1767 3199 1837 dispensationis
3237 1764 3490 1818 humana:

1923 1861 2112 1916 verbis
2150 1861 2301 1915 abuti
2346 1876 2476 1916 eum
2521 1860 2826 1914 inveniant.
2873 1858 3102 1912 Maxime
3151 1869 3298 1916 vero,
3341 1852 3486 1921 quod

1925 1953 2225 2008 admirator
2253 1962 2312 2007 et
2357 1953 2644 2007 aemulator
2672 1950 2927 2019 Origenis
2968 1949 3236 2002 librorum
3282 1946 3405 2005 fuit,
3435 1944 3485 1996 iu

1925 2045 2129 2115 quibus
2158 2044 2365 2113 ubique
2396 2043 2593 2098 Filium
2625 2057 2690 2095 ex
2719 2043 2881 2096 Patre
2906 2041 3147 2110 genitum
3176 2053 3298 2092 esse
3333 2051 3488 2104 repc-

1927 2136 2100 2199 riunt,
2128 2135 2223 2204 qui
2267 2133 2520 2203 Origenis
2552 2133 2817 2189 librorum
2852 2147 3083 2186 acumen
3118 2129 3335 2200 assequi
3369 2145 3490 2197 pos-

1926 2235 2074 2280 sunt.
2115 2243 2135 2278 ι
2170 2224 2296 2280 Haec
2324 2235 2378 2280 et
2406 2225 2509 2279 alia
2540 2223 2798 2278 Socrates
2827 2223 3083 2287 aﬂ'erens,
3111 2221 3486 2276 sinceritatem

1927 2318 2194 2374 doctrinas
2218 2318 2460 2373 Eusebio
2487 2318 2762 2372 ascribere
2792 2315 3097 2371 contendit.
3130 2315 3242 2385 Ego
3266 2313 3486 2382 quidem

1930 2412 2092 2466 talem
2147 2412 2330 2480 potius
2379 2411 2558 2463 virum
2606 2424 2736 2464 eum
2786 2408 2957 2462 fuisse
3005 2408 3166 2460 velim
3200 2423 3214 2460 :
3246 2403 3489 2460 Ecclesia

1925 2514 2106 2558 autem
2137 2501 2421 2557 Catholica
2451 2515 2560 2555 non
2595 2503 2756 2554 talem
2792 2499 3026 2554 fortasse
3059 2498 3292 2570 judicat,
3324 2511 3489 2566 quam

1931 2596 2112 2664 potius
2149 2595 2302 2662 sequi
2350 2609 2447 2662 par
2472 2600 2596 2646 ‘est.
2629 2592 2710 2645 An
2743 2606 2875 2645 vero
2907 2590 2997 2645 ille
3035 2600 3190 2644 certo
3225 2590 3278 2644 in
3312 2589 3491 2658 pieta-

1933 2687 2002 2740 tis
2029 2687 2349 2740 sinceritate
2376 2684 2468 2747 sit,
2501 2683 2662 2737 sicuti
2715 2682 2816 2736 iste
2843 2681 2936 2752 qui
2975 2681 3199 2752 quidem
3236 2681 3494 2735 Novatia-

1931 2793 2034 2832 nus
2062 2785 2166 2840 est,
2197 2776 2354 2840 dicit,
2383 2776 2437 2830 id
2477 2784 2732 2830 accurate
2766 2787 3027 2846 certoque
3059 2774 3272 2829 occulta
3306 2775 3491 2828 omnia

1930 2869 2281 2939 perspicienti
2328 2868 2434 2924 Deo
2479 2867 2923 2937 relinquendum.
2959 2867 3022 2920 Et
3047 2868 3114 2922 de
3143 2867 3228 2920 his
3267 2866 3490 2936 quidem

1928 2967 2084 3016 satis.
2128 2959 2437 3015 Sardicensi
2478 2975 2606 3015 vero
2653 2973 2931 3016 conventu
2974 2959 3046 3014 ita
3095 2968 3347 3028 peracto,
3394 2960 3493 3012 do—

251 3053 468 3122 μεταξὺ
514 3052 792 3120 Ἰλλυριῶν
815 3052 910 3105 καὶ
939 3051 1170 3122 Θρᾳκῶν
1201 3049 1290 3124 ἦν,
1324 3059 1454 3124 περὶ
1475 3054 1602 3119 ὅρος
1628 3053 1657 3108 δ
1686 3054 1818 3110 Σού-

1931 3069 2080 3110 mum
2125 3068 2183 3107 se
2216 3053 2450 3122 quisque
2490 3053 2717 3122 recepit.
2750 3053 2904 3122 701
2937 3041 3016 3107 Ac
3048 3051 3310 3121 deinceps
3335 3051 3495 3106 Occio

249 3161 418 3224 σακις
470 3144 775 3214 κέκληται’
823 3146 1139 3215 περαιτέρω
1191 3145 1248 3199 δὲ
1299 3148 1581 3200 κοινωνεῖν
1625 3147 1827 3218 ἥκιστα

252 3237 479 3307 ῆθελον,
532 3236 794 3306 διαφόρου
849 3236 1228 3306 τυγχανούσης
1277 3237 1379 3305 τῆς
1429 3238 1694 3302 πίστεως.
1727 3235 1828 3294 Οἷα

247 3327 308 3378 δὲ
358 3327 530 3394 φιλεῖ,
566 3327 635 3379 τὰ
668 3326 780 3378 τῶν
834 3326 1144 3396 ἐκκλησιῶν
1192 3328 1251 3378 ἐν
1302 3326 1581 3390 διαϐολαῖς
1630 3331 1723 3382 καὶ
1751 3330 1830 3383 δι·

250 3418 497 3488 χονοίαις
522 3413 687 3490 ἦσαν.
725 3420 831 3471 Καὶ
865 3419 1079 3489 μεγάλη
1114 3419 1328 3488 ταραχή
1361 3436 1446 3483 τις
1479 3423 1578 3474 καὶ
1617 3421 1824 3491 σύγχυ-

255 3527 344 3570 at;
401 3512 473 3578 τῇ
529 3509 772 3562 καθόλου
815 3510 1115 3579 Ἐκκλησία
1163 3512 1531 3581 επεχωρίαζε.
1568 3514 1676 3566 Καὶ
1720 3515 1830 3582 γὰρ

255 3602 532 3671 πρότερον
589 3603 638 3654 si
705 3607 802 3654 καὶ
855 3602 1105 3671 διάφοροι
1160 3602 1658 3671 καθειστήκεισαν,
1710 3605 1826 3658 ἀλλ’

255 3695 355 3745 ὲπε
368 3692 628 3762 μίγνυντο
656 3692 818 3755 τέως,
865 3694 962 3747 καὶ
1004 3695 1066 3747 οὐ
1117 3695 1262 3763 μέγα
1291 3695 1353 3747 es
1381 3695 1556 3749 δεινὸν
1587 3697 1826 3750 ἐποίουνθ

256 3784 628 3852 παραπλήσια
677 3784 784 3854 γὰρ
833 3785 912 3855 τῷ
967 3786 1361 3854 ἐπιμίγνυσθαι
1416 3789 1638 3857 φρονεῖν
1688 3791 1829 3843 κατὰ

255 3875 501 3946 Χριστὸν
531 3875 868 3942 ιθομίζοντο.
919 3876 1006 3928 Ἐν
1047 3877 1302 3947 συντόμῳ
1328 3877 1388 3930 δι
1431 3879 1681 3949 φάναι,ὴ
1728 3882 1828 3950 μὲν

253 3967 406 4020 κατὰ
445 3966 606 4019 δύσιν
658 3967 854 4020 ἅπασα
907 3965 1250 4038 Ἐκκλησία,
1298 3969 1386 4024 διὰ
1445 3972 1546 4042 τῆς
1596 3973 1826 4045 πατρίου

252 4056 510 4125 ἀγομένη
543 4053 866 4124 θρησκείας,
895 4053 1101 4125 ἕρημος
1131 4056 1308 4127 ἔριδος
1335 4053 1407 4128 ἢν
1434 4062 1526 4112 καὶ
1565 4059 1664 4128 τῆς
1697 4060 1828 4129 περὶ

251 4145 510 4212 δόγματα
562 4142 854 4212 τερθρείας
909 4144 1684 4218 ἀπηλλαγμένη.ἀκραιφνῶς
1727 4151 1828 4218 τὴν

252 4238 312 4289 ἐν
338 4232 554 4304 Νικαίᾳ.
585 4237 775 4286 ⁴κίστιν
809 4233 1200 4306 διατρανοῦσαο
1245 4235 1350 4288 κᾶν
1392 4239 1489 4292 καὶ
1516 4239 1652 4302 τέως
1685 4239 1828 4309 Θυρ-

256 4328 454 4389 σάκιος
497 4325 527 4377 δ
577 4325 899 4392 Παννονίας,
947 4328 1041 4380 καὶ
1087 4327 1376 4393 Λύξέντιος
1406 4332 1434 4383 ὁ
1477 4331 1826 4388 Μεδιολάνων

1930 3143 2067 3198 dens
2094 3143 2163 3197 ab
2199 3141 2423 3198 Oriente
2452 3156 2550 3212 per
2589 3143 2957 3196 secessionem
2988 3141 3200 3196 divisus
3223 3153 3326 3197 est.
3374 3143 3492 3196 Non

1930 3237 2166 3307 amplius
2191 3237 2339 3291 enim
2364 3235 2746 3291 Occidentales
2769 3250 2894 3289 cum
2923 3235 3317 3300 Orientalibus,
3347 3236 3492 3290 haud

1929 3328 2121 3383 eadem
2162 3343 2348 3384 secum
2391 3328 2781 3393 sentientibus,
2813 3328 3015 3398 negotii
3047 3330 3150 3384 sibi
3191 3329 3490 3398 quidquam

1928 3431 1986 3475 et
2034 3420 2440 3492 conjunctionis
2499 3435 2622 3475 esse
2672 3421 2918 3476 voluere.
2967 3419 3032 3473 Et
3085 3422 3492 3476 communionis

1935 3513 2060 3567 finis
2091 3512 2534 3570 Occidentalibus
2576 3512 2680 3565 fuit
2729 3513 2870 3566 inter
2903 3511 3176 3581 Illyricum
3222 3523 3278 3566 et
3316 3513 3494 3567 Thra-

1931 3603 2092 3666 ciam,
2124 3603 2269 3656 circa
2311 3611 2551 3654 montem
2587 3599 2680 3669 qui
2720 3600 2939 3655 Snsacis
2982 3600 3165 3653 dictus
3197 3609 3302 3655 est.
3341 3601 3492 3656 Ultra

1929 3710 2054 3752 eum
2102 3702 2284 3748 autem
2330 3694 2510 3746 locum
2559 3699 2783 3761 propter
2829 3692 3135 3745 variantem
3177 3689 3339 3744 fidem
3393 3693 3494 3744 mi-

1930 3789 2076 3842 nime
2115 3788 2261 3840 inter
2285 3801 2343 3840 se
2371 3787 2607 3839 invicem
2641 3783 3049 3838 communicare
3080 3783 3394 3838 voluerunt.
3423 3783 3494 3839 Ut

1931 3893 2064 3933 vero
2105 3877 2223 3932 fieri
2260 3879 2424 3940 solet,
2461 3876 2515 3929 in
2547 3874 2797 3930 ccclesiis
2856 3873 3142 3928 calumnia:
3186 3883 3242 3926 et
3282 3875 3493 3928 dissen-

1929 3971 2113 4026 siones
2144 3977 2324 4024 erant.
2357 3968 2423 4021 Et
2469 3967 2665 4034 ingens
2710 3965 2870 4020 turba
2911 3975 2968 4020 et
3004 3965 3254 4019 confusio
3302 3965 3492 4019 Eccle-

1929 4057 2066 4111 siam
2100 4056 2420 4110 catholicam
2464 4055 2687 4109 invasit.
2723 4056 2892 4109 Antea
2943 4056 3244 4124 siquidem,
3275 4056 3494 4110 etiarnsi

1928 4147 2286 4210 dissiderent,
2326 4145 2730 4200 consuetudine
2783 4155 2971 4200 tamen
3012 4146 3158 4201 inter
3200 4161 3258 4201 se
3296 4147 3493 4217 junge-

1930 4237 2153 4293 bantnr.
2187 4251 2290 4291 nec
2319 4236 2460 4291 adeo
2497 4252 2719 4306 gravem
2759 4252 2879 4290 eam
2927 4253 3040 4292 rem
3091 4239 3362 4308 putabant
3393 4256 3407 4291 :
3441 4248 3496 4293 et

1928 4328 2384 4382 consuetudinem
2417 4327 2691 4397 ejusmodi
2745 4327 3003 4384 eumdem
3034 4331 3102 4382 de
3129 4329 3348 4385 Christo
3371 4346 3495 4384 sen-

250 4422 462 4490 πείραν
515 4420 795 4490 προσῆγον
845 4418 1080 4490 διασπᾷν
1117 4420 1213 4473 καὶ
1259 4421 1395 4491 πρὸς
1422 4423 1522 4494 τὴν
1558 4425 1824 4494 ’Δρειανί-

1929 4434 2050 4474 sum
2079 4435 2199 4474 esse
2227 4421 2635 4476 existimabant.
2670 4422 2737 4475 Et
2766 4432 2826 4475 ut
2855 4423 3046 4491 paucis
3075 4421 3274 4488 dicam,
3309 4423 3495 4477 Eccle-

250 4516 460 4578 φυσαν
495 4512 762 4583 μεθιστᾷν
795 4512 977 4579 δόξαν,
1005 4513 1102 4566 τοῦ
1141 4513 1433 4584 Ῥωμαίων
1481 4516 1677 4586 θρόνου
1725 4521 1821 4571 καὶ

250 4605 362 4656 τῶν
396 4603 675 4674 ἐσπερίων
709 4603 888 4658 ἄλλων
935 4604 1129 4674 ἱερέων
1173 4605 1579 4675 ἐγρηγορότων,
1607 4608 1826 4672 καὶτὰς

249 4695 355 4760 τῆς
394 4694 665 4762 αἱρέσεως
705 4694 914 4765 ταύτης
947 4693 1189 4765 βλάστας
1238 4695 1434 4749 θᾶττον
1475 4698 1825 4763 ὲξανασπὼν-

250 4802 401 4838 τωνο
453 4787 488 4856 ἡ
539 4786 597 4839 δὲ
632 4785 746 4858 ἑῴα
803 4788 944 4850 μετὰ
999 4787 1100 4857 τὴν
1145 4788 1204 4840 ὲν
1254 4789 1558 4859 Ἀντιοχείᾳ
1606 4790 1826 4844 σύνοδον

253 4878 573 4941 ἐστασίαζε,
603 4879 697 4931 καὶ
728 4879 1054 4947 περιφανῶς
1085 4879 1226 4950 πρὸς
1265 4882 1366 4947 τὴν
1409 4882 1466 4932 ὲν
1491 4878 1834 4952 Νικαίᾳ’διε-

254 4968 482 5035 κρῐνετο
520 4966 724 5021 πίστιν.
773 4967 847 5021 Τὸ
897 4967 942 5021 δ’
980 4969 1206 5038 ἀληθὲς,
1251 4969 1390 5040 πλὴν
1441 4971 1516 5032 ὡς
1575 4973 1834 5039 συνάγειν

253 5060 474 5121 ἔνεστι,
513 5057 624 5109 τῶν
664 5059 766 5127 μὲν
819 5059 1088 5112 πλειόνων
1135 5062 1169 5129 ἡ
1222 5060 1415 5131 γνώμη
1472 5061 1610 5130 πρὸς
1640 5065 1742 5132 τὴν
1775 5067 1833 5116 ὲν

253 5149 465 5218 Νικαία
510 5149 672 5213 δόξαν
718 5152 1080 5220 συνέτρεχεν,
1125 5154 1190 5205 ἐκ
1239 5157 1337 5224 τῆς
1367 5153 1460 5207 τοῦ
1499 5155 1710 5222 Πατρὶς
1745 5156 1834 5208 ού-

253 5241 376 5294 σίαε
416 5243 512 5292 τὸν
559 5241 684 5292 Υίδν
724 5237 860 5294 εἶναι
911 5243 1317 5311 ὁμολογούντων
1341 5261 1358 5276 ο
1392 5247 1457 5313 τῇ
1494 5245 1541 5296 δ’
1573 5247 1636 5296 ἐκ
1681 5247 1832 5312 φιλο-

252 5333 468 5394 νεικίας
493 5331 632 5399 ἔριδι
665 5335 1052 5403 κατεχόμενοι,
1081 5336 1215 5405 πρὸς
1245 5336 1341 5406 τὴν
1367 5336 1656 5405 ὁμοούσιον
1682 5337 1830 5403 λέξιν

251 5425 514 5493 ἀκρατῶς
573 5423 889 5494 διεφέροντο
923 5439 937 5456 ⁸
965 5427 1016 5478 οἱ
1080 5427 1210 5497 μὲν,
1261 5427 1335 5492 ῶς
1373 5446 1516 5492 τινες
1565 5426 1736 5496 εἷπον,
1772 5432 1829 5495 ἐξ

1928 4511 2007 4565 sia
2042 4509 2409 4567 Occidentalis
2448 4514 2630 4567 omnis
2669 4515 2859 4582 patria:
2910 4514 3174 4567 insistens
3216 4514 3489 4583 religioni,

1928 4605 2302 4659 contentionis
2350 4620 2573 4674 expers,
2610 4614 2667 4658 et
2720 4621 2748 4659 a
2806 4605 2991 4659 studio
3034 4604 3102 4660 de
3147 4605 3494 4673 dogmatibus

1933 4694 2170 4762 ungandi
2223 4695 2402 4750 aliena
2451 4695 2589 4760 fuit,
2643 4695 2857 4749 sincere
2912 4695 3310 4767 professionem
3368 4697 3492 4750 fidei

1927 4783 2203 4838 Nicaznam
2247 4801 2452 4839 sonans
2495 4796 2660 4855 atque
2701 4786 2981 4855 profitens.
3031 4786 3290 4852 Quamvis
3327 4789 3490 4842 etiam

1937 4886 2050 4931 tum
2085 4876 2334 4932 Ursicius
2363 4878 2676 4932 Pannonius
2704 4887 2761 4932 et
2787 4877 3095 4932 Auxentius
3123 4879 3494 4934 Mediolanen-

1933 4969 2006 5024 sis
2035 4970 2218 5023 conati
2249 4980 2376 5024 sunt
2406 4968 2676 5023 Ecclesias
2699 4969 3031 5036 distrahere,
3057 4981 3114 5024 et
3143 4970 3208 5024 ad
3237 4972 3490 5026 Ariauam

1933 5061 2248 5130 opinionem
2310 5060 2635 5123 traducere,
2691 5059 2907 5114 efficere
2965 5070 3147 5117 tamen
3199 5062 3250 5118 id
3303 5063 3492 5132 ncqui-

1936 5168 2085 5214 vere,
2111 5151 2242 5206 sede
2279 5152 2524 5206 Romana
2558 5161 2613 5205 et
2653 5151 2780 5206 aliis
2810 5151 3252 5210 Occidentalibus
3279 5158 3492 5225 episco-

1935 5247 2019 5314 pis
2063 5245 2451 5314 vigilantibus,
2499 5255 2557 5299 et
2606 5246 2834 5301 ha'rcsis
2883 5249 3003 5318 ejus
3049 5249 3298 5303 surculos
3347 5248 3492 5301 illico

1932 5339 2386 5406 exstirpantibus.
2427 5338 2621 5394 Oriens
2678 5350 2862 5394 autem
2920 5348 3043 5408 post
3091 5339 3490 5394 Autioebenum

1934 5429 2228 5485 concilium
2273 5432 2573 5486 seditiones
2615 5431 2934 5493 concitavit,
2971 5440 3026 5484 et
3069 5431 3350 5500 propalam
3397 5431 3491 5484 ad-

436 5623 862 5720 AtdAtholroi).
935 5625 1276 5720 Olfendiculo
1317 5629 1446 5682 olim
1499 5630 1601 5683 fait
1650 5630 1774 5700 piis,
1841 5631 1884 5685 si
1915 5631 2178 5720 ‘Clrristus
2232 5631 2557 5700 simpliciter
2615 5632 2730 5684 sine
2787 5629 3103 5699 prtefatione
3149 5631 3394 5698 honoris,
3439 5644 3489 5687 et

246 5696 501 5751 illatione
537 5696 847 5748 divinitatis
884 5697 1281 5752 nominaretur.

467 5789 474 5800 '
511 5789 785 5848 ΡΑτιιοι..
817 5794 932 5848 lin.
967 5786 1204 5847 CXLVI

3070 5794 3108 5849 9
