3988 6190
476 216 592 282 26³1

1702 215 2130 277 NlCEPHOBl
2167 217 2520 282 CALLISTI

3637 227 3752 286 268

489 353 692 395 Versus
727 336 1006 392 Nicmnam
1053 336 1213 392 fidem
1247 336 1562 407 disceptans
1587 335 1801 407 judicio
1838 347 2060 391 conten-

2175 337 2351 408 ἀρχῆς
2393 340 2532 412 αὐτῇ
2579 339 2953 407 ἀντιστάντες,
2991 347 3087 397 καὶ
3113 339 3209 406 ¹οἷα
3241 343 3305 416 δὴ
3336 346 3451 409 τοϊς
3478 344 3748 409 τοιούτοις

491 434 621 489 dit:
658 447 851 487 revera
901 441 1122 493 tamen,
1181 429 1346 485 siculi
1402 429 1666 500 colligere
1705 437 1830 495 est,
1882 428 2067 498 plures

487 525 825 580 sententiam
847 521 1052 578 Niczrni
1081 521 1353 592 dogmatis
1374 519 1837 590 comprobabant,
1864 519 2064 575 Filium

489 633 558 670 ex
589 613 1106 670 substantia-Patris
1133 627 1253 667 esse
1285 611 1616 666 confitentes
1648 628 1662 666 :
1691 611 2067 667 contentionis

474 720 625 774 -,vero
688 703 990 772 cupiditate
1045 701 1312 768 devincti,
1353 700 1619 757 adversus
1678 700 1909 756 verbum
1970 701 2066 754 τοῦ

488 797 806 869 ὀμοουσίου,
842 794 1370 858 consubstantialis,
1420 793 1820 864 impotentibus
1867 792 2068 847 animis

469 890 831 962 pugnabant.
875 887 1137 944 Nonnulli
1191 885 1440 956 quidem,
1477 884 1648 940 sicuti
1689 885 1915 955 quidam
1951 893 2066 940 tra-

487 987 704 1046 didere,
737 982 889 1054 quod
918 983 1032 1053 jam
1061 980 1190 1036 inde
1228 980 1300 1033 ah
1329 978 1487 1033 initio
1522 986 1716 1033 contra
1749 977 1800 1032 id
1834 977 2065 1032 verbum

475 1081 774 1134 stetissent
816 1099 828 1132 :
868 1084 925 1131 et
974 1072 1444 1144 quemadmodum
1493 1069 1765 1140 ejusmodi
1814 1070 2067 1125 homines

490 1175 674 1227 facere
715 1170 924 1234 solent,
947 1182 1028 1221 ne
1065 1164 1191 1218 victi
1232 1177 1375 1229 esse,
1410 1163 1454 1216 si
1491 1162 1772 1227 cederent,
1814 1161 2066 1216 videren-

491 1275 606 1329 tur,
643 1263 698 1316 in
737 1259 1015 1316 sententia
1060 1264 1351 1326 propterea
1383 1253 1786 1322 persistebant,
1818 1264 1872 1307 et
1903 1267 2068 1308 voca-

489 1357 683 1410 bulum
728 1353 781 1406 id
821 1350 1046 1404 abolere
1092 1346 1390 1402 studebant
1421 1362 1435 1399 :
1470 1343 1675 1416 probro
1704 1345 1808 1399 sibi
1850 1346 1985 1412 fore,
2017 1345 2063 1400 si

487 1441 1173 1519 opinionem'mutarent,
1219 1439 1496 1495 arbitrati.
1539 1438 1802 1494 Nonnulli
1847 1447 2060 1504 autem,

488 1541 638 1610 quod
680 1538 1002 1607 frequenter
1042 1533 1109 1588 de
1150 1532 1236 1587 his
1283 1530 1473 1603 nugati
1507 1538 1712 1598 essent,
1745 1531 1818 1584 ita
1849 1531 2062 1601 opinari

487 1651 555 1688 cx
586 1630 752 1686 animi
789 1627 1062 1684 sententia
1097 1624 1413 1689 malebant;
1454 1623 1615 1693 702
1649 1632 1704 1678 ct
1731 1637 1855 1678 cum
1889 1625 2059 1680 semel

487 1729 556 1782 ab
585 1741 650 1781 co
685 1722 831 1794 quod
872 1720 1108 1776 decebat
1147 1717 1506 1778 excidissent,
1543 1715 1858 1785 opinionem
1902 1730 2057 1772 suam

476 1821 722 1874 ﬁrmiter
756 1815 1089 1871 retinebant.
1129 1812 1296 1866 Erant
1333 1810 1424 1879 qui
1465 1808 1785 1863 indecorum
1833 1819 2062 1865 conten-

485 1913 654 1970 dendi
703 1906 948 1966 studium
983 1920 1173 1961 secum
1209 1903 1325 1974 ipsi
1355 1899 1782 1972 perpendentes,
1819 1901 1885 1956 ad
1934 1918 2059 1972 gra.

2171 431 2341 499 φιλεῖ,
2386 431 2448 484 τὸ
2493 431 2572 502 μὴ
2615 433 2766 501 δόξαι
2798 434 3070 504 ἡττᾶσθαι
3117 437 3215 507 τῆς
3248 437 3477 507 γνώμης
3509 439 3746 508 είχοντο,

2169 522 2448 593 περιελεῖν
2497 525 2597 594 τὴν
2659 525 2808 594 λέξιν
2869 525 3306 594 σπουδάζοντες,
3346 533 3444 582 καὶ
3473 529 3749 602 αἰσχύνην

2168 613 2421 683 ἐνόμιζον
2465 615 2566 688 τὴν
2628 618 2960 688 μετάθεσιν’
3017 617 3163 693 ἦσαν
3217 623 3263 676 δ’
3313 624 3364 677 οἳ
3426 624 3522 678 καὶ
3551 625 3618 681 lx
3648 625 3748 679 τοῦ

2169 707 2392 772 πυκνῶς
2423 710 2553 780 περὶ
2579 710 2757 765 ταῦτα
2787 713 3124 784 ίρεσχελείν,
3169 717 3265 769 καὶ
3309 719 3432 781 ταῖς
3460 717 3749 787 ἀληθείαις

2167 793 2270 853 ὦδε
2315 799 2568 868 δοξάζειν
2627 802 2882 874 ᾑροῦντω
2937 808 3034 858 καὶ
3083 807 3343 874 καθάπαξ
3394 808 3488 862 τοῦ
3534 809 3750 873 δέοντος

2166 888 2562 960 ἐκτραπέντες,
2601 891 2957 958 ἀμεταθέτως
3010 887 3181 965 εἶχον.
3221 895 3415 950 ’Λλλοι
3467 897 3525 950 δὲ
3557 898 3619 952 τὸ
3666 899 3749 970 μὴ

2166 977 2287 1033 δέον
2317 981 2416 1050 τῆς
2447 981 2761 1050 φιλονείκου
2797 982 3028 1054 γνώμης
3073 984 3487 1055 σταθμώμενοι,
3517 987 3656 1058 πρὸς
3682 989 3752 1042 τδ

2166 1072 2572 1144 κεχαρισμένον
2623 1074 2736 1128 τῶν
2781 1074 3122 1140 δοξαζόντων
3193 1077 3508 1146 ύπέκλινον,
3570 1080 3607 1151 ἢ
3658 1081 3754 1135 διὰ

2165 1162 2330 1228 δόξαν
2373 1179 2434 1216 τε
2471 1163 2570 1217 καὶ
2615 1162 2760 1231 δέος,
2800 1164 2834 1236 ἦ
2867 1164 3123 1236 δύναμιν,
3152 1165 3186 1237 ἢ
3216 1169 3314 1220 καὶ
3339 1166 3408 1222 δι’
3433 1169 3749 1239 οίκειὸτητα

2164 1254 2261 1306 καλ⁸
2292 1253 2476 1321 φιλίαν
2507 1255 2775 1319 πολλάκις
2796 1269 2812 1286 ο
2844 1255 2988 1326 τάχα
3018 1257 3076 1309 δὲ
3106 1258 3203 1311 καὶ
3231 1257 3300 1310 δι’
3331 1257 3502 1322 ἄλλας
3536 1260 3744 1326 αίτὶας,

2167 1345 2259 1414 ὑφ’
2296 1339 2373 1400 ὢν
2411 1347 2754 1416 προάγονται
2787 1346 3075 1418 ἄνθρωποι
3099 1348 3174 1409 ὡς
3200 1347 3358 1419 ἔτυχε
3390 1349 3460 1403 τὰ
3500 1349 3575 1418 μὴ
3605 1351 3754 1404 δέον.

2163 1454 2232 1491 τα
2277 1437 2654 1510 χαριζόμενοι,
2705 1441 2804 1494 καὶ
2859 1439 2938 1511 τῷ
2997 1440 3073 1512 μὴ
3107 1439 3200 1495 διὰ
3229 1443 3549 1512 παρρησίας
3596 1442 3750 1513 ἔχειν

2167 1531 2297 1594 ἴσως
2327 1531 2641 1602 ἐξελέγχειν
2687 1533 2748 1586 τὸ
2787 1533 3254 1604 προσιστάμενον.
3283 1533 3484 1587 Πολλοὶ
3524 1534 3583 1588 δὲ
3628 1535 3750 1588 τῶν

2163 1622 2285 1675 τότε
2328 1621 2500 1693 λῆρον
2545 1623 2808 1693 ἄντικρυς
2839 1624 2938 1676 καὶ
2965 1622 3234 1694 περιττὴν
3265 1621 3540 1692 φλυαρίαν
3578 1622 3752 1690 ἡγού-

2171 1732 2324 1785 μενοι
2352 1714 2414 1768 τδ
2447 1717 2577 1786 περὶ
2611 1715 2682 1769 τὰ
2710 1715 2940 1769 τοιαῦτα
2972 1714 3430 1786 προστρίϐεσθαι,
3464 1715 3590 1768 καθ’
3613 1716 3752 1768 ἑαυ-

2166 1812 2292 1873 τοὺς
2325 1806 2469 1882 ἦσαν
2495 1811 2686 1881 ἡσύχῳ
2711 1809 2930 1882 γνώμῃ,
2959 1810 3022 1863 τὸ
3058 1809 3218 1875 δόξαν
3251 1810 3309 1861 ὲν
3345 1809 3551 1880 Νικαίξι⁵
3579 1811 3754 1882 στέρ-

2165 1921 2356 1974 γοντες
2395 1905 2491 1957 καὶ
2530 1903 2825 1972 τιμῶντες.
3057 1935 3060 1938 ~

475 2008 771 2067 'tiosiorem
811 2002 1156 2058 declinarent
1201 1996 1556 2059 sententiam,
1589 1995 1673 2049 vel
1717 2004 1938 2064 propter
1975 1998 2206 2068 gloriam
2243 2007 2341 2054 aut
2410 1999 2688 2063 timorem,
2720 1999 2806 2053 vel
2846 2007 3076 2068 propter
3137 1997 3252 2052 vim
3316 2004 3414 2051 aut
3450 1995 3754 2054 familiari-

488 2111 691 2165 tatem,
749 2098 1076 2168 plcrumque
1129 2094 1295 2146 etiam
1350 2099 1577 2161 propter
1628 2089 1961 2156 amicitiam,
2011 2103 2068 2148 et
2106 2093 2340 2149 fortasse
2377 2092 2514 2148 alias
2585 2093 2656 2149 ob
2692 2107 2904 2158 causas,
2971 2091 3174 2162 quibus
3208 2089 3460 2146 homines
3491 2090 3748 2157 adducti,

489 2204 553 2247 nt
583 2206 706 2247 sese
751 2204 840 2244 res
872 2187 1017 2250 tulit,
1049 2184 1305 2241 etiamin
1342 2183 1430 2238 his
1461 2197 1584 2251 qua:
1648 2197 1844 2252 parum
1913 2183 2133 2250 decent,
2173 2184 2546 2255 gratificantes
2601 2185 2726 2239 aliis
2785 2186 3169 2255 obsequuntur
3216 2199 3231 2240 :

3287 2182 3525 2254 denique
3588 2185 3749 2253 quod

491 2285 744 2342 nonnulli
788 2284 966 2339 libere
998 2289 1053 2337 et
1084 2282 1286 2351 palam.
1323 2295 1446 2350 quae
1487 2280 1556 2335 ab
1603 2281 1938 2336 adversariis
2011 2281 2412 2348 obiicerentur,
2479 2281 2814 2353 redarguere
2877 2291 3044 2350 atque
3069 2279 3319 2335 refellere
3354 2295 3466 2337 non
3491 2288 3747 2352 possent.

480 2384 608 2438 'Nou
658 2379 816 2451 pauci
861 2391 993 2433 vero
1037 2377 1159 2448 ejus
1206 2373 1474 2444 temporis
1519 2371 1797 2440 homines,
1869 2373 2107 2444 ineptias
2143 2389 2372 2444 prorsus
2412 2385 2470 2429 et
2511 2373 2817 2445 superﬂuas
2867 2391 3040 2446 nugas
3065 2384 3188 2432 esse
3253 2377 3636 2433 existimantes
3676 2375 3752 2431 de

478 2477 658 2532 rebus
701 2472 975 2542 eiusmodi
1025 2470 1355 2533 conﬂictari,
1384 2468 1450 2523 ab
1481 2468 1720 2523 villorum
1804 2466 2207 2524 consuetudine.
2263 2469 2534 2540 sejuncti,
2604 2469 2756 2525 taciti
2803 2485 2993 2526 secum
3031 2472 3250 2527 Nicena
3291 2471 3516 2526 decreta
3587 2484 3752 2524 com-

490 2569 878 2638 plectebantur
907 2575 963 2622 et
992 2561 1266 2619 colebant.

1083 2680 1308 2738 CAPUT
1349 2679 1485 2734 XIV.

486 2782 566 2836 De
602 2781 863 2852 zEgypliia
896 2776 1179 2852 monachis,
1211 2771 1453 2852 _Sce_liolis
1482 2769 1684 2852 scilicet.
1708 2778 1758 2822 et
1790 2768 2060 2852 Tabei'tne-

565 2837 926 2918 εἰσινῖἈΙᾳιιε
951 2846 1079 2918 iujbi
1104 2847 1166 2918 de
1188 2844 1385 2918 duobus
1411 2837 1905 2918 sanctisdlqeariis.
1925 2837 2059 2918 Item

559 2907 622 2978 de
653 2907 852 2976 Ριιιιώό
899 2925 948 2972 et
984 2915 1287 2969 Pacltomio.
1333 2911 1466 2965 Item
1500 2914 1564 2963 de
1597 2912 1630 2962 Α
1643 2907 1872 2980 pollonio
1917 2918 1966 2961 et
1997 2909 2063 2961 de

562 2994 784 3048 Anubio.

561 3104 739 3171 Supra
770 3109 964 3151 omnes
1001 3101 1184 3146 autent
1220 3088 1312 3158 qui
1350 3088 1403 3141 in
1439 3087 1661 3142 Oriente
1706 3101 1898 3159 magna
1932 3100 2057 3140 cum

483 3197 743 3252 libertate
785 3187 1061 3244 saniorem
1109 3183 1414 3236 doctrinam
1479 3177 1867 3243 defenderunt,
1907 3188 2060 3232 tena-

487 3287 712 3344 cissime
743 3283 960 3338 Nicaena
1009 3277 1229 3332 decreta
1256 3274 1534 3328 retinuere
1569 3267 1769 3326 Paulus
1790 3269 2065 3326 Constan-

487 3379 905 3450 tinopolitanus,
921 3381 978 3426 et
1007 3367 1338 3424 Athanasius
1357 3363 1776 3426 Alexandrinus,
1789 3361 2058 3432 episcOpi,

487 3484 653 3543 atque
687 3483 812 3523 cum
849 3466 917 3520 iis
949 3463 1241 3517 universus
1257 3458 1639 3530 [Egyptiorum
1665 3456 2059 3510 monachorum

487 3576 667 3621 cattus
693 3578 712 3617 :
744 3559 950 3631 quibus
1001 3555 1182 3626 prteiit
1210 3553 1482 3606 Antonius
1530 3549 1711 3603 adhuc
1757 3557 2059 3618 superstes.

487 3657 695 3727 quique
743 3667 868 3708 cum
923 3663 992 3704 eo
1021 3655 1176 3702 erant
1232 3641 1475 3714 (plurimi
1508 3653 1697 3696 autem
1755 3649 1936 3706 erant)
2002 3638 2061 3692 in

486 3751 724 3820 Egypto
751 3755 806 3801 et
838 3743 960 3798 aliis
992 3738 1226 3795 Romani
1259 3734 1477 3807 imperii
1506 3734 1642 3789 locis
1661 3743 1856 3788 asccue
1890 3746 2062 3801 :quo—

489 3859 611 3897 runt
660 3837 815 3894 multi
849 3848 1021 3905 usque
1050 3833 1119 3886 ad
1170 3827 1481 3907 Constantii
1549 3825 1840 3895 imperium
1875 3833 1932 3878 et
1960 3839 2058 3893 po-

483 3931 720 3988 steriora
776 3929 942 3982 etiam
1007 3934 1253 3992 tempora
1287 3919 1605 3974 duravete:
1664 3916 1857 3986 quales
1906 3915 2062 3970 fuere

481 4027 778 4091 (Atttonem
809 4018 1049 4082 enim,ct
1074 4013 1368 4067 Tltebmum
1391 4009 1616 4064 Paulum
1633 4007 1850 4077 omitto)
1867 4006 2058 4062 eodem

488 4126 730 4182 veroque
761 4110 985 4164 nomine
1014 4105 1146 4158 dicti
1198 4103 1438 4163 Macarii,
1471 4102 1576 4155 hoc
1607 4109 1693 4155 est
1721 4099 1866 4154 beati
1905 4117 1919 4153 :
1961 4097 2060 4153 1E-

485 4205 706 4275 gyptius
739 4200 949 4255 scilicet
978 4196 1087 4257 ille,
1122 4203 1178 4248 et
1212 4195 1298 4247 cui
1341 4192 1546 4248 Urbani
1575 4206 1879 4260 cognomen
1916 4191 2060 4246 indi-

489 4310 607 4351 tum
646 4294 784 4348 fuit:
816 4289 1162 4359 Paphnutius
1189 4295 1242 4340 et
1275 4285 1478 4339 l’ambo
1502 4325 1517 4349 ,
1553 4285 1708 4338 Anuli
1736 4293 1792 4337 et
1818 4284 2058 4355 Pityrion

2759 2679 3012 2735 ΚΕΦΑΛ.
3064 2677 3160 2734 1Δ⁹.

2169 2775 2308 2845 Περὶ
2337 2775 2455 2831 τῶν
2477 2775 2819 2845 Αἰγυπτίων
2839 2774 3158 2845 μοναχῶκ,
3209 2773 3406 2845 ﬁrm»:
3435 2775 3554 2830 τῶν
3588 2779 3750 2842 Σκη-

2240 2839 2462 2902 ἱιωτῶν
2518 2839 2616 2898 καί
2671 2839 3168 2911 Ταόεκνησιώτῶν
3192 2861 3206 2875 °
3235 2839 3334 2898 ’ἓν
3367 2839 3415 2912 ᾧ
3469 2847 3567 2900 καί
3605 2839 3751 2912 περὶ

2239 2917 2361 2972 τῶν
2394 2917 2580 2986 ἁγίων
2615 2915 2726 2970 δύο
2759 2915 3100 2986 Μακαρίίυν.
3132 2915 3349 2986 Ιιαμὸώ
3382 2933 3446 2986 τε
3495 2916 3594 2970 καί
3629 2920 3757 2970 [Ια-

2235 2983 2460 3057 χωμίού
2480 3001 2495 3016 ⁶
2535 2985 2949 3041 Ἀπολλωνίου
2980 3000 3044 3036 τε
3071 2985 3170 3038 καὶ
3209 2983 3434 3040 Ἀνούὄ.

2237 3082 2466 3150 Πάντων
2515 3095 2558 3146 δ’
2608 3093 2869 3146 ἐπέκεινα
2918 3092 3030 3146 τῶν
3077 3093 3134 3146 έν
3169 3094 3237 3162 τῇ
3289 3093 3406 3164 Ἕῳ
3449 3095 3754 3165 πεπαῤῥη-

2167 3188 2451 3260 σιασμένῳ
2495 3185 2642 3255 λόγῳ
2692 3185 2866 3256 ἀπρὶξ
2933 3185 3044 3238 τῶν
3101 3187 3158 3238 έν
3206 3185 3414 3256 Νικαία
3467 3185 3754 3250 δοξάντων

2163 3282 2374 3352 εἴχοντο
2406 3278 2622 3342 Παῦλος
2653 3279 2681 3330 6
2714 3279 3347 3342 Κωνσταντινουπόλεως
3376 3279 3473 3334 καὶ
3510 3279 3752 3334 Ἀθανάο

2168 3392 2281 3438 σιος
2313 3376 2341 3426 ὁ
2388 3373 2489 3443 τῆς
2530 3371 2945 3442 Ἀλεξανδρείας
2978 3372 3298 3436 ἐπίσκοπος,
3327 3373 3424 3425 καὶ
3461 3373 3560 3426 σὺν
3593 3373 3751 3442 αὐτῷ

2163 3465 2225 3517 τὸ
2257 3464 2382 3517 κατ’
2406 3463 2686 3530 Αἴγυπτον
2735 3459 2961 3531 σύμπαν
2994 3462 3313 3532 μοναχικὸν·
3340 3456 3415 3516 ὧν
3443 3463 3751 3534 καθηγεῖτο

2176 3555 2466 3618 Ἀντώνιος
2497 3552 2706 3624 περιὼν
2745 3552 2851 3619 ἐτι,
2881 3554 2979 3606 καὶ
3019 3554 3135 3606 ὅσοι
3165 3554 3322 3626 αὑτῷ
3364 3556 3750 3623 συνεγένοντο·

2167 3649 2412 3704 πλείστοι
2441 3647 2499 3702 δὲ
2545 3642 2691 3718 ἦσαν
2733 3646 2842 3700 ἀνά
2876 3663 2938 3700 τε
2983 3645 3082 3718 τὴν
3115 3649 3397 3715 Αἴγυπτον
3437 3649 3536 3704 καὶ
3575 3636 3756 3703 exta."

2165 3742 2260 3813 χοῦ
2292 3742 2392 3810 τῆς
2444 3738 2738 3810 Ῥωμαίων
2792 3739 3144 3810 ἀρχομένηςο
3179 3740 3231 3794 οἳ
3287 3738 3476 3793 πολλοὶ
3526 3742 3634 3796 ἀνά
3682 3759 3752 3796 τε

2163 3836 2264 3906 τὴν
2325 3833 2616 3904 παροῦσαν
2673 3832 2976 3903 ἠγεμονίαν
3035 3831 3315 3901 ἐγένοντο,
3379 3834 3476 3886 καὶ
3530 3836 3614 3898 είς
3650 3837 3755 3890 τὸν

2166 3927 2474 3994 μετέπειτα
2510 3927 2853 3996 παρέμειναν
2887 3927 3103 3996 χρόνον.
3141 3924 3246 3978 Ἐὦ
3271 3926 3382 3998 γὰρ
3409 3925 3618 3997 Ἀμοῦν
3646 3931 3755 3984 καὶ

2176 4018 2462 4071 ’Λντώνιον
2509 4019 2604 4071 καὶ
2657 4018 2752 4071 τὸν
2805 4016 3060 4088 Θήϐηθεν
3113 4019 3364 4074 Παῦλον·
3395 4024 3495 4074 καὶ
3523 4015 3752 4094 οἷοίπερ
3863 4032 3867 4034 ’

2161 4103 2304 4179 ἦσαν
2353 4109 2403 4162 oi.
2450 4108 2762 4178 ἐπωνύμως
2815 4109 3022 4163 ἐκεῖνοι
3072 4111 3352 4183 Μακάριοι
3391 4111 3608 4181 ἄνδρες,
3638 4113 3751 4169 ὅτ’

2161 4193 2466 4266 Δίγῦπτιος
2498 4199 2593 4253 καὶ
2639 4193 2684 4267 ᾧ
2713 4199 2996 4264 Πολιτικὸς
3036 4201 3325 4272 ἐπώνυμον
3353 4198 3446 4274 ἦν’
3489 4205 3756 4274 Παφνού-

2161 4293 2276 4353 τιός
2310 4308 2368 4344 τε
2409 4291 2507 4345 καὶ
2552 4290 2788 4364 Παμϐὼ,
2835 4292 3028 4347 Ἀνούὸ
3075 4310 3134 4347 τε
3166 4294 3264 4348 καὶ
3300 4295 3600 4366 [lt-rupium.
3634 4299 3751 4351 Σι-

490 4384 754 4452 δαιτιινίοη
783 4394 839 4436 et
864 4377 1121 4434 Orsesius
1159 4383 1211 4428 et
1242 4373 1567 4428 l‘achomius
1609 4373 2055 4436 Tabennesiotes.

2170 4383 2381 4450 ραπὶων
2423 4400 2482 4436 τε
2529 4361 2656 4438 καὶ.⁷
2693 4384 3000 4455 Ὀρσήνιος,
3057 4386 3156 4439 καὶ
3206 4390 3234 4440 6
3281 4361 3753 4458 Ταὸεννησιώτης

481 4476 750 4546 Ephraim
779 4485 999 4542 quoque
1041 4477 1098 4522 et
1143 4467 1424 4528 llilarinn;
1469 4465 1657 4534 quales
1691 4465 1856 4520 etiam
1911 4466 2056 4520 circa

484 4567 764 4636 lllyricum
825 4570 881 4617 et
932 4559 1221 4614 Thraciam
1283 4556 1549 4613 Martinus
1607 4556 1845 4611 Sabarite
1903 4566 2058 4612 ortus

487 4656 826 4720 Pannonius,
879 4662 939 4708 et
988 4650 1228 4704 llilarius
1259 4649 1638 4712 l’ictaviensis,
1683 4649 1934 4703 homines
1958 4650 2056 4703 adv

491 4747 757 4802 mirandi:
785 4745 853 4800 de
880 4743 1082 4814 quibus
1105 4740 1272 4811 paulo
1297 4750 1416 4809 post
1448 4754 1549 4793 suo
1577 4739 1698 4793 loco
1731 4739 2054 4795 referemus.

488 4840 639 4894 Multi
672 4840 910 4908 denique
942 4836 1035 4890 alii
1064 4834 1226 4888 aliter
1249 4833 1478 4902 spectati
1501 4831 1628 4897 viri,
1655 4832 1862 4887 eisdem
1898 4834 2058 4888 annis

491 4934 734 5001 viguere,
761 4942 925 5000 atque
956 4930 1009 4983 in
1037 4927 1283 4982 ecclesiis
1307 4926 1402 4980 Dei
1434 4925 1682 4980 enituere
1711 4941 1722 4977 :
1754 4926 1897 4980 inter
1919 4942 2056 4995 quos

470 5024 760 5094 prxcipue
781 5020 1097 5076 eruditione
1131 5028 1185 5073 et
1214 5018 1527 5087 eloquentia
1551 5015 1736 5072 ﬂoruit
1755 5017 2055 5083 Eusebius,

488 5120 788 5170 Emescnus
821 5113 1134 5180 episcopus,
1190 5109 1346 5163 Titus
1381 5109 1712 5172 Bostrensis,
1748 5109 1909 5179 703
1960 5111 2057 5164 Sc-

489 5210 679 5278 rapion
731 5206 1048 5268 Thmuaeus,
1089 5202 1322 5255 Basilius
1375 5202 1714 5272 Ancyranua,
1776 5203 2058 5260 Eudoxius

470 5293 969 5356 ~Gertnauiciensis,
1005 5292 1238 5345 Aeacius
1270 5291 1363 5360 qui
1395 5302 1514 5360 post
1548 5291 1845 5346 Eusebium
1874 5293 2058 5349 Caesa-

473 5407 591 5444 .rcze
625 5387 922 5443 Palaestinae
945 5383 1184 5454 praefuit,
1209 5381 1470 5452 Cyrillus,
1493 5383 1586 5452 qui
1612 5395 1732 5451 post
1762 5384 2054 5440 Maximum

487 5480 1035 5551 llierusolylnitanatn
1055 5475 1476 5530 administrabat
1509 5476 1820 5542 ecclesiam,
1838 5487 1894 5532 et
1915 5479 2058 5533 The-

474 5572 688 5624 .ndnrns
716 5570 1070 5626 Pcrinthins:
1105 5566 1200 5637 qui
1227 5582 1417 5621 omnes
1446 5566 1710 5620 doctrinm
1741 5583 1853 5622 suae
1889 5568 2058 5623 foetus

482 5661 634 5714 ,ιδεμιά
667 5661 1015 5731 paenitendos
1049 5658 1300 5715 ecclesiis
1343 5658 1634 5727 reliquere.
1680 5658 1909 5714 Videtur
1955 5675 2056 5715 au-

2169 4475 2460 4547 Παχὼμιος
2485 4516 2502 4542 ,
2553 4477 2798 4546 Ἐφραίμ
2835 4495 2897 4530 τε
2934 4483 3027 4530 καὶ
3069 4477 3334 4545 Ἰλαρίων,
3366 4480 3463 4532 καὶ
3507 4483 3556 4534 οἱ
3612 4485 3757 4551 περὶ

2165 4569 2390 4640 Θρᾴκην
2429 4569 2524 4621 καὶ
2576 4568 2874 4637 Ἰλλυρίδα,
2910 4570 3191 4639 Μαρτίνος
3230 4573 3258 4624 6
3301 4573 3408 4624 ἀπὸ
3451 4575 3756 4642 Σαῆωρέας

2164 4656 2264 4724 τῆς
2309 4653 2632 4718 Παννονίας,
2673 4655 2767 4707 καὶ
2810 4655 3043 4722 Ίλὰριος
3092 4659 3121 4710 6
3169 4658 3498 4722 [Ιικτόιὸων,
3544 4664 3757 4732 ἄνδρες

2168 4747 2470 4809 (τεσπέσιοι,
2507 4747 2635 4816 περὶ
2680 4741 2754 4800 ὧν
2807 4749 3005 4818 μικρὸν
3064 4747 3297 4817 ὓστερον
3357 4753 3496 4804 κατὰ
3553 4753 3759 4821 χώραν

2165 4840 2297 4909 ἐρῶ.
2354 4838 2548 4892 Πολλοί⁵
2588 4838 2647 4890 δὲ
2685 4841 2783 4893 καὶ
2821 4839 2998 4904 ἄλλως
3047 4841 3330 4911 ἐλλόγιμοι
3381 4845 3577 4914 ἄνδρες
3627 4849 3760 4911 τοῖς

2167 4934 2354 4994 αὐτοῖς
2394 4932 2760 4999 συνήκμασαν
2813 4933 2980 4994 ἔτεσι,
3043 4936 3163 4997 ταῖς
3229 4937 3550 5006 ἐκκλησίαις
3599 4937 3760 4990 Θεοῦ

2164 5024 2560 5094 διαπρέποντες
2586 5040 2599 5053 ο
2633 5017 2708 5076 ὢν
2741 5027 2870 5092 περὶ
2920 5025 3098 5092 λόγων
3150 5028 3364 5091 είδησιν
3410 5030 3519 5080 τῶν
3559 5030 3763 5084 ἄλλων

2164 5110 2680 5185 διαφέροντεςῆσαν
2715 5115 2974 5179 Εὐσέϐιος
3001 5119 3029 5170 6
3066 5117 3162 5188 τὴν
3199 5119 3554 5191 Ἐμεστηνῶν
3587 5123 3765 5193 ἱερα-

2165 5207 2331 5268 τικώς
2361 5205 2625 5270 διιθύνας,
2647 5207 2805 5267 Τῖτος
2835 5208 2863 5260 6
2895 5209 3168 5279 Βόστρων,
3197 5212 3482 5281 Σεραπίων
3503 5217 3531 5267 6
3559 5217 3772 5285 Θμου-

2165 5300 2319 5364 αῖος,
2362 5297 2644 5355 Βασίλειος
2671 5299 2699 5350 6
2738 5298 3102 5368 Ἀγκυρανὸς,
3158 5303 3411 5370 Εὑδόξιος
3459 5309 3486 5360 6
3518 5308 3766 5378 Γερμα-

2165 5389 2363 5454 νικίας,
2414 5389 2673 5452 Ἀκάκιος
2723 5391 2752 5443 6
2805 5392 2944 5460 μετὰ
2982 5393 3249 5448 Εὐσέϐιον
3299 5397 3400 5466 τῆς
3438 5403 3496 5451 έν
3531 5399 3712 5454 Παλαι
3739 5434 3774 5446 ε

2169 5480 2325 5551 στίνῃ
2360 5481 2717 5551 ἡγησάμενος
2768 5484 3131 5554 Καισαρείας,
3162 5487 3262 5540 καὶ
3292 5488 3566 5560 Κύριλλος
3595 5495 3621 5545 6
3646 5495 3777 5550 τὸν

2165 5573 2272 5624 τῶν
2322 5573 2594 5640 Ἰεροσολύ
2608 5592 2722 5638 μων
2756 5573 2949 5644 θρόνον
2987 5578 3127 5646 μετὰ
3156 5581 3414 5649 Μάξιμον
3449 5585 3773 5657 οἰακίζων,

2167 5665 2260 5718 καὶ
2310 5665 2584 5735 θεὸδωρος
2628 5669 2654 5719 6
2711 5667 3054 5737 Πειρίνθιος·
3103 5672 3150 5724 οἱ
3181 5672 3248 5744 δὴ
3296 5675 3502 5740 πάντες
3539 5678 3783 5747 ἔκγονα
