3988 6190
222 267 332 335 Ξῡ9

1196 267 1814 332 ΕΟΟΙιΕΞΙΑΒΤΙΩιΕ
1848 268 2243 332 HIS'l‘ORI/E
2273 270 2428 332 LIB.
2475 271 2580 333 IX.

3393 268 3506 337 "270‘

226 379 329 449 τῆς
366 375 554 432 αὐτῶν
585 375 841 440 παιδείας
873 375 1037 444 λόγου
1068 377 1268 431 πολλοῦ
1303 378 1429 445 ἄξια
1463 380 1583 441 ταῖς
1611 378 1814 449 ἐκκλη-

1924 388 2030 434 tein
2055 395 2256 435 omnes
2287 380 2389 436 liae
2430 380 2482 435 in
2535 389 2690 451 parte
2718 379 2892 450 gloria
2942 380 3287 450 prmeellere,
3334 393 3500 455 atque

226 471 379 535 σίαις
399 470 900 525 καταλελοίπασιν.
945 469 1144 542 Ἐᾠκει
1177 471 1237 524 δὲ
1269 470 1482 534 πάντας
1516 469 1696 538 τούτῳ
1735 467 1815 537 τῷ

229 565 398 634 μέρει
429 566 889 635 παρευδοκιμεῖν,
925 564 1025 618 καὶ
1059 564 1159 635 τὴν
1194 564 1434 618 καθόλου
1479 562 1817 632 Ἐκκλησίαν

227 657 556 728 σεμνύνειν,
597 659 843 728 Ἐφραὶμ
869 660 899 712 ό
932 657 1125 731 Σύρος.
1171 657 1490 727 Τηνικαῦτα
1520 659 1563 711 δ’
1599 657 1818 729 ἦκμαζε

226 751 330 804 καὶ
372 750 658 820 Λουκίφερ
711 749 808 803 καὶ
863 749 1093 819 Δίδυμος
1128 750 1224 802 καὶ
1263 750 1494 813 ’Λὲτιος,
1541 750 1818 818 ἐλλόγιμοι

228 847 334 913 μὲν
380 843 795 913 διαφερόντως,
835 843 901 911 τῇ
939 841 996 894 δὲ
1040 840 1275 912 ἀληθείᾳ
1311 840 1457 909 μάλα
1491 840 1816 911 μαχόμενοι.

237 935 336 999 Ὠς
372 935 580 987 ἐπίπαν
631 932 689 986 δὲ
738 932 927 1002 φάναι,
977 932 1026 984 oi
1057 933 1317 1003 τηνικάδε
1359 933 1467 984 τῶν
1508 932 1819 1002 ἐκκλησιῶν

225 1027 511 1098 ἡγεμόνες
555 1025 821 1095 πλείστης
858 1024 1146 1096 ἀκριϐείας
1181 1024 1326 1077 κατά
1364 1023 1480 1094 βίον
1517 1023 1816 1095 ἐξείχοντο·

225 1122 330 1190 ὑφ’
361 1115 438 1173 ὧν
481 1119 556 1172 τὰ
606 1118 788 1189 πλήθη
841 1118 1026 1180 καλῶς
1084 1118 1516 1188 ποιμαινόμενα,
1546 1118 1640 1172 τοῦ
1675 1119 1820 1174 κατὰ

225 1210 481 1283 Χριστὸν
542 1211 895 1280 σεϐάσματος
961 1210 1196 1280 εἴχοντο,
1246 1209 1342 1263 καὶ
1396 1209 1527 1264 καθ’
1577 1211 1819 1280 ἑκάστην

231 1303 418 1374 αὔξην
453 1305 489 1373 ὴ
524 1302 710 1364 πίστις
761 1300 1095 1370 ἐλάμϐανεν.
1132 1301 1347 1372 Ἠρέμα
1373 1303 1481 1372 γὰρ
1513 1303 1546 1374 ἡ
1589 1301 1822 1373 Ἐκκλη-

225 1396 328 1448 σία
354 1399 426 1466 τῇ
467 1395 667 1468 ἐνούσῃ
701 1396 872 1466 ἀρετῇ
927 1395 1027 1448 καὶ
1079 1397 1146 1466 τῇ
1197 1396 1512 1466 λαμπηδόνι
1538 1395 1648 1450 τῶν
1677 1397 1819 1465 άγα-

222 1488 348 1539 ϐῶν
404 1486 659 1555 πράξεων
688 1525 704 1550 ,
751 1484 844 1555 ὑφ’
899 1481 976 1538 ὧν
1023 1486 1292 1557 τεράστια
1343 1486 1440 1539 καὶ
1493 1486 1818 1556 θεοσημεῖαι

222 1575 504 1644 ἐγίνοντο,
538 1576 694 1648 παρά
749 1593 810 1629 τε
867 1577 1038 1647 ιερῶν
1073 1576 1309 1647 ἀνδρῶν,
1355 1576 1453 1630 καὶ
1505 1576 1678 1640 ἄλλως
1721 1577 1817 1630 ἐκ·

221 1669 675 1736 κλησιαστικῶν,
725 1669 820 1722 ἐπὶ
874 1670 1024 1739 μέγα
1071 1668 1232 1739 δόξης
1288 1671 1603 1739 προήγετοο
1636 1672 1734 1725 καὶ
1779 1671 1812 1742 ἡ

221 1765 339 1816 τῶν
377 1763 748 1833 Ἑλληνιστῶν
811 1762 1081 1834 θρησκεία
1155 1762 1484 1828 διεσυλᾶτο,
1549 1764 1659 1815 κάκ
1714 1762 1814 1833 τῆς

226 1856 524 1925 μοχθηρᾶς
577 1856 873 1925 τερθρείας
937 1857 1074 1925 πρὸς
1133 1853 1234 1924 τὴν
1306 1856 1572 1927 ἀληθινὴν
1631 1856 1818 1908 πίστιν

228 1951 608 2019 μετέρῤεπεν.
659 1947 813 2000 Ἐπεὶ
845 1947 901 2001 δέ
932 1949 1042 2000 τῶν
1067 1947 1232 2000 ὁσίων
1283 1948 1490 2001 τούτων
1532 1947 1818 2019 ἐμνήσθην

223 2043 464 2112 ἀνδρῶν,
495 2042 608 2094 δεῖν
631 2037 787 2111 οἶμαι
815 2042 954 2105 τέως
985 2040 1159 2109 τούτῳ
1187 2041 1263 2111 τῷ
1290 2041 1433 2109 λόγῳ
1464 2039 1817 2110 ἐπιδραμεῖν,

226 2136 324 2188 καὶ
376 2136 498 2187 ὅσοι
559 2134 626 2204 δὴ
677 2133 831 2188 ἄλλοι
896 2134 1225 2203 περιφανεῖς
1282 2132 1473 2203 ἄνδρες
1526 2133 1818 2202 τηνικαῦτ’

228 2231 592 2298 ἀκμάσαντες
624 2228 779 2290 κλέος
803 2228 978 2298 ἔσχον.
1016 2228 1128 2280 Καὶ
1160 2225 1573 2296 προκείσθωσαν
1604 2227 1654 2280 οἳ
1701 2227 1820 2279 ἀοί-

223 2325 375 2393 διμοι
410 2323 518 2392 τῆς
563 2322 820 2389 Σκήτεως
851 2322 1123 2389 ἡγεμόνες
1157 2321 1250 2372 καὶ
1281 2321 1392 2371 τῶν
1431 2311 1613 2372 ἐκεῖσε
1645 2320 1818 2390 ὀρέων

225 2396 928 2488 κατέστησανξΜακάριοι
982 2414 1040 2466 δὲ
1091 2413 1428 2483 ἀμφοτέροις
1477 2408 1544 2481 ἦν
1602 2412 1816 2483 δνομαο

224 2508 300 2566 ὧν
333 2515 361 2564 ὀ
394 2511 500 2578 μὲν
527 2510 810 2576 Λὶγύτι-ιου
852 2506 1100 2575 ὡρμᾶτο·
1137 2505 1331 2576 ἅτερος
1359 2505 1404 2556 δ’
1456 2504 1648 2568 ’Δστδς
1681 2503 1818 2557 ὠνο-

234 2605 478 2672 μάζετο·
508 2601 610 2672 τὴν
657 2601 769 2668 γὰρ
810 2597 1168 2666 Ἀλεξάνδρου
1209 2592 1325 2665 εἶχε
1366 2595 1628 2666 πατρίδα.
1664 2598 1818 2648 Θεῐοι

224 2699 284 2751 δὲ
312 2697 519 2766 ἄνδρες
562 2692 660 2746 καὶ
692 2693 861 2761 ἄμφω
889 2689 1159 2756 ἐγένοντο.
1193 2688 1509 2757 Θαυμάσιοι
1539 2687 1596 2739 δὲ
1628 2688 1725 2742 καὶ
1757 2687 1819 2739 τὸ

227 2791 554 2862 φιλοσοφεῖν
585 2783 764 2860 ἦσαν,
813 2786 910 2837 καὶ
957 2785 1059 2836 οὐκ
1103 2781 1465 2852 ἀμοιροῦντες
1503 2780 1655 2844 θείας
1683 2798 1820 2850 προε-

220 2889 517 2955 γνώσεως·
544 2881 713 2947 δεξιοὶ
739 2881 796 2934 δὲ
828 2877 925 2930 καὶ
955 2876 1222 2946 δαίμονας
1253 2875 1484 2944 ἀπελᾷν·
1511 2891 1566 2926 τε
1578 2874 1816 2944 ραστίων

224 2982 281 3033 δὲ
313 2981 413 3032 καὶ
462 2975 718 3045 ἰαμάτων
775 2973 1060 3042 πρόχειροι
1112 2967 1428 3036 αὐτουργοί.
1482 2961 1582 3020 Ὦν
1620 2965 1818 3036 ἅτερος

1922 471 2224 527 Eeclesiam
2279 472 2646 528 universalem
2678 488 2951 528 exornare
2995 471 3254 543 prraim
3310 475 3499 547 Syrus.

1921 564 2059 619 Tum
2091 580 2310 635 quoque
2344 565 2609 620 exstitere
2673 565 2936 633 Lucifer,
2974 564 3256 637 Didymus,
3289 568 3501 634 Aelius,
3535 640 3546 648 ‘

1920 657 2216 713 admodum
2283 658 2503 728 quidem
2557 659 2637 714 illi
2687 660 2872 714 eximii
2912 659 3038 720 viri.
3093 661 3188 715 sed
3238 651 3542 716 adversus-

1919 750 2209 805 veritatem
2265 751 2564 818 plurimum
2600 753 2766 806 etiam
2824 762 3163 824 pugnarunt.
3217 754 3390 823 Atque
3441 763 3501 808 nt

1919 844 2231 899 summatim
2259 842 2459 910 dicam,
2492 846 2729 916 przel'ecti
2761 861 2822 900 ea
2867 855 3194 916 tempestate
3241 848 3499 904 ecclesia-

1921 949 2044 988 rum
2101 936 2469 992 exaetissimis
2529 939 2655 992 vita:
2709 939 2976 993 institutis
3011 939 3180 994 dediti
3231 948 3411 1001 erant.
3467 956 3496 994 a

1919 1027 2122 1097 quibus
2156 1029 2344 1098 plebes
2393 1029 2497 1085 rite
2527 1029 2859 1101 gubernata,
2915 1031 3118 1087 Christi
3178 1032 3498 1103 religionem

1920 1128 2235 1175 constanter
2267 1121 2462 1188 coluit,
2490 1132 2548 1177 et
2572 1122 2757 1178 indies
2785 1123 2920 1178 ﬁdes
2943 1125 3303 1195 est_adaucta,
3333 1133 3500 1195 atque

1922 1209 2171 1266 Ecclesia
2194 1213 2398 1266 sensim
2426 1227 2526 1282 pro
2546 1212 2711 1268 insita
2735 1214 2788 1268 el
2814 1216 3196 1284 virtutemque
3232 1217 3501 1269 bonorum

1920 1317 2150 1372 operum
2185 1303 2502 1372 splendore,
2536 1313 2591 1359 et
2616 1305 2761 1374 quod
2787 1321 2817 1360 a
2852 1306 3024 1360 sacris
3048 1306 3282 1376 aliisque
3319 1309 3499 1362 eccle-

1921 1394 2158 1450 siasticis
2192 1395 2321 1450 viris
2347 1396 2593 1467 prodigia
2623 1397 2923 1467 divinaque
2971 1398 3236 1452 miracula
3271 1397 3498 1462 ﬁebant,

1920 1484 1986 1538 ad
2034 1483 2315 1553 ingentem
2369 1485 2601 1553 gloriam
2645 1487 2931 1554 pervenit:
2967 1485 3284 1541 Grmcorum
3319 1499 3500 1542 autem

1922 1577 2246 1646 superstitio
2299 1592 2518 1647 pessum
2576 1579 2666 1638 iit.
2723 1580 2876 1633 etab
2933 1580 3200 1648 improbis
3228 1582 3388 1649 nugis
3433 1583 3500 1634 ad

1924 1685 2109 1723 veram
2149 1669 2311 1724 ﬁdem
2345 1669 2582 1722 transiit.
2618 1669 2682 1723 Et
2717 1671 2976 1738 quoniam
3018 1681 3333 1725 sanctorum
3369 1673 3502 1726 isto-

1922 1777 2042 1816 rum
2101 1763 2348 1817 virorum
2403 1762 2541 1818 facta
2597 1770 2681 1817 est
2731 1765 2958 1828 mentio,
3013 1763 3321 1818 faciendum
3377 1779 3500 1820 esse

1921 1852 2077 1918 duxi,
2110 1862 2170 1907 ut
2206 1853 2449 1908 breviter
2481 1864 2672 1916 eos,et
2695 1853 2739 1907 si
2772 1855 2864 1923 qui
2894 1854 3122 1922 insuper
3145 1869 3215 1908 eo
3251 1865 3499 1924 tempore

1922 1945 2166 2001 illustres
2217 1946 2468 2000 homines
2516 1961 2639 2000 eum
2700 1947 2861 2001 laude
2924 1947 3184 2009 ﬂoruere,
3247 1948 3501 2001 oratione

1921 2053 2242 2109 persequar.
2277 2039 2357 2093 Ae
2380 2039 2558 2109 primo
2599 2038 2719 2094 loco
2749 2039 3098 2110 pereelebres
3137 2031 3214 2094 illi
3259 2056 3501 2094 comme-

1921 2141 2208 2190 morentur
2243 2131 2368 2197 viri,
2401 2131 2494 2201 qui
2527 2130 2706 2186 Sectis
2749 2134 3127 2203 montiumque
3174 2133 3294 2203 ejus
3329 2139 3500 2187 duces

1919 2223 2096 2278 fuere.
2127 2223 2359 2294 Utrique
2391 2239 2593 2278 nomen
2626 2235 2746 2279 erat
2780 2223 3058 2282 Macario:
3089 2242 3324 2295 quorum
3357 2227 3500 2281 alter

1922 2317 1977 2371 iu
2013 2315 2248 2388 [Egypto
2278 2325 2596 2381 ortuserat,
2635 2320 2774 2374 alter
2819 2319 3206 2374 Alexandriam
3265 2321 3498 2388 patriam

1923 2408 2134 2470 habuit,
2175 2419 2232 2464 et
2285 2425 2589 2480 cognomen
2629 2411 2878 2466 Urbani:
2931 2411 3094 2465 ambo
3138 2423 3290 2467 certe
3325 2413 3498 2466 divini

1917 2515 2148 2569 prorsus
2179 2502 2301 2568 viri,
2335 2512 2500 2572 atque
2548 2504 2602 2557 in
2648 2505 2946 2560 monastica
2994 2506 3342 2575 philosophia
3401 2505 3499 2559 ad-

1920 2596 2180 2660 mirandi,
2227 2596 2541 2650 divinarum
2593 2597 3015 2666 praedictionum
3065 2613 3171 2652 non
3223 2608 3496 2668 expertes,

1917 2689 2227 2744 daemonum
2250 2690 2509 2745 industrii
2539 2692 2886 2760 expulsores,
2909 2701 2970 2746 et
3003 2693 3375 2762 prodigi-orum
3408 2709 3500 2748 sa-

1918 2781 2314 2850 uationumque
2341 2779 2575 2850 prompti
2603 2792 2660 2838 et
2687 2783 2930 2852 expediti
2962 2793 3240 2840 auctores.
3284 2783 3494 2839 liorqu

1919 2874 2079 2936 alter,
2104 2872 2388 2944 {Egyptius
2408 2875 2640 2937 scilicet,
2659 2883 2934 2929 mortuum
2957 2891 3177 2945 quoque
3197 2877 3495 2932 excitavit:

1917 2975 1980 3017 ut
2029 2965 2322 3032 quemdam
2351 2965 2512 3020 alieni
2545 2965 2817 3034 dogmatis
2865 2977 3218 3030 sectatorem.
3269 2968 3337 3022 ad
3369 2984 3498 3024 ere-

226 3077 255 3124 ὁ
305 3071 626 3138 Αἰγύπτιος
687 3070 784 3120 καὶ
841 3064 1036 3132 νεκρὸν
1098 3061 1317 3123 ἀνίστα,
1371 3057 1448 3122 ὡς
1489 3058 1554 3113 ἄν
1599 3059 1664 3127 γέ
1697 3076 1814 3112 τινα

1922 3055 2164 3108 denduin
2199 3065 2445 3110 mortuos
2477 3072 2787 3126 resurgere,
2837 3060 3194 3128 persuasione
3223 3076 3286 3116 ea
3315 3062 3496 3117 addu-

222 3167 510 3235 δόγματος
557 3160 845 3230 ἀλλοτρίου
877 3158 1062 3210 πείσοι
1111 3154 1392 3210 πιστεύειν
1443 3155 1674 3225 νεκροὺς
1723 3153 1816 3206 ἀν-

227 3256 516 3309 ίστασθαι.
571 3254 722 3320 Πέρα
761 3250 818 3302 δὲ
847 3249 958 3301 τῶν
993 3245 1041 3314 ιζ
1074 3245 1384 3316 παρελάσαι
1416 3245 1575 3312 λόγος
1608 3245 1817 3296 ἐκεῖνον

226 3349 290 3398 τὸ
323 3346 455 3414 ζῇν.
499 3343 588 3396 Ὠν
637 3342 706 3392 τὰ
741 3341 880 3409 ὑπὲρ
931 3338 1108 3409 ἥμισυ
1160 3339 1228 3407 τῇ
1279 3338 1337 3389 ἐν
1388 3337 1583 3405 ἐρήμῳ
1629 3335 1816 3387 ἐπόνει

227 3429 516 3501 διατρ;6ᾒ’
557 3429 704 3499 μάλα
741 3428 798 3481 δὲ
840 3427 938 3482 καὶ
984 3426 1065 3479 ἐτι
1111 3423 1229 3488 νέος
1279 3423 1355 3477 ὢν
1424 3427 1491 3494 τῇ
1525 3420 1816 3492 φιλοσοφίᾳ

226 3526 555 3592 διέπρεπεν,
616 3519 739 3572 ὅθεν
783 3518 879 3570 καὶ
928 3514 1374 3598 ῌαιδαριογέρων
1420 3513 1482 3564 τὸ
1525 3511 1816 3581 ἐπώνυμον

230 3619 384 3686 ἔσχε,
424 3616 523 3666 καὶ
565 3612 658 3664 τὸν
699 3607 795 3662 τοῦ
839 3607 1218 3678 πρεσϐυτέρου
1264 3606 1321 3658 δὲ
1357 3603 1569 3674 βαθμὸν
1603 3601 1814 3666 ἔϐαινε,

236 3703 797 3779 τεσσαρακοντούτης
850 3702 1168 3770 γενόμενος.
1234 3698 1293 3752 '0
1332 3696 1395 3750 δέ
1428 3695 1710 3757 Πολιτικὸς
1757 3695 1815 3748 ἐν

227 3804 485 3856 ἐλάττονι
513 3799 692 3868 χρόνῳ
737 3795 800 3848 τὸ
829 3795 948 3846 ἴσον
987 3791 1089 3860 τῆς
1121 3791 1280 3857 ἀξίας
1326 3788 1552 3856 εὕρατο’
1587 3787 1814 3857 ἁπάσης

226 3896 273 3949 δ’
305 3893 610 3961 ἀσκήσεως
646 3890 747 3958 τὴν
779 3888 976 3956 πεῖραν
1010 3886 1090 3947 είς
1133 3883 1308 3952 ἄκρον
1339 3882 1554 3951 εἴληφε.
1595 3879 1678 3932 Τά
1713 3879 1814 3950 μὲν

229 3990 344 4057 γὰρ
379 3982 548 4044 αὐτὸς
602 3979 855 4050 εὕρισκε,
888 3977 960 4030 τὰ
1015 3975 1060 4028 δ’
1118 3975 1363 4037 ἀκούων,
1399 3975 1568 4027 παντὶ
1621 3973 1814 4043 τρόπῳ

228 4071 547 4146 κατορθοῦν
585 4069 871 4140 ἐπειρᾶτο.
920 4066 1011 4128 Ἐς
1049 4065 1306 4119 τοσοῦτον
1332 4065 1381 4117 δ’
1410 4060 1479 4136 ᾖν
1515 4081 1813 4133 συντετηγ-

233 4168 398 4237 μένος
431 4181 493 4217 τε
535 4164 633 4215 καὶ
660 4158 1080 4229 κατεσκληκὼς,
1109 4157 1184 4220 ὡς
1221 4157 1345 4228 μηδ’
1373 4159 1579 4224 ἐνεῖναι
1613 4159 1811 4228 τρίχας

229 4261 393 4329 φύειν
425 4258 520 4308 τὸν
554 4253 817 4322 πώγωνα.
850 4249 960 4304 Ἦν
1013 4251 1059 4302 δ’
1091 4252 1120 4304 6
1159 4249 1261 4320 μὲν
1307 4247 1609 4316 Αἰγύπτιος
1672 4249 1810 4318 μετὰ

228 4353 324 4406 τοῦ
374 4336 641 4411 εύλαὸοὖς
672 4345 967 4416 αὐστηρός·
1005 4345 1203 4415 ἅτερος
1244 4345 1302 4396 δὲ
1348 4347 1378 4396 ὁ
1423 4344 1811 4415 Ἀλεξανδρεὺς

1920 3157 2096 3201 ceret.
2120 3145 2222 3200 llic
2252 3147 2390 3200 ultra
2439 3150 2735 3216 nonaginta
2770 3165 2943 3205 annos
2974 3151 3177 3207 vixisse
3229 3155 3496 3224 perbibe-

1918 3246 2032 3298 tur,
2061 3252 2291 3306 quorum
2323 3238 2446 3307 plus
2489 3254 2654 3308 quam
2686 3239 2967 3296 dimidiam
3011 3253 3222 3312 partem
3273 3247 3330 3300 in
3383 3247 3496 3301 vita

1917 3329 2158 3383 solitaria
2191 3330 2470 3400 transegit.
2497 3331 2564 3385 Et
2598 3332 2918 3388 adolescens
2943 3334 3240 3390 admodum
3269 3340 3459 3407 sapien
3481 3371 3496 3382 -

1919 3423 2007 3477 tia:
2029 3424 2225 3478 studiis
2251 3424 2542 3479 excelluit:
2571 3434 2630 3479 et
2655 3425 2730 3480 ob
2753 3426 2807 3480 id
2839 3427 3312 3500 Πιιδαριογέρων,
3335 3433 3494 3501 quasi

1916 3531 2150 3585 puerum
2207 3517 2435 3570 senilem
2481 3519 2655 3582 dicas,
2702 3535 3003 3588 coguomen
3027 3522 3290 3578 obtinuit.
3325 3524 3489 3582 Pres-

1918 3607 2098 3678 byteri
2123 3607 2438 3677 dignitatem
2465 3610 2933 3679 quadragenarius
2950 3615 3213 3683 suscepit.
3230 3616 3488 3674 Urbanus

1918 3715 2050 3754 vero
2081 3699 2334 3756 breviore
2392 3711 2640 3772 tempore
2677 3703 2743 3757 ad
2771 3706 3021 3760 eamdem
3056 3711 3305 3780 pervenit
3333 3713 3495 3785 704

1916 3791 2258 3862 dignitatem.
2315 3793 2585 3849 Exercitia
2615 3796 2835 3866 pietatis
2881 3800 3066 3854 omnia
3110 3803 3176 3856 ad
3209 3819 3488 3861 summum

1910 3885 2176 3950 excoluit,
2209 3900 2330 3954 quae
2362 3886 2558 3954 partim
2609 3888 2724 3956 ipse
2762 3889 2992 3958 invenit,
3024 3895 3219 3962 partim
3247 3911 3318 3950 cx
3369 3898 3494 3953 aliis

1915 3974 2098 4029 audita
2138 3975 2316 4030 modis
2346 3975 2604 4030 omnibus
2631 3978 2919 4053 absolvere
2950 3990 3036 4035 est
3059 3993 3314 4038 conatus.
3337 3986 3494 4040 Adeo

1915 4075 2098 4120 autem
2130 4078 2455 4122 exlenuatus
2489 4076 2546 4122 et
2587 4071 2758 4123 macie
2788 4069 3074 4126 confectus
3101 4073 3223 4136 fuit.
3282 4089 3342 4132 ut
3382 4094 3493 4136 non

1914 4167 2061 4213 esset
2088 4157 2232 4213 unde
2274 4159 2368 4228 pili
2411 4159 2596 4215 barbae
2629 4175 3041 4232 excresperent.
3082 4165 3146 4220 Et
3177 4168 3492 4242 Egyptius,

1909 4267 2038 4305 eum
2093 4252 2403 4306 reverentia
2450 4254 2684 4324 quadam
2740 4267 3040 4314 austerus:
3083 4262 3494 4321 Alexandrinus

1915 4353 2096 4398 autem
2140 4359 2266 4398 cum
2311 4345 2363 4398 in
2396 4347 2517 4401 aliis
2574 4349 2834 4405 omnibus
2883 4366 2984 4421 par
3020 4352 3277 4425 Aigyptio
3323 4366 3491 4422 esset,

225 4440 624 4511 παραπλήσιος
662 4436 749 4506 ἐφ’
781 4415 958 4490 ἅπασι
989 4434 1068 4504 τῷ
1102 4435 1389 4505 Αἰγυπτίῳ
1419 4433 1517 4497 ὢν,
1556 4436 1613 4487 ἐν
1634 4433 1812 4504 τούτῳ

1918 4435 1972 4488 ίιι
2005 4435 2110 4491 hoc
2143 4444 2352 4490 tantum
2383 4437 2452 4491 ab
2490 4439 2583 4494 illo
2616 4442 2871 4503 variavit,
2905 4444 3054 4512 quod
3105 4445 3160 4498 in
3198 4447 3494 4517 colloquiis

229 4529 648 4602 παρήλλαττεν,
680 4528 876 4596 ὅτιπερ
901 4525 1087 4594 ἱλαρὸς
1122 4528 1234 4586 τοῖς
1263 4525 1688 4594 ἐντυγχάνουσιν
1721 4521 1811 4598 ἦν.

228 4626 326 4677 καὶ
347 4625 430 4690 τῷ
463 4618 914 4688 χαριεντίζεσοαι
958 4617 1086 4680 τοὺς
1125 4619 1282 4678 νέους
1327 4613 1429 4686 ἦγε
1461 4617 1596 4687 πρὸς
1637 4619 1811 4687 ἄσκη.

229 4734 340 4770 σιν.
395 4715 619 4768 Τούτων
670 4697 946 4783 Εὑάγριος
987 4714 1205 4779 ἐγένετο
1256 4711 1506 4781 μαθητής
1532 4725 1547 4741 ο
1588 4711 1682 4763 καὶ
1713 4711 1814 4779 τὴν

227 4809 298 4863 δι’
343 4810 530 4879 ἔργων
594 4807 920 4875 φιλοσοφίαν
970 4807 1279 4874 ἐκτήσατο,
1340 4807 1611 4873 πρότερον
1661 4803 1809 4873 λόγῳ

232 4905 381 4973 μόνῳ
412 4901 744 4969 φιλοσοφῶν,
779 4902 958 4970 χρόνῳ
995 4897 1040 4951 δ’
1077 4899 1274 4968 ἐκείνῳ
1314 4898 1458 4951 κατὰ
1509 4898 1600 4950 τὸν
1643 4897 1811 4950 αὐτὸν

226 4994 406 5062 χῶρον
447 4993 914 5058 συνεφιλοσόφουν
963 4989 1148 5051 αὐτοῖς
1191 4988 1402 5057 Παμόώ
1432 5005 1492 5039 τε
1525 4988 1553 5039 ό
1585 4988 1811 5057 διαϐόη-

226 5104 338 5149 τος,
379 5086 476 5137 καὶ
508 5084 537 5136 ὁ
580 5082 871 5151 ίσάγγελον
913 5083 1076 5152 εἴπερ
1111 5099 1195 5145 τις
1233 5080 1517 5134 πολιτείαν
1556 5081 1810 5148 ἀσκήσας

228 5179 510 5246 Παήσιος,
561 5173 924 5244 Ἡρακλείδης
957 5189 1013 5225 τε
1061 5173 1157 5226 καὶ
1189 5173 1437 5242 Κρόνιος,
1473 5171 1809 5242 Παφνούτιός

295 5305 374 5370 (l)
414 5303 625 5357 Pambo
660 5319 783 5357 eum
817 5302 1132 5358 illitteratus
1158 5311 1324 5365 esset,
1353 5301 1633 5356 duetorem
1661 5302 1810 5355 Psal-

223 5389 344 5428 mos
389 5384 758 5442 exponentem
805 5376 980 5427 adiit:
1011 5382 1066 5426 et
1117 5389 1240 5426 cum
1291 5377 1525 5441 primum
1588 5388 1806 5425 versum

225 5445 366 5498 Psal.
425 5459 629 5497 xxxvm
676 5443 844 5511 (Dixi,
888 5442 1192 5499 Custodiam
1240 5444 1352 5496 vias
1399 5459 1563 5507 meus,
1597 5454 1652 5494 ut
1705 5459 1810 5495 non

219 5517 536 5582 delinquant
577 5516 633 5566 in
665 5514 846 5583 lingua
881 5516 1020 5583 mea)
1065 5513 1332 5574 audisset,
1363 5513 1638 5583 discessit,
1665 5513 1811 5565 sulli-

223 5600 347 5638 rere
391 5585 501 5638 sibi
533 5582 789 5652 inquiens
834 5600 1049 5639 versum
1106 5583 1292 5648 istum,
1326 5591 1386 5635 ut
1441 5582 1594 5636 illum
1650 5584 1809 5638 laetis

221 5657 540 5724 exprimere
595 5655 924 5708 addisceret.
967 5655 1167 5708 Doctor
1202 5668 1326 5707 cum
1379 5669 1447 5708 eo
1495 5658 1810 5724 expostula-

223 5739 320 5792 ιιι,
356 5725 509 5796 quod
545 5739 674 5789 eum
727 5728 796 5779 ab
844 5740 908 5781 eo
941 5734 1187 5796 tempore
1243 5724 1370 5782 totis
1403 5740 1496 5780 sex
1529 5725 1813 5780 men-ibus

1920 4527 2114 4580 hilaris
2137 4536 2194 4581 et
2218 4529 2516 4599 jucundus,
2560 4533 2785 4588 urbanis
2825 4535 3034 4590 salibus
3059 4547 3237 4600 utens,
3260 4540 3493 4609 juvenes

1917 4619 1986 4672 ad
2040 4619 2286 4673 studium
2322 4630 2378 4675 et
2404 4625 2856 4680 exercitationem
2909 4627 3130 4695 pietatis
3165 4629 3489 4684 adduceret.

1918 4711 2123 4767 Horum
2156 4714 2461 4784 discipulus
2493 4715 2594 4769 fuit
2648 4717 2936 4787 Evagrius,
2971 4720 3115 4790 apud
3142 4737 3282 4791 quos
3311 4725 3491 4792 philo-

1917 4805 2124 4874 sophia:
2156 4807 2448 4860 sanctioris
2495 4818 2766 4877 priet-epla
2801 4809 2960 4864 factis
2989 4813 3302 4881 exprimere
3342 4815 3490 4869 didi-

1916 4898 2010 4963 cit,
2038 4911 2161 4950 cum
2201 4906 2355 4952 antea
2387 4898 2568 4952 verbis
2603 4901 2731 4954 solis
2756 4904 3039 4971 sapientia:
3090 4906 3336 4961 studium
3366 4925 3490 4980 pro-

1915 4985 2093 5040 fessus
2125 4987 2339 5043 fuisset.
2379 4988 2584 5042 Eodem
2623 5006 2752 5044 vero
2786 5000 3028 5062 tempore
3054 5036 3069 5059 ,
3102 5005 3158 5050 et
3188 4998 3396 5053 eisdem
3435 5003 3488 5055 in

1915 5079 2069 5143 locis,
2096 5095 2219 5134 eum
2267 5080 2378 5135 illis
2433 5080 2800 5153 philosOpbati
2833 5096 2986 5152 sunt,
3022 5087 3350 5146 decantatus
3400 5073 3491 5146 ille

1916 5170 2122 5224 Pambo
2163 5171 2237 5242 (l)
2272 5188 2287 5225 :
2332 5181 2495 5242 atque
2527 5175 2620 5242 qui
2670 5177 2970 5245 angelicam
3004 5195 3255 5249 prorsus,
3284 5183 3330 5236 si
3367 5185 3491 5252 quis

1915 5317 2024 5376 non
2074 5301 2320 5376 vidisset.
2358 5303 2426 5356 At
2461 5303 3053 5376 Pamborespondens
3092 5326 3106 5363 :
3143 5310 3299 5374 Quod
3349 5325 3492 5362 non-

1913 5375 2042 5426 duin
2094 5387 2164 5444 re,
2194 5373 2308 5444 ipsa
2342 5388 2559 5444 versum
2614 5373 2848 5444 primum
2898 5373 3184 5433 assecutus
3231 5389 3400 5441 esset,
3431 5395 3490 5434 se

1913 5443 2216 5496 excusavit.
2257 5442 2410 5496 Multi
2451 5442 2817 5501 intercessere
2862 5450 2990 5501 anni
3028 5468 3041 5497 :
3075 5457 3128 5500 et
3163 5450 3338 5501 amico
3363 5450 3455 5501 cui

1913 5514 2039 5566 dam
2089 5512 2324 5581 roganti,
2361 5529 2492 5566 num
2530 5528 2748 5568 versum
2799 5531 2923 5570 eum
2959 5517 3353 5572 addidit-isset?
3387 5517 3488 5572 Vix

1916 5581 2322 5656 ιτιιιιιυιιιηιιῇι,Δ
2349 5584 2540 5656 decem
2587 5595 2644 5636 et
2699 5600 2894 5656 novem
2958 5587 3136 5649 annis,
3167 5587 3329 5640 factis
3357 5604 3490 5656 ipsis

1913 5667 2039 5727 eum
2081 5653 2349 5727 addidici.
2384 5653 2573 5727 Eidem
2617 5654 2740 5706 auri
2777 5662 2990 5727 eertum
3041 5671 3336 5710 numerum
3364 5653 3488 5727 qui-

1914 5724 2038 5778 dam
2080 5725 2132 5776 in
2155 5738 2458 5794 pauperum
2493 5723 2749 5778 alimenta
2778 5723 2950 5796 dedit,
2972 5735 3048 5794 et,
3076 5728 3312 5782 Numera
3338 5723 3486 5799 quod
