3988 6190
479 295 578 360 271

1675 289 2095 355 NICEPHORI
2137 291 2483 354 CALLISTI

3629 288 3740 349 εὶτῖ

482 415 644 470 alius,
678 417 732 463 et
779 409 895 478 ipse
963 406 1207 462 exercuit
1258 403 1422 458 vitam
1468 403 1696 459 Paesins
1740 403 1858 472 (l):
1917 403 2046 456 item

2172 421 2210 456 re
2273 404 2369 456 καὶ
2404 399 2832 469 Πουτουσάστης
2891 397 2985 451 καὶ
3028 395 3330 466 ’Διρσίσιος,
3368 396 3469 448 καὶ
3499 395 3528 448 ὁ
3563 399 3740 460 πολὺς

485 501 799 558 Heraclides
823 499 1076 560 Cronius,
1105 497 1466 565 Paphnutius.
1500 495 1848 556 i‘utubastes,
1876 497 2044 547 Arseo

424 625 452 656 ι
486 595 621 657 sius,
655 602 712 647 et
741 605 967 660 magnus
1021 588 1308 655 Serapion.
1344 587 1607 640 Praeterea
1657 585 1896 655 Pityrion
1932 583 2043 647 ille,

487 685 579 755 qui
601 696 775 738 tamen
796 681 945 744 alibi,
970 680 1112 747 apud
1140 678 1382 732 Athenas
1403 677 1674 739 videlicet,
1693 675 2043 736 asceterium,

468 791 582 829 seu
603 771 916 826 exercenda:
948 769 1216 836 religiosm
1241 767 1458 836 pietatis
1479 766 1814 820 domicilium
1838 765 2045 818 habuit.

489 868 713 935 Insuper
753 865 942 932 ingens
974 876 1192 930 quoque
1225 860 1315 913 ille
1366 858 1713 918 Pachomius,
1738 855 1829 923 qui
1860 855 1969 909 dux
1995 863 2051 908 et

490 965 681 1009 auctor
711 952 833 1005 vita:
867 951 1389 1004 Tabe-tinesiotarum
1438 948 1605 1001 fuisse
1652 946 1872 1000 dicitur.
1902 944 2050 998 Nova

489 1055 670 1099 autem
695 1043 942 1112 quantum
980 1043 1087 1096 illis
1119 1050 1203 1095 cst
1247 1040 1370 1094 vita:
1427 1039 1567 1093 ratio
1593 1078 1607 1099 ,
1641 1037 1696 1090 in
1728 1036 2050 1105 quihusdam

475 1137 701 1190 ‘rebusa
732 1133 964 1202 reliquis
1011 1131 1294 1186 monachis
1319 1130 1594 1183 evarians.
1621 1127 1875 1182 Animum
1905 1125 2052 1180 enim

491 1223 784 1278 assuefaeit
816 1223 882 1276 ad
902 1222 1162 1275 virtutem
1193 1221 1456 1289 aspirare,
1491 1229 1547 1273 et
1583 1227 1798 1272 terrena
1835 1216 2051 1286 procul~

489 1332 616 1369 care
640 1324 694 1368 et
737 1328 953 1367 sursum
991 1312 1263 1380 respicere
1299 1323 1516 1379 semper
1551 1325 1567 1363 :
1600 1319 1656 1363 ut
1685 1308 1842 1363 facile
1898 1307 2056 1361 dein-

483 1421 622 1473 ceps
649 1406 720 1458 sit
743 1404 1022 1472 pulverem
1052 1403 1198 1455 hunc
1223 1399 1653 1470 deponentibns,
1689 1399 1744 1453 in
1777 1399 2055 1454 catlestem

484 1496 784 1566 pervenire
824 1494 1128 1563 regionem.
1173 1491 1456 1562 Siquidem
1514 1491 1897 1546 indumentum
1951 1489 2058 1542 illis

495 1598 615 1643 erat
678 1585 877 1640 melota
921 1599 1016 1639 seu
1061 1583 1222 1654 pellis
1270 1583 1431 1637 ovilla
1470 1601 1484 1638 :
1539 1583 1846 1654 symbolum
1895 1591 2059 1648 atque

496 1686 933 1740 monumentum,
969 1685 1028 1729 ut
1069 1676 1287 1745 opinor,
1322 1689 1599 1744 generosa:
1627 1684 1683 1730 et
1709 1677 1866 1732 fortis
1912 1675 2059 1732 illius

490 1770 665 1825 Hel-ite
683 1769 989 1838 Thcsbytze,
1013 1769 1088 1822 rei
1113 1768 1366 1824 Veneres:
1392 1778 1450 1822 et
1463 1769 1918 1838 concupiscentiae
1946 1768 2062 1823 ma-

493 1862 790 1915 cerationis
815 1868 976 1929 atque
1007 1858 1476 1925 mortiﬁcatiouis,
1509 1869 1570 1914 ut
1615 1860 1960 1915 aemulatione
2008 1869 2063 1914 et

500 1953 694 2005 ardore
726 1951 971 2019 ejusdem
1003 1966 1127 2004 cum
1159 1951 1250 2004 illo
1311 1951 1425 2020 spei
1475 1951 1539 2005 ad
1589 1951 1976 2007 continentiam
2008 1962 2063 2008 et

499 2045 805 2100 castitatem
833 2055 1056 2098 strenue
1091 2058 1490 2112 grassarentur.
1522 2042 1789 2098 Caeterum
1826 2045 2065 2114 reliquo-

500 2151 623 2189 rum
658 2150 876 2205 quoque
926 2133 1302 2204 Egyptiorum
1367 2137 1758 2190 monachorum
1810 2137 2062 2199 amictus,

501 2236 564 2282 ut
591 2226 776 2296 Opinio
823 2226 947 2290 fert,
968 2226 1034 2279 ad
1083 2226 1391 2293 exemplum
1421 2226 1641 2295 aliquod
1676 2238 1730 2281 et
1786 2227 2064 2295 specimen

498 2321 802 2374 arcanioris
833 2320 1190 2389 ριιίιυεονιιὶιο
1230 2327 1461 2389 spectat.
1512 2320 1628 2375 Non
1661 2320 1806 2374 enim
1864 2322 1938 2374 illi
1981 2331 2065 2375 te-

505 2424 656 2465 mere
680 2425 709 2464 a
739 2410 1016 2464 communi
1063 2409 1248 2464 habitu
1270 2409 1529 2463 vestitum
1570 2425 1729 2464 suum
1763 2421 2063 2464 mutavere.

501 2502 811 2556 Amiculum
845 2516 1079 2570 namque
1108 2500 1337 2554 manicis
1367 2515 1579 2568 carens,
1610 2501 1873 2556 indicium
1903 2511 2066 2572 atque

505 2593 904 2648 institutionem
940 2607 1061 2647 esse
1092 2592 1354 2658 arbitror,
1382 2607 1450 2647 ne
1487 2609 1682 2648 manus
1713 2594 1778 2647 ad
1814 2595 2065 2662 injuriam

505 2685 844 2740 inferendam
899 2685 1082 2740 faciles
1110 2688 1251 2750 sint,
1291 2696 1345 2738 et
1378 2694 1658 2754 promptas.
1695 2685 1906 2754 Capitis
1933 2701 2065 2739 vero

502 2788 720 2848 tegmen
748 2777 1140 2842 acuminatutn,
1184 2787 1244 2831 ut
1284 2778 1562 2846 simplices
1592 2777 1722 2841 sint,
1750 2786 1805 2831 et
1838 2777 2070 2847 injurias

505 2885 618 2924 non
648 2868 949 2931 vindicent,
980 2882 1228 2936 pureque
1263 2875 1318 2920 et
1369 2867 1688 2921 innocenter
1717 2868 1942 2921 vivant:
1987 2867 2068 2920 la-

502 2961 773 3014 ctentium
831 2973 1126 3027 puerorum
1188 2957 1384 3020 instar,
1427 2973 1663 3027 quorum
1692 2958 1868 3027 capita
1919 2958 2070 3027 ejus-

2149 493 2430 562 Σεραπίων
2455 509 2467 520 ·
2501 492 2636 562 πρὸς
2687 492 2744 543 δὲ
2782 490 3063 559 Τιτυρίων
3095 491 3324 551 ἐκεῖνος,
3358 487 3421 549 ὃς
3467 487 3739 558 ἀλλαχοῦ,

2149 585 2280 654 παρ’
2330 583 2638 650 Ἀθηναίοις
2664 581 2888 652 δηλαδὴ,
2928 581 2988 633 τὸ
3020 580 3366 649 ἀσκητήριον
3391 577 3541 647 εἶχε·
3579 581 3676 633 καὶ
3709 583 3741 635 ὁ

2150 677 2318 737 πολὺς
2345 675 2550 736 ἐκεῖνος
2587 675 2903 743 Παχώμιος,
2957 674 3018 725 ὃν
3061 671 3338 740 κατάρξαι
3387 674 3484 724 καὶ
3523 673 3742 741 ἡγήσα-

2155 767 2279 817 σθαι
2310 765 2410 834 τῆς
2441 766 2550 817 τῶν
2584 765 3056 834 Ταϐεννησιωτῖῖν
3077 764 3291 833 διαίτης
3328 766 3425 815 καὶ
3453 764 3744 827 πολιτείας

2150 857 2333 922 λόγος.
2372 855 2541 924 Καινὴ
2573 856 2630 908 δέ
2661 873 2742 916 τις
2765 851 2829 924 ἢν
2860 857 3089 918 ἐκείνοις
3127 857 3157 924 ἡ
3193 857 3444 908 πολιτεία
3521 855 3578 908 ἐν
3624 873 3739 908 τισι

2156 949 2616 1018 παραλλάττουσα
2643 947 2753 1000 τῶν
2787 946 2992 1000 λοιπῶν
3040 947 3319 1016 μοναχῶν·
3357 946 3509 1016 ψυχῇ
3544 946 3738 1017 μέντοι

2154 1039 2276 1101 ἔθος
2305 1039 2516 1090 ἔκιιεῖσα
2569 1040 2707 1106 πρὸς
2767 1037 2972 1107 ἀρετὴν
3021 1036 3310 1107 αἴρεσθαι,
3355 1037 3452 1088 καὶ
3503 1038 3568 1089 τὰ
3604 1037 3741 1103 περὶ

2153 1133 2257 1199 γῆν
2288 1133 2347 1184 ὲν
2374 1130 2612 1200 δευτέρῳ
2665 1133 2867 1196 ποιεῖν,
2899 1132 3012 1184 ἄνω
3042 1131 3098 1183 δὲ
3132 1132 3360 1201 βλέπειν
3405 1132 3528 1184 ἀεί·
3561 1133 3639 1195 ὡς
3671 1133 3740 1186 ἄν

2155 1222 2210 1289 γ’
2258 1223 2315 1275 ἐν
2347 1223 2603 1294 ῥᾳστώνῃ
2645 1223 2732 1290 εἴη
2763 1222 2902 1290 πρὸς
2952 1223 3046 1276 τῖον
3083 1223 3341 1292 οὐράνιον
3375 1224 3594 1295 ἀφορᾷι
3630 1223 3741 1294 xc?-

2161 1331 2274 1384 ρον,
2309 1315 2462 1368 κάτω
2513 1331 2619 1368 που
2663 1314 2975 1383 τιθεμένοις
3027 1315 3118 1367 τὸν
3153 1316 3307 1384 χοῦν.
3342 1316 3589 1385 Μηλωτὴ
3626 1318 3741 1386 γὰρ

2157 1403 2227 1478 ἦν
2259 1407 2488 1467 ἐκείνοις
2544 1407 2607 1458 τὸ
2661 1405 2904 1475 ἔνδυμα·
2940 1405 3217 1474 σύμὸολον
3269 1403 3430 1477 οἶμαι
3487 1409 3589 1476 τῆς
3638 1408 3739 1460 τοῦ

2159 1495 2423 1549 Θεσϐίτου
2456 1495 2711 1563 γενναίας
2748 1494 2887 1564 πρδς
2908 1497 2976 1548 τὰ
3006 1495 3298 1564 ἀφροδίσια
3353 1496 3451 1549 καὶ
3483 1499 3583 1558 τὰς
3614 1499 3741 1548 ἐπι-

2162 1588 2364 1657 θυμίας
2424 1586 2735 1658 συντήξεως
2781 1587 2877 1639 καὶ
2925 1587 3250 1656 νεκρώσεως
3280 1602 3294 1616 ·
3349 1588 3483 1650 ἴσως
3527 1588 3585 1640 δὲ
3638 1589 3742 1641 καὶ

2163 1679 2310 1750 ζήλῳ
2338 1679 2451 1733 τῶν
2483 1680 2616 1733 ῖσων
2649 1678 2842 1747 ὲκείνῳ
2873 1679 3134 1744 ἐλπίδων,
3165 1679 3308 1750 πρὸς
3335 1682 3397 1732 τὸ
3430 1682 3744 1748 σωφρονεῖν

2166 1771 2398 1842 ἑτοίμως
2422 1773 2643 1841 χωρεῖν.
2677 1772 2752 1823 Οὑ
2782 1771 2891 1842 μὴν
2917 1770 2975 1824 δὲ
3003 1770 3141 1824 ἀλλὰ
3169 1775 3267 1825 καὶ
3298 1773 3368 1825 τὰ
3397 1772 3507 1826 τῶν
3532 1774 3746 1843 ἑτέρων

2161 1865 2218 1917 ὲν
2243 1863 2505 1934 Αἰγύπτῳ
2542 1863 2793 1933 μοναχῶν
2828 1863 3222 1934 περιϐλήματα
3251 1863 3410 1931 λόγος
3447 1865 3564 1932 ἔχει
3601 1865 3745 1934 πρός

2162 1970 2214 2006 τι
2269 1953 2592 2022 φιλοσοφίας
2647 1954 2964 2023 ὑπόδειγμα
3011 1954 3268 2023 ἀφορᾷν·
3315 1953 3455 2024 μηδὲ
3511 1955 3624 2022 γὰρ
3674 1955 3743 2006 ἂν

2164 2043 2358 2110 οὕτως,
2392 2045 2467 2108 ὡς
2501 2045 2660 2114 ἔτυχε
2683 2085 2698 2108 ,
2731 2045 2830 2114 τῆς
2872 2045 2983 2097 τῶν
3033 2045 3248 2098 πολλῶν
3302 2045 3579 2113 ἀναϐολῆς
3635 2061 3747 2098 πα-

2167 2137 2516 2206 ραλλάσσειν.
2551 2137 2624 2188 Τὸ
2658 2137 2756 2205 μὲν
2786 2135 2897 2206 γὰρ
2927 2136 3288 2206 ἀχειρίδωτον
3337 2135 3543 2204 ἔνδυμα
3581 2133 3746 2205 οἶμαι

2168 2245 2272 2280 που
2303 2227 2585 2296 παίδευμα
2638 2223 2780 2278 εἶναι
2835 2226 2910 2296 μὴ
2961 2227 3059 2287 τὰς
3102 2228 3292 2296 χεῖρας
3345 2227 3537 2296 ῥᾳδίας
3591 2226 3747 2295 ἔχειν

2167 2319 2302 2386 πρὸς
2331 2318 2509 2386 ὓϐρινο
2560 2318 2620 2369 τὸ
2674 2316 2732 2370 δὲ
2777 2317 2877 2384 τῆς
2926 2316 3178 2384 κεφαλῆς
3226 2318 3499 2384 κάλυμμα
3531 2319 3609 2377 είς
3642 2316 3747 2380 ὀξὺ

2166 2411 2354 2479 λῆγον,
2391 2408 2522 2463 ὥσθ’
2571 2409 2781 2471 ἁπλοῦς
2837 2405 2981 2462 εἶναι
3013 2411 3109 2461 καὶ
3151 2409 3570 2478 μὴ-ἀμύνεσθαι
3595 2450 3610 2469 ,
3642 2426 3750 2461 κα-

2169 2502 2351 2572 θαρῶς
2380 2501 2436 2553 δὲ
2478 2501 2576 2554 καὶ
2605 2501 2882 2570 ἀκεραίως
2915 2500 3089 2569 βιοῦν,
3125 2502 3323 2569 ἐπίσης
3351 2505 3464 2564 τοῖς
3501 2502 3750 2571 γάλακτι

2167 2594 2526 2665 τρεφομένοις
2576 2594 2794 2655 παισὶν,
2846 2587 2928 2654 οἷς
2953 2592 3109 2660 φίλον
3146 2591 3424 2650 τοιαύταις
3453 2591 3512 2655 ἐξ
3546 2591 3749 2660 ὀθόνης

2166 2689 2380 2756 τιάραις
2433 2685 2832 2749 καλύπτεσθιι,
2873 2685 2930 2737 αῖ
2969 2687 3030 2736 τὸ
3079 2685 3421 2753 ήγεμονικδν
3467 2683 3749 2735 σκέπουσι

2167 2795 2228 2831 τε
2259 2779 2374 2848 ἅμα
2415 2778 2511 2830 καὶ
2541 2777 2994 2846 περιθάλπουσιν.
3048 2777 3114 2830 Ἦ
3157 2778 3215 2830 δὲ
3242 2776 3387 2845 ζώνη
3422 2778 3517 2828 καὶ
3545 2779 3574 2828 ὁ
3611 2777 3752 2838 τοὺς

2171 2867 2355 2939 ὤμους
2384 2868 2687 2940 διατρὲχων
2723 2868 3020 2932 ἀνασολεὺς
3055 2869 3152 2922 καὶ
3182 2868 3482 2938 βραχίονας
3511 2869 3573 2920 τὸ
3600 2869 3756 2920 ’ἐτοι-

2177 2978 2276 3032 μον
2321 2961 2401 3024 είς
2445 2959 2726 3013 διακονίαν
2776 2959 2910 3011 Θεοῦ
2955 2959 3368 3023 ὑπαινίσσεται,
3405 2961 3503 3012 καὶ
3531 2952 3605 3012 ὧν
3637 2975 3757 3011 πα-

504 3051 654 3106 modi
681 3050 842 3105 lineis
894 3050 1068 3104 mitris
1109 3047 1312 3118 operiri
1350 3049 1561 3112 solent,
1598 3065 1718 3118 qua:
1749 3059 1953 3118 partem
1985 3065 2070 3104 ra-

2181 3050 2536 3124 ρακελεύεται
2608 3053 2711 3118 τὴν
2767 3050 3166 3120 ἐκπλήρωσιν,
3237 3050 3490 3114 εὐζώνως
3543 3050 3751 3106 τελεῖν.

509 3141 678 3195 tionis
705 3140 1067 3209 principatum
1095 3139 1496 3208 imperiumque
1529 3139 1865 3194 obtinentem
1885 3150 2069 3210 tegunt

508 3241 671 3300 atque
699 3230 899 3284 fovent.
935 3229 1093 3300 705
1126 3229 1274 3282 Zona
1303 3239 1561 3299 porro,et
1590 3246 1710 3300 qua:
1741 3231 1998 3286 humeros
2017 3241 2072 3286 et

512 3321 733 3376 brachia
761 3320 1070 3389 comprimit
1095 3323 1362 3378 cinctura.
1393 3327 1698 3387 promptam
1734 3318 2070 3372 alacritatem

511 3415 567 3468 in
633 3414 936 3467 ministerio
992 3411 1087 3464 Dei
1134 3408 1471 3464 subobscure
1529 3409 1782 3464 indicat:
1843 3420 1902 3462 ιιι
1955 3425 2075 3477 qme

513 3503 963 3573 adimplerejussi
995 3510 1146 3565 sunt,
1181 3500 1446 3555 succincti
1489 3500 1790 3569 perﬁciant.
1826 3499 2074 3556 Fortasse

511 3612 692 3652 autem
753 3596 844 3649 alii
883 3595 1015 3649 altas
1061 3592 1398 3647 reddiderint
1451 3592 1690 3646 rationes
1748 3593 2068 3648 n'ionasticae

515 3686 870 3754 philosophia:
914 3683 1190 3753 appositas
1227 3699 1241 3735 :
1292 3681 1424 3736 mihi
1467 3681 1585 3736 haec
1617 3680 1822 3735 dixisse
1856 3690 1941 3734 sat
1969 3691 2072 3736 est.

514 3780 590 3833 De
633 3775 926 3832 Pacltotnio
955 3789 1082 3828 vero
1115 3773 1318 3828 dicitur
1339 3813 1353 3837 ,
1384 3788 1506 3828 cmn
1549 3774 1785 3841 printum
1814 3774 1866 3827 in
1919 3784 2076 3829 antro

512 3870 752 3940 quodam
812 3875 1127 3921 constanter
1159 3865 1517 3935 philosomtia:
1561 3865 1690 3920 huic
1717 3866 2074 3931 incumberet,

517 3964 568 4015 ei
618 3961 868 4030 angelum
911 3958 1129 4012 caelitus
1160 3957 1506 4010 assistentcm
1539 3959 1849 4021 mandasse,
1883 3967 1942 4012 ιιι
1978 3974 2079 4012 no-

519 4069 644 4106 vum
698 4051 1088 4104 monachorum
1122 4058 1322 4102 coetum
1355 4059 1596 4118 cogeret.
1627 4048 1891 4118 Oportere
1930 4064 2082 4102 nam-

521 4161 625 4213 que
647 4159 771 4197 eum
797 4143 888 4210 qui
929 4143 1029 4194 rite
1055 4143 1323 4193 veriorem
1360 4139 1831 4208 irreprehensibili
1857 4140 1964 4193 vita
1993 4155 2080 4192 re-

522 4240 874 4302 praesentaret
893 4228 1318 4298 plitlosOpliiant.
1334 4226 1526 4282 ducem
1548 4229 1863 4292 multorum,
1883 4229 2083 4297 quibus

524 4325 782 4394 prodesse
812 4331 1016 4391 posset,
1072 4320 1208 4384 lieri,
1261 4336 1464 4389 eosque
1489 4323 1655 4376 certis
1685 4322 1971 4375 instituere
2007 4321 2083 4376 le-

2177 3147 2338 3207 ”law;
2389 3143 2434 3196 δ’
2495 3144 2564 3196 ἀν
2632 3147 2728 3197 και
2780 3141 2934 3196 ἄλλοι
2983 3142 3174 3205 ἀλλους
3243 3143 3494 3197 ἀποδοῖεν
3548 3143 3754 3213 λόγους

2171 3239 2550 3307 προσήκοντας
2596 3234 2674 3303 τῷ
2723 3234 3076 3304 φιλοσοφεῖνο
3132 3237 3259 3303 ἐμοὶ
3305 3236 3353 3289 δ’
3403 3235 3627 3306 ἀπόχρη
3657 3254 3755 3290 τοο

2175 3330 2366 3384 σοῦτον
2397 3330 2596 3382 εἰπεῖν.
2630 3329 2766 3398 Περὶ
2793 3327 2849 3381 δὲ
2880 3327 3200 3398 Παχωμίου,
3229 3327 3390 3397 λόγος
3421 3331 3604 3399 ἄντρῳ
3633 3330 3756 3382 τινι

2174 3425 2390 3495 πρῶτον
2426 3422 2879 3492 προσκαρτερεῖν,
2932 3420 3260 3490 σχολάζοντα
3302 3419 3382 3490 τῷ
3406 3421 3752 3491 φιλοσοφεῖ-ι’

2174 3515 2403 3584 ἄγγελον
2431 3515 2475 3566 δ’
2499 3513 2792 3582 οὐρανόθεν
2837 3513 3138 3565 ἐπιστάντα
3159 3552 3172 3577 ,
3207 3512 3457 3566 νεολαίαν
3487 3513 3755 3581 ἀθροῖσαι

2177 3602 2692 3672 παρακελεύσασθαι
2746 3601 3039 3671 μοναχῶν,
3095 3602 3189 3654 καὶ
3254 3605 3490 3655 συνεῖναι
3534 3603 3751 3665 αὐτοῖς.

2177 3691 2268 3742 Δεῖ
2296 3707 2356 3741 σε
2395 3691 2524 3760 γὰρ,
2577 3678 2732 3760 φηέςι,
2779 3689 2958 3751 καλῶς
2991 3689 3090 3758 τὴν
3123 3688 3298 3759 ἀληθῆ
3341 3690 3753 3761 κατωρθωκότα

2178 3782 2514 3851 φιλοσοφίαν,
2549 3782 2901 3852 καθηγεμόνα
2947 3781 3155 3835 πολλῶν
3207 3783 3479 3850 γενέσθαι,
3515 3783 3757 3852 δυναμε-

2179 3883 2267 3923 νον
2325 3870 2598 3940 ὠφελεῖν,
2635 3871 2730 3923 καὶ
2785 3870 3016 3923 τοιοῖσδε
3075 3871 3260 3935 νόμοις
3319 3871 3475 3939 ἄγειν
3523 3873 3753 3935 αὐτούς.

2179 3961 2364 4015 Ταῦτα
2404 3964 2596 4030 λέγων,
2635 3962 2814 4016 δέλτον
2854 3963 3004 4033 αὐτῷ
3055 3963 3374 4032 ἐνεχείριζε,
3406 3964 3501 4016 καὶ
3550 3965 3756 4018 ἐαυτῖιν

2181 4053 2504 4122 παρεδείκνυ
2538 4053 2609 4114 ὼς
2653 4047 2761 4121 εἶχε
2797 4053 2986 4122 στολῆς
3013 4069 3027 4083 ⁶
3070 4051 3106 4104 ἃ
3142 4053 3204 4122 δὴ
3237 4055 3332 4106 καὶ
3365 4055 3422 4116 ἐς
3454 4053 3614 4124 δεῦρο
3643 4071 3756 4122 φυ-

2181 4141 2454 4192 λάττεται.
2495 4141 2726 4209 Ἐνῆσαν
2787 4140 2844 4193 δὲ
2900 4145 2966 4210 τῇ
2998 4143 3181 4211 γραφῇ
3227 4141 3305 4202 ὼς
3333 4142 3390 4194 ἐν
3426 4142 3753 4211 προστάξει,

2182 4231 2426 4283 ἀνεῖσθαι
2458 4223 2621 4282 παντί⁶
2678 4234 2874 4300 φαγεῖν
2929 4232 3027 4283 καὶ
3083 4233 3228 4284 πιεῖν
3269 4231 3367 4282 και
3391 4232 3752 4298 ἐργάζεσθαι,

2184 4324 2255 4384 ὼ,
2287 4324 2502 4390 ἑκάστῳ
2547 4323 2776 4392 δύναμίς
2811 4327 2930 4376 ἐστι
2962 4324 3054 4374 καὶ
3078 4324 3420 4395 προαίρεσις.
3467 4325 3756 4390 Ὡσαύτως

521 4417 699 4487 gibus.
731 4413 825 4468 llis
859 4415 947 4468 ille
978 4413 1156 4478 dictis,
1190 4413 1426 4466 tabulam
1457 4413 1505 4467 ei
1531 4413 1702 4478 dedit,
1734 4424 1788 4468 et
1818 4416 2070 4482 seipsutn,

2185 4415 2240 4467 δὲ
2285 4415 2380 4466 και
2421 4415 2703 4483 νηστεύειν
2742 4414 2836 4467 καὶ
2890 4416 2984 4485 μή·
3030 4416 3123 4468 καὶ
3177 4417 3288 4478 τοῖς
3339 4417 3438 4485 μὲν
3482 4417 3616 4470 πολὺ
3656 4419 3758 4471 καὶ

526 4520 584 4562 ιιι
615 4509 750 4562 stola
784 4507 1006 4560 indutus
1041 4504 1236 4569 fuerat,
1287 4505 1553 4560 exhibuit.
1590 4504 1718 4571 Qua
1746 4521 1875 4560 sane
1901 4507 2083 4560 tabula

524 4603 588 4654 ad
616 4599 943 4653 hodiernum
982 4611 1152 4665 usque
1189 4596 1334 4649 diem
1375 4604 1645 4648 servatur.
1679 4597 1732 4648 ln
1767 4609 1833 4668 eo
1861 4597 2082 4664 scripto,

523 4695 670 4761 leges
707 4689 1106 4760 pnescr'tbcntis
1135 4703 1306 4752 more,
1338 4688 1643 4756 expositum
1671 4697 1811 4752 erat,
1847 4689 2084 4757 permitti

526 4783 726 4836 debere
781 4782 1097 4847 nnTCuiqne,
1153 4794 1210 4832 ιιι
1255 4789 1519 4847 quantum
1562 4788 1747 4847 posset
1798 4787 1853 4832 et
1900 4778 2084 4838 vellet.

526 4875 738 4933 ederet,
793 4871 1025 4930 biberet,
1063 4879 1380 4938 operaretur
1413 4885 1427 4921 :
1471 4877 1635 4935 atque
1683 4867 1869 4920 itidem
1905 4878 1962 4919 nt
1991 4883 2088 4936 pro

526 4964 759 5017 arb3trio
810 4977 908 5014 suo
954 4962 1246 5032 jejunaret,
1300 4968 1392 5010 aut
1428 4974 1533 5011 non
1582 4959 1874 5026 jejunat'ct.
1929 4958 1994 5012 Et
2033 4969 2090 5012 ut

531 5054 764 5106 validius
792 5052 974 5104 cibum
1018 5048 1386 5117 capientibus,
1410 5048 1661 5102 duriores
1696 5049 1913 5102 labores
1945 5065 1956 5098 :
1997 5051 2089 5116 qui

529 5161 660 5199 vero
719 5145 934 5213 parcius
980 5141 1256 5195 alimentis
1299 5150 1622 5201 uterentur,
1664 5152 1718 5196 et
1750 5143 1814 5194 ad
1874 5143 2092 5210 pietatis

527 5352 716 5403 datum
768 5359 872 5412 est,
927 5348 1121 5415 inquit.
1149 5346 1284 5399 Tum
1321 5347 1722 5400 illezNumero
1775 5346 1875 5398 hac
1932 5347 1982 5400 in
2035 5363 2092 5402 re

529 5438 669 5487 Opus
703 5435 809 5472 non
838 5426 942 5478 est,
976 5418 1068 5470 sed
1097 5417 1262 5468 animi
1296 5416 1583 5487 aﬂectione
1616 5417 1701 5485 pia
1740 5427 1794 5468 et
1837 5416 2090 5485 benigna.

534 5486 709 5557 (Sorr.
749 5490 839 5542 lib.
881 5505 954 5549 tv,
985 5503 1104 5555 cap.
1140 5487 1254 5552 25.)
1284 5487 1428 5538 Idem
1463 5486 1664 5557 l’atnbo
1693 5487 1760 5537 ab
1795 5486 2093 5540 Athanasio

529 5556 788 5628 episcopo
838 5567 1116 5618 evocatus,
1140 5572 1205 5610 ex
1249 5572 1436 5611 eretno
1487 5556 1866 5628 Alexandriam
1923 5559 2090 5611 venit.

532 5629 608 5681 lbi
641 5626 854 5682 scenica
879 5628 1279 5696 gesticulatrice
1302 5627 1438 5690 visa,
1461 5626 1667 5696 prolixe
1700 5627 1874 5694 illacrt
1896 5629 2092 5696 ntavit:

527 5712 586 5749 et
640 5699 829 5751 amicis
879 5695 1038 5752 [lctus
1087 5712 1303 5751 causam
1358 5695 1784 5766 inquirentibus,
1823 5695 2093 5763 duplicem

2190 4504 2486 4575 ρωμαλέως
2523 4503 2764 4558 ἐσθίουσι
2820 4505 2888 4558 τά
2946 4505 3221 4576 βαρύτερα
3273 4509 3594 4578 ἐπιτρέπειν
3642 4511 3757 4563 τῶν

2189 4595 2384 4666 ἔργων’
2419 4595 2518 4648 ὅσα
2560 4595 2616 4648 δὲ
2653 4595 2830 4664 κοῦφα
2877 4597 2972 4649 καὶ
3000 4597 3190 4667 ῥᾴδια,
3225 4601 3334 4659 τοῖς
3370 4595 3533 4668 ἦττον
3576 4605 3756 4671 τροφῇ

2190 4687 2527 4757 χριομένοις,
2582 4692 2674 4743 καὶ
2711 4691 2846 4759 πρὸς
2886 4689 3118 4759 ἄσκησιν
3151 4689 3619 4761 διεγηγερμένοις.
3653 4691 3756 4747 οι-

2189 4781 2311 4839 κίας
2356 4778 2413 4831 δὲ
2447 4779 2652 4850 σεμνὰς
2683 4780 3000 4851 περικύκλῳ
3027 4778 3164 4832 εἶναι
3195 4781 3397 4844 αὐτοῖς·
3427 4781 3512 4850 ἐφ’
3546 4783 3756 4853 ἑκάστῃ

2189 4872 2244 4925 δὲ
2295 4877 2443 4944 τρεῖς
2489 4874 2838 4942 καταμένειν.
2888 4875 3000 4942 Τήν
3042 4891 3100 4941 γε
3137 4874 3245 4942 μὴν
3292 4875 3499 4944 τροφὴν
3527 4876 3629 4927 ὑπὸ
3657 4875 3760 4928 ἕνα

2192 4959 2342 5016 οἷκον
2386 4965 2636 5034 ἐπιμήκη
2688 4964 2870 5026 αὐτοῖς
2919 4963 3167 5028 γίνεσθαι
3201 4963 3530 5030 διετάττετο,
3572 4965 3667 5016 καὶ
3698 4966 3760 5017 ἐν

2194 5055 2348 5124 βαθεῖ
2391 5055 2603 5124 σιωπῆς
2661 5055 3002 5124 καθημέιους
3051 5056 3274 5118 ἐσθίειν,
3308 5058 3758 5124 καλυπτομένους

2193 5147 2260 5198 τὰ
2297 5147 2582 5215 πρόσωπα,
2619 5146 2694 5209 ὡς
2726 5149 2861 5216 μήτε
2893 5146 3151 5215 ἀλλήλους
3193 5149 3346 5217 ὁρᾷ-ι,
3386 5147 3506 5216 μηδ’
3537 5146 3664 5200 ἄλλο
3701 5164 3758 5198 τι

2195 5366 2315 5405 esse
2373 5351 2653 5418 respondit
2688 5368 2700 5404 :
2733 5349 2992 5413 alteram,
3042 5350 3378 5404 muliercula:
3432 5352 3602 5419 ipsius
3644 5352 3762 5404 exi-

2197 5432 2332 5474 tium
2369 5438 2383 5474 :
2418 5421 2842 5489 alteram,quod
2905 5423 3018 5488 ipse
3071 5435 3178 5473 non
3236 5428 3446 5474 tantum
3489 5420 3654 5474 studii
3702 5426 3760 5474 in

2198 5492 2302 5543 hoc
2336 5491 2676 5558 impenderet
2718 5501 2776 5541 ut
2819 5490 2926 5543 Deo
2960 5490 3217 5558 placeret,
3263 5503 3532 5557 quantum
3575 5492 3660 5545 illa
3701 5502 3766 5544 ut

2198 5561 2513 5614 hominibus
2545 5561 2702 5615 [tedis
2737 5559 2992 5624 placeret.
3027 5559 3216 5622 (Idem,
3244 5561 3394 5629 ibid.)

2269 5632 2340 5699 μζ
2378 5630 2533 5686 Hunc
2569 5631 2783 5686 Sozom.
2821 5646 2926 5684 non
2956 5631 3121 5686 habet
3150 5629 3246 5685 lib.
3281 5645 3366 5694 ιιι,
3396 5647 3517 5702 cap.
3552 5630 3641 5685 Η.
