3988 6190
279 379 388 440 2'3

1210 389 1812 455 ECCLESIAS’I‘lCr’E
1845 397 2232 462 HISTORL’E
2261 369 2415 470 ilo.
2463 409 2563 469 1x.

3428 417 3552 479 2τὲ

276 503 426 574 πλὴν
447 505 554 575 τῆς
582 504 866 576 τραπέζης
905 507 997 559 καὶ
1030 509 1136 560 τῶν
1164 510 1646 581 παρατιθεμένων.
1678 513 1847 568 ’Λλλὰ

1959 521 2282 576 exercitium
2339 525 2680 598 incitatiorcs
2745 536 2934 581 essent
2988 527 3118 595 (l),
3177 527 3328 583 lettes
3384 541 3567 599 atque.

275 616 494 668 σχημον
535 597 595 650 δὲ
639 598 714 668 μὴ
763 598 867 664 τῆς
919 599 1094 667 αὐτῆς
1136 604 1416 654 κοινωνεῖν
1457 604 1779 674 τραπέζης,
1808 608 1860 658 εί

278 694 359 760 μή
407 689 513 741 πού
561 706 646 752 τις
703 691 1025 760 παροδεύων
1056 693 1436 764 ἐπιξενωῠείη.
1469 697 1766 764 Συμϐόλοις
1802 699 1860 750 δὲ

275 799 395 833 τισι
423 782 832 849 κτυπουμένοις
889 782 949 834 τὸ
1010 783 1149 850 πρὸς
1201 785 1392 854 χρείαν
1442 786 1856 858 διασημαίνειν·

270 873 306 942 ἦ
347 872 590 940 νεύμασι
619 876 745 937 ταῖς
772 874 1095 940 τραπέζαις,
1153 878 1284 945 παρ’
1316 870 1359 944 ᾧ
1398 877 1589 948 λάχοι,
1636 881 1860 934 ἐπιστα-

267 965 414 1018 τεῖν.
447 964 511 1018 Εἰ
545 964 602 1016 δέ
631 981 716 1026 τις
756 964 982 1028 ἐκείνοις
1013 967 1187 1019 ἕλοιτο
1222 973 1514 1033 συνοικεῖν,
1561 972 1653 1024 ἐπὶ
1679 973 1858 1042 τρισὶν

269 1057 546 1118 ἐνιαυτοῖς
591 1056 888 1124 πρότερον,
933 1059 1126 1127 μικρὸν
1160 1059 1522 1130 ἠλλοιωμένος
1558 1063 1614 1115 τὸ
1646 1065 1856 1134 σχῆμα,

272 1149 346 1200 τὰ
375 1147 487 1199 τῶν
521 1147 700 1217 ἔργων
752 1149 968 1218 ἐργώδη
1031 1149 1329 1206 διαπονεῖν·
1381 1156 1478 1207 καὶ
1523 1155 1696 1218 οὕτως
1749 1157 1858 1210 τῶν

270 1241 410 1290 ἴσων
437 1242 691 1308 μετέχειν
744 1242 1310 1311 μυσταγωγούμενος,
1361 1243 1600 1312 Ἱμόιτιον
1647 1249 1692 1302 δ’
1715 1242 1856 1302 εἶναι

271 1329 437 1398 αὐτῷ
491 1330 799 1399 διφθέραν·
857 1336 950 1385 καὶ
1007 1336 1063 1401 ἐξ
1128 1339 1276 1407 ἐρίου
1307 1340 1503 1410 τιάραν
1540 1345 1607 1411 τῇ
1643 1343 1854 1414 κεφαλῇ

268 1424 613 1490 σκέπασμαο
651 1422 717 1486 ἃς
771 1423 836 1494 δὴ
880 1426 1077 1495 τιάρας
1113 1431 1511 1493 καταστίκτους
1551 1427 1691 1503 εἶναι
1724 1452 1858 1503 πορ-

265 1515 472 1580 φυροῖς
503 1530 613 1565 τισι
664 1517 1000 1584 προσέταττε
1035 1519 1265 1588 νήμασι,
1294 1521 1496 1592 κέντρα
1525 1525 1645 1578 τινὰ
1685 1542 1854 1578 oratu-

276 1602 381 1668 (.06
446 1603 637 1672 σχῆμα
697 1606 1096 1665 διατυποῦντα.
1147 1612 1284 1673 Tol;
1326 1613 1384 1665 δὲ
1438 1614 1670 1684 χιτῶνας
1716 1613 1855 1671 εἶναι

271 1693 488 1757 λινοῦς,
539 1697 636 1749 καὶ
689 1698 786 1760 τὰς
833 1698 1008 1763 ζώνας
1069 1704 1300 1772 ἐπίσηςο
1355 1707 1474 1771 μείι⁹
1504 1702 1578 1760 ὧν
1610 1710 1707 1762 σὺν
1735 1712 1857 1774 ταῖς

269 1786 571 1856 διξθέραις
632 1788 981 1855 καθημένους
1039 1793 1417 1864 οἰκοδομητοῖς
1480 1799 1538 1850 ἐν
1595 1798 1850 1867 Θρόνοις,

270 1873 432 1940 ὕπνῳ
462 1875 672 1945 μετρίῳ
723 1873 958 1945 χρῆσθαι
985 1893 999 1907 '
1029 1878 1212 1951 κύκλῳ
1245 1882 1301 1934 δὲ
1335 1887 1650 1956 πεφράχθαι
1681 1890 1740 1941 τὸ
1773 1892 1851 1943 oi-

267 1961 591 2031 κοδόμημα,
626 1964 756 2016 ὥσθ’
779 1966 993 2034 ἑκάστῳ
1024 1968 1121 2040 τὴν
1151 1973 1440 2044 στρωμνὴν
1474 1976 1740 2047 συνέχειν.
1768 1980 1846 2048 Τῇ

265 2051 325 2101 ἑὲ
375 2052 578 2124 πρώτῃ
633 2057 728 2109 καὶ
761 2057 1098 2129 κυριωνύμῳ
1141 2061 1250 2114 τῶν
1286 2063 1527 2132 ἡμερῶν,
1562 2069 1696 2138 πρὸς
1733 2087 1848 2122 κοι-

269 2145 483 2194 νωνίαν
512 2146 620 2196 τῶν
655 2146 815 2202 θείων
855 2153 1170 2222 μυστηρίων
1205 2155 1402 2220 ἰόντας,
1437 2157 1586 2212 λύειν
1625 2161 1723 2227 μὲν
1747 2162 1846 2226 τὰς

268 2233 459 2298 ζώνας
507 2239 604 2289 καὶ
638 2239 738 2302 τᾶς
791 2240 1057 2314 διφθέρας
1105 2246 1503 2302 ἀποτίθεσθαιο
1547 2251 1848 2318 δωδεκάκις

261 2330 324 2382 δὲ
355 2331 459 2400 τῆς
497 2334 713 2405 ἡμέρας
750 2336 984 2390 ἕκαστον
1014 2340 1179 2411 εὐχὰς
1212 2345 1411 2395 ποιεῖν’
1438 2345 1638 2413 ὁμοίως
1668 2347 1723 2400 δὲ
1752 2351 1847 2400 καὶ

262 2422 410 2492 πρὸς
446 2424 726 2495 ἑσπέρανο
771 2428 969 2499 ἐπίσης
998 2430 1054 2484 δὲ
1100 2438 1196 2486 καὶ
1243 2435 1459 2499 νυκτός·
1490 2438 1555 2507 τῇ
1590 2437 1636 2490 δ’
1683 2439 1844 2510 ἐνάτῃ

264 2512 393 2583 ὥρᾳ
422 2516 644 2584 τρίτον·
701 2519 800 2572 καὶ⁸
854 2522 1092 2591 ὁπηνίκα
1128 2524 1241 2578 δέοι
1295 2529 1498 2598 τροφῆς
1532 2536 1844 2603 μετασχεῖν,

266 2606 360 2673 ἐφ’
393 2607 633 2675 ἑκάστης
673 2611 842 2683 εὐχῆς
886 2615 978 2668 τὸν
1007 2614 1224 2686 ψαλμὸν
1259 2620 1646 2688 προηγεῖσθαι.
1689 2624 1846 2680 Κατὰ

263 2697 323 2750 δὲ
365 2699 608 2770 μίμησιν
641 2703 750 2757 τῶν
790 2705 1124 2775 Ἑλληνικῶν
1155 2713 1460 2782 στοιχείων,
1492 2715 1575 2778 είς
1610 2715 1688 2770 κδ’
1715 2717 1849 2785 τάγ-

271 2809 424 2857 ματα
472 2793 694 2849 ἆπασαν
755 2798 952 2852 διελεῖν
1009 2801 1108 2872 τὴν
1165 2806 1460 2860 συνοικίαν.
1503 2807 1846 2879 Ἑφαρμόσαι

265 2883 316 2934 δ’
353 2885 578 2958 ἑκάστῳ
621 2889 936 2958 ἀνήκουσαν
983 2893 1082 2964 τὴν
1116 2897 1514 2968 προσηγορίαν,
1545 2899 1620 2963 ὡς
1649 2900 1844 2975 γνώμη

269 2977 368 3029 καὶ
406 2978 526 3046 βίος
556 2983 650 3033 καὶ
674 2980 805 3052 ἦθος
833 2979 922 3055 ἦν·
955 2980 1068 3041 οἷον
1113 2990 1240 3052 τοὺς
1289 2991 1393 3058 μὲν
1439 2991 1847 3064 ἁπλουστέρους

273 3070 414 3122 ἰῶτα
445 3073 656 3139 ἐκάλει,
712 3073 744 3137 ζ
793 3075 848 3129 δὲ
899 3079 992 3131 καὶ
1030 3078 1078 3143 ξ,
1137 3081 1255 3134 ὅσοι
1312 3082 1520 3140 σκολιοὶ
1571 3080 1712 3156 ἦσαν
1750 3085 1847 3139 καὶ

1963 607 2151 664 faciles
2199 628 2378 681 operm
2431 615 2841 670 mandarentur.
2886 617 3168 671 Domicilia
3200 629 3381 673 autem
3416 621 3545 700 rclj'

1963 701 2109 763 git-sa
2135 701 2485 760 circumcirca
2513 707 2595 760 eis
2623 707 2826 760 exstrui
2849 708 3033 777 jussit,
3056 708 3109 763 in
3143 726 3376 779 quorum
3408 728 3544 764 ιιιιυ-

1964 809 2186 862 quoque
2227 803 2338 850 tres
2391 808 2696 852 manerent.
2740 798 2934 854 Cibum
2965 817 3130 870 porro
3174 803 3226 855 in
3262 803 3384 857 unis
3420 819 3540 856 ant-

1965 888 2230 956 plioribus
2260 890 2472 943 aedibus
2499 901 2557 946 ut
2583 905 2841 960 caperent
2872 895 3178 956 constituit,
3215 894 3378 962 idque
3412 911 3536 948 cum

1961 978 2068 1030 alto
2101 978 2323 1034 silentio
2349 983 2734 1038 considentes:
2764 983 2900 1037 facie
2931 984 3000 1036 ita
3029 995 3239 1052 operta,
3276 996 3335 1038 ut
3358 1002 3536 1054 neque

1959 1069 2102 1125 alius
2130 1070 2318 1136 alium,
2355 1088 2532 1140 neque
2560 1084 2821 1143 praetcrea
2842 1076 2992 1129 aliud
3029 1077 3350 1146 quidquam,
3371 1074 3536 1146 quam

1961 1176 2199 1216 mensam
2229 1175 2285 1217 et
2319 1163 2502 1218 cibum
2535 1168 2873 1235 propositum
2901 1184 3127 1224 cernere
3160 1182 3371 1238 posset.
3397 1171 3533 1223 Cum

1959 1252 2028 1306 iis
2067 1270 2134 1308 ne
2162 1255 2302 1310 alius
2332 1255 2623 1325 quisquam
2663 1257 2850 1312 habitu
2881 1260 2989 1312 alio
3019 1263 3071 1312 in
3108 1261 3301 1314 cadent
3347 1276 3534 1314 mensa

1958 1346 2140 1400 cibum
2169 1355 2432 1412 sumeret,
2472 1361 2829 1418 praeterquam
2861 1351 2904 1404 si
2935 1351 3133 1420 hospes
3158 1367 3224 1406 eo
3255 1352 3548 1408 divcrtens.

1957 1437 2320 1506 acciperetur.
2350 1439 2529 1509 Signis
2555 1449 2736 1495 autem
2759 1441 3108 1511 quibusdam,
3144 1459 3405 1497 manuum
3431 1445 3535 1496 im-

1957 1529 2224 1598 pulsione,
2241 1531 2323 1585 vel
2352 1531 2580 1586 nutibus
2611 1547 2725 1587 rem
2748 1534 3114 1588 necessariam
3135 1534 3204 1589 ab
3225 1536 3306 1589 eis
3329 1535 3543 1604 quibus.

1956 1630 2124 1688 sorte,
2161 1632 2220 1677 ut
2245 1639 2444 1679 mensae
2472 1635 2792 1694 praeessent,
2817 1626 3154 1687 obvenisset.
3188 1626 3526 1680 insinuando

1958 1719 2225 1779 peterent.
2263 1710 2418 1776 Quod
2450 1715 2497 1766 si
2535 1713 2659 1782 quis
2701 1727 2825 1767 eum
2863 1714 2968 1768 illis
3018 1715 3203 1769 vivere
3239 1715 3441 1790 vellet~
3470 1723 3530 1768 ut

1961 1800 2134 1854 tribus
2153 1802 2300 1869 prius
2328 1801 2506 1867 annis,
2556 1810 2764 1856 mutato
2788 1804 3008 1872 paulum
3043 1803 3255 1869 habitu,
3277 1805 3527 1860 duriores
3565 1799 3568 1804 ’

1955 1893 2222 1962 perferret
2251 1893 2468 1950 labores
2503 1912 2517 1949 :
2551 1904 2714 1964 atque
2741 1895 2812 1950 ita
2852 1897 3067 1950 tandem
3098 1897 3314 1950 arcanis
3334 1912 3529 1952 eorum

1951 1982 2121 2038 sacris
2152 1984 2458 2048 institutus,
2491 1984 2686 2040 eodem
2713 2000 2838 2038 cum
2876 1986 2983 2041 illis
3013 1987 3133 2042 loco
3155 1996 3317 2044 esset.
3347 1988 3526 2043 Vesti-

1951 2083 2194 2130 mentum
2230 2085 2411 2130 autent
2441 2085 2499 2130 ut
2519 2085 2664 2132 esset
2686 2092 2876 2148 sagum
2909 2079 3222 2148 pelliceum,
3249 2087 3305 2134 et
3328 2080 3526 2146 capitis

1951 2175 2161 2235 tegmen
2191 2167 2351 2222 mitra
2383 2167 2540 2222 lanea
2565 2185 2580 2222 :
2613 2183 2734 2238 qua:
2762 2170 2923 2224 mitra
2950 2170 3277 2239 quibusdam
3309 2185 3525 2240 purpu-

1949 2259 2056 2310 reis
2074 2258 2333 2314 distincta
2351 2257 2474 2324 illis,
2494 2269 2695 2330 puncta
2711 2275 2807 2314 sua
2828 2261 3074 2325 haberet,
3094 2261 3274 2316 crucis
3295 2261 3523 2316 formam

1947 2349 2261 2404 referentia.
2299 2350 2522 2406 Tunica:
2563 2358 2745 2406 autem
2784 2359 2840 2406 et
2865 2368 3014 2408 zonae
3046 2353 3234 2409 itidem
3275 2364 3331 2407 nt
3364 2353 3527 2409 linea)

1945 2453 2131 2496 essent
2163 2457 2176 2494 :
2204 2442 2258 2496 in
2297 2443 2495 2512 quibus
2530 2443 2696 2498 simul
2735 2453 2792 2498 et
2838 2445 2895 2499 in
2957 2447 3100 2516 sagis
3151 2445 3521 2508 considentcs,

1947 2548 2110 2602 super
2123 2533 2416 2588 exstructis
2444 2533 2579 2588 toris
2604 2533 2936 2589 mediocrem
2955 2545 3216 2603 caperent
3240 2550 3518 2588 somnum.

1948 2624 2111 2694 706
2149 2624 2493 2680 Domicilium
2545 2639 2711 2695 porro
2740 2634 2799 2680 ut
2842 2626 2917 2680 ita
2949 2627 3257 2696 sepimento
3283 2628 3524 2682 circum-

1946 2717 2242 2771 vallaretur
2276 2755 2292 2782 ,
2363 2725 2426 2772 ut
2470 2715 2523 2772 id
2578 2715 2781 2772 lectum
2826 2717 3092 2787 cujusque
3143 2718 3515 2773 concluderet.

1945 2807 2214 2863 Primaria
2243 2815 2426 2863 autem
2456 2817 2512 2864 et
2540 2807 2825 2864 Dominica
2849 2807 2938 2863 die
2986 2817 3044 2863 ut
3081 2807 3149 2864 ad
3174 2810 3518 2864 communio-

1945 2914 2071 2954 nem
2100 2905 2156 2954 et
2189 2899 2601 2970 perceptionem
2655 2897 2968 2954 divinorum
3015 2901 3402 2972 mysteriorum
3434 2915 3520 2956 ac-

1945 2995 2225 3058 cedentes,
2249 2993 2458 3050 solutas
2491 3008 2660 3048 zonas
2683 3001 2739 3048 et
2771 2993 2962 3064 sagula
2986 2993 3214 3064 pellicea
3267 2993 3514 3062 depone-

1947 3094 2091 3140 rent.
2127 3086 2305 3155 Atque
2328 3084 2704 3142 utduodecies
2734 3085 2975 3141 interdiu
3009 3100 3226 3158 semper
3251 3098 3473 3141 orarent
3501 3101 3522 3140 θ

273 3159 352 3229 μὴ
386 3161 591 3224 εὐθείς⁶
624 3166 720 3216 καὶ
769 3166 896 3228 τοὺς
928 3167 1122 3231 ἄλλους
1175 3170 1389 3237 ἄλλως,
1427 3173 1570 3227 κατὰ
1595 3173 1695 3246 τὴν
1727 3176 1847 3230 ἐκά-

1954 3177 2144 3232 itidem
2173 3192 2305 3232 vero
2349 3177 2417 3232 ad
2446 3191 2751 3246 vesperam,
2796 3185 2960 3232 noctu
3003 3177 3278 3243 similiter,
3301 3186 3356 3233 ct
3388 3178 3524 3234 item

269 3267 404 3303 στου
443 3253 767 3322 προαίρεσιν
823 3259 919 3310 καὶ
975 3259 1034 3310 τὸ
1095 3261 1279 3330 σχῆμα
1331 3261 1426 3314 τοῦ
1485 3265 1843 3336 γράμματος,

267 3341 533 3412 εὔστοχον
560 3347 657 3415 τὴν
713 3346 1010 3416 ὀνομασίαν
1057 3351 1251 3414 τιθείς.
1301 3355 1581 3420 Τοιούτοις
1627 3358 1692 3428 δή
1734 3376 1846 3415 τισι

267 3431 464 3499 νόμοις
527 3432 818 3505 Παχώμιος
850 3439 979 3502 τοὺς
1025 3439 1121 3494 ὑπ’
1155 3443 1317 3496 αὐτὸν
1358 3441 1493 3514 ἦγε,
1527 3446 1844 3520 φιλάνθρω-

262 3540 377 3584 πος
411 3524 648 3592 μάλιστα
688 3527 785 3582 καὶ
807 3527 1064 3602 θεοφιλὴς
1097 3537 1412 3605 γενόμενος’
1446 3541 1540 3591 καὶ
1571 3539 1666 3592 ἐπὶ
1689 3541 1845 3596 τόσον

262 3613 507 3678 ἐλάσαι,
557 3615 633 3680 ὡς
689 3618 823 3688 μηδὲ
884 3620 984 3692 τὴν
1033 3623 1141 3679 τῶν
1207 3627 1484 3695 ἐσομένων
1536 3631 1844 3702 πρόγνωσιν

262 3708 519 3773 ἀγνοεῖν
553 3709 762 3781 ταύτην
805 3713 851 3766 δ’
878 3715 1079 3770 είδόναι
1136 3717 1502 3790 διαφερόντως
1552 3724 1639 3777 ἀεὶ
1675 3725 1844 3795 ἀγγέ-

260 3799 388 3863 λοις
421 3801 860 3872 διομιλούμενον.
903 3807 992 3862 Ἐν
1033 3809 1262 3878 Θηϐαΐδι
1294 3811 1352 3866 δὲ
1388 3814 1449 3866 τὸ
1480 3817 1579 3886 τῆς
1628 3817 1845 3884 φιλοσο-

258 3891 401 3958 φίας
447 3894 812 3966 ἐργαστήριον
850 3893 997 3969 εἶχεν
1049 3900 1108 3954 ἔν
1159 3917 1266 3957 τινι
1311 3905 1498 3976 νήσῳ,
1529 3906 1564 3978 ἢ
1595 3908 1840 3981 Ταδὲννη

257 3983 582 4054 ὠνόμαστοο
616 3986 676 4051 ἐξ
698 3981 767 4060 ἦς
795 3990 1240 4061 Ταδεννησιῶται
1266 3995 1324 4058 ἐς
1353 3996 1514 4067 δεῦρο
1551 3998 1615 4070 δὴ
1644 3999 1843 4070 ὀνομά-

259 4077 483 4140 ζονταν
519 4075 570 4129 οῖ
603 4077 668 4147 δὴ
716 4077 794 4148 τῷ
841 4081 1018 4158 χρόνῳ
1047 4085 1142 4136 καὶ
1176 4084 1259 4148 είς
1306 4085 1511 4158 πολλήν
1551 4105 1672 4141 τινα
1709 4107 1844 4160 προ-

256 4167 442 4236 ῆλθον
494 4170 774 4238 ἐπίδοσιν,
813 4172 890 4236 ὡς
938 4174 1036 4228 καὶ
1080 4175 1160 4239 είς
1214 4177 1663 4249 ἑπτακισχιλίους
1690 4222 1704 4245 ,
1744 4184 1841 4238 καὶ

260 4260 590 4330 περιδόξους
618 4262 765 4332 μάλα
792 4264 1052 4332 γενέσθαι
1081 4270 1148 4340 τῇ
1182 4268 1290 4322 τῶν
1319 4269 1629 4341 εἰρημένων
1659 4275 1840 4344 νόμων

257 4352 491 4421 ἀκριϐεῖ
546 4355 816 4426 πολιτείᾳ.
865 4357 1059 4410 Ἐνδον
1111 4358 1218 4431 γὰρ
1270 4361 1572 4433 Ταὸέννης,
1614 4366 1733 4435 μεθ’
1763 4361 1840 4421 ὧν

257 4437 335 4510 ἦν
367 4442 468 4495 καὶ
498 4443 815 4514 Παχώμιος,
853 4447 1014 4514 λόγος
1063 4451 1205 4521 ἀμφὶ
1261 4453 1468 4522 χιλίους
1495 4457 1591 4510 καὶ
1617 4473 1842 4527 τριακοο

262 4532 420 4596 σίους
475 4529 642 4591 εἶναι.
699 4539 765 4590 Oi
813 4539 859 4592 δ’
905 4541 1060 4595 ἄλλοι
1114 4545 1256 4598 κατὰ
1290 4545 1535 4615 Θηϐαΐδα
1593 4552 1686 4602 καὶ
1736 4551 1838 4620 τὴν
1869 4528 1912 4588 c

261 4626 439 4696 ἀλλην
484 4629 764 4696 Αἴγυπτον
819 4633 1036 4703 ᾤκουν
1085 4633 1164 4690 ὦν
1216 4638 1476 4692 ἁπάντων
1527 4643 1626 4710 μία
1680 4639 1748 4715 ἦν
1801 4647 1835 4715 ὴ

259 4717 462 4788 ἀγωγὴ
493 4721 588 4774 καὶ
628 4723 661 4790 ὴ
694 4722 897 4790 δίαιτα,
940 4726 1036 4779 καὶ⁸
1085 4730 1240 4782 κοινὰ
1272 4730 1450 4784 πάντα
1482 4735 1647 4786 πᾶσιν
1685 4735 1842 4806 ἐτύγ-

262 4827 455 4879 χανον,
493 4807 583 4864 οἷά
623 4831 746 4867 τινα
797 4817 1133 4886 μητρόπολιν
1161 4821 1265 4889 τὴν
1306 4821 1471 4891 νῆσον
1516 4825 1838 4896 ἡγούμενοι,

263 4905 359 4957 καὶ
405 4904 650 4976 πατέρας
705 4907 833 4971 τοὺς
882 4911 1060 4964 ἐκεῖσε
1124 4915 1599 4983 ἡγεμονεύοντας⁶
1634 4919 1727 4989 ἀφ’
1763 4915 1840 4975 ὧν

263 4997 360 5050 καὶ
412 4996 678 5066 ἄρχοντες
726 5002 813 5068 ἐφ’
864 5003 1070 5075 ἑκάστῃ
1125 5007 1372 5076 συνοικία
1430 5009 1479 5063 οἳ
1530 5011 1639 5064 τῶν
1696 5014 1838 5068 ἐοῶν

263 5088 733 5158 καθειστήκεισαν
753 5092 992 5163 ζηλωταὶ
1015 5096 1400 5168 διεπέμποντο.
1438 5103 1544 5155 Καὶ
1573 5105 1703 5174 περὶ
1741 5107 1837 5175 μὲν

266 5180 575 5248 Παχωμίου
626 5183 886 5238 τοσαῦτα.
921 5187 1010 5256 Τῷ
1043 5189 1086 5240 δ’
1108 5189 1258 5260 αὐτῷ
1297 5193 1474 5262 χρόνῳ
1517 5197 1612 5249 καὶ
1645 5197 1840 5250 Ἀπολ-

265 5269 465 5332 λώνιος
507 5273 600 5325 ἐπί
649 5277 715 5344 τῇ
769 5277 914 5328 κατὰ
981 5278 1115 5332 Θεὸν
1173 5283 1466 5355 φιλοσοφίᾳ
1527 5288 1699 5340 πολὺν
1751 5290 1842 5342 τὸν

262 5361 448 5429 Ερωτα
486 5361 652 5432 σχὼν,
692 5365 1013 5436 διαπρέπων
1066 5365 1154 5438 ἦν.
1197 5371 1297 5434 Ὃς
1331 5372 1442 5426 ἔτει
1487 5378 1841 5429 πεντεκαιδε-

262 5467 423 5520 κατῳ
451 5451 552 5522 τῆς
581 5455 806 5524 ἡλικίας
855 5458 1238 5530 ἐπαρξάμενος
1285 5463 1344 5516 ἐν
1380 5466 1587 5536 ἐρημίᾳ
1626 5467 1840 5535 otioso-

261 5545 428 5612 φεῖ-ι,
487 5547 613 5600 ἐπεὶ
653 5551 1101 5618 τεσσαρακοστοῦ
1162 5555 1332 5626 ἐπέϐη
1389 5559 1639 5611 ἐνιαυτοῦ
1671 5599 1686 5625 ,
1717 5559 1838 5630 Θείᾳ

1949 3269 2083 3324 hora
2128 3284 2273 3323 nona
2301 3269 2487 3323 tertio.
2522 3269 2730 3322 Etcum
2754 3268 2910 3323 cibus
2936 3278 3083 3324 esset
3109 3268 3431 3339 capiendus,
3460 3279 3521 3325 ut

1949 3362 2190 3430 singulas
2235 3361 2513 3418 orationes
2551 3362 2795 3431 psalmus
2841 3359 3190 3430 praecederet.
3247 3361 3518 3419 Praeterea

1948 3467 2007 3512 ut
2041 3456 2108 3510 ad
2135 3471 2425 3510 numerum
2451 3454 2759 3510 Graecarum
2800 3454 3106 3509 litterarum
3155 3463 3357 3509 etenim
3400 3469 3515 3508 mo-

1946 3546 2245 3601 nachorum
2279 3545 2712 3600 cohabitantium
2757 3544 2813 3599 in
2842 3544 3034 3615 viginti
3074 3553 3313 3614 quatuor
3352 3545 3508 3600 ordi-

1945 3652 2042 3690 nos
2074 3634 2362 3702 divideret,
2395 3644 2451 3690 et
2475 3636 2674 3705 cuique
2691 3635 2869 3689 ordini
2905 3645 3317 3704 congruentem.
3343 3635 3507 3690 sicuti

1945 3726 2181 3790 animus,
2215 3724 2326 3780 vita
2348 3736 2404 3780 et
2438 3740 2616 3780 mores
2645 3726 2911 3795 cujusque
2947 3725 3173 3792 ferrent,
3203 3726 3509 3795 imponeret

1943 3818 2361 3890 appellationem
2402 3837 2414 3872 :
2451 3819 2658 3875 scilicet
2703 3829 2763 3874 ut
2798 3819 3161 3889 simpliciores
3187 3839 3224 3881 t,
3255 3820 3349 3890 qui
3385 3835 3519 3873 vero

1944 3911 2096 3982 pravi
2131 3921 2337 3974 essent,
2385 3921 2442 3965 et
2476 3911 2659 3966 minus
2705 3911 2860 3974 recti,
2895 3910 2927 3974 ζ
2973 3922 3030 3966 et
3076 3909 3104 3976 ξ
3143 3919 3511 3966 vocarentur:

1942 4012 2104 4072 atque
2133 4003 2290 4058 aliter
2327 4002 2441 4065 alii,
2467 4002 2624 4073 juxta
2682 4003 2948 4074 cujusque
2981 4003 3318 4068 institutum,
3345 4011 3402 4058 ct
3424 4003 3514 4057 Iit-

1944 4105 2074 4151 terae
2104 4095 2276 4165 ipsius
2301 4095 2572 4163 habitum,
2603 4104 2789 4166 aptum
2827 4097 3290 4152 accommodanda
3310 4114 3515 4168 cogno-

1943 4203 2088 4243 men.
2114 4187 2390 4258 Ejusmodi
2420 4201 2552 4242 sane
2597 4188 2812 4258 legibus
2857 4189 3186 4244 Pachomins
3214 4189 3520 4244 monachos

1941 4295 2070 4334 suos
2095 4280 2256 4335 rexit.
2308 4277 2412 4345 Qui
2448 4278 2667 4349 quidem
2705 4279 2979 4334 humanus
3035 4279 3272 4334 maxime
3306 4288 3360 4334 et
3418 4279 3513 4334 Dei

1941 4384 2130 4424 amans
2193 4369 2315 4434 fuit,
2372 4385 2441 4426 eo
2487 4370 2866 4440 amplitudinis
2916 4385 3258 4441 progressus,
3310 4380 3368 4424 ut
3423 4387 3514 4426 res

1941 4477 2160 4533 quoque
2191 4461 2404 4517 futuras
2434 4477 2543 4517 non
2580 4462 2855 4532 ignoraret
2888 4481 2903 4518 :
2961 4463 3158 4533 quippe
3187 4479 3323 4532 quas
3369 4480 3513 4534 prae-

1943 4557 2103 4625 cipue
2143 4570 2209 4611 ex
2235 4556 2502 4610 continuo
2547 4556 2866 4626 angelorum
2913 4557 3185 4626 colloquio
3221 4572 3514 4626 cognosce-

1945 4646 2058 4700 bat.
2089 4646 2145 4700 ln
2179 4645 2458 4702 Thebaide
2489 4656 2674 4702 autem
2717 4647 3069 4718 philos0phiaz
3099 4663 3213 4702 suae
3237 4648 3510 4704 oilicinam

1945 4736 2158 4801 habuit,
2193 4737 2246 4791 in
2283 4737 2516 4807 quadam
2547 4738 2724 4792 insula
2753 4753 2874 4808 qua:
2925 4737 3182 4793 Tabenna
3230 4740 3510 4796 nominata

1947 4837 2032 4884 est
2067 4843 2135 4882 :a
2167 4843 2272 4897 qua
2311 4829 2596 4899 hucusque
2637 4829 3054 4886 Tabcnnesiotac
3087 4831 3367 4887 dicuntur.
3404 4831 3510 4900 Qui

1948 4934 2074 4974 cum
2107 4930 2349 4990 tempore
2390 4936 2583 4992 inagna
2619 4937 2813 4991 cepere
2867 4922 3225 4990 incrementa,
3255 4926 3394 4978 adeo
3452 4935 3513 4980 ut

1946 5011 2148 5078 septies
2182 5011 2350 5076 mille,
2375 5021 2431 5066 et
2460 5014 2679 5082 quidem
2710 5013 3002 5067 admodum
3042 5015 3310 5081 celebres,
3345 5017 3509 5074 vitam

1946 5099 2028 5152 eis
2054 5114 2190 5168 quas
2221 5100 2457 5155 diximus
2502 5102 2714 5172 legibus
2764 5103 2830 5156 ad
2871 5114 3115 5159 exactam
3160 5121 3390 5174 prorsus
3421 5121 3511 5158 ra-

1948 5191 2150 5245 tionem
2179 5201 2405 5262 agentes
2444 5195 2778 5250 exstiterint.
2818 5197 2962 5250 lntra
3001 5197 3316 5252 Tabcnnam
3357 5213 3510 5251 Itam-

1944 5298 2073 5352 que,
2129 5301 2252 5339 cum
2283 5285 2485 5354 quibus
2526 5289 2692 5342 etiam
2727 5288 3054 5345 Pachomius
3096 5300 3234 5354 erat,
3286 5289 3512 5342 circi-ter.

1945 5377 2092 5432 mille
2131 5385 2188 5432 et
2233 5379 2463 5434 trecenti
2515 5379 2684 5435 fuisse
2719 5380 3024 5436 dicuntur:
3071 5382 3163 5435 alii
3196 5389 3377 5434 autem
3411 5396 3507 5449 per

1943 5469 2302 5535 Thebaidem,
2330 5481 2386 5526 et
2415 5472 2677 5542 reliquam
2706 5472 2997 5545 Egyptum
3026 5473 3267 5526 coluere.
3301 5471 3502 5525 Eorum

1939 5563 2183 5617 omnium
2225 5579 2392 5618 unum
2426 5574 2546 5621 erat
2585 5567 2915 5629 institutum,
2961 5580 3102 5617 unus
3134 5564 3351 5618 vivendi
3391 5580 3508 5620 mou

332 5731 411 5818 (It)
446 5720 655 5787 Ascetae
707 5731 990 5804 cujusdam
1053 5734 1186 5790 scite
1244 5735 1448 5793 dictum
1509 5747 1617 5806 est,
1685 5737 2035 5812 Monachum,
2106 5744 2209 5800 nisi
2261 5760 2401 5815 opus
2452 5744 2638 5814 faciat,
2710 5761 2875 5801 avaro
2919 5744 3135 5802 homini
3167 5761 3291 5803 esse
3327 5747 3507 5818 persi-

173 5829 178 5831 >
256 5801 470 5856 milctn.
