3988 6190
434 436 544 499 275

1662 434 2085 498 NICEPHORI
2124 435 2480 498 CALLISTI

3590 430 3704 501 976

436 551 543 607 dtis
569 548 884 606 communia
914 546 1096 611 omnia
1124 545 1273 602 inter
1312 560 1372 602 se
1400 546 1749 603 habentium.
1777 548 2016 605 Insulam

2151 549 2239 618 ψει
2284 549 2612 621 πειθόμενος
2635 589 2653 616 ,
2695 548 2796 620 τήν
2831 546 3166 619 οἰκουμένην
3195 546 3355 613 αὖθις
3386 549 3666 605 κατέλαϐε
3692 566 3705 579 ·

439 645 611 713 ipsam
638 641 793 712 quasi
826 638 1175 709 metropoiim
1226 639 1528 709 quamdam
1554 655 1676 696 esse
1702 640 1971 711 putabant
1999 660 2013 696 :

436 743 495 789 et
522 734 615 805 qui
650 733 723 787 ibi
754 732 920 786 rebus
957 741 1247 801 praeerant,
1292 740 1497 802 patres.
1533 732 1611 787 Ex
1651 733 1852 803 quibus
1883 748 2020 804 quo-

436 841 567 896 que,
624 828 715 894 qui
767 823 1007 878 instituti
1058 823 1181 895 ejus
1229 824 1582 880 aemulatores
1635 819 1816 891 erant,
1846 826 2016 881 cmtui

434 918 639 987 cuique
694 925 750 971 et
801 915 1083 972 domicilio
1142 915 1427 985 praefectos
1487 931 1619 973 suos
1671 929 2021 975 acoersentes

436 1009 807 1081 accipiebant.
838 1009 965 1066 [hee
986 1009 1056 1067 de
1098 1010 1413 1068 Pachomio.
1457 1010 1664 1067 Eadem
1695 1028 1829 1067 vero
1858 1022 2020 1070 aetate

436 1104 841 1175 etApollonius
899 1103 1111 1175 ingenti
1139 1119 1268 1175 erga
1315 1104 1562 1160 divinam
1612 1105 2019 1177 philosophiam

439 1211 630 1251 amore
672 1194 909 1265 ﬂagrans
966 1195 1250 1266 pollebat:
1305 1196 1399 1266 qui
1434 1196 1791 1267 quindecimo
1843 1203 2022 1257 aetatis

441 1304 589 1344 anno
611 1288 872 1344 solitaria.-
893 1288 1258 1359 philosophiae
1286 1288 1540 1345 initiatus
1562 1290 1756 1353 sacris,
1783 1292 2022 1362 quadra-

442 1381 701 1449 genarius
739 1380 940 1436 divina:
965 1382 1275 1452 obsequens
1305 1380 1501 1436 visioni
1542 1381 1598 1437 in
1635 1382 1919 1450 publicum
1952 1382 2022 1439 ad

443 1474 564 1528 loca
622 1472 942 1529 hominibus
979 1473 1223 1529 habitata
1272 1489 1466 1529 rursus
1512 1475 1740 1545 prodiit,
1768 1484 1932 1546 atque
1964 1477 2022 1531 in

442 1563 726 1620 Thebaide
757 1566 1094 1636 tuguriolum
1142 1564 1247 1621 sibi
1303 1564 1574 1620 condidit.
1608 1567 1771 1638 707
1803 1554 2024 1622 Etcum

445 1659 505 1713 in
551 1657 749 1728 primis
772 1657 868 1713 Dei
904 1667 1054 1713 esset
1078 1658 1516 1718 amantissimus.
1554 1657 1876 1714 admiranda
1906 1658 2021 1714 edi-

398 1812 403 1815 Α
444 1748 525 1802 dit
550 1762 719 1818 opera
753 1763 769 1801 :
824 1747 1080 1817 nihilque
1125 1762 1309 1802 rerum
1342 1747 1529 1801 omisit
1562 1748 1833 1813 omnium,
1889 1750 2024 1820 quin

445 1840 502 1893 in
529 1837 610 1893 eis
639 1838 917 1908 praecipue
948 1836 1264 1902 excelleret,
1293 1851 1635 1907 quaecunque
1666 1837 1733 1892 ad
1765 1838 1818 1893 id
1852 1854 2025 1910 genus

2125 643 2220 696 καὶ
2256 643 2398 697 κατὰ
2435 642 2680 714 Θηϐαΐδα
2715 643 2817 712 τὴν
2854 641 3102 712 μάνδραν
3131 642 3400 713 έπήξατο.
3431 642 3711 715 Θεοφιλὴς

2124 736 2182 789 δὲ
2231 736 2300 789 τά
2347 735 2587 806 μάλιστα
2619 733 3238 805 γεγονὼςιπαραδόξων
3280 736 3586 806 αὐτουργὸς
3616 730 3708 807 ἦν.

2126 829 2386 900 Πράξεως
2432 829 2491 883 δὲ
2543 827 2700 882 οὐδὲν
2738 827 3007 881 ἐλλείπων
3030 867 3046 893 ,
3098 828 3201 881 ὅσα
3241 829 3323 891 είς
3360 828 3462 897 τὴν
3494 828 3712 881 τοιάνδε

2124 923 2446 992 φιλοσοφίαν
2479 923 2697 992 ἀνήκει,
2753 922 3123 991 διαφερόντως
3165 916 3315 991 εἶχεν
3343 934 3359 951 ⁸
3413 919 3622 987 ἀγαθὸς
3647 919 3709 974 εῦ

2128 1016 2276 1084 μάλα
2312 1016 2373 1069 τὸ
2411 1012 2544 1088 ἦθος
2577 1013 2675 1080 ὢν,
2720 1020 2815 1069 καὶ
2868 1015 2968 1068 σὺν
3013 1015 3198 1085 χάριτι
3245 1012 3486 1081 ἄφθονον
3516 1012 3582 1066 τὺ
3606 1012 3709 1079 τῆς

2123 1106 2483 1170 διδασκαλίας
2534 1107 2689 1176 νᾶμα
2741 1106 3027 1176 προχέων·
3066 1104 3403 1166 καταπειθδς
3457 1102 3505 1156 δ⁴
3533 1102 3713 1167 οὕτως

2124 1198 2272 1270 ἔχειν
2300 1200 2418 1264 τοῖς
2463 1199 2816 1269 αἰτουμένοις
2862 1200 2923 1252 τδ
2974 1200 3152 1264 Θεῖον,
3197 1199 3276 1264 ὠς
3331 1197 3502 1268 μηδὲν
3528 1198 3715 1251 altov-

2128 1292 2277 1362 μένῳ
2304 1293 2575 1365 ἀνήνυτον
2598 1287 2761 1346 εἶναι.
2807 1294 3031 1355 Πάντως
3070 1291 3120 1346 δ’
3148 1294 3335 1345 ἐκεῖνα
3353 1290 3505 1367 ᾔτει,
3546 1289 3715 1358 σοφὸς

2124 1381 2224 1450 ὢν,
2272 1377 2357 1448 οἷς
2420 1383 2639 1455 χαίρειν
2681 1383 2883 1437 διδόναι
2933 1386 2999 1437 ἐκ
3048 1381 3143 1436 τοῦ
3190 1382 3394 1454 ῥᾴστου
3448 1381 3513 1435 τὸ
3550 1380 3717 1434 Ocior

2126 1476 2241 1549 ἔχει
2262 1476 2402 1547 πρὸς
2436 1476 2676 1546 φύσεως.
2717 1476 2978 1547 Ἤκμαζε
3027 1477 3085 1530 δὲ
3134 1475 3234 1529 καὶ
3273 1474 3469 1528 ’Δνοὺδ
3499 1475 3715 1537 ἐκεῖνος

2127 1570 2254 1626 κατ’
2273 1572 2451 1625 έκεῖνο
2486 1571 2682 1642 καιροῦ
2707 1587 2723 1603 ο
2765 1570 2825 1625 δν
2848 1572 3010 1640 λόγος
3049 1570 3192 1639 μετά
3220 1570 3320 1641 τὴν
3345 1571 3407 1623 ὲν
3434 1569 3712 1639 διωγμοῖς

2127 1657 2423 1729 ὁμολογίαν
2477 1657 2622 1730 ὑπὲρ
2660 1659 2901 1730 Χριστοῦ
2925 1698 2940 1721 ,
2977 1661 3189 1731 μήποτε
3222 1656 3558 1728 ψεύσασθαι·
3591 1654 3719 1710 ἀλλ’

2126 1751 2251 1807 οὐδέ
2294 1769 2442 1816 τινος
2492 1754 2603 1806 τῶν
2655 1752 2972 1821 προσγείων
3025 1754 3107 1815 είς
3156 1751 3463 1822 ἐπιθυμίαν
3506 1748 3714 1802 ἐλθεῖν.

2128 1837 2230 1897 Ὧν
2266 1844 2323 1898 δὲ
2380 1843 2517 1915 πρὸς
2571 1843 2712 1899 θεοῦ
2773 1844 2996 1916 δεηθείη
3025 1885 3041 1910 ,
3111 1843 3343 1917 μηδενὸς
3383 1840 3719 1911 ἀστοχῆσαιο

446 1930 813 2001 philosophiae
844 1930 1145 2000 pertinent.
1174 1929 1422 1985 Moribus
1466 1928 1573 1986 fuit
1595 1931 1842 2001 optimis,
1870 1941 1928 1988 et
1964 1931 2024 1987 in

2151 1936 2255 2008 Ιείιρ
2297 1937 2347 1990 δ’
2376 1937 2597 2010 ἀγγέλῳ
2661 1938 2949 2010 καθηγητῇ
3013 1939 3408 2010 χρησάμενον,
3465 1936 3594 1989 ὅσον
3648 1927 3723 2003 ἣν

448 2023 652 2092 pietate
674 2022 884 2094 prolixe
915 2021 1161 2077 docenda
1211 2038 1405 2093 magna
1430 2023 1624 2095 gratia.
1658 2024 2024 2095 inprecatio.

448 2113 613 2169 nibus
655 2115 793 2169 adeo
849 2113 1043 2169 habuit
1072 2114 1374 2187 benignum
1404 2128 1461 2171 et
1496 2116 1797 2187 propitium
1830 2117 2022 2183 Deum,

2132 2030 2339 2100 ἀρετῆς
2374 2032 2456 2096 είς
2491 2031 2666 2102 άκρον
2706 2032 2973 2102 ἀσκῆσαι.
3026 2031 3191 2085 Ἀλλά
3220 2030 3350 2100 περὶ
3390 2028 3495 2097 μὲν
3514 2024 3627 2079 τῶν
3661 2023 3725 2076 έν

2132 2121 2395 2193 Αἰγύπτῳ
2434 2123 2692 2194 μοναχῶν
2725 2123 2946 2195 ἀπόχρη
2977 2122 3221 2178 τοσαῦτα
3271 2124 3474 2177 είπεῖν.

348 2256 357 2263 ,
446 2222 511 2269 nt
534 2214 603 2269 ab
627 2229 876 2271 eoorans
905 2213 1040 2269 nihil
1064 2229 1174 2269 non
1208 2223 1486 2271 exoraret.
1561 2217 1626 2271 Et
1659 2231 1758 2287 pro
1829 2218 2101 2288 sapientia
2140 2235 2238 2275 sua
2280 2235 2346 2276 ea
2393 2235 2620 2291 prorsus
2647 2223 2895 2291 petebat,
2923 2237 3046 2292 quae
3083 2221 3245 2278 facile
3291 2223 3438 2280 Deus
3475 2223 3724 2279 tribuere

446 2307 607 2361 solet.
665 2305 878 2362 Florult
913 2316 1026 2361 tum
1058 2323 1278 2378 quoque
1315 2308 1477 2363 Anub
1517 2307 1644 2374 ille,
1677 2323 1843 2378 quem
1894 2321 2021 2381 post
2056 2310 2460 2369 confessionem
2485 2329 2590 2385 pro
2633 2313 2859 2370 Christo
2902 2315 2957 2369 in
3027 2315 3419 2384 persecutione
3484 2316 3723 2380 obitam,

447 2410 930 2473 [eruntnunquim
966 2411 1154 2473 postea
1180 2402 1529 2459 mendacium
1562 2402 1805 2468 dixisse,
1876 2419 2056 2476 neque
2095 2406 2401 2477 quidquam
2452 2416 2686 2465 terrente
2736 2409 2815 2464 rei
2862 2409 3290 2479 concupivisset
3355 2423 3479 2479 qua:
3525 2423 3661 2463 vero
3692 2422 3726 2462 a

450 2494 562 2551 Deo
595 2504 831 2558 orasset,
864 2496 1049 2551 omnia
1084 2494 1393 2551 obtinuisse
1425 2511 1440 2549 :
1471 2495 1775 2569 angeloque
1796 2496 1987 2553 divino
2032 2499 2169 2556 adeo
2208 2501 2526 2557 institutore
2582 2516 2767 2566 usum,
2823 2503 3042 2572 pietatis
3066 2500 3268 2556 virtute
3295 2500 3606 2557 exercenda
3651 2500 3726 2557 ad

449 2601 730 2644 summum
758 2602 936 2658 usque
966 2587 1301 2658 pervenisse.
1340 2587 1445 2644 Sed
1484 2589 1630 2643 enim
1661 2587 1730 2645 de
1767 2586 2031 2661 Egyptiis
2079 2592 2363 2648 monachis
2410 2592 2525 2647 haec
2555 2594 2690 2650 satis
2739 2601 2825 2648 est
2856 2592 3082 2647 dixisse.

1052 2701 1278 2762 CAPUT
1318 2702 1433 2759 XV.

739 2798 822 2853 De
847 2798 1148 2853 Palmum:
1172 2807 1221 2851 et
1261 2795 1431 2870 Syria:
1463 2796 1751 2851 monachis.

524 2915 660 2972 Inde
717 2928 851 2971 vero
917 2912 1083 2968 etiam
1147 2912 1433 2967 Palaestina
1501 2911 1730 2978 edocta,
1786 2910 2035 2967 eamdem

453 3006 885 3081 philosophandi
933 3012 1205 3061 rationem
1249 3004 1546 3075 complecti
1574 3004 1765 3075 capit.
1816 3005 1875 3059 ln
1928 3020 2035 3075 qua

2759 2704 3014 2761 ΚΕΦΑΛ.
3045 2705 3151 2762 lE’.

2214 2800 2357 2871 Περὶ
2384 2800 2501 2855 τῶν
2532 2800 2602 2854 ἐν
2630 2798 3006 2868 Παλαιστίνῃ
3040 2797 3140 2852 καί
3158 2796 3346 2866 Συρίᾳ
3359 2797 3671 2869 μοναχῶν.

2229 2917 2471 2972 Ἐκεῖθεν
2517 2916 2577 2971 δι
2624 2915 2718 2968 καὶ
2759 2913 3093 2984 Παλαιστίνη
3139 2913 3495 2985 όδηγηθεῖσα,
3530 2914 3601 2967 τά.
3636 2912 3735 2967 ica

2146 3009 2462 3080 φιλοσοφεῖν
2487 3007 2694 3080 ἤρξατο
2720 3023 2735 3037 ³
2771 3008 2831 3060 ὲν
2920 3006 3138 3077 πρῶτος
3166 3006 3404 3078 ήνθησεν
3443 3004 3730 3076 ’ίλαρίωνο

454 3100 674 3172 primus
703 3100 889 3154 ﬂoruit
916 3096 1163 3152 Hilarion
1197 3113 1213 3151 :
1251 3096 1342 3152 cui
1390 3099 1568 3167 patria
1614 3095 1720 3151 fuit
1754 3096 1908 3151 vicus
1934 3111 2039 3152 no-

2151 3097 2191 3171 ᾧ
2226 3103 2427 3173 πατρὶς
2457 3102 2557 3171 μὲν
2584 3095 2654 3171 ἦν
2681 3097 2842 3170 κώμη
2881 3098 3111 3169 Θηόασᾶ
3153 3097 3354 3167 δνομα,
3373 3085 3475 3150 οῦκ
3502 3097 3737 3152 ἔλαττον

456 3194 611 3250 mine
643 3192 889 3248 Thebasa
917 3190 1019 3263 (i),
1048 3188 1141 3261 qui
1170 3205 1282 3245 non
1304 3188 1507 3259 ,minus
1537 3202 1698 3260 quam
1724 3188 2040 3260 quindecim

2151 3194 2179 3265 ἢ
2217 3192 2278 3246 ιε’
2309 3192 2559 3256 σταδίους
2582 3191 2862 3262 ἀπέχουσα
2894 3189 3097 3258 Γάζης,
3138 3192 3279 3259 πρὸς
3305 3190 3459 3243 νότον
3491 3190 3734 3260 κειμένη

460 3288 656 3344 stadiis
683 3285 827 3343 Gaza
861 3285 1054 3350 abest,
1088 3292 1338 3339 austrum
1373 3298 1568 3339 versus
1615 3284 1684 3338 ad
1734 3291 2041 3339 torrentem

461 3381 605 3438 situs
631 3421 647 3446 ,
678 3381 772 3452 qui
801 3395 950 3435 mare
974 3378 1212 3435 inﬂuens
1228 3378 1584 3434 vernaculum
1609 3392 1639 3432 a
1664 3377 1792 3433 vico
1814 3377 1934 3447 ipso
1956 3392 2046 3433 ac-

462 3478 609 3549 cepit
636 3491 856 3531 nomen.
889 3474 1027 3531 Cum
1066 3484 1249 3529 autem
1288 3472 1688 3528 Alexandrinas
1716 3471 2042 3540 frequenta-

462 3581 550 3627 ret
604 3570 843 3636 scholas,
895 3567 1122 3622 Antonii
1167 3565 1310 3621 fama
1356 3581 1481 3636 quae
1527 3576 1644 3620 tum
1696 3564 2048 3619 increbuerat

464 3666 676 3729 audita,
711 3663 935 3719 videndi
965 3663 1089 3733 eius
1144 3660 1325 3732 gratia
1345 3658 1704 3714 solitudinem
1741 3657 1945 3728 petiit:
1990 3664 2048 3711 et

466 3756 869 3829 aliquantulum
906 3770 1030 3810 cum
1066 3769 1134 3809 eo
1164 3762 1432 3817 moratus,
1484 3751 1628 3806 idem
1662 3749 1787 3804 vitae
1819 3747 2047 3804 institu-

468 3859 586 3905 tum
621 3847 776 3919 sequi
800 3846 1109 3903 constituit.
1134 3843 1292 3911 Quod
1314 3858 1444 3899 vero
1482 3843 1551 3898 ad
1583 3841 1884 3898 Antonium
1913 3855 2053 3911 quo-

467 3942 607 3998 tidie
663 3940 819 3996 multi
850 3941 1207 4003 ventitarent,
1249 3937 1358 3992 voti
1394 3950 1622 4007 compos
1659 3934 1779 3990 ﬂeri
1809 3949 1920 3989 non
1955 3949 2053 4004 po-

469 4036 813 4107 tnit.ltaque
873 4034 930 4089 in
979 4032 1216 4104 patriam
1266 4045 1549 4095 reversus,
1607 4042 1737 4084 cum
1791 4033 2052 4098 parentes

469 4132 645 4204 ejuse
687 4130 798 4184 vita
834 4128 937 4182 hac
973 4128 1342 4198 migrassent.
1380 4124 1550 4178 multa
1602 4119 1916 4177 substantia
1954 4133 2054 4175 sua

472 4222 622 4277 omni
679 4220 943 4276 fratribus
964 4230 1020 4275 et
1057 4220 1246 4290 egenis
1265 4216 1558 4272 distributa
1584 4254 1599 4279 ,
1667 4213 1806 4269 nihil
1849 4212 1956 4268 sibi
1988 4227 2057 4268 ex

473 4330 541 4370 ea
604 4314 879 4383 reliquum
927 4310 1080 4365 fecit.
1113 4308 1279 4379 708
1315 4306 1383 4360 Et
1418 4320 1547 4360 mox
1584 4302 1784 4359 deinde
1822 4302 1878 4357 in
1935 4301 2058 4357 loco

480 4404 719 4475 quodam
751 4402 1048 4469 maritimo,
1089 4400 1283 4472 viginti
1319 4396 1512 4454 stadiis
1544 4411 1576 4451 a
1620 4396 1745 4450 vico
1790 4395 2054 4461 distante,

2147 3287 2301 3359 παρά
2347 3286 2441 3340 τδν
2492 3285 2818 3357 χείμαρρον,
2846 3285 2905 3350 ὃς
2947 3287 3042 3338 ἐπὶ
3088 3284 3371 3339 θάλασσαν
3412 3285 3579 3355 ῥέων,
3608 3285 3736 3337 επι-

2148 3381 2351 3453 χώριον
2398 3380 2507 3435 ἀπὸ
2550 3383 2650 3452 τῆς
2688 3378 2886 3450 κώμης
2918 3378 3142 3449 εἴληφεν
3172 3378 3347 3443 ὄνομα
3372 3393 3388 3408 ⁸
3425 3378 3541 3440 τοῖς
3583 3374 3633 3427 δ’
3672 3377 3739 3428 ἐν

2162 3468 2548 3541 Ἀλεξανδρείᾳ
2592 3468 2857 3538 φοιτήσας
2908 3467 3330 3532 διδασκαλείοις,
3380 3467 3481 3536 τῆς
3535 3465 3743 3518 ’Λντωο

2148 3563 2262 3617 νίου
2294 3562 2466 3633 ἀκοῆς
2495 3562 2896 3632 διαϐοωμένης,
2932 3565 3072 3615 κατὰ
3111 3560 3241 3615 θέαν
3287 3560 3495 3613 ἐκείνου
3527 3559 3609 3621 είς
3637 3558 3743 3631 τὴν

2151 3658 2361 3728 ἔρημον
2393 3651 2499 3730 ἦκε
2522 3662 2539 3679 ’
2589 3657 2683 3711 καὶ
2719 3655 2807 3709 ἐπ’
2852 3654 3039 3723 ὀλίγον
3081 3654 3375 3725 διατρίψας
3421 3655 3642 3725 ἐκείνῳ,
3667 3656 3743 3708 τά

2153 3751 2245 3805 ῖσα
2293 3749 2608 3820 φιλοσοφεῖν
2666 3749 2928 3819 αἱρεῖται.
2980 3746 3199 3802 Πολλῶν
3244 3746 3290 3799 δ’
3339 3748 3398 3810 ἐς
3448 3744 3743 3799 ’Λντώνιον

2154 3845 2280 3899 καθ’
2329 3842 2570 3914 ἑκάστην
2611 3841 2822 3907 ἰόντων,
2855 3842 3088 3913 ἠρεμεῖν
3115 3841 3216 3895 οὐκ
3262 3834 3379 3910 εῐχε
3429 3838 3573 3893 κατὰ
3611 3854 3746 3890 σκο-

2156 3936 2281 3991 κόν.
2303 3934 2416 4007 Τὴν
2447 3934 2689 4000 πατρίδα
2729 3933 2788 3989 δὲ
2820 3931 3172 3997 καταλαϐὼν,
3204 3933 3333 3985 ἐπεὶ
3362 3931 3461 3985 καὶ
3480 3931 3531 3985 οί
3558 3932 3745 3999 γονεῖς

2157 4025 2326 4081 αὐτοῦ
2378 4024 2472 4078 τὸν
2520 4023 2647 4096 τῇδε
2704 4022 2820 4094 βίον
2865 4021 3159 4088 ἀπέλιπον,
3192 4012 3309 4083 τοῖς
3342 4020 3596 4090 ἀδελφοῖς
3644 4019 3748 4074 καὶ

2155 4123 2269 4179 τοῖς
2294 4119 2500 4174 ὲνδεέσι
2529 4119 2631 4190 τήν
2678 4117 2880 4188 πολλὴν
2924 4115 3249 4189 περιουσίαν
3282 4116 3606 4186 ἐσκόρπισε,
3635 4131 3751 4185 μη-

2159 4212 2251 4267 δέν
2279 4231 2334 4267 τι
2374 4213 2437 4268 τό
2466 4211 2691 4266 σύνολον
2724 4210 3045 4265 καταλιπὼν
3074 4210 3278 4281 ἑαυτῷ.
3313 4207 3427 4262 Καὶ
3463 4207 3653 4262 λοιπὸν
3686 4206 3751 4260 ἒν

2158 4322 2268 4360 τινι
2293 4306 2446 4376 τόπῳ
2468 4304 2605 4376 πρὸς
2633 4301 2911 4357 θάλασσαν
2938 4303 3112 4357 είκοσι
3143 4301 3389 4366 σταδίους
3420 4302 3519 4373 τῆς
3546 4299 3749 4372 κώμης

2161 4398 2394 4471 διέχοντι
2445 4397 2693 4469 καλύδην
2749 4397 2817 4450 ὲκ
2872 4395 3114 4450 πλίνθων
3159 4397 3458 4466 ἐπήγνυτο,
3523 4395 3751 4466 φορυτῷ

477 4473 760 4572 tugurium
787 4513 818 4552 e
854 4496 1024 4550 latere
1056 4494 1165 4549 sibi
1201 4491 1496 4554 exstruxit,
1544 4487 1805 4559 congerie
1858 4486 2043 4542 fracta-

2168 4493 2434 4565 κεράμων
2478 4492 2832 4561 κατεαγότων
2879 4489 3335 4561 κεκαλυμμένην.
3372 4488 3548 4544 Τόσον
3586 4489 3633 4541 δ’
3676 4483 3753 4559 ἦν

479 4606 604 4647 rum
642 4598 906 4646 testarum
959 4595 1184 4642 tectum.
1223 4582 1396 4655 Cujus
1448 4589 1597 4636 tanta
1647 4580 1753 4636 fuit
1795 4577 2054 4643 latitudo,

474 4683 842 4758 longitudoet
876 4679 1140 4747 altitudo,
1184 4687 1244 4733 ut
1270 4688 1505 4733 stantem
1538 4689 1665 4731 eum
1697 4681 1864 4745 caput
1895 4671 2059 4728 incli-

476 4795 633 4843 nare,
665 4776 992 4833 recumbere
1014 4783 1199 4829 autem
1219 4772 1494 4828 volentem
1518 4768 1684 4839 pedes
1717 4767 1782 4822 ad
1814 4768 2058 4836 seipsum

480 4864 809 4921 contrahere
840 4864 1154 4919 necessario
1181 4867 1484 4932 oporteret.
1538 4858 1639 4914 Hic
1671 4857 1843 4912 rebus
1873 4854 2059 4911 omni-

481 4960 588 5014 bus
621 4973 721 5028 per
766 4956 1183 5014 assuetudinem
1206 4994 1221 5019 ,
1250 4963 1558 5025 promptam
1600 4951 1709 5007 sibi
1753 4962 1809 5007 et
1843 4949 2059 5005 facilem

482 5050 722 5106 iacicb:.t
749 5064 1068 5104 :erumnam.
1116 5048 1296 5118 Atque
1336 5046 1391 5101 in
1424 5043 1807 5101 moderatione
1836 5051 1895 5098 et
1922 5052 2065 5097 tem-

482 5140 733 5214 perantia
777 5140 997 5212 egregie
1058 5140 1390 5204 elaborans,
1441 5137 1653 5192 nullum
1704 5149 1935 5206 prorsus
1994 5149 2062 5189 ex

483 5236 645 5293 factis
681 5235 798 5291 suis
840 5234 1097 5305 concepit
1129 5233 1328 5288 fastum
1355 5274 1369 5297 ,
1404 5246 1531 5287 cum
1565 5230 1791 5302 quidem
1821 5246 1887 5286 ea
1916 5229 1971 5284 in
2005 5245 2065 5286 te

485 5330 830 5403 superiorem
895 5330 1127 5385 haberet
1186 5328 1489 5383 neminem.
1554 5326 1816 5398 Corporis
1878 5336 2064 5381 autem

483 5428 795 5498 voluptates
852 5433 909 5481 et
966 5424 1163 5479 animae
1228 5421 1523 5477 blanditias
1582 5420 1885 5484 edomans,
1940 5435 2064 5475 cum

486 5520 695 5585 inedia,
727 5520 841 5584 siti,
873 5517 1096 5589 frigore,
1118 5525 1176 5572 et
1199 5524 1332 5570 aestu
1370 5522 1594 5569 strenue
1619 5512 2065 5568 conﬂictabatur.

487 5612 732 5666 Moribus
760 5611 993 5680 integris
1018 5610 1282 5680 praaditus
1327 5608 1453 5672 fuit,
1497 5622 1754 5662 sermone
1794 5606 2070 5662 humanus

488 5711 544 5759 et
581 5701 867 5772 placidus:
911 5711 969 5757 et
996 5716 1337 5771 quaecunque
1377 5714 1661 5756 sacrorum
1716 5697 2068 5753 oraculorum

491 5792 796 5858 didicisset,
842 5805 1095 5850 accurate
1144 5796 1409 5851 memoria
1450 5792 1689 5851 tenebat.
1747 5790 2068 5870 Tantopere

568 5904 647 5975 (1)
685 5904 972 5973 Thubafha,
1000 5906 1213 5964 Saloni.

2165 4586 2352 4658 ἐκείνη
2405 4584 2600 4655 εὔρους
2637 4585 2735 4639 καὶ
2793 4586 3004 4656 μήκους
3056 4584 3151 4636 καὶ
3204 4581 3397 4652 ὕψους,
3427 4580 3505 4643 ὡς
3546 4581 3755 4650 δεῆσαν

2168 4680 2416 4746 ἑστάναι,
2434 4680 2665 4733 κύπτειν
2688 4676 2790 4749 τὴν
2823 4675 3102 4747 κεφαλήν·
3138 4677 3330 4729 πεσεῖν
3351 4672 3399 4728 δ’
3432 4674 3755 4741 ἐπάναγκες

2166 4774 2249 4839 ὃν,
2289 4773 2418 4837 τοὺς
2469 4772 2638 4836 πόδας
2678 4770 2989 4836 συνιζάνειν
3036 4768 3173 4840 πρὸς
3205 4766 3423 4820 ἑαυτόν.
3455 4766 3597 4818 llic:
3636 4767 3756 4835 γάρ

2168 4868 2393 4941 τρόποις
2437 4864 2629 4936 ἔθιμον
2679 4864 2856 4917 ἐποίει
2883 4861 3032 4932 αὐτῷ
3056 4862 3160 4932 τὴν
3201 4856 3609 4929 ταλαιπωρίαν.
3646 4858 3757 4910 Πο-

2171 4962 2280 5015 νῶν
2334 4978 2395 5015 τε
2450 4963 2517 5032 τῇ
2573 4956 2877 5030 ἐγκρατείᾳ
2922 4955 3186 5025 δοκίμως,
3221 4954 3429 5022 ἄτυφον
3482 4945 3597 5021 εῐχε
3651 4951 3756 5020 τὴν

2173 5055 2397 5126 πρᾶξιν,
2427 5055 2525 5109 καὶ
2552 5050 2730 5107 ταῦτα
2768 5049 2963 5122 μηδενὶ
2986 5049 3065 5119 τῷ
3099 5048 3249 5120 ἔργῳ
3286 5048 3466 5118 τούτῳ
3495 5043 3762 5099 καταλεί-

2173 5168 2294 5205 πων
2344 5148 2677 5220 ὑπερϐολήν.
2722 5145 2960 5216 Κρατῶν
3004 5143 3052 5197 δ’
3097 5144 3223 5198 ὅσαι
3276 5140 3533 5210 σώματος
3565 5140 3760 5210 ήδοναὶ

2173 5240 2268 5293 καλ⁸
2314 5237 2495 5309 ψυχῆς
2553 5235 2810 5298 θωπείαι,
2866 5234 3006 5304 πρὸς
3044 5229 3265 5288 ἀσιτίαν
3315 5231 3413 5283 καὶ
3461 5229 3614 5298 δίψος
3661 5231 3760 5279 καὶ
3850 5234 3857 5237 '

2178 5334 2330 5404 ῥῖγος
2380 5330 2477 5383 καὶ
2518 5329 2713 5396 πνῖγος
2764 5324 3011 5398 στερρῶς
3050 5322 3376 5395 ἠγωνίζετο.
3405 5320 3480 5374 Τὸ
3526 5319 3627 5389 μὲν
3660 5314 3762 5373 οὖν

2173 5419 2308 5495 ἦθος
2361 5422 2647 5484 σπουδαῖός
2700 5437 2785 5483 τις
2837 5415 2929 5491 ἦν,
2962 5420 3060 5473 καὶ
3106 5416 3201 5470 τὸν
3254 5415 3416 5483 λόγον
3468 5406 3760 5479 έτὲιεικήςν

2176 5515 2407 5587 ἀκριϐὲς
2440 5514 2487 5567 δ’
2519 5508 2634 5585 εἶχε
2684 5511 2998 5584 μεμνῆσθαι
3044 5510 3146 5564 ὅσα
3198 5506 3311 5561 τῶν
3365 5505 3530 5577 ίερῶν
3560 5501 3763 5570 λογίων

2176 5611 2476 5680 ὲξήσκησε.
2512 5608 2683 5660 Τόσον
2734 5604 2791 5659 δὲ
2838 5603 2906 5657 δι’
2956 5602 3163 5674 ἀρετῆς
3205 5600 3452 5672 ᾠκείωτο
3500 5596 3580 5666 τῷ
3614 5595 3764 5665 Θεῷ,

2179 5701 2255 5763 ὡς
2300 5699 2470 5753 εἰσέτι
2511 5702 2606 5753 καὶ
2655 5698 2750 5752 νῦν
2794 5695 3025 5758 πολλοὺς
3053 5694 3165 5748 τῶν
3211 5693 3409 5747 ἀνίατα
3450 5690 3767 5744 νοσούντων

2182 5792 2386 5867 ἰᾶσθαι,
2450 5791 2547 5845 καὶ
2592 5789 2858 5862 δαίμονας
2926 5787 3173 5842 ἐλαύνειν
3241 5781 3529 5856 εἰληφέναι
3596 5782 3772 5854 χάριν
