3988 6190
280 332 381 387 231

1233 340 1840 407 ECCLESIAS’I‘ICIB
1879 346 2273 414 HISTORIA!
2313 357 2445 418 LIB
2508 358 2614 424 IX.

3416 321 3533 431 ‘23:

278 439 525 542 ληφθεὶς,
557 442 1132 542 ﬁg_év_1‘apaxqvulc
1158 456 1462 529 ἐκκλησίας
1491 459 1591 532 τὴν
1628 463 1845 534 ἐπιτρο-

1954 476 2107 524 recte
2140 468 2210 525 de
2239 470 2478 529 Nicanis
2508 472 2748 531 decretis
2778 475 3092 542 sentientis,
3126 476 3353 534 insidias
3383 481 3529 535 veri-

413 533 592 605 ἒσχεν.
640 538 764 593 Ἐπὶ
794 542 949 601 τόσον
977 544 1035 598 δὲ
1067 550 1182 611 τοῖς
1222 549 1390 615 θείοις
1422 531 1847 624 ὶναγλαϊσθῆναι

273 620 489 694 δώροις,
521 627 601 691 ὡς
627 626 723 683 καὶ
749 634 966 704 νεκροτς
1011 637 1277 709 παρέχειν
1304 642 1366 696 τὸ
1389 643 1511 716 ζῇν.
1533 620 1761 715 -Τέρατα
1790 646 1849 702 δὲ

274 717 373 771 καὶ
404 720 610 787 σημεῖα
643 721 878 779 πλείστα
922 727 1260 797 ὲπιτελέσαι,
1292 735 1354 790 οὐ
1386 735 1543 807 παρὰ
1578 737 1710 791 πολύ
1737 737 1849 791 τῶν

275 807 651 864 ἀποπολικῶν
697 815 1019 873 ἀποδέοντα.
1063 822 1221 879 Κατὰ
1269 825 1335 895 δὴ
1390 826 1481 881 τὸν
1536 828 1702 884 αὐτὸν
1751 830 1849 886 καὶ

273 900 463 967 χρόνον
489 903 588 956 καὶ
638 905 804 961 τόπον
849 913 1206 984 συνακμάσαι
1258 918 1351 971 καὶ
1414 918 1646 991 Ἰλάριον
1688 922 1848 990 λόγος

272 992 499 1061 ἐκεῖνον,
532 995 680 1051 θεῖόν
717 1017 839 1056 τινα
871 1004 1063 1076 ἄνδρα,
1094 1006 1154 1071 ὃς
1180 1010 1421 1080 ὁπηνίκα
1462 1016 1654 1083 φεύγοι
1689 1016 1848 1086 Μαρ-

274 1086 440 1150 τίνος,
466 1088 576 1141 τῶν
606 1090 742 1145 ίσων
771 1096 864 1149 καὶ
896 1097 1059 1162 αὐτὸς
1090 1101 1373 1156 ἐκοινώνει
1404 1106 1611 1170 κακῶν,
1647 1106 1743 1161 ἅτε
1780 1106 1846 1178 δὴ

275 1173 415 1267 fit-dp
460 1178 565 1248 τῆς
614 1184 855 1250 πίστεως
900 1187 995 1241 τοῦ
1046 1191 1161 1246 ίσου
1209 1192 1378 1263 ζήλου
1433 1195 1695 1267 μετέχων.
1733 1173 1847 1266 Τῆς

274 1265 598 1359 ίίοικτάϐων
643 1271 690 1325 δ’
730 1276 1032 1348 ἐκκλησίας
1076 1281 1172 1336 καὶ
1218 1282 1373 1349 οὗτος
1403 1265 1674 1356 ἡγήσατο.
1706 1265 1845 1359 Παρ’

284 1356 509 1424 Ἰταλοῖς
560 1363 616 1416 δὲ
667 1368 903 1433 καὶτοῖς
953 1372 1210 1428 ἐπέκεινα
1243 1376 1433 1442 τόποις
1460 1380 1721 1442 Εὐσέϐιος
1751 1356 1847 1435 καὶ

269 1448 556 1523 Λουκίφερ
612 1454 913 1526 διέπρεπον
973 1462 1063 1515 ἐπ’
1115 1467 1285 1538 ἀρετῇ
1346 1469 1594 1540 πατρίων
1645 1469 1842 1539 λόγων,

269 1540 472 1634 μηδενὶ
502 1545 596 1597 τὸν
625 1547 740 1601 ίσον
769 1550 936 1604 τόπον
971 1554 1189 1622 ἐῶντες.
1238 1559 1469 1631 Ἰλάριος
1498 1562 1556 1616 δὲ
1590 1564 1684 1616 καὶ
1719 1565 1846 1634 περὶ

268 1630 511 1723 Tum”;
542 1638 638 1691 καὶ
683 1643 829 1696 κατά
861 1663 1012 1712 τινας
1040 1648 1298 1723 ἀλλότρια
1329 1630 1423 1708 τοῦ
1471 1654 1657 1723 ὑγιοῦς
1694 1630 1849 1720 δοξα-

266 1719 467 1816 ςοντας
511 1727 784 1797 δόγματος
830 1732 1024 1802 λόγους
1052 1740 1192 1794 πολὺ
1209 1719 1284 1795 ⁷τὸ
1322 1719 1615 1813 ἐπαγωγὸν
1644 1745 1846 1816 προϐε-

264 1812 858 1919 ϐλημένουςέξέδοτο.
899 1827 958 1882 '0
998 1829 1045 1883 δ’
1088 1831 1350 1900 Εὐσέϐιος
1381 1836 1477 1891 καὶ
1506 1838 1607 1919 τῆς
1646 1812 1847 1906 ἐκκλη-
1876 1812 1923 1873 Β

267 1903 386 1999 σίας
437 1907 759 1999 Βρεκέλλων
793 1919 1059 1991 προιστη.
1094 1922 1375 1997 Λουκίφερ
1423 1926 1501 1993 δὲ,
1529 1903 1606 1991 6;;
1650 1903 1847 1999 pitrpr

262 1992 587 2092 ἔμπροσθεν
627 2002 885 2075 ιροῦμεν,
917 2010 1013 2064 καὶ
1061 1992 1356 2085 ἐπωνύμου
1408 2016 1560 2089 αὐτῷ
1604 1992 1845 2092 προέστη

260 2087 557 2158 αίρέσεως.
602 2092 727 2146 Ἐπὶ
756 2094 821 2165 δὴ
868 2097 1082 2164 τούτοις
1109 2103 1202 2156 καὶ
1230 2087 1539 2171 Φλαυῖανὸς
1575 2087 1673 2162 καλ
1704 2087 1847 2163 Hau;

259 2179 433 2272 λίνος,
465 2182 522 2237 οι
567 2189 709 2255 μετὰ
754 2192 928 2246 ταῦτα
977 2192 1070 2247 τὸν
1117 2197 1218 2268 τῆς
1275 2198 1608 2270 Ἀντιοχείας
1657 2201 1846 2272 θρόνον

256 2266 405 2346 ἧᾶαν
444 2277 915 2351 -διανειμάμενοιο
951 2284 1050 2350 οὓς
1094 2266 1286 2358 εὴήκαὶ
1329 2266 1608 2358 Λεόντιος,
1653 2266 1729 2357 ως
1767 2295 1844 2366 μὴ

257 2371 659 2440 όμοδοξοῦντας
707 2378 924 2450 ἐκείνῳ,
969 2381 1240 2437 καθεῖλεν.
1296 2379 1458 2439 Οὗτοι
1512 2385 1558 2438 δ’
1608 2381 1748 2459 ἦσαν
1792 2388 1844 2442 οἶ

260 2462 559 2536 Εὐσταθίῳ
586 2469 687 2537 τὴν
712 2468 965 2541 μεθόριον
994 2473 1332 2546 ἀπαγομένῳ
1374 2477 1716 2532 συνείποντο.
1746 2476 1844 2542 ’ος

257 2554 364 2607 τῖ›ν
402 2554 582 2624 ιερῶν
628 2558 726 2627 τῆς
791 2561 1127 2633 Ἀντιοχείας
1175 2566 1497 2636 φροντίδων,
1534 2568 1741 2638 μᾶλλον
1787 2569 1844 2623 δὲ

259 2646 384 2715 ὅλης
424 2648 535 2718 τῆς
581 2649 888 2719 εὐσεϐείας,
942 2655 1097 2711 οὐδὲν
1151 2657 1414 2730 ⁴ἠνέσχετο
1471 2664 1585 2723 τοῖς
1629 2665 1844 2734 καιροῖς

258 2736 511 2801 ἐκείνοις
526 2743 1109 2812 συγκαπηλεύσασθαι.
1139 2747 1231 2820 Τῷ
1270 2749 1318 2802 δ’
1350 2750 1502 2822 αὐτῷ
1538 2751 1714 2823 χρόνῳ
1747 2753 1845 2805 καὶ

271 2829 527 2900 Ἐφραὶμ
573 2835 603 2886 ὸ
656 2833 827 2906 Σύρος
874 2838 1058 2911 πολλῷ
1103 2841 1314 2906 πάντας
1366 2843 1726 2915 παρελαύνων
1767 2844 1844 2918 τῷ

262 2918 415 2991 μέσῳ
447 2921 856 2996 ἀνεγνωρίςετο
878 2944 893 2961 ·
925 2928 986 2996 ὃς
1023 2932 1243 2987 Νίσιϐιν
1278 2937 1378 3006 μὲν
1413 2930 1527 3007 εἶχε
1568 2938 1805 3010 πατρίδα
1825 2954 1840 2971 ⁸

257 3010 355 3077 τὴν
400 3010 562 3063 κατὰ
592 3014 865 3083 μοναχοῦς
908 3015 953 3070 δ’
981 3017 1246 3089 ἀσκηθεὶς
1277 3020 1619 3091 φιλοσοφίαν,
1651 3024 1842 3091 ὲξαπίο

260 3116 354 3169 νης
381 3102 536 3155 κατὰ
568 3104 667 3175 τὴν
697 3105 887 3177 Σύρων
937 3110 1124 3182 φωνὴν
1173 3115 1426 3169 τοσοῦτον
1454 3115 1716 3183 ἐπέδωκε,
1751 3118 1843 3173 καὶ

258 3194 440 3249 ταῦτα
477 3199 619 3268 μήτε
650 3200 1051 3273 προδιδαχθεὶς,
1091 3206 1220 3278 μήτ’
1268 3207 1332 3262 ἐκ
1363 3226 1525 3263 τινων
1554 3211 1842 3281 συμϐόλων

259 3287 566 3360 ὑπόσχεσιν
619 3290 743 3356 δοὺς
798 3295 1043 3359 τοιοῦτος
1096 3300 1425 3368 φανεῖσθαι,
1476 3301 1552 3365 ὡς
1612 3304 1679 3374 τῇ
1742 3304 1844 3374 μὲν

258 3382 503 3450 ἀσκήσει
530 3384 589 3443 ἐς
618 3383 788 3455 ἄκρον
825 3387 1040 3442 ίκέσθαι
1068 3389 1168 3461 τῆς
1202 3390 1459 3459 θεωρίας,
1498 3393 1576 3465 τῷ
1605 3394 1662 3448 δὲ
1705 3394 1845 3465 λαμ-

257 3471 383 3543 πρῷ
419 3475 522 3525 καὶ
572 3477 853 3555 προχείρῳ
884 3480 981 3534 καὶ
1023 3481 1147 3553 ἡδεῖ
1190 3484 1286 3537 τοῦ
1317 3484 1476 3553 λόγου
1509 3489 1605 3540 καὶ
1630 3486 1709 3558 τῷ
1737 3488 1846 3542 τῶν

257 3567 561 3636 νοημάτων
606 3571 797 3641 πυκνῷ
840 3589 902 3626 τε
938 3575 1030 3628 καὶ
1082 3575 1318 3649 σώφρονι
1362 3580 1456 3634 καὶ
1496 3580 1626 3646 τοὺς
1677 3581 1845 3638 πάλαι

260 3661 391 3715 ποτὲ
445 3662 582 3730 παρ’
620 3659 881 3736 Ἕλλησιν
932 3666 1367 3741 εὐδοκιμηκότας
1417 3673 1843 3743 ὑπερϐαλέσθαι.

260 3754 371 3808 Καὶ
433 3755 548 3826 γάρ
597 3773 715 3821 πως
754 3759 985 3814 ἐκείνων
1030 3762 1086 3815 εί
1125 3780 1210 3827 τις
1252 3764 1335 3828 είς
1381 3766 1569 3838 Σύρων
1614 3768 1778 3839 τυχὸν
1811 3768 1845 3836 ἢ

257 3847 524 3915 γλῶσσαν
564 3849 760 3920 ἑτέραν
801 3852 1163 3921 μεταϐάλλειν
1191 3858 1400 3928 αίροίτο
1450 3859 1551 3922 τὰς
1595 3876 1846 3931 συγγρα-

260 3941 397 4007 φὰς,
450 3941 550 3994 καὶ
606 3941 707 4014 τὴν
761 3943 1106 4000 ἐπανθοῦσαν
1151 3949 1314 4019 χάριν
1357 3950 1465 4004 τῶν
1513 3950 1844 4023 Ἑλληνικῶν

261 4032 714 4102 καρυκευμάτων
765 4035 1061 4105 ἀφέλοιτο,
1120 4039 1217 4094 καὶ
1270 4039 1369 4111 τὴν
1422 4042 1845 4113 ὲπιχρώζουσαν

261 4124 566 4194 τερθρείαν
613 4128 707 4181 καὶ
757 4129 1017 4199 γοητείαν
1060 4129 1171 4185 τῶν
1211 4130 1433 4197 λέξεων,
1463 4134 1664 4188 αὐτίκα
1711 4137 1847 4207 πρό-

260 4216 427 4286 δηλον
451 4216 515 4271 τὸ
544 4218 655 4273 τῶν
688 4220 976 4290 νοημάτων
1011 4222 1112 4275 οὐκ
1164 4223 1407 4292 εὐγενὶς,
1437 4225 1536 4295 τῆς
1566 4241 1849 4296 κομμωτι-

262 4310 371 4378 κῆς
404 4309 570 4374 εὐθὺς
600 4312 823 4383 χάριτος
851 4315 1255 4388 ἀπορρεούσης.
1282 4318 1406 4382 Τοῖς
1429 4334 1493 4386 γε
1524 4319 1634 4389 μὴν
1665 4319 1847 4386 λόγοις

1952 566 2079 626 tus,
2128 561 2380 617 discessit
2411 579 2427 618 :
2459 572 2515 620 et
2543 578 2602 621 se
2639 566 2695 620 in
2733 567 2967 623 insulam
3011 570 3303 639 quamdam
3324 611 3339 636 ,
3365 572 3525 642 71],

1948 666 2071 720 qua
2122 656 2417 711 vernaculo
2469 661 2692 715 nomine
2741 659 3025 716 Galinaria
3080 663 3158 732 (l)
3215 662 3527 728 dicebatur,

1948 742 2179 800 abdidit.
2214 746 2276 802 In
2308 747 2411 804 hac
2447 749 2709 807 alimento
2750 751 2996 808 radicum
3032 753 3329 810 herbarum
3367 754 3525 810 vixit.

1951 835 2132 892 Insula
2160 847 2344 896 autem
2372 842 2490 913 ipsa
2514 845 2710 915 exigua
2737 844 3037 901 admodum
3064 855 3171 913 est,
3198 856 3256 903 et
3277 847 3526 905 adificiis

1948 943 2164 993 carens,
2203 930 2551 1003 Tyrrhenum
2594 936 2905 1006 respiciens
2955 953 3125 992 mare.
3169 937 3351 1007 Atque
3394 937 3525 993 inde

1948 1019 2241 1086 abductus,
2269 1022 2809 1083 administrationem
2838 1027 3089 1084 ecclesia
3126 1028 3524 1083 Taracenensis

1947 1112 2034 1166 vel
2081 1112 2263 1183 potius
2310 1114 2651 1173 Turonensis
2696 1119 2962 1189 suscepit.
3019 1122 3078 1175 In
3135 1129 3346 1175 tantum
3392 1136 3522 1176 vero

1949 1202 2148 1259 divinis
2179 1205 2524 1276 resplenduit
2553 1207 2750 1274 donis,
2788 1218 2848 1264 ut
2876 1217 2933 1264 et
2972 1222 3222 1266 mortuos
3266 1212 3319 1265 in
3352 1212 3523 1266 vitam

1948 1295 2280 1358 restituerit.
2317 1297 2683 1369 prodigiaque
2715 1309 2773 1357 et
2807 1301 3069 1357 miracula
3103 1302 3364 1373 plurima,
3399 1317 3524 1372 qua

1946 1399 2060 1439 non
2090 1386 2319 1443 multum
2350 1388 2420 1444 ab
2448 1391 2766 1458 apostolicis
2792 1393 3056 1450 abessent
3105 1394 3302 1461 signis,
3334 1394 3525 1448 edide-

1947 1478 2041 1536 rit.
2075 1479 2282 1536 Eodetn
2315 1490 2372 1537 et
2399 1489 2647 1553 tempore
2676 1492 2733 1538 et
2762 1483 2884 1539 loco
2917 1484 3079 1539 simul
3116 1500 3335 1554 quoque
3369 1485 3522 1539 illla-

1947 1571 2063 1626 rius
2106 1572 2196 1628 ille
2259 1573 2469 1645 viguit,
2517 1574 2604 1629 vir
2632 1575 2888 1642 divinus,
2932 1576 3026 1645 qui
3075 1591 3201 1632 cum
3252 1576 3522 1632 Martinus

1946 1661 2301 1733 profugeret,
2352 1664 2604 1721 eamdem
2654 1667 2921 1722 sustinuit
2956 1666 3232 1722 fortunam
3266 1684 3281 1721 :
3318 1667 3523 1737 quippe

1948 1752 2042 1821 qui
2073 1753 2268 1809 eodem
2304 1768 2433 1809 cum
2467 1755 2562 1810 illo
2598 1756 2794 1813 ardore
2832 1758 2887 1812 in
2925 1758 3087 1814 fidem
3118 1758 3380 1815 ferretur.
3421 1757 3524 1814 Hic

1948 1840 2352 1901 Pictaviensem
2396 1845 2727 1916 gubernavit
2763 1847 3067 1905 Ecclesiam
3096 1847 3199 1919 (2),
3248 1858 3414 1919 atque
3452 1848 3523 1904 de

1948 1932 2076 1999 fide,
2107 1943 2165 1991 et
2200 1935 2468 1993 adversus
2497 1937 2764 2009 quosdam
2802 1939 2898 2009 qui
2933 1939 3142 1995 alienas
3175 1954 3204 1993 a
3236 1954 3371 1995 sana
3389 1938 3518 1996 doc-

1947 2025 2090 2081 trina
2119 2025 2381 2084 afferrent
2411 2027 2705 2100 opiniones
2724 2069 2742 2097 ,
2774 2029 2947 2084 libros
2975 2028 3043 2083 ad
3075 2028 3525 2100 persuadendum

1944 2118 2105 2175 valde
2145 2121 2451 2190 appositas,
2479 2121 2754 2179 condidit.
2785 2123 2945 2193 Apud
2991 2122 3160 2179 Italos
3201 2136 3336 2178 sane
3378 2131 3437 2177 et
3465 2122 3522 2179 in

1944 2206 2084 2263 locis
2135 2208 2494 2266 ulterioribus
2543 2211 2801 2266 enituere
2851 2211 3129 2267 Eusebius
3173 2221 3230 2267 et
3275 2209 3529 2276 Lucifer,

1944 2299 2134 2368 patriae
2183 2300 2515 2371 eloquentia
2563 2302 2613 2356 vi
2665 2302 2809 2358 alios
2859 2318 3053 2359 omnes
3098 2302 3522 2359 antecellentes.

1946 2390 2219 2446 Eusebius
2253 2392 2421 2448 etiam
2450 2392 2703 2450 ecclesia
2736 2393 3071 2450 Vercellensi
3107 2393 3369 2463 praefuit:
3412 2393 3525 2448 Lu-

1945 2483 2081 2538 cifer
2120 2499 2269 2547 vero,
2316 2484 2475 2539 sicuti
2505 2486 2667 2555 paulo
2710 2496 2832 2555 post
2864 2484 3131 2551 dicemus,
3167 2486 3413 2541 nominis
3433 2485 3522 2541 sui

1945 2578 2139 2634 haresi
2196 2578 2375 2649 pra-iit
2426 2579 2522 2643 (5).
2585 2579 2857 2634 Pratcrea
2913 2578 3206 2634 Flavianus
3269 2588 3326 2635 et
3378 2581 3522 2635 Pau—

1944 2670 2091 2725 linus
2118 2671 2252 2726 clari
2279 2679 2391 2726 tum
2420 2670 2594 2736 fuere,
2621 2670 2716 2740 qui
2741 2680 2932 2741 postea
2958 2671 3316 2727 Antiochena
3342 2673 3526 2727 eccle-

1944 2762 2040 2818 sia
2085 2779 2173 2819 res
2215 2762 2670 2819 administravcre
2706 2780 2723 2819 :
2768 2764 2976 2835 quibus
3029 2765 3195 2820 etiam
3231 2764 3522 2830 Leontius,

1944 2855 2091 2925 quod
2125 2854 2417 2910 sententiis
2445 2854 2515 2910 ab
2553 2868 2623 2910 eo
2677 2854 3093 2921 discordarent,
3142 2856 3523 2928 episcopatum

1943 2946 2249 3019 abrogavit.
2296 2947 2335 3002 li
2370 2958 2520 3013 sunt,
2550 2949 2642 3018 qui
2690 2948 2984 3005 Eustathio
3028 2949 3084 3004 in
3127 2949 3384 3006 exsilium
3424 2949 3523 3005 de-

1943 3049 2163 3111 portato
2186 3040 2417 3096 comites
2448 3038 2640 3107 fuere;
2667 3041 2759 3110 qui
2787 3054 2922 3096 sane
2951 3040 3089 3096 nihil
3119 3055 3350 3111 prorsus
3382 3050 3523 3096 tem—

1868 3150 1920 3209 ο
1945 3130 2171 3202 poribus
2202 3132 2333 3198 illis,
2366 3131 2433 3188 de
2462 3132 2639 3188 sacris
2670 3131 3036 3188 Antiochena
3070 3130 3331 3189 Ecclesia
3368 3134 3525 3189 curis

1945 3239 2010 3279 ac
2032 3225 2214 3294 potius
2237 3224 2306 3280 de
2334 3233 2443 3279 tota
2466 3224 2769 3280 sinceriore
2794 3225 2997 3295 pietate
3018 3224 3204 3281 vitiari
3231 3226 3517 3282 sustinuit.

1947 3315 2152 3372 Eadem
2182 3316 2286 3372 liac
2312 3324 2473 3372 atate
2495 3324 2552 3371 et
2577 3314 2832 3386 Ephraim
2861 3316 3034 3388 Syrus
3060 3318 3357 3388 praclarus
3386 3318 3512 3383 fuit,

1946 3407 2042 3477 qui
2072 3407 2294 3477 quidem
2326 3406 2491 3475 longo
2519 3406 2817 3461 intervallo
2856 3422 3054 3464 omnes
3088 3409 3392 3478 pracessit.
3424 3410 3524 3466 llic

1944 3496 2177 3553 Nisibim
2205 3495 2440 3567 patriam
2472 3496 2687 3563 habuit,
2717 3504 2777 3552 et
2807 3498 2864 3552 in
2897 3490 3302 3553 monachorum
3334 3499 3522 3569 philo-

1946 3589 2140 3659 scpbia
2185 3588 2538 3656 exercitatus,
2569 3589 2721 3645 brevi
2772 3598 2984 3645 tantum
3030 3589 3087 3645 in
3117 3590 3305 3662 lingua
3352 3590 3524 3663 Syro-

1946 3698 2092 3748 rum,
2115 3696 2239 3737 cum
2269 3680 2495 3751 quidem
2524 3697 2644 3737 eam
2674 3682 2832 3753 prius
2858 3690 2927 3738 all
2950 3684 3074 3739 aliis
3100 3700 3212 3739 non
3238 3685 3524 3742 didicisset

1949 3788 2126 3844 neque
2181 3773 2458 3842 specimen
2508 3773 2731 3843 aliquod
2780 3782 2879 3829 aut
2922 3789 3115 3843 spem,
3170 3775 3335 3831 talem
3388 3792 3519 3832 eum

1948 3866 2087 3931 fore,
2120 3864 2465 3937 praebuisset,
2511 3864 2771 3936 profecit,
2814 3873 2875 3920 ut
2917 3879 3044 3921 cum
3095 3867 3317 3937 pietatis
3363 3853 3524 3926 εχει-ί

1948 3960 2081 4015 citio
2109 3959 2177 4015 ad
2202 3973 2480 4015 summum
2513 3957 3008 4028 contemplationis
3038 3962 3371 4029 pervenerit,
3404 3971 3521 4018 tum

1949 4052 2262 4121 splendore,
2283 4049 2546 4107 facilitate
2572 4059 2628 4106 et
2651 4053 2929 4108 suavitate
2957 4053 3280 4121 verborum,
3305 4070 3523 4111 necnon

1948 4144 2224 4203 densitate
2251 4151 2309 4198 et
2335 4143 2610 4214 gravitate
2641 4143 3067 4210 sententiarum,
3105 4145 3271 4200 etiam
3300 4147 3527 4216 pracla-

1947 4236 2194 4292 rissimos
2227 4250 2478 4307 quosque
2506 4233 2847 4302 Graecorum,
2876 4236 2973 4306 qui
3018 4236 3335 4307 eloquentia
3369 4238 3525 4293 anti-

1947 4328 2135 4399 quitus
2176 4328 2587 4394 excelluissent,
2633 4329 3006 4398 superaverit.
3054 4329 3271 4385 Etenim
3319 4330 3364 4386 si
3396 4332 3526 4400 quis

274 4401 532 4473 Ἐφραὶμ
583 4403 757 4466 ἄλλως
818 4406 964 4475 ἔχει·
996 4410 1088 4462 καὶ
1132 4408 1241 4478 γὰρ
1290 4409 1396 4474 ἕως
1434 4409 1494 4463 οὗ
1528 4414 1725 4480 περιῆν
1756 4412 1845 4467 καὶ

1951 4421 2169 4475 illorum
2200 4418 2389 4477 Graeca
2426 4421 2635 4490 scripta
2675 4419 2731 4474 in
2769 4418 3037 4491 Syrorum
3072 4420 3219 4477 forte
3248 4430 3345 4476 aut
3373 4421 3522 4475 alio-

262 4494 415 4564 ἑξῆς,
445 4496 531 4558 είς
558 4497 658 4566 τὴν
694 4497 973 4567 Ἑλληνίδα
1002 4498 1252 4568 γλῶτταν
1284 4501 1392 4554 τῶν
1420 4500 1635 4557 ἐκείνου
1665 4501 1844 4571 λόγων

1950 4526 2071 4566 rum
2103 4511 2451 4583 peregrinam
2476 4487 2724 4582 linguam
2757 4487 3109 4576 transferret,
3143 4522 3200 4567 et
3230 4511 3522 4566 florentem

262 4587 699 4656 ἀλλοιουμένων,
738 4589 799 4643 οὐ
844 4588 987 4643 πάνυ
1043 4593 1234 4665 πόρρω
1271 4593 1370 4657 τῆς
1421 4594 1843 4665 ἐνοικουρούσης

264 4683 601 4747 ἀφίστανται
657 4682 878 4755 ἀρετῆς.
916 4683 1115 4751 Θαῦμα
1160 4684 1207 4737 δ’
1249 4686 1369 4741 ἐστὶ
1416 4690 1528 4749 τοῖς
1558 4687 1842 4752 ἀκούουσι,

263 4774 362 4825 καὶ
393 4771 597 4843 Ἕλλην
644 4774 751 4827 καὶ.
792 4772 962 4844 Σύρος
1012 4775 1564 4846 ἀναγινωσκόμενος·
1614 4777 1706 4832 διά
1761 4795 1845 4832 τοι

262 4866 364 4917 καὶ
405 4867 435 4918 ὁ
474 4866 644 4928 πολὺς
692 4868 751 4919 ἐν
791 4867 935 4938 λόγῳ
989 4870 1084 4921 καὶ
1131 4867 1302 4939 ἀρετῇ
1352 4870 1655 4936 Βασίλειος,
1686 4872 1715 4924 ό
1743 4872 1846 4937 τὴν

264 4956 659 5013 Καππαδοκῶν
688 4960 1116 5031 κατακοσμήσεις
1158 4962 1518 5032 μητρόπολιν,
1547 4964 1846 5033 ὑπερφυῶς

263 5047 360 5100 τὸν
403 5048 576 5119 ἄνδρα
625 5049 935 5120 ἐθαύμασε,
986 5052 1082 5106 καὶ
1126 5050 1225 5122 τῆς
1276 5052 1528 5115 παιδείας
1577 5055 1847 5124 μακάριον

265 5141 497 5208 ἥγηται.
543 5138 631 5203 Ὠς
678 5140 838 5212 δῆλον
872 5138 1016 5214 εἶναι
1074 5146 1139 5215 τῇ
1180 5142 1389 5197 ἐκείνου
1436 5144 1657 5212 ἀκριϐεῖ
1705 5162 1847 5215 μαρ-

242 5212 455 5311 ’τυρίφ
484 5231 582 5285 καὶ
610 5234 761 5301 κοινῇ
796 5236 950 5305 παρὰ
974 5212 1083 5288 τῶν
1110 5212 1168 5288 ἓν
1202 5234 1379 5304 λόγοις
1411 5212 1847 5305 θαυμαζομένων

278 5320 553 5393 Ἑλλήνων
626 5326 923 5394 τηνικάδε,
984 5330 1204 5381 πάντων
1264 5327 1696 5398 ὲλλογιμώτερον
1754 5330 1846 5382 τὸν

300 5552 313 5565 ,
346 5476 514 5550 (l)ln
568 5483 705 5537 mari
760 5481 944 5539 Tusco
992 5494 1182 5540 contra
1242 5495 1459 5542 montes
1521 5482 1845 5555 Lygusticos

268 5562 401 5606 stta.

346 5622 425 5692 (Ξ)
458 5624 625 5679 Divus
657 5624 897 5680 Hilarius
922 5627 1123 5697 conjnx
1157 5627 1258 5682 fuit
1301 5645 1313 5680 :

386 5710 507 5786 {vim
540 5716 721 5786 nocuit
758 5715 855 5768 tibi
901 5718 1191 5786 progenies,
1231 5734 1330 5769 non
1361 5716 1560 5770 obstitit
1590 5734 1739 5783 uxor,

385 5779 637 5848 Leqilimo
669 5779 955 5849 coniuncta
991 5779 1281 5851 inermum:
1314 5787 1517 5841 horruit
1543 5788 1638 5843 illa

1946 4604 2094 4658 illam
2145 4603 2475 4669 Graecorum
2506 4613 2964 4660 ornamentorum
2990 4604 3262 4673 gratiam,
3316 4603 3522 4659 decen-

1949 4704 2173 4764 temque
2206 4697 2449 4752 nitorem
2480 4707 2538 4751 ct
2569 4711 2800 4752 succum
2841 4696 3138 4750 verborum
3180 4694 3520 4756 detraheret,

1949 4787 2109 4857 712
2158 4786 2305 4842 illico
2347 4802 2568 4856 quoque
2614 4784 2872 4851 ascititiis
2919 4785 3206 4841 coloribus
3254 4785 3521 4839 deiicien-

1947 4877 2121 4939 tibus.
2173 4878 2575 4931 sententiarum
2607 4876 2925 4931 obscuritas
2973 4892 3094 4931 sese
3130 4877 3419 4946 prodebat.
3452 4882 3523 4930 At

1946 4965 2206 5035 Ephraim
2239 4966 2422 5038 {longe
2471 4966 2580 5022 alia
2636 4976 2758 5022 erat
2816 4968 3018 5023 oratio.
3080 4968 3218 5023 Nam
3272 4983 3399 5023 cum
3454 4982 3523 5021 co

1945 5057 2130 5113 adhuc
2176 5057 2514 5128 superstite,
2560 5067 2729 5129 atque
2774 5060 2943 5117 etiam
2982 5059 3273 5128 defuncto,
3328 5067 3518 5130 postea

1944 5149 2075 5205 libri
2100 5149 2220 5218 ejus
2260 5148 2315 5202 in
2347 5147 2590 5205 Gracam
2615 5151 2858 5223 linguam
2887 5161 3367 5213 converterentur,
3400 5166 3508 5203 non

1948 5240 2111 5310 longe
2158 5238 2460 5294 admodum
2496 5256 2529 5296 a
2577 5244 2802 5314 propria
2852 5254 2908 5297 et
2955 5244 3141 5298 nativa
3178 5240 3525 5297 decedeb..nt

1948 5336 2173 5388 virtute.
2231 5330 2434 5388 Mirum
2494 5334 2718 5403 quidem
2768 5336 2961 5391 auditu
3003 5344 3122 5400 est,
3165 5332 3419 5389 eumdem
3466 5342 3532 5387 et

2052 5486 2376 5555 Tempestate
2409 5486 2545 5542 Deus
2569 5492 2849 5556 (Iratamos,
2886 5489 3167 5553 natabula,
3190 5490 3378 5543 twdas.

2054 5559 2181 5630 Sola
2199 5562 2385 5612 eratin
2407 5560 2723 5630 pretio,quie
2753 5577 2891 5613 nunc
2922 5561 3189 5630 incognita
3215 5563 3387 5614 virtus

2053 5629 2266 5692 Sordet,
2302 5639 2350 5682 et
2382 5629 2566 5683 attrito
2601 5632 2723 5683 sirit
2754 5646 2873 5684 cum
2900 5629 3056 5700 plebei
3077 5635 3304 5686 cucullo.

2789 5700 2967 5770 (Βρεμι.
2995 5701 3388 5773 Mantuanus.)

2016 5788 2092 5858 (3)
2120 5787 2249 5855 Qua
2283 5796 2338 5845 et
2369 5787 2936 5860 llomonymianorum
2962 5796 3129 5847 dicta.
