3988 6190
422 376 527 436 ‘28;

1638 373 1681 428 Ν
1700 370 2059 427 [CEPHOKI
2104 366 2446 428 CALLISTI

3574 360 3678 421 284

427 492 615 547 Graece
657 497 713 543 et
747 485 972 558 Syriace
1004 483 1132 552 lcgi.
1163 482 1337 549 Quam
1387 482 1458 535 ob
1505 495 1728 536 causam
1769 497 2001 551 magnus

2120 483 2356 553 Ἐφραὶμ
2407 481 2686 553 κριθῆναι.
2724 481 2882 550 μηδὲ·
2904 477 3012 546 γάρ
3045 479 3110 532 ἂν
3141 479 3216 541 ὥς
3247 477 3400 546 ἔτυχε
3442 476 3539 545 τὴν
3573 478 3683 528 Bz-

429 585 518 638 illc
541 591 597 636 et
627 582 875 636 oratione
904 587 959 633 et
986 577 1186 630 virtute
1212 575 1469 640 Basilius,
1498 577 1590 645 qui
1613 573 1999 645 Cappadocum

432 674 780 742 metropolim
815 672 1136 740 episcopatu
1172 684 1274 723 suo
1304 670 1616 732 exornavit,
1652 683 2004 736 summopere

429 771 608 822 virum
640 774 724 820 est
757 764 1093 826 admiratus,
1129 760 1498 830 eumdemque
1532 759 1862 814 eruditionis
1901 775 2003 813 no-

432 859 582 911 mine
609 858 827 912 beatum
857 854 1094 909 censuit.
1127 853 1199 909 Ut
1223 853 1357 906 tanti
1393 853 1497 906 viri
1526 862 1634 906 tam
1667 862 1820 906 certo
1852 852 2004 906 testi-

433 949 618 1003 monio
647 947 1001 1002 manifestum
1033 947 1128 1012 sit,
1152 945 1524 1000 communiter
1552 959 1772 1014 quoque
1797 959 1825 996 a
1857 943 2006 999 Grie-

431 1043 547 1104 cis,
607 1039 703 1109 qui
763 1048 877 1092 tum
943 1037 1152 1093 clarum
1216 1037 1272 1090 in
1329 1034 1650 1104 eloquentia
1711 1035 2007 1088 obtinuere

438 1145 677 1195 nomen,
722 1128 1240 1201 praestantissimum
1286 1127 1530 1181 omnium
1561 1125 1822 1197 Ephraim
1855 1125 2008 1197 judi-

437 1233 621 1277 catum
666 1237 807 1278 esse.
870 1221 981 1276 Vox
1030 1235 1162 1275 sane
1205 1218 1394 1274 Basilii
1455 1218 1580 1273 talis
1647 1233 1756 1273 non
1800 1227 2008 1274 temere

440 1319 650 1387 prolata
677 1331 799 1370 esse
821 1312 1188 1370 existimanda
1211 1317 1317 1366 est.
1348 1309 1564 1365 Dicitur
1583 1317 1765 1364 autem
1790 1309 2011 1365 divinus

438 1407 701 1476 prraim
767 1411 1042 1459 trecentas
1095 1416 1362 1456 versuum
1418 1399 1696 1471 myriades
1757 1399 2007 1453 conscri-

439 1497 634 1565 psisse.
673 1494 823 1550 Multi
854 1507 1078 1562 quoque
1113 1491 1164 1545 ei
1199 1490 1357 1546 fuere
1397 1489 1683 1561 discipuli,
1720 1489 1815 1558 qui
1851 1488 2010 1543 insti-

441 1584 706 1638 tutionem
749 1589 803 1636 et
845 1580 1254 1652 philosophiam
1296 1580 1420 1651 ejus
1448 1588 1579 1635 sunt
1621 1579 1908 1634 aemulati:
1951 1577 2009 1634 in

438 1675 644 1742 quibus
670 1672 1008 1729 celebriores
1067 1679 1198 1727 sunt
1227 1670 1412 1726 Abbas
1433 1711 1447 1735 ,
1479 1671 1762 1727 Zenobius
1783 1712 1796 1736 ,
1829 1671 2009 1726 Abra-

441 1767 592 1832 ham,
616 1767 824 1832 Maran,
855 1774 911 1820 et
939 1765 1197 1835 Symeon,
1223 1765 1364 1836 apud
1394 1764 1559 1835 Syros
1593 1764 1799 1836 ingenti
1833 1764 2008 1836 gloria

442 1856 545 1910 viri
577 1873 590 1909 :
614 1864 670 1910 et
694 1855 787 1909 alii
810 1854 1136 1924 quibuscum
1185 1863 1444 1923 praeterea
1472 1854 1620 1909 hunc
1644 1856 1767 1910 vitae
1789 1857 2008 1911 modum

444 1947 520 2001 illi
549 1947 1046 2001 communicavere.
1077 1945 1135 2000 ln
1166 1945 1304 2001 locis
1335 1960 1466 2000 vero
1497 1946 1725 2012 eisdem,
1752 1946 2009 2004 facundia

444 2039 678 2092 maxime
702 2046 1046 2106 praestantes,
1071 2037 1347 2092 Paulonas
1375 2048 1430 2093 et
1463 2038 1680 2094 Anarad
1702 2040 1964 2096 exstitere
1990 2058 2004 2095 :

443 2131 537 2200 qui
573 2129 774 2185 deinde
800 2127 961 2198 lapsi,
995 2143 1126 2183 sana
1159 2128 1413 2184 excidere
1445 2129 1571 2184 ﬁdei
1601 2130 1877 2187 doctrina.
1901 2133 2011 2188 Alii

445 2223 672 2292 insuper
721 2220 865 2288 apud
921 2218 1199 2275 Osroenos
1259 2219 1454 2286 fuere,
1501 2221 1696 2277 eodem
1758 2225 2012 2293 praeclari

445 2313 632 2377 modo,
685 2311 1060 2374 Bardesanes,
1106 2321 1164 2366 et
1197 2311 1342 2367 filius
1387 2313 1506 2383 ejus
1559 2312 1911 2370 liarmonius.
1946 2317 2014 2373 Et

447 2413 604 2474 pater
635 2404 858 2473 quidem
888 2402 1131 2458 nominis
1159 2403 1243 2457 sui
1272 2405 1525 2459 baarcsim
1553 2405 1796 2462 instituit
1821 2424 1834 2462 :
1870 2407 2015 2464 filius

445 2506 630 2550 autem
683 2495 888 2550 Graecis
943 2493 1251 2564 disciplinis
1305 2495 1440 2550 satis
1493 2497 1788 2561 eruditus,
1845 2499 2015 2568 patris

445 2593 673 2646 vocibus
721 2589 984 2660 legitimis
1029 2590 1208 2643 modis
1258 2590 1595 2662 musicisque
1633 2593 1882 2650 numeris
1923 2595 2014 2649 in-

446 2685 614 2738 clusis
646 2683 840 2737 ordine
875 2681 1135 2736 circulari
1169 2681 1224 2735 in
1259 2683 1430 2738 choro
1459 2697 1556 2738 eas
1587 2685 1712 2739 cani
1750 2685 2013 2752 instituit,

449 2789 590 2843 quos
617 2790 682 2828 ex
715 2789 780 2828 eo
815 2785 1064 2843 tempore
1092 2774 1376 2842 hucusque
1398 2775 1519 2844 Syri
1549 2776 1844 2845 psallentes
1861 2794 2022 2833 usur-

449 2877 623 2934 pant:
655 2879 761 2918 non
811 2865 890 2918 illi
931 2864 1155 2934 quidem
1196 2866 1537 2920 carminibus
1574 2865 1711 2936 ipsis
1749 2868 1912 2924 sicuti
1948 2869 2018 2925 ab

448 2958 542 3012 illo
567 2967 692 3011 sunt
727 2957 964 3026 prodita,
996 2957 1094 3012 sed
1122 2957 1271 3012 sonis
1299 2966 1515 3012 tantum
1543 2972 1732 3013 eorum
1771 2969 2012 3017 utentes.

447 3051 583 3106 Nam
611 3051 700 3104 ille
724 3051 789 3104 ad
820 3059 1104 3118 paternam
1128 3050 1388 3120 delapsus
1411 3050 1687 3116 hmresim,
1713 3051 2018 3124 eademque

2108 577 2308 628 σιλείου
2349 574 2531 646 φωνὴν
2565 573 2898 642 λογίζεσθαι.
2938 572 3111 639 Λόγος
3159 587 3221 638 γε
3276 571 3383 639 μὴν
3415 569 3503 621 τὸν
3537 567 3683 620 θεῖον

2119 669 2357 738 Ἐφραὶμ
2422 668 2742 738 τριακοσίας
2799 665 3069 736 μυριάδας
3125 662 3276 715 ἐπῶν
3337 661 3681 729 συγγράψαι.

2107 760 2301 812 Πολλοὶ
2348 759 2406 812 δὲ
2456 760 2552 812 καὶ
2611 757 2906 826 φοιτῶντες
2964 750 3108 826 ἦσαν
3152 753 3299 821 αὐτῷ
3330 755 3472 806 κατὰ
3521 753 3686 820 ζῆλον

2063 896 2066 898 ,
2109 849 2442 913 παιδεύσεως
2495 849 2588 901 καὶ
2645 847 3005 916 φιλοσοφίας’
3059 838 3135 898 ὧν
3186 843 3449 912 ἐπίσημοι
3505 840 3685 909 τούτῳ

2107 941 2401 1010 γεγόνασιν
2458 939 2657 1001 Ἀσϐᾶς
2711 939 2804 991 καὶ
2853 936 3136 1008 Ζηνόσιος,
3186 934 3442 1003 ’Δῦραάμ
3488 949 3549 984 τε
3588 933 3686 984 καὶ

2108 1031 2307 1102 Μαρὰν
2334 1032 2430 1085 καὶ
2477 1028 2723 1100 Συμεὼν,
2761 1029 2956 1099 Σύροις
2997 1028 3139 1096 μέγα
3169 1025 3327 1087 κλέος
3356 1025 3507 1086 ὄντες
3533 1062 3549 1086 ,
3584 1021 3684 1075 καὶ

2107 1126 2222 1180 ὅσοι
2255 1123 2342 1178 ἐπ’
2375 1123 2603 1194 ἀκριϐὲς
2631 1121 2731 1192 τῆς
2763 1119 2986 1174 ἐκείνων
3017 1118 3280 1189 μετέσχον
3313 1113 3648 1175 παιδεύσεως
3671 1127 3687 1142 ·
3746 1115 3754 1121 ’

2109 1217 2168 1270 ἐν
2213 1217 2350 1279 ῖσοις
2396 1216 2454 1270 δέ
2499 1215 2685 1278 τόποις
2717 1214 2923 1279 αὐτοῖς,
2957 1209 3054 1265 καὶ
3096 1209 3192 1262 ἐπὶ⁵
3240 1205 3548 1276 εὐγλωττίᾳ
3582 1207 3688 1275 μά-

2109 1309 2290 1374 λιστα,
2345 1308 2644 1370 Παυλωνᾶς
2692 1322 2753 1360 τε
2801 1305 2896 1359 καὶ
2936 1302 3189 1374 Ἀναρὰδ,
3249 1299 3343 1364 οὓς
3399 1299 3690 1368 ὀλισθῆσαι

2109 1403 2267 1472 λόγος
2301 1404 2358 1465 ἐς
2407 1401 2634 1472 ὕστερον
2691 1398 2788 1453 καὶ
2835 1398 2932 1468 τῆς
2985 1395 3172 1464 ύγιοῦς
3223 1393 3462 1456 πίστεως
3490 1394 3692 1460 ἐκτρα-

2111 1498 2304 1566 πῆναι.
2353 1495 2460 1548 Καὶ
2507 1494 2656 1548 ἄλλοι
2713 1491 2759 1544 δ’
2813 1492 2869 1543 ἐν
2925 1489 3233 1559 Ὀσροηνοξς
3286 1486 3556 1554 ἐγένοντο,
3599 1485 3694 1536 τὸν

2114 1592 2227 1644 ἴσον
2254 1589 2458 1659 τρόπον
2501 1585 2784 1656 ἐλλόγιμοι
2811 1601 2826 1616 ο
2858 1581 3216 1652 Βαρδησάνης
3252 1595 3316 1631 τε
3353 1578 3449 1631 καὶ
3487 1579 3514 1630 ό
3560 1577 3694 1637 παῖς

2124 1683 2434 1754 Ἀρμόνιος,
2463 1672 2539 1733 ὧν
2589 1680 2618 1732 ὁ
2671 1678 2769 1748 μὲν
2815 1675 2911 1741 τὴν
2963 1672 3254 1742 ἐπώνυμον
3319 1670 3700 1738 συνεστήσατο

2114 1773 2327 1844 αἵρεσιν
2349 1787 2362 1802 ⁸
2399 1771 2428 1824 6
2459 1771 2515 1825 δὲ
2548 1771 2675 1832 παῖς
2705 1765 3074 1836 ἀποχρώντως
3101 1761 3190 1816 διὰ
3214 1760 3322 1814 τῶν
3355 1757 3702 1828 Ἑλληνικῶν

2114 1860 2292 1929 λόγων
2317 1859 2526 1927 ἀχθεὶς,
2554 1856 2776 1925 μέτροις
2802 1854 2984 1922 νόμιον
3013 1851 3108 1903 καὶ
3141 1849 3426 1919 μουσικοῖς
3461 1846 3702 1918 ῥυθμοῖς

2117 1952 2220 2015 τὰς
2257 1950 2522 2020 πατρίους
2554 1948 2732 2016 ὑπῆγε
2765 1945 2972 2014 φωνὰς,
3001 1944 3096 1996 καὶ
3141 1942 3285 1996 κατὰ
3316 1941 3516 1994 κύκλον
3547 1938 3697 2009 ᾅδειν

2119 2041 2282 2114 χοροῦ
2343 2039 2649 2111 παρεδίδου,
2679 2038 2780 2090 ὅσα
2841 2034 2936 2087 καὶ
2994 2031 3089 2087 νῦν
3144 2033 3203 2096 ἐξ
3264 2031 3479 2082 ἐκείνου
3527 2027 3694 2096 Σύροι

2119 2135 2332 2205 ἔχοντες
2387 2131 2692 2202 ψάλλουσι·
2737 2129 2879 2200 πλὴν
2933 2127 3038 2180 οὐκ
3089 2123 3228 2178 αὐτὰ
3272 2124 3455 2176 ἐκεῖνα
3503 2120 3694 2189 ὥσπερ

2121 2229 2324 2287 ἐκεῖνος
2379 2224 2618 2290 ἐξέθετο,
2650 2223 2834 2292 μόνοις
2880 2220 2935 2273 δὲ
2986 2221 3094 2280 τοῖς
3143 2217 3334 2287 μέλεσι
3389 2213 3690 2285 χρώμενοι.

2121 2319 2233 2390 Τῆἲ
2262 2319 2370 2389 γὰρ
2399 2315 2677 2387 πατρικῆς
2719 2313 2985 2385 αἱρέσεως
3025 2307 3336 2380 μετασχὼν,
3369 2307 3463 2360 καὶ
3492 2305 3699 2373 ἐπίσης

2120 2412 2350 2482 Ἕλλησι
2383 2410 2511 2478 περὶ
2537 2407 2804 2478 γενέσεως
2835 2404 3013 2474 ψυχῆς
3045 2403 3138 2454 καὶ
3170 2400 3380 2469 φθορᾶς
3412 2397 3692 2464 σώματος,

2119 2506 2214 2558 καὶ
2246 2503 2345 2572 τῆς
2385 2501 2652 2570 ἐσομένης
2684 2493 3101 2564 παλιγγενεσίας
3133 2492 3394 2557 δοξάζων.
3428 2490 3543 2550 τοῖς
3585 2487 3697 2540 ὑπὸ

2121 2596 2292 2663 λύραν
2329 2593 2515 2664 μέλεσι
2550 2592 2647 2654 τὰς
2696 2589 2951 2652 τοιαύτας
2995 2588 3151 2652 δόξας
3193 2586 3558 2651 ὑπέσπειρεν·
3611 2575 3697 2644 οἷς

2120 2689 2170 2741 οἱ
2203 2688 2384 2740 πολλοὶ
2428 2685 2540 2738 τῶν
2596 2683 2783 2755 Σύρων
2819 2680 3315 2750 κατακηλούμενοι,
3347 2677 3531 2746 ἡρέμα
3579 2690 3698 2735 πως

2123 2777 2529 2851 προσειθίξοντο
2575 2777 2674 2842 τὰς
2713 2774 2973 2838 τοιαύτας
3012 2773 3173 2839 δόξας
3219 2769 3541 2838 προσίεσθαι
3589 2768 3694 2818 ὑπὸ

2120 2870 2216 2925 τοῦ
2268 2869 2499 2932 κάλλους
2538 2867 2649 2921 τῶν
2697 2866 2981 2936 ὀνομάτων
3033 2864 3130 2917 καὶ
3163 2861 3255 2915 τοῦ
3292 2861 3390 2930 τῆς
3421 2859 3696 2930 μελῳδίας

2125 2961 2358 3034 ῥυθμοῦ.
2400 2961 2462 3014 Ὀ
2495 2959 2676 3014 τοίνυν
2731 2959 2873 3020 θεῖος
2913 2955 3155 3025 Ἐφραὶμ
3204 2953 3368 3006 τοῦτο
3422 2967 3696 3018 συνεγνω-

2123 3053 2257 3118 κὼς,
2287 3056 2494 3120 καίπερ
2535 3047 2854 3118 Ἑλληνικῆς
2886 3045 3140 3104 παιδείας
3187 3042 3420 3112 ἄμοιρος
3451 3039 3548 3104 ῶν,
3579 3041 3698 3102 τοῖς

447 3158 570 3197 cum
606 3140 807 3196 Gnecis
837 3141 903 3195 de
927 3141 1123 3196 animm
1159 3143 1521 3212 generatione
1554 3152 1610 3198 et
1642 3147 1896 3214 corporis
1926 3147 2016 3201 in-

2127 3144 2346 3212 μέτροις
2390 3137 2681 3210 Ἀρμονίου
2731 3137 3126 3203 ἐπιστατήσας,
3172 3133 3266 3185 καὶ
3314 3135 3427 3195 τοῖς
3477 3131 3696 3183 ἐκείνου

452 3234 617 3289 teritu
641 3274 654 3297 ,
699 3249 914 3288 necnon
946 3233 1013 3288 de
1044 3233 1229 3288 futura
1270 3234 1690 3304 regeneratione
1732 3237 2015 3307 opinatus,

452 3326 638 3395 lyricis
662 3326 902 3380 modulis
922 3324 1204 3380 doctrinas
1229 3325 1498 3396 ejusmodi
1527 3328 1787 3397 aspersit.
1811 3327 2021 3394 Quibus

453 3417 611 3472 multi
659 3433 721 3470 ex
765 3416 918 3488 Syris
964 3424 1188 3487 propter
1238 3416 1534 3472 verborum
1585 3427 1930 3474 venustatem
1965 3428 2022 3475 et

455 3523 718 3563 sonorum
757 3523 1016 3563 numeros
1057 3508 1291 3563 demulsi
1315 3549 1329 3574 ,
1373 3509 1632 3578 paulatim
1668 3510 2022 3580 opinionibus

457 3599 657 3654 talibus
689 3598 1023 3668 recipiendis
1052 3606 1182 3653 sunt
1212 3599 1529 3654 assuefacti.
1558 3599 1830 3657 Cancrum
1861 3601 2022 3658 divus

455 3689 715 3760 Ephraim
747 3707 810 3746 ea
841 3707 900 3746 re
929 3691 1168 3761 cognita,
1198 3693 1451 3759 quamvis
1475 3690 1789 3746 Grmcarum
1819 3695 2020 3749 artium

455 3799 674 3852 expers,
706 3784 988 3838 Harmonii
1029 3798 1291 3839 numeros
1337 3783 1658 3839 moderatus
1691 3793 1819 3840 est:
1858 3794 2024 3858 atque

458 3875 705 3946 ejusdem
751 3875 1015 3938 modulis,
1060 3874 1397 3929 carminibus
1446 3868 1832 3931 ecclesiasticm
1899 3891 2026 3932 sen-

459 3968 645 4022 lentim
676 3967 958 4032 consonis,
986 3965 1240 4037 adjectis,
1273 3966 1427 4038 Syris
1454 3966 1520 4031 ad
1553 3967 1657 4021 hoc
1688 3981 1862 4036 usque
1891 3975 2025 4024 tem-

458 4076 560 4129 pus
584 4075 647 4114 ea
677 4059 921 4113 canenda
950 4059 1120 4112 dedit.
1153 4057 1313 4128 713
1347 4057 1481 4113 Nam
1516 4057 1736 4113 divinos
1794 4058 2028 4130 hymnos

460 4151 752 4220 plurimos,
783 4149 987 4218 quibus
1019 4149 1189 4202 Deum
1220 4149 1274 4201 in
1308 4149 1506 4216 primis
1534 4149 1798 4211 celebrat.
1831 4160 1887 4204 ct
1912 4150 2031 4204 lau—

461 4242 560 4296 des
602 4249 864 4310 prauerea
905 4241 1152 4294 virorum
1189 4241 1282 4308 qui
1326 4240 1583 4295 instituto
1613 4242 1726 4295 Deo
1752 4242 2028 4311 ,‘placuere

461 4333 632 4394 canit,
666 4330 1054 4386 ad-l-larmonii
1092 4331 1400 4386 carminum
1433 4332 1583 4402 leges
1615 4334 1962 4403 composuit:
1997 4349 2030 4390 a

459 4425 688 4495 quibus,
721 4432 782 4478 ut
830 4423 1080 4493 equidem
1114 4433 1280 4493 puto,
1327 4439 1424 4493 per
1456 4424 1826 4480 aemulationis
1870 4425 2031 4481 ardo-

2123 3234 2309 3304 μέλεσι
2340 3229 2665 3300 συμφώνους
2716 3227 2860 3298 ᾠδάς
2905 3228 3018 3289 τοῖς
3054 3224 3526 3296 ἐκκλησιαστικοῖς
3565 3223 3695 3290 δόγ-

2122 3341 2252 3395 μασι
2324 3321 2737 3392 παραθέμενος.
2813 3319 2866 3382 ἐς
2921 3316 3081 3388 δεῦρο
3135 3316 3328 3388 Σύροις
3407 3315 3696 3384 παρέδωκε

2119 3416 2362 3486 ψάλλειν.
2417 3413 2608 3475 Θείους
2659 3411 2766 3479 γὰρ
2826 3407 3031 3478 ὕμνους
3083 3407 3376 3468 πλείστους
3435 3406 3697 3473 ἐπόντισε,

2121 3504 2240 3576 Θεῷ
2292 3505 2385 3558 τὸν
2439 3499 2586 3556 αἶνον
2631 3500 2952 3563 ἀνατιθείς·
3010 3501 3104 3553 καὶ
3165 3499 3419 3569 ἐγκώμια
3482 3499 3696 3568 ἀνδρῶν

2121 3596 2312 3664 ἀγωγῇ
2346 3593 2465 3664 βίου
2510 3589 3001 3662 εὐαρεστησάντων
3033 3589 3176 3660 Θεῷ,
3207 3591 3346 3644 κατὰ
3385 3589 3550 3658 νόμον
3595 3591 3698 3658 τῆς

2137 3685 2420 3756 ’Δρμονίου
2449 3682 2594 3754 ᾠδῆς
2619 3698 2636 3716 ο
2665 3682 2758 3751 ἀφ’
2793 3679 2867 3736 ὧν
2917 3681 3055 3751 πρὸς
3104 3681 3267 3750 ζῆλον
3305 3675 3463 3749 οἶμαι
3511 3681 3606 3732 καὶ
3646 3682 3696 3732 οἱ

2127 3774 2422 3845 μετέπειτα
2454 3775 2552 3843 τῆς
2595 3772 2922 3839 Ἐκκλησίας
2979 3770 3261 3840 μελοποιοὶ
3299 3775 3397 3834 τὰς
3441 3773 3701 3840 ἀφορμὰς

2123 3868 2233 3921 τῶν
2269 3867 2448 3938 μελῶν
2484 3867 2863 3936 πορισάμενοι,
2894 3865 2989 3917 ἐπὶ
3016 3863 3222 3934 μᾶλλον
3253 3865 3487 3934 αὐξῆσαι
3520 3864 3699 3917 ταῦτα

2126 3959 2221 4012 καὶ
2250 3957 2532 4010 ἐπιδοῦναι
2565 3956 3074 4027 παρεσκευάσαντο.
3107 3955 3325 4019 ὐποῖος
3353 3957 3452 4024 μὲν
3482 3955 3575 4009 οὖν
3606 3957 3700 4009 τὸν

2125 4053 2282 4120 λόγον
2315 4053 2408 4106 καὶ
2439 4054 2504 4105 ἐκ
2537 4051 2731 4104 τούτου
2785 4051 3043 4118 συνάγειν
3086 4050 3235 4105 ἔστιν
3263 4067 3279 4083 ⁸
3305 4055 3331 4105 ὁ
3365 4052 3422 4105 δὲ
3459 4054 3570 4122 βίος
3599 4055 3702 4106 αύ-

2126 4140 2220 4194 τοῦ
2248 4140 2366 4192 λίαν
2412 4133 2816 4212 ἠκριϐωμένος,
2853 4144 2975 4204 ταῖς
3021 4141 3254 4209 ἀγαθαῖς
3290 4144 3399 4197 τῶν
3444 4145 3703 4214 πράξεων

2127 4233 2542 4303 καλλυνόμενος.
2579 4234 2751 4296 Πολὺς
2796 4233 2840 4286 δ’
2875 4235 3089 4300 ἐπάγαν
3139 4231 3208 4306 ἦν
3261 4237 3410 4306 αὐτῷ
3451 4241 3546 4290 καὶ
3600 4240 3702 4305 τῆς

2129 4326 2357 4397 ἡσυχίας
2403 4327 2431 4378 ό
2477 4325 2638 4394 ἐρως.
2699 4324 2904 4396 Σεμνδς
2949 4325 2995 4379 δ’
3036 4327 3134 4397 οὐχ
3171 4322 3334 4400 ἦττον
3385 4327 3480 4394 ὢν,
3522 4332 3578 4392 ἐς
3612 4349 3708 4384 το-

2133 4416 2320 4470 σοῦτον
2357 4417 2455 4481 τάς
2485 4417 2749 4488 διαφορὰς
2787 4417 3098 4488 ηὐλαϐεῖτο,
3133 4420 3209 4483 ώς
3253 4422 3443 4492 σχεδὸν
3471 4425 3564 4477 καὶ⁵
3596 4425 3710 4478 πᾶ-

462 4533 578 4573 rem
607 4558 622 4581 ,
673 4516 1018 4587 posteriores
1069 4516 1319 4571 ecclesia:
1369 4525 1629 4572 cantores
1675 4517 2018 4572 modulorum

2132 4523 2230 4560 σαν
2265 4499 2402 4578 ’ὄψιν
2449 4507 2817 4578 ἐκτρέπεσθαι
2865 4510 3147 4576 γυναικός.
3197 4512 3432 4582 Φέρεται
3466 4509 3580 4578 οὖν,
3625 4514 3706 4578 ὡς

460 4610 727 4665 formulas
759 4609 1017 4670 mutuati.
1053 4608 1226 4678 magis
1246 4608 1413 4664 etiam
1441 4619 1607 4679 atque
1630 4609 1801 4679 magis
1820 4625 2027 4681 augere

459 4715 625 4774 atque
662 4718 969 4774 propagare
1001 4718 1096 4758 eas
1124 4712 1252 4757 sunt
1283 4703 1546 4773 aggressi.
1577 4702 1765 4770 Qualis
1792 4705 1960 4775 igitur
1982 4706 2030 4761 is

460 4813 715 4851 sermone
765 4797 949 4860 fuerit,
982 4795 1067 4849 vel
1117 4810 1184 4848 ex
1232 4793 1339 4849 hoc
1391 4795 1508 4861 ipso
1553 4794 1832 4864 conjicere
1879 4794 2026 4850 licet.

465 4886 586 4940 Vita
618 4903 749 4941 vero
783 4887 831 4941 ei
879 4885 1035 4940 valde
1079 4894 1294 4950 exacta,
1329 4893 1384 4940 et
1424 4884 1584 4939 bonis
1615 4884 1876 4954 operibus
1899 4899 2030 4955 spe-

461 4985 606 5029 ctata
633 4975 757 5028 fuit.
783 4975 1037 5041 Quietem
1063 4974 1228 5028 etiam
1252 4974 1426 5029 multo
1454 4973 1638 5028 studio
1659 4982 1742 5028 est
1762 4983 2028 5030 sectatus.

460 5067 528 5120 Et
566 5074 793 5135 propter
822 5081 1039 5120 morum
1063 5065 1371 5120 castitatem
1404 5072 1692 5134 tantopere
1723 5065 2029 5120 calumnias

460 5158 746 5219 devitavit,
795 5165 858 5210 ut
908 5156 1022 5210 fere
1069 5171 1100 5210 a
1147 5165 1450 5226 conspectu
1499 5156 1752 5212 mulieris
1801 5171 2030 5226 prorsus

461 5250 836 5306 ablmrruerit.
893 5249 1088 5304 Fertur
1132 5264 1295 5315 sane,
1348 5265 1472 5305 cum
1527 5249 1724 5304 mulier
1776 5248 2028 5318 quaedam

463 5344 610 5396 nulla
650 5357 878 5413 prorsus
910 5342 1034 5394 vitae
1067 5340 1383 5409 disciplina,
1426 5350 1484 5395 et
1525 5340 1737 5409 pudore
1768 5341 1939 5406 nullo,
1971 5341 2027 5394 in

463 5444 694 5503 angusto
725 5432 1022 5488 admodum
1062 5433 1181 5487 loco
1215 5431 1266 5487 ei
1307 5432 1464 5487 obvia
1500 5431 1641 5486 facta
1664 5471 1679 5496 ,
1719 5431 1840 5486 sive
1890 5447 2029 5486 con-

466 5527 608 5578 sulto
655 5525 823 5578 veluti
866 5525 1046 5578 virum
1086 5533 1390 5588 tentatura,
1431 5538 1527 5576 seu
1558 5522 1627 5576 ab
1664 5522 1786 5576 aliis
1829 5534 1888 5576 ut
1923 5523 2029 5578 hoc

465 5615 671 5668 fziccri-t
713 5619 967 5670 mercede
1009 5616 1319 5675 conducta.
1354 5616 1548 5670 oculos
1590 5615 1709 5670 sine
1748 5615 2028 5669 intermis-

463 5706 618 5758 sione
643 5705 696 5756 iu
733 5721 854 5758 eum
893 5708 1217 5776 conjiccrct.
1253 5708 1545 5777 increpans
1577 5709 1630 5762 in
1665 5717 1868 5762 terram
1904 5724 2022 5763 eam

468 5794 782 5863 prmpiccre
834 5797 1099 5864 juSsisse,
1158 5799 1412 5870 illamun
1467 5799 1814 5861 respondisse
1849 5842 1863 5854 .
1916 5799 2024 5857 Sed

2127 4601 2266 4672 γυνὴ
2314 4600 2631 4655 παντάπασι
2671 4600 2767 4654 τοῦ
2811 4600 2928 4672 βίου
2960 4603 3270 4673 ἀνάγωγος,
3302 4605 3401 4659 καὶ
3437 4605 3709 4677 αἰσχύνης

2126 4695 2200 4757 ώς
2251 4694 2613 4766 πορρωτάτω,
2677 4693 2770 4746 ἐπί
2820 4712 2928 4748 τινι
2996 4695 3259 4767 στενωπῷ
3310 4697 3387 4768 τῷ
3457 4699 3708 4769 Ἐφραὶμ.

2129 4785 2512 4855 ἀπαντήσασα,
2539 4785 2572 4854 ἢ
2603 4785 2764 4838 τοῦτο
2793 4785 3134 4857 προθεμένη,
3166 4788 3260 4842 an
3294 4789 3359 4856 δὴ
3384 4789 3478 4843 τοῦ
3507 4791 3706 4862 ἀνδρὸς

2131 4878 2399 4947 πειρῶσα,
2434 4877 2467 4948 ἢ
2506 4875 2700 4947 μισθοῦ
2728 4877 2913 4941 ἄλλοις
2945 4879 3108 4933 τοῦτο
3136 4882 3480 4953 πράττουσα,
3511 4886 3703 4949 ἀτενὲς

2129 4969 2432 5024 είσὸάλλειν
2478 4971 2580 5034 τὰς
2631 4970 2783 5040 ὄψεις
2831 4973 3001 5044 αὐτῷ.
3045 4974 3152 5029 Τὸν
3196 4976 3242 5030 δ’
3275 4977 3703 5049 ἐπιτιμήσαντα,

2129 5061 2210 5124 είς
2257 5062 2360 5131 γῆν
2397 5062 2527 5133 ὀρᾷν
2570 5061 2846 5118 κελεῦσαι.
2886 5064 2952 5118 Ἦ
2976 5063 3044 5132 δ’,
3087 5066 3247 5120 Ἀλλά
3289 5067 3431 5134 πῶς,
3461 5069 3587 5140 ἔφη,
3621 5073 3708 5134 εἰς

2130 5152 2237 5221 γῆν
2267 5154 2378 5220 ἐγὼ
2413 5153 2628 5223 βλέψως
2660 5153 2842 5224 πολλῷ
2872 5156 2984 5227 γάρ
3018 5174 3076 5210 σε
3101 5146 3460 5230 ’δικαιότερον
3493 5160 3708 5231 ταύτην

2130 5247 2282 5316 όρᾷν,
2325 5246 2666 5318 πρόσλημμα
2695 5248 2900 5319 ταύτης
2951 5249 3099 5303 ὅντα.
3130 5250 3164 5320 ἢ
3191 5251 3312 5320 ἐμέ.
3367 5252 3524 5319 Ἐμοὶ
3562 5254 3608 5306 δ’
3639 5256 3709 5308 ἐκ

2134 5337 2228 5390 σοῦ
2279 5338 2378 5407 τὴν
2429 5340 2644 5406 γένεσιν
2693 5341 2981 5411 ἐσχηκυῖα,
3020 5342 3111 5393 καὶ
3177 5343 3311 5410 πρός
3361 5361 3420 5396 σε
3479 5345 3706 5414 βλέπειν

2132 5428 2371 5496 εὕλογον.
2417 5431 2657 5484 Ἐκεῖνον
2712 5432 2770 5484 δὲ
2818 5433 3096 5502 ἀγάμενον
3151 5435 3210 5486 τὸ
3253 5436 3442 5505 ῥηθὲν,
3483 5438 3710 5507 γραφῆς

2130 5522 2359 5586 ἀξιῶσαι
2385 5539 2400 5552 ⁸
2435 5521 2464 5574 ὃ
2493 5527 2585 5576 καὶ
2613 5524 2771 5591 Σύροι
2842 5525 2917 5587 ὼς
2944 5525 3003 5578 ἓν
3040 5543 3094 5578 τι
3139 5525 3246 5578 τῶν
3275 5526 3487 5580 ἐκείνου
3534 5545 3709 5581 σπου-

2129 5615 2293 5667 δαίων
2322 5614 2649 5683 λογίζονται.
2701 5617 2865 5687 Ὀργῇ
2902 5617 2959 5670 δὲ
2997 5619 3066 5671 τὰ
3117 5619 3314 5687 πρῶτα
3363 5620 3706 5689 ἡττώμενος,

2133 5709 2192 5773 ἐξ
2224 5703 2284 5762 οὗ
2328 5708 2637 5776 φιλοσοφεῖν
2682 5710 2906 5778 ῆρξατο,
2940 5712 3204 5781 μηδαμῶς
3239 5713 3499 5782 θεαθῆναι
3546 5715 3714 5784 θυμῷ

2132 5801 2465 5871 δινούμενος.
2491 5802 2598 5854 Καὶ
2632 5802 2692 5871 δή
2728 5804 2844 5857 ποτ’
2870 5805 2959 5862 ἐπὶ
2985 5805 3203 5869 πολλαῖς
3229 5807 3485 5878 ἡμέραις,
3513 5809 3707 5874 εἰωθὸς
