3988 6190
309 349 424 408 283

1284 343 1890 406 ECCLESIASTlC/E
1929 343 2317 404 HISTORLE
2347 345 2493 406 LIB.
2540 345 2641 406 IX.

3489 345 3593 407 2%

309 460 398 518 ὃν,
425 459 729 530 νηστεύων,
768 460 894 516 ἐπεὶ
941 461 969 515 ὁ
1020 459 1434 529 διακονούμενος
1490 459 1567 527 τῷ
1623 459 1800 529 καιρῷ
1851 460 1911 512 τδ

2039 457 2296 527 luomodo
2321 459 2541 514 tandem
2573 468 2773 514 terram
2796 472 2899 528 ego
2929 456 3174 524 intuear,
3234 469 3358 511 cum
3382 456 3594 525 aequius

311 555 452 619 δέμον
491 554 824 622 προσέφερε,
866 552 964 622 τὴν
1012 553 1220 622 χύτραν
1253 553 1472 610 ἕκλασε.
1516 552 1620 605 Τὸν
1654 550 1700 604 δ’
1731 552 1911 604 ἰδόντα

314 643 464 694 αἰδοῖ
512 642 608 694 καὶ
654 643 765 696 δέει
810 643 1237 712 συνεσχημένον,
1289 642 1515 711 Θάρσει,
1564 641 1740 708 ἔλεγε.
1792 640 1912 694 Κᾶν

316 736 435 803 γὰρ
464 736 524 786 τὸ
548 735 680 804 ὄψον
704 735 844 805 πρὸς
867 737 1018 805 ἡμᾶς
1052 735 1230 788 ἐλθεῖν
1255 736 1588 805 ἀπηξίωσεν,
1611 734 1722 786 ἀλλ’
1751 735 1914 804 ἡμεῖς

323 829 467 897 πρδς
515 830 712 896 ἐκείνῳ
766 829 1074 897 γενοίμεθα.
1114 830 1224 882 Καὶ
1281 831 1406 898 περὶ
1456 829 1524 881 τὰ
1551 831 1650 899 τῆς
1703 827 1915 896 χύτρας

324 920 649 985 καθεσθεὶς,
681 918 909 988 ἔφαγεν.
942 920 1082 973 Ἀλλ’
1115 920 1264 981 ὅπως
1293 920 1384 972 καὶ
1422 919 1521 985 τῆς
1556 918 1721 986 κενῆς
1755 916 1914 982 δόξης

321 1016 426 1083 οὐχ
464 1015 690 1083 ἥττητο,
726 1011 978 1064 ἐντεῦθεν
1029 1012 1363 1079 φανήσεται.
1417 1011 1753 1074 ’Ἐπίσκοπος
1786 1008 1917 1078 μιᾶς

325 1103 440 1153 τῶν
495 1099 707 1152 πόλεων
754 1099 1076 1169 ἐψηφίζετο.
1119 1100 1276 1152 Ἐπεὶ
1324 1099 1370 1151 δ’
1422 1093 1562 1170 ἦχον
1591 1099 1641 1150 oi
1674 1097 1810 1167 πρὸς
1856 1097 1940 1152 τὸ.

329 1197 667 1264 χειροτονεῖν
725 1192 1150 1262 συλληψόμενοι,
1203 1194 1414 1254 ἐκεῖνος
1470 1191 1665 1245 αὐτίκα
1729 1192 1916 1258 γνοὺς,

327 1286 438 1338 ἀνὰ
488 1283 590 1353 τὴν
644 1283 851 1352 ἀγορὰν
897 1282 1014 1345 ἰὼν,
1051 1277 1258 1344 οἷάιτις
1295 1283 1632 1352 παραπαίων
1665 1281 1918 1350 ἀισέμνως

327 1378 494 1448 διῄει,
530 1377 806 1446 αίσχύνων
836 1377 936 1446 τὴν
973 1374 1178 1444 ἐσθῆτα
1205 1373 1284 1443 τῷ
1315 1373 1598 1444 σύρεσθαι,
1621 1373 1920 1444 παραρπά-

329 1473 446 1536 ζων
481 1488 540 1524 τε
571 1470 680 1523 τῶν
710 1471 907 1533 ὠνίων,
937 1468 1222 1540 παρρησία
1259 1466 1436 1536 ἢσθιτ.
1473 1467 1676 1538 Πόρῤω
1699 1465 1742 1517 δ’
1771 1461 1914 1518 εἷναι

329 1561 494 1626 δόξας
550 1560 789 1631 φρενῶν,
828 1560 1012 1630 διέδρα
1059 1558 1160 1627 τὴν
1215 1558 1502 1628 σύλληψιν,
1563 1559 1658 1611 καὶ
1703 1557 1808 1619 ἓως
1858 1549 1920 1610 οὗ

332 1655 532 1722 ἔτερος
577 1653 680 1721 τὴν
727 1651 1032 1724 ἱερωσύνην
1062 1649 1302 1717 ἐδέξατοΔ
1340 1650 1719 1722 κρυπτόμενος
1760 1649 1922 1703 διεδί-

333 1749 600 1815 δρασκεν.
641 1744 815 1798 Πολλά
843 1744 900 1798 δὲ
931 1747 1026 1798 καὶ
1055 1744 1190 1796 ἄλλα
1214 1742 1444 1797 πλεῖστα
1461 1744 1557 1796 καὶ
1596 1743 1760 1811 λόγου
1794 1741 1922 1808 ἀξια

331 1806 378 1909 ἡ.
416 1857 477 1891 τε
522 1839 652 1908 περὶ
681 1837 848 1891 αὑτὸν
880 1837 1197 1908 συγγραφὴ,
1243 1836 1338 1889 καὶ
1383 1837 1434 1888 οί
1481 1806 1771 1906 ἐπιχώριοι
1824 1806 1923 1888 καὶ
1951 1806 1999 1867 Β

345 1934 647 2002 Ῥωμαίων
686 1935 782 1986 καὶ
812 1931 999 2002 Σύρων
1047 1931 1322 2000 ἱστοροῦσι
1364 1931 1492 2000 περὶ
1520 1929 1713 1991 αὐτοῦ,
1744 1928 1781 1983 ἃ
1810 1931 1924 1993 τοῖς

336 2027 692 2096 βουλομένοις
741 2027 1030 2097 πρόκειται
1087 2025 1350 2095 ἐντυχεῖν.
1416 2023 1559 2090 Ἐγὼ
1600 2021 1678 2087 δὲ,
1742 2021 1770 2074 ὃ
1830 2024 1927 2076 καὶ

335 2118 494 2182 ἄξιον
520 2118 744 2186 μνήμης
784 2114 925 2170 εἶναι
960 2115 1372 2186 λογίζομαιμτῇ
1411 2118 1704 2186 συγγραφῇ
1743 2132 1926 2186 παρα-

333 2211 522 2275 δώσω,
555 2209 583 2262 δ
612 2209 675 2278 δὴ
715 2207 864 2279 αύτῷ
922 2211 1060 2278 πρὸς
1114 2211 1181 2278 τῇ
1235 2208 1459 2278 τελευτῇ
1495 2207 1773 2275 γενομένῳ
1828 2223 1930 2258 κα-

335 2297 627 2369 τώρθωτο.
679 2297 918 2366 Σφοδρὸς
971 2297 1128 2365 λιμὸς
1187 2296 1373 2349 ἐπόνει
1427 2297 1529 2365 τὴν
1592 2295 1928 2358 Ἐδεσσηνῶν

339 2391 534 2443 πολιν·
575 2393 602 2442 ὀ
636 2389 682 2440 δ’
717 2391 776 2442 ἐν
815 2389 1031 2451 πολλοῖς
1067 2388 1212 2442 ἔτεσι
1258 2388 1360 2458 τῆς
1391 2389 1568 2451 οἰκίας
1610 2389 1687 2458 μὴ
1730 2388 1928 2458 προελ-

337 2478 619 2543 θὼν,τότε
653 2479 715 2531 τὸ
744 2475 1057 2547 φιλοσοφεῖν
1090 2479 1147 2530 ἐν
1180 2477 1421 2548 δευτέρῳ
1453 2477 1930 2547 θέμενος,προῖὼν

338 2572 517 2632 πολὺς
556 2565 627 2640 ἦν
661 2568 988 2637 ἐγκείμενος
1032 2571 1146 2631 τοῖς
1198 2570 1520 2640 περιουσίαν
1561 2568 1798 2638 ἔχουσιν,
1835 2568 1930 2621 ﬁre

339 2665 410 2734 δὴ
441 2662 806 2732 φθειρόμενον
849 2662 910 2714 τὸ
943 2661 1218 2731 ὁμόφυλον
1260 2661 1340 2722 είς
1379 2660 1535 2713 οὐδὲν
1573 2660 1695 2713 δέον
1747 2675 1931 2729 περιοο

345 2757 486 2827 ρῶσι
520 2755 717 2809 σπάνει
747 2754 856 2807 τῶν
877 2753 1215 2822 ἀναγκαίων,
1249 2751 1503 2823 διήλεγχε
1531 2770 1593 2806 τε
1622 2752 1697 2816 ὡς
1728 2754 1785 2804 ἐν
1814 2752 1935 2804 δευ-

339 2851 495 2920 τέρῳ
543 2849 868 2918 τιθεμένους
926 2847 1028 2910 τὰς
1062 2846 1214 2916 σφῶν
1244 2846 1445 2917 ψυχὰς,
1488 2845 1548 2898 τὺ
1595 2845 1652 2899 δὲ
1709 2845 1933 2914 σύμπαν

341 2947 460 3007 τοῖς
513 2942 856 3012 σωματικοῖς
890 2939 1310 3002 ἀναλίσκοντας.
1356 2940 1418 2992 Οἱ
1450 2938 1595 2991 δὲτὸ
1631 2937 1928 3007 φιλόσοφον

343 3036 666 3106 αἰδούμενοι
697 3036 790 3087 καὶ
819 3035 1115 3104 ἀπέριττον
1138 3033 1230 3086 τοῦ
1262 3031 1478 3104 ἀνδρὸς,
1511 3032 1586 3101 μὴ
1617 3030 1760 3084 τοῦτ’
1795 3024 1936 3083 εῖναι

2017 551 2089 606 sit
2118 561 2170 606 te
2204 566 2323 606 eam
2361 551 2662 630 reSpicere,
2689 551 2783 620 qui
2819 565 2885 605 ex
2912 564 2975 604 ca
3005 549 3266 604 conditus
3295 546 3392 610 sis,
3430 560 3594 613 quam

2016 659 2104 700 me
2152 653 2332 699 ortum
2378 661 2444 698 ex
2497 654 2549 699 te
2595 644 2931 706 habentem,
2967 641 3308 710 proindeque
3356 645 3506 691 recte
3546 645 3598 688 le

2015 737 2459 810 respectantem?
2499 735 2655 802 Quod
2682 735 2930 790 mulieris
2960 733 3196 787 verbum
3239 729 3332 783 ille
3363 725 3598 780 admira-

2020 840 2128 894 tus,
2180 825 2383 886 deinde
2432 829 2641 898 scripto
2691 826 2997 882 mandavit.
3036 825 3216 892 Atque
3268 821 3322 875 id
3369 817 3490 888 Syri
3541 816 3596 868 in

2020 923 2216 993 primis
2271 931 2580 976 memoratu
2637 921 2863 991 dignum
2914 933 2981 971 ex
3035 916 3186 969 illius
3251 912 3420 967 rebus
3473 923 3597 963 esse

2019 1021 2269 1068 censent.
2301 1013 2365 1067 Et
2398 1013 2638 1082 primum
2664 1009 2886 1081 quidem
2912 1009 2957 1062 is
2983 1021 3129 1075 smpc
3163 1006 3240 1058 ira
3266 1004 3446 1057 victus
3468 1007 3553 1054 est
3579 1015 3596 1063 ;

2019 1116 2377 1176 posteaquam
2416 1113 2599 1159 autem
2630 1103 2947 1157 monasticae
2982 1095 3350 1169 philosophiae
3380 1093 3598 1146 incum-

2018 1199 2153 1254 bere
2193 1198 2385 1266 cmpit,
2436 1210 2722 1266 nunquam
2769 1199 3084 1248 commotus
3127 1203 3253 1243 esse
3301 1186 3453 1240 visus
3486 1189 3595 1236 est.

2017 1291 2196 1360 Atque
2228 1287 2560 1359 aliquando,
2596 1300 2722 1341 cum
2764 1284 2883 1340 dies
2916 1281 3120 1336 multos
3167 1293 3268 1349 pro
3301 1279 3602 1332 consuetu-

2020 1379 2150 1434 dine
2178 1394 2299 1441 sua,
2324 1377 2536 1448 jejunio
2569 1375 2952 1444 transegisset,
2980 1378 3039 1425 et
3071 1369 3327 1423 minister
3353 1371 3600 1430 tempore

2021 1471 2205 1526 cibum
2259 1469 2309 1523 ei
2361 1467 2603 1531 ali'erret,
2657 1465 2861 1520 accidit
2891 1471 2953 1517 ut
3002 1461 3050 1516 is
3096 1459 3261 1514 ollam
3298 1456 3600 1522 frangeret.

2023 1562 2286 1634 Ephraim
2318 1576 2451 1615 vero
2486 1558 2700 1628 pudore
2739 1557 2894 1628 juxta
2933 1563 2990 1610 et
3039 1552 3236 1606 timore
3273 1554 3596 1615 correptum

2023 1655 2175 1710 illum
2205 1652 2404 1707 videns
2434 1668 2448 1706 :
2492 1651 2660 1715 Bono,
2711 1647 2913 1717 inquit,
2947 1652 3064 1700 esto
3099 1644 3310 1698 animo.
3339 1637 3600 1706 Quando-

2024 1745 2249 1817 quidem
2289 1743 2438 1799 enim
2471 1741 2764 1796 obsonium
2797 1738 2864 1793 ad
2899 1751 3002 1793 nos
3029 1735 3222 1790 venire
3256 1733 3463 1794 renuit,
3500 1741 3606 1782 nos

2025 1855 2126 1910 age
2155 1837 2222 1893 ad
2253 1836 2306 1891 id
2341 1834 2670 1890 accedamus
2697 1849 2709 1884 :
2741 1839 2796 1886 et
2825 1831 2890 1884 ad
2924 1829 3048 1883 ollae
3077 1827 3383 1896 fragmenta
3409 1834 3607 1877 conse—

2027 1933 2165 1986 dens
2204 1927 2468 1984 comedit.
2505 1925 2802 1979 Enimvero
2845 1929 2907 1976 ut
2939 1935 3078 1974 vana
3110 1918 3275 1972 etiam
3307 1914 3480 1986 gloria
3511 1929 3608 1968 su-

2027 2021 2214 2094 perior
2256 2018 2455 2094 fuerit,
2500 2013 2630 2070 inde
2669 2010 2880 2082 liquido
2924 2007 3157 2080 patebit.
3206 2002 3608 2073 Designabatur

2029 2091 2152 2169 urbi
2183 2091 2404 2167 cuidam
2435 2107 2750 2176 cpiscopus,
2777 2103 2962 2172 etiam
2996 2099 3091 2170 qui
3120 2113 3178 2155 se
3209 2096 3278 2151 ad
3304 2091 3608 2149 ordinatiov

2029 2221 2154 2261 nem
2183 2199 2474 2258 abducturi
2511 2205 2671 2253 erant
2691 2234 2706 2258 ,
2739 2193 3131 2250 adveniebant.
3167 2190 3245 2244 Ac
3275 2188 3392 2257 ipse
3421 2184 3605 2239 statim

2029 2311 2097 2352 eo
2152 2293 2400 2364 cognito,
2456 2289 2511 2343 iu
2560 2287 2738 2342 forum
2791 2298 3150 2356 progressus,
3197 2279 3368 2335 veluti
3421 2282 3608 2330 mente

2032 2399 2224 2458 captus
2276 2384 2537 2440 indecore
2583 2379 2975 2451 gradiebalur,
3024 2391 3133 2430 non
3184 2373 3320 2426 satis
3370 2370 3608 2424 honeste

2032 2491 2244 2537 vestem
2274 2487 2395 2549 post
2426 2492 2484 2530 se
2517 2476 2768 2532 trahens.
2801 2482 2856 2527 et
2889 2486 3013 2541 qure
3043 2467 3254 2521 venalia
3289 2471 3452 2518 erant
3485 2476 3610 2514 sur-

2035 2575 2275 2645 ripiens,
2313 2569 2707 2640 propalamque
2752 2563 3075 2620 comedens.
3127 2561 3214 2614 Sic
3265 2558 3357 2611 ille
3408 2553 3611 2609 mentis

2037 2669 2214 2737 impos
2248 2663 2627 2729 existimatus,
2667 2655 3225 2729 comprehensionem
3274 2649 3494 2719 effugit.
3542 2647 3607 2700 Et

2040 2735 2310 2825 tantisper
2341 2752 2472 2806 dum
2508 2751 2648 2805 alius
2683 2749 3064 2818 episcopatum
3095 2741 3388 2810 reciperet,
3421 2735 3614 2791 occul-

2039 2857 2163 2902 tans
2201 2861 2324 2901 sese
2363 2843 2543 2899 latuit.
2579 2842 2827 2898 Plurima
2867 2852 3000 2893 sane
3045 2844 3104 2890 et
3149 2833 3257 2887 alia
3303 2836 3613 2884 memoratu

2039 2939 2224 3009 digna,
2260 2946 2314 2992 et
2354 2936 2449 3007 qui
2483 2934 2548 2988 de
2582 2947 2650 2988 eo
2684 2929 3033 2998 conscriptus
3071 2933 3158 2979 est
3195 2922 3361 2986 liber,
3393 2927 3450 2973 et
3481 2931 3613 2988 pro-

2042 3033 2303 3090 vinciales
2331 3032 2472 3098 ejus,
2508 3026 2736 3082 Romani
2777 3023 2942 3080 simul
2974 3033 3029 3076 et
3055 3019 3216 3091 Syri,
3256 3019 3325 3070 de
3358 3030 3425 3069 eo
3463 3013 3616 3066 refc-

347 3101 607 3198 σφοδρῶς
639 3101 1008 3180 διετείνοντο·
1049 3125 1346 3195 πρόχειρον
1367 3101 1502 3194 ’γὰρ
1547 3120 1683 3176 εἶναι
1716 3123 1816 3185 τὰς
1847 3122 1935 3174 ού-

2041 3134 2200 3188 runt,
2234 3138 2355 3194 quze
2399 3119 2575 3176 cuivis
2622 3125 2955 3187 cognoscere
2998 3119 3086 3167 est
3134 3108 3396 3178 proclive.
3449 3101 3615 3175 714

347 3223 475 3285 σίας
528 3224 714 3290 νέμειν
751 3222 863 3281 τοῖς
920 3219 1200 3273 ἐνδεέσιν·
1246 3219 1305 3270 ἐν
1335 3218 1549 3288 ἀπορίᾳ
1578 3215 1624 3270 δ’
1673 3211 1813 3269 εἶναι
1856 3214 1934 3279 ὡς

347 3312 536 3383 χρεὼν
564 3312 660 3364 τοῦ
692 3313 760 3364 τὰ
785 3311 1012 3365 τοιαῦτα
1036 3301 1505 3382 διακονησαμένου
1524 3328 1538 3341 ·
1564 3308 1771 3372 πάντες
1801 3309 1933 3378 γὰρ,

351 3407 570 3474 ἔλεγον,
606 3405 742 3474 πρὸς
793 3404 986 3471 κέρδος
1037 3403 1332 3474 κεχηνότες
1375 3401 1527 3466 είσὶ,
1581 3401 1651 3453 τὰ
1707 3399 1936 3452 τοιαῦτα

354 3499 606 3570 αίσχρῶς
661 3497 1091 3571 καπηλεύοντες.
1133 3498 1192 3552 '0
1242 3496 1288 3549 δ’
1350 3495 1613 3566 Ἐφραὶμ,
1682 3495 1824 3565 Ἐγὼ
1880 3495 1938 3550 δὲ

356 3599 514 3656 ποῖος
548 3593 659 3662 ἄρα
686 3595 812 3659 ὑμῖν
839 3587 980 3644 εἶναι
1013 3589 1191 3656 δοκῶ;
1225 3589 1346 3644 Τῶν
1372 3589 1418 3644 δ’
1445 3589 1734 3656 είπόντων,
1761 3588 1940 3652 Καλός

354 3704 414 3739 τε
467 3686 565 3738 καὶ
622 3685 861 3750 ἀγαθὸς,
910 3684 1005 3736 καὶ⁹
1052 3683 1293 3745 τοιοῦτος
1338 3684 1525 3736 ὁποῖον
1565 3683 1832 3752 ἁρμόζειν
1868 3685 1934 3752 τῇ

359 3781 498 3850 περὶ
549 3777 718 3831 αὐτοῦ
770 3776 932 3848 δόξῃ·
964 3777 1195 3842 Ούκοῦν,
1232 3775 1360 3845 ἔφη,
1391 3776 1526 3847 χὺμῖν
1579 3775 1689 3844 ἐγὼ
1721 3775 1941 3845 ἕτοιμος

361 3876 502 3926 πᾶσι
533 3874 645 3932 τοῖς
701 3869 966 3931 τοιούτοις
1025 3868 1324 3935 διακονεῐν;
1383 3867 1494 3920 Καὶ
1548 3866 1613 3938 δὴ
1676 3866 1940 3938 ἀποχρῶν

364 3967 636 4036 ἀργύριον
703 3964 761 4028 ἐξ
812 3964 1037 4017 ἐκείνων
1104 3961 1320 4028 λαϐὼν,
1373 3962 1697 4032 τριακοσίας
1754 3961 1944 4023 κλίνας

366 4061 634 4130 ἐπρίατο·
671 4061 764 4111 καὶ
805 4059 862 4110 ἐν
903 4061 1018 4122 τοῖς
1050 4058 1335 4129 δημοσίοις
1373 4057 1626 4129 ἐμϐόλοις
1675 4056 1802 4120 τοὺς
1846 4056 1944 4110 τοῦ

365 4156 532 4223 λιμοῦ
568 4155 917 4224 τραυματίας
957 4153 1162 4220 λαϐὼν,
1197 4154 1378 4207 πᾶσαν
1424 4152 1722 4222 θεραπείαν
1771 4167 1946 4222 προσ-

362 4249 474 4317 ἦγε
495 4263 510 4277 ·
564 4245 750 4311 ξένους
783 4247 829 4298 δ’
861 4247 954 4298 ἐπὶ
981 4245 1189 4308 τούτοις
1221 4244 1315 4298 καὶ
1343 4243 1522 4307 ἄλλως
1552 4242 1731 4313 ἐνδείᾳ
1762 4239 1949 4304 πιεζο-

368 4343 571 4412 μένους
617 4339 805 4402 δεξιῶς
857 4337 1176 4407 ἐπεμέλετο.
1208 4335 1315 4390 Καὶ
1365 4335 1509 4388 τοῦτ’
1541 4334 1815 4405 ἔπραττεν
1844 4333 1949 4393 ἕως

363 4435 467 4487 καὶ
516 4431 597 4501 τῷ
649 4429 798 4501 λιμῷ
851 4431 1252 4500 ἐμφιλοχωρεῖν
1303 4423 1391 4500 ἦν.
1435 4427 1606 4482 Ἐπεὶ
1640 4427 1686 4479 δ’
1739 4426 1950 4488 ἐκεῖνος

2043 3219 2223 3275 Unum
2256 3215 2391 3271 illud
2423 3230 2556 3269 sane
2582 3227 2746 3282 quam
2782 3205 3166 3266 memorabile,
3207 3199 3457 3256 historiae
3486 3196 3617 3249 huic

2045 3311 2291 3366 inserere
2317 3308 2493 3362 visum
2520 3315 2625 3368 est,
2661 3301 2806 3373 quod
2840 3299 2907 3353 ab
2936 3313 3002 3352 eo
3031 3296 3194 3366 paulo
3224 3301 3353 3346 ante
3379 3299 3615 3342 mortem

2044 3407 2407 3472 est'gestum.
2469 3396 2661 3450 Fames
2714 3394 2905 3462 ingens
2957 3389 3364 3443 Edessenorum
3420 3380 3615 3432 urbem

2051 3495 2383 3566 premebat:
2435 3501 2598 3558 atque
2654 3487 2807 3554 ipse,
2867 3481 2962 3551 qui
3016 3479 3223 3532 multos
3283 3485 3456 3526 annos
3506 3482 3618 3522 non

2048 3561 2232 3643 iuerat
2255 3585 2418 3640 domo
2450 3594 2791 3652 progressus,
2830 3587 2942 3630 tum
2976 3565 3406 3641 philosophandi
3433 3561 3620 3617 studio

2047 3677 2392 3748 aliquantum
2437 3670 2795 3730 intermisso,
2847 3663 3093 3735 prodiit:
3149 3669 3203 3714 et
3254 3660 3308 3712 in
3365 3653 3621 3744 homines

2049 3767 2394 3836 locupletes,
2439 3763 2533 3834 qui
2577 3761 2657 3816 sic
2692 3760 2928 3827 turpiter
2958 3769 3142 3808 rerum
3175 3735 3620 3804 necessariarum

2053 3860 2270 3930 inopia,
2314 3857 2464 3911 cives
2495 3867 2627 3908 suos
2659 3856 2957 3920 pereuntes
2996 3843 3376 3911 despicerent,
3415 3835 3622 3889 acriter

2052 3961 2138 4010 est.
2178 3953 2452 4013 invectus,
2501 3955 2739 4012 arguens
2780 3953 2913 4000 eos,
2955 3933 3101 4006 quod
3149 3931 3458 3984 animarum
3489 3938 3621 3977 cura

2051 4043 2324 4114 neglecta,
2355 4037 2598 4094 studium
2631 4047 2795 4089 omne
2826 4031 2884 4084 in
2917 4039 3148 4096 corpore
3180 4020 3416 4086 fovendo
3447 4014 3623 4069 collo-

2053 4144 2264 4193 carent.
2295 4133 2375 4188 Illi
2402 4141 2588 4186 autem
2617 4125 2988 4196 integritatem
3019 4127 3076 4173 et
3101 4119 3484 4186 paupertatem
3515 4105 3622 4158 viri

2057 4415 2346 4470 facultates
2385 4395 2765 4463 distribuere:
2809 4400 3001 4454 deesse
3049 4395 3242 4449 saltem
3266 4428 3282 4453 ,
3331 4387 3426 4457 qui
3461 4385 3516 4439 in
3556 4397 3623 4436 eo

365 4484 590 4595 ἔληγεν,
624 4484 723 4587 εἰς⁸
746 4484 807 4575 τὸ
835 4484 1292 4592 τέξφιλδσδφίας
1317 4484 1684 4591 ἐργαστήριον
1712 4484 1935 4586 ἐπανῆλξ

2062 4503 2396 4568 ministerio,
2431 4514 2532 4570 pro
2556 4512 2623 4552 eo
2654 4505 2819 4564 atque
2855 4491 3102 4549 deceret,
3137 4484 3354 4538 ﬁdelem
3391 4495 3452 4532 se
3484 4490 3628 4545 prm-

2634 4587 2647 4595 ·
2835 4584 2846 4595 ⁶
2898 4580 2949 4595 ³⁸
3031 4594 3041 4595 κ
3137 4585 3179 4595 --
3223 4572 3346 4595 ...12η
3391 4567 3538 4595 θηηιη
3572 4567 3625 4595 in

366 4621 397 4673 0
407 4569 466 4672 εν
483 4567 506 4648 δ’
536 4568 625 4670 ἔνθ
635 4635 668 4668 α
679 4567 858 4682 1ὀλίγοι
865 4567 954 4684 gub
962 4567 1027 4684 μέ
1037 4629 1135 4684 ρας
1163 4567 1234 4665 Et:
1243 4567 1412 4671 ιϐιοὶς
1447 4567 1597 4664 ἐτι-λε
1750 4567 1935 4680 η

2060 4598 2252 4658 heret,
2287 4567 2590 4660 omnesque
2633 4587 2790 4641 lucro
2835 4580 3083 4644 inhiare,
3129 4585 3186 4630 et
3223 4572 3352 4626 talia
3391 4567 3538 4623 ﬁnde
3572 4567 3628 4618 in

2893 4671 2926 4684 ι·
3021 4682 3054 4684 α
3130 4664 3267 4684 ψη--.
3322 4657 3625 4684 υ..ι.-..;..ι.

367 4710 473 4765 κού
500 4707 782 4770 διακονίας
825 4709 884 4758 ἐν
929 4707 996 4776 τῇ
1031 4704 1302 4775 ἐκκλησίᾳ
1339 4701 1617 4767 ἀξιωθείς.
1663 4701 1752 4754 Ἐν
1789 4701 1847 4754 δέ
1885 4703 1952 4770 τῇ

369 4803 519 4857 κατά
554 4798 828 4870 μοναχοὺς
879 4798 1072 4867 ἀγωγῇ
1114 4795 1404 4864 διαϐόητος
1457 4793 1728 4864 γεγονὼς,
1758 4793 1956 4861 ἐπίσης

365 4897 484 4949 τῶν
540 4896 598 4946 ἐν
654 4889 924 4960 ἱερωσύνῃ
975 4888 1072 4940 καὶ
1125 4885 1430 4950 παιδεύσει,
1462 4882 1674 4951 ἀγαθοῦ
1729 4899 1790 4937 τε
1837 4881 1954 4952 βίου

366 4979 855 5050 διατεθρύλληται.
917 4973 1085 5028 Ταῦτ’
1138 4973 1295 5040 ὀλίγα
1339 4975 1401 5026 ἐκ
1448 4971 1661 5024 πολλῶν
1718 4971 1827 5024 τῶν
1876 4969 1956 5039 τῷ

383 5075 635 5144 Ἐφραὶμ
685 5068 1138 5142 κατωρθωμένων
1188 5067 1424 5138 ἐρρήθη.
1474 5065 1661 5119 Πάντα
1717 5065 1828 5134 γὰρ
1889 5063 1958 5117 τὰ.

373 5167 599 5222 ἐκείνου
654 5165 790 5234 πρὸς
849 5161 1009 5227 ἀξίαν
1049 5159 1306 5226 διελθεῖν,
1346 5158 1410 5212 οὐ
1458 5161 1567 5229 μὴν
1605 5157 1663 5211 δὲ
1695 5156 1831 5209 ἀλλά
1863 5156 1956 5208 καὶ

373 5260 489 5313 τῶν
520 5260 700 5313 ἄλλων
732 5256 841 5309 τῶν
869 5254 1126 5324 τηνικάδε
1157 5252 1668 5324 φιλοσοφησάντων,
1704 5251 1855 5310 ὅπως
1893 5265 1954 5302 τε

375 5348 515 5399 ἐϐίω
565 5345 659 5399 καὶ
701 5345 790 5416 οἵᾳ.
842 5343 1092 5414 πολιτεία
1145 5343 1423 5412 ἐχρήσατο
1469 5342 1720 5405 ἕκαστος,
1767 5340 1954 5406 δεήσει

377 5440 751 5510 συγγραφέως
784 5433 894 5500 οἷος
921 5433 990 5508 ἦν
1017 5436 1178 5498 αὑτός
1204 5449 1218 5464 °
1258 5430 1390 5504 ἧμϊν
1419 5433 1476 5486 δέ
1509 5433 1859 5487 παντάπασιν
1896 5433 1954 5484 ἐν

377 5533 657 5602 ἀμηχάνῳ
711 5529 832 5582 ἐστὶ
891 5529 968 5597 τῷ
1017 5525 1295 5597 ἀνισχύρῳ
1337 5525 1446 5578 τῶν
1495 5524 1689 5592 λόγων,
1743 5524 1838 5576 καὶ
1887 5525 1952 5593 τῇ

379 5625 585 5695 ἀγνοίᾳ
632 5623 742 5676 τῶν
794 5620 1041 5693 ἀκριϐῶς
1095 5619 1324 5680 ἐκείνοις
1372 5616 1801 5686 πεπραγμένων.
1847 5615 1956 5666 Καὶ

379 5722 492 5788 γὰρ
545 5719 603 5770 ἐν
641 5716 904 5788 ἐρημίαις
950 5715 1123 5779 ὄντες,
1184 5713 1253 5766 τὰ
1302 5712 1528 5764 πλεῖστα
1579 5708 1870 5763 ἐλάνθανον
1904 5709 1952 5760 οἱ

386 5809 593 5866 πολλοί.
630 5810 693 5865 Ei
737 5808 794 5864 δέ
848 5825 996 5872 τινες
1051 5807 1145 5861 καὶ
1194 5807 1250 5861 ἐν
1288 5805 1477 5860 πόλεσι
1527 5802 1623 5868 τὰς
1675 5801 1954 5870 διατριϐὰς

2059 4696 2330 4760 quaestum
2381 4657 2539 4737 suum
2585 4685 2839 4737 vertere,
2875 4671 3086 4724 dixere.
3130 4664 3271 4717 Tum
3321 4657 3626 4728 prraim:

2060 4751 2172 4856 ligo
2198 4795 2355 4846 vero,
2384 4777 2587 4846 inquit,
2619 4771 2800 4844 qualis
2829 4765 2984 4822 vobis
3004 4775 3126 4815 esse
3149 4753 3385 4812 videor?
3418 4753 3482 4806 Et
3512 4751 3626 4803 illi:

2058 4846 2333 4932 Honestus
2363 4881 2529 4939 atque
2576 4867 2777 4927 bonus,
2815 4852 3155 4927 respondere
3182 4866 3198 4904 :
3231 4858 3288 4903 et
3319 4846 3443 4900 talis
3476 4857 3631 4911 pror-

2057 4979 2185 5028 sus,
2227 4961 2320 5031 qui
2349 4936 2596 5027 opinioni
2630 4967 2755 5023 quae
2789 4949 2860 5006 de
2895 4961 2962 5002 eo
2992 4943 3206 5005 fertur,
3246 4939 3355 4992 vita
3393 4936 3510 5004 ipsa
3543 4948 3632 4984 re-

2058 5022 2345 5126 spondeat.
2375 5022 2587 5117 itaque,
2614 5022 2707 5099 ille
2736 5043 2832 5106 ait,
2863 5045 3086 5109 paratus
3116 5047 3238 5088 sum
3269 5031 3323 5084 in
3356 5022 3630 5098 ejusmodi

2057 5122 2316 5204 omnibus
2342 5140 2579 5214 negotiis
2601 5135 2891 5193 inservire.
2919 5130 2988 5186 Et
3010 5126 3184 5182 multo
3209 5124 3276 5178 ah
3299 5122 3382 5177 eis
3405 5125 3627 5184 sumptu

2057 5247 2286 5312 argento
2326 5211 2606 5292 trecentos
2657 5228 2874 5301 paravit
2917 5225 3138 5280 lectos:
3183 5226 3240 5274 et
3290 5218 3344 5270 iu
3387 5211 3626 5282 publicis

2060 5332 2370 5404 porticibus
2402 5343 2498 5382 eos
2527 5326 2620 5396 qui
2657 5324 2803 5377 l‘ame
2845 5315 3082 5374 confecti
3128 5318 3310 5373 erant,
3349 5315 3630 5371 acceptos,

2060 5426 2358 5495 diligenter
2391 5429 2447 5476 et
2497 5420 2736 5486 benigne
2786 5412 2964 5468 fovit:
3011 5407 3250 5495 advenas
3293 5410 3538 5468 qucque,
3575 5405 3632 5446 et

2064 5474 2321 5495 --ηο--η-
2402 5474 2413 5476 τ
2632 5474 2660 5486 υ

2061 5518 2199 5571 alios
2237 5514 2330 5584 qui
2377 5514 2562 5582 inopia
2611 5509 3006 5578 aliligerenlur,
3045 5474 3358 5550 humaititer
3391 5488 3628 5544 curavit.

2061 5609 2228 5680 quue
2272 5607 2538 5675 tantisper
2569 5603 2700 5656 fecit
2722 5639 2738 5664 ,
2770 5599 2898 5652 dum
2932 5593 3104 5646 fames
3132 5587 3206 5641 ibi
3242 5595 3328 5641 est
3354 5591 3624 5654 grassata.

2059 5676 2289 5758 Ea'vero
2317 5698 2564 5768 depulsa,
2597 5695 2711 5763 ipse
2735 5689 2800 5744 ad
2829 5682 3190 5758 philosophia:
3219 5694 3332 5734 suae
3355 5676 3628 5731 ollicinam

2061 5809 2336 5860 reversus,
2381 5790 2454 5846 ibi
2489 5799 2692 5858 paucos
2725 5790 2844 5855 post
2877 5780 2993 5834 "ics
3033 5776 3143 5831 vita
3187 5781 3270 5829 est
3304 5769 3626 5826 defunctus.
