3988 6190
383 367 487 429 287

1604 325 2029 424 mesmoui
2069 364 2420 426 CALLISTI

3547 361 3658 424 9.88

386 473 444 526 In
518 469 757 527 Ecclesia
833 469 1022 526 clerici
1097 467 1469 524 ministerium
1528 470 1792 534 sumpsit.
1847 469 1964 524 Vita

2072 469 2378 532 ἐποιοῦντο,
2417 469 2558 522 ἀλλά
2593 486 2655 538 γε
2685 469 2764 540 τῷ
2799 467 2894 522 τοῦ
2927 465 3261 536 φαινομένου
3292 465 3526 525 εὐτελεῖ,
3563 466 3659 517 καὶ

383 569 566 615 autem
599 561 902 616 mouasrica
936 559 1293 628 percelebris,
1323 574 1389 613 ex
1421 573 1581 626 inquo
1608 575 1734 612 eum
1770 560 1836 613 iis
1865 559 1962 628 qui

382 653 724 721 episcopatu.
758 651 1040 714 doctrina,
1076 659 1132 703 et
1164 650 1285 703 vita:
1318 651 1616 705 sanctitate
1649 650 1781 704 clari
1814 661 1964 718 sunt,

383 742 659 796 laudatur.
694 741 817 796 llaac
860 755 1032 808 pauca
1073 755 1140 794 ex
1185 739 1405 802 multis,
1438 755 1560 808 qua:
1587 740 1656 793 ab
1701 739 1962 809 Ephraim

385 843 534 888 recte
565 833 763 902 pieque
797 834 941 886 facta
968 840 1121 893 sunt.
1150 832 1411 886 diximus.
1448 831 1555 885 lies
1581 847 1814 901 namque
1841 834 1962 904 ejus

381 940 570 978 omnes
599 925 642 978 si
681 940 780 992 pro
811 925 1086 993 dignitate
1119 940 1311 979 earum
1353 940 1628 993 exponere
1664 940 1764 977 nos
1795 940 1960 992 Opor-

383 1025 546 1079 terct,
577 1026 672 1071 aut
704 1017 871 1071 etiam
915 1018 1154 1072 aliorum
1187 1018 1281 1087 qui
1317 1027 1431 1070 tum
1467 1017 1519 1070 in
1553 1016 1746 1070 eodem
1779 1017 1960 1086 philo-

379 1108 648 1176 sepbandi
700 1125 906 1179 genere
962 1110 1363 1172 elaborarunt,
1413 1108 1694 1178 quomodo
1748 1108 1960 1162 scilicet

378 1213 570 1253 eorum
603 1201 842 1269 quisque
877 1202 1101 1263 vixerit,
1148 1210 1204 1254 et
1235 1201 1382 1269 quali
1439 1217 1654 1254 morum
1703 1199 1957 1253 instituto

2065 561 2145 631 τῷ
2174 562 2339 632 μηδὲν
2369 563 2657 631 διαφέρειν
2685 561 2796 615 τῶν
2825 561 3041 615 πολλῶν
3070 560 3256 613 δοκεῖν
3275 600 3290 623 ,
3320 559 3658 620 κλέπτοντες

2064 651 2203 723 ἦσαν
2239 659 2339 722 τὴν
2381 655 2670 723 ἐργασίαν,
2706 655 2798 707 τὸν
2824 654 2884 720 ἐξ
2921 653 3237 723 ἀνθρώπων
3275 651 3502 703 ἔπαινον
3529 649 3661 703 διω-

2065 745 2344 816 θούμενοι.
2402 747 2508 801 Τὸν
2551 746 2659 815 γάρ
2699 745 2836 800 Θεὸν
2887 747 3050 816 μόνον
3098 744 3355 814 μάρτυρα
3402 741 3514 793 τῶν
3560 758 3664 792 πε-

2065 838 2403 906 πραγμένων
2461 837 2817 909 ποιούμενοι,
2876 838 3080 898 ἥκιστα
3132 836 3232 906 τῆς
3295 834 3660 904 ἀνθρωπίνης

2066 929 2225 995 δόξης
2271 929 2677 983 ἀντεποιοῦντο.
2715 927 2851 997 Περὶ
2910 928 3010 996 μὲν
3067 923 3163 980 οὖν
3210 923 3424 996 ἀνδρῶν
3462 923 3512 976 οἳ
3561 924 3664 976 ἐπὶ

2064 1019 2166 1088 τῆς
2207 1021 2492 1090 παρούσης
2545 1019 2846 1090 ἡγεμονίας
2894 1018 3318 1088 φιλοσοφοῦντες
3363 1013 3526 1088 ἦσαν,
3561 1015 3663 1068 καὶ

2066 1113 2207 1164 κατά
2239 1113 2438 1181 νόμους
2481 1113 2814 1180 Ἐκκλησίας
2849 1113 3256 1181 ὴκριϐωμένως
3301 1111 3408 1163 ἀνά
3454 1111 3566 1162 πᾶν
3596 1107 3662 1161 τὸ

2065 1202 2308 1271 ὑπήκοον
2335 1204 2736 1265 ἐπολιτεύοντο,
2770 1203 2898 1256 τάδε
2930 1204 3126 1269 ἔγνων.

381 1307 515 1345 usus
555 1294 661 1356 sit,
706 1295 884 1364 qualis
933 1295 1048 1364 ipse
1095 1293 1231 1358 fuit,
1278 1294 1551 1362 scriptore
1597 1302 1748 1348 esset
1794 1307 1957 1361 Opus.
1997 1292 2044 1347 A
2112 1295 2273 1350 nobis
2300 1306 2450 1350 certe
2485 1297 2708 1362 quidem
2778 1297 2830 1350 id
2865 1296 3112 1365 praestari
3144 1295 3374 1349 omnino
3401 1308 3509 1347 non
3544 1309 3651 1361 po-

383 1397 511 1455 test,
539 1403 664 1442 cum
698 1398 922 1457 propter
945 1387 1209 1440 orationis
1232 1395 1287 1440 et
1309 1386 1433 1456 styli
1468 1387 1811 1448 tenuitatem,
1842 1395 1956 1440 tum
1997 1387 2146 1456 quod
2181 1403 2271 1443 res
2337 1403 2530 1442 eorum
2559 1389 2865 1443 rectissime
2887 1398 3068 1456 gestas
3099 1388 3438 1456 ignoramus.
3509 1383 3655 1438 Nam

380 1486 604 1538 illorum
639 1482 796 1535 multi
828 1481 884 1534 in
913 1479 1047 1535 solis
1079 1479 1343 1547 degentes
1374 1480 1534 1544 locis,
1571 1489 1629 1533 ut
1661 1480 1960 1548 plurimum
2002 1481 2234 1535 latuere.
2299 1481 2454 1546 Quod
2485 1482 2530 1536 si
2566 1481 2816 1534 nonnulli
2849 1480 2902 1534 in
2964 1480 3198 1534 urbibus
3228 1479 3508 1533 domicilia
3541 1494 3644 1533 sua

381 1574 661 1637 habuere,
695 1572 842 1640 quod
881 1573 1018 1625 viles
1061 1585 1184 1625 esse
1216 1578 1582 1639 apparerent,
1624 1580 1682 1624 et
1755 1569 1892 1624 nihil
1959 1569 2030 1624 ab
2070 1570 2194 1624 aliis
2245 1569 2470 1624 ditferre
2516 1569 2860 1633 viderentur,
2909 1569 3168 1624 consulto
3211 1569 3458 1622 actiones
3506 1583 3643 1622 suas

377 1665 658 1719 celarunt.
697 1663 861 1734 715
893 1663 1028 1718 Nam
1064 1663 1301 1716 humana
1336 1662 1499 1717 laude
1565 1661 1877 1730 repudiata,
1946 1661 2175 1731 soloque
2240 1663 2348 1715 Deo
2373 1671 2619 1717 actorum
2661 1677 2889 1715 suorum
2923 1670 3061 1717 teste
3087 1660 3379 1723 advocato,
3413 1661 3648 1714 minime

377 1760 448 1812 ab
487 1757 812 1810 hominibus
841 1757 1080 1826 gloriam
1119 1766 1248 1808 sunt
1283 1755 1567 1824 aucupati.
1601 1754 1782 1824 Atque
1812 1754 2072 1824 equidem
2140 1755 2208 1810 de
2275 1756 2412 1809 viris
2474 1756 2566 1825 qui
2600 1754 2821 1825 imperii
2857 1756 2975 1824 ejus
3003 1763 3251 1822 tempore
3282 1756 3647 1808 monasticam

383 1849 805 1920 philosophiam
849 1857 981 1902 sunt
1031 1847 1252 1910 sectati,
1286 1858 1343 1901 et
1385 1848 1689 1902 secundum
1741 1847 2000 1902 Ecclesiw
2041 1847 2190 1916 leges
2261 1848 2501 1917 perfecte
2543 1856 2597 1902 et
2634 1853 2826 1900 exacte
2859 1845 2912 1899 in
2948 1845 3228 1916 plerisque
3271 1845 3507 1900 Romani
3543 1845 3654 1900 im-

380 1940 518 2008 perii
551 1940 688 1993 locis
721 1948 835 1992 tum
871 1939 1039 1993 vitam
1075 1952 1331 2007 exegere,
1365 1936 1482 1992 ὶιωιι
1515 1938 1651 1992 mihi
1681 1948 1966 2007 comperta
2000 1946 2152 1992 sunt.

958 2070 1188 2127 CAPUT
1230 2072 1396 2126 XVII.

485 2189 564 2244 De
615 2189 884 2259 Didymo:
929 2186 1052 2241 item
1115 2187 1176 2239 de
1215 2188 1377 2259 Aetio
1430 2196 1479 2240 et
1528 2185 1854 2257 Apollinari,

1038 2257 1323 2310 haereticis.

450 2373 823 2443 Temporibus
863 2379 1048 2426 autem
1083 2349 1168 2426 eis
1205 2370 1391 2426 clarus
1429 2371 1596 2426 etiam
1640 2369 1745 2425 fuit
1781 2369 1961 2426 eccle-

377 2468 636 2524 siasticus
661 2467 906 2535 scriptor
934 2464 1218 2544 Didymus,
1245 2463 1447 2519 schola:
1478 2479 1766 2519 sacrarum
1798 2464 1961 2519 disci-

380 2563 652 2631 plinarum
685 2557 1036 2613 Alexandria:
1081 2556 1401 2626 prrefectus.
1437 2557 1628 2628 Neque
1675 2572 1810 2612 vero
1839 2557 1962 2611 lau-

377 2657 503 2710 dcm
528 2655 581 2708 in
604 2670 668 2709 ea
695 2651 1015 2708 eruditione
1045 2659 1257 2706 tantum
1284 2651 1518 2706 meritus
1548 2652 1751 2713 fuerat,
1769 2665 1960 2705 verum

375 2750 542 2803 etiam
573 2762 739 2802 omne
770 2763 946 2819 genus
972 2746 1204 2802 alterius
1233 2746 1520 2816 sapientiae
1549 2761 1766 2800 summo
1797 2759 1964 2800 exco-

381 2845 558 2894 luerat
615 2841 823 2895 studio.
889 2839 1170 2893 Poeticam
1238 2853 1479 2903 namque
1545 2846 1603 2890 et
1661 2837 1961 2890 oratoriam

379 2929 778 2999 perfectissime
823 2929 1140 2992 didicerat;
1186 2929 1254 2982 de
1297 2927 1637 2980 astronomia
1683 2938 1867 2982 autem
1906 2936 1963 2983 et

378 3023 705 3093 geometria,
747 3035 1222 3089 numerorumque
1257 3018 1713 3088 proportionibus
1745 3030 1802 3074 et
1830 3035 1964 3075 con-

381 3112 677 3168 venientiis
724 3112 862 3166 nihil
895 3127 1023 3166 eum
1073 3112 1303 3166 latebat.
1349 3111 1406 3164 ln
1443 3110 1690 3165 diversas
1716 3111 1960 3181 philoso-

380 3209 618 3274 phorum
655 3203 949 3274 opiniones
993 3213 1144 3258 tanta
1184 3203 1534 3267 incubuerat,
1565 3213 1625 3258 ut
1651 3221 1746 3259 cas
1773 3216 1963 3261 exacte

382 3295 749 3367 perdisceret,
797 3311 955 3359 cura,
1009 3307 1070 3349 ut
1118 3304 1383 3366 prmterca
1430 3296 1580 3350 aliud
1632 3297 1770 3350 nihil
1821 3298 1964 3354 scire

377 3390 666 3444 videretur
717 3407 730 3443 :
778 3405 902 3459 quae
948 3403 1080 3442 sane
1133 3388 1316 3444 omnia
1353 3390 1610 3444 acumine
1657 3391 1858 3444 mentis
1909 3399 1964 3445 et

377 3482 686 3538 auditionis
726 3490 1077 3551 perceperat.
1115 3479 1170 3532 lu
1209 3481 1444 3549 pueritia
1496 3496 1734 3550 namque
1781 3481 1960 3536 visum

378 3591 610 3647 prorsus
655 3575 865 3640 amisit,
901 3589 1027 3629 cum
1071 3574 1347 3627 elementa
1394 3575 1570 3642 prima
1615 3575 1878 3628 discenda
1909 3575 1960 3630 ei

377 3678 586 3724 essent.
631 3668 893 3738 Ephebus
931 3681 1060 3720 vero
1099 3666 1300 3720 artium
1345 3665 1658 3720 liberaliqu
1694 3667 1966 3722 eruditio-

380 3776 506 3815 nem
542 3759 840 3822 adamavit,
888 3767 1054 3828 atque
1097 3757 1153 3812 in
1213 3757 1422 3814 scholis
1459 3768 1830 3828 praeceptores
1868 3774 1967 3812 au-

377 3852 566 3908 diebat
604 3860 840 3906 tantum.
883 3849 960 3904 Eo
994 3865 1126 3904 vero
1158 3851 1444 3920 sapientia:
1495 3849 1652 3904 brevi
1713 3849 1968 3921 pervenit

378 3944 742 4016 alllpllllldlne
785 3953 841 3999 et
869 3943 1154 3999 celeritate
1185 3943 1420 4014 ingenii,
1446 3953 1505 3998 ut
1543 3941 1968 3998 mathematica-

381 4057 504 4095 rum
538 4041 738 4095 artium
779 4029 1041 4104 obscura,
1093 4047 1148 4092 et
1202 4037 1603 4093 theorematium
1637 4036 1968 4106 speculatio-

380 4149 622 4204 numque
637 4148 832 4187 arcana
849 4131 1196 4188 exactissime
1212 4130 1632 4186 addidicerit.Et
1648 4145 1772 4186 cum
1790 4143 1966 4185 caecus

379 4237 546 4293 esset,
588 4227 894 4281 litterarum
935 4227 1188 4280 notitiam
1227 4241 1489 4280 manuum
1526 4227 1966 4283 contrectatione

383 4330 666 4374 assecutus
683 4333 804 4374 esse
829 4319 1032 4374 dicitur
1057 4335 1072 4371 :
1097 4334 1222 4372 nam
1238 4333 1428 4372 earum
1461 4319 1666 4372 formas
1689 4319 1745 4372 in
1782 4318 1965 4373 tabula

384 4417 552 4465 altius
583 4411 926 4479 cxseulptas,
960 4411 1165 4481 saepius
1212 4410 1489 4482 tangendo
1537 4412 1814 4480 cognovit.
1848 4413 1966 4468 Alia

387 4520 577 4573 porro,
612 4512 670 4556 ut
713 4502 976 4573 syllabas,
1017 4503 1442 4571 litterarumque
1474 4503 1875 4566 connexiones,
1911 4511 1968 4558 et

385 4615 507 4666 qua:
542 4597 739 4652 ordine
781 4604 1203 4666 consequuntur
1232 4606 1459 4660 caetera,
1495 4603 1722 4666 propter
1755 4604 1968 4650 naturae

386 4707 644 4757 acumen,
701 4690 886 4743 animo
929 4695 986 4742 et
1035 4687 1227 4742 auditu
1278 4688 1639 4758 pervestigata
1694 4687 1960 4760 percepit.

1998 2075 2048 2135 Β

2669 2075 2918 2130 ΚΕΦΑΛ.
2962 2077 3062 2130 1Ζ’.

2060 2184 2202 2253 Περὶ
2237 2183 2521 2254 Διδύμου,
2584 2185 2806 2240 Ἀετίου
2863 2188 2962 2256 καὶ
3032 2185 3490 2256 ’Δπολλιναρίου
3538 2189 3664 2244 τῶν

2677 2255 3013 2324 αΙρετικῶν.

2133 2371 2360 2437 Καιροϊς
2389 2367 2434 2422 δ’
2457 2368 2688 2432 ικείνοις
2713 2368 2809 2424 καὶ
2836 2371 2865 2422 ό
2899 2367 3365 2440 ἐκκλησιαστικδς
3399 2390 3661 2444 συγγραο

2062 2463 2196 2530 φεὺς
2232 2461 2462 2530 Δίδυμος
2493 2461 2844 2531 ὲγνωρίζετο,
2881 2462 2982 2528 τῆς
3022 2463 3081 2516 ιν
3127 2463 3512 2538 Ἀλεξανδρείᾳ
3541 2468 3666 2523 δια-

2061 2553 2252 2623 τριΰῆς
2291 2556 2692 2623 προϊστάμενος
2717 2555 2827 2607 τῶν
2859 2555 3023 2626 ιερῶν
3062 2557 3431 2629 μαθημάτων.
3464 2554 3576 2614 Ἦν
3598 2562 3665 2616 δὶ

2061 2647 2122 2698 ού
2151 2646 2311 2716 μόνον
2331 2646 2390 2698 ὲν
2419 2647 2600 2716 τούτῳ
2623 2647 2684 2699 τὸ
2699 2647 2924 2716 δόκιμος
2941 2641 3084 2702 εἶναι
3108 2651 3496 2721 κτησάμενος,
3519 2653 3667 2708 ἀλλὰ

2064 2740 2158 2791 καὶ
2188 2737 2290 2802 τῆς
2316 2738 2486 2809 ἄλλης
2509 2739 2864 2810 παντοδαπῆς
2895 2741 3090 2810 σοφίας
3123 2743 3214 2796 ἐπ’
3233 2744 3463 2814 ἀκριϐὲς
3494 2746 3662 2818 ἔχων.

2065 2835 2203 2900 Τούς
2226 2853 2284 2888 τε
2319 2837 2422 2905 γάρ
2456 2837 2688 2907 ποιητάς
2715 2838 2808 2891 καὶ
2843 2841 3080 2909 ῥήτορας
3114 2841 3196 2903 είς
3225 2841 3397 2911 ἄκρον
3424 2843 3666 2913 ἧσκητοο

2065 2929 2432 3000 ἀστρονομίας
2448 2931 2518 2991 ,δὲ
2546 2932 2641 2984 καὶ
2673 2934 3018 3002 γεωμετρίας
3054 2933 3148 2986 καὶ
3175 2934 3434 3004 ἀριθμῶν
3463 2936 3670 2990 ἀναλοο

2066 3024 2191 3093 γίας
2215 3024 2368 3078 οὐδὲν
2401 3025 2598 3096 ἐκείνῳ
2639 3029 2869 3096 παρεῖτο
2899 3025 3082 3079 λαθόν.
3135 3027 3260 3080 Ἐπὶ
3286 3028 3446 3081 τόσον
3479 3029 3668 3094 δὲτὰς

2066 3117 2358 3188 διαφόρους
2390 3117 2548 3181 δόξας
2581 3117 2691 3169 τῶν
2720 3119 3027 3186 φιλοσόφων
3050 3119 3388 3188 ἠκρίϐωσεν,
3416 3118 3491 3181 ὠς
3527 3119 3668 3174 ἄλλο

2069 3207 2236 3278 μηδὲν
2279 3208 2480 3261 εἰδέναι
2521 3208 2734 3260 δοκείνο
2782 3207 2818 3260 ά
2846 3207 2910 3277 δὴ
2941 3209 3120 3260 πάντα
3171 3209 3246 3275 νῷ
3299 3226 3359 3260 τε
3389 3210 3484 3263 καὶ
3515 3211 3664 3280 ἀκοῇ

2068 3300 2503 3371 προσεκτήσατο.
2537 3301 2749 3370 Νήπιος
2781 3303 2892 3370 γὰρ
2930 3301 3161 3369 πάμπαν
3194 3301 3396 3368 τυςλδς
3427 3303 3670 3370 γενόμε-

2067 3409 2188 3456 νος,
2220 3393 2300 3454 είς
2351 3393 2549 3461 πεῖραν
2607 3392 2779 3461 μόνην
2831 3392 2941 3443 τῶν
2992 3392 3279 3460 στοιχείων
3321 3391 3522 3446 ὲλθείν.
3563 3393 3668 3456 Εἰς
3713 3455 3717 3458 η

2065 3482 2306 3551 ἐφήϐους
2345 3482 2401 3535 δὲ
2455 3483 2794 3553 παρελάσας,
2830 3484 2930 3552 τῆς
2980 3483 3090 3536 τῶν
3130 3484 3304 3552 λόγων
3350 3484 3664 3555 ἐρασθῆναι

2067 3574 2338 3638 παιδείας.
2371 3576 2479 3628 Καὶ
2501 3575 2566 3644 δὴ
2588 3576 2701 3638 τοῖς
2731 3575 3128 3638 διδασκαλείοις
3157 3593 3386 3644 φοιτων,
3407 3579 3665 3650 ἠκροᾶτο

2069 3666 2254 3736 μόνον.
2307 3667 2400 3729 Εἰς
2434 3667 2590 3720 τόσον
2639 3667 2688 3720 δ’
2715 3663 2818 3740 ἧκε
2857 3667 3052 3736 σοφίας
3085 3668 3152 3721 δι’
3185 3669 3395 3738 ὀλίγον,
3431 3672 3663 3740 μεγέθει

2067 3761 2161 3813 καὶ
2193 3759 2349 3829 τάχει
2385 3759 2620 3828 φύσεως,
2655 3758 2730 3822 ὡς
2759 3760 2853 3812 καὶ
2893 3759 2964 3813 τὰ
2995 3758 3105 3812 τῶν
3138 3761 3486 3831 μαθημάτων
3520 3778 3662 3815 σκοο

2067 3851 2178 3919 λιὰ,
2206 3855 2300 3907 καὶ
2330 3853 2621 3926 ἀπόρρητα
2652 3855 2761 3907 τῶν
2793 3853 3195 3925 θεωρημάτων,
3225 3856 3306 3915 εἰς
3342 3854 3515 3924 ἄκρον
3545 3874 3664 3926 μα-

2069 3944 2203 4000 θεῖν.
2237 3945 2450 4014 Τυφλὸν
2483 3946 2527 3998 δ’
2573 3945 2703 3999 ὄντα
2739 3946 2959 4016 λέγεται
3005 3947 3202 4016 μαθεῖν
3234 3951 3302 4002 τὰ
3341 3950 3661 4021 γράμματα

2065 4041 2132 4109 τῇ
2166 4040 2278 4111 ἀφῇ
2323 4039 2422 4110 τῆς
2453 4041 2658 4112 χειρός.
2691 4040 2832 4104 Τοὺς
2867 4042 2977 4112 γὰρ
3008 4039 3116 4095 τῶν
3160 4045 3507 4112 γραμμάτων
3555 4045 3658 4098 τύ-

2069 4149 2229 4197 πους,
2265 4131 2440 4185 σανίδι
2479 4133 2559 4194 είς
2596 4131 2762 4201 βάθος
2793 4133 3259 4203 ὲνσημανθέντας,
3288 4137 3661 4206 ὲπαφώμενον

2067 4225 2301 4296 γνῶναι·
2335 4223 2404 4278 τά
2448 4223 2494 4277 δ’
2526 4223 2686 4291 ἄλλα,
2738 4224 3011 4292 συλλαϐάς
3060 4225 3157 4278 καὶ
3204 4225 3383 4294 μίξεις
3440 4229 3535 4282 καὶ
3584 4228 3661 4283 τὰ

2067 4319 2216 4390 ἑξῆς,
2255 4317 2496 4381 διανοίας
2549 4317 2772 4388 ὀξύτητι
2801 4317 2879 4388 τῷ
2927 4317 3004 4386 νῷ
3057 4317 3296 4388 θηρᾶσαι
3342 4321 3442 4374 καὶ
3489 4323 3656 4394 ἀκοῇ.

2067 4414 2266 4482 Θαῦμα
2297 4412 2341 4466 δ’
2375 4409 2442 4485 ἦν
2475 4413 2716 4478 ἐξαίσιον
2741 4413 2836 4466 καὶ
2865 4414 3202 4481 ἀκουόμενος
3224 4414 3322 4466 καὶ
3350 4415 3656 4486 ὁρώμενος.

2069 4504 2264 4558 Πολλοὶ
2299 4504 2400 4573 μὲν
2433 4500 2527 4559 οὖν
2560 4508 2658 4559 καὶ
2689 4506 2771 4568 είς
2822 4504 3238 4576 ’Δλεξάνδρειαν
3270 4501 3430 4577 ἧκον,
3466 4510 3516 4560 oi
3553 4509 3659 4576 μὲν

2069 4597 2211 4650 κατὰ
2231 4597 2358 4650 θέαν
2397 4597 2568 4667 μόνην
2597 4597 2844 4667 τάνδρὸς,
2871 4600 2922 4650 οἱ
2947 4599 3001 4651 δὲ
3037 4601 3128 4652 καὶ
3163 4601 3263 4668 τῆς
3292 4599 3517 4670 ἐνούσης
3540 4607 3657 4666 τοῖς

2073 4693 2255 4760 λόγοις
2287 4693 2508 4764 χάριτος
2543 4693 2924 4762 ἀκουσόμενοι.
2956 4695 3066 4762 Τῆς
3097 4695 3140 4746 δ’
3171 4697 3230 4748 ὲν
3259 4693 3464 4766 Νικαίᾳ
3495 4696 3656 4766 δόξης

389 4783 843 4852 l‘rwcipuumque
877 4783 994 4852 ipse
1041 4781 1374 4836 miraculum
1415 4781 1542 4846 fuit,
1591 4796 1717 4835 cum
1749 4780 1964 4836 audire-

2069 4784 2526 4854 ύπεριστάμενος,
2597 4786 2892 4854 Ἀρειανοῖς
2937 4787 3320 4843 ἀντετάσσετο.
3367 4783 3556 4859 Ἥγχε
3595 4790 3652 4842 δὲ

388 4887 478 4928 ιιιι·
508 4884 564 4929 et
591 4875 1040 4944 conspiceretur.
1085 4874 1247 4929 Multi
1277 4874 1505 4943 quidem
1538 4873 1624 4927 vel
1677 4882 1737 4928 ut
1780 4873 1963 4928 virum

385 4983 512 5021 eum
565 4977 776 5022 tantum
819 4967 1094 5032 viderent,
1145 4967 1231 5021 vel
1282 4976 1340 5020 ut
1382 4981 1607 5020 suavem
1643 4974 1967 5036 gratamque

386 5063 506 5128 ejus
538 5061 842 5116 orationem
868 5061 1145 5126 audirent,
1180 5059 1570 5115 Alexandriam
1595 5073 1821 5114 venere.
1859 5057 1966 5113 Pro

384 5155 625 5209 Nicaanis
678 5167 814 5206 vero
859 5152 1099 5207 decretis
1145 5167 1417 5222 pugnans,
1471 5151 1690 5205 Arianis
1739 5150 1965 5213 restitit,

386 5263 592 5317 eosque
614 5245 886 5302 orationis
915 5259 1028 5298 sua:
1062 5243 1312 5304 suadela.
1350 5243 1515 5312 716
1537 5257 1702 5311 quam
1731 5240 1780 5295 vi
1817 5240 1965 5294 nulla

386 5342 656 5396 adhibere
689 5339 1004 5403 videbatur,
1037 5337 1259 5408 pressit.
1296 5336 1364 5390 Et
1395 5335 1464 5389 ad
1507 5350 1606 5390 eos
1635 5335 1730 5404 qui
1775 5349 1964 5388 secum

389 5433 767 5501 disputabant,
795 5431 963 5486 verba
1001 5430 1233 5493 faciens,
1269 5443 1454 5482 rerum
1487 5418 1966 5481 controversarum

388 5527 658 5593 judicium
697 5525 919 5580 detulit.
951 5525 1018 5579 Et
1053 5539 1178 5577 cum
1217 5521 1284 5576 ad
1331 5535 1539 5575 morem
1587 5518 1886 5589 gerendum
1916 5528 1973 5574 et

368 5618 700 5672 'cedendum
732 5619 930 5680 facilis,
970 5627 1084 5671 tum
1117 5613 1447 5670 orthodoxis
1475 5628 1542 5667 eo
1579 5612 1804 5667 nomine
1839 5612 1971 5666 cha-

396 5723 490 5761 rus
524 5709 758 5760 maxime
793 5708 918 5762 fuit.
952 5708 1062 5762 Nec
1097 5708 1166 5761 ab
1204 5707 1291 5761 bis
1327 5716 1573 5767 tantum,
1609 5706 1700 5758 sed
1737 5707 1903 5758 etiam
1940 5719 1970 5757 a

398 5799 682 5855 monachis
715 5797 983 5868 .‘Egyptiis
1012 5815 1210 5870 tnagno
1243 5799 1453 5883 honore
1481 5797 1661 5870 cultus
1690 5807 1790 5853 est.
1828 5796 1971 5852 Prac-

2066 4876 2265 4936 αύτοὺς
2297 4879 2362 4946 τῇ
2408 4876 2586 4929 πειθοῖ
2617 4876 2726 4928 τῶν
2769 4877 2966 4946 λόγων,
2999 4879 3064 4950 ἢν
3106 4880 3166 4931 ού
3203 4879 3293 4951 βίᾳ
3328 4883 3502 4934 ποιεῖν
3539 4881 3652 4934 ἐδό-

2065 4985 2173 5020 κει.
2229 4966 2353 5030 Τοίς
2383 4968 2428 5021 δ’
2478 4967 2982 5040 ἁμφιδαλλομὲνοις
3039 4969 3344 5040 προτείνων
3385 4974 3511 5035 τοὺς
3564 4972 3651 5026 λό-

2064 5078 2217 5129 γους,
2254 5061 2366 5114 τῶν
2397 5061 2824 5132 διαμαχομένων
2861 5063 2962 5130 τὴν
2997 5066 3179 5133 κρίσιν
3215 5065 3538 5132 ἐπέτρεπεν.
3592 5065 3648 5118 '0

2065 5153 2122 5206 δὲ
2159 5152 2306 5216 μάλα
2340 5152 2619 5220 πειθήνιος
2652 5147 2720 5222 ἦν
2748 5166 2762 5179 ο
2799 5153 2911 5214 τοῖς
2940 5151 2997 5205 δὲ
3039 5153 3198 5220 ὀρθὸν
3230 5152 3518 5217 δοξάζουσι
3561 5153 3648 5206 διὰ

2073 5245 2232 5297 τοῦτο
2263 5243 2524 5316 ἐράσμιος
2558 5245 2820 5313 μάλιστα.
2848 5245 2924 5296 Οὐ
2958 5244 3168 5306 τούτοις
3199 5245 3254 5298 δὲ
3290 5245 3497 5314 μόνοις,
3517 5246 3650 5299 ἀλλὰ

2077 5337 2173 5389 καὶ
2201 5337 2314 5397 τοῖς
2342 5336 2399 5386 ἐν
2434 5333 2699 5403 Αἰγύπτῳ
2734 5336 2988 5404 μοναχοῖς
3019 5334 3110 5388 διὰ
3137 5333 3304 5401 τιμῆς
3327 5335 3514 5404 ἡγετο.
3547 5332 3653 5386 Καὶ

2080 5427 2285 5497 μᾶλλον
2315 5427 2341 5476 ὁ
2365 5425 2698 5494 περιϐόητος
2719 5427 2774 5478 ἐν
2805 5425 3037 5496 ἀσκήσει
3081 5423 3368 5488 Ἀντώνιος
3399 5426 3488 5478 διὰ
3527 5425 3655 5479 θαύ-

2079 5537 2246 5588 ματος
2294 5519 2458 5572 αὐτὸν
2499 5520 2777 5571 ἐποιεῖτοο
2809 5517 2870 5571 ὃν
2914 5535 3048 5586 φασι
3094 5518 3194 5588 τὴν
3245 5518 3653 5590 ’Δλεξάνδρειαν

2077 5611 2469 5679 κατειληφότα,
2513 5610 2574 5662 τὸ
2628 5610 2848 5680 βέϐαιον
2896 5611 2994 5676 τῆς
3041 5609 3366 5664 ’Λθανασέου
3417 5612 3655 5674 πίστεως

2081 5701 2550 5772 μαρτυρούμενον,
2615 5699 2842 5756 τοιαῦτα
2899 5699 2977 5770 τῷ
3035 5699 3252 5770 Διδύμῳ
3306 5703 3520 5754 εἰπεῖν’
3576 5701 3654 5753 Οὐ

2075 5796 2271 5866 χρτὼν,
2310 5791 2353 5850 ὼ
2384 5794 2604 5865 Δίδυμε,
2635 5792 2834 5857 λύπαις
2872 5792 3072 5847 σαυτὸν
3109 5795 3390 5864 ὲκτὴκειν,
3433 5794 3658 5866 στερού-
