3988 6190
426 200 529 264 291

1646 195 2070 258 NICEPHORI
2111 197 2457 259 CALLISTI

3578 209 3692 275 292

422 313 714 370 excutiens
740 311 893 384 legit.
931 309 1136 367 Deinde
1167 309 1399 365 Tarsum
1428 307 1494 362 ad
1523 307 1850 370 Antonium,
1881 305 1979 360 Lu-

2097 308 2286 380 ζεκιὴλ
2319 308 2614 379 διδαχθεὶς,
2671 309 2918 382 ἀκρασίᾳ
2953 309 3219 382 γλώττης,
3255 315 3353 368 καὶ
3386 317 3466 388 τῷ
3497 318 3690 374 δυσσεο

421 409 586 464 ciano
615 406 846 476 martyri
888 417 1100 466 notum,
1135 403 1310 460 venit.
1346 403 1393 457 A
1427 415 1538 472 quo
1565 400 1886 470 Apostolum
1918 399 2002 454 di-

423 513 605 561 scens,
647 498 780 552 satis
815 496 906 550 diu
942 511 1066 550 cum
1109 509 1197 558 eo,
1247 508 1371 548 cum
1405 491 1589 546 adhuc
1629 492 1683 546 in
1715 490 1998 562 presbyte-

427 603 612 640 rorum
662 587 856 641 ordine
898 591 1063 646 esset,
1122 583 1346 638 mansit.
1393 582 1498 638 Ubi
1546 597 1678 637 vero
1724 581 2000 636 Antonius

422 680 666 749 episcopi
702 677 1037 732 functionem
1063 677 1329 745 suscepit.
1360 689 1542 744 neque
1568 674 1676 744 jam
1707 673 1995 736 doctrinae.

423 787 530 838 qua
571 770 788 823 Aetium
833 767 1148 831 erudiebat,
1183 780 1380 820 vacare
1427 773 1640 835 posset,
1675 765 1766 820 ille
1808 763 2000 819 Antio-

427 863 608 914 chiam
656 868 743 913 est
783 874 1060 913 reversus.
1107 857 1173 910 Et
1214 857 1290 912 ibi
1329 873 1454 912 cum
1494 872 1524 911 a
1552 857 1784 912 Leontio
1816 858 1999 913 adhuc

422 953 747 1022 presbytero
782 949 1030 1017 (Luciani
1072 951 1327 1022 martyris
1354 959 1411 1005 et
1457 950 1548 1004 hic
1575 948 1799 1004 habitus
1823 959 2000 1004 secta-

423 1042 531 1111 tor)
569 1042 888 1112 prophetas.
924 1052 1088 1110 atque
1126 1042 1180 1095 in
1225 1041 1418 1111 primis
1450 1041 1798 1096 Ezechielem
1834 1041 1999 1097 doce-

421 1141 594 1198 retur,
659 1141 884 1202 propter
929 1134 1127 1203 lingute
1159 1133 1662 1203 intemperantiam,
1695 1143 1748 1188 et
1778 1143 1999 1189 senten-

422 1227 514 1279 tia:
560 1227 921 1293 impietatem,
969 1227 1096 1280 inde
1131 1241 1322 1281 rursus
1357 1237 1443 1282 est
1476 1227 1760 1298 expulsus.
1808 1227 1996 1298 itaque

426 1318 780 1389 sophisticam
825 1335 1112 1384 exercens,
1159 1329 1215 1374 et
1250 1320 1552 1375 certamine
1595 1335 1722 1374 cum
1769 1320 1850 1375 eis
1901 1320 1995 1390 qui

417 1408 556 1460 clari
587 1424 654 1462 eo
699 1409 880 1462 studio
917 1418 1077 1462 erant
1109 1409 1494 1480 congrediens,
1533 1409 1650 1464 loca
1683 1410 1853 1464 multa
1890 1411 1997 1464 cir-

416 1502 633 1553 cumiit.
681 1501 875 1554 Postea
923 1516 1054 1553 vero
1103 1509 1157 1554 ct
1202 1501 1470 1555 medicam
1516 1509 1691 1556 artem
1738 1511 1996 1558 accurate

416 1593 627 1645 didicit.
680 1591 900 1661 Sopolis
954 1592 1007 1645 iu
1068 1592 1160 1646 tali
1203 1592 1494 1660 disciplina
1531 1593 1730 1647 doctor
1763 1594 1814 1648 ei
1863 1594 1986 1660 fuit,

414 1687 498 1738 vir
550 1685 603 1738 in
655 1700 722 1739 eo
788 1685 976 1739 studio
1046 1685 1253 1739 nemini
1302 1687 1598 1742 secundus.
1649 1687 1769 1756 ipse
1818 1689 1983 1742 etiam

413 1778 604 1833 Actius
651 1779 892 1847 Optimus
929 1779 980 1831 in
1021 1793 1088 1834 eo
1133 1779 1373 1844 habitus,
1422 1780 1666 1850 gratuito
1714 1795 1986 1850 pauperes

412 1872 644 1925 curavit.
678 1871 832 1937 Quod
871 1872 914 1925 si
947 1872 1244 1934 aliquando
1267 1883 1467 1941 egeret.
1499 1883 1665 1928 noctu
1691 1874 1757 1928 ad
1794 1890 1986 1944 quem-

411 1964 557 2032 piam
607 1964 739 2019 artis
787 1979 899 2019 suae
951 1965 1234 2035 peritum,
1283 1981 1350 2019 ne
1408 1966 1649 2021 interdiu
1707 1983 1738 2021 a
1787 1968 1985 2023 studiis

411 2056 722 2126 potioribus
755 2056 1146 2123 abduceretur,
1197 2058 1382 2114 adibat
1415 2075 1428 2111 :
1462 2070 1516 2113 et
1556 2075 1750 2113 attrum
1777 2099 1794 2127 ,
1837 2061 1983 2130 quod

408 2150 755 2204 accuratiore
813 2159 929 2204 arte
995 2149 1392 2204 elaborandum
1447 2160 1630 2216 esset,
1696 2152 1916 2222 petebat
1965 2168 1980 2208 :

410 2253 576 2311 atque
617 2257 783 2311 Opere
817 2243 1072 2297 celeriter
1097 2243 1362 2312 perfecto,
1394 2244 1543 2298 etab
1574 2244 1822 2314 ejusdem
1850 2246 1983 2301 artis

406 2333 604 2402 opiﬁce
653 2331 904 2388 mercede
935 2343 1180 2403 accepta,
1214 2335 1382 2387 vitam
1429 2335 1706 2390 toleravit.
1749 2336 1982 2390 Leontio

407 2440 542 2480 vero
570 2423 638 2478 ad
676 2426 1056 2494 episcopatum
1093 2426 1499 2480 Antiochenum
1534 2440 1750 2496 evecto,
1787 2431 1981 2486 Aetius

407 2519 476 2572 ab
499 2533 564 2572 eo
589 2517 857 2572 diaconus
882 2517 1219 2588 designatus,
1251 2529 1306 2575 et
1331 2519 1397 2574 ad
1423 2535 1623 2576 munus
1651 2522 1706 2575 in
1746 2523 1980 2580 ecclesia

297 2635 304 2638 -
405 2609 636 2664 docendi
665 2609 911 2664 delectus
937 2619 1041 2664 est.
1076 2611 1144 2664 At
1172 2611 1289 2680 ipse
1316 2611 1665 2666 diaconatum
1695 2614 1980 2685 suscipere

403 2701 640 2764 veritus,
669 2701 904 2756 docendi
935 2701 1276 2758 iunctionem
1305 2720 1412 2757 non
1453 2706 1664 2775 rejecit.
1695 2706 1870 2777 Atque
1900 2708 1977 2763 ibi

403 2793 540 2847 satis
569 2793 658 2847 diu
691 2803 960 2859 versatus,
999 2795 1386 2850 Alexandriam
1416 2797 1584 2861 venit,
1617 2799 1976 2854 Athanasium

402 2893 850 2954 oppugnaturus,
895 2885 1262 2940 Vehementer
1316 2902 1552 2955 namque
1613 2887 1680 2942 de
1738 2889 1977 2944 consub-

2103 400 2186 453 δεῖ
2217 399 2312 454 τοῦ
2357 402 2731 472 φρονήματος,
2781 403 2996 456 ἐκεῖθεν
3031 404 3342 460 ἐλαύεεται.
3383 409 3494 462 Καὶ
3541 426 3695 478 σοφι-

2103 491 2310 544 στεύων
2337 491 2501 562 διῄει,
2529 494 2609 556 εἰς
2641 493 2877 565 ἅμιλλαν
2901 495 3079 563 λόγων
3101 501 3214 560 τοῖς
3237 500 3368 566 περὶ
3395 501 3551 554 τοῦτο
3579 504 3659 556 δει

2101 584 2212 648 νοῖς
2232 585 2709 655 συμπλεκόμενος.
2744 589 2840 652 Et;
2867 589 3040 660 ἄκρον
3071 591 3119 642 δ’
3153 592 3348 644 ἔπειτα
3380 594 3481 663 τὴν
3519 598 3693 665 ἰατρο-

2100 674 2204 744 κην
2240 675 2469 746 ἤσκητο.
2502 676 2748 740 Σώπολις
2795 679 2843 732 δ’
2875 674 2944 750 ἦν
2980 681 3131 751 αὐτῷ
3167 682 3264 735 τοῦ
3302 685 3628 754 μαθήματος
3662 690 3691 741 δ

2099 765 2447 832 διδάσκαλος,
2482 770 2622 840 ἀνὴρ
2657 771 2716 823 ἐν
2750 773 3004 842 τῇτέχνῃ
3039 775 3267 843 μηδενὸς
3301 775 3440 845 ἔχων
3465 781 3534 830 τά
3563 779 3688 832 δεύο

2099 861 2522 931 τερα.Ἀριστος
2552 861 2598 914 δ’
2628 863 2688 916 ἐν
2717 861 2894 932 ταύτῃ
2933 867 3124 930 φανεὶς
3151 866 3247 917 καὶ
3290 865 3521 933 Ἀέτιος,
3557 871 3690 938 ἄμι-

2101 952 2227 1006 σθον
2275 955 2505 1025 παρεῖχε
2555 955 2667 1017 τοῖς
2709 955 2989 1024 δεομένοις
3023 959 3124 1024 τὴν
3165 957 3489 1028 θεραπείαν.
3523 962 3588 1016 Et
3628 962 3684 1015 δέ

2099 1057 2204 1093 που
2235 1040 2327 1094 καί
2354 1060 2500 1107 τινος
2528 1044 2639 1097 τῶν
2666 1045 2985 1112 ἀναγκαίων
3014 1046 3236 1114 ἐδέησεν
3262 1048 3434 1120 αὐτῷ,
3464 1051 3684 1122 νύκτωρ

2099 1137 2252 1203 παρά
2289 1152 2395 1190 τινι
2428 1137 2540 1190 τῶν
2580 1138 2894 1208 ὁμοτέχνων
2944 1142 3168 1210 φοιτῶν,
3219 1143 3306 1196 ἴνα
3341 1145 3416 1215 μὴ
3462 1147 3680 1216 ἡμέρας

2097 1228 2208 1282 τῶν
2247 1229 2683 1300 σπουδαιοτέρων
2726 1233 3016 1300 ἀπάγοιτο,
3047 1235 3173 1287 ὅσον
3212 1236 3305 1288 τοῦ
3337 1239 3564 1308 χρυσίου
3591 1257 3683 1292 τε-

2098 1321 2437 1391 χνικωτέρας
2466 1323 2637 1375 ἐδεῖτο
2660 1325 2864 1392 χειρός.
2893 1325 3066 1378 Τοῦτο
3095 1326 3151 1378 δὲ
3179 1329 3285 1396 ἄρα
3312 1330 3678 1400 ἐξεργαζόμεο

2099 1428 2189 1476 νος
2220 1413 2437 1478 θᾶττον,
2473 1416 2624 1484 παρὰ
2660 1415 2756 1468 τοῦ
2791 1418 3088 1488 ὁμοτέχνου
3130 1421 3222 1472 τὸν
3264 1424 3460 1489 μισθὸν
3491 1427 3688 1494 ἐκομί-

2098 1505 2244 1571 ζετο,
2279 1507 2378 1558 καὶ
2413 1506 2504 1561 τὸν
2543 1508 2736 1560 ἑαυτοῦ
2773 1508 2887 1578 βίον
2915 1515 3153 1582 συνεῖχε.
3188 1515 3443 1567 Λεοντίου
3482 1517 3537 1568 δὲ
3588 1518 3685 1570 τὸν

2098 1599 2198 1668 τῆς
2231 1599 2569 1670 Ἀντιοχείας
2599 1601 2786 1674 θρόνον
2820 1604 3270 1675 κληρωσαμένου,
3301 1612 3328 1662 ὁ
3352 1610 3564 1674 ’Λέτιος
3600 1616 3684 1678 εἰς

2092 1692 2372 1747 διακονίαν
2415 1695 2612 1765 ἐκείνῳ
2659 1697 3068 1768 προχειρίζεται
3093 1716 3106 1728 ·
3140 1702 3233 1754 καὶ
3262 1702 3350 1754 ἐπ’
3382 1705 3683 1773 ἐκκλησίας

2089 1779 2362 1834 διδάσκειν
2397 1783 2794 1852 προύτρέπετο.
2835 1786 2894 1837 '0
2924 1787 2979 1838 δέ
3010 1789 3146 1857 πρὸς
3179 1790 3277 1858 μὲν
3305 1791 3366 1840 τὸ
3401 1791 3682 1846 διακονεῖν

2090 1873 2411 1946 ὑπεστάλη·
2462 1876 2522 1928 τὸ
2571 1877 2628 1929 δὲ
2683 1878 2954 1932 διδάσκειν
3009 1881 3311 1950 ἀνεδέχετο.
3359 1884 3565 1938 Ἱκανὸν
3619 1889 3681 1940 δὲ

2087 1965 2377 2036 διατρίψας
2400 1968 2594 2038 χρόνον
2616 1970 2794 2022 ἐκεῖσε
2811 1973 2901 2025 ἐπὶ
2935 1973 3032 2041 τὴν
3060 1975 3474 2044 Ἀλεξάνδρειαν
3497 1997 3683 2051 παρα-

2086 2056 2298 2124 γίνεται
2335 2061 2712 2114 ἀντιπνεύσων
2748 2062 2911 2132 δῆθεν
2955 2065 3268 2136 Ἀθανασίῳ
3295 2084 3306 2095 ·
3351 2070 3522 2134 πολὺς
3567 2075 3680 2142 γάρ

2083 2145 2153 2220 ἦν
2177 2151 2317 2220 ὑπὲρ
2349 2152 2440 2205 τοῦ
2467 2155 2753 2222 ὁμοουσίου
2779 2158 2938 2226 ῥέων.
2980 2159 3137 2228 Παρά
3165 2178 3328 2214 τινων
3361 2163 3457 2228 δὲ..
3477 2167 3572 2217 καὶ
3593 2168 3680 2229 εἰς

2085 2245 2390 2316 ἐπισκοπὴν
2438 2247 2900 2318 προϐαλλομένων
2943 2253 3131 2317 αὐτὸν,
3183 2255 3446 2324 ἀπηξίου.
3500 2258 3679 2330 Πρινὴ

2088 2338 2189 2408 μὲν
2229 2334 2322 2391 οὖν
2371 2339 2570 2393 Ἀέτιον
2622 2343 2734 2403 τοῖς
2791 2341 2849 2406 ἐξ
2893 2343 3104 2414 Ἀρείου
3151 2350 3441 2416 συμμίξαι,
3482 2351 3529 2402 εί
3579 2353 3683 2403 καὶ

2082 2433 2194 2494 τοῖς
2224 2431 2281 2483 τὸ
2326 2432 2614 2498 δμοοῦσιον
2645 2435 3012 2506 πρεσϐεύουσι
3040 2437 3378 2508 διεφέροντο,
3413 2443 3534 2495 ἀλλ’
3569 2441 3674 2496 οὖν

2083 2522 2260 2591 εὐχῶν
2281 2525 2375 2576 καὶ
2405 2521 2588 2591 ὓμνων
2615 2529 2705 2578 καὶ
2739 2525 3148 2597 βουλευμάτων,
3178 2533 3271 2584 καὶ
3305 2533 3495 2602 σχεδὸν
3533 2537 3678 2589 πάν-

2083 2627 2216 2674 των,
2268 2613 2586 2667 ἐκοινώνουν
2611 2611 2917 2685 ’ἀλ-λήλοις,
2950 2618 3091 2688 πλὴν
3140 2624 3242 2693 τῆς
3273 2625 3544 2694 μυστικῆς
3580 2627 3682 2679 θυο

2083 2703 2226 2768 σίας.
2270 2705 2511 2759 Ἐκείνου
2544 2707 2601 2760 δὲ
2632 2709 2853 2779 πρώτου
2882 2712 2982 2780 τῆς
3014 2713 3347 2778 διαστάσεως
3378 2718 3678 2788 ἄρξαντος,

2079 2797 2238 2865 λόγος
2283 2799 2381 2868 τὴν
2411 2800 2693 2871 ὁμόφρονα
2733 2805 3056 2874 συναγωγὴν
3098 2809 3306 2873 πάντας
3334 2812 3458 2875 τοὺς
3489 2816 3640 2866 τοιού
3662 2845 3678 2857 ο

2084 2907 2216 2953 τους
2249 2891 2438 2961 φιλίας
2462 2895 2561 2946 καὶ
2581 2895 2873 2964 συνηθείας
2901 2897 3570 2973 δεσμοὶςδιαρρήξαντσς,
3594 2910 3682 2969 εις

404 2975 648 3029 stantiali
695 2976 1090 3046 propugnando
1143 2977 1308 3046 718
1357 2977 1688 3033 Athanasius
1738 2980 1868 3050 egit.
1913 2983 1979 3036 Et

2085 2983 2380 3037 ἀντίπαλον
2397 2988 2506 3048 τοῖς
2535 2987 2708 3048 ἄλλως
2731 2987 3020 3055 δοξάζουσι
3047 2992 3285 3061 μάλιστα
3316 3000 3680 3064 παρασκευά-

405 3081 530 3120 cum
559 3082 589 3120 a
613 3068 943 3137 quibusdam
981 3068 1049 3122 ad
1070 3069 1446 3140 episcopatum
1483 3071 1674 3127 Aetius
1703 3073 1976 3144 recipien-

405 3159 537 3214 dum
587 3160 834 3216 delectus
876 3168 1047 3225 esset,
1092 3161 1413 3231 dignitatem
1461 3177 1581 3216 eam
1621 3166 1973 3234 contempsit.

405 3251 549 3306 Sane
610 3261 904 3322 antequam
957 3251 1150 3308 Aetius
1209 3252 1276 3306 ad
1346 3252 1578 3310 Arianos
1639 3254 1972 3321 defecisset,

407 3343 624 3399 tametsi
656 3345 733 3399 illi
772 3345 844 3400 ab
884 3345 1172 3416 ὁμοούσιον
1215 3348 1672 3403 consubstantiale
1717 3350 1976 3420 proﬁten-

408 3438 554 3492 tibus
583 3437 946 3504 dissidebant,
977 3437 1337 3496 nihilominus
1368 3451 1549 3496 tamen
1583 3456 1793 3510 preces,
1821 3443 1974 3512 hym-

402 3541 524 3591 nos,
556 3519 783 3582 con'silia
817 3537 873 3582 et
903 3544 994 3584 res
1019 3543 1190 3599 prope
1230 3544 1422 3585 omnes
1455 3545 1579 3585 cum
1610 3531 1693 3586 eis
1724 3546 1972 3586 commu-

399 3619 684 3684 nicabant,
721 3621 956 3690 mystico
995 3620 1268 3677 duntaxat
1298 3622 1570 3678 sacriﬁcio
1607 3633 1860 3693 excepto.
1891 3624 1970 3678 Ex

396 3727 507 3782 quo
541 3720 727 3766 autem
777 3713 868 3768 ille
900 3715 1113 3783 primus
1156 3714 1529 3770 secessionem
1564 3714 1748 3770 facere
1779 3717 1966 3785 erepit,

396 3807 662 3862 omnibus
713 3809 1115 3864 consentientis
1163 3819 1513 3876 conventus,
1569 3812 1864 3876 amicitiae,
1913 3823 1969 3869 et

397 3899 824 3955 consuetudinis
854 3901 1092 3957 vinculis
1127 3902 1328 3972 ruptis,
1359 3903 1414 3958 in
1462 3903 1722 3960 adversas
1761 3905 1841 3960 eis
1873 3907 1967 3976 qui

396 3995 452 4046 in
483 3992 588 4047 alia
628 4001 814 4048 essent
859 3992 1124 4062 Opinione
1158 3994 1394 4050 maxime
1426 4005 1608 4065 partes
1647 4011 1746 4068 per
1779 3997 1972 4052 tactio-

396 4096 522 4136 nem
551 4081 853 4149 ,transiere.
904 4082 1041 4136 Tum
1084 4098 1217 4138 vero
1263 4093 1320 4138 et
1356 4085 1661 4142 Eunomius
1694 4087 1834 4142 Aetii
1885 4103 1970 4142 sa-

395 4172 619 4242 pientia:
647 4173 789 4226 [atria
823 4172 1117 4239 adductus,
1147 4189 1214 4228 ex
1245 4174 1590 4245 Cappadocia
1617 4178 1964 4234 Antiochiam

395 4263 678 4334 profectus
709 4272 814 4329 est,
866 4271 922 4318 ct
978 4265 1240 4320 Secundo
1283 4283 1342 4322 se
1379 4266 1456 4322 ibi
1487 4269 1773 4338 conjunxit
1809 4287 1822 4324 :
1869 4271 1964 4341 qui

395 4353 549 4408 illum
587 4353 746 4408 Aetio
792 4355 1137 4411 Alexandria:
1175 4359 1358 4416 adhuc
1401 4362 1643 4432 degenti,
1692 4381 1970 4421 commen-

2085 4371 2204 4436 ζων,
2269 4373 2522 4430 κελεύσει
2577 4378 2792 4434 ἐκείνου
2833 4385 3079 4457 κατεάγη
3135 4388 3200 4440 ἂν

396 4444 570 4500 davit.
602 4449 779 4516 Atque
813 4448 901 4502 hic
922 4449 1061 4504 alter
1087 4451 1245 4506 alteri
1277 4452 1599 4518 obstrictus,
1631 4456 1720 4511 ille
1751 4459 1972 4527 quidem

396 4537 620 4604 docens,
661 4539 750 4594 hic
779 4552 964 4596 autem
1006 4541 1245 4609 discens,
1289 4545 1344 4599 in
1393 4547 1568 4608 sacris
1611 4561 1840 4619 uterque
1875 4552 1974 4605 de-

394 4631 629 4686 sudabat
679 4632 968 4689 doctrinis.
1029 4637 1219 4693 Aetius
1274 4637 1430 4693 Gallo
1487 4655 1708 4710 quoque
1773 4645 1973 4701 Ca‘sari

395 4732 558 4778 notus
586 4725 688 4780 fuit
720 4743 734 4782 :
774 4728 863 4781 cui
913 4743 1036 4782 cum
1073 4729 1264 4800 religio
1295 4746 1624 4802 magnopere
1655 4751 1821 4798 curae,
1857 4748 1970 4794 tum

396 4817 498 4869 viri
533 4819 626 4885 qui
669 4823 839 4874 sacris
871 4819 1101 4892 Litteris
1135 4832 1190 4876 ct
1221 4825 1470 4880 ecclesiis
1503 4839 1785 4895 navareut,
1820 4831 1973 4887 chari

399 4908 574 4962 luere.
609 4907 958 4980 Quapropter
994 4913 1181 4966 taliunt
1213 4914 1669 4970 dissertationum
1703 4935 1886 4983 causa,
1917 4921 1971 4974 in

399 5006 502 5059 hoc
529 5013 983 5074 quoque'genere
1033 5005 1497 5075 disputationum,
1531 5020 1590 5063 ut
1637 5011 1711 5065 illi
1760 5016 1974 5083 gratior

395 5105 577 5163 esset,
626 5111 683 5150 se
735 5099 1007 5151 exercuit.
1067 5099 1255 5153 Dictus
1292 5101 1438 5154 enim
1493 5114 1569 5157 est
1623 5105 1967 5163 Aristotelica

393 5205 612 5259 quoque
643 5204 810 5259 Opera
848 5189 1166 5258 perlegisse,
1199 5201 1254 5244 et
1283 5192 1348 5244 ad
1377 5207 1474 5247 eos
1507 5196 1599 5262 qui
1667 5197 1792 5249 talia
1845 5198 1974 5253 Ale-

393 5281 640 5335 xandriaz
669 5281 935 5336 docerent
970 5281 1373 5350 l'rcqucntasse.
1413 5285 1686 5342 Czeterum
1733 5293 1878 5358 quod
1913 5294 1968 5347 in

390 5372 526 5427 Galli
563 5375 748 5427 odium
795 5385 1020 5443 prepter
1064 5390 1379 5444 perversam
1433 5395 1588 5432 suam
1647 5383 1965 5452 opinionem

395 5461 680 5526 inciderat,
705 5464 862 5533 jussu
896 5464 1043 5518 illius
1072 5473 1370 5535 utrumque
1392 5469 1442 5522 ei
1474 5485 1600 5525 crus
1629 5473 1966 5541 perfractum

391 5551 610 5613 luisset.
643 5555 747 5607 nisi
798 5553 1066 5610 Leontius
1100 5557 1478 5615 Antiochenus
1501 5561 1845 5619 dissuasione
1871 5583 1968 5621 sua

389 5645 866 5701 condenmatiouis
904 5649 1525 5710 calculum‘amovissct.
1565 5654 1764 5712 Verum
1793 5664 1967 5714 enim-

2087 3090 2180 3126 σαι
2211 3076 2555 3145 καταστῆναι
2586 3081 2784 3150 μοῖραν
2806 3096 2822 3113 ·
2857 3083 2978 3136 τότε
3006 3083 3063 3137 δὲ
3093 3087 3188 3138 καὶ
3227 3087 3493 3158 Εὑνόμιος
3527 3094 3682 3147 κατὰ

2087 3169 2267 3222 πίστιν
2295 3170 2393 3239 τῆς
2430 3172 2641 3226 Ἀετίου
2685 3175 2876 3243 σοφίας
2935 3178 3019 3240 είς
3056 3178 3390 3251 Ἀντιόχειαν
3417 3184 3481 3236 ἐκ
3513 3185 3683 3238 Καπ-

2085 3259 2349 3323 παδοκίας
2389 3261 2673 3333 Σεκούνδῳ
2726 3267 3035 3336 συνέμιξεν.
3085 3270 3148 3322 ’0
3175 3270 3232 3324 δὲ
3275 3271 3439 3325 αὐτὸν
3477 3275 3682 3346 Ἀετίῳ

2085 3353 2440 3425 συνέστησεν,
2487 3357 2546 3409 ἐν
2587 3357 2971 3431 ’Λλεξανδρείᾳ
3022 3363 3359 3435 διατρίϐοντι
3400 3367 3504 3424 ἐτι.
3563 3372 3684 3422 Καὶ

2085 3446 2357 3516 συνήστην
2405 3447 2611 3518 ἄμφω·
2642 3452 2670 3503 ὁ
2701 3451 2800 3519 μὲν
2850 3453 3144 3520 διδάσκων,
3181 3458 3211 3509 ὁ
3260 3458 3318 3512 δὲ
3351 3461 3463 3522 τοῖς
3502 3462 3684 3532 ἱεροῖς

2085 3536 2407 3608 μαθήμασιν
2464 3541 2889 3612 ἐνασκούμενος.
2948 3547 3232 3619 Γνώριμος
3288 3550 3345 3604 δὲ
3405 3555 3680 3621 δἈέτιος

2079 3632 2173 3684 καὶ
2204 3632 2394 3701 Γάλλῳ
2415 3635 2658 3703 ἐγεγόνει
2680 3637 2758 3707 τῷ
2778 3639 3040 3710 Καίσαρι,
3065 3644 3235 3696 πολὺν
3252 3648 3350 3715 τῆς
3371 3647 3680 3718 θρησκείας

2077 3720 2236 3790 λόγον
2271 3725 2606 3796 ποιουμένῳ,
2652 3728 2751 3783 καὶ
2799 3733 2910 3794 τοῖς
2957 3736 3089 3806 περὶ
3121 3733 3317 3803 λόγους
3364 3739 3544 3810 ἱεροὺς
3572 3749 3678 3799 καὶ

2078 3817 2377 3885 ἐκκλησίας
2425 3821 2747 3891 ἐσχολακόσι
2799 3827 3069 3896 χαίροντι.
3113 3831 3220 3883 Kal.
3267 3835 3334 3903 τῇ
3391 3836 3675 3905 ετροφάιτιι

2077 3907 2189 3962 τῶν
2227 3909 2488 3964 τοιούτων
2534 3912 2828 3979 διαλέξιων
2866 3917 3026 3973 τοῦτο
3056 3921 3115 3974 τὸ
3173 3917 3314 3986 εἶδος
3362 3926 3677 3998 ἀσκηθῆναι

2075 3999 2188 4053 τῶν
2235 4001 2432 4069 λόγων,
2487 4005 2576 4059 ἵνα
2624 4006 2825 4075 μᾶλλον
2866 4009 3073 4084 ἀρέσκῃ
3100 4028 3113 4040 ·
3169 4013 3391 4082 ἐλέγετο
3433 4021 3539 4092 γάρ
3573 4025 3675 4100 κιο).

2073 4093 2164 4146 διά
2195 4095 2306 4148 τῶν
2352 4097 2763 4164 Ἀριστοτέλους
2804 4104 3149 4175 μαθημάτων
3180 4109 3358 4162 ἐλθεῖν
3380 4127 3394 4141 ·
3434 4115 3527 4165 καὶ
3550 4093 3674 4178 τοῖς

2073 4187 2250 4240 ταῦτα
2298 4187 2617 4244 διδάσκουσι
2710 4196 2967 4264 φοιτῆσαι
3023 4199 3146 4250 κατ’
3215 4198 3666 4274 Ἀλεξάνδρειαν

2075 4276 2190 4329 ἀλλ’
2216 4281 2292 4343 είς
2323 4279 2525 4351 ἔχθραν
2556 4284 2745 4356 Γάλλῳ
2775 4289 3059 4354 καταστὰς
3091 4291 3167 4352 ὡς
3197 4295 3271 4364 μὴ
3301 4297 3484 4360 καλῶς
3511 4299 3669 4364 δοξάο

3242 4389 3306 4442 ἐκ
3350 4391 3498 4444 δυεῖν
3547 4400 3668 4447 τοῖν

2080 4463 2315 4529 σκελοῖν,
2359 4467 2407 4518 εί
2447 4467 2523 4539 μὴ
2558 4470 2585 4520 ὁ
2613 4470 2715 4540 τῆς
2753 4470 3084 4544 Ἀντιοχείας
3111 4478 3366 4542 Λεόντιος
3404 4488 3670 4550 μεταπεί-

2079 4570 2202 4618 σας,
2224 4555 2321 4626 τὴν
2345 4559 2818 4626 καταδικάζουσαν
2849 4567 3031 4618 ἀνεῖλε
3054 4568 3257 4638 ψῆφον.
3293 4574 3404 4627 Καὶ
3432 4578 3510 4635 είς
3534 4577 3666 4630 θέαν

2076 4647 2152 4716 τῷ
2187 4647 2372 4719 Γάλλῳ
2407 4652 2724 4720 γενόμενος,
2757 4655 2911 4722 φίλος
2947 4660 3004 4712 ἐν
3037 4663 3148 4724 τοῖς
3183 4665 3420 4728 μάλιστα
3467 4669 3657 4734 ἐγεγὸ-

2076 4757 2175 4802 νει,
2226 4743 2321 4794 καὶ
2359 4745 2494 4814 πρδς
2544 4745 2833 4803 Ἰουλιανὸν
2888 4753 3091 4824 ἐστάλη
3166 4757 3452 4826 πολλάκις,
3494 4763 3652 4829 ἠιίκα

2079 4833 2215 4900 πρὸς
2232 4833 2589 4907 Ἕλληνισμδν
2607 4842 2920 4896 ἀποκλίνειν
2942 4847 3148 4900 ἐκεῖνον
3200 4852 3492 4920 μάνθανεν,
3515 4855 3650 4908 ὥστε

2075 4927 2171 4980 τοῦ
2223 4929 2322 4998 τῆς
2375 4930 2631 4996 άσεὸείας
2665 4935 2960 4992 ἀνελκῦσαι
2993 4940 3293 5013 βαράθρου.
3341 4948 3415 4999 Οὐ
3459 4951 3566 5019 μὴν
3596 4952 3650 5002 δὲ

2074 5017 2212 5070 ἀλλὰ
2242 5022 2337 5073 καὶ
2367 5023 2476 5075 τῶν
2517 5025 2678 5078 θείων
2722 5027 3063 5100 μαθημάτων
3107 5039 3134 5086 ὁ
3167 5037 3362 5098 Γάλλος
3396 5017 3650 5093 διδάσκα-

2073 5106 2162 5160 λον
2201 5111 2292 5162 τὸν
2328 5110 2533 5166 Ἀέτιον
2572 5118 2829 5174 ἐποιεῖτο.
2867 5123 3000 5192 Περὶ
3036 5125 3138 5193 μέν
3192 5123 3288 5181 οὖν
3315 5128 3524 5182 Ἀετίου
3565 5152 3654 5185 το-

2076 5201 2251 5256 σαῦτα
2276 5219 2291 5234 ·
2331 5205 2482 5269 ὅπως
2541 5209 2725 5278 μέντοι
2765 5212 3072 5284 ἱερωσύνης
3118 5219 3315 5289 τυχὼν,
3364 5225 3424 5274 οὺ
3460 5228 3652 5294 μικρὸν

2078 5295 2243 5366 μέρος
2280 5299 2389 5359 τοῖς
2432 5298 2712 5369 ἀνομοίοις
2745 5306 2839 5356 καὶ
2870 5305 3231 5377 ἐτεροουσὶοις
3269 5313 3486 5380 ἐγένετο
3513 5331 3529 5345 ο
3563 5318 3651 5368 καὶ

2071 5387 2147 5450 ὡς
2189 5391 2494 5462 καθῃρέθη,
2526 5399 2621 5449 καὶ
2648 5395 2728 5458 είς
2759 5397 2974 5468 ἐξορίαν
3002 5404 3251 5474 ἀπήχθη,
3305 5408 3563 5477 Εὐνόμιος
3598 5411 3650 5462 δὲ

2072 5478 2188 5530 ἀντ’
2213 5480 2425 5532 ἐκείνου
2454 5483 2634 5554 πολλῷ
2661 5486 2858 5557 χείρων
2886 5492 3144 5563 κατέστη,
3173 5496 3271 5566 τὴν
3298 5499 3465 5551 αὐτοῦ
3499 5519 3652 5552 συκαμ-

2072 5572 2290 5635 φαντῶν
2321 5574 2559 5642 φατρίαν
2600 5577 2696 5629 καὶ
2734 5581 2864 5648 περὶ
2897 5583 3064 5638 αὑτοῦ
3116 5587 3406 5659 Εὑνομίου,
3455 5594 3650 5660 μικρὸν

2071 5662 2298 5736 ὕστερον
2347 5667 2503 5733 λέξω.
2539 5669 2858 5739 Τηνικαῦτα
2909 5676 2963 5730 δέ
2997 5680 3089 5733 καὶ
3119 5683 3256 5736 κατὰ
3292 5687 3387 5740 τὴν
3420 5685 3518 5744 τῆς
3549 5686 3646 5737 Συ-
