3988 6190
278 221 376 284 293

1225 219 1834 281 ECCLESIASTIC/E
1873 219 2270 283 HISTORUE
2306 225 2456 286 LIB.
2499 226 2606 285 IX.

3429 228 3544 294 29L

282 344 397 413 ρὶας
437 339 762 395 Λαοδίκειαν
791 337 886 392 δύο
914 321 1108 407 ἄνδρές
1143 331 1286 405 ἦσαν
1319 337 1687 408 ἀκμάζοντες,
1712 338 1859 410 δμώ-

1966 353 2096 394 vero
2142 340 2330 395 Gallus
2383 341 2438 395 in
2491 349 2852 410 conspectum
2911 357 3070 398 suum
3119 357 3244 399 eum
3301 343 3540 415 primum

278 448 428 497 νυμοι
473 431 662 499 ἄμφω,
717 427 924 494 πατὴρ,
977 429 1070 480 καὶ
1106 427 1258 490 υίός’
1307 426 1722 499 Ἀπολλινάριος
1743 429 1854 498 γὰρ

276 526 524 593 ἑκάτερος
554 520 826 574 ἐκαλεῖτο.
861 518 1245 590 Πρεσϐύτερος
1273 517 1322 574 δ’
1349 515 1419 590 ἦν
1448 520 1478 574 ό
1507 522 1725 592 πατήρο
1755 521 1855 576 6δέ

277 618 396 678 παῖς
425 614 525 684 τὴν
550 612 647 667 τοῦ
677 611 1030 680 ἀναγνώστου
1063 609 1215 676 τάξιν
1241 612 1505 683 ιπλήρου.
1523 613 1853 683 Ἑλληνικῶν

277 710 327 762 δὲ
357 709 450 762 καὶ
480 708 651 776 ἄμφω
681 705 1070 775 παιδευμάτων
1101 701 1243 776 ἦσαν
1271 705 1588 762 διδάσκαλοι
1615 721 1628 736 ⁶
1666 723 1852 776 γραμ-

283 799 524 872 ματικῶν
551 799 650 870 μὲν
671 799 701 851 ὀ
721 799 928 868 πατὴρ.
955 798 1250 869 ῥητορείας
1277 798 1323 852 δ’
1353 797 1610 866 ἐξηγεῖτο
1647 800 1676 852 ὁ
1697 800 1850 862 παῖς.

287 895 343 946 'U
369 892 425 946 δὲ
455 891 642 962 γέρων
697 888 1113 960 ’Δλεξανδρείας
1145 885 1393 959 ὡρμᾶξο.
1419 889 1697 960 Σχολάσας
1718 890 1766 945 δ’
1793 892 1852 944 ἐν

279 982 520 1053 Βηρυτῷ,
557 983 638 1048 είς
671 982 997 1037 Λαοδίκειαν
1021 970 1248 1052 γήμας,
1269 983 1434 1054 γεννᾷ
1459 983 1552 1036 τὸν
1601 982 1853 1037 Ἀπολλι-

282 1075 482 1146 νὰριον.
545 1073 852 1144 Ἐπιφανίῳ
882 1073 942 1128 δι
980 1074 1060 1145 τῷ
1099 1076 1328 1144 σοφιστῇ
1380 1073 1854 1141 συνακμάζοντες,

281 1168 637 1238 συνεκρότουν
668 1167 833 1221 αὑτὸν
865 1169 961 1221 ἆτι
994 1167 1206 1236 γνήσιοι
1238 1166 1404 1234 φίλοι.
1441 1165 1697 1226 Θεόδοτος
1725 1166 1855 1235 μὲν-

275 1265 353 1316 τοι
383 1262 414 1314 ὀ
449 1262 707 1330 τηνικάδε
743 1262 844 1333 τὴν
869 1259 1181 1315 Λαοδικέων
1223 1260 1440 1324 ἰθύνων,
1468 1259 1653 1320 δείσας
1681 1258 1757 1331 μὴ
1784 1254 1852 1330 τῇ

279 1358 491 1425 συνεχεῖ
527 1354 716 1425 ὁμιλίᾳ
771 1353 910 1424 πρὸς
946 1351 1040 1406 τὸν
1084 1351 1438 1420 Ἐλληνισμὸν
1487 1351 1850 1414 ἅποκλίνωσι,

275 1449 464 1518 φοιτᾷν
493 1445 628 1514 παρ’
649 1445 800 1516 αὐτῷ
827 1443 1145 1500 διεκώλυεν.
1183 1444 1374 1514 Ἀλλ’ή
1410 1444 1731 1510 Ἐπιφανίου
1760 1460 1822 1510 φι
1840 1471 1852 1482 ο

273 1541 357 1593 λία
419 1538 867 1608 ὲπικρατιστέρα
913 1533 1004 1607 ἦν.
1033 1535 1226 1589 Ἔνθεν
1258 1553 1340 1588 τοι
1387 1539 1484 1590 καὶ
1528 1538 1556 1588 ὁ
1599 1535 1854 1588 Θεοδότου

272 1632 520 1701 διάδοχος
562 1629 838 1700 Γεὼργιος
871 1629 1042 1682 πολλὰ
1077 1629 1264 1682 παθὼν
1307 1628 1598 1698 διαστῆσαι
1635 1628 1859 1710 αὐτοὺς,

1961 431 2290 496 admissum,
2327 433 2558 487 charum
2613 435 2850 490 maxime
2882 435 3079 490 habuit
3118 452 3136 492 :
3170 447 3227 491 et
3272 438 3338 491 ad
3375 439 3544 496 lulia-

1965 539 2095 577 num
2145 525 2340 580 crebro
2393 525 2567 588 misit,
2603 541 2731 580 cum
2774 528 2928 581 illum
2969 527 3034 581 ad
3083 527 3442 583 Graecismum
3487 538 3544 585 et

1967 615 2238 670 idolorum
2271 619 2480 670 cultum
2529 618 2766 673 deﬁcere
2813 619 3195 680 intellexisset.
3244 632 3302 674 ut
3336 623 3547 677 scilicet

1968 708 2248 762 hominem
2283 724 2346 761 ex
2387 709 2688 778 impietatis
2729 710 2988 765 barathro
3031 715 3365 768 extraheret.
3402 713 3544 778 Quin

1964 808 2021 855 et
2075 799 2389 855 divinarum
2429 801 2761 857 Litterarum
2819 802 3100 857 doctorem
3154 804 3307 858 illum
3357 805 3548 860 Gallus

1963 894 2228 949 instituit.
2264 892 2390 951 “me
2433 895 2503 950 de
2536 895 2722 950 Aetio.
2772 895 3058 961 Quomodo
3090 908 3274 950 autem
3318 898 3383 951 ad
3429 898 3550 966 epi-

1966 995 2253 1056 scopatum
2293 995 2542 1052 evectus,
2573 1003 2684 1043 non
2729 988 2925 1058 exigua
2972 1003 3102 1058 pars
3130 1003 3321 1042 eorum
3355 989 3545 1052 fuerit,

1963 1079 2057 1149 qui
2092 1079 2154 1130 τὸ
2179 1079 2438 1141 ἀνόμοιον
2471 1080 2567 1131 καὶ
2595 1077 2964 1148 ἑτεροούσιον,
2999 1079 3103 1133 hoc
3132 1089 3236 1142 est,
3286 1079 3548 1134 dissimile

1968 1177 2020 1222 et
2081 1167 2306 1221 alterius
2363 1168 2684 1222 substantia:
2743 1168 3091 1230 docuerunt,
3157 1177 3322 1237 atque
3381 1169 3546 1223 etiam

1965 1270 2360 1315 exauctoratus
2404 1261 2583 1316 solum
2625 1262 2802 1315 exsilii
2839 1276 3001 1316 causa
3041 1263 3268 1317 verterit
3312 1280 3325 1315 :
3363 1263 3550 1318 Euno-

1969 1352 2112 1406 mius
2151 1359 2332 1405 autem
2375 1353 2549 1406 multo
2581 1367 2647 1407 eo
2676 1353 2944 1417 deterior,
2985 1353 3218 1407 factione
3248 1354 3367 1423 ejus
3392 1370 3549 1425 syco-

1967 1443 2193 1513 phautia
2222 1443 2620 1509 circumventa,
2696 1445 2750 1499 iu
2788 1447 2968 1500 locum
3005 1450 3125 1515 ejus
3155 1447 3420 1502 suﬁ‘ectus
3454 1450 3546 1514 sit,

1968 1545 2022 1590 et
2055 1537 2120 1590 de
2152 1537 2270 1604 ipso
2299 1536 2464 1589 etiam
2491 1537 2782 1601 Eunomio,
2819 1547 3006 1607 postea
3037 1539 3304 1594 dicemus.
3342 1540 3543 1593 lfodem

1970 1638 2218 1698 tempore
2247 1616 2530 1682 Laedicem
2566 1628 2622 1680 in
2651 1628 2807 1700 Syria
2839 1630 2940 1683 viri
2976 1631 3141 1685 etiam
3173 1630 3283 1686 duo
3309 1630 3547 1686 ﬂoruere

274 1722 391 1776 ἐπεὶ
421 1722 694 1788 ἀνήνυτον
717 1721 864 1792 ἑώρα
886 1721 947 1773 es
975 1720 1324 1789 σπούδασμα,
1348 1718 1448 1787 τῆς
1475 1719 1859 1788 ἐκκλησιαστι-

1967 1721 2341 1790 cognomines,
2377 1731 2534 1790 pater
2563 1721 2822 1777 videlicet
2845 1731 2900 1775 et
2933 1721 3077 1777 ﬁlius
3111 1723 3370 1793 :utrique
3397 1724 3544 1778 enim

274 1817 371 1885 κῆς
403 1814 696 1877 κοινωνίας
728 1813 1030 1881 asiam/0
1061 1814 1191 1876 παῖς
1227 1812 1282 1865 δὲ
1308 1810 1468 1876 ὕϐριν
1499 1810 1860 1879 λογισάμενος

273 1909 329 1962 τὸ
366 1906 657 1978 πραχθὲν,
697 1907 820 1968 ταῖς
855 1906 1198 1974 σοφιστικαῖς
1243 1903 1578 1965 πλεκτάναις
1615 1901 1858 1971 θαρρῶν,

276 1999 474 2067 καινῆς
503 2015 650 2060 τινος
684 1997 954 2066 αἱρέσεως
989 1996 1318 2049 καθίσταται
1348 1995 1612 2065 ἀρχηγὸς,
1649 1994 1862 2046 ἐπώνυ-

275 2108 370 2161 μον
426 2091 528 2143 τὸν
566 2089 799 2159 εὑρόντα
833 2088 1082 2158 ἐχούσης.
1118 2088 1289 2154 Λόγος
1315 2089 1358 2141 δ’
1401 2086 1537 2157 ἔχει,
1572 2086 1646 2156 μὴ
1673 2086 1762 2138 διὰ
1803 2085 1864 2138 τὸ

275 2177 687 2250 προειρημένον
719 2176 854 2248 πρὸς
869 2177 1146 2246 Γεώργιον
1175 2176 1518 2246 διενεχθῆναι
1547 2190 1559 2203 ·
1591 2174 1709 2227 ἀλλ’
1726 2175 1864 2243 ὅπερ

276 2271 490 2331 ἐκεῖνος
522 2268 804 2336 ἀλλότριον
836 2267 1183 2336 ὲδογμάτιζε,
1227 2267 1321 2320 νῦν
1370 2267 1467 2336 μὲν
1514 2266 1610 2335 τὴν
1648 2265 1864 2336 Ἀρείου

275 2356 554 2410 συνιστῶν
597 2357 776 2422 δόξαν,
823 2356 916 2408 νῦν
945 2356 1002 2409 δὲ
1049 2357 1237 2426 ὅμοιον
1275 2356 1366 2407 τὸν
1413 2356 1538 2409 Υἰδν
1584 2355 1662 2424 τῷ
1696 2355 1866 2425 Πατρὶ

273 2448 588 2517 ὁμολογῶν,
613 2448 757 2502 καθᾶ
785 2451 842 2502 ὲν
863 2450 927 2518 τῇ
959 2448 1103 2502 κατά
1137 2449 1461 2501 Σελεύκειαν
1494 2448 1700 2519 συνόδῳ
1741 2466 1868 2502 συν-

276 2541 431 2594 έθετο
460 2557 479 2572 ο
514 2541 793 2610 πρόφασιν
835 2541 881 2594 δ’
915 2539 1166 2593 ἐντεῦθεν
1201 2540 1482 2606 λαϐόντες,
1515 2539 1730 2593 ἐκείνου
1765 2540 1868 2594 διί-

275 2646 509 2686 σταντο·
539 2632 769 2702 μηδενὸς
793 2631 838 2684 δ’
870 2634 1098 2691 ἐκείνοις
1123 2632 1503 2702 προσέχοντες,
1538 2631 1857 2696 ξενίζουσαν

278 2724 592 2796 θρησκείαν
644 2725 949 2796 ἐπειρῶντο
989 2725 1230 2791 εἰσάγειν
1257 2741 1271 2755 ·
1324 2725 1419 2776 καὶ
1448 2725 1870 2794 δογματίζοντες

1944 1810 2302 1882 Ἀροιιίηοῐίε
2335 1828 2534 1866 nomen
2574 1824 2714 1868 erat.
2751 1815 2816 1868 Et
2850 1822 3006 1884 pater
3038 1815 3364 1886 presbyteri,
3402 1814 3546 1870 ﬁlius

1965 1905 2191 1960 lectoris
2214 1903 2465 1958 ordinem
2496 1904 2799 1959 obtinebat.
2825 1907 3004 1960 Ambo
3030 1905 3343 1961 Graecarum
3378 1907 3548 1964 disci-

1966 1998 2280 2066 plinarum,
2338 1997 2702 2066 grammaticae
2757 2006 2949 2065 pater,
3012 1997 3304 2052 rhetoricae
3356 1997 3544 2061 ﬁlius.

1968 2090 2213 2160 magistri
2267 2097 2446 2144 erant.
2512 2088 2676 2158 719
2731 2087 2909 2142 Senex
2972 2090 3315 2146 Alexandriae
3367 2102 3546 2157 ortus,

1954 2180 2150 2244 Beryti
2195 2179 2389 2234 docuit
2425 2199 2436 2233 :
2473 2189 2528 2234 et
2554 2180 2720 2234 ducta
2754 2178 3039 2235 Laodiceae
3076 2182 3329 2251 conjuge.
3377 2181 3547 2251 Apol-

1967 2274 2183 2328 linarim
2217 2273 2388 2328 ﬁlium
2419 2273 2726 2344 progenuit.
2764 2273 2824 2326 Et
2856 2288 2980 2327 cum
3007 2271 3318 2342 Epiphanio
3359 2273 3549 2342 sophi-

1967 2363 2159 2418 sticam
2195 2364 2510 2434 proﬁtente.
2543 2364 2618 2417 illi
2660 2363 2823 2416 simul
2858 2362 3138 2423 ﬂorentes.
3173 2377 3298 2416 eum
3340 2372 3397 2416 ut
3427 2363 3546 2416 veri

1968 2453 2129 2508 amici
2186 2463 2316 2508 sunt
2363 2453 2657 2522 complexi.
2711 2453 2781 2504 At
2819 2451 3140 2506 Theodotus
3191 2452 3548 2508 Laodicensis

1972 2557 2086 2600 tum
2122 2546 2438 2615 episcopus,
2486 2544 2633 2613 quod
2681 2552 2956 2598 metueret
2992 2559 3060 2598 ne
3091 2544 3354 2598 continua
3400 2545 3549 2598 illius

1971 2634 2378 2690 consuetudine
2416 2633 2482 2687 ad
2517 2633 2766 2687 Graecam
2804 2633 3146 2702 impietatem
3179 2633 3545 2697 declinarent,

1971 2727 2350 2784 familiaritate
2377 2726 2524 2781 illius
2545 2727 2627 2780 eis
2655 2727 2965 2781 interdixit.
2991 2725 3096 2782 Sed
3123 2726 3234 2781 illis
3255 2726 3546 2796 Epiphanii

277 2821 497 2888 ἔλεγον,
542 2819 618 2890 μὴ
657 2821 839 2890 ψυχὴν
867 2819 1221 2888 ἀνειληφέναι
1256 2817 1346 2870 τὸν
1389 2816 1596 2888 Κύριον
1631 2818 1732 2888 τὴν
1769 2817 1859 2888 τῆς

1973 2819 2214 2876 amicitia
2265 2818 2510 2888 episcopi
2556 2816 2756 2872 edictis
2822 2820 3003 2887 potior
3051 2817 3175 2872 fuit.
3229 2818 3464 2872 Proinde
3495 2828 3551 2872 et

280 2915 493 2982 σαρκδς
518 2913 838 2981 οἰκονομίαν
865 2910 1264 2982 διενεργοῦντα.
1301 2906 1467 2972 Αὖθις
1495 2909 1552 2963 δὲ
1581 2911 1642 2962 τὸ
1671 2911 1859 2964 ἄτοποι

1975 2910 2249 2967 Theodoti
2274 2925 2561 2964 successor
2586 2909 2876 2979 Georgius,
2901 2926 3025 2962 cum
3062 2911 3228 2963 multa
3260 2919 3546 2974 tentasset,

277 3005 350 3068 ὡς
383 3007 453 3056 ὲν
482 3003 778 3074 μεταμέλῳ
805 2999 1293 3072 ὲπιδιορθούμενοι,
1323 2997 1504 3069 ψυχὴν
1531 2997 1632 3068 μὲν
1655 2997 1859 3066 εἰληφέ-

1978 3015 2038 3061 ut
2093 3006 2316 3062 illorum
2376 3003 2665 3058 dirimeret
2715 3003 3196 3073 conjunrtionem,
3261 3014 3548 3072 postquam

277 3115 362 3150 ναι
387 3095 767 3167 προσέθεντο·
800 3092 875 3164 μὴ
905 3093 1052 3164 ἔχειν
1079 3092 1124 3145 δ’
1145 3091 1366 3160 εκείνην
1394 3091 1486 3144 τὸν
1515 3088 1859 3160 ἀνθρώπινον

1977 3112 2202 3169 operam
2237 3110 2392 3150 suam
2433 3095 2636 3150 frustra
2686 3109 2810 3150 esse
2841 3094 2981 3149 vidit
3003 3137 3016 3158 ,
3049 3093 3423 3149 ecclesiastica
3455 3109 3550 3148 eos

278 3191 402 3244 νοῦν
431 3205 450 3220 ·
501 3190 693 3257 ἀρκεῖν
733 3186 842 3256 γὰρ
889 3186 1012 3240 ἀντὶ
1060 3182 1154 3238 νοῦ
1199 3182 1300 3253 τὴν
1333 3181 1564 3252 θεότητα
1615 3181 1739 3252 ἥτις
1779 3181 1859 3234 τὸν

1980 3187 2266 3259 prohibuit
2291 3185 2702 3241 communione.
2731 3185 2852 3252 Quo
2883 3186 3026 3240 facto
3057 3201 3160 3255 pro
3189 3184 3388 3255 insigni
3421 3199 3553 3239 cou-

279 3281 579 3352 ἄνθρωπον
603 3276 990 3350 προσελάϐετο.
1023 3277 1135 3330 Καὶ
1157 3277 1286 3346 περὶ
1313 3273 1508 3328 τούτου
1543 3273 1708 3344 μόνου
1734 3273 1859 3345 πρὸς

1977 3278 2202 3335 tumelia
2242 3287 2491 3346 accepto,
2540 3275 2688 3330 ﬁlius
2737 3276 3056 3346 solihisticis
3091 3275 3268 3330 fretus
3304 3275 3551 3344 capturis

277 3377 402 3436 τοὺς
448 3371 508 3436 ἐξ
551 3372 764 3442 ’Δρείου
811 3370 904 3422 καὶ
954 3367 1294 3423 Μακεδονίου
1321 3366 1654 3437 διεφέροντο.
1705 3368 1788 3422 Τὰ
1822 3367 1868 3422 δ’

279 3465 420 3518 ἄλλα
459 3463 574 3524 τοῖς
627 3462 685 3514 ιν
737 3459 940 3530 Νικαίᾳ
976 3459 1044 3511 τὰ
1104 3457 1197 3511 ἶσα
1249 3454 1676 3526 δογματίζοντες
1709 3452 1873 3528 ἦσαν.

281 3556 461 3609 Ἀλλὰ
504 3555 634 3625 περὶ
664 3557 763 3626 μὲν
810 3550 1227 3620 ’Δπολλιναρίου
1257 3549 1355 3602 καὶ
1393 3547 1550 3613 αὖθις
1589 3549 1732 3604 κατὰ
1768 3548 1876 3620 χώ-

1975 3378 2033 3424 et
2077 3368 2331 3439 argutiis,
2387 3381 2581 3422 novam
2631 3365 2927 3437 quamdam
2986 3366 3237 3419 haeresim
3289 3363 3548 3426 instituit,

1976 3475 2177 3516 nomen
2203 3459 2450 3514 aut-toris
2484 3458 2659 3529 ipsiu’s
2693 3458 3049 3513 referentem.
3082 3459 3174 3511 Est
3211 3465 3265 3510 et
3297 3457 3402 3510 alia
3441 3457 3554 3526 opi-

1975 3550 2094 3616 nio,
2127 3565 2241 3604 non
2289 3549 2362 3604 ob
2404 3563 2526 3603 eam
2561 3564 2727 3620 quam
2759 3548 2973 3604 scilicet
3017 3548 3259 3602 diximus
3301 3546 3548 3606 causam.

282 3647 678 3719 ραν,ιροῦμεν.
1978 3641 2135 3696 illum
2169 3654 2200 3693 a
2247 3639 2485 3710 Georgio
2534 3640 2836 3696 descivisse
2883 3657 2898 3695 :
2948 3640 3042 3696 sed
3094 3639 3240 3710 quod
3287 3637 3558 3710 Georgius

281 3741 472 3796 aliena
505 3751 734 3809 prorsus
760 3745 819 3792 et
859 3734 1102 3792 absurda
1151 3734 1415 3807 opinione
1480 3746 1630 3788 nunc
1700 3731 1821 3788 Arii
1897 3730 2202 3786 defendens
2245 3732 2601 3796 sententiam,
2651 3747 2798 3787 nunc
2831 3731 3097 3802 aequalem
3140 3730 3286 3786 Patri
3353 3729 3551 3790 Filium

287 3832 592 3902 proﬁtens,
619 3829 919 3884 conventui
951 3826 1221 3884 Seleucia:
1253 3835 1380 3883 acto
1413 3825 1742 3881 assensisset
1771 3841 1788 3880 ι
1851 3840 1918 3882 ea
1954 3823 2301 3895 Apollinares
2372 3833 2593 3896 arrepta
2629 3825 2938 3891 occasione,
2967 3825 3359 3880 discessionem
3390 3825 3459 3879 ab
3485 3839 3554 3877 eo

287 3926 495 3980 fecisse
535 3943 548 3975 :
583 3931 638 3976 et
673 3936 798 3976 eum
833 3921 887 3976 id
933 3937 1094 3976 nemo
1127 3931 1388 3988 curaret,
1422 3917 1740 3990 opinionem
1811 3933 2010 3974 novam
2078 3916 2346 3974 inducere
2373 3929 2606 3974 conatos
2667 3933 2806 3975 esse.
2837 3918 3081 3973 Docuere
3107 3929 3314 3980 autem,
3367 3917 3558 3970 Domi-

290 4033 427 4072 num
462 4016 652 4072 carnis
688 4014 1056 4070 oeconomiam
1086 4024 1144 4070 et
1178 4013 1518 4069 iunctionem
1586 4013 1748 4069 factis
1819 4012 1956 4081 ipsis
1993 4011 2319 4074 obeuntem,
2366 4010 2607 4066 animam
2669 4027 2775 4067 non
2833 4013 3130 4082 recepisse.
3191 4013 3272 4068 Ac
3335 4025 3556 4066 rursum

291 4111 468 4165 veluti
523 4106 872 4163 absurditate
923 4122 987 4162 ea
1035 4122 1134 4177 per
1183 4107 1566 4176 paenitentiam
1618 4114 1883 4172 correcta,
1956 4104 2196 4160 animant
2247 4103 2469 4174 quidem
2516 4104 2793 4174 recepisse
2845 4103 3126 4170 addidere,
3178 4120 3298 4160 eam
3374 4112 3557 4160 autem

294 4207 601 4260 humanam
634 4218 743 4258 non
788 4201 990 4256 habere
1047 4212 1306 4256 mentem.
1357 4200 1504 4256 Satis
1547 4215 1784 4270 namque
1825 4200 1874 4256 ei
1914 4213 2017 4270 pro
2089 4205 2274 4254 mente
2314 4197 2656 4253 divinitatem
2709 4198 2905 4263 fuisse,
2970 4214 3093 4269 quze
3139 4198 3421 4254 hominem
3470 4213 3560 4253 as-

292 4302 626 4370 sumpserit.
679 4300 859 4367 Atque
907 4312 971 4352 ea
1006 4311 1066 4351 re
1113 4312 1219 4351 una
1250 4297 1319 4352 ab
1349 4295 1675 4351 orthodoxis
1736 4296 2093 4361 dissidentes,
2165 4296 2221 4350 in
2245 4293 2370 4350 aliis
2427 4295 2621 4349 eadem
2658 4310 2780 4365 qua:
2809 4296 3156 4351 Niczcnorum
3213 4289 3560 4351 decretorum

295 4397 560 4460 studiosi,
607 4393 942 4451 sentiebant.
989 4393 1192 4448 Verum
1239 4392 1310 4448 de
1344 4391 1648 4462 Apollinari
1690 4402 1880 4462 postea
1918 4406 2138 4463 quoque
2168 4392 2290 4448 loco
2316 4405 2418 4447 suo
2451 4390 2688 4445 dicetur.

895 4511 1151 4566 ΚΕΦᾹΛ.
1189 4511 1302 4565 lH'.
1788 4529 1794 4539 '

1983 4510 1986 4514 '
2444 4586 2449 4592 γ
2545 4511 2774 4568 CAPUT
2815 4511 3004 4566 xvut.

665 4605 806 4673 Περὶ
834 4604 1136 4672 Θεοφίλου
1162 4602 1270 4656 τοῦ
1307 4600 1529 4656 Ἰνδοῦ.

2484 4605 2559 4658 De
2593 4605 2867 4673 Theophila
2912 4605 3068 4657 Indo.

381 4719 494 4774 Ἦν
539 4719 597 4772 δὲ
625 4719 705 4787 τῷ
740 4721 861 4771 τότε
895 4715 1062 4779 πολύς
1097 4733 1182 4778 τις
1231 4714 1318 4767 ἐπ’
1367 4717 1538 4785 ἁρετῇ
1582 4715 1678 4768 καὶ
1710 4713 1858 4782 λόγοι

2062 4719 2187 4773 Fuit
2238 4729 2349 4773 tum
2403 4719 2570 4772 etiam
2604 4728 2829 4788 propter
2869 4719 3128 4771 virtutem
3175 4728 3232 4772 et
3261 4719 3566 4776 doctrinam

304 4813 650 4882 ὑμνούμενος
689 4813 785 4862 καὶ
825 4810 1089 4878 Θεόφιλος
1123 4810 1332 4871 ἐκεῖνος
1383 4806 1440 4870 ὃς
1469 4806 1748 4876 ἐπεκλήθη
1797 4805 1859 4860 Ἰν

1994 4825 2324 4880 magnopere
2356 4809 2612 4863 laudatus
2649 4808 2988 4878 Theophilus
3019 4807 3128 4870 ille,
3162 4809 3254 4878 qui
3283 4813 3568 4879 cognomi-

305 4908 402 4969 δός
426 4922 437 4932 '
466 4904 526 4957 οὔ
554 4919 701 4966 τινος
731 4903 829 4973 μὲν
862 4901 1108 4970 ἐπάρξας
1139 4901 1426 4970 αἱρέσεως,
1459 4901 1536 4970 τῷ
1571 4900 1859 4970 Ἀρειανικε

1997 4910 2160 4956 natus
2183 4910 2266 4954 est
2296 4899 2466 4954 ludus
2500 4917 2513 4952 :
2553 4915 2659 4954 non
2693 4899 2783 4954 ille
2822 4900 3045 4969 quidem
3077 4900 3305 4955 hmresis
3335 4902 3572 4970 alicujus

306 5000 366 5053 δὲ
408 4999 556 5067 μάλα
587 4996 981 5066 προσκείμενος
1012 4995 1377 5062 δόγματι.Ὃς
1411 4993 1505 5047 ἐπὶ
1541 4991 1859 5045 Κωνσταντε

1999 5002 2212 5053 auctor.
2264 4991 2358 5046 sed
2415 4992 2727 5046 Arianismo
2790 4991 3089 5060 plurimum
3137 4993 3411 5048 addictus.
3469 4995 3571 5060 Qui

306 5109 404 5144 νου
437 5089 561 5144 καθ’
581 5089 818 5159 ὁμηρίαν
838 5091 899 5140 ὲκ
924 5085 1204 5157 Διαῦηνῶν
1233 5087 1312 5148 εἰς
1345 5083 1650 5154 Ῥωμαίους
1673 5083 1859 5136 ὲστάλτ

2003 5084 2105 5136 sub
2153 5083 2516 5135 Constantino
2568 5082 2639 5136 ab
2693 5082 2991 5138 Adiabeuis
3044 5083 3341 5140 admodum
3393 5086 3574 5140 adhuc

310 5188 438 5247 νέος
476 5186 618 5237 πάνυ
651 5184 748 5253 τὴν
780 5181 996 5252 ἡλικίαν
1028 5179 1121 5234 ὢν.
1173 5178 1238 5232 Ἦ
1266 5178 1320 5232 δὲ
1347 5177 1578 5240 Διαϐοὖς
1599 5177 1760 5247 νῆσός
1783 5181 1859 5229 ὲσπ

1999 5175 2252 5245 juvenis,
2303 5174 2464 5227 obses
2524 5173 2580 5228 in
2630 5174 3000 5229 Romanorum
3085 5178 3348 5232 ditionem
3401 5178 3578 5230 fuerat

317 5277 537 5345 μεγάλη
563 5315 580 5339 ,
619 5272 772 5343 χώρα
802 5273 858 5326 δὲ
900 5272 1095 5339 Ἰνδικὴ
1130 5269 1434 5341 διαϐόητος.
1466 5268 1722 5336 Θεόφιλος
1750 5269 1807 5321 δὲ
1833 5287 1859 5320 τ

2007 5267 2227 5319 missus.
2287 5263 2568 5319 Adiabene
2618 5264 2696 5334 (ι)
2735 5281 2865 5320 vero
2911 5282 3103 5336 n'tagua
3145 5278 3230 5321 est
3278 5269 3474 5328 insula.
3521 5278 3576 5321 et

314 5371 512 5440 μακρᾷ
542 5369 795 5438 διατριϐῇ
833 5371 903 5421 τὰ
931 5383 986 5418 τε
1016 5364 1124 5435 ἤθη
1157 5365 1292 5434 πρὸς
1329 5363 1391 5415 τὸ
1423 5361 1736 5430 Ῥωμαϊκὸν
1770 5377 1859 5430 μετ

2007 5357 2157 5426 regio
2191 5357 2412 5420 iudica,
2469 5357 2727 5412 celebris.
2779 5359 2858 5412 Ac
2896 5359 3234 5428 TheOphilus
3280 5371 3577 5412 consuetu-

310 5461 624 5532 ερρύθμισε
683 5460 894 5529 σχῆμα,
949 5459 1023 5519 ὡς
1073 5457 1168 5508 καὶ
1200 5456 1290 5508 τὸν
1351 5453 1640 5524 μοναύλιον
1679 5453 1859 5505 suae:

2006 5451 2133 5504 diue
2179 5450 2444 5503 diuturna
2490 5449 2630 5503 adeo
2682 5464 2864 5504 mores
2903 5448 2968 5503 ad
3019 5450 3391 5503 Romanorum
3427 5453 3581 5506 insti-

313 5553 464 5624 βίον,
493 5553 583 5606 καὶ
609 5554 689 5616 εἰς
717 5551 969 5605 διακόνου
1003 5547 1369 5618 παραγγεῖλαι
1405 5544 1634 5615 βαθμὸν,
1674 5543 1769 5596 τοῦ
1804 5543 1851 5595 Ν

2009 5550 2126 5596 tuta
2159 5541 2544 5608 conformavit,
2581 5540 2744 5610 720
2769 5549 2825 5595 ut
2851 5549 2906 5596 et
2936 5541 3292 5594 monasticam
3318 5541 3493 5612 delegi
3512 5545 3583 5599 rit

400 5666 664 5739 (l)'Apud
695 5667 833 5722 Plin.
861 5665 1142 5720 Adiabeno
1165 5661 1513 5734 Assyriorum
1539 5668 1622 5715 cst
1656 5658 1892 5729 initium,
1932 5657 2028 5714 lib.
2063 5675 2139 5726 γι,
2171 5673 2289 5729 cap.
2332 5658 2410 5713 l3.
