3988 6190
238 264 318 329 ῗῢῖ
1103 248 1705 312 ECCLESIASTlC£
1744 246 2138 310 HISTORUE
2176 246 2321 307 LIB.
2365 246 2476 309 ῐΧ.

3317 243 3423 312 288

236 377 432 446 μάλιστα
457 368 680 437 γίνεται,
711 365 803 418 καὶ
832 364 866 434 ἡ
889 365 1114 428 κασσία,
1144 365 1240 418 καὶ
1267 365 1328 416 τὺ
1355 364 1630 429 κάσαμον,
1660 362 1755 415 καὶ

1864 361 2019 416 lonos
2050 375 2118 415 eo
2145 359 2396 413 deduxit.
2431 358 2469 412 li
2517 357 2581 412 ad
2628 357 2732 414 hoc
2783 372 2957 428 usque
2993 366 3206 428 tempus
3255 361 3424 429 patria

233 469 278 520 τὸ
303 460 654 527 κιννάμωμον,
686 456 781 508 καὶ
819 454 1127 523 ἐλεφάντων
1166 453 1394 521 ἄπειρόν
1433 471 1485 506 τι
1526 451 1752 520 πλῆθος.

235 555 394 614 Καλῶς
427 552 481 603 δὲ
525 549 592 601 τὰ
625 548 738 600 τῶν
786 545 1144 616 Αὐξουμιτῶν
1194 545 1682 614 καταστησάμενος
1728 543 1759 595 ὁ

228 643 468 711 Θεόφιλος,
492 639 593 708 τῆς
618 639 675 699 ἐς
709 638 1013 706 Ῥωμαίους
1037 635 1370 706 ἀνακομιδῆς
1393 635 1592 704 εἴχετο.
1625 634 1761 686 Πολ-

232 740 303 806 λῆς
323 736 373 805 δὲ
401 732 532 803 μετὰ
566 731 667 800 τὴν
694 729 951 782 ἐπάνοδον
979 726 1239 792 ἀξιωθεὶς
1271 727 1372 795 τῆς
1403 727 1587 796 τιμῆς,
1621 726 1760 778 ίδίαν

229 829 309 896 μὲν
352 825 490 877 πόλιν
531 822 633 875 οὐκ
679 818 1034 888 ἐκληρώσατο
1081 818 1287 887 ἐφορᾷν
1319 835 1331 847 ·
1379 817 1477 869 ἐπὶ
1526 818 1661 869 πᾶσι
1705 816 1762 868 δέ

225 919 279 970 δι’
312 914 473 976 αἰδοῦς
509 913 582 976 ὥς
615 930 668 966 τι
704 912 853 978 ξένον
885 909 1226 979 καθεωρᾶτο,
1258 909 1362 970 ἓως
1389 907 1450 960 οὗ
1479 907 1586 960 τῶν
1616 907 1759 959 κατὰ

227 1011 399 1063 Ἀέτιον
421 1006 513 1059 καλ¹
535 1004 783 1068 Εὐδόξιον
838 1001 1228 1070 γεγενημένων
1251 1002 1344 1053 καὶ⁴
1361 1003 1441 1062 είς
1464 999 1763 1067 ὑπερορίαν

223 1100 477 1168 ἀχθέντων,
502 1099 563 1150 τὸ
589 1096 753 1149 πλέον
790 1095 878 1146 διὰ
899 1094 958 1147 τὸ
989 1091 1320 1163 συμϐούλους
1344 1095 1438 1144 καὶ
1457 1089 1765 1160 ὁμοψύχους

224 1188 338 1241 εἶναι
371 1187 551 1257 Γάλλῳ
580 1186 658 1256 τῷ
692 1187 958 1254 Καίσαρι,
990 1185 1084 1236 καὶ
1113 1177 1267 1246 οὗτος
1296 1185 1393 1253 τὴν
1421 1181 1516 1234 τοῦ
1555 1182 1757 1234 Πόντου

230 1281 530 1350 Ἡράκλειαν
574 1280 733 1350 άῖδίῳ
762 1277 1062 1348 ἐζημιοῦτο
1096 1279 1267 1348 φυγῇ.
1301 1278 1360 1328 ἐν
1387 1277 1496 1338 τοῖς
1527 1274 1765 1343 μάλιστα

219 1375 280 1442 τῷ
305 1375 473 1443 Γάλλῳ
504 1375 812 1444 τυγχάνων.

1861 463 2094 506 utuntur
2145 453 2357 520 lingua.
2420 449 2623 506 Omnes
2681 461 2864 506 autem
2922 451 3205 520 nigerrimi
3277 465 3426 512 sunt,

1862 545 2038 597 acutis
2087 544 2221 597 solis
2273 543 2445 596 radiis
2491 552 2585 595 eo‘s
2634 542 3018 597 adurentibus.
3079 543 3234 612 Apud
3291 561 3428 613 quos

1863 635 2097 688 maxime
2135 635 2386 702 provenit
2417 634 2713 705 xylocasia,
2751 645 2806 688 et
2836 635 3002 695 casia,
3041 645 3094 687 et
3124 650 3426 696 casamuin,

1861 737 1916 779 et
1947 727 2339 787 ciuamomum.
2376 743 2587 780 necnon
2648 711 3069 780 innumerabiiis
3099 727 3428 794 elephantu-

1865 834 1985 872 ruin
2035 819 2352 872 multitudo.
2410 821 2477 873 Et
2531 819 3064 886 Theophilus,recte
3114 819 3430 872 constitutis

1863 911 2285 966 Anxumitarum
2327 911 2514 974 rebus,
2548 910 2600 962 in
2640 910 3008 962 Romanorum
3055 924 3307 962 reverSus
3347 918 3434 962 est

1864 1003 2155 1056 ditionem.
2193 1004 2370 1072 Atque
2413 1011 2537 1068 post
2583 1001 2820 1054 reditum
2867 1002 2920 1053 in
2971 1017 3166 1068 magno
3213 1002 3434 1055 habitus

1863 1093 2096 1156 honore,
2131 1109 2282 1147 suam
2319 1092 2540 1161 quidem
2587 1092 2676 1144 ille
2728 1094 2943 1153 urbem,
2994 1100 3087 1144 aut
3125 1091 3432 1153 ecclesiam,

1863 1183 1950 1236 cui
1984 1182 2280 1250 episcopus
2315 1188 2595 1248 prter-sset,
2641 1181 2872 1232 sortitus
2919 1196 3024 1232 non
3069 1191 3171 1232 est.
3224 1180 3434 1248 Ubique

1866 1284 2046 1327 tamen
2096 1273 2342 1325 locorum
2397 1280 2624 1339 propter
2662 1272 2902 1323 hominis
2946 1273 3332 1326 reverentiaiu.
3383 1274 3435 1324 in

1860 1380 1988 1417 eum
2042 1373 2102 1418 ut
2151 1365 2478 1418 miraculum
2533 1363 2831 1432 quoddam,
2886 1365 3134 1416 OtlllllUlll
3192 1365 3435 1431 cunjucti

218 1469 338 1522 oculi
375 1478 529 1523 erant
570 1487 584 1523 :
615 1471 794 1524 donec
823 1469 982 1523 Aetio
1015 1477 1070 1523 et
1116 1466 1368 1522 Eudoxio
1408 1465 1464 1520 in
1500 1464 1776 1525 exsilium,
1820 1461 1967 1531 quod
2008 1460 2235 1515 consilia
2300 1475 2425 1513 cum
2458 1458 2614 1513 Gallo
2645 1460 3168 1519 communicassent,
3207 1448 3439 1526 ejusque

217 1563 654 1630 rebusfavissent,
684 1565 842 1632 actis,
865 1575 919 1619 et
946 1565 1064 1634 ipse
1090 1561 1411 1618 Heracleam
1476 1561 1532 1616 in
1593 1561 1830 1615 Pontum
1875 1559 1929 1612 in
1979 1566 2306 1628 perpetuum
2359 1565 2444 1611 est
2490 1555 2849 1624 deportatus,
2905 1555 3058 1609 Gallo
3113 1555 3167 1605 in
3221 1553 3435 1606 intimis

213 1658 425 1714 habitus.

761 1800 1018 1856 ΚΕΦΑΔ.
1059 1800 1160 1858 ΙΘ¹.

211 1916 324 1984 Περί
349 1917 801 1984 Φιλοστοργίου,
832 1917 933 1970 καί
970 1915 1091 1970 τῶν
1129 1916 1576 1985 ἱστορηθέντων
1596 1915 1758 1981 αὑτῷ

262 1989 378 2055 περὶ
402 1986 510 2054 τῆς
538 1985 899 2054 εὐδαίμονος
921 1987 1224 2055 Ἄραόίας,
1254 1987 1351 2039 καί
1394 1985 1512 2039 τῶν
1538 1986 1760 2040 τεσσά-

254 2054 367 2123 ρων
376 2055 667 2124 μεγάλων
702 2054 985 2125 ποταμῶν
1013 2057 1113 2110 καί
1146 2056 1254 2111 τοῦ
1285 2055 1685 2124 παραδείσου.

266 2173 324 2226 ’Δ
354 2172 396 2224 δ’
438 2167 541 2225 οὖν
590 2174 618 2225 ὀ
650 2171 910 2242 θεομισὴς
941 2171 1321 2241 Φιλοστόργιος
1360 2171 1430 2225 τὰ
1479 2172 1620 2226 κατὰ
1665 2171 1755 2225 τὸν

205 2265 466 2334 εἰρημένον
505 2247 776 2334 Θεόφιλον
817 2264 1048 2335 ἱστορῶν
1095 2265 1455 2334 διεξέρχεται,
1494 2267 1655 2318 καλὸν
1680 2263 1758 2333 τῷ

203 2356 326 2426 λόγῳ
347 2357 695 2427 διαδραμεῖν.
720 2358 860 2426 Φησὶ
885 2357 1016 2427 γάρ,
1049 2355 1125 2417 ὡς
1158 2356 1253 2410 ἐπὶ
1291 2356 1370 2425 τῷ
1401 2357 1629 2426 στόματι
1657 2356 1758 2424 τῆς

204 2447 457 2516 Περσικῆς
508 2447 790 2518 Θαλάσσης
825 2447 892 2518 ἦν
946 2450 973 2501 ὁ
1009 2447 1180 2517 ταύτῃ
1226 2448 1479 2509 Ὠκεανὸς
1526 2447 1758 2517 εἰσέχων

204 2535 435 2587 ἀποτελεῖ
465 2537 741 2606 μεγίστην
771 2553 831 2589 τε
863 2536 1029 2590 οὖσαν
1077 2537 1173 2590 καὶ
1205 2536 1333 2607 ἔθνη
1375 2535 1559 2604 κύκλῳ
1589 2535 1759 2588 πολλὰ

192 2628 842 2698 περιϐαλλομένην,ἄλλοι
875 2645 934 2681 τε
967 2627 1214 2698 μέγιστοι
1251 2630 1488 2698 ποταμοὶ
1513 2630 1646 2682 καὶό
1665 2629 1756 2680 Τί-

200 2736 306 2787 γρις
327 2723 440 2784 τοῖς
461 2721 707 2790 ῥείθροις
736 2721 1002 2790 ἐμϐάλλει
1030 2738 1044 2752 ’
1062 2722 1118 2784 ὃς
1135 2722 1272 2791 πρὸς
1302 2722 1356 2775 Ἀ
1367 2721 1647 2791 πηλιώτην
1666 2723 1759 2774 καὶ

201 2812 420 2865 κάτωθεν
446 2814 548 2882 τῆς
588 2812 886 2883 ’Υρκανίας
913 2812 1192 2880 Θαλάσσης
1218 2813 1274 2866 ἐν
1301 2811 1624 2882 Κορδυαίοις
1658 2811 1758 2881 μὲν

199 2905 284 2966 τὰς
312 2908 573 2974 ἐμφανεῖς
607 2903 897 2968 ἀναδόσεις
928 2903 1219 2974 λαμϐάνει,
1251 2905 1400 2974 παρὰ
1426 2904 1524 2972 τὴν
1555 2903 1757 2972 Συρίαν

200 2994 464 3063 ἑλκόμενος
490 3012 506 3027 ο
568 2994 794 3047 ἐπειδὰν
839 2995 894 3046 δὲ
933 2996 1160 3063 γένηται
1214 2993 1359 3046 κατὰ
1401 2993 1500 3064 τὴν
1532 2993 1760 3047 Σουσίδα

202 3088 308 3156 γῆν,
347 3087 589 3141 ἐνταῦθα
635 3086 729 3140 τοῦ
771 3086 1057 3157 Εὐφράτου
1089 3087 1151 3139 τὸ
1205 3089 1424 3158 ῥεῖθρον
1463 3085 1614 3157 αὐτῷ
1665 3104 1757 3156 μι-

203 3177 421 3242 γνύντας,
459 3177 641 3245 μέγας
668 3174 772 3244 ἢδη
801 3177 910 3235 τοῖς
942 3174 1180 3244 χεύμασι
1226 3177 1505 3245 χωρήσας,
1546 3175 1759 3244 πρόεισι

202 3267 506 3334 παφλάζων.
538 3268 711 3319 Ὅθεν
764 3266 927 3319 αὐτόν
964 3284 1097 3336 φασι
1147 3269 1245 3319 καὶ
1284 3266 1380 3318 τοῦ
1421 3267 1614 3336 θηρίου
1648 3265 1758 3320 ’τοῦ

201 3358 447 3428 Τίγρητος
493 3358 692 3411 λαϐεῖν
719 3359 778 3410 το
818 3360 1129 3428 ἐπώνυμον.
1168 3359 1341 3428 Πρινὴ
1367 3357 1411 3410 δ’
1440 3359 1532 3410 ἐπί
1566 3357 1762 3411 θάλατ·

201 3463 284 3501 ταν
332 3450 672 3518 καταϐῆναι,
712 3451 957 3520 σχίζεται
998 3455 1078 3514 είς
1127 3451 1221 3504 δύο
1269 3452 1543 3521 μεγάλους
1591 3468 1758 3504 ποτα-

205 3540 320 3606 μούς
339 3558 354 3573 ο
383 3542 587 3594 ἔπειτα.
627 3542 746 3595 δυσὶ
776 3545 889 3604 τοῖς
920 3544 1170 3612 ἐσχάτοις
1205 3543 1472 3610 στόμασιν
1511 3542 1759 3613 ἀλλήλων

199 3631 604 3703 διειργομένοις,
641 3636 724 3697 εἰς
751 3636 852 3704 τὴν
883 3635 1164 3705 Περσικὴν
1196 3635 1471 3689 θάλατταν
1522 3638 1759 3688 ποιεῖται

201 3725 284 3786 τὰς
341 3727 607 3788 ἐκϐολὰς.
635 3727 739 3794 γῆν
784 3727 842 3779 ἐν
880 3726 1032 3797 μέσῳ
1076 3727 1340 3796 πλείστην
1389 3714 1759 3797 περιτεμόμε-

198 3829 274 3874 νος
295 3831 310 3845 ·
339 3818 432 3867 καὶ
463 3816 638 3885 νῆσον
664 3817 835 3885 αὐτὴν
866 3818 1054 3884 ποιῶν,
1092 3819 1369 3887 ποταμίαν
1398 3834 1455 3870 τε
1505 3819 1620 3887 ἅμα
1666 3819 1760 3870 καὶ

197 3902 492 3971 θαλαττίαν,
523 3909 598 3977 ἣν
625 3907 777 3970 ἔθνος
812 3910 1011 3961 ἐνοικεῖ
1033 3907 1144 3962 τῶν
1173 3909 1445 3978 Μεσηνῶν
1473 3907 1762 3961 ἐπικαλού-

200 4013 363 4063 μενον.
413 3998 476 4052 Ὀ
539 3998 600 4051 δὲ
663 3999 956 4070 Εὐφράτης
1031 4004 1272 4071 ποταμὸς
1330 4001 1390 4064 ἐξ
1458 3999 1760 4070 Ἀρμενίων

196 4091 320 4142 κατὰ
353 4092 414 4145 τὺ
459 4093 751 4162 προφανὲς
782 4093 1064 4146 ἀνατέλλει
1089 4112 1103 4126 ·
1150 4094 1280 4147 ἔνθα
1304 4093 1366 4146 τὺ
1397 4093 1523 4162 ὅρος
1553 4095 1671 4145 ἐστὶ
1699 4093 1760 4146 τὸ

203 4178 453 4249 Ἀραρὰτ,
487 4185 632 4250 πρὸς
680 4184 986 4252 Ἀρμενίων
1013 4183 1160 4237 οὕτω
1193 4183 1551 4254 καλούμενον,
1586 4182 1672 4252 ἐφ’
1700 4181 1758 4235 οὗ

197 4273 270 4322 καὶ
300 4273 395 4342 τὴν
426 4275 676 4327 κιϐωτὸν
704 4277 991 4345 ίδρυθῆναί
1021 4294 1188 4347 φησιν
1211 4279 1245 4347 ὴ
1270 4276 1462 4348 Γραφή
1487 4291 1504 4308 ⁶
1528 4270 1593 4348 ἧς
1633 4276 1760 4346 ἄχρι

196 4365 272 4414 καὶ
303 4365 397 4416 νῦν
427 4364 579 4420 εἷναί
611 4385 779 4436 φασιν
809 4369 868 4421 οὐ
904 4371 1076 4436 μικρὰ
1103 4370 1334 4438 λείψανα
1361 4371 1470 4423 τῶν
1500 4386 1557 4422 τε
1588 4369 1760 4434 ξύλων

1786 1802 1834 1860 Β

2441 1788 2664 1844 CAPUT
2697 1786 2842 1842 XIX.

1859 1908 1937 1962 De
1985 1907 2356 1976 Philostorgio,
2391 1917 2438 1959 et
2489 1921 2608 1971 qua!
2667 1905 2709 1957 is
2755 1904 2953 1976 scripta
2989 1903 3264 1976 reliquerit
3302 1919 3320 1956 :
3377 1904 3442 1976 de

1932 1978 2091 2032 Felici
2130 1974 2352 2042 Arabia,
2385 1977 2447 2029 de
2476 1985 2707 2047 quatuor
2733 1975 2938 2043 magnis
2963 1974 3285 2046 ﬂuminibus,
3307 1986 3355 2025 et
3379 1975 3442 2026 de

1931 2049 2206 2117 paradiso.
3276 2115 3278 2117 γ

1932 2161 2213 2226 Sedenim,
2253 2177 2369 2230 qua
2391 2161 2502 2214 Deo
2529 2161 2739 2215 invisus
2774 2160 3170 2228 Philostorgius
3196 2159 3264 2212 de
3315 2173 3438 2213 sen-

1861 2260 2032 2310 tentia
2069 2255 2384 2322 Theophili,
2415 2269 2578 2323 quem
2623 2253 2884 2315 diximus,
2919 2253 3200 2306 memoriae
3240 2252 3441 2306 litteris

1858 2348 2159 2412 mandavit,
2221 2361 2284 2400 ea
2355 2361 2504 2400 nunc
2579 2346 2772 2414 paucis
2843 2345 3298 2413 perstringemus.
3349 2341 3444 2396 Di-

1859 2439 1936 2491 cit
1961 2438 2131 2502 enim,
2171 2436 2227 2490 in
2257 2436 2438 2490 sinum
2468 2436 2673 2491 Persici
2711 2435 2899 2499 maris,
2928 2435 3074 2504 quod
3107 2451 3169 2488 ea
3202 2438 3253 2488 in
3287 2443 3442 2504 parte

1859 2529 2106 2584 Oceanus
2184 2543 2306 2582 sese
2376 2517 2695 2592 eﬂundcus,
2727 2537 2943 2581 vastum
2976 2535 3032 2580 et
3078 2525 3440 2581 circumcirca

1861 2620 2062 2673 multas
2091 2628 2285 2688 gentes
2313 2619 2690 2688 complectens
2721 2617 2908 2681 edicit,
2951 2634 3074 2672 cum
3101 2617 3238 2671 alios
3271 2617 3443 2670 maxi-

1861 2727 1980 2766 mos
2014 2710 2236 2776 ﬂuvios,
2269 2721 2384 2764 tum
2420 2710 2624 2780 Tigrim
2665 2726 2725 2765 se
2753 2711 2915 2764 undis
2946 2710 3060 2764 suis
3086 2708 3311 2764 inferre.
3337 2710 3444 2774 Qui

1859 2819 1984 2858 cum
2013 2801 2319 2872 Apeliotem
2374 2818 2566 2858 versus
2606 2803 2708 2856 sub
2745 2802 2998 2872 Hyrcano
3026 2802 3161 2855 mari
3209 2803 3264 2854 in
3311 2802 3443 2855 Cor-

1861 2893 2029 2964 dyaris
2081 2895 2375 2949 manifesto
2407 2894 2511 2949 sibi
2553 2895 2653 2963 ipsi
2709 2896 2958 2949 redditus
3009 2897 3256 2956 emersit,
3290 2895 3441 2964 juxta

1863 2984 2070 3056 Syriam
2144 2986 2440 3056 proﬂuens,
2496 2989 2657 3042 simul
2713 2999 2876 3056 atque
2934 2986 3185 3040 Susidem
3241 2996 3442 3040 terram

1862 3079 2147 3150 pertingit,
2170 3081 2462 3152 Euphratae
2492 3081 2565 3135 ibi
2597 3098 2654 3136 se
2684 3083 2733 3136 ei
2765 3082 3184 3144 columiscente,
3217 3093 3446 3147 magnus

1860 3168 1969 3239 jam
2003 3181 2342 3238 etaquarum
2370 3174 2418 3225 vi
2445 3171 2689 3242 rapidus,
2713 3172 2918 3242 ingenti
2941 3182 2995 3225 et
3020 3171 3234 3240 fragoso
3258 3169 3441 3224 sonitu

1865 3264 2223 3330 provolvitur.
2266 3265 2424 3320 Unde
2475 3265 2628 3319 illum
2681 3265 3094 3334 Tigridis-fera:
3144 3277 3442 3334 cognomen

1863 3356 2140 3424 accepisse
2172 3356 2374 3412 ferunt.
2399 3357 2722 3424 Priusquam
2746 3367 2930 3412 autem
2962 3358 3016 3412 in
3052 3373 3202 3410 mare
3230 3357 3444 3410 delabi-

1864 3455 1975 3512 tur,
2009 3449 2062 3501 in
2087 3447 2197 3503 duo
2222 3448 2460 3518 ingentia
2494 3448 2721 3502 ﬂumina
2761 3449 2985 3513 scissus,
3013 3449 3168 3502 ostiis
3202 3449 3443 3509 duobus,

1863 3538 2024 3608 longe
2065 3543 2206 3594 inter
2247 3557 2304 3594 se
2339 3542 2568 3606 dissitis,
2607 3541 2659 3594 in
2678 3543 2956 3595 Persicum
2994 3557 3051 3595 se
3079 3556 3228 3594 mare
3268 3541 3444 3610 ccuji-

1864 3633 1962 3694 cit,
1989 3631 2402 3700 722imultum
2426 3642 2581 3687 terrm
2605 3635 2660 3688 in
2689 3635 2870 3688 medio
2910 3633 3265 3698 concludens,
3295 3650 3446 3688 eam-

1862 3739 1967 3792 que
1991 3722 2264 3778 fluvialem
2291 3724 2454 3778 simul
2488 3734 2543 3778 et
2563 3725 2892 3779 maritimam
2925 3725 3156 3780 insulam
3180 3725 3441 3784 eﬂicieus.

1862 3832 2024 3886 quam
2072 3832 2204 3886 gens
2243 3817 2588 3872 Mesenorum
2632 3819 2845 3872 incolit.
2903 3819 3212 3888 Euphrates
3260 3832 3440 3874 autem

1861 3909 2062 3963 ﬂuvius
2111 3925 2177 3963 ex
2209 3910 2485 3964 Armeniis
2535 3910 2826 3964 manifesto
2861 3927 3130 3981 apparens
3169 3914 3440 3970 exoritur.

1861 4000 1952 4055 ubi
1986 4016 2145 4056 mons
2185 4011 2270 4054 est
2303 4001 2520 4066 Ararat,
2548 4002 2616 4055 ab
2649 4002 2843 4056 incolis
2876 4003 2950 4057 ita
2983 4003 3290 4072 appellatus
3326 4020 3340 4057 :
3376 4008 3440 4058 ad

1862 4105 2024 4159 quem
2064 4106 2248 4146 arcam
2284 4094 2410 4147 Noae
2440 4094 2753 4149 constitisse
2790 4110 2960 4150 sacra:
3000 4095 3242 4165 produnt
3270 4096 3446 4151 Litte-

1862 4196 1956 4246 rae,
1981 4184 2136 4254 cujus
2167 4185 2331 4238 etiam
2361 4201 2508 4240 nunc
2535 4187 2607 4240 ibi
2635 4188 2909 4256 lignorum
2939 4197 2992 4241 et
3023 4189 3305 4242 clavorum
3332 4205 3440 4242 non

1863 4289 2050 4343 pauca:
2101 4287 2394 4331 servantur
2427 4278 2695 4347 reliquiae.
2740 4280 2869 4334 Inde
2919 4282 3156 4349 primum
3213 4281 3443 4352 exiguus

1861 4365 2144 4436 proﬂuens
2173 4368 2506 4437 Euphrates,
2539 4387 2648 4438 quo
2690 4372 2906 4440 longius
2929 4372 3123 4436 fertur,
3157 4389 3224 4427 co
3271 4375 3445 4443 major

196 4455 274 4506 καὶ
303 4456 407 4508 τῶν
435 4458 613 4528 ἥλων,
645 4462 765 4513 ἐκεῖ
796 4460 1101 4530 σωζόμενα.
1147 4461 1431 4515 Ἐντεῦθεν
1470 4462 1613 4516 καὶὸ
1647 4461 1755 4515 Εὑ-

1864 4460 2093 4526 exsistit,
2135 4461 2367 4528 plurima
2415 4461 2519 4516 alia
2556 4461 2776 4516 ﬂumina
2827 4464 2880 4516 in
2928 4465 3142 4518 alveum
3192 4465 3354 4519 simul
3388 4478 3444 4518 et

193 4546 388 4613 φράτης
415 4546 608 4615 ὀλίγος
642 4548 904 4618 ταπρῶτα
938 4550 1109 4618 ῥυεὶς,
1139 4550 1453 4619 προϐαίνων
1488 4549 1575 4603 ἀεὶ
1609 4551 1756 4616 γίνε-

193 4648 271 4684 ται
303 4636 528 4704 μείζων,
560 4632 856 4703 πλείστους
896 4639 1268 4709 ἐμϐάλλοντας
1295 4640 1446 4710 αὑτῷ
1476 4639 1755 4708 ποταμοὺς

193 4729 260 4788 εἰς
304 4728 399 4797 τὴν
437 4730 640 4781 ἐαυτοῦ
694 4732 1072 4802 προσηγορίαν
1117 4731 1602 4801 συνεφελκόμενος.
1645 4731 1758 4801 Τὴν

203 4813 487 4885 Ἀρμενίαν
516 4820 598 4882 δὲ,
627 4823 728 4889 τήν
767 4838 826 4873 τε
861 4821 1107 4890 μεγάλην
1133 4822 1227 4874 καὶ
1253 4822 1352 4890 τὴν
1385 4822 1592 4890 μικρὰν
1621 4821 1762 4872 διελι

195 4906 309 4969 θὼν,
355 4911 558 4964 ἔπειτα
599 4912 839 4982 πρόεισι,
878 4913 1091 4982 τέμνων
1131 4913 1233 4981 μὲν
1278 4913 1378 4983 τὴν
1417 4911 1620 4982 Συρίαν
1659 4913 1759 4984 τὴν

196 4995 322 5059 ἰδίως
365 5001 768 5073 Εὐφρατησίαν
801 5003 1146 5074 καλουμένην
1173 5017 1186 5032 ⁸
1221 5003 1412 5056 ἔπειτα
1449 5004 1634 5074 μέντοι
1662 5007 1757 5057 καὶ

192 5090 276 5155 τὴν
313 5092 522 5164 ἄλλην·
572 5098 670 5150 καὶ
707 5095 908 5166 ταύτην
941 5095 998 5148 δὲ
1042 5099 1135 5150 καὶ
1191 5097 1292 5168 τὴν
1338 5099 1506 5169 ἄλλην
1546 5099 1758 5170 διαμει-

192 5181 436 5253 ψάμενος,
478 5192 582 5241 καὶ
619 5191 778 5243 ἐλικα
823 5191 1096 5257 διασπῶν,
1124 5185 1198 5244 ὧν
1223 5193 1388 5246 δίεισι
1417 5194 1760 5250 ’ποικιλωτά-

191 5290 297 5344 την,
347 5281 618 5343 κλασθεὶς
671 5285 910 5353 ὁπηνίκα
942 5287 1008 5354 τῇ
1062 5283 1291 5354 Ἀραϐία
1345 5283 1592 5339 πελάσει.
1643 5287 1758 5340 Ἐν-

193 5367 348 5421 ταῦθα
395 5371 462 5440 δὴ
510 5373 862 5441 κυκλοτερῶς
924 5375 1264 5444 καταντικρὺ
1328 5375 1428 5444 τῆς
1484 5377 1756 5448 Ἐρυθρᾶς

192 5454 456 5532 θαλάσσης
483 5465 866 5534 παρενεχθεὶς,
903 5467 997 5520 καὶ
1019 5467 1207 5536 χώραν
1229 5469 1330 5519 οὐκ
1355 5467 1544 5537 ὀλίγην
1567 5471 1760 5536 ἐγκολ-

191 5555 531 5619 πωσάμενος,
568 5554 758 5609 ἔπειτα
792 5560 930 5627 πρὸς
982 5559 1217 5610 Καικίαν
1253 5558 1454 5628 ἄνεμον
1502 5561 1760 5631 ἐπιστρέ-

194 5657 272 5708 φει
302 5646 363 5698 τὸ
393 5661 444 5714 ί-
467 5648 627 5718 ιθρον
647 5667 662 5683 ·
695 5651 866 5718 ὅσπερ
895 5652 987 5704 οὖν
1036 5651 1236 5714 Βορέου
1267 5670 1325 5706 τε
1359 5656 1454 5708 καὶ
1493 5655 1760 5727 Ἀπηλιώ-

501 5746 773 5804 l'nuoc.
816 5748 931 5805 Gn.
961 5745 1197 5805 CXLVl

1863 4567 2064 4606 nomen
2123 4568 2280 4606 suum
2336 4554 2636 4622 excipiens.
2667 4554 2870 4622 Majore
2908 4565 3088 4609 autem
3145 4566 3200 4610 et
3231 4560 3442 4610 minore

1861 4642 2117 4696 Armenia
2143 4658 2384 4705 emensa.
2409 4645 2545 4698 ultra
2580 4648 2948 4716 progreditur,
2982 4663 3100 4701 eam
3125 4665 3245 4717 qua:
3276 4666 3442 4718 pecu-

1859 4734 1982 4787 liari
2026 4735 2248 4789 nomine
2289 4733 2646 4804 Euphratesia
2692 4738 2838 4792 dicta
2887 4751 2989 4801 est,
3032 4740 3231 4794 deinde
3273 4741 3438 4794 etiam

1864 4827 2131 4896 reliquam
2177 4844 2369 4882 secans
2409 4828 2643 4896 Syriam.
2679 4829 2789 4883 Hac
2836 4846 3000 4900 porro
3028 4841 3083 4886 et
3115 4833 3204 4887 illa
3237 4843 3360 4902 post
3381 4849 3440 4888 se

1861 4921 2377 4989 relicta,omnisque
2406 4922 2624 4990 generis
2641 4937 2745 4987 qua
2771 4922 2946 4986 (luxit,
2987 4924 3162 4978 helice
3198 4926 3438 4990 divulsa,

1863 5011 1957 5063 ubi
2020 5011 2232 5066 Arabiae
2284 5013 2750 5081 propinquaturus
2800 5024 2906 5078 est,
2948 5016 3271 5087 refringitur
3333 5034 3442 5072 :ac

1860 5103 2084 5172 oblique
2104 5103 2156 5156 in
2183 5104 2449 5158 circulum
2469 5115 2659 5159 contra
2686 5123 2832 5162 mare
2856 5109 3104 5165 Rubrum
3124 5112 3438 5181 prolabens,

1861 5203 1918 5249 et
1948 5196 2224 5266 regionem
2259 5212 2367 5250 non
2402 5213 2624 5266 parvam
2660 5201 2880 5256 sinuose
2905 5202 3187 5265 claudens,
3218 5203 3285 5256 ad
3322 5203 3440 5257 Ca:-

1860 5290 1999 5342 ciam
2037 5298 2259 5342 ventum
2295 5305 2513 5344 cursum
2546 5293 2840 5347 convertit.
2878 5294 3007 5349 Inde
3035 5295 3123 5348 ubi
3156 5295 3299 5348 inter
3337 5295 3440 5352 Bu-

1863 5392 2013 5432 ream
2065 5389 2120 5433 et
2175 5381 2460 5449 Apelioten
2506 5383 2720 5438 medius
2757 5388 3024 5451 constitit,
3067 5396 3116 5438 et
3163 5385 3229 5439 ad
3271 5385 3442 5455 Tigri-

1862 5471 1986 5526 dem
2020 5471 2220 5528 llumen
2267 5475 2564 5543 procurrit,
2615 5491 2722 5529 non
2762 5486 2933 5531 totum
2970 5492 3028 5531 se
3058 5476 3108 5531 ei
3146 5476 3438 5541 immiscet,

1862 5563 1957 5619 sed
2007 5565 2350 5634 portionibus
2387 5576 2594 5621 tantum
2641 5570 2966 5638 quibusdam
3021 5569 3204 5624 medio
3269 5571 3443 5625 inter-

1865 5661 2008 5716 vallo
2032 5660 2271 5728 amissis,
2304 5671 2458 5732 parte
2490 5663 2721 5733 reliqua,
2744 5678 2916 5732 eaque
2943 5665 3179 5718 maxima
3211 5673 3264 5719 et
3292 5668 3448 5720 navi-

3035 5755 3100 5818 10
