3988 6190
442 280 547 343 299

445 483 547 545 dit,
584 495 649 535 ac
691 479 911 533 nomine
960 491 1061 531 suo
1092 475 1317 538 amisso,
1350 486 1474 527 cum
1525 472 1621 525 illo
1651 471 1706 524 in
1739 470 2021 524 Persicum

362 556 385 575 ’
446 571 758 628 devolvitur
783 571 984 622 sinum.
1009 564 1062 618 ld
1099 579 1264 632 porro
1287 563 1433 632 quod
1462 561 1605 615 intra
1641 560 1750 613 duo
1780 557 2022 614 ista'ﬂu-

448 665 594 719 mina
621 659 968 731 protenditur
994 665 1175 719 terrae.
1213 653 1618 721 Mesopotamiae
1650 665 1851 704 nomen
1880 650 2024 704 obti-

447 761 561 806 net.
594 751 885 806 Enimvero
912 745 1091 815 Tigris
1122 752 1179 797 et
1210 744 1538 811 Euphrates,
1570 740 1770 810 quibus
1800 741 1855 794 in
1883 740 2022 794 locis

450 828 791 910 emergentes
842 844 1161 906 appareant,
1195 835 1403 889 dictum
1458 841 1587 886 est:
1623 847 1789 886 sacrae
1838 840 2023 886 autem

453 935 670 988 Littera'
693 940 894 983 nostrae
922 944 953 980 e
985 927 1249 981 Paradiso
1275 940 1371 979 ens
1403 924 1697 993 proﬂuere,
1730 924 2023 978 verissime

451 1027 910 1077 commemorant.
941 1018 1018 1071 Ex
1071 1033 1138 1071 eo
1165 1031 1403 1084 namque
1435 1015 1612 1067 fontes
1640 1023 1697 1067 et
1727 1014 2023 1082 primordia

447 1115 791 1184 lympharum
821 1126 1041 1164 suarum
1063 1109 1413 1177 recipientes,
1448 1105 1680 1160 fortasse
1709 1106 1774 1159 ad
1808 1112 2023 1159 certum

451 1206 821 1275 usquelocum
852 1218 1017 1271 super
1046 1210 1245 1255 terram
1277 1198 1573 1269 proﬂuunt.
1591 1196 1854 1266 Deinceps
1888 1211 2022 1250 vero

450 1313 478 1350 a
508 1308 657 1349 vasta
710 1303 763 1349 et
792 1307 1019 1347 arenosa
1056 1290 1355 1345 solitudine
1389 1288 1628 1357 excepti,
1661 1296 1825 1356 atque
1854 1287 1929 1340 ibi
1966 1286 2021 1340 in

448 1389 780 1459 profundum
813 1401 911 1454 per
934 1384 1218 1438 cuniculos
1248 1380 1517 1449 absorpti,
1545 1394 1654 1433 non
1687 1380 1840 1449 prius
1862 1378 2024 1432 deor-

450 1493 572 1532 sum
632 1490 852 1549 versum
906 1486 1132 1527 currere
1179 1470 1459 1532 desinunt,
1491 1484 1653 1537 quam
1693 1468 1760 1521 ad
1796 1477 2027 1536 angusta

447 1579 505 1623 et
540 1566 784 1636 lapidosa
806 1565 927 1633 ejus
957 1571 1116 1616 terra:
1136 1561 1253 1615 loca
1286 1560 1630 1628 pertigerint,
1650 1572 2027 1628 progressum-

447 1678 555 1732 que
586 1674 775 1715 eorum
809 1657 875 1711 ad
930 1655 1185 1709 inferiora
1247 1652 1581 1721 prmcipitem
1628 1651 1805 1704 solum
1836 1649 2029 1703 durius

448 1763 505 1808 et
543 1752 772 1806 solidius
804 1748 1178 1819 prmpedierit.
1208 1745 1308 1801 Ubi
1346 1744 1506 1798 unda:
1535 1757 1724 1797 eorum
1762 1741 2026 1795 continue

448 1855 504 1898 et
533 1842 823 1898 confertim
855 1840 1219 1903 conﬂuentes,
1256 1836 1307 1891 vi
1338 1843 1394 1889 et
1422 1833 1795 1904 magnitudine
1830 1846 1927 1885 sua
1957 1830 2036 1884 di-

449 1948 662 1991 rectum
724 1948 820 1987 eos
875 1931 1072 1987 deinde
1127 1945 1349 1985 cursum
1408 1936 1595 1983 tenere
1653 1935 1880 1994 cogunt.
1929 1922 2033 1996 Qui

451 2025 652 2082 deinde
680 2025 1039 2079 subterraneo
1094 2030 1276 2075 meatu
1327 2018 1581 2082 ﬂuentes,
1617 2025 1825 2087 partem
1868 2027 2037 2083 aqua-

452 2134 577 2173 rum
608 2132 798 2172 eorum
851 2131 959 2169 non
995 2113 1274 2167 minimam
1322 2126 1444 2181 quae
1482 2110 1536 2164 in
1566 2109 1746 2163 medio
1775 2115 1860 2163 est
1892 2118 2036 2161 terra

454 2220 735 2278 carpente,
765 2207 1008 2260 minores
1041 2213 1098 2259 et
1129 2204 1407 2258 tenuiores
1434 2203 1544 2271 jam
1570 2201 1635 2255 ad
1666 2214 1730 2254 ea
1766 2200 1881 2253 loca
1906 2210 2035 2266 per-

449 2304 703 2362 veniunt,
742 2300 837 2355 ubi
888 2314 955 2353 ex
1008 2295 1285 2352 cuniculis
1328 2295 1383 2348 in
1429 2301 1678 2363 apertum
1713 2298 2032 2360 erumpunt.

453 2393 612 2463 723
643 2389 799 2455 Quod
858 2388 935 2442 illi
990 2394 1173 2440 autem
1234 2384 1435 2439 occulti
1470 2383 1833 2437 subterraneo
1872 2395 2036 2435 cursu

451 2483 778 2552 longissime
806 2479 1120 2541 volvantur,
1156 2476 1209 2530 id
1242 2491 1351 2529 non
1380 2474 1545 2529 debet
1575 2473 1755 2528 videri
1786 2472 2034 2527 incredi-

450 2574 584 2629 bile.
608 2573 749 2629 Sunt
773 2573 918 2627 eniin
949 2579 1006 2625 et
1031 2569 1136 2623 alia
1167 2568 1366 2639 passim
1390 2565 1617 2621 ﬂumina
1640 2574 1698 2621 et
1731 2566 1968 2619 maxima
1984 2571 2041 2618 et

452 2669 827 2741 rapidissima.
858 2683 979 2737 qua:
1000 2666 1105 2722 sub
1137 2673 1284 2719 terra
1315 2662 1592 2717 feruntur.
1614 2661 1859 2731 Apparet
1880 2660 1931 2714 id
1972 2674 2040 2714 ex

451 2778 520 2817 eo
550 2761 756 2825 sonitu,
809 2758 903 2830 qui
943 2757 1011 2812 ad
1065 2770 1229 2811 aures
1266 2764 1483 2809 nostras
1524 2753 1592 2808 ab
1632 2754 1711 2807 eis
1743 2767 1867 2806 cum
1899 2761 2041 2806 stre—

451 2854 570 2924 pitu
613 2860 670 2907 et
712 2851 929 2921 fragore
978 2846 1269 2903 ruentibus
1311 2844 1607 2914 perfertur.
1649 2843 1718 2897 Et
1766 2842 2039 2907 nonnulli,

452 2946 599 3015 quod
638 2960 770 3000 eum
805 2958 967 3012 supra
1002 2955 1097 2996 eos
1145 2938 1343 2993 ﬂuvios
1373 2948 1573 3007 puteos
1614 2934 1954 2999 efl‘odissent,
1985 2942 2041 2988 et

1651 265 2072 329 NICEPHORI
2122 261 2474 325 CALLlS’I‘l

444 386 636 462 gabili,
673 386 728 440 in
762 385 969 455 Tigrim
1002 370 1256 439 eumdein
1297 380 1438 450 apud
1471 379 1639 433 Susas
1670 377 1850 431 omnis
1878 374 2020 428 inci-

2140 390 2214 425 του
2251 373 2414 441 μέσος
2442 372 2647 439 ἔστηκε
2672 385 2686 401 ·
2725 369 2823 422 καὶ
2870 369 3012 437 πρὸς
3042 367 3137 420 τὶν
3166 364 3422 435 Τίγρητα
3474 370 3741 435 ποταμὸν

2125 463 2399 533 ὁρμήσας.
2443 460 2543 528 οὐχ
2575 453 2688 521 οἶός
2718 459 2779 511 τέ
2829 460 2984 510 ἔστιν
3031 458 3183 525 αὐτῷ
3231 457 3371 518 ὅλως
3401 458 3686 527 συμμίξαι
3714 474 3734 489 ο

2127 553 2265 609 ἀλλὰ
2293 555 2510 623 μοίραις
2558 552 2708 604 τισὶν
2738 553 2797 603 έν
2842 551 2923 620 τῷ
2949 551 3040 603 διὰ
3090 550 3263 620 μέσου
3299 538 3739 620 ποραναλούμεί

2126 662 2241 708 νος,
2273 647 2341 715 τῇ
2398 641 2810 713 ὑπολειπομένη
2848 641 3086 712 μεγίστῃ
3136 656 3196 691 τε
3231 640 3394 711 οὔσῃ,
3443 640 3542 692 καὶ
3590 637 3737 701 ναῦς

2127 735 2462 804 ἀνασχέσθαι
2518 732 2897 803 δυνατωτάτη,
2933 732 3014 800 τῷ
3048 732 3289 800 Τίγρητι
3323 734 3472 783 κατὰ
3519 731 3739 791 Σούσας

2135 827 2371 897 μάλιστα
2399 825 2725 893 συμπίπτει.
2759 824 2869 876 Καὶ
2893 822 2959 893 δὴ
2978 822 3081 889 τῆς
3109 821 3311 874 ἑαυτοῦ
3341 822 3735 890 προσηγορίας

2130 920 2620 986 ἀποπαυσάμενος,
2655 918 2754 969 σὺν
2783 915 2987 984 ἐκείνῳ
3018 914 3157 985 πρδς
3188 914 3283 967 τὸν
3321 914 3597 980 [lapsiva
3624 932 3736 967 κα-

2130 1008 2682 1085 τασύρεταιικόλπον.
2720 1010 2829 1062 Καὶ.
2867 1006 2929 1060 τὸ
2957 1006 3166 1075 μεταξὺ
3194 1008 3308 1058 τῶν
3331 1005 3428 1057 δύο
3457 1007 3733 1074 ποταμῶν

2130 1104 2362 1166 τούτων,
2395 1099 2491 1153 τοῦ
2529 1116 2589 1151 τε
2618 1100 2895 1169 Τίγρητος
2928 1099 3024 1151 καὶ
3061 1097 3157 1149 τοῦ
3192 1098 3513 1167 Εὗφράτου.
3549 1100 3737 1149 Μεσο-

2132 1146 2381 1262 ποταμία
2422 1193 2685 1262 τυγχάνει
2697 1146 2709 1166 ⁸
2728 1146 3340 1261 1σιτροσνειιγορευόμενονῖ
3358 1146 3599 1256 ν’ίίγρη-ς-
3618 1146 3771 1267 μὲν

2129 1284 2224 1337 οὖν
2247 1284 2342 1337 καὶ
2371 1282 2671 1350 Εὐφράτης
2700 1280 2847 1332 κατὰ
2868 1279 2934 1331 τὸ
2957 1278 3204 1347 ἐμφανὲς
3225 1277 3352 1329 ὅθεν
3374 1276 3730 1337 ἁναόύονται,

2134 1377 2351 1446 εἴρηται
2378 1390 2392 1404 ⁸
2424 1376 2457 1443 ἠ
2482 1372 2540 1424 δὲ
2572 1373 2695 1441 ίερὰ
2722 1371 2882 1439 ἡμῶν
2907 1370 3126 1439 Ρραφὴ,
3159 1371 3226 1421 ἑκ
3250 1370 3348 1420 τοῦ
3384 1369 3731 1438 παραδείσου

2132 1466 2363 1528 τούτους
2398 1466 2636 1532 λέγουσα
2660 1464 2964 1534 ὁρμᾶσθαι,
2999 1464 3062 1515 τὸ
3087 1462 3469 1529 ἀληθέστατον
3496 1464 3730 1526 ἱστορεῖ.

2139 1560 2251 1612 Καὶ
2288 1562 2398 1627 γάρ
2430 1558 2490 1622 ἐξ
2536 1558 2705 1610 αὑτοῦ
2738 1557 2839 1620 τὰς
2872 1557 3101 1627 πρώτας
3134 1556 3313 1626 ἀρχὰς
3340 1556 3452 1607 τῶν
3486 1554 3732 1625 ῥείθρων

2137 1656 2416 1720 φέροντες,
2452 1653 2581 1719 ἄχρι
2627 1651 2727 1719 μέν
2765 1666 2911 1714 τινος
2941 1651 3207 1719 προΐασιν
3247 1648 3392 1717 ὑπὲρ
3425 1647 3532 1713 γῆν
3566 1646 3729 1715 {nio-:-

2136 1761 2229 1806 τες
2264 1743 2398 1806 ἴσως
2422 1760 2436 1775 ⁸
2474 1742 2666 1795 ἔπειτα
2696 1743 2753 1795 δὲ
2777 1744 2877 1811 τῆς
2928 1742 3175 1812 μεγάλης
3226 1743 3443 1811 ἐρήμου
3477 1744 3570 1791 καὶ
3613 1742 3727 1802 d31-

2143 1836 2499 1906 μωδεστάτης
2526 1835 2725 1898 αὐτοὺς
2760 1834 3158 1903 έκδεξαμένης,
3189 1834 3327 1903 πρὸς
3350 1833 3411 1884 τὸ
3448 1832 3614 1900 βάθος
3641 1831 3736 1882 ἐν·

2137 1928 2316 1984 ταῢθα
2343 1910 2797 1998 καταπινόμενοι,
2823 1929 2883 1980 ob
2912 1927 3181 1998 πρότερον
3207 1926 3466 1979 ἵστανται
3499 1927 3606 1993 τῆς
3632 1925 3735 1975 ἐπὶ

2136 2027 2205 2077 τὰ
2242 2023 2400 2076 κάτω
2437 2022 2634 2091 φορᾶς,
2669 2019 2800 2090 πρὶν
2826 2020 2927 2081 ,ἐπ’
2958 2021 3095 2073 αὐτὸ
3124 2020 3188 2092 δὴ
3234 2020 3297 2073 τὸ
3328 2020 3595 2088 στεγανὸν
3626 2020 3733 2071 καὶ

2138 2103 2420 2185 πετρῶδες
2462 2112 2562 2182 τῆς
2590 2114 2778 2168 αὐτόθι
2832 2112 3227 2181 καταντήσωσι
3260 2112 3389 2180 γῆς.
3441 2112 3646 2164 Στάσιν
3679 2108 3730 2161 δ’

2139 2207 2321 2269 αὑτοίς
2368 2204 2469 2273 τῆς
2501 2203 2593 2255 ἐπὶ
2621 2204 2691 2256 τὰ
2725 2202 2878 2256 κάτω
2929 2200 3340 2271 προχωρήσεως
3375 2201 3478 2269 τῆς
3528 2201 3731 2252 αὐτόθι

2139 2299 2406 2371 κρηπῖδος
2444 2294 2901 2366 παρασχομένης,
2945 2293 3184 2348 ἐνταῦθα
3208 2294 3312 2364 ἢδη
3354 2293 3464 2346 τῶν
3508 2295 3737 2362 ῥευμά-

2139 2411 2247 2449 των
2285 2393 2472 2454 αύτοῖς
2504 2373 2986 2459 συναγειρομένων
3006 2388 3112 2441 ὑπὸ
3139 2389 3381 2457 πλήθους
3406 2389 3505 2441 καὶ
3539 2388 3737 2458 ἰσχύος

2140 2485 2235 2541 τοῦ
2270 2488 2358 2540 ἀεὶ
2388 2483 2815 2553 ἐπιφερομένου,
2846 2483 2907 2537 τὸ
2937 2482 3129 2553 πρόσω
3165 2482 3440 2551 χωροῦσιν
3469 2483 3560 2534 ἐπ’
3592 2484 3734 2535 εὐθὺ

2144 2580 2484 2651 βιαζόμενοι.
2530 2576 2671 2630 Ἀλλ’
2700 2575 2849 2629 οὗτοι
2893 2576 2993 2645 μὲν
3018 2577 3067 2627 οἱ
3106 2576 3349 2644 ποταμοὶ
3384 2576 3732 2645 κατωρύχιοι

2143 2672 2530 2743 πορευόμενοι,
2560 2668 2759 2737 μοῖραν
2781 2667 2963 2720 αὐτῶν
2987 2668 3090 2718 οὐκ
3118 2666 3309 2735 ὀλίγην
3336 2668 3440 2734 τῆς
3470 2669 3529 2718 ἐν
3573 2670 3732 2739 μέσῳ

2141 2764 2242 2833 γῆς
2272 2758 2773 2830 ὑπεξαιρουμένης,
2817 2757 3081 2821 ἐλάττους
3125 2759 3447 2812 ἀπαντῶσιν
3477 2760 3578 2831 ήδη
3626 2766 3731 2813 καὶ

2141 2856 2521 2926 ἀσθενέστεροι
2554 2853 2648 2905 ἐπὶ
2677 2852 2804 2913 τοὺς
2841 2851 3042 2913 τόπους
3080 2851 3189 2903 τῶν
3235 2852 3577 2906 ἀναδύοεων.
3615 2855 3732 2906 Καὶ

2142 2948 2204 3002 τό
2248 2964 2312 3015 γε
2371 2945 2598 3016 μυχίους
2637 2943 2839 3006 αὐτοὺς
2900 2942 3163 3012 πλείστην
3197 2942 3412 2998 ἐπιέναι
3463 2948 3570 3013 γῆν
3625 2946 3733 2998 οὐκ

454 3039 601 3111 quod
624 3053 683 3093 se
716 3037 800 3092 eis
827 3036 1040 3090 inferne
1076 3032 1275 3087 obtulit
1300 3031 1478 3086 solum
1500 3028 1810 3098 lapidosum
1839 3025 2033 3096 paulu-

2140 3040 2283 3102 είκδς
2334 3038 2589 3091 ἀπιστεῖν
2616 3051 2628 3065 ·
2667 3034 2837 3088 πολλὰ
2888 3035 2999 3104 γάρ
3025 3035 3143 3088 ἔστι
3174 3036 3268 3089 καὶ
3297 3037 3433 3090 ἄλλα
3474 3038 3731 3109 ῥεύματα

455 3134 570 3188 lum
616 3130 911 3199 rupissent,
948 3124 1093 3181 unda
1141 3132 1490 3195 perstrepens
1544 3135 1765 3176 cursum
1811 3133 2030 3175 sursum

456 3238 677 3279 versum
709 3237 830 3276 cum
876 3219 927 3272 vi
958 3216 1193 3288 quadam
1244 3214 1552 3281 moliretur,
1595 3213 1680 3267 vix
1707 3212 1775 3266 ab
1806 3212 1885 3267 eis
1936 3209 2032 3281 qui

461 3317 529 3372 ad
585 3329 860 3370 summum
892 3308 1041 3381 putei
1073 3323 1135 3363 os
1162 3306 1547 3372 constiterant,
1579 3314 1707 3361 sunt
1740 3304 2035 3360 retractiet

455 3406 684 3477 recepti.
716 3409 891 3473 Atque
918 3404 1011 3457 illa
1032 3401 1326 3457 subsecuta
1349 3400 1401 3452 in
1435 3399 1611 3452 rivum
1642 3397 1835 3461 evasit,
1869 3409 2033 3465 quem

454 3501 605 3555 nulla
640 3497 762 3553 cazli
809 3496 1030 3551 siccitas
1083 3500 1312 3563 propter
1343 3492 1453 3545 vim
1494 3498 1549 3545 et
1588 3487 1793 3543 ﬂuxum
1841 3502 2038 3557 perpe-

456 3603 611 3647 tuum
655 3588 908 3644 turbarit.
959 3584 1262 3640 lueﬂabilis
1302 3598 1541 3653 namque
1581 3580 1676 3635 Dei
1742 3578 2035 3649 sapientia,

457 3697 716 3755 tanquam
747 3696 911 3735 venas
936 3696 1057 3750 quae
1094 3693 1234 3748 opus
1267 3685 1451 3732 essent
1482 3674 1921 3744 suppeditantes,
1955 3672 2037 3727 sic

458 3793 726 3851 aquarum
774 3790 1072 3846 procursus
1119 3786 1232 3827 tum
1264 3770 1510 3827 occultos
1561 3778 1673 3822 tum
1722 3767 2041 3823 manifestos

458 3872 708 3943 perfecit.
746 3868 902 3924 Unde
945 3882 1163 3937 quoque
1216 3864 1475 3934 propheta
1513 3862 1679 3916 David
1733 3860 1865 3916 illud
1897 3861 2043 3915 ceci-

458 3968 540 4021 nit
576 3983 589 4018 :
642 3963 764 4033 Ipse
787 3977 944 4031 super
999 3959 1173 4012 maria
1203 3954 1442 4025 {undavit
1482 3970 1621 4018 eum,
1667 3961 1716 4006 et
1741 3968 1900 4023 super
1937 3955 2042 4023 ﬂu-

458 4059 607 4113 mina
633 4052 953 4126 prazparavit
995 4066 1112 4103 eum
1145 4049 1186 4113 ἲ.
1216 4047 1385 4101 Maria
1415 4045 1649 4111 scilicet,
1680 4059 1841 4114 quam
1872 4045 2043 4098 maxi-

463 4151 567 4202 mis
597 4159 753 4201 terra:
786 4144 1018 4199 sinubus
1044 4142 1284 4195 thesauri
1318 4140 1491 4193 instar
1513 4139 1892 4201 accuinulans,
1924 4140 2042 4192 solo

460 4255 650 4295 eorum
678 4237 959 4292 robustius
989 4233 1355 4297 consolidato,
1389 4232 1457 4287 ad
1492 4240 1695 4286 tantam
1722 4232 1829 4286 vim
1850 4243 1905 4287 et
1928 4249 2045 4287 mo-

460 4334 594 4394 lem,
639 4347 760 4401 quu:
795 4330 849 4383 in
879 4345 940 4383 ea
977 4326 1312 4391 inferuntur,
1341 4341 1605 4394 aquarum
1637 4324 2039 4381 sustinendam.

2136 3128 2417 3200 πανταχοῦ
2436 3130 2547 3183 τῶν
2574 3126 2784 3198 σφόδρα
2814 3127 3090 3197 μεγίστων
3111 3144 3172 3180 τε
3203 3126 3301 3182 καὶ
3328 3131 3731 3200 ίσχυροτάτων,

2138 3224 2243 3278 ὑπὸ
2272 3223 2377 3293 γῆν
2432 3220 2836 3291 ἀφικνούμενα.
2872 3219 3043 3289 Δῆλον
3092 3220 3189 3273 δέ·
3223 3217 3355 3292 ἦχός
3386 3239 3446 3274 τε
3483 3225 3599 3292 γὰρ
3632 3225 3732 3276 ἀπ’

2138 3316 2316 3370 αὐτῶν
2340 3315 2601 3368 ἀκούεται
2638 3314 2834 3384 μέγας,
2875 3313 2974 3365 σὺν
2999 3314 3224 3384 ταράχῳ
3259 3316 3356 3373 καὶ
3390 3316 3562 3384 ῥοίζῳ
3594 3317 3731 3368 πολ-

2136 3407 2214 3479 λῷ
2247 3405 2589 3477 φερομένων.
2637 3404 2797 3458 Ἀλλά
2825 3405 2919 3457 καί
2952 3422 3097 3468 τινες
3125 3405 3270 3477 ὑπὲρ
3293 3406 3476 3459 αὐτῶν
3506 3410 3731 3477 φρέατα

2142 3500 2529 3570 ὀρυσσόμενοι,
2564 3497 2658 3550 καὶ
2703 3497 2805 3566 τῆς
2855 3496 3241 3566 ἁπηντηκυίας
3274 3499 3467 3561 αὐτοῖς
3514 3500 3729 3564 πλακὸς

2144 3591 2411 3652 κάτωθεν,
2444 3588 2533 3642 ἐπ’
2575 3588 2759 3656 ὀλίγον
2797 3588 3133 3659 τρώσαντες,
3167 3588 3258 3657 ὑφ’
3288 3592 3355 3660 ἧν
3403 3591 3465 3642 τὸ
3502 3593 3729 3662 ῥεῖθρον

2143 3685 2416 3756 καχλάζον
2463 3683 2564 3753 ἤδη
2614 3682 2715 3752 τὴν
2750 3682 2841 3734 ἐπὶ
2889 3681 2947 3733 τὸ
2992 3682 3106 3735 ἀνω
3164 3682 3338 3753 φορὰν
3394 3684 3730 3755 βιαζόμενον

2144 3777 2517 3847 ὑπισχνεῖται,
2558 3772 2717 3843 μόγις
2767 3772 3153 3843 ἀνελήφθησαν
3183 3774 3291 3828 ὑπὸ
3345 3776 3454 3829 τῶν
3485 3778 3581 3830 ἐπὶ
3630 3783 3729 3832 τοῦ

2144 3870 2358 3940 χείλους
2393 3866 2494 3936 τῆς
2533 3866 2887 3936 φρεωρυχίας
2931 3864 3186 3918 ἑστώτων
3229 3868 3682 3936 ἁναρπασθέντες
3708 3889 3725 3903 ·

2144 3960 2244 4013 καὶ
2272 3960 2331 4012 τὸ
2364 3958 2577 4030 ῥεῖθρον
2613 3957 3033 4027 ὲφομαρτῆσαν,
3069 3961 3148 4020 εἰς
3181 3957 3371 4027 ὀχετὸν
3396 3961 3731 4033 προύχώρη-

2147 4068 2259 4115 σεν,
2293 4049 2387 4101 ὑπ’
2421 4048 2678 4117 οὐδεμιᾶς
2716 4048 3025 4117 ἀνομϐρίας
3073 4048 3155 4101 ἔτι
3202 4052 3724 4124 παραλυπούμενον,

2144 4142 2233 4194 διὰ
2258 4143 2319 4195 τὸ
2341 4142 2437 4211 τῆς
2464 4141 2728 4212 χορηγίας
2754 4143 3004 4196 ἀένναον.
3040 4143 3104 4196 Ἢ
3127 4143 3238 4214 γὰρ
3263 4137 3526 4200 τούΘεοῦ
3556 4150 3733 4222 ἀπόρ-

2150 4235 2311 4302 ρητος
2330 4232 2514 4301 σοφία,
2537 4233 2701 4284 οἱονεὶ
2724 4232 2930 4301 φλέϐας
2954 4236 3222 4306 χορηγοὺς
3244 4236 3353 4288 τῶν
3377 4237 3729 4307 ἀναγκαίων,

2145 4327 2245 4388 τὰς
2276 4326 2383 4377 τῶν
2421 4324 2655 4394 ῥείθρων
2683 4324 3038 4395 διεκδρομάς,
3068 4330 3166 4389 τὰς
3203 4328 3305 4396 μὲν
3342 4331 3595 4396 ἀφανεῖς,
3630 4336 3731 4396 τὰς

461 4423 711 4478 Flumina
752 4430 957 4484 autem,
987 4417 1273 4473 commoda
1300 4426 1353 4471 et
1389 4416 1618 4473 mirifica
1645 4419 2035 4474 constitutione

2146 4417 2201 4469 δὲ
2231 4417 2535 4487 προδήλους
2563 4418 2883 4486 εἰργάσατο.
2915 4419 3101 4491 Ταύτῃ
3127 4421 3235 4490 ἄρα
3265 4424 3357 4474 καὶ
3384 4424 3411 4474 ό
3436 4427 3733 4495 προφήτης

461 4516 753 4573 transitum
784 4515 869 4569 eis
899 4513 1132 4567 liberum
1165 4510 1438 4581 praebens,
1476 4511 1795 4580 regionibus
1825 4527 2039 4582 semper

461 4627 528 4665 ex
551 4610 661 4664 alto
688 4624 745 4663 se
777 4604 1231 4662 submittentibus
1258 4613 1423 4673 atque
1456 4601 1860 4667 recedentibus,
1892 4615 1946 4658 et
1973 4620 2041 4658 ex

462 4699 877 4757 sublimioribus
904 4697 971 4752 ad
1036 4694 1362 4750 humiliores
1391 4709 1517 4747 oras
1557 4710 1823 4764 aquarum
1879 4711 2044 4751 ruen-

465 4795 600 4847 tium
661 4788 955 4844 momentis
1003 4787 1184 4841 locum
1226 4784 1676 4840 concedentibus.
1732 4786 1881 4840 idem
1926 4770 2063 4857 ipse-

464 4883 781 4952 conjectura
810 4880 1032 4941 ductus,
1069 4876 1383 4949 paradisum
1426 4876 1492 4929 ad
1525 4877 1792 4931 orientem
1833 4878 1934 4932 sub
1972 4895 2047 4933 ze-

463 4972 787 5044 quinoctiali
834 4973 1003 5027 situm
1051 4985 1175 5025 esse
1205 4971 1280 5023 ait
1314 4969 1546 5023 circulo.
1585 4969 1827 5023 Primum
1862 4985 1928 5024 ex
1959 4985 2047 5037 eo,

463 5064 606 5135 quod
640 5066 704 5119 ad
745 5064 1029 5118 meridiem
1066 5064 1414 5117 maniiestum
1460 5072 1547 5117 est
1578 5063 1693 5117 loca
1719 5064 1833 5118 fere
1866 5066 2046 5120 omnia

463 5170 586 5211 esse
611 5154 948 5217 habitabilia,
973 5152 1037 5207 ad
1061 5163 1367 5207 extremum
1394 5167 1566 5222 usque
1585 5152 1853 5207 duntaxat
1873 5168 2042 5218 mare,

464 5248 610 5317 quod
649 5247 760 5316 jam
790 5245 871 5300 sol
914 5244 1096 5298 adurit
1132 5248 1232 5316 (ι),
1281 5259 1426 5298 anno
1465 5254 1579 5299 toto
1615 5245 1797 5299 radios
1826 5260 1957 5300 suos
1988 5246 2044 5299 in

576 5363 592 5394 ’
635 5362 777 5417 Psal.
819 5376 973 5428 xxiii,
1008 5360 1063 5415 2.

539 5485 613 5555 (Δ)
647 5484 771 5536 ιίίιεω
812 5480 1036 5550 quidem
1095 5486 1343 5533 veterum
1401 5493 1569 5547 pmpe
1628 5479 1873 5555 omnium
1931 5480 2038 5533 fuit

465 5550 674 5622 opinio.
707 5554 812 5622 Sed
839 5565 1051 5620 patrum
1088 5561 1405 5622 nostrorum
1438 5551 1732 5622 memoria,
1753 5550 2035 5619 inccptore

467 5619 733 5677 Columbo
782 5619 989 5689 Liguri,
1025 5637 1162 5673 nova
1209 5619 1570 5689 Hispanorum
1614 5620 1884 5686 navigatio
1919 5634 2039 5671 ma-

468 5707 628 5761 gnam
666 5693 856 5744 Atrius:
905 5702 1110 5759 pirtcm
1155 5693 1353 5760 priscis
1397 5691 1715 5743 hominibus
1748 5693 1984 5759 ignotam
2024 5728 2038 5749 ,

2145 4510 2455 4581 ἐμελῲδησε
2497 4510 2692 4564 Δαὸἔδ’
2748 4512 2940 4577 Αὐτός
2972 4514 3071 4566 ἐπὶ
3131 4514 3465 4569 θαλασσῶν
3522 4518 3730 4587 ἐθεμε-

2146 4606 2372 4656 λίωσεν
2397 4602 2610 4671 αὐτὴν,
2643 4603 2742 4657 καί
2774 4602 2872 4656 ἐπὶ
2923 4605 3205 4674 ποταμῶν
3251 4607 3589 4676 ἡτοίμασεν
3620 4614 3731 4663 αὐ-

2148 4692 2296 4761 τήν·
2332 4694 2407 4756 ώς
2447 4695 2545 4757 τὰς
2588 4695 2690 4763 μὲν
2748 4695 3020 4760 θαλάττας
3069 4699 3181 4760 τοῖς
3222 4700 3505 4767 μεγίστοις
3554 4701 3732 4768 αὐτῆς

2149 4784 2509 4851 κολπώμασιν
2543 4779 2656 4839 οἷον
2684 4786 3143 4857 ἁποθησαυρίσας
3174 4791 3269 4841 καὶ
3299 4792 3400 4860 την
3432 4791 3593 4859 βάσιν
3626 4796 3693 4844 ab

2150 4878 2261 4938 τοῖς
2314 4877 2750 4945 κρατυνάμενος,
2811 4877 2950 4945 πρὸς
3001 4877 3061 4930 τὸ
3119 4879 3410 4948 ἀνέχεσθαι
3466 4881 3727 4935 τοσοῦτον

2148 4968 2310 5035 ὄγκον
2360 4968 2456 5021 καὶ
2491 4967 2695 5035 πλῆθος
2728 4969 2836 5021 τῶν
2870 4971 2927 5022 ἐν
2960 4971 3097 5040 αὐτῇ
3135 4971 3485 5040 φερομένων·
3521 4976 3631 5032 τοῖς
3664 4972 3724 5025 δὲ

2149 5060 2414 5129 ποταμοῖς
2457 5056 2555 5130 τὴν
2600 5059 2837 5124 διέξοδον
2908 5059 3177 5113 ἁπόλυτον
3222 5062 3338 5123 ταῖς
3387 5062 3726 5133 εύμηχάνοις

2146 5152 2314 5222 αὐτῆς
2349 5150 2627 5203 διαθέσεσι
2660 5153 2806 5216 δοὺς,
2841 5153 2927 5205 ἀεὶ
2965 5156 3085 5216 ταῖς
3112 5140 3221 5207 τῶν
3245 5156 3466 5224 χωρίων
3499 5157 3729 5223 ὑπαγω-

2144 5247 2267 5313 γαίς
2292 5261 2351 5297 τε
2386 5248 2479 5297 καὶ
2508 5246 2917 5314 ταπεινότησιν,
2951 5248 3059 5299 ἀπὸ
3102 5252 3212 5302 τῶν
3247 5248 3598 5320 ὑψηλοτέρων
3630 5253 3728 5304 ἐπὶ

2148 5479 2499 5560 et_plur_iin_as
2532 5479 2584 5560 iu
2610 5478 2853 5560 _0ceauo
2890 5483 3261 5560 inerid‘ioimli,
3289 5497 3342 5538 et
3374 5495 3604 5541 caeteras
3642 5491 3725 5542 in-

2150 5552 2299 5624 sultis
2360 5550 2689 5605 habitabiles
2750 5554 2980 5605 invenit.
3032 5553 3098 5607 Ut
3152 5567 3283 5609 satis
3336 5559 3446 5624 jam
3505 5570 3724 5613 constet

2150 5617 2431 5694 Oceanum
2478 5636 2585 5674 non
2639 5638 2779 5694 esse
2815 5624 3006 5675 inerth
3061 5617 3475 5694 magnitudinis,
3516 5630 3611 5680 sed
3648 5633 3728 5684 iu-

2156 5693 2291 5743 sulis
2337 5700 2500 5758 atque
2559 5700 2608 5743 te
2647 5695 2719 5744 ris
2773 5693 3051 5747 immensae
3110 5693 3271 5748 etiam
3332 5697 3729 5765 magnitudinis

3627 254 3740 318 3m

3772 1162 3785 1179 1

3776 1222 3783 1231 ι
