3988 6190
281 254 379 318 θθὶ

1194 252 1803 318 ECCLESIASTICAE
1844 252 2231 315 HISTORIA;
2276 254 2422 315 LIB.
2468 255 2568 314 IX.

3404 257 3511 321 302

282 377 342 425 τὰ
372 368 773 441 χθαμαλώτερα
805 367 968 421 τόπον
992 370 1057 439 τῇ
1096 371 1236 439 ῥοπῇ
1275 370 1368 422 τοῦ
1407 368 1689 439 βρίθοντος
1719 366 1837 419 ’ύδα-

1948 365 1999 418 id
2032 367 2310 421 emitteus.
2358 366 2484 420 Hmc
2518 364 2719 435 quippe
2766 374 2848 418 est
2897 364 2987 418 illa
3020 378 3135 432 quae
3177 368 3349 420 media
3378 390 3510 426 ωσι)

278 479 367 525 τος
404 459 724 531 παρασχών.
777 458 839 515 '0
865 459 911 512 δ’
945 458 1107 520 αὐτὸς
1133 459 1352 531 εἰκασία
1393 458 1696 532 χρώμενος,
1728 458 1842 510 κεῖ·-

283 553 407 607 σθαί
430 568 562 620 φησι
597 552 694 605 καὶ
743 550 836 605 τὸν
869 551 1203 621 παράδεισον
1236 552 1375 603 κατὰ
1405 553 1505 614 τὰς
1553 548 1842 621 ἰσημερίας

278 644 373 713 τῆς
398 642 565 712 ὴοῦςο
614 642 836 712 πρῶτον
864 642 988 712 μὲν,
1020 643 1080 707 ἐξ
1111 638 1186 697 ὧν
1214 643 1282 697 τὰ
1311 642 1449 713 πρὸς
1490 640 1843 711 μεσημϐρίαν

276 736 405 804 δῆλά
436 737 554 788 ἐστι
593 735 774 788 πάντα
825 736 1126 804 οἰκούμενα
1161 735 1350 804 σχεδὸν
1401 735 1561 804 μέχρι
1589 734 1687 800 τῆς
1739 731 1842 796 ἔξω

278 828 567 896 θαλάττης,
622 827 693 898 ἢν
735 826 1018 880 ’θάλατταν
1066 828 1094 880 ὁ
1153 827 1308 895 ἥλιος
1358 826 1460 897 ἤδη
1515 825 1839 894 ξυμφλέγει,

279 921 398 974 κατ’
417 922 540 983 ἔτος
575 921 666 975 ἐπ’
691 921 828 989 αὐτῇ
863 921 959 982 τὰς
995 921 1218 983 ἀκτῖνας
1261 920 1485 991 ἐρείδων
1513 936 1528 952 ⁸
1561 921 1657 973 καὶ
1686 922 1718 989 ἡ
1754 920 1842 973 διὰ

279 1014 442 1080 μέσου
477 1012 751 1081 λεγομένη
781 1012 926 1081 ζώνη
954 1012 1117 1066 τοῦτό
1159 1013 1307 1064 ἐστιν
1337 1025 1351 1041 ·
1378 1010 1457 1064 ἔτι
1497 1010 1552 1063 δὲ
1584 1011 1678 1064 καὶ
1704 1010 1842 1064 διότι

275 1107 301 1158 ό
339 1105 433 1157 νῦν
474 1104 718 1172 ’Υφασις
764 1103 1099 1173 καλούμενος
1150 1104 1416 1171 ποταμὸς,
1462 1102 1522 1156 ὃν
1563 1104 1596 1172 ἠ
1648 1103 1842 1173 Γραφὴ

271 1192 480 1245 1ἱεισὼν
509 1190 792 1258 ὀνομάζει,
819 1193 914 1245 καὶ
944 1191 1108 1253 αὐτὸς
1133 1191 1226 1244 τοῦ
1249 1191 1579 1261 παραδείσου
1610 1190 1845 1243 ἀναϐλύ-

271 1284 398 1348 ζων,
423 1285 490 1336 εκ
527 1283 638 1335 τῶν
669 1283 938 1352 ἀρκτῴων
974 1283 1180 1353 μᾶλλον
1226 1283 1327 1351 τῆς
1354 1282 1623 1357 ἀνατολῆς
1659 1283 1844 1352 μερῶν

270 1377 363 1427 ἐπὶ
417 1376 517 1445 τὴν
555 1374 902 1445 μεσημϐρίαν
956 1375 1210 1443 φαίνεται
1264 1375 1424 1444 ῥέων,
1482 1375 1576 1427 καὶ
1626 1376 1706 1437 είς
1752 1374 1845 1427 τὸν

1943 455 2164 510 dicitur.
2205 456 2407 511 Deinde
2451 455 2598 526 quod
2630 456 2675 511 is
2710 455 2801 524 qui
2828 471 2971 511 nunc
3003 454 3270 527 llyphasis
3305 458 3512 515 dicitur

1942 544 2162 610 ﬂuvius.
2198 548 2251 601 in
2295 548 2595 617 Scripturis
2625 548 2794 602 sacris
2832 548 3035 603 Phison
3088 550 3421 615 nominatus,
3457 560 3512 606 et

1944 635 2058 705 ipse
2099 652 2129 691 e
2167 637 2421 706 paradiso
2465 646 2646 691 ortum
2692 638 2935 705 ducens,
2988 654 3050 691 ex
3092 639 3294 693 arctois
3342 640 3514 709 magis

1942 726 2183 782 Orientis
2233 729 2482 797 partibus
2524 730 2807 784 meridiem
2843 745 3033 784 versus
3063 732 3335 800 proﬂuere
3356 726 3516 786 ’vide-

1946 831 2054 884 tur,
2087 829 2142 874 et
2169 821 2223 875 in
2246 821 2365 891 ejus
2387 821 2559 891 ipsius
2587 836 2696 875 orae
2727 821 3001 876 Oceanum
3029 839 3199 892 aquas
3233 839 3358 877 suas
3381 841 3515 877 con-

1939 912 2113 981 jicere
2158 927 2225 965 ex
2283 911 2518 967 adverso
2569 903 2911 981 Taprobana:
2956 913 3168 968 insulae.
3222 915 3304 968 Ad
3353 917 3511 986 cujus

1945 1002 2193 1075 ﬂuminis
2224 1003 2371 1073 ripas
2398 1002 2682 1057 invenitur
2712 1006 2859 1073 quod
2906 1005 3316 1076 caryophyllum
3349 1023 3513 1061 voca-

1946 1106 2055 1156 tur,
2089 1095 2205 1150 sive
2256 1095 2309 1148 id
2357 1097 2592 1157 fructus.
2622 1110 2716 1149 seu
2768 1094 2870 1150 ﬂos
2920 1106 3025 1152 est.
3074 1098 3141 1152 Et
3187 1114 3510 1166 persuasum

1946 1186 2152 1240 habent
2199 1185 2293 1254 qui
2329 1185 2400 1239 ibi
2450 1184 2707 1240 habitant
2752 1186 3027 1250 homines,
3061 1189 3313 1242 arborem
3366 1189 3507 1255 ejus.

1945 1293 2011 1331 ex
2059 1279 2141 1332 eis
2193 1294 2316 1347 qua:
2367 1277 2422 1331 in
2471 1280 2725 1347 paradiso
2770 1290 2923 1343 sunt,
2958 1296 3119 1334 unum
3168 1297 3311 1336 esse.
3350 1280 3511 1351 72-5.

1946 1369 2162 1423 Etenim
2217 1384 2281 1424 ea
2328 1385 2450 1437 quae
2504 1385 2671 1439 supra
2722 1386 2821 1426 eos
2867 1382 2953 1427 est
3005 1381 3175 1435 terra,
3210 1374 3508 1427 admodum

268 1467 441 1537 ταύτῃ
483 1466 737 1529 Ὠκεανὸν
767 1466 828 1518 τὸ
856 1465 1071 1536 ῥεῖθρον
1108 1464 1580 1535 είσερευγόμενος,
1611 1465 1837 1533 ἀντικρὺ

1947 1461 2164 1516 deserta
2198 1470 2283 1515 est
2324 1470 2434 1516 tota
2460 1473 2522 1516 et
2567 1463 2800 1517 sterilis.
2829 1463 2983 1529 Quod
3017 1477 3200 1518 autem
3239 1466 3284 1519 is
3315 1465 3513 1519 ﬂuvius

267 1562 365 1627 τῆς
403 1560 575 1628 νήσου
624 1559 1034 1628 Ταπροϐάνηςο
1080 1552 1142 1611 οὗ
1184 1557 1335 1629 παρὰ
1381 1557 1481 1620 τὰς
1530 1556 1701 1626 ὄχθας
1748 1554 1837 1609 τοῦ

1945 1553 2135 1607 ﬂorem
2168 1568 2294 1607 eum
2320 1553 2496 1616 aﬂ'ert,
2526 1555 2658 1608 satis
2688 1564 2905 1611 constat
2934 1557 3087 1610 illum
3116 1572 3281 1627 super
3308 1566 3508 1610 terram

267 1654 515 1722 ποταμοῦ
549 1652 863 1724 εὑρίσκεται
887 1654 948 1706 τὸ
975 1651 1276 1721 λεγόμενον
1301 1651 1704 1722 καρυόφυλλον,
1730 1649 1837 1704 εἴτε

1947 1651 2123 1698 totum
2164 1644 2323 1707 l‘erri,
2359 1659 2539 1714 neque
2578 1646 2792 1715 uspiam
2848 1648 2952 1702 sub
2998 1660 3201 1702 terram
3253 1649 3308 1702 in
3350 1650 3508 1702 cuni-

264 1748 502 1817 καρπὸς,
539 1747 653 1800 είτε
685 1746 745 1800 δὲ
775 1747 869 1800 καὶ
897 1746 1062 1808 ἄνθος
1093 1746 1373 1815 τυγχάνει.
1402 1746 1515 1799 Καὶ
1545 1744 1837 1797 πεπιστεύ-

1944 1738 2100 1793 culos
2130 1738 2345 1794 demitti
2382 1757 2397 1793 :
2436 1740 2598 1793 aliter
2627 1740 2798 1802 enim,
2832 1742 2975 1810 quod
3007 1743 3081 1796 ibi
3117 1752 3304 1798 natum
3337 1753 3507 1806 esset,

262 1856 425 1893 κασιν
477 1841 529 1893 ot
560 1840 743 1911 ἐκείνη
790 1839 1069 1904 οἰκοῦντες
1117 1839 1226 1893 τῶν
1259 1841 1324 1892 ὲκ
1360 1838 1455 1891 τοῦ
1505 1838 1837 1906 παραδείσου

1942 1831 2188 1901 perferre
2230 1847 2336 1886 non
2370 1841 2575 1902 posset.
2614 1835 2790 1891 Habet
2827 1845 2881 1889 et
2927 1836 3087 1890 aliam
3140 1835 3346 1892 ﬂumen
3402 1838 3509 1892 hoc

262 1929 423 1982 τοῦτο
458 1930 681 1998 δένδρον
700 1924 869 1985 εἶναι.
914 1931 1026 1982 Καὶ
1051 1928 1161 1999 γὰρ
1187 1929 1281 1981 καὶ
1314 1931 1346 1997 ἠ
1377 1929 1518 1997 ὑπὲρ
1542 1927 1740 1989 αὐτοὺς
1767 1927 1837 1996 γῆ

1942 1931 2127 1975 notam
2170 1930 2402 1977 terrenae
2445 1939 2569 1978 cum
2600 1926 2859 1994 paradiso
2911 1928 3338 1983 commistionis.
3378 1927 3509 1981 Fer-

259 2021 475 2089 ἕρημός
502 2021 564 2073 τέ
600 2023 717 2074 ἐστι
754 2021 944 2083 δεινῶς
985 2020 1175 2075 ἅπασα
1205 2019 1298 2072 καὶ
1326 2020 1708 2088 ἀκαρποτάτη.
1746 2018 1837 2070 Ἐκ

1945 2020 2034 2066 tur
2063 2014 2233 2077 enim,
2287 2016 2331 2069 si
2372 2016 2500 2085 quis
2534 2016 2674 2071 febri
2711 2018 2930 2073 laboret
2955 2021 3197 2082 ardenti,
3232 2031 3287 2074 et
3322 2020 3373 2074 in
3406 2020 3510 2074 ﬂu-

259 2108 312 2161 δὲ
343 2107 451 2161 τοῦ
486 2109 675 2176 φέρειν
701 2107 793 2161 τὸν
829 2108 1073 2175 ποταμὸν
1099 2108 1161 2160 τὸ
1188 2107 1348 2169 ἄνθος
1380 2106 1632 2174 δπίδηλον
1658 2106 1724 2159 ἂν
1750 2105 1836 2176 εἴη

256 2202 327 2263 ὡς
360 2196 532 2262 οὗτος
557 2204 585 2254 ὁ
622 2200 868 2269 ποταμὸς
896 2203 1035 2270 ὑπὲρ
1066 2198 1171 2269 γῆς
1210 2202 1359 2262 ἄπας
1392 2200 1527 2268 ῥέει,
1564 2200 1838 2269 μηδαμόθι

257 2294 678 2361 καταδυόμενος
702 2310 715 2325 ο
742 2294 806 2346 ού
845 2294 955 2363 γὰρ
985 2294 1052 2346 ἂν
1088 2294 1147 2345 τὸ
1172 2291 1387 2345 ἐκεῖθεν
1418 2292 1690 2361 φυόμενον
1713 2291 1841 2359 ὴδύ‹

265 2403 391 2438 tato
462 2386 674 2455 φέρειν.
720 2386 876 2455 Ἔχει
913 2386 971 2438 δέ
1021 2402 1075 2436 τι
1118 2384 1213 2438 καὶ
1245 2383 1372 2437 ἄλλο
1425 2383 1694 2451 σύμϐολον
1737 2383 1839 2452 τῆς

261 2482 395 2551 περὶ
446 2481 539 2534 τὸν
584 2480 918 2550 παράδεισον
946 2479 1155 2547 γεηρᾶς
1200 2478 1508 2547 ἐπιμιξίας.
1563 2477 1702 2529 Φασὶ
1727 2477 1836 2543 γὰρ

253 2574 329 2635 ὡς
356 2573 469 2625 ἐὰν
498 2588 585 2634 τις
608 2572 761 2641 τύχοι
791 2569 1012 2640 πυρετῷ
1041 2570 1227 2640 λάϐρῳ
1256 2568 1608 2638 φλεγόμενος,
1636 2570 1718 2632 εἰς
1747 2569 1838 2624 τὸν

258 2665 519 2733 ποταμὸν
567 2663 994 2733 βαπτισάμενος,
1028 2661 1349 2732 παραυτίκα
1390 2660 1484 2713 τοῦ
1532 2662 1839 2732 νοσήματος

257 2755 699 2809 ἀπαλλάττεται.
752 2752 813 2806 Ὀ
848 2753 905 2806 δὲ
952 2751 1143 2820 Τίγρις
1198 2750 1292 2802 καὶ
1334 2749 1657 2819 Εὐφράτης,
1699 2748 1837 2803 διότι

258 2845 609 2899 καταδύουσι
642 2846 736 2917 καὶ
766 2841 931 2896 πάλιν
953 2840 1289 2910 ἀνίσχουσιν,
1324 2839 1478 2892 οὐδὲν
1512 2838 1721 2891 ἐκεῖθεν
1745 2837 1839 2890 δύο

257 2959 459 2996 νανταιι
491 2938 762 3006 κομίζειν,
776 2937 962 3007 ὥσπερ
986 2936 1016 2988 ό
1046 2935 1301 3002 Ὕφασις.
1327 2933 1462 2987 Οὑδέ
1486 2950 1550 3000 γε
1575 2936 1602 2986 ὁ
1625 2933 1836 2997 Νεῖλος·

1943 2104 2092 2159 mine
2122 2120 2190 2160 eo
2211 2116 2512 2177 mergatur,
2542 2109 2844 2179 derepente
2876 2126 3002 2165 eum
3039 2113 3230 2167 morbo
3255 2113 3503 2168 liberari.

1941 2197 2123 2266 Tigris
2169 2214 2302 2254 vero
2349 2211 2407 2254 et
2444 2201 2773 2271 Euphrates,
2824 2204 2971 2273 quod
3006 2215 3208 2260 terram
3243 2207 3503 2274 subeant,

1940 2294 1997 2341 et
2029 2303 2223 2343 rursus
2253 2301 2557 2359 emergant,
2593 2306 2702 2347 non
2737 2293 2947 2362 aliquid
2996 2295 3144 2356 inde,
3180 2304 3243 2350 ut
3288 2295 3509 2365 llypha-

1940 2381 2017 2435 sis
2046 2380 2152 2450 (ι).
2213 2380 2410 2436 efferre
2464 2392 2717 2452 possunt.
2769 2385 2876 2440 Sed
2932 2402 3002 2441 ne
3045 2387 3202 2442 Nilus
3234 2388 3504 2458 quidem:

1938 2489 2067 2528 nam
2090 2485 2147 2530 et
2174 2474 2322 2530 hunc
2349 2477 2526 2545 ipsum
2555 2476 2681 2534 inde
2702 2477 2999 2548 proﬂuere,
3034 2480 3316 2548 inspirata:
3341 2481 3506 2535 Mosae

1940 2565 2140 2621 litterae
2172 2574 2469 2624 testantur.
2501 2571 2667 2624 Gaeon
2718 2571 2789 2624 ab
2839 2571 2979 2640 ipso,
3016 2588 3042 2624 a
3076 2572 3278 2627 Graecis
3317 2582 3500 2627 autem

1908 2715 1911 2718 .
1939 2660 2229 2731 Egyptius
2262 2663 2588 2731 appellatur.
2643 2662 2742 2718 llic
2783 2679 3040 2733 namque,
3070 2673 3338 2733 quantum
3368 2681 3501 2720 con-

1936 2752 2112 2821 jicere
2149 2753 2296 2818 licet,
2337 2769 2368 2807 e
2421 2754 2679 2824 paradiso
2712 2771 3002 2824 proruens,
3042 2756 3367 2826 priusquam
3411 2758 3506 2811 ha-

1940 2842 2225 2898 bitabilem
2260 2843 2413 2898 orbis
2447 2854 2657 2913 partem
2709 2846 2913 2916 attigit,
2959 2848 3064 2901 sub
3112 2859 3313 2901 terram
3346 2850 3505 2902 cuui-

1941 2936 2080 2990 culis
2112 2936 2415 2999 immissus,
2451 2937 2579 2992 inde
2606 2938 2857 2992 Indicum
2886 2955 3037 2994 mare
3065 2940 3237 3003 subit,
3263 2941 3367 2995 sub
3392 2957 3503 3011 quo

257 3034 355 3088 καὶ
392 3031 509 3101 γὰρ
560 3030 655 3083 καὶ
708 3027 898 3080 τοῦτον
933 3024 1143 3079 ἐκεῖθεν
1192 3025 1332 3093 ῥεῖν,
1363 3025 1395 3092 ἠ
1438 3023 1687 3086 Μωσέως
1719 3023 1836 3075 ὲπίο

1941 3027 1996 3082 in
2029 3028 2219 3083 orbem
2272 3029 2712 3085 circumvolutus
2746 3030 2828 3099 (ut
2874 3033 3197 3103 conjectura
3245 3043 3352 3099 est,
3381 3035 3508 3103 quis

256 3141 434 3178 πνοια
463 3123 638 3190 λέγει,
674 3119 850 3173 Γαιὼν
898 3118 1060 3171 αὐτὸν
1109 3115 1486 3185 ὀνομάξουσα·
1519 3115 1580 3168 ὃν
1609 3117 1659 3167 οἱ
1709 3112 1845 3185 παρ’

256 3217 533 3285 Ἕλλησιν
580 3212 882 3279 Αίγύπτιον
922 3209 1175 3263 ἐκάλουν.
1206 3201 1375 3268 Οὗτος
1425 3207 1555 3275 γὰρ,
1605 3207 1681 3270 ὡς
1724 3205 1841 3259 ἔστι

258 3308 599 3378 συμϐαλεῖν,
637 3305 888 3374 ἐξορμῶν
944 3300 1037 3354 τοῦ
1069 3300 1429 3370 παραδείσου,
1479 3300 1611 3370 πρὶν
1657 3301 1750 3357 ἐπὶ
1779 3298 1842 3352 τὸ

255 3397 591 3465 οἰκούμενον
622 3395 833 3464 φθάσαι
861 3392 1290 3462 καταδυόμενος,
1327 3391 1520 3445 ἔπειτα
1550 3391 1651 3460 τὴν
1694 3392 1843 3444 Ἰνδι-

255 3494 362 3559 κὴν
402 3490 688 3543 θάλασσαν
735 3486 987 3540 ὑπελθὼν
1032 3486 1133 3549 ἐτι,
1182 3487 1278 3538 καὶ
1324 3484 1512 3553 κύκλῳ
1566 3500 1629 3553 γε
1671 3483 1842 3555 αὐτὴν

257 3579 644 3652 περιελιχθεὶς
673 3580 750 3640 ὡς
786 3577 1009 3632 εἰκάσαι
1029 3592 1044 3607 ⁸
1079 3577 1163 3641 τίς
1193 3579 1302 3648 γὰρ
1351 3577 1658 3646 ἀνθρώπων
1683 3580 1843 3648 ἀκρι-

256 3675 467 3727 ϐὡσειε
511 3671 714 3735 τοῦτο;
757 3670 854 3723 καὶ
897 3669 1003 3722 ὑπὸ
1059 3669 1239 3723 πᾶσαν
1290 3669 1392 3740 τὴν
1424 3671 1484 3721 ἐν
1533 3670 1687 3739 μέσῳ
1736 3669 1842 3737 γῆν

257 3764 513 3836 ἐνεχθεὶς
544 3763 707 3834 μέχρι
737 3762 838 3831 τῆς
878 3760 1150 3833 Ἐρυθρᾶς
1174 3760 1453 3831 θαλάσσης
1474 3777 1489 3794 ο
1515 3762 1611 3815 καὶ
1637 3762 1842 3831 ταύτην

240 3855 628 3927 ὑποδραμὼν,
656 3854 752 3907 {ut
779 3854 1010 3924 θάτερον
1041 3854 1212 3922 αὐτῆς
1241 3853 1512 3907 ἐκδίδοται
1541 3856 1708 3923 μέρος
1735 3854 1842 3907 ὑπὸ

256 3953 317 4003 τὸ
344 3949 457 4018 τῆς
490 3949 725 4019 σελήνης
780 3946 1120 4015 καλούμενον
1158 3945 1279 4015 δρος
1325 3946 1405 4014 (ἐν
1433 3937 1479 4013 ᾧ
1511 3945 1607 3998 δύο
1654 3946 1841 4016 πηγὰς

255 4044 493 4111 λέγεται
528 4043 726 4104 ποιεῖν,
794 4039 1045 4110 ἀλλήλων
1087 4040 1188 4093 οὐκ
1232 4037 1414 4107 ὀλίγον
1464 4038 1838 4109 διεστηκυίας,

257 4136 517 4191 κάτωθεν
555 4133 747 4204 βιαίως
798 4132 1396 4202 άναρῤοιϐδουμέναςΓ
1454 4131 1550 4184 καὶ
1600 4130 1690 4184 διὰ
1736 4130 1838 4199 τῆς

255 4226 562 4288 Αἰθιοπίας
607 4224 873 4293 ἐνεχθεὶς,
924 4224 1018 4275 ἐπὶ
1065 4222 1163 4292 τὴν
1213 4221 1493 4290 Αἴγυπτον
1532 4222 1719 4292 χωρεῖ,
1746 4220 1839 4275 διὰ

258 4319 488 4388 πετρῶν
539 4316 895 4386 ὑψηλοτάτων
944 4314 1445 4383 καταραττόμενος.
1483 4314 1607 4366 Ἔτι
1643 4312 1700 4365 δὲ
1740 4312 1836 4364 καὶ

257 4414 422 4465 τοῦτο
484 4410 842 4480 προστίθησιν
900 4407 975 4469 ὠς
1031 4408 1178 4461 ἅπαν
1238 4408 1298 4461 τὸ
1346 4406 1483 4477 πρὸς
1538 4405 1832 4474 ἀνίσχοντα

254 4504 437 4572 ἧλιον,
474 4503 571 4554 καὶ
600 4502 730 4570 περὶ
751 4500 848 4571 τὴν
874 4497 1227 4569 μεσημϐρίαν
1258 4496 1456 4566 κλίμα,
1487 4497 1665 4549 καίτοι
1689 4497 1833 4565 πέρα

257 4596 359 4648 τοῦ
415 4595 620 4663 μέτρου
678 4593 1037 4662 θαλπόμενον,
1079 4592 1229 4659 ὅμως
1292 4596 1363 4643 τά
1413 4592 1686 4661 κράτιστα
1738 4593 1833 4645 καὶ

260 4688 511 4756 μέγιστα
541 4687 697 4755 φέρει
723 4684 851 4746 τῶν,
883 4685 985 4737 ὅσα
1034 4684 1100 4753 γῆ
1132 4682 1193 4736 τέ
1231 4684 1324 4735 καὶ
1356 4682 1598 4737 θάλαττα
1630 4682 1832 4752 δυνατὴ
1872 4694 1877 4697 ‘

260 4781 508 4850 τρέφειν.
535 4779 619 4831 Τά
644 4794 702 4830 τε
738 4777 846 4847 γὰρ
870 4777 1011 4847 κήτη
1038 4776 1106 4830 τά
1137 4775 1491 4844 ὑπερμεγέθη
1526 4777 1663 4844 αὐτῇ
1698 4776 1834 4826 ὲνεῐ-

260 4889 354 4924 ναι
386 4873 457 4940 τῇ
486 4870 719 4940 θαλάττῃ
741 4885 756 4900 ο
798 4871 893 4921 καὶ
930 4869 1033 4938 ηδη
1067 4866 1221 4937 ὤφθη
1260 4868 1520 4929 πολλάκις
1562 4867 1829 4919 ἐπιπολά-

264 4979 437 5015 σαντα
475 4965 588 5024 τοῖς
640 4963 733 5014 τὸν
791 4960 1048 5013 Ὠκεανὸν
1101 4963 1311 5013 ἐκεῖνον
1364 4957 1827 5027 ναυτιλλομένοις.

263 5053 344 5106 Ἦ
373 5069 436 5105 τε
467 5056 577 5120 γάρ
624 5052 698 5119 γῆ
735 5054 862 5114 τοὺς
894 5051 1195 5117 ἐλέφαντας
1239 5049 1352 5120 ἔχει
1383 5050 1508 5110 τοὺς
1540 5050 1830 5117 μεγίστους

263 5148 365 5198 καὶ
393 5144 874 5213 ύπερφυεστάτους
892 5159 908 5175 ·
942 5144 1037 5195 καὶ
1058 5142 1123 5210 δὴ
1144 5143 1238 5194 καὶ
1262 5142 1386 5202 τοὺς
1416 5142 1830 5210 παρελέφαντας

261 5236 621 5305 λεγομένους,
654 5227 730 5287 ὧν
776 5233 836 5289 τὸ
871 5233 1033 5301 γένος
1068 5232 1138 5285 τὰ
1173 5232 1270 5301 μὲν
1316 5231 1450 5286 ἄλλα
1492 5232 1671 5283 πάντα
1704 5230 1829 5299 βοῦς

262 5330 388 5379 ἐστι
428 5327 707 5396 μέγιστος,
736 5326 836 5395 τὴν
856 5326 914 5377 δὲ
943 5324 1147 5394 βύρσαν
1173 5326 1267 5377 καὶ⁵
1300 5324 1361 5377 τὸ
1391 5323 1589 5393 χρῶμα
1606 5324 1825 5392 ἐλέφας,

230 5468 493 5527 ·(ηονυηι
540 5463 728 5517 orbem
773 5464 994 5531 vocant)
1059 5459 1360 5525 abundare,
1392 5474 1527 5528 quas
1573 5459 1826 5515 homines

260 5534 466 5597 colant,
499 5543 559 5587 et
590 5534 905 5587 universum
940 5533 1129 5587 orbem
1174 5532 1266 5598 qui
1310 5531 1513 5598 ubique
1545 5531 1617 5584 sit
1650 5530 1826 5583 vitalis

261 5618 405 5655 aunr
444 5604 733 5670 particeps,
766 5619 871 5656 non
916 5617 1039 5657 esse
1084 5600 1499 5655 inhabitabilem
1533 5617 1546 5653 :
1579 5598 1631 5670 id
1676 5599 1822 5667 quod

262 5669 572 5742 antiquitus
637 5675 799 5725 etiam
864 5674 1095 5741 primtttn
1160 5670 1507 5725 Posidonium
1579 5669 1823 5739 philoso-

1860 4369 1914 4430 D

1940 3124 2088 3177 enim
2144 3123 2427 3179 hominum
2468 3126 2584 3181 haec
2637 3136 2792 3182 certo
2852 3138 3130 3184 asseveret
3183 3139 3237 3185 et
3276 3130 3507 3185 demon-

1939 3215 2143 3282 stret?)
2194 3226 2251 3271 et
2297 3225 2561 3285 praeterea
2608 3221 2709 3274 sub
2748 3220 2895 3274 omni
2934 3235 2998 3274 ea
3037 3237 3160 3291 quae
3211 3222 3264 3276 in
3323 3223 3506 3278 medio

1942 3308 2289 3378 protenditur
2344 3317 2510 3373 terra,
2558 3311 2627 3365 ad
2681 3327 2829 3366 mare
2865 3311 3112 3367 Rubrum
3146 3330 3502 3384 procurrens,

1940 3416 2006 3456 ac
2031 3402 2135 3457 sub
2166 3417 2232 3457 eo
2260 3417 2479 3473 quoque
2530 3405 2836 3473 prolapsus,
2868 3405 2921 3459 iu
2956 3407 3190 3460 alterum
3226 3408 3347 3476 ejus
3406 3407 3505 3461 de-

1941 3493 2119 3548 fertur
2144 3494 2323 3555 littus,
2360 3495 2464 3549 sub
2490 3495 2543 3549 id
2578 3497 2724 3565 quod
2757 3497 2967 3551 dicitur
3002 3498 3146 3553 lunae
3186 3506 3506 3567 promouto-
3590 3547 3599 3553 .

1943 3586 2085 3639 rium
2122 3586 2238 3656 (ubi
2275 3587 2417 3642 duos
2458 3590 2634 3642 fertur
2665 3588 2883 3643 eﬂicere
2912 3589 3117 3652 fontes,
3163 3607 3270 3645 non
3307 3606 3500 3659 parum

1944 3680 2087 3733 inter
2113 3694 2171 3734 se
2206 3679 2502 3744 distantes,
2532 3690 2590 3735 et
2620 3696 2841 3735 sursum
2873 3697 3091 3737 versum
3128 3700 3321 3755 magna
3349 3686 3401 3739 vi
3447 3696 3505 3740 et

1940 3771 2157 3839 fragore
2204 3779 2676 3842 prorumpentes),
2726 3783 2785 3828 et
2831 3773 2958 3829 inde
3010 3790 3111 3844 per
3166 3776 3501 3846 A‘JthiOpiam

1944 3860 2289 3930 provolutus,
2327 3862 2382 3916 in
2415 3861 2708 3933 Aigyptum
2741 3865 3039 3931 procurrit,
3073 3879 3170 3934 per
3208 3864 3504 3921 altissimas

1942 3969 2110 4024 rupes
2144 3955 2376 4024 strepitu
2411 3956 2681 4011 immenso
2734 3956 3104 4026 praecipitans.
3147 3957 3315 4011 Addit
3350 3961 3503 4013 insu-

1938 4062 2037 4117 per
2069 4056 2126 4101 et
2155 4047 2312 4110 illud,
2346 4056 2581 4102 tractum
2630 4049 2785 4102 illum
2821 4049 2972 4103 orbis
3019 4050 3087 4104 ad
3129 4050 3410 4105 Orientem
3445 4061 3503 4105 et

1941 4136 2229 4191 meridiem
2264 4152 2504 4201 omnem,
2531 4139 2888 4207 quantumvis
2914 4139 2968 4193 in
2996 4140 3263 4195 immenso
3280 4143 3497 4204 ardore,

1939 4229 2174 4283 maxima
2226 4238 2407 4283 tamen
2442 4241 2497 4286 et
2533 4231 2915 4286 robustissima
2954 4231 3098 4287 terre
3139 4237 3346 4298 onmia,
3381 4250 3501 4305 qua:
3578 4302 3583 4313 ἑ

1942 4318 2027 4371 vel
2059 4327 2209 4371 terra
2242 4319 2327 4373 vel
2359 4334 2498 4388 aqua
2528 4320 2851 4390 gignuntur.
2882 4321 2941 4375 ln
2971 4338 3037 4375 eo
3061 4324 3206 4376 enim
3246 4327 3382 4378 mari
3410 4326 3504 4379 ad-
3578 4334 3581 4339 ‘

1942 4410 2207 4465 mirandae
2239 4412 2637 4482 magnitudinis
2672 4413 2932 4467 immania
2973 4424 3092 4469 cete
3124 4416 3500 4483 reperiuntur,

1940 4517 2064 4572 quae
2094 4518 2475 4570 sapenumero
2519 4503 2796 4559 Oceanum
2829 4520 2955 4559 eum
2988 4507 3376 4575 navigantibus
3412 4522 3504 4574 pe-

1940 4594 2063 4664 lago
2091 4595 2398 4649 innatantia
2422 4603 2479 4650 et
2497 4597 2833 4665 emergentia
2855 4606 3251 4664 apparuerunt,
3272 4607 3326 4650 et
3359 4610 3502 4651 terra

1942 4685 2057 4754 ipsa
2093 4686 2418 4754 elephantos
2453 4686 2616 4740 habet
2645 4687 2804 4755 longe
2847 4688 3111 4739 maximos
3160 4696 3216 4741 et
3250 4688 3501 4742 vastissi-

1942 4791 2060 4830 mos
2094 4793 2107 4830 :
2141 4788 2407 4843 prwterea
2440 4792 2534 4831 eos
2567 4777 2661 4846 qui
2695 4776 2868 4846 spurii
2901 4777 3177 4845 elephanti
3217 4779 3498 4839 dicuntur,
3532 4840 3545 4855 ,

1941 4882 2178 4935 quorum
2204 4863 2382 4936 genus
2407 4876 2605 4921 caetera
2640 4869 2862 4937 quidem
2893 4869 3061 4922 boves
3098 4883 3226 4924 sunt
3257 4873 3499 4936 maximi,

1940 4959 2082 5028 pelle
2113 4968 2298 5012 autem
2347 4968 2403 5011 et
2433 4959 2641 5026 colore,
2679 4961 2906 5028 ipsaque
2939 4959 3077 5013 adeo
3126 4963 3501 5029 magnitudine

1938 5046 2239 5114 elephanti.
2277 5046 2418 5100 Sunt
2458 5048 2532 5100 ibi
2578 5063 2797 5118 quoque
2831 5049 3103 5105 dracones
3127 5053 3244 5105 sive
3277 5066 3503 5121 serpen-

1941 5138 2436 5205 tes,crassitudine
2467 5141 2713 5196 trabibus
2732 5155 2839 5196 non
2871 5142 3136 5209 minores,
3163 5143 3501 5213 longitudini:

1938 5233 2003 5284 ad
2038 5232 2354 5297 quindecim
2389 5233 2634 5300 protensi
2666 5247 2862 5302 orgyas
2890 5248 2987 5287 seu
3020 5249 3231 5302 passus,
3264 5249 3496 5301 quarum

1938 5324 2146 5379 exuviae
2172 5324 2336 5379 etiam
2376 5326 2603 5378 Romam
2639 5324 2768 5379 visae
2816 5334 2945 5380 sunt
2978 5324 3229 5392 perferri.
3258 5323 3321 5377 Et
3351 5328 3493 5391 apud

1938 5461 2129 5530 phum,
2180 5458 2405 5514 Panaetii
2458 5459 2808 5529 discipulum,
2865 5457 3063 5513 deinde
3104 5471 3325 5526 quoque
3371 5459 3501 5530 Avi-

1936 5527 2164 5610 cennam
2198 5531 2427 5584 Arabem
2465 5527 2736 5584 medicum
2771 5529 3092 5584 observasse
3133 5527 3497 5594 quorumdam

1937 5608 2019 5653 est
2048 5608 2256 5667 Opinio.

2007 5670 2083 5737 (l)
2112 5669 2265 5740 Apud
2303 5672 2419 5726 Plin
2474 5670 2698 5742 Ilypasis
2725 5678 2832 5739 est,
2867 5669 2969 5723 lib.
3006 5683 3065 5729 it,
3105 5680 3225 5735 cap.
3270 5667 3359 5722 73.
