3988 6190
397 262 498 323 303

1609 247 2038 311 NlCEPﬂORI
2079 250 2164 311 CA
2174 254 2421 315 LLlSTI

2642 192 2743 233 me

3543 250 3679 320 301‘

396 396 489 432 cas
519 382 712 446 gentes
739 387 1085 437 monoeeros,
1115 386 1210 425 seu
1250 370 1536 426 nnicornis
1565 370 1844 431 animans,
1880 380 1965 423 ca-

2087 370 2161 423 ιαὶ
2203 372 2392 442 σχεδὸν
2419 372 2615 435 εἰπεῖν,
2651 374 2747 425 καὶ
2791 372 2850 423 τῆ
2885 371 3138 439 μέγεθος.
3189 371 3353 424 Ἀλλὰ
3387 371 3482 423 καὶ
3510 371 3640 440 δρά-

400 481 498 537 put
530 468 789 523 draconis
824 466 1050 522 habens.
1084 463 1247 533 725
1276 471 1333 517 et
1360 476 1533 516 cornu
1564 475 1671 514 non
1702 473 1957 529 magnum

396 560 621 628 quidem
675 557 832 618 illud.
868 556 965 610 scd
1020 564 1352 609 tortuosum.
1387 550 1629 607 Mentum
1671 549 1748 604 illi
1798 563 1961 602 omne

395 650 563 703 harha
614 648 875 710 obsitum,
917 645 1119 699 collum
1160 644 1384 714 longum
1427 642 1481 695 in
1517 642 1697 694 altum
1738 648 1960 709 proten-

396 759 540 802 sum,
573 754 625 794 et
658 737 932 803 serpentis
967 735 1168 791 tractni
1202 749 1366 804 quam
1400 732 1765 787 simillimum.
1808 730 1956 785 Reli-

398 848 565 897 ιιηιιιη
616 845 819 899 corpus
854 842 1018 881 cervo
1070 826 1355 881 similius:
1398 824 1568 894 pedes
1596 832 1778 876 autem
1830 830 1960 875 sunt

398 924 596 983 leonis.
629 921 788 989 cujus
820 918 1053 988 clligicm
1086 916 1365 972 coloribus
1389 928 1709 983 expressam
1738 928 1767 965 a
1790 912 1963 981 picto-

400 1016 553 1069 ribus
589 1013 918 1080 conspicere
965 1008 1117 1063 licet.
1173 1005 1638 1076 Camelopardalis
1672 1005 1838 1058 etiam
1877 1017 1963 1056 re-

396 1102 576 1171 gionis
601 1101 726 1170 eius
762 1110 848 1155 est
874 1099 1112 1163 soboles,
1147 1113 1269 1167 quae
1302 1097 1524 1167 quidem
1552 1096 1677 1150 aliis
1703 1094 1955 1164 partibus

396 1195 545 1247 cervi
582 1191 1018 1262 magnitudinem
1050 1189 1239 1251 refert,
1275 1188 1610 1257 proceritate
1651 1197 1835 1239 autem
1872 1199 1964 1238 ca-

399 1291 523 1344 meli
557 1303 759 1359 corpus
784 1286 1052 1340 imitatur.
1084 1283 1298 1338 Collum
1326 1282 1706 1351 longissimum
1743 1291 1799 1335 et
1833 1280 1963 1335 reli-

398 1398 521 1452 qua:
550 1380 802 1448 corporis
837 1375 1180 1447 proportioni
1214 1384 1270 1430 et
1297 1374 1697 1431 convenientiae
1733 1372 1961 1427 minime

402 1470 764 1542 respondens,
820 1468 873 1521 in
920 1467 1090 1521 altum
1134 1474 1382 1521 erectum
1432 1472 1660 1534 gestat:
1702 1476 1768 1515 ac
1816 1461 1962 1529 pelle

404 1572 517 1615 tota
546 1576 576 1613 a
612 1572 830 1615 summo
867 1556 1046 1626 capite
1097 1556 1162 1610 ad
1196 1555 1336 1609 imos
1378 1554 1549 1623 pedes
1598 1552 1957 1615 versicolore,

402 1667 566 1723 quam
632 1650 883 1722 proxime
942 1648 1010 1703 ad
1067 1645 1336 1717 pardalim
1391 1645 1626 1709 accedit,
1679 1642 1965 1710 pedesque

2068 479 2256 526 κοντες
2289 466 2346 516 ὲν
2389 464 2601 528 τούτοις
2638 464 2770 529 eici,
2810 464 2981 533 πάχος
3021 465 3117 532 μὲν
3144 462 3320 516 δοκῶν
3352 463 3454 517 οὒκ
3484 464 3641 516 ἐλάτ-

2066 570 2213 619 τους,
2251 555 2312 608 τὸ
2344 555 2403 608 δὲ
2439 556 2613 625 μῆκος
2642 558 2721 617 είς
2768 561 2830 607 ιε’
2881 554 3344 623 παρατεινόμενον
3390 553 3640 618 ὀργυιὰς.

2068 646 2179 697 Καὶ
2214 646 2323 715 γὰρ
2352 648 2443 699 καὶ
2475 647 2631 716 δοραὶ
2671 645 2880 699 τούτων
2921 648 2978 708 ες
3024 646 3339 714 Ῥωμαίους
3378 644 3644 715 ὤφθησαν

2066 735 2599 804 διακομισθεῖσαι.”0
2628 753 2689 789 τε
2713 738 3022 806 μονόκερως
3050 738 3109 789 τὸ
3135 737 3277 801 ζῶον
3306 735 3438 806 παρ’
3463 737 3645 799 αὐτοῖς

2071 828 2210 886 ἐστι,
2246 829 2347 895 τὴν
2379 828 2623 896 κεφαλὴν
2652 829 2752 899 μὲν
2802 829 3096 895 δράκοντος
3128 828 3333 897 φέρων,
3377 828 3546 897 κέρας
3588 827 3647 879 δὲ

2071 918 2285 970 σκολιὸν
2319 921 2468 989 αὐτῷ
2503 921 2769 989 πέφυκεν,
2800 920 2917 973 οὔτι
2960 920 3167 988 σφόδρα
3200 922 3366 989 μέγα.
3386 918 3446 972 ’0
3473 919 3531 971 δὲ
3554 921 3650 972 ἀν-

2070 1008 2274 1078 θερεὼν
2298 1010 2445 1079 αὐτῷ
2475 1010 2738 1078 πώγωνος
2770 1010 3190 1079 ὑποπίμπλαται
3235 1008 3383 1073 hinc
3403 1027 3418 1040 ·
3437 1012 3651 1077 μακρδς

2068 1100 2123 1154 δὶ
2146 1103 2172 1153 ὁ
2190 1102 2460 1172 τράχηλος
2478 1103 2558 1163 είς
2576 1101 2710 1172 ὕψος
2726 1104 3165 1169 ἀνατεινόμενος,
3186 1101 3330 1170 ὁλκῷ
3353 1101 3649 1171 δράκοντος

2071 1193 2350 1260 ἐγγύτατα
2398 1195 2806 1265 παραπλήσιος.
2839 1196 2912 1245 Τὸ
2961 1196 3016 1247 δὲ
3077 1196 3208 1248 ἄλλο
3255 1194 3419 1264 σῶμα
3464 1194 3654 1262 ἐλάφῳ

2074 1285 2368 1354 προσέοικε
2407 1287 2640 1355 μᾶλλονο
2672 1287 2802 1348 τοὺς
2831 1286 2886 1339 δὲ
2916 1286 3082 1349 πόδας
3124 1286 3341 1348 λέοντος
3368 1285 3483 1355 ἔχει
3505 1300 3521 1316 ο
3553 1288 3653 1337 καὶ

2073 1376 2187 1429 ἔστι
2218 1394 2282 1445 γε
2332 1377 2499 1431 αὑτοῦ
2534 1379 2595 1430 τὸ
2623 1378 2931 1448 ἑκτῦπωμα
2980 1380 3139 1450 ὁρᾷν.
3171 1378 3467 1449 χρώμασιν
3504 1380 3654 1430 ίστοο

2078 1473 2358 1539 ρούμενον.
2388 1472 2499 1525 Καὶ
2528 1471 2592 1541 δὴ
2646 1472 2742 1525 καὶ
2771 1475 2804 1543 ἡ
2825 1472 3313 1542 καμηλοπάρδαλις
3339 1471 3441 1539 τῆς
3462 1472 3651 1540 ἐκείνῃ

2075 1563 2325 1629 γέννημα
2377 1559 2561 1631 χώρας
2587 1576 2601 1590 ⁸
2639 1562 2672 1631 ἢ
2699 1560 2767 1614 τὰ
2800 1562 2901 1632 μὲν
2931 1561 3066 1615 ἄλλα
3114 1561 3315 1629 ελαφός
3345 1563 3463 1613 ἐστι
3498 1559 3654 1628 μεγί-

2079 1665 2200 1716 στη,
2229 1649 2484 1717 καμήλου
2530 1649 2588 1702 δι
2628 1652 2689 1703 τὸ
2717 1650 2854 1720 ὕψος
2891 1652 3119 1704 ἐνέδωκε
3152 1651 3213 1703 τὸ
3268 1651 3428 1720 σῶμα
3464 1652 3653 1719 μιμεῖ-

402 1716 1054 1817 priores'posterioribus
1078 1716 1303 1794 altiores
1336 1737 1520 1793 habet.
1548 1736 1644 1792 Est
1667 1736 1797 1790 item
1824 1734 1966 1801 apud

2087 1738 2224 1794 σθαι.
2424 1741 2610 1809 μέντοι
2668 1716 2873 1811 αὐχένα
2913 1741 3179 1811 μήκιστον
3230 1743 3327 1795 καὶ
3354 1716 3653 1810 ⁷ὑπερνειςὴν

404 1852 500 1892 eos
530 1836 625 1906 qui
661 1836 869 1888 dicitur
908 1830 1315 1901 a-gOpitbecus,
1343 1829 1501 1885 simia
1542 1826 1812 1898 quaedam.
1844 1825 1974 1880 Plu—

406 1932 546 1983 rima
588 1926 735 1981 cnim
783 1933 913 1981 sunt
956 1922 1244 1978 simiarum
1296 1935 1499 1991 genera
1548 1936 1563 1972 :
1603 1916 1968 1986 arctopitbeci

407 2021 639 2082 scilicet,
691 2015 1129 2085 leontOpitheci,
1182 2022 1238 2069 et
1288 2010 1684 2083 cynocephali,
1741 2018 1798 2063 et
1855 2007 1976 2062 aliae

407 2110 533 2163 aliis
583 2107 883 2162 multarum
931 2104 1300 2158 animantium
1354 2101 1648 2171 speciebus
1682 2099 1974 2156 simiarnm

410 2201 582 2252 forma
617 2196 898 2267 permista.
948 2193 1197 2260 Quarum
1230 2190 1521 2261 permultae
1548 2189 1717 2244 etiam
1752 2188 1819 2242 ad
1876 2202 1977 2241 nos

409 2292 636 2365 perlatae
659 2289 764 2343 hoc
794 2286 1088 2341 manifesto
1136 2284 1439 2340 declarant.
1469 2282 1540 2335 Ex
1567 2282 1771 2351 quibus
1809 2282 1974 2335 etiam

411 2397 497 2439 est
538 2384 582 2438 is
612 2382 704 2452 qui
757 2381 960 2434 dicitur
1008 2378 1145 2442 Pan,
1180 2378 1385 2445 capite.
1418 2376 1574 2429 vultu
1618 2384 1677 2428 et
1713 2375 1978 2428 cornibus

411 2490 630 2546 capram
678 2472 946 2534 referens,
990 2478 1048 2524 et
1085 2469 1153 2522 ab
1186 2468 1353 2521 ilibus
1384 2468 1515 2521 item
1551 2467 1807 2519 deorsum
1851 2480 1976 2519 ver-

409 2585 529 2625 sum
582 2565 827 2636 caprinis
882 2562 1120 2633 pedibus
1170 2561 1469 2621 insistens,
1519 2568 1713 2613 ventre
1769 2568 1975 2620 autem,

411 2668 635 2729 pectore
679 2667 735 2711 et
764 2654 1018 2710 manibus
1049 2667 1199 2707 mera
1233 2651 1394 2707 simia
1422 2667 1438 2705 :
1476 2665 1639 2719 quem
1689 2662 1802 2704 tum
1835 2666 1977 2718 quo-

412 2770 518 2822 que
577 2751 836 2805 Indorum
902 2766 998 2804 rex
1054 2748 1382 2803 Constantio
1421 2749 1591 2801 misit.
1638 2746 1793 2813 Quod
1846 2760 1979 2797 sane

414 2845 617 2899 animal
652 2844 717 2897 ad
762 2852 981 2909 tempus
1017 2841 1263 2910 aliquod.
1301 2854 1426 2894 cum
1452 2838 1693 2892 ferretur
1723 2836 1779 2890 in
1810 2850 1977 2890 cavea

414 2946 639 3006 propter
663 2934 1002 2989 ferocitatem
1036 2932 1333 2995 inclusum,
1364 2931 1521 2983 vixit.
1548 2928 1651 2986 Ubi
1676 2943 1808 2983 vero
1834 2942 1981 2981 mor-

417 3041 572 3080 tumn
633 3034 738 3088 est,
792 3024 1139 3079 aromatibus
1188 3021 1525 3075 condierunt
1568 3026 1977 3077 exenteratum,

417 3120 510 3185 qui
548 3118 820 3178 ferebant,
852 3123 906 3171 et
940 3113 1173 3168 insolitae
1204 3112 1396 3166 forma:
1426 3111 1767 3165 ostentanda:
1802 3110 1980 3180 gratia

417 3210 952 3279 Constantinopolim
990 3216 1269 3263 servatum
1306 3205 1675 3276 pertulerunt.
1707 3202 1977 3258 Videntur

420 3319 603 3362 autem
640 3304 774 3358 mihi
808 3301 1012 3358 animal
1038 3300 1143 3353 hoc
1163 3300 1295 3354 olim
1325 3298 1528 3352 vidisse
1550 3296 1746 3358 Graeci,
1774 3310 1979 3365 eosque

423 3398 724 3455 insolentia
765 3404 1023 3466 aspectus
1062 3392 1385 3456 exterritos,
1415 3389 1578 3445 deum
1612 3388 1717 3444 sibi
1763 3388 1985 3443 consti-

424 3494 595 3547 tuisse
624 3527 643 3556 ,
678 3505 800 3543 cum
837 3488 1083 3542 solemne
1123 3485 1227 3538 hoc
1257 3483 1368 3537 illis
1392 3491 1560 3546 esset,
1589 3490 1651 3536 ut
1680 3497 1802 3552 quae
1827 3481 1985 3536 ﬁdem

423 3583 780 3642 excellerent,
822 3593 884 3632 ea
921 3577 975 3630 in
1012 3576 1147 3631 deos
1194 3574 1489 3629 referrent.
1523 3571 1581 3627 ld
1614 3571 1763 3642 quod
1796 3571 1850 3626 in
1885 3570 1987 3626 Sa—

425 3687 545 3746 tyro
579 3686 800 3742 quoque
834 3669 903 3724 ab
952 3668 1035 3722 eis
1063 3674 1149 3721 est
1200 3665 1430 3729 factum,
1460 3664 1554 3733 qui
1583 3673 1647 3721 et
1679 3664 1795 3733 ipse
1829 3663 1989 3718 simia

423 3779 530 3830 est,
566 3766 705 3821 facie
738 3764 928 3825 rubra,
965 3760 1029 3813 ad
1062 3768 1271 3813 motum
1303 3757 1502 3820 facilis,
1530 3767 1585 3812 et
1628 3756 1859 3810 caudam
1893 3756 1991 3815 lia-

429 3862 586 3915 bens.
622 3856 765 3923 Quin
816 3862 872 3908 ct
916 3851 1127 3922 Sphinx
1175 3866 1241 3905 ex
1291 3864 1492 3921 genere
1540 3849 1825 3903 simiarum
1855 3857 1985 3902 est:

428 3951 586 4020 cujus
642 3948 917 4015 reliquum
978 3956 1218 4008 corpus,
1276 3948 1338 3995 ut
1386 3939 1619 3994 aliarum
1674 3937 1989 3997 simiarum,

431 4044 706 4096 hirsutum
739 4048 850 4098 est,
881 4042 1074 4104 pectus
1106 4040 1289 4086 autem
1328 4029 1394 4085 ad
1430 4030 1632 4085 collum
1676 4043 1851 4097 usque
1881 4029 1994 4097 gla-

435 4137 619 4187 hrum.
658 4131 923 4184 Mammas
970 4140 1137 4194 porro
1168 4122 1417 4178 mulieris
1460 4121 1672 4176 habet:
1707 4129 1993 4189 totumque

434 4238 660 4293 corpus,
696 4236 802 4289 qua
839 4218 1045 4272 nudum
1075 4224 1182 4279 est,
1212 4213 1383 4267 rubra
1419 4212 1669 4282 quaedam
1703 4221 1760 4266 et
1787 4213 1994 4276 tenuis,

436 4316 572 4368 milii
622 4312 827 4382 specie,
861 4308 1164 4362 eminentia
1218 4306 1277 4360 in
1326 4306 1517 4359 orbem
1560 4304 1893 4366 circumdat.
1942 4316 1999 4358 et

2077 1830 2374 1898 ἀναλογίαν
2406 1831 2503 1883 τοῦ
2534 1832 2727 1886 λοιποῦ
2758 1832 3012 1902 σώματος
3038 1835 3196 1903 φέρει
3222 1835 3302 1897 είς
3327 1832 3463 1902 ὕψος
3488 1837 3653 1902 ἀνορο

2078 1920 2360 1989 θούμενον.
2404 1922 2566 1977 Ἀλλὰ
2596 1924 2690 1975 καὶ
2729 1923 2828 1993 τὴν
2855 1925 3021 1994 δορὰν
3070 1925 3291 1979 ἃπασαν
3326 1925 3433 1977 ἀπὸ
3474 1941 3651 1992 κεφα-

2076 2011 2174 2081 λῆς
2204 2010 2382 2081 ἄκρας
2434 2011 2542 2075 ἕως
2575 2012 2818 2081 ἐσχάτων
2871 2013 3054 2069 ποδῶν
3107 2014 3370 2083 παρδάλει
3414 2015 3651 2084 μάλιστα

2076 2105 2174 2172 τὴν
2200 2104 2479 2157 ποικιλίαν
2533 2093 3027 2175 προσφερεστάτην
3057 2106 3174 2177 ἔχει
3202 2123 3217 2139 ο
3255 2109 3353 2161 καὶ
3395 2108 3522 2170 τοὺς
3551 2107 3655 2176 ἐμ-

2068 2196 2319 2267 προσθεν
2348 2197 2515 2260 πόδας
2543 2197 2923 2267 ὑψηλοτάτους
2959 2199 3070 2252 τῶν
3099 2200 3348 2253 ὄπισθεν.
3385 2200 3525 2264 Παρ*
3554 2202 3655 2251 αὐ-

2077 2289 2189 2348 τοῖς
2217 2286 2276 2341 δι
2297 2288 2417 2341 ἔστι
2448 2288 2542 2340 καὶ
2564 2290 2592 2341 δ
2612 2288 2900 2359 λεγόμενος
2916 2290 3291 2361 αίγοπίθηκος,
3319 2290 3551 2361 πίθηκός
3567 2306 3655 2351 τις

2078 2375 2153 2427 Gn
2182 2393 2196 2407 ·
2232 2377 2406 2445 μυρία
2439 2378 2549 2446 γάρ
2582 2380 2702 2430 ἔστι
2741 2380 2878 2450 γένη
2921 2380 3175 2449 πιθήκων
3197 2397 3213 2413 θ
3249 2380 3656 2451 ἀρκτοπὶθηκοι

2080 2470 2190 2537 γάρ
2221 2471 2360 2549 εἰσιν
2390 2471 2447 2520 ἐν
2470 2470 2678 2534 αὐτοῖς,
2714 2470 2809 2522 καὶ
2836 2470 3273 2543 λεοντοπίθηκοι,
3304 2473 3397 2524 καὶ
3424 2473 3658 2524 κυνοκὲ-

2081 2560 2263 2629 φαλοι,
2318 2562 2411 2613 καὶ
2458 2562 2648 2623 ἄλλαις
2700 2561 2914 2615 πολλῶν
2945 2562 3105 2626 ζώων
3141 2563 3311 2625 ίδέαις
3352 2564 3452 2632 τῆς
3486 2563 3656 2633 πιθη-

2080 2654 2237 2715 κεξας
2277 2652 2495 2721 μορφῆς
2544 2652 3013 2724 ἑπιμιγνυμένης,
3043 2653 3119 2716 ὡς
3159 2655 3256 2709 καὶ
3310 2653 3658 2722 πολλὰδῆλα

2082 2744 2405 2797 καθίσταται
2437 2742 2568 2812 παρ’
2596 2744 2732 2812 ἡμῖν
2757 2743 3097 2813 κομιζόμενα
3118 2760 3131 2774 ·
3156 2748 3214 2796 tv
3239 2741 3322 2807 οἷς
3346 2746 3462 2798 ἐστι
3493 2746 3592 2799 καὶ
3628 2748 3659 2799 6

2082 2834 2397 2905 ἐπικληθεὶς
2424 2835 2561 2897 Πὰν,
2594 2835 2653 2898 ὃς
2686 2836 2788 2905 τὴν
2825 2839 2924 2905 μὲν
2959 2836 3202 2906 κεφαλὴν
3227 2820 3655 2906 αἰγοπρόσωπόξ

2082 2932 2221 2992 ἐστι,
2261 2929 2357 2982 καὶ
2393 2927 2725 2996 αἰγόκερως,
2769 2930 2867 2981 καὶ
2894 2930 2958 2981 ἑκ
3004 2920 3353 2995 λαγόνωντὰ
3384 2930 3539 2983 κάτω
3572 2930 3659 2981 al-

2083 3020 2390 3090 γοσκελήςο
2422 3021 2521 3091 τὴν
2566 3020 2621 3073 δὲ
2672 3020 2885 3075 κοιλίαν
2927 3022 3021 3073 καὶ
3054 3022 3110 3073 τὸ
3158 3021 3383 3089 στέρνον
3433 3022 3528 3074 καὶ
3555 3024 3658 3083 τὰς

2087 3113 2275 3182 χεῖρας
2311 3111 2549 3181 καθαρὸς
2608 3112 2839 3181 πίθηκος
2863 3128 2877 3143 °
2911 3112 2971 3165 ὃν
3006 3115 3100 3164 καὶ
3123 3113 3153 3165 ὁ
3191 3113 3300 3166 τῶν
3343 3114 3524 3167 Ἰνδῶν
3556 3112 3662 3183 βα-

2086 3202 2270 3264 σιλεὺς
2328 3202 2637 3268 τηνικαῦτα
2688 3203 3056 3273 Κωνσταντίῳ
3099 3205 3441 3259 ἀπέστειλεν.
3476 3207 3542 3259 Ὅ
3590 3205 3659 3275 δὴ

2086 3296 2234 3366 ζωὴν
2275 3295 2371 3365 ἔζη
2415 3296 2514 3365 μὲν
2547 3296 2849 3365 φερόμενον
2879 3298 3008 3368 ἄχρι
3040 3297 3206 3363 τινὸς,
3253 3298 3310 3350 ἐν
3352 3316 3459 3375 τινι
3495 3299 3665 3369 πλέγ-

2090 3406 2220 3460 ματι
2249 3390 2337 3441 διὰ
2366 3389 2427 3442 τὸ
2456 3389 2725 3459 θηριῶδες
2760 3393 3086 3461 εἰργμένον·
3124 3393 3245 3445 ἐπεὶ
3287 3393 3346 3446 δὲ
3393 3392 3659 3458 ἀπέθανε,

2086 3479 2510 3550 ταριχεύσαντες
2540 3481 2675 3534 αὐτὸ
2697 3483 2746 3533 οἱ
2785 3482 3129 3550 κομίζοντες,
3161 3482 3437 3552 θεάματος
3480 3502 3663 3553 παρα-

2090 3571 2241 3637 σχεῖν
2288 3569 2595 3639 ἀσυνήθους
2646 3571 2851 3635 είκόνα,
2890 3573 3053 3642 μέχρι
3101 3575 3201 3640 τῆς
3245 3575 3662 3630 Κωνσταντίνου

2090 3658 2419 3713 διεσώσαντο
2458 3662 2688 3724 πόλεως.
2723 3662 2833 3714 Καί
2871 3679 2962 3731 μοι
2988 3662 3206 3716 δοκοῦσι
3234 3664 3296 3717 τδ
3327 3665 3466 3728 ζῶον
3500 3667 3666 3722 τοῦτο

2092 3750 2354 3821 Ἓλληνες
2403 3752 2572 3805 πάλαι
2635 3754 2784 3818 ιδετν,
2838 3756 2932 3808 καὶ
2976 3758 3348 3824 ἐκπλαγέντες
3399 3759 3479 3828 τῷ
3523 3760 3666 3828 ξένῳ

2092 3842 2192 3910 τῆς
2226 3842 2373 3908 θέας,
2404 3844 2526 3896 θεὸν
2558 3846 2713 3912 σφίσι
2747 3847 2990 3915 νομίσαι,
3026 3848 3337 3915 είθισμένον
3379 3851 3560 3915 αὐτοῖς
3592 3853 3667 3906 τὰ

2095 3931 2375 4002 παράδοξα
2428 3934 2740 3988 θεοποιεῐνο
2774 3936 2963 4009 ὥσπερ
3018 3939 3081 4011 δή
3129 3942 3225 3994 καὶ
3276 3941 3370 3995 τὸν
3403 3944 3664 4013 Σάτυρον.

2099 4026 2257 4079 Ἐστι
2283 4026 2342 4079 δὲ
2369 4028 2463 4080 καὶ
2499 4028 2662 4082 τοῦτο
2697 4030 2952 4100 πίθηκος,
2985 4032 3219 4103 ἐρυθρὸς
3244 4035 3305 4087 τὸ
3349 4036 3667 4106 πρόσωπον,

2096 4119 2192 4169 καὶ
2223 4116 2423 4185 γοργὸς
2451 4117 2550 4187 τὴν
2579 4118 2820 4191 κίνησιν,
2852 4123 2946 4175 καὶ
2992 4123 3165 4189 οὐρὰν
3200 4125 3362 4194 ἔχων.
3398 4128 3507 4180 Καὶ
3554 4129 3667 4198 μή»

2098 4209 2194 4261 καὶ
2227 4210 2261 4279 ή
2292 4209 2458 4278 σφὶγξ
2505 4210 2665 4278 γένος
2693 4214 2817 4267 ιστὶ
2862 4214 3113 4284 πιθήκων
3136 4231 3151 4248 °
3182 4210 3250 4288 ἦς
3288 4217 3351 4270 τὸ
3386 4219 3487 4288 μὶν
3538 4221 3670 4275 ἄλλο

2101 4300 2263 4369 σῶμα
2290 4302 2478 4356 λάσιόν
2506 4305 2679 4368 ἐστιν,
2709 4304 2788 4369 ὡς
2817 4308 2936 4369 τοῖς
2968 4306 3177 4371 λοιποῖς
3222 4309 3495 4379 πιθήκοις,
3519 4312 3582 4365 τὸ
3610 4313 3671 4366 δὲ
3723 4351 3737 4362 .

385 4396 389 4401 ’
438 4412 671 4464 multum
704 4406 924 4463 decoris
960 4413 1123 4473 atque
1151 4400 1341 4472 gratiae
1370 4397 1565 4461 colori,
1594 4397 1689 4467 qui
1725 4396 1781 4450 in
1810 4395 1982 4449 medie

2104 4391 2325 4461 στέρνον
2351 4392 2477 4462 ἄχρι
2509 4409 2574 4460 γε
2608 4393 2774 4448 αὐτοῦ
2807 4396 2901 4448 τοῦ
2950 4398 3223 4467 τραχήλου
3245 4398 3525 4468 ὲψίλωται.
3552 4404 3677 4456 Μα-

440 4506 716 4557 humanus
740 4509 845 4565 est,
874 4496 1136 4551 conciliat
1170 4511 1183 4548 :
1218 4491 1388 4546 facies
1415 4488 1727 4559 plusculum
1761 4488 1997 4540 rotunda

437 4602 494 4646 et
521 4600 678 4645 acuta
711 4599 816 4651 est,
852 4584 1017 4656 72,6
1050 4593 1104 4637 et
1133 4582 1201 4637 ad
1233 4579 1557 4634 muliebrem
1593 4574 1866 4631 inclinans
1889 4575 2002 4629 for-

439 4703 605 4742 mam.
638 4686 753 4741 Vox
782 4682 974 4737 itidem
1017 4693 1245 4748 prorsus
1290 4677 1550 4738 humana,
1587 4670 1682 4726 sed
1716 4686 1826 4725 non
1862 4671 2000 4725 arti-

438 4782 645 4839 culata,
665 4775 921 4829 celeriter
937 4786 1061 4826 cum
1085 4770 1319 4839 quadam
1357 4767 1516 4838 quasi
1537 4761 1916 4831 indignatione
1949 4772 2007 4817 et

439 4877 628 4929 dolore
660 4872 956 4926 obscurum
979 4868 1237 4938 quiddam
1268 4863 1589 4919 vociferanti
1625 4862 1824 4918 similis
1850 4874 2006 4929 :gra-

438 4968 560 5021 vior
584 4975 766 5019 autem
795 4972 882 5018 est
911 4970 966 5016 et
994 4959 1295 5018 molestior.
1337 4957 1383 5011 si
1441 4969 1509 5011 ea
1539 4963 1791 5010 acuetur.
1824 4953 2005 5021 Ipsum

439 5075 607 5132 porro
655 5056 857 5111 animal
908 5055 1087 5109 ferum
1138 5049 1434 5107 admodum
1481 5057 1591 5110 est,
1652 5053 1897 5100 astutum
1951 5051 2008 5098 et

444 5148 796 5211 malevolum,
830 5159 1009 5214 neque
1034 5142 1172 5198 adeo
1207 5140 1368 5196 facile
1398 5140 1673 5192 domatur.
1710 5136 1823 5190 Hoc
1852 5134 2004 5188 anti-

442 5247 633 5311 quitus
662 5238 796 5293 mihi
827 5236 1048 5290 videtur
1075 5235 1293 5289 Thebas
1334 5228 1560 5285 Bmotite
1596 5242 1718 5284 esse
1747 5235 2012 5294 apporta-

444 5347 559 5390 tnm
592 5352 605 5388 :
647 5340 702 5388 et
727 5346 852 5385 cum
883 5328 1025 5382 forte
1068 5327 1123 5380 in
1155 5325 1450 5395 quosdam,
1477 5321 1570 5392 qui
1600 5319 1669 5374 ad
1714 5328 2004 5386 spectacu-

443 5429 555 5480 lum
585 5425 704 5496 cjus
727 5419 1133 5483 confluxerant,
1169 5414 1494 5478 insiluisset,
1522 5420 1579 5467 et.
1601 5410 1786 5465 vultus
1812 5421 2007 5461 eorum

446 5510 726 5586 unguibus
757 5512 1143 5575 deformasset,
1186 5521 1294 5560 non
1329 5509 1593 5561 ferentem
1619 5500 1888 5571 (Edipum
1929 5500 2010 5553 ci-

451 5610 595 5661 vium
623 5621 847 5660 suorutn
882 5598 1295 5660 contumeliam,
1329 5596 1501 5650 feram
1537 5593 1906 5653 interemisse,
1949 5598 2006 5643 ct

450 5714 646 5753 nomen
702 5697 829 5751 inde
867 5695 1104 5751 .iIInStre
1149 5690 1423 5747 retulisse.
1478 5686 1748 5743 Caeterum
1804 5681 2001 5735 fabulae

2104 4486 2233 4551 Coi);
2290 4487 2349 4541 δι
2411 4490 2677 4555 γυναικὸς
2742 4488 2895 4558 ἔχει,
2955 4490 3193 4560 ἐρυθροῦ
3243 4507 3388 4555 τινος
3442 4495 3676 4563 βραχέος

2102 4581 2483 4652 κεγχροειδοῦς
2519 4584 2984 4651 ὲπαναστήματος
3014 4584 3163 4635 ἅπαν
3194 4586 3251 4635 tv
3288 4584 3473 4655 κύκλῳ
3499 4586 3561 4638 τὸ
3591 4603 3678 4649 γε·

2102 4671 2466 4741 γυμνωμένον
2526 4672 2620 4725 τοῦ
2677 4671 2934 4740 σώματος
2996 4671 3375 4739 περιθέοντος,
3445 4675 3540 4725 καὶ
3592 4675 3678 4736 είς

2106 4764 2313 4833 πολλήν
2339 4780 2465 4816 τινα
2517 4763 2851 4833 εὐπρέπειαν
2896 4765 3316 4835 ἁνθρωποφανεῖ
3351 4767 3466 4819 ὄντι
3505 4769 3584 4836 τῷ
3616 4771 3676 4821 ἐν

2109 4855 2259 4923 μέσῳ
2298 4853 2551 4923 χρώματι
2598 4852 3077 4923 συναρμοζομὲνου
3103 4868 3119 4885 ⁶
3165 4855 3228 4907 τό
3271 4871 3329 4907 τε
3382 4858 3677 4925 πρόσωπον

2107 4944 2612 5015 ἑνεστρογγύλωται
2670 4944 2892 5013 μᾶλλον,
2922 4944 3014 4998 καὶ
3055 4947 3136 5006 είς
3167 4946 3487 5015 γυναικείαν
3528 4946 3677 5000 ἕλκει

2113 5038 2353 5109 μορφήν.
2395 5038 2466 5091 Ἥ
2520 5054 2581 5090 τε
2619 5038 2771 5106 φωνὴ
2829 5037 3093 5100 ἐπιεικῶς
3144 5038 3484 5108 ἀνθρωπεία,
3536 5039 3679 5108 πλὴν

2109 5128 2232 5180 ὅσον
2263 5127 2362 5179 οὐκ
2401 5127 2483 5188 είς
2516 5125 2697 5196 ἄρθρα
2725 5124 3108 5196 διαιρουμένη,
3142 5126 3283 5180 ἀλλά
3329 5144 3437 5179 τινι
3465 5126 3679 5196 ταχέως

2112 5217 2204 5270 καὶ
2230 5213 2343 5270 οἷον
2376 5220 2515 5287 μετά
2543 5234 2686 5280 τινος
2719 5217 2889 5287 ὀργῆς
2917 5233 2978 5269 τε
3023 5218 3123 5271 καὶ
3167 5217 3461 5287 ἀχθηδόνος
3490 5219 3683 5289 ἄσημα

2113 5310 2607 5378 ὑποφθεγγομένης
2656 5313 3049 5378 προσεοικυῖα·
3083 5310 3358 5379 βαρυτέρα
3385 5326 3445 5362 τε
3476 5310 3680 5381 μᾶλλόν

2112 5406 2259 5456 ἔστιν
2293 5402 2612 5470 ὀξυνομένη.
2644 5401 2873 5470 Ἀγριόν
2915 5402 2974 5453 τὲ
3012 5403 3128 5455 ἐστι
3158 5401 3349 5463 δεινῶς
3391 5408 3452 5454 το
3489 5402 3681 5472 θηρίον
3762 5450 3779 5463 ,

2113 5497 2207 5549 καὶ
2239 5495 2705 5566 πανουργότατον,
2749 5496 2844 5548 καὶ
2882 5495 3006 5548 οὐδὲ
3039 5494 3238 5565 ῥαδίως
3284 5496 3683 5564 τιθασσευόμε-

2115 5605 2223 5643 νον.
2254 5585 2471 5655 Ταύτης
2506 5589 2586 5648 είς
2618 5586 2805 5656 Θήϐας
2840 5604 2933 5655 μοι
2962 5587 3107 5638 δοκῶ
3138 5587 3238 5654 τῆς
3284 5587 3547 5647 Βοιωτίας
3576 5588 3683 5637 πά-

2114 5675 2200 5729 λαι
2241 5674 2613 5744 κομισθείσης,
2669 5675 2764 5728 καί
2810 5692 2952 5729 τισιν
2989 5675 3118 5738 τσως
3155 5675 3262 5728 τῶν
3316 5679 3408 5727 ἐπὶ
3432 5674 3529 5745 θέα
3557 5692 3685 5726 συν-
