3988 6190
295 344 380 407 305

1172 345 1773 409 ECCLESIASTICzE
1810 346 2389 409 IIISTORl/‘EJJB.
2429 345 2529 406 IX.

3380 344 3482 404 306

293 455 599 527 ερῤυηκότων
648 453 1019 525 ἐφαλλομένης
1077 458 1168 510 καὶ
1208 463 1320 520 τοῖς
1369 461 1683 530 προσώποις
1731 461 1820 513 λυ-

1934 464 2144 533 lEdipo
2165 461 2507 516 fortitudinis
2536 460 2752 514 laudem
2778 457 3131 518 adornamus,
3157 457 3269 509 alas
3292 457 3485 511 bellum

296 544 595 614 μηναμένης.
627 542 802 598 δεινὸν
832 548 1208 618 ποιησάμενος
1229 552 1257 601 ὁ
1288 551 1544 614 Οἰδίπους
1578 554 1677 615 τὰς
1710 552 1819 606 τῶν

290 633 542 705 ὁμοφύλων
578 633 779 700 λώϐας,
808 636 1210 702 καταφονεῦσαι
1252 640 1311 691 τὸ
1346 640 1484 703 ζῶον
1527 642 1618 694 καὶ
1650 642 1820 712 ὄνομα

292 720 511 788 λαμπρὸν
543 722 752 776 ἐκεῖθεν
781 722 994 777 λαϐεῖν.
1027 726 1134 778 Καὶ
1167 728 1331 779 αὑτὸν
1359 731 1385 782 ὁ
1412 729 1583 798 μῦθος
1623 732 1700 793 εἰς
1727 732 1820 785 ἀν-

291 813 447 882 δρείαν
482 812 721 882 κοσμῶν,
751 813 1064 883 ὑπόπτερον
1094 820 1195 886 μὲν
1224 819 1281 870 τὺ
1310 818 1500 890 θηρίον
1542 822 1819 877 ἀναπλάτ-

292 920 375 966 τει,
411 904 489 955 διὰ
516 904 577 955 τὸ
622 904 791 969 ὀξέως
824 907 1097 978 ὲπιπηδᾷν
1120 924 1134 938 ⁸
1190 912 1411 981 στέρνον
1454 913 1511 968 δὲ
1562 917 1822 983 γυναικὸς

290 993 607 1060 ἑφαρμόττει,
653 996 749 1047 καὶ
799 998 860 1050 τὸ
906 996 1067 1069 σῶμα
1108 1000 1356 1065 λέοντυς’
1396 988 1657 1072 γυναικὸς
1695 1007 1818 1077 μὲν,

288 1084 361 1136 διὰ
396 1085 453 1136 τὸ
497 1085 789 1157 πρόχειρον
817 1088 918 1159 τῆς
948 1091 1285 1161 γυμνώσεως
1333 1097 1428 1149 καὶ
1459 1098 1593 1167 πρὸς
1627 1099 1687 1152 τὸ
1724 1116 1822 1167 γυ-

288 1176 495 1228 ναικεῖον
523 1171 666 1241 εἶδος
693 1179 1029 1250 ὁμοιώσεως,
1053 1183 1268 1250 λέοντος
1294 1187 1370 1250 δὲ,
1407 1188 1494 1242 διὰ
1530 1190 1592 1242 τὸ
1616 1189 1820 1260 θηριῶ·

284 1263 393 1330 δες,
422 1265 513 1317 καὶ
534 1265 619 1319 ὅτι
659 1269 803 1322 κατά
830 1270 893 1323 τδ
941 1273 1197 1328 πλεῖστον
1230 1281 1341 1342 τοῖς
1391 1279 1653 1350 τέσσαρσι
1690 1299 1821 1349 τυγ-

212 1390 221 1399 .
287 1354 417 1420 χάνει
446 1355 604 1408 ποσὶν
634 1358 1002 1428 ἐρειδόμενον.
1036 1363 1210 1430 Λόγου
1243 1365 1299 1418 δὲ
1347 1367 1423 1436 τῷ
1451 1368 1626 1439 θηρίῳ
1659 1370 1821 1439 μετέ-

283 1442 405 1493 δωκε
427 1442 483 1494 τὸ
511 1441 764 1513 πλάσμα,
812 1447 900 1500 διὰ
925 1448 987 1501 τὸ
1016 1451 1118 1519 τῆς
1157 1454 1343 1524 φωνῆς
1375 1456 1474 1508 ἀνθ
1486 1458 1782 1526 ρωποειδές
1802 1474 1818 1489 ’

285 1532 658 1601 αἰνιγματῶδες
708 1537 784 1602 δὲ,
832 1537 920 1592 διὰ
950 1540 1010 1592 τὸ
1053 1542 1242 1612 ἄσημα
1297 1546 1657 1613 φθέγγεσθαι.
1716 1550 1823 1601 Καὶ

283 1625 576 1689 θαυμαστὸν
609 1625 764 1679 οὐδέν
784 1644 799 1659 ·
831 1629 1002 1682 πολλά
1030 1630 1140 1701 γὰρ
1165 1633 1258 1685 καὶ
1286 1633 1423 1687 ἀλλα
1454 1633 1685 1705 σύνηθες
1708 1639 1818 1701 τοῖς

285 1712 481 1784 Ἕλλησι
520 1718 666 1788 πρὸς
692 1719 756 1772 τὸ
787 1722 1034 1788 μυθῶδες
1067 1724 1453 1781 ἀναπλάττειν.
1502 1726 1567 1779 Ἦ
1607 1728 1741 1800 αὑτὴ
1764 1729 1821 1783 δὲ

281 1803 414 1874 χώρα
442 1809 529 1860 καὶ
567 1808 724 1874 δνους
766 1811 991 1881 ἀγρίους
1031 1817 1325 1883 μεγίστους
1368 1836 1426 1871 τε
1471 1818 1552 1889 τῷ
1604 1798 1823 1889 μεγέθει
1853 1798 1895 1853 Β

280 1896 569 1982 φέρειικαὶ
600 1902 700 1970 τὴν
748 1902 912 1974 δορὰν
943 1908 1084 1959 κατὰ
1120 1909 1183 1961 τὸ
1209 1909 1419 1975 ξενίζον
1462 1913 1826 1982 πεποικιλμέ-

279 2003 405 2053 νους,
435 1991 641 2045 λευκοῦ
665 1994 817 2061 σφίσι
858 1998 957 2049 καὶ
990 1997 1225 2066 μέλανος
1254 2000 1547 2071 χρώματος
1590 2005 1651 2056 οὐ
1684 2006 1826 2059 κατά

281 2078 457 2149 μικρὸν
507 2084 1082 2155 συμποικιλλομὲνου*
1123 2087 1260 2143 ἀλλά
1294 2089 1465 2154 ζῶναί
1511 2092 1656 2156 τινές
1687 2094 1826 2149 είσιν

279 2170 372 2223 ἀπὸ
398 2172 494 2241 τῆς
518 2174 738 2244 ῥάχεως
766 2175 861 2229 ἐπὶ
899 2176 1000 2240 τὰς
1045 2178 1288 2250 πλευρὰς
1338 2183 1436 2235 καὶ
1468 2183 1569 2255 τὴν
1617 2186 1826 2239 κοιλίαν

279 2261 628 2333 καθήκουσαι,
660 2267 754 2320 καὶ
802 2269 1035 2324 ἐνταῦθα
1075 2271 1141 2342 δὴ
1192 2273 1513 2344 σχιζόμεναι
1548 2279 1640 2331 καὶ
1682 2280 1828 2347 κατά

276 2371 413 2420 τινας
458 2360 822 2428 περιφερείας
857 2359 1117 2433 ἀλλήλαις
1159 2364 1584 2437 ινελιττόμεναι,
1610 2370 1829 2442 θαυμα-

277 2449 394 2519 στήν
420 2466 540 2504 τινα
591 2453 690 2506 καὶ
714 2453 873 2524 ξένην
911 2456 1319 2527 ἀπεργάζονται
1348 2460 1557 2530 πλοκὴν
1585 2465 1683 2516 καὶ
1708 2481 1830 2519 ποι-

276 2540 456 2598 κιλίαν.
500 2543 650 2600 Ἀλλ’
671 2544 774 2615 ἀγε
799 2546 863 2619 δὴ
898 2549 993 2602 καὶ
1017 2550 1046 2601 ὁ
1076 2551 1272 2625 φοῖνιξ.
1303 2552 1364 2605 τὺ
1392 2554 1828 2627 πολυθρύλλητον

276 2630 480 2700 πτηνὸν,
512 2631 655 2702 παρ’
699 2635 883 2701 αὐτοῖς
920 2639 1179 2708 τυγχάνει
1219 2644 1526 2712 γινόμενος.
1577 2645 1691 2699 Καὶ
1727 2647 1828 2715 μὲν

272 2719 329 2792 δὴ
358 2726 447 2775 καὶ
489 2725 596 2795 τὴν
624 2724 897 2798 ψιττάκην
932 2731 1142 2785 ἐκεῖθεν
1176 2733 1336 2802 ίσμεν
1368 2737 1739 2808 κομιζομένην
1759 2754 1773 2770 ο
1800 2738 1829 2792 δ

273 2814 367 2867 τῶν
392 2817 604 2888 ὀρνέων
658 2818 779 2873 ἐστὶ
816 2821 1159 2892 λαλίστατον,
1204 2827 1301 2881 καὶ
1344 2828 1444 2898 τῆς
1480 2829 1830 2901 ἀνθρωπίνης

274 2906 499 2980 γλώττης
536 2912 1033 2982 μιμητικώτατονε
1067 2918 1309 2982 καὶτοὺς
1332 2920 1613 2983 ποικίλους
1642 2920 1701 2974 δὲ
1734 2921 1830 2974 καὶ

273 3006 612 3071 καταστιγεῖς
663 3003 836 3074 ὄρνις,
870 3005 964 3070 οὓς
1002 3010 1363 3079 γαράμαντας
1399 3012 1720 3065 ἐπικαλοῦσι
1749 3031 1830 3065 τι·

1931 555 2022 610 isti
2069 553 2351 624 afﬁngunt,
2384 551 2531 622 quod
2566 550 2822 605 celeriter
2854 549 2910 602 in
2959 547 3149 602 obvios
3193 546 3481 600 involaret.

1927 646 2148 701 Eadem
2182 645 2258 699 illi
2284 654 2478 714 pectus
2501 641 2755 696 mulieris
2776 649 2833 693 et
2854 653 3057 709 corpus
3079 637 3251 692 leonis
3274 651 3487 691 accom-

1925 734 2154 791 modant
2187 751 2201 787 :
2236 732 2372 787 illud
2409 740 2638 801 propter
2668 729 2935 784 uuditatis
2963 726 3404 782 commoditatem
3431 737 3488 778 et

1926 824 2222 880 muliebris
2256 823 2447 877 forma:
2469 821 2911 886 similitudinem,
2947 820 3051 874 hoc
3087 827 3310 888 propter
3336 818 3483 871 fero-

1925 916 2173 980 citatem,
2201 921 2258 969 et
2288 912 2435 982 quod
2476 911 2775 981 plurimum
2807 920 3043 980 quatuor
3074 910 3291 967 insistat
3328 908 3483 979 pedi-

1923 1007 2048 1061 bus.
2106 1006 2427 1058 Sermonem
2482 1016 2702 1071 quoque
2759 1001 2810 1055 ei
2875 1001 3189 1070 figmentum
3256 999 3483 1059 tribuit,

1929 1098 2073 1165 quod
2103 1109 2203 1148 vox
2233 1095 2352 1165 ejus
2385 1093 2639 1147 humana:
2663 1091 2965 1147 conformis
2990 1100 3136 1146 esset
3164 1107 3177 1144 :
3213 1090 3405 1144 tribuit
3431 1100 3486 1143 et
3518 1113 3522 1116 ~

1924 1187 2238 1257 aenigmata,
2283 1186 2429 1256 quod
2468 1185 2705 1240 obscura
2739 1194 2795 1239 et
2830 1200 2938 1238 non
2984 1185 3260 1238 intellecta
3282 1183 3486 1237 vocife-

1926 1288 2161 1332 raretur.
2192 1278 2378 1346 Neque
2407 1277 2510 1331 hoc
2550 1278 2750 1331 mirum
2786 1290 2906 1342 cSt;
2941 1292 3066 1329 nam
3098 1282 3156 1331 et
3188 1274 3352 1327 multa
3384 1271 3486 1325 alia

1927 1370 2101 1425 Graeci
2129 1369 2329 1423 fabulis
2364 1368 2633 1438 ﬁngendis
2655 1378 2868 1423 mutare
2905 1374 3337 1422 consueverunt.
3366 1364 3489 1417 "me

1926 1462 2117 1517 eadem
2160 1461 2311 1532 regio
2334 1471 2388 1514 et
2423 1464 2609 1515 asinos
2652 1460 2801 1515 feros
2833 1459 3209 1529 magnitudine
3237 1459 3490 1524 ingentvs

1930 1553 2055 1617 fert,
2096 1554 2239 1623 pelle
2291 1552 2522 1608 mirifice
2568 1562 2768 1621 przrter
2811 1566 3017 1605 morem
3069 1550 3486 1604 versicolores:

1928 1644 2054 1699 albo
2102 1643 2315 1698 scilicet
2370 1652 2426 1697 et
2474 1644 2630 1713 nigro
2672 1642 2856 1696 colore
2907 1640 3201 1695 admodum
3250 1640 3394 1693 inter
3427 1653 3489 1692 se

1931 1734 2182 1801 variatis,
2215 1744 2272 1789 et
2300 1749 2451 1789 zona:
2476 1733 2729 1803 quaedam
2759 1748 2788 1786 a
2820 1747 3033 1803 summa
3061 1732 3210 1785 dorsi
3243 1730 3394 1798 spina
3422 1730 3488 1782 ad

1929 1826 2103 1881 latera
2134 1834 2190 1880 et
2236 1836 2486 1880 ventrem
2523 1826 2800 1889 demissae,
2851 1834 3017 1892 atque
3058 1824 3130 1876 ibi
3186 1820 3400 1886 divisae,
3437 1830 3493 1872 et

1928 1916 2387 1970 conversionibus
2411 1913 2741 1983 quibusdam
2776 1914 2920 1967 inter
2949 1927 3007 1966 se
3041 1911 3353 1980 implicatas,
3385 1908 3491 1962 nti-

1930 2007 2142 2061 riﬁcam
2180 2013 2237 2059 et
2269 2020 2465 2060 novam
2499 2003 2747 2060 efﬁciunt
2782 2005 3108 2074 plicaturam
3160 2011 3218 2057 et
3256 2001 3492 2056 varieta-

1930 2104 2059 2151 tem.
2090 2096 2347 2152 Sedenim
2381 2104 2437 2152 et
2485 2096 2730 2166 phoenix,
2776 2094 3225 2151 decantatissima
3271 2093 3363 2148 illa
3401 2108 3493 2148 vo-

1930 2188 2118 2251 lucris,
2152 2189 2294 2258 apud
2344 2203 2441 2243 eos
2493 2195 2700 2242 est:et
2732 2186 3027 2258 psittacum
3100 2186 3226 2241 inde
3286 2185 3351 2240 ad
3393 2200 3495 2239 nos

1930 2282 2211 2351 apportari
2260 2281 2486 2344 scimus,
2540 2279 2725 2333 avium
2777 2279 3259 2348 loquacissimam,
3314 2288 3371 2334 et
3424 2278 3491 2331 ad

1929 2373 2342 2429 aemulationem
2378 2374 2631 2428 humanae
2654 2371 2806 2431 vocis
2830 2372 3489 2426 accommodatissimum.

1930 2465 1999 2521 Et
2043 2465 2172 2520 item
2223 2466 2409 2519 varias
2454 2465 2789 2534 punctisque
2836 2462 3129 2519 distinctas
3174 2478 3321 2528 aves,
3357 2478 3495 2530 quas

1931 2555 2154 2625 quidam
2207 2564 2556 2626 garamantas
2609 2565 2811 2610 vocant
2861 2572 2877 2608 :
2936 2554 3163 2608 nomine
3222 2569 3251 2606 a
3311 2563 3493 2623 gente,

1933 2646 2080 2700 unde
2110 2645 2362 2715 plurimae
2405 2644 2738 2708 alferuntur,
2781 2643 2865 2698 eis
2914 2643 3196 2713 imposito.
3252 2640 3494 2695 Plurima

1929 2751 2100 2807 porro
2130 2737 2235 2791 alia
2268 2746 2459 2805 aperte
2481 2735 2682 2791 eximia
2714 2746 2771 2791 et
2801 2736 3122 2804 praestantia
3150 2735 3225 2789 ibi
3257 2736 3496 2805 gignun-

1934 2839 2303 2899 tur,gquorum
2327 2829 2738 2885 multitudinem
2771 2844 3016 2900 praesens
3043 2829 3497 2885 commemoratio

1933 2920 2280 2976 reformidat.
2334 2920 2469 2976 Nam
2519 2929 2575 2975 et
2609 2936 2808 2975 aurum
2848 2920 2941 2976 hic
2973 2920 3219 2975 nascitur
3260 2919 3498 2990 purissi-

1931 3027 2107 3076 mum,
2139 3014 2296 3083 quasi
2319 3012 2649 3082 quibusdam
2676 3013 2858 3068 aureis
2878 3012 3280 3080 capillamentis
3302 3022 3497 3081 sponte

274 3105 371 3152 ὐες,
393 3092 498 3145 ἀπὸ
524 3095 628 3146 τοῦ
653 3094 837 3158 ἔθνους
860 3092 922 3150 οὗ
953 3099 1189 3167 μάλιστα
1201 3102 1462 3166 ,πλεῖστοι
1489 3103 1827 3173 κομίζονται,

1934 3120 2030 3160 sua
2062 3120 2093 3160 ο
2130 3115 2273 3160 terra
2307 3106 2708 3160 exsistentibus
2739 3120 2861 3175 quae
2895 3104 3002 3160 sibi
3047 3105 3282 3159 invicem
3318 3107 3499 3173 impo-

270 3181 357 3249 τὴν
400 3186 729 3254 ἐπωνυμίαν
763 3187 1003 3257 θέμενοι.
1041 3192 1147 3244 Καὶ
1197 3192 1332 3247 ἄλλα
1379 3194 1436 3247 δὲ
1469 3195 1695 3248 πλεῖστα
1719 3194 1833 3249 δια-

272 3276 441 3340 φανῶς
469 3279 904 3347 ὑπερφυέστατα
929 3283 1146 3350 φύεται,
1176 3277 1253 3338 ὦν
1279 3286 1338 3338 τὸ
1366 3286 1567 3355 πλῆθος
1589 3289 1620 3356 ἡ
1644 3288 1833 3357 διήγη-

271 3379 343 3425 σις
369 3366 783 3421 ὑποστέλλεται.
816 3368 981 3423 Ἀλλά
1013 3371 1110 3423 καὶ
1139 3371 1170 3424 6
1200 3372 1403 3441 χρυσὸς
1434 3372 1670 3425 ἐνταῦθα
1706 3391 1833 3442 γεν-

270 3451 411 3503 vitat
470 3454 498 3505 ό
540 3453 959 3524 καθαρώτατος,
1012 3460 1338 3528 χρυσιτίδων
1398 3461 1564 3515 οίονεὶ
1625 3464 1832 3533 τριχῶν

270 3542 544 3611 αὐτοφυῶν
600 3546 702 3616 τῆς
756 3548 941 3619 ἐκείνῃ
974 3549 1080 3620 γῆς
1129 3550 1552 3622 ἀναδιδομένων,
1596 3557 1693 3609 καὶ
1747 3557 1833 3608 ἑτέ

270 3633 487 3704 ἀλλήλας
520 3639 823 3708 κειμένων,
852 3643 949 3695 καὶ
1008 3642 1260 3713 ἐπίδηλον
1298 3644 1449 3715 αὑτῷ
1489 3647 1591 3716 τὴν
1619 3647 1835 3714 γένεσιν
1864 3684 1871 3690 .

269 3731 676 3799 παρεχομένων.
721 3733 835 3786 Καὶ
864 3734 1070 3803 καρποὶ
1102 3734 1160 3789 δὲ
1189 3735 1467 3791 κάλλιστοί
1514 3754 1575 3790 τε
1608 3738 1705 3791 καὶ
1737 3737 1836 3807 μέ·

270 3834 432 3883 γιστοι
453 3836 468 3850 ο
499 3815 581 3875 ὧν
614 3822 871 3894 γνώριμα
915 3825 1105 3882 καὶτὰ
1145 3828 1348 3898 κάρυα.
1393 3829 1554 3884 Ἀλλὰ
1601 3830 1708 3902 μὴν
1740 3831 1835 3886 καὶ

267 3909 322 3961 τὸ
352 3913 444 3965 ἐπὶ
484 3917 606 3978 τοῖς
648 3913 971 3988 ὐμηρίταις
1000 3917 1171 3988 κλίμα
1211 3922 1319 3974 πᾶν
1351 3922 1514 3994 μέχρι
1539 3923 1640 3992 τῆς
1678 3924 1838 3995 Ἐρυ-

267 4006 394 4072 Opi;
413 4005 706 4078 θαλάσσης
725 4007 807 4072 δὶς
830 4010 923 4063 τοῦ
947 4012 1202 4066 ἐνιαυτοῦ
1228 4014 1517 4068 ἀναδίδωσι
1542 4016 1670 4080 τοὺς
1699 4033 1838 4088 καρ-

270 4096 431 4160 πούς·
467 4099 528 4165 ἐξ
585 4097 648 4152 οὗ
696 4101 794 4154 καὶ
842 4101 942 4171 τὴν
995 4102 1181 4175 χώραν
1224 4105 1485 4176 ’Δραῦίαν
1545 4107 1837 4179 εὐδαίμονα

267 4195 748 4261 προσηγόρευσαν.
780 4191 888 4246 Καὶ
916 4192 1052 4257 ὅλως
1097 4197 1133 4265 ἡ
1172 4196 1310 4266 πρὸς
1349 4196 1641 4268 ἀνίσχοντα
1683 4201 1838 4272 ῆλιον

265 4283 448 4339 ἅπασα
482 4288 554 4356 γῆ
591 4284 799 4356 μακρῷ
848 4286 949 4356 τῆς
978 4287 1145 4356 ἀλλης
1175 4290 1234 4341 ἂν
1286 4291 1421 4343 πᾶσι
1465 4290 1738 4363 διαφέρει.
1777 4293 1837 4345 '0

264 4376 319 4430 δὲ
346 4383 688 4452 παράδεισος
717 4378 938 4450 ἀπάσης
963 4381 1058 4450 τῆς
1087 4378 1226 4450 ἑῴας
1251 4382 1312 4434 τὸ
1343 4382 1634 4446 κράτιστόν
1657 4400 1718 4436 τε
1741 4385 1837 4438 καὶ

1934 3195 2040 3249 sita
2089 3195 2298 3265 jacent,
2347 3202 2406 3248 et
2456 3195 2808 3249 manifestum
2844 3205 3178 3264 proventum
3224 3195 3495 3264 praebent.

1936 3286 2099 3358 727
2153 3286 2294 3343 Sunt
2344 3288 2513 3344 etiam
2563 3287 2639 3341 ibi
2693 3286 2906 3341 fructus
2953 3295 3065 3341 tum
3116 3287 3498 3356 pulcherrimi,

1936 3387 2052 3432 tum
2084 3378 2309 3432 maximi
2344 3395 2359 3434 :
2391 3394 2460 3433 ex
2496 3377 2699 3448 quibus
2727 3386 2856 3431 nota
2910 3387 3041 3431 sunt
3082 3393 3262 3446 carya.
3298 3376 3498 3431 Verum

1933 3473 2222 3524 enimvero
2267 3478 2326 3523 et
2381 3477 2590 3523 tractus
2630 3482 2824 3522 earum
2866 3467 3137 3537 gentium,
3179 3482 3300 3530 qua:
3332 3481 3500 3535 supra

1936 3558 2249 3615 Homeritas
2310 3567 2469 3623 sunt,
2530 3570 2706 3627 usque
2757 3558 2823 3612 ad
2882 3571 3032 3610 mare
3085 3554 3360 3621 Rubrum,
3416 3556 3502 3610 bis

1936 3661 2084 3703 anno
2115 3647 2330 3702 fructus
2345 3647 2463 3702 edit
2488 3662 2505 3700 :
2532 3646 2682 3701 unde
2708 3654 2764 3701 et
2790 3646 3070 3716 regionem
3095 3660 3216 3698 eam
3244 3644 3498 3698 Arabiam

1938 3737 2177 3793 Felicem
2205 3737 2690 3809 cognominarunt.
2717 3738 2782 3792 Et
2806 3737 3033 3792 omnino
3054 3746 3252 3791 cuncta
3284 3750 3408 3805 quae
3431 3734 3499 3789 ad

1892 3908 1897 3911 ν
1938 3832 2210 3886 orientem
2264 3830 2436 3886 solem
2487 3839 2574 3885 est
2617 3844 2734 3895 ora,
2767 3829 2929 3899 longe
2978 3827 3247 3897 reliquam
3298 3836 3498 3881 terram

1937 3924 2108 3979 rebus
2134 3923 2392 3979 omnibus
2440 3924 2679 3984 excellit.
2731 3921 3049 3977 l‘aradisum
3095 3928 3302 3985 autem,
3336 3934 3499 3988 quem

1937 4024 2246 4070 extremum
2276 4029 2421 4069 mare
2441 4013 2721 4070 Orientale
2738 4012 2919 4073 alluit,
2951 4025 3079 4065 cum
3111 4008 3284 4063 totius
3310 4008 3505 4062 Orien-

1941 4106 2013 4160 tis
2046 4104 2456 4175 pulcberrimus
2484 4114 2541 4158 et
2562 4101 2897 4172 purissimus
2924 4100 3017 4166 sit,
3055 4101 3256 4155 coelum
3284 4098 3500 4153 laetissi-

1946 4212 2095 4252 mum
2128 4196 2673 4264 ammnissimumque
2709 4193 2942 4257 habens,
2986 4200 3044 4246 et
3082 4192 3239 4261 aquis
3274 4190 3506 4260 pelluci-

1944 4288 2190 4344 dissimis
2275 4288 2510 4359 rigetur,
2576 4286 2711 4341 satis
2782 4294 3001 4340 constat
3080 4283 3499 4352 incomparabili

1945 4380 2284 4452 praestantia,
2309 4393 2468 4450 quam
2500 4389 2700 4433 terram
2736 4392 2859 4445 quae
2880 4376 2982 4431 sub
3012 4375 3125 4429 sole
3150 4384 3236 4428 est
3256 4389 3503 4431 omnem,

268 4472 664 4543 καθαρώτατον
711 4473 996 4543 ὑπάρχων,
1030 4475 1123 4525 καὶ
1160 4473 1287 4535 τοὺς
1330 4474 1501 4542 ἀέρας
1531 4475 1831 4545 ἀκραιφνε-

1940 4474 2124 4530 omnia
2156 4473 2381 4544 gignere
2409 4478 2465 4525 et
2513 4469 2658 4523 ferre
2691 4468 2940 4523 meliora.
2975 4466 3155 4535 Atque
3198 4466 3313 4518 haec
3360 4472 3506 4516 tam-

269 4566 493 4629 στάτους
527 4572 630 4627 καὶ
662 4571 988 4636 καλλίστους
1018 4571 1179 4641 ιχων,
1211 4575 1306 4627 καὶ
1331 4574 1441 4636 τοῖς
1470 4569 1834 4636 διαφανεστάο

264 4680 375 4729 τοις
416 4666 584 4720 ὕδασι
636 4665 1065 4734 καταρδόμενος,
1121 4665 1285 4735 δῆλον
1334 4666 1410 4730 ὡς
1463 4668 1834 4739 ἀπαρασλήτῳ

266 4757 504 4828 ὑπεροχῇ
548 4757 653 4825 τῆς
708 4756 800 4826 ὑφ’
833 4756 968 4827 ἡλίῳ
996 4757 1181 4827 πάσης
1229 4761 1287 4811 ὲν
1319 4761 1455 4812 πᾶσι
1481 4759 1541 4812 τὸ
1586 4761 1836 4830 κρεῖττον

263 4852 456 4921 φέρει,
511 4852 618 4920 τῆς
650 4851 853 4915 ἔξωθεν
899 4850 1173 4920 θαλάσσης
1229 4852 1350 4903 κατ’
1395 4851 1685 4921 ἀνίσχοντα
1741 4852 1833 4903 τὸν

260 4939 411 5006 ἥλιον
444 4938 603 5008 αὖτῷ
628 4937 1116 5008 περικλυζομένης.
1131 4937 1315 4997 Ταῦτα
1351 4938 1453 5007 μὲν
1487 4941 1534 5013 εί
1565 4941 1659 4991 καὶ
1687 4954 1833 5007 παρ-

262 5030 676 5099 εκϐατικώτερα
743 5030 980 5099 εἴρηται,
1006 5028 1123 5080 ἀλλ’
1152 5030 1426 5097 ἀναγκαῖα
1446 5069 1461 5092 ,
1489 5025 1662 5095 οἶμαι,
1692 5028 1834 5093 δόξει

261 5127 371 5187 τοῖς
420 5123 758 5194 φιλομαθεῖν
819 5121 1139 5191 ᾑρημένοις.
1197 5118 1394 5171 Πολλοὶ
1450 5118 1638 5172 δὲκαὶ
1683 5117 1832 5171 ἄλλοι

263 5220 414 5289 παρὰ
452 5217 685 5278 τούτους
713 5214 984 5282 ἐγένοντο,
1019 5212 1196 5264 ἱκανοὶ
1227 5212 1325 5265 καὶ
1358 5213 1497 5264 νοεῖν
1529 5214 1622 5263 καὶ
1652 5210 1834 5279 λέγειν

260 5317 316 5367 ὲν
357 5314 532 5380 ίεροῑς
559 5309 921 5378 γράμμασιν·
950 5303 1044 5367 οὓς
1080 5302 1327 5364 ἅπαντας
1367 5302 1625 5372 ἀριθμεῖν
1654 5303 1834 5373 ἐργῶ-

259 5408 365 5473 δες,
398 5408 501 5461 καὶ
540 5407 642 5473 τῆς
683 5400 1058 5473 προκειμένης
1102 5399 1487 5470 πραγματείας
1531 5398 1709 5461 ἐκτός.
1737 5398 1830 5470 Μή

260 5518 335 5566 τῳ
361 5499 422 5551 δὲ
448 5495 721 5565 γενοίμην
747 5495 804 5545 ὲν
836 5492 1152 5561 σκώμματι,
1187 5483 1270 5550 οἷς
1306 5505 1456 5551 τινας
1493 5489 1773 5559 ἀρχηγοὺς
1799 5488 1832 5560 ἢ

260 5592 355 5645 καὶ
382 5588 739 5649 σπουδαστὰς
755 5588 1020 5655 αἱρέσεων
1038 5584 1388 5651 γενομένους,
1407 5583 1518 5644 τοῖς
1541 5580 1664 5634 καθ’
1685 5581 1835 5650 ἡμᾶς

260 5686 507 5754 ἀρίστους
537 5678 961 5747 φιλοσοφησασι,
998 5674 1313 5744 διεξῆλθον·
1342 5674 1403 5725 οὐ
1449 5673 1557 5742 γὰρ
1593 5674 1723 5742 περὶ
1748 5673 1835 5724 πί-

262 5791 431 5838 στεως
458 5773 560 5826 καὶ
595 5770 801 5840 δόξηςη
834 5770 1011 5840 κρίσις
1042 5770 1172 5839 ἡμῖν
1205 5769 1408 5836 ἀρτίως
1431 5782 1446 5800 ⁸
1480 5767 1596 5819 ἀλλ’
1618 5768 1700 5822 ὅτι
1723 5766 1835 5821 δει-

1942 4564 2045 4619 etsi
2099 4578 2194 4633 per
2259 4558 2659 4632 digressionem
2699 4570 2828 4613 sunt
2886 4566 3036 4609 extra
3073 4555 3386 4608 institutum
3419 4569 3508 4605 ar-

1948 4665 2275 4728 gumentum
2304 4653 2475 4716 dicta,
2511 4660 2695 4705 tamen
2723 4647 3058 4710 necessaria,
3094 4657 3155 4698 ut
3202 4653 3353 4713 puto.
3384 4659 3506 4698 esse

1951 4746 2287 4800 videbuntur
2335 4742 2602 4798 doctrina:
2655 4740 2758 4810 pia:
2803 4747 2861 4793 et
2912 4737 3161 4793 liberalis
3212 4733 3502 4789 studiosis.

1952 4842 2159 4896 Pmter
2189 4839 2355 4892 hosce
2377 4850 2509 4891 vero
2535 4845 2591 4889 et
2613 4834 2707 4887 alii
2740 4833 2923 4902 plures
2957 4828 3224 4885 exstitere
3253 4826 3383 4892 viri,
3409 4829 3504 4895 qui

1944 4946 2132 4988 sacras
2157 4930 2392 4985 Litteras
2421 4927 2593 4998 probe
2635 4925 3044 4991 intellexerunt,
3076 4931 3133 4978 et
3178 4921 3246 4976 de
3294 4924 3377 4975 eis
3418 4935 3508 4973 co-

1946 5026 2107 5096 piose
2138 5023 2547 5077 disseruerunt.
2582 5016 2692 5072 Eos
2732 5025 2912 5070 autem
2959 5031 3152 5071 omnes
3191 5026 3505 5076 recensere,

1945 5125 2313 5186 praeterquam
2345 5107 2490 5179 quod
2533 5107 2816 5179 praesentis
2861 5119 3041 5175 operae
3087 5120 3196 5158 non
3225 5115 3331 5166 est,
3365 5101 3505 5156 ditii-

1942 5208 2046 5262 cile
2070 5204 2258 5259 fuerit.
2302 5201 2566 5258 Sedenim
2595 5213 2759 5254 nemo
2785 5213 2872 5252 me
2898 5204 3045 5250 recte
3063 5194 3502 5265 reprehenderit,

1948 5296 2100 5369 quod
2159 5294 2457 5351 nonnullos
2501 5292 2880 5348 hareticarum
2929 5298 3200 5342 sectarum
3249 5291 3505 5337 auctores

1943 5402 2044 5449 aut
2081 5401 2407 5456 sectatores,
2455 5389 2600 5442 inter
2635 5402 2731 5440 eos
2764 5385 2912 5437 viros
2938 5381 3030 5449 qui
3077 5378 3280 5447 optime
3309 5375 3379 5429 de
3422 5390 3506 5429 sa-

1944 5481 2056 5543 cris
2114 5484 2405 5555 religionis
2450 5477 2913 5552 professionisque
2960 5479 3161 5526 nostrae
3210 5478 3508 5522 senserunt

1945 5588 2111 5649 atque
2172 5577 2557 5645 scripserunt,
2618 5564 3121 5625 commemorarim.
3182 5561 3304 5616 Non
3360 5561 3507 5615 enim

1944 5686 2093 5726 nunc
2132 5670 2199 5723 de
2241 5668 2347 5722 fide
2414 5665 2575 5720 nobis
2637 5670 2693 5717 et
2744 5657 3093 5729 opinionibus
3134 5669 3326 5711 eorum
3356 5653 3508 5723 judi-

1947 5765 2094 5820 cium
2128 5761 2507 5829 sumpsimus:
2547 5756 2641 5814 sed
2690 5763 2981 5839 propterea
3017 5762 3228 5807 tantum
3277 5747 3508 5803 mentio-
