3988 6190
394 380 496 443 3’17

1558 432 1569 437 _
1617 382 2044 446 NICEPuonI
2081 386 2426 448 CALLiS’I‘f
2504 376 2507 379 ’

3540 394 3646 459 308

397 510 520 546 ueni
550 492 742 547 talium
777 490 1045 549 virorum.
1081 492 1228 559 quod
1262 490 1332 544 ab
1363 491 1681 557 eloquentia
1721 494 1872 564 gravi
1910 503 1966 548 et

2100 498 2149 549 oi.
2173 496 2354 564 λέγειν
2383 499 2476 551 καί
2501 497 2627 568 περῖ
2658 476 2906 566 γλῶτχταν
2932 501 3137 554 ἀστεῖοι
3159 501 3425 571 ἐγένοντο,
3451 505 3620 580 δίειμι

400 583 596 637 festiva
671 584 905 637 multum
972 582 1286 643 valuerint,
1357 583 1667 639 intulimus.
1739 583 1968 640 Minime

2101 588 2191 640 ὖδὲ
2222 588 2329 659 γὰρ
2355 589 2416 641 τὺ
2477 589 2837 660 προκείμενον
2880 593 3018 661 ἡμῖν
3071 592 3411 664 φιλοκρινεῖν
3449 597 3609 662 δόξας
3636 639 3651 665 ,

402 692 662 745 namque,
698 673 860 729 sictiti
890 673 1154 738 diximus,
1181 674 1543 729 consﬁtntum
1577 676 1735 732 nobis
1761 687 1868 739 est.
1898 676 1967 732 de

401 766 757 838 dogmatibus
784 765 1119 820 sententiam
1151 766 1297 819 ferre
1324 783 1338 818 :
1372 766 1465 821 sed
1518 767 1843 837 simpliciter
1867 768 1967 835 ita,

400 868 466 913 ut
515 871 749 926 quaeque
803 872 891 911 res
925 871 1027 910 suo
1065 866 1313 925 tempore
1365 873 1488 911 sese
1519 857 1747 921 dedere,
1800 874 1970 929 expo-

403 962 537 1002 nere
569 946 942 1007 decrevimus,
975 945 1114 999 nihil
1147 961 1213 999 ex
1259 945 1493 1000 arbitrio
1542 956 1731 1002 nostro
1762 956 1971 1004 temere

402 1038 751 1108 adjicientes.
788 1039 865 1091 De
914 1037 1272 1106 opinionibus
1320 1053 1451 1092 sane
1481 1039 1703 1108 quidem
1737 1042 1973 1110 aliisque

404 1130 673 1201 ejusmodi
702 1130 870 1184 rebus
919 1129 1207 1184 manifesta
1233 1131 1512 1199 propalam
1544 1143 1727 1188 exstat
1749 1135 1971 1189 veritas.

410 1228 585 1294 Atque
619 1225 687 1279 de
717 1225 823 1288 eis,
852 1224 1053 1293 quibus
1082 1225 1185 1279 hoc
1211 1241 1308 1294 per
1333 1229 1480 1297 leges
1510 1242 1839 1283 concessum
1866 1239 1973 1301 est,

402 1317 677 1395 judicium
714 1316 914 1370 ferant.
963 1316 1135 1368 Porro
1184 1317 1277 1386 qui
1313 1327 1641 1388 tempestate
1676 1334 1740 1373 ea
1771 1319 1977 1374 virtute

2073 678 2190 730 ἀλλ’
2217 679 2403 742 ἁπλῶς
2430 680 2573 734 οὕτω
2599 682 2659 734 τὸ
2681 682 2860 752 χρόνῳ
2891 685 3252 753 παρεμπεσὸν
3281 686 3649 757 ἀφηγεῖσθαι,

2074 770 2263 840 ὥσπερ
2290 771 2352 843 δὴ
2395 773 2491 824 καὶ
2522 772 2757 840 ἐγένετο,
2804 775 2972 844 μηδὲν
3003 776 3218 831 οἴκοθεν
3252 776 3660 845 ἐπεισάγοντα.

2078 863 2213 932 Περί
2238 880 2300 931 γε
2339 865 2444 933 μὴν
2473 864 2633 936 δόξης
2665 867 2755 917 καὶ
2791 866 2897 921 τῶν
2926 868 3128 921 λοιπῶν
3153 869 3423 939 πρόδηλος
3448 873 3480 940 ή
3516 872 3651 940 ἀλή-

2079 944 2239 1009 θεια.’
2259 958 2366 1009 Καὶ
2393 950 2472 1020 οἷς
2507 955 2666 1026 θέμις
2697 963 2826 1029 περὶ
2863 959 3070 1013 τούτων
3097 962 3465 1027 κρινέτωσαν.
3496 963 3657 1017 Ὀσοι

2079 1047 2181 1117 μὲν
2209 1046 2302 1102 οὖν
2341 1049 2433 1102 ἐπί
2462 1066 2523 1102 τε
2566 1050 2733 1119 ἀρετῇ
2767 1051 2859 1103 καὶ
2890 1050 3066 1116 λόγων
3114 1053 3333 1124 παιδείᾳ
3380 1057 3494 1117 τοῖς
3525 1059 3656 1125 χρόα

2079 1154 2193 1202 νοις
2247 1139 2509 1208 ὲπίσημοί
2565 1158 2625 1193 τε
2655 1143 2750 1194 καὶ
2804 1143 3125 1213 περιϐόητοι
3171 1143 3446 1211 ἐγένοντο,
3507 1143 3659 1200 οὗτοι

2078 1226 2219 1300 ἦσαν
2249 1249 2263 1263 ο
2305 1233 2436 1303 ἑξῆς
2459 1235 2515 1287 δὲ
2545 1235 2689 1288 κατὰ
2716 1235 2899 1307 χώραν
2930 1237 3025 1290 καὶ
3060 1239 3188 1302 τοὺς
3221 1240 3662 1309 ἐπιγινομένους

2082 1320 2406 1395 ἐκθήσομαι.

409 1410 615 1480 insigni
661 1419 715 1464 et
750 1408 1064 1464 eruditione
1094 1410 1352 1479 praeclara
1383 1412 1719 1477 exeelluere,
1750 1411 1788 1466 ii
1823 1421 1971 1467 sunt.
2014 1411 2285 1485 Deinceps
2354 1431 2487 1473 vero
2522 1428 2779 1488 posteros
2809 1435 3032 1491 quoque
3067 1422 3193 1477 levo
3254 1436 3358 1478 suo
3397 1439 3662 1480 recense-

416 1503 620 1557 bimus.

998 1620 1223 1678 CAPUT
1265 1621 1382 1676 XX.

413 1714 488 1768 De
516 1717 721 1784 egregio
762 1718 816 1769 in
851 1715 1214 1770 Christianam
1240 1716 1546 1786 religionem
1570 1715 1803 1782 ﬁliorum
1843 1716 1983 1771 Con-

480 1789 701 1839 stantini
726 1787 900 1855 maqni
927 1786 1119 1855 studio,
1158 1795 1223 1838 et»
1241 1786 1301 1838 de
1331 1786 1659 1854 opinionibus
1685 1801 1864 1839 eorum
1892 1804 1910 1841 :
1933 1797 1982 1840 et

481 1865 535 1907 ut
582 1853 979 1924 aliquantulum
1040 1853 1383 1910 Constantius
1438 1857 1778 1909 transveraim
1836 1867 1985 1910 actus

483 1925 660 1993 fuerit,
688 1925 817 1978 etde
854 1924 1068 1977 dissidio
1098 1942 1189 1978 seu
1222 1926 1552 1978 contentione
1585 1942 1744 1994 super
1764 1930 1985 1980 consub-

481 1995 725 2047 stantiali
779 2004 827 2047 et
876 1994 1376 2049 siuttlisubstantiali
1421 2010 1439 2048 :

1511 2003 1563 2048 et
1616 1995 1680 2049 de
1737 1995 1985 2066 ﬁgmento

481 2063 823 2118 Arianorum.

485 2179 654 2249 728
691 2178 849 2234 Nunc
888 2191 1072 2235 autem
1109 2194 1305 2233 rursus
1339 2179 1630 2235 historiam
1672 2179 1983 2235 institutam

414 2285 844 2339 prosequamur.
875 2270 995 2325 Non
1029 2270 1207 2325 solum
1242 2267 1573 2342 igitur’quos
1615 2268 1856 2323 diximus
1890 2268 1983 2322 Dei

416 2372 669 2417 amantes
714 2361 841 2426 viri,
888 2363 999 2416 vita
1042 2369 1100 2416 et
1148 2362 1436 2429 sapientia:
1469 2360 1654 2415 studio
1686 2361 1983 2430 pollentes,

420 2454 748 2525 religionem
783 2454 944 2509 novis
975 2453 1261 2509 exercitiis
1293 2454 1635 2523 adaugentes
1657 2454 1986 2509 cohonesta-

417 2556 549 2600 runt
578 2562 593 2600 :
626 2545 722 2601 sed
770 2546 938 2601 etiam
972 2547 1338 2616 imperatores
1367 2546 1479 2616 ipsi.
1498 2545 1852 2602 aemulatione
1888 2559 1985 2614 pa—

420 2649 610 2693 ternas
664 2654 757 2693 res
791 2638 1201 2695 ecclesiasticas
1245 2648 1303 2693 et
1350 2638 1598 2692 divinum
1656 2638 1871 2693 cultum
1926 2640 1981 2691 in

418 2730 633 2785 deliciis
662 2731 926 2785 habuere.
961 2732 1362 2787 Clerumenint
1399 2732 1751 2800 Deiejusque
1778 2731 1985 2786 liberos

418 2831 475 2878 et
509 2825 848 2893 propinquos
884 2825 1199 2895 insignibus
1241 2825 1551 2880 honoribus
1578 2834 1637 2878 et
1661 2823 1986 2877 immunita-

422 2914 573 2969 tibus
614 2916 972 2979 decorarnnt,
999 2916 1271 2985 bonisque
1309 2926 1366 2970 et
1397 2916 1644 2968 honestis
1676 2915 1874 2984 patriis
1909 2914 1990 2967 le.—

422 3008 586 3078 gibus
631 3008 772 3063 alios
827 3019 884 3062 et
921 3007 1027 3076 ipsi
1072 3022 1171 3075 pro
1205 3022 1308 3062 suo
1354 3009 1407 3061 in
1453 3007 1625 3061 Deum
1677 3021 1884 3069 amore,
1918 3004 1987 3059 ad

424 3101 752 3170 religionem
786 3100 1161 3154 adduxerunt.
1194 3099 1297 3164 Qui
1333 3115 1465 3154 sane
1492 3114 1687 3152 omnes
1719 3098 1991 3152 idolorum

425 3197 637 3248 cultum
685 3193 1222 3261 simulacrorumque
1267 3207 1455 3246 curam
1502 3191 1848 3245 sustulerunt
1890 3211 1902 3245 :
1939 3198 1996 3244 et

431 3288 639 3357 ubique
672 3287 923 3340 locorum
955 3286 1194 3341 claustra
1220 3285 1538 3339 Graecorum
1568 3281 1787 3351 templis
1820 3283 1995 3350 impo-

428 3379 536 3436 sita
576 3388 725 3442 sunt,
759 3376 1008 3447 quaedam
1058 3378 1224 3432 etiam
1257 3376 1312 3429 in
1363 3375 1607 3430 materiae
1641 3373 1914 3428 rationem
1964 3387 1994 3425 a

435 3474 648 3528 nostris
684 3480 964 3536 revocata,
996 3479 1053 3549 et
1103 3470 1354 3525 funditus
1398 3469 1581 3523 statim
1615 3468 1822 3522 diruta.
1882 3466 1996 3520 Nec

430 3580 601 3633 parvo
635 3565 745 3619 illis
788 3564 975 3618 studio
1007 3562 1132 3625 fuit,
1173 3577 1328 3617 sacra
1360 3561 1720 3615 ecclesiarmn
1763 3557 1993 3612 delubra

429 3658 699 3727 temporis
757 3655 1127 3709 diuturnitate
1183 3669 1324 3723 pene
1373 3652 1615 3721 collapsa
1673 3650 1993 3716 restituere,

431 3753 685 3820 quzedatn
727 3750 893 3804 etiam
938 3763 1006 3804 ex
1052 3748 1187 3817 ipsis
1226 3746 1605 3801 fundamentis
1644 3753 1991 3798 construere.

433 3843 677 3909 Quorum
704 3855 872 3895 unum
902 3848 986 3895 est
1015 3849 1071 3893 et
1099 3837 1514 3908 pulchritudine
1543 3843 1600 3889 et
1622 3833 1996 3903 magnitudine

435 3936 559 3990 aliis
591 3934 777 3988 multis
812 3932 1185 4003 praestantius.
1218 3929 1364 3998 quod
1400 3927 1543 3997 apud
1572 3925 1825 3980 Emesam
1854 3924 1996 3980 Con-

431 4028 668 4081 stantius
712 4022 980 4079 condidit.
1014 4021 1096 4077 Ad
1138 4021 1253 4074 hac
1301 4021 1419 4087 lege
1449 4028 1756 4073 sanxerunt
1790 4016 1890 4085 (l),
1929 4030 1997 4069 ne

433 4118 556 4186 quis
589 4118 812 4171 Iudaeus
858 4113 1194 4183 mancipium
1242 4111 1645 4176 Christianum,
1699 4109 1998 4179 cujuscuno

2678 1624 2925 1682 ΚΕΦΑΛ.
2966 1628 3048 1681 K'.

2086 1718 2227 1786 Περὶ
2258 1717 2369 1785 τῆς
2396 1720 2484 1788 είς
2510 1718 2627 1783 τὴν
2657 1718 2880 1785 εὐσεϐῆ
2923 1720 3253 1788 θρησκείαν
3279 1718 3397 1774 τῶν
3428 1722 3663 1776 παίδων

2156 1788 2263 1860 τοῦ
2285 1786 2554 1860 μεγάλου
2580 1786 3043 1860 Κωγστανζίκου
3072 1789 3376 1857 σπουδῆς,
3397 1793 3499 1843 καὶ
3525 1793 3665 1860 περ)

2157 1855 2267 1925 τῆς
2286 1855 2491 1929 ’δόξης
2545 1856 2745 1910 αὐτῶν
2768 1896 2783 1922 ,
2815 1858 2916 1929 καί
2952 1859 3033 1929 ᾡς
3068 1855 3665 1929 μικρόνξπαρεσύρη

2157 1927 2606 2000 Κωστάντιοςο
2639 1929 2735 1980 καί
2765 1927 2899 2000 περὶ
2922 1927 3032 1993 τῆς
3057 1927 3348 2000 διαφορᾶς
3378 1927 3487 1985 τοῦ
3517 1927 3666 2000 duo;

2156 1998 2300 2070 ovat
2306 2014 2377 2050 ου
2402 1997 2501 2070 καὶ
2526 1997 2879 2066 ὀμοιουσίου
2905 2000 3003 2053 καὶ
3027 1998 3136 2053 τοῦ
3162 1998 3523 2070 πλάσματος
3543 1997 3669 2057 τῶν

2159 2065 2502 2135 Ἀρειανῶν.

2167 2182 2361 2252 Ἦμεῖς
2389 2181 2449 2237 δὲ
2483 2178 2641 2246 αὖθις
2676 2183 2780 2251 τῆς
2825 2186 3198 2256 προκειμένης
3248 2189 3495 2258 ἱστορίας
3527 2189 3673 2259 ἰχῶ-

2090 2280 2257 2351 μεθα.
2285 2280 2360 2333 Οὐ
2414 2282 2575 2350 μόνον
2603 2277 2697 2336 οὖν
2731 2284 2779 2335 oi
2811 2281 3204 2352 προειρημένοι
3256 2279 3526 2350 θεοφιλεῖς
3573 2283 3674 2337 ἆν-

2087 2373 2213 2443 δρες
2244 2373 2343 2444 βίῳ
2372 2375 2468 2428 καὶ
2502 2374 2680 2438 ἄλλως
2713 2375 2906 2441 σοφίας
2935 2373 3079 2444 λόγῳ
3105 2373 3285 2442 πολλῷ
3309 2374 3677 2445 διαφέροντες

2087 2467 2189 2539 τὴν
2214 2467 2513 2536 θρησκείαν
2543 2456 2856 2536 ἐγέραιρον,
2887 2468 3000 2529 τοῖς
3027 2466 3199 2532 ξένοις
3229 2466 3679 2536 ἐπιτηδεύμασιν

2089 2558 2388 2625 αὖξοντες⁹
2451 2559 2567 2613 ἀλλ’
2614 2561 2700 2613 ὅτι
2752 2560 2848 2613 καὶ
2900 2558 2951 2611 οί
2996 2558 3257 2629 τηνικάδε
3305 2558 3677 2629 κρατοῦντες,

2092 2650 2233 2705 κατὰ
2256 2648 2420 2719 ζῆλον
2444 2650 2699 2721 πατρῷον
2729 2652 2788 2704 ὲν
2822 2650 2994 2722 πολλῇ
3028 2654 3095 2722 τῇ
3124 2651 3377 2723 ῥᾳστώνῃ
3406 2651 3540 2719 περὶ¹
3566 2651 3679 2713 τὰς

2092 2743 2386 2815 ἐκκλησίας
2407 2745 2503 2798 καὶ
2529 2744 2590 2797 τὺ
2609 2744 2774 2807 σέϐας
2803 2743 2965 2814 εἶχον.
2988 2744 3127 2808 Τούς
3149 2763 3211 2798 τε
3231 2749 3339 2816 γὰρ
3356 2748 3415 2799 ὲν
3441 2747 3679 2817 κλήροις

2092 2835 2252 2899 Θεοῦ,
2279 2838 2373 2889 καὶ
2418 2837 2544 2899 τοὺς
2602 2836 2663 2902 ἐξ
2691 2837 2939 2899 ἐκείνων,
2966 2839 3059 2891 καὶ
3082 2837 3197 2892 ὅσοι
3245 2838 3678 2908 ἀγχιστεύοντες

2093 2930 2320 2994 ἐκείνοις
2347 2925 2507 3000 ἦσαν,
2529 2932 2714 2998 τιμαῖς
2741 2929 3007 2995 ὲξαισίαις
3022 2930 3117 2984 καὶ
3138 2930 3413 2993 ἀτελείαις
3441 2931 3683 2999 ἐσέμνυ-

2094 3035 2207 3083 νον,
2231 3020 2342 3080 τοῖς
2357 3019 2544 3080 καλοῖς
2570 3034 2629 3070 τε
2649 3019 2744 3072 καὶ
2764 3019 2986 3086 ἀγαθοῖς
3017 3019 3302 3089 πατρικοῖς
3326 3018 3514 3085 νόμοις
3543 3019 3679 3070 ἑτέ-

2101 3127 2227 3179 ρους
2249 3109 2344 3163 καὶ
2370 3109 2517 3162 αὐτοὶ
2552 3107 2814 3177 θεοφιλῶς
2851 3108 3257 3177 προστιθέντες.
3284 3108 3349 3162 Οἳ
3370 3107 3433 3176 δὴ
3462 3107 3677 3170 πάντες

2096 3202 2333 3272 ἀνῄρουν
2361 3202 2462 3271 τήν
2493 3218 2551 3252 τε
2594 3201 2706 3253 τῶν
2734 3198 2966 3253 εἰδώλων
3011 3200 3293 3270 λατρείαν,
3324 3200 3419 3252 καὶ
3463 3200 3528 3252 τὸ
3557 3200 3680 3252 τῶν

2098 3288 2303 3355 ξοάνων
2329 3290 2612 3358 ἐπιμελές.
2643 3288 2868 3352 Κλεῖδες
2902 3290 3013 3357 γὰρ
3046 3290 3358 3359 ἁπανταχοῦ
3387 3291 3503 3352 τοῖς
3548 3288 3680 3343 Ἐλ-

2095 3378 2275 3448 λήνων
2300 3382 2447 3443 ναοῖς
2478 3380 2810 3435 ὲπιτίθεντο.
2842 3376 3029 3435 Ἦσαν
3058 3381 3114 3435 δὲ
3147 3383 3197 3435 οἳ
3229 3384 3323 3435 καὶ
3354 3381 3486 3453 ὕλης
3507 3383 3680 3451 λόγον

2098 3473 2319 3541 ἐπεῖχον
2352 3474 2467 3533 τοῖς
2500 3472 2808 3544 ἡμετέροις,
2846 3473 3010 3538 εὐθὺς
3035 3475 3099 3527 ἐκ
3139 3474 3357 3545 βάθρων
3385 3475 3677 3544 λυόμενοι.

2099 3563 2174 3616 Οὐ
2196 3563 2285 3616 διὰ
2321 3565 2520 3634 μικρᾶς
2549 3564 2595 3617 δ’
2617 3559 2685 3634 ἦν
2710 3564 2940 3627 ἐκείνοις
2969 3566 3205 3636 σπουδῆς
3224 3566 3320 3619 καὶ
3343 3567 3471 3627 τοὺς
3488 3568 3678 3638 χρόνῳ

2096 3656 2447 3725 κεκμηκότας
2477 3655 2586 3708 τῶν
2620 3657 2782 3708 θείων
2809 3656 2993 3724 σηκῶν
3026 3656 3469 3725 παρασκευάζειν
3497 3657 3673 3728 ἡϐᾷ-ι,

2096 3745 2224 3808 τοὺς
2267 3745 2314 3797 δ’
2350 3748 2412 3799 ὲκ
2458 3746 2738 3815 κρηπίδων
2780 3747 2963 3800 αὐτῶν
3006 3748 3266 3818 ἀνιστᾷν·
3301 3741 3376 3802 ὧν
3419 3741 3498 3810 εἷς
3546 3751 3674 3801 ἐστι

2098 3836 2284 3888 κάλλει
2329 3839 2424 3889 καὶ
2462 3837 2683 3906 μεγέθει
2716 3838 2827 3890 τῶν
2874 3838 3086 3891 πολλῶν
3138 3840 3466 3911 ὑπερφέρων
3510 3842 3611 3893 καὶ
3645 3844 3676 3895 ὁ

2098 3929 2241 3982 κατά
2272 3928 2370 3999 τὴν
2401 3929 2683 3999 Ἐμεσσαν
2729 3931 3098 3999 Κωνσταντίῳ
3147 3933 3483 4001 ἀνεγερθείς.
3521 3934 3676 4000 Πρός

2098 4022 2309 4085 τούτοις
2364 4020 2741 4089 ἐνομοθέτουν,
2792 4024 2865 4092 μή
2909 4041 3030 4075 τινα
3077 4024 3341 4093 Ἰουδαϊκῇ
3396 4024 3676 4096 θρησκεία

2100 4112 2348 4177 συζῶντα
2380 4112 2569 4167 δοῦλον
2592 4113 2848 4167 ὠνεῖσθαι
2881 4114 2939 4178 ἐξ
2970 4115 3088 4177 οῖας
3133 4114 3197 4184 δή
3238 4115 3354 4168 ποτ’
3388 4112 3484 4169 οὖν
3514 4117 3674 4183 αἱρέ-

434 4226 542 4278 que
578 4209 801 4262 tandem
841 4216 1025 4269 secta,
1052 4221 1160 4259 aere
1196 4212 1252 4258 et
1294 4204 1435 4257 libra
1473 4211 1718 4272 emptum
1748 4202 1989 4256 haberet.

2100 4218 2239 4264 σεως
2274 4202 2424 4255 ὄντα.
2456 4202 2517 4255 El
2547 4202 2592 4255 δ’
2619 4198 2713 4255 οὖν
2742 4204 3087 4271 φωραθέντα,
3134 4203 3298 4256 αὐτὸν
3328 4205 3538 4257 ἐκεῖνον
3569 4204 3672 4275 δη-

434 4303 489 4356 :Si
523 4302 618 4370 qui
653 4300 814 4353 aliter
842 4298 1038 4352 fecisse
1075 4304 1391 4365 compertus
1418 4304 1582 4359 esset,
1618 4308 1838 4348 servum
1870 4307 1993 4346 eum

438 4394 715 4462 publicum
745 4391 885 4445 fore.
926 4387 1080 4455 Quod
1109 4390 1152 4441 si
1194 4370 1320 4441 eum
1358 4386 1770 4441 circumeidisse
1796 4387 1995 4453 depre-

435 4490 644 4541 hensus
676 4493 846 4548 esset,
880 4482 1077 4551 capitis
1110 4481 1448 4551 supplicium
1482 4495 1608 4534 eum
1658 4479 1996 4555 subiturum,

435 4582 598 4637 bouis
644 4581 764 4650 ejus
792 4576 1162 4648 publicandis.
1203 4574 1340 4628 Cum
1371 4573 1517 4627 enim
1550 4572 1908 4627 constitutum
1940 4572 1997 4624 in

433 4674 636 4727 animis
665 4672 781 4725 suis
813 4670 1106 4732 haberent,
1150 4666 1531 4722 Christianum
1559 4664 1766 4719 cultum
1801 4678 2001 4731 propa-

434 4783 585 4838 gare,
623 4767 725 4819 hoc
751 4766 916 4818 etiam
945 4762 1182 4816 maxime
1204 4760 1589 4830 providerunt,
1622 4765 1766 4811 utne
1795 4765 1999 4809 temere

436 4877 464 4912 ιι
501 4858 704 4912 Iudaeis
736 4855 905 4923 aliqui
960 4854 1014 4907 in
1063 4851 1384 4919 religionem
1412 4864 1566 4904 suam
1613 4847 2001 4917 pertraheren-

434 4961 569 5009 tur.
605 4948 699 5002 sed
732 4946 917 5016 potius
948 4960 1091 4997 verae
1130 4942 1390 4996 Ecclesiae
1426 4955 1638 5003 omnes,
1683 4938 1752 4992 de
1796 4936 2028 5007 quibus.

435 5041 619 5109 aliqua
668 5054 792 5105 spes
842 5043 1008 5099 esset,
1051 5042 1531 5096 conservarentur,
1588 5039 1644 5084 et
1692 5027 1996 5085 Christiani

434 5135 654 5189 ﬁerent.
686 5127 1002 5184 Christiana
1050 5128 1197 5179 enim
1236 5125 1412 5194 pietas
1444 5139 1511 5177 ex
1547 5121 1754 5177 Graecis
1780 5129 1837 5175 et
1868 5135 1999 5187 geu-

406 5222 631 5279 tilibus
691 5218 865 5289 magis
920 5219 1262 5272 incrementa
1329 5231 1432 5269 sua
1482 5213 1760 5283 capiebat.
1800 5212 1999 5265 Verum

433 5319 719 5371 enimvero
763 5312 1001 5381 primum
1037 5307 1386 5363 Constantini
1436 5306 1530 5359 lilii
1563 5313 1849 5376 paternam
1878 5304 2002 5369 epi-

437 5412 657 5461 niuuem
687 5405 954 5471 integram
983 5409 1300 5465 certamque
1330 5407 1657 5453 servarunt:
1686 5407 1742 5451 et
1769 5405 2000 5463 uterque

438 5513 568 5549 acer
623 5496 856 5551 Nicuanze
893 5494 1020 5548 ﬁdei
1052 5492 1309 5547 laudator
1335 5491 1455 5544 fuit.
1483 5490 1757 5544 Constans
1777 5487 1999 5556 quidem

436 5587 503 5639 ad
536 5588 700 5640 ﬁnem
733 5602 907 5655 usque
935 5587 990 5640 in
1029 5601 1093 5641 ea
1129 5584 1391 5654 perstitit.
1436 5581 1600 5653 729
1641 5579 2000 5635 Constantius

2105 4296 2293 4366 μόσιον
2331 4295 2519 4349 δοῦλον
2549 4295 2931 4349 καθίστασθαι.
2966 4297 3029 4350 El
3058 4297 3115 4350 δὲ
3144 4297 3296 4350 λάθοι
3329 4298 3674 4366 περιτεμὼν,

2102 4388 2310 4456 ζημίαν
2333 4387 2527 4455 ἐκείνῳ
2561 4382 2702 4442 εῖναι
2740 4387 2839 4457 τὴν
2866 4388 2962 4457 τῆς
3006 4388 3246 4457 κεφαλῆς
3277 4389 3539 4457 ἐκτομὴν,
3574 4391 3674 4441 καὶ

2100 4482 2161 4533 τὸ
2186 4481 2255 4533 τὰ
2277 4480 2406 4534 ὄντα
2439 4480 2517 4550 τῷ
2547 4480 2706 4551 δήμῳ
2736 4479 2983 4535 ἀνεῖσθαι
3008 4496 3025 4512 ο
3054 4481 3321 4552 ᾑρημένοι
3349 4482 3459 4550 γὰρ
3482 4482 3546 4533 τὸ
3577 4482 3673 4533 σέ-

2101 4571 2202 4633 ϐας
2231 4571 2549 4639 ἐπιδιδόναι,
2598 4571 2691 4623 καὶ
2718 4570 2910 4625 τούτου
2959 4572 3024 4640 δὴ
3067 4571 3307 4639 μάλιστα
3342 4570 3669 4641 προύνόουν,

2100 4664 2240 4717 ὥστε
2271 4664 2347 4734 μὴ
2376 4664 2453 4726 ὠς
2488 4663 2647 4732 ἔτυχέ
2679 4679 2826 4726 τινας
2862 4663 2967 4716 ὑπὸ
3009 4663 3278 4717 Ἰουδαίων
3317 4662 3667 4731 ἐφέλκεσθαι.

2100 4757 2168 4823 τῇ
2201 4754 2244 4805 δ’
2267 4754 2460 4823 ἀληθεῖ
2499 4754 2798 4823 Ἐκκλησία
2836 4752 3218 4821 ταμιεύεσθαι,
3258 4753 3351 4804 καὶ
3382 4753 3499 4805 ὅσοι
3530 4753 3667 4811 τέως

2100 4846 2158 4896 ὲν
2188 4845 2400 4897 ἐλπίσιν
2429 4845 2569 4915 ἦσαν
2599 4842 3016 4913 χριστιανίζειν.
3056 4843 3120 4895 Ἡ
3145 4843 3253 4912 γὰρ
3276 4842 3384 4894 τῶν
3410 4844 3671 4910 Χριστια-

2101 4937 2207 4989 νῶν
2243 4938 2506 5007 θρησκεία
2545 4938 2602 5002 ἐξ
2650 4935 2920 5004 Ἐλλήνων
2953 4934 3154 5001 μᾶλλον
3186 4935 3286 5003 τὴν
3320 4934 3560 4986 ἐπίδοσιν
3586 4930 3667 4983 εἷ-

2100 5045 2215 5098 χεν.
2248 5030 2321 5082 Οὐ
2360 5030 2467 5099 μὴν
2494 5030 2549 5082 δὲ
2578 5028 2716 5082 ἀλλὰ
2747 5028 2815 5081 τὰ
2846 5027 3040 5095 πρῶτα
3082 5028 3248 5094 ἀθιγῆ
3283 5026 3381 5094 τὴν
3407 5023 3668 5094 πατρῴαν

2099 5120 2257 5185 δόξαν
2290 5123 2338 5175 οἱ
2369 5121 2556 5182 παῖδες
2586 5121 3001 5174 Κωνσταντίνου
3035 5117 3295 5188 ἀσφαλῶς
3325 5117 3625 5185 ἐφρούρουν
3645 5128 3665 5143 °

2101 5213 2195 5264 καὶ
2230 5212 2398 5280 ἄμφω
2426 5209 2536 5280 γὰρ
2587 5209 2838 5279 διάπυροι
2887 5210 3171 5261 ἐπαινέται
3226 5206 3323 5274 τῆς
3356 5191 3414 5258 ἐν
3462 5206 3668 5275 Nimio.

2102 5304 2339 5365 πίστεως
2391 5303 2543 5365 ὄντες
2579 5303 2898 5371 ἐτύγχανον.
2935 5301 3048 5353 Καὶ
3099 5302 3360 5360 Κώνστας
3406 5300 3509 5368 μὲν
3536 5298 3664 5367 ἄχρι

2101 5395 2288 5457 τέλους
2321 5396 2379 5445 ὲν
2407 5394 2580 5465 ταύτῃ
2617 5396 2953 5462 παρέμεινεν
2978 5406 2994 5422 °
3027 5394 3054 5444 ὁ
3097 5391 3153 5443 δέ
3188 5406 3253 5460 γε
3288 5390 3664 5449 Κωνστάντιος

2104 5487 2267 5555 μέχρι
2304 5488 2404 5555 μέν
2433 5503 2575 5549 τινος
2615 5486 2849 5548 ἐκείνοις
2892 5485 3098 5549 εἵπετο,
3154 5483 3436 5536 εἰσέπειτα
3465 5481 3520 5533 δὲ
3566 5480 3664 5548 τῆς

2103 5577 2194 5631 τοῦ
2230 5576 2513 5647 ὀμοουσίου
2567 5577 2933 5648 σαλευομένης
2981 5576 3203 5642 λέξεως,
3237 5574 3437 5644 μικρόν
3485 5588 3537 5623 τι
3566 5571 3667 5638 τῆς

508 5748 585 5813 (li
616 5748 960 5805 Constantini
1025 5753 1060 5806 l.
1093 5752 1250 5806 unica
1287 5758 1392 5806 cst.
1438 5745 1503 5802 C.
1531 5747 1608 5803 Nc
1678 5744 1968 5801 Christian.
2006 5741 2260 5811 ntancip.,
2326 5741 2364 5794 l.
2408 5740 2510 5795 Deo
2567 5719 2827 5810 noois,'§.
2875 5738 2967 5794 His
3017 5739 3090 5792 ita
3135 5734 3423 5804 dispositis.
3471 5730 3535 5786 C.
3591 5727 3667 5813 9e

438 5821 605 5888 episc.
664 5830 719 5873 et
750 5820 881 5874 cler.
