3988 6190
281 298 384 364 309

1204 302 1812 364 ECCLESIASTICAZ
1854 307 2252 368 HiSTORI/E
2296 311 2437 373 LIB.
2490 311 2586 373 ΙΧ.

3420 313 3525 379 310

280 411 503 479 γνώμης
530 409 699 479 ἑσύρη
722 427 735 440 ·
767 410 843 462 οὐ⁷
864 410 970 480 μὴν
997 410 1071 474 ὡς
1100 412 1306 467 ἐπίπαν
1330 414 1622 485 ἀπέσχετο,
1656 418 1733 485 μὴ
1753 418 1847 470 καὶ

1954 432 2083 473 vero
2109 418 2427 488 aliquandiu
2456 435 2574 474 eam
2601 429 2844 484 secutus,
2876 426 3061 489 postea
3081 418 3173 472 τοῦ
3202 421 3514 489 ὀμοουσίουο

280 502 367 551 τὶν
402 500 527 552 Υίδν
569 501 759 568 ὅμοιον
784 500 928 553 κατὰ
967 501 1067 571 τὴν
1100 503 1287 556 οὐσίαν
1317 505 1393 574 τῷ
1424 507 1596 575 Πατρὶ
1624 507 1851 577 διαρρή-

282 591 379 658 δην
415 590 835 661 ἀνακηρύττειν.
877 593 939 644 Οί
986 594 1084 662 μὲν
1114 594 1222 664 γὰρ
1260 596 1405 665 ἀμφὶ
1452 597 1542 650 τὸν
1592 596 1850 651 Εὖσέὅιον

280 682 672 751 Νικομηδείας,
702 684 799 737 καὶ
828 684 975 737 ἄλλοι
1024 685 1132 738 τῶν
1173 688 1273 740 ἀνὰ
1305 689 1403 757 τὴν
1448 689 1522 742 ’ἐω
1556 690 1853 758 τηνικαῦτα

278 778 613 841 ἐπισκόπων,
664 779 757 829 ὲπί
789 796 847 831 τε
903 783 1068 851 ἀρετῇ
1106 764 1207 835 καί⁸
1252 783 1434 850 λόγοις
1470 784 1530 837 τὸ
1581 786 1850 855 ἐπίσημον

281 874 714 942 κεκληρωμένοι,
761 877 1025 947 διαφοράν
1070 879 1216 949 ἔχειν
1278 882 1598 951 εῑσηγοῦντο
1629 874 1688 936 τὸ
1718 885 1851 952 ὁμο-

284 964 460 1016 οὑσιον
515 965 717 1030 λέγειν,
755 968 849 1021 καὶ
904 971 1027 1021 κατ’
1057 972 1248 1024 οὐσίαν
1299 973 1508 1039 ὅμοιον,
1562 974 1590 1026 ὃ
1643 976 1705 1046 δὴ
1754 976 1851 1029 καὶ

281 1058 619 1123 ὁμοιοοὺσιον
665 1057 876 1139 ελεγον.
918 1061 1040 1115 Ἐπὶ
1082 1063 1192 1133 γὰρ
1241 1064 1511 1132 σωμάτων
1548 1066 1725 1134 μόνων
1755 1081 1851 1119 κυ-

285 1148 413 1216 ρίως
446 1149 738 1202 ὖπετίθουν
773 1152 834 1205 τὸ
859 1152 1144 1221 ὁμοούσιον
1170 1172 1185 1187 ο
1222 1156 1297 1218 ὡς
1350 1159 1482 1226 φέρε
1531 1160 1725 1223 εἰπεῖν,
1761 1161 1850 1212 ἐπ’

281 1239 586 1307 ἀνθρώπων
617 1242 713 1294 καὶ
738 1243 943 1297 λοιπῶν
976 1245 1153 1311 ζώων,
1182 1247 1262 1299 ἔτι
1286 1248 1343 1300 δὲ
1373 1251 1466 1301 καὶ
1493 1248 1723 1319 δένδρων
1756 1250 1852 1302 καὶ

279 1331 485 1397 φυτῶν,
541 1329 622 1395 οἷς
671 1337 942 1404 ἆπασινὴ
995 1324 1254 1406 μετουσία
1308 1341 1400 1391 καὶ
1448 1342 1479 1407 ἡ
1542 1343 1757 1407 γένεσις
1792 1342 1853 1407 ἐξ

278 1423 466 1489 ὁμοίου
500 1424 637 1477 ἐστί.
676 1426 749 1478 Τὸ
776 1425 821 1478 δ’
867 1429 1206 1495 ὁμοιοούσιον
1257 1431 1350 1483 ἐπὶ
1379 1432 1489 1483 τῶν
1518 1434 1673 1495 ἐκτὸς
1718 1433 1851 1503 ὕλης

277 1513 479 1580 χρῆναι
523 1516 742 1582 ἔλεγον·
795 1512 906 1571 οἷον
943 1520 1034 1570 ἐπὶ
1082 1519 1219 1574 Θεοῦ
1261 1521 1357 1573 καὶ
1393 1524 1678 1589 ἀγγέλων·
1719 1524 1850 1577 ἕκα-

278 1622 401 1656 στον
433 1607 543 1672 γὰο
573 1608 777 1661 τούτων
811 1611 947 1679 πρὸς
994 1612 1187 1665 ἑαυτὸν
1223 1615 1516 1682 νοούμενον
1560 1617 1682 1669 κατ’
1714 1616 1850 1670 ίδίλν

278 1693 591 1762 ὑφέστηκεν
618 1712 631 1724 ·
663 1696 723 1760 ἐξ
768 1690 843 1749 ὧν
873 1699 966 1750 καὶ
1022 1700 1406 1761 Κωνστάντιος
1445 1704 1847 1771 παραγόμενος,

275 1786 347 1846 ὡς
373 1786 549 1852 ἔοικε,
584 1787 868 1859 παρεσύρη
905 1792 1316 1859 μεταπεισθεξς.
1348 1794 1455 1846 Καί
1484 1811 1573 1860 γε,
1598 1796 1672 1857 ὡς
1703 1796 1854 1849 eiad-

276 1876 387 1938 ζειν
422 1895 519 1944 μοι
554 1878 757 1946 ἔπεισι,
788 1882 932 1934 κατά
957 1882 1201 1936 διάθεσίν
1228 1902 1287 1937 τε
1319 1882 1414 1941 καὶ
1442 1888 1667 1957 γνώμην
1694 1890 1855 1957 ὅμοια

275 1968 364 2018 καὶ
394 1962 561 2030 οὗτος
588 1967 665 2038 τῷ
699 1971 867 2041 πατρὶ
894 1976 987 2026 καὶ
1024 1974 1274 2045 τάδε).φῴ
1304 1977 1547 2045 ἐφρόνει.
1591 1978 1855 2047 Ἀμείψας

273 2056 327 2108 δὲ
353 2060 412 2109 τὶ
455 2060 646 2126 ῥητὸν,
684 2060 832 2113 οὐδὲν
864 2064 1204 2132 ἁμαρτάνειν
1240 2071 1365 2135 περὶ
1394 2067 1453 2118 τὸ
1503 2067 1664 2128 σέὅας
1694 2066 1853 2137 ᾤετο,

272 2148 389 2200 ἀντὶ
418 2151 720 2217 ὁμοουσὶου
759 2151 1097 2220 ὁμοιοοόσιον
1131 2156 1331 2222 λέγων.
1365 2159 1429 2209 Ὀ
1459 2158 1521 2228 δὴ
1574 2161 1686 2221 τοῖς
1731 2160 1854 2212 τότε

274 2240 698 2306 εἱς-χγουμένοις
730 2243 954 2311 ἄμεινον
1000 2246 1093 2296 καὶ
1127 2247 1525 2316 ἀκριϐέστερον
1566 2245 1708 2303 εἶναι
1738 2250 1869 2303 ὲδόι

273 2346 352 2381 κει
380 2345 394 2359 ’
426 2331 778 2400 ίσχυρξςοντο
807 2334 935 2405 γὰρ,
959 2336 1034 2398 ὡς
1063 2337 1116 2389 εἴ
1146 2354 1232 2400 τις
1264 2339 1340 2408 μὴ
1370 2339 1514 2392 οὕτω
1536 2340 1719 2409 λέγοι,
1738 2358 1857 2393 κιν-

271 2418 522 2471 δυνεύειν
562 2421 745 2474 λοιπὸν
797 2426 957 2493 σῶμα
994 2426 1056 2478 τὸ
1094 2424 1387 2495 ἀσώματον
1433 2428 1529 2480 καὶ
1578 2429 1760 2497 λέγειν
1793 2446 1851 2482 τε

256 2511 363 2563 ικαὶ
394 2516 570 2566 νοεῖν.
609 2515 787 2585 Ὅπερ
818 2516 1076 2585 εὐηθείας
1123 2519 1434 2587 ἀνάμεστον
1466 2520 1545 2585 ὃν,
1581 2524 1692 2585 τοῖς
1726 2522 1854 2574 πολ-

272 2600 378 2662 λοῖς
413 2602 833 2669 καταγέλαστον
866 2601 1009 2659 εἶναι
1043 2607 1240 2660 ἐδόκει.
1269 2608 1517 2663 Συνιέναι
1549 2610 1656 2680 γὰρ
1685 2612 1851 2682 ἐχρῆν

273 2692 345 2756 ὡς
375 2700 445 2747 τὰ
482 2701 597 2752 των
628 2699 837 2767 νοητῶν
868 2699 1109 2769 ὀνόματα
1139 2703 1203 2755 ὲκ
1229 2702 1339 2757 τῶν
1380 2705 1723 2773 φαινομένων
1752 2707 1852 2776 τὴν

275 2788 590 2859 μετάληψιν
638 2790 845 2860 έχουσι.
904 2794 1061 2857 Heio;
1100 2794 1144 2847 δ’
1176 2794 1243 2848 ἂν
1292 2796 1538 2861 κίνδυνος
1580 2799 1638 2852 ὲν
1676 2798 1851 2863 λέξεσι

274 2882 516 2945 γένοιτο,
548 2881 823 2952 μηδεμιᾶς
847 2884 1124 2953 ἁμαρτίας
1170 2888 1300 2957 περὶ
1329 2887 1428 2958 τὴν
1466 2887 1673 2941 ἔννοιαν
1711 2906 1854 2957 γινο-

277 2968 495 3037 μένηςς
541 2970 823 3023 Ἐντεῦθεν
873 2974 1366 3044 τεκμηριώσασθαι
1393 2975 1571 3030 ἔπεισί
1622 2994 1713 3043 μοι
1755 2978 1853 3031 xui.

1956 510 2468 574 consubstantialis,
2505 512 2673 566 verbo
2696 512 2897 581 passim
2941 513 3169 581 jactato,
3203 509 3521 578 aliquantu-

1954 600 2068 651 lum
2116 599 2184 652 de
2225 601 2500 654 sententia
2537 616 2635 654 sua
2668 601 2877 658 cessit:
2915 616 3024 655 non
3060 600 3153 654 ille
3184 598 3412 668 quidem
3446 597 3520 652 ita

1955 705 2184 759 prorsus
2228 692 2297 744 ab
2332 706 2397 744 ea
2434 691 2766 756 desciscens,
2812 701 2872 746 ut
2903 707 3015 747 non
3047 691 3246 746 Filium
3279 689 3520 744 similem

1953 783 2260 834 secundum
2312 781 2675 835 substantiam
2718 781 2866 835 Patri
2917 790 3103 850 aperte
3142 781 3518 849 proﬁteretur.

1955 872 2062 928 Sed
2105 870 2379 926 Eusebius
2408 872 2863 935 Nicomediensis,
2889 883 2945 926 et
2974 872 3062 926 alii
3095 876 3215 942 ejus
3249 871 3515 941 temporis

1953 963 2258 1019 Orientales
2306 965 2585 1034 episeOpi,
2618 964 2824 1020 virtute
2863 975 2918 1020 et
2957 965 3209 1020 doctrina
3268 981 3523 1035 magnam

1958 1053 2187 1121 gloriam
2221 1055 2528 1118 consecuti,
2561 1053 2785 1108 diﬂ‘erre
2820 1054 3130 1109 locutiones
3160 1054 3258 1109 has
3301 1068 3522 1108 asseve-

1954 1142 2168 1209 rabant,
2227 1144 2287 1195 τὸ
2343 1143 2634 1213 ὁμοούσιον
2662 1184 2677 1209 ,
2706 1144 3203 1210 consubstantialc,
3247 1155 3300 1198 et
3342 1143 3522 1197 simile

1952 1234 2252 1289 secundum
2290 1234 2738 1297 substantiam,id
2775 1235 2920 1304 quod
2952 1235 3116 1289 etiam
3151 1234 3515 1303 ὁμοιοούσιον,

1952 1327 2130 1382 simile
2160 1326 2466 1380 substantia
2486 1366 2501 1390 ,
2539 1326 2821 1381 dicebant.
2855 1328 3239 1396 Subjiciebant
3262 1340 3518 1394 namque,

1951 1418 2261 1489 ὀμοούσιον,
2285 1418 2777 1483 consubstantiale,
2810 1420 3033 1489 proprie
3063 1419 3130 1473 de
3156 1420 3293 1473 solis
3323 1431 3523 1486 corpu--

1952 1510 2113 1564 ribus
2143 1509 2279 1572 diei,
2316 1518 2510 1577 utputa
2542 1509 2611 1563 de
2643 1509 2964 1564 hominibus
2989 1519 3047 1564 et
3075 1510 3198 1563 aliis
3230 1508 3522 1562 animanti-

1952 1596 2081 1663 bus,
2108 1599 2240 1652 item
2277 1596 2345 1652 de
2374 1597 2668 1651 arboribus
2696 1606 2751 1652 et
2777 1598 2996 1666 plantis,
3030 1598 3234 1667 quibus
3263 1596 3523 1650 onmibus

1952 1688 2375 1743 communicatio
2388 1698 2443 1742 et
2457 1689 2736 1758 generatio
2754 1704 2821 1742 ex
2839 1689 3002 1743 simili
3022 1698 3107 1742 est
3125 1706 3140 1743 :
3159 1686 3520 1757 ὀμοιοούσιον,

1956 1780 2133 1834 simile
2155 1780 2492 1847 substantia,
2526 1789 2733 1845 autem,
2767 1782 2836 1835 de
2869 1782 3036 1836 rebus
3067 1780 3294 1835 materia
3330 1794 3524 1833 caren-

1959 1871 2105 1924 tibus
2143 1871 2393 1939 usurpari
2437 1871 2643 1925 debere
2688 1871 2966 1937 dicebant,
3004 1871 3178 1925 veluti
3220 1868 3289 1923 de
3324 1869 3435 1922 Deo
3465 1876 3519 1920 et

1956 1962 2211 2030 angelis:
2246 1963 2439 2016 horum
2491 1963 2639 2018 enim
2679 1963 2990 2032 quodlibet,
3040 1963 3083 2015 si
3134 1976 3231 2031 per
3280 1960 3519 2031 seipsunt

1957 2060 2140 2106 mente
2171 2062 2227 2107 et
2266 2053 2625 2123 intelligentia
2660 2055 2791 2123 quis
2835 2052 3262 2123 contempletur,
3312 2065 3413 2120 pro
3463 2063 3522 2103 se

1955 2144 2184 2198 seorsim
2250 2144 2535 2199 subsistat.
2599 2144 2811 2211 Quibus
2872 2145 3092 2209 verbis,
3152 2153 3212 2196 ut
3278 2140 3519 2202 videtur.

1955 2233 2315 2290 Constantius
2365 2236 2651 2301 seductus,
2684 2246 2742 2290 et
2782 2236 2943 2289 aliter
2979 2249 3141 2304 quam
3193 2241 3353 2285 antea
3397 2243 3520 2298 per-

1956 2343 2174 2393 suasns,
2211 2329 2552 2398 aliquantum
2584 2327 2949 2383 transversim
2994 2336 3078 2380 est
3126 2333 3304 2378 actus.
3342 2321 3523 2388 Atque

1955 2423 2235 2491 equidem,
2287 2430 2551 2491 quantum
2598 2421 2857 2489 coniicio,
2903 2418 3089 2473 animo
3135 2425 3190 2470 et
3241 2411 3521 2468 sententia

1956 2514 2099 2568 idem
2134 2515 2179 2567 is
2209 2529 2334 2568 cum
2367 2523 2522 2584 patre
2563 2521 2619 2567 et
2656 2513 2825 2567 fratre
2865 2510 3076 2573 sensit;
3114 2509 3284 2562 verbo
3328 2513 3517 2557 autem

1955 2614 2165 2660 mutato
2199 2606 2427 2660 minime
2471 2619 2530 2660 se
2579 2603 2634 2657 in
2675 2604 2898 2673 pietatis
2936 2601 3089 2655 cultu
3124 2598 3237 2653 labi
3281 2594 3520 2666 putavit,

1953 2697 2207 2752 videlicet
2239 2696 2282 2750 si
2314 2709 2411 2765 pro
2438 2694 2747 2764 ὁμοουσίου,
2781 2688 3255 2752 consubstantiali,
3277 2684 3526 2755 ὁμοιοούο

1956 2808 2090 2857 σιον,
2114 2788 2291 2845 simile
2320 2774 2649 2853 substantia,
2697 2787 2926 2840 diceret.
2958 2782 3113 2851 Quod
3143 2794 3273 2837 sane
3306 2777 3388 2833 eis
3427 2774 3556 2848 quL

1956 2882 2010 2937 id
2055 2881 2385 2945 aﬂ‘erebant,
2426 2878 2632 2933 rectius
2673 2877 2994 2944 certiusque
3036 2888 3162 2927 esse
3192 2870 3380 2925 visum
3412 2874 3519 2921 est.

1941 2972 2312 3029 'Aﬂirmabant
2357 2984 2617 3038 namque,
2669 2967 2774 3021 nisi
2826 2965 2951 3035 quis
2995 2964 3102 3018 hoc
3149 2962 3231 3017 sic
3278 2960 3513 3022 diceret,

275 3060 361 3111 τὸν
390 3060 574 3114 πολὺν
606 3061 663 3113 ὲν
691 3062 939 3134 θεολογίᾳ
970 3065 1269 3137 Γρηγόριον
1299 3070 1356 3121 ἐν
1400 3071 1512 3132 τοῖς
1541 3071 1682 3124 κατά
1719 3070 1851 3124 Ἴου·-

1956 3062 2262 3133 perieulum
2295 3060 2494 3115 deinde
2533 3073 2679 3123 esse,
2716 3073 2785 3113 ne
2833 3069 3035 3125 corpus
3065 3067 3193 3108 esse
3242 3049 3389 3120 quod
3429 3049 3519 3101 in-

212 3160 233 3171 ‘
274 3150 461 3202 λιανοῦ
496 3151 949 3220 στηλιτευτικοῖς,
982 3154 1105 3208 ὅλον
1136 3157 1244 3209 τῶν
1281 3159 1518 3212 ἐπαίνων
1554 3161 1851 3213 Κωνσταν-

275 3240 386 3291 τῖον
426 3243 751 3310 γενόμενον,
784 3244 1118 3313 ὑπερφυέσιν
1152 3248 1449 3318 ἐγκωμίοις
1483 3251 1726 3319 στέφειν,
1757 3250 1853 3303 καὶ

276 3332 334 3381 τὸ
365 3332 603 3395 εὐσεϐὲς
634 3334 1029 3404 ἀνακηρύττειν
1063 3338 1228 3391 αὑτοῦ
1251 3355 1264 3369 ·
1293 3339 1369 3404 ὡς
1420 3341 1513 3393 καὶ
1553 3341 1853 3409 ἀγγελικάς

276 3423 547 3492 δυνάμεις
580 3427 958 3495 προαγόμενον
994 3432 1342 3501 προπέμπειν
1378 3434 1565 3499 αὑτὸν,
1595 3437 1687 3487 καὶ
1718 3435 1855 3500 ξενι-

276 3511 508 3576 ζοὺσαις
538 3516 819 3585 γεραὶρειν
850 3518 1035 3589 ᾠδαῖς,
1060 3521 1134 3601 ᾡς
1168 3523 1226 3574 ὲν
1250 3522 1327 3592 τῷ
1359 3524 1556 3593 πέρατι
1587 3524 1677 3577 τοῦ
1711 3542 1855 3596 παρ⁴

278 3607 427 3668 όντος
500 3610 671 3677 τόμου
715 3611 1113 3683 διαληψόμεθα.
1148 3617 1470 3686 Θαυμαστὸν
1522 3617 1578 3670 δὲ
1611 3618 1762 3671 οὐδὲν
1804 3621 1854 3672 εί

281 3697 546 3763 βασιλεὺς
591 3701 721 3770 περὶ
753 3705 1056 3774 πράγματα
1090 3707 1190 3778 τὴν
1227 3708 1428 3779 σχολὴν
1468 3708 1627 3778 ἔχων,
1671 3727 1852 3778 παρα-

279 3789 540 3853 πεισθεὶς
596 3794 695 3862 τὴν
723 3794 870 3860 λέξιν
920 3800 1275 3869 προσήκατο·
1320 3803 1452 3853 ὅπου
1497 3818 1559 3868 γε
1598 3805 1692 3855 καὶ
1745 3803 1854 3855 τῶν

278 3886 542 3956 τηνικάδε
599 3888 807 3956 ἱερέωνκ
845 3889 1052 3955 πολλοὶ,
1101 3892 1240 3943 κατὰ
1291 3893 1527 3945 διάνοιαν
1570 3896 1854 3961 σύμφωνοι

277 3978 439 4039 ὄντες
478 3978 555 4046 τῷ
601 3981 744 4032 κατὰ
778 3980 1013 4033 Νίκαιαν
1038 3982 1290 4049 δόγματι,
1335 3984 1456 4051 δίχα
1501 3984 1642 4046 τινὸς
1679 3985 1853 4054 ἔριδος

277 4068 378 4138 τὴν
410 4067 564 4134 λέξιν
596 4069 784 4133 ἁπλῶς
832 4071 1157 4142 ἐξεδέχοντο.
1198 4074 1380 4126 ’Ἄλλοι
1422 4076 1591 4144 μηδὲν
1626 4093 1678 4127 τι
1725 4078 1852 4145 περὶ

279 4159 610 4228 ἀμφοτέρας
641 4161 946 4226 ἐννοοῦντες
978 4164 1203 4232 φαῦλον,
1235 4166 1328 4217 ἐπὶ
1352 4166 1451 4234 μιᾷ
1484 4166 1730 4234 σημασίᾳ
1756 4166 1854 4235 τῆς

279 4249 547 4311 εὐσεϐῶς
576 4252 812 4315 διανοίας
874 4254 1133 4324 ἐχρῶντο.
1188 4254 1273 4315 Ὠς
1320 4244 1581 4309 Ἐντεῦθεν
1626 4258 1857 4323 συνάγε-

283 4339 409 4393 σθαι
476 4343 673 4404 ἐκεῖνο,
714 4342 1057 4414 κομψότητος
1114 4348 1213 4416 μὲν
1244 4348 1498 4415 ἔμπλεων
1540 4344 1699 4409 εἰναι,
1732 4349 1760 4401 ὃ
1802 4350 1851 4400 οἱ

1957 3168 2286 3224 corporeum
2337 3161 2422 3207 est
2461 3163 2517 3206 et
2547 3154 2757 3207 diceret
2800 3162 2852 3205 et
2889 3149 3141 3203 sentiret.
3184 3144 3242 3199 ld
3285 3157 3417 3197 sane
3459 3149 3521 3195 ut

1956 3240 2301 3310 stnpiditatis
2354 3241 2598 3310 plenum,
2629 3240 2820 3294 multis
2870 3238 3164 3293 ridiculum
3201 3235 3379 3289 visum
3411 3238 3517 3286 est.

1955 3331 2225 3388 Caeterum
2283 3332 2414 3386 illud
2465 3347 2560 3386 eos
2600 3333 2747 3386 scire
2783 3311 3095 3400 oportebat,
3122 3326 3269 3397 quod
3307 3338 3512 3392 rerum.

1955 3443 2091 3496 quas
2119 3436 2301 3480 mente
2351 3435 2405 3479 et
2456 3425 2813 3493 intelligentia
2845 3420 3305 3489 contemplemur,
3340 3414 3521 3469 nomi-

1957 3535 2025 3573 na
2056 3535 2086 3571 τι
2116 3520 2279 3572 rebus
2338 3518 2736 3586 apparentibus
2763 3530 2859 3584 per
2894 3508 3386 3578 transumptionem
3426 3520 3525 3560 ne-

1956 3611 2200 3666 cessario
2240 3610 2612 3678 accipiuntur.
2668 3606 2823 3671 Quod
2878 3620 3011 3657 vero
3059 3610 3241 3672 potest
3290 3613 3411 3654 esse
3464 3600 3520 3651 in

1958 3702 2281 3757 nominibus
2314 3700 2642 3770 periculum,
2673 3714 2801 3752 eum
2833 3698 2887 3750 in
2924 3696 3041 3765 ipsa
3068 3693 3428 3763 intelligentia
3464 3700 3521 3744 et

1959 3806 2144 3848 mente
2192 3794 2375 3846 nullus
2402 3792 2474 3845 sit
2502 3792 2690 3860 lapsus
2712 3799 2767 3844 et
2805 3787 3001 3843 error?
3025 3786 3153 3839 lnile
3185 3787 3354 3839 etiam
3383 3798 3519 3837 con-

1953 3885 2129 3955 jicere
2157 3894 2261 3945 es‘l,
2291 3898 2546 3951 magnum
2597 3882 2750 3935 illum
2783 3880 2836 3933 in
2869 3877 3138 3945 theologia
3166 3876 3518 3944 Gregorium,

1958 3978 2011 4031 in
2044 3976 2158 4030 suis
2189 3974 2242 4027 in
2273 3974 2549 4028 lulianum
2575 3972 2864 4026 invectivis
2897 3969 3267 4028 orationibus,
3304 3966 3433 4020 dum
3462 3969 3516 4020 in

1960 4066 2237 4123 laudando
2277 4065 2602 4121 Constantio
2638 4075 2787 4118 totus
2818 4072 2924 4126 est,
2955 4077 3064 4115 non
3099 4059 3296 4124 injuria
3328 4058 3522 4111 mirill-

1958 4163 2041 4218 eis
2083 4177 2208 4215 eum
2258 4174 2455 4213 ornare
2502 4156 2817 4226 praeconiis,
2860 4154 3233 4225 pietatemque
3283 4152 3402 4221 ejus
3444 4151 3522 4203 ita

1956 4254 2353 4325 depraedieare,
2406 4261 2466 4305 ut
2523 4252 2696 4313 illum,
2752 4265 2785 4304 a
2833 4257 3010 4302 morte
3057 4246 3267 4300 scilicet
3313 4242 3520 4313 produ-

1956 4360 2130 4413 ctum,
2167 4346 2424 4415 angelicae
2477 4344 2640 4399 etiam
2683 4345 2912 4397 virtutes
2945 4340 3228 4409 stipantes,
3256 4339 3521 4404 novisque

284 4430 414 4497 περὶ
450 4427 671 4496 Ἀρειον
702 4431 795 4482 ὲπί
830 4433 909 4500 τῷ
955 4433 1203 4503 σςετὲρῳ
1231 4435 1393 4500 δῆθεν
1438 4435 1586 4504 καλῴ
1620 4436 1852 4488 ἀνεπλά-

1956 4450 2010 4494 ct
2052 4438 2392 4493 admirandis
2421 4437 2758 4490 honorantes
2790 4432 3153 4495 carminibus,
3185 4432 3297 4484 sint
3328 4445 3515 4498 prose-

284 4533 491 4571 σαντο⁶
523 4520 622 4573 καὶ
651 4522 758 4590 γάρ
806 4539 934 4590 φασι
976 4525 1115 4592 μετὰ
1154 4526 1251 4596 τὴν
1280 4526 1388 4577 τῶν
1430 4525 1535 4595 τιη’
1577 4527 1850 4596 θεοφόρων

286 4610 551 4678 Ματέρων
609 4612 926 4666 συνέλευσιν
973 4615 1155 4668 πολλοί
1225 4619 1333 4670 τῶν
1387 4619 1723 4681 ἐπισκόπων,
1777 4611 1852 4671 ὧν

287 4701 379 4752 καὶ
412 4701 671 4763 Εὐσέϐιος
700 4696 843 4772 ἦσαν
871 4704 964 4756 καὶ
1009 4704 1287 4772 Θεογόνιος
1322 4709 1371 4759 οἱ
1407 4708 1641 4771 Βιθυνοὶ,
1676 4708 1854 4761 οὐκέτ’

284 4792 478 4861 ᾒθελον
507 4794 691 4863 λέγειν
739 4796 1025 4862 ὁμοούσιον
1072 4795 1213 4851 εἶναι
1249 4799 1324 4870 τῷ
1356 4802 1530 4868 Ilath
1559 4801 1651 4854 τὸν
1699 4800 1851 4867 Υίδν,

283 4884 381 4935 καὶ
416 4883 585 4937 ταῦτα
614 4886 1143 4955 καθυπογράψαντες
1169 4906 1184 4919 ·
1206 4884 1287 4952 οἷς
1312 4891 1622 4960 χαλεπήνας
1639 4893 1666 4943 ὁ
1694 4892 1850 4944 Κων-

285 4978 586 5039 σταντῖνος,
629 4977 957 5046 ὑπερορίους
984 4979 1179 5034 ἐποίει.
1210 4982 1382 5050 Ὄναρ
1408 4981 1464 5033 δὲ
1496 4984 1572 5051 τῇ
1593 4980 1686 5034 τοῦ
1719 4997 1853 5050 κραν-

284 5064 506 5127 τοῦντος
545 5067 748 5136 ἀδελφῇ
787 5070 971 5120 θεόθεν
1001 5071 1222 5140 χρῆσαι,
1269 5070 1342 5133 ὼς
1373 5071 1571 5134 ἀδίκως
1603 5074 1850 5139 ἐγένοντο

289 5158 585 5226 ὑπερόριοι,
617 5158 796 5229 ὀρθῶς
822 5146 1137 5226 δοξάζοντες
1165 5164 1294 5233 περὶ
1322 5163 1414 5216 τοῦ
1442 5164 1597 5221 Θεοῦ.
1637 5165 1848 5216 Ἐντεῦ-

284 5246 451 5298 θενδ’
502 5250 729 5301 ἐκείνων
783 5253 1259 5320 μετακληθέντων,
1313 5253 1530 5323 ἔρεσθαι
1569 5255 1661 5307 τὸν
1713 5272 1848 5323 κρα-

283 5338 502 5401 τοῦντα,
533 5340 661 5392 ὅτου
710 5342 869 5411 χάριν
901 5346 1052 5411 παρὰ
1105 5343 1172 5396 τὰ
1213 5345 1509 5414 δεδογμένα
1535 5348 1600 5416 τῇ
1644 5346 1848 5415 συνόδῳ

283 5430 567 5496 φρονοῦσι,
613 5432 913 5484 καὶταῦτα
973 5433 1258 5504 σύμψηφοι
1306 5438 1401 5487 καὶ
1447 5453 1595 5488 κοινο
1612 5438 1690 5489 vol
1720 5454 1850 5508 79;-

284 5520 393 5586 φῆς
428 5520 519 5571 καὶ
561 5520 671 5572 τῶν
701 5522 904 5575 λοιπῶν
936 5526 1073 5594 αὐτῇ
1115 5525 1418 5593 γεγονότες.
1450 5526 1591 5589 Τοῖς
1643 5529 1686 5579 δ’
1715 5529 1849 5580 ἀπο»

286 5610 602 5677 κρίνασθαι,
639 5614 713 5683 μὴ
749 5615 888 5667 κατὰ
934 5616 1158 5685 γνώμην
1196 5620 1307 5680 τοῖς
1354 5617 1691 5687 δεδογμένοις
1726 5638 1849 5671 συν-

289 5697 501 5753 θέσθαι.
534 5702 719 5767 Εἰσήει
748 5706 854 5770 γάρ
897 5708 1006 5771 δέος
1056 5713 1188 5773 ἡμῖν
1236 5712 1335 5763 οὐκ
1371 5710 1613 5774 ἔλαττον,
1642 5713 1842 5779 ἔλεγον,

1955 4539 2097 4584 cutae
2125 4547 2139 4582 :
2180 4529 2345 4583 sicuti
2373 4528 2427 4581 in
2453 4527 2560 4581 fuie
2589 4525 2718 4580 torni
2747 4525 2910 4592 hujus
2937 4538 3297 4590 exponemus.
3325 4519 3515 4586 Neque

1955 4622 2158 4675 mirum
2205 4620 2378 4673 videri
2431 4618 2620 4679 debet,
2655 4618 3044 4683 imperatorem
3096 4625 3279 4664 rerum
3334 4610 3516 4662 admi-

1953 4710 2283 4764 nistratione
2305 4716 2655 4776 occupatum,
2685 4719 3007 4772 magnorum
3038 4701 3320 4754 hominum
3347 4714 3515 4752 suasu

1951 4803 2185 4856 verbum
2218 4802 2323 4855 hoc
2350 4799 2679 4867 approbasse
2708 4812 2723 4850 :
2774 4793 2936 4864 730
2961 4791 3180 4861 quando
3210 4790 3368 4844 multi
3403 4800 3517 4842 tum

1952 4909 2023 4949 ex
2046 4892 2218 4947 sacris
2244 4893 2380 4946 viris
2410 4892 2593 4943 animo
2620 4902 2673 4942 et
2717 4885 2995 4941 sententia
3024 4885 3247 4938 Niczeno
3272 4881 3516 4952 dogmati

1955 4984 2343 5046 assentientes,
2368 4983 2504 5035 citra
2526 4978 2939 5035 contentionem
2954 4991 3172 5030 onmem
3191 4975 3516 5040 simpliciter

1956 5078 2007 5133 id
2036 5091 2259 5146 quoque
2286 5088 2567 5142 recepere.
2586 5070 2767 5140 Aliqui
2803 5081 2987 5124 autem
3021 5068 3156 5121 nihil
3194 5083 3421 5136 prorsus
3448 5067 3515 5119 de

1952 5180 2190 5238 utraque
2230 5167 2474 5221 dictione
2505 5170 2851 5234 snsmcantes
2881 5163 3117 5225 sinistri,
3155 5177 3264 5214 uno
3296 5159 3507 5213 eodem-

1954 5277 2061 5330 que
2100 5273 2264 5313 sensu
2301 5258 2403 5326 piae
2455 5257 2740 5310 sentcntiae
2789 5256 3116 5309 alterutrum
3151 5258 3508 5317 usnrjmmnt.

1950 5350 2106 5406 Unde
2134 5349 2267 5402 illud
2293 5349 2426 5402 satis
2448 5355 2683 5410 constat,
2704 5356 2974 5399 tumorem
3004 5358 3211 5395 nierum
3240 5340 3508 5393 etfastum

1949 5456 2091 5506 esse,
2143 5439 2288 5509 quod
2320 5439 2510 5492 Ariani
2562 5454 2663 5492 suo
2691 5438 2949 5491 videlicet
2977 5432 3267 5504 commodo
3298 5432 3511 5485 conlin-

1951 5546 2099 5584 xere.
2138 5532 2308 5584 Aiunt
2336 5530 2503 5592 enim,
2533 5539 2654 5597 post
2683 5539 3055 5582 trecentorum
3091 5526 3280 5579 decent
3307 5532 3361 5577 et
3386 5532 3512 5576 octo

1952 5632 2267 5675 sanctorum
2305 5622 2524 5675 Patrum
2563 5634 2915 5681 conventum,
2945 5620 3236 5687 episcopos
3287 5616 3510 5682 multos,

1951 5716 2005 5769 in
2040 5713 2238 5781 quibus
2266 5714 2431 5767 etiam
2466 5711 2731 5768 Eusebius
2762 5721 2818 5767 et
2842 5711 3120 5783 Theognis
3144 5710 3365 5781 Bithyni
3394 5708 3510 5765 iue-
