3988 6190
392 312 487 378 311

1655 307 2074 374 NICEPHORI
2119 310 2461 371 CALLISTI

3535 293 3647 366 3l2

394 427 530 488 rint,
580 428 823 486 noluisse
858 432 1057 488 Filium
1088 432 1381 502 ὁμοούσιον
1425 422 1954 482 consubstantialem
1988 464 1993 475 .

2107 419 2138 486 ἦ
2194 419 2373 491 ἔριδος
2427 425 2727 496 γενομένης
2791 429 3078 493 ἐντεῦθεν..
3135 429 3210 492 ὡς
3271 422 3499 496 ἀχρείου
3547 422 3647 475 τοῦ

396 519 545 574 Patri
581 521 785 585 dicere,
815 540 938 578 cum
976 525 1195 592 quidem
1247 522 1492 576 formnlm
1545 519 1664 573 fidei
1724 514 1966 571 subscri-

400 613 660 680 psissent.
695 615 906 680 Quibus
935 631 1266 669 succensens
1316 612 1735 673 Constantinus,
1770 607 1966 662 exsilio

398 721 499 760 eos
528 708 799 761 inartarit.
829 707 886 760 ln
930 709 1140 762 somnis
1180 717 1362 761 autent
1400 704 1752 774 imperatoris
1786 701 1962 755 sorori

399 799 668 851 divinitus
721 799 948 853 oraculo
993 808 1276 852 ostensmn
1324 815 1469 857 esse,
1505 797 1692 864 inique
1738 794 1861 847 illos
1911 793 1965 846 in

397 890 653 943 exsilium
711 901 887 956 actos,
933 891 1027 959 qui
1091 901 1240 945 recte
1281 891 1350 944 de
1416 891 1527 944 Deo
1580 888 1964 956 opinarentur.

393 981 576 1050 Atque
622 981 824 1037 deinde
854 992 1148 1037 revocatos
1171 998 1268 1037 eos
1298 982 1693 1050 imperatorem
1731 978 1970 1031 interro—

399 1089 579 1140 gassc,
619 1091 846 1128 «urnam
899 1078 969 1128 ita
1001 1075 1162 1128 aliter
1193 1089 1353 1142 qnam
1387 1070 1632 1142 synodus
1660 1068 1969 1126 statuisset.

401 1166 700 1229 sentirent,
719 1167 812 1237 qui
861 1167 1254 1236 suffragatores
1277 1174 1335 1219 ct
1363 1161 1660 1232 participes
1688 1160 1974 1230 scripturae

399 1272 698 1326 rerumque
731 1257 960 1311 aliarum
991 1257 1044 1310 in
1073 1271 1136 1309 ea
1168 1255 1424 1309 fuissent.
1477 1253 1655 1321 Atque
1718 1251 1849 1305 illos
1881 1265 1974 1304 re-

407 1350 725 1418 apondisse,
762 1366 870 1404 non
906 1366 969 1404 ex
994 1347 1164 1402 animi
1199 1347 1476 1401 sententia
1523 1360 1580 1399 se
1625 1343 1866 1398 decretis
1895 1343 1976 1398 eis

404 1443 728 1497 assensisse.
764 1443 1040 1496 Timorem
1087 1442 1235 1497 enim
1273 1456 1366 1496 eos
1401 1439 1691 1499 invasisse,
1743 1453 1812 1491 ne
1843 1453 1977 1492 con—

405 1533 650 1584 tentione
679 1549 740 1584 ea
769 1531 836 1585 de
864 1548 922 1586 rc
950 1541 1094 1594 orta,
1116 1531 1419 1599 imperator
1451 1529 1569 1598 ipse
1603 1543 1632 1580 a
1660 1525 1978 1581 Christiano

401 1621 655 1689 dogmate
683 1621 829 1675 velut
848 1621 1029 1674 inutili
1057 1630 1110 1674 et
1138 1629 1502 1673 controverso
1523 1616 1808 1678 deficeret,
1827 1623 1883 1668 et
1908 1610 1976 1666 ad

2069 513 2343 580 δόγματος
2397 518 2705 588 ἀπόσχηται
2752 524 2956 592 κράτος
2995 525 3056 576 τὸ
3091 523 3206 587 σὺν,
3237 521 3333 574 καὶ
3375 518 3512 589 πρὸς
3548 515 3652 587 τὴν

2071 608 2346 677 προτέραν
2405 611 2721 676 ἱπανέλθοις
2781 616 2989 680 πίστιν,
3047 615 3178 685 χθὲς
3235 612 3332 666 καὶ
3378 613 3653 681 πρότριτα

2069 701 2480 768 Χριστιανίζειν
2520 705 2863 776 ἀρξάμενος,
2896 709 2991 762 καὶ
3016 709 3074 761 ού
3107 708 3253 760 πάνυ
3283 706 3474 775 πόῤῥω
3501 701 3656 755 τελε-

2074 792 2222 856 σθεὶς
2251 793 2327 864 τῷ
2351 795 2712 866 βαπτίσματι,
2736 798 2975 867 διὼκτης
3002 799 3244 865 μάλιστα
3277 794 3656 866 μετατραπεὶς

2072 883 2273 952 γένοιο.
2313 888 2380 940 Ἀ
2405 887 2522 949 δῆτ’
2557 889 2868 943 ἀκούσαντα
2896 891 3332 948 Κωνσταντῖνον,
3359 885 3520 938 λῦσαι
3556 884 3658 950 μὲν

2073 975 2172 1046 τὴν
2227 978 2533 1049 ὑπερορίαν
2566 981 2820 1045 ἐκείνοις,
2857 981 3170 1050 συγγνῶναι
3205 979 3259 1031 δὲ
3310 977 3412 1047 τῆς
3443 978 3658 1029 οἰκονο-

2077 1071 2235 1136 μίαςο
2265 1069 2353 1122 διὰ
2390 1071 2622 1141 μελέτης
2655 1072 2703 1144 δέ
2724 1071 2870 1142 ἔχειν
2895 1073 3114 1126 σύνοδον
3134 1069 3411 1142 ἁθροίζειν
3437 1067 3657 1136 ἑτέραν.

2081 1159 2147 1212 Ὃ
2183 1159 2320 1230 δῆτα
2349 1161 2675 1231 βουλόμενον
2697 1163 2852 1234 δρᾷν,
2887 1164 3114 1233 ἀνέσχεν
3139 1165 3172 1233 ἡ
3205 1161 3456 1230 τελευτή.
3499 1161 3663 1212 Κων-

2079 1252 2310 1323 σταντίῳ
2348 1253 2642 1317 δὲ,ὼσανεὶ
2688 1256 3051 1327 πρεσϐυτέρῳ
3082 1255 3191 1308 τῶν
3226 1252 3460 1315 παίδων,
3490 1248 3663 1302 ἐντεί-

2077 1344 2270 1398 λασθαι
2307 1346 2478 1416 πέρας
2521 1347 2599 1418 τῷ
2655 1349 2843 1419 σκοπῷ
2881 1347 3199 1405 ἐπιθέσθαιο
3242 1345 3379 1416 μηδὲ
3432 1343 3542 1412 γὰρ
3593 1341 3664 1395 ἀν
3711 1349 3714 1351 ’

2077 1437 2178 1506 τὴν
2234 1439 2533 1510 θρησκείαν
2590 1441 2822 1511 ὠφελεῖν
2864 1442 3069 1510 ἔλεγεν,
3133 1442 3182 1493 εί
3226 1441 3300 1510 μὴ
3361 1437 3664 1506 σύμφωνος

2082 1532 2232 1601 παρά
2263 1533 2481 1586 πάντων
2515 1535 2627 1603 εἴη.
2663 1534 2768 1587 Τὸν
2797 1535 2854 1588 δὲ
2882 1535 2950 1588 τὰ
2992 1533 3349 1602 ἐντελλόμενοι
3378 1532 3457 1598 τῷ
3491 1528 3668 1598 πατρὶ

2085 1619 2160 1688 μὴ
2199 1620 2560 1690 παραὸαίνειν
2591 1621 2867 1687 ἐθέλοντα,
2917 1621 3016 1691 τὴν
3044 1623 3099 1675 ἐν
3145 1619 3410 1690 Ἀριμίνῳ
3445 1616 3668 1669 σύνοδον

402 1712 690 1781 pristinam
726 1713 1070 1766 relaberetur
1108 1712 1558 1781 superstitionem
1599 1727 1612 1762 :
1647 1709 1740 1777 qui
1769 1706 1886 1760 heri
1920 1714 1976 1761 et

2100 1713 2484 1783 συγκροτῆσαι.
2533 1714 2612 1767 Δι’
2645 1713 2704 1766 οὗ
2737 1714 2898 1780 λόγου
2929 1714 3164 1784 μάλιστα
3211 1711 3530 1780 εὐφώρατον
3554 1712 3670 1771 τοῖς

406 1805 839 1868 nudiustertius,
879 1815 939 1858 ut
986 1804 1208 1862 dicitur,
1245 1801 1597 1858 Christianus
1626 1815 1747 1854 esse
1775 1798 1974 1867 cuspis-

407 1904 511 1960 sct,
543 1905 598 1949 et
621 1912 726 1950 non
748 1897 821 1950 ita
840 1896 1055 1966 pridem
1078 1895 1352 1966 baptismo
1384 1895 1636 1949 initiatus
1660 1893 1856 1947 fuisset
1876 1892 1976 1960 (l),

408 1987 754 2057 proindcqne
805 1989 1040 2043 Consilio
1095 1999 1306 2042 mutato
1357 1995 1681 2056 persecutor
1711 1983 1984 2039 Christia-

409 2091 606 2129 norum
647 2078 820 2130 fieret.
848 2077 1061 2143 Quibus
1085 2079 1267 2132 verbis
1296 2076 1526 2138 auditis,
1558 2075 1981 2130 Constantinum

413 2170 667 2223 exsilium
702 2171 928 2238 quidem
967 2171 1074 2224 illis
1102 2170 1405 2233 remisisse,
1437 2170 1822 2238 rationemque
1853 2182 1987 2221 con-

417 2258 530 2311 silil
564 2268 618 2312 ct
652 2259 778 2314 facti
807 2275 998 2315 eorum
1028 2261 1422 2332 comprobasse
1452 2303 1466 2326 ,
1501 2261 1828 2314 meditatum
1854 2274 1986 2313 vero

415 2363 562 2411 esse,
598 2362 656 2402 ut
689 2351 962 2420 synodum
995 2352 1158 2406 aliam
1201 2361 1440 2422 cogeret.
1493 2354 1670 2421 Atque
1701 2351 1754 2404 id
1810 2351 1990 2405 facere

416 2441 974 2508 volt-ntem,mortem
1023 2443 1366 2514 impediisse.
1397 2443 1724 2500 Constantio
1781 2451 1990 2504 autem,
2045 2441 2074 2449 ‘

420 2541 481 2585 ut
509 2532 748 2588 filiorum
779 2545 909 2590 natu
941 2535 1205 2603 maximo,
1235 2546 1292 2590 ut
1320 2535 1614 2591 consilium
1646 2535 1699 2589 id
1729 2549 1993 2603 exseque-

418 2637 596 2693 retur,
651 2627 1000 2684 mandasse:
1060 2628 1207 2699 quod
1258 2643 1386 2684 cum
1450 2627 1684 2690 diceret,
1743 2628 1992 2681 divinum

423 2720 634 2774 cultum
668 2721 808 2775 nihil
847 2721 1108 2792 prodesse
1153 2722 1257 2777 nisi
1314 2722 1382 2776 ab
1431 2722 1689 2775 omnibus
1721 2735 1832 2774 uno
1864 2736 1997 2775 con-

422 2823 590 2864 sensu
622 2809 952 2877 deferretur,
977 2812 1198 2870 dixerit.
1219 2813 1450 2867 Proinde
1479 2811 1626 2867 hunc
1654 2811 1824 2880 patris
1845 2811 1998 2882 jussa

428 2903 738 2973 transgredi
773 2904 1077 2970 nolentem,
1111 2904 1460 2958 Ariminense
1508 2902 1775 2957 indixisse
1815 2902 2003 2957 conci-

426 2994 585 3049 lium.
649 2995 755 3049 Sed
800 2994 1044 3064 figmenti
1108 2995 1269 3048 istius
1328 2992 1702 3056 mendacium,
1739 2993 2000 3062 prudenti

2091 1806 2324 1856 συνιεῖσι
2361 1806 2421 1858 τὸ
2449 1804 2545 1858 τοῦ
2585 1806 2909 1875 πλάσματος
2941 1806 3134 1876 ψεῦδος
3163 1804 3478 1871 συνάγεται.
3514 1803 3675 1871 Πρῶ-

2087 1914 2180 1950 τον
2209 1896 2319 1967 γὰρ
2365 1895 2485 1961 ἔτος
2533 1899 2626 1950 καὶ¹
2678 1897 2928 1952 εἰκοστὸν
2970 1899 3036 1969 τῇ
3079 1899 3222 1968 ἀρχῇ
3285 1897 3676 1956 Κωνστάντιος

2089 1988 2276 2058 ἤνυεν,
2326 1987 2489 2056 ἡνίκα
2547 1989 2580 2058 ἡ
2633 1989 2693 2042 ὲν
2743 1987 3012 2058 Ἀριμίνῳ
3073 1989 3364 2040 συνίστατο
3426 1983 3673 2048 σύνοδος,

2095 2081 2304 2133 πολλῶν
2358 2080 2532 2133 ἄλλων
2575 2081 2812 2135 συνόδων
2858 2081 3247 2150 γεγενημένων
3307 2080 3384 2149 τῷ
3441 2077 3675 2146 μεταξὺ.

2094 2173 2152 2223 ὲν
2192 2165 2280 2233 αἷς
2329 2169 2634 2242 μάλισταὴ
2683 2169 2776 2223 τοῦ
2808 2170 3097 2240 ὁμοουσίου
3145 2169 3374 2240 ζήτησις
3433 2168 3681 2237 ἐγυμνά-

2096 2262 2239 2327 ζετο.
2274 2262 2370 2315 καὶ
2417 2261 2512 2314 τοῦ
2556 2263 2921 2330 ὁμοιοουσίου.
2959 2261 3099 2316 Κατ’
3153 2261 3346 2314 ούσίαν
3379 2259 3437 2313 δὲ
3483 2261 3683 2326 ὅμοιον

2095 2354 2173 2421 τῷ
2206 2355 2383 2424 lictth
2437 2353 2528 2406 τὸν
2569 2354 2697 2407 Υίὸν
2743 2353 2990 2421 δοξάζειν
3047 2355 3396 2408 παντάπασιν
3430 2351 3686 2411 ἅπαντες

2098 2446 2470 2515 ἐξετρέποντο,
2509 2445 2705 2516 μέχρις
2735 2447 2858 2500 ὅτου
2897 2446 2924 2499 ὁ
2953 2445 3122 2515 Σύρος
3157 2446 3366 2506 ’Λέτιος
3401 2445 3530 2513 περὶ
3550 2443 3689 2495 τού-

2099 2557 2196 2592 του
2235 2537 2492 2609 χαλεπῶς
2522 2537 2741 2607 διετέθη
2768 2554 2784 2569 °
2820 2539 2888 2590 δι’
2917 2539 2976 2590 ὃν
3006 2537 3164 2591 τοῦτο
3196 2538 3380 2599 κακῶς
3408 2539 3687 2606 δογματέ-

2103 2633 2286 2698 ζοντα,
2318 2630 2460 2683 κατά
2488 2631 2580 2682 τὸν
2609 2631 2770 2684 αὑτὸν
2801 2631 2996 2700 χρόνον
3027 2631 3358 2700 προστάττει
3389 2630 3693 2683 Κωνστάν-

2103 2739 2240 2786 τιος,
2273 2721 2330 2775 εν
2358 2738 2415 2774 τε
2453 2720 2718 2793 Ἀριμίνῳ
2751 2723 2846 2776 καὶ
2876 2719 3176 2792 Σελευκείᾳ
3207 2721 3334 2783 τοὺς
3361 2717 3687 2788 ἅπανταχοῦ

2107 2813 2381 2866 συνελθεῖν
2409 2815 2610 2882 ἱερέας,
2642 2813 2741 2883 τὴν
2764 2814 3024 2881 τοιαύτην
3054 2815 3453 2885 ἀναιρήσοντας
3483 2812 3689 2877 δόξαν·

2104 2905 2180 2970 ὡς
2219 2901 2360 2959 εἶναι
2389 2909 2522 2959 πᾶσι
2551 2908 2888 2976 καταφανὲς,
2929 2907 3005 2978 μὴ
3041 2906 3108 2960 δι’
3135 2907 3164 2959 δ
3205 2907 3478 2975 Ἀρειανοὶ
3508 2923 3694 2960 κατα·

2107 2999 2413 3069 ψεύδονται,
2464 2999 2563 3070 τὴν
2606 2999 2664 3051 ιν
2713 3000 2981 3069 Ἀριμίνῳ
3035 2998 3256 3052 σύνοδον
3307 2997 3699 3068 συγκροτῆσαι

429 3086 591 3142 facile
630 3097 714 3142 est
755 3087 1200 3157 deprehendere.
1233 3088 1536 3142 Vicesimus
1587 3088 1736 3140 enim
1791 3086 1993 3156 primus

2109 3093 2512 3158 Κωνστάντιον,
2565 3090 2704 3145 ἀλλὰ
2739 3093 2808 3145 δι’
2839 3086 2914 3146 ὧν
2954 3091 3144 3154 κακῶς
3206 3090 3456 3157 ἐδόξαζεν
3491 3092 3520 3144 6
3566 3088 3698 3142 Ἀέ-

431 3180 654 3248 ;ιιιρει·ἰὶ
680 3179 990 3236 Constantii
1025 3195 1205 3233 annus
1248 3188 1372 3233 erat
1428 3178 1532 3247 (2),
1582 3195 1707 3233 cum
1758 3179 2002 3250 synodus

432 3272 669 3326 Arimini
705 3282 895 3327 coacta
922 3281 1006 3326 est
1038 3287 1053 3325 :
1089 3270 1275 3325 multis
1311 3271 1434 3325 aliis
1474 3270 1844 3325 conventibus
1874 3281 2004 3324 ante

438 3364 492 3419 id
551 3378 766 3436 tempus
801 3365 1113 3429 celebratis,
1153 3365 1207 3418 in
1261 3363 1466 3434 quibus
1506 3363 1743 3418 maxime
1777 3365 2009 3431 quastio

437 3459 530 3513 τοῦ
562 3458 1402 3529 ὀμοουσίου,εοιιευὶιειοηιίαιίε,
1430 3467 1486 3513 et
1509 3457 1603 3510 τοῦ
1637 3459 2010 3527 ὁμοιοουσίου,

443 3552 652 3607 similis
681 3553 1012 3617 substantia,
1044 3560 1130 3607 est
1158 3549 1462 3620 disputata.
1495 3550 1654 3620 731
1693 3549 2015 3605 Substantia

2099 3201 2239 3244 τιος.
2278 3184 2386 3236 Καὶ
2413 3185 2494 3238 ὄτι
2542 3182 2697 3237 ταῦτ’
2729 3183 2930 3252 ἀληθῆ,
2967 3183 3265 3254 προϊούσης
3310 3182 3411 3252 τῆς
3445 3181 3698 3250 ἱστορίας

2109 3277 2437 3346 φανήσεται.
2478 3277 2664 3330 Ταῦτα
2709 3278 2759 3330 εἰ
2805 3278 2901 3330 καὶ
2948 3277 3501 3347 παρεκόατικὼτερον
3533 3277 3700 3345 εἴρη-

2112 3385 2225 3431 ται,
2283 3368 2396 3420 ἀλλ’
2428 3365 2522 3423 οὖν
2550 3367 2626 3430 ὡς
2667 3371 2734 3439 τῇ
2794 3371 2933 3440 μετά
2983 3372 3176 3440 χεῖρας
3226 3368 3583 3438 πραγματείᾳ
3635 3369 3702 3419 τὸ

2119 3459 2414 3532 σύμφωνον
2471 3463 2688 3533 ἔχοντα.
2723 3465 3001 3532 ἀναγκαῖά
3056 3481 3148 3535 μοι
3198 3461 3507 3532 κατεφάνη.
3547 3459 3700 3512 ’Λ).λ“

2120 3553 2406 3608 ἐπανιτέον
2436 3556 2560 3609 ὅθεν
2599 3557 2891 3627 ἐξέϐημεν.

442 3658 624 3700 autem
678 3649 914 3702 similem
967 3649 1043 3718 (5)
1093 3647 1242 3710 Patri
1293 3645 1490 3700 Filium
1529 3647 1753 3709 docere,
1815 3660 2009 3701 omnes
2049 3651 2279 3704 omnino
2351 3661 2680 3716 renuerunt,
2725 3651 2902 3705 donec
2933 3650 3125 3705 Aetius
3154 3649 3329 3720 Syrus
3357 3648 3463 3701 hac
3530 3643 3598 3698 de
3637 3658 3702 3697 re

445 3755 737 3808 perperam
773 3742 948 3796 sensit
980 3757 994 3794 :
1029 3750 1252 3808 propter
1291 3753 1478 3808 quem,
1511 3736 1656 3806 quod
1704 3737 1846 3790 male
1921 3738 2184 3806 opinans,
2239 3756 2346 3793 non
2416 3742 2614 3795 melius
2637 3741 2885 3802 doceret,
2916 3741 3110 3795 eodem
3141 3749 3392 3809 tempore
3453 3735 3699 3789 Arimini

445 3842 502 3888 ct
527 3834 797 3888 Seleucia;
820 3834 1174 3889 Constantius
1199 3847 1391 3886 omnes
1421 3831 1794 3900 undequaque
1837 3833 2128 3901 episcopos
2191 3835 2488 3889 convenire
2550 3837 2736 3906 jussit,
2770 3836 3087 3906 Opinionem
3119 3833 3390 3903 ejusmodi
3453 3829 3704 3885 abolitu-

448 3943 562 3982 ros.
605 3927 672 3982 Ut
696 3927 812 3998 jam.
839 3925 1103 3980 otnnibns
1142 3924 1354 3994 liquido
1387 3933 1591 3994 pateat,
1629 3921 2017 3977 Constantium
2059 3940 2170 3979 non
2205 3925 2277 3979 ob
2343 3941 2468 3980 eam
2544 3943 2708 3996 quam
2759 3927 2948 3982 Ariani
3000 3925 3251 3980 ementiti
3285 3932 3417 3978 sunt
3447 3937 3702 3988 causam,

455 4025 866 4079 Ariminensem
940 4022 1242 4077 instituisse
1303 4019 1597 4092 synodum,

1678 4017 1774 4072 sed
1835 4029 2060 4088 propter
2098 4021 2443 4090 opinionem,
2494 4038 2656 4091 quam
2717 4023 2913 4076 Aetius
2970 4034 3261 4090 perperam
3345 4016 3703 4086 vulgaverat.

452 4121 632 4186 Atque
684 4118 799 4170 hzec
835 4131 958 4169 vera
996 4130 1117 4169 esse
1149 4116 1379 4170 historia
1431 4113 1738 4184 procedens
1807 4113 2130 4168 declarabit.
2183 4115 2354 4171 Porro
2428 4111 2564 4184 ista,
2608 4117 2862 4187 quamvis
2914 4130 3012 4185 per
3065 4112 3492 4183 digressionem,
3539 4125 3709 4180 argu-

455 4224 642 4268 mento
691 4221 874 4266 tamen
909 4211 1168 4266 instituto
1218 4219 1612 4272 consentanea,
1648 4207 1963 4263 necessario
1999 4223 2028 4262 a
2068 4224 2157 4264 me
2221 4221 2351 4266 sunt
2421 4212 2692 4282 exposita.
2746 4210 2853 4265 Sed
2899 4223 2987 4274 eo,
3022 4207 3170 4263 unde
3218 4205 3576 4270 divertimus,
3623 4219 3710 4257 re-

455 4316 706 4366 deantus.

1035 4431 1258 4488 CAPUT
1300 4429 1482 4506 χχι,

463 4544 530 4605 Ut
577 4557 690 4617 post
721 4545 1086 4617 Sardicenscrn
1109 4543 1387 4617 synodum,
1407 4541 1561 4617 minis
1586 4537 1889 4617 Constantis
1923 4535 2036 4617 Cat:

529 4609 668 4673 suris
698 4619 980 4678 adductus,
1015 4609 1359 4668 Constantius
1410 4612 1472 4663 ab
1503 4609 1690 4663 exsilio
1721 4609 2034 4678 revocaverit

532 4690 765 4743 Paulum
787 4698 833 4740 et
861 4674 1212 4741 Athanasium
1241 4701 1258 4738 :
1287 4694 1332 4736 et
1355 4697 1470 4752 quia
1510 4679 1848 4737 Constantius
1873 4674 2038 4730 Atha-

533 4763 683 4814 nasio
717 4759 1005 4826 scripserit.

535 4872 805 4926 Constans
835 4867 1140 4923 Occidentis
1173 4866 1494 4933 imperator,
1521 4861 1660 4916 actis
1686 4856 2038 4914 Sardiccnsi-

466 4964 572 5018 bus
605 4961 858 5031 cognitis,
912 4958 1126 5013 duobus
1179 4955 1454 5025 episc0pis
1503 4963 1556 5008 et
1617 4952 1840 5006 Saliano
1900 4948 2040 5003 duce

2058 4431 2100 4486 ο
2704 4410 3128 4467 ΚΕΦΑΛ.ΚΔἏ

2153 4532 2253 4595 Ὠς
2286 4527 2434 4598 μετὰ
2461 4542 2496 4580 τ
2571 4539 2642 4598 εγ
2688 4520 2958 4598 Σαρδικῇ
2995 4519 3572 4598 ἀπειλαῖς-,Κώτςστα
3603 4523 3714 4574 τοῦ

2213 4591 2516 4663 Κιὶίσαρος
2593 4595 2710 4646 ὑπὸ
2773 4593 3203 4663 Κωνσταντλίου
3273 4591 3713 4663 ἀνεκλήθησιεγ

2212 4658 2469 4733 αὖθις-ὀί
2492 4658 2638 4731 περὶ
2670 4662 2915 4715 Παῦλον
2941 4662 3036 4713 καὶ
3057 4661 3420 4733 Ἀβανάσιον
3439 4679 3451 4694 ·
3483 4666 3582 4715 καὶ
3617 4658 3714 4715 οἶα

2213 4731 2482 4808 ἔγραψεν
2525 4733 2853 4796 Ἀθανασίῳ
2881 4731 3323 4796 Κωγστάντιος.

3483 4791 3514 4806 Ι

2223 4849 2416 4903 ⁶Ο“τῶν
2443 4846 2713 4916 ἐσπερίων
2741 4844 2993 4913 βασιλεὺς
3019 4843 3284 4905 Κώνστας
3310 4843 3376 4895 τὰ
3405 4843 3464 4894 ἐν
3488 4846 3556 4912 τῇ
3584 4844 3716 4911 Σαιμ

2145 4946 2268 5016 δικῇ
2314 4943 2584 5011 γενόμενα
2618 4938 2894 5004 διαγνοὺς,
2934 4935 3031 4989 δύο
3072 4937 3180 4986 τῶν
3221 4936 3536 4988 ἐπισκόπων
3577 4937 3717 5003 πέμ-

471 5057 732 5129 quodam,
789 5054 991 5123 pietate
1025 5062 1080 5104 et
1114 5048 1326 5120 iustitia
1357 5047 1507 5101 claro
1535 5044 1676 5108 viro,
1718 5041 1784 5095 ad
1817 5042 1993 5095 fratre:

2145 5035 2276 5105 ψας,
2301 5031 2395 5086 καί
2420 5048 2543 5083 τινα
2573 5027 2877 5098 στρατηγόν
2895 5045 2908 5058 ·
2944 5025 3202 5088 Σαλιανὸς
3231 5026 3408 5095 τούτῳ
3433 5027 3605 5096 ὄνομα
3629 5022 3712 5094 ἦν.

472 5117 678 5208 missis,
705 5117 805 5214 per
850 5145 1066 5197 litteras
1116 5117 1282 5194 etiam
1319 5155 1440 5208 quae
1501 5135 1745 5190 Sardicae
1777 5140 1930 5204 gesta
1959 5146 1990 5184 e

2149 5123 2399 5190 εὐσεϐείᾳ
2433 5121 2490 5175 δὲ
2527 5121 2622 5173 καὶ
2655 5117 2976 5189 δικαιοσύνῃ
3011 5117 3344 5186 διέλαμπενο
3384 5117 3591 5185 ἔγραφε
3626 5121 3717 5170 τά-

473 5252 617 5304 scnt,
644 5209 717 5292 ei
743 5236 1064 5298 declaravit,
1099 5243 1154 5287 et
1185 5231 1354 5286 Paulo
1391 5238 1556 5298 atque.
1595 5225 1917 5288 Athanasio,
1951 5239 1982 5291 q

2150 5215 2329 5284 δελφῷ
2361 5213 2498 5282 δῆλα
2531 5211 2800 5265 καθιστῶν
2831 5210 2900 5262 τὰ
2932 5209 3224 5278 γενόμενα,
3261 5211 3354 5262 καὶ
3383 5211 3496 5272 τοῖς
3531 5209 3718 5278 ἀδικηη

475 5335 674 5405 injnria
695 5331 876 5386 allecti
908 5328 1145 5391 fuerant,
1170 5323 1431 5380 ecclesias
1447 5336 1575 5375 suas
1605 5317 1838 5373 reddere
1863 5316 1993 5384 jussi

2151 5309 2293 5362 θεῖσι
2344 5303 2542 5374 Παύλῳ
2591 5304 2685 5355 καὶ
2729 5301 3037 5371 ’Δθανασίῳ
3086 5301 3186 5364 τὰς
3242 5301 3378 5363 ἰδίας
3428 5301 3718 5372 ἐκκλησίας

477 5389 814 5482 Ούιιιιιιιιοιιι
848 5419 1205 5477 Constantius
1239 5416 1442 5470 frustra
1464 5423 1680 5480 tempus
1707 5408 1993 5463 extrahere

2155 5397 2342 5466 νέμειν
2385 5392 2802 5464 παρεκελεύετο,
2841 5393 2996 5446 Ἐπεὶ
3035 5389 3080 5444 δ’
3104 5391 3559 5453 ὁ“Κωνστάντιο;
3603 5391 3720 5457 είκῆ

2232 5582 2308 5648 (9)
2345 5580 2562 5633 Sozom.
2591 5577 2862 5648 vicesimus
2887 5576 3167 5648 secundus.

2235 5644 2587 5771 (SLJideltnr
2637 5663 2758 5701 esse
2815 5647 3130 5714 legendum,
3173 5644 3540 5714 ianuulcm.‘
3588 5646 3727 5698 intra

2235 5739 2281 5771 ll.
2316 5735 2344 5771 ί)
2413 5736 2494 5771 (NH
2525 5757 2536 5769 ο

2162 5740 2220 5778 (δτι
2230 5739 2281 5791 ι).
2316 5735 2381 5772 00
2413 5735 2513 5771 Ct)“
2525 5757 2536 5769 .

559 5607 636 5668 tl)
676 5603 830 5672 Apud
885 5602 1100 5672 Sozom.
1153 5607 1258 5672 est,
1311 5599 1407 5672 atri.
1453 5596 1530 5648 ἔτι
1581 5593 1918 5672 ἀϐάπτιστρς
1955 5588 2051 5651 ὧν,

486 5661 756 5793 lauerat,
826 5683 871 5726 et
945 5671 1173 5724 nondum
1240 5669 1536 5738 baptizatus
1599 5673 1754 5728 esset,
1817 5661 1912 5714 lib.
1974 5674 2052 5720 Ill,

485 5758 605 5799 031).
683 5777 730 5793 ι.

553 5758 605 5812 p.
649 5758 730 5793 ιν.
