3988 6190
255 315 362 379 313

1195 316 1791 383 ECCLESIASI‘IC/E
1836 326 2227 386 lIlSTOllle
2273 330 2418 388 LIB.
2463 332 2560 391 lX.

3418 336 3520 398 314

249 428 460 495 τρίϐειν
485 427 578 482 τὸν
605 427 798 498 χρόνον
827 430 1034 498 ᾑρεῖτο,
1066 429 1224 491 αὖθις
1255 431 1484 501 γράφων
1513 433 1768 503 παρῄνει,
1797 435 1830 506 ἢ

1947 440 2043 491 alia
2077 442 2307 508 epistola
2351 443 2400 494 ei
2434 441 2706 496 Constans
2750 441 2977 508 institit,
3009 451 3184 497 utaut
3207 443 3437 500 Paulum
3470 461 3524 501 et

248 518 658 588 δέχεσθαι’τοὺς
690 520 818 589 περὶ
851 519 1062 572 Παῦλον
1089 522 1184 572 καὶ
1212 522 1557 588 Ἀθανάσιον,
1589 528 1684 577 καὶ
1709 527 1836 587 τοὺς

251 611 420 673 ἰδίους
448 610 758 664 ἀποδιδόναι
787 610 1012 681 θρόνους
1032 627 1048 643 ⁶
1081 610 1114 681 ἢ
1149 611 1224 681 μὴ
1253 611 1388 682 δρᾷν
1412 612 1556 665 οὕτω
1587 613 1832 677 θέλοντα,

249 705 392 774 πρὸς
440 703 674 773 πόλεμον
709 706 1203 774 παρασκευαστέον
1239 701 1400 758 εἶναι.
1443 705 1501 756 ’0
1540 703 1585 757 δ’
1611 706 1837 758 ἐπισκό-

251 813 377 858 ποις
406 797 515 848 τισὶ
546 797 956 866 κοινωσάμενος
987 796 1088 866 τὴν
1120 795 1341 866 βουλὴν,
1373 796 1598 866 ἄμεινον
1627 795 1838 865 ἔφασαν

250 890 454 942 ἐκεῖνοι
493 889 800 959 Ἀθανασίῳ
846 891 1204 959 παραχωρεῖν
1253 888 1361 942 τῶν
1407 889 1752 959 ἐκκλησιῶν,
1802 889 1834 960 ἢ

251 980 544 1048 ἐμφυλίοις
576 980 953 1051 διακρίνεσθαι
991 981 1218 1050 μάχαις.
1252 979 1410 1036 Οὕτω
1443 979 1489 1033 δ’
1515 981 1609 1034 ἐπὶ
1637 979 1839 1044 λέξεως

250 1074 327 1141 τῷ
361 1075 600 1144 Κώνστᾳ
629 1069 773 1143 εἶχεν
798 1075 832 1143 ἡ
863 1071 1122 1142 ἐπιστολὴ
1149 1072 1540 1136 Λακωνίζουσα
1565 1090 1580 1103 ·
1618 1091 1637 1124 ‹
1678 1072 1841 1124 Ἀθα-

249 1167 436 1224 victo;
467 1158 602 1234 ἧκεν
630 1164 706 1227 ὡς
736 1165 906 1234 ἡμᾶς,
933 1164 1114 1232 ἐαυτῷ
1146 1164 1454 1234 προσήκειν
1483 1165 1583 1236 τὴν
1615 1167 1836 1218 ἐπισκοο

250 1255 364 1326 πὴν
406 1255 823 1326 Ἀλεξανδρείας
875 1256 1221 1318 ἀποδεικνύς.
1274 1255 1606 1328 Τυγχανέτω
1657 1259 1840 1312 τοίνυν

246 1347 336 1399 διὰ
369 1347 469 1401 σοῦ
499 1347 704 1418 ταύτης
733 1364 749 1379 ·
784 1347 878 1401 ἐπὶ
906 1351 1020 1411 τοῖς
1049 1350 1202 1419 ἐμοῖς
1232 1365 1297 1416 γε
1329 1348 1500 1418 αὐτὴν
1529 1350 1841 1420 ἀνακτήσε-

245 1454 337 1490 ται
361 1436 608 1501 ὅπλοις.)
639 1439 862 1502 Τούτοις
887 1437 934 1491 δ’
958 1437 1382 1508 ἐκϐεϐιασμένος
1434 1439 1840 1503 Κωνστάντιος,

246 1528 388 1598 πρὸς
419 1529 620 1581 ἐαυτὸν
647 1529 932 1599 δημοσίοις
962 1530 1238 1600 ὀχήμασιν
1269 1530 1456 1584 ἐκάλει
1487 1532 1578 1584 τὸν
1618 1531 1842 1586 Ἀθανά-

248 1639 386 1676 σιον.
411 1621 526 1674 Τοῦ
548 1622 593 1674 δ’
613 1622 1072 1692 ἀμφιϐάλλοντος,
1095 1621 1206 1674 τῶν
1231 1622 1338 1690 γὰρ
1358 1621 1426 1675 δι’
1447 1621 1695 1682 ἐναντίας
1717 1623 1842 1682 τοὺς

244 1707 434 1771 δόλους
466 1708 743 1773 ὑπείδετο,
772 1710 868 1762 καὶ
899 1704 1053 1770 αὖθις
1082 1711 1178 1761 καὶ
1209 1709 1469 1771 πολλάκις
1497 1711 1524 1759 ὁ
1553 1709 1842 1762 Κωνστάν-

1943 532 2301 586 Athanasium
2362 535 2647 603 reciperet,
2693 537 2882 606 eisque
2948 536 3176 590 thronos
3239 553 3369 591 suos
3405 541 3526 593 red-

1945 625 2154 680 dendos
2215 640 2454 692 curaret,
2486 639 2579 682 aut
2611 629 2714 683 nisi
2749 630 2851 683 hoc
2879 630 3103 694 faceret,
3138 631 3202 684 ad
3233 632 3433 686 bellant
3467 648 3525 688 se

1943 727 2298 785 praepararet.
2321 720 2499 787 Atque
2522 720 2611 773 ille
2645 736 2700 773 re
2736 737 2860 774 cum
2887 721 3216 789 quibusdam
3241 724 3520 791 episc0pis

1944 809 2248 863 deliberata
2273 851 2286 872 ,
2313 812 2379 864 de
2406 828 2596 864 eorum
2626 814 2920 876 sententia,
2951 815 3124 868 satius
3150 830 3270 869 esse
3303 816 3519 879 statuit,

1943 903 2245 956 Athanasio
2280 905 2344 957 de
2385 906 2615 960 ecclesia
2653 906 2939 970 decedere,
2995 924 3157 976 quam
3210 909 3358 963 civili
3421 909 3519 962 de-

1944 1003 2160 1048 certare
2184 995 2352 1049 bello.
2381 996 2699 1053 Constantis
2743 999 2942 1053 littera
2972 999 3240 1055 Laconiee
3273 1001 3357 1055 bis
3393 1016 3519 1055 ver-

1944 1083 2030 1139 bis
2064 1087 2280 1154 scripta
2306 1098 2506 1142 erant:
2545 1107 2562 1138 ι
2609 1089 2769 1143 Venit
2800 1091 2867 1144 ad
2920 1107 3019 1144 nos
3061 1093 3412 1157 Athanasius,
3467 1103 3523 1147 et

1943 1175 2012 1230 ad
2044 1191 2102 1230 se
2147 1176 2525 1246 episcopatum
2568 1181 2912 1235 Alexandria
2945 1183 3221 1250 pertinere
3245 1183 3518 1251 probavit.

1944 1266 2293 1337 Quapmpter
2323 1269 2474 1322 illum
2498 1285 2601 1339 ope
2627 1279 2718 1324 tua
2747 1270 2829 1325 fac
2867 1281 3240 1340 consequatur
3269 1289 3280 1323 :
3313 1273 3519 1340 alioqui

1944 1375 2183 1429 namque
2215 1363 2385 1415 armis
2417 1377 2545 1416 eum
2589 1362 2726 1418 meis
2781 1364 3153 1432 recuperabit.
3191 1382 3207 1414 ι
3245 1364 3405 1418 Hisce
3437 1365 3526 1418 lit-

1944 1452 2079 1506 teris
2149 1451 2376 1507 adactus
2449 1451 2801 1508 Constantius
2880 1455 3238 1510 Athanasium
3298 1455 3517 1525 publica

1944 1541 2209 1611 disposita
2243 1552 2464 1598 vectura
2491 1545 2555 1598 ad
2587 1561 2644 1599 se
2702 1547 2934 1601 vocavit.
2977 1546 3156 1615 Atque
3196 1546 3313 1610 illo,
3373 1553 3520 1616 quod

1945 1630 2393 1688 adversariorum
2431 1634 2590 1689 dolos
2641 1647 2926 1705 suspectos
2976 1637 3230 1696 haberet,
3278 1637 3518 1691 reditum

1946 1723 2257 1790 dill‘erente,
2305 1725 2505 1780 iterum
2545 1729 2852 1796 sapiusque
2905 1726 3264 1781 Censtantius
3315 1729 3516 1782 litteris
3585 1729 3600 1790 ε

245 1815 360 1860 τιος
392 1800 635 1868 γράφων
661 1800 1002 1854 ἀνεκαλεῖτο.
1040 1799 1184 1866 Ἐγὼ
1217 1799 1270 1850 δὲ
1302 1800 1520 1862 καὶτὰς
1549 1799 1838 1860 ἐπιστολὰς

1951 1773 2257 1790 _-_-_---_-,
2305 1773 2505 1780 _---_---
2545 1773 2615 1781 -_.
2661 1773 2852 1795 ..-ηπ
2910 1773 3263 1781 --..----.--.__

1947 1827 2065 1867 eum
2101 1813 2166 1866 ad
2199 1829 2258 1867 se
2294 1813 2546 1868 invitavit
2577 1831 2591 1868 :
2623 1773 2806 1885 Γ⁵132
2837 1831 2970 1884 quas
3026 1819 3090 1868 ad
3143 1816 3301 1870 fidem
3353 1816 3535 1904 dictis.

247 1888 322 1949 είς
355 1889 720 1958 παράστασιν
753 1887 970 1958 ἐνθήσω
1001 1889 1066 1958 τῇ
1105 1890 1400 1957 συγγραφῇ
1424 1904 1440 1921 ο
1479 1906 1498 1939 ι
1543 1889 1840 1941 Κωνστάν-

245 1995 358 2040 τιος
382 1979 438 2031 Ν
448 1979 647 2050 ικητής
679 1977 990 2042 Αὔγουστος
1028 1979 1333 2050 Ἀθανασίῳ
1368 1980 1677 2049 ἐπισκόπῳ.
1719 1979 1841 2032 Ἐπὶ

243 2068 381 2122 πολύ
416 2086 483 2121 σε
513 2069 944 2133 κλυδωνίζεσθαι
975 2069 1070 2122 καὶ
1097 2070 1456 2139 χειμάζεσθαι
1482 2071 1594 2132 τοῖς
1617 2070 1717 2138 τῆς
1745 2071 1842 2122 θα·

241 2160 460 2230 λάσσης
501 2162 707 2230 ὁμοίως
751 2165 995 2230 κύμασιν
1029 2162 1245 2232 ἀγρίοις
1285 2163 1389 2216 οὐκ
1426 2165 1640 2233 ἀφῆκεν
1674 2164 1708 2234 ή
1741 2163 1841 2234 τῆς

241 2252 531 2323 ἡμετέρας
564 2255 904 2324 ήμερότητος
935 2253 1320 2325 φιλανθρωπία
1350 2270 1364 2285 ο
1396 2255 1756 2325 γυμνωθέντα
1783 2272 1842 2308 σε

241 2345 338 2415 τῆς
370 2345 650 2418 πατρῴας
675 2347 882 2412 ἐστίας,
909 2347 1008 2400 καὶ⁵
1038 2348 1376 2417 στερηθέντα
1405 2350 1514 2402 τῶν
1543 2349 1715 2411 ἰδίων,
1745 2347 1842 2401 καὶ

243 2442 618 2506 πλανωμενον
652 2440 713 2490 ἐν
747 2437 1072 2507 θηριώδεσιν
1103 2437 1379 2504 ἀνοδίαις,
1416 2438 1478 2490 οὑ
1513 2439 1771 2508 παρεῖδεν
1807 2439 1840 2509 ή

241 2531 540 2599 ἀκάματος
583 2530 744 2600 ήμῶν
785 2532 1078 2586 εὐσέϐεια’
1121 2532 1173 2584 εί
1220 2535 1313 2585 καὶ
1354 2531 1422 2585 τά
1466 2533 1704 2602 μάλιστα
1748 2533 1843 2586 ἐπὶ

241 2624 380 2676 πολὺ
441 2622 798 2694 ὑπερεθέμην
846 2624 1059 2695 γράψαι
1103 2625 1202 2693 τὴν
1245 2624 1506 2695 πρόθεσιν
1549 2625 1650 2694 τῆς
1700 2625 1841 2695 ἐμῆς

238 2714 536 2776 διανοίας,
581 2717 902 2785 προσδοκῶν
946 2715 1274 2786 αὐθαίρετόν
1319 2732 1380 2769 σε
1426 2717 1840 2787 παραγενέσθαι

241 2808 381 2876 πρὸς
446 2810 632 2877 ἡμᾶς,
686 2811 781 2862 καὶ
824 2809 937 2864 τῶν
985 2815 1252 2880 καμάτων
1299 2809 1472 2863 αίτετν
1517 2810 1839 2880 θεραπείαν.

244 2897 449 2969 Ὅμως
487 2899 680 2968 ἐπειδὴ
717 2899 847 2961 ῐσως
877 2902 904 2951 ὁ
935 2899 1099 2968 φόϐος
1129 2900 1228 2970 τὴν
1259 2901 1582 2971 προαίρεσιν
1611 2901 1710 2969 τῆς
1742 2901 1840 2970 σῆς

244 2992 575 3061 προθέσεως
606 2991 913 3058 ἐνεπόδιζε,
945 2991 1033 3046 διὰ
1051 2992 1223 3045 τοῦτο
1251 2991 1460 3062 δωρεᾶς
1489 2991 1841 3064 πληρέστατα

1939 1901 2268 1966 faciendam,
2327 1903 2571 1968 historia
2605 1905 2850 1958 inserere
2910 1904 3064 1959 libet.
3101 1922 3118 1954 ι
3148 1903 3512 1959 Constantius

1941 1993 2133 2050 Victor
2164 1996 2445 2063 Augustus
2490 1995 2789 2049 Athanasio
2818 1996 3102 2064 episc0po.
3137 1996 3350 2050 Diutius
3401 2005 3521 2048 tan—

1947 2103 2111 2158 quam
2167 2089 2327 2142 savis
2361 2088 2535 2158 pelagi
2587 2088 2845 2142 fluctibus
2902 2096 2954 2142 te
3000 2087 3204 2140 diﬂerri
3257 2097 3312 2140 et
3361 2085 3520 2156 allligi

1942 2193 2051 2233 non
2082 2178 2290 2249 patitur
2322 2177 2766 2234 mansuetudinis
2794 2189 2998 2232 nostra
3029 2177 3343 2231 humanitas
3381 2193 3393 2228 :
3427 2192 3524 2230 ne-

1941 2285 2048 2340 que
2087 2271 2283 2340 patriis
2305 2272 2596 2342 expulsum
2639 2271 2874 2336 laribus,
2903 2271 3175 2339 bonisque
3207 2271 3525 2339 spoliatum,

1941 2369 2107 2430 atque
2167 2361 2221 2414 in
2287 2362 2584 2416 inaccessis
2643 2362 2886 2415 ferarum
2947 2360 3086 2415 locis
3139 2360 3524 2421 oberrantem,

1943 2451 2179 2521 despicit
2223 2451 2497 2507 indefessa
2527 2452 2702 2522 pietas
2729 2459 2943 2506 nostra.
2998 2449 3266 2520 Equidem
3317 2449 3528 2503 diutius

1941 2545 2008 2599 ad
2047 2554 2098 2598 te
2131 2545 2298 2604 animi
2346 2544 2452 2598 mei
2502 2545 2831 2598 sententiam
2894 2542 3246 2614 perscribere
3303 2540 3520 2602 distuli,

1943 2644 2140 2706 sponte
2172 2645 2262 2690 tua
2297 2645 2348 2690 te
2374 2636 2439 2690 ad
2471 2649 2572 2689 nos
2604 2645 2921 2698 venturum,
2955 2643 3121 2703 atque
3157 2633 3411 2686 laborum
3445 2648 3531 2684 re-

1943 2727 2186 2782 medium
2238 2725 2538 2796 petiturum
2615 2740 2737 2780 esse
2805 2724 3084 2794 Opinatus.
3133 2721 3336 2776 Verum
3401 2736 3526 2776 cum

1941 2819 2178 2873 fortasse
2215 2817 2510 2872 consilium
2562 2815 3014 2886 propositumque
3047 2823 3202 2868 tuum
3232 2814 3395 2868 timor
3422 2813 3528 2866 im-

1943 2910 2203 2982 pedierit,
2231 2909 2446 2964 litteras
2477 2908 2645 2962 hasce
2677 2905 3071 2961 muniﬁcentia
3104 2905 3315 2975 plenas,
3341 2904 3408 2959 ad
3439 2903 3533 2958 ﬁr-

1943 3002 2192 3058 mitatem
2248 3009 2394 3054 tuam
2459 2999 2669 3053 dandas
2716 2997 3196 3052 existimavimus:
3231 3011 3338 3064 quo
3389 2997 3528 3050 citra

244 3083 570 3148 γράμματα
599 3079 736 3148 πρὸς
761 3079 859 3149 τὴν
887 3079 988 3149 σὴν
1015 3081 1350 3152 στερρότητα
1375 3079 1800 3150 διεπεμψάμεθα
1821 3096 1836 3112 ⁸

1947 3105 2152 3151 metum
2180 3079 2401 3161 omnem
2433 3093 2488 3146 in
2504 3100 2864 3161 conspectum
2884 3099 3135 3144 nostrum
3161 3104 3324 3160 quam
3347 3088 3525 3143 celer-

246 3172 331 3224 ῖνα
379 3171 610 3237 ἀφόϐως
641 3174 772 3236 ταῖς
800 3171 1104 3241 ἡμετέραις
1143 3172 1447 3242 προσόψεσι
1480 3174 1704 3243 ταχεῖαν
1737 3173 1834 3242 τὴν

247 3265 459 3316 σαυτοῦ
497 3264 800 3332 παρουσίαν
832 3266 1144 3334 παρασχεῖν
1180 3265 1529 3335 σπουδάσῃς,
1562 3263 1706 3333 ὑπὲρ
1741 3263 1835 3317 τοῦ

243 3362 342 3429 τῆς
419 3356 621 3410 σαυτοῦ
671 3357 956 3426 ἐπιτιμίας
1008 3355 1352 3423 ἀπολαῦσαι,
1404 3360 1499 3409 καὶ
1553 3355 1838 3426 πειραθεὶς

247 3453 419 3522 ήμῶν
462 3451 564 3520 τῆς
612 3449 1050 3519 φιλανθρωπίας,
1097 3451 1214 3512 τοῖς
1263 3449 1411 3510 ἰδίοις
1454 3450 1841 3502 ἀποκαταστα-

247 3543 347 3613 θῇς
379 3560 400 3574 ο
430 3543 630 3594 τούτου
663 3542 775 3610 γὰρ
808 3539 974 3594 ἕνεκα
1008 3539 1104 3592 καὶ
1131 3541 1225 3592 τὸν
1255 3539 1522 3610 δεσπότην
1553 3543 1650 3593 καὶ
1681 3539 1840 3594 ἀδελ-

247 3637 349 3703 φόν
405 3650 512 3704 μου
556 3633 888 3685 Κώνσταντα
925 3630 1019 3684 τὸν
1057 3631 1306 3700 Νικητὴν
1347 3629 1658 3698 Αὔγουστον
1698 3631 1840 3700 ὑπὲρ

251 3727 351 3779 σοῦ
404 3726 782 3794 παρεκάλεσα,
821 3723 907 3775 ῐνα
939 3721 1035 3776 τοῦ
1078 3723 1252 3776 ἐλθεῖν
1285 3721 1534 3786 ἐξουσίαν
1569 3739 1651 3776 σοι
1694 3722 1840 3794 δώσῃ

250 3819 412 3880 ὅπως
432 3857 449 3883 ,
482 3817 814 3886 ἀμφοτέρων
847 3799 1009 3886 ήμῶν
1041 3817 1479 3879 ἐπινευσάντων,
1515 3818 1581 3885 τῇ
1619 3815 1843 3884 πατρίδι

251 3908 726 3979 ἀποκατασταθῇς
749 3949 764 3974 ,
797 3909 936 3978 ἔχων
965 3907 1124 3960 τοῦτο
1156 3906 1256 3974 τῆς
1287 3907 1443 3976 ήμῶν
1473 3907 1695 3976 χάριτος
1730 3908 1846 3960 ἐνέ-

249 4019 450 4074 χυρον.
467 4021 486 4055 ι
513 4019 530 4052 ι
552 4001 926 4062 Κωνστάντιος
952 4000 1178 4069 νικητὴς
1197 3997 1510 4064 Αὔγουστος
1540 3999 1844 4068 Ἀθανασίῳ

251 4094 569 4163 ἐπισκόπῳ.
603 4094 666 4146 Et
707 4093 802 4146 καὶ
836 4095 904 4146 τὰ
945 4093 1178 4162 μάλιστα
1217 4091 1314 4144 διὰ
1352 4090 1634 4162 προτέρων
1667 4107 1849 4162 γραμ-

258 4191 463 4259 μάτων
492 4186 848 4255 ἐδηλώσαμεν
868 4224 884 4249 ,
916 4185 1066 4246 ὅπως
1096 4185 1418 4254 ἀμερίμνως
1446 4185 1526 4247 είς
1555 4183 1618 4236 τὸ
1648 4183 1847 4253 ἡμέτε-

258 4295 366 4348 ρον
391 4277 688 4346 κομιτᾶτον
721 4277 1034 4348 παραγένῃ,
1069 4273 1158 4327 διὰ
1185 4274 1245 4327 τὸ
1279 4274 1518 4344 μάλιστα
1548 4275 1697 4344 ήμᾶς
1729 4274 1851 4345 βού-

253 4373 459 4427 λεσθαι
481 4370 799 4425 ἀποστεῖλαί
825 4387 885 4423 σε
911 4373 990 4432 εἰς
1014 4368 1083 4421 τὰ
1108 4369 1237 4433 ἴδια,
1262 4370 1411 4439 ὅμως
1435 4371 1532 4423 καὶ
1558 4369 1653 4422 νῦν
1677 4370 1850 4423 ταῦτα

1943 3190 2082 3243 rime
2107 3187 2298 3240 venire
2327 3199 2611 3255 properes,
2648 3193 2706 3238 ut
2741 3199 2865 3238 cum
2905 3183 3016 3238 voti
3051 3185 3128 3238 tui
3155 3197 3380 3251 compos
3409 3182 3525 3241 (ias,

1940 3287 2058 3334 tum
2109 3277 2511 3333 humanitatem
2569 3283 2819 3330 nostram
2847 3286 3131 3345 expertus,
3185 3274 3240 3328 in
3301 3289 3366 3326 ea
3405 3289 3524 3342 qua:

1933 3371 2077 3444 juris
2131 3369 2210 3425 tui
2267 3379 2398 3424 sunt
2447 3367 2780 3424 restituaris.
2829 3367 2942 3421 Hac
2975 3367 3123 3421 enim
3160 3366 3226 3419 de
3255 3381 3421 3420 causa
3472 3372 3530 3416 et

1940 3461 2227 3517 dominum
2259 3470 2425 3530 atque
2449 3459 2678 3514 fratrem
2726 3472 2910 3513 meum
2953 3456 3312 3512 Constantem
3341 3454 3498 3509 Victo

1941 3569 2060 3609 rem
2094 3553 2400 3623 Augustum
2436 3566 2534 3621 pro
2563 3559 2617 3606 te
2650 3549 2985 3620 rogavimus,
3031 3556 3091 3600 ut
3138 3543 3405 3600 redeundi
3429 3544 3524 3598 tibi

1940 3645 2263 3701 facultatem
2291 3644 2662 3713 permitteret,
2696 3655 2808 3712 quo
2840 3639 2907 3694 ad
2936 3654 3062 3694 eum
3091 3637 3340 3699 modum,
3365 3634 3532 3688 utris-

1944 3751 2052 3807 que
2071 3735 2230 3789 nobis
2251 3734 2649 3800 annuentibus,
2666 3733 2721 3786 in
2743 3732 2978 3802 patriam
3009 3728 3309 3793 reducaris,
3338 3735 3394 3781 et
3420 3726 3526 3779 hoc

1945 3839 2146 3885 nostra
2172 3830 2226 3883 in
2263 3837 2316 3884 te
2347 3827 2536 3898 gratia
2567 3827 2768 3898 pignus
2798 3825 3026 3880 habeas.
3065 3843 3086 3876 ι
3129 3841 3148 3874 ι
3179 3819 3536 3878 Constantius

1950 3922 2135 3978 Victor
2167 3923 2446 3992 Augustus
2501 3918 2806 3974 Athanasio
2865 3919 3154 3986 episcopo.
3198 3915 3528 3982 Quanquam

1948 4009 2230 4081 prioribus
2277 4009 2478 4064 litteris
2534 4013 2742 4062 nostris
2803 4005 2908 4061 tibi
2953 4004 3412 4074 signiﬁcavimus,
3475 4008 3537 4053 ut

1949 4103 2159 4172 absque
2194 4099 2568 4156 sollicitudine
2613 4098 2766 4156 omni
2800 4098 2857 4152 in
2906 4097 3229 4152 comitatum
3283 4103 3534 4147 nostrum

1949 4196 2192 4258 venires,
2228 4193 2377 4264 quod
2413 4201 2466 4248 te
2500 4191 2736 4246 maxime
2794 4191 2850 4245 in
2900 4190 2989 4259 ius
3023 4198 3178 4245 tuum
3235 4187 3534 4241 restituere

1952 4287 2243 4360 cupiamus
2279 4305 2293 4341 :
2333 4295 2515 4340 tamen
2559 4299 2708 4339 nunc
2730 4297 2954 4355 quoque
2994 4283 3159 4338 hasce
3193 4279 3261 4336 ad
3312 4280 3541 4333 ﬁrmita-

1957 4390 2066 4434 tem
2133 4388 2282 4432 tuam
2323 4376 2604 4433 dedimus.
2648 4373 2997 4445 Quapropter
3024 4382 3078 4428 te
3121 4373 3426 4434 hortamur,
3477 4376 3540 4422 ut

255 4469 330 4519 τὰ
357 4463 668 4533 γράμματα
691 4464 825 4532 πρὸς
842 4465 942 4532 τὴν
961 4463 1060 4533 σὴν
1079 4461 1415 4533 στερρότητα
1435 4460 1840 4532 δεδηλώκαμεν.

1949 4471 2246 4526 diﬂldentia
2306 4478 2572 4539 metuque
2618 4467 2777 4522 omni
2824 4465 3087 4537 seposito,
3129 4464 3350 4534 publica
3411 4476 3546 4516 con-

260 4561 355 4611 Διὸ
387 4557 837 4626 προτρεπόμεθα,
866 4555 1037 4625 χωρίς
1065 4572 1214 4619 τινος
1243 4555 1530 4615 ἀποιστίας
1560 4557 1654 4607 καὶ
1684 4553 1851 4624 φόϐο)

262 4649 529 4718 ἐπιϐῆναί
561 4667 618 4700 σε
648 4649 928 4719 δημοσίοις
957 4650 1227 4719 ὀχήμασι,
1255 4649 1350 4700 καὶ
1381 4647 1684 4700 σπουδάσαι
1715 4648 1854 4716 πρὸς

265 4744 448 4812 ἡμᾶς,
467 4743 552 4794 ἵνα
569 4735 642 4793 ὧν
674 4741 980 4808 ἐπιθυμεῖς,
1001 4739 1313 4792 ἀπολαῦσαι
1341 4737 1628 4809 δυνηθῇς.»
1659 4739 1852 4805 «Κων-

269 4835 529 4897 στάντιος
565 4832 812 4904 Νικητὴς
854 4830 1167 4902 Αὔγουστος
1200 4832 1504 4901 Ἀθανασίῳ
1543 4832 1848 4902 ἐπισκόπῳ.

276 4930 480 4982 Ἣνίκα
525 4930 580 4980 ἐν
620 4931 685 4996 τῇ
726 4927 952 4997 Ἐδέσσῃ
995 4925 1372 4994 διετρίϐομεν,
1419 4925 1704 4994 παρόντων
1743 4923 1853 4978 τῶν

272 5020 385 5074 σῶν
419 5019 829 5090 πρεσϐυτέρων,
859 5018 1058 5088 ήρεσεν
1087 5017 1257 5079 ὅπως.
1288 5016 1690 5078 ἀποσταλέντος
1723 5032 1856 5086 πρε-

270 5116 540 5186 σϐυτέρου
572 5119 707 5181 πρὸς
738 5114 827 5178 σὲ,
863 5111 1036 5166 ἐλθεῖν
1065 5111 1200 5182 πρὸς
1229 5111 1292 5162 τὸ
1321 5109 1593 5181 ἡμέτερον
1621 5112 1855 5180 κομιτᾶ-

266 5227 364 5265 τον
383 5208 716 5278 σπουδάσῃς,
743 5207 837 5260 ἐπὶ
854 5205 932 5276 τῷ
963 5203 1142 5258 ίδόντα
1176 5219 1236 5255 σε
1263 5203 1364 5275 τὴν
1394 5202 1668 5273 ἡμετέραν
1687 5203 1856 5274 πρόσ-

271 5300 430 5368 οψιν,
467 5298 669 5360 εὐθέως
717 5297 796 5359 είς
858 5297 955 5367 τὴν
991 5293 1396 5363 Ἀλεξάνδρειαν
1441 5294 1676 5350 ὁδεῦσαι.
1714 5294 1856 5346 Ἀλλ’

277 5398 401 5449 ἐπεὶ
429 5397 495 5467 δὴ
525 5395 776 5456 πλεῖστος
805 5397 997 5464 χρόνος
1026 5392 1306 5462 παρῆλθεν
1337 5390 1432 5459 ἀφ’
1459 5385 1518 5446 οὗ
1547 5392 1854 5460 γράμματα

273 5488 568 5559 δεξάμενος
599 5487 732 5557 παρ’
759 5487 920 5557 ἡμῶν
949 5489 1052 5540 οὐκ
1082 5487 1423 5557 ἀπήντησάς,
1453 5487 1542 5540 διὰ
1570 5487 1730 5539 τοῦτο
1760 5487 1856 5538 καὶ

272 5577 370 5631 νῦν
404 5578 723 5648 ὑπομνῆσαί
769 5595 828 5630 σε
870 5579 1320 5649 ἐσπουδάσαμεν,
1357 5578 1446 5632 ἵνα
1485 5577 1591 5631 κᾶν
1626 5576 1722 5630 νῦν
1754 5576 1853 5647 τήν

278 5670 377 5740 σὴν
405 5672 713 5740 παρουσίαν
744 5674 964 5741 ταχεῖαν
998 5672 1222 5741 ποιῆσαι
1257 5671 1394 5741 πρὸς
1430 5672 1578 5740 ἡμᾶς
1611 5668 1852 5724 σπουδά-

281 5778 375 5836 σῃῖ
395 5803 412 5832 ι
440 5765 536 5817 καὶ
565 5763 708 5818 οὕτω
733 5763 970 5835 δυνηθῇς
998 5767 1062 5837 τῇ
1096 5766 1314 5836 πατρίδι
1349 5782 1440 5817 σου
1473 5766 1856 5819 ἀποκαταστα-

1959 4564 2194 4641 scendas
2240 4562 2517 4628 vehicula,
2560 4569 2616 4616 et
2666 4561 2733 4615 ad
2769 4574 2873 4614 nos
2897 4558 3089 4612 venire
3124 4555 3446 4617 contendas,
3481 4563 3543 4606 ut

1961 4672 2194 4728 quarum
2238 4671 2424 4710 rerum
2456 4652 2960 4724 recuperandarum
2997 4647 3277 4732 desiderio
3316 4644 3542 4708 teneris,

1957 4747 2167 4803 eisdem
2198 4747 2358 4816 potiri
2382 4760 2606 4814 queas.»
2630 4762 2650 4795 ι
2680 4737 3035 4798 Constantius
3058 4736 3245 4792 Victor
3266 4733 3547 4803 Augustus

1959 4841 2264 4896 Athanasio
2315 4840 2600 4909 episcopo.
2665 4834 2803 4890 Cum
2870 4832 3088 4886 Edessa
3133 4841 3446 4900 ageremus,
3489 4836 3545 4880 et

1957 4931 2268 5005 presbyteri
2294 4932 2374 4986 tui
2407 4930 2488 4985 ibi
2519 4939 2719 4997 prasto
2753 4936 2960 4989 essent,
3014 4923 3222 4994 placuit
3273 4921 3456 4982 nobis,
3485 4926 3546 4970 ut

1960 5027 2130 5080 misso
2160 5024 2223 5078 ad
2253 5033 2304 5078 te
2330 5030 2678 5094 presbytero,
2713 5021 2766 5074 in
2809 5020 3132 5072 comitatum
3173 5025 3420 5068 nostrum
3446 5026 3544 5064 ves

1961 5118 2080 5172 nire
2110 5129 2435 5186 properares
2470 5133 2483 5169 :
2523 5128 2634 5184 quo
2683 5113 2738 5166 in
2769 5119 3126 5178 conspectum
3170 5116 3418 5161 nostrum
3448 5103 3542 5156 ad-

1962 5211 2206 5274 missus,
2280 5205 2569 5262 confestim
2637 5202 3027 5259 Alexandriam
3103 5199 3537 5270 proficiscerere.

1915 5300 2192 5368 .Quando
2219 5299 2441 5370 quidem
2479 5314 2609 5353 vero
2635 5297 2933 5367 plurimum
2963 5296 3071 5364 jam
3111 5287 3373 5360 prateriit
3401 5295 3541 5340 tem-

1961 5395 2135 5464 poris,‘
2168 5407 2235 5448 ex
2259 5408 2368 5462 quo
2392 5391 2590 5446 litteris
2618 5388 2824 5444 nostris
2872 5384 3116 5453 acceptis
3152 5397 3260 5435 non
3297 5377 3492 5431 venisti
3521 5393 3538 5430 :

1962 5503 2112 5542 nunc
2147 5500 2366 5557 quoque
2402 5497 2756 5539 commonere
2795 5489 2847 5533 te
2883 5477 3181 5537 voluimus,
3228 5481 3300 5526 ut.
3337 5469 3542 5524 adven-

1961 5589 2077 5634 tum
2109 5579 2175 5632 ad
2225 5591 2327 5632 nos
2364 5583 2519 5630 tuum
2559 5581 2834 5635 matures,
2871 5579 2927 5623 et
2972 5569 3054 5623 sic
3086 5566 3274 5634 patria
3315 5574 3424 5620 tua
3456 5576 3541 5615 rc-

1961 5671 2140 5735 stitui,
2181 5679 2236 5722 et
2282 5677 2412 5722 voto
2464 5675 2558 5720 tuo
2603 5661 2766 5733 potiri
2819 5660 3014 5728 possis.
3052 5657 3305 5714 Misimus
3355 5662 3541 5711 autem

1961 5764 2025 5819 ad
2059 5774 2109 5816 tc
2142 5760 2300 5831 733
2336 5758 2598 5813 Achctam
2633 5755 2949 5821 diaconum,
2984 5762 3043 5809 ut
3067 5753 3284 5825 plenius
3318 5751 3432 5805 hac
3471 5745 3537 5800 ad
