  <div class='ocr_page' id='page_1' title='image "/cluster/home/n/w/nwhite01/storage/ocr_20150623/146/hvd.32044073502601/185.png"; bbox 0 0 3988 6190; ppageno 0'>
   <div class='ocr_carea' id='block_1_1' title="bbox 509 246 615 312">
    <p class='ocr_par' dir='ltr' id='par_1_1' title="bbox 509 246 615 312">
     <span class='ocr_line' id='line_1_1' title="bbox 509 246 615 312; baseline 0.028 -3"><span class='ocrx_word' id='word_1_1' title='bbox 509 246 615 312; x_wconf 83' lang='grc'><strong>315</strong></span> 
     </span>
    </p>
   </div>
   <div class='ocr_carea' id='block_1_2' title="bbox 1697 261 2505 324">
    <p class='ocr_par' dir='ltr' id='par_1_2' title="bbox 1697 261 2505 324">
     <span class='ocr_line' id='line_1_2' title="bbox 1697 261 2505 324; baseline 0.006 -5"><span class='ocrx_word' id='word_1_2' title='bbox 1697 261 2121 320; x_wconf 78' lang='lat' dir='ltr'><strong>NlCEPHORI</strong></span> <span class='ocrx_word' id='word_1_3' title='bbox 2163 263 2505 324; x_wconf 82' lang='lat' dir='ltr'><strong>CALLISTI</strong></span> 
     </span>
    </p>
   </div>
   <div class='ocr_carea' id='block_1_3' title="bbox 3625 282 3723 342">
    <p class='ocr_par' dir='ltr' id='par_1_3' title="bbox 3625 282 3723 342">
     <span class='ocr_line' id='line_1_3' title="bbox 3625 282 3723 342; baseline 0.01 -2"><span class='ocrx_word' id='word_1_4' title='bbox 3625 282 3723 342; x_wconf 70' lang='lat'><strong>316</strong></span> 
     </span>
    </p>
   </div>
   <div class='ocr_carea' id='block_1_4' title="bbox 507 355 2078 457">
    <p class='ocr_par' dir='ltr' id='par_1_4' title="bbox 507 355 2069 434">
     <span class='ocr_line' id='line_1_4' title="bbox 507 355 2069 434; baseline 0.01 -26"><span class='ocrx_word' id='word_1_5' title='bbox 507 365 560 409; x_wconf 90' lang='lat' dir='ltr'><strong>te</strong></span> <span class='ocrx_word' id='word_1_6' title='bbox 610 355 841 412; x_wconf 89' lang='lat' dir='ltr'><strong>referret</strong></span> <span class='ocrx_word' id='word_1_7' title='bbox 876 374 890 412; x_wconf 89' lang='lat'><strong>:</strong></span> <span class='ocrx_word' id='word_1_8' title='bbox 931 375 996 414; x_wconf 81' lang='lat' dir='ltr'><strong>ex</strong></span> <span class='ocrx_word' id='word_1_9' title='bbox 1021 376 1130 431; x_wconf 88' lang='lat' dir='ltr'><strong>quo</strong></span> <span class='ocrx_word' id='word_1_10' title='bbox 1163 364 1327 418; x_wconf 84' lang='lat' dir='ltr'><strong>animi</strong></span> <span class='ocrx_word' id='word_1_11' title='bbox 1376 367 1546 422; x_wconf 78' lang='lat' dir='ltr'><strong>nostri</strong></span> <span class='ocrx_word' id='word_1_12' title='bbox 1608 370 1968 434; x_wconf 79' lang='lat' dir='ltr'><strong>voluntatem,</strong></span> <span class='ocrx_word' id='word_1_13' title='bbox 2018 379 2069 424; x_wconf 89' lang='lat' dir='ltr'><strong>te</strong></span> 
     </span>
    </p>
   </div>
   <div class='ocr_carea' id='block_1_5' title="bbox 2183 355 3727 457">
    <p class='ocr_par' dir='ltr' id='par_1_5' title="bbox 2183 373 3727 457">
     <span class='ocr_line' id='line_1_5' title="bbox 2183 373 3727 457; baseline 0.016 -34"><span class='ocrx_word' id='word_1_14' title='bbox 2183 373 2370 441; x_wconf 80' lang='grc' dir='ltr'>οῆναι,</span> <span class='ocrx_word' id='word_1_15' title='bbox 2404 374 2497 427; x_wconf 67' lang='grc' dir='ltr'><strong>καλ⁵</strong></span> <span class='ocrx_word' id='word_1_16' title='bbox 2528 375 2625 445; x_wconf 78' lang='grc' dir='ltr'>τῆς</span> <span class='ocrx_word' id='word_1_17' title='bbox 2656 378 2817 447; x_wconf 71' lang='grc' dir='ltr'>εὐχῆς</span> <span class='ocrx_word' id='word_1_18' title='bbox 2852 380 3151 449; x_wconf 73' lang='grc' dir='ltr'><strong>ἐπιτυχεῖν.</strong></span> <span class='ocrx_word' id='word_1_19' title='bbox 3185 384 3330 454; x_wconf 76' lang='grc' dir='ltr'>Πρὸς</span> <span class='ocrx_word' id='word_1_20' title='bbox 3360 385 3416 438; x_wconf 83' lang='grc' dir='ltr'>δὲ</span> <span class='ocrx_word' id='word_1_21' title='bbox 3448 387 3727 457; x_wconf 67' lang='grc' dir='ltr'>πληρεστάε</span> 
     </span>
    </p>
   </div>
   <div class='ocr_carea' id='block_1_6' title="bbox 504 444 2066 527">
    <p class='ocr_par' dir='ltr' id='par_1_6' title="bbox 504 444 2066 527">
     <span class='ocr_line' id='line_1_6' title="bbox 504 444 2066 527; baseline 0.012 -31"><span class='ocrx_word' id='word_1_22' title='bbox 504 444 715 499; x_wconf 72' lang='grc' dir='ltr'>ερίιίοιιι</span> <span class='ocrx_word' id='word_1_23' title='bbox 738 449 881 516; x_wconf 89' lang='lat' dir='ltr'><strong>quod</strong></span> <span class='ocrx_word' id='word_1_24' title='bbox 912 461 1068 518; x_wconf 87' lang='lat' dir='ltr'><strong>optas</strong></span> <span class='ocrx_word' id='word_1_25' title='bbox 1104 464 1526 511; x_wconf 79' lang='lat' dir='ltr'><strong>consecuturum</strong></span> <span class='ocrx_word' id='word_1_26' title='bbox 1556 474 1701 523; x_wconf 82' lang='lat' dir='ltr'><strong>esse,</strong></span> <span class='ocrx_word' id='word_1_27' title='bbox 1739 475 2066 527; x_wconf 74' lang='lat' dir='ltr'><strong>cognoscere</strong></span> 
     </span>
    </p>
   </div>
   <div class='ocr_carea' id='block_1_7' title="bbox 506 538 2065 621">
    <p class='ocr_par' dir='ltr' id='par_1_7' title="bbox 506 538 2065 621">
     <span class='ocr_line' id='line_1_7' title="bbox 506 538 2065 621; baseline 0.012 -33"><span class='ocrx_word' id='word_1_28' title='bbox 506 538 732 605; x_wconf 87' lang='lat' dir='ltr'><strong>poteris.</strong></span> <span class='ocrx_word' id='word_1_29' title='bbox 780 557 798 590; x_wconf 74' lang='grc' dir='ltr'><strong>ι</strong></span> <span class='ocrx_word' id='word_1_30' title='bbox 838 541 1165 597; x_wconf 73' lang='lat' dir='ltr'><strong>Athanasius</strong></span> <span class='ocrx_word' id='word_1_31' title='bbox 1208 547 1455 613; x_wconf 73' lang='lat' dir='ltr'><strong>epistolis</strong></span> <span class='ocrx_word' id='word_1_32' title='bbox 1477 552 1736 620; x_wconf 64' lang='lat' dir='ltr'><strong>Aquileiaa</strong></span> <span class='ocrx_word' id='word_1_33' title='bbox 1766 552 1867 621; x_wconf 89' lang='lat' dir='ltr'><strong>(ibi</strong></span> <span class='ocrx_word' id='word_1_34' title='bbox 1920 556 2065 607; x_wconf 91' lang='lat' dir='ltr'><strong>enim</strong></span> 
     </span>
    </p>
   </div>
   <div class='ocr_carea' id='block_1_8' title="bbox 505 628 2068 706">
    <p class='ocr_par' dir='ltr' id='par_1_8' title="bbox 505 628 2068 706">
     <span class='ocr_line' id='line_1_8' title="bbox 505 628 2068 706; baseline 0.013 -28"><span class='ocrx_word' id='word_1_35' title='bbox 505 628 757 699; x_wconf 83' lang='lat' dir='ltr'><strong>degebat)</strong></span> <span class='ocrx_word' id='word_1_36' title='bbox 789 632 1044 695; x_wconf 87' lang='lat' dir='ltr'><strong>acceptis,</strong></span> <span class='ocrx_word' id='word_1_37' title='bbox 1084 633 1309 689; x_wconf 84' lang='lat' dir='ltr'><strong>Romam</strong></span> <span class='ocrx_word' id='word_1_38' title='bbox 1346 639 1412 693; x_wconf 90' lang='lat' dir='ltr'><strong>ad</strong></span> <span class='ocrx_word' id='word_1_39' title='bbox 1439 639 1646 696; x_wconf 78' lang='lat' dir='ltr'><strong>Julium</strong></span> <span class='ocrx_word' id='word_1_40' title='bbox 1674 683 1689 706; x_wconf 95' lang='lat'><strong>,</strong></span> <span class='ocrx_word' id='word_1_41' title='bbox 1715 652 1773 696; x_wconf 91' lang='lat' dir='ltr'><strong>ut</strong></span> <span class='ocrx_word' id='word_1_42' title='bbox 1803 644 1872 698; x_wconf 90' lang='lat' dir='ltr'><strong>de</strong></span> <span class='ocrx_word' id='word_1_43' title='bbox 1904 645 2068 698; x_wconf 85' lang='lat' dir='ltr'><strong>rebus</strong></span> 
     </span>
    </p>
   </div>
   <div class='ocr_carea' id='block_1_9' title="bbox 506 718 2068 804">
    <p class='ocr_par' dir='ltr' id='par_1_9' title="bbox 506 718 2068 804">
     <span class='ocr_line' id='line_1_9' title="bbox 506 718 2068 804; baseline 0.015 -36"><span class='ocrx_word' id='word_1_44' title='bbox 506 718 623 771; x_wconf 85' lang='lat' dir='ltr'><strong>suis</strong></span> <span class='ocrx_word' id='word_1_45' title='bbox 666 734 788 770; x_wconf 91' lang='lat' dir='ltr'><strong>cum</strong></span> <span class='ocrx_word' id='word_1_46' title='bbox 823 735 889 773; x_wconf 87' lang='lat' dir='ltr'><strong>eo</strong></span> <span class='ocrx_word' id='word_1_47' title='bbox 929 724 1307 793; x_wconf 84' lang='lat' dir='ltr'><strong>constitueret,</strong></span> <span class='ocrx_word' id='word_1_48' title='bbox 1358 730 1637 794; x_wconf 84' lang='lat' dir='ltr'><strong>profectus</strong></span> <span class='ocrx_word' id='word_1_49' title='bbox 1662 743 1767 788; x_wconf 92' lang='lat' dir='ltr'><strong>est.</strong></span> <span class='ocrx_word' id='word_1_50' title='bbox 1793 735 1893 790; x_wconf 90' lang='lat' dir='ltr'><strong>Cui</strong></span> <span class='ocrx_word' id='word_1_51' title='bbox 1946 737 2068 804; x_wconf 86' lang='lat' dir='ltr'><strong>qui-</strong></span> 
     </span>
    </p>
   </div>
   <div class='ocr_carea' id='block_1_10' title="bbox 503 808 2071 895">
    <p class='ocr_par' dir='ltr' id='par_1_10' title="bbox 503 808 2071 895">
     <span class='ocr_line' id='line_1_10' title="bbox 503 808 2071 895; baseline 0.016 -36"><span class='ocrx_word' id='word_1_52' title='bbox 503 808 626 860; x_wconf 87' lang='lat' dir='ltr'><strong>dem</strong></span> <span class='ocrx_word' id='word_1_53' title='bbox 653 810 798 863; x_wconf 82' lang='lat' dir='ltr'><strong>Julio</strong></span> <span class='ocrx_word' id='word_1_54' title='bbox 831 821 885 866; x_wconf 91' lang='lat' dir='ltr'><strong>et</strong></span> <span class='ocrx_word' id='word_1_55' title='bbox 939 815 1195 872; x_wconf 65' lang='lat' dir='ltr'><strong>Romanae</strong></span> <span class='ocrx_word' id='word_1_56' title='bbox 1238 821 1491 877; x_wconf 67' lang='lat' dir='ltr'><strong>Ecclesiae</strong></span> <span class='ocrx_word' id='word_1_57' title='bbox 1525 826 1613 879; x_wconf 89' lang='lat' dir='ltr'><strong>ille</strong></span> <span class='ocrx_word' id='word_1_58' title='bbox 1653 828 1947 895; x_wconf 89' lang='lat' dir='ltr'><strong>plurimum</strong></span> <span class='ocrx_word' id='word_1_59' title='bbox 1989 839 2071 884; x_wconf 88' lang='lat' dir='ltr'><strong>at-</strong></span> 
     </span>
    </p>
   </div>
   <div class='ocr_carea' id='block_1_11' title="bbox 504 900 2068 974">
    <p class='ocr_par' dir='ltr' id='par_1_11' title="bbox 504 900 2068 974">
     <span class='ocr_line' id='line_1_11' title="bbox 504 900 2068 974; baseline 0.013 -21"><span class='ocrx_word' id='word_1_60' title='bbox 504 900 627 954; x_wconf 85' lang='lat' dir='ltr'><strong>tulit</strong></span> <span class='ocrx_word' id='word_1_61' title='bbox 645 900 868 967; x_wconf 68' lang='lat' dir='ltr'><strong>lactitiar,</strong></span> <span class='ocrx_word' id='word_1_62' title='bbox 888 919 1012 958; x_wconf 90' lang='lat' dir='ltr'><strong>cum</strong></span> <span class='ocrx_word' id='word_1_63' title='bbox 1046 909 1258 965; x_wconf 89' lang='lat' dir='ltr'><strong>litteras</strong></span> <span class='ocrx_word' id='word_1_64' title='bbox 1274 915 1356 967; x_wconf 90' lang='lat' dir='ltr'><strong>eis</strong></span> <span class='ocrx_word' id='word_1_65' title='bbox 1381 917 1740 971; x_wconf 81' lang='lat' dir='ltr'><strong>exhibuisset.</strong></span> <span class='ocrx_word' id='word_1_66' title='bbox 1759 919 2068 974; x_wconf 83' lang='lat' dir='ltr'><strong>Credebant</strong></span> 
     </span>
    </p>
   </div>
   <div class='ocr_carea' id='block_1_12' title="bbox 501 991 2068 1081">
    <p class='ocr_par' dir='ltr' id='par_1_12' title="bbox 501 991 2068 1081">
     <span class='ocr_line' id='line_1_12' title="bbox 501 991 2068 1081; baseline 0.017 -40"><span class='ocrx_word' id='word_1_67' title='bbox 501 991 646 1042; x_wconf 88' lang='lat' dir='ltr'><strong>enim</strong></span> <span class='ocrx_word' id='word_1_68' title='bbox 690 992 933 1049; x_wconf 88' lang='lat' dir='ltr'><strong>Orientis</strong></span> <span class='ocrx_word' id='word_1_69' title='bbox 975 1013 1194 1068; x_wconf 91' lang='lat' dir='ltr'><strong>quoque</strong></span> <span class='ocrx_word' id='word_1_70' title='bbox 1247 1004 1631 1072; x_wconf 87' lang='lat' dir='ltr'><strong>imperatorem</strong></span> <span class='ocrx_word' id='word_1_71' title='bbox 1675 1025 1800 1063; x_wconf 87' lang='lat' dir='ltr'><strong>cum</strong></span> <span class='ocrx_word' id='word_1_72' title='bbox 1830 1012 1911 1065; x_wconf 85' lang='lat' dir='ltr'><strong>eis</strong></span> <span class='ocrx_word' id='word_1_73' title='bbox 1942 1029 2068 1081; x_wconf 81' lang='lat' dir='ltr'><strong>pro-</strong></span> 
     </span>
    </p>
   </div>
   <div class='ocr_carea' id='block_1_13' title="bbox 501 1079 2068 1162">
    <p class='ocr_par' dir='ltr' id='par_1_13' title="bbox 501 1079 2068 1162">
     <span class='ocr_line' id='line_1_13' title="bbox 501 1079 2068 1162; baseline 0.017 -30"><span class='ocrx_word' id='word_1_74' title='bbox 501 1079 723 1137; x_wconf 80' lang='lat' dir='ltr'><strong>fessioni</strong></span> <span class='ocrx_word' id='word_1_75' title='bbox 776 1088 898 1141; x_wconf 85' lang='lat' dir='ltr'><strong>fidei</strong></span> <span class='ocrx_word' id='word_1_76' title='bbox 954 1096 1245 1159; x_wconf 64' lang='lat' dir='ltr'><strong>assientire,</strong></span> <span class='ocrx_word' id='word_1_77' title='bbox 1271 1097 1362 1162; x_wconf 91' lang='lat' dir='ltr'><strong>qui</strong></span> <span class='ocrx_word' id='word_1_78' title='bbox 1397 1108 1501 1150; x_wconf 87' lang='lat' dir='ltr'><strong>tam</strong></span> <span class='ocrx_word' id='word_1_79' title='bbox 1546 1098 1862 1155; x_wconf 87' lang='lat' dir='ltr'><strong>humaniter</strong></span> <span class='ocrx_word' id='word_1_80' title='bbox 1895 1104 1960 1157; x_wconf 89' lang='lat' dir='ltr'><strong>ad</strong></span> <span class='ocrx_word' id='word_1_81' title='bbox 2009 1119 2068 1158; x_wconf 88' lang='lat' dir='ltr'><strong>se</strong></span> 
     </span>
    </p>
   </div>
   <div class='ocr_carea' id='block_1_14' title="bbox 500 1172 2068 1265">
    <p class='ocr_par' dir='ltr' id='par_1_14' title="bbox 500 1172 2068 1265">
     <span class='ocr_line' id='line_1_14' title="bbox 500 1172 2068 1265; baseline 0.016 -40"><span class='ocrx_word' id='word_1_82' title='bbox 500 1172 861 1231; x_wconf 81' lang='lat' dir='ltr'><strong>Athanasium</strong></span> <span class='ocrx_word' id='word_1_83' title='bbox 939 1182 1214 1240; x_wconf 84' lang='lat' dir='ltr'><strong>invitaret.</strong></span> <span class='ocrx_word' id='word_1_84' title='bbox 1274 1187 1340 1241; x_wconf 91' lang='lat' dir='ltr'><strong>Et</strong></span> <span class='ocrx_word' id='word_1_85' title='bbox 1411 1190 1587 1244; x_wconf 75' lang='lat' dir='ltr'><strong>Julius</strong></span> <span class='ocrx_word' id='word_1_86' title='bbox 1650 1194 1817 1246; x_wconf 88' lang='lat' dir='ltr'><strong>rebus</strong></span> <span class='ocrx_word' id='word_1_87' title='bbox 1867 1195 2068 1265; x_wconf 88' lang='lat' dir='ltr'><strong>quibus</strong></span> 
     </span>
    </p>
   </div>
   <div class='ocr_carea' id='block_1_15' title="bbox 501 1270 2070 1353">
    <p class='ocr_par' dir='ltr' id='par_1_15' title="bbox 501 1270 2070 1353">
     <span class='ocr_line' id='line_1_15' title="bbox 501 1270 2070 1353; baseline 0.014 -34"><span class='ocrx_word' id='word_1_88' title='bbox 501 1270 745 1334; x_wconf 84' lang='lat' dir='ltr'><strong>Oportnit</strong></span> <span class='ocrx_word' id='word_1_89' title='bbox 803 1272 952 1326; x_wconf 92' lang='lat' dir='ltr'><strong>illum</strong></span> <span class='ocrx_word' id='word_1_90' title='bbox 1000 1276 1288 1340; x_wconf 83' lang='lat' dir='ltr'><strong>instruxit.</strong></span> <span class='ocrx_word' id='word_1_91' title='bbox 1349 1282 1656 1353; x_wconf 88' lang='lat' dir='ltr'><strong>viaticoque</strong></span> <span class='ocrx_word' id='word_1_92' title='bbox 1684 1285 1911 1341; x_wconf 88' lang='lat' dir='ltr'><strong>donavit</strong></span> <span class='ocrx_word' id='word_1_93' title='bbox 1953 1305 1966 1342; x_wconf 90' lang='lat'><strong>:</strong></span> <span class='ocrx_word' id='word_1_94' title='bbox 2013 1298 2070 1343; x_wconf 88' lang='lat' dir='ltr'><strong>et</strong></span> 
     </span>
    </p>
   </div>
   <div class='ocr_carea' id='block_1_16' title="bbox 503 1356 2070 1443">
    <p class='ocr_par' dir='ltr' id='par_1_16' title="bbox 503 1356 2070 1443">
     <span class='ocr_line' id='line_1_16' title="bbox 503 1356 2070 1443; baseline 0.015 -33"><span class='ocrx_word' id='word_1_95' title='bbox 503 1356 715 1414; x_wconf 89' lang='lat' dir='ltr'><strong>litteras</strong></span> <span class='ocrx_word' id='word_1_96' title='bbox 758 1362 984 1432; x_wconf 87' lang='lat' dir='ltr'><strong>insuper</strong></span> <span class='ocrx_word' id='word_1_97' title='bbox 1019 1369 1069 1420; x_wconf 89' lang='lat' dir='ltr'><strong>ei</strong></span> <span class='ocrx_word' id='word_1_98' title='bbox 1102 1369 1166 1421; x_wconf 89' lang='lat' dir='ltr'><strong>ad</strong></span> <span class='ocrx_word' id='word_1_99' title='bbox 1202 1372 1409 1425; x_wconf 89' lang='lat' dir='ltr'><strong>clerum</strong></span> <span class='ocrx_word' id='word_1_100' title='bbox 1451 1383 1508 1428; x_wconf 91' lang='lat' dir='ltr'><strong>et</strong></span> <span class='ocrx_word' id='word_1_101' title='bbox 1538 1377 1798 1443; x_wconf 88' lang='lat' dir='ltr'><strong>pepulum</strong></span> <span class='ocrx_word' id='word_1_102' title='bbox 1839 1379 2070 1433; x_wconf 85' lang='lat' dir='ltr'><strong>Alexan-</strong></span> 
     </span>
    </p>
   </div>
   <div class='ocr_carea' id='block_1_17' title="bbox 503 1450 2068 1538">
    <p class='ocr_par' dir='ltr' id='par_1_17' title="bbox 503 1450 2068 1538">
     <span class='ocr_line' id='line_1_17' title="bbox 503 1450 2068 1538; baseline 0.014 -35"><span class='ocrx_word' id='word_1_103' title='bbox 503 1450 721 1505; x_wconf 90' lang='lat' dir='ltr'><strong>drinum</strong></span> <span class='ocrx_word' id='word_1_104' title='bbox 776 1454 946 1521; x_wconf 86' lang='lat' dir='ltr'><strong>dedit,</strong></span> <span class='ocrx_word' id='word_1_105' title='bbox 1005 1460 1207 1524; x_wconf 89' lang='lat' dir='ltr'><strong>quibus</strong></span> <span class='ocrx_word' id='word_1_106' title='bbox 1262 1478 1321 1515; x_wconf 90' lang='lat' dir='ltr'><strong>se</strong></span> <span class='ocrx_word' id='word_1_107' title='bbox 1381 1466 1549 1519; x_wconf 67' lang='lat' dir='ltr'><strong>laetari</strong></span> <span class='ocrx_word' id='word_1_108' title='bbox 1589 1477 1645 1521; x_wconf 92' lang='lat' dir='ltr'><strong>et</strong></span> <span class='ocrx_word' id='word_1_109' title='bbox 1689 1470 1954 1538; x_wconf 89' lang='lat' dir='ltr'><strong>gratulari</strong></span> <span class='ocrx_word' id='word_1_110' title='bbox 1986 1472 2068 1526; x_wconf 91' lang='lat' dir='ltr'><strong>eis</strong></span> 
     </span>
    </p>
   </div>
   <div class='ocr_carea' id='block_1_18' title="bbox 503 1538 2067 1617">
    <p class='ocr_par' dir='ltr' id='par_1_18' title="bbox 503 1538 2067 1617">
     <span class='ocr_line' id='line_1_18' title="bbox 503 1538 2067 1617; baseline 0.015 -26"><span class='ocrx_word' id='word_1_111' title='bbox 503 1538 709 1594; x_wconf 76' lang='lat' dir='ltr'><strong>indicat</strong></span> <span class='ocrx_word' id='word_1_112' title='bbox 743 1543 810 1597; x_wconf 90' lang='lat' dir='ltr'><strong>de</strong></span> <span class='ocrx_word' id='word_1_113' title='bbox 847 1547 978 1599; x_wconf 88' lang='lat' dir='ltr'><strong>tanti</strong></span> <span class='ocrx_word' id='word_1_114' title='bbox 1032 1553 1279 1617; x_wconf 58' lang='lat' dir='ltr'><strong>praesulis</strong></span> <span class='ocrx_word' id='word_1_115' title='bbox 1313 1555 1679 1611; x_wconf 84' lang='lat' dir='ltr'><strong>restitutione.</strong></span> <span class='ocrx_word' id='word_1_116' title='bbox 1721 1560 1800 1613; x_wconf 84' lang='lat' dir='ltr'><strong>Ad</strong></span> <span class='ocrx_word' id='word_1_117' title='bbox 1835 1567 2067 1615; x_wconf 88' lang='lat' dir='ltr'><strong>verbum</strong></span> 
     </span>
    </p>
   </div>
   <div class='ocr_carea' id='block_1_19' title="bbox 499 1632 1477 1711">
    <p class='ocr_par' dir='ltr' id='par_1_19' title="bbox 499 1632 1477 1711">
     <span class='ocr_line' id='line_1_19' title="bbox 499 1632 1477 1711; baseline 0.017 -28"><span class='ocrx_word' id='word_1_118' title='bbox 499 1632 729 1699; x_wconf 81' lang='lat' dir='ltr'><strong>epistola</strong></span> <span class='ocrx_word' id='word_1_119' title='bbox 764 1636 864 1690; x_wconf 89' lang='lat' dir='ltr'><strong>hoc</strong></span> <span class='ocrx_word' id='word_1_120' title='bbox 896 1639 1060 1693; x_wconf 91' lang='lat' dir='ltr'><strong>modo</strong></span> <span class='ocrx_word' id='word_1_121' title='bbox 1087 1642 1286 1711; x_wconf 87' lang='lat' dir='ltr'><strong>scripta</strong></span> <span class='ocrx_word' id='word_1_122' title='bbox 1319 1655 1477 1701; x_wconf 88' lang='lat' dir='ltr'><strong>erat:</strong></span> 
     </span>
    </p>
   </div>
   <div class='ocr_carea' id='block_1_20' title="bbox 1064 1756 1597 1816">
    <p class='ocr_par' dir='ltr' id='par_1_20' title="bbox 1064 1756 1597 1816">
     <span class='ocr_line' id='line_1_20' title="bbox 1064 1756 1597 1816; baseline 0.019 -8"><span class='ocrx_word' id='word_1_123' title='bbox 1064 1756 1294 1813; x_wconf 79' lang='lat' dir='ltr'><strong>CAPUT</strong></span> <span class='ocrx_word' id='word_1_124' title='bbox 1342 1759 1508 1816; x_wconf 73' lang='lat' dir='ltr'><strong>XXII.</strong></span> <span class='ocrx_word' id='word_1_125' title='bbox 1594 1772 1597 1775; x_wconf 42' lang='grc' dir='ltr'><strong>λ</strong></span> 
     </span>
    </p>
   </div>
   <div class='ocr_carea' id='block_1_21' title="bbox 488 1837 2077 1918">
    <p class='ocr_par' dir='ltr' id='par_1_21' title="bbox 488 1837 2077 1918">
     <span class='ocr_line' id='line_1_21' title="bbox 488 1837 2077 1918; baseline 0.012 -27"><span class='ocrx_word' id='word_1_126' title='bbox 488 1837 740 1906; x_wconf 67' lang='grc' dir='ltr'>Ὲρὶδιοια</span> <span class='ocrx_word' id='word_1_127' title='bbox 780 1844 911 1898; x_wconf 82' lang='lat' dir='ltr'><strong>Julii</strong></span> <span class='ocrx_word' id='word_1_128' title='bbox 956 1846 1203 1910; x_wconf 82' lang='lat' dir='ltr'><strong>Romani,</strong></span> <span class='ocrx_word' id='word_1_129' title='bbox 1240 1869 1334 1918; x_wconf 88' lang='lat' dir='ltr'><strong>pro</strong></span> <span class='ocrx_word' id='word_1_130' title='bbox 1382 1865 1566 1909; x_wconf 81' lang='lat' dir='ltr'><strong>sancto</strong></span> <span class='ocrx_word' id='word_1_131' title='bbox 1614 1858 1907 1911; x_wconf 78' lang='lat' dir='ltr'><strong>Athanasio</strong></span> <span class='ocrx_word' id='word_1_132' title='bbox 1957 1856 2077 1912; x_wconf 82' lang='lat' dir='ltr'><strong>Ale-</strong></span> 
     </span>
    </p>
   </div>
   <div class='ocr_carea' id='block_1_22' title="bbox 1027 1920 1534 1980">
    <p class='ocr_par' dir='ltr' id='par_1_22' title="bbox 1027 1920 1534 1980">
     <span class='ocr_line' id='line_1_22' title="bbox 1027 1920 1534 1980; baseline 0.024 -12"><span class='ocrx_word' id='word_1_133' title='bbox 1027 1920 1305 1975; x_wconf 74' lang='lat' dir='ltr'><strong>xandrinis</strong></span> <span class='ocrx_word' id='word_1_134' title='bbox 1356 1927 1534 1980; x_wconf 80' lang='lat' dir='ltr'><strong>missa.</strong></span> 
     </span>
    </p>
   </div>
   <div class='ocr_carea' id='block_1_23' title="bbox 581 2023 2076 2108">
    <p class='ocr_par' dir='ltr' id='par_1_23' title="bbox 581 2023 2076 2108">
     <span class='ocr_line' id='line_1_23' title="bbox 581 2023 2076 2108; baseline 0.021 -36"><span class='ocrx_word' id='word_1_135' title='bbox 581 2040 597 2072; x_wconf 83' lang='grc' dir='ltr'><strong>ι</strong></span> <span class='ocrx_word' id='word_1_136' title='bbox 639 2023 817 2077; x_wconf 85' lang='lat' dir='ltr'><strong>Julius</strong></span> <span class='ocrx_word' id='word_1_137' title='bbox 845 2028 1123 2097; x_wconf 71' lang='lat' dir='ltr'><strong>episcopis</strong></span> <span class='ocrx_word' id='word_1_138' title='bbox 1151 2042 1207 2086; x_wconf 91' lang='lat' dir='ltr'><strong>et</strong></span> <span class='ocrx_word' id='word_1_139' title='bbox 1252 2038 1674 2108; x_wconf 76' lang='lat' dir='ltr'><strong>presbyterisct</strong></span> <span class='ocrx_word' id='word_1_140' title='bbox 1720 2044 1967 2101; x_wconf 90' lang='lat' dir='ltr'><strong>diaconis</strong></span> <span class='ocrx_word' id='word_1_141' title='bbox 2019 2057 2076 2103; x_wconf 94' lang='lat' dir='ltr'><strong>et</strong></span> 
     </span>
    </p>
   </div>
   <div class='ocr_carea' id='block_1_24' title="bbox 506 2115 2071 2202">
    <p class='ocr_par' dir='ltr' id='par_1_24' title="bbox 506 2115 2071 2202">
     <span class='ocr_line' id='line_1_24' title="bbox 506 2115 2071 2202; baseline 0.02 -41"><span class='ocrx_word' id='word_1_142' title='bbox 506 2115 709 2181; x_wconf 85' lang='lat' dir='ltr'><strong>populo</strong></span> <span class='ocrx_word' id='word_1_143' title='bbox 741 2116 1122 2174; x_wconf 73' lang='lat' dir='ltr'><strong>Alexandriam</strong></span> <span class='ocrx_word' id='word_1_144' title='bbox 1166 2124 1449 2191; x_wconf 86' lang='lat' dir='ltr'><strong>incolenti,</strong></span> <span class='ocrx_word' id='word_1_145' title='bbox 1512 2130 1729 2188; x_wconf 87' lang='lat' dir='ltr'><strong>dilectis</strong></span> <span class='ocrx_word' id='word_1_146' title='bbox 1787 2136 2071 2202; x_wconf 82' lang='lat' dir='ltr'><strong>fratribus,</strong></span> 
     </span>
    </p>
   </div>
   <div class='ocr_carea' id='block_1_25' title="bbox 505 2202 2072 2294">
    <p class='ocr_par' dir='ltr' id='par_1_25' title="bbox 505 2202 2072 2294">
     <span class='ocr_line' id='line_1_25' title="bbox 505 2202 2072 2294; baseline 0.017 -39"><span class='ocrx_word' id='word_1_147' title='bbox 505 2202 560 2256; x_wconf 90' lang='lat' dir='ltr'><strong>in</strong></span> <span class='ocrx_word' id='word_1_148' title='bbox 627 2205 855 2261; x_wconf 89' lang='lat' dir='ltr'><strong>Domino</strong></span> <span class='ocrx_word' id='word_1_149' title='bbox 901 2212 1153 2271; x_wconf 81' lang='lat' dir='ltr'><strong>salutem.</strong></span> <span class='ocrx_word' id='word_1_150' title='bbox 1193 2214 1558 2287; x_wconf 81' lang='lat' dir='ltr'><strong>Congratulor</strong></span> <span class='ocrx_word' id='word_1_151' title='bbox 1615 2232 1671 2279; x_wconf 88' lang='lat' dir='ltr'><strong>et</strong></span> <span class='ocrx_word' id='word_1_152' title='bbox 1742 2241 1843 2294; x_wconf 82' lang='lat' dir='ltr'><strong>ego</strong></span> <span class='ocrx_word' id='word_1_153' title='bbox 1892 2229 2072 2291; x_wconf 82' lang='lat' dir='ltr'><strong>vobis,</strong></span> 
     </span>
    </p>
   </div>
   <div class='ocr_carea' id='block_1_26' title="bbox 503 2295 2074 2375">
    <p class='ocr_par' dir='ltr' id='par_1_26' title="bbox 503 2295 2074 2375">
     <span class='ocr_line' id='line_1_26' title="bbox 503 2295 2074 2375; baseline 0.018 -28"><span class='ocrx_word' id='word_1_154' title='bbox 503 2295 703 2351; x_wconf 78' lang='lat' dir='ltr'><strong>fratres</strong></span> <span class='ocrx_word' id='word_1_155' title='bbox 755 2299 974 2363; x_wconf 88' lang='lat' dir='ltr'><strong>dilecti,</strong></span> <span class='ocrx_word' id='word_1_156' title='bbox 1030 2321 1128 2361; x_wconf 88' lang='lat' dir='ltr'><strong>vos</strong></span> <span class='ocrx_word' id='word_1_157' title='bbox 1187 2307 1313 2363; x_wconf 81' lang='lat' dir='ltr'><strong>fidei</strong></span> <span class='ocrx_word' id='word_1_158' title='bbox 1363 2323 1562 2367; x_wconf 60' lang='lat' dir='ltr'><strong>vestrae</strong></span> <span class='ocrx_word' id='word_1_159' title='bbox 1604 2314 1842 2371; x_wconf 87' lang='lat' dir='ltr'><strong>fructum</strong></span> <span class='ocrx_word' id='word_1_160' title='bbox 1900 2322 2074 2375; x_wconf 89' lang='lat' dir='ltr'><strong>oculis</strong></span> 
     </span>
    </p>
   </div>
   <div class='ocr_carea' id='block_1_27' title="bbox 506 2391 2070 2480">
    <p class='ocr_par' dir='ltr' id='par_1_27' title="bbox 506 2391 2070 2480">
     <span class='ocr_line' id='line_1_27' title="bbox 506 2391 2070 2480; baseline 0.02 -41"><span class='ocrx_word' id='word_1_161' title='bbox 506 2391 703 2443; x_wconf 82' lang='lat' dir='ltr'><strong>vestris</strong></span> <span class='ocrx_word' id='word_1_162' title='bbox 722 2395 1026 2463; x_wconf 84' lang='lat' dir='ltr'><strong>percipere.</strong></span> <span class='ocrx_word' id='word_1_163' title='bbox 1045 2398 1099 2452; x_wconf 88' lang='lat' dir='ltr'><strong>ld</strong></span> <span class='ocrx_word' id='word_1_164' title='bbox 1116 2402 1275 2455; x_wconf 53' lang='lat' dir='ltr'><strong>enim</strong></span> <span class='ocrx_word' id='word_1_165' title='bbox 1307 2420 1435 2459; x_wconf 89' lang='lat' dir='ltr'><strong>vere</strong></span> <span class='ocrx_word' id='word_1_166' title='bbox 1459 2408 1729 2477; x_wconf 86' lang='lat' dir='ltr'><strong>quispiam</strong></span> <span class='ocrx_word' id='word_1_167' title='bbox 1758 2413 1870 2467; x_wconf 88' lang='lat' dir='ltr'><strong>fieri</strong></span> <span class='ocrx_word' id='word_1_168' title='bbox 1902 2414 2070 2480; x_wconf 84' lang='lat' dir='ltr'><strong>dicat,</strong></span> 
     </span>
    </p>
   </div>
   <div class='ocr_carea' id='block_1_28' title="bbox 505 2480 2075 2574">
    <p class='ocr_par' dir='ltr' id='par_1_28' title="bbox 505 2480 2075 2574">
     <span class='ocr_line' id='line_1_28' title="bbox 505 2480 2075 2574; baseline 0.018 -42"><span class='ocrx_word' id='word_1_169' title='bbox 505 2480 560 2534; x_wconf 93' lang='lat' dir='ltr'><strong>in</strong></span> <span class='ocrx_word' id='word_1_170' title='bbox 587 2481 753 2537; x_wconf 80' lang='lat' dir='ltr'><strong>fratre</strong></span> <span class='ocrx_word' id='word_1_171' title='bbox 777 2496 831 2539; x_wconf 92' lang='lat' dir='ltr'><strong>et</strong></span> <span class='ocrx_word' id='word_1_172' title='bbox 857 2490 1184 2562; x_wconf 87' lang='lat' dir='ltr'><strong>coepiscopo</strong></span> <span class='ocrx_word' id='word_1_173' title='bbox 1214 2504 1404 2551; x_wconf 91' lang='lat' dir='ltr'><strong>nostro</strong></span> <span class='ocrx_word' id='word_1_174' title='bbox 1450 2501 1749 2556; x_wconf 85' lang='lat' dir='ltr'><strong>Athanasio</strong></span> <span class='ocrx_word' id='word_1_175' title='bbox 1776 2523 1788 2557; x_wconf 95' lang='lat'><strong>:</strong></span> <span class='ocrx_word' id='word_1_176' title='bbox 1817 2521 1978 2574; x_wconf 88' lang='lat' dir='ltr'><strong>quem</strong></span> <span class='ocrx_word' id='word_1_177' title='bbox 2017 2518 2075 2561; x_wconf 89' lang='lat' dir='ltr'><strong>et</strong></span> 
     </span>
    </p>
   </div>
   <div class='ocr_carea' id='block_1_29' title="bbox 501 2577 2064 2663">
    <p class='ocr_par' dir='ltr' id='par_1_29' title="bbox 501 2577 2064 2663">
     <span class='ocr_line' id='line_1_29' title="bbox 501 2577 2064 2663; baseline 0.019 -41"><span class='ocrx_word' id='word_1_178' title='bbox 501 2581 726 2641; x_wconf 86' lang='lat' dir='ltr'><strong>pr0pter</strong></span> <span class='ocrx_word' id='word_1_179' title='bbox 779 2577 901 2631; x_wconf 75' lang='lat' dir='ltr'><strong>vitae</strong></span> <span class='ocrx_word' id='word_1_180' title='bbox 943 2580 1062 2651; x_wconf 88' lang='lat' dir='ltr'><strong>ejus</strong></span> <span class='ocrx_word' id='word_1_181' title='bbox 1108 2585 1423 2652; x_wconf 80' lang='lat' dir='ltr'><strong>puritatem,</strong></span> <span class='ocrx_word' id='word_1_182' title='bbox 1480 2599 1537 2644; x_wconf 88' lang='lat' dir='ltr'><strong>et</strong></span> <span class='ocrx_word' id='word_1_183' title='bbox 1581 2586 1805 2663; x_wconf 87' lang='lat' dir='ltr'><strong>propter</strong></span> <span class='ocrx_word' id='word_1_184' title='bbox 1852 2607 2064 2651; x_wconf 85' lang='lat' dir='ltr'><strong>vestras</strong></span> 
     </span>
    </p>
   </div>
   <div class='ocr_carea' id='block_1_30' title="bbox 500 2667 2074 2758">
    <p class='ocr_par' dir='ltr' id='par_1_30' title="bbox 500 2667 2074 2758">
     <span class='ocr_line' id='line_1_30' title="bbox 500 2667 2074 2758; baseline 0.018 -43"><span class='ocrx_word' id='word_1_185' title='bbox 500 2679 712 2730; x_wconf 86' lang='lat' dir='ltr'><strong>preces,</strong></span> <span class='ocrx_word' id='word_1_186' title='bbox 749 2667 889 2724; x_wconf 89' lang='lat' dir='ltr'><strong>Deus</strong></span> <span class='ocrx_word' id='word_1_187' title='bbox 925 2674 1079 2728; x_wconf 81' lang='lat' dir='ltr'><strong>vobis</strong></span> <span class='ocrx_word' id='word_1_188' title='bbox 1107 2677 1367 2733; x_wconf 82' lang='lat' dir='ltr'><strong>restituit.</strong></span> <span class='ocrx_word' id='word_1_189' title='bbox 1404 2680 1480 2735; x_wconf 84' lang='lat' dir='ltr'><strong>Ex</strong></span> <span class='ocrx_word' id='word_1_190' title='bbox 1532 2683 1636 2738; x_wconf 84' lang='lat' dir='ltr'><strong>hoc</strong></span> <span class='ocrx_word' id='word_1_191' title='bbox 1676 2701 1807 2740; x_wconf 84' lang='lat' dir='ltr'><strong>sane</strong></span> <span class='ocrx_word' id='word_1_192' title='bbox 1858 2689 2074 2758; x_wconf 82' lang='lat' dir='ltr'><strong>perspi—</strong></span> 
     </span>
    </p>
   </div>
   <div class='ocr_carea' id='block_1_31' title="bbox 502 2766 2074 2844">
    <p class='ocr_par' dir='ltr' id='par_1_31' title="bbox 502 2766 2074 2844">
     <span class='ocr_line' id='line_1_31' title="bbox 502 2766 2074 2844; baseline 0.018 -37"><span class='ocrx_word' id='word_1_193' title='bbox 502 2770 629 2810; x_wconf 89' lang='lat' dir='ltr'><strong>cere</strong></span> <span class='ocrx_word' id='word_1_194' title='bbox 653 2766 756 2821; x_wconf 88' lang='lat' dir='ltr'><strong>est,</strong></span> <span class='ocrx_word' id='word_1_195' title='bbox 784 2776 950 2829; x_wconf 91' lang='lat' dir='ltr'><strong>puras</strong></span> <span class='ocrx_word' id='word_1_196' title='bbox 977 2774 1189 2820; x_wconf 81' lang='lat' dir='ltr'><strong>vestras</strong></span> <span class='ocrx_word' id='word_1_197' title='bbox 1226 2768 1619 2842; x_wconf 89' lang='lat' dir='ltr'><strong>charitatisque</strong></span> <span class='ocrx_word' id='word_1_198' title='bbox 1654 2776 1842 2844; x_wconf 80' lang='lat' dir='ltr'><strong>plenas</strong></span> <span class='ocrx_word' id='word_1_199' title='bbox 1862 2781 2074 2835; x_wconf 86' lang='lat' dir='ltr'><strong>oratio-</strong></span> 
     </span>
    </p>
   </div>
   <div class='ocr_carea' id='block_1_32' title="bbox 505 2851 2072 2923">
    <p class='ocr_par' dir='ltr' id='par_1_32' title="bbox 505 2851 2072 2923">
     <span class='ocr_line' id='line_1_32' title="bbox 505 2851 2072 2923; baseline 0.019 -29"><span class='ocrx_word' id='word_1_200' title='bbox 505 2858 605 2897; x_wconf 85' lang='lat' dir='ltr'><strong>nes</strong></span> <span class='ocrx_word' id='word_1_201' title='bbox 630 2859 846 2915; x_wconf 85' lang='lat' dir='ltr'><strong>semper</strong></span> <span class='ocrx_word' id='word_1_202' title='bbox 867 2851 934 2905; x_wconf 89' lang='lat' dir='ltr'><strong>ad</strong></span> <span class='ocrx_word' id='word_1_203' title='bbox 966 2852 1137 2908; x_wconf 91' lang='lat' dir='ltr'><strong>Deum</strong></span> <span class='ocrx_word' id='word_1_204' title='bbox 1163 2870 1285 2911; x_wconf 88' lang='lat' dir='ltr'><strong>esse</strong></span> <span class='ocrx_word' id='word_1_205' title='bbox 1318 2860 1543 2916; x_wconf 86' lang='lat' dir='ltr'><strong>delatas.</strong></span> <span class='ocrx_word' id='word_1_206' title='bbox 1581 2864 1898 2920; x_wconf 76' lang='lat' dir='ltr'><strong>C(el&#39;cstium</strong></span> <span class='ocrx_word' id='word_1_207' title='bbox 1926 2871 2072 2923; x_wconf 88' lang='lat' dir='ltr'><strong>enim</strong></span> 
     </span>
    </p>
   </div>
   <div class='ocr_carea' id='block_1_33' title="bbox 504 2937 2072 3028">
    <p class='ocr_par' dir='ltr' id='par_1_33' title="bbox 504 2937 2072 3028">
     <span class='ocr_line' id='line_1_33' title="bbox 504 2937 2072 3028; baseline 0.02 -42"><span class='ocrx_word' id='word_1_208' title='bbox 504 2937 932 3002; x_wconf 89' lang='lat' dir='ltr'><strong>promissionum</strong></span> <span class='ocrx_word' id='word_1_209' title='bbox 996 2948 1390 3020; x_wconf 88' lang='lat' dir='ltr'><strong>eharitatisque</strong></span> <span class='ocrx_word' id='word_1_210' title='bbox 1458 2953 1512 3007; x_wconf 91' lang='lat' dir='ltr'><strong>in</strong></span> <span class='ocrx_word' id='word_1_211' title='bbox 1560 2956 1726 3010; x_wconf 88' lang='lat' dir='ltr'><strong>Deum</strong></span> <span class='ocrx_word' id='word_1_212' title='bbox 1782 2974 2072 3028; x_wconf 85' lang='lat' dir='ltr'><strong>memores,</strong></span> 
     </span>
    </p>
   </div>
   <div class='ocr_carea' id='block_1_34' title="bbox 2175 466 3724 550">
    <p class='ocr_par' dir='ltr' id='par_1_34' title="bbox 2175 466 3724 550">
     <span class='ocr_line' id='line_1_34' title="bbox 2175 466 3724 550; baseline 0.014 -35"><span class='ocrx_word' id='word_1_213' title='bbox 2175 481 2273 534; x_wconf 89' lang='grc' dir='ltr'><strong>την</strong></span> <span class='ocrx_word' id='word_1_214' title='bbox 2313 466 2568 537; x_wconf 85' lang='grc' dir='ltr'>διήγησιν</span> <span class='ocrx_word' id='word_1_215' title='bbox 2606 468 2842 538; x_wconf 76' lang='grc' dir='ltr'>’Δχήταν</span> <span class='ocrx_word' id='word_1_216' title='bbox 2883 471 2973 524; x_wconf 76' lang='grc' dir='ltr'>τὸν</span> <span class='ocrx_word' id='word_1_217' title='bbox 3014 473 3262 527; x_wconf 86' lang='grc' dir='ltr'>διάκονον</span> <span class='ocrx_word' id='word_1_218' title='bbox 3304 476 3724 550; x_wconf 76' lang='grc' dir='ltr'>ἀπεστείλαμενο</span> 
     </span>
    </p>
   </div>
   <div class='ocr_carea' id='block_1_35' title="bbox 2175 554 3725 643">
    <p class='ocr_par' dir='ltr' id='par_1_35' title="bbox 2175 554 3725 643">
     <span class='ocr_line' id='line_1_35' title="bbox 2175 554 3725 643; baseline 0.012 -39"><span class='ocrx_word' id='word_1_219' title='bbox 2175 556 2305 624; x_wconf 85' lang='grc' dir='ltr'>παρ’</span> <span class='ocrx_word' id='word_1_220' title='bbox 2331 554 2390 607; x_wconf 74' lang='grc' dir='ltr'>οὗ</span> <span class='ocrx_word' id='word_1_221' title='bbox 2426 556 2637 628; x_wconf 76' lang='grc' dir='ltr'>δυνήσῃ</span> <span class='ocrx_word' id='word_1_222' title='bbox 2668 559 2859 627; x_wconf 78' lang='grc' dir='ltr'>μαθεῖν</span> <span class='ocrx_word' id='word_1_223' title='bbox 2892 561 2994 629; x_wconf 86' lang='grc' dir='ltr'><strong>τῆς</strong></span> <span class='ocrx_word' id='word_1_224' title='bbox 3027 580 3083 615; x_wconf 89' lang='grc' dir='ltr'><strong>τε</strong></span> <span class='ocrx_word' id='word_1_225' title='bbox 3124 564 3407 635; x_wconf 69' lang='grc' dir='ltr'>ἡμετέρας</span> <span class='ocrx_word' id='word_1_226' title='bbox 3441 566 3609 639; x_wconf 76' lang='grc' dir='ltr'>ψυχῆς</span> <span class='ocrx_word' id='word_1_227' title='bbox 3638 573 3725 643; x_wconf 77' lang='grc' dir='ltr'><strong>τήν</strong></span> 
     </span>
    </p>
   </div>
   <div class='ocr_carea' id='block_1_36' title="bbox 2175 645 3725 737">
    <p class='ocr_par' dir='ltr' id='par_1_36' title="bbox 2175 645 3725 737">
     <span class='ocr_line' id='line_1_36' title="bbox 2175 645 3725 737; baseline 0.009 -40"><span class='ocrx_word' id='word_1_228' title='bbox 2175 647 2516 717; x_wconf 78' lang='grc' dir='ltr'>προαίρεσιν,</span> <span class='ocrx_word' id='word_1_229' title='bbox 2539 650 2630 701; x_wconf 79' lang='grc' dir='ltr'><strong>καὶ</strong></span> <span class='ocrx_word' id='word_1_230' title='bbox 2652 649 2957 703; x_wconf 82' lang='grc' dir='ltr'>ὅτιτούτων</span> <span class='ocrx_word' id='word_1_231' title='bbox 2978 645 3050 705; x_wconf 79' lang='grc' dir='ltr'><strong>ὧν</strong></span> <span class='ocrx_word' id='word_1_232' title='bbox 3074 652 3208 724; x_wconf 73' lang='grc' dir='ltr'>εὔχῃ</span> <span class='ocrx_word' id='word_1_233' title='bbox 3262 660 3447 724; x_wconf 79' lang='grc' dir='ltr'><strong>τυχεῖν</strong></span> <span class='ocrx_word' id='word_1_234' title='bbox 3467 656 3675 737; x_wconf 68' lang='grc' dir='ltr'>δυνήσῃ.</span> <span class='ocrx_word' id='word_1_235' title='bbox 3704 682 3725 713; x_wconf 72' lang='grc' dir='ltr'><strong>ι</strong></span> 
     </span>
    </p>
   </div>
   <div class='ocr_carea' id='block_1_37' title="bbox 2187 737 3730 811">
    <p class='ocr_par' dir='ltr' id='par_1_37' title="bbox 2187 737 3730 811">
     <span class='ocr_line' id='line_1_37' title="bbox 2187 737 3730 811; baseline 0.009 -21"><span class='ocrx_word' id='word_1_236' title='bbox 2187 737 2277 790; x_wconf 84' lang='grc' dir='ltr'><strong>Ἐν</strong></span> <span class='ocrx_word' id='word_1_237' title='bbox 2308 737 2530 792; x_wconf 85' lang='grc' dir='ltr'>Ἀκυλία</span> <span class='ocrx_word' id='word_1_238' title='bbox 2553 739 2728 792; x_wconf 83' lang='grc' dir='ltr'><strong>τοίνυν</strong></span> <span class='ocrx_word' id='word_1_239' title='bbox 2752 741 3044 811; x_wconf 80' lang='grc' dir='ltr'>δεξάμενος</span> <span class='ocrx_word' id='word_1_240' title='bbox 3076 745 3397 808; x_wconf 82' lang='grc' dir='ltr'>Ἀθανάσιος</span> <span class='ocrx_word' id='word_1_241' title='bbox 3422 751 3516 809; x_wconf 77' lang='grc' dir='ltr'><strong>τὰς</strong></span> <span class='ocrx_word' id='word_1_242' title='bbox 3541 752 3730 805; x_wconf 72' lang='grc' dir='ltr'>ἐπιστο-</span> 
     </span>
    </p>
   </div>
   <div class='ocr_carea' id='block_1_38' title="bbox 2174 827 3728 909">
    <p class='ocr_par' dir='ltr' id='par_1_38' title="bbox 2174 827 3728 909">
     <span class='ocr_line' id='line_1_38' title="bbox 2174 827 3728 909; baseline 0.008 -30"><span class='ocrx_word' id='word_1_243' title='bbox 2174 827 2303 891; x_wconf 75' lang='grc' dir='ltr'>λὰς,</span> <span class='ocrx_word' id='word_1_244' title='bbox 2333 831 2511 883; x_wconf 77' lang='grc' dir='ltr'>ἐκεῖσε</span> <span class='ocrx_word' id='word_1_245' title='bbox 2543 831 2650 900; x_wconf 79' lang='grc' dir='ltr'>γὰρ</span> <span class='ocrx_word' id='word_1_246' title='bbox 2681 835 2915 909; x_wconf 76' lang='grc' dir='ltr'>ἐποιεῖτο</span> <span class='ocrx_word' id='word_1_247' title='bbox 2942 836 3040 895; x_wconf 75' lang='grc' dir='ltr'>τὰς</span> <span class='ocrx_word' id='word_1_248' title='bbox 3070 836 3358 905; x_wconf 71' lang='grc' dir='ltr'>διατριϐάς</span> <span class='ocrx_word' id='word_1_249' title='bbox 3382 876 3398 901; x_wconf 83' lang='grc'><strong><em>,</em></strong></span> <span class='ocrx_word' id='word_1_250' title='bbox 3434 842 3728 909; x_wconf 71' lang='grc' dir='ltr'>συνταξόμεσ</span> 
     </span>
    </p>
   </div>
   <div class='ocr_carea' id='block_1_39' title="bbox 2176 905 3728 1000">
    <p class='ocr_par' dir='ltr' id='par_1_39' title="bbox 2176 905 3728 1000">
     <span class='ocr_line' id='line_1_39' title="bbox 2176 905 3728 1000; baseline 0.007 -29"><span class='ocrx_word' id='word_1_251' title='bbox 2176 936 2264 982; x_wconf 92' lang='grc' dir='ltr'><strong>νος</strong></span> <span class='ocrx_word' id='word_1_252' title='bbox 2298 921 2522 990; x_wconf 79' lang='grc' dir='ltr'>Ἰουλίῳ,</span> <span class='ocrx_word' id='word_1_253' title='bbox 2553 923 2632 986; x_wconf 75' lang='grc' dir='ltr'><strong>εἰς</strong></span> <span class='ocrx_word' id='word_1_254' title='bbox 2664 922 2883 993; x_wconf 79' lang='grc' dir='ltr'>Ῥώμην</span> <span class='ocrx_word' id='word_1_255' title='bbox 2906 905 3154 995; x_wconf 71' lang='grc' dir='ltr'>ἀφίκετο.</span> <span class='ocrx_word' id='word_1_256' title='bbox 3183 929 3297 980; x_wconf 75' lang='grc' dir='ltr'><strong>Καὶ</strong></span> <span class='ocrx_word' id='word_1_257' title='bbox 3330 930 3531 1000; x_wconf 78' lang='grc' dir='ltr'>πολλὴν</span> <span class='ocrx_word' id='word_1_258' title='bbox 3556 905 3728 999; x_wconf 70' lang='grc' dir='ltr'>ἐκείνῳ</span> 
     </span>
    </p>
   </div>
   <div class='ocr_carea' id='block_1_40' title="bbox 2176 1011 3724 1089">
    <p class='ocr_par' dir='ltr' id='par_1_40' title="bbox 2176 1011 3724 1089">
     <span class='ocr_line' id='line_1_40' title="bbox 2176 1011 3724 1089; baseline 0.008 -27"><span class='ocrx_word' id='word_1_259' title='bbox 2176 1012 2269 1062; x_wconf 74' lang='grc' dir='ltr'><strong>καὶ</strong></span> <span class='ocrx_word' id='word_1_260' title='bbox 2304 1011 2597 1080; x_wconf 81' lang='grc' dir='ltr'>Ῥωμαίοις</span> <span class='ocrx_word' id='word_1_261' title='bbox 2640 1015 2806 1081; x_wconf 80' lang='grc' dir='ltr'>ἐνῆκε</span> <span class='ocrx_word' id='word_1_262' title='bbox 2850 1017 3051 1085; x_wconf 85' lang='grc' dir='ltr'>χαράν,</span> <span class='ocrx_word' id='word_1_263' title='bbox 3091 1016 3274 1082; x_wconf 82' lang='grc' dir='ltr'>δείξας</span> <span class='ocrx_word' id='word_1_264' title='bbox 3317 1020 3388 1071; x_wconf 79' lang='grc' dir='ltr'><strong>τά</strong></span> <span class='ocrx_word' id='word_1_265' title='bbox 3430 1025 3724 1089; x_wconf 68' lang='grc' dir='ltr'>γράμματα.</span> 
     </span>
    </p>
   </div>
   <div class='ocr_carea' id='block_1_41' title="bbox 2180 1102 3727 1180">
    <p class='ocr_par' dir='ltr' id='par_1_41' title="bbox 2180 1102 3727 1180">
     <span class='ocr_line' id='line_1_41' title="bbox 2180 1102 3727 1180; baseline 0.008 -28"><span class='ocrx_word' id='word_1_266' title='bbox 2180 1102 2370 1171; x_wconf 78' lang='grc' dir='ltr'>’ῼοντο</span> <span class='ocrx_word' id='word_1_267' title='bbox 2396 1103 2500 1173; x_wconf 83' lang='grc' dir='ltr'><strong>γάρ</strong></span> <span class='ocrx_word' id='word_1_268' title='bbox 2527 1106 2619 1156; x_wconf 88' lang='grc' dir='ltr'><strong>καί</strong></span> <span class='ocrx_word' id='word_1_269' title='bbox 2642 1103 2735 1157; x_wconf 81' lang='grc' dir='ltr'><strong>τὸν</strong></span> <span class='ocrx_word' id='word_1_270' title='bbox 2762 1107 2858 1174; x_wconf 75' lang='grc' dir='ltr'>τῆς</span> <span class='ocrx_word' id='word_1_271' title='bbox 2886 1107 2960 1159; x_wconf 68' lang='grc' dir='ltr'>ἕω</span> <span class='ocrx_word' id='word_1_272' title='bbox 2985 1110 3297 1175; x_wconf 78' lang='grc' dir='ltr'>κρατοῦντα</span> <span class='ocrx_word' id='word_1_273' title='bbox 3325 1114 3391 1179; x_wconf 79' lang='grc' dir='ltr'>τῇ</span> <span class='ocrx_word' id='word_1_274' title='bbox 3424 1112 3595 1163; x_wconf 82' lang='grc' dir='ltr'>πίστει</span> <span class='ocrx_word' id='word_1_275' title='bbox 3621 1114 3727 1180; x_wconf 64' lang='grc' dir='ltr'><strong>ὗμιν-</strong></span> 
     </span>
    </p>
   </div>
   <div class='ocr_carea' id='block_1_42' title="bbox 2176 1195 3727 1269">
    <p class='ocr_par' dir='ltr' id='par_1_42' title="bbox 2176 1195 3727 1269">
     <span class='ocr_line' id='line_1_42' title="bbox 2176 1195 3727 1269; baseline 0.008 -25"><span class='ocrx_word' id='word_1_276' title='bbox 2176 1197 2412 1264; x_wconf 82' lang='grc' dir='ltr'>φρονεῖν,</span> <span class='ocrx_word' id='word_1_277' title='bbox 2455 1195 2794 1266; x_wconf 79' lang='grc' dir='ltr'><strong>φιλοφρόνως</strong></span> <span class='ocrx_word' id='word_1_278' title='bbox 2827 1197 2970 1251; x_wconf 76' lang='grc' dir='ltr'>οὕτω</span> <span class='ocrx_word' id='word_1_279' title='bbox 3006 1201 3492 1269; x_wconf 82' lang='grc' dir='ltr'>μετακαλούμενον</span> <span class='ocrx_word' id='word_1_280' title='bbox 3527 1205 3727 1258; x_wconf 72' lang='grc' dir='ltr'>Ἀθανά-</span> 
     </span>
    </p>
   </div>
   <div class='ocr_carea' id='block_1_43' title="bbox 2178 1285 3726 1361">
    <p class='ocr_par' dir='ltr' id='par_1_43' title="bbox 2178 1285 3726 1361">
     <span class='ocr_line' id='line_1_43' title="bbox 2178 1285 3726 1361; baseline 0.008 -26"><span class='ocrx_word' id='word_1_281' title='bbox 2178 1302 2313 1337; x_wconf 89' lang='grc' dir='ltr'>σιον.</span> <span class='ocrx_word' id='word_1_282' title='bbox 2351 1285 2670 1352; x_wconf 83' lang='grc' dir='ltr'>Ἐφοδιάσας</span> <span class='ocrx_word' id='word_1_283' title='bbox 2715 1287 2771 1339; x_wconf 79' lang='grc' dir='ltr'>δὲ</span> <span class='ocrx_word' id='word_1_284' title='bbox 2809 1288 2998 1341; x_wconf 82' lang='grc' dir='ltr'>τοῦτον</span> <span class='ocrx_word' id='word_1_285' title='bbox 3033 1290 3254 1352; x_wconf 80' lang='grc' dir='ltr'><strong>Ἰούλιος</strong></span> <span class='ocrx_word' id='word_1_286' title='bbox 3298 1287 3380 1354; x_wconf 73' lang='grc' dir='ltr'><strong>οἷς</strong></span> <span class='ocrx_word' id='word_1_287' title='bbox 3421 1294 3607 1361; x_wconf 75' lang='grc' dir='ltr'>ἐχρῆν,</span> <span class='ocrx_word' id='word_1_288' title='bbox 3646 1299 3726 1348; x_wconf 78' lang='grc' dir='ltr'><strong>καὶ</strong></span> 
     </span>
    </p>
   </div>
   <div class='ocr_carea' id='block_1_44' title="bbox 2176 1377 3726 1454">
    <p class='ocr_par' dir='ltr' id='par_1_44' title="bbox 2176 1377 3726 1454">
     <span class='ocr_line' id='line_1_44' title="bbox 2176 1377 3726 1454; baseline 0.007 -27"><span class='ocrx_word' id='word_1_289' title='bbox 2176 1378 2484 1446; x_wconf 82' lang='grc' dir='ltr'>γράμματα</span> <span class='ocrx_word' id='word_1_290' title='bbox 2525 1378 2593 1429; x_wconf 75' lang='grc' dir='ltr'>δι’</span> <span class='ocrx_word' id='word_1_291' title='bbox 2619 1377 2784 1431; x_wconf 82' lang='grc' dir='ltr'>αὐτοῦ</span> <span class='ocrx_word' id='word_1_292' title='bbox 2834 1379 2912 1449; x_wconf 83' lang='grc' dir='ltr'>τῷ</span> <span class='ocrx_word' id='word_1_293' title='bbox 2950 1382 3051 1450; x_wconf 80' lang='grc' dir='ltr'>τῆς</span> <span class='ocrx_word' id='word_1_294' title='bbox 3087 1383 3496 1454; x_wconf 66' lang='grc' dir='ltr'><strong>Ἀλεξανδρείας</strong></span> <span class='ocrx_word' id='word_1_295' title='bbox 3538 1388 3726 1454; x_wconf 78' lang='grc' dir='ltr'>ἔπεμπε</span> 
     </span>
    </p>
   </div>
   <div class='ocr_carea' id='block_1_45' title="bbox 2176 1465 3725 1542">
    <p class='ocr_par' dir='ltr' id='par_1_45' title="bbox 2176 1465 3725 1542">
     <span class='ocr_line' id='line_1_45' title="bbox 2176 1465 3725 1542; baseline 0.006 -24"><span class='ocrx_word' id='word_1_296' title='bbox 2176 1469 2367 1538; x_wconf 71' lang='grc' dir='ltr'>κλήρῳ</span> <span class='ocrx_word' id='word_1_297' title='bbox 2399 1486 2458 1520; x_wconf 90' lang='grc' dir='ltr'><strong>τε</strong></span> <span class='ocrx_word' id='word_1_298' title='bbox 2498 1470 2591 1521; x_wconf 78' lang='grc' dir='ltr'>καὶ</span> <span class='ocrx_word' id='word_1_299' title='bbox 2632 1469 2766 1539; x_wconf 79' lang='grc' dir='ltr'>λαῷ,</span> <span class='ocrx_word' id='word_1_300' title='bbox 2799 1470 2866 1523; x_wconf 86' lang='grc' dir='ltr'>δι’</span> <span class='ocrx_word' id='word_1_301' title='bbox 2914 1465 3005 1524; x_wconf 64' lang='grc' dir='ltr'>ὦνι</span> <span class='ocrx_word' id='word_1_302' title='bbox 3025 1473 3351 1542; x_wconf 82' lang='grc' dir='ltr'>συνήδεσθαι</span> <span class='ocrx_word' id='word_1_303' title='bbox 3385 1474 3614 1527; x_wconf 77' lang='grc' dir='ltr'>δείκνυσι</span> <span class='ocrx_word' id='word_1_304' title='bbox 3647 1479 3725 1527; x_wconf 76' lang='grc' dir='ltr'>καὶ</span> 
     </span>
    </p>
   </div>
   <div class='ocr_carea' id='block_1_46' title="bbox 2176 1563 3724 1636">
    <p class='ocr_par' dir='ltr' id='par_1_46' title="bbox 2176 1563 3724 1636">
     <span class='ocr_line' id='line_1_46' title="bbox 2176 1563 3724 1636; baseline 0.005 -23"><span class='ocrx_word' id='word_1_305' title='bbox 2176 1563 2388 1631; x_wconf 81' lang='grc' dir='ltr'>χαίρειν</span> <span class='ocrx_word' id='word_1_306' title='bbox 2414 1564 2479 1631; x_wconf 83' lang='grc' dir='ltr'>τῇ</span> <span class='ocrx_word' id='word_1_307' title='bbox 2508 1563 2751 1632; x_wconf 82' lang='grc' dir='ltr'>ὲπανόδῳ</span> <span class='ocrx_word' id='word_1_308' title='bbox 2776 1563 2871 1616; x_wconf 77' lang='grc' dir='ltr'>τοῦ</span> <span class='ocrx_word' id='word_1_309' title='bbox 2901 1565 3162 1618; x_wconf 82' lang='grc' dir='ltr'>τοσούτου</span> <span class='ocrx_word' id='word_1_310' title='bbox 3192 1567 3518 1636; x_wconf 77' lang='grc' dir='ltr'>ἀρχιερέως.</span> <span class='ocrx_word' id='word_1_311' title='bbox 3553 1567 3652 1618; x_wconf 72' lang='grc' dir='ltr'><strong>Ὠξὶ</strong></span> <span class='ocrx_word' id='word_1_312' title='bbox 3677 1569 3724 1620; x_wconf 71' lang='grc' dir='ltr'>δὲ</span> 
     </span>
    </p>
   </div>
   <div class='ocr_carea' id='block_1_47' title="bbox 2177 1652 2823 1724">
    <p class='ocr_par' dir='ltr' id='par_1_47' title="bbox 2177 1652 2823 1724">
     <span class='ocr_line' id='line_1_47' title="bbox 2177 1652 2823 1724; baseline 0.003 -18"><span class='ocrx_word' id='word_1_313' title='bbox 2177 1655 2312 1724; x_wconf 83' lang='grc' dir='ltr'>πρὸς</span> <span class='ocrx_word' id='word_1_314' title='bbox 2340 1652 2485 1716; x_wconf 79' lang='grc' dir='ltr'>λέξιν</span> <span class='ocrx_word' id='word_1_315' title='bbox 2518 1653 2782 1723; x_wconf 78' lang='grc' dir='ltr'>ἠγόρευον</span> <span class='ocrx_word' id='word_1_316' title='bbox 2806 1671 2823 1687; x_wconf 77' lang='grc' dir='ltr'><strong>ο</strong></span> 
     </span>
    </p>
   </div>
   <div class='ocr_carea' id='block_1_48' title="bbox 2748 1767 3170 1823">
    <p class='ocr_par' dir='ltr' id='par_1_48' title="bbox 2748 1767 3170 1823">
     <span class='ocr_line' id='line_1_48' title="bbox 2748 1767 3170 1823; baseline 0.009 -4"><span class='ocrx_word' id='word_1_317' title='bbox 2748 1768 3004 1822; x_wconf 80' lang='grc' dir='ltr'><strong>ΚΕΦΑΛ.</strong></span> <span class='ocrx_word' id='word_1_318' title='bbox 3042 1767 3170 1823; x_wconf 80' lang='lat' dir='ltr'><strong>KB&#39;.</strong></span> 
     </span>
    </p>
   </div>
   <div class='ocr_carea' id='block_1_49' title="bbox 2187 1857 3733 1940">
    <p class='ocr_par' dir='ltr' id='par_1_49' title="bbox 2187 1857 3733 1940">
     <span class='ocr_line' id='line_1_49' title="bbox 2187 1857 3733 1940; baseline 0.003 -30"><span class='ocrx_word' id='word_1_319' title='bbox 2187 1858 2530 1940; x_wconf 45' lang='grc' dir='ltr'>Ἐπιστολὴ,</span> <span class='ocrx_word' id='word_1_320' title='bbox 2591 1857 3159 1940; x_wconf 35' lang='grc' dir='ltr'>Ἰοινὶλίουμᾟιρμης</span> <span class='ocrx_word' id='word_1_321' title='bbox 3218 1860 3372 1940; x_wconf 54' lang='grc' dir='ltr'>ᾇπέρ</span> <span class='ocrx_word' id='word_1_322' title='bbox 3419 1860 3521 1940; x_wconf 57' lang='lat' dir='ltr'><strong>rm?</strong></span> <span class='ocrx_word' id='word_1_323' title='bbox 3550 1862 3733 1940; x_wconf 68' lang='grc' dir='ltr'><strong>⁵ἁγίου</strong></span> 
     </span>
    </p>
   </div>
   <div class='ocr_carea' id='block_1_50' title="bbox 2250 1928 3662 1999">
    <p class='ocr_par' dir='ltr' id='par_1_50' title="bbox 2250 1928 3662 1999">
     <span class='ocr_line' id='line_1_50' title="bbox 2250 1928 3662 1999; baseline 0.002 -19"><span class='ocrx_word' id='word_1_324' title='bbox 2250 1928 2607 1982; x_wconf 81' lang='grc' dir='ltr'>Ἀθανασίου</span> <span class='ocrx_word' id='word_1_325' title='bbox 2636 1928 2761 1994; x_wconf 87' lang='grc' dir='ltr'>τοῖς</span> <span class='ocrx_word' id='word_1_326' title='bbox 2784 1930 2855 1983; x_wconf 85' lang='grc' dir='ltr'><strong>ἐν</strong></span> <span class='ocrx_word' id='word_1_327' title='bbox 2876 1929 3298 1998; x_wconf 72' lang='grc' dir='ltr'><strong>Ἀλεξανδρείᾳ</strong></span> <span class='ocrx_word' id='word_1_328' title='bbox 3320 1928 3662 1999; x_wconf 70' lang='grc' dir='ltr'>πεμφθεῖσα.</span> 
     </span>
    </p>
   </div>
   <div class='ocr_carea' id='block_1_51' title="bbox 2250 2041 3731 2112">
    <p class='ocr_par' dir='ltr' id='par_1_51' title="bbox 2250 2041 3731 2112">
     <span class='ocr_line' id='line_1_51' title="bbox 2250 2041 3731 2112; baseline 0.002 -20"><span class='ocrx_word' id='word_1_329' title='bbox 2250 2058 2271 2092; x_wconf 72' lang='grc' dir='ltr'><strong>ι</strong></span> <span class='ocrx_word' id='word_1_330' title='bbox 2306 2041 2593 2111; x_wconf 81' lang='grc' dir='ltr'>Συγχαίρω</span> <span class='ocrx_word' id='word_1_331' title='bbox 2619 2042 2774 2110; x_wconf 87' lang='grc' dir='ltr'><strong>κάγὼ</strong></span> <span class='ocrx_word' id='word_1_332' title='bbox 2802 2043 2955 2111; x_wconf 82' lang='grc' dir='ltr'>ὑμῖν,</span> <span class='ocrx_word' id='word_1_333' title='bbox 2980 2044 3199 2111; x_wconf 72' lang='grc' dir='ltr'>ἀδελφοὶ</span> <span class='ocrx_word' id='word_1_334' title='bbox 3231 2045 3525 2112; x_wconf 79' lang='grc' dir='ltr'>ἀγαπητοὶ.</span> <span class='ocrx_word' id='word_1_335' title='bbox 3551 2046 3626 2097; x_wconf 81' lang='grc' dir='ltr'>ὅτι</span> <span class='ocrx_word' id='word_1_336' title='bbox 3647 2045 3731 2097; x_wconf 70' lang='grc' dir='ltr'><strong>τὺι</strong></span> 
     </span>
    </p>
   </div>
   <div class='ocr_carea' id='block_1_52' title="bbox 2175 2133 3723 2205">
    <p class='ocr_par' dir='ltr' id='par_1_52' title="bbox 2175 2133 3723 2205">
     <span class='ocr_line' id='line_1_52' title="bbox 2175 2133 3723 2205; baseline 0.001 -20"><span class='ocrx_word' id='word_1_337' title='bbox 2175 2133 2386 2201; x_wconf 81' lang='grc' dir='ltr'>καρπὸν</span> <span class='ocrx_word' id='word_1_338' title='bbox 2426 2137 2524 2201; x_wconf 86' lang='grc' dir='ltr'>τῆς</span> <span class='ocrx_word' id='word_1_339' title='bbox 2568 2135 2779 2187; x_wconf 78' lang='grc' dir='ltr'>ἑαυτῶν</span> <span class='ocrx_word' id='word_1_340' title='bbox 2828 2135 3061 2196; x_wconf 81' lang='grc' dir='ltr'>πίστεως</span> <span class='ocrx_word' id='word_1_341' title='bbox 3105 2136 3192 2187; x_wconf 79' lang='grc' dir='ltr'><strong>ἐπ’</strong></span> <span class='ocrx_word' id='word_1_342' title='bbox 3221 2136 3521 2205; x_wconf 76' lang='grc' dir='ltr'><strong>ὀφθαλμοῖς</strong></span> <span class='ocrx_word' id='word_1_343' title='bbox 3560 2137 3723 2188; x_wconf 70' lang='grc' dir='ltr'>λοιπὸν</span> 
     </span>
    </p>
   </div>
   <div class='ocr_carea' id='block_1_53' title="bbox 2173 2224 3724 2296">
    <p class='ocr_par' dir='ltr' id='par_1_53' title="bbox 2173 2224 3724 2296">
     <span class='ocr_line' id='line_1_53' title="bbox 2173 2224 3724 2296; baseline 0 -18"><span class='ocrx_word' id='word_1_344' title='bbox 2173 2226 2337 2293; x_wconf 79' lang='grc' dir='ltr'>ὁρᾶτε</span> <span class='ocrx_word' id='word_1_345' title='bbox 2362 2240 2377 2255; x_wconf 89' lang='grc'><strong>·</strong></span> <span class='ocrx_word' id='word_1_346' title='bbox 2406 2224 2705 2295; x_wconf 74' lang='grc' dir='ltr'>τοῦτοσγάρ</span> <span class='ocrx_word' id='word_1_347' title='bbox 2740 2226 2956 2296; x_wconf 82' lang='grc' dir='ltr'>ἀληθῶς</span> <span class='ocrx_word' id='word_1_348' title='bbox 2989 2226 3052 2280; x_wconf 82' lang='grc' dir='ltr'>ἄν</span> <span class='ocrx_word' id='word_1_349' title='bbox 3081 2244 3164 2290; x_wconf 89' lang='grc' dir='ltr'><strong>τις</strong></span> <span class='ocrx_word' id='word_1_350' title='bbox 3199 2229 3306 2281; x_wconf 82' lang='grc' dir='ltr'>ῐδοι</span> <span class='ocrx_word' id='word_1_351' title='bbox 3340 2230 3618 2296; x_wconf 86' lang='grc' dir='ltr'>γενόμενον</span> <span class='ocrx_word' id='word_1_352' title='bbox 3646 2230 3724 2279; x_wconf 76' lang='grc' dir='ltr'><strong>ἐπὶ</strong></span> 
     </span>
    </p>
   </div>
   <div class='ocr_carea' id='block_1_54' title="bbox 2173 2317 3724 2389">
    <p class='ocr_par' dir='ltr' id='par_1_54' title="bbox 2173 2317 3724 2389">
     <span class='ocr_line' id='line_1_54' title="bbox 2173 2317 3724 2389; baseline 0.001 -19"><span class='ocrx_word' id='word_1_353' title='bbox 2173 2317 2268 2370; x_wconf 76' lang='grc' dir='ltr'>τοῦ</span> <span class='ocrx_word' id='word_1_354' title='bbox 2303 2317 2532 2386; x_wconf 80' lang='grc' dir='ltr'>ἀδελφοῦ</span> <span class='ocrx_word' id='word_1_355' title='bbox 2571 2318 2664 2371; x_wconf 76' lang='grc' dir='ltr'>καὶ</span> <span class='ocrx_word' id='word_1_356' title='bbox 2699 2320 3110 2373; x_wconf 82' lang='grc' dir='ltr'>συνεπισκόπου</span> <span class='ocrx_word' id='word_1_357' title='bbox 3149 2338 3261 2389; x_wconf 86' lang='grc' dir='ltr'><strong>μου</strong></span> <span class='ocrx_word' id='word_1_358' title='bbox 3298 2320 3608 2373; x_wconf 78' lang='grc' dir='ltr'>Ἀθανασίου</span> <span class='ocrx_word' id='word_1_359' title='bbox 3631 2339 3644 2354; x_wconf 72' lang='grc' dir='ltr'><strong>ο</strong></span> <span class='ocrx_word' id='word_1_360' title='bbox 3672 2321 3724 2375; x_wconf 74' lang='grc' dir='ltr'>ὃν</span> 
     </span>
    </p>
   </div>
   <div class='ocr_carea' id='block_1_55' title="bbox 2174 2410 3726 2481">
    <p class='ocr_par' dir='ltr' id='par_1_55' title="bbox 2174 2410 3726 2481">
     <span class='ocr_line' id='line_1_55' title="bbox 2174 2410 3726 2481; baseline 0.001 -18"><span class='ocrx_word' id='word_1_361' title='bbox 2174 2410 2262 2463; x_wconf 81' lang='grc' dir='ltr'><strong>διὰ</strong></span> <span class='ocrx_word' id='word_1_362' title='bbox 2290 2410 2387 2478; x_wconf 83' lang='grc' dir='ltr'><strong>τὴν</strong></span> <span class='ocrx_word' id='word_1_363' title='bbox 2416 2412 2765 2479; x_wconf 81' lang='grc' dir='ltr'>καθαρότητα</span> <span class='ocrx_word' id='word_1_364' title='bbox 2794 2411 2891 2463; x_wconf 79' lang='grc' dir='ltr'>τοῦ</span> <span class='ocrx_word' id='word_1_365' title='bbox 2923 2411 3039 2477; x_wconf 79' lang='grc' dir='ltr'>βίου</span> <span class='ocrx_word' id='word_1_366' title='bbox 3060 2452 3075 2475; x_wconf 87' lang='grc'><strong><em>,</em></strong></span> <span class='ocrx_word' id='word_1_367' title='bbox 3106 2414 3200 2465; x_wconf 68' lang='grc' dir='ltr'><strong>καλ⁵</strong></span> <span class='ocrx_word' id='word_1_368' title='bbox 3233 2414 3324 2466; x_wconf 79' lang='grc' dir='ltr'><strong>διά</strong></span> <span class='ocrx_word' id='word_1_369' title='bbox 3351 2414 3449 2475; x_wconf 78' lang='grc' dir='ltr'><strong>τὰς</strong></span> <span class='ocrx_word' id='word_1_370' title='bbox 3476 2414 3726 2481; x_wconf 79' lang='grc' dir='ltr'>ὑμετέρας</span> 
     </span>
    </p>
   </div>
   <div class='ocr_carea' id='block_1_56' title="bbox 2175 2500 3726 2572">
    <p class='ocr_par' dir='ltr' id='par_1_56' title="bbox 2175 2500 3726 2572">
     <span class='ocr_line' id='line_1_56' title="bbox 2175 2500 3726 2572; baseline 0.003 -21"><span class='ocrx_word' id='word_1_371' title='bbox 2175 2500 2356 2569; x_wconf 79' lang='grc' dir='ltr'>εὐχὰς,</span> <span class='ocrx_word' id='word_1_372' title='bbox 2388 2502 2416 2553; x_wconf 88' lang='grc' dir='ltr'>ὁ</span> <span class='ocrx_word' id='word_1_373' title='bbox 2444 2500 2577 2563; x_wconf 75' lang='grc' dir='ltr'>Θεὸς</span> <span class='ocrx_word' id='word_1_374' title='bbox 2606 2501 2736 2570; x_wconf 81' lang='grc' dir='ltr'>ὑμῖν</span> <span class='ocrx_word' id='word_1_375' title='bbox 2765 2502 3108 2559; x_wconf 86' lang='grc' dir='ltr'>ἀποδίδωσιν.</span> <span class='ocrx_word' id='word_1_376' title='bbox 3146 2505 3248 2557; x_wconf 83' lang='grc' dir='ltr'><strong>Ἐκ</strong></span> <span class='ocrx_word' id='word_1_377' title='bbox 3279 2504 3343 2572; x_wconf 80' lang='grc' dir='ltr'>δὴ</span> <span class='ocrx_word' id='word_1_378' title='bbox 3374 2504 3561 2558; x_wconf 89' lang='grc' dir='ltr'>τούτου</span> <span class='ocrx_word' id='word_1_379' title='bbox 3591 2522 3726 2557; x_wconf 87' lang='grc' dir='ltr'>συνο-</span> 
     </span>
    </p>
   </div>
   <div class='ocr_carea' id='block_1_57' title="bbox 2178 2592 3725 2666">
    <p class='ocr_par' dir='ltr' id='par_1_57' title="bbox 2178 2592 3725 2666">
     <span class='ocr_line' id='line_1_57' title="bbox 2178 2592 3725 2666; baseline 0.003 -22"><span class='ocrx_word' id='word_1_380' title='bbox 2178 2595 2278 2663; x_wconf 73' lang='grc' dir='ltr'>ρᾷν</span> <span class='ocrx_word' id='word_1_381' title='bbox 2310 2593 2425 2645; x_wconf 82' lang='grc' dir='ltr'>ἔστι</span> <span class='ocrx_word' id='word_1_382' title='bbox 2457 2592 2705 2662; x_wconf 79' lang='grc' dir='ltr'>καθαράς</span> <span class='ocrx_word' id='word_1_383' title='bbox 2736 2594 2891 2663; x_wconf 82' lang='grc' dir='ltr'>ὑμῶν</span> <span class='ocrx_word' id='word_1_384' title='bbox 2920 2595 3016 2647; x_wconf 73' lang='grc' dir='ltr'>καὶ</span> <span class='ocrx_word' id='word_1_385' title='bbox 3049 2597 3262 2663; x_wconf 81' lang='grc' dir='ltr'>μεστάς</span> <span class='ocrx_word' id='word_1_386' title='bbox 3288 2596 3510 2666; x_wconf 78' lang='grc' dir='ltr'><strong>ἀγάπης</strong></span> <span class='ocrx_word' id='word_1_387' title='bbox 3539 2597 3616 2648; x_wconf 79' lang='grc' dir='ltr'><strong>ἀεὶ</strong></span> <span class='ocrx_word' id='word_1_388' title='bbox 3641 2596 3725 2656; x_wconf 71' lang='grc' dir='ltr'>τὰς</span> 
     </span>
    </p>
   </div>
   <div class='ocr_carea' id='block_1_58' title="bbox 2175 2682 3724 2756">
    <p class='ocr_par' dir='ltr' id='par_1_58' title="bbox 2175 2682 3724 2756">
     <span class='ocr_line' id='line_1_58' title="bbox 2175 2682 3724 2756; baseline 0.002 -22"><span class='ocrx_word' id='word_1_389' title='bbox 2175 2682 2340 2752; x_wconf 75' lang='grc' dir='ltr'>εὐχὰς</span> <span class='ocrx_word' id='word_1_390' title='bbox 2382 2684 2761 2752; x_wconf 75' lang='grc' dir='ltr'>ἀνενηνοχεναι</span> <span class='ocrx_word' id='word_1_391' title='bbox 2805 2683 2938 2752; x_wconf 76' lang='grc' dir='ltr'>πρὸς</span> <span class='ocrx_word' id='word_1_392' title='bbox 2979 2684 3070 2736; x_wconf 83' lang='grc' dir='ltr'><strong>τὸν</strong></span> <span class='ocrx_word' id='word_1_393' title='bbox 3112 2685 3269 2739; x_wconf 84' lang='grc' dir='ltr'>Θεόν.</span> <span class='ocrx_word' id='word_1_394' title='bbox 3319 2687 3596 2756; x_wconf 80' lang='grc' dir='ltr'>Μνήμονες</span> <span class='ocrx_word' id='word_1_395' title='bbox 3632 2686 3724 2753; x_wconf 72' lang='grc' dir='ltr'>γὰρ</span> 
     </span>
    </p>
   </div>
   <div class='ocr_carea' id='block_1_59' title="bbox 2176 2776 3723 2848">
    <p class='ocr_par' dir='ltr' id='par_1_59' title="bbox 2176 2776 3723 2848">
     <span class='ocr_line' id='line_1_59' title="bbox 2176 2776 3723 2848; baseline 0 -19"><span class='ocrx_word' id='word_1_396' title='bbox 2176 2776 2326 2838; x_wconf 74' lang='grc' dir='ltr'>ὄντες</span> <span class='ocrx_word' id='word_1_397' title='bbox 2352 2776 2460 2828; x_wconf 85' lang='grc' dir='ltr'>τῶν</span> <span class='ocrx_word' id='word_1_398' title='bbox 2490 2776 2757 2845; x_wconf 75' lang='grc' dir='ltr'>οὐρανίων</span> <span class='ocrx_word' id='word_1_399' title='bbox 2789 2777 3165 2843; x_wconf 77' lang='grc' dir='ltr'>ἐπαγγελλιῶν</span> <span class='ocrx_word' id='word_1_400' title='bbox 3186 2816 3200 2839; x_wconf 85' lang='grc'>,</span> <span class='ocrx_word' id='word_1_401' title='bbox 3239 2777 3332 2830; x_wconf 76' lang='grc' dir='ltr'>καὶ</span> <span class='ocrx_word' id='word_1_402' title='bbox 3362 2780 3457 2847; x_wconf 85' lang='grc' dir='ltr'>τῆς</span> <span class='ocrx_word' id='word_1_403' title='bbox 3488 2780 3614 2848; x_wconf 84' lang='grc' dir='ltr'>πρὸς</span> <span class='ocrx_word' id='word_1_404' title='bbox 3639 2780 3723 2831; x_wconf 69' lang='grc' dir='ltr'><strong>αὑ-</strong></span> 
     </span>
    </p>
   </div>
   <div class='ocr_carea' id='block_1_60' title="bbox 2174 2868 3725 2939">
    <p class='ocr_par' dir='ltr' id='par_1_60' title="bbox 2174 2868 3725 2939">
     <span class='ocr_line' id='line_1_60' title="bbox 2174 2868 3725 2939; baseline 0 -19"><span class='ocrx_word' id='word_1_405' title='bbox 2174 2868 2266 2920; x_wconf 82' lang='grc' dir='ltr'><strong>τὸν</strong></span> <span class='ocrx_word' id='word_1_406' title='bbox 2296 2869 2514 2936; x_wconf 81' lang='grc' dir='ltr'><strong>ἀγάπης</strong></span> <span class='ocrx_word' id='word_1_407' title='bbox 2535 2908 2548 2929; x_wconf 85' lang='grc'><em>,</em></span> <span class='ocrx_word' id='word_1_408' title='bbox 2580 2869 2646 2937; x_wconf 77' lang='grc' dir='ltr'>ἣν</span> <span class='ocrx_word' id='word_1_409' title='bbox 2679 2870 2743 2919; x_wconf 84' lang='grc' dir='ltr'>ὲκ</span> <span class='ocrx_word' id='word_1_410' title='bbox 2764 2869 2869 2936; x_wconf 69' lang='grc' dir='ltr'>’τῆς</span> <span class='ocrx_word' id='word_1_411' title='bbox 2903 2868 3257 2929; x_wconf 78' lang='grc' dir='ltr'>διδασκαλίας</span> <span class='ocrx_word' id='word_1_412' title='bbox 3288 2869 3379 2921; x_wconf 81' lang='grc' dir='ltr'><strong>τοῦ</strong></span> <span class='ocrx_word' id='word_1_413' title='bbox 3417 2874 3725 2939; x_wconf 77' lang='grc' dir='ltr'>προειρημέ-</span> 
     </span>
    </p>
   </div>
   <div class='ocr_carea' id='block_1_61' title="bbox 2177 2958 3728 3029">
    <p class='ocr_par' dir='ltr' id='par_1_61' title="bbox 2177 2958 3728 3029">
     <span class='ocr_line' id='line_1_61' title="bbox 2177 2958 3728 3029; baseline -0.003 -16"><span class='ocrx_word' id='word_1_414' title='bbox 2177 2976 2270 3013; x_wconf 89' lang='grc' dir='ltr'><strong>νου</strong></span> <span class='ocrx_word' id='word_1_415' title='bbox 2300 2959 2533 3025; x_wconf 80' lang='grc' dir='ltr'>ἀδελφοῦ</span> <span class='ocrx_word' id='word_1_416' title='bbox 2569 2976 2672 3028; x_wconf 83' lang='grc' dir='ltr'>μου</span> <span class='ocrx_word' id='word_1_417' title='bbox 2705 2958 3067 3027; x_wconf 81' lang='grc' dir='ltr'>ἐπαιδεύθητε</span> <span class='ocrx_word' id='word_1_418' title='bbox 3089 2998 3103 3022; x_wconf 86' lang='grc'><em>,</em></span> <span class='ocrx_word' id='word_1_419' title='bbox 3137 2959 3347 3027; x_wconf 77' lang='grc' dir='ltr'>ἔγνωτε</span> <span class='ocrx_word' id='word_1_420' title='bbox 3378 2960 3614 3029; x_wconf 67' lang='grc' dir='ltr'>ἀληθῶς,</span> <span class='ocrx_word' id='word_1_421' title='bbox 3647 2958 3728 3010; x_wconf 78' lang='grc' dir='ltr'>καὶ</span> 
     </span>
    </p>
   </div>
   <div class='ocr_carea' id='block_1_62' title="bbox 506 3029 2078 3119">
    <p class='ocr_par' dir='ltr' id='par_1_62' title="bbox 506 3029 2075 3115">
     <span class='ocr_line' id='line_1_62' title="bbox 506 3029 2075 3115; baseline 0.02 -40"><span class='ocrx_word' id='word_1_422' title='bbox 506 3039 667 3091; x_wconf 89' lang='lat' dir='ltr'><strong>quam</strong></span> <span class='ocrx_word' id='word_1_423' title='bbox 693 3042 756 3081; x_wconf 78' lang='lat' dir='ltr'><strong>ex</strong></span> <span class='ocrx_word' id='word_1_424' title='bbox 781 3029 1030 3088; x_wconf 86' lang='lat' dir='ltr'><strong>doctrina</strong></span> <span class='ocrx_word' id='word_1_425' title='bbox 1074 3037 1322 3105; x_wconf 90' lang='lat' dir='ltr'><strong>ejusdem</strong></span> <span class='ocrx_word' id='word_1_426' title='bbox 1377 3043 1559 3098; x_wconf 79' lang='lat' dir='ltr'><strong>fratris</strong></span> <span class='ocrx_word' id='word_1_427' title='bbox 1617 3063 1778 3115; x_wconf 83' lang='lat' dir='ltr'><strong>quem</strong></span> <span class='ocrx_word' id='word_1_428' title='bbox 1834 3050 2075 3106; x_wconf 76' lang='lat' dir='ltr'><strong>diximus</strong></span> 
     </span>
    </p>
   </div>
   <div class='ocr_carea' id='block_1_63' title="bbox 2183 3029 3726 3119">
    <p class='ocr_par' dir='ltr' id='par_1_63' title="bbox 2183 3047 3726 3119">
     <span class='ocr_line' id='line_1_63' title="bbox 2183 3047 3726 3119; baseline 0 -18"><span class='ocrx_word' id='word_1_429' title='bbox 2183 3048 2320 3101; x_wconf 73' lang='grc' dir='ltr'>κατὰ</span> <span class='ocrx_word' id='word_1_430' title='bbox 2349 3049 2447 3117; x_wconf 81' lang='grc' dir='ltr'>τὴν</span> <span class='ocrx_word' id='word_1_431' title='bbox 2480 3047 2791 3119; x_wconf 76' lang='grc' dir='ltr'>προσοῦσαν</span> <span class='ocrx_word' id='word_1_432' title='bbox 2822 3051 2951 3118; x_wconf 83' lang='grc' dir='ltr'>ὑμῖν</span> <span class='ocrx_word' id='word_1_433' title='bbox 2976 3048 3141 3117; x_wconf 75' lang='grc' dir='ltr'>ὀρθὴν</span> <span class='ocrx_word' id='word_1_434' title='bbox 3172 3050 3359 3101; x_wconf 78' lang='grc' dir='ltr'>πίστιν</span> <span class='ocrx_word' id='word_1_435' title='bbox 3393 3050 3726 3116; x_wconf 75' lang='grc' dir='ltr'>κατειλήφατε</span> 
     </span>
    </p>
   </div>
   <div class='ocr_carea' id='block_1_64' title="bbox 509 3117 2076 3213">
    <p class='ocr_par' dir='ltr' id='par_1_64' title="bbox 509 3117 2076 3213">
     <span class='ocr_line' id='line_1_64' title="bbox 509 3117 2076 3213; baseline 0.019 -45"><span class='ocrx_word' id='word_1_436' title='bbox 509 3117 680 3170; x_wconf 85' lang='lat' dir='ltr'><strong>nostri</strong></span> <span class='ocrx_word' id='word_1_437' title='bbox 733 3119 1105 3191; x_wconf 85' lang='lat' dir='ltr'><strong>addidicistis,</strong></span> <span class='ocrx_word' id='word_1_438' title='bbox 1143 3128 1273 3184; x_wconf 89' lang='lat' dir='ltr'><strong>illud</strong></span> <span class='ocrx_word' id='word_1_439' title='bbox 1303 3142 1452 3187; x_wconf 88' lang='lat' dir='ltr'><strong>certo</strong></span> <span class='ocrx_word' id='word_1_440' title='bbox 1482 3140 1836 3207; x_wconf 87' lang='lat' dir='ltr'><strong>cognovistis,</strong></span> <span class='ocrx_word' id='word_1_441' title='bbox 1870 3151 1926 3195; x_wconf 88' lang='lat' dir='ltr'><strong>et</strong></span> <span class='ocrx_word' id='word_1_442' title='bbox 1976 3160 2076 3213; x_wconf 90' lang='lat' dir='ltr'><strong>pro</strong></span> 
     </span>
    </p>
   </div>
   <div class='ocr_carea' id='block_1_65' title="bbox 508 3204 2076 3294">
    <p class='ocr_par' dir='ltr' id='par_1_65' title="bbox 508 3204 2076 3294">
     <span class='ocr_line' id='line_1_65' title="bbox 508 3204 2076 3294; baseline 0.02 -37"><span class='ocrx_word' id='word_1_443' title='bbox 508 3204 670 3261; x_wconf 88' lang='lat' dir='ltr'><strong>insita</strong></span> <span class='ocrx_word' id='word_1_444' title='bbox 719 3211 871 3264; x_wconf 91' lang='lat' dir='ltr'><strong>vobis</strong></span> <span class='ocrx_word' id='word_1_445' title='bbox 928 3224 1072 3271; x_wconf 87' lang='lat' dir='ltr'><strong>recta</strong></span> <span class='ocrx_word' id='word_1_446' title='bbox 1116 3219 1219 3275; x_wconf 85' lang='lat' dir='ltr'><strong>fide</strong></span> <span class='ocrx_word' id='word_1_447' title='bbox 1276 3227 1619 3294; x_wconf 88' lang='lat' dir='ltr'><strong>percepistis,</strong></span> <span class='ocrx_word' id='word_1_448' title='bbox 1667 3245 1775 3284; x_wconf 91' lang='lat' dir='ltr'><strong>non</strong></span> <span class='ocrx_word' id='word_1_449' title='bbox 1811 3233 1878 3285; x_wconf 88' lang='lat' dir='ltr'><strong>ad</strong></span> <span class='ocrx_word' id='word_1_450' title='bbox 1914 3233 2076 3288; x_wconf 81' lang='lat' dir='ltr'><strong>linem</strong></span> 
     </span>
    </p>
   </div>
   <div class='ocr_carea' id='block_1_66' title="bbox 513 3304 2081 3396">
    <p class='ocr_par' dir='ltr' id='par_1_66' title="bbox 513 3304 2081 3396">
     <span class='ocr_line' id='line_1_66' title="bbox 513 3304 2081 3396; baseline 0.02 -46"><span class='ocrx_word' id='word_1_451' title='bbox 513 3312 686 3367; x_wconf 89' lang='lat' dir='ltr'><strong>usque</strong></span> <span class='ocrx_word' id='word_1_452' title='bbox 710 3317 740 3355; x_wconf 91' lang='lat' dir='ltr'><strong>a</strong></span> <span class='ocrx_word' id='word_1_453' title='bbox 784 3304 939 3359; x_wconf 72' lang='lat' dir='ltr'><strong>vobis</strong></span> <span class='ocrx_word' id='word_1_454' title='bbox 971 3322 1315 3381; x_wconf 79' lang='lat' dir='ltr'><strong>segregatum</strong></span> <span class='ocrx_word' id='word_1_455' title='bbox 1349 3332 1477 3371; x_wconf 90' lang='lat' dir='ltr'><strong>eum</strong></span> <span class='ocrx_word' id='word_1_456' title='bbox 1531 3320 1620 3386; x_wconf 90' lang='lat' dir='ltr'><strong>iri,</strong></span> <span class='ocrx_word' id='word_1_457' title='bbox 1667 3338 1829 3392; x_wconf 91' lang='lat' dir='ltr'><strong>quem</strong></span> <span class='ocrx_word' id='word_1_458' title='bbox 1856 3324 1916 3379; x_wconf 86' lang='lat' dir='ltr'><strong>in</strong></span> <span class='ocrx_word' id='word_1_459' title='bbox 1974 3327 2081 3396; x_wconf 91' lang='lat' dir='ltr'><strong>piis</strong></span> 
     </span>
    </p>
   </div>
   <div class='ocr_carea' id='block_1_67' title="bbox 511 3397 2078 3488">
    <p class='ocr_par' dir='ltr' id='par_1_67' title="bbox 511 3397 2078 3488">
     <span class='ocr_line' id='line_1_67' title="bbox 511 3397 2078 3488; baseline 0.022 -42"><span class='ocrx_word' id='word_1_460' title='bbox 511 3397 711 3449; x_wconf 89' lang='lat' dir='ltr'><strong>vestris</strong></span> <span class='ocrx_word' id='word_1_461' title='bbox 737 3398 935 3455; x_wconf 87' lang='lat' dir='ltr'><strong>animis</strong></span> <span class='ocrx_word' id='word_1_462' title='bbox 974 3406 1138 3461; x_wconf 89' lang='lat' dir='ltr'><strong>veluti</strong></span> <span class='ocrx_word' id='word_1_463' title='bbox 1176 3423 1499 3478; x_wconf 65' lang='lat' dir='ltr'><strong>praesentem</strong></span> <span class='ocrx_word' id='word_1_464' title='bbox 1529 3430 1746 3488; x_wconf 88' lang='lat' dir='ltr'><strong>semper</strong></span> <span class='ocrx_word' id='word_1_465' title='bbox 1788 3420 2078 3480; x_wconf 86' lang='lat' dir='ltr'><strong>habuistis.</strong></span> 
     </span>
    </p>
   </div>
   <div class='ocr_carea' id='block_1_68' title="bbox 512 3482 2083 3576">
    <p class='ocr_par' dir='ltr' id='par_1_68' title="bbox 512 3482 2083 3576">
     <span class='ocr_line' id='line_1_68' title="bbox 512 3482 2083 3576; baseline 0.024 -41"><span class='ocrx_word' id='word_1_466' title='bbox 512 3482 698 3554; x_wconf 88' lang='lat' dir='ltr'><strong>Itaque</strong></span> <span class='ocrx_word' id='word_1_467' title='bbox 734 3505 841 3544; x_wconf 92' lang='lat' dir='ltr'><strong>non</strong></span> <span class='ocrx_word' id='word_1_468' title='bbox 874 3495 1059 3552; x_wconf 85' lang='lat' dir='ltr'><strong>multis</strong></span> <span class='ocrx_word' id='word_1_469' title='bbox 1119 3500 1252 3554; x_wconf 89' lang='lat' dir='ltr'><strong>mihi</strong></span> <span class='ocrx_word' id='word_1_470' title='bbox 1304 3520 1441 3573; x_wconf 91' lang='lat' dir='ltr'><strong>opus</strong></span> <span class='ocrx_word' id='word_1_471' title='bbox 1469 3519 1550 3563; x_wconf 91' lang='lat' dir='ltr'><strong>est</strong></span> <span class='ocrx_word' id='word_1_472' title='bbox 1595 3511 1817 3576; x_wconf 86' lang='lat' dir='ltr'><strong>verbis,</strong></span> <span class='ocrx_word' id='word_1_473' title='bbox 1874 3514 1943 3568; x_wconf 91' lang='lat' dir='ltr'><strong>ad</strong></span> <span class='ocrx_word' id='word_1_474' title='bbox 1986 3532 2083 3572; x_wconf 85' lang='lat' dir='ltr'><strong>vos</strong></span> 
     </span>
    </p>
   </div>
   <div class='ocr_carea' id='block_1_69' title="bbox 511 3578 2079 3675">
    <p class='ocr_par' dir='ltr' id='par_1_69' title="bbox 511 3578 2079 3675">
     <span class='ocr_line' id='line_1_69' title="bbox 511 3578 2079 3675; baseline 0.02 -47"><span class='ocrx_word' id='word_1_475' title='bbox 511 3578 797 3634; x_wconf 81' lang='lat' dir='ltr'><strong>scribenti.</strong></span> <span class='ocrx_word' id='word_1_476' title='bbox 827 3581 1177 3659; x_wconf 69' lang='lat' dir='ltr'><strong>Qlttecunque</strong></span> <span class='ocrx_word' id='word_1_477' title='bbox 1200 3594 1345 3647; x_wconf 90' lang='lat' dir='ltr'><strong>enim</strong></span> <span class='ocrx_word' id='word_1_478' title='bbox 1390 3611 1420 3649; x_wconf 90' lang='lat' dir='ltr'><strong>a</strong></span> <span class='ocrx_word' id='word_1_479' title='bbox 1468 3614 1554 3654; x_wconf 91' lang='lat' dir='ltr'><strong>me</strong></span> <span class='ocrx_word' id='word_1_480' title='bbox 1600 3601 1708 3656; x_wconf 88' lang='lat' dir='ltr'><strong>dici</strong></span> <span class='ocrx_word' id='word_1_481' title='bbox 1748 3603 1903 3659; x_wconf 81' lang='lat' dir='ltr'><strong>vobis</strong></span> <span class='ocrx_word' id='word_1_482' title='bbox 1956 3621 2079 3675; x_wconf 88' lang='lat' dir='ltr'><strong>pos-</strong></span> 
     </span>
    </p>
   </div>
   <div class='ocr_carea' id='block_1_70' title="bbox 510 3670 2083 3762">
    <p class='ocr_par' dir='ltr' id='par_1_70' title="bbox 510 3670 2083 3762">
     <span class='ocr_line' id='line_1_70' title="bbox 510 3670 2083 3762; baseline 0.022 -46"><span class='ocrx_word' id='word_1_483' title='bbox 510 3677 659 3728; x_wconf 87' lang='lat' dir='ltr'><strong>sunt,</strong></span> <span class='ocrx_word' id='word_1_484' title='bbox 688 3683 751 3723; x_wconf 88' lang='lat' dir='ltr'><strong>ea</strong></span> <span class='ocrx_word' id='word_1_485' title='bbox 782 3670 916 3725; x_wconf 84' lang='lat' dir='ltr'><strong>fides</strong></span> <span class='ocrx_word' id='word_1_486' title='bbox 952 3676 1105 3743; x_wconf 90' lang='lat' dir='ltr'><strong>prius</strong></span> <span class='ocrx_word' id='word_1_487' title='bbox 1139 3690 1319 3736; x_wconf 85' lang='lat' dir='ltr'><strong>vestra</strong></span> <span class='ocrx_word' id='word_1_488' title='bbox 1351 3685 1692 3758; x_wconf 88' lang='lat' dir='ltr'><strong>anticipavit.</strong></span> <span class='ocrx_word' id='word_1_489' title='bbox 1739 3691 1803 3746; x_wconf 89' lang='lat' dir='ltr'><strong>Et</strong></span> <span class='ocrx_word' id='word_1_490' title='bbox 1834 3670 2083 3762; x_wconf 77' lang='lat' dir='ltr'><strong>profecto</strong></span> 
     </span>
    </p>
   </div>
   <div class='ocr_carea' id='block_1_71' title="bbox 511 3755 2085 3840">
    <p class='ocr_par' dir='ltr' id='par_1_71' title="bbox 511 3755 2085 3840">
     <span class='ocr_line' id='line_1_71' title="bbox 511 3755 2085 3840; baseline 0.021 -32"><span class='ocrx_word' id='word_1_491' title='bbox 511 3755 750 3825; x_wconf 69' lang='lat' dir='ltr'><strong>impletae</strong></span> <span class='ocrx_word' id='word_1_492' title='bbox 787 3773 917 3817; x_wconf 88' lang='lat' dir='ltr'><strong>sunt</strong></span> <span class='ocrx_word' id='word_1_493' title='bbox 947 3780 1046 3837; x_wconf 90' lang='lat' dir='ltr'><strong>per</strong></span> <span class='ocrx_word' id='word_1_494' title='bbox 1076 3773 1306 3839; x_wconf 78' lang='lat' dir='ltr'><strong>gratiam</strong></span> <span class='ocrx_word' id='word_1_495' title='bbox 1347 3774 1549 3833; x_wconf 88' lang='lat' dir='ltr'><strong>Christi</strong></span> <span class='ocrx_word' id='word_1_496' title='bbox 1592 3796 1913 3839; x_wconf 88' lang='lat' dir='ltr'><strong>communes</strong></span> <span class='ocrx_word' id='word_1_497' title='bbox 1965 3801 2085 3840; x_wconf 91' lang='lat' dir='ltr'><strong>om-</strong></span> 
     </span>
    </p>
   </div>
   <div class='ocr_carea' id='block_1_72' title="bbox 510 3848 2080 3944">
    <p class='ocr_par' dir='ltr' id='par_1_72' title="bbox 510 3848 2080 3944">
     <span class='ocr_line' id='line_1_72' title="bbox 510 3848 2080 3944; baseline 0.021 -44"><span class='ocrx_word' id='word_1_498' title='bbox 510 3848 665 3903; x_wconf 90' lang='lat' dir='ltr'><strong>nium</strong></span> <span class='ocrx_word' id='word_1_499' title='bbox 701 3862 943 3907; x_wconf 82' lang='lat' dir='ltr'><strong>vestrum</strong></span> <span class='ocrx_word' id='word_1_500' title='bbox 1004 3864 1362 3927; x_wconf 87' lang='lat' dir='ltr'><strong>precationes.</strong></span> <span class='ocrx_word' id='word_1_501' title='bbox 1405 3868 1662 3928; x_wconf 87' lang='lat' dir='ltr'><strong>Gratulor</strong></span> <span class='ocrx_word' id='word_1_502' title='bbox 1694 3875 1857 3943; x_wconf 77' lang='lat' dir='ltr'><strong>igitur</strong></span> <span class='ocrx_word' id='word_1_503' title='bbox 1904 3877 2080 3944; x_wconf 90' lang='lat' dir='ltr'><strong>vobis,</strong></span> 
     </span>
    </p>
   </div>
   <div class='ocr_carea' id='block_1_73' title="bbox 512 3937 2083 4022">
    <p class='ocr_par' dir='ltr' id='par_1_73' title="bbox 512 3937 2083 4022">
     <span class='ocr_line' id='line_1_73' title="bbox 512 3937 2083 4022; baseline 0.019 -31"><span class='ocrx_word' id='word_1_504' title='bbox 512 3937 713 3994; x_wconf 87' lang='lat' dir='ltr'><strong>iterum</strong></span> <span class='ocrx_word' id='word_1_505' title='bbox 743 3944 889 3997; x_wconf 88' lang='lat' dir='ltr'><strong>enim</strong></span> <span class='ocrx_word' id='word_1_506' title='bbox 930 3947 980 4000; x_wconf 93' lang='lat' dir='ltr'><strong>id</strong></span> <span class='ocrx_word' id='word_1_507' title='bbox 1009 3948 1134 4005; x_wconf 80' lang='lat' dir='ltr'><strong>dico</strong></span> <span class='ocrx_word' id='word_1_508' title='bbox 1159 3991 1173 4016; x_wconf 93' lang='lat'><strong>,</strong></span> <span class='ocrx_word' id='word_1_509' title='bbox 1223 3953 1459 4012; x_wconf 91' lang='lat' dir='ltr'><strong>invictas</strong></span> <span class='ocrx_word' id='word_1_510' title='bbox 1498 3975 1596 4016; x_wconf 86' lang='lat' dir='ltr'><strong>vos</strong></span> <span class='ocrx_word' id='word_1_511' title='bbox 1630 3961 1685 4015; x_wconf 90' lang='lat' dir='ltr'><strong>in</strong></span> <span class='ocrx_word' id='word_1_512' title='bbox 1713 3937 1824 4017; x_wconf 68' lang='lat' dir='ltr'><strong>fide</strong></span> <span class='ocrx_word' id='word_1_513' title='bbox 1869 3965 2083 4022; x_wconf 86' lang='lat' dir='ltr'><strong>animas</strong></span> 
     </span>
    </p>
   </div>
   <div class='ocr_carea' id='block_1_74' title="bbox 511 4042 2085 4112">
    <p class='ocr_par' dir='ltr' id='par_1_74' title="bbox 511 4042 2085 4112">
     <span class='ocr_line' id='line_1_74' title="bbox 511 4042 2085 4112; baseline 0.019 -29"><span class='ocrx_word' id='word_1_514' title='bbox 511 4042 722 4088; x_wconf 83' lang='lat' dir='ltr'><strong>vestras</strong></span> <span class='ocrx_word' id='word_1_515' title='bbox 753 4051 1132 4097; x_wconf 89' lang='lat' dir='ltr'><strong>conservasse.</strong></span> <span class='ocrx_word' id='word_1_516' title='bbox 1185 4045 1299 4101; x_wconf 89' lang='lat' dir='ltr'><strong>Nec</strong></span> <span class='ocrx_word' id='word_1_517' title='bbox 1334 4048 1514 4105; x_wconf 89' lang='lat' dir='ltr'><strong>minus</strong></span> <span class='ocrx_word' id='word_1_518' title='bbox 1562 4051 1719 4109; x_wconf 84' lang='lat' dir='ltr'><strong>fratri</strong></span> <span class='ocrx_word' id='word_1_519' title='bbox 1752 4071 1876 4110; x_wconf 92' lang='lat' dir='ltr'><strong>meo</strong></span> <span class='ocrx_word' id='word_1_520' title='bbox 1914 4058 2085 4112; x_wconf 87' lang='lat' dir='ltr'><strong>Atha-</strong></span> 
     </span>
    </p>
   </div>
   <div class='ocr_carea' id='block_1_75' title="bbox 512 4126 2087 4206">
    <p class='ocr_par' dir='ltr' id='par_1_75' title="bbox 512 4126 2087 4206">
     <span class='ocr_line' id='line_1_75' title="bbox 512 4126 2087 4206; baseline 0.02 -31"><span class='ocrx_word' id='word_1_521' title='bbox 512 4126 668 4178; x_wconf 87' lang='lat' dir='ltr'><strong>nasio</strong></span> <span class='ocrx_word' id='word_1_522' title='bbox 688 4130 955 4195; x_wconf 85' lang='lat' dir='ltr'><strong>gratulor,</strong></span> <span class='ocrx_word' id='word_1_523' title='bbox 1015 4137 1184 4203; x_wconf 90' lang='lat' dir='ltr'><strong>quod,</strong></span> <span class='ocrx_word' id='word_1_524' title='bbox 1226 4144 1443 4196; x_wconf 84' lang='lat' dir='ltr'><strong>tametsi</strong></span> <span class='ocrx_word' id='word_1_525' title='bbox 1485 4144 1737 4201; x_wconf 84' lang='lat' dir='ltr'><strong>luctuosa</strong></span> <span class='ocrx_word' id='word_1_526' title='bbox 1786 4150 1955 4205; x_wconf 87' lang='lat' dir='ltr'><strong>multa</strong></span> <span class='ocrx_word' id='word_1_527' title='bbox 2003 4160 2087 4206; x_wconf 90' lang='lat' dir='ltr'><strong>est</strong></span> 
     </span>
    </p>
   </div>
   <div class='ocr_carea' id='block_1_76' title="bbox 513 4224 2086 4298">
    <p class='ocr_par' dir='ltr' id='par_1_76' title="bbox 513 4224 2086 4298">
     <span class='ocr_line' id='line_1_76' title="bbox 513 4224 2086 4298; baseline 0.02 -32"><span class='ocrx_word' id='word_1_528' title='bbox 513 4228 826 4284; x_wconf 88' lang='lat' dir='ltr'><strong>perpessus,</strong></span> <span class='ocrx_word' id='word_1_529' title='bbox 872 4224 1016 4277; x_wconf 85' lang='lat' dir='ltr'><strong>nulla</strong></span> <span class='ocrx_word' id='word_1_530' title='bbox 1065 4236 1245 4283; x_wconf 90' lang='lat' dir='ltr'><strong>tamen</strong></span> <span class='ocrx_word' id='word_1_531' title='bbox 1295 4231 1428 4287; x_wconf 89' lang='lat' dir='ltr'><strong>hora</strong></span> <span class='ocrx_word' id='word_1_532' title='bbox 1478 4236 1761 4293; x_wconf 89' lang='lat' dir='ltr'><strong>charitatis</strong></span> <span class='ocrx_word' id='word_1_533' title='bbox 1787 4250 1982 4295; x_wconf 69' lang='lat' dir='ltr'><strong>vestra:</strong></span> <span class='ocrx_word' id='word_1_534' title='bbox 2020 4254 2086 4298; x_wconf 86' lang='lat' dir='ltr'><strong>.et</strong></span> 
     </span>
    </p>
   </div>
   <div class='ocr_carea' id='block_1_77' title="bbox 510 4303 2087 4399">
    <p class='ocr_par' dir='ltr' id='par_1_77' title="bbox 510 4303 2087 4399">
     <span class='ocr_line' id='line_1_77' title="bbox 510 4303 2087 4399; baseline 0.017 -42"><span class='ocrx_word' id='word_1_535' title='bbox 510 4303 769 4361; x_wconf 84' lang='lat' dir='ltr'><strong>desiderii</strong></span> <span class='ocrx_word' id='word_1_536' title='bbox 791 4310 845 4363; x_wconf 92' lang='lat' dir='ltr'><strong>in</strong></span> <span class='ocrx_word' id='word_1_537' title='bbox 863 4311 1190 4370; x_wconf 86' lang='lat' dir='ltr'><strong>oblivionem</strong></span> <span class='ocrx_word' id='word_1_538' title='bbox 1220 4322 1383 4376; x_wconf 88' lang='lat' dir='ltr'><strong>venit.</strong></span> <span class='ocrx_word' id='word_1_539' title='bbox 1402 4324 1563 4397; x_wconf 70' lang='grc'><strong>734</strong></span> <span class='ocrx_word' id='word_1_540' title='bbox 1577 4326 1836 4392; x_wconf 81' lang='lat' dir='ltr'><strong>Quamvis</strong></span> <span class='ocrx_word' id='word_1_541' title='bbox 1853 4346 2087 4399; x_wconf 87' lang='lat' dir='ltr'><strong>namque</strong></span> 
     </span>
    </p>
   </div>
   <div class='ocr_carea' id='block_1_78' title="bbox 2180 3136 3753 3209">
    <p class='ocr_par' dir='ltr' id='par_1_78' title="bbox 2180 3136 3753 3209">
     <span class='ocr_line' id='line_1_78' title="bbox 2180 3136 3753 3209; baseline -0.002 -17"><span class='ocrx_word' id='word_1_542' title='bbox 2180 3139 2358 3204; x_wconf 74' lang='grc' dir='ltr'>τοῦτο,</span> <span class='ocrx_word' id='word_1_543' title='bbox 2391 3139 2463 3201; x_wconf 84' lang='grc' dir='ltr'>ὡς</span> <span class='ocrx_word' id='word_1_544' title='bbox 2494 3140 2594 3192; x_wconf 77' lang='grc' dir='ltr'><strong>οὐκ</strong></span> <span class='ocrx_word' id='word_1_545' title='bbox 2625 3141 2691 3193; x_wconf 80' lang='grc' dir='ltr'><strong>ἂν</strong></span> <span class='ocrx_word' id='word_1_546' title='bbox 2722 3141 2801 3202; x_wconf 82' lang='grc' dir='ltr'>εἰς</span> <span class='ocrx_word' id='word_1_547' title='bbox 2830 3141 2984 3202; x_wconf 81' lang='grc' dir='ltr'>τέλος</span> <span class='ocrx_word' id='word_1_548' title='bbox 3018 3136 3169 3199; x_wconf 73' lang='grc' dir='ltr'>οὗτος</span> <span class='ocrx_word' id='word_1_549' title='bbox 3201 3142 3298 3207; x_wconf 80' lang='grc' dir='ltr'><strong>ἀφ’</strong></span> <span class='ocrx_word' id='word_1_550' title='bbox 3325 3142 3473 3209; x_wconf 85' lang='grc' dir='ltr'>ὑμῶν</span> <span class='ocrx_word' id='word_1_551' title='bbox 3498 3144 3753 3208; x_wconf 67' lang='grc' dir='ltr'><strong>ἀιειιεοςχοι-⁸</strong></span> 
     </span>
    </p>
   </div>
   <div class='ocr_carea' id='block_1_79' title="bbox 2182 3230 3728 3303">
    <p class='ocr_par' dir='ltr' id='par_1_79' title="bbox 2182 3230 3728 3303">
     <span class='ocr_line' id='line_1_79' title="bbox 2182 3230 3728 3303; baseline -0.003 -18"><span class='ocrx_word' id='word_1_552' title='bbox 2182 3233 2517 3303; x_wconf 81' lang='grc' dir='ltr'>νισοήσεται,</span> <span class='ocrx_word' id='word_1_553' title='bbox 2543 3232 2603 3284; x_wconf 84' lang='grc' dir='ltr'>ὃν</span> <span class='ocrx_word' id='word_1_554' title='bbox 2626 3234 2682 3284; x_wconf 82' lang='grc' dir='ltr'><strong>ὲν</strong></span> <span class='ocrx_word' id='word_1_555' title='bbox 2706 3235 2823 3293; x_wconf 86' lang='grc' dir='ltr'>ταῖς</span> <span class='ocrx_word' id='word_1_556' title='bbox 2852 3232 3164 3284; x_wconf 78' lang='grc' dir='ltr'>θεοσεϐέσιν</span> <span class='ocrx_word' id='word_1_557' title='bbox 3190 3232 3348 3302; x_wconf 84' lang='grc' dir='ltr'>ὑμῶν</span> <span class='ocrx_word' id='word_1_558' title='bbox 3372 3233 3562 3301; x_wconf 70' lang='grc' dir='ltr'>ψμχαῖς</span> <span class='ocrx_word' id='word_1_559' title='bbox 3588 3230 3728 3298; x_wconf 56' lang='lat' dir='ltr'><strong>ism-</strong></span> 
     </span>
    </p>
   </div>
   <div class='ocr_carea' id='block_1_80' title="bbox 2185 3321 3729 3393">
    <p class='ocr_par' dir='ltr' id='par_1_80' title="bbox 2185 3321 3729 3393">
     <span class='ocr_line' id='line_1_80' title="bbox 2185 3321 3729 3393; baseline -0.003 -16"><span class='ocrx_word' id='word_1_560' title='bbox 2185 3341 2316 3377; x_wconf 90' lang='grc' dir='ltr'>κατε</span> <span class='ocrx_word' id='word_1_561' title='bbox 2353 3324 2428 3386; x_wconf 84' lang='grc' dir='ltr'><strong>ὡς</strong></span> <span class='ocrx_word' id='word_1_562' title='bbox 2463 3323 2712 3393; x_wconf 78' lang='grc' dir='ltr'>παρόντα</span> <span class='ocrx_word' id='word_1_563' title='bbox 2743 3324 2851 3377; x_wconf 86' lang='grc' dir='ltr'>ἀεί.</span> <span class='ocrx_word' id='word_1_564' title='bbox 2889 3321 3101 3376; x_wconf 80' lang='grc' dir='ltr'>Οῠκουν</span> <span class='ocrx_word' id='word_1_565' title='bbox 3131 3325 3191 3375; x_wconf 79' lang='grc' dir='ltr'><strong>ού</strong></span> <span class='ocrx_word' id='word_1_566' title='bbox 3230 3324 3441 3375; x_wconf 78' lang='grc' dir='ltr'><strong>πολλῶν</strong></span> <span class='ocrx_word' id='word_1_567' title='bbox 3476 3322 3729 3391; x_wconf 66' lang='grc' dir='ltr'>μοι,χρεὶα</span> 
     </span>
    </p>
   </div>
   <div class='ocr_carea' id='block_1_81' title="bbox 2181 3409 3728 3484">
    <p class='ocr_par' dir='ltr' id='par_1_81' title="bbox 2181 3409 3728 3484">
     <span class='ocr_line' id='line_1_81' title="bbox 2181 3409 3728 3484; baseline -0.005 -17"><span class='ocrx_word' id='word_1_568' title='bbox 2181 3415 2356 3482; x_wconf 85' lang='grc' dir='ltr'>λόγων</span> <span class='ocrx_word' id='word_1_569' title='bbox 2386 3414 2519 3484; x_wconf 73' lang='grc' dir='ltr'>πρὸς</span> <span class='ocrx_word' id='word_1_570' title='bbox 2554 3414 2697 3483; x_wconf 75' lang='grc' dir='ltr'>ὑμᾶς</span> <span class='ocrx_word' id='word_1_571' title='bbox 2731 3414 3101 3466; x_wconf 80' lang='grc' dir='ltr'>ἑπιστέλλοντι</span> <span class='ocrx_word' id='word_1_572' title='bbox 3131 3429 3144 3443; x_wconf 86' lang='grc'><strong>·</strong></span> <span class='ocrx_word' id='word_1_573' title='bbox 3178 3414 3281 3466; x_wconf 81' lang='grc' dir='ltr'>ὅσα</span> <span class='ocrx_word' id='word_1_574' title='bbox 3311 3414 3420 3482; x_wconf 81' lang='grc' dir='ltr'>γὰρ</span> <span class='ocrx_word' id='word_1_575' title='bbox 3451 3414 3570 3481; x_wconf 82' lang='grc' dir='ltr'>ὑμῖν</span> <span class='ocrx_word' id='word_1_576' title='bbox 3597 3409 3728 3460; x_wconf 71' lang='grc' dir='ltr'><strong>λιέλε⁸</strong></span> 
     </span>
    </p>
   </div>
   <div class='ocr_carea' id='block_1_82' title="bbox 2183 3502 3726 3575">
    <p class='ocr_par' dir='ltr' id='par_1_82' title="bbox 2183 3502 3726 3575">
     <span class='ocr_line' id='line_1_82' title="bbox 2183 3502 3726 3575; baseline -0.005 -17"><span class='ocrx_word' id='word_1_577' title='bbox 2183 3522 2310 3559; x_wconf 90' lang='grc' dir='ltr'>κται</span> <span class='ocrx_word' id='word_1_578' title='bbox 2342 3506 2469 3574; x_wconf 83' lang='grc' dir='ltr'>παρ’</span> <span class='ocrx_word' id='word_1_579' title='bbox 2494 3505 2650 3574; x_wconf 76' lang='grc' dir='ltr'>ἐμοῦ,</span> <span class='ocrx_word' id='word_1_580' title='bbox 2680 3505 2849 3557; x_wconf 86' lang='grc' dir='ltr'>ταῦτα</span> <span class='ocrx_word' id='word_1_581' title='bbox 2881 3506 2912 3571; x_wconf 90' lang='grc' dir='ltr'><strong>ή</strong></span> <span class='ocrx_word' id='word_1_582' title='bbox 2945 3504 3188 3575; x_wconf 81' lang='grc' dir='ltr'>ὑμετέρα</span> <span class='ocrx_word' id='word_1_583' title='bbox 3221 3507 3406 3567; x_wconf 79' lang='grc' dir='ltr'>πίστις</span> <span class='ocrx_word' id='word_1_584' title='bbox 3440 3502 3726 3572; x_wconf 75' lang='grc' dir='ltr'>προῦλαϐε·</span> 
     </span>
    </p>
   </div>
   <div class='ocr_carea' id='block_1_83' title="bbox 2184 3593 3728 3665">
    <p class='ocr_par' dir='ltr' id='par_1_83' title="bbox 2184 3593 3728 3665">
     <span class='ocr_line' id='line_1_83' title="bbox 2184 3593 3728 3665; baseline -0.004 -16"><span class='ocrx_word' id='word_1_585' title='bbox 2184 3598 2278 3649; x_wconf 74' lang='grc' dir='ltr'>καὶ</span> <span class='ocrx_word' id='word_1_586' title='bbox 2307 3596 2665 3664; x_wconf 84' lang='grc' dir='ltr'>πεπλήρωται</span> <span class='ocrx_word' id='word_1_587' title='bbox 2700 3596 2839 3647; x_wconf 81' lang='grc' dir='ltr'><strong>κατὰ</strong></span> <span class='ocrx_word' id='word_1_588' title='bbox 2876 3594 3114 3665; x_wconf 83' lang='grc' dir='ltr'>Χριστοῦ</span> <span class='ocrx_word' id='word_1_589' title='bbox 3150 3597 3313 3665; x_wconf 81' lang='grc' dir='ltr'>χάριν</span> <span class='ocrx_word' id='word_1_590' title='bbox 3342 3598 3411 3649; x_wconf 77' lang='grc' dir='ltr'>τὰ</span> <span class='ocrx_word' id='word_1_591' title='bbox 3439 3597 3531 3665; x_wconf 77' lang='grc' dir='ltr'><strong>τῆς</strong></span> <span class='ocrx_word' id='word_1_592' title='bbox 3564 3593 3728 3660; x_wconf 75' lang='grc' dir='ltr'>κοινῆς</span> 
     </span>
    </p>
   </div>
   <div class='ocr_carea' id='block_1_84' title="bbox 2184 3682 3727 3757">
    <p class='ocr_par' dir='ltr' id='par_1_84' title="bbox 2184 3682 3727 3757">
     <span class='ocr_line' id='line_1_84' title="bbox 2184 3682 3727 3757; baseline -0.005 -17"><span class='ocrx_word' id='word_1_593' title='bbox 2184 3688 2337 3757; x_wconf 80' lang='grc' dir='ltr'>ὑμῶν</span> <span class='ocrx_word' id='word_1_594' title='bbox 2372 3691 2588 3741; x_wconf 88' lang='grc' dir='ltr'>πάντων</span> <span class='ocrx_word' id='word_1_595' title='bbox 2623 3687 2810 3755; x_wconf 82' lang='grc' dir='ltr'>εὐχῆς.</span> <span class='ocrx_word' id='word_1_596' title='bbox 2849 3687 3139 3756; x_wconf 79' lang='grc' dir='ltr'>Συγχαίρω</span> <span class='ocrx_word' id='word_1_597' title='bbox 3170 3687 3355 3740; x_wconf 78' lang='grc' dir='ltr'>τοίνυν</span> <span class='ocrx_word' id='word_1_598' title='bbox 3390 3688 3513 3754; x_wconf 77' lang='grc' dir='ltr'>ὑμῖν</span> <span class='ocrx_word' id='word_1_599' title='bbox 3535 3722 3565 3749; x_wconf 49' lang='grc'><strong>,,</strong></span> <span class='ocrx_word' id='word_1_600' title='bbox 3586 3682 3727 3735; x_wconf 79' lang='grc' dir='ltr'>πάλιν</span> 
     </span>
    </p>
   </div>
   <div class='ocr_carea' id='block_1_85' title="bbox 2184 3775 3729 3851">
    <p class='ocr_par' dir='ltr' id='par_1_85' title="bbox 2184 3775 3729 3851">
     <span class='ocr_line' id='line_1_85' title="bbox 2184 3775 3729 3851; baseline -0.006 -18"><span class='ocrx_word' id='word_1_601' title='bbox 2184 3784 2294 3850; x_wconf 74' lang='grc' dir='ltr'><strong>γάρ</strong></span> <span class='ocrx_word' id='word_1_602' title='bbox 2320 3780 2451 3851; x_wconf 77' lang='grc' dir='ltr'><strong>ἐρῶ,</strong></span> <span class='ocrx_word' id='word_1_603' title='bbox 2478 3782 2557 3832; x_wconf 81' lang='grc' dir='ltr'>ὃτι</span> <span class='ocrx_word' id='word_1_604' title='bbox 2581 3782 2680 3841; x_wconf 69' lang='grc' dir='ltr'><strong>τὰς</strong></span> <span class='ocrx_word' id='word_1_605' title='bbox 2705 3779 2884 3848; x_wconf 74' lang='grc' dir='ltr'>ψυχὰς</span> <span class='ocrx_word' id='word_1_606' title='bbox 2909 3779 3377 3848; x_wconf 77' lang='grc' dir='ltr'>ἁκαταμαχήτους</span> <span class='ocrx_word' id='word_1_607' title='bbox 3403 3780 3458 3830; x_wconf 77' lang='grc' dir='ltr'>ὲν</span> <span class='ocrx_word' id='word_1_608' title='bbox 3482 3778 3545 3845; x_wconf 83' lang='grc' dir='ltr'>τῇ</span> <span class='ocrx_word' id='word_1_609' title='bbox 3570 3775 3729 3826; x_wconf 75' lang='grc' dir='ltr'>πίστει</span> 
     </span>
    </p>
   </div>
   <div class='ocr_carea' id='block_1_86' title="bbox 2184 3864 3729 3940">
    <p class='ocr_par' dir='ltr' id='par_1_86' title="bbox 2184 3864 3729 3940">
     <span class='ocr_line' id='line_1_86' title="bbox 2184 3864 3729 3940; baseline -0.006 -16"><span class='ocrx_word' id='word_1_610' title='bbox 2184 3872 2544 3940; x_wconf 82' lang='grc' dir='ltr'>τετηρήκατε.</span> <span class='ocrx_word' id='word_1_611' title='bbox 2574 3871 2683 3922; x_wconf 75' lang='grc' dir='ltr'><strong>Καὶ</strong></span> <span class='ocrx_word' id='word_1_612' title='bbox 2711 3866 2858 3938; x_wconf 76' lang='grc' dir='ltr'>αὑτῷ</span> <span class='ocrx_word' id='word_1_613' title='bbox 2886 3868 2944 3920; x_wconf 81' lang='grc' dir='ltr'>δὲ</span> <span class='ocrx_word' id='word_1_614' title='bbox 2971 3868 3047 3938; x_wconf 78' lang='grc' dir='ltr'>τῷ</span> <span class='ocrx_word' id='word_1_615' title='bbox 3074 3868 3289 3938; x_wconf 81' lang='grc' dir='ltr'>ἀδελφῷ</span> <span class='ocrx_word' id='word_1_616' title='bbox 3318 3884 3421 3939; x_wconf 82' lang='grc' dir='ltr'>μου</span> <span class='ocrx_word' id='word_1_617' title='bbox 3457 3864 3729 3921; x_wconf 60' lang='grc' dir='ltr'>Ἀθανασῖυ</span> 
     </span>
    </p>
   </div>
   <div class='ocr_carea' id='block_1_87' title="bbox 2185 3952 3728 4030">
    <p class='ocr_par' dir='ltr' id='par_1_87' title="bbox 2185 3952 3728 4030">
     <span class='ocr_line' id='line_1_87' title="bbox 2185 3952 3728 4030; baseline -0.007 -14"><span class='ocrx_word' id='word_1_618' title='bbox 2185 3965 2283 4016; x_wconf 81' lang='grc' dir='ltr'><strong>οὐκ</strong></span> <span class='ocrx_word' id='word_1_619' title='bbox 2325 3963 2542 4015; x_wconf 78' lang='grc' dir='ltr'>ἔλαττον</span> <span class='ocrx_word' id='word_1_620' title='bbox 2584 3961 2902 4030; x_wconf 84' lang='grc' dir='ltr'>συγχαίρω·</span> <span class='ocrx_word' id='word_1_621' title='bbox 2943 3961 3025 4012; x_wconf 82' lang='grc' dir='ltr'><strong>ὅτι</strong></span> <span class='ocrx_word' id='word_1_622' title='bbox 3072 3961 3275 4029; x_wconf 84' lang='grc' dir='ltr'>καίπερ</span> <span class='ocrx_word' id='word_1_623' title='bbox 3323 3959 3542 4029; x_wconf 83' lang='grc' dir='ltr'>πάσχων</span> <span class='ocrx_word' id='word_1_624' title='bbox 3581 3952 3728 4007; x_wconf 83' lang='grc' dir='ltr'>πολλὰ</span> 
     </span>
    </p>
   </div>
   <div class='ocr_carea' id='block_1_88' title="bbox 2187 4047 3747 4124">
    <p class='ocr_par' dir='ltr' id='par_1_88' title="bbox 2187 4047 3747 4124">
     <span class='ocr_line' id='line_1_88' title="bbox 2187 4047 3747 4124; baseline -0.009 -16"><span class='ocrx_word' id='word_1_625' title='bbox 2187 4053 2431 4124; x_wconf 77' lang='grc' dir='ltr'>λυπηρὰ,</span> <span class='ocrx_word' id='word_1_626' title='bbox 2459 4052 2579 4105; x_wconf 78' lang='grc' dir='ltr'>οὐδὲ</span> <span class='ocrx_word' id='word_1_627' title='bbox 2610 4052 2739 4121; x_wconf 81' lang='grc' dir='ltr'>μίαν</span> <span class='ocrx_word' id='word_1_628' title='bbox 2765 4052 2915 4119; x_wconf 83' lang='grc' dir='ltr'>ὥραν</span> <span class='ocrx_word' id='word_1_629' title='bbox 2938 4051 3255 4119; x_wconf 76' lang='grc' dir='ltr'>ἐπιλήσμων</span> <span class='ocrx_word' id='word_1_630' title='bbox 3279 4050 3467 4119; x_wconf 81' lang='grc' dir='ltr'>γέγονε</span> <span class='ocrx_word' id='word_1_631' title='bbox 3491 4047 3584 4115; x_wconf 83' lang='grc' dir='ltr'><strong>τῆς</strong></span> <span class='ocrx_word' id='word_1_632' title='bbox 3610 4047 3747 4112; x_wconf 83' lang='grc' dir='ltr'><strong>ὑμε-,</strong></span> 
     </span>
    </p>
   </div>
   <div class='ocr_carea' id='block_1_89' title="bbox 2186 4133 3729 4237">
    <p class='ocr_par' dir='ltr' id='par_1_89' title="bbox 2186 4133 3729 4237">
     <span class='ocr_line' id='line_1_89' title="bbox 2186 4133 3729 4237; baseline -0.005 -39"><span class='ocrx_word' id='word_1_633' title='bbox 2186 4147 2346 4216; x_wconf 79' lang='grc' dir='ltr'>τέρας</span> <span class='ocrx_word' id='word_1_634' title='bbox 2382 4144 2600 4212; x_wconf 76' lang='grc' dir='ltr'>ἀγάπης</span> <span class='ocrx_word' id='word_1_635' title='bbox 2634 4144 2729 4195; x_wconf 76' lang='grc' dir='ltr'>καὶ</span> <span class='ocrx_word' id='word_1_636' title='bbox 2759 4142 2853 4196; x_wconf 81' lang='grc' dir='ltr'>τοῦ</span> <span class='ocrx_word' id='word_1_637' title='bbox 2886 4143 3155 4212; x_wconf 75' lang='grc' dir='ltr'>ὑμετέρου</span> <span class='ocrx_word' id='word_1_638' title='bbox 3191 4142 3380 4194; x_wconf 79' lang='grc' dir='ltr'>πόθου.</span> <span class='ocrx_word' id='word_1_639' title='bbox 3418 4141 3480 4193; x_wconf 83' lang='lat' dir='ltr'><strong>El</strong></span> <span class='ocrx_word' id='word_1_640' title='bbox 3513 4139 3613 4237; x_wconf 71' lang='grc' dir='ltr'>γὰρ</span> <span class='ocrx_word' id='word_1_641' title='bbox 3644 4133 3729 4237; x_wconf 48' lang='lat' dir='ltr'><strong>att-Il</strong></span> 
     </span>
    </p>
   </div>
   <div class='ocr_carea' id='block_1_90' title="bbox 2186 4229 3729 4331">
    <p class='ocr_par' dir='ltr' id='par_1_90' title="bbox 2186 4229 3729 4331">
     <span class='ocr_line' id='line_1_90' title="bbox 2186 4229 3729 4331; baseline -0.007 -39"><span class='ocrx_word' id='word_1_642' title='bbox 2186 4240 2265 4310; x_wconf 81' lang='grc' dir='ltr'>τῷ</span> <span class='ocrx_word' id='word_1_643' title='bbox 2295 4240 2508 4307; x_wconf 82' lang='grc' dir='ltr'>σώματι</span> <span class='ocrx_word' id='word_1_644' title='bbox 2537 4238 2672 4307; x_wconf 68' lang='grc' dir='ltr'>πρὸς</span> <span class='ocrx_word' id='word_1_645' title='bbox 2699 4238 2891 4306; x_wconf 87' lang='grc' dir='ltr'>καιρὸν</span> <span class='ocrx_word' id='word_1_646' title='bbox 2917 4236 3097 4300; x_wconf 76' lang='grc' dir='ltr'>ἔδοξεν</span> <span class='ocrx_word' id='word_1_647' title='bbox 3122 4236 3216 4303; x_wconf 77' lang='grc' dir='ltr'><strong>ἀφ’</strong></span> <span class='ocrx_word' id='word_1_648' title='bbox 3242 4235 3396 4331; x_wconf 69' lang='grc' dir='ltr'>ύμιῦν</span> <span class='ocrx_word' id='word_1_649' title='bbox 3422 4229 3729 4331; x_wconf 58' lang='grc' dir='ltr'>ἀφελκυσθῗῑ·</span> 
     </span>
    </p>
   </div>
   <div class='ocr_carea' id='block_1_91' title="bbox 2190 4320 3729 4398">
    <p class='ocr_par' dir='ltr' id='par_1_91' title="bbox 2190 4320 3729 4398">
     <span class='ocr_line' id='line_1_91' title="bbox 2190 4320 3729 4398; baseline -0.01 -15"><span class='ocrx_word' id='word_1_650' title='bbox 2190 4347 2311 4397; x_wconf 89' lang='grc' dir='ltr'>ναι,</span> <span class='ocrx_word' id='word_1_651' title='bbox 2346 4328 2481 4381; x_wconf 84' lang='grc' dir='ltr'><strong>ἀλλά</strong></span> <span class='ocrx_word' id='word_1_652' title='bbox 2512 4327 2591 4398; x_wconf 84' lang='grc' dir='ltr'>τῷ</span> <span class='ocrx_word' id='word_1_653' title='bbox 2632 4327 2900 4396; x_wconf 82' lang='grc' dir='ltr'>πνεύματι</span> <span class='ocrx_word' id='word_1_654' title='bbox 2941 4326 3030 4377; x_wconf 78' lang='grc' dir='ltr'><strong>διὰ</strong></span> <span class='ocrx_word' id='word_1_655' title='bbox 3066 4324 3264 4389; x_wconf 77' lang='grc' dir='ltr'>παντὸς</span> <span class='ocrx_word' id='word_1_656' title='bbox 3303 4323 3379 4387; x_wconf 84' lang='grc' dir='ltr'>ὡς</span> <span class='ocrx_word' id='word_1_657' title='bbox 3420 4320 3586 4375; x_wconf 87' lang='grc' dir='ltr'>συνὼν</span> <span class='ocrx_word' id='word_1_658' title='bbox 3618 4320 3729 4386; x_wconf 80' lang='grc' dir='ltr'>ὑμῖν</span> 
     </span>
    </p>
   </div>
   <div class='ocr_carea' id='block_1_92' title="bbox 514 4404 2078 4494">
    <p class='ocr_par' dir='ltr' id='par_1_92' title="bbox 514 4406 2077 4478">
     <span class='ocr_line' id='line_1_92' title="bbox 514 4406 2077 4478; baseline 0.016 -24"><span class='ocrx_word' id='word_1_659' title='bbox 514 4415 743 4472; x_wconf 76' lang='lat' dir='ltr'><strong>corpore</strong></span> <span class='ocrx_word' id='word_1_660' title='bbox 791 4406 857 4460; x_wconf 92' lang='lat' dir='ltr'><strong>ad</strong></span> <span class='ocrx_word' id='word_1_661' title='bbox 908 4416 1118 4477; x_wconf 86' lang='lat' dir='ltr'><strong>tempus</strong></span> <span class='ocrx_word' id='word_1_662' title='bbox 1147 4429 1176 4466; x_wconf 89' lang='lat' dir='ltr'><strong>a</strong></span> <span class='ocrx_word' id='word_1_663' title='bbox 1219 4415 1374 4470; x_wconf 89' lang='lat' dir='ltr'><strong>vobis</strong></span> <span class='ocrx_word' id='word_1_664' title='bbox 1423 4419 1721 4477; x_wconf 82' lang='lat' dir='ltr'><strong>distractus</strong></span> <span class='ocrx_word' id='word_1_665' title='bbox 1753 4438 1874 4478; x_wconf 90' lang='lat' dir='ltr'><strong>esse</strong></span> <span class='ocrx_word' id='word_1_666' title='bbox 1925 4424 2077 4478; x_wconf 87' lang='lat' dir='ltr'><strong>visus</strong></span> 
     </span>
    </p>
   </div>
   <div class='ocr_carea' id='block_1_93' title="bbox 2183 4404 3731 4494">
    <p class='ocr_par' dir='ltr' id='par_1_93' title="bbox 2183 4408 3731 4494">
     <span class='ocr_line' id='line_1_93' title="bbox 2183 4408 3731 4494; baseline -0.01 -17"><span class='ocrx_word' id='word_1_667' title='bbox 2183 4425 2334 4494; x_wconf 82' lang='grc' dir='ltr'>διῆγε</span> <span class='ocrx_word' id='word_1_668' title='bbox 2358 4438 2371 4453; x_wconf 88' lang='grc'><strong>·</strong></span> <span class='ocrx_word' id='word_1_669' title='bbox 2402 4426 2497 4476; x_wconf 79' lang='grc' dir='ltr'>καὶ</span> <span class='ocrx_word' id='word_1_670' title='bbox 2523 4423 2720 4491; x_wconf 79' lang='grc' dir='ltr'>ἔγωγε,</span> <span class='ocrx_word' id='word_1_671' title='bbox 2753 4421 3050 4490; x_wconf 72' lang='grc' dir='ltr'>ἀγαπητοὶ,</span> <span class='ocrx_word' id='word_1_672' title='bbox 3078 4419 3167 4470; x_wconf 81' lang='grc' dir='ltr'><strong>τὸν</strong></span> <span class='ocrx_word' id='word_1_673' title='bbox 3195 4418 3488 4486; x_wconf 80' lang='grc' dir='ltr'>γενόμενον</span> <span class='ocrx_word' id='word_1_674' title='bbox 3516 4413 3627 4466; x_wconf 84' lang='grc' dir='ltr'>κατ’</span> <span class='ocrx_word' id='word_1_675' title='bbox 3648 4408 3731 4460; x_wconf 82' lang='grc' dir='ltr'><strong>αὑ·</strong></span> 
     </span>
    </p>
   </div>
   <div class='ocr_carea' id='block_1_94' title="bbox 510 4499 2081 4583">
    <p class='ocr_par' dir='ltr' id='par_1_94' title="bbox 510 4499 2081 4583">
     <span class='ocr_line' id='line_1_94' title="bbox 510 4499 2081 4583; baseline 0.017 -38"><span class='ocrx_word' id='word_1_676' title='bbox 510 4503 615 4558; x_wconf 90' lang='lat' dir='ltr'><strong>est,</strong></span> <span class='ocrx_word' id='word_1_677' title='bbox 662 4499 858 4566; x_wconf 92' lang='lat' dir='ltr'><strong>spiritu</strong></span> <span class='ocrx_word' id='word_1_678' title='bbox 895 4511 1070 4558; x_wconf 90' lang='lat' dir='ltr'><strong>tamen</strong></span> <span class='ocrx_word' id='word_1_679' title='bbox 1105 4509 1367 4564; x_wconf 88' lang='lat' dir='ltr'><strong>continue</strong></span> <span class='ocrx_word' id='word_1_680' title='bbox 1415 4513 1581 4568; x_wconf 88' lang='lat' dir='ltr'><strong>veluti</strong></span> <span class='ocrx_word' id='word_1_681' title='bbox 1623 4530 1862 4583; x_wconf 67' lang='lat' dir='ltr'><strong>praesens</strong></span> <span class='ocrx_word' id='word_1_682' title='bbox 1894 4517 2081 4572; x_wconf 88' lang='lat' dir='ltr'><strong>vobis-</strong></span> 
     </span>
    </p>
   </div>
   <div class='ocr_carea' id='block_1_95' title="bbox 511 4590 2083 4670">
    <p class='ocr_par' dir='ltr' id='par_1_95' title="bbox 511 4590 2083 4670">
     <span class='ocr_line' id='line_1_95' title="bbox 511 4590 2083 4670; baseline 0.016 -30"><span class='ocrx_word' id='word_1_683' title='bbox 511 4603 634 4641; x_wconf 91' lang='lat' dir='ltr'><strong>cum</strong></span> <span class='ocrx_word' id='word_1_684' title='bbox 673 4590 792 4647; x_wconf 91' lang='lat' dir='ltr'><strong>fuit.</strong></span> <span class='ocrx_word' id='word_1_685' title='bbox 845 4597 1021 4665; x_wconf 86' lang='lat' dir='ltr'><strong>Atque</strong></span> <span class='ocrx_word' id='word_1_686' title='bbox 1051 4600 1330 4668; x_wconf 90' lang='lat' dir='ltr'><strong>equidem,</strong></span> <span class='ocrx_word' id='word_1_687' title='bbox 1373 4604 1579 4670; x_wconf 72' lang='lat' dir='ltr'><strong>dilecti,</strong></span> <span class='ocrx_word' id='word_1_688' title='bbox 1636 4608 1991 4663; x_wconf 85' lang='lat' dir='ltr'><strong>tentationem</strong></span> <span class='ocrx_word' id='word_1_689' title='bbox 2026 4619 2083 4665; x_wconf 94' lang='lat' dir='ltr'><strong>et</strong></span> 
     </span>
    </p>
   </div>
   <div class='ocr_carea' id='block_1_96' title="bbox 509 4688 2079 4768">
    <p class='ocr_par' dir='ltr' id='par_1_96' title="bbox 509 4688 2079 4768">
     <span class='ocr_line' id='line_1_96' title="bbox 509 4688 2079 4768; baseline 0.015 -36"><span class='ocrx_word' id='word_1_690' title='bbox 509 4695 808 4739; x_wconf 63' lang='lat' dir='ltr'><strong>aerumnam</strong></span> <span class='ocrx_word' id='word_1_691' title='bbox 856 4688 976 4755; x_wconf 83' lang='lat' dir='ltr'><strong>ejus</strong></span> <span class='ocrx_word' id='word_1_692' title='bbox 1001 4706 1218 4745; x_wconf 85' lang='lat' dir='ltr'><strong>omnem</strong></span> <span class='ocrx_word' id='word_1_693' title='bbox 1255 4710 1362 4748; x_wconf 90' lang='lat' dir='ltr'><strong>non</strong></span> <span class='ocrx_word' id='word_1_694' title='bbox 1388 4706 1519 4764; x_wconf 90' lang='lat' dir='ltr'><strong>puto</strong></span> <span class='ocrx_word' id='word_1_695' title='bbox 1542 4698 1713 4768; x_wconf 84' lang='lat' dir='ltr'><strong>gloria</strong></span> <span class='ocrx_word' id='word_1_696' title='bbox 1746 4715 1841 4753; x_wconf 91' lang='lat' dir='ltr'><strong>sua</strong></span> <span class='ocrx_word' id='word_1_697' title='bbox 1872 4716 2079 4757; x_wconf 87' lang='lat' dir='ltr'><strong>carere.</strong></span> 
     </span>
    </p>
   </div>
   <div class='ocr_carea' id='block_1_97' title="bbox 511 4773 2084 4862">
    <p class='ocr_par' dir='ltr' id='par_1_97' title="bbox 511 4773 2084 4862">
     <span class='ocr_line' id='line_1_97' title="bbox 511 4773 2084 4862; baseline 0.013 -36"><span class='ocrx_word' id='word_1_698' title='bbox 511 4773 646 4828; x_wconf 85' lang='lat' dir='ltr'><strong>Nam</strong></span> <span class='ocrx_word' id='word_1_699' title='bbox 689 4778 848 4833; x_wconf 92' lang='lat' dir='ltr'><strong>simul</strong></span> <span class='ocrx_word' id='word_1_700' title='bbox 878 4790 933 4835; x_wconf 86' lang='lat' dir='ltr'><strong>et</strong></span> <span class='ocrx_word' id='word_1_701' title='bbox 967 4794 1144 4838; x_wconf 84' lang='lat' dir='ltr'><strong>vestra</strong></span> <span class='ocrx_word' id='word_1_702' title='bbox 1175 4795 1230 4838; x_wconf 90' lang='lat' dir='ltr'><strong>et</strong></span> <span class='ocrx_word' id='word_1_703' title='bbox 1260 4787 1408 4843; x_wconf 91' lang='lat' dir='ltr'><strong>illius</strong></span> <span class='ocrx_word' id='word_1_704' title='bbox 1443 4788 1577 4844; x_wconf 87' lang='lat' dir='ltr'><strong>fides</strong></span> <span class='ocrx_word' id='word_1_705' title='bbox 1608 4792 1795 4846; x_wconf 85' lang='lat' dir='ltr'><strong>multis</strong></span> <span class='ocrx_word' id='word_1_706' title='bbox 1841 4802 1925 4847; x_wconf 88' lang='lat' dir='ltr'><strong>est</strong></span> <span class='ocrx_word' id='word_1_707' title='bbox 1958 4809 2084 4862; x_wconf 84' lang='lat' dir='ltr'><strong>per-</strong></span> 
     </span>
    </p>
   </div>
   <div class='ocr_carea' id='block_1_98' title="bbox 514 4874 2084 4949">
    <p class='ocr_par' dir='ltr' id='par_1_98' title="bbox 514 4874 2084 4949">
     <span class='ocr_line' id='line_1_98' title="bbox 514 4874 2084 4949; baseline 0.011 -28"><span class='ocrx_word' id='word_1_708' title='bbox 514 4879 702 4936; x_wconf 87' lang='lat' dir='ltr'><strong>specta</strong></span> <span class='ocrx_word' id='word_1_709' title='bbox 739 4881 794 4925; x_wconf 92' lang='lat' dir='ltr'><strong>et</strong></span> <span class='ocrx_word' id='word_1_710' title='bbox 823 4874 1122 4941; x_wconf 86' lang='lat' dir='ltr'><strong>explorata.</strong></span> <span class='ocrx_word' id='word_1_711' title='bbox 1151 4876 1263 4932; x_wconf 81' lang='lat' dir='ltr'><strong>Nisi</strong></span> <span class='ocrx_word' id='word_1_712' title='bbox 1293 4879 1440 4933; x_wconf 91' lang='lat' dir='ltr'><strong>enim</strong></span> <span class='ocrx_word' id='word_1_713' title='bbox 1471 4881 1585 4935; x_wconf 71' lang='lat' dir='ltr'><strong>ham</strong></span> <span class='ocrx_word' id='word_1_714' title='bbox 1618 4882 2084 4949; x_wconf 83' lang='lat' dir='ltr'><strong>intercessissent,</strong></span> 
     </span>
    </p>
   </div>
   <div class='ocr_carea' id='block_1_99' title="bbox 515 4960 2083 5041">
    <p class='ocr_par' dir='ltr' id='par_1_99' title="bbox 515 4960 2083 5041">
     <span class='ocr_line' id='line_1_99' title="bbox 515 4960 2083 5041; baseline 0.01 -30"><span class='ocrx_word' id='word_1_715' title='bbox 515 4960 643 5027; x_wconf 88' lang='lat' dir='ltr'><strong>quis</strong></span> <span class='ocrx_word' id='word_1_716' title='bbox 694 4964 912 5019; x_wconf 86' lang='lat' dir='ltr'><strong>tandem</strong></span> <span class='ocrx_word' id='word_1_717' title='bbox 942 4968 1284 5035; x_wconf 86' lang='lat' dir='ltr'><strong>credidisset,</strong></span> <span class='ocrx_word' id='word_1_718' title='bbox 1309 4982 1406 5025; x_wconf 90' lang='lat' dir='ltr'><strong>aut</strong></span> <span class='ocrx_word' id='word_1_719' title='bbox 1432 4988 1525 5025; x_wconf 91' lang='lat' dir='ltr'><strong>vos</strong></span> <span class='ocrx_word' id='word_1_720' title='bbox 1549 4981 1760 5027; x_wconf 86' lang='lat' dir='ltr'><strong>tantum</strong></span> <span class='ocrx_word' id='word_1_721' title='bbox 1789 4975 2083 5041; x_wconf 87' lang='lat' dir='ltr'><strong>judicium,</strong></span> 
     </span>
    </p>
   </div>
   <div class='ocr_carea' id='block_1_100' title="bbox 498 5050 2088 5129">
    <p class='ocr_par' dir='ltr' id='par_1_100' title="bbox 498 5050 2088 5129">
     <span class='ocr_line' id='line_1_100' title="bbox 498 5050 2088 5129; baseline 0.009 -26"><span class='ocrx_word' id='word_1_722' title='bbox 498 5050 840 5121; x_wconf 88' lang='lat' dir='ltr'><strong>‘tantumque</strong></span> <span class='ocrx_word' id='word_1_723' title='bbox 893 5070 1018 5124; x_wconf 81' lang='lat' dir='ltr'><strong>erga</strong></span> <span class='ocrx_word' id='word_1_724' title='bbox 1078 5060 1238 5113; x_wconf 89' lang='lat' dir='ltr'><strong>talem</strong></span> <span class='ocrx_word' id='word_1_725' title='bbox 1274 5061 1590 5129; x_wconf 88' lang='lat' dir='ltr'><strong>episcopum</strong></span> <span class='ocrx_word' id='word_1_726' title='bbox 1630 5064 1880 5118; x_wconf 87' lang='lat' dir='ltr'><strong>obtinere</strong></span> <span class='ocrx_word' id='word_1_727' title='bbox 1933 5081 2088 5118; x_wconf 88' lang='lat' dir='ltr'><strong>amo-</strong></span> 
     </span>
    </p>
   </div>
   <div class='ocr_carea' id='block_1_101' title="bbox 517 5143 2092 5210">
    <p class='ocr_par' dir='ltr' id='par_1_101' title="bbox 517 5143 2092 5210">
     <span class='ocr_line' id='line_1_101' title="bbox 517 5143 2092 5210; baseline 0.009 -14"><span class='ocrx_word' id='word_1_728' title='bbox 517 5159 630 5197; x_wconf 89' lang='lat' dir='ltr'><strong>rem</strong></span> <span class='ocrx_word' id='word_1_729' title='bbox 654 5143 676 5196; x_wconf 88' lang='lat'><strong>?</strong></span> <span class='ocrx_word' id='word_1_730' title='bbox 697 5155 792 5198; x_wconf 87' lang='lat' dir='ltr'><strong>aut</strong></span> <span class='ocrx_word' id='word_1_731' title='bbox 816 5145 966 5200; x_wconf 86' lang='lat' dir='ltr'><strong>illum</strong></span> <span class='ocrx_word' id='word_1_732' title='bbox 993 5150 1156 5203; x_wconf 89' lang='lat' dir='ltr'><strong>tantis</strong></span> <span class='ocrx_word' id='word_1_733' title='bbox 1178 5165 1297 5206; x_wconf 90' lang='lat' dir='ltr'><strong>esse</strong></span> <span class='ocrx_word' id='word_1_734' title='bbox 1322 5154 1724 5207; x_wconf 89' lang='lat' dir='ltr'><strong>accumulatum</strong></span> <span class='ocrx_word' id='word_1_735' title='bbox 1748 5155 2092 5210; x_wconf 80' lang='lat' dir='ltr'><strong>virituibus?</strong></span> 
     </span>
    </p>
   </div>
   <div class='ocr_carea' id='block_1_102' title="bbox 515 5243 2099 5339">
    <p class='ocr_par' dir='ltr' id='par_1_102' title="bbox 515 5243 2099 5339">
     <span class='ocr_line' id='line_1_102' title="bbox 515 5243 2099 5339; baseline 0.004 -42"><span class='ocrx_word' id='word_1_736' title='bbox 515 5256 614 5312; x_wconf 88' lang='lat' dir='ltr'><strong>per</strong></span> <span class='ocrx_word' id='word_1_737' title='bbox 660 5257 796 5311; x_wconf 87' lang='lat' dir='ltr'><strong>quas</strong></span> <span class='ocrx_word' id='word_1_738' title='bbox 835 5243 1041 5298; x_wconf 67' lang='lat' dir='ltr'><strong>coalesti</strong></span> <span class='ocrx_word' id='word_1_739' title='bbox 1079 5247 1243 5300; x_wconf 88' lang='lat' dir='ltr'><strong>etiam</strong></span> <span class='ocrx_word' id='word_1_740' title='bbox 1270 5264 1366 5318; x_wconf 87' lang='lat' dir='ltr'><strong>spe</strong></span> <span class='ocrx_word' id='word_1_741' title='bbox 1412 5265 1521 5303; x_wconf 92' lang='lat' dir='ltr'><strong>non</strong></span> <span class='ocrx_word' id='word_1_742' title='bbox 1555 5250 1791 5304; x_wconf 85' lang='lat' dir='ltr'><strong>excidet.</strong></span> <span class='ocrx_word' id='word_1_743' title='bbox 1815 5249 2099 5339; x_wconf 56' lang='lat' dir='ltr'><strong>Consecu:</strong></span> 
     </span>
    </p>
   </div>
   <div class='ocr_carea' id='block_1_103' title="bbox 518 5339 2091 5411">
    <p class='ocr_par' dir='ltr' id='par_1_103' title="bbox 518 5339 2091 5411">
     <span class='ocr_line' id='line_1_103' title="bbox 518 5339 2091 5411; baseline 0.005 -23"><span class='ocrx_word' id='word_1_744' title='bbox 518 5342 610 5389; x_wconf 82' lang='lat' dir='ltr'><strong>tus</strong></span> <span class='ocrx_word' id='word_1_745' title='bbox 632 5351 868 5405; x_wconf 87' lang='lat' dir='ltr'><strong>namque</strong></span> <span class='ocrx_word' id='word_1_746' title='bbox 889 5345 973 5390; x_wconf 92' lang='lat' dir='ltr'><strong>est</strong></span> <span class='ocrx_word' id='word_1_747' title='bbox 1003 5339 1171 5393; x_wconf 86' lang='lat' dir='ltr'><strong>variis</strong></span> <span class='ocrx_word' id='word_1_748' title='bbox 1197 5340 1392 5404; x_wconf 91' lang='lat' dir='ltr'><strong>modis,</strong></span> <span class='ocrx_word' id='word_1_749' title='bbox 1434 5349 1490 5396; x_wconf 91' lang='lat' dir='ltr'><strong>et</strong></span> <span class='ocrx_word' id='word_1_750' title='bbox 1518 5341 1572 5395; x_wconf 90' lang='lat' dir='ltr'><strong>in</strong></span> <span class='ocrx_word' id='word_1_751' title='bbox 1602 5342 1911 5411; x_wconf 64' lang='lat' dir='ltr'><strong>prazsentia,</strong></span> <span class='ocrx_word' id='word_1_752' title='bbox 1957 5352 2012 5398; x_wconf 90' lang='lat' dir='ltr'><strong>et</strong></span> <span class='ocrx_word' id='word_1_753' title='bbox 2038 5343 2091 5397; x_wconf 90' lang='lat' dir='ltr'><strong>in</strong></span> 
     </span>
    </p>
   </div>
   <div class='ocr_carea' id='block_1_104' title="bbox 522 5428 2092 5506">
    <p class='ocr_par' dir='ltr' id='par_1_104' title="bbox 522 5428 2092 5506">
     <span class='ocr_line' id='line_1_104' title="bbox 522 5428 2092 5506; baseline 0.006 -25"><span class='ocrx_word' id='word_1_754' title='bbox 522 5428 708 5484; x_wconf 84' lang='lat' dir='ltr'><strong>futuro</strong></span> <span class='ocrx_word' id='word_1_755' title='bbox 741 5432 1037 5496; x_wconf 69' lang='lat' dir='ltr'><strong>gloriosum</strong></span> <span class='ocrx_word' id='word_1_756' title='bbox 1068 5433 1431 5489; x_wconf 84' lang='lat' dir='ltr'><strong>confessionis</strong></span> <span class='ocrx_word' id='word_1_757' title='bbox 1474 5438 1797 5506; x_wconf 84' lang='lat' dir='ltr'><strong>martyrium</strong></span> <span class='ocrx_word' id='word_1_758' title='bbox 1842 5437 2092 5491; x_wconf 89' lang='lat' dir='ltr'><strong>testimo-</strong></span> 
     </span>
    </p>
   </div>
   <div class='ocr_carea' id='block_1_105' title="bbox 524 5522 2094 5594">
    <p class='ocr_par' dir='ltr' id='par_1_105' title="bbox 524 5522 2094 5594">
     <span class='ocr_line' id='line_1_105' title="bbox 524 5522 2094 5594; baseline 0.004 -18"><span class='ocrx_word' id='word_1_759' title='bbox 524 5522 785 5593; x_wconf 84' lang='lat' dir='ltr'><strong>niumque</strong></span> <span class='ocrx_word' id='word_1_760' title='bbox 819 5541 834 5578; x_wconf 88' lang='lat'><strong>:</strong></span> <span class='ocrx_word' id='word_1_761' title='bbox 875 5526 1020 5594; x_wconf 86' lang='lat' dir='ltr'><strong>quod</strong></span> <span class='ocrx_word' id='word_1_762' title='bbox 1054 5526 1242 5581; x_wconf 74' lang='lat' dir='ltr'><strong>multis</strong></span> <span class='ocrx_word' id='word_1_763' title='bbox 1276 5537 1417 5582; x_wconf 88' lang='lat' dir='ltr'><strong>terra</strong></span> <span class='ocrx_word' id='word_1_764' title='bbox 1465 5527 1630 5583; x_wconf 91' lang='lat' dir='ltr'><strong>simul</strong></span> <span class='ocrx_word' id='word_1_765' title='bbox 1659 5537 1716 5582; x_wconf 90' lang='lat' dir='ltr'><strong>et</strong></span> <span class='ocrx_word' id='word_1_766' title='bbox 1768 5529 1905 5582; x_wconf 86' lang='lat' dir='ltr'><strong>mari</strong></span> <span class='ocrx_word' id='word_1_767' title='bbox 1943 5528 2094 5583; x_wconf 87' lang='lat' dir='ltr'><strong>varie</strong></span> 
     </span>
    </p>
   </div>
   <div class='ocr_carea' id='block_1_106' title="bbox 523 5618 2093 5687">
    <p class='ocr_par' dir='ltr' id='par_1_106' title="bbox 523 5618 2093 5687">
     <span class='ocr_line' id='line_1_106' title="bbox 523 5618 2093 5687; baseline 0.006 -20"><span class='ocrx_word' id='word_1_768' title='bbox 523 5618 781 5684; x_wconf 86' lang='lat' dir='ltr'><strong>procellis</strong></span> <span class='ocrx_word' id='word_1_769' title='bbox 811 5618 1064 5687; x_wconf 77' lang='lat' dir='ltr'><strong>iactatus,</strong></span> <span class='ocrx_word' id='word_1_770' title='bbox 1097 5622 1321 5677; x_wconf 83' lang='lat' dir='ltr'><strong>insidias</strong></span> <span class='ocrx_word' id='word_1_771' title='bbox 1366 5634 1421 5679; x_wconf 90' lang='lat' dir='ltr'><strong>et</strong></span> <span class='ocrx_word' id='word_1_772' title='bbox 1456 5622 1677 5678; x_wconf 86' lang='lat' dir='ltr'><strong>fraudes</strong></span> <span class='ocrx_word' id='word_1_773' title='bbox 1715 5621 1930 5677; x_wconf 69' lang='lat' dir='ltr'><strong>Arianae</strong></span> <span class='ocrx_word' id='word_1_774' title='bbox 1980 5622 2093 5677; x_wconf 83' lang='lat' dir='ltr'><strong>hae-</strong></span> 
     </span>
    </p>
   </div>
   <div class='ocr_carea' id='block_1_107' title="bbox 530 5710 2093 5792">
    <p class='ocr_par' dir='ltr' id='par_1_107' title="bbox 530 5710 2093 5792">
     <span class='ocr_line' id='line_1_107' title="bbox 530 5710 2093 5792; baseline 0.003 -30"><span class='ocrx_word' id='word_1_775' title='bbox 530 5710 669 5762; x_wconf 87' lang='lat' dir='ltr'><strong>resis</strong></span> <span class='ocrx_word' id='word_1_776' title='bbox 697 5723 888 5766; x_wconf 84' lang='lat' dir='ltr'><strong>omnes</strong></span> <span class='ocrx_word' id='word_1_777' title='bbox 921 5715 1287 5780; x_wconf 81' lang='lat' dir='ltr'><strong>conculcavit,</strong></span> <span class='ocrx_word' id='word_1_778' title='bbox 1317 5727 1370 5770; x_wconf 88' lang='lat' dir='ltr'><strong>et</strong></span> <span class='ocrx_word' id='word_1_779' title='bbox 1399 5716 1597 5783; x_wconf 66' lang='lat' dir='ltr'><strong>swpius</strong></span> <span class='ocrx_word' id='word_1_780' title='bbox 1632 5730 1728 5782; x_wconf 88' lang='lat' dir='ltr'><strong>per</strong></span> <span class='ocrx_word' id='word_1_781' title='bbox 1750 5712 2013 5792; x_wconf 85' lang='lat' dir='ltr'><strong>invidiam</strong></span> <span class='ocrx_word' id='word_1_782' title='bbox 2040 5714 2093 5767; x_wconf 86' lang='lat' dir='ltr'><strong>in</strong></span> 
     </span>
    </p>
   </div>
   <div class='ocr_carea' id='block_1_108' title="bbox 2182 4502 3731 4583">
    <p class='ocr_par' dir='ltr' id='par_1_108' title="bbox 2182 4510 3731 4583">
     <span class='ocr_line' id='line_1_108' title="bbox 2182 4510 3731 4583; baseline -0.011 -13"><span class='ocrx_word' id='word_1_783' title='bbox 2182 4515 2278 4570; x_wconf 82' lang='grc' dir='ltr'>τοῦ</span> <span class='ocrx_word' id='word_1_784' title='bbox 2320 4515 2497 4569; x_wconf 86' lang='grc' dir='ltr'>πάντα</span> <span class='ocrx_word' id='word_1_785' title='bbox 2538 4511 2846 4583; x_wconf 81' lang='grc' dir='ltr'>πειρασμὸν</span> <span class='ocrx_word' id='word_1_786' title='bbox 2884 4512 2985 4563; x_wconf 78' lang='grc' dir='ltr'><strong>οὐκ</strong></span> <span class='ocrx_word' id='word_1_787' title='bbox 3026 4511 3213 4575; x_wconf 70' lang='grc' dir='ltr'>ἄδοξον</span> <span class='ocrx_word' id='word_1_788' title='bbox 3254 4510 3494 4579; x_wconf 77' lang='grc' dir='ltr'>ἡγοῦμαι</span> <span class='ocrx_word' id='word_1_789' title='bbox 3530 4518 3731 4573; x_wconf 74' lang='grc' dir='ltr'>γεγενη-</span> 
     </span>
    </p>
   </div>
   <div class='ocr_carea' id='block_1_109' title="bbox 2190 4595 3728 4692">
    <p class='ocr_par' dir='ltr' id='par_1_109' title="bbox 2190 4595 3728 4692">
     <span class='ocr_line' id='line_1_109' title="bbox 2190 4595 3728 4692; baseline -0.007 -32"><span class='ocrx_word' id='word_1_790' title='bbox 2190 4607 2336 4661; x_wconf 77' lang='grc' dir='ltr'>σθαι.</span> <span class='ocrx_word' id='word_1_791' title='bbox 2375 4609 2487 4660; x_wconf 74' lang='grc' dir='ltr'><strong>Καὶ</strong></span> <span class='ocrx_word' id='word_1_792' title='bbox 2528 4607 2637 4675; x_wconf 83' lang='grc' dir='ltr'>γὰρ</span> <span class='ocrx_word' id='word_1_793' title='bbox 2674 4605 2767 4656; x_wconf 78' lang='grc' dir='ltr'>καὶ</span> <span class='ocrx_word' id='word_1_794' title='bbox 2798 4605 2832 4672; x_wconf 84' lang='grc' dir='ltr'><strong>ή</strong></span> <span class='ocrx_word' id='word_1_795' title='bbox 2868 4603 3110 4672; x_wconf 78' lang='grc' dir='ltr'>ὑμετέρα</span> <span class='ocrx_word' id='word_1_796' title='bbox 3148 4604 3243 4653; x_wconf 72' lang='grc' dir='ltr'>καὶ</span> <span class='ocrx_word' id='word_1_797' title='bbox 3278 4605 3310 4670; x_wconf 87' lang='grc' dir='ltr'><strong>ή</strong></span> <span class='ocrx_word' id='word_1_798' title='bbox 3346 4600 3529 4692; x_wconf 80' lang='grc' dir='ltr'>τούτου</span> <span class='ocrx_word' id='word_1_799' title='bbox 3570 4595 3728 4692; x_wconf 59' lang='grc' dir='ltr'>πίστις</span> 
     </span>
    </p>
   </div>
   <div class='ocr_carea' id='block_1_110' title="bbox 2188 4689 3727 4791">
    <p class='ocr_par' dir='ltr' id='par_1_110' title="bbox 2188 4689 3727 4791">
     <span class='ocr_line' id='line_1_110' title="bbox 2188 4689 3727 4791; baseline -0.012 -39"><span class='ocrx_word' id='word_1_800' title='bbox 2188 4698 2436 4768; x_wconf 68' lang='grc' dir='ltr'>ἐγνώσθη</span> <span class='ocrx_word' id='word_1_801' title='bbox 2471 4699 2600 4750; x_wconf 80' lang='grc' dir='ltr'>πᾶσι</span> <span class='ocrx_word' id='word_1_802' title='bbox 2629 4697 2722 4749; x_wconf 70' lang='grc' dir='ltr'>καὶ</span> <span class='ocrx_word' id='word_1_803' title='bbox 2750 4694 3134 4788; x_wconf 73' lang='grc' dir='ltr'>δεδοκίμασται</span> <span class='ocrx_word' id='word_1_804' title='bbox 3155 4712 3170 4725; x_wconf 90' lang='grc'><strong>·</strong></span> <span class='ocrx_word' id='word_1_805' title='bbox 3202 4694 3250 4745; x_wconf 85' lang='lat' dir='ltr'><strong>sl</strong></span> <span class='ocrx_word' id='word_1_806' title='bbox 3281 4694 3388 4761; x_wconf 71' lang='grc' dir='ltr'><strong>γὰρ</strong></span> <span class='ocrx_word' id='word_1_807' title='bbox 3421 4689 3493 4759; x_wconf 77' lang='grc' dir='ltr'><strong>μὴ</strong></span> <span class='ocrx_word' id='word_1_808' title='bbox 3517 4689 3727 4791; x_wconf 67' lang='grc' dir='ltr'>τοσαῦτα</span> 
     </span>
    </p>
   </div>
   <div class='ocr_carea' id='block_1_111' title="bbox 2193 4776 3725 4876">
    <p class='ocr_par' dir='ltr' id='par_1_111' title="bbox 2193 4776 3725 4876">
     <span class='ocr_line' id='line_1_111' title="bbox 2193 4776 3725 4876; baseline -0.011 -31"><span class='ocrx_word' id='word_1_809' title='bbox 2193 4791 2556 4861; x_wconf 74' lang='grc' dir='ltr'>συμϐεϐήκει,</span> <span class='ocrx_word' id='word_1_810' title='bbox 2597 4791 2682 4853; x_wconf 86' lang='grc' dir='ltr'><strong>τίς</strong></span> <span class='ocrx_word' id='word_1_811' title='bbox 2726 4788 2792 4843; x_wconf 81' lang='grc' dir='ltr'>ἂν</span> <span class='ocrx_word' id='word_1_812' title='bbox 2824 4776 3185 4848; x_wconf 24' lang='grc' dir='ltr'>κὲπίστευσεν,</span> <span class='ocrx_word' id='word_1_813' title='bbox 3311 4786 3452 4876; x_wconf 66' lang='grc' dir='ltr'>ὑμᾶς</span> <span class='ocrx_word' id='word_1_814' title='bbox 3489 4779 3725 4876; x_wconf 67' lang='grc' dir='ltr'>τοσαύτην</span> 
     </span>
    </p>
   </div>
   <div class='ocr_carea' id='block_1_112' title="bbox 2190 4871 3724 4951">
    <p class='ocr_par' dir='ltr' id='par_1_112' title="bbox 2190 4871 3724 4951">
     <span class='ocr_line' id='line_1_112' title="bbox 2190 4871 3724 4951; baseline -0.014 -15"><span class='ocrx_word' id='word_1_815' title='bbox 2190 4884 2375 4951; x_wconf 88' lang='grc' dir='ltr'>κρίσιν</span> <span class='ocrx_word' id='word_1_816' title='bbox 2423 4881 2519 4933; x_wconf 72' lang='grc' dir='ltr'><strong>καὶ</strong></span> <span class='ocrx_word' id='word_1_817' title='bbox 2561 4878 2835 4938; x_wconf 86' lang='grc' dir='ltr'>τοσαύτην</span> <span class='ocrx_word' id='word_1_818' title='bbox 2878 4877 3100 4945; x_wconf 79' lang='grc' dir='ltr'>ἀγάπην</span> <span class='ocrx_word' id='word_1_819' title='bbox 3147 4875 3276 4945; x_wconf 77' lang='grc' dir='ltr'>περὶ</span> <span class='ocrx_word' id='word_1_820' title='bbox 3315 4874 3403 4927; x_wconf 80' lang='grc' dir='ltr'><strong>τὸν</strong></span> <span class='ocrx_word' id='word_1_821' title='bbox 3444 4871 3724 4940; x_wconf 77' lang='grc' dir='ltr'>τηλικοῦτον</span> 
     </span>
    </p>
   </div>
   <div class='ocr_carea' id='block_1_113' title="bbox 2191 4965 3725 5041">
    <p class='ocr_par' dir='ltr' id='par_1_113' title="bbox 2191 4965 3725 5041">
     <span class='ocr_line' id='line_1_113' title="bbox 2191 4965 3725 5041; baseline 0.001 -14"><span class='ocrx_word' id='word_1_822' title='bbox 2191 4974 2488 5027; x_wconf 82' lang='grc' dir='ltr'>ἐπίσκοπον</span> <span class='ocrx_word' id='word_1_823' title='bbox 2521 4974 2685 5040; x_wconf 73' lang='grc' dir='ltr'>ἔχειν,</span> <span class='ocrx_word' id='word_1_824' title='bbox 2716 4971 2749 5041; x_wconf 78' lang='grc' dir='ltr'><strong>ἢ</strong></span> <span class='ocrx_word' id='word_1_825' title='bbox 2789 4972 2997 5023; x_wconf 79' lang='grc' dir='ltr'>ἐκεῖνον</span> <span class='ocrx_word' id='word_1_826' title='bbox 3031 4968 3319 5031; x_wconf 86' lang='grc' dir='ltr'>τοσαύταις</span> <span class='ocrx_word' id='word_1_827' title='bbox 3351 4965 3558 5037; x_wconf 70' lang='grc' dir='ltr'>ἀρεταῖς</span> <span class='ocrx_word' id='word_1_828' title='bbox 3586 4974 3725 5027; x_wconf 72' lang='grc' dir='ltr'><strong>περι·</strong></span> 
     </span>
    </p>
   </div>
   <div class='ocr_carea' id='block_1_114' title="bbox 2193 5050 3725 5157">
    <p class='ocr_par' dir='ltr' id='par_1_114' title="bbox 2193 5050 3725 5157">
     <span class='ocr_line' id='line_1_114' title="bbox 2193 5050 3725 5157; baseline -0.01 -38"><span class='ocrx_word' id='word_1_829' title='bbox 2193 5067 2522 5138; x_wconf 83' lang='grc' dir='ltr'>6ε6λῆσοαι;</span> <span class='ocrx_word' id='word_1_830' title='bbox 2560 5065 2625 5118; x_wconf 82' lang='grc' dir='ltr'>δι’</span> <span class='ocrx_word' id='word_1_831' title='bbox 2647 5064 2712 5126; x_wconf 82' lang='grc' dir='ltr'>ἃς</span> <span class='ocrx_word' id='word_1_832' title='bbox 2758 5064 2851 5116; x_wconf 73' lang='grc' dir='ltr'><strong>καὶ</strong></span> <span class='ocrx_word' id='word_1_833' title='bbox 2890 5063 2990 5132; x_wconf 85' lang='grc' dir='ltr'>τῆς</span> <span class='ocrx_word' id='word_1_834' title='bbox 3028 5064 3084 5115; x_wconf 80' lang='grc' dir='ltr'>ὲν</span> <span class='ocrx_word' id='word_1_835' title='bbox 3124 5063 3373 5132; x_wconf 79' lang='grc' dir='ltr'>οὐρανοῖς</span> <span class='ocrx_word' id='word_1_836' title='bbox 3410 5056 3605 5114; x_wconf 81' lang='grc' dir='ltr'>ἐλπίδος</span> <span class='ocrx_word' id='word_1_837' title='bbox 3639 5050 3725 5157; x_wconf 74' lang='grc' dir='ltr'><strong>οὐκ</strong></span> 
     </span>
    </p>
   </div>
   <div class='ocr_carea' id='block_1_115' title="bbox 2192 5153 3749 5248">
    <p class='ocr_par' dir='ltr' id='par_1_115' title="bbox 2192 5153 3749 5248">
     <span class='ocr_line' id='line_1_115' title="bbox 2192 5153 3749 5248; baseline -0.003 -38"><span class='ocrx_word' id='word_1_838' title='bbox 2192 5158 2474 5229; x_wconf 80' lang='grc' dir='ltr'>ἀλλότριος</span> <span class='ocrx_word' id='word_1_839' title='bbox 2501 5158 2732 5225; x_wconf 82' lang='grc' dir='ltr'>γένοιτο.</span> <span class='ocrx_word' id='word_1_840' title='bbox 2760 5156 3022 5225; x_wconf 83' lang='grc' dir='ltr'>Ἐπέτυχε</span> <span class='ocrx_word' id='word_1_841' title='bbox 3045 5155 3222 5207; x_wconf 87' lang='grc' dir='ltr'>τοίνυν</span> <span class='ocrx_word' id='word_1_842' title='bbox 3244 5154 3340 5223; x_wconf 82' lang='grc' dir='ltr'>οἴῳ</span> <span class='ocrx_word' id='word_1_843' title='bbox 3363 5153 3548 5248; x_wconf 78' lang='grc' dir='ltr'>δήποτε</span> 
     </span>
    </p>
   </div>
   <div class='ocr_carea' id='block_1_116' title="bbox 2194 5233 3723 5335">
    <p class='ocr_par' dir='ltr' id='par_1_116' title="bbox 2194 5233 3723 5335">
     <span class='ocr_line' id='line_1_116' title="bbox 2194 5233 3723 5335; baseline -0.009 -33"><span class='ocrx_word' id='word_1_844' title='bbox 2194 5251 2290 5302; x_wconf 78' lang='grc' dir='ltr'><strong>καὶ</strong></span> <span class='ocrx_word' id='word_1_845' title='bbox 2330 5251 2387 5302; x_wconf 80' lang='grc' dir='ltr'>ὲν</span> <span class='ocrx_word' id='word_1_846' title='bbox 2419 5249 2497 5320; x_wconf 80' lang='grc' dir='ltr'><strong>τῷ</strong></span> <span class='ocrx_word' id='word_1_847' title='bbox 2538 5247 2633 5301; x_wconf 82' lang='grc' dir='ltr'>νῦν</span> <span class='ocrx_word' id='word_1_848' title='bbox 2676 5250 2772 5300; x_wconf 79' lang='grc' dir='ltr'><strong>καὶ</strong></span> <span class='ocrx_word' id='word_1_849' title='bbox 2811 5249 2868 5299; x_wconf 82' lang='grc' dir='ltr'>ὲν</span> <span class='ocrx_word' id='word_1_850' title='bbox 2902 5248 2978 5315; x_wconf 85' lang='grc' dir='ltr'>τῷ</span> <span class='ocrx_word' id='word_1_851' title='bbox 3026 5247 3271 5315; x_wconf 79' lang='grc' dir='ltr'>μέλλοντι</span> <span class='ocrx_word' id='word_1_852' title='bbox 3320 5244 3412 5335; x_wconf 53' lang='grc' dir='ltr'>καλ.</span> <span class='ocrx_word' id='word_1_853' title='bbox 3466 5233 3723 5335; x_wconf 55' lang='grc' dir='ltr'>ὁμολογίας</span> 
     </span>
    </p>
   </div>
   <div class='ocr_carea' id='block_1_117' title="bbox 2196 5319 3726 5407">
    <p class='ocr_par' dir='ltr' id='par_1_117' title="bbox 2196 5319 3726 5407">
     <span class='ocr_line' id='line_1_117' title="bbox 2196 5319 3726 5407; baseline -0.015 -15"><span class='ocrx_word' id='word_1_854' title='bbox 2196 5339 2405 5404; x_wconf 76' lang='grc' dir='ltr'>ἔνδοξον</span> <span class='ocrx_word' id='word_1_855' title='bbox 2443 5319 2764 5407; x_wconf 57' lang='grc' dir='ltr'>μαρτύριον.</span> <span class='ocrx_word' id='word_1_856' title='bbox 2800 5333 3080 5403; x_wconf 77' lang='grc' dir='ltr'>Διαφόρως</span> <span class='ocrx_word' id='word_1_857' title='bbox 3118 5334 3227 5402; x_wconf 79' lang='grc' dir='ltr'><strong>γὰρ</strong></span> <span class='ocrx_word' id='word_1_858' title='bbox 3267 5330 3403 5386; x_wconf 82' lang='grc' dir='ltr'>κατά</span> <span class='ocrx_word' id='word_1_859' title='bbox 3433 5345 3487 5381; x_wconf 86' lang='grc' dir='ltr'><strong>τε</strong></span> <span class='ocrx_word' id='word_1_860' title='bbox 3524 5325 3616 5394; x_wconf 79' lang='grc' dir='ltr'>γῆν</span> <span class='ocrx_word' id='word_1_861' title='bbox 3646 5319 3726 5372; x_wconf 72' lang='grc' dir='ltr'>καὶ</span> 
     </span>
    </p>
   </div>
   <div class='ocr_carea' id='block_1_118' title="bbox 2198 5411 3724 5513">
    <p class='ocr_par' dir='ltr' id='par_1_118' title="bbox 2198 5411 3724 5513">
     <span class='ocr_line' id='line_1_118' title="bbox 2198 5411 3724 5513; baseline -0.012 -28"><span class='ocrx_word' id='word_1_862' title='bbox 2198 5432 2341 5485; x_wconf 86' lang='grc' dir='ltr'><strong>κατά</strong></span> <span class='ocrx_word' id='word_1_863' title='bbox 2386 5432 2658 5484; x_wconf 80' lang='grc' dir='ltr'>Θάλασσαν</span> <span class='ocrx_word' id='word_1_864' title='bbox 2701 5429 2875 5482; x_wconf 77' lang='grc' dir='ltr'>πολλὰ</span> <span class='ocrx_word' id='word_1_865' title='bbox 2926 5427 3269 5499; x_wconf 77' lang='grc' dir='ltr'>χειμασοεὶς,</span> <span class='ocrx_word' id='word_1_866' title='bbox 3316 5423 3410 5495; x_wconf 77' lang='grc' dir='ltr'>τὴν</span> <span class='ocrx_word' id='word_1_867' title='bbox 3454 5411 3724 5513; x_wconf 54' lang='grc' dir='ltr'>σκευωρίαν</span> 
     </span>
    </p>
   </div>
   <div class='ocr_carea' id='block_1_119' title="bbox 2200 5510 3728 5596">
    <p class='ocr_par' dir='ltr' id='par_1_119' title="bbox 2200 5510 3728 5596">
     <span class='ocr_line' id='line_1_119' title="bbox 2200 5510 3728 5596; baseline -0.015 -17"><span class='ocrx_word' id='word_1_868' title='bbox 2200 5528 2382 5581; x_wconf 75' lang='grc' dir='ltr'>πᾶσαν</span> <span class='ocrx_word' id='word_1_869' title='bbox 2408 5527 2505 5596; x_wconf 78' lang='grc' dir='ltr'><strong>τῆς</strong></span> <span class='ocrx_word' id='word_1_870' title='bbox 2536 5523 2822 5594; x_wconf 83' lang='grc' dir='ltr'>Ἀρειανῆς</span> <span class='ocrx_word' id='word_1_871' title='bbox 2852 5522 3116 5590; x_wconf 79' lang='grc' dir='ltr'>αἱρέσεως</span> <span class='ocrx_word' id='word_1_872' title='bbox 3144 5518 3481 5584; x_wconf 57' lang='grc' dir='ltr'>κατεπάτησε</span> <span class='ocrx_word' id='word_1_873' title='bbox 3510 5510 3594 5562; x_wconf 70' lang='grc' dir='ltr'>καὶ</span> <span class='ocrx_word' id='word_1_874' title='bbox 3619 5518 3728 5556; x_wconf 68' lang='grc' dir='ltr'>πολ-</span> 
     </span>
    </p>
   </div>
   <div class='ocr_carea' id='block_1_120' title="bbox 2200 5596 3723 5705">
    <p class='ocr_par' dir='ltr' id='par_1_120' title="bbox 2200 5596 3723 5705">
     <span class='ocr_line' id='line_1_120' title="bbox 2200 5596 3723 5705; baseline -0.013 -32"><span class='ocrx_word' id='word_1_875' title='bbox 2200 5620 2362 5680; x_wconf 84' lang='grc' dir='ltr'>λάκις</span> <span class='ocrx_word' id='word_1_876' title='bbox 2407 5618 2496 5669; x_wconf 78' lang='grc' dir='ltr'>διὰ</span> <span class='ocrx_word' id='word_1_877' title='bbox 2541 5616 2735 5686; x_wconf 78' lang='grc' dir='ltr'>φθόνον</span> <span class='ocrx_word' id='word_1_878' title='bbox 2768 5615 2875 5666; x_wconf 76' lang='grc' dir='ltr'>ικαὶ</span> <span class='ocrx_word' id='word_1_879' title='bbox 2924 5615 3004 5675; x_wconf 84' lang='grc' dir='ltr'>εἰς</span> <span class='ocrx_word' id='word_1_880' title='bbox 3051 5612 3296 5665; x_wconf 84' lang='grc' dir='ltr'>κίνδυνον</span> <span class='ocrx_word' id='word_1_881' title='bbox 3336 5596 3723 5705; x_wconf 53' lang='grc' dir='ltr'>ὲπιόουλευθεὶξο</span> 
     </span>
    </p>
   </div>
   <div class='ocr_carea' id='block_1_121' title="bbox 2206 5699 3727 5780">
    <p class='ocr_par' dir='ltr' id='par_1_121' title="bbox 2206 5699 3727 5780">
     <span class='ocr_line' id='line_1_121' title="bbox 2206 5699 3727 5780; baseline -0.016 -14"><span class='ocrx_word' id='word_1_882' title='bbox 2206 5711 2578 5780; x_wconf 53' lang='grc' dir='ltr'>κατεφρόνησε</span> <span class='ocrx_word' id='word_1_883' title='bbox 2606 5709 2864 5775; x_wconf 74' lang='grc' dir='ltr'>Θανάτου,</span> <span class='ocrx_word' id='word_1_884' title='bbox 2894 5705 3299 5775; x_wconf 72' lang='grc' dir='ltr'>φρουρούμενος</span> <span class='ocrx_word' id='word_1_885' title='bbox 3328 5700 3426 5753; x_wconf 74' lang='grc' dir='ltr'>ὑπὸ</span> <span class='ocrx_word' id='word_1_886' title='bbox 3450 5713 3534 5749; x_wconf 86' lang='grc' dir='ltr'><strong>του</strong></span> <span class='ocrx_word' id='word_1_887' title='bbox 3560 5699 3727 5744; x_wconf 78' lang='grc' dir='ltr'>παντο·</span> 
     </span>
    </p>
   </div>
  </div>
