3988 6190
308 326 398 391 317
1198 325 1800 389 ECCLESIASTICE
1852 325 2242 385 HISTORIE
2282 323 2427 383 LIB.
2473 322 2578 380 IX.

3409 317 3518 381 318

303 440 551 511 κράτορος
591 437 753 505 Θεοῦ,
796 438 890 492 καὶ
928 439 1019 492 τοῦ
1064 441 1265 510 Κυρίου
1309 443 1465 512 ἡμῶν
1496 440 1673 505 Ἰησοῦ
1716 441 1836 510 Χρι¹

1960 439 2262 506 periculum
2291 436 2559 492 insidiose
2577 435 2876 505 conjectum,
2894 440 3122 488 mortem
3147 436 3516 502 contempsit:

302 530 441 594 στοῦ,
466 530 695 594 ἐλπίζων
723 531 960 598 ἀμαθεαὶ
984 533 1082 593 τάς
1108 532 1398 594 ἐπιϐουλὰς
1430 532 1719 590 ἐκκλινεῖν.
1753 534 1848 584 καὶ

298 619 902 686 ἀποκατασταθὴ’σεσθαι
952 620 1087 689 πρὸς
1141 621 1415 691 ὑμετέραν
1462 623 1845 691 παράκλησιν,

298 712 468 781 φέρων
495 711 623 779 ύμῖν
653 710 771 779 ἅμα
804 712 869 763 ἐκ
896 712 994 781 τῆς
1030 712 1302 783 ὑμετέρας
1333 714 1692 785 συνειδήσεως
1726 715 1846 778 μεί-

297 801 414 865 ζονα
444 800 507 853 τὰ
542 801 781 868 τρόπαια
806 815 820 830 ο
854 802 912 853 ἐν
944 797 1024 864 οἷς
1057 802 1153 855 xui.
1186 804 1313 873 ἄχρι
1345 807 1632 875 τερμάτων
1663 807 1845 876 πάσης

294 891 387 959 τῆς
419 890 519 960 γῆς
556 891 766 954 ἔνδοξος
797 893 1043 963 ἐγνώσθη
1078 894 1431 963 δοκιμασθεὶς
1463 899 1526 951 ἐκ
1556 898 1651 950 τοῦ
1685 897 1804 967 βίου
1825 936 1842 960 ,

295 984 793 1052 παρρησιαζόμενος
837 986 934 1054 μὲν
963 989 1030 1055 τῇ
1077 987 1335 1057 προθέσει
1374 990 1469 1043 καὶ
1499 994 1564 1061 τῇ
1608 992 1844 1062 οὐρανίῳ

291 1073 633 1142 διδασκαλία,
683 1076 1026 1144 ἀποδειχθεὶς
1074 1078 1130 1130 δὲ
1179 1079 1433 1150 ἀθανάτῳ
1483 1081 1660 1149 κρίσει
1711 1084 1841 1152 παρ’

250 1126 265 1172 δ
291 1163 432 1231 ὑμῶν
454 1164 836 1233 ἀγαπώμενος.
870 1168 1257 1238 Ἐπανέρχςται
1282 1126 1573 1240 τοιέαροῦν
1600 1126 1845 1244 λαμπρὲ

285 1269 430 1320 τερος
461 1255 598 1322 πρὸς
627 1257 770 1322 ὑμᾶς
800 1257 917 1320 νῦν,
948 1257 980 1328 ἢ
1010 1260 1100 1311 ὅτε
1130 1260 1261 1330 παρ’
1284 1261 1438 1330 ὑμῶν
1466 1264 1837 1332 ἀπεδήμησεν.

286 1341 341 1392 Ei
370 1344 477 1411 γὰρ
508 1342 604 1401 καὶ
631 1344 725 1407 τὰς
751 1347 933 1415 τιμίας
966 1346 1122 1412 ὕλας,
1149 1349 1349 1418 χρυσὸν
1378 1350 1521 1417 λέγω
1549 1351 1642 1403 καὶ
1671 1353 1842 1421 ἄργυ-

285 1449 387 1501 ρον.
416 1436 501 1496 είς
528 1436 874 1507 καθαρότητα
902 1438 964 1490 τὸ
993 1438 1105 1509 πῦρ
1131 1439 1414 1509 δοκιμάζει
1436 1458 1451 1473 ⁸
1482 1442 1535 1495 τί
1565 1443 1630 1495 ἄν
1655 1462 1739 1505 τις
1767 1444 1843 1498 ετ-

280 1538 367 1574 um
409 1526 536 1576 κατ’
557 1522 711 1589 ἀξίαν
750 1528 1007 1582 τοσούτου
1051 1529 1272 1600 ἀνδρόςς
1312 1531 1370 1595 ὃς
1412 1532 1682 1586 τοσούτων
1729 1534 1840 1587 θλί-

277 1613 416 1682 ψεων
449 1617 634 1686 πυρὰν
663 1620 757 1671 καὶ
789 1620 1070 1682 κινδύνους
1100 1626 1329 1692 νικήσας
1350 1664 1365 1688 ,
1397 1626 1710 1681 ἀποδίδοται
1742 1628 1838 1683 νῦν

1950 530 2206 599 praesidio
2231 530 2441 584 scilicet
2464 527 2862 595 omnipotentis
2897 526 2991 581 Dei
3014 535 3069 580 et
3095 526 3308 579 Domini
3339 527 3510 580 nostri

1946 621 2076 677 Jesu
2122 622 2328 676 Christi
2375 627 2571 683 tectus,
2601 620 2692 673 ille
2727 618 2969 687 speravit
2996 617 3155 671 simul
3190 624 3248 670 et
3281 616 3514 670 insidias

1947 711 2387 766 adversariorum
2426 725 2485 765 se
2514 725 2803 764 evasurum
2829 748 2845 771 ,
2879 717 2935 762 et
2960 707 3026 760 ad
3064 722 3159 760 vos
3187 705 3518 760 consolatio-

1946 805 2030 859 nis
2077 815 2271 858 vestrae
2319 804 2489 873 gratia
2544 802 2872 867 rediturum.
2929 802 2991 852 Et
3047 800 3212 853 simul
3264 800 3419 854 vobis
3449 815 3518 853 ex

1945 896 2282 951 conscientia
2328 906 2507 949 vestra
2538 895 2793 962 praeclara
2839 893 2961 946 tulit
2997 901 3223 960 tropaea,
3259 906 3360 959 per
3391 907 3513 957 qua:

1945 989 2011 1041 ad
2047 989 2198 1042 orbis
2237 1002 2411 1055 usque
2463 987 2725 1040 terminos
2750 984 3027 1051 explorata
3069 984 3194 1037 vitae
3225 983 3514 1037 sanctitate

1942 1079 2240 1147 praeclarus
2259 1078 2509 1146 cognitus
2539 1086 2655 1129 est:
2680 1075 2846 1128 multa
2883 1074 2973 1127 ille
3006 1072 3226 1141 quidem
3258 1071 3511 1126 libertate

1943 1166 2221 1236 propalam
2247 1165 2416 1219 animi
2473 1165 2723 1218 instituto
2752 1171 2805 1216 et
2838 1163 3044 1217 cwlesti
3075 1162 3321 1217 doctrina
3355 1177 3509 1222 usus,

1942 1257 2162 1311 abunde
2220 1266 2402 1311 autem
2451 1266 2715 1324 perpetuo
2758 1262 2814 1307 et
2840 1254 3117 1308 constanti
3169 1268 3229 1307 se
3282 1268 3313 1306 a
3350 1252 3508 1306 vobis

1938 1348 2147 1417 judicio
2185 1362 2304 1401 esse
2332 1354 2572 1400 amatum
2627 1354 2877 1399 testatus.
2913 1344 3074 1398 Redit
3105 1344 3273 1413 igitur
3310 1343 3377 1397 ad
3409 1358 3509 1397 vos

1942 1439 2115 1493 multo
2149 1440 2312 1494 etiam
2333 1436 2694 1507 splendidior,
2721 1450 2893 1504 quam
2914 1450 2945 1488 a
2979 1434 3134 1489 vobis
3153 1434 3430 1490 discessit.
3450 1432 3508 1487 Si

1941 1528 2142 1584 etenim
2178 1528 2558 1597 pretiosiorem
2592 1527 2874 1580 materiam
2903 1565 2918 1587 .
2960 1541 3153 1580 aurum
3181 1525 3305 1580 dico
3333 1533 3389 1579 et
3416 1540 3508 1578 ar-

1942 1627 2184 1689 gentum,
2215 1620 2280 1673 ad
2331 1619 2628 1688 puritatem
2689 1619 2829 1687 ignis
2884 1618 3129 1687 explorat
3173 1634 3188 1669 :
3243 1618 3506 1686 quidnam

277 1705 399 1773 ὕμῖν
440 1706 645 1769 ἀθῶος,
684 1710 745 1761 οὐ
791 1712 920 1779 παρ’
948 1711 1104 1779 ὑμῶν
1146 1712 1329 1782 μόνον,
1371 1714 1506 1767 ἀλλά
1546 1717 1639 1768 καὶ
1683 1718 1835 1786 παρά

1942 1712 2229 1782 quisquam
2264 1727 2359 1780 pro
2381 1712 2460 1766 rei
2491 1712 2757 1781 dignitate
2787 1710 2854 1765 de
2888 1712 3006 1764 viro
3029 1713 3134 1764 isto
3160 1709 3393 1763 dixerit?
3412 1710 3508 1778 qui

275 1797 450 1866 πάσης
480 1797 584 1867 τῆς
614 1800 833 1853 συνόδου
860 1802 1201 1872 ἀποδεχηείς.
1235 1804 1604 1871 Ὑποδέξασθε
1633 1808 1833 1873 τοίνυν,

271 1889 548 1959 ἀγαπητοὶ
575 1892 815 1960 ἀδελφοὶ,
846 1894 984 1963 μετά
1014 1896 1194 1966 πάσης
1218 1896 1320 1966 τῆς
1348 1898 1490 1952 κατὰ
1519 1899 1654 1953 Θεὸν
1678 1900 1840 1973 δόξης

271 1998 321 2032 τε
356 1983 456 2033 καὶ
495 1986 672 2054 χαρᾶς
699 1986 791 2037 τὸν
822 1985 1126 2039 ἐπίσκοπον
1155 1988 1309 2054 ὑμῶν
1343 1989 1665 2044 Ἀθανάσιον
1701 1995 1838 2063 μετὰ

267 2073 477 2125 τούτων
505 2076 703 2137 οἵτινες
729 2075 877 2145 αύτῷ
908 2078 1152 2129 κοινωνοὶ
1181 2078 1454 2146 γεγόνασι.
1485 2079 1589 2133 Καὶ
1620 2082 1839 2151 χαίρετε

265 2162 364 2213 τῶν
390 2164 581 2232 εὐχῶν
611 2166 977 2230 ἀπολαύοντες
1001 2184 1014 2198 ·
1049 2168 1130 2221 ὃτι
1164 2171 1402 2237 ποιμένα
1431 2171 1522 2223 τὸν
1552 2172 1834 2243 ὑμέτερον,

265 2254 326 2306 ἶν’
346 2254 535 2319 οὕτως
566 2258 723 2324 εἴπω,
752 2260 1020 2317 ποθοῦντα
1049 2268 1142 2317 καὶ
1168 2265 1407 2333 διψῶντα
1434 2266 1533 2337 τὴν
1560 2268 1838 2339 ὑμετέραν

264 2346 616 2413 θεοσέϐειαν,
652 2353 942 2422 σωτηρίοις
971 2358 1209 2425 γραφαῖς
1238 2357 1502 2428 ἐθρέψατε
1532 2361 1625 2412 καὶ
1653 2361 1836 2414 ἐποτί-

264 2451 406 2489 σατε.
451 2437 572 2489 Καὶ
608 2439 716 2509 γὰρ
757 2443 848 2493 καὶ
877 2443 977 2510 τῆς
1016 2444 1107 2496 ἐπὶ
1150 2443 1309 2513 ξένης
1347 2445 1512 2499 αὑτοῦ
1550 2445 1838 2518 διατριϐῆς

263 2527 417 2595 ὑμεῖς
473 2533 804 2599 παραμυθία
847 2536 1151 2602 γεγόνατε·
1199 2538 1294 2589 καί⁸
1344 2537 1696 2607 διωκόμενον,
1741 2541 1836 2594 καὶ

261 2619 776 2689 ἐπιϐουλευόμενον,
805 2624 1071 2694 ἐθάλψατε
1098 2631 1218 2691 ταῖς
1244 2631 1599 2695 πιστοτάταις
1625 2633 1835 2688 ἑαυτῶν

260 2707 461 2780 ψυχαῖς
498 2718 596 2766 καὶ
625 2715 911 2779 διανοίαις.
949 2718 1079 2787 Ἐμέ
1102 2720 1159 2773 δὲ
1187 2722 1285 2791 ἤδη
1317 2723 1600 2792 εὐφραίνει
1629 2725 1837 2779 ἐννοού-

264 2816 422 2867 μενον
441 2844 459 2868 ,
493 2807 595 2857 καὶ
627 2808 953 2875 προνοοῦντα
982 2809 1081 2878 τὴν
1107 2812 1200 2864 ἐπί
1227 2814 1290 2883 τῇ
1325 2814 1832 2881 ἐπανόδῳ”έκάστου

260 2892 408 2959 ὑμῶν
428 2894 615 2965 χαρὰν
632 2935 646 2958 ,
665 2898 758 2949 καὶ
773 2897 870 2949 τοῦ
888 2899 1125 2968 πλήθους
1140 2888 1236 2963 τὰς
1253 2903 1649 2968 σεϐαστοτάτας
1666 2907 1835 2962 ἅπαν·

257 2987 467 3061 τήσεις,
513 2987 611 3038 καὶ
643 2987 743 3058 τὴν
780 2989 989 3059 ἔνδοξον
1025 2992 1133 3045 τῶν
1172 2995 1577 3064 συντρεχόντων
1615 2999 1827 3068 ἑορτήν.

1944 1814 2022 1858 tot
2053 1813 2109 1858 et
2138 1806 2304 1860 tantis
2332 1820 2703 1860 aerumnarum
2733 1803 3001 1857 incendiis
3029 1811 3085 1856 et
3114 1803 3374 1871 periculis
3411 1802 3510 1855 de-

1939 1896 2118 1961 victis,
2150 1897 2305 1952 vobis
2341 1896 2587 1951 redditur
2616 1910 2793 1966 purus
2820 1905 2875 1949 et
2915 1896 3125 1957 insons,
3162 1908 3270 1947 non
3297 1908 3327 1947 a
3356 1893 3509 1946 vobis

1941 1997 2174 2051 tantum,
2224 1989 2319 2043 sed
2370 2004 2401 2043 a
2461 1999 2654 2042 cuncta
2706 1990 2869 2042 etiam
2925 1986 3132 2056 synodo
3204 1984 3509 2054 receptus?

1940 2078 2209 2148 Suscipite
2231 2094 2382 2149 ergo,
2421 2078 2604 2134 dilecti
2646 2079 2868 2140 fratres,
2903 2092 3027 2131 cum
3067 2077 3216 2131 omni
3243 2092 3365 2146 qua:
3399 2076 3509 2130 Deo

1938 2181 2159 2239 accepta
2213 2179 2299 2224 est
2327 2172 2500 2240 gloria
2554 2179 2609 2224 et
2647 2169 2857 2231 laetitia,
2897 2169 3216 2237 episcopum
3261 2176 3507 2222 vestrum

1937 2262 2321 2328 Athanasium,
2357 2278 2464 2317 una
2520 2278 2643 2315 cum
2695 2262 2777 2315 eis
2803 2261 2897 2329 qui
2927 2261 3285 2315 adversarum
3323 2273 3507 2312 rerum

1937 2352 2059 2421 ejus
2113 2354 2406 2422 participes
2455 2353 2632 2407 fuere.
2663 2353 2731 2407 Et
2783 2352 3038 2422 gaudete.
3095 2352 3242 2421 quod
3308 2351 3510 2417 optatis

1935 2446 2134 2499 vestris
2161 2443 2407 2499 fruimiui
2445 2460 2460 2497 :
2494 2452 2551 2499 et
2566 2444 2713 2513 quod
2745 2452 3019 2512 pastorem
3047 2452 3311 2505 vestrum,
3345 2453 3406 2497 ut
3433 2443 3507 2496 ita

1936 2536 2135 2600 dicam,
2167 2536 2568 2592 desiderantem
2593 2544 2650 2589 et
2672 2535 2950 2589 sitientem
2973 2534 3227 2603 pietatem
3246 2542 3507 2597 vestram,

1935 2628 2266 2683 salutaribus
2289 2628 2505 2697 scriptis
2528 2626 2744 2681 aluistis
2787 2634 2841 2681 et
2863 2628 3109 2694 potastis.
3142 2625 3423 2694 Siquidem
3456 2626 3508 2679 ei

1935 2733 2160 2789 peregre
2182 2733 2402 2789 quoque
2426 2719 2693 2781 versanti,
2728 2732 2827 2772 vos
2869 2717 3065 2771 solatio
3096 2716 3297 2780 fuistis,
3346 2732 3508 2771 eum-

1933 2830 2041 2882 que
2088 2814 2143 2867 in
2175 2814 2370 2869 mediis
2429 2811 2928 2883 persecutiouibus,
2995 2811 3291 2880 procellis,
3340 2819 3508 2879 atque

1936 2905 2280 2961 inimicorum
2312 2905 2547 2969 insidiis,
2585 2903 2918 2959 fidelissimis
2958 2903 3160 2957 animis
3199 2912 3255 2957 et
3300 2903 3504 2957 menti-

1933 2995 2038 3051 bus
2066 2996 2264 3050 vestris
2307 2995 2540 3049 fovistis.
2581 2993 2741 3063 735
2788 2993 2870 3047 Me
2904 3007 3036 3048 vero
3059 2994 3168 3064 jam
3210 2994 3501 3061 exhilarat,

258 3080 367 3132 Καὶ
391 3080 486 3143 τίς
521 3082 702 3153 ἐκείνη
731 3084 763 3151 ἠ
795 3082 974 3151 ἡμέρα
1007 3084 1156 3153 ὑμῖν,
1203 3087 1297 3138 xui.
1356 3089 1483 3140 ποία
1514 3088 1697 3155 ἔσται;
1730 3092 1830 3143 ἐπ-

1937 3087 2081 3156 quod
2148 3101 2360 3141 mecum
2416 3086 2472 3139 in
2526 3086 2709 3139 animo
2764 3083 3057 3139 considero
3111 3094 3168 3138 et
3226 3085 3501 3153 praevideo

257 3172 633 3241 ανερχομένου
677 3171 778 3240 μὲν
813 3173 909 3225 τοῦ
951 3172 1181 3241 ἀδελφοῦ
1227 3191 1352 3244 μου,
1376 3177 1742 3245 παυσαμένων
1778 3177 1835 3230 δὲ

256 3264 360 3316 τῶν
390 3263 841 3332 προγενομένων,
870 3266 960 3317 καὶ
988 3267 1085 3335 τῆς
1117 3267 1488 3338 πολυτιμήτου
1522 3268 1646 3321 κατ’
1669 3269 1869 3339 εὐχὴν,

255 3356 529 3410 ἐπανόδου
572 3358 654 3420 είς
698 3357 1038 3427 εὐφροσύνην
1073 3359 1194 3412 τινὰ
1237 3360 1617 3430 πληρεστάτην
1657 3363 1835 3431 χαρᾶς

257 3450 650 3520 συναπτούσης
676 3452 800 3512 τοὺς
832 3450 1060 3512 πάντας.
1089 3451 1154 3503 Ἦ
1179 3450 1405 3521 τοιαύτη
1436 3453 1578 3522 χαρά
1607 3455 1749 3506 κατὰ
1772 3454 1833 3505 τὸ

259 3541 529 3610 μέγιστον
561 3543 753 3612 μέχρις
782 3543 939 3612 ἡμῶν
970 3544 1159 3609 φθάνει
1188 3559 1201 3574 ·
1232 3538 1313 3604 οἷς
1342 3543 1526 3598 θεόθεν
1554 3545 1646 3597 καὶ
1673 3544 1833 3598 τοῦτο

257 3634 672 3703 συγχωρεῖσθαι
704 3637 1066 3704 συνέστηκεν,
1097 3637 1246 3698 ὅπως
1276 3637 1354 3698 είς
1383 3637 1585 3703 γνῶσιν
1613 3636 1708 3690 τοῦ
1737 3653 1833 3705 τηε

257 3727 520 3782 λικούτου
564 3728 757 3799 ἀνδρὸς
799 3729 976 3783 ἐλθεῖν
1014 3729 1358 3800 δυνηθῶμεν.
1394 3730 1490 3793 Είς
1532 3729 1698 3802 εὐχὴν
1736 3727 1831 3784 οὖν

254 3822 355 3890 τὴν
391 3809 689 3891 ἐπιστολὴν
718 3802 1004 3875 τελειῶσαι
1047 3822 1229 3875 καλόν.
1268 3821 1327 3875 ’0
1367 3821 1526 3885 Θεὸς,
1562 3823 1591 3874 ό
1631 3837 1831 3876 παντο-

255 3913 526 3983 κράτωρ,
573 3914 669 3966 καὶ
707 3912 735 3962 ὃ
773 3912 967 3965 τούτου
1012 3912 1141 3981 Υίὸς
1182 3915 1212 3966 ό
1252 3913 1459 3982 Κύριος
1502 3914 1596 3966 καὶ
1638 3913 1831 3983 Σωτὴρ

257 4004 426 4071 ἡμῶν
462 4003 675 4071 Ἰησοῦς
722 4004 956 4074 Χριστὸς
1001 4004 1222 4074 διηνεκῆ
1267 4007 1367 4072 τὴν
1413 4003 1579 4076 χάριν
1624 4005 1829 4074 ταύτην

254 4097 393 4165 ὑμῖν
432 4098 737 4167 παράσχοι,
770 4096 947 4160 διδοὺς
978 4095 1212 4149 ἔπαθλον
1244 4100 1310 4167 τῇ
1350 4097 1638 4167 θαυμαστῇ
1675 4097 1829 4167 ὑμῶν

256 4190 560 4259 πίστει,ἢν
589 4189 719 4259 περὶ
746 4190 838 4243 τὸν
898 4190 1196 4243 ἐπίσκοπον
1224 4190 1380 4260 ὑμῶν
1396 4188 1594 4260 ἐνδόξῳ
1626 4205 1830 4259 μαρτυ-

259 4279 354 4349 ρίᾳ
385 4276 752 4341 ἐνεδείξασθε,
786 4277 874 4331 ῖνα
903 4278 1033 4347 ὑμῖν
1060 4294 1120 4330 τε
1151 4278 1246 4331 καὶ
1276 4280 1387 4341 τοῖς
1418 4277 1539 4347 μεθ’
1564 4279 1709 4347 ὑμᾶς
1739 4280 1829 4330 ἐν-

1935 3178 2370 3247 uniuscujusque
2404 3188 2646 3231 vestrum
2686 3177 2739 3229 in
2777 3176 2956 3230 reditu
2991 3177 3139 3230 illius
3159 3176 3417 3246 gaudium
3447 3185 3506 3231 et
3608 3235 3615 3243 ,

1935 3270 2303 3324 multitudinis
2345 3269 2705 3323 sanctissima:
2749 3269 3195 3331 occursationes,
3237 3284 3338 3323 nec
3393 3284 3504 3322 non

1933 3362 2225 3431 praeclaros
2252 3371 2308 3414 et
2346 3360 2516 3415 festos
2565 3363 3018 3414 concurrentium
3052 3358 3335 3414 hominum
3368 3374 3505 3413 cou-

1932 3465 2150 3506 ventus.
2204 3452 2271 3505 Et
2320 3465 2439 3520 qua:
2484 3452 2703 3507 tandem
2750 3459 2807 3506 et
2860 3452 3035 3519 qualis
3072 3468 3134 3504 ea
3192 3452 3378 3505 futura
3418 3461 3505 3507 est

1933 3544 2091 3598 dies?
2118 3560 2241 3597 cum
2299 3544 2468 3598 frater
2511 3544 2732 3614 quidem
2782 3558 2940 3606 meus
2977 3542 3306 3596 restituetur
3342 3559 3357 3596 :
3404 3543 3502 3612 qui

1932 3650 2064 3691 vero
2084 3645 2212 3690 ante
2230 3651 2357 3691 eum
2395 3637 2569 3697 fuere,
2598 3635 2968 3690 destituentur
3001 3650 3017 3686 :
3051 3644 3107 3688 et
3139 3634 3502 3689 honoratissi-

1932 3743 2055 3785 mus
2109 3728 2593 3797 optatissimusque
2647 3726 2859 3781 reditus
2909 3727 2964 3779 in
3017 3725 3260 3780 laetitiam
3299 3728 3503 3797 gaudio

1931 3820 2302 3894 plenissimam
2326 3833 2421 3873 vos
2448 3818 2639 3873 etl’eret
2665 3832 2856 3871 omnes
2873 3816 3062 3883 ?Quod
3090 3834 3220 3873 sane
3240 3819 3499 3889 gaudium

1933 3903 2167 3969 maiima
2201 3928 2269 3967 ex
2298 3921 2453 3982 parte
2482 3908 2550 3963 ad
2590 3923 2692 3962 nos
2720 3908 2886 3962 etiam
2922 3910 3201 3978 pertingit,
3232 3910 3430 3978 quibus
3468 3927 3497 3964 a

1932 4008 2045 4062 Deo
2072 4016 2128 4061 et
2164 4006 2268 4060 hoc
2294 4008 2618 4058 Concessum
2644 4011 2749 4062 est.
2773 4010 2831 4054 ιιι
2864 4002 2918 4054 in
2950 4001 3084 4055 tanti
3121 4001 3221 4054 viri
3249 4003 3498 4056 notitiam

1930 4098 2220 4169 pervenire
2270 4096 2631 4165 potuerimus.
2689 4094 2945 4148 Sedenim
2993 4094 3280 4164 pulchrum
3313 4094 3500 4161 fuerit,

1929 4189 2214 4259 epistolam
2241 4187 2559 4257 precatione
2605 4185 2889 4240 claudere.
2924 4183 3287 4251 Omnipotens
3333 4185 3498 4250 Deus,

1930 4296 2091 4354 atque
2109 4284 2274 4355 hujus
2298 4282 2493 4341 Filius.
2519 4280 2780 4336 Dominus
2804 4289 2858 4334 et
2882 4279 3127 4334 Salvator
3147 4281 3504 4336 nosterJesus

252 4369 442 4422 ταῦθα
471 4371 566 4422 καὶ
600 4371 658 4421 ἐν
713 4368 791 4437 τῷ
826 4369 1074 4436 μέλλοντι
1132 4370 1201 4422 τὰ
1265 4369 1513 4439 βελτίονα
1584 4370 1759 4442 μένῃ,
1795 4369 1830 4423 5.

1937 4377 2209 4437 Christus.
2241 4376 2472 4444 gratiam
2504 4374 2646 4429 hanc
2664 4373 2820 4427 vobis
2852 4383 3170 4443 perpetuam
3200 4388 3321 4429 esse
3347 4375 3498 4437 velit,

252 4460 539 4529 ὀφθαλμὸς
574 4458 675 4512 οὐκ
696 4455 803 4513 οἶδε
825 4502 840 4522 ,
866 4463 959 4514 καὶ
979 4457 1071 4521 οὖς
1094 4461 1195 4513 οὐκ
1222 4461 1443 4531 ἤκουσε,
1466 4462 1558 4513 καὶ
1582 4460 1674 4514 ἐπὶ
1699 4479 1833 4530 καρ-

1938 4470 2030 4539 qui
2060 4469 2341 4539 praemium
2374 4465 2715 4521 admiranda:
2742 4465 2864 4520 ﬁdei
2896 4476 3092 4520 vestrre
3123 4465 3298 4524 dedit.
3331 4482 3494 4535 quam

253 4551 378 4603 δίαν
418 4549 706 4615 ἀνθρώπου
757 4554 856 4603 οὐκ
883 4551 1049 4620 ἀνέϐη
1072 4590 1087 4612 ,
1117 4549 1153 4603 ἃ
1177 4551 1474 4620 ἡτοίμασεν
1505 4554 1534 4604 ὀ
1562 4552 1694 4615 Θεὸς
1718 4556 1831 4616 τοῖς

1939 4562 1992 4615 in
2022 4562 2276 4630 episcopo
2302 4567 2483 4613 vestro
2503 4557 2766 4627 praeclaro
2797 4556 3110 4609 testimonio
3130 4556 3459 4610 exhibuistis
3483 4575 3497 4611 :

254 4644 552 4709 ἀγαπῶσιν
569 4642 732 4694 αὑτὸν
749 4641 836 4695 διὰ
856 4642 949 4693 τοῦ
974 4643 1179 4712 Κυρίου
1197 4643 1230 4713 ἡ
1239 4642 1353 4710 μῶν
1368 4643 1544 4712 Ἰησοῦ
1565 4644 1828 4713 Χριστοῦ,

1937 4661 1991 4706 et
2023 4660 2080 4704 ut
2108 4651 2263 4705 vobis
2292 4659 2346 4704 et
2373 4648 2610 4719 posteris
2633 4646 2832 4701 vestris
2853 4686 2868 4710 ,
2899 4654 2954 4698 et
2992 4646 3081 4699 IIIC
3118 4656 3172 4700 et
3205 4646 3257 4699 in
3292 4646 3495 4712 futuro,

253 4736 325 4787 δι’
351 4734 417 4787 οὗ
442 4734 520 4805 τῷ
552 4735 956 4804 παντοκράτορι
986 4733 1105 4803 Θεῷ
1136 4737 1169 4802 ἡ
1199 4733 1327 4799 δόξα
1356 4735 1437 4797 είς
1464 4734 1592 4796 τοὺς
1623 4735 1829 4798 αίῶνας

1937 4743 2079 4798 bona
2104 4757 2165 4796 ea
2201 4748 2477 4804 maneant,
2504 4754 2625 4808 quae
2666 4752 2769 4791 nec
2802 4737 2995 4791 oculus
3025 4737 3183 4802 vidit,
3217 4753 3317 4792 nec
3346 4740 3499 4794 auris

251 4829 370 4879 τῶν
406 4829 639 4883 αἰώνων.
670 4829 864 4898 Ἀμήν.
900 4827 1185 4898 Ερῤὦσθαι
1220 4827 1363 4896 ὑμᾶς
1397 4827 1653 4898 εὔχομαι,
1686 4830 1827 4893 ἀγα-

250 4921 427 4990 πητοὶ
455 4919 695 4987 ἀδελφοί.
729 4938 749 4970 ι

1936 4833 2164 4895 audivit,
2199 4848 2300 4888 nec
2330 4832 2382 4884 in
2419 4846 2514 4885 cor
2536 4829 2774 4885 hominis
2806 4828 3199 4892 conscendere,
3234 4845 3355 4898 quas
3390 4830 3501 4884 sci-

1938 4925 2066 4980 licet
2095 4921 2420 4992 przeparavit
2451 4920 2596 4973 Deus
2620 4918 2977 4988 diligentibus
2995 4932 3190 4988 se,per
3210 4919 3501 4975 Dominum

252 5027 510 5070 nostrum
539 5015 726 5071 Jesum
757 5016 1069 5082 Christum,
1115 5032 1212 5087 per
1262 5033 1427 5088 quem
1477 5020 1842 5090 omnipotenti
1890 5023 1998 5077 Deo
2045 5022 2219 5092 gloria
2253 5021 2326 5077 sit
2383 5020 2438 5073 in
2473 5018 2671 5073 saecula
2712 5018 3061 5073 saeculorum.
3085 5019 3280 5071 Amen.
3310 5012 3501 5068 Valere

250 5125 361 5165 vos
391 5120 521 5179 opto
540 5149 556 5175 ,
586 5109 787 5165 fratres
808 5108 1021 5163 dilecti.
1061 5122 1066 5127 ·

833 5250 1085 5305 ΚΕΦΑΛ.
1123 5252 1251 5306 Kl".

250 5362 405 5431 Περὶ
458 5379 578 5415 των
614 5362 723 5428 τῆς
777 5362 1147 5433 Ἀντιοχείας
1199 5362 1555 5431 ἀρχιερέων·
1582 5364 1683 5418 καί
1715 5364 1827 5433 τῆς

330 5434 691 5500 κακοηθείας
720 5432 1053 5501 Στεφάνου,
1081 5431 1154 5485 ὃν
1189 5437 1471 5500 Λεόντιος
1497 5431 1824 5499 διεδέξατο,

330 5543 554 5607 Τούτοις
581 5544 737 5613 ὠχυρ
757 5543 950 5612 τεμένος
975 5545 1087 5605 τοῖς
1118 5546 1446 5612 γράμμασιν
1482 5544 1824 5610 Ἀθανάσιος,

248 5637 338 5697 είς
363 5636 458 5704 τὴν
486 5636 563 5688 ἕω
590 5635 825 5687 διέϐαινε
850 5635 985 5702 πρὸς
1014 5634 1112 5703 τὴν
1132 5632 1231 5702 τῆς
1253 5634 1450 5703 Συρίας
1469 5636 1824 5704 Ἀντιόχειαν,

248 5732 396 5785 ὅπου
448 5728 751 5800 τηνικαῦτα
806 5729 1079 5799 διέτριϐεν
1131 5730 1158 5779 ό
1192 5729 1592 5792 Κωνστάντιος.
1623 5730 1732 5797 Τῆς
1782 5732 1825 5782 δ’

2488 5242 2713 5300 CAPUT
2753 5243 2941 5299 XXIII.

2016 5342 2119 5415 ‘De
2166 5360 2503 5414 Antiochenis
2530 5360 2782 5429 episcopis
2812 5368 2902 5412 :et
2929 5360 2991 5412 de
3032 5357 3395 5412 malevolentia

2245 5430 2519 5500 Stephani,
2553 5432 2635 5483 cui
2663 5429 2905 5483 Leontius
2931 5430 3196 5482 successit.

2007 5543 2164 5599 Hisce
2204 5545 2508 5598 instructus
2531 5542 2729 5597 litteris
2761 5539 3185 5604 Athanasius,in
3215 5537 3499 5593 Orientem

1938 5637 2282 5693 Antiochiam
2337 5634 2524 5706 Syriae,
2556 5634 2649 5689 ubi
2706 5643 2817 5687 tum
2870 5632 3227 5686 Constantius
3278 5630 3498 5701 agebat,

1938 5730 2214 5801 profectus
2241 5736 2345 5783 est.
2381 5726 2681 5783 Ecclesium
2713 5733 2893 5779 autem
2924 5722 2997 5778 ibi
3028 5722 3254 5797 regebat
3274 5735 3345 5780 eo
3363 5732 3494 5780 tem-
