3988 6190
504 310 611 374 319

1713 315 2126 374 NICEI‘HORI
2173 313 2515 372 CALLlSTI
2567 301 2576 316 ’
2615 315 2631 335 ’

3603 313 3698 375 3ἓο

503 439 640 494 pore
685 423 970 477 Leontius.
1011 423 1082 478 Ex
1125 439 1232 492 quo
1266 426 1409 479 enim
1455 426 1774 480 Eustathius
1813 428 2064 481 exsulare

2176 425 2342 476 ἐκεῖσε
2369 422 2666 489 ἐκκλησίας
2690 422 2784 482 τὰς
2839 420 2989 488 ἱερὰς
3023 419 3172 488 ἡνίας
3201 420 3320 472 τότε
3345 420 3512 474 διεῖπε
3551 426 3696 480 Λεόν.

501 516 690 584 jussus
720 515 917 578 fuerat,
958 515 1116 568 siculi
1163 533 1323 585 supra
1359 517 1618 575 diximus.
1648 518 1857 585 primtts
1878 518 2064 572 sedem

505 622 626 661 eam
671 607 908 659 obtinuit
943 606 1312 673 Euphronius,
1349 607 1434 659 cui
1491 609 1753 661 successit
1781 608 2019 662 Placitus
2050 647 2064 668 ,

511 709 676 766 atque
730 699 857 750 huic
907 713 1125 750 rursum
1174 697 1500 765 Stephanus.
1548 699 1644 752 llic
1671 715 1796 752 vero
1846 709 2070 768 propter

511 789 696 841 dolum
728 796 781 839 et
821 788 1064 854 insidias,
1095 804 1230 856 quas
1265 805 1360 856 per
1387 791 1749 858 propinquum
1779 792 2067 860 quemdam

510 896 668 934 suum
700 879 883 933 animo
917 881 1076 934 simul
1107 892 1161 934 et
1194 883 1434 936 moribus
1469 883 1864 937 ferocissimum
1887 926 1900 946 ,
1929 887 2072 938 Ona-

505 987 661 1034 grum
728 972 970 1031 nomine.
1035 973 1204 1025 Roma
1287 974 1636 1027 venientibus
1689 989 1717 1027 a
1769 973 2070 1029 Constante

503 1062 694 1128 legatis
745 1063 836 1130 qui
896 1062 1201 1117 Constantii
1253 1072 1371 1117 erat
1433 1065 1622 1127 frater,
1685 1067 1961 1134 Euphrate
2014 1078 2072 1121 et

504 1153 794 1206 Vincentio
819 1153 1092 1222 episcopis
1123 1168 1223 1234 pro
1248 1156 1545 1208 Athanasio
1588 1158 1791 1218 missis,
1828 1159 2074 1211 tetende-

506 1255 624 1298 rat:
659 1260 686 1297 a
724 1243 1046 1299 Constantio
1069 1246 1251 1312 judice
1275 1287 1290 1309 ,
1323 1257 1380 1300 ut
1405 1263 1467 1300 ea
1499 1249 1763 1316 dignitate
1793 1249 2070 1318 indignus,

507 1335 743 1398 rejectus
795 1343 897 1385 est.
934 1333 1096 1403 736
1134 1334 1359 1388 Veritati
1388 1335 1533 1388 enim
1568 1336 1830 1391 adversus
1854 1378 1868 1400 ,
1892 1339 2072 1392 omnis

506 1424 723 1492 generis
750 1425 1006 1478 aerumnis
1035 1439 1100 1478 eo
1122 1426 1214 1494 qui
1247 1440 1345 1493 pro
1377 1441 1504 1479 vera
1535 1426 1785 1480 doctrina
1833 1429 2069 1489 stabant.

507 1514 720 1567 afflixit.
757 1515 819 1568 Et
865 1518 1040 1569 forum
1093 1517 1498 1584 perambulans.
1553 1517 1853 1586 domosque
1894 1519 2074 1589 ingre-

507 1607 684 1667 diens,
728 1623 833 1658 non
871 1607 1018 1661 viros
1049 1615 1260 1661 tantum
1285 1647 1300 1671 ,
1337 1607 1433 1661 sed
1481 1619 1538 1663 et
1577 1610 1835 1664 mulieres
1864 1613 2073 1680 pudore

505 1707 562 1750 ct
595 1698 883 1751 sanctitate
914 1698 1036 1752 vitae
1067 1707 1342 1766 spectatas
1382 1699 1659 1768 pulsavit,
1699 1702 2073 1770 conviciisque

507 1788 790 1855 proscidit.
816 1789 909 1842 Vel
943 1804 1005 1841 ex
1041 1803 1107 1842 eo
1161 1791 1279 1844 solo
1317 1793 1461 1859 quod
1516 1792 1570 1844 in
1606 1792 1796 1860 legatis
1829 1794 2072 1855 admisit.

508 1877 686 1942 qualis
741 1881 824 1929 vir
878 1878 1080 1943 fuerit,
1123 1880 1255 1934 satis
1296 1881 1570 1948 conjicere
1627 1882 1777 1937 licet.
1829 1883 2074 1938 Metuens

511 1983 748 2036 namque
778 1970 850 2037 (1)
901 1985 968 2022 ne
1007 1971 1337 2025 Athanasius
1361 2016 1375 2036 ,
1413 1975 1569 2043 cujus
1625 1975 1794 2043 gratia
1839 1976 2072 2030 maxime

506 2055 706 2124 legatio
755 2057 859 2112 ista
936 2059 1098 2113 missa
1163 2060 1382 2124 fuerat,
1453 2065 1714 2116 ecclesias
1771 2063 2067 2132 reciperet.

507 2148 745 2215 puellum
774 2133 870 2218 per
893 2149 1167 2219 Onagrum
1215 2167 1374 2205 suum
1426 2167 1455 2206 e
1488 2153 1792 2222 prostibulo
1819 2155 2071 2210 mercede

506 2239 832 2290 conductam
865 2278 880 2302 ,
947 2240 1000 2292 in
1063 2242 1448 2310 episcoporum
1513 2244 1750 2313 hospitio
1795 2245 2068 2298 collocat:

506 2327 705 2380 deinde
740 2344 848 2382 non
878 2331 1035 2398 longe
1075 2330 1142 2384 ab
1169 2346 1236 2384 eo
1263 2332 1384 2387 loco
1415 2333 1820 2401 improbissime
1848 2336 2074 2390 insidias

503 2431 605 2486 per
654 2419 902 2474 homines
950 2422 1240 2477 seditiosos
1293 2423 1565 2492 disponit,
1600 2434 1658 2480 ut
1687 2441 1814 2480 cum
1863 2428 2069 2496 impetu

503 2509 558 2560 in
607 2518 918 2564 sanctorum
958 2513 1199 2566 virorum
1258 2514 1538 2568 irruerent
1595 2517 1759 2572 aedes.
1821 2517 2069 2584 Quorqu

503 2599 642 2653 alter
671 2613 796 2654 cum
857 2603 1143 2670 impudica:
1195 2603 1342 2660 illius
1383 2605 1728 2662 advenientis
1782 2609 2069 2676 strepitum

501 2693 696 2751 sensit,
742 2691 1044 2746 daemonem
1070 2708 1193 2748 esse
1220 2704 1410 2758 .ratus,
1471 2699 1738 2766 psalmum
1773 2701 2066 2758 succinuit.

502 2780 676 2850 llujus
727 2782 925 2839 fabula:
972 2796 1029 2840 et
1081 2788 1485 2857 sycophantiae,
1518 2792 1661 2845 unde
1694 2801 1749 2846 et
1795 2796 2071 2862 quamde

505 2870 756 2926 instituta
783 2883 931 2930 esset
951 2916 966 2937 .
999 2880 1292 2945 quassitore
1337 2879 1455 2946 ipso
1484 2881 1844 2949 imperatore,
1875 2895 2072 2938 auctor

507 2973 757 3029 repertus
816 2965 1168 3034 Stephanus,
1223 2980 1282 3022 ut
1337 2971 1530 3024 nefarii
1589 2972 1818 3027 sceleris
1872 2975 2070 3029 artifex

2167 533 2300 576 τιος.
2339 515 2474 567 Μεθ’
2501 514 2530 565 ὅ
2555 513 2658 580 γὰρ
2687 511 2985 572 Εὐστάθιος
3010 513 3092 572 είς
3123 513 3419 578 φυγαδείαν
3443 515 3698 585 ἠλαύνετο,

2169 607 2243 670 ὡς
2267 609 2596 677 διείληπται,
2621 606 2837 674 πρῶτος
2866 605 3036 670 ἐπέϐη
3072 605 3165 655 τοῦ
3193 603 3382 673 θρόνου
3409 607 3697 676 Εὐφρόννος,

2168 696 2227 748 ὃν
2258 696 2540 763 Πλάκητος
2571 695 2842 757 διεδέξατο
2865 711 2877 723 ·
2902 693 2991 744 τον
3017 693 3073 744 δέ
3123 693 3418 760 Στέφανος·
3451 694 3503 757 ὃς
3551 715 3698 765 πονη.

2174 787 2271 855 ράν
2314 787 2585 854 συσκευὴν
2645 786 2734 838 διά
2793 803 2936 846 τινος
2984 784 3094 836 τῶν
3145 784 3298 854 αὐτῷ
3352 789 3702 856 προσηκόντων

2170 878 2456 946 ὠμοτάτου
2488 877 2586 929 καὶ
2616 877 2817 944 τρόπον
2863 877 2960 926 καὶ
2988 875 3086 944 τὴν
3133 875 3332 945 ψυχὴν,
3363 877 3612 945 Ὀναγρος
3643 876 3701 949 ἦν

2172 969 2321 1037 αὑτῷ
2370 969 2571 1037 ὄνομα,
2621 966 2930 1035 ἐξαρτύσας
2985 969 3098 1028 τοῖς
3154 968 3218 1018 ἐκ
3268 966 3486 1035 Ῥώμης
3534 970 3702 1037 ἥκοντι

2171 1060 2433 1127 πρέσϐεσι
2463 1063 2611 1128 παρά
2652 1059 2907 1124 Κώνστα,
2945 1059 3002 1120 ὃς
3039 1059 3136 1122 τὰς
3167 1060 3334 1122 αὑτὰς
3365 1059 3550 1123 ὠδῖνας
3576 1064 3706 1115 Km-

2174 1149 2409 1216 σταντίῳ
2449 1149 2732 1211 διέλυσεν,
2791 1151 2928 1220 ὑπὲρ
2989 1149 3306 1201 Ἀθανασίου
3369 1151 3700 1218 πεμφθεῖσιν,

2174 1239 2468 1308 saepe-.5;
2506 1239 2562 1291 δὲ
2603 1239 2694 1292 καὶ
2729 1240 3006 1300 Πικέντιος
3050 1239 3413 1306 ὠνομάζοντο,
3451 1242 3703 1296 ἐπίσκοποι

2171 1329 2216 1381 δ’
2242 1325 2402 1397 ἦσαν,
2437 1331 2541 1382 ὑπὸ
2579 1330 2938 1399 Κωνσταντίῳ
2969 1331 3268 1395 δικάζοντι,
3297 1331 3370 1389 ὡς
3405 1332 3606 1395 ἀνάξιος
3626 1334 3705 1386 τοῦ

2173 1419 2362 1485 θρόνου
2417 1421 2660 1488 κριθεὶς,
2718 1423 3439 1492 ἀπερῥίψη.Δυσμεναίνων
3501 1424 3600 1491 γὰρ
3648 1428 3705 1493 τῇ

2173 1508 2434 1577 ἀληθείᾳ,
2502 1510 2878 1572 παντοδαπαῖς
2935 1512 3235 1580 περιέϐαλε
3301 1517 3611 1581 συμφοραῖς,
3665 1516 3708 1566 οἶ

2173 1600 2282 1650 τῶν
2319 1599 2498 1667 ὀρθῶν
2537 1600 2825 1667 δογμάτων
2873 1601 3188 1670 ἀντείχοντο
3214 1618 3229 1632 ·
3270 1603 3494 1665 αἰκίζων
3529 1621 3582 1655 τε
3629 1607 3708 1658 καὶ
3791 1620 3800 1626 ί

2175 1688 2599 1757 προπηλακίζων
2632 1687 2732 1758 ἦγε
2769 1689 2856 1741 διὰ
2889 1689 2988 1757 τῆς
3025 1690 3256 1757 ἀγορᾶς,
3294 1689 3466 1741 ἐπιὼν
3493 1692 3601 1751 ταῖς
3639 1693 3708 1742 οἰ-

2177 1779 2346 1841 κίαις,
2374 1781 2474 1832 οὐκ
2503 1782 2706 1850 ἄνδρας
2739 1781 2919 1850 μόνον,
2961 1781 3098 1833 ἀλλά
3149 1782 3248 1834 καὶ
3285 1783 3558 1848 γυναῖκας,
3590 1783 3713 1835 αἰδοῖ

2177 1872 2271 1922 καὶ
2298 1873 2588 1940 σεμνότητι
2639 1870 2758 1940 βίου
2791 1871 3243 1940 κεκοσμημένας.
3293 1872 3522 1940 ’Λπόχρη
3569 1873 3618 1924 δέ
3657 1875 3710 1924 τὸ

2179 1963 2318 2013 κατὰ
2345 1962 2452 2013 τῶν
2486 1962 2772 2032 πρέσϐεων
2821 1965 2980 2032 μόνον
3017 1964 3408 2032 τεκμηριῶσαι
3451 1966 3534 2017 τὸν
3567 1965 3713 2032 ἄνδρα

2183 2050 2384 2110 ὁποῖος.
2423 2050 2618 2109 Δείσας
2671 2052 2776 2122 γὰρ
2833 2053 2906 2120 μὴ
2938 2053 3046 2105 τῶν
3073 2053 3384 2120 ἐκκλησιῶν
3424 2054 3712 2124 ἐπιλήψαιτο

2193 2139 2535 2203 Ἀθανάσιος,
2575 2142 2716 2212 ὑπὲρ
2748 2135 2810 2195 οὗ
2855 2143 2950 2195 καὶ
2999 2144 3030 2213 η
3078 2144 3350 2212 πρεσϐεία
3391 2144 3610 2212 μάλιστα
3637 2141 3713 2212 ἦν,

2181 2233 2474 2299 παιδίσκην
2507 2235 2596 2286 διὰ
2644 2235 2741 2287 τοῦ
2772 2236 3176 2304 προειρημένου
3226 2237 3492 2303 Ὀνάγρου
3529 2237 3587 2287 ἐκ
3633 2254 3715 2303 χα-

2179 2323 2516 2391 μαιτυπείου
2578 2325 2756 2394 μισθῷ
2785 2327 3132 2396 διαφθείρας,
3171 2328 3464 2380 ὑποϐάλλει
3500 2331 3559 2399 τῇ
3588 2330 3718 2397 οἰκίᾳ

2177 2415 2287 2468 τῶν
2317 2417 2630 2469 ἐπισκόπων
2655 2434 2669 2448 ·
2708 2419 2900 2472 ἔπειτα
2933 2421 3087 2490 λόχον
3131 2421 3191 2472 οὑ
3234 2421 3517 2490 πόρρωθεν
3539 2422 3717 2487 στήσας

2182 2510 2516 2577 κακουργίας
2567 2511 2788 2577 μεστὸν.
2821 2510 3017 2580 ἀθρόον
3050 2513 3347 2581 ἐπιστῆναι
3383 2515 3717 2581 παρασκευὰ-

2183 2599 2264 2659 (et
2289 2600 2354 2667 τῇ
2388 2603 2685 2669 καταγωγῇ
2712 2602 2822 2651 τῶν
2857 2601 3018 2653 θείων
3041 2602 3278 2670 ἀνδρῶν.
3305 2598 3404 2654 Ὧν
3437 2603 3616 2672 ἅτερος
3647 2603 3719 2656 ai-

2179 2690 2436 2758 σθόμενος
2459 2693 2555 2760 τῆς
2575 2693 2872 2745 ἀκολάστου
2903 2699 2992 2746 τὸν
3015 2695 3184 2761 ψόφον
3219 2695 3382 2760 ἡνίκα
3402 2695 3582 2764 εἰσῄει,
3613 2695 3716 2748 δαί-

2183 2800 2319 2855 μονα
2373 2778 2604 2854 οίηθεὶς,
2634 2786 2848 2856 ψαλμὸν
2877 2789 3069 2858 ὑπῇδε.
3104 2789 3209 2841 Τοῦ
3238 2791 3297 2842 δέ
3321 2789 3582 2860 δράματος
3612 2790 3718 2842 ὅθεν

2177 2880 2272 2932 καὶ
2300 2880 2446 2942 ὅπως
2494 2880 2710 2946 γέγονε,
2743 2881 2925 2949 κρίσει
2951 2881 3045 2933 τοῦ
3074 2881 3404 2950 κρατοῦντος
3433 2882 3722 2952 ἀνευρεθέν-

2176 2987 2288 3034 τος,
2317 2971 2393 3033 ὡς
2419 2972 2717 3040 αὐτουργὸς
2742 2973 2839 3040 τῆς
2863 2973 3121 3040 ἀθεμίτου
3147 2975 3404 3044 πράξεως
3433 2975 3719 3044 καθῄρηται

505 3065 888 3110 exauctoratus
915 3067 1019 3121 est,
1053 3072 1106 3112 et
1141 3061 1406 3116 Leontius
1434 3064 1736 3120 Antiochia:
1777 3067 2070 3136 episcoitus

2178 3063 2470 3129 Στέφανος.
2502 3063 2752 3126 Λεόντιος
2779 3064 2836 3116 δέ
2868 3068 2948 3128 είς
2979 3066 3287 3135 ἐπιτροπὴν
3310 3067 3720 3134 τῆςἈντιοχίων

504 3144 766 3199 delectus.
791 3147 961 3212 Quem
987 3151 1318 3204 Athanasius
1341 3165 1564 3221 propter
1591 3155 1786 3225 dogma
1807 3159 2068 3227 deprava-

506 3250 620 3292 tum
663 3238 932 3302 devitans,
987 3257 1110 3295 cum
1162 3244 1554 3308 Eustathianis,
1588 3250 1682 3314 qui
1739 3248 1792 3302 iu
1847 3251 2072 3319 privatis

503 3329 711 3382 a-dibus
737 3331 998 3385 ecclesias
1025 3345 1081 3386 et
1118 3343 1420 3388 conventus
1465 3335 1720 3404 agebant,
1753 3339 2068 3393 communi-

505 3419 672 3473 cavit.

1067 3537 1288 3594 CAPUT
1340 3536 1527 3594 XXIV.

508 3625 573 3680 Ut
613 3627 936 3681 Athanasius
984 3629 1051 3706 sit
1099 3639 1370 3698 receptus,
1420 3641 1580 3702 atque
1630 3643 1912 3689 sectatores
1960 3635 2074 3706 ejus

959 3699 1103 3752 sedes
1135 3715 1261 3754 suae
1304 3699 1612 3772 receperint.

575 3812 640 3867 Et
684 3811 1038 3868 Constantius
1087 3817 1307 3884 quidem
1340 3834 1449 3873 non
1490 3819 1766 3876 illibenter
1815 3838 2076 3894 cumsu-

501 3905 698 3972 scepit,
724 3905 1080 3962 nihilominus
1101 3919 1280 3964 tamen
1306 3911 1744 3966 benevolentiam
1764 3913 2074 3970 humanita-

507 4001 725 4067 temque
765 4000 884 4069 ejus
910 4005 1155 4056 tentavit.
1181 4003 1438 4072 Captioso
1462 4005 1606 4059 enim
1641 4003 1890 4061 sermone
1923 4021 2071 4070 eum,

502 4089 940 4145 adversariorum
983 4095 1327 4162 suggestione
1353 4135 1367 4158 .
1404 4095 1591 4150 fallere
1640 4098 1862 4158 volens,
1898 4099 1978 4153 sic
2006 4099 2074 4153 ad

503 4195 627 4234 eum
664 4183 880 4237 locutus
921 4193 999 4236 est
1023 4201 1036 4236 :
1059 4185 1171 4254 Ego
1199 4187 1418 4255 quidem
1454 4188 1522 4240 de
1553 4191 1824 4243 communi
1877 4192 2068 4260 synodi

505 4271 798 4336 sententia,
817 4270 1107 4341 fratrisque
1123 4283 1178 4328 et
1198 4290 1334 4351 mea,
1356 4277 1448 4331 tibi
1481 4279 1622 4346 quod
1645 4289 1798 4348 optas
1825 4282 2067 4349 perficio,

506 4374 562 4418 et
599 4364 854 4418 thronum
887 4364 983 4418 tibi
1029 4353 1404 4420 tuum'trado.
1437 4367 1677 4436 Equum
1713 4386 1843 4424 vero
1882 4383 1984 4435 est,
2023 4382 2072 4426 te

2187 3150 2516 3221 Ἑκκλησίας
2581 3153 2813 3221 ἐκρίθη·
2870 3154 2930 3206 ὃν
2986 3154 3312 3219 Ἀθανάσιος
3362 3156 3436 3219 ὡς
3501 3157 3624 3222 περὶ
3670 3157 3723 3206 τὸ

2175 3239 2354 3307 δόγμα
2407 3241 2664 3310 κίϐδηλον
2717 3243 3080 3312 ἐξετρέπετο·
3130 3247 3246 3306 τοῖς
3282 3245 3328 3296 δ’
3358 3244 3466 3297 ἀπὸ
3513 3243 3603 3297 τοῦ
3634 3245 3723 3296 Εὑ-

2177 3331 2394 3384 σταθίου
2427 3333 2485 3385 ἐν
2522 3334 2750 3388 ἰδιωτῶν
2788 3335 2989 3398 οἰκίαις
3030 3335 3486 3406 ἐκκλησιάζουσιν
3523 3336 3724 3390 ἐκοινώ-

2177 3441 2280 3480 νει.

2757 3541 3007 3598 ΚΕΦΛΔ.
3043 3543 3169 3596 KA'.

2191 3628 2288 3696 Ὠς
2317 3631 2634 3700 εισεδέχθη
2687 3633 3071 3698 Ἀθανάσιος,
3131 3633 3232 3686 καὶ
3265 3636 3321 3687 οι
3380 3633 3511 3702 περὶ
3557 3633 3725 3686 αὐτὸν

2424 3704 2564 3766 τοὺς
2593 3704 2850 3769 οἰκείους
2873 3702 3182 3756 ἀπέλαϐον
3214 3706 3492 3773 θρόνους.

2247 3818 2627 3878 Κωνστάντιος
2661 3817 2760 3879 μὲν
2791 3816 2891 3898 οὐκ
2924 3816 3181 3885 ἀπεχθῶς
3215 3818 3381 3870 αὑτὲν
3416 3817 3684 3880 ἀνεδέξατο
3706 3832 3719 3848 ⁶

2176 3910 2325 3978 ὅμως
2353 3907 2398 3961 δ’
2427 3907 2584 3960 εὔνου
2613 3909 2709 3962 καὶ
2755 3907 3035 3970 ἐπιεικοῦς
3069 3909 3235 3961 αὑτοῦ
3263 3911 3545 3981 ἐπειρᾶτο,
3577 3910 3725 3976 Σοφί-

2177 4001 2366 4066 ζεσθαι
2412 4002 2468 4054 δέ
2514 4001 2686 4054 θέλων
2736 4001 2847 4053 τῶν
2882 4001 2950 4052 δι’
2997 4002 3248 4064 ἐναντίας
3310 4003 3722 4059 ὑποϐαλλόντων.

2175 4093 2301 4146 τάδε
2337 4092 2470 4160 πρὸς
2502 4092 2664 4144 αὐτὸν
2702 4091 2889 4157 ἔλεγεν
2919 4108 2934 4121 ’
2962 4092 3105 4159 Ἐγὼ
3135 4092 3237 4160 μέν
3269 4094 3374 4163 ἤδη
3403 4095 3566 4164 ψήφῳ
3587 4094 3722 4158 κοινῇ

2176 4182 2234 4234 τὸ
2268 4183 2350 4235 σοὶ
2381 4184 2517 4252 πρὸς
2555 4181 2749 4251 βουλῆς
2775 4182 3112 4252 ἐκπεραίνω,
3153 4185 3249 4235 καὶ
3286 4185 3378 4236 τὸν
3412 4185 3594 4252 θρόνον
3615 4184 3724 4248 ἀρτι

2179 4293 2260 4328 σοι
2291 4276 2604 4345 ἐγχειρίζω.
2640 4275 2860 4336 Δίκαιος
2907 4275 2953 4325 δ’
2984 4273 3048 4327 ἂν
3097 4276 3220 4342 εἴης
3257 4277 3356 4328 καὶ
3389 4276 3474 4336 σὺ,
3510 4274 3630 4342 μίαν
3657 4273 3729 4325 αξ-

2177 4367 2362 4421 τοῦντι
2404 4368 2564 4438 χάριν
2609 4365 2928 4429 ἀντιδιδούς.
2970 4368 3034 4418 'H
3067 4367 3122 4420 δέ
3176 4369 3292 4420 ἐστι
3346 4368 3476 4434 μίαν
3504 4366 3653 4418 ἐᾶσαί
3675 4381 3726 4416 σε

505 4469 725 4523 quoque
786 4455 921 4509 mihi
981 4455 1118 4508 hanc
1165 4456 1392 4511 reddere
1452 4459 1730 4527 gratiam.
1789 4471 1850 4516 ut
1905 4478 2066 4516 unam

2176 4461 2284 4514 τῶν
2327 4460 2414 4513 ἐπ’
2453 4459 2862 4529 Ἀλεξανδρείας
2899 4459 3210 4527 ἐκκλησιῶν
3250 4460 3305 4512 οῖ
3339 4477 3433 4512 σου
3475 4457 3727 4526 διακρινό-

501 4548 842 4603 Alexandria:
869 4547 1154 4602 ecclesiam
1177 4549 1258 4602 eis
1290 4551 1593 4616 permittas,
1635 4551 1731 4620 qui
1763 4567 1793 4606 a
1826 4562 1877 4607 te
1904 4553 2064 4608 dissi-

503 4641 715 4702 dentes,
745 4654 774 4692 a
799 4641 1184 4695 communione
1217 4652 1306 4695 tua
1339 4641 1659 4697 abhorrent.
1683 4641 1861 4712 Atque
1896 4645 2066 4696 Athao

503 4732 725 4786 nasius:
755 4730 1144 4800 Equissimum
1179 4749 1312 4788 sane
1335 4743 1440 4798 est,
1463 4749 1496 4787 ο
1521 4735 1841 4802 imperator,
1868 4735 2064 4803 inquit,

505 4834 566 4879 ut
586 4841 703 4878 mos
729 4824 822 4880 tibi
849 4836 1086 4896 geratur.
1119 4826 1221 4881 Sed
1250 4828 1497 4882 eamdem
1543 4844 1762 4882 rursum
1799 4843 1829 4883 a
1859 4838 1910 4883 te
1943 4843 2066 4897 gra-

2167 4569 2318 4620 μενοι
2375 4549 2772 4621 παραιτοῦνται
2824 4550 2923 4616 τὴν
2957 4552 3263 4603 κοινωνίαν.
3316 4553 3624 4612 ’Λθανάσιος
3653 4550 3720 4608 δὲ,

2165 4642 2275 4695 Καὶ
2305 4641 2447 4710 μάλα
2473 4658 2536 4707 γε
2561 4640 2767 4694 δίκαιόν
2790 4659 2873 4694 σοι
2892 4641 3235 4711 πειθαρχεῖν,
3257 4643 3386 4710 ἔφη,
3412 4637 3456 4694 ὦ
3476 4639 3682 4710 βασιλεῦ
3707 4644 3718 4657 ⁸

2165 4736 2261 4787 καὶ
2291 4735 2391 4804 τὴν
2424 4734 2594 4803 αὐτὴν
2633 4735 3032 4805 παραπλησίως
3063 4731 3217 4797 αὖθις
3249 4737 3411 4804 χάριν
3451 4736 3537 4786 καὶ
3568 4731 3716 4789 αὐτὸς

2168 4827 2402 4882 ἀνταιτῶ
2426 4843 2441 4856 ·
2479 4823 2669 4894 ἐπειδὴ
2720 4825 2814 4877 καὶ
2842 4827 2898 4878 ἐν
2925 4827 2991 4895 τῇ
3029 4826 3304 4896 Ἀντιόχου
3347 4827 3455 4878 εἰσί
3486 4840 3640 4884 τινες.
3675 4818 3720 4871 οἶ

504 4911 635 4963 tiam
695 4921 838 4980 peto,
893 4914 1345 4983 quandoquidem
1397 4925 1452 4970 et
1482 4917 1789 4972 Antiochiae
1843 4917 2066 4987 quidam

2176 4917 2268 4988 τὴν
2297 4916 2529 4970 ἐνταῦθα
2578 4918 2880 4985 ἱερωσύνην
2921 4919 3308 4986 ἐκτρέπονται,
3365 4917 3549 4968 κέλευε
3599 4913 3716 4980 μίαν

505 5012 658 5064 sunt.
691 5007 783 5073 qui
831 5021 1022 5060 eorum
1064 5010 1526 5074 communionem,
1566 5012 1660 5079 qui
1707 5012 1868 5068 aliter
1906 5027 2068 5080 quam

2176 5011 2268 5063 ttat
2323 5011 2520 5069 αὐτοὺς
2575 5009 2874 5078 ἐκκλησίαν
2905 5010 3069 5077 ἔχειν,
3101 5009 3195 5061 καὶ
3255 5007 3424 5069 ἀδεῶς
3482 5007 3612 5073 αὐτῇ
3660 5004 3720 5053 τὰ

506 5110 606 5149 nos
631 5098 872 5150 sentiunt
895 5099 982 5152 hic
1014 5111 1338 5154 aversantur
1361 5141 1375 5165 ,
1406 5103 1537 5170 juhe
1573 5119 1668 5157 eos
1699 5119 1921 5173 quoque
1977 5121 2072 5159 ec-

504 5187 725 5238 cleo-iam
760 5201 910 5239 suam
945 5187 1163 5247 habere.
1192 5189 1245 5242 in
1281 5205 1386 5258 qua
1412 5189 1584 5245 libere
1621 5192 1849 5260 placitas
1877 5193 1981 5246 sibi
2018 5206 2075 5248 et

509 5283 739 5331 statutas
787 5286 1043 5346 peragant
1073 5281 1432 5333 ceremonias.
1461 5283 1538 5333 Ad
1585 5282 1698 5335 hrec
1731 5299 1853 5336 cum
1901 5285 2074 5350 impe-

510 5380 658 5422 rator
684 5369 828 5438 quod
855 5371 1063 5425 diceret
1093 5388 1197 5425 non
1247 5372 1472 5426 haberet
1495 5413 1510 5438 ,
1546 5376 1719 5429 satius
1754 5390 1874 5431 esse
1899 5377 2075 5440 duxit,

513 5461 856 5517 adversarios
903 5465 1121 5533 quietos
1167 5481 1288 5519 esse
1315 5504 1328 5528 ,
1359 5467 1730 5536 petitioneque
1759 5484 1854 5522 sua
1896 5479 1954 5521 ut
1983 5486 2075 5536 pa-

514 5566 633 5604 rum
665 5556 946 5608 commoda
997 5558 1358 5624 supersedere
1391 5575 1404 5611 :
1459 5557 1640 5628 itaque
1675 5559 1810 5613 nihil
1841 5560 2078 5627 amplius

516 5657 758 5699 movere.
795 5647 956 5717 737
1006 5650 1180 5718 Atque
1225 5650 1300 5704 illi
1345 5659 1490 5705 recte
1520 5651 1767 5720 profecto
1793 5667 1910 5708 eam
1963 5669 2076 5706 rem

594 5756 670 5826 (Ι)
703 5757 972 5813 Theudor.
1010 5762 1106 5814 ιι).
1141 5777 1199 5827 It,
1241 5779 1338 5830 cup
1394 5765 1445 5819 ‘J.

2175 5104 2398 5174 θυμήρη
2441 5102 2534 5155 καὶ
2566 5102 2796 5154 είωθότα
2843 5104 3039 5155 ποιεῖν.
3079 5100 3222 5169 Πρὸς
3250 5101 3405 5154 ταῦτ’
3438 5098 3723 5162 ἀντιλέγειν

2178 5193 2252 5263 μὴ
2301 5194 2443 5263 ἔχων
2498 5197 2526 5246 ὁ
2585 5193 2856 5262 βασιλεὺς,
2909 5191 3136 5258 ἄμεινον
3183 5190 3469 5259 ἐδοκίμαζε
3495 5190 3615 5248 τοὺς
3639 5184 3699 5259 δι’

2175 5285 2425 5347 ἐναντίας
2459 5285 2690 5353 ἡσυχίαν
2717 5285 2888 5350 ἄγειν,
2920 5285 3012 5333 καὶ
3041 5283 3111 5336 ὡς
3146 5281 3433 5348 ἀλυσιτελῆ
3461 5281 3557 5349 τὴν
3578 5279 3719 5343 αίτη-

2179 5392 2264 5429 σιν
2291 5374 2717 5446 ὑπερτίθεσθαιο
2755 5376 2848 5426 καῖ
2895 5374 3049 5425 οὐδὲν
3086 5373 3246 5425 πλέον
3279 5373 3493 5424 ἐκίνουν
3519 5371 3716 5420 ἐκεῖνοι.

2182 5467 2290 5519 Καὶ
2326 5465 2435 5534 γάρ
2457 5481 2572 5526 πως
2607 5462 2786 5524 καλῶς
2813 5461 3120 5528 ἐλογίζοντο
3149 5464 3223 5525 ὠς
3258 5461 3411 5514 οὐδὲν
3439 5461 3633 5529 μᾶλλον
3662 5457 3720 5506 τὰ

2180 5556 2361 5608 αὐτῶν
2395 5556 2638 5608 ἐπίδοσιν
2671 5555 2730 5605 ὲν
2773 5553 3149 5623 Ἀλεξανδρεία
3180 5553 3312 5616 ἔξει,
3347 5551 3542 5611 ἱκανῶς
3584 5549 3724 5617 ἔχον-

2181 5668 2271 5714 τος
2311 5650 2625 5703 Ἀθανασίου
2660 5648 2718 5700 τό
2749 5665 2808 5701 τε
2857 5649 3055 5700 οἰκεῖον
3098 5646 3354 5715 ἀσφαλῶς
3403 5647 3604 5715 τηρεῖν,
3640 5642 3723 5692 καὶ
