3988 6190
230 277 314 345 321
1137 279 1751 339 ECCLESIASTIC/‘E
1794 280 2188 341 HISTCRlﬂi
2230 281 2375 340 LIB.
2428 277 2530 339 1X.
2637 237 2646 253 ‘

3362 277 3471 341 32?.

228 392 281 445 τὸ
301 371 572 458 ἀλλότριόν
602 384 1088 457 προσεπάγεσθαι.
1126 387 1192 441 Ei
1233 387 1279 440 δ’
1318 390 1377 439 ἐν
1411 387 1717 459 Ἀντιοχείᾳ
1737 388 1795 441 τὸ

1902 398 2186 455 putarunt,
2218 389 2391 442 nihilo
2426 386 2640 442 scilicet
2675 385 2855 441 minus
2883 385 3228 440 Alexandria!
3265 404 3353 444 res
3380 406 3472 444 ca-

229 480 423 546 αἴτημα
451 476 698 546 γένηται,
724 478 840 532 τοῖς
870 475 1261 540 εὐσταθιανοῖς
1287 470 1613 545 οὐκόλίγοις
1634 477 1787 531 οὖσιν

227 570 315 622 οὐκ
343 567 599 637 ἐλαχίστη
648 567 858 635 γένοιτ’
896 567 964 620 ἂν
1020 570 1054 638 η
1121 569 1510 638 συγκρότησις.
1554 569 1712 632 Ἰσως
1741 569 1789 621 δ’

229 662 287 714 ἂν
317 660 411 713 καὶ
438 659 724 729 νεωτέρων
760 658 1081 728 πειραθεῖεν
1124 662 1470 731 πραγμάτων
1510 660 1785 726 ἐντεῦθεν,

228 756 335 805 ἐνὸν
367 752 626 807 κινδύνων
676 754 805 807 ἄνευ
861 753 1019 822 ἄγειν
1061 754 1199 825 ὅπερ
1248 755 1546 824 ἐκτήσαντο
1572 770 1585 784 ο
1618 755 1699 808 ὅτι
1725 771 1789 823 γε

228 846 312 898 καὶ
335 845 452 907 δέος
474 845 747 914 ύφείρπεν
773 846 1006 909 ἐκείνοις
1035 847 1137 899 οὐκ
1160 845 1402 901 ἔλαττον.
1434 846 1650 917 Καίπερ
1678 848 1789 918 γὰρ

226 938 324 988 τῶν
355 931 479 1005 τῇδε
509 936 823 1006 ἐκκλησιῶν
849 936 951 1007 τὴν
981 939 1313 992 ἐπιστασίαν
1346 938 1581 1009 ἔχοντες,
1604 937 1667 989 οὐ
1696 940 1787 991 τὸν

226 1028 426 1079 ᾶπαντα
456 1025 663 1098 κλῆρον
694 1029 789 1082 καὶ
831 1028 960 1083 λαὸν
996 1030 1279 1101 πειθήνιον
1319 1026 1490 1100 εἷχον.
1533 1029 1645 1103 Τὴν
1680 1031 1788 1102 γὰρ

226 1119 483 1188 σφετέραν
528 1114 876 1191 προαίρεσιν,
912 1121 981 1192 ἥν
1009 1123 1138 1192 περὶ
1166 1122 1226 1175 τὸ
1264 1123 1416 1175 Θεῖον
1447 1124 1680 1186 ἕκαστος
1709 1119 1787 1177 εἴ·

224 1228 307 1281 χον
336 1212 477 1265 κατά
516 1213 678 1280 χορὸν
720 1214 977 1277 ἑστῶτες,
1016 1216 1151 1285 πρὸς
1188 1215 1267 1285 τῷ
1297 1216 1442 1268 τέλει
1472 1216 1749 1270 ἐδείκνυον
1770 1231 1785 1247 '

221 1306 266 1356 oi
293 1304 389 1373 μὲν
436 1306 659 1375 Πατέρα
704 1302 811 1360 ’καὶ
862 1307 992 1359 Υίδν
1039 1307 1321 1377 ὀμοτίμως
1359 1306 1702 1374 δοξάζοντες,
1740 1309 1789 1361 oi

218 1398 269 1449 δὲ
300 1399 519 1468 Πατέρα
555 1399 615 1451 ἐν
638 1399 774 1469 Υἱῷ,
807 1399 867 1451 τὸ
897 1398 1201 1470 δευτερεῖον
1231 1400 1319 1454 διὰ.
1350 1400 1450 1470 τῆς
1472 1401 1789 1471 προθέσεως

218 1490 576 1559 αἰνιττόμενοι
624 1491 702 1561 τῷ
760 1490 899 1561 Υίῷ.
930 1492 1117 1546 ’Δλλοι
1167 1493 1247 1559 δὲ,
1277 1494 1438 1559 Δόξα
1490 1495 1672 1564 IIuth
1711 1494 1788 1549 δι’

226 1577 354 1645 Ποῦ
409 1578 482 1629 ἐν
513 1578 663 1647 ἁγιῳ
697 1578 1023 1647 Πνεύματι,
1054 1579 1241 1646 ἔλεγον
1266 1595 1280 1610 ο
1326 1580 1475 1635 ἄλλοι
1507 1580 1585 1644 δέ,
1631 1581 1790 1647 Δόξα

216 1669 389 1739 Harp!
452 1668 554 1723 καί
606 1667 716 1734 Υιῷ
757 1670 830 1725 ἐν
875 1671 1022 1741 ἁγίῳ
1073 1673 1394 1741 Πνεύματι.
1454 1672 1680 1744 Πρῶτον
1729 1674 1786 1727 δέ

216 1779 339 1831 φασι
377 1763 606 1817 πάντων
635 1764 727 1817 τὸν
764 1763 1103 1834 Ἀντιοχείας
1133 1764 1434 1820 Φλαϐιανὸν
1472 1768 1658 1836 στῖςρος
1686 1782 1787 1835 μο-

216 1855 388 1924 ναχῶν
452 1856 861 1923 συναγαγόντα,
912 1855 1212 1928 διαρρήδην
1261 1855 1601 1926 ἐκφωνῆσαι,
1631 1855 1789 1921 Δόξα

217 1947 384 2016 Harp!
419 1947 527 2002 καὶ
558 1948 667 2014 Υιῷ
696 1948 795 2002 καί
827 1950 976 2017 ἁγίῳ
1017 1949 1341 2019 Πνεύματι.
1370 1949 1550 2020 Ὅπερ
1577 1950 1653 2012 ὡς
1684 1967 1791 2021 μη-

212 2042 397 2110 δεμίαν
453 2043 582 2113 ἔχον
630 2042 911 2105 ὑπόνοιαν,
956 2044 1081 2106 ταῖς
1122 2042 1443 2113 ἐκκλησίαις
1491 2042 1626 2096 Θεοῦ
1659 2043 1791 2096 ἐπε-

214 2134 479 2205 κράτησε.
518 2135 587 2189 ’Δ
627 2132 764 2204 δῆτα
806 2133 948 2204 ὀρῶν
983 2132 1259 2197 Λεόντιος,
1298 2133 1530 2187 κωλύειν
1566 2134 1667 2204 μὲν
1692 2134 1792 2187 οὐκ

208 2223 406 2292 ἐτόλμα
440 2223 570 2287 τοὺς
598 2225 738 2276 κατὰ
762 2223 863 2293 τὴν
894 2224 1194 2294 παράδοσιν
1222 2224 1322 2295 τῆς
1342 2223 1401 2277 ἐν
1429 2223 1635 2295 Νικαίᾳ
1667 2240 1794 2278 συν-

208 2316 317 2369 όδου
355 2316 466 2370 τὸν
530 2316 668 2369 Θεὸν
713 2315 1058 2386 ὑμνοῦντας·
1102 2316 1202 2387 τὴν
1257 2317 1366 2388 γὰρ
1417 2323 1609 2371 στάσιν
1636 2317 1793 2370 ὗπείυ

208 2410 352 2461 δετο·
385 2407 499 2462 καί
527 2408 648 2460 ποτ’
680 2407 1030 2479 ἐφαψάμενον
1059 2409 1156 2480 τῆς
1183 2408 1424 2479 κεφαλῆς
1456 2408 1561 2462 ὑπὸ
1579 2409 1794 2473 πολιαῖς

214 2495 552 2570 ἐξανθούσης
610 2499 809 2569 θριξὶν,
843 2503 1094 2554 ἐπειπεῖν
1122 2517 1307 2571 φασιν,
1339 2500 1415 2564 ὡς
1462 2501 1574 2571 Τῆς
1611 2499 1790 2571 χιόνος

214 2591 409 2662 ταύτης
442 2591 735 2663 λυθείσης,
772 2592 937 2657 πολὺς
984 2593 1139 2646 ἐσται
1174 2592 1343 2662 πηλός
1375 2607 1390 2622 ⁶
1427 2592 1795 2664 αἰνιττόμενος

215 2681 280 2744 ὡς
312 2684 345 2751 ἠ
376 2682 486 2751 τῆς
520 2682 831 2751 δοξολογίας
862 2682 1153 2752 διαφωνία,
1198 2683 1279 2746 είς
1315 2681 1505 2735 στάσιν
1527 2680 1605 2752 τῷ
1655 2681 1797 2752 πλη-

217 2773 290 2827 θει
317 2776 458 2826 ποτε
507 2774 829 2843 καταλήξει,
863 2773 999 2844 μηδέ
1028 2772 1138 2826 τῶν
1171 2772 1292 2826 κατ’
1329 2771 1492 2825 αὑτὸν
1521 2789 1796 2843 συμπερι-

218 2866 485 2934 φέρεσθαι
530 2864 611 2934 τῷ
657 2864 853 2934 πλήθει
892 2865 1259 2935 ἀνεχομένων.
1320 2864 1702 2927 Κωνστάντιος
1747 2862 1793 2916 δ’

224 2954 522 3024 ῆγράφως
554 2955 666 3014 τοῖς
702 2953 832 3023 περὶ
868 2951 1191 3023 Ἀθανάσιον
1220 2952 1348 3014 τοὺς
1401 2952 1628 3023 θρόνους
1659 2952 1796 3007 ἀπέ-

220 3046 374 3100 δωκε.
405 3046 817 3115 Προστὼγμασι
861 3044 906 3097 δ’
935 3045 1148 3098 ἐκείνου
1195 3043 1277 3108 εἰς
1309 3045 1433 3107 τοὺς
1467 3044 1647 3098 αὐτῶν
1673 3043 1798 3116 θρό-

221 3154 333 3200 νους
362 3139 638 3206 ἐφοίτων,
672 3136 709 3191 ἃ
748 3136 1000 3190 ἐκέλευον
1026 3139 1281 3206 ἀσμένως
1310 3136 1508 3199 αὐτοὺς
1538 3136 1798 3208 ὑποδέχε-

222 3233 361 3285 σθαι.
386 3231 515 3286 Καὶ
554 3232 870 3303 ’ᾼσκληπᾶν
897 3233 994 3301 μὲν
1015 3231 1258 3303 εὐχερῶς
1279 3232 1500 3295 Γαζαῖοι
1523 3230 1798 3302 ἐδέχοντο·

222 3324 495 3387 ὡσαύτως
523 3325 582 3377 δὲ
614 3328 709 3378 καὶ
743 3326 978 3380 Λούκιον
1020 3327 1111 3379 τὶν
1151 3322 1667 3396 Ἀδριανουπόλεως.
1712 3322 1800 3377 Ἐν

219 3416 262 3469 δ’
305 3416 571 3488 ’Δγκύρα
628 3417 892 3480 εἰσιόντος
915 3416 1245 3486 Μαρκέλλου
1279 3417 1367 3472 διὰ
1402 3417 1705 3483 Βασίλειον,
1737 3417 1797 3470 οὐ

227 3509 439 3579 σμικρὰ
500 3509 758 3576 κεκίνητο
814 3506 1064 3577 ταραχή·
1122 3507 1157 3576 ἦ
1221 3507 1494 3577 πρόφασις
1540 3504 1803 3575 λοιδορεῖν

226 3601 454 3669 ἐγένετο
489 3602 602 3663 τοῖς
624 3584 989 3663 ὑπεναντίοις.
1021 3599 1198 3653 Ἑκὼν
1243 3599 1299 3651 δὲ
1344 3600 1439 3652 καὶ
1470 3598 1802 3662 Μακεδόνιος

227 3693 427 3763 Παύλῳ
454 3691 652 3764 ἐξέστη
705 3691 798 3746 τοῦ
829 3691 1018 3762 θρόνου
1040 3707 1055 3721 ο
1090 3691 1182 3745 καὶ
1242 3688 1461 3755 ίδιὰζων
1506 3691 1593 3744 ἐπ’
1618 3690 1801 3760 ὀλίγου

223 3789 310 3838 ἐπί
340 3803 460 3840 τινι
492 3784 639 3838 ἔνδον
667 3784 767 3856 τῆς
818 3784 1027 3847 πόλεως
1060 3782 1234 3853 σηκῷ,
1273 3783 1494 3850 σύναξιν
1541 3786 1802 3838 ἐποιεῖτο.

224 3876 299 3929 υύ
332 3875 449 3946 μὴν
500 3874 561 3927 δέ
615 3876 712 3927 καί
753 3872 1061 3941 Ἀθανασίῳ
1090 3872 1301 3942 χαλεπὴ
1349 3872 1383 3941 η
1416 3873 1493 3933 είς
1522 3872 1804 3939 Αἴγυπτον

226 3967 443 4028 εἴσοδος
492 3965 755 4033 ἐγεγόνει.
802 3963 885 4016 Δι’
928 3962 1219 4032 ἐπιστολῆς
1250 3962 1361 4033 γὰρ
1406 3961 1498 4016 τὸν
1532 3961 1805 4032 Γεώργιον

226 4059 446 4112 ἐκεῖθεν
481 4058 857 4130 Κωνστόιντιος
907 4055 1293 4126 μετεστέλλετο
1319 4067 1335 4083 ⁸
1363 4053 1391 4104 ὁ
1425 4054 1473 4106 δ’
1506 4056 1563 4106 ἐν
1594 4055 1660 4124 τῇ
1696 4070 1805 4106 πα-

223 4153 366 4220 τρίδι
402 4149 760 4220 χαλεπαίνων
807 4149 1069 4218 ἀφίκετω
1123 4148 1288 4201 κάκεῖ
1337 4147 1524 4215 διῆγεν
1579 4149 1807 4199 ἐπισκο-

226 4244 517 4315 πούμενος
565 4243 633 4296 τὰ
687 4240 814 4295 καθ’
840 4241 1052 4295 ἐαυτόν.
1093 4241 1318 4311 Ἐκείνῳ
1345 4240 1390 4293 δ’
1426 4240 1589 4308 ἕτερα
1622 4239 1807 4308 γράμ-

230 4353 377 4407 ματα
414 4335 745 4405 παρασχὼν,
776 4334 873 4405 τὴν
924 4334 1014 4387 ἐπ’
1049 4334 1263 4402 ἐκείνην
1310 4334 1613 4403 ἐπέτρεπεν
1663 4333 1808 4384 εἴσο-

1891 483 2221 536 tholicorum
2282 482 2681 535 incrementum
2745 495 2905 534 suum
2972 480 3297 541 habituras.
3339 497 3466 537 cum

1890 573 2225 627 Athanasius
2264 588 2371 627 non
2401 574 2579 627 solum
2624 590 2755 628 suos
2795 589 2823 627 a
2864 574 3110 643 periculo
3144 573 3311 636 tueri,
3370 574 3468 629 sed

1891 664 2099 718 alienos
2124 665 2286 719 etiam
2317 663 2384 718 ad
2417 679 2476 718 se
2507 665 2746 729 allicere,
2780 681 2878 733 pro
2918 665 3183 719 industria
3211 681 3309 719 sua
3347 680 3471 733 pos-

1893 763 1993 809 set.
2031 753 2087 808 Si
2119 769 2248 808 vero
2303 754 2632 817 Antiochia),
2673 755 2817 825 quod
2860 756 2954 810 ille
2987 755 3231 824 petebat,
3288 755 3466 819 ﬁeret,

1890 860 1999 900 non
2035 848 2227 914 exigua
2266 855 2556 914 augmenta
2587 846 2991 909 Eustathianis,
3017 848 3112 916 qui
3151 862 3260 901 non
3304 848 3466 916 pauci

1890 942 2097 995 essent,
2146 949 2453 991 accessura.
2482 934 2549 988 Et
2607 934 2840 989 fortasse
2898 950 2994 988 eos
3018 936 3086 989 ad
3151 952 3239 989 res
3296 952 3467 992 novas

1891 1030 2231 1099 aspiratnros
2253 1045 2396 1091 esse,
2439 1045 2563 1083 cum
2607 1030 2727 1083 sine
2758 1030 3003 1098 periculo
3058 1046 3178 1098 qua:
3236 1046 3470 1084 consue-

1892 1122 2120 1183 vissent,
2141 1138 2301 1191 agere
2334 1132 2575 1192 possent.
2610 1121 2704 1176 Ille
2723 1138 2944 1193 quoque
2974 1137 3082 1176 non
3131 1123 3312 1176 minor
3354 1140 3467 1176 me~

1894 1221 1979 1268 tus
2005 1215 2219 1269 animos
2248 1229 2439 1269 eorum
2477 1215 2667 1280 subiit,
2700 1216 2847 1283 quod
2905 1216 3118 1269 etiamsi
3174 1231 3344 1285 penes
3374 1231 3471 1268 eos

1890 1306 2248 1361 ecclesiarum
2275 1306 2414 1377 ‘eius
2457 1306 2563 1360 loci
2602 1317 2841 1376 potestas
2888 1322 3103 1359 suunna
3154 1314 3324 1368 esset,
3359 1321 3468 1359 non

1891 1412 2107 1452 omnem
2138 1408 2317 1452 tamen
2346 1400 2552 1454 clerum
2597 1408 2647 1453 et
2684 1398 2941 1467 populum
2988 1395 3335 1451 obedientem
3371 1396 3470 1450 ha-

1899 1489 2116 1544 berent.
2136 1489 2476 1546 Sententiam
2520 1491 2663 1545 enim
2685 1507 2845 1559 quam
2881 1491 3112 1560 quisque
3134 1492 3200 1544 de
3233 1491 3345 1545 Deo
3373 1491 3471 1544 nb-

1894 1582 2113 1646 tineret,
2148 1582 2202 1635 in
2230 1582 2399 1637 choro
2450 1591 2680 1647 stantes,
2723 1582 2790 1636 ad
2823 1581 2986 1635 linem
3028 1583 3341 1650 psaltnodize
3372 1582 3470 1635 de~

1891 1675 2194 1729 clarabant.
2224 1675 2454 1740 Quidam
2489 1676 2633 1729 enim
2667 1675 2878 1729 Patrem
2926 1682 2983 1728 et
3020 1675 3216 1728 Filium
3269 1674 3461 1728 eodem

1892 1768 2102 1821 honore
2132 1767 2493 1830 celebrantes,
2528 1767 2775 1821 nonnulli
2810 1767 3025 1820 Patrem
3061 1766 3114 1819 in
3151 1766 3467 1834 Filio(pr:e-

1893 1860 2163 1929 positione
2200 1860 2482 1928 interjecta
2510 1860 2803 1914 obscurius
2829 1859 3103 1913 secundas
3123 1868 3304 1928 partes
3327 1858 3467 1911 Filio

1894 1951 2251 2022 tribuentes).
2285 1950 2398 2015 alii,
2423 1950 2608 2005 Gloria
2646 1950 2804 2005 Patri
2828 1967 2923 2021 per
2953 1949 3153 2004 Filium
3179 1951 3234 2003 in
3266 1948 3468 2019 Spiritu

1891 2055 2119 2100 sancto:
2173 2044 2393 2113 quidam
2437 2044 2626 2107 etiam,
2671 2042 2854 2097 Gloria
2910 2043 3063 2097 Patri
3128 2050 3176 2096 et
3209 2041 3353 2096 Filio
3409 2048 3464 2095 in

1894 2139 2101 2208 Spiritu
2136 2145 2342 2201 sancto,
2378 2134 2670 2190 canebant.
2722 2134 2967 2188 Primum
3005 2133 3250 2187 omnium
3288 2133 3471 2187 lerunt

1893 2229 2299 2283 Antiochenum
2326 2226 2648 2296 episcopum
2678 2224 2997 2279 Flavianum
3017 2262 3033 2288 ,
3066 2226 3466 2279 monachorum

1895 2330 2083 2373 coacta
2146 2328 2367 2373 caterva
2412 2317 2565 2372 clare
2617 2314 3175 2371 accinuisse:Ctoria
3235 2315 3387 2369 Patri
3418 2325 3468 2369 et

1895 2410 2030 2466 Filio
2054 2420 2103 2464 et
2134 2410 2362 2480 Spiritui
2388 2418 2595 2463 sancto.
2630 2406 2784 2474 Quod
2821 2410 3067 2478 quidem,
3100 2419 3158 2463 ut
3202 2410 3340 2463 nihil
3375 2410 3473 2463 ha-

1896 2506 2034 2560 bens
2060 2503 2413 2572 suspicionis,
2458 2502 2514 2557 in
2547 2502 2799 2557 ecclesiis
2827 2501 2925 2556 Dei
2959 2502 3218 2556 obtinuit.
3250 2502 3307 2557 ld
3336 2516 3470 2555 vero

1896 2592 2159 2648 Leontius
2182 2593 2389 2655 videns,
2410 2591 2662 2646 inhibere
2678 2606 2775 2646 eos
2798 2592 2891 2660 qui
2913 2592 3067 2662 juxta
3087 2590 3316 2646 Nicmnte
3340 2590 3468 2645 fidei

1896 2685 2248 2741 traditionem
2292 2685 2461 2738 Deum
2507 2682 2768 2738 laudibus
2786 2683 3297 2753 prosequebantur,
3355 2700 3469 2738 nou

1896 2775 2153 2841 audebat,
2183 2773 2506 2828 seditionem
2541 2772 2759 2827 timens.
2779 2771 2959 2842 Atque
2989 2773 3284 2841 aliquando
3303 2782 3470 2842 caput

1897 2869 2051 2924 canis
2076 2866 2372 2922 ﬂorescens
2409 2880 2574 2920 manu
2610 2864 2931 2920 demulcens
2953 2902 2968 2928 ,
3018 2863 3223 2919 dixisse
3270 2864 3470 2930 fertur,

1898 2961 2080 3015 nivem
2113 2976 2235 3014 eam
2271 2958 2501 3013 solutam
2540 2957 2717 3013 lutum
2769 2958 3000 3011 multum
3047 2957 3472 3012 subsecuturum

1825 3068 1871 3131 ρ
1900 3066 2020 3106 esse
2049 3068 2063 3106 :
2100 3051 2387 3120 aenigmate
2410 3050 2701 3105 obscurius
2740 3049 3101 3105 subindicans
3129 3089 3144 3113 ,
3181 3048 3473 3103 dissonan-

1901 3145 2031 3199 tiam
2083 3143 2399 3197 celebrandi
2432 3142 2524 3197 Dei
2576 3141 2722 3212 apud
2769 3142 3034 3211 populum
3067 3141 3364 3211 aliquando
3414 3143 3471 3197 in
3518 3154 3529 3165 ‘

1900 3235 2222 3291 seditionem
2247 3249 2561 3300 evasuram,
2614 3248 2794 3303 neque
2822 3248 2919 3288 eos
2947 3235 3042 3303 qui
3074 3234 3328 3288 factionis
3362 3249 3475 3289 sua:

1900 3336 2108 3392 essent,
2145 3342 2268 3380 cum
2297 3328 2505 3397 reliqua
2536 3326 2890 3381 multitudine
2922 3340 3311 3380 consensuros.
3328 3325 3475 3380 Con-

1902 3419 2139 3475 stantius
2189 3417 2488 3474 Athanasio
2526 3421 2582 3473 et
2621 3418 2766 3484 aliis,
2790 3418 2996 3487 scripto
3038 3432 3260 3487 quoque
3304 3417 3475 3483 edito,

1904 3512 2164 3567 ecclesias
2192 3526 2320 3566 suas
2346 3510 2653 3565 reddendas
2676 3512 2889 3566 curavit
2922 3527 2934 3562 :
2970 3525 3094 3563 cum
3128 3524 3237 3578 quo
3267 3512 3476 3578 scripto

1905 3601 2150 3674 (iubebat
2172 3601 2317 3654 enim
2354 3615 2449 3654 eos
2471 3616 2579 3655 non
2610 3609 2834 3671 gravate
2864 3597 3134 3668 recipere)
3166 3599 3244 3653 illi
3291 3603 3343 3651 in
3374 3615 3471 3651 va-

1905 3710 2063 3750 cuam
2106 3692 2321 3748 sedium
2387 3707 2607 3747 suarum
2656 3689 3062 3763 possessionem
3114 3689 3354 3744 rediere.
3404 3679 3474 3744 Et

1903 3788 2188 3856 Asclepam
2216 3783 2394 3840 Gazaei
2431 3784 2589 3838 facile
2615 3785 2911 3838 admisere.
2948 3782 3140 3836 ltidetu
3187 3792 3244 3835 et
3276 3782 3475 3836 Adria-

1905 3878 2162 3949 nopolita‘.
2215 3875 2465 3930 Lucium.
2518 3873 2745 3945 Ancyrae
2776 3889 2928 3939 vero,
2971 3871 3232 3926 Marcello
3281 3888 3476 3925 rever.

1907 3979 2076 4036 tente,
2108 3978 2331 4040 pr0pter
2355 3966 2615 4023 Basilium
2652 3965 2869 4035 pulsum
2914 3979 3025 4017 non
3058 3978 3260 4032 parvus
3290 3962 3478 4017 conci-

1909 4070 2055 4117 tatus
2091 4069 2177 4116 est
2209 4070 2432 4114 motus:
2461 4057 2554 4128 qui
2600 4065 2779 4112 motus
2807 4052 3138 4110 adversariis
3173 4053 3241 4107 ad
3284 4054 3474 4108 convi-

1906 4153 2161 4223 ciandum
2192 4149 2813 4221 pratbnitoccasionem.
2851 4149 2970 4204 Non
2998 4146 3205 4202 invitus
3251 4162 3473 4219 quoque

1911 4244 2077 4299 Paulo
2126 4241 2477 4297 Macedonius
2519 4242 2774 4293 thronum
2821 4239 3118 4303 concessit,
3154 4249 3209 4291 et
3244 4254 3350 4290 non
3401 4239 3474 4291 ita

1910 4340 2004 4393 diu
2048 4339 2279 4393 seorsim
2319 4338 2373 4393 in
2412 4336 2641 4390 delubro
2670 4335 2929 4404 quodam,
2952 4335 3091 4388 intra
3126 4333 3318 4386 urbem
3349 4349 3481 4403 syn-

225 4429 336 4492 δον,
367 4425 616 4478 κελεύων
640 4427 736 4478 καὶ
751 4426 820 4476 τὰ
845 4425 965 4476 κατ’
992 4422 1155 4475 αὑτοῦ
1174 4423 1446 4491 διαφόρως
1471 4419 1795 4491 πραχθέντα1

1912 4428 2054 4482 axim
2079 4436 2134 4483 et
2162 4438 2464 4483 conventus
2497 4425 2625 4495 egit.
2650 4402 2728 4479 Ne
2785 4426 2883 4494 ipsi
2930 4425 3150 4493 quidem
3180 4402 3483 4477 Athanasio

229 4519 482 4588 ἀφανείᾳ
531 4515 927 4587 παραδοθῆναι.
984 4512 1063 4568 Τὰ
1124 4515 1178 4567 δὲ
1236 4516 1543 4584 γράμματα
1590 4516 1688 4567 καὶ
1744 4516 1795 4584 τῇ

1913 4517 2151 4574 difﬁcilis
2184 4518 2238 4572 in
2270 4516 2564 4588 Egyptum
2608 4516 2816 4571 reditus
2847 4515 2970 4568 fuit.
3003 4515 3167 4585 738
3209 4516 3480 4569 Constan-

231 4610 459 4680 ἱστορίᾳ
491 4608 710 4672 ἐντάξαι
740 4609 945 4661 δίκαιον
970 4607 1221 4677 ἥγημαι*
1259 4607 1440 4673 ἔχουσι
1480 4600 1535 4656 δέ
1563 4597 1664 4657 ὦδε
1690 4621 1705 4637 ο

1917 4612 2026 4664 tius
2046 4610 2195 4663 enim
2220 4624 2324 4681 per
2363 4609 2650 4679 epistolam
2697 4607 2990 4676 Georgium
3026 4607 3302 4658 acciverat
3339 4622 3353 4657 :
3388 4604 3481 4671 qui

230 4706 284 4758 in
337 4703 582 4775 patriam
629 4700 1073 4770 indignabundus
1123 4700 1439 4766 profectus,
1499 4698 1572 4752 ibi
1632 4701 1799 4752 vitam
1839 4702 1968 4771 egit,
2024 4717 2153 4757 suas
2206 4703 2310 4758 sibi
2398 4719 2485 4756 res
2528 4716 2741 4772 gerens.
2803 4698 3105 4753 Athanasio
3167 4712 3296 4750 vero
3345 4696 3483 4751 alias

227 4803 403 4856 etiam
436 4803 646 4855 litteras
677 4798 1030 4853 Constantius
1058 4795 1229 4859 dedit,
1260 4797 1460 4865 quibus
1522 4796 1573 4849 ei
1641 4795 1882 4849 reditum
1926 4798 2177 4866 permisit
2210 4816 2224 4853 :
2253 4809 2307 4853 et
2333 4814 2396 4852 ea
2422 4814 2543 4868 qua:
2572 4798 2737 4850 variis
2767 4776 2941 4849 modis
2972 4793 3025 4846 in
3046 4794 3270 4863 judiciis
3294 4803 3481 4847 contra

228 4914 362 4954 eum
410 4908 562 4969 gesta
606 4898 840 4961 fuerant,
893 4893 1100 4949 aboleri
1147 4902 1311 4961 atque
1344 4891 1609 4946 oblivioni
1664 4891 1807 4946 tradi
1877 4893 2061 4964 jussit.
2094 4894 2331 4949 Litteras
2364 4910 2480 4960 eas,
2507 4904 2671 4958 atque
2717 4892 2903 4946 itidem
2944 4893 3167 4954 alteras,
3231 4892 3325 4947 hic
3355 4892 3487 4948 sub-

232 4994 506 5050 iiciendas
530 5005 649 5045 esse
674 4990 825 5054 duxi,
865 5005 986 5058 quae
1011 4988 1091 5041 sic
1123 4987 1325 5040 habent
1348 5004 1361 5040 :

830 5103 1081 5157 ΚΕΦΑΛ.
1111 5099 1237 5155 ΚΕ’.

262 5223 589 5291 Emerui)
638 5223 1063 5276 Κωνσταντίου
1112 5223 1232 5281 ‘Mt

858 5289 1232 5343 ’ABaraalov.

315 5367 341 5459 ἐ
382 5405 631 5477 Νικητὴς
652 5404 1038 5464 Κωνοτάντιος
1066 5403 1337 5469 Μέγιστος
1378 5397 1652 5458 Σεϐαστὸς
1701 5400 1820 5451 ἐπι-

638 5218 1063 5292 [iuraras-ttat;
1112 5215 1622 5292 ’μεξανδρεῦσιν
1664 5213 1819 5292 ὑπὲρ

2481 5095 2705 5152 CAPUT
2756 5095 2922 5151 XXV.

2040 5207 2283 5281 Epistola
2326 5206 2630 5264 Constantii
2696 5209 2766 5262 ad
2819 5209 3206 5263 Alexandrinos
3273 5223 3368 5275 pro

2550 5282 2861 5334 Athanasio.

1991 5395 2225 5450 tVictor
2274 5394 2668 5450 Constantinus
2721 5395 2985 5450 Maximus
3040 5396 3317 5462 Augustus
3371 5391 3490 5461 epi-

239 5501 480 5561 σκόποις
497 5501 587 5551 καὶ
609 5497 1008 5567 πρεσϐυτέροις
1024 5497 1125 5564 τῆς
1150 5493 1446 5561 καθολικῆς
1483 5489 1795 5558 Ἑκκλησία‹

1922 5488 2106 5556 scopis
2167 5496 2226 5541 et
2260 5488 2598 5559 presbyteris
2628 5487 2909 5541 catholicae
2944 5486 3200 5540 Ecclesia:
3252 5485 3492 5540 Alexan-

248 5590 691 5661 ’Δλεξανδρεὶας.
741 5588 862 5643 Οὐκ
890 5586 1195 5655 ἀπελείφθη
1226 5585 1325 5655 τῆς
1356 5581 1449 5635 τοῦ
1492 5581 1629 5634 Θεοῦ
1660 5582 1820 5651 χάρι-

237 5701 334 5749 τος
388 5686 421 5736 ὁ
458 5683 877 5756 αἰδισιμώτατος
914 5679 1069 5747 ὑμῶν
1121 5679 1423 5740 ἐπίσκοπος
1461 5674 1776 5738 ’Λθανάσιος
1800 5689 1814 5704 ο

1924 5578 2121 5634 drinaa.
2173 5577 2294 5632 Non
2330 5578 2630 5634 destitutus
2662 5587 2747 5631 est
2774 5576 2959 5629 divina
3013 5574 3354 5644 benignitate
3402 5589 3493 5630 re-

1923 5670 2355 5727 verendissimus
2414 5671 2701 5740 episcopus
2730 5679 2909 5724 vester
2961 5660 3333 5725 Athanasius:
3391 5665 3491 5726 sed
