3988 6190
443 223 543 286 323

1608 208 2028 275 NiCEPHORl
2071 208 2414 270 CALLISTI

3581 204 3695 272 321

444 335 692 407 quamvis
730 332 797 388 ad
852 333 1018 388 breve
1048 338 1262 398 tempus
1312 327 1567 381 humana:
1616 304 1864 394 objc'ctus
1918 332 2037 379 est.

2148 322 2224 376 λλ’
2256 323 2305 374 εί
2335 337 2431 374 και
2463 318 2658 389 βραχεῖ
2681 318 2858 389 χρόνῳ
2903 317 2967 387 τῇ
3001 317 3120 369 κατ’
3175 310 3495 386 ἀνθρώπους
3542 316 3699 368 δοκι-

446 427 835 497 explorationi,
896 436 1075 478 tamen
1113 420 1356 474 debitum
1426 416 1496 469 ab
1549 431 1608 469 ea
1663 430 1785 485 quae
1829 414 2011 467 omnia

448 520 675 588 respicit
735 511 1100 597 Providentia.
1149 509 1274 562 tulit
1339 506 1635 565 calculum,
1732 504 2014 557 voluntate

450 611 542 665 Dei
586 611 663 678 (ί)
695 619 752 661 et
776 604 982 676 judicio
1011 595 1202 655 nostro
1233 600 1408 668 patria
1445 598 1606 653 simul
1642 604 1699 650 et
1733 595 1967 651 ecclesia
1996 633 2011 656 ,

453 704 612 771 cujus
652 698 976 766 praefectura
1005 694 1192 746 divino
1221 693 1271 746 ei
1308 699 1446 745 nutu
1482 689 1735 755 contigit,
1767 695 2012 755 recepta.

452 794 621 859 Quem
643 803 858 856 aequum
883 788 1007 847 fuit,
1046 794 1107 838 ut
1136 784 1405 839 sententia
1433 793 1802 837 consentanea
1828 787 2017 833 nastra

455 896 674 952 quoque
710 879 1025 932 imitaretur
1078 873 1446 929 mansuetudo
1473 890 1487 926 :
1524 873 1780 927 videlicet
1811 880 1869 924 nt
1900 886 2021 923 om-

455 976 542 1028 nia
576 988 698 1042 qua:
725 972 962 1025 antehac
991 978 1181 1023 contra
1211 983 1306 1021 eos
1329 966 1423 1035 qui
1457 980 1582 1019 cum
1622 965 1740 1030 ipso
1766 977 2017 1015 commu-

454 1069 622 1119 nione
678 1065 760 1117 usi
795 1072 997 1123 essent,
1062 1062 1278 1114 decreta
1326 1068 1474 1123 sunt,
1528 1070 1677 1110 nunc
1745 1056 2023 1109 oblivione

459 1159 874 1220 oblitterentur,
936 1155 1290 1223 suspicioque
1340 1151 1606 1205 adversus
1657 1164 1782 1203 eum
1845 1148 2025 1202 omnis

460 1253 723 1318 deinceps
757 1249 1089 1303 intercidat:
1123 1256 1177 1300 et
1225 1244 1559 1309 immunitas,
1594 1258 1755 1310 quam
1818 1241 2024 1296 dudum

458 1346 708 1413 quicum
760 1357 826 1396 eo
852 1341 1004 1395 fuere
1034 1339 1221 1393 clerici
1277 1337 1540 1401 habuere,
1597 1350 1696 1404 pro
1748 1350 1815 1389 eo
1864 1341 2027 1402 atque

462 1437 642 1497 decet,
673 1433 869 1487 litteris
901 1432 1050 1485 hisce
1075 1430 1455 1484 conﬁrmetur.
1488 1427 1630 1494 Quin
1658 1437 1714 1480 et
1747 1425 1881 1477 illud
1928 1439 2029 1477 no-

466 1537 594 1582 stra:
653 1539 779 1592 erga
840 1538 964 1576 eum
1030 1520 1356 1591 benignitati
1411 1520 1619 1575 merito.
1666 1516 2028 1581 adiiciendum

2122 413 2294 483 μασίᾳ
2322 410 2625 481 ὐπεὸλήθη,
2665 410 2815 478 ὅμως
2861 406 2963 478 τὴν
3002 405 3367 475 ὀφειλομένην
3410 408 3564 474 παρὰ
3591 407 3702 474 τῆς

2120 503 2462 572 παντεφόρου
2496 500 2759 570 Προνοίας
2791 499 3146 568 ἀπηνέγκατο
3165 496 3369 567 ψῆφον,
3398 496 3701 548 ἀπολαϐὼν

2119 595 2374 664 βουλήσει
2429 591 2523 645 τοῦ
2587 593 2897 661 κρείττονος
2926 590 3021 642 καὶ
3072 589 3256 660 κρίσει
3310 588 3559 657 ἡμετέρᾳ
3591 590 3701 654 τὴν

2121 684 2358 752 πατρίδα
2387 681 2522 750 ὁμοῦ
2556 683 2650 734 καὶ
2682 681 2781 749 τὴν
2813 679 3164 750 Ἐκκλησίαν,
3208 674 3275 750 ἦς
3304 678 3436 745 θείῳ
3460 678 3702 743 νεύματι

2125 775 2439 845 προστάτης
2472 773 2761 842 ἐτύγχανε.
2794 770 2982 837 Τούτῳ
3004 770 3073 823 τά
3105 770 3379 822 ἀκόλουθα
3411 769 3520 821 ἔδει
3543 771 3703 836 παρα

2122 867 2221 934 τῆς
2251 867 2526 934 ἡμετέρας
2566 864 2810 933 ὑπάρξαι
2862 863 3199 931 πραότητος·
3237 860 3380 913 ὥστε
3416 860 3598 913 πάντα
3631 861 3708 912 τὰ

2128 954 2238 1022 πρὸ
2264 952 2455 1028 τούτου
2489 951 2632 1005 κατᾶ
2668 952 2778 1003 τῶν
2829 948 2978 1017 αὐτῷ
3022 948 3505 1017 κεκοινωνηκότων
3568 947 3708 1016 ὠρι-

2129 1045 2301 1115 σμένα
2339 1043 2433 1096 νῦν
2462 1043 2737 1113 ἀμνηστίᾳ
2754 1039 3230 1109 παραδοθήσεσθαι
3248 1056 3262 1072 ·
3286 1039 3467 1093 πᾶσάν
3486 1056 3544 1092 τε
3571 1039 3708 1093 ὐπο-

2126 1137 2259 1206 ψίαν
2289 1134 2547 1205 τὴφκατ*
2600 1133 2765 1186 αὐτοῦ
2824 1132 3086 1201 σχολάσαι
3139 1132 3232 1185 τοῦ
3264 1131 3483 1185 λοιποῦο
3510 1136 3612 1200 τήν
3638 1150 3705 1185 τε

2130 1226 2381 1280 ἀτέλειαν
2426 1222 2495 1297 ἧς
2525 1225 2723 1295 ἔτυχον
2768 1224 2938 1277 πάλαι
2995 1224 3047 1277 οἱ
3092 1224 3209 1293 ἅμα
3247 1224 3396 1291 αὐτῷ
3446 1224 3709 1293 κληρικοὶ

2132 1317 2343 1379 τούτοις
2374 1315 2743 1386 βεϐαιωθῆναι
2776 1314 3187 1385 προσηκόντως.
3228 1315 3392 1368 ’Δλλά
3450 1316 3558 1384 μὴν
3604 1318 3707 1367 καὶ

2130 1409 2290 1464 τοῦτο
2322 1412 2390 1478 τῇ
2417 1411 2494 1470 είς
2535 1408 2699 1461 αὐτὸν
2727 1408 2913 1477 χάριτι
2953 1405 3324 1477 προστεθῆναι
3377 1406 3711 1459 ἑδικαιώσα-

2139 1513 2239 1565 μεν
2264 1511 2279 1526 ο
2309 1493 2449 1547 ὥστε
2495 1495 2702 1557 πάντας
2752 1496 2876 1556 τοὺς
2911 1494 3007 1547 τοῦ
3064 1494 3213 1582 ἱεροῦ
3262 1494 3567 1560 καταλόγου
3614 1511 3709 1561 γι-

462 1635 585 1674 esse
609 1616 1001 1686 jndicavimus,
1032 1623 1092 1667 ut
1119 1612 1390 1675 universi,
1431 1613 1527 1680 qui
1552 1611 1605 1664 in
1645 1608 1782 1664 sacri
1818 1606 2033 1661 ordinis

2148 1588 2406 1647 νώσκειν.
2464 1587 2768 1649 ένδεδότθαι
2809 1587 2877 1639 -τὸ
2928 1588 3132 1656 ἀφοὸον
3185 1589 3321 1640 πᾶσι
3377 1589 3492 1648 τοῖς
3547 1587 3709 1654 αὐτῷ

459 1711 583 1764 albo
604 1715 753 1771 sunt,
786 1712 1121 1775 cognoscant
1150 1701 1500 1757 securitatem
1562 1700 1846 1753 adauctam
1898 1711 2021 1751 esse

459 1799 740 1863 omnibus,
773 1801 865 1869 qui
902 1799 952 1852 ei
1012 1798 1167 1851 fuere
1206 1795 1510 1865 conjuncti.
1561 1793 1834 1862 episcopis
1862 1788 2022 1844 simul

460 1904 516 1949 et
542 1892 779 1947 clericis.
815 1890 1040 1945 Certum
1081 1903 1213 1942 vero
1243 1886 1675 1957 uniuscujusque
1707 1893 1871 1938 recta:
1896 1897 2021 1935 scn-

463 1987 648 2041 teutia‘.
694 1984 958 2038 indicium
991 1981 1116 2046 erit,
1143 1981 1188 2035 si
1219 1994 1342 2033 cum
1394 1979 1500 2032 hoc
1555 1978 1740 2030 unilus
1797 1975 2029 2044 conjun-

469 2090 707 2147 etusque
748 2076 936 2130 fuerit.
970 2074 1297 2142 Quicunque
1329 2071 1471 2125 enim
1497 2070 1706 2125 meliori
1733 2068 1942 2139 judicio
1975 2075 2029 2118 ct

466 2168 717 2241 opinioni
746 2167 953 2221 addicti
1001 2165 1443 2219 communionem
1484 2162 1657 2230 ipsius
1692 2158 2027 2227 sequendam

467 2265 573 2320 sibi
605 2261 926 2331 delegerint,
959 2275 1056 2315 eos
1093 2274 1283 2313 omnes
1314 2258 1379 2312 ad
1417 2255 1860 2318 similitudinem,
1908 2268 2029 2320 quae

469 2366 573 2406 nos
608 2348 903 2419 praevenit,
924 2347 1306 2417 providentia,
1341 2347 1442 2400 hac
1469 2354 1677 2407 nostra,
1703 2344 1800 2397 Dei
1835 2342 2029 2395 volun-

471 2450 582 2495 tate
608 2439 853 2494 exhibita
886 2438 1059 2507 gratia
1089 2445 1142 2488 et
1192 2434 1532 2503 benignitate
1593 2432 1803 2502 perfrui
1860 2430 2027 2499 jussi-

466 2546 611 2586 mus.
635 2528 822 2585 Victor
854 2524 1250 2580 Constantinus
1275 2522 1543 2576 Maximus
1604 2518 1807 2590 popqu
1839 2516 2031 2571 catho-

469 2625 591 2678 lica:
628 2620 886 2676 Ecclesiae
918 2616 1324 2672 Alexandrinae.
1355 2612 1531 2679 Quum
1557 2613 1612 2665 in
1654 2612 1820 2665 rebus
1855 2607 2032 2662 omni-

468 2719 574 2773 bus
596 2714 883 2785 proposita
918 2711 1080 2765 nobis
1121 2711 1191 2762 sit
1218 2715 1420 2766 vestra,
1459 2719 1580 2773 qua:
1621 2717 1686 2755 ex
1716 2712 1863 2754 recta
1892 2698 2033 2769 juris

470 2810 766 2879 legumque
794 2802 1197 2858 constitutione
1229 2797 1500 2867 provenit,
1542 2793 1772 2847 felicitas
1797 2832 1811 2855 ,
1836 2801 1891 2844 et
1922 2805 2033 2843 non

474 2902 814 2969 ignoremus,
849 2896 983 2950 satis
1012 2893 1104 2947 diu
1165 2888 1407 2958 episcopi
1440 2902 1539 2940 vos
1561 2882 1803 2940 caruisse
1854 2883 2037 2953 provi-

476 3082 696 3137 insitam
734 3079 837 3132 sibi
869 3075 994 3131 ﬁdei
1027 3074 1399 3128 sinceritatem
1440 3083 1766 3137 morumque
1800 3067 2038 3119 nativam

479 3170 811 3241 probitatem
829 3163 1152 3221 hominibus
1184 3161 1439 3215 omnibus
1470 3166 1798 3227 spectatum,
1823 3171 2039 3222 tequum

478 3277 602 3316 esse
634 3260 911 3322 duximus,
940 3265 997 3310 ut
1020 3255 1086 3310 ad
1106 3268 1205 3307 vos
1249 3254 1678 3306 remitteremus.
1717 3247 1879 3318 739
1906 3248 2041 3300 Eum

482 3355 559 3409 ita
591 3363 652 3407 ut
685 3349 1033 3406 consuetudo
1065 3348 1173 3402 fert
1204 3360 1260 3401 et
1286 3344 1465 3407 decet,
1495 3341 1882 3411 suscipientes,
1922 3355 2047 3408 pre-

483 3459 724 3514 cnmque
740 3443 805 3497 ad
839 3442 1009 3496 Deum
1031 3424 1339 3495 vestrarum
1372 3436 1676 3507 adjutorem
1706 3433 2049 3489 constituen-

484 3547 588 3600 tes,
624 3551 747 3605 quae
785 3544 839 3589 et
871 3534 1026 3588 vobis
1050 3531 1334 3601 congruit,
1387 3537 1443 3583 et
1470 3527 1628 3582 nobis
1685 3534 1908 3593 accepta
1944 3534 2046 3589 est,

488 3626 842 3681 concordiam
877 3632 934 3679 et
970 3638 1185 3694 pacem,
1209 3623 1363 3692 juxta
1402 3618 1663 3674 Ecclesia:
1687 3617 2045 3674 sanctionem.

486 3720 702 3789 prolixe
734 3731 956 3771 servare
1021 3714 1259 3768 studete.
1322 3711 1545 3767 Minime
1603 3711 1748 3764 enim
1800 3708 2047 3764 omnium

487 3809 766 3871 convenit,
792 3806 1121 3861 discordiam
1152 3804 1391 3871 aliquam
1423 3808 1518 3855 aut
1549 3800 1876 3855 seditionem
1906 3798 2050 3851 inter

487 3917 589 3956 vos
617 3900 908 3963 concitari,
937 3898 992 3951 in
1026 3899 1133 3952 ista
1183 3907 1493 3964 temporum
1536 3901 1849 3946 nostrorum
1908 3898 2055 3942 tran-

486 3992 782 4063 quillitate.
838 3990 1016 4059 Atque
1072 4003 1192 4041 eam
1243 3986 1465 4057 quidem
1540 3981 2051 4038 incommoditatem

492 4086 689 4139 abesse
726 4099 755 4137 a
793 4083 951 4136 vobis
982 4081 1212 4136 omnino
1246 4080 1521 4132 volumus.
1556 4076 1614 4130 ln
1644 4073 2056 4145 precationibus

486 4191 646 4240 vero,
678 4183 741 4228 ut
774 4190 841 4228 eo
862 4189 1027 4244 quem
1059 4173 1300 4227 diximus
1329 4182 1553 4233 auctore
1594 4177 1651 4222 et
1676 4167 1934 4237 adjutore
1964 4182 2054 4219 se-

490 4267 625 4319 dulo
654 4274 893 4329 utentes,
919 4264 1120 4317 divinis
1144 4263 1311 4317 rebus
1339 4276 1492 4315 more
1520 4268 1741 4328 recepto
1766 4257 2053 4320 iusistatis,

2142 1679 2662 1752 προστεθειμένοις,
2718 1678 2828 1731 εἴτε
2879 1679 3201 1741 ἐπισκόποις
3241 1678 3353 1732 εἴτε
3398 1681 3706 1749 κληρικοίς.

2148 1771 2355 1826 Ἱκανὸν
2378 1772 2433 1824 δὲ
2459 1772 2745 1842 γνώρισμα
2767 1773 2863 1840 τῆς
2886 1772 3116 1824 ἑκάστου
3139 1771 3308 1841 ὀρθῆς
3331 1772 3711 1843 προαιρέσεως

2140 1864 2296 1918 ἕσται
2316 1865 2350 1935 ὴ
2377 1865 2512 1934 πρὸς
2545 1865 2736 1917 τοῦτον
2759 1864 3139 1925 ἓνωσις.”οσοι
3163 1864 3271 1933 γὰρ
3288 1865 3354 1917 ἂν
3371 1865 3468 1933 τῆς
3490 1865 3714 1917 καλλίο-

2145 1974 2236 2018 νος
2255 1954 2390 2022 ὁμοῦ
2419 1953 2651 2025 κρίσεώς
2674 1972 2734 2007 τε
2757 1956 2847 2007 καὶ
2872 1955 3064 2024 μοίρας
3083 1955 3367 2023 γενόμενοι
3391 1956 3491 2024 τὴν
3514 1956 3710 2008 τούτου

2140 2046 2370 2100 ἕλωνται
2396 2046 2698 2108 κοινωνίαν,
2716 2045 2937 2107 τούτους
2960 2045 3164 2108 πάντας
3187 2046 3555 2114 ἐκελεύσαμεν
3582 2046 3711 2099 καθ’

2144 2138 2443 2209 ὁμοιότητα
2474 2139 2574 2207 τῆς
2609 2137 2895 2207 φθασὰσης
2928 2138 3209 2209 προνοίας.
3235 2140 3330 2193 καὶ
3359 2140 3459 2208 τῆς
3492 2138 3588 2191 νῦν
3617 2139 3712 2205 ὑφ’

2145 2230 2304 2299 ἡμῶν
2323 2229 2574 2299 βουλήσει
2593 2229 2685 2282 τοῦ
2703 2230 3011 2301 κρείττονος
3030 2231 3473 2301 παρασχεθείσης
3487 2231 3716 2301 χάριτος

2145 2321 2458 2374 ἀπολαύειν.
2472 2320 2528 2377 ,Ν
2536 2321 2726 2391 ικητὴς
2750 2322 3126 2384 Κωνστάντιος
3146 2323 3416 2390 Μέγιστος
3437 2323 3713 2385 Σεὸαστὸς

2145 2412 2221 2480 τῷ
2244 2410 2362 2482 λαῷ
2399 2412 2495 2482 τῆς
2532 2411 2656 2464 κατ’
2690 2411 3102 2483 Ἀλεξάνδρειαν
3138 2414 3437 2484 καθολικῆς
3474 2414 3714 2482 Ἐκκλη-

2148 2503 2290 2565 σίας.
2320 2504 2529 2557 Σκοπὸν
2578 2504 2888 2573 ποιούμενοι
2927 2506 3027 2574 τὴν
3078 2505 3352 2575 ὑμετέραν
3406 2505 3465 2557 έν
3500 2506 3716 2559 ἅπασιν

2147 2596 2427 2665 εὐνομίαν,
2460 2595 2659 2658 εἰδότες
2694 2611 2754 2647 τε
2801 2594 2877 2659 ὡς
2922 2596 3015 2649 ἐπὶ
3064 2598 3199 2650 πολύ
3234 2597 3331 2663 τῆς
3360 2597 3457 2650 τοῦ
3490 2600 3717 2649 ἐπισκοο

2156 2687 2379 2750 ποῦντος
2427 2688 2683 2757 προνοίας
2734 2688 3050 2758 ὲστέρησθε,
3094 2688 3410 2744 Ἀθανάσιον
3467 2689 3557 2743 τὸν
3589 2689 3717 2742 ἐπί-

2151 2795 2374 2844 σκοπον,
2402 2778 2569 2849 ἄνδρα
2594 2779 2708 2842 τοῖς
2730 2779 2865 2831 πᾶσι
2889 2780 2983 2833 διά
3012 2796 3071 2831 τε
3102 2778 3199 2846 τὴν
3217 2778 3527 2850 προσοῦσαν
3557 2781 3711 2851 ὁρθόο

2149 2888 2289 2941 τητα
2312 2871 2407 2923 καὶ
2430 2871 2519 2922 διὰ
2547 2872 2648 2941 τὴν
2675 2870 2881 2924 οἰκείαν
2908 2872 3200 2943 εὐτροπίαν
3222 2873 3523 2942 γνώριμον,
3553 2874 3719 2926 πάλιν

378 3045 385 3052 .
474 2962 703 3046 ἀνοηιίαε
767 2985 1127 3042 Athanasium
1180 2980 1505 3043 antistitem,
1583 2977 1763 3030 virum
1823 2984 2037 3044 propter.

2155 2962 2289 3029 πρὸς
2325 2962 2469 3030 ὑμᾶς
2520 2962 2841 3015 ἀποστεῖλαι
2872 2962 3293 3033 έδικαιώσαμεν.
3318 2963 3523 3017 Τοῦτον
3554 2968 3722 3034 συνήο

2150 3052 2259 3115 θως
2296 3054 2393 3106 καὶ
2416 3052 2807 3122 προσηκόντως
2840 3052 3252 3122 ὑποδεξάμενοι,
3297 3056 3391 3108 καὶ
3422 3058 3544 3118 ταῖς
3582 3059 3722 3125 πρὶς

2150 3144 2248 3197 τὸν
2274 3143 2415 3197 Θεὸν
2439 3145 2624 3213 εὐχαῖς
2659 3144 2854 3215 βοηθὸν
2884 3147 3355 3216 προστησάμενοι,
3378 3147 3476 3217 τὴν
3501 3148 3631 3217 ὑμῖν
3663 3166 3724 3200 τε

2152 3236 2466 3303 πρέπουσαν
2515 3236 2608 3288 καὶ
2656 3237 2788 3306 ἡμῖν
2818 3237 3046 3307 ἀρετὴν,
3077 3240 3331 3305 ὁμόνοιαν
3363 3242 3458 3291 καὶ
3493 3240 3725 3309 εἰρήνην

2151 3327 2297 3380 κατά
2324 3328 2418 3379 τὸν
2450 3326 2550 3395 τῆς
2584 3327 2921 3396 Ἐκκλησίας
2956 3327 3158 3398 θεσμὸν
3192 3329 3393 3400 διαρκῆ
3429 3331 3727 3398 φυλάττειν

2155 3420 2495 3474 σπουδάσατε
2517 3438 2530 3453 ·
2556 3419 2678 3473 οὐδὲ
2710 3421 2818 3491 γὰρ
2864 3420 3089 3489 εὔλογόν
3136 3423 3257 3474 ἐστι
3303 3422 3572 3492 διχόνοιάν
3605 3441 3727 3477 τινα

2151 3513 2186 3583 ἢ
2219 3513 2408 3567 στάσιν
2442 3514 2499 3565 έν
2550 3513 2678 3581 ὐμῖν
2712 3514 3025 3583 κινηθῆναι,
3088 3514 3421 3568 ὑπεναντίαν
3470 3516 3581 3587 τῆς
3612 3518 3728 3568 τῶν

2153 3607 2439 3677 ἡμετέρων
2466 3606 2676 3676 καιρῶν
2707 3606 3019 3674 εὐμοιρίας.
3046 3607 3155 3659 Καὶ
3188 3606 3349 3661 τοῦτο
3380 3607 3479 3677 μὲν
3506 3610 3727 3662 ἀπεῖνῖι

2154 3699 2248 3767 ἀφ’
2283 3700 2313 3751 ὐ
2323 3698 2438 3767 μῶν
2468 3697 2749 3760 παντελῶς
2770 3697 3079 3767 βουλόμεθα
3102 3713 3117 3729 ·
3145 3699 3208 3751 τὸ
3227 3700 3283 3753 δέ
3304 3715 3368 3766 γε
3394 3703 3513 3762 ταῖς
3534 3701 3730 3770 εὐχαῖς

2156 3790 2302 3860 ὑμᾶς
2342 3789 2579 3861 διαρκῶς
2621 3789 2789 3861 αὐτῷ,
2819 3789 2893 3854 ώς
2933 3790 3282 3863 προείρηται,
3319 3793 3600 3863 προστάτῃ
3630 3797 3728 3845 καὶ

2157 3881 2436 3952 έπικούρῳ
2458 3882 2801 3952 χρωμένους,
2817 3881 2952 3951 πρὸς
2971 3882 3032 3934 τὸ
3047 3881 3190 3936 θεῖον
3206 3882 3410 3953 έμμένε
3419 3901 3465 3937 ιν
3482 3885 3729 3955 συνήθως

2162 3972 2550 4044 παραινοῦμεν
2572 3989 2587 4006 ο
2618 3973 2693 4036 ὡς
2726 3973 2794 4026 ἂν
2817 3974 2916 4043 τῆς
2946 3966 3203 4043 τοιαύτης
3230 3974 3385 4044 ὐμῶν
3417 3976 3730 4047 προθέσεως

2159 4069 2239 4129 είς
2272 4068 2372 4130 τὰς
2428 4067 2684 4121 ἁπάντων
2723 4066 2884 4137 εὐχάς
2918 4067 3330 4139 διαϐαινούσης,
3370 4072 3469 4123 καὶ
3512 4072 3577 4123 lx
3617 4072 3731 4124 τῶν

2161 4159 2333 4213 ἐθνῶν
2359 4159 2409 4211 οι
2448 4161 2515 4230 τῇ
2540 4159 2652 4212 τῶν
2700 4159 2935 4213 εἰδώλων
2987 4160 3165 4233 πλάνῃ
3197 4161 3277 4214 ἔτι
3304 4163 3402 4216 καὶ
3434 4163 3529 4217 νῦν
3558 4181 3732 4233 προσ-

2164 4252 2489 4321 ανέχοντες,
2526 4251 2620 4303 ἐπὶ
2665 4250 2765 4321 τὴν
2819 4251 2915 4321 τῆς
2972 4252 3124 4321 ἱερᾶς
3178 4253 3369 4317 θυσίας
3431 4256 3734 4324 ὲπίγνωτιν

489 4373 591 4411 vos
643 4355 1048 4409 admonemus:
1115 4364 1176 4407 ut
1217 4353 1312 4407 tali
1383 4352 1693 4405 animorum
1736 4358 2034 4404 vestrorun

2164 4341 2468 4406 σπεύδοιεν,
2516 4340 2888 4410 ’Δλεξανδρεῖς
2913 4341 3395 4412 προσφιλέστατοι.
3436 4322 3548 4398 Καί
3577 4342 3736 4410 αὖθις

491 4449 775 4518 proposito
798 4447 864 4500 ad
895 4446 1279 4500 universorum
1334 4455 1464 4499 vota
1497 4449 1816 4496 transeunte
1843 4457 1908 4495 ex
1932 4458 2037 4512 gen

2159 4434 2253 4488 οὐν
2305 4431 2681 4503 παραινοῦμεν
2712 4436 2824 4495 τοῖς
2858 4436 3277 4504 προειρημένοις
3319 4438 3604 4506 ἐμμένειν.
3631 4439 3736 4489 Tim

492 4539 642 4592 tibus
674 4539 842 4591 etiam
878 4536 970 4607 qui
1006 4536 1188 4590 adhuc
1233 4535 1501 4589 idolorum
1559 4533 1737 4586 errori
1797 4542 1926 4586 sunt
1963 4532 2062 4584 im-

490 4630 706 4700 plicati,
741 4630 807 4684 ad
859 4628 1193 4683 sacrosancti
1230 4625 1485 4683 sacriﬁcii
1525 4627 1898 4696 cognitionem
1937 4639 2061 4693 per-

493 4722 705 4786 venire,
740 4721 1095 4776 Alexandrini
1128 4720 1466 4783 charissitni,
1527 4726 1825 4773 maturent.
1879 4715 2059 4782 Quare

493 4831 591 4869 vos
635 4816 836 4869 iterum
886 4814 1264 4879 admonemus,
1295 4823 1351 4868 ut
1403 4814 1456 4865 in
1522 4812 1589 4865 iis
1639 4826 1761 4879 quae
1822 4809 2059 4861 diximus

493 4906 822 4974 persistatis.
859 4905 1173 4974 episcopum
1207 4920 1337 4957 vero
1364 4942 1378 4967 ,
1417 4902 1509 4957 Dei
1569 4903 1743 4971 ipsius
1801 4910 1938 4954 nutu
2002 4908 2058 4951 et

494 4997 766 5051 sententia
803 5007 990 5051 nostra
1017 4996 1083 5049 ad
1105 5010 1205 5049 vos
1242 4995 1492 5052 missum.
1537 4994 1788 5045 libenter
1825 4988 2057 5058 recipia-

495 5095 586 5148 tis,
640 5099 805 5155 atque
839 5103 965 5141 eum
1006 5102 1071 5141 ex
1131 5087 1313 5141 animo
1365 5084 1840 5155 complectentium
1903 5081 2059 5135 vobis

396 5193 403 5212 ι
494 5194 618 5233 esse
645 5178 999 5233 existimetis.
1033 5178 1090 5232 id
1119 5178 1266 5247 quod
1299 5185 1358 5231 et
1377 5192 1475 5230 vos
1504 5176 1684 5238 decet.
1710 5182 1767 5227 et
1796 5189 2059 5227 mansue-

500 5272 677 5325 tudini
712 5278 916 5324 nostra:
943 5270 1305 5325 c0nvenit.Ut
1334 5270 1480 5322 enim
1518 5271 1787 5322 tumultus
1819 5275 1875 5319 et
1913 5265 2062 5318 sedi—

498 5361 666 5415 tionis
698 5362 1039 5415 occasionem
1067 5374 1284 5412 onmem
1316 5372 1507 5411 eorum
1563 5359 1654 5424 qui
1687 5356 1937 5409 consulto
1967 5354 2062 5409 de-

500 5451 704 5506 teriora
734 5460 912 5521 empta
941 5460 1349 5515 consectantur,
1380 5447 1826 5517 praecideremus,
1846 5446 2051 5517 judici-

574 5631 648 5697 ιι)
675 5629 875 5685 Christi
913 5632 1096 5698 gratia.
1135 5630 1287 5684 Socr.

2159 4525 2215 4578 δὲ
2239 4526 2539 4578 ἐπίσκοπον
2567 4524 2733 4595 ψήφῳ
2765 4525 2860 4576 τοῦ
2905 4525 3217 4593 κρείττονος
3249 4528 3343 4580 καὶ
3388 4531 3454 4598 τῇ
3488 4528 3736 4600 ἡμετέρᾳ

2160 4616 2357 4688 γνώμῃ
2402 4615 2838 4685 ἀπεσταλμένον,
2895 4616 3067 4686 ἡδέως
3117 4614 3378 4682 δέξασθε·
3433 4624 3529 4672 καὶ
3581 4624 3737 4692 πάσῃ

2160 4705 2366 4775 ψυχικῇ
2392 4704 2586 4777 γνώμῃ
2621 4706 2904 4759 ἀσπαστὸν
2954 4708 3255 4778 ἡγήσασθε.
3294 4710 3469 4764 Τοῦτο
3500 4715 3610 4780 γὰρ
3642 4719 3735 4767 καὶ

2168 4799 2296 4867 ὑμῖν
2338 4799 2561 4869 πρέπει,
2603 4801 2699 4852 καὶ
2737 4802 2801 4869 τῇ
2855 4801 3103 4872 ἡμετέρᾳ
3137 4803 3405 4874 πραότητι
3437 4807 3739 4875 προσήκειν

2170 4893 2532 4962 συνέστηκεν.
2574 4891 2745 4962 ’Υπὲρ
2797 4894 2906 4964 γὰρ
2951 4894 3046 4947 τοῦ
3098 4896 3282 4950 πᾶσαν
3315 4898 3590 4967 ἀνασοῦὴν
3643 4903 3742 4952 καὶ

2171 4983 2415 5047 στάσεως
2449 4984 2725 5055 πρόφασιν
2781 4985 3207 5057 περιαιρεθῆναι
3262 4987 3377 5042 τῶν
3409 4988 3740 5060 έθελοκακέα

2169 5078 2470 5147 χρωμένων
2505 5079 2616 5141 τοῖς
2643 5076 2773 5147 παρ’
2810 5079 2939 5147 ὑμῖν
2962 5079 3244 5143 δικασταῖς
3264 5080 3354 5134 διὰ
3390 5084 3742 5152 γραμμάτων

2171 5172 2612 5242 προσετάξαμεν,
2643 5171 2890 5235 ἅπαντας
2916 5170 3009 5236 οὒς
3044 5172 3111 5226 ἂν
3142 5172 3463 5237 στασιώδεις
3485 5178 3741 5244 καταμάο

2170 5265 2335 5330 θοιεν,
2360 5267 2425 5333 τῇ
2454 5265 2563 5316 τῶν
2587 5264 2769 5333 νόμων
2791 5263 3120 5317 ὑποϐάλλειν
3150 5265 3386 5338 ἐκδικίᾳ.
3428 5266 3739 5337 ’Δμφότερηι

2171 5355 2352 5407 τοίνυν
2410 5355 2767 5423 συνορῶντες,
2833 5357 2929 5409 καὶ
2980 5357 3081 5425 τὴν
3146 5359 3426 5429 ἡμετέραν
3463 5362 3605 5429 μετά
3645 5359 3743 5410 cci:

2176 5448 2488 5518 κρείττονος
2528 5448 2779 5521 γνώμην,
2813 5453 2908 5505 καὶ
2957 5452 3048 5504 τδν
3092 5453 3232 5525 ὑπὲρ
3286 5452 3442 5523 ὐμῶν
3498 5455 3598 5507 καὶ
3643 5452 3742 5521 τῆς
