3988 6190
248 255 343 318 325

1143 255 1754 316 FCCIESHSTICAZ
1803 251 2192 314 HISTORIA!
2231 250 2382 313 LIB.
2425 252 2529 311 IX.

3359 251 3461 316 326

244 363 474 435 ὁμονοίας
497 362 654 431 λόγον
684 363 777 416 καὶ
800 364 899 433 τὴν
917 364 1058 417 κατὰ
1090 365 1195 417 τῶν
1213 368 1463 420 ἀτάκτων
1488 369 1784 439 τιμωρίαν,

1905 381 1997 420 bus
2023 366 2114 434 qui
2138 343 2281 436 apud
2308 380 2405 418 vos
2435 370 2584 425 sunt,
2609 360 2810 437 litteris
2834 360 3035 416 nostris
3062 361 3459 423 mandavimus,

242 464 298 510 τὰ
327 456 599 526 πρέποντα
663 455 758 508 καὶ
811 456 1122 527 ἁρμόζοντα
1164 459 1240 527 τῷ
1294 460 1394 528 τῆς
1451 462 1603 529 ἱερᾶς
1656 460 1791 528 θρη-

243 548 416 609 σκείας
446 547 630 617 θεσμῷ
652 547 1125 615 διαφυλάττοντες,
1145 551 1237 601 τὸν
1256 554 1659 621 προειρημένον
1700 552 1791 604 διὰ

241 639 405 703 πάσης
439 636 619 699 αἰδοῦς
671 639 763 691 καὶ
799 639 966 707 τιμῆς
1018 639 1265 707 ἄγοντες,
1322 642 1419 703 τὰς
1453 642 1621 710 εὐχὰς
1674 640 1791 709 ἅμα

240 728 367 793 ὑπέρ
395 744 451 779 τε
481 727 690 779 ἑαυτῶν
747 728 842 780 καὶ
874 730 976 797 τῆς
1014 729 1109 783 τοῦ
1147 730 1261 799 βίου
1295 733 1495 794 παντὸς
1535 733 1794 802 εὐνομίας

239 816 309 882 τῷ
329 816 430 867 τῶν
458 817 594 868 ὅλων
625 818 745 887 Θεῷ
781 819 824 871 ll
839 821 963 890 ατρὶ
988 823 1332 890 ἀναπέμπειν
1378 824 1733 886 σπουδάζετε.
1768 841 1786 874 t

241 906 333 960 Τὸν
358 907 462 989 ἴσον
492 907 547 959 δὲ
573 909 747 960 τύπον
778 911 870 962 καὶ
906 914 1018 973 τοῖς
1049 914 1106 964 ὲν
1135 914 1543 984 Αύγουστονίκῃ
1569 916 1663 967 καὶ⁸
1685 914 1795 984 Θη-

242 998 372 1049 6αῖδι
408 999 502 1049 καὶ
542 1000 717 1071 Λιϐύῃ
769 1003 1036 1071 ἡγεμόσιν
1092 1004 1378 1073 ἔγραφεν⁸
1450 1008 1508 1057 ὲν
1563 1001 1642 1068 οἷς
1697 1005 1795 1058 καὶ

240 1088 397 1140 ταῦτα
426 1089 690 1156 ἐφέρετοο
722 1109 741 1141 t
782 1093 848 1144 Εἴ
899 1094 952 1146 τί
989 1111 1121 1147 ποτε
1154 1096 1260 1165 πρὸ
1312 1095 1503 1148 τούτου
1540 1096 1631 1148 ἐπὶ
1667 1096 1794 1165 βλά-

240 1177 313 1228 6ει
364 1181 457 1230 καὶ
518 1177 673 1247 ὖσρει
727 1181 836 1233 τῶν
889 1186 1293 1255 κοινωνούντων
1337 1178 1655 1257 Ἀθανασίῳ’
1711 1186 1792 1255 τῷ

239 1266 510 1332 ὲπισκόπῳ
546 1268 787 1334 πραχθὲν
840 1270 1180 1339 εὑρίσκεται,
1209 1271 1370 1324 τοῦτο
1418 1274 1513 1325 νῦν
1562 1275 1794 1326 ἀπαλει-

240 1354 425 1423 φθῆναι
459 1356 783 1427 βουλόμεθα.
824 1362 931 1413 Καὶ
961 1362 1071 1431 γὰρ
1108 1363 1209 1433 τὴν
1240 1365 1703 1435 ἀλειτουργησίαν
1727 1367 1793 1437 ἣν

237 1448 279 1497 οἱ
321 1447 485 1499 αὐτοῦ
522 1448 780 1520 κληρικοὶ
830 1447 999 1520 εἶχον,
1035 1455 1134 1521 τὴν
1166 1455 1337 1524 αὐτὴν
1386 1456 1585 1517 αὐτοὺς
1630 1457 1795 1510 πάλιν

238 1535 452 1607 θέλομεν
497 1538 662 1609 ἔχειν.
696 1540 914 1610 Ταύτην
945 1541 1001 1595 δὲ
1036 1547 1134 1615 τὴν
1164 1547 1442 1615 ἡμετέραν
1489 1546 1795 1616 πρόσταξιν

235 1630 566 1700 φυλαχθῆναι
590 1625 914 1703 βουλόμεθα,
937 1633 1075 1689 ὥστε
1099 1637 1452 1703 ἀποδοθέντος
1470 1641 1789 1695 Ἀθανασίου

1900 468 2168 512 utomnes
2181 472 2319 525 quos
2342 456 2635 509 seditiosos
2661 469 2782 509 esse
2834 464 3254 522 cognoscerent,
3283 454 3461 522 legum

1899 547 2195 617 subjiciunt
2227 546 2503 600 vindictae.
2527 545 2718 614 Itaque
2757 561 2882 599 cum
2916 553 3217 612 utrumque
3257 546 3469 613 perspi-

1899 637 2262 700 ciatis,simul
2303 637 2513 690 scilicet
2547 646 2603 689 et
2642 637 2885 688 divinam
2942 649 3300 709 nostramque
3347 650 3468 686 sen-

1901 730 2150 791 tentiam,
2186 745 2373 783 curam
2407 729 2570 783 etiam
2606 743 2768 797 quam
2803 729 2871 809 de
2927 728 3087 780 vobis
3138 740 3303 794 atque
3337 741 3469 779 eon-

1870 822 2085 878 veordia
2110 833 2288 875 vestra
2321 822 2584 890 gerimus,
2628 831 2684 875 et
2713 821 3009 890 legitimam
3039 820 3306 873 adversus
3359 820 3467 871 im-

1901 915 2104 983 probos
2141 930 2380 984 pugnam,
2409 928 2471 967 ea
2508 928 2626 984 quae
2656 912 3129 976 saerm‘religionis
3166 910 3466 964 sanctioni-

1901 1006 2005 1060 bus
2034 1006 2392 1070 eoiiveuiunt,
2420 1008 2521 1060 rite
2551 1013 2857 1065 servantes,
2922 1013 2977 1056 et
3006 1018 3167 1072 quem
3226 1005 3466 1053 diximus

1906 1100 2231 1168 episcopum
2266 1102 2415 1153 omni
2442 1100 2653 1153 honore
2698 1110 2756 1154 et
2789 1100 3094 1153 reverentia
3131 1113 3468 1167 prosequi-n—

1903 1198 2005 1250 tes.
2032 1206 2223 1260 preces
2250 1206 2373 1245 cum
2404 1207 2503 1257 pro
2530 1190 2686 1246 vobis
2705 1193 2859 1260 ipsis,
2882 1202 2994 1245 tum
3030 1205 3128 1259 pro
3143 1190 3266 1243 vita-
3299 1190 3468 1241 totius

1900 1293 1955 1337 et
1987 1284 2301 1352 reipublicte
2330 1284 2714 1353 prosperitate,
2761 1284 2826 1336 ad
2858 1296 3039 1336 rerum
3078 1280 3459 1334 universarum

1905 1377 2070 1429 Deum
2101 1376 2311 1429 Patrem
2343 1375 2574 1429 fundere
2595 1374 2787 1428 sedulo
2810 1375 3049 1427 studt-te.
3080 1392 3096 1423 ι
3135 1373 3337 1425 Eodem
3372 1387 3469 1423 ex-

1900 1467 2080 1535 emplo
2112 1465 2384 1536 praefectis
2413 1468 2824 1534 Augustonicae,
2848 1467 3148 1521 Thebaidis
3200 1474 3253 1519 et
3289 1465 3471 1533 Libya:

1902 1558 2146 1627 scripsit,
2180 1559 2232 1610 in
2259 1558 2463 1626 quibus
2486 1568 2541 1612 et
2573 1559 2662 1611 illa
2693 1560 2883 1613 fuere:
2927 1577 2944 1608 t
2974 1558 3128 1624 Quod
3168 1559 3212 1612 si
3246 1564 3468 1626 quando

1905 1651 2139 1704 antehae
2168 1665 2293 1703 cum
2336 1651 2633 1721 ignominia
2669 1660 2721 1705 et
2760 1652 3095 1705 detrimento
3146 1667 3340 1704 eorum
3374 1651 3467 1718 qtti

234 1720 320 1775 τοῦ
376 1723 687 1776 ἐπισκόπου
735 1728 800 1794 τῇ
850 1727 1169 1799 Ἐκκλησία,
1204 1731 1331 1792 τοὺς
1381 1733 1783 1796 κοινωνοῦντας

1905 1757 2027 1795 eum
2055 1743 2355 1796 Athanasio
2377 1744 2635 1811 episeopo
2659 1741 3469 1809 communicatum.quidquam

236 1812 369 1883 αὐτῷ
395 1814 484 1882 ἔχε
497 1831 549 1865 ιν
575 1815 1027 1888 ἀλειτουργησίαν
1050 1821 1117 1890 ἢν
1149 1823 1235 1873 ἀεὶ
1282 1821 1438 1890 ἔσχον
1467 1839 1481 1854 ο
1517 1824 1583 1899 ἢν
1620 1825 1714 1876 καὶ
1743 1827 1792 1878 oi

1907 1845 2089 1889 aetum
2130 1838 2430 1905 reperitur.
2466 1837 2734 1891 abolitum
2779 1835 2830 1888 id
2866 1849 3013 1889 nunc
3052 1835 3328 1886 volumus.
3365 1833 3473 1885 lmv

235 1903 397 1960 λοιποὶ
426 1908 686 1971 κλνρικοὶ
713 1911 949 1982 ἔχουσιν,
984 1913 1052 1964 ἶν’
1077 1912 1249 1978 οὕτως
1282 1918 1378 1969 καὶ
1416 1918 1567 1970 αὐτοὶ
1591 1918 1796 1987 χαίρω-

1906 1927 2232 1983 munitalem
2263 1945 2500 1999 namque
2532 1945 2694 1999 quam
2722 1929 2908 1983 clerici
2945 1928 3101 1997 prius
3132 1926 3471 1986 habuerunt,

238 2014 332 2053 σιν·
1905 2017 2155 2071 eamdem
2191 2034 2288 2072 eos
2311 2021 2561 2088 recipere
2588 2022 2906 2084 statuimus,
2927 2026 2983 2071 ct
3017 2016 3469 2071 constitutionem

236 2092 364 2145 hanc
396 2109 649 2151 nostram
682 2100 886 2153 servari
918 2101 1289 2170 praecipimus,
1315 2112 1375 2156 ttt
1410 2102 1634 2157 reddito
1699 2102 1960 2162 Ecclesiae
2027 2109 2330 2166 Athanasio
2385 2114 2668 2181 episeopo,
2720 2111 2882 2181 740
2906 2111 3203 2181 participes
3251 2123 3473 2178 quoque

232 2181 525 2254 ejusquam
557 2199 714 2242 antea
751 2190 1436 2255 habuere,immunitatem
1473 2195 1797 2261 retineant,
1836 2211 1955 2252 eam
2020 2202 2252 2267 scilicet,
2323 2220 2487 2274 quam
2546 2204 2745 2273 reliqui
2790 2205 2998 2259 habent
3061 2204 3276 2270 clerici,
3319 2213 3379 2257 ut
3416 2210 3474 2256 et

234 2276 325 2346 ipsi
358 2292 421 2332 ea
445 2288 677 2334 utentes
712 2280 1007 2350 gaudeant.

791 2440 1050 2495 ΚΕΦΔΛ.
1087 2438 1236 2509 Kq'.

211 2552 328 2619 οὮς
362 2558 423 2607 al
475 2555 832 2626 πᾼιελειςτὸγ
872 2555 1240 2610 Ἀθανάσιον
1288 2556 1664 2626 διεδέχοντοο
1700 2558 1799 2611 καὶ

295 2627 431 2690 περὶ
458 2622 579 2692 τῆς
598 2624 668 2675 ἐν
706 2623 1151 2692 Ἰεροσολύμοις
1176 2626 1254 2677 δι’
1287 2622 1483 2680 αὑτὸὶέ
1502 2628 1798 2692 συνόδου,

290 2688 386 2765 καὶ
420 2688 530 2746 οἶα
577 2693 675 2765 καί
703 2688 854 2761 αὕτη
905 2688 1027 2759 τοῖξ
1065 2688 1140 2748 sr'
1166 2696 1588 2765 Ἀλεξανδρείᾳ
1645 2688 1801 2765 ὑπὲρ

305 2763 673 2817 ’Δθανασίου
707 2765 991 2833 ἔγραψεν.

296 2902 581 2964 Τοιούτοις
609 2902 670 2968 δή
697 2920 808 2956 τισι
842 2904 1137 2975 γράμμασι
1178 2906 1526 2977 φραξάμενος
1568 2906 1799 2962 Ἀθανά-

234 3011 357 3060 σιος,
386 2996 483 3049 διὰ
521 2995 718 3065 Συρίας
744 2993 862 3060 ἰὼν,
896 2996 997 3065 τὴν
1023 2996 1111 3050 ἐπ’
1133 2998 1411 3064 Αἴγυπτον
1426 2982 1530 3068 dist
1549 3013 1563 3027 ⁶
1595 3000 1691 3051 καὶ
1712 2999 1801 3051 διὰ

234 3084 320 3137 τοῦ
353 3086 670 3154 Πηλουσίου
703 3088 781 3147 εἰς
820 3085 1232 3154 Ἀλεξάνδρειαν
1260 3088 1578 3157 ἐπορεύετο.
1611 3088 1804 3157 Είσερ-

236 3182 457 3249 χόμενος
496 3180 557 3232 δὲ
601 3179 700 3242 τὰς
729 3181 933 3245 πόλεις,
971 3180 1064 3244 οὓς
1111 3183 1209 3250 μὲν
1236 3181 1504 3253 Ἀρειανῷ
1532 3181 1806 3252 προσανέ-

236 3287 418 3338 χοντας
440 3269 677 3340 εὕρισκε
729 3272 981 3341 δόγματι,
1017 3273 1318 3342 καθαιρῶν,
1353 3268 1435 3336 οἷς
1484 3273 1801 3343 ἐδοκίμαζε,

234 3364 321 3429 τὴν
353 3364 468 3416 τῶν
504 3364 813 3431 ἐκκλησιῶν
845 3366 1147 3433 ἡγεμονίαν
1196 3365 1531 3433 ἐπέτρεπεν
1571 3366 1686 3418 ὅσοι
1712 3366 1808 3436 δη·-

237 3456 358 3527 λαδὴ
379 3457 441 3510 τὸ
472 3456 769 3526 ὀμοούσιον
798 3459 1193 3523 ἀνεκήρυττον,
1230 3458 1327 3509 καὶ
1351 3457 1658 3520 σπουδαίως
1690 3461 1805 3521 τοῖς

235 3548 288 3598 ἓν
325 3547 539 3617 Notata.
580 3548 796 3611 δόξασιν
825 3551 1052 3618 εἴχοντο.
1099 3550 1333 3617 Λέγεται
1365 3551 1553 3618 μέντοι
1577 3552 1671 3603 καὶ
1714 3551 1805 3603 διὰ

233 3638 333 3690 τῶν
354 3640 542 3693 ἄλλων
573 3641 717 3692 ίόντα
756 3641 948 3705 ὶθνὼν,
969 3641 1038 3693 τὰ
1066 3640 1154 3693 ἴσα
1189 3642 1472 3709 πράττειν,
1505 3642 1558 3694 ετ
1578 3660 1640 3710 γε
1667 3659 1804 3695 συν-

235 3729 408 3784 έδαινε
444 3732 671 3794 καὶτὰς
717 3734 896 3784 ἐκεῖσε
956 3732 1253 3799 ἐκκλησίας
1297 3733 1591 3801 Ἀρειανοίς
1624 3735 1806 3786 ὲπιτε-

234 3825 560 3893 τραμμένας
604 3819 766 3877 εἶναι.
796 3825 862 3876 Ὃ
911 3824 974 3891 δὴ
1021 3824 1168 3895 ἀρχὴ
1198 3824 1400 3895 ἑτέρων
1436 3827 1804 3896 ἐγκλημάτων

235 3914 375 3984 αὐτῷ
401 3916 628 3983 ἐγένετο
657 3915 916 3986 ὕστερον*
953 3913 1035 3980 οἷς
1081 3918 1245 3986 μηδὲν
1282 3917 1432 3989 αὐτῷ
1468 3921 1803 3987 ἀνηκούσαις

236 4007 557 4074 παροικίαις
612 4007 713 4077 τὴν
766 4007 1104 4077 χειροτονίαν
1153 4009 1380 4077 ἐτόλμα.
1414 4009 1549 4062 "At:
1611 4010 1669 4063 δὲ
1729 4010 1804 4081 μὴ

236 4102 371 4153 κατά
403 4100 639 4168 γνώμην
668 4099 778 4152 τῶν
831 4100 1143 4154 ἀντιπάλων
1194 4104 1291 4171 τὴν
1332 4100 1497 4154 αὑτοῦ
1545 4103 1806 4156 ἐπάνοδον

238 4189 590 4258 εὐτρεπίσας,
616 4190 709 4242 διὰ
736 4189 836 4257 τὴν
870 4192 1054 4259 φιλίαν
1100 4191 1460 4255 Κώνσταντος
1489 4194 1548 4244 ὲν
1595 4192 1804 4263 μείζονι

236 4285 548 4353 φρονήματι
592 4279 696 4353 ἦν⁹
732 4282 994 4334 τοσοῦτον
1027 4283 1129 4335 οὐκ
1168 4284 1667 4354 εὐκαταφρόνητος,
1695 4287 1805 4354 ὅσῳ

2465 2446 2687 2506 CAPUT
2718 2451 2907 2505 XX”.

1911 2562 2257 2634 Ut__c.'vitates
2309 2563 2657 2634 Athanasium
2694 2568 2990 2634 exceperint
3017 2606 3031 2626 ,
3080 2576 3128 2618 et
3168 2570 3231 2619 de
3275 2570 3472 2633 synodo

1978 2632 2354 2710 ﬂicrosolymis
2386 2643 2598 2710 propter
2616 2650 2736 2710 eum
2763 2632 2968 2710 coacta,
3000 2647 3286 2710 etiqumrra
3305 2632 3472 2710 3w.

1977 2704 2072 2754 dus
2103 2700 2492 2754 Alexandrinis
2507 2719 2604 2771 pro
2649 2705 2944 2758 Athanasio
2969 2700 3258 2773 scripserit.

1975 2902 2325 2973 Ejuscemodi
2354 2887 2555 2957 litteris
2588 2904 2836 2959 munitus
2866 2905 3220 2972 Athanasius,
3248 2926 3347 2979 per
3372 2911 3473 2982 Sy-

1907 2996 2043 3051 riam
2077 2997 2129 3050 in
2159 2997 2450 3067 Egyptum
2479 2998 2780 3057 contendit.
2821 3009 2873 3052 et
2910 3000 3041 3061 inde.
3067 3018 3165 3069 per
3194 3003 3467 3057 Pelusium

1908 3091 2291 3143 Alexandriam
2322 3089 2604 3160 profectus
2634 3101 2738 3145 est.
2761 3092 3069 3160 Peragrans
3091 3106 3271 3149 autem
3309 3100 3474 3151 urbes

1908 3180 1963 3234 in
2016 3179 2271 3251 Egypto,
2338 3195 2480 3249 quos
2546 3180 2618 3233 ibi
2676 3180 2883 3233 Ariano
2933 3182 3169 3251 dogmati
3222 3184 3473 3238 addictos

1907 3273 2135 3340 reperit,
2188 3272 2298 3325 illis
2320 3274 2712 3335 exauctoratis,
2766 3290 3001 3340 quorum
3037 3274 3342 3328 doctrinam
3377 3292 3473 3327 ex-

1905 3366 2177 3434 ploratam
2234 3364 2545 3433 probasset,
2586 3366 2945 3419 ecclesiarum
2997 3366 3078 3420 eis
3116 3368 3471 3421 administra-

1907 3459 2109 3511 tionem
2144 3456 2544 3512 committebat.
2581 3457 2749 3526 ldque
2776 3458 2989 3517 itidem,
3015 3473 3138 3512 cum
3171 3474 3268 3525 per
3295 3460 3471 3512 natio-

1906 3565 2005 3604 nes
2034 3549 2168 3602 alias
2200 3548 2328 3606 iret.
2353 3549 2549 3602 fecisse
2577 3548 2781 3601 dicitur
2805 3566 2818 3600 :
2841 3548 3110 3616 siquidem
3138 3549 3210 3602 ibi
3247 3565 3465 3618 quoque

1906 3639 2161 3693 ecclesia-
2194 3637 2431 3703 ,Arianis
2473 3639 2850 3711 gubernanda:
2891 3639 3161 3693 mandatae
3207 3641 3468 3695 fuissent.

1906 3728 2037 3796 Qua:
2066 3744 2154 3782 res
2177 3738 2365 3798 postea
2396 3730 2444 3782 ei
2476 3729 2708 3782 aliarum
2737 3729 3190 3784 criminationutn
3247 3732 3465 3787 initium

1905 3832 1962 3877 et
1987 3837 2152 3876 causa
2188 3821 2314 3886 fuit,
2348 3820 2494 3890 quod
2523 3819 2783 3874 nimirum
2813 3821 2864 3874 in
2907 3822 3187 3891 parmeiis,
3228 3839 3350 3891 qua:
3399 3825 3469 3877 ad

1904 3912 2342 3983 iurisdictionem
2376 3912 2499 3978 ejus
2528 3928 2636 3964 non
2664 3912 3028 3981 pertinerent.
3062 3916 3468 3972 ordinationem

1907 4016 2173 4071 usurpare
2196 4016 2362 4056 ausus
2389 4011 2554 4056 esset.
2596 4002 2662 4056 Et
2710 4018 2834 4056 eum
2869 4005 3046 4059 reditu
3101 4022 3201 4061 suo
3260 4025 3368 4064 non
3402 4027 3473 4065 ex

1907 4092 2345 4146 adversariorum
2363 4094 2633 4148 sententia
2653 4095 2924 4160 instituto,
2958 4108 3179 4167 propter
3199 4099 3471 4157 Constan-

1911 4185 1980 4240 tis
2004 4185 2322 4245 amieitiam.
2347 4187 2551 4254 maiore
2574 4189 2950 4243 essetanimo:
3012 4207 3077 4245 eo
3112 4194 3294 4249 minus
3344 4213 3473 4252 eon-

1912 4278 2241 4331 temnendus
2288 4278 2441 4332 visus
2474 4288 2579 4343 est,
2613 4295 2721 4349 quo
2778 4281 2830 4334 in
2888 4284 3147 4352 majorem
3204 4287 3473 4343 illustrio-

237 4374 327 4423 καὶ
359 4375 569 4441 μᾶλλον
602 4375 659 4425 ὲν
707 4373 920 4440 μείζονι
954 4373 1048 4424 καὶ
1079 4374 1522 4450 περιφανεστὲρᾳ
1551 4376 1644 4426 καὶ
1666 4377 1797 4445 τιμῇ

1911 4384 2138 4437 remque
2178 4370 2445 4424 honorem
2469 4379 2524 4425 et
2558 4370 2786 4439 gloriam
2821 4372 2894 4426 ita
2923 4387 3145 4429 evectus
3185 4376 3379 4443 luerat,
3413 4391 3475 4436 ut

237 4464 324 4515 καὶ
355 4462 486 4533 δόξῃ
515 4464 811 4515 καθίστατο
834 4478 850 4494 ·
879 4460 955 4525 ὡς
987 4461 1080 4514 καὶ
1126 4461 1355 4525 πολλοὺς
1405 4468 1513 4517 τῶν
1544 4465 1614 4516 δι’
1650 4466 1805 4517 ἐναν-

237 4554 350 4615 τίας
415 4555 798 4615 ἀπειπόντας.
859 4554 920 4607 τὸ
980 4553 1117 4624 πρὸς
1179 4555 1345 4607 αὑτὸν
1403 4554 1801 4608 ἁποσείσασθαι

236 4642 406 4713 ἔχθος,
448 4647 547 4697 καὶ
590 4647 866 4698 κοινωνεῖν
894 4646 1147 4699 ἑλέσθαιο
1194 4645 1385 4715 ὥσπερ
1416 4645 1552 4715 δῆτα
1600 4646 1802 4698 Παλαι-

238 4742 400 4788 στινοὶ
424 4736 715 4805 ἔπραττον,
744 4738 840 4789 καὶ
861 4737 1116 4811 Μάξιμος
1178 4741 1206 4790 ό
1241 4738 1630 4808 Ἰεροσολύμων
1683 4736 1804 4789 ἐπί-

240 4843 461 4895 σκοπος,
481 4829 541 4881 ὃν
568 4832 597 4882 ὀ
626 4831 772 4882 κατὰ
798 4829 1100 4897 Μαξιμῖνον
1125 4829 1367 4897 διωγμὸς
1395 4828 1646 4898 μάρτυρα
1676 4833 1800 4881 ἀνε-

235 4919 410 4972 δείκνυ
429 4935 446 4951 ο
478 4919 572 4971 τὸν
605 4921 712 4990 γὰρ
743 4920 929 4990 ἕτερον
959 4921 1063 4973 τῶν
1086 4918 1388 4986 ὀφθαλμῶν
1413 4912 1801 4987 ἐξορωρυγμέ-

236 5027 319 5064 νον
342 5008 492 5083 εἷχεν
523 5013 662 5082 ὑπὲρ
695 5013 791 5080 τῆς
814 5011 1117 5068 εὐσεϐείας.
1152 5012 1377 5072 Τούτοις
1423 5011 1532 5081 γὰρ
1562 5011 1629 5062 τὰ
1660 5009 1801 5061 κατᾶ

237 5105 508 5173 Σαρδικὴν
559 5103 847 5169 ὑποδείξας
887 5103 1255 5172 γεγενημένα,
1314 5101 1451 5170 πρὸς
1499 5101 1555 5152 δὲ
1600 5102 1694 5152 καὶ
1731 5100 1803 5152 τὰ

237 5195 492 5263 βασιλικὰ
535 5199 842 5268 γράμματα
902 5195 971 5247 τὰ
1016 5195 1178 5263 ὅμοια
1230 5191 1597 5261 ψηφιζόμενα.
1662 5191 1799 5259 πρὸς

234 5289 425 5342 ἑαυτὸν
474 5290 770 5342 ἕπεσπᾶτο.
814 5288 926 5341 Καὶ
962 5286 1027 5356 δὴ
1055 5287 1149 5339 καὶ
1176 5278 1320 5337 οὗτοι
1369 5284 1590 5336 σύνοδον
1626 5284 1801 5351 κηρύ-

232 5380 421 5445 ξαντες
451 5380 514 5432 ἐκ
543 5397 602 5432 τε
635 5381 835 5448 Συρίας
879 5384 972 5432 καὶ
1008 5377 1401 5446 Παλαιστίνης,
1432 5377 1533 5429 καὶ
1566 5378 1667 5444 τῆς
1704 5390 1799 5425 πε-

233 5472 475 5540 ρικύκλῳ
504 5472 708 5541 χώρας,
749 5470 1034 5530 κοινωνίας
1065 5470 1216 5537 αύτῴ
1253 5466 1572 5537 μετέδοσαν,
1613 5468 1702 5517 καὶ
1740 5465 1800 5515 τὸ

232 5565 510 5634 προσῆκον
533 5568 599 5632 τῇ
650 5564 779 5634 ἀξίᾳ
811 5566 979 5632 γέρας
1008 5562 1338 5627 ἀπένειμαν.
1387 5556 1502 5610 Κᾶν
1527 5559 1628 5608 οὐκ
1676 5556 1801 5608 ἑλά-

230 5672 413 5724 χιστος
465 5656 710 5709 ἐντεῦθεν
761 5653 1097 5725 προσετρίόη
1154 5652 1345 5720 μῶμος
1399 5648 1534 5717 πρὸς
1588 5647 1717 5712 τῶν,
1748 5646 1796 5698 οἳ

1904 4477 1969 4514 ex
2004 4460 2338 4515 adversariis
2369 4461 2523 4515 multi
2562 4463 2775 4517 animos
2799 4465 3190 4533 desponderim
3213 4511 3228 4527 .
3253 4478 3306 4523 et
3326 4472 3471 4538 quod

1905 4550 1961 4604 in
1994 4565 2116 4604 eum
2157 4550 2424 4619 gerebant
2455 4550 2579 4605 odio
2608 4551 2881 4620 deposito,
2922 4556 3295 4610 communioni
3349 4561 3471 4625 ejus

1905 4656 1966 4695 se
2013 4642 2377 4711 aggregarint.
2413 4642 2885 4707 Quemadmodum
2926 4645 3148 4713 quidem
3192 4647 3464 4703 Palaestini

1905 4732 2107 4793 fecere,
2129 4742 2184 4786 et
2211 4733 2475 4786 Maximus
2499 4732 2998 4803 Hierosolymorum
3036 4737 3345 4806 episcopus,
3373 4743 3468 4809 qui

1906 4825 1961 4879 in
1990 4824 2183 4878 Licinii
2220 4824 2603 4893 persecutione
2632 4827 2911 4895 egregium
2970 4841 3027 4879 se
3056 4830 3297 4884 ostendit
3324 4847 3470 4885 mar-

1906 4926 2104 4986 tyrem,
2137 4932 2261 4970 eum
2303 4916 2351 4969 ei
2380 4931 2450 4970 ex
2480 4916 2657 4970 oculis
2700 4918 2838 4972 alter
2877 4930 3101 4989 propter
3121 4936 3301 4976 veram
3358 4925 3474 4993 pie-

1908 5015 2075 5061 tatem
2106 5008 2310 5062 ell‘osus
2334 5017 2437 5062 est.
2472 5007 2751 5078 Expositis
2776 5026 3015 5082 namque
3044 5017 3185 5081 apud
3218 5014 3316 5068 hos
3338 5016 3467 5070 Sur-

1905 5098 2228 5154 dicensibus
2258 5101 2416 5164 actis,
2477 5112 2531 5156 et
2558 5102 2755 5158 litteris
2806 5104 3155 5175 imperatoris
3177 5123 3297 5175 quae
3327 5108 3468 5163 idem

1908 5190 2581 5255 decernebantexhibitis,
2621 5194 2675 5249 in
2712 5196 3039 5250 sententiam
3076 5212 3170 5252 eos
3200 5214 3351 5251 suam
3406 5199 3476 5251 A-

1911 5283 2193 5337 thanasius
2223 5287 2509 5353 pertraxit.
2562 5287 2739 5357 Atque
2792 5288 2894 5349 illi,
2937 5292 3145 5361 synodo
3184 5305 3251 5343 ex
3298 5289 3473 5358 Syria,

1904 5375 2191 5430 Palzestina
2244 5384 2297 5428 et
2326 5377 2547 5446 regione
2583 5377 2810 5433 finitima
2836 5396 3048 5442 coacta,
3104 5381 3170 5433 ad
3230 5395 3293 5433 co
3320 5403 3329 5429 ι
3359 5396 3478 5432 mu-

1905 5469 2124 5521 nionem
2189 5484 2314 5522 eum
2396 5482 2745 5540 receperunt,
2813 5473 3167 5540 debitumque
3222 5474 3473 5543 dignitati

1904 5559 2027 5627 ejus
2051 5560 2313 5612 honorem
2347 5561 2742 5615 exhibuerunt.
2801 5562 2953 5617 Unde
2986 5575 3091 5613 non
3141 5564 3364 5615 minima
3403 5582 3476 5617 an

1904 5652 1983 5706 eis
2015 5653 2104 5720 qui
2136 5651 2435 5704 Athanasio
2484 5652 2620 5705 male
2650 5652 2928 5716 volebant,
2958 5652 3193 5707 Maximo
3220 5660 3475 5723 provenit
