3988 6190
518 264 625 325 3ΞἸ

1741 244 2157 325 NICEPIIORI
2190 244 2532 306 CALLISTI

3646 258 3737 325 328

518 372 721 427 invidia
752 381 810 423 et
832 366 1220 438 reprehensio,
1244 361 1392 433 quod
1422 360 1517 431 qui
1545 367 1706 413 antea
1730 357 1863 427 Tyri
1898 356 2093 409 suarao

2196 356 2455 424 ἀπεχθῶς
2504 355 2642 424 πρὸς
2683 354 3003 411 ’Δθανάτιον
3053 351 3221 430 εἶχον.
3277 359 3535 434 Μαξίμῳ.
3587 363 3661 436 οἷς
3688 375 3738 429 ἓν

516 477 677 533 gator
707 448 1070 518 Athanasium
1127 453 1614 511 exauctorantium
1662 449 1882 512 fuisset,
1946 461 2093 501 nunc

518 558 753 609 seorsim
778 551 1109 607 sententiam
1135 561 1239 617 pro
1281 560 1349 599 eo
1374 544 1541 599 talem
1579 540 1820 603 tulisset,
1853 538 2097 593 auctori-

520 658 629 699 tate
654 660 752 697 sua
787 642 1107 711 dignitatem
1147 637 1295 690 illius
1351 633 1762 692 conﬁrmasset,
1802 638 1859 683 et
1900 630 2092 683 alacri-

520 751 629 793 tate
658 753 870 791 summa
899 749 1023 788 cum
1065 747 1134 786 eo
1162 728 1644 785 communicasset.
1678 725 1811 790 Quae
1842 740 1970 779 vero
1995 739 2095 793 pro

520 846 589 881 eo
623 828 867 897 synodus
891 822 1385 894 Hierosolymitana
1414 820 1471 873 in
1505 816 1823 888 Egyptum,
1844 815 2094 885 Libyam,

519 932 574 973 et
605 922 777 988 ipsam
819 916 1206 972 Alexandriam
1263 913 1331 967 ad
1367 911 1723 981 presbyteros
1745 918 1800 961 et
1833 908 2095 961 diaconos

519 1022 575 1061 et
624 1009 838 1077 plebem
888 1007 1156 1075 reliquam
1216 1002 1460 1072 scripsit,
1519 1002 1645 1055 talia
1699 999 1888 1053 fuere:
1931 997 2091 1070 7&1

522 1116 548 1153 ι
566 1100 761 1153 Sancta
788 1099 1030 1169 synodus
1048 1094 1441 1166 Hierosolymis
1456 1099 1803 1161 congregata,
1820 1090 1899 1145 eis
1920 1089 2014 1159 qui
2037 1090 2095 1144 in

519 1191 848 1259 Angpto,et
881 1187 1069 1259 Libya,
1098 1194 1153 1239 et
1180 1186 1235 1239 in
1271 1184 1386 1253 ipsa
1421 1181 1752 1238 Alexandria
1775 1189 2097 1249 sunt,pres-

517 1281 752 1353 byteris,
776 1280 1042 1341 diaconis,
1075 1289 1131 1332 et
1167 1276 1390 1345 pepulo,
1417 1274 1640 1329 dilectis
1659 1272 2094 1341 desideratisque

519 1372 784 1427 fratribus
820 1371 875 1425 in
902 1369 1125 1425 Christo
1176 1369 1435 1423 salutem.
1465 1364 1860 1420 Universarum
1906 1377 2095 1417 rerum

493 1463 651 1529 .Deo,
684 1462 899 1525 dilecti,
942 1476 1041 1531 pro
1092 1460 1174 1514 rei
1209 1459 1478 1528 dignitate
1511 1456 1729 1511 debitas
1762 1470 1925 1525 agere
1963 1470 2094 1525 gra-

520 1558 644 1617 tias,
680 1565 908 1625 propter
936 1568 999 1608 ea
1032 1567 1155 1623 qum
1184 1565 1403 1620 semper
1431 1549 1563 1603 fecit
1611 1546 1953 1610 admiranda,
1982 1561 2093 1600 non

517 1663 834 1718 possumus.
870 1646 1021 1700 Fecit
1054 1655 1237 1699 autem
1269 1658 1416 1697 nunc
1445 1656 1664 1710 quoque
1706 1656 1829 1693 cum
1859 1638 2094 1693 ecclesia

515 1751 717 1796 vestra.
747 1749 967 1807 pastore
994 1746 1180 1790 vestro
1206 1743 1262 1787 et
1295 1734 1519 1787 domino
1545 1730 1864 1798 collegaque
1899 1735 2094 1781 nostro

515 1829 842 1892 Athanasio,
886 1827 1044 1880 vobis
1077 1824 1313 1879 reddito.
1343 1820 1481 1888 Quis
1540 1821 1750 1875 etenim
1808 1833 1867 1873 se
1913 1818 2093 1873 oculis

515 1925 631 1977 suis
660 1924 908 1975 visurum
942 1918 1205 1988 speravit,
1238 1932 1364 1986 quae
1412 1930 1559 1969 nunc
1591 1928 1689 1967 vos
1740 1912 1907 1967 rebus
1960 1910 2092 1979 ipsis

517 2010 843 2081 percipitis?
872 2009 1131 2064 Sedenim
1163 2023 1293 2061 vere
1333 2005 1578 2075 profecto
1606 2005 1886 2059 orationes
1901 2012 2093 2057 vestrae

515 2100 790 2155 exaudita!
825 2107 954 2153 sunt
983 2098 1054 2152 ab
1079 2095 1459 2150 universitatis
1490 2094 1654 2165 hujus
1687 2092 1817 2157 Deo,
1860 2091 1951 2161 qui
1984 2092 2090 2145 Ec-

516 2192 699 2245 desim
733 2206 847 2244 sua
873 2203 1062 2244 curam
1093 2187 1274 2257 gerit,
1324 2187 1531 2255 quique
1581 2186 1852 2256 lacrymas
1876 2192 2087 2237 vestras

515 2294 574 2338 et
608 2283 817 2337 luctum
851 2280 1113 2351 reSpexit,
1165 2290 1223 2334 et
1288 2288 1580 2348 propterea
1638 2290 1830 2345 preces
1882 2288 2093 2353 vestras

516 2374 824 2429 exaudivit.
882 2373 1065 2427 Eratis
1093 2386 1330 2440 namque
1379 2369 1539 2424 sicuti
1579 2383 1713 2423 oves
1763 2368 1977 2438 iactata-
2035 2375 2092 2420 et

516 2468 799 2536 dispersae,
821 2483 928 2521 non
952 2465 1219 2519 habentes
1242 2476 1541 2533 pastorem.
1579 2462 1643 2515 Et
1673 2475 1839 2515 verus
1868 2461 1922 2514 in
1951 2459 2090 2514 caelo

516 2568 724 2631 pastor,
757 2573 889 2613 oves
914 2573 1044 2612 suas
1076 2571 1299 2619 curans,
1333 2553 1576 2610 reddidit
1607 2553 1766 2607 vobis
1794 2566 1958 2622 quem
1995 2552 2090 2604 de-

514 2650 821 2705 siderastis.
851 2649 995 2705 Ecce
1023 2647 1171 2703 enim
1200 2654 1257 2702 et
1285 2662 1405 2710 nos,
1438 2645 1534 2717 qui
1588 2644 1725 2699 nihil
1759 2659 1857 2713 pro
1914 2643 2091 2697 cccle-

514 2745 736 2800 siastica
775 2759 907 2814 pace
932 2758 1043 2799 non
1079 2741 1320 2813 agimus.
1342 2749 1546 2795 etcum
1582 2748 1766 2793 vestra
1804 2737 2090 2805 conspira-

516 2851 640 2891 mus
701 2835 995 2898 charitate,
1050 2835 1205 2889 illum
1260 2832 1418 2904 prius
1469 2840 1753 2901 receptum
1819 2824 2087 2898 complexi

512 2940 723 2980 sumus.
765 2926 833 2980 Et
860 2941 957 2996 per
980 2940 1106 2979 eum
1135 2928 1188 2979 in
1214 2922 1661 2978 communionem
1688 2924 1787 2975 vo's
1819 2920 2091 2989 recipien-

2195 445 2358 515 Τύρῳ
2403 446 2671 515 πρότερον
2707 447 3006 517 σύμψηφος
3048 451 3166 512 τοῖς
3210 452 3498 507 καθελοῦσι
3534 474 3742 530 γεγενη-

2197 537 2380 605 μένος,
2419 535 2516 589 νῦν
2546 537 2720 601 οὕτως
2771 538 2880 609 ίδία
2923 539 2993 593 τὰ
3016 539 3180 612 ιῦπὲρ
3220 542 3388 595 αὑτοῦ
3438 544 3739 616 ἐψηφίζετο*

2196 627 2394 696 ἐκύρου
2424 644 2484 680 τε
2519 628 2583 680 τὸ
2631 629 2873 699 ἀξίωμα,
2912 630 3006 683 καὶ
3040 631 3434 701 προθυμότατα
3470 637 3738 699 ἐκοινώνει.

2200 720 2266 770 ’Δ
2290 718 2346 770 δὲ
2384 718 2524 788 ὑπὲρ
2553 717 2721 771 αὐτοῦ
2753 720 2785 789 ἠ
2819 721 2879 772 ἐν
2926 719 3338 792 Ἰεροσολύμοις
3364 722 3567 795 ἔγραψε
3603 729 3743 783 σύνο-

2194 810 2284 873 δος
2319 812 2436 873 τοῖς
2472 812 2530 862 ἑν
2572 810 2838 880 Δίγύπτῳ
2876 810 2973 864 καὶ
3002 810 3182 883 Λιϐύῃ
3229 813 3325 866 καὶ
3352 814 3492 885 αὐτῇ
3525 816 3744 883 Ἀλεξανο

2193 901 2350 973 δρείᾳ
2372 900 2766 971 πρεσϐυτέροις
2790 902 2889 957 καὶ
2910 902 3183 966 διακόνοις
3213 905 3310 957 καὶ
3332 905 3410 974 τῷ
3439 906 3605 978 λοιπῷ
3623 910 3739 982 λαῷ,

2194 992 2395 1046 οὑτωσὶ
2426 992 2711 1063 διεξῄεσαν
2733 1006 2750 1024 ⁶
2795 1013 2816 1046 ‹
2854 996 2994 1048 Κατ’
3014 995 3175 1062 ἀξίαν
3230 996 3312 1067 τῷ
3340 999 3449 1051 τῶν
3477 1001 3604 1055 ὅλων
3642 1006 3742 1079 Θεῷ

2195 1084 2543 1153 εὐχαριστεῖν
2583 1086 2684 1137 οὐκ
2714 1085 3017 1156 ἀρκοῦμεν,
3058 1088 3366 1159 ἀγαπητοὶ,
3406 1092 3493 1158 ἐφ’
3523 1088 3600 1155 οἷς
3625 1092 3740 1149 θαυ-

2198 1176 2417 1245 μασίοις
2446 1176 2673 1246 ἐποίησε
2704 1178 2942 1232 πάντοτε
2968 1194 2984 1211 ο
3018 1180 3249 1249 ἐποίησε
3297 1180 3356 1233 δὲ
3388 1182 3485 1236 καὶ
3507 1186 3598 1240 νῦν
3623 1189 3743 1256 μετὰ

2194 1270 2295 1338 τῆς
2332 1268 2609 1338 ὑμετέρας
2652 1269 2975 1339 ἐκκλησίας,
3032 1272 3126 1325 τὸν
3172 1274 3418 1342 ποιμένα
3469 1276 3615 1345 ὑμῶν
3662 1282 3743 1334 καὶ

2196 1361 2390 1430 κύριον
2426 1363 2521 1414 καὶ
2544 1362 2962 1434 συλλειτουργὸν
2995 1366 3154 1437 ἡμῶν
3186 1367 3512 1423 Ἀθανάσιον
3537 1372 3742 1438 ἀποδοὺς

2197 1452 2343 1522 ὑμῖν.
2378 1452 2477 1514 Τίς
2514 1455 2626 1523 γὰρ
2660 1452 2861 1524 ἧλπισε
2891 1455 3068 1508 ταῦτα
3094 1456 3405 1529 ὀφθαλμοῖς
3440 1460 3582 1525 ίδεῖν,
3608 1462 3640 1516 a
3660 1463 3741 1517 νῦν

2198 1543 2355 1614 ὗμείς
2386 1544 2532 1615 ἔργῳ
2554 1545 3016 1616 ἀπολαμϐανετες
3061 1549 3234 1604 Ἀλλὰ
3269 1551 3492 1620 ἀληθῶς
3515 1555 3569 1608 αί
3605 1557 3740 1627 εὐχαὶ

2198 1633 2351 1704 ὑμῶν
2377 1634 2813 1706 εἰσηκούσθησαν
2840 1639 2995 1709 παρὰ
3020 1638 3100 1710 τῷ
3124 1640 3237 1694 τῶν
3261 1642 3400 1696 ὅλων
3417 1644 3553 1716 Θεῷ,
3573 1647 3642 1717 τῷ
3659 1665 3744 1717 κη-

2128 1697 2171 1752 Β
2193 1697 2405 1798 δόμενῳ
2431 1697 2534 1798 της
2578 1697 2937 1804 Ἐκπλησίας
2969 1697 3162 1799 αὐτοῦ,
3193 1736 3295 1789 καὶ
3332 1697 3565 1790 ὲπιδόέτιι

2192 1826 2261 1879 τὰ
2286 1825 2500 1897 δάκρυα
2550 1828 2802 1893 καὶτοὺς
2857 1829 3153 1901 ὀδυρμοὺς.
3203 1833 3305 1886 καὶ
3349 1834 3438 1886 διὰ
3477 1832 3623 1886 τοῦτο
3649 1835 3741 1887 τῶν

2190 1919 2429 1990 δεήσεων
2476 1922 2629 1993 ὑμῶν
2666 1923 3060 1980 ὲπακούσαντι.
3091 1922 3233 1981 *Ητε
3265 1927 3390 1997 Ιγὰρ
3421 1925 3496 1990 ὡς
3521 1929 3742 1997 πρόϐατα

2191 2012 2504 2081 ἑσκυλμένα
2546 2016 2642 2068 καὶ
2664 2017 3000 2087 ἐρριμμένα,
3038 2020 3115 2088 μὴ
3137 2019 3339 2090 ἔχοντα
3375 2020 3628 2090 ποιμέναο
3660 2022 3742 2074 καὶ

2191 2104 2221 2156 δ
2249 2103 2506 2175 ἀληθινὸς
2535 2108 2738 2179 ποιμὴν
2761 2109 3076 2180 οὐρανόθεν,
3107 2115 3135 2165 ὁ
3161 2112 3273 2166 τῶν
3306 2114 3452 2167 ἰδίων
3480 2114 3738 2185 προϐάτων

2194 2197 2531 2266 κηδόμενος,
2561 2188 2797 2264 ἀποδοὺς
2824 2201 2954 2271 ὑμῖν
2974 2202 3034 2256 ὃν
3067 2203 3342 2259 ὲποθεῖτε.
3380 2206 3509 2260 Ἰδοὺ
3541 2206 3641 2275 γὰρ
3661 2211 3742 2258 καὶ

2190 2290 2356 2359 ἡμεῖς
2414 2289 2593 2344 πάντα
2656 2292 2799 2362 ὑπὲρ
2848 2293 2948 2363 τῆς
3017 2295 3489 2366 ὲκκλησιαστικῆς
3546 2297 3744 2368 εἰρήνης

2193 2377 2551 2447 πράττοντες,
2600 2383 2696 2434 καὶ
2728 2384 2796 2453 τῇ
2828 2382 3078 2456 ὑμετέρᾳ
3128 2388 3507 2456 συμπνέοντες
3556 2390 3743 2461 ἀγάπῃ,

2195 2468 2559 2537 προλαϐόντες
2584 2472 2746 2524 αὐτὸν
2768 2474 3143 2544 ὴσπασάμεθα
3168 2493 3183 2507 '
3217 2479 3316 2531 καὶ
3343 2481 3763 2548 κοινωνήσαντες

2190 2558 2262 2612 δι’
2292 2559 2460 2613 αὑτοῦ
2506 2561 2656 2632 ὑμῖν,
2686 2562 2893 2627 ταύτας
2922 2565 3024 2629 τὰς
3080 2571 3425 2639 προσρήσεις
3467 2569 3745 2642 διαπεμπὸ-

2196 2658 2360 2720 μεθα,
2390 2654 2490 2707 καὶ
2532 2654 2634 2718 τὰς
2667 2655 3128 2729 εὐχαριστηρίους
3165 2663 3196 2731 ή
3208 2662 3334 2732 μῶν
3362 2664 3562 2733 εὐχάςο
3584 2663 3645 2717 ἶν’
3671 2664 3742 2716 εί·

2191 2744 2318 2832 δῆτε
2373 2744 2453 2814 τῷ
2495 2747 2778 2818 συνδέσμῳ
2804 2749 2905 2820 τῆς
2934 2751 3156 2823 ἀγάπης
3205 2755 3347 2824 πρὸς
3376 2756 3536 2809 αὑτὸν
3563 2757 3648 2810 καὶ
3688 2757 3744 2826 ἡ·

2195 2835 2304 2904 μᾶς
2336 2835 2603 2905 ἡνῶσθαι.
2621 2838 2896 2909 Ὀφείλετε
2922 2840 2981 2895 δὲ
3033 2844 3132 2897 καὶ
3163 2845 3308 2915 ὑπὲρ
3354 2845 3458 2914 τῆς
3489 2846 3743 2909 εὒσιδείας

2189 2925 2300 2978 τῶν
2331 2927 2764 2997 θεοφιλεστάτων
2804 2931 3074 3002 βασιλέων
3119 2935 3415 3006 εὔχεσθαι·
3456 2940 3639 3001 οἵτινες
3663 2940 3745 2992 καὶ

515 3024 617 3080 tes,
648 3016 755 3069 hoc
802 3015 1070 3084 scriptum
1104 3025 1160 3068 et
1188 3017 1487 3085 gratiarum
1539 3012 1809 3066 actionem
1846 3019 2085 3064 nostram

2195 3018 2347 3120 αύτοὶ
2368 3019 2591 3120 γνόντες
2618 3020 2711 3077 τὸν
2761 3024 2927 3080 πόθον
2978 3024 3136 3096 ὑμῶν
3175 3029 3266 3081 τὸν
3309 3031 3438 3101 περὶ
3463 3030 3636 3095 αὐτὸν,
3666 3030 3748 3083 καὶ

515 3108 582 3162 ad
614 3123 713 3161 vos
747 3106 1022 3169 dedimus,
1058 3115 1117 3160 ut
1146 3104 1465 3160 dilectionis
1489 3104 1711 3158 vinculo
1762 3119 1862 3158 nos
1904 3114 1960 3157 et
2010 3102 2091 3156 illi

2195 3110 2294 3181 τὴν
2327 3110 2498 3165 αὑτοῦ
2531 3112 2908 3185 καθαρότητα,
2941 3119 3405 3189 ἀποκαταστῆσαι
3438 3122 3561 3192 ὑμῖν
3603 3123 3746 3175 αὐτὸν
3798 3140 3807 3151 ο

515 3208 572 3254 et
602 3199 760 3253 vobis
811 3200 996 3253 unitos
1029 3208 1194 3268 atque
1224 3198 1549 3269 conjunctos
1599 3211 1719 3252 esse
1749 3196 2089 3267 intelligatls.

517 3290 748 3346 Debetis
770 3306 902 3346 vero
926 3291 1211 3359 etiam,pro
1240 3291 1440 3360 pietate
1471 3288 1564 3343 Dei
1588 3288 2092 3342 amantissimorum

516 3384 913 3453 imperatorum
942 3398 1124 3436 orare.
1158 3381 1259 3448 Qui
1295 3397 1427 3439 sane
1450 3392 1506 3436 et
1556 3381 1683 3451 ipsi,
1708 3390 1823 3435 tum
1878 3379 2096 3434 deside-

520 3474 601 3528 tio
636 3476 687 3529 in
715 3475 869 3557 illuni
919 3486 1131 3539 vestro,
1160 3486 1275 3530 tum
1308 3474 1630 3529 sinceritate
1670 3474 1793 3544 ejus
1849 3474 2090 3544 cognita,

516 3567 813 3623 restituere
863 3583 990 3622 eum
1023 3566 1182 3621 vobis
1217 3582 1341 3620 cum
1372 3567 1523 3620 omni
1564 3565 1772 3620 honore
1821 3576 1951 3621 sunt
2006 3565 2092 3620 dio

513 3660 684 3731 gnati.
712 3660 901 3730 Itaque
932 3660 1113 3714 obviis
1144 3676 1270 3714 eunt
1297 3659 1536 3729 excipite
1570 3659 1738 3722 ulnis,
1792 3669 1850 3714 et
1878 3657 2093 3714 debitas

514 3768 616 3822 pro
643 3768 711 3807 eo
770 3753 1068 3823 gratiarum
1125 3753 1397 3817 actiones,
1443 3767 1473 3806 a
1513 3767 1624 3821 quo
1686 3751 1828 3807 hanc
1886 3759 2092 3806 tantam

514 3844 803 3915 recepistis
819 3844 1048 3915 gratiam
1074 3844 1187 3899 Deo
1216 3845 1446 3899 reddere
1465 3845 1705 3907 studete,
1740 3854 1801 3899 ut
1832 3854 2096 3913 perpetuo

515 3950 638 3990 cunt
674 3937 783 3989 Deo
812 3935 984 3989 laetari
1031 3942 1088 3989 et.
1134 3933 1430 3988 Dominum
1456 3934 1737 3988 celebrare
1761 3931 2007 3994 valeatis.
2039 3933 2094 4000 in

2199 3205 2338 3274 μετὰ
2364 3206 2545 3277 πάσης
2576 3208 2746 3276 τιμῆς
2776 3211 3148 3280 κατηξίωσαν.
3194 3215 3453 3280 ’Υπτίαις
3481 3212 3571 3268 οὖν
3610 3216 3746 3280 δεξά-

2201 3309 2355 3361 μενοι
2378 3295 2541 3348 αὑτὸν
2570 3297 2752 3367 χερσὶ,
2778 3299 2871 3351 καὶ
2894 3300 2990 3363 τὰς
3035 3302 3400 3373 ὀφειλομένας
3438 3305 3573 3376 ὑπὲρ
3602 3305 3746 3359 αὐτοῦ

2198 3384 2662 3456 εὐχαριστηρίους
2710 3389 2877 3459 εὐχὰς
2926 3391 3253 3463 ἀναπέμψαι
3297 3394 3376 3464 τῷ
3422 3393 3587 3448 ταῦτα
3638 3395 3749 3464 ὑμῖν

2201 3477 2557 3549 χαρισαμένῳ
2583 3479 2723 3551 Θεῷ,
2766 3483 3109 3539 σπουδάσατε
3143 3486 3286 3557 ὑπὲρ
3332 3487 3427 3541 τοῦ
3466 3488 3552 3542 διὰ
3575 3487 3749 3548 παντὸς

2198 3567 2347 3638 ὑμᾶς
2389 3570 2607 3642 χαίρειν
2639 3574 2737 3627 σὺν
2774 3574 2896 3645 Θεῷ
2947 3578 3042 3630 καὶ
3074 3577 3324 3644 δοξάζειν
3366 3581 3456 3633 τὸν
3489 3580 3676 3649 Κύριον
3700 3580 3748 3631 iv

2197 3659 2423 3732 Χριστῷ
2471 3664 2649 3734 Ἰησοῦ
2677 3665 2757 3735 τῷ
2785 3668 2977 3738 Κυρίῳ
3013 3671 3172 3738 ἡμῶν
3195 3688 3210 3703 ο
3237 3671 3307 3724 δι’
3330 3667 3391 3726 οὖ
3424 3672 3500 3742 τῷ
3537 3673 3692 3741 Πατρὶ
3718 3672 3745 3740 ἡ

2197 3752 2327 3819 δόξα
2348 3754 2426 3816 είς
2459 3756 2588 3833 τοὺς
2625 3757 2833 3821 αἰῶνας
2859 3760 2969 3812 τῶν
3013 3762 3249 3817 αἰώνων.
3294 3766 3492 3835 ’Λμήν.
3528 3783 3546 3816 ι
3596 3762 3751 3826 Μάξι-

2202 3863 2301 3916 μος
2339 3846 2439 3917 μὲν
2474 3843 2569 3899 οὖν
2609 3849 2707 3901 καὶ
2737 3851 2770 3916 ἡ
2801 3851 2857 3902 ὲν
2917 3851 3255 3926 Παλαιστίνῃ
3289 3855 3510 3913 σύνοδος
3550 3851 3748 3906 τοιαῦτα

2201 3936 2342 4007 ὑπὲρ
2392 3937 2716 3992 Ἀθανασίου
2743 3938 3008 4011 ἔγραφον.

515 4029 735 4084 Christo
763 4030 890 4086 Iesu
920 4028 1153 4083 Domino
1206 4038 1429 4088 nostro:
1503 4044 1600 4098 per
1639 4042 1804 4099 quem
1842 4028 2016 4084 ‘Patri
2088 4027 2162 4083 sit
2198 4031 2370 4100 gloria
2429 4033 2485 4088 in
2543 4037 2742 4105 saecula
2803 4039 3151 4095 saeculorum.
3193 4060 3213 4093 ι
3255 4041 3383 4097 Hac
3415 4042 3662 4098 Maximus
3701 4045 3749 4093 et

515 4122 805 4179 Palaestina
827 4122 1071 4194 synodus
1103 4138 1202 4191 pro
1230 4123 1532 4177 Athanasio
1574 4122 1818 4191 scripsit.

1067 4239 1292 4297 CAPUT
1322 4239 1533 4297 XXVII.

2783 4247 3031 4305 ΚΕΦΑΛ.
3069 4251 3192 4303 KZ'.

521 4330 952 4423 Ut'qrsic'ius‘et
993 4328 1219 4423 Valens;
1255 4330 1451 4423 Ἀγξρηί
1501 4328 1738 4423 Iib‘euu‘m
1778 4333 2093 4423 paenitentia

2214 4333 2318 4423 Ὠε
2490 4336 2579 4423 χοι
2643 4336 2943 4423 biectast-oi
2970 4341 3333 4423 Ὀὺριζζκιος.
3379 4349 3476 4423 καὶ
3509 4344 3749 4423 φρᾀλης,

585 4403 733 4459 Julia
764 4400 1003 4470 Romano
1030 4399 1264 4470 pontiﬁci
1291 4399 1611 4454 obtulerint:
1640 4408 1690 4453 et
1724 4399 1785 4454 ut
1819 4400 2097 4456 Nicwnam

584 4474 746 4544 ﬁdem
796 4469 1046 4539 amplexi,
1097 4485 1216 4523 cum
1264 4470 1561 4524 Athanasio
1617 4472 1672 4524 in
1726 4472 1959 4541 gratiam
2009 4488 2098 4526 re-

587 4546 804 4598 dierint.

584 4652 858 4710 Caeterum
894 4650 985 4706 alii
1008 4659 1254 4722 quoque,
1294 4652 1511 4705 tametsi
1546 4650 1752 4721 ingenti
1787 4669 1914 4723 erga
1941 4654 2097 4708 Ariav

518 4760 643 4801 nam
668 4743 995 4814 religionem
1030 4742 1228 4797 ardore
1258 4750 1467 4805 essent,
1495 4742 1548 4795 in
1577 4742 1726 4797 illius
1764 4754 1944 4798 tamen
1967 4760 2099 4799 con-

516 4850 736 4891 cessere
770 4835 1107 4890 sententiam
1135 4853 1148 4889 :
1178 4834 1230 4888 id
1261 4834 1407 4904 quod
1435 4844 1491 4890 et
1520 4833 1774 4891 Ursicius
1800 4834 1876 4906 (I)
1908 4844 1965 4889 et
1990 4836 2097 4892 Va-

514 4928 636 4983 lens
690 4927 893 4992 l'ecere,
950 4928 1045 4997 qui
1105 4943 1231 4983 cum
1292 4927 1613 4996 Theognide
1668 4938 1725 4983 et
1772 4929 1895 4983 aliis
1950 4928 2095 4999 apud

513 5018 814 5074 Mareotem
847 5018 1022 5086 fuere,
1071 5034 1134 5073 ea
1161 5035 1283 5089 quze
1315 5019 1567 5091 Ischyras
1600 5019 1835 5084 dixerat,
1868 5021 1935 5072 de
1960 5034 2097 5073 con-

516 5111 694 5167 tracto
722 5112 951 5182 mystico
998 5112 1222 5182 poculo.
1256 5122 1311 5166 et
1362 5112 1486 5167 aliis
1526 5112 1693 5167 rebus
1724 5113 2093 5183 inquirentes.

519 5203 680 5274 742
721 5203 761 5257 li
804 5204 989 5273 priore
1015 5204 1274 5273 Opinione
1316 5214 1548 5266 mutata,
1584 5202 1814 5258 Romani
1862 5205 2096 5274 profecti

518 5307 684 5350 sunt:
720 5305 887 5365 atque
925 5294 1174 5350 ibiIullo
1202 5296 1466 5364 episcopo
1522 5294 1709 5350 Iibellu
1760 5296 2098 5366 paenitentia:

518 5385 728 5448 oblato,
761 5388 941 5441 victos
978 5400 1037 5440 se
1081 5387 1148 5440 ab
1175 5386 1475 5440 Athanasio
1506 5402 1628 5442 esse
1661 5397 1793 5441 sunt
1837 5386 2094 5453 confessi,

532 5589 561 5595 _
590 5522 666 5589 (l)
701 5521 973 5577 Ursicinm
1016 5524 1108 5579 alii
1151 5523 1440 5579 Ursncium
1488 5534 1711 5595 vocant.
1738 5524 2092 5580 convenienti

518 5589 901 5664 Ilungar‘orunt
937 5595 1134 5663 lingua:
1175 5596 1422 5661 nomine,
1450 5596 1607 5664 quasi
1648 5594 1917 5650 Orsacum
1947 5596 2096 5650 dice-

520 5672 646 5713 rent
678 5677 692 5713 :
730 5662 968 5717 Orsacus
997 5676 1180 5719 autem
1216 5666 1358 5736 apud
1417 5662 1514 5720 eos
1547 5666 1750 5721 nobilis
1774 5673 1829 5720 ct
1858 5679 2091 5737 genero-

2269 4400 2872 4483 βιϐλίονέιεταὶμοίας
2901 4400 3119 4483 δόντες
3155 4400 3380 4483 Ἰουλίῳ
3407 4413 3485 4480 τῷ

2275 4473 2391 4554 chr
2422 4474 2492 4527 ἐν
2519 4474 2737 4554 hincan
2773 4479 2990 4554 πίστιν
3035 4473 3423 4550 ἠσπάσαντο,
3452 4473 3567 4540 ⁷καί

2275 4547 2641 4600 Ἀθανασίυυ
2673 4547 3067 4605 ἐσπείσαντοέ

2270 4657 2347 4710 Οὐ
2394 4660 2502 4728 μὴν
2538 4658 2676 4712 ἀλλά
2731 4661 2826 4714 καὶ
2856 4662 3029 4728 ἄλλοι,
3066 4665 3273 4738 καίπερ
3327 4669 3599 4741 διαπύρως
3630 4668 3749 4741 πρὸς

2201 4746 2302 4817 τὴν
2372 4750 2718 4822 Ἀρειανικὴν
2783 4754 3407 4827 θρησκείαν“ἔχοντες,
3468 4762 3595 4829 πρὸς
3660 4763 3746 4828 τὴν

2200 4840 2413 4893 ἐκείνου
2481 4844 2870 4915 μετερρύησαν
2928 4847 3118 4913 δόξαν·
3181 4847 3271 4906 οἶα
3322 4854 3386 4922 δὴ
3448 4860 3538 4909 καὶ
3574 4851 3748 4924 Οὐρσί-

2199 4949 2317 5003 θειος
2373 4934 2468 4987 καὶ
2525 4935 2746 5009 Οὐάλης
2808 4940 3169 5010 πεπόνθασιν,
3215 4946 3267 4999 οἳ
3321 4951 3418 5002 σὺν
3463 4952 3569 5011 τοῖς
3617 4947 3746 5017 ἀμφὶ

2198 5023 2425 5092 Θέογνιν
2482 5028 2540 5081 ιν
2592 5030 2673 5099 τῷ
2726 5032 3003 5106 Μαρεώτῃ
3050 5036 3335 5106 γενόμενοι
3389 5043 3455 5095 τὰ
3501 5043 3742 5112 εἰρημένα

2212 5115 2519 5188 ἰσχυρίωνι
2564 5121 2981 5194 διαψηλαφῆσαι
3032 5132 3163 5201 περί
3213 5150 3272 5185 τε
3300 5134 3393 5188 τοῦ
3445 5135 3744 5202 κατεαγότος

2201 5212 2469 5280 μυστικοῦ
2515 5217 2779 5286 ποτηρίου
2821 5219 2928 5272 ,καὶ
2974 5219 3083 5273 τῶν
3111 5220 3365 5293 ’λοιπῶν,
3417 5226 3743 5296 μεταθέμενοι

2198 5302 2297 5370 τῆς
2355 5306 2627 5375 προτέρας
2678 5308 2938 5377 σπουδῆς,
2991 5313 3046 5374 ἐς
3107 5313 3332 5388 Ῥώμην
3375 5315 3746 5389 ἀνῄεσανοκαὶ

2212 5395 2418 5467 Ἰουλίῳ
2449 5397 2528 5469 τῷ
2557 5400 2763 5471 ταύτης
2792 5406 3077 5478 ὲπισκόπῳ
3111 5407 3321 5478 βιϐλίον
3349 5411 3624 5482 μετανοίας
3646 5409 3746 5463 δόν-

2199 5549 2296 5588 sus
2333 5534 2713 5618 dicitur.__sive
2743 5542 3005 5618 nobilitas
3036 5546 3173 5618 ipsa.
3215 5548 3413 5605 Ursicii
3443 5559 3497 5603 et
3528 5542 3746 5604 Valentis

2200 5608 2542 5673 poenitentiae
2566 5608 2786 5666 libellus
2814 5611 2962 5671 Julio
2994 5608 3255 5690 episcopo
3282 5620 3439 5676 Rom.
3465 5624 3683 5675 oblatus.
