3988 6190
295 319 392 381 329

1203 314 1805 380 ECCLESIASTlC/E
1848 312 2235 377 HISTORLE
2278 319 2430 378 LIB.
2472 318 2578 379 IX.

3406 325 3510 390 330

289 447 391 495 τις,
420 428 511 498 τὴν
556 429 651 482 επὶ
697 430 1005 503 Ἀθανασίῳ
1040 429 1211 506 ἧτταν
1258 432 1594 500 ὡμολόγουν,
1638 429 1734 482 καὶ
1766 426 1843 495 τῷ

1951 427 2225 497 simulque
2253 429 2308 484 in
2332 442 2617 499 posterum
2642 446 2700 486 se
2728 430 2807 500 τῷ
2837 431 3132 503 ὀμοουσίῳ,
3157 437 3514 493 consubstan-

288 520 536 589 ὁμοουσίῳ
563 521 656 573 τοῦ
687 522 879 575 λοιποῦ
910 527 1144 594 στοιχεῖν
1175 524 1480 593 ἐπεκύρουν
1504 540 1517 553 ·
1569 522 1665 575 καὶ
1694 520 1842 589 αύτῷ

1947 515 2093 579 tiali,
2119 533 2440 573 assensurus
2487 536 2607 575 esse
2640 530 2989 591 receperunt.
3013 523 3093 576 Ad
3124 526 3303 591 ipsum
3347 527 3512 581 etiam

288 613 337 665 δὲ
401 610 697 680 Ἀθανασίῳ
752 615 1097 681 γρὲφοντες,
1161 613 1500 683 φιλοφρόνως
1560 612 1841 665 κοινωνεῖν

1946 606 2301 662 Athanasium
2334 611 2661 676 scribentes,
2681 611 2919 682 benigne
2941 627 3001 668 se
3030 628 3153 667 cum
3182 628 3247 668 eo
3269 631 3510 669 commu-

289 703 425 772 αὑτῷ
458 703 641 766 ἠξίουν
659 719 674 733 ο
700 705 730 756 ὃ
750 704 887 770 δῆτα
918 707 1239 775 περιφανῶς
1267 706 1347 766 είς
1388 707 1645 772 μέγιστον
1683 701 1842 755 καθί-

289 812 438 848 στατο
462 795 731 864 θρίαμϐον
759 798 833 857 ὡς
877 796 1081 859 ἀδίκως
1123 799 1172 849 oi
1197 800 1255 848 ὲν
1288 796 1451 866 Τύρῳ
1488 788 1640 849 ’κατὰ
1681 793 1843 846 Ἀθα-

287 884 456 936 νασίου
505 886 606 945 τὰς
640 885 854 953 ψήφους
909 886 1235 954 ἐξήνεγκαν.
1275 887 1343 937 Ἀ
1397 884 1456 937 δὲ
1505 883 1586 950 τῷ
1624 882 1843 952 Ῥώμης

290 977 517 1043 ἔγραφον
552 976 780 1044 Ἰουλίῳ,
834 972 977 1045 ἦσαν
1014 975 1188 1028 ταῦτα
1211 991 1226 1007 ·
1268 995 1287 1027 ι
1337 974 1524 1043 Κυρίῳ
1559 990 1844 1043 μακαριω-

283 1070 416 1136 τὰτῳ
446 1069 648 1137 πάππα
684 1066 889 1133 Ἰουλίῳ
915 1068 1208 1134 υύρσίκιος
1240 1067 1333 1118 καὶ
1347 1065 1583 1132 Οὐάλης.
1622 1064 1842 1134 Ἐπειδὴ

285 1161 604 1224 συνέστησεν
637 1160 784 1227 ἡμᾶς
845 1158 1017 1211 πολλά
1059 1174 1121 1210 τε
1169 1160 1279 1226 πρὸ
1321 1160 1518 1209 τούτου
1554 1157 1647 1208 καὶ
1694 1155 1844 1208 δεινὰ

284 1252 402 1320 περὶ
445 1250 771 1303 Ἀθανασίου
831 1248 927 1302 τοῦ
987 1251 1290 1301 ἐπισκόπου
1350 1248 1439 1300 διὰ
1496 1247 1844 1316 γραμμάτων

280 1342 424 1409 ἡμῶν
469 1341 937 1408 ὑποδεδληκέναι,
988 1342 1288 1411 γράμμασι
1324 1344 1425 1410 τῆς
1477 1340 1577 1408 σῆς
1609 1340 1845 1409 χρηστό⁴

280 1448 427 1500 τητος
461 1432 904 1501 μεθοδευθέντες,
931 1432 1029 1484 τοῦ
1060 1433 1388 1502 πράγματος
1432 1431 1593 1501 χάριν
1629 1433 1758 1499 περὶ
1781 1429 1841 1483 οὗ

280 1527 507 1597 ὲδηλώσα
519 1544 641 1596 μεν.
664 1527 765 1579 οὑκ
784 1526 1135 1596 ἠδυνήθημεν
1164 1526 1323 1593 λόγον
1349 1524 1645 1579 ἀποδοῦναι
1674 1541 1688 1555 ·
1715 1526 1845 1594 ὀμο-

278 1619 537 1688 λογοῦμεν
588 1619 739 1689 παρὰ
769 1621 836 1689 τῇ
894 1622 961 1688 σῇ
995 1620 1349 1688 χρηστότητι,
1408 1620 1694 1688 παρόντων
1735 1620 1843 1671 τῶν

277 1712 513 1777 ἀδελφῶν
540 1713 571 1780 ἡ
582 1711 701 1780 μῶν
727 1713 949 1763 πάντων
974 1711 1085 1762 τῶν
1114 1709 1522 1787 πρεσβυτέρων,
1550 1710 1634 1764 ὅτι
1662 1710 1843 1764 πάντα.

274 1805 334 1857 τὰ
366 1806 470 1872 πρὸ
531 1804 725 1855 τούτου
774 1802 1001 1855 ἐλθόντα
1055 1802 1135 1864 είς
1167 1802 1266 1863 τὰς
1295 1803 1468 1864 ἀκοὰς
1526 1801 1680 1870 ὑμῶν
1711 1804 1843 1872 περὶ

272 1896 359 1948 τοῦ
386 1897 655 1964 ὀνόματος
707 1895 803 1947 τοῦ
850 1895 1257 1964 προειρημένου
1297 1894 1623 1948 Ἀθανασίου
1670 1894 1840 1964 ψευδῆ

270 1989 355 2042 καὶ
396 1986 623 2040 πλαστὰ
667 1988 807 2051 ἐστι,
838 1987 974 2039 πᾶσί
1000 2002 1062 2038 τε
1109 1986 1339 2055 δυνάμει
1370 1986 1626 2053 ἀλλότρια
1675 1986 1841 2038 αὑτοῦ

269 2081 552 2151 τυγχάνει.
591 2082 689 2133 Διά
734 2094 820 2132 τοι
852 2080 1015 2131 τοῦτο
1059 2078 1232 2148 ἡδέως
1275 2077 1706 2147 ἀντιποιούμεθα
1740 2078 1841 2147 τῆς

267 2172 556 2235 κοινωνίας
604 2172 701 2226 τοῦ
747 2172 1157 2243 προειρημένου
1202 2171 1528 2224 Ἀθανασίου
1556 2188 1571 2203 υ
1607 2171 1843 2240 μάλιστα

265 2265 339 2316 ὃτι
369 2265 400 2333 ὴ
431 2261 729 2315 θεοσέῦειά
764 2278 858 2315 σου
888 2259 1033 2313 κατὰ
1060 2258 1162 2329 τὴν
1192 2260 1434 2327 ἔμφυτον
1461 2258 1633 2328 αὐτῆς
1675 2259 1841 2311 καλο-

265 2355 541 2421 καγαθίαν
588 2355 654 2423 τῇ
708 2353 888 2422 πλάνῃ
938 2350 1095 2420 ἡμῶν
1145 2350 1480 2417 συγγνώμην
1532 2348 1841 2416 κατηξίωσε

263 2446 460 2499 δοῦναι.
512 2441 921 2515 Ὀμολογοῦμεν
953 2446 1045 2495 καὶ
1073 2442 1253 2504 τοῦτο,
1300 2442 1381 2493 ὃτι
1411 2440 1506 2492 ἐὰν
1531 2456 1659 2491 ποτε
1693 2440 1843 2507 ἡμᾶς

265 2540 306 2591 οἱ
335 2538 662 2592 ἀνατολικοι
714 2537 1038 2604 θελήσωσιν,
1088 2533 1121 2602 ἢ
1159 2533 1256 2586 καὶ
1313 2532 1478 2593 αὑτὸς
1523 2531 1841 2592 Ἀθανάσιος

263 2630 628 2701 κακοτρὸπως
680 2630 811 2699 περὶ
863 2626 1059 2679 τούτου
1112 2626 1193 2686 είς
1240 2623 1424 2693 κρίσιν
1463 2622 1713 2687 καλέσαι,
1767 2623 1842 2692 μὴ

262 2720 607 2791 ἀπέρχεσθαι
637 2719 794 2788 παρὰ
838 2716 1071 2786 γνώμην
1099 2715 1198 2777 τῆς
1250 2714 1348 2783 σῆς
1385 2712 1704 2775 διαθέσεως.
1738 2712 1844 2765 Τὸν

264 2813 315 2866 δὲ
343 2811 634 2882 αἱρετικὸν
672 2812 891 2879 Ἀρειον
927 2810 1022 2861 καὶ
1067 2807 1193 2867 τοὺς
1228 2806 1704 2873 ὑπερασπίζοντας
1746 2804 1845 2855 αὑ-

268 2905 532 2969 τοῠ,τοὺς
564 2904 847 2971 λέγοντας,
869 2897 979 2954 Ἦν
1008 2913 1141 2950 ποτε
1164 2898 1255 2950 ὅτε
1292 2897 1396 2948 οὐκ
1419 2890 1488 2965 ἦν
1508 2898 1536 2947 ὁ
1564 2893 1714 2959 Υἱὸς,
1748 2892 1845 2945 καὶ

266 2998 340 3050 δτι
370 2999 435 3049 ὲκ
465 2995 575 3048 τοῦ
626 2996 703 3065 μὴ
747 2994 899 3054 ὄντος
943 2993 972 3043 ὁ
1000 2990 1237 3061 Χριστός
1272 2989 1413 3052 ἐστι,
1448 2985 1544 3038 καὶ
1583 2987 1709 3048 τοὺς
1744 2986 1845 3055 ἀρ-

1948 699 2232 754 nicaturos
2268 716 2388 755 esse
2413 702 2812 770 significarent.
2840 703 2972 770 Qua:
3013 721 3147 760 sane
3197 723 3285 761 res
3330 706 3515 777 publi-

1947 788 2089 841 citus
2140 790 2193 842 in
2253 791 2546 845 niaximum
2600 793 2775 846 evasit
2825 794 2996 847 veluti
3044 795 3383 865 triumphum
3459 807 3517 850 et

1945 877 2339 934 documentum
2404 892 2638 945 eertum,
2696 883 2913 952 iniquas
2968 900 3091 940 esse
3150 887 3276 956 Tyri
3338 888 3515 942 diaetas

1945 970 2191 1041 latasque
2245 973 2299 1026 in
2361 972 2718 1029 Athanasium
2784 977 3105 1032 sententias.
3166 978 3246 1032 Ad
3305 977 3514 1033 Iulium

1946 1065 2265 1132 episcopum
2298 1066 2605 1120 Romanum
2632 1083 2755 1137 qua!
2784 1069 3145 1137 scripserant.
3179 1070 3293 1124 hare
3323 1070 3511 1126 fuere:

1953 1156 2303 1211 «Beatissimo
2348 1157 2572 1213 domino
2599 1175 2750 1229 pape
2796 1161 2962 1225 Julio,
3021 1162 3266 1217 Ursicius
3305 1172 3361 1217 et
3413 1163 3520 1219 Va-

1945 1245 2101 1301 lens:
2138 1246 2591 1317 Quandoquidem
2616 1253 2847 1306 antehac
2879 1254 3051 1307 multa
3109 1263 3164 1308 et
3223 1255 3404 1324 gravia
3449 1254 3517 1307 de

1948 1339 2254 1393 Athanasio
2300 1340 2561 1409 episcopo
2624 1345 2846 1412 scriptis
2899 1347 3104 1399 nostris
3155 1361 3255 1401 nos
3303 1356 3518 1402 constat

1947 1428 2304 1499 snggessisse,
2337 1444 2516 1501 neque
2540 1433 2800 1489 bonitatis
2837 1444 2947 1489 tua:
2974 1436 3177 1491 litteris
3206 1439 3259 1492 in
3288 1449 3516 1494 senten-

1944 1516 2089 1574 tianf
2115 1522 2278 1576 aliam
2329 1524 2647 1580 traductos:
2714 1528 2935 1597 negetio
2964 1544 3031 1581 eo
3066 1530 3135 1584 de
3182 1545 3290 1599 quo
3341 1532 3409 1585 ad
3463 1541 3517 1586 te

1947 1615 2276 1682 scripsimus
2338 1616 2654 1685 impeditos,
2706 1619 2975 1674 rationem
3040 1636 3231 1675 eorum
3283 1622 3517 1678 reddere

1946 1706 2234 1774 potuisse:
2270 1706 2476 1762 idcirco
2512 1710 2879 1778 praesentibus
2913 1727 3060 1766 nunc
3094 1712 3360 1767 fratribus
3414 1730 3514 1768 uo-

1944 1795 2074 1849 stris
2115 1797 2451 1865 presbyteris
2486 1799 2745 1853 omnibus
2769 1800 2910 1869 apud
2940 1802 3333 1856 humanitatem
3368 1814 3514 1857 tuam

1947 1887 2270 1955 profitemur
2323 1889 2507 1942 omnia
2544 1905 2885 1960 quaecunque
2939 1903 3096 1946 antea
3151 1893 3219 1946 de
3272 1894 3516 1953 nomine.

1943 1992 2105 2044 quem
2142 1979 2714 2043 diximus,Athanasii
2755 1983 2820 2037 ad
2878 1998 3040 2037 aures
3081 1996 3297 2057 Vestras
3328 2002 3517 2054 perveo

1946 2083 2101 2132 nere,
2145 2068 2278 2123 falsa
2306 2080 2362 2123 et
2407 2072 2662 2137 conficta,
2693 2073 2982 2143 modisque
3035 2077 3296 2131 ommbus
3339 2078 3515 2132 aliena

1943 2161 2011 2214 ab
2048 2177 2115 2214 eo
2148 2176 2290 2215 esse.
2322 2163 2669 2232 Quapropter
2697 2167 3144 2219 communionem
3169 2169 3289 2239 ejus
3319 2170 3518 2238 cupide

1943 2253 2284 2315 aiiectamus,
2322 2258 2596 2325 pra'cipue
2637 2272 2761 2309 cum
2796 2259 2972 2325 pictas
3028 2269 3139 2322 tua,
3202 2277 3299 2330 pro
3340 2260 3516 2315 insita

1943 2344 2050 2398 sibi
2077 2345 2416 2415 integritate,
2464 2348 2692 2415 gratiam
2730 2347 2888 2402 nobis
2932 2350 3141 2403 erroris
3197 2351 3376 2405 facere
3428 2363 3515 2405 est

1946 2435 2191 2505 dignata.
2223 2437 2559 2492 Proﬁtemnr
2595 2449 2651 2491 et
2682 2437 2841 2501 illud,
2868 2439 2911 2492 si
2957 2440 3178 2508 quando
3208 2441 3517 2494 Orientales

1951 2526 2208 2596 maligne,
2243 2536 2336 2582 aut
2373 2527 2486 2597 ipse
2515 2530 2681 2584 etiam
2707 2531 3061 2596 Athanasius,
3100 2546 3199 2584 nos
3228 2530 3296 2584 de
3333 2534 3431 2586 hac
3459 2548 3516 2585 re

1948 2619 2111 2688 injus
2135 2633 2331 2673 vocare
2367 2620 2664 2684 voluerint,
2683 2637 2784 2675 nos
2810 2630 3011 2691 prmter
3060 2622 3228 2675 animi
3259 2621 3335 2675 tui
3392 2638 3518 2676 sen-

1947 2711 2173 2763 tentiam
2205 2725 2272 2764 eo
2322 2727 2431 2765 non
2468 2712 2663 2768 ituros.
2699 2714 2888 2767 Arium
2942 2722 3125 2767 autem
3177 2714 3515 2779 hmreticum,

1946 2806 2172 2874 ejusque
2228 2805 2569 2871 defensores,
2637 2809 2731 2875 qui
2793 2807 3004 2875 dicunt,
3073 2808 3177 2864 fuit
3219 2810 3517 2881 aliquando

1950 2904 2162 2967 tempus
2192 2913 2319 2952 cum
2353 2914 2461 2953 non
2500 2900 2604 2955 fuit
2639 2902 2811 2956 Filius
2837 2921 2850 2957 :
2874 2911 2951 2968 et,
2984 2902 3262 2958 Christum
3293 2921 3354 2957 ex
3408 2919 3517 2958 non

1945 2991 2247 3047 exsistente
2286 3008 2448 3047 esse:
2491 3004 2567 3056 et,
2608 2995 2704 3064 qui
2753 2994 3032 3048 Christum
3066 2996 3234 3049 Deum
3280 3010 3403 3049 esse
3461 3008 3521 3050 et

270 3091 564 3160 νουμένους
611 3088 705 3140 τὸν
739 3086 978 3157 Χριστον
1010 3083 1148 3137 Θεὸν
1196 3078 1362 3147 εἶναι,
1412 3082 1510 3133 καὶ
1545 3078 1673 3131 Υίὺν
1704 3077 1842 3131 Θεοῦ

1946 3082 2144 3137 Filium
2170 3083 2263 3138 Dei
2291 3096 2417 3140 ante
2444 3086 2640 3141 salenla
2671 3097 2872 3156 negant
2898 3128 2914 3152 ,
2941 3087 3102 3140 sicuti
3138 3098 3193 3141 et
3230 3087 3283 3139 in
3338 3088 3520 3155 priore

268 3182 367 3249 πρὸ
393 3180 642 3240 αἰώνων,
685 3174 870 3239 καθὼς
928 3177 1018 3229 καὶ
1068 3175 1127 3226 ὲν
1179 3172 1259 3242 τῷ
1311 3171 1566 3240 προτέρῳ
1613 3168 1842 3238 nemo

269 3274 471 3328 ἑαυτῶν
509 3276 575 3325 ὲν
616 3274 685 3342 τῇ
719 3269 1070 3324 Μεδιολάνων
1119 3263 1553 3331 ὲπιδεδώκαμεν,
1603 3263 1700 3315 καὶ
1747 3261 1843 3312 νῦν

267 3365 768 3437 ἁναθεματίζομιν.
802 3362 991 3416 Ταῦτα
1016 3358 1074 3412 δὲ
1103 3362 1170 3429 τῇ
1198 3357 1350 3429 χειρὶ
1385 3356 1565 3409 αὑτῶν
1599 3354 1846 3425 γράψαν-

266 3475 371 3525 τες,
394 3456 778 3529 ὁμολογοῦμεν
799 3454 963 3509 πάλιν
986 3452 1070 3505 ὅτι
1098 3452 1199 3519 τὴν
1230 3451 1285 3503 Ἀ
1296 3446 1580 3520 ρειανικὴν
1607 3447 1843 3513 αἵρεσιν,

269 3552 408 3605 καθὰ
433 3548 809 3618 προείπομεν,
835 3546 931 3601 καὶ
961 3544 1090 3606 τοὺς
1118 3541 1325 3612 ταύτης
1378 3540 1643 3603 αὐθέντας
1682 3557 1845 3594 κατε-

269 3641 538 3709 κρίναμεν
569 3636 650 3698 είς
689 3634 784 3686 τὸν
816 3632 1015 3687 αἰῶνα.
1062 3628 1207 3698 Ἐγὼ
1253 3628 1562 3699 Οὑρσὰκιος
1598 3629 1666 3698 τῇ
1713 3628 1845 3698 ὀμο-

265 3732 418 3802 λογίᾳ
479 3746 590 3799 μου
638 3727 815 3798 ταύτῃ
855 3724 1074 3796 παρὼν,
1109 3722 1412 3793 ὑπέγραψα
1436 3736 1454 3754 ο
1497 3720 1764 3798 ὡσαύτως
1788 3719 1845 3772 δὲ

267 3829 354 3876 καὶ
401 3822 649 3892 ούάλης.
689 3839 710 3872 ι
746 3817 938 3872 Ταῦτα
971 3817 1073 3889 μιν
1119 3815 1258 3886 πρὸς
1302 3812 1556 3867 Ἰούλιον*
1581 3810 1617 3865 ἃ
1648 3812 1708 3865 δὲ
1750 3812 1846 3864 καὶ

277 3911 588 3978 Ἀθανασίῳ
644 3911 895 3979 ἔπεμπον
952 3909 1011 3961 ἐν
1071 3905 1285 3967 τούτοις
1341 3900 1521 3975 ἦσαν’
1575 3923 1594 3954 ι
1657 3903 1845 3972 Κυρίῳ

263 4005 477 4075 ἀδελφῷ
510 4002 821 4072 ’Δθανασίιρ
847 4000 1138 4068 ὲπισκὸπῳ
1169 3997 1478 4068 Ούρσάκιος
1506 3998 1600 4050 καὶ
1628 3997 1844 4063 Οὐάλης

263 4098 587 4151 ἐπίσκοποι.
634 4092 923 4165 Ἀφορμην
952 4093 1205 4161 εὑρόντες
1235 4089 1326 4142 διὰ
1356 4088 1452 4141 τοῦ
1488 4087 1721 4156 ἁδελφοῦ
1750 4086 1844 4139 καὶ

266 4186 765 4258 συμπρεσσυτέρου
800 4184 962 4255 ἡμῶν
1008 4183 1311 4247 Μουσαίου,
1350 4180 1654 4251 ἐρχομένου
1703 4180 1845 4248 πρὸς

263 4278 361 4349 τὴν
390 4278 493 4348 σὴν
525 4276 779 4346 ἀγάπην,
817 4274 1018 4342 ἀδελφὲ
1050 4272 1329 4342 ἅγαπητὲ,
1355 4271 1445 4323 διὰ
1471 4268 1631 4322 τοῦτό
1658 4285 1718 4321 σε
1751 4270 1843 4321 καὶ

263 4373 407 4425 πάνυ
436 4370 935 4441 προσαγορεύομεν
980 4368 1090 4419 ἀπὸ
1120 4366 1217 4434 τῆς
1263 4363 1541 4423 ’Δκυλιίας
1567 4378 1582 4393 ⁸
1616 4365 1713 4415 καὶ
1756 4363 1845 4414 εύ-

1948 3172 2134 3229 libello
2155 3184 2347 3231 nostro
2380 3176 2672 3231 Mediolani
2722 3179 2927 3243 oblato,
2992 3178 3065 3233 ita
3110 3195 3256 3234 nunc
3301 3194 3521 3249 quoque

1945 3266 2291 3323 anathemate
2325 3277 2654 3324 maetamus.
2688 3269 2815 3323 Haec
2862 3280 3043 3325 autem
3106 3287 3363 3325 manuum
3417 3285 3520 3325 no-

1945 3366 2184 3411 stramm
2211 3359 2619 3429 subscriptione
2649 3359 2998 3426 adnotantes,
3059 3362 3258 3414 iterum
3291 3361 3519 3414 iterum-

1946 3463 2054 3518 que
2080 3448 2427 3518 proﬁtemur,
2459 3465 2583 3515 nos,
2629 3452 3095 3519 quemadmodum
3159 3451 3320 3506 modo
3368 3453 3516 3506 dixi-

1948 3555 2092 3603 mus,
2121 3540 2378 3594 Arianam
2419 3541 2676 3597 haeresim
2704 3550 2759 3597 et
2789 3552 3051 3598 auctores
3107 3545 3229 3614 ejus
3257 3543 3520 3599 damnare

1949 3631 2005 3683 in
2039 3631 2298 3685 saeculum
2332 3669 2346 3684 .
2407 3632 2523 3703 Ego
2559 3632 2823 3688 Ursacius
2856 3632 3186 3702 professioni
3215 3633 3520 3706 huic.me:e

1949 3737 2192 3789 praesens
2220 3718 2523 3793 subscripsi
2551 3741 2563 3777 :
2597 3723 2785 3779 itidem
2818 3738 2952 3778 vero
2980 3734 3035 3779 et
3092 3726 3310 3781 Valens.
3342 3745 3359 3774 ι
3393 3725 3522 3780 llaec

1948 3811 2171 3882 quidem
2201 3814 2268 3868 ad
2307 3812 2540 3868 Julium.
2589 3817 2722 3881 Quae
2746 3831 2881 3871 vero
2904 3818 2969 3869 ad
2995 3816 3352 3871 Athanasium
3378 3818 3520 3872 scri-

1949 3919 2130 3974 psere,
2170 3907 2249 3960 sic
2312 3905 2625 3961 habebant:
2683 3925 2701 3958 ι
2744 3908 2976 3962 Domino
3012 3908 3164 3963 fratri
3221 3911 3522 3965 Athanasio

1946 3998 2229 4067 episcopo,
2258 3996 2520 4053 Ursacius
2548 4006 2605 4053 et
2626 3997 2830 4053 Valens
2848 4001 3091 4070 episc0pi
3114 4021 3127 4055 :
3150 4001 3514 4056 Occasionem

1947 4105 2047 4159 per
2076 4088 2300 4144 fratrem
2318 4099 2375 4145 et
2412 4091 2926 4163 compresbyterum
2953 4102 3203 4147 nostrum
3238 4094 3518 4161 Musaeum,

1947 4179 2109 4251 7&3
2138 4180 2232 4250 qui
2259 4180 2324 4235 ad
2353 4180 2702 4236 dilectionem
2732 4191 2877 4237 tuam
2907 4183 3297 4253 proficiscitur,
3351 4185 3521 4240 frater

1947 4275 2167 4339 dilecte,
2200 4275 2367 4341 nacti,
2403 4275 2845 4344 compellandum
2883 4286 2935 4331 te
2976 4293 3044 4331 ex
3095 4277 3210 4347 ipsa
3268 4279 3519 4350 Aquileia

1950 4364 2243 4419 duximus:
2271 4376 2548 4436 optantes,
2573 4378 2629 4421 ut
2670 4368 3088 4425 saltuslitteras
3110 4380 3324 4426 nostras
3350 4371 3520 4442 legas.

265 4439 494 4532 χόμεθᾶὴ
546 4478 605 4514 σε
643 4439 957 4527 ὑγιαίνοντα
1007 4458 1075 4511 τὰ
1125 4457 1437 4528 γράμματα
1474 4455 1543 4507 τὰ.
1595 4456 1842 4525 ἡμέτερα

1949 4457 2135 4511 Addes
2162 4469 2343 4513 autem
2369 4460 2529 4514 nobis
2590 4461 2867 4528 fiduciam,
2903 4463 2948 4516 si
3005 4472 3061 4516 tu
3107 4478 3326 4532 quoque
3384 4439 3522 4518 scri-

265 4557 599 4624 ἁναγνῶναι.
633 4554 835 4615 Δὼσεις
860 4552 972 4621 γὰρ
998 4552 1130 4621 ἡμῖν
1164 4549 1408 4620 θαρρεῖν,
1436 4547 1534 4600 ἐὰν
1569 4547 1664 4600 καὶ
1697 4547 1761 4598 σὺ
1784 4550 1841 4599 ἐν

265 4647 341 4716 τῷ
369 4649 612 4717 γράφειν
635 4645 851 4712 ἀποδῷς
879 4644 1015 4712 ἡμῖν
1040 4642 1140 4712 τὴν
1170 4640 1432 4710 ἀμοιϐήν.
1466 4640 1707 4691 Γίνωσκε
1732 4637 1840 4708 γὰρ

268 4742 410 4806 ἡμᾶς
446 4738 676 4809 είρήνην
701 4736 845 4806 ἔχειν
879 4734 1019 4802 μετὰ
1069 4733 1163 4787 σοῦ
1195 4733 1289 4787 καὶ
1314 4731 1616 4786 ικοινωνίαν
1642 4730 1843 4801 ἐκκληι-

268 4832 576 4900 σιιστικήν.
611 4830 721 4882 Καὶ
747 4829 955 4882 τούτων
979 4827 1268 4897 γνώρισμα
1302 4826 1337 4897 ἠ
1374 4825 1464 4878 διὰ
1494 4823 1702 4877 τούτων
1729 4822 1839 4876 τῶν

264 4924 614 4992 γραμμάτων
667 4922 1040 4993 προσηγορία.
1082 4939 1101 4973 ι
1134 4922 1218 4973 Τὰ
1246 4921 1348 4989 μὲν
1376 4915 1470 4973 οὖν
1511 4917 1653 4973 κατὰ
1691 4917 1848 4970 Ἀθα-

266 5018 449 5066 νὰσιον
494 5018 551 5067 ὲν
578 5014 790 5078 τούτοις
824 5010 965 5087 ἦσαν
986 5030 1002 5045 ο
1030 5015 1125 5065 καὶ
1175 5011 1351 5075 οὕτως
1390 5011 1450 5075 ἐξ
1497 5008 1736 5079 ἑσπέρας
1767 5011 1849 5069 είς

264 5108 363 5177 τὴν
400 5109 543 5175 πρὸς
574 5109 691 5161 Ἕω
718 5108 1033 5177 ἀρχομένην
1063 5103 1372 5158 ἐπανελθὼν
1402 5103 1527 5157 κατ’
1541 5103 1844 5171 Αἴγυπτον,

264 5212 369 5260 τις
414 5199 712 5267 ἐκκλησίας
747 5198 975 5251 διεῖπεν.
1025 5195 1307 5258 Ὡσαύτως
1350 5195 1407 5248 δὲ
1460 5195 1555 5247 καὶ
1607 5193 1843 5256 Παῦλος,

262 5292 360 5343 καὶ
406 5288 754 5359 Μάρκελλος,
818 5287 1132 5358 ’Λσκληπᾶς
1159 5302 1221 5340 τε
1268 5286 1365 5340 καὶ
1421 5286 1674 5350 Λούκιος,
1710 5286 1840 5348 τοὺς

266 5383 435 5443 ἰδίους
465 5382 662 5444 τόπους
694 5380 992 5434 ἁπέλαδον.

490 5799 754 5856 Ρλτιιυι..
788 5798 907 5858 Gtt.
939 5794 1183 5857 CXLVI

1950 4550 2128 4603 bendo
2159 4552 2318 4606 nobis
2350 4551 2723 4621 responderis.
2757 4554 2907 4608 Scito
2932 4568 3171 4621 namque
3206 4568 3305 4607 nos
3328 4569 3517 4622 pacem

1949 4651 2131 4695 tecum
2183 4643 2405 4706 habere,
2445 4655 2499 4698 et
2530 4643 2953 4697 ecclesiasticam
2989 4654 3167 4698 tecum
3214 4645 3520 4698 communi-

1947 4746 2073 4787 care
2096 4733 2567 4801 conjunctionem.
2616 4732 2880 4786 Indicium
2937 4749 3127 4787 earum
3198 4748 3383 4788 rerum
3434 4744 3520 4789 est

1948 4823 2259 4878 litterarum
2297 4833 2609 4877 nostrarum
2645 4824 2833 4877 isthrec
2859 4825 3262 4893 compellatio.»
3300 4825 3407 4881 lies
3442 4826 3518 4880 A-

1950 4916 2188 4970 thanasii
2221 4915 2296 4970 ita
2330 4930 2389 4969 se
2413 4915 2679 4969 habuere.
2708 4914 2773 4968 Et
2799 4924 2877 4970 sic
2910 4916 3000 4971 ille
3028 4932 3093 4971 ex
3142 4917 3435 4973 Occidente
3461 4918 3516 4972 in

1945 5006 2261 5063 Orientales
2284 5016 2470 5077 partes
2521 5021 2805 5071 reversus,
2854 5008 3114 5065 ecclesias
3172 5010 3226 5063 in
3281 5009 3517 5082 Egypto

1945 5114 2142 5156 rursus
2172 5099 2523 5169 gubernavit.
2555 5099 2753 5154 itidem
2786 5115 2919 5155 vero
2948 5109 3003 5155 et
3030 5101 3236 5157 Paulus
3276 5113 3330 5158 et
3379 5104 3519 5157 Mar-

1945 5193 2139 5261 cellus,
2160 5194 2511 5266 etAsclepas,
2541 5204 2597 5251 et
2629 5194 2855 5262 Lucius,
2886 5197 3048 5254 sedes
3077 5212 3206 5252 suas
3237 5213 3513 5267 recepere.

3075 5793 3149 5858 11
