3988 6190
267 288 358 349 333

1161 276 1770 346 ECCLESIASTleE
1810 273 2207 344 HISTORIA;
2243 286 2392 346 LIB.
2436 286 2537 346 1X.

3386 289 3489 350 331

265 408 417 464 Θεσιν,
453 398 669 464 ἀτάκτῳ
701 394 852 464 ῥύμῃ
884 392 1100 456 θέοντες
1137 395 1476 461 συνεχέοντο,
1510 395 1604 446 καὶ
1647 397 1800 447 κατέ-

1916 414 2149 468 corpore
2203 411 2376 463 caret,
2436 408 2607 463 ratus,
2670 398 2835 452 miser
2889 397 3149 468 conjecit.
3226 399 3485 468 Ephraim

265 509 446 547 πιπτον
489 489 747 554 ἀκόσμως
800 484 1318 554 ἀποδιδράσκοντες.
1366 485 1647 556 Σαῦώριος
1679 487 1724 539 δ’
1751 488 1815 540 ἐκ

266 581 455 653 μικρῶν
500 578 594 644 τὴν
631 577 876 645 μεγάλην
908 575 1045 627 Θεοῦ
1080 575 1401 644 συμμαχίαν
1453 579 1813 648 μεμαθηκὼς,

223 677 346 738 ,xa‘t
390 671 551 723 πολλὰ
580 667 789 739 δράσας
835 670 899 735 τῇ
941 667 1169 737 τοιαύτῃ
1215 669 1503 737 στρατείᾳ,
1542 669 1693 738 ὅμως
1731 672 1815 724 αι-

265 767 443 834 σχύνης
475 762 728 831 ἔμπλεως
763 759 976 811 ἐκεῖθεν
1007 760 1364 828 ἀνέστρεφεν,
1399 759 1578 829 ἐαυτῴ
1614 762 1815 830 μᾶλλον

259 864 309 912 οι)
359 858 526 926 νίκην,
576 855 692 909 ἀλλ’
749 851 922 925 ἧτταν
970 854 1564 922 πραγματευσάμενος.
1629 857 1720 910 Ἐν
1756 858 1815 910 δὲ

261 952 324 1018 τῷ
347 951 471 1017 πρὸς
493 948 606 1000 Ἕω
630 947 886 1016 Περσικῷ
911 945 1136 1014 πολέμῳ
1159 945 1493 1016 διατρίϐοντι
1524 947 1816 1002 Κωνσταν-

257 1045 360 1110 τίῳ,
398 1042 727 1107 Μαγνέντιος
760 1040 818 1092 ὲν
859 1038 1100 1108 Ἐσπέρᾳ
1129 1037 1394 1105 τύραννος
1434 1037 1575 1109 ἤρθη
1601 1055 1618 1070 ο
1647 1039 1706 1103 ὃς
1738 1040 1803 1110 δὴ

255 1131 582 1200 τὸνβασιλέα
632 1129 972 1182 Κώνσταντα
1025 1130 1088 1180 ὲκ
1130 1129 1399 1198 συσκευῆς
1429 1130 1643 1198 ἀναιρεῖ
1685 1133 1814 1200 περὶ

256 1225 519 1287 Γαλατίαν,
555 1223 650 1275 καὶ
676 1223 776 1288 τὴν
819 1221 914 1273 ὑπ’
944 1220 1094 1289 αὑτῷ
1129 1221 1446 1291 ἀρχομένην
1489 1221 1581 1291 ὑφ’
1612 1223 1810 1276 ἑαυτοῦ

256 1318 489 1368 ποιεῖται.
536 1314 616 1365 Δι’
663 1308 726 1366 οὗ
759 1310 1027 1380 ἐμφύλιος
1079 1313 1226 1381 μάχη
1266 1313 1575 1367 συνίστατο.
1617 1313 1724 1366 Τοῦ
1757 1313 1813 1366 δὲ

251 1409 334 1475 τὴν
359 1409 590 1475 ἄκρατον
648 1404 832 1473 ῥύμην
874 1402 1106 1455 δείσασα
1154 1403 1509 1457 Κωνσταντία
1554 1403 1647 1457 τοῦ
1679 1421 1814 1470 κρα-

249 1499 440 1560 τοῦντος
471 1500 501 1564 ὴ
535 1496 741 1562 ἀδελφὴ
768 1534 782 1557 ,
822 1493 1154 1563 Βρετανίωνι
1201 1497 1295 1546 τὸν
1329 1495 1614 1563 βασιλικὸν
1652 1509 1812 1566 περι-

248 1589 408 1654 τίθησι
442 1589 732 1655 στέφανον,
765 1587 860 1638 καὶ
894 1585 1254 1638 ἀνθίστασθαι
1295 1586 1373 1655 τῷ
1408 1587 1660 1658 τυράννῳ
1692 1585 1813 1641 ὲκέο

248 1681 398 1732 λευεν.
437 1680 498 1730 Ὃ
545 1677 742 1747 μαθὼν
775 1679 803 1729 ὁ
839 1678 1246 1743 Κωνστάντιος,
1281 1679 1377 1732 καὶ
1423 1679 1483 1732 τὸ
1526 1679 1852 1748 βασιλικὸνζ

246 1771 456 1840 διάδημα
506 1771 780 1839 ἔπεμπεν.
829 1769 992 1822 Ἀλλά
1045 1770 1140 1823 καὶ
1191 1761 1347 1828 οὗτος
1381 1770 1695 1841 ἐνηδυνθεὶς
1734 1773 1801 1839 τῇ

246 1863 388 1930 ἀρχῇ,
418 1860 685 1927 τύραννος
716 1861 771 1911 ὲν
803 1853 1019 1929 Σιρμίῳ
1069 1860 1390 1914 καθίστατο.
1426 1861 1535 1914 Ναὶ
1569 1861 1678 1932 μὴν
1708 1863 1804 1916 καὶ

243 1954 362 2006 κατὰ
398 1953 621 2022 Ῥώμην
652 1952 867 2022 ταραχὴ
897 1951 958 2004 οὐ
1007 1953 1202 2022 μετρία
1231 1953 1468 2023 προσῆν,
1513 1955 1804 2008 Νεπωτιαο

243 2045 340 2107 νοῦ,
369 2045 425 2107 ὃς
483 2043 810 2113 ἀδελφιδοῦς
844 2039 910 2115 ἧν
941 2045 1360 2097 Κωνσταντίνου
1399 2045 1494 2098 τοῦ
1548 2045 1803 2116 βασιλεύι

246 2151 436 2196 σαντος,
493 2133 600 2201 τῆς
661 2134 846 2184 ἐκεῖσε
906 2133 1361 2202 ἀντιποιουμένου
1431 2136 1643 2204 ἀρχῆς,
1702 2136 1803 2188 οὐκ

242 2226 417 2295 ἀγεννῆ
444 2225 702 2288 νεολαίας
732 2227 795 2277 ἐκ
817 2225 1137 2295 δορυφόρων
1177 2225 1505 2295 μονομάχων
1539 2230 1802 2298 στρατιὰν

243 2319 646 2387 ὲπισυρομένου.
691 2317 853 2370 Ἀλλά
883 2317 1074 2368 τοῦτον
1111 2317 1211 2385 μὲν
1237 2319 1340 2370 οὐκ
1369 2317 1464 2371 ἐπὶ
1495 2319 1633 2373 πολὺ
1662 2337 1798 2391 κρα-

241 2410 458 2479 τήσαντα
511 2411 564 2462 οἱ
604 2410 735 2478 περὶ
778 2409 1123 2477 Μαγνιντιον
1171 2409 1432 2464 ἔκτεινον.
1466 2412 1799 2478 Μαγνέντιος

241 2501 287 2553 δὲ
311 2500 374 2554 τὰ
416 2501 554 2572 πρὸς
593 2501 747 2553 δύσιν
777 2500 990 2553 ἅπαντα
1025 2499 1170 2572 δῃῶν
1199 2501 1300 2554 οὐκ
1325 2502 1467 2554 ἀνίει
1489 2518 1502 2531 ·
1536 2502 1710 2566 οὕτως
1746 2505 1802 2557 ὲν

241 2591 405 2663 βραχεῖ
428 2594 506 2663 τῷ
534 2593 722 2663 χρόνῳ
749 2590 988 2644 τοσαῦτα
1017 2592 1292 2664 συνερρύη
1329 2594 1498 2651 κακά.
1531 2595 1692 2656 Ἐτος
1716 2596 1802 2648 τέ-

238 2703 406 2754 ταρτον
433 2686 476 2737 δ’
506 2682 581 2756 ἦν
625 2684 765 2755 μετὰ
791 2684 858 2737 τά
893 2684 951 2736 ἐν
986 2685 1225 2756 Σαρδικῇ
1249 2687 1316 2756 τῇ
1351 2685 1620 2756 ἐκκλησίᾳ
1647 2689 1804 2753 γενό-

239 2795 373 2846 μενα.
394 2777 782 2839 Κωνστάντιος
814 2777 872 2829 δὲ
901 2776 1260 2845 αὐτοκράτωρ
1292 2778 1432 2830 κατὰ
1467 2777 1567 2848 τὴν
1623 2779 1800 2848 Ἐῴαν

235 2870 459 2940 δειχθεὶς,
493 2871 600 2924 καὶ
624 2870 685 2922 τὸ
714 2870 816 2938 τῆς
860 2869 1106 2938 ἑσπέρας
1138 2869 1342 2938 κράτος
1385 2869 1797 2937 περιζώσασθαι

235 2963 430 3017 ἔσπευδε
455 2979 468 2993 ⁸
495 2965 598 3016 καὶ
624 2963 761 3032 πρὸς
787 2963 879 3013 τὸν
908 2961 1018 3014 τῶν
1049 2960 1324 3030 ἑσπερίων
1344 2960 1628 3030 τυράννων
1662 2961 1792 3013 καθ-

1919 497 2138 552 autem,
2203 489 2296 558 qui
2349 489 2494 553 apud
2551 488 2719 558 Syros
2781 487 3026 557 optimus
3078 487 3183 541 fuit
3235 490 3490 559 scriptor,

1919 593 2084 635 muro
2107 595 2436 644 conscenso,
2471 582 2564 638 ubi
2590 581 3050 636 innumerabilem
3077 581 3221 634 illam
3247 581 3489 637 hostium

1920 674 2334 728 multitudinem
2369 676 2540 738 vidit,
2601 675 2867 730 Jacobum
2922 674 3015 743 qui
3082 682 3198 727 tum
3252 674 3365 738 ibi,
3433 685 3492 728 ut

1919 763 2126 817 dictum
2151 774 2256 827 est,
2279 765 2598 835 episcopum
2627 763 2846 833 agebat,
2880 765 3108 834 rogavit,
3146 773 3205 819 ut
3227 765 3492 836 cynipiies

1918 866 1974 909 et
2021 856 2230 910 culices
2263 855 2448 910 Persis
2499 856 2866 910 immitteret:
2907 855 3109 925 quibus
3168 856 3270 919 illi,
3322 859 3487 910 etiam

1917 963 2014 1014 per
2065 947 2291 1001 minima
2333 948 2588 1004 animalia
2635 950 2804 1006 Deum
2838 950 2920 1005 eis
2965 950 3182 1004 abunde
3219 949 3486 1003 auxilium

1917 1038 2086 1101 ferre,
2121 1050 2549 1108 cognoscerent.
2600 1040 2664 1095 Et
2695 1057 2848 1102 ecce.
2877 1041 3039 1096 simul
3063 1057 3187 1095 cum
3223 1041 3338 1110 ipsa
3367 1055 3490 1108 pre-

1918 1129 2156 1192 ratione,
2213 1132 2673 1185 animalculorum
2733 1147 2931 1186 aereus
2989 1133 3265 1186 exercitus
3325 1129 3490 1183 nubis

1917 1219 2090 1274 instar
2128 1221 2418 1276 confertim
2463 1222 2516 1276 in
2566 1223 2692 1277 illos
2726 1224 2952 1287 involat,
2993 1231 3050 1277 et
3084 1224 3136 1276 in
3165 1221 3492 1290 elephanto-

1920 1326 2043 1362 rum
2079 1311 2465 1380 proboscidcs,
2497 1329 2620 1382 quae
2655 1315 2821 1368 veluti
2856 1315 3005 1369 tibia:
3032 1315 3254 1368 directa:
3283 1313 3491 1367 emine-

1914 1401 2068 1463 bant,
2125 1417 2508 1472 equorumque
2553 1412 2610 1457 et
2653 1404 2880 1458 aliorum
2911 1405 3285 1474 iumentorum
3328 1418 3488 1456 aures

1911 1502 1972 1547 et
2026 1507 2188 1548 nares
2247 1495 2434 1550 irruit.
2480 1495 2561 1549 illi
2610 1511 2743 1550 vero
2799 1495 3258 1550 animalculorum
3292 1509 3486 1549 eorum

1914 1599 2024 1637 non
2077 1585 2317 1640 ferentes
2371 1600 2750 1655 congressum,
2794 1587 2950 1640 nullo
3003 1596 3222 1642 servato
3265 1585 3481 1650 ordine,

1916 1689 2042 1728 cum
2071 1675 2277 1745 impetu
2311 1676 2692 1731 discurrentes
2735 1677 3059 1741 miscentur,
3094 1678 3483 1748 fugientesque

1911 1766 2147 1834 turpiter
2175 1766 2497 1822 concidunt.
2533 1767 2602 1822 At
2630 1768 2865 1837 Sapores
2910 1780 2976 1823 ex
3028 1770 3194 1824 rebus
3233 1769 3482 1822 minimis

1908 1859 2148 1913 maxime
2182 1859 2275 1914 Dei
2308 1859 2561 1914 subsidio
2583 1860 2832 1928 cognito,
2866 1875 2995 1914 cum
3031 1860 3201 1914 multa
3231 1875 3328 1929 per
3359 1875 3482 1915 eam

1907 1953 2322 2023 espeditionem
2387 1961 2676 2017 tentasset,
2741 1969 2867 2009 cum
2931 1954 3139 2024 probro
3187 1959 3374 2009 tamen
3427 1963 3486 2008 et

1908 2046 2208 2114 ignominia
2259 2046 2388 2100 inde
2447 2045 2725 2111 discessit,
2783 2046 2942 2103 clade
2991 2046 3098 2102 sibi
3156 2047 3263 2115 ipsi
3295 2048 3482 2116 potius

1904 2152 2070 2206 quam
2106 2137 2338 2191 victoria
2367 2149 2542 2209 parta.
2589 2137 2916 2193 Constantio
2945 2146 3131 2192 autem
3164 2137 3310 2192 bello
3346 2138 3485 2194 Per-

1904 2235 2020 2286 sico
2079 2232 2134 2285 in
2190 2229 2417 2286 Oriente
2476 2238 2774 2302 oecupato,
2815 2229 3164 2301 Magnentius
3221 2231 3274 2285 in
3325 2229 3488 2285 0οαί-

1905 2324 2070 2379 dente
2103 2322 2447 2393 tyrannidem
2478 2321 2727 2392 arripuit!
2764 2321 2859 2391 qui
2905 2323 3290 2391 imperatorem
3337 2319 3483 2375 Cun-

1905 2423 2144 2468 stantem
2182 2413 2326 2484 apud
2357 2413 2564 2468 Gallias
2618 2427 2718 2483 per
2763 2413 2996 2468 insidias
3039 2413 3344 2473 interemit.
3382 2414 3482 2468 im-

1903 2503 2226 2573 periumque
2279 2503 2429 2557 illius
2478 2502 2580 2557 sibi
2631 2501 2898 2556 sub-lidit.
2944 2501 3101 2556 Unde
3132 2503 3319 2556 civilis
3349 2502 3477 2556 belli

1902 2611 2068 2650 causa
2099 2595 2331 2650 exstitit.
2366 2590 2540 2666 Hujus
2577 2609 2815 2665 namque
2850 2595 3206 2665 impotentem
3230 2595 3474 2650 animum

1901 2689 2074 2742 verita
2127 2687 2474 2757 imperatoris
2528 2700 2684 2741 soror
2737 2685 3056 2742 Constantia
3090 2689 3212 2756 (l),
3255 2688 3480 2742 Britan-

1903 2777 2054 2830 nioni
2109 2776 2400 2846 imperiale
2459 2776 2722 2847 imposuit
2773 2776 3058 2842 diadema,
3108 2793 3345 2848 cumque
3376 2779 3478 2833 ad-

1905 2884 2098 2924 versus
2128 2877 2425 2941 tyrannum
2453 2868 2658 2924 ducere
2683 2868 2868 2940 jussit.
2902 2869 3060 2936 Quod
3092 2870 3188 2926 ubi
3207 2870 3478 2927 Constan-

1904 2961 2014 3014 tius
2037 2961 2320 3030 cOgnovit,
2371 2969 2427 3015 et
2480 2961 2598 3030 ipse
2625 2961 2983 3031 imperatoris
3017 2963 3259 3034 insignia
3290 2965 3476 3021 eidem

235 3054 471 3118 ωπλίςετο
531 3054 801 3123 πόλεμον.
842 3053 975 3105 Τότε
1007 3053 1052 3105 δ’
1091 3051 1412 3114 Ἀθανάσιος
1442 3054 1536 3104 καὶ
1568 3051 1789 3106 σύνοδον

1906 3052 2043 3106 misit
2081 3052 2182 3123 (2).
2218 3053 2329 3107 Sed
2357 3061 2415 3108 et
2445 3052 2537 3108 bic
2564 3052 2870 3123 imperandi
2891 3053 3123 3111 libidine
3148 3067 3470 3126 corruptus,

236 3146 284 3198 ἐν
319 3146 699 3218 Ἀλεξανδρείᾳ
746 3144 1064 3212 Αίγυπτίων
1118 3143 1380 3214 ἀθροίσας
1439 3143 1786 3209 ἐπισκόπων,

1906 3147 1950 3197 in
1987 3144 2335 3215 tyrannidem
2368 3145 2513 3214 apud
2549 3144 2813 3200 Sirmium
2852 3147 3058 3216 erupit.
3093 3146 3254 3219 745
3290 3150 3476 3205 Roma:

233 3236 288 3286 τὰ
310 3237 360 3287 ὲν
387 3237 630 3306 Σιρδικῇ
665 3236 758 3288 καὶ
809 3234 1142 3304 Παλαιστίνῃ
1184 3233 1314 3302 περὶ
1344 3232 1510 3286 αὑτοῦ
1555 3233 1784 3299 δόξαντα

1906 3254 2110 3309 ιιιοιιιιε
2134 3255 2242 3294 ηοιι
2271 3239 2567 3295 mediocris
2591 3241 2862 3296 tumultus
2887 3242 3009 3308 fuit,
3051 3245 3192 3312 quod
3217 3243 3475 3316 Nepotia-

233 3327 406 3394 κυροῦν
435 3333 527 3380 καί
565 3326 997 3394 ἐπιψηφίζεσθαι
1035 3325 1440 3395 παρεσκεύαζε.

1906 3347 2025 3395 ‘ltlS,
2069 3331 2344 3400 Eutropia:
2376 3331 2685 3386 Constantii
2732 3325 2940 3386 sororis
2983 3333 3470 3405 illius,imperiunt

232 3417 317 3470 sibi
356 3419 402 3470 in
442 3421 585 3473 urbe
621 3421 939 3481 vindicans,
979 3419 1170 3471 fortem
1239 3434 1304 3471 ex
1355 3419 1753 3487 gladiatoribus
1796 3424 2125 3477 satellitibus
2193 3424 2491 3478 exercitum
2550 3435 2916 3480 contraxerat.
2947 3423 3082 3480 Eum
3122 3437 3301 3481 tamen
3363 3446 3471 3485 non

232 3511 309 3564 diu
359 3529 532 3568 rerum
597 3515 850 3583 potitum,
904 3515 1252 3584 Magnentius
1289 3516 1368 3580 (ὅ)
1441 3517 1656 3569 necavit
1693 3535 1706 3569 :
1782 3519 1875 3587 qui
1917 3520 2033 3572 loca
2078 3521 2261 3572 omnia
2305 3521 2357 3572 in
2414 3519 2530 3587 ipso
2570 3515 2865 3574 Occidente
2896 3531 3110 3575 vastare
3150 3538 3257 3576 non
3297 3525 3472 3580 inter.

234 3610 380 3665 misit.
416 3611 659 3664 Tantum
693 3613 849 3665 brevi
885 3621 1136 3680 tempore
1220 3611 1490 3663 malorum
1569 3621 1654 3666 est
1728 3614 2157 3668 accumulatum.
2220 3613 2352 3668 Erat
2406 3615 2452 3667 is
2499 3621 2726 3682 quartus
2785 3631 2810 3667 a
2868 3614 3180 3670 Sardicensi
3259 3621 3469 3689 synodo

233 3719 405 3760 almus.
441 3707 802 3762 Constantius
855 3723 1043 3778 porro,
1092 3706 1184 3775 qui
1266 3706 1474 3760 Orienti
1525 3709 1822 3778 imperator
1877 3711 2186 3765 declaratus
2243 3711 2441 3770 iul-rat.
2497 3710 2853 3765 Occidentem
2942 3728 3161 3782 quoque
3211 3716 3468 3782 potestati

232 3811 326 3849 suae
364 3800 639 3869 subjicere
693 3800 1002 3863 contendit,
1051 3801 1368 3870 bellumque
1432 3802 1698 3856 adversus
1773 3812 2087 3872 tyrannum,
2125 3804 2217 3872 qui
2283 3803 2356 3855 ibi
2391 3801 2766 3872 grassabatur,
2840 3804 3150 3858 adornavit.
3204 3806 3283 3860 Eo
3328 3817 3467 3859 tctu-

236 3901 347 3952 pore
375 3893 709 3946 Athanasius
759 3893 1143 3961 episcoporum
1185 3893 1562 3964 Egyptiorum
1641 3896 1910 3964 synodum
1966 3896 2308 3950 Alexandrini
2357 3893 2582 3966 coegit:

2660 3895 2713 3949 in
2769 3915 2874 3966 qua
2942 3913 3068 3966 qua:
3139 3903 3208 3950 dc
3258 3914 3324 3952 eo
3375 3905 3458 3952 vel

236 3980 451 4036 Sardiue
475 3986 556 4038 vel
592 3986 647 4038 in
690 3985 978 4038 Palaestina
1023 3985 1245 4042 decreta
1275 3997 1490 4053 essent,
1525 3989 2024 4058 comprobarentur
2058 4000 2222 4058 atque
2262 3990 2749 4044 conﬁrmarentur.

790 4107 833 4158 Κ
846 4107 1044 4159 ΕΦΑΛ.
1085 4107 1212 4160 ΚΘ.

243 4216 322 4282 Ὠς
371 4221 552 4273 πάλιν
617 4219 734 4271 τῶν
790 4219 1117 4288 Ἀρειανῶν
1169 4220 1520 4274 ἐπιθέσεσιν
1554 4225 1608 4275 al
1645 4222 1779 4286 περὶ

291 4289 639 4344 Ἀθανάσιον
653 4289 1087 4360 ἐξηλαύνοντο.
1109 4291 1205 4360 καὶ
1227 4292 1409 4355 αὐτὸς
1424 4290 1586 4360 φυγῇ
1605 4289 1780 4359 ἐχρή-

2440 4107 2668 4164 CAPUT
2712 4106 2904 4162 XXIX.

1892 4215 1958 4270 Ut
1978 4233 2186 4270 rursum
2221 4219 2538 4272 Arianorum
2570 4233 2728 4283 Opera
2759 4218 3079 4272 Athanasius
3102 4219 3169 4272 sit
3191 4223 3460 4289 expulsus.

1957 4289 2166 4362 ipseque
2190 4305 2248 4362 se
2283 4289 2420 4362 fugae
2441 4289 2755 4341 commiserit
2790 4304 2803 4341 :
2838 4297 2886 4362 et
2918 4297 2972 4340 ut
2998 4289 3167 4362 denuo
3209 4290 3461 4362 Georgius

291 4337 433 4409 ea;
447 4337 623 4430 iuga:
655 4337 978 4430 ama;
1007 4337 1331 4428 mgis;
1346 4337 1458 4412 ⁷ὶᾶ
1457 4337 1530 4423 {1i
1532 4337 1776 4426 ,ξῖἦΐὲϊς

1956 4337 2434 4430 Ᾰίεέαηάνῃὶαἰηῦδὶε
2461 4364 2766 4430 perductus,
2815 4357 3290 4430 Alexandriamque
3336 4337 3460 4430 iit/1':

292 4429 756 4495 Ἀλεξάνδρειαν,
773 4429 870 4482 καί
888 4431 1076 4496 μυρία
1099 4432 1251 4482 κακὰ
1273 4430 1779 4496 Ἀλεξανδρεῦσιν

287 4497 579 4565 ἐπήγαγεν·
599 4514 612 4526 ·
645 4499 723 4564 ὼς
743 4501 814 4552 ἐν
841 4500 923 4561 τῲ
951 4499 1086 4566 περὶ
1111 4501 1314 4567 φυγῆς
1343 4501 1503 4567 λόγῳ
1534 4501 1779 4566 ἱστόρη-

287 4582 390 4618 σεν
430 4569 803 4635 Ἀθανάσιος.

289 4677 533 4744 Βασιλεὺς
564 4682 621 4734 δὲ
659 4684 781 4743 ταῖς
805 4682 902 4750 τῆς
941 4681 1240 4734 ἀντιπάλου
1282 4680 1549 4749 αἱρέσεως
1582 4677 1779 4731 ὑποθέο

232 4783 362 4820 σεσιν
405 4775 717 4844 ἐκτραπεὶς,
749 4775 1072 4844 διάστροφος
1108 4775 1208 4841 τὴν
1251 4769 1479 4841 γνώμην
1524 4770 1734 4837 ἐγίνετο
1757 4785 1772 4799 ο

231 4857 467 4914 ὑπέθεντο
508 4866 617 4932 γὰρ
643 4864 718 4926 ὡς
749 4866 836 4932 εἴη
869 4867 1144 4932 Αιγυπτον
1167 4865 1262 4916 καὶ
1285 4862 1492 4933 Λιϐύην
1523 4862 1774 4930 συγχέων

229 4945 361 5010 αὖθις
407 4952 433 5002 ὁ
474 4951 811 5016 Ἀθανάσιος.
873 4953 1264 5023 [Ιροσετίθεντό
1313 4969 1376 5020 γε
1427 4953 1532 5023 μὴν
1592 4952 1775 5004 καὶτὸ

232 5037 295 5106 μὴ
323 5041 407 5090 ἐπὶ
437 5044 555 5103 ταῖς
596 5043 1038 5111 καθηκουσάσαις
1069 5043 1218 5110 αὐτῷ
1256 5043 1569 5110 παροικίαις
1595 5057 1776 5110 χειρο-

228 5136 385 5198 τονίας
414 5139 665 5192 ποιίσαι·
697 5139 790 5191 καὶ
820 5139 882 5191 τὸ
917 5139 1197 5208 μέγιστον,
1225 5138 1299 5199 ὡς
1327 5138 1410 5189 ὃτι
1439 5133 1595 5194 οὗτος
1625 5132 1772 5200 αὑτῷ

285 5313 354 5382 (l)
386 5315 459 5368 Ad
496 5316 768 5388 lllyricum
809 5329 992 5374 autem
1033 5319 1220 5374 Sirmii
1264 5334 1291 5371 τι
1332 5317 1601 5388 militibus
1631 5315 1774 5388 alius

226 5389 465 5449 tyrannus
498 5385 691 5450 lectus,
726 5406 923 5444 nomen
981 5391 1058 5443 illi
1092 5399 1210 5444 erat
1262 5386 1614 5442 Britauionis.
1646 5385 1771 5455 (So-

225 5462 340 5525 crat.
377 5457 460 5525 uiui
499 5471 706 5525 supra.)

285 5522 351 5603 (ξ.)
380 5522 595 5603 \‘i'euiatu
633 5522 838 5598 petenti
868 5533 1025 5586 facile
1058 5531 1229 5586 dedit.
1259 5530 1500 5603 (Eguat_._)

283 5597 352 5667 to)
389 5597 673 5660 Constans,
732 5603 795 5654 ad
844 5603 1071 5657 delicias
1121 5597 1398 5668 delapsus,
1451 5597 1764 5668 Magnenlii,

224 5670 303 5722 qut
362 5676 541 5718 comes
585 5675 836 5724 ordinum
898 5675 1175 5742 Augustae,
1231 5667 1537 5723 Germaniae
1590 5667 1763 5728 urbis,

1956 4428 2068 4480 nita
2119 4428 2266 4481 mala
2318 4428 2658 4480 conciliarit:
2699 4427 3139 4495 quemadmodum
3191 4427 3252 4483 ea
3291 4431 3354 4484 de
3392 4427 3478 4488 re,

1952 4497 2007 4568 iu
2045 4499 2285 4550 oratione
2316 4499 2380 4549 de
2413 4499 2537 4568 fuga
2582 4514 2681 4550 sua
2722 4499 3050 4552 Athanasius
3091 4501 3343 4565 scriptum
3371 4517 3461 4553 re-

1953 4564 2128 4636 liquit.

1959 4682 2260 4752 lmperator
2301 4691 2483 4736 autem
2539 4682 2880 4736 adversantis
2929 4690 3092 4736 secta:
3138 4681 3454 4751 importuna

1885 4775 2276 4829 sollicitatione
2315 4773 2669 4828 transversim
2705 4782 2881 4836 actus,
2929 4773 3173 4841 priorem
3222 4778 3455 4831 mutavit

1878 4866 2237 4921 sententiam.
2289 4866 2690 4933 Suggesscrant
2750 4865 2898 4919 enim
2956 4866 3030 4930 ei,
3090 4867 3452 4923 Athanasium

1879 4973 2099 5011 rursum
2129 4954 2424 5024 Egyptum
2459 4967 2516 5010 et
2546 4955 2776 5028 Libyam
2817 4957 3062 5011 turbare.
3113 4957 3456 5016 Addiderant

1877 5047 2066 5108 etiam,
2117 5043 2174 5098 in
2223 5044 2482 5113 parmciis
2529 5061 2652 5113 quae
2698 5045 3108 5114 jurisdictionis
3161 5049 3284 5116 ejus
3343 5067 3452 5104 nou

1876 5146 2086 5200 essent,
2141 5139 2434 5206 episcOpos
2489 5145 2546 5191 ct
2597 5137 2952 5207 presbyteros
3005 5139 3342 5210 designasse.
3389 5145 3454 5196 tt

1873 5327 2013 5380 erat,
2045 5314 2286 5378 insidiis,
2318 5314 2463 5367 haud
2519 5315 2680 5384 longe
2728 5315 2796 5369 ab
2829 5315 3122 5384 Hispaniis,
3161 5316 3212 5368 in
3245 5316 3451 5383 Oppido

1877 5385 2101 5441 llelene.
2139 5385 2356 5438 occisus
2397 5395 2502 5438 est.
2536 5386 2795 5453 Eutrop.,
2842 5389 2933 5452 qui
2982 5387 3304 5452 Augustam,
3339 5391 3450 5438 Au-

1873 5455 2245 5522 gustodunum
2279 5465 2549 5510 nummat.
2588 5485 2656 5493 --
2679 5456 3047 5523 Nepotianum
3073 5455 3161 5507 dic
3185 5458 3448 5509 vicesimo

1873 5536 2066 5577 octavo
2102 5523 2450 5593 Magnentius
2487 5526 2756 5593 oppressit
2793 5543 2805 5577 :
2845 5533 3088 5594 cticaput
3127 5524 3246 5594 ejus
3275 5527 3446 5582 hastu:

1877 5596 2125 5659 iulixum,
2163 5595 2216 5648 iu
2253 5597 2389 5647 urbe
2426 5596 2750 5646 circulatunt
2783 5603 2884 5647 σπι.
2918 5593 3086 5646 Idem.
