3988 6190
433 225 537 289 335

1674 199 2089 284 NICEPHORI
2130 222 2468 285 CALL’ISTI

3621 223 3741 283 δῖε

433 337 581 404 quod
642 340 894 395 omnium
953 341 1252 394 maximum
1314 338 1490 399 foret,
1549 336 1727 404 ipsum
1787 349 2007 402 quoque

2125 334 2513 405 ικπολεμήσειε
2565 332 2748 401 ζῶντα
2785 338 2877 390 τὸν
2930 336 3191 405 ἀδελφόν.
3255 338 3371 391 Καὶ⁵
3425 318 3738 396 πείσαντες

435 428 660 483 fratrem
686 428 1046 485 Constantem
1099 430 1167 484 ad
1220 427 1539 483 inimicitias
1588 428 1855 478 adversus
1883 440 2008 478 enm

435 520 785 575 concitasse.‘
802 522 1016 587 Quibus
1054 521 1385 575 criminibus
1417 516 1563 587 apud
1599 516 2007 576 Constantium,

436 620 495 666 ut
537 612 633 682 qui
663 612 906 680 Euripus
960 622 1130 676 esset,
1176 611 1443 674 effecere,
1497 621 1557 662 ut
1608 622 1730 676 qua:
1775 605 2013 660 Sardicae

434 703 738 759 constituta
771 702 995 757 fuerant
1026 717 1256 771 prorsus
1281 700 1551 762 aboleret,
1585 708 1641 752 et
1668 712 1765 751 eos
1791 698 1883 766 qui
1917 713 2013 764 pt'r

436 810 559 850 eam
613 793 885 864 synodum
954 794 1199 848 restituti
1251 792 1473 846 fuerant
1537 789 1806 858 episcopi,
1867 789 2010 856 exigi

429 885 679 956 juberet.
732 885 813 938 Ita
849 883 1082 947 factum,
1116 892 1177 936 nt
1206 882 1467 937 Marcello
1495 881 1732 950 dejecto,
1782 878 2014 932 Basi.ius

436 978 713 1046 Ancyram
746 974 976 1030 Galatia:
1005 975 1080 1029 sit
1108 976 1394 1035 reductus,
1442 982 1499 1027 et
1547 971 1854 1027 Orestiadis
1901 972 2015 1039 epi-

435 1083 663 1137 scopus,
728 1067 960 1130 Lucius,
1017 1067 1243 1120 vinctus
1295 1064 1351 1118 in
1407 1077 1631 1118 carcere
1686 1061 2011 1118 interierit:

435 1160 643 1215 Paulus
674 1173 808 1212 vero
835 1156 1485 1234 Constantinopolitanus
1514 1163 1784 1224 perpetuo
1811 1152 2012 1207 exsilio

438 1252 727 1314 multatus,
760 1251 815 1303 in
855 1249 1119 1319 oppidum
1166 1247 1443 1316 quoddam
1506 1245 1781 1300 Armeniae
1822 1244 1878 1298 in
1930 1258 2017 1298 so-

435 1344 674 1398 litudine
708 1342 901 1409 situm,
934 1342 1212 1395 Cucusum
1251 1338 1496 1400 nomine,
1533 1337 1860 1404 deportatus
1889 1334 1961 1387 sit
1998 1351 2010 1385 :

440 1434 533 1487 ubi
584 1433 783 1501 laqueo
832 1431 1232 1500 strangulatus,
1270 1426 1795 1482 Macedonianorum
1846 1436 2015 1512 ppera

438 1524 627 1596 periit.
693 1522 859 1595 746
904 1521 1145 1575 Tantum
1183 1527 1366 1572 autem
1395 1516 1676 1571 calumnia
1712 1512 2017 1569 Athanasio

438 1618 584 1688 apud
612 1617 1007 1685 imperatorem
1042 1614 1309 1667 intentata
1339 1609 1533 1671 valuit,
1563 1616 1625 1661 ut
1645 1608 1692 1662 is
1718 1604 2013 1675 quemdam

436 1707 782 1766 submiserit,
816 1705 908 1775 qui
945 1717 1114 1772 caput
1156 1703 1232 1755 illi
1287 1701 1606 1768 ubicunque
1652 1708 1874 1766 reperto
1900 1710 2016 1748 am-
2048 1679 2088 1733 Β

438 1809 664 1871 putaret
698 1815 712 1851 :
744 1806 802 1850 et
836 1811 962 1850 cum
991 1809 1059 1847 co
1084 1792 1373 1847 Theodulo
1416 1790 1628 1851 itidem,
1658 1796 1713 1843 et
1742 1785 2014 1857 Olympio,

438 1889 803 1945 ecclesiarum
864 1883 1231 1956 quarumdam
1295 1882 1349 1936 in
1413 1880 1650 1935 Thracia
1720 1876 2015 1948 episcopis.

440 1986 614 2048 Quam
652 1995 768 2035 rem
802 1978 896 2032 ubi
932 1977 1266 2030 Athanasius
1311 1965 1619 2043 praesentit,
1657 1970 1824 2024 minis
1870 1969 2020 2024 illius

424 2072 665 2137 .i-edens,
717 2070 841 2139 fuga
893 2068 1019 2122 vitae
1065 2081 1178 2120 sua:
1227 2064 1529 2118 consuluit.
1583 2063 1759 2128 Quam
1816 2059 2019 2115 deinde

441 2167 623 2233 fugam
669 2160 857 2216 Ariani
901 2167 1033 2213 sunt
1084 2155 1434 2218 calumniati,
1485 2162 1542 2208 et
1591 2152 1828 2207 maxime
1879 2150 2015 2206 Nar-

440 2259 617 2311 cissus
652 2252 983 2308 Neroniadis
1034 2248 1242 2305 Cilicia:
1286 2246 1605 2315 episcOpus,
1661 2252 1719 2299 et
1753 2243 2018 2298 Leontius

440 2348 824 2407 Laodicensis.
876 2354 991 2397 tum
1042 2354 1228 2395 autem
1264 2338 1649 2393 Antiochenus
1697 2337 2019 2406 cpisc0pus.

439 2443 517 2496 De
553 2456 665 2510 quo
695 2435 1033 2492 Athanasius
1069 2432 1227 2496 dicit,
1278 2432 1664 2502 presbyterum
1696 2444 1822 2483 eum
1859 2429 2021 2481 mini-

436 2535 631 2593 sterio,
652 2530 801 2601 quod
827 2530 1069 2598 seipsum
1094 2525 1373 2586 castrarit,
1396 2534 1604 2577 motum
1632 2536 1776 2576 esse.
1809 2520 1944 2575 Nam
1972 2519 2020 2574 is

443 2626 637 2696 puellae
672 2621 891 2677 cuidam
948 2618 1208 2675 Eustolia:
1256 2626 1503 2672 venustae
1548 2613 1889 2671 muliercula:
1928 2627 2022 2666 co-

442 2717 721 2780 habitans,
793 2726 921 2766 cum
978 2709 1412 2764 invalescentem
1487 2719 1608 2759 eam
1662 2703 1735 2758 ob
1795 2718 2019 2757 causam

440 2808 646 2864 t'cedam
675 2803 1052 2874 suspicionem
1084 2799 1312 2857 abolere
1345 2796 1618 2861 studeret,
1645 2794 1891 2864 seipsum
1931 2808 2022 2846 ca-

441 2900 661 2962 stravit,
701 2903 757 2950 ut
797 2893 972 2947 libere
1007 2888 1210 2944 deinde
1238 2901 1363 2942 cum
1386 2900 1452 2940 ea
1481 2898 1603 2941 esse
1647 2876 1854 2952 posset'.
1905 2880 2023 2935 Ca:-

2111 423 2221 484 τοῖς
2251 425 2518 487 τοιούτοις
2549 425 2795 496 Εὔριπον
2828 428 2987 490 ὄντα,
3016 429 3087 480 τὰ
3116 430 3175 478 ἐν
3210 428 3457 496 Σαρδικῇ
3493 442 3742 493 γεγενη-

2113 515 2255 580 μένα
2304 514 2593 584 ἁνέτρεπε,
2637 519 2731 570 καὶ
2763 517 2891 580 τοὺς
2931 517 3003 570 δι’
3037 518 3259 587 ἐκείνης
3306 521 3428 571 ὅσοι
3459 520 3576 569 τῶν
3610 519 3742 568 ἐπι-

2113 602 2336 655 σκόπων
2405 605 2635 658 καθόδου
2697 607 2892 677 ἔτυχον
2960 609 3226 661 ἐκέλευεν
3302 608 3736 673 ἐξελαύνεσθαι.

2124 692 2344 762 ’Λμέλει
2381 698 2476 747 καὶ
2510 697 2840 767 Μαρκέλλου
2865 699 3263 769 ἐκϐληθέντος,
3295 701 3595 762 Βασίλειος
3628 701 3736 769 τῆς

2126 783 2634 854 ’Λγκυρογαλατίας
2668 790 2972 857 προΐστατο
3003 790 3187 853 αὖθις.
3226 791 3290 846 '0
3318 792 3380 845 δὲ
3407 793 3515 861 τῆς
3569 792 3705 861 Ὀρε
3724 822 3739 835 -

2115 876 2331 939 στιάδος
2385 877 2619 941 Λούκιος
2676 881 3169 951 σιδηροδεσμώτης
3231 885 3293 936 ἐν
3350 884 3556 952 εἱρκτῇ
3606 884 3737 935 διε-

2114 966 2320 1036 φθάρη.
2374 969 2587 1033 Παῦλος
2625 971 2684 1024 δέ
2712 973 2742 1025 ό
2781 973 2883 1041 τῆς
2918 975 3347 1028 Κωνσταντίνου
3398 975 3567 1043 ἀϊδίῳ
3600 975 3736 1043 ἐξη-

2119 1055 2307 1126 μιοῦτο
2332 1063 2478 1129 φυγῇ
2512 1062 2657 1114 κατὰ
2691 1062 2793 1132 τὴν
2836 1065 2936 1132 τῆς
2987 1064 3292 1135 Ἀρμενίας
3327 1067 3632 1135 πολίχνην,
3672 1069 3735 1117 ἐν

2115 1152 2348 1221 ἐσχατιᾷ
2377 1170 2479 1204 που
2512 1154 2776 1223 κειμένην
2803 1172 2819 1188 ο
2856 1157 3178 1210 Κουκουσδν
3211 1158 3390 1227 αὐτὴν
3416 1159 3734 1226 ὀνομάζου-

2118 1258 2204 1293 σιν
2226 1261 2238 1273 ·
2272 1242 2401 1295 ἔνθα
2437 1243 2617 1314 βρόχῳ
2646 1245 2724 1315 τῷ
2770 1245 2839 1298 δι’
2867 1249 3112 1317 ἀγχόνης
3153 1248 3377 1319 ἐφθάρη
3426 1252 3591 1319 παρὰ
3617 1252 3734 1302 τῶν

2115 1333 2185 1384 τὰ
2237 1335 2571 1387 Μακεδονίου
2623 1337 2998 1404 φρονούντων.
3053 1339 3331 1392 Τοσοῦτον
3382 1339 3432 1391 δ’
3484 1343 3543 1392 αἱ
3599 1344 3733 1394 κατ’

2129 1424 2453 1478 Ἀθανασίου
2489 1426 2740 1481 διαϐολαὶ
2775 1428 2936 1499 ἔσχον
2976 1432 3037 1482 τὸ
3079 1432 3308 1501 κράτος,
3342 1431 3419 1495 ὡς
3454 1433 3558 1486 καί
3598 1450 3735 1486 τινα

2117 1515 2359 1583 πέμπειν
2391 1519 2649 1586 ἀφαιρεῖν
2678 1519 2878 1589 ἐκείνῳ
2903 1521 3007 1591 τὴν
3035 1521 3314 1589 κεφαλὴν,
3345 1524 3488 1577 ὅπου
3521 1524 3594 1595 δὴ
3625 1528 3733 1577 καὶ

2118 1607 2431 1675 εὑρίσκοιτο
2452 1622 2464 1636 ·
2500 1607 2598 1683 σὺν
2625 1607 2780 1679 αὐτῷ
2807 1609 2866 1662 δὲ
2899 1612 2994 1664 καὶ
3023 1610 3339 1677 Θεόδουλον,
3367 1615 3466 1668 καὶ
3510 1615 3642 1668 Ὀλύ
3654 1638 3731 1684 μ-

2119 1715 2265 1762 πιον,
2314 1698 2624 1768 ἐκκλησιῶν
2673 1719 2840 1755 τινων
2876 1706 3318 1774 προῑσταμένους
3379 1710 3440 1760 ἐν
3494 1708 3730 1781 Θρᾴκῃ.

2121 1783 2223 1840 Τξν
2253 1787 2309 1840 δὲ
2344 1789 2774 1859 προαισθόμενον
2806 1793 2876 1845 τὰ
2907 1795 2971 1846 ἐκ
3003 1792 3300 1861 βασιλέως,
3340 1798 3445 1867 τὴν
3478 1801 3737 1867 ἀπειλὴν

2119 1880 2409 1946 ἐκφυγεῖν,
2443 1879 2541 1932 καὶ
2586 1879 2648 1932 τὸ
2679 1879 2780 1951 ζῇν
2821 1884 3391 1952 πραγματεύσασθαι.
3432 1883 3541 1940 Ἦν
3585 1890 3736 1958 δῆτα

2120 1969 2297 2039 φυγὴν
2329 1971 2496 2022 αὐτοῦ
2544 1971 2595 2023 oi
2630 1972 2688 2038 te
2722 1971 2935 2042 Ἀρείου
2972 1975 3361 2042 διαϐάλλοντες
3404 1976 3552 2049 ἦσαν
3577 2000 3591 2013 ·
3624 1985 3737 2038 καὶ

2123 2060 2327 2128 μᾶλλον
2378 2061 2695 2130 Νάρκισσος
2745 2067 2773 2117 ό
2819 2065 3170 2135 Νερωνιάδος
3234 2071 3578 2136 ἐπίσκοπος,
3623 2078 3737 2129 καὶ

2119 2153 2370 2216 Λεόντιος
2427 2157 2455 2207 ό
2485 2156 2844 2223 Λαοδικείας,
2874 2161 3184 2228 τηνικαῦτα
3233 2164 3293 2216 δὲ
3336 2164 3438 2233 τῆς
3490 2170 3553 2220 ἐν
3601 2170 3738 2222 Ἀν-

2120 2245 2329 2313 τιοχείᾳ
2368 2246 2648 2314 προεστὼς
2693 2250 2993 2319 ἐκκλησίας
3020 2269 3033 2281 ·
3067 2256 3201 2325 περὶ
3224 2255 3287 2309 οὗ
3328 2261 3501 2326 φησιν
3548 2261 3731 2313 Ἀθα-

2121 2335 2325 2402 νάσιος,
2353 2336 2435 2389 ὅτι
2466 2338 2841 2409 πρεσϐύτερος
2871 2341 2970 2407 ὢν,
3003 2343 3200 2415 ἐξέστη
3231 2346 3333 2414 τῆς
3352 2349 3733 2419 λειτουργίας

2121 2428 2382 2498 ἐκτομίας
2424 2431 2723 2500 γενόμενος
2755 2433 3083 2503 αὐτουργός.
3129 2439 3398 2511 Παιδίσκῃ
3445 2444 3558 2512 γάρ
3612 2463 3731 2499 τινι

2122 2520 2505 2589 προσεδρεύων
2524 2522 3017 2596 ὼραίᾳιΕύστολία
3039 2528 3097 2579 δὲ
3126 2526 3195 2595 ἦν
3212 2533 3402 2602 ἐκείνῃ
3427 2536 3490 2585 τὸ
3516 2535 3730 2605 ὄνομα,

2121 2614 2245 2665 ἐπεὶ
2274 2613 2373 2682 τὴν
2396 2614 2789 2684 ἀναφυομένην
2813 2618 3047 2687 αἰσχρὰν
3066 2620 3329 2676 ὑπόνοιαν
3351 2624 3443 2677 διὰ
3468 2627 3733 2697 σπουδῆς

2124 2706 2366 2757 ἐποιεῖτο
2392 2706 2692 2775 περιελεῖν,
2712 2710 2987 2778 ἀπέτεμεν
3003 2712 3198 2766 ἑαυτὸν
3218 2715 3391 2785 ἶν’ὲξῇ
3412 2719 3591 2782 ἀδεῶς
3604 2720 3735 2774 δια-

2124 2795 2334 2864 τρίϐειν
2355 2796 2513 2866 αὐτῇ.
2530 2798 2677 2867 Πλὴν
2707 2802 2801 2852 καὶ
2843 2801 3007 2854 τοῦτο
3022 2803 3251 2872 δράσας,
3272 2808 3375 2859 οὐκ
3407 2810 3734 2880 ἀπενίψατο

2125 2886 2223 2957 τὴν
2247 2887 2501 2940 ὑπόνοιαν
2522 2904 2536 2919 ο
2563 2889 2651 2942 διὰ
2675 2891 2840 2944 τοῦτο
2870 2894 2992 2947 τότε
3024 2896 3123 2964 μὲν
3148 2897 3247 2966 τῆς
3277 2898 3438 2963 ἀξίας
3469 2902 3732 2973 καθῄρη-

446 3002 623 3045 termu
660 3003 731 3041 ne
766 2998 836 3038 eo
862 2980 1088 3052 quidem
1142 2977 1388 3033 facinore
1420 2974 1797 3045 suspicionem
1831 2982 1989 3028 sustu

2127 2996 2238 3031 ται·
2258 2981 2463 3049 σπουδῇ
2481 2979 2538 3032 δέ
2559 2983 2941 3036 Κωνσταντίου
2962 2985 3311 3054 Λαοδικείας,
3328 2991 3530 3044 ἔπειτα
3548 2992 3603 3044 δέ
3629 2994 3733 3047 καὶ

432 3084 531 3138 lit.
562 3077 699 3133 Nam
730 3090 853 3131 eam
885 3074 959 3128 ob
1002 3085 1121 3127 rem
1173 3079 1289 3124 tum
1330 3068 1409 3123 illi
1442 3066 1683 3136 dignitas
1715 3069 1969 3136 adempta
2000 3082 2017 3120 :

430 3184 637 3245 ,postea
658 3178 846 3225 autem
862 3161 1171 3221 Constantii
1196 3175 1386 3231 opera,
1408 3156 1735 3213 Laodicensi
1759 3156 2019 3227 primum,

429 3264 647 3322 .tleinde
695 3261 864 3315 etiam
916 3267 1041 3326 post
1088 3254 1197 3309 Deo
1248 3251 1490 3308 invisum
1527 3249 1896 3318 Stephanum,
1926 3250 2022 3318 qui

431 3359 660 3415 d’lacito
686 3360 822 3422 post
844 3347 1231 3420 Euphronium
1271 3350 1638 3407 successerat,
1667 3339 2025 3395 Antiochente

430 3450 743 3522 praefectus
795 3453 893 3500 est
939 3440 1216 3497 ecclesiae.
1296 3436 1500 3491 Verum
1561 3435 1850 3488 enimvero
1902 3439 2027 3502 post

442 3520 727 3599 Athanasii
759 3550 881 3607 quae
911 3533 1056 3588 dicta
1084 3537 1171 3586 est
1223 3525 1409 3596 fugam
1456 3520 1727 3594 Georgius
1755 3524 1810 3577 in
1844 3522 2025 3577 locum

442 3637 567 3707 ejus
595 3638 940 3700 surrogatus,
966 3621 1239 3679 ecclesias
1268 3617 1559 3689 Egyptias
1579 3615 1722 3670 male
1746 3613 2022 3669 tractavit.

443 3733 575 3796 Quae
607 3734 792 3781 autem
828 3722 875 3776 is
903 3715 1274 3781 commiserit,
1309 3728 1373 3769 ea
1398 3728 1468 3768 ex
1491 3710 1780 3767 Athanasii
1813 3707 2021 3774 verbis,

444 3821 542 3892 qui
592 3820 674 3875 eis
706 3818 872 3872 rebus
917 3811 1202 3875 interfuit,
1255 3823 1463 3877 easque
1507 3804 1762 3876 pertulit,
1813 3802 2025 3857 rectius

445 3911 844 3981 intelligentur.
880 3906 1016 3961 Nam
1038 3902 1103 3956 in
1133 3899 1498 3972 Apologetico
1524 3897 1695 3960 libro,
1748 3911 1912 3964 quem
1948 3893 2025 3947 Do

446 4007 573 4077 fuga
604 4001 906 4071 inscripsit,
938 3996 1324 4052 defensionem
1351 3991 1623 4046 adversus
1646 4004 1742 4044 eos
1766 3987 1862 4057 qui
1896 4003 2025 4065 eum

446 4103 768 4165 carpeerant
800 4089 1125 4152 instituens,
1170 4085 1513 4140 mentionem
1554 4096 1779 4151 quoque
1826 4094 2022 4133 eorum

447 4202 569 4257 quae
630 4193 748 4238 tum
803 4182 879 4236 ibi
936 4188 1059 4234 acta
1117 4186 1310 4231 essent
1360 4175 1515 4239 facit,
1572 4182 1628 4228 et
1658 4173 1812 4226 hisce
1850 4172 2026 4225 utitur

447 4276 680 4332 verbis:
724 4292 742 4324 ι
780 4272 839 4327 In
888 4268 1281 4327 Alexandriam
1330 4279 1527 4320 rursus
1579 4264 1884 4328 irruerunt,
1929 4263 2023 4331 qui

2127 3071 2226 3140 τῆς
2256 3073 2312 3123 ἐν
2357 3071 2656 3144 Ἀντιοχείᾳ
2689 3077 2981 3143 παροικίας
3024 3079 3270 3147 προέστη
3302 3084 3444 3149 μετὰ
3468 3085 3564 3136 τὸν
3592 3085 3729 3138 θεο-

2129 3163 2263 3233 μισῆ
2292 3163 2589 3231 Στέφανον,
2621 3165 2679 3228 ὃς
2705 3167 2799 3218 τὸν
2831 3168 3120 3238 Πλάκητον
3148 3170 3425 3236 διεδέξατο
3448 3175 3592 3243 μετὰ
3627 3178 3730 3231 τὸν

2128 3253 2447 3322 saepem.
2503 3256 2826 3310 ’Λθανασίου
2877 3258 2935 3311 δέ
2989 3262 3276 3329 φυγόντος,
3331 3264 3410 3326 ὡς
3466 3268 3724 3336 εἴρηται,

2127 3346 2397 3415 Γεὼργιος
2451 3346 2639 3400 είσιὼν
2685 3345 2864 3415 αὖθις,
2893 3353 3084 3414 κακῶς
3126 3355 3301 3407 ἐποίει
3336 3358 3438 3420 τὰς
3469 3360 3575 3411 ἀνὰ
3614 3361 3727 3427 τὴν

2127 3439 2403 3509 Αἴγυπτον
2434 3440 2755 3511 ἐκκλησίας.
2797 3443 2993 3496 Ὀποῑα
3033 3445 3090 3498 δὲ
3137 3445 3520 3518 διεπράττετο,
3552 3453 3726 3521 ἀμει-

2128 3545 2217 3581 νον
2242 3528 2342 3598 τῆς
2382 3531 2567 3598 φωνῆς
2599 3531 2907 3585 ἐπακοῦσαι
2948 3533 3295 3601 ’Λθανασίου,
3349 3543 3626 3610 παρόντος
3658 3561 3723 3598 τε

2128 3622 2247 3688 ἅμα
2272 3621 2368 3673 καὶ
2396 3622 2744 3687 πεπονθότος.
2780 3623 2870 3676 Ἐν
2913 3627 3022 3696 γὰρ
3061 3627 3140 3697 τῷ
3179 3631 3320 3698 Περὶ
3357 3632 3470 3699 τᾶς
3508 3636 3722 3705 φυγῆς

2129 3712 2290 3766 αὑτοῦ
2319 3714 2810 3784 ἐπιγεγραμμένῳ,
2836 3716 2936 3785 τὴν
2974 3718 3283 3787 ᾀπολογίαν
3319 3722 3462 3793 πρὸς
3492 3725 3627 3789 τοὺς
3659 3733 3721 3780 ἐν

2133 3803 2337 3875 μέμψει
2361 3807 2722 3874 ποιουμένους
2755 3808 2993 3875 διεξιὼν,
3014 3812 3208 3880 μνείαν
3235 3830 3293 3866 τε
3332 3816 3427 3867 καὶ
3456 3816 3568 3871 τῶν
3588 3820 3717 3872 τότε

2128 3899 2436 3967 γενομένων
2470 3898 2790 3967 ποιούμενος
2811 3940 2826 3967 ,
2867 3903 2992 3955 τάδε
3029 3906 3171 3957 κατὰ
3223 3905 3379 3975 ῥῆμα
3412 3907 3712 3974 διέξεισινο

2137 4008 2154 4038 ι
2179 3989 2291 4040 Καὶ
2311 3994 2420 4059 γὰρ
2436 3988 2515 4051 είς
2535 3989 2633 4059 τὴν
2647 3988 3060 4067 Ἀλεξάνδρειαν
3079 3997 3398 4065 ἐπεφύησαν
3416 3999 3715 4071 ζητοῦντες

2129 4079 2299 4132 πάλιν
2324 4080 2470 4148 ἡμᾶς
2494 4081 2819 4134 ἀποκτεῖναι
2840 4097 2855 4112 ο
2889 4084 2987 4136 καὶ
3013 4084 3206 4152 γέγονε
3242 4088 3311 4139 τὰ
3360 4088 3569 4159 ὕστερα
3603 4098 3717 4163 χεί-

2132 4184 2261 4237 ρονα
2292 4169 2403 4223 τῶν
2451 4170 2706 4242 πρώτων.
2757 4172 3100 4243 Στρατιῶται
3138 4178 3248 4248 γὰρ
3296 4180 3560 4253 ἐξαίφνης
3614 4187 3718 4257 τὴν

2129 4261 2433 4332 ἐκκλησίαν
2466 4261 2812 4327 ἐκύκλωσαν,
2843 4268 2940 4319 καὶ
2971 4266 3044 4320 τὰ
3091 4268 3347 4339 πολέμων
3377 4273 3501 4328 ἀντὶ
3533 4279 3719 4349 εὐχῶν

451 4383 553 4423 nos
580 4375 641 4420 ut
670 4361 992 4420 occiderent
1024 4356 1414 4427 inquirebant.
1452 4354 1518 4407 Et
1566 4353 1707 4407 facta
1749 4361 1879 4406 sunt
1928 4368 2022 4422 po-

2131 4351 2363 4419 ἐγίνετο.
2398 4350 2531 4406 Εἶτα
2591 4352 2850 4407 εἰσελθὼν
2887 4359 2957 4427 τῇ
3010 4338 3437 4433 Τεσσαρακοστῇ
3485 4367 3515 4418 δ
3582 4338 3719 4439 παρ’

450 4460 714 4523 steriora,
743 4454 1027 4510 deteriora
1057 4449 1367 4521 prioribus.
1414 4447 1612 4501 Subito
1638 4447 1791 4499 enim
1821 4444 2029 4498 milites

450 4552 742 4608 ecclesiam
794 4545 1311 4608 circumvallarunt,
1350 4549 1407 4595 et
1436 4555 1532 4607 pro
1569 4539 1884 4608 precatione
1916 4537 2031 4592 bel-

450 4649 566 4701 lum
600 4643 943 4700 institutum.
975 4635 1189 4693 Deinde
1212 4632 1647 4701 Quadragesima
1675 4630 1816 4699 ipsa,
1840 4629 1934 4699 qui
1958 4629 2028 4683 ab

450 4740 534 4794 eis
563 4751 595 4793 e
617 4732 967 4805 Cappadocia
993 4730 1204 4784 missus
1228 4727 1412 4780 fuerat
1433 4724 1704 4794 Georgius
1726 4723 2029 4790 ingressus,

452 4828 660 4893 clades,
710 4838 914 4896 pravos
971 4831 1230 4882 conatus,
1271 4833 1414 4887 quos
1465 4816 1534 4871 ab
1590 4817 1701 4871 illis
1735 4815 2030 4878 didicerat,

454 4924 682 4980 adauxit
742 4924 933 4975 etiam.
1013 4919 1145 4974 Post
1196 4917 1420 4971 Pascha:
1468 4914 1872 4969 hebdomadam
1923 4912 2033 4964 vir-

453 5019 611 5089 gines
643 5016 701 5069 in
758 5012 984 5066 vincula
1041 5009 1506 5079 conjiciebantur,
1569 5006 1817 5075 episcopi
1866 5020 1896 5058 a
1930 5005 2035 5057 mi-

454 5111 650 5165 litibus
670 5105 840 5161 vincti
868 5102 1217 5159 ducebantur
1241 5118 1257 5157 :
1282 5092 1620 5171 pupillorum
1654 5109 1711 5153 et
1741 5102 2029 5153 viduarum

458 5208 660 5259 domus
683 5209 739 5254 et
768 5214 940 5268 panes
970 5196 1399 5266 diripiebantur,
1426 5193 1666 5260 impetus
1689 5194 1743 5245 in
1768 5194 1912 5246 aedes
1941 5193 2030 5244 tie-

529 5361 609 5432 (ί)
640 5358 741 5414 Hic
781 5369 947 5432 supra
989 5368 1111 5420 cap.
1141 5351 1197 5432 ξε
1230 5348 1794 5432 Εοόηλιίτὶσυρροίὶε
1818 5346 2033 5432 episco-

457 5417 560 5500 pus
591 5417 759 5500 fuisse
799 5417 980 5500 ιίῖειιιε
1000 5417 1105 5476 est.
1144 5422 1399 5500 Sicutinct
1427 5420 1568 5500 apud
1606 5417 1821 5500 Socrat.
1846 5417 1943 5471 lib.
1971 5433 2027 5479 ιι,

460 5488 508 5555 c.
536 5502 630 5554 26.
652 5498 923 5552 Orestiam
957 5503 1140 5547 autem
1171 5494 1287 5545 sive
1315 5490 1660 5546 Orestiadem
1686 5488 1877 5542 urbem
1908 5502 2032 5541 esse

462 5573 653 5623 dicunt
683 5582 847 5634 supra
877 5563 1246 5616 Macedoniam
1284 5562 1335 5614 in
1364 5559 1626 5634 eminenti
1657 5567 1840 5634 monte
1869 5562 2029 5634 sitam

466 5639 521 5692 in
569 5627 799 5692 Orestis.
848 5634 1071 5689 Orestas
1115 5634 1261 5688 cnim
1314 5631 1547 5701 populos
1592 5628 1837 5682 nominat
1888 5627 2029 5691 Plin.

2130 4444 2310 4499 αὐτῶν
2345 4446 2677 4509 ἀποσταλεὶς
2701 4448 2764 4501 ἐκ
2789 4448 3193 4513 Καππαδοκίας
3215 4451 3515 4522 Γεὼργιος,
3544 4459 3721 4527 ubi..-

2134 4555 2225 4590 σεν
2257 4538 2295 4592 δ.
2330 4540 2461 4610 παρ’
2493 4541 2677 4594 αὐτῶν
2708 4542 3001 4612 μεμάθηκε
3029 4546 3191 4600 κακά.
3225 4548 3381 4602 Μετὰ
3404 4554 3473 4605 τὰ
3503 4553 3719 4624 ἓϐδομα

2131 4632 2225 4684 τοῦ
2268 4632 2462 4702 Πάσχα
2519 4638 2787 4703 παρθένοι
2819 4638 2902 4698 εἰς
2944 4635 3325 4708 δεσμωτήριον
3376 4642 3716 4701 ἐϐάλλοντο·

2132 4724 2420 4778 ἐπίσκοποι
2451 4726 2650 4796 ἤγοντο
2678 4725 2785 4779 ὑπὸ
2816 4730 3169 4794 στρατιωτῶν
3187 4731 3466 4802 δεδεμένοι
3488 4753 3504 4767 ·
3540 4738 3715 4808 όρφα.

2132 4817 2240 4871 νῶν
2263 4819 2361 4871 καὶ
2385 4818 2571 4889 χηρῶν
2602 4817 2915 4887 ἡρπάζοντο
2939 4820 3112 4875 οίκίαι
3128 4839 3191 4874 τε
3215 4826 3312 4877 καὶ
3337 4826 3519 4897 ἄρτοι.
3545 4831 3718 4900 Ἐφοη

2131 4909 2211 4964 δοι
2243 4911 2387 4963 κατὰ
2432 4911 2543 4963 τῶν
2575 4910 2764 4964 οἰκιῶν
2806 4911 3070 4980 ἐγίνοντο,
3122 4916 3216 4968 καὶ
3254 4919 3449 4980 νυκτὸς
3488 4923 3540 4973 oi
3572 4923 3716 4993 Χρι-

2135 5004 2346 5057 στιανοὶ
2374 5003 2740 5072 κατεφέροντο
2764 5019 2781 5034 ο
2815 5004 3348 5078 ἀπεσφραγίσθησαν
3369 5010 3543 5065 οἰκίαι
3568 5030 3583 5045 ·
3619 5017 3716 5068 καὶ

2134 5092 2357 5158 ἀδελφοὶ
2407 5092 2688 5162 κληρικῶν
2719 5093 2858 5164 ὑπὲρ
2888 5094 2998 5146 τῶν
3051 5096 3302 5166 ἀδελφῶν
3343 5100 3713 5161 ἐκινδύνευον.

2135 5185 2245 5235 Καὶ
2277 5182 2427 5235 δεινὰ
2459 5184 2558 5250 μὲν
2590 5183 2764 5237 ταῦτα
2788 5199 2803 5215 ·
2836 5186 3118 5257 δεινότερα
3145 5189 3202 5242 δὲ
3249 5193 3319 5244 τὰ
3357 5197 3498 5262 μετὰ
3535 5197 3713 5250 ταῦτα

2135 5341 2242 5423 l_ih._
2275 5356 2344 5396 iv.
2388 5354 2507 5423 cap.
2545 5342 2845 5423 10._i’atria
2897 5343 3014 5423 haec
3055 5346 3171 5423 fuit
3221 5348 3501 5423 Ptolemaei
3556 5350 3709 5423 Lagi.

2136 5412 2588 5492 badeinsidecur
2633 5413 2778 5466 dicta
2816 5428 2943 5492 esse
2988 5415 3153 5470 Adria
3197 5420 3410 5472 colonia
3466 5412 3714 5480 Rornaiia

2133 5480 2353 5559 Adriani
2408 5481 2604 5559 patria.
2653 5498 2815 5550 quam
2866 5486 2918 5536 is
2973 5497 3161 5553 postea
3219 5492 3601 5558 ampliﬁcavit,
3653 5504 3712 5548 et

2133 5552 2212 5604 Ad
2223 5552 2539 5618 t‘ianopoltin
2580 5562 2808 5605 vocarit.
2974 5552 2987 5553 ί
3313 5552 3327 5558 ’
3585 5552 3596 5558 ’
3649 5561 3659 5569 “
