3988 6190
235 351 307 415 33‘!
1085 355 1680 416 ECIZLESIAS’I’ICJE
1719 358 2105 420 HISTORHS
2141 363 2283 423 LIB.
2314 366 2338 423 Ι
2351 365 2418 426 Χ.
3297 373 3415 434 338ζ

231 460 580 531 τετολμημένα⁹
637 463 706 532 τῇ
760 461 870 532 γὰρ
922 462 1179 533 ἑϐδομάδι
1243 468 1381 536 μετὰ
1419 468 1519 537 τὴν
1576 467 1740 535 ἁγίαν
1766 469 1806 528 Α

1845 472 1999 527 bant.
2024 473 2202 528 Noctu
2223 475 2517 540 Christiani
2550 492 2612 531 ex
2643 477 2858 534 aedibus
2880 479 2930 532 vi
2952 481 3411 547 exportabautur.

233 553 554 622 Πεντηκοστὴν
604 552 634 604 ό
679 551 808 614 λαὸς
860 553 1188 618 νηστεύσας,
1243 554 1434 626 ἐξῆλθε
1495 559 1646 626 παρὰ
1680 558 1742 610 τὸ

1956 577 2044 614 ius
2063 563 2486 631 resignabantur
2507 581 2521 618 :
2545 565 2876 621 clericorum
2897 566 3096 622 fratres
3117 583 3216 637 pro
3237 569 3418 622 fratri-
3529 632 3531 636 ι

231 643 532 712 κοιμητήριον
577 641 866 707 εὔξασθαι,
917 644 1008 696 διὰ
1041 647 1102 698 τὸ
1137 646 1350 710 πάντας
1402 649 1744 719 ἀποστρέςρε⁴

1849 654 1952 708 bus
1985 655 2462 723 periclitabantur.
2499 656 2658 727 747
2690 658 2756 712 Ει
2805 659 2940 712 dura
2990 659 3212 726 quidem
3261 658 3361 711 ista
3402 677 3413 710 :

233 737 329 789 σθαι
371 734 456 804 τὴν
505 734 639 803 πρὸς
674 734 948 803 Γεώργιον
1000 739 1310 794 κοινωνίαν,
1361 739 1530 795 Ἀλλὰ
1584 741 1746 794 τοῦτο

1864 761 1974 814 lusa
2023 761 2155 800 vcro
2208 747 2499 801 subsecuta
2557 757 2705 810 sunt,
2757 747 3006 804 duriora.
3063 749 3439 803 "ebdomada.

234 825 386 896 μαθὼν
409 827 432 878 ό
455 825 814 896 παμπόνηρος
841 827 1030 889 αὐτὸς,
1057 828 1354 896 παροξύνει
1389 833 1482 884 τὸν
1511 849 1748 904 στρατη-

1851 840 1996 893 enim
2038 847 2162 907 post
2191 848 2434 894 sanctam
2467 841 2850 902 Pentecosten.
2881 841 3094 910 jejunio
3138 842 3417 897 absoluto.

231 919 366 985 λάτην
386 915 733 969 Σεδαστιανδν
761 917 1067 986 Μανιχαῖον
1096 918 1228 972 ὄντα
1251 937 1266 951 ·
1308 921 1403 974 καὶ
1434 922 1618 975 λοιπὸν
1654 922 1748 976 αύ-

1851 931 2084 1000 p0pulus
2127 930 2193 984 ad
2238 933 2615 986 cmmeterium
2662 943 2902 996 oratum,
2940 943 3226 1001 propterea
3274 935 3417 999 quod

230 1011 302 1072 τὸς
323 1009 440 1078 μετὰ
461 1007 698 1076 πλήθους
725 1012 1102 1080 στρατιωτῶν,
1125 1012 1266 1064 ὅπλα
1291 1016 1385 1066 καὶ⁸
1410 1015 1538 1084 ξίφη
1566 1015 1751 1084 γυμνὰ

1852 1018 2298 1072 communionem
2344 1035 2466 1073 cum
2501 1019 2736 1090 Georgio
2775 1036 2966 1074 clunes
3009 1032 3419 1083 aversarentur,

232 1102 302 1154 καὶ
326 1100 435 1166 τόξα
479 1101 570 1152 καὶ
603 1099 735 1170 βέλη
767 1103 1069 1171 φερόντων,
1111 1103 1374 1174 ὥρμησεν
1405 1107 1464 1158 ἐν
1511 1109 1648 1177 αὐτῇ
1682 1111 1749 1179 τῇ

1853 1123 2108 1178 egressus
2158 1119 2301 1163 erat.
2349 1114 2523 1178 Atque
2577 1125 2645 1164 eo
2697 1115 2937 1179 cognito,
2982 1112 3422 1180 improbissimus

231 1192 435 1260 κυριακῇ
463 1191 599 1244 κατὰ
635 1191 744 1242 τῶν
768 1189 938 1244 λαῶν.
982 1193 1092 1246 Καὶ
1127 1193 1344 1259 ὀλίγους
1388 1195 1566 1266 εὑρὼν
1598 1197 1754 1268 εὐχο-

1857 1200 1948 1252 ille
1989 1200 2186 1253 ducem
2237 1199 2618 1254 Sebastianum
2651 1202 3010 1256 Manichaeum
3041 1202 3321 1256 excitavit.
3358 1203 3425 1257 Et

233 1284 386 1350 μένους
411 1283 474 1350 (οἱ
515 1281 628 1350 γὰρ
681 1281 926 1336 πλεῖστοι
972 1283 1158 1338 λοιπὸν
1191 1285 1278 1338 διὰ
1314 1286 1415 1356 τὴν
1440 1286 1591 1356 ὥραν
1621 1288 1754 1341 ἁνα-

1856 1291 1972 1360 ipse
2001 1293 2142 1346 adeo
2168 1307 2291 1346 cum
2344 1291 2550 1360 ingenti
2588 1291 2822 1346 militum
2856 1309 3028 1356 arma,
3068 1294 3289 1348 strictos
3329 1310 3429 1348 en-

231 1376 535 1444 χωρήσαντες
564 1373 801 1443 ἔτυχον),
844 1374 1074 1428 τοιαῦτα
1104 1377 1454 1446 εἰργάσαντο,
1497 1372 1587 1430 οία
1623 1379 1754 1449 παρ’

1858 1399 1966 1446 ses,
2013 1398 2175 1437 arcus
2220 1392 2277 1436 et
2325 1384 2549 1452 sagittas
2601 1384 2898 1439 ferentium
2953 1401 3140 1450 manu,
3179 1387 3298 1455 ipso
3341 1387 3426 1438 die

228 1464 372 1516 αὐτῶν
408 1464 609 1532 ἔπρεπε
646 1463 982 1534 πραχθῆναι.
1015 1466 1300 1534 Πυρκαῖὰν
1321 1467 1431 1536 γὰρ
1463 1467 1628 1536 ἅψας,
1660 1471 1757 1522 καὶ

1857 1472 2073 1528 Domini
2122 1484 2348 1527 econtra
2409 1475 2670 1544 populum
2704 1476 2994 1545 processit,
3029 1486 3084 1530 et
3116 1478 3306 1546 paucis
3335 1476 3425 1543 qui

231 1556 396 1622 στήσας
438 1555 741 1626 παρθένους
771 1557 923 1624 παρὰ
951 1555 1014 1610 τὸ
1059 1556 1192 1625 πῦρ,
1248 1558 1526 1627 ἠνάγκαζε
1577 1560 1758 1629 λέγειν

1859 1563 2231 1631 prccabanlur
2256 1563 2498 1632 (plurimi
2529 1579 2764 1632 namque
2793 1565 2902 1635 jam
2934 1573 3161 1634 pmpter
3185 1564 3293 1618 diei
3329 1564 3427 1617 ho-

228 1647 363 1710 αὑτὰς
390 1651 477 1718 τῆς
537 1647 757 1717 Ἀρείου
805 1648 1044 1713 πίστεως
1092 1646 1254 1704 εἷναι.
1303 1652 1468 1716 Ὧςδέ
1519 1654 1757 1716 νικώσας

1861 1669 1975 1707 ram
2007 1654 2233 1707 domum
2265 1669 2322 1708 sc
2367 1655 2711 1723 receperant)
2744 1655 2999 1724 repertis,
3046 1655 3173 1709 talia
3219 1655 3293 1708 ibi
3343 1654 3424 1708 fe-

229 1739 365 1802 ιιὺτὰς
389 1739 577 1793 ἐϐλεπε
619 1743 712 1793 καὶ
749 1741 824 1810 μὴ
851 1741 1366 1812 φροντιζούσαςτοῦ
1393 1743 1588 1813 πυρὸς,
1616 1761 1758 1813 γυμ·
1785 1794 1804 1854 1

230 1829 576 1854 ,,ί,,,,,τ,,-ι,,
639 1831 777 1854 -3---
815 1834 1117 1854 __~_._-_..__
1158 1835 1320 1854 -.,v_!,-
1370 1836 1443 1854 -.κ
1483 1836 1535 1854 ,ι
1587 1836 1721 1854 μμ

1862 1762 2009 1812 cere,
2044 1747 2225 1816 qualia
2272 1748 2340 1801 ab
2385 1748 2468 1802 eis
2511 1747 2626 1801 fieri
2678 1747 2928 1801 decebat.
2961 1748 3113 1816 Rogo
3150 1746 3294 1800 enim
3329 1763 3422 1800 ac-

230 1829 372 1892 νώσας
397 1830 601 1896 λοιπὸν,
636 1831 782 1884 οὕτω
814 1834 1118 1903 κατέκοψεν
1150 1835 1322 1897 αὐτας
1364 1836 1446 1898 είς
1479 1836 1547 1888 τὰ
1581 1836 1757 1904 πρόσ-
1785 1829 1805 1854 ³

1861 1856 2050 1903 ceuso,
2074 1850 2130 1894 et
2161 1840 2470 1910 virginibus
2500 1839 2567 1893 ad
2600 1839 2777 1910 ignem
2807 1839 3066 1900 admotis,
3100 1847 3160 1891 ut
3189 1854 3246 1892 se
3273 1839 3426 1891 Aria-

231 1937 342 1988 ωπα,
367 1923 436 1986 ὡς
477 1924 622 1992 μετὰ
658 1925 851 1994 χρόνον
877 1925 1036 1994 μόγις
1066 1925 1495 1996 ἐπιγνωσθῆναι.
1523 1928 1762 1998 Ἀνδρας

1862 1949 1943 1988 nat
1994 1933 2120 1987 fidei
2177 1947 2300 1988 esse
2359 1933 2630 1993 dicerent,
2671 1930 2918 2001 cogebat.
2968 1932 3144 1998 Atque
3197 1929 3290 1982 ubi
3339 1944 3431 1983 cas

229 2031 274 2066 τε
301 2015 559 2084 κρατήσας
592 2017 1033 2086 τεσσαράκοντα,
1057 2020 1366 2089 καινοτέρῳ
1390 2020 1579 2090 τρόπῳ
1603 2020 1765 2074 κατί-

1862 2022 2176 2093 superiores
2207 2037 2348 2085 esse,
2383 2022 2675 2090 ignemque
2723 2021 2862 2074 nihil
2907 2035 3104 2074 curare
3140 2019 3297 2080 vidit,
3335 2019 3434 2072 de-

233 2105 354 2172 κοψε.
396 2103 654 2168 Ῥἁδδους
686 2107 796 2176 γὰρ
825 2107 927 2169 τὰς
973 2108 1080 2161 ἀπὸ
1129 2107 1236 2160 τῶν
1285 2110 1546 2179 φοινίκων
1601 2110 1764 2172 εὐθὺς

1924 2113 2089 2166 Idatis
2125 2114 2207 2167 eis
2257 2113 2328 2165 ita
2372 2113 2566 2166 faciem
2600 2110 2926 2166 verberibus
2960 2109 3235 2168 contudit.
3273 2118 3332 2161 ut
3368 2107 3432 2160 ad
3461 2123 3499 2156 4

230 2193 396 2263 τεμὼν,
438 2197 492 2248 ἐν
519 2196 719 2256 αὑταῖς
765 2196 1020 2265 ἐχούσαις
1067 2198 1148 2251 ἐτι
1197 2201 1323 2260 τοὺς
1371 2199 1666 2264 σκόλοπας,
1695 2201 1765 2252 τὰ

1864 2215 2083 2274 tempus
2120 2203 2340 2273 aliquod
2371 2204 2460 2256 vix
2494 2211 2986 2271 cognoscerentur.
3033 2202 3102 2256 Et
3135 2201 3264 2254 viris
3298 2217 3435 2268 qua-

232 2287 346 2340 νῶτα
368 2286 565 2340 τούτων
599 2287 775 2350 οὕτως
816 2288 1106 2360 ἐξέδειρεν,
1132 2291 1208 2352 ὡς
1233 2290 1388 2353 τινὰς
1432 2290 1531 2360 μὲν
1565 2289 1766 2343 πολλά-

1884 2298 2115 2366 lragiuta
2182 2295 2641 2364 comprehensis,
2707 2309 2852 2346 novo
2910 2309 3009 2347 eos
3065 2292 3459 2346 diverberavit.

232 2394 296 2440 χες
330 2377 794 2448 χειρουργηθῆναι
825 2379 914 2432 διὰ
960 2382 1086 2443 τοὺς
1133 2381 1519 2450 ἀποπαγέντας
1573 2383 1630 2433 ἐν
1670 2382 1768 2433 αύ-

1865 2383 2050 2436 modo.
2101 2380 2280 2450 Virgis
2322 2396 2559 2449 namque
2605 2395 2636 2434 e
2682 2382 2987 2450 palmarum
3027 2380 3322 2434 arboribus
3353 2395 3439 2434 re-

231 2470 315 2530 τοῖς
351 2469 619 2532 σκόλοπας
646 2487 662 2502 '
699 2469 850 2530 τινὰς
889 2470 949 2523 δέ
990 2473 1084 2524 καὶ
1135 2471 1210 2541 μὴ
1250 2473 1514 2541 φέροντας
1561 2473 1768 2527 ἀποθα-

1865 2482 2031 2543 pente
2081 2472 2342 2536 desectis,
2390 2473 2595 2540 quibus
2644 2471 2826 2524 adhuc
2874 2471 3128 2526 acumina
3163 2486 3258 2524 sua
3295 2472 3437 2523 ines-

231 2561 332 2614 «δεῖν.
362 2561 578 2620 Πάντας
627 2563 725 2630 μὲν
771 2561 863 2617 οὖν
904 2563 1034 2624 τοὺς
1069 2563 1517 2632 περιλειφθέντας
1551 2561 1770 2632 ἁθρόως

1866 2575 2011 2627 sent,
2037 2572 2185 2635 terga
2210 2579 2400 2620 eorum
2435 2574 2543 2619 tam
2577 2550 2877 2618 crudeliter
2905 2563 3198 2628 conscidit,
3228 2571 3286 2616 ut
3316 2563 3440 2631 qui-

232 2649 302 2699 καὶ
325 2648 412 2709 τὰς
433 2650 749 2719 παρθένους
771 2652 1035 2719 ἐξώρισεν
1057 2651 1135 2713 εἰς
1155 2651 1255 2720 τὴν
1278 2652 1524 2721 μεγάλην
1548 2652 1764 2705 Ὄασιν.

1867 2656 1992 2710 (lam
2029 2670 2097 2709 ex
2157 2655 2239 2708 eis
2280 2655 2480 2723 saepius
2523 2669 2553 2706 a
2603 2653 2878 2721 chirurgis
2917 2663 3142 2723 propter
3185 2652 3433 2706 acumina

231 2739 294 2791 Τὰ
318 2740 366 2792 δὲ
393 2741 625 2812 σώματα
649 2743 759 2797 τῶν
785 2743 1261 2813 τετελευτηκότων
1305 2743 1426 2796 οὑδέ
1455 2746 1566 2807 τοῖς
1617 2743 1770 2806 ἰδίοις

1868 2745 2034 2801 inﬁxa
2071 2746 2286 2802 curati:
2314 2745 2537 2815 quidam
2573 2760 2704 2797 vero
2742 2744 2890 2815 quod
2922 2760 3108 2799 curam
3140 2759 3274 2798 eam
3294 2742 3434 2797 ferre

231 2833 345 2884 κατὰ
388 2835 481 2902 τὴν
530 2836 717 2904 ἀρχὴν
771 2835 1102 2899 ἀποδοθῆναι
1157 2834 1546 2906 συνεχώρησαν
1575 2851 1589 2865 ο
1651 2833 1770 2890 ἀλλ’

1867 2837 2184 2906 nequirent,
2206 2837 2407 2890 mortui
2433 2837 2564 2890 sint.
2592 2836 2853 2906 Reliquos
2880 2849 3013 2889 vero
3035 2835 3196 2888 simul
3220 2848 3433 2895 omnes,

229 2922 438 2994 ἔκρυψαν
475 2927 552 2989 ὡς
612 2927 888 2996 ἠθέλησαν
935 2928 1123 2998 ἄταφα
1169 2927 1448 2992 λιπόντες,
1496 2927 1634 2996 ὑπὲρ
1673 2927 1769 2982 τοῦ

1869 2937 2034 2998 atque
2067 2944 2175 2982 una
2209 2927 2448 2998 virgines
2483 2929 2536 2982 iu
2573 2943 2824 2997 magnam
2869 2926 3052 2982 Oasim
3085 2926 3139 2979 in
3179 2924 3434 2979 exsilium

229 3016 375 3069 δοκεῖν
425 3019 632 3081 αὐτοὺς
681 3019 971 3074 λανθάνειν
1025 3022 1125 3090 τὴν
1171 3019 1442 3089 τοσαύτην
1487 3020 1769 3091 ὠμότητα.

1880 3021 2001 3091 egit.
2034 3020 2376 3075 Mortuorum
2409 3005 2573 3090 porro
2601 3035 2835 3090 corpora
2865 3021 3105 3088 primum
3139 3015 3290 3071 reddi
3323 3015 3455 3068 suis.

231 3109 499 3178 Πράττουσι
544 3113 614 3164 δέ
659 3111 837 3174 τοῦτο,
893 3113 1302 3182 πεπλανημένοι
1357 3115 1423 3183 τῇ
1478 3113 1688 3183 διανοίᾳ
1721 3115 1806 3187 οἱ(

1874 3125 1981 3164 non
2018 3110 2411 3179 permiserunt,
2441 3109 2538 3162 sed
2572 3124 2636 3162 ea
2678 3108 2951 3177 insepulta
2977 3113 3060 3158 ἰιι
3092 3105 3318 3157 voluere
3351 3116 3441 3155 ce-

228 3201 570 3268 mpdcppovsg.
609 3202 728 3256 Τῶν
753 3205 864 3274 γὰρ
896 3204 1115 3259 οἰκείων
1143 3203 1253 3257 τῶν
1280 3204 1765 3272 τετελευτηκότων,

1894 3210 2056 3256 arunt
2087 3219 2100 3255 :
2134 3201 2281 3270 quod
2322 3201 2708 3255 existimarent
2733 3198 3120 3253 crudelitatem
3149 3203 3356 3249 tantam
3383 3206 3461 3246 seu

229 3287 490 3355 χαιρόντων
539 3291 648 3359 μὲν
688 3291 776 3343 διὰ
819 3291 919 3359 τὴν
967 3290 1282 3359 ὁμολογίαν,
1322 3289 1674 3359 θρηνούντων
1711 3291 1770 3344 δὲ

1871 3294 2249 3348 occultaturos
2293 3307 2436 3346 esse.
2474 3292 2540 3345 Et
2589 3291 2841 3344 fecerunt
2891 3289 2969 3342 illi
3017 3287 3144 3350 hoc,
3183 3284 3444 3355 Opinione

225 3377 298 3432 διὰ
325 3382 387 3434 τὰ
417 3382 678 3451 σώματα,
714 3381 897 3451 μεῖζον
940 3382 1190 3450 ἐξηχεῖτο
1233 3381 1355 3435 κατ’
1401 3381 1582 3434 αὐτῶν
1617 3385 1644 3434 ό
1674 3384 1771 3452 τῆς

1872 3399 1970 3439 sua
2019 3383 2255 3440 seducti.
2296 3383 2550 3437 homines
2597 3383 2905 3435 dentientes.
2954 3380 3093 3433 Dum
3146 3379 3293 3432 enim
3345 3377 3443 3431 de-

229 3472 450 3529 ἀσεδείας
486 3477 594 3528 καὶ
623 3474 909 3543 ὠμότητος
932 3473 1176 3543 ἐλεγχος.
1203 3476 1316 3528 Καὶ
1342 3477 1448 3545 γὰρ
1478 3474 1643 3537 εὐθὺς
1666 3474 1773 3528 ἀπὺ

1874 3476 2191 3530 functorum
2241 3475 2544 3528 familiares
2591 3473 2912 3527 laetarentur
2953 3471 3174 3539 quidem
3219 3478 3444 3537 pr0pter

225 3563 306 3630 τῆς
348 3566 631 3634 Αἰγύπτου
666 3568 764 3620 καὶ
791 3567 901 3619 τῶν
932 3565 1151 3620 Λιϐύων
1204 3565 1474 3637 ἐξώρισαν
1510 3567 1610 3634 μὲν
1651 3567 1775 3619 ἐπι-

1875 3569 2276 3624 confessionem
2309 3567 2536 3630 ubitam,
2569 3567 2822 3635 lugerent
2853 3573 3035 3617 autem
3071 3570 3298 3630 propter
3325 3574 3445 3613 cor-

230 3656 440 3720 σκόπους
482 3660 828 3728 Ἀμμώνιον,
861 3658 1087 3727 Θμοῦῖν,
1141 3660 1325 3723 Γάϊον,
1367 3659 1599 3721 Φίλωνα,
1649 3660 1774 3730 Ἐρ-

1902 3675 2008 3712 lora
2041 3659 2330 3727 denegata,
2363 3655 2539 3725 magis
2567 3672 2631 3708 ac
2660 3655 2836 3722 magis
2864 3651 3163 3721 impietatis
3195 3648 3358 3704 simul
3389 3658 3477 3700 et.

230 3747 340 3815 μην,
389 3751 1001 3820 Πλήνιον,Ψενόσιριν,
1047 3750 1417 3820 Νιλάμμωνα,
1471 3751 1774 3818 Ἀγάθωνα,

1878 3749 2224 3804 crudelitatis
2271 3761 2464 3801 contra
2515 3762 2612 3800 eos
2661 3743 2935 3799 increbuit
2978 3742 3213 3797 crimen.
3247 3740 3448 3796 Confe-

237 3838 592 3911 ’Δνάγαμφον,
641 3841 1220 3912 Ἀμμώνιονέτερον,
1253 3842 1502 3912 Μάρκον,
1541 3843 1779 3912 Δρακόν-

1878 3844 2005 3898 stim
2037 3843 2204 3896 etiam
2231 3856 2301 3895 ex
2327 3839 2564 3910 Egypto
2593 3848 2649 3892 et
2678 3836 2847 3908 Libya
2911 3835 3108 3889 exsilio
3142 3833 3451 3887 multarunt

226 3946 346 3996 τιον,
407 3933 713 4002 ’Δδελφιον,
781 3933 1170 4003 ’Δθηνόδωρον,
1217 3935 1314 3988 καὶ
1351 3935 1776 4004 πρεσϐυτέρους,

1879 3937 2191 4008 episcopos,
2214 3937 2564 3999 Ammonum,
2593 3934 2872 3999 Thmuim,
2897 3930 3112 3994 Caium,
3135 3929 3446 3992 Philonem,

238 4021 434 4089 Ἱέρακα
457 4031 551 4078 καὶ
567 4025 886 4096 Διόσκορον.
902 4025 1013 4079 Καὶ
1038 4023 1182 4078 οὕτω
1207 4027 1419 4092 πικρῶς
1450 4025 1660 4095 ἤλασαν
1684 4027 1780 4078 αὑ-

1881 4029 2146 4095 ilermcn,
2175 4028 2453 4090 Plenium,
2483 4024 2840 4087 Psenosirim,
2866 4024 3290 4084 Nilammonem,
3315 4022 3445 4087 Aga-

225 4112 356 4178 τοὺς,
383 4116 458 4178 ὡς
485 4117 643 4178 τινὰς
679 4119 781 4186 μὲν
817 4116 996 4169 αὐτῶν
1029 4117 1087 4169 ἐν
1124 4118 1246 4178 ταῖς
1265 4116 1429 4180 ὁδοῖς,
1460 4116 1611 4180 τινὰς
1638 4117 1695 4169 δὲ
1722 4119 1779 4169 ἐν

1883 4123 2130 4187 thouem,
2167 4119 2607 4190 Auagamphum,
2642 4116 2992 4172 Ammonium
3026 4116 3280 4176 alterum,
3311 4113 3450 4166 Mar-

228 4203 360 4274 αὐτῷ
387 4207 465 4276 τῷ
485 4207 769 4278 ἐξορισμῴ
794 4208 1110 4264 ἀποθανεῖν.
1151 4208 1558 4278 Ἐφυγάδευσαν
1588 4209 1642 4262 δὲ
1663 4211 1782 4260 ἐπι⁴

1883 4235 2033 4285 cum,
2071 4217 2449 4280 Dracontium,
2490 4212 2844 4283 Adelphium,
2891 4209 3309 4265 Athenodorqu
3349 4226 3362 4262 :
3397 4216 3454 4261 et

229 4296 446 4362 σκόπους
496 4303 723 4362 πλείους
754 4303 1078 4370 τριάκοντα.
1110 4301 1323 4372 Σπουδὴ
1357 4301 1464 4370 γὰρ
1497 4296 1566 4371 ἦν
1599 4301 1782 4364 αὐτοῖς

1916 4309 2261 4380 ιτθεὺγιετοε,
2294 4305 2580 4360 llieracem
2625 4311 2684 4358 et
2715 4302 3062 4355 Dioscorum.
3097 4298 3310 4366 Eosque
3347 4303 3456 4350 tam
3489 4333 3491 4343 ,

226 4389 353 4440 κατὰ
371 4391 460 4444 τὸν
495 4391 729 4462 Ἀχαὰ6,
753 4395 802 4445 εί
831 4393 1077 4458 δυνατὸν,
1109 4393 1301 4464 ἐξᾶραι
1321 4394 1419 4464 τῆν
1445 4393 1726 4465 ἀλήθειαν.
1756 4409 1775 4443 ι

1887 4399 2083 4455 acerbe
2136 4412 2392 4467 exegere,
2431 4404 2492 4450 ut
2546 4393 2796 4448 nonnulli
2867 4390 3092 4460 quidem
3148 4390 3203 4442 in
3257 4388 3455 4442 itinere

227 4479 295 4532 Τὰ
324 4482 419 4553 μὲν
447 4482 542 4540 οὖν
570 4487 716 4540 κατὰ
749 4487 1158 4556 ’Δλεξάνδρειαν
1183 4487 1289 4540 ὑπὸ
1315 4487 1612 4556 Γεωργίων
1636 4484 1782 4553 γινό-

1893 4491 2039 4560 ipso,
2071 4489 2294 4559 quidam
2343 4497 2526 4541 autem
2559 4485 2616 4539 in
2647 4478 3238 4558 exsiliodecesserint.
3277 4477 3455 4544 Expu—

229 4592 352 4640 μενα
376 4582 608 4635 τοιαῦτα
645 4582 708 4652 δή
737 4599 863 4634 τινα
893 4576 1060 4652 ἦσαν.

1891 4582 2004 4636 lere
2033 4581 2110 4652 (1)
2145 4594 2278 4635 vero
2305 4578 2595 4647 episcopos
2622 4575 2808 4645 plures
2830 4586 2994 4640 quam
3020 4567 3262 4638 triginta.
3293 4565 3457 4636 748

226 4671 402 4731 Studio
430 4678 582 4732 enim
623 4679 707 4733 eis
746 4686 888 4744 erat,
913 4678 1068 4749 juxta
1107 4675 1317 4742 Achab,
1347 4675 1391 4733 si
1428 4675 1545 4731 ﬁeri
1611 4686 1815 4746 posset,
1862 4677 2057 4734 tollere
2128 4677 2438 4736 veritatem.
2484 4672 2555 4732 Et,
2601 4686 2723 4741 qua:
2767 4665 3114 4723 Alexandriae
3151 4679 3180 4716 a
3221 4663 3456 4733 Georgio

227 4767 328 4824 sint
349 4779 490 4836 acta,
518 4771 649 4826 talia
679 4770 854 4827 fuere.

819 4889 1072 4942 ΚΕΦΛΛ.
1113 4889 1193 4942 Δ’.
1911 4888 1917 4895 ’

1911 4888 1917 4895 ο
2401 4857 2404 4860 ’
2475 4870 2702 4927 CAPUT
2739 4869 2903 4925 xxx.

237 4972 326 5041 Ὧς
361 4979 763 5047 παραπλήσια
795 4980 938 5048 ἕδρα
984 4981 1084 5032 καὶ
1127 4980 1498 5045 Μακεδόνιος
1524 4977 1596 5032 ἐν
1628 4980 1787 5030 Κων-

1901 4973 1965 5029 Ut
1995 4971 2177 5048 eadem
2203 4976 2251 5048 et
2280 4965 2616 5047 Macedonius
2647 4961 3103 5048 Constantinopoli
3121 4961 3457 5048 ncirtum‘qne

287 5031 930 5104 angustabatur
971 5031 1316 5118 apag-"agat
1339 5031 1790 5118 ’ὠςίὲμαρτύρη-

1963 5059 2026 5097 ea
2051 5041 2166 5093 loca
2200 5038 2377 5118 [fcerit
2403 5052 2425 5118 ί
2447 5043 2496 5087 et
2523 5043 2580 5088 ut
2604 5031 3153 5118 martyriq‘pcrfuncti
3183 5033 3296 5118 sint
3315 5031 3457 5084 Mar-

287 5133 406 5198 gar
426 5101 773 5188 uagam;
804 5101 1287 5198 σςᾳιΜαρι-ὖριος,
1333 5101 1433 5176 καὶ
1459 5101 1703 5181 ﬁci}on
1747 5101 1784 5169 Β

1963 5114 2166 5192 cianus.
2195 5101 2246 5160 Μ
2257 5107 2489 5177 artyrius
2514 5113 2563 5158 et
2610 5101 2812 5158 Paulus
2842 5101 3456 5171 Constantinapolitanus

287 5191 1004 5258 Κωνσταντινουπόλεως.

678 5193 1004 5258 ουπόλεως.
1964 5194 2253 5266 episcopus.

293 5305 406 5373 οὐχ
433 5299 606 5375 ἧττον
635 5306 691 5358 δέ
720 5308 814 5358 καὶ
841 5306 1176 5368 Μακεδόνιος
1208 5304 1347 5374 μετὰ
1376 5301 1593 5358 Παῦλον
1616 5317 1790 5354 κατα-

1961 5294 2076 5348 Νοιι
2121 5290 2298 5344 secius
2332 5302 2464 5341 vero
2497 5296 2552 5342 et
2585 5285 2940 5342 Macedonius
2979 5279 3469 5350 Constantinopoli.

232 5395 367 5465 σχὼν
417 5373 518 5465 τὴν
553 5395 906 5466 Ἐκκλησίαν,
942 5400 998 5448 ἐν
1049 5393 1626 5450 Κωνσταντινουπόλει
1671 5393 1790 5445 δια-

1892 5395 2017 5456 post
2063 5383 2292 5438 Paulum
2336 5380 2570 5435 ecclesia
2605 5379 2683 5433 ibi
2717 5388 2984 5447 occupata
3022 5375 3300 5430 saeviebat.
3347 5373 3455 5426 Ac-

231 5491 605 5558 πραττόμενος
634 5486 701 5560 ἦν
728 5465 753 5520 ’ί
779 5491 952 5560 ῥοπὴν
986 5491 1096 5560 γὰρ
1131 5491 1192 5542 ἐκ
1230 5488 1494 5558 βασιλέως
1523 5487 1605 5540 ὅτι
1635 5483 1790 5536 πλεί-

1893 5488 2050 5547 cepta
2081 5476 2229 5529 enim
2273 5473 2510 5545 plurima
2541 5471 2609 5526 ab
2645 5471 2984 5540 imperatore
3016 5465 3455 5537 potestate,°bel-

232 5598 351 5653 στην
374 5579 590 5648 λασὼν,
612 5558 845 5655 πόλεμον
859 5558 1136 5652 ἀνεγείρει
1154 5581 1294 5634 κατὰ
1313 5579 1412 5646 τῆς
1440 5576 1789 5646 Ἐκκλησίας,

1918 5587 2005 5624 ιιιιι
2043 5577 2234 5623 contra
2267 5566 2569 5621 Ecclesiam
2603 5561 2864 5630 suscepit,
2899 5559 3074 5615 nihilo
3109 5558 3337 5614 inferius
3365 5571 3488 5623 eo...

295 5749 369 5818 (ι)
404 5749 515 5806 Pro
573 5749 954 5818 ἐφυγάδευσαν
1012 5745 1289 5808 Theodor.
1333 5743 1660 5812 ἐφόνευσαν,
1704 5736 2050 5808 Ῑιιῃιιίανιιηι.
