  <div class='ocr_page' id='page_1' title='image "/cluster/home/n/w/nwhite01/storage/ocr_20150623/146/hvd.32044073502601/199.png"; bbox 0 0 3970 6190; ppageno 0'>
   <div class='ocr_carea' id='block_1_1' title="bbox 422 266 586 362">
    <p class='ocr_par' dir='ltr' id='par_1_1' title="bbox 422 266 586 362">
     <span class='ocr_line' id='line_1_1' title="bbox 422 266 586 362; baseline -0.018 0"><span class='ocrx_word' id='word_1_1' title='bbox 422 300 527 362; x_wconf 69' lang='lat' dir='ltr'><strong>att</strong></span> <span class='ocrx_word' id='word_1_2' title='bbox 583 266 586 270; x_wconf 63' lang='grc'><em>’</em></span> 
     </span>
    </p>
   </div>
   <div class='ocr_carea' id='block_1_2' title="bbox 1617 307 2429 373">
    <p class='ocr_par' dir='ltr' id='par_1_2' title="bbox 1617 307 2429 373">
     <span class='ocr_line' id='line_1_2' title="bbox 1617 307 2429 373; baseline 0.005 -6"><span class='ocrx_word' id='word_1_3' title='bbox 1617 307 2040 367; x_wconf 71' lang='grc' dir='ltr'>ΝιεΕΡιωιιι</span> <span class='ocrx_word' id='word_1_4' title='bbox 2079 310 2429 373; x_wconf 80' lang='lat' dir='ltr'><strong>CALLISTI</strong></span> 
     </span>
    </p>
   </div>
   <div class='ocr_carea' id='block_1_3' title="bbox 3560 310 3665 374">
    <p class='ocr_par' dir='ltr' id='par_1_3' title="bbox 3560 310 3665 374">
     <span class='ocr_line' id='line_1_3' title="bbox 3560 310 3665 374; baseline -0.019 0"><span class='ocrx_word' id='word_1_5' title='bbox 3560 310 3665 374; x_wconf 63' lang='grc' dir='ltr'><strong>ιιι</strong></span> 
     </span>
    </p>
   </div>
   <div class='ocr_carea' id='block_1_4' title="bbox 388 410 2005 488">
    <p class='ocr_par' dir='ltr' id='par_1_4' title="bbox 388 410 1987 480">
     <span class='ocr_line' id='line_1_4' title="bbox 388 410 1987 480; baseline 0 -16"><span class='ocrx_word' id='word_1_6' title='bbox 388 412 490 465; x_wconf 88' lang='lat' dir='ltr'><strong>-ibi</strong></span> <span class='ocrx_word' id='word_1_7' title='bbox 520 420 829 474; x_wconf 88' lang='lat' dir='ltr'><strong>manentes,</strong></span> <span class='ocrx_word' id='word_1_8' title='bbox 860 410 1088 480; x_wconf 83' lang='lat' dir='ltr'><strong>perinde</strong></span> <span class='ocrx_word' id='word_1_9' title='bbox 1119 421 1284 480; x_wconf 88' lang='lat' dir='ltr'><strong>atque</strong></span> <span class='ocrx_word' id='word_1_10' title='bbox 1313 411 1524 480; x_wconf 86' lang='lat' dir='ltr'><strong>priores</strong></span> <span class='ocrx_word' id='word_1_11' title='bbox 1558 413 1683 468; x_wconf 86' lang='lat' dir='ltr'><strong>fidei</strong></span> <span class='ocrx_word' id='word_1_12' title='bbox 1722 414 1987 468; x_wconf 81' lang='lat' dir='ltr'><strong>formulas</strong></span> 
     </span>
    </p>
   </div>
   <div class='ocr_carea' id='block_1_5' title="bbox 2112 410 3669 488">
    <p class='ocr_par' dir='ltr' id='par_1_5' title="bbox 2112 414 3669 488">
     <span class='ocr_line' id='line_1_5' title="bbox 2112 414 3669 488; baseline 0.001 -19"><span class='ocrx_word' id='word_1_13' title='bbox 2112 419 2430 488; x_wconf 63' lang='grc' dir='ltr'>δπηγόρευον</span> <span class='ocrx_word' id='word_1_14' title='bbox 2491 417 2724 480; x_wconf 82' lang='grc' dir='ltr'>πίστεις.</span> <span class='ocrx_word' id='word_1_15' title='bbox 2772 416 2884 487; x_wconf 85' lang='grc' dir='ltr'><strong>Τὴν</strong></span> <span class='ocrx_word' id='word_1_16' title='bbox 2921 416 3024 484; x_wconf 77' lang='grc' dir='ltr'><strong>μὲν</strong></span> <span class='ocrx_word' id='word_1_17' title='bbox 3069 414 3161 468; x_wconf 83' lang='grc' dir='ltr'><strong>οῦν</strong></span> <span class='ocrx_word' id='word_1_18' title='bbox 3221 415 3352 486; x_wconf 76' lang='grc' dir='ltr'>μίαν</span> <span class='ocrx_word' id='word_1_19' title='bbox 3395 416 3669 487; x_wconf 68' lang='grc' dir='ltr'>Ἑλλήνων</span> 
     </span>
    </p>
   </div>
   <div class='ocr_carea' id='block_1_6' title="bbox 419 504 1984 574">
    <p class='ocr_par' dir='ltr' id='par_1_6' title="bbox 419 504 1984 574">
     <span class='ocr_line' id='line_1_6' title="bbox 419 504 1984 574; baseline -0.001 -17"><span class='ocrx_word' id='word_1_20' title='bbox 419 504 770 569; x_wconf 83' lang='lat' dir='ltr'><strong>damnarent,</strong></span> <span class='ocrx_word' id='word_1_21' title='bbox 806 514 918 559; x_wconf 91' lang='lat' dir='ltr'><strong>tres</strong></span> <span class='ocrx_word' id='word_1_22' title='bbox 960 505 1095 558; x_wconf 89' lang='lat' dir='ltr'><strong>alias</strong></span> <span class='ocrx_word' id='word_1_23' title='bbox 1136 505 1580 574; x_wconf 87' lang='lat' dir='ltr'><strong>promulgarunt.</strong></span> <span class='ocrx_word' id='word_1_24' title='bbox 1611 505 1789 574; x_wconf 87' lang='lat' dir='ltr'><strong>Atque</strong></span> <span class='ocrx_word' id='word_1_25' title='bbox 1822 519 1984 558; x_wconf 88' lang='lat' dir='ltr'><strong>unam</strong></span> 
     </span>
    </p>
   </div>
   <div class='ocr_carea' id='block_1_7' title="bbox 421 594 1986 666">
    <p class='ocr_par' dir='ltr' id='par_1_7' title="bbox 421 594 1986 666">
     <span class='ocr_line' id='line_1_7' title="bbox 421 594 1986 666; baseline 0.001 -17"><span class='ocrx_word' id='word_1_26' title='bbox 421 594 644 666; x_wconf 87' lang='lat' dir='ltr'><strong>quidem</strong></span> <span class='ocrx_word' id='word_1_27' title='bbox 693 595 880 651; x_wconf 82' lang='lat' dir='ltr'><strong>Graeca</strong></span> <span class='ocrx_word' id='word_1_28' title='bbox 923 594 1110 665; x_wconf 78' lang='lat' dir='ltr'><strong>lingua</strong></span> <span class='ocrx_word' id='word_1_29' title='bbox 1143 595 1355 651; x_wconf 83' lang='lat' dir='ltr'><strong>Marcus</strong></span> <span class='ocrx_word' id='word_1_30' title='bbox 1385 596 1719 652; x_wconf 86' lang='lat' dir='ltr'><strong>Arethusius</strong></span> <span class='ocrx_word' id='word_1_31' title='bbox 1759 612 1986 665; x_wconf 82' lang='lat' dir='ltr'><strong>compo-</strong></span> 
     </span>
    </p>
   </div>
   <div class='ocr_carea' id='block_1_8' title="bbox 423 687 1982 757">
    <p class='ocr_par' dir='ltr' id='par_1_8' title="bbox 423 687 1982 757">
     <span class='ocr_line' id='line_1_8' title="bbox 423 687 1982 757; baseline 0.001 -17"><span class='ocrx_word' id='word_1_32' title='bbox 423 687 556 752; x_wconf 88' lang='lat' dir='ltr'><strong>suit,</strong></span> <span class='ocrx_word' id='word_1_33' title='bbox 596 687 818 755; x_wconf 67' lang='lat' dir='ltr'><strong>reliquae</strong></span> <span class='ocrx_word' id='word_1_34' title='bbox 850 687 1046 740; x_wconf 86' lang='lat' dir='ltr'><strong>Latino</strong></span> <span class='ocrx_word' id='word_1_35' title='bbox 1080 702 1337 743; x_wconf 89' lang='lat' dir='ltr'><strong>sermone</strong></span> <span class='ocrx_word' id='word_1_36' title='bbox 1369 687 1587 742; x_wconf 87' lang='lat' dir='ltr'><strong>fuerant</strong></span> <span class='ocrx_word' id='word_1_37' title='bbox 1617 689 1940 757; x_wconf 58' lang='lat' dir='ltr'><strong>conscriptae</strong></span> <span class='ocrx_word' id='word_1_38' title='bbox 1970 707 1982 742; x_wconf 93' lang='lat'><strong>:</strong></span> 
     </span>
    </p>
   </div>
   <div class='ocr_carea' id='block_1_9' title="bbox 423 778 1988 848">
    <p class='ocr_par' dir='ltr' id='par_1_9' title="bbox 423 778 1988 848">
     <span class='ocr_line' id='line_1_9' title="bbox 423 778 1988 848; baseline 0 -16"><span class='ocrx_word' id='word_1_39' title='bbox 423 795 545 848; x_wconf 74' lang='lat' dir='ltr'><strong>qua:</strong></span> <span class='ocrx_word' id='word_1_40' title='bbox 597 778 759 838; x_wconf 80' lang='lat' dir='ltr'><strong>simul</strong></span> <span class='ocrx_word' id='word_1_41' title='bbox 801 786 858 832; x_wconf 90' lang='lat' dir='ltr'><strong>et</strong></span> <span class='ocrx_word' id='word_1_42' title='bbox 907 778 1093 832; x_wconf 81' lang='lat' dir='ltr'><strong>verbis</strong></span> <span class='ocrx_word' id='word_1_43' title='bbox 1145 786 1201 832; x_wconf 80' lang='lat' dir='ltr'><strong>et</strong></span> <span class='ocrx_word' id='word_1_44' title='bbox 1249 793 1440 833; x_wconf 89' lang='lat' dir='ltr'><strong>eorum</strong></span> <span class='ocrx_word' id='word_1_45' title='bbox 1487 788 1764 834; x_wconf 87' lang='lat' dir='ltr'><strong>structura</strong></span> <span class='ocrx_word' id='word_1_46' title='bbox 1822 789 1988 847; x_wconf 87' lang='lat' dir='ltr'><strong>atque</strong></span> 
     </span>
    </p>
   </div>
   <div class='ocr_carea' id='block_1_10' title="bbox 422 869 1989 940">
    <p class='ocr_par' dir='ltr' id='par_1_10' title="bbox 422 869 1989 940">
     <span class='ocr_line' id='line_1_10' title="bbox 422 869 1989 940; baseline -0.001 -16"><span class='ocrx_word' id='word_1_47' title='bbox 422 869 824 937; x_wconf 76' lang='lat' dir='ltr'><strong>compositione</strong></span> <span class='ocrx_word' id='word_1_48' title='bbox 887 870 955 923; x_wconf 90' lang='lat' dir='ltr'><strong>ab</strong></span> <span class='ocrx_word' id='word_1_49' title='bbox 1009 870 1288 924; x_wconf 86' lang='lat' dir='ltr'><strong>Arethusii</strong></span> <span class='ocrx_word' id='word_1_50' title='bbox 1353 871 1696 940; x_wconf 74' lang='lat' dir='ltr'><strong>expositione</strong></span> <span class='ocrx_word' id='word_1_51' title='bbox 1763 884 1989 939; x_wconf 79' lang='lat' dir='ltr'><strong>prorsus</strong></span> 
     </span>
    </p>
   </div>
   <div class='ocr_carea' id='block_1_11' title="bbox 422 959 1991 1032">
    <p class='ocr_par' dir='ltr' id='par_1_11' title="bbox 422 959 1991 1032">
     <span class='ocr_line' id='line_1_11' title="bbox 422 959 1991 1032; baseline 0.001 -19"><span class='ocrx_word' id='word_1_52' title='bbox 422 960 787 1014; x_wconf 89' lang='lat' dir='ltr'><strong>dissidebant.</strong></span> <span class='ocrx_word' id='word_1_53' title='bbox 829 959 973 1026; x_wconf 86' lang='lat' dir='ltr'><strong>Quin</strong></span> <span class='ocrx_word' id='word_1_54' title='bbox 1022 977 1202 1030; x_wconf 89' lang='lat' dir='ltr'><strong>neque</strong></span> <span class='ocrx_word' id='word_1_55' title='bbox 1243 962 1436 1017; x_wconf 88' lang='lat' dir='ltr'><strong>eadem</strong></span> <span class='ocrx_word' id='word_1_56' title='bbox 1472 977 1594 1032; x_wconf 74' lang='lat' dir='ltr'><strong>qua:</strong></span> <span class='ocrx_word' id='word_1_57' title='bbox 1628 962 1839 1030; x_wconf 86' lang='lat' dir='ltr'><strong>priores</strong></span> <span class='ocrx_word' id='word_1_58' title='bbox 1878 961 1991 1015; x_wconf 83' lang='lat' dir='ltr'><strong>for-</strong></span> 
     </span>
    </p>
   </div>
   <div class='ocr_carea' id='block_1_12' title="bbox 423 1051 1990 1123">
    <p class='ocr_par' dir='ltr' id='par_1_12' title="bbox 423 1051 1990 1123">
     <span class='ocr_line' id='line_1_12' title="bbox 423 1051 1990 1123; baseline 0.003 -20"><span class='ocrx_word' id='word_1_59' title='bbox 423 1051 584 1106; x_wconf 66' lang='lat' dir='ltr'><strong>mulae</strong></span> <span class='ocrx_word' id='word_1_60' title='bbox 661 1053 1192 1122; x_wconf 90' lang='lat' dir='ltr'><strong>contplectebantur.</strong></span> <span class='ocrx_word' id='word_1_61' title='bbox 1251 1051 1436 1108; x_wconf 63' lang='lat' dir='ltr'><strong>Graeca</strong></span> <span class='ocrx_word' id='word_1_62' title='bbox 1514 1069 1751 1123; x_wconf 84' lang='lat' dir='ltr'><strong>namque</strong></span> <span class='ocrx_word' id='word_1_63' title='bbox 1812 1069 1990 1123; x_wconf 91' lang='lat' dir='ltr'><strong>neque</strong></span> 
     </span>
    </p>
   </div>
   <div class='ocr_carea' id='block_1_13' title="bbox 419 1142 1991 1214">
    <p class='ocr_par' dir='ltr' id='par_1_13' title="bbox 419 1142 1991 1214">
     <span class='ocr_line' id='line_1_13' title="bbox 419 1142 1991 1214; baseline 0.003 -21"><span class='ocrx_word' id='word_1_64' title='bbox 419 1142 730 1209; x_wconf 82' lang='grc' dir='ltr'>ὁμοούσιον,</span> <span class='ocrx_word' id='word_1_65' title='bbox 752 1144 1307 1208; x_wconf 83' lang='lat' dir='ltr'><strong>consubstantialem,</strong></span> <span class='ocrx_word' id='word_1_66' title='bbox 1326 1159 1506 1214; x_wconf 91' lang='lat' dir='ltr'><strong>neque</strong></span> <span class='ocrx_word' id='word_1_67' title='bbox 1535 1145 1898 1214; x_wconf 76' lang='grc' dir='ltr'><strong>ὀμοιοούσιον.</strong></span> <span class='ocrx_word' id='word_1_68' title='bbox 1917 1145 1991 1198; x_wconf 86' lang='lat' dir='ltr'><strong>si-</strong></span> 
     </span>
    </p>
   </div>
   <div class='ocr_carea' id='block_1_14' title="bbox 423 1233 1994 1303">
    <p class='ocr_par' dir='ltr' id='par_1_14' title="bbox 423 1233 1994 1303">
     <span class='ocr_line' id='line_1_14' title="bbox 423 1233 1994 1303; baseline 0.002 -19"><span class='ocrx_word' id='word_1_69' title='bbox 423 1233 609 1287; x_wconf 89' lang='lat' dir='ltr'><strong>milem</strong></span> <span class='ocrx_word' id='word_1_70' title='bbox 642 1234 970 1298; x_wconf 83' lang='lat' dir='ltr'><strong>substantia,</strong></span> <span class='ocrx_word' id='word_1_71' title='bbox 994 1235 1138 1288; x_wconf 84' lang='lat' dir='ltr'><strong>Patri</strong></span> <span class='ocrx_word' id='word_1_72' title='bbox 1170 1234 1368 1289; x_wconf 82' lang='lat' dir='ltr'><strong>Filium</strong></span> <span class='ocrx_word' id='word_1_73' title='bbox 1408 1234 1641 1290; x_wconf 89' lang='lat' dir='ltr'><strong>dicebat.</strong></span> <span class='ocrx_word' id='word_1_74' title='bbox 1674 1235 1741 1290; x_wconf 87' lang='lat' dir='ltr'><strong>Et</strong></span> <span class='ocrx_word' id='word_1_75' title='bbox 1775 1251 1870 1290; x_wconf 83' lang='lat' dir='ltr'><strong>eos</strong></span> <span class='ocrx_word' id='word_1_76' title='bbox 1899 1235 1994 1303; x_wconf 88' lang='lat' dir='ltr'><strong>qui</strong></span> 
     </span>
    </p>
   </div>
   <div class='ocr_carea' id='block_1_15' title="bbox 422 1326 1990 1397">
    <p class='ocr_par' dir='ltr' id='par_1_15' title="bbox 422 1326 1990 1397">
     <span class='ocr_line' id='line_1_15' title="bbox 422 1326 1990 1397; baseline 0.001 -18"><span class='ocrx_word' id='word_1_77' title='bbox 422 1326 692 1380; x_wconf 83' lang='lat' dir='ltr'><strong>docerent</strong></span> <span class='ocrx_word' id='word_1_78' title='bbox 729 1327 925 1381; x_wconf 87' lang='lat' dir='ltr'><strong>Filium</strong></span> <span class='ocrx_word' id='word_1_79' title='bbox 966 1327 1226 1396; x_wconf 87' lang='lat' dir='ltr'><strong>principii</strong></span> <span class='ocrx_word' id='word_1_80' title='bbox 1274 1337 1561 1396; x_wconf 81' lang='lat' dir='ltr'><strong>expertem</strong></span> <span class='ocrx_word' id='word_1_81' title='bbox 1592 1343 1736 1388; x_wconf 89' lang='lat' dir='ltr'><strong>esse,</strong></span> <span class='ocrx_word' id='word_1_82' title='bbox 1776 1339 1870 1382; x_wconf 89' lang='lat' dir='ltr'><strong>aut</strong></span> <span class='ocrx_word' id='word_1_83' title='bbox 1898 1328 1990 1397; x_wconf 88' lang='lat' dir='ltr'><strong>qui</strong></span> 
     </span>
    </p>
   </div>
   <div class='ocr_carea' id='block_1_16' title="bbox 425 1415 1990 1486">
    <p class='ocr_par' dir='ltr' id='par_1_16' title="bbox 425 1415 1990 1486">
     <span class='ocr_line' id='line_1_16' title="bbox 425 1415 1990 1486; baseline 0.003 -20"><span class='ocrx_word' id='word_1_84' title='bbox 425 1415 623 1469; x_wconf 77' lang='lat' dir='ltr'><strong>Filium</strong></span> <span class='ocrx_word' id='word_1_85' title='bbox 650 1417 928 1470; x_wconf 87' lang='lat' dir='ltr'><strong>dilatalaut</strong></span> <span class='ocrx_word' id='word_1_86' title='bbox 958 1417 1053 1469; x_wconf 86' lang='lat' dir='ltr'><strong>Dei</strong></span> <span class='ocrx_word' id='word_1_87' title='bbox 1087 1417 1451 1470; x_wconf 85' lang='lat' dir='ltr'><strong>substantiam</strong></span> <span class='ocrx_word' id='word_1_88' title='bbox 1481 1417 1748 1479; x_wconf 84' lang='lat' dir='ltr'><strong>facerent,</strong></span> <span class='ocrx_word' id='word_1_89' title='bbox 1779 1426 1873 1471; x_wconf 84' lang='lat' dir='ltr'><strong>aut</strong></span> <span class='ocrx_word' id='word_1_90' title='bbox 1897 1417 1990 1486; x_wconf 89' lang='lat' dir='ltr'><strong>qui</strong></span> 
     </span>
    </p>
   </div>
   <div class='ocr_carea' id='block_1_17' title="bbox 422 1508 1997 1578">
    <p class='ocr_par' dir='ltr' id='par_1_17' title="bbox 422 1508 1997 1578">
     <span class='ocr_line' id='line_1_17' title="bbox 422 1508 1997 1578; baseline 0.002 -20"><span class='ocrx_word' id='word_1_91' title='bbox 422 1508 591 1560; x_wconf 65' lang='lat' dir='ltr'><strong>etiam</strong></span> <span class='ocrx_word' id='word_1_92' title='bbox 622 1509 1000 1577; x_wconf 72' lang='lat' dir='ltr'><strong>coniunctum,</strong></span> <span class='ocrx_word' id='word_1_93' title='bbox 1035 1523 1141 1561; x_wconf 94' lang='lat' dir='ltr'><strong>non</strong></span> <span class='ocrx_word' id='word_1_94' title='bbox 1173 1517 1355 1562; x_wconf 88' lang='lat' dir='ltr'><strong>autem</strong></span> <span class='ocrx_word' id='word_1_95' title='bbox 1391 1508 1700 1578; x_wconf 87' lang='lat' dir='ltr'><strong>subjectum</strong></span> <span class='ocrx_word' id='word_1_96' title='bbox 1731 1508 1877 1563; x_wconf 87' lang='lat' dir='ltr'><strong>Patri</strong></span> <span class='ocrx_word' id='word_1_97' title='bbox 1911 1509 1997 1562; x_wconf 91' lang='lat' dir='ltr'><strong>di-</strong></span> 
     </span>
    </p>
   </div>
   <div class='ocr_carea' id='block_1_18' title="bbox 421 1598 1996 1672">
    <p class='ocr_par' dir='ltr' id='par_1_18' title="bbox 421 1598 1996 1672">
     <span class='ocr_line' id='line_1_18' title="bbox 421 1598 1996 1672; baseline 0.003 -23"><span class='ocrx_word' id='word_1_98' title='bbox 421 1609 612 1652; x_wconf 84' lang='lat' dir='ltr'><strong>cerent</strong></span> <span class='ocrx_word' id='word_1_99' title='bbox 631 1637 646 1661; x_wconf 92' lang='lat'><strong>,</strong></span> <span class='ocrx_word' id='word_1_100' title='bbox 697 1598 1234 1654; x_wconf 85' lang='lat' dir='ltr'><strong>cxcommuuicabat.</strong></span> <span class='ocrx_word' id='word_1_101' title='bbox 1259 1598 1415 1672; x_wconf 80' lang='lat'><strong>751</strong></span> <span class='ocrx_word' id='word_1_102' title='bbox 1449 1599 1642 1654; x_wconf 88' lang='lat' dir='ltr'><strong>Itidem</strong></span> <span class='ocrx_word' id='word_1_103' title='bbox 1668 1616 1802 1654; x_wconf 86' lang='lat' dir='ltr'><strong>vero</strong></span> <span class='ocrx_word' id='word_1_104' title='bbox 1831 1609 1887 1655; x_wconf 88' lang='lat' dir='ltr'><strong>et</strong></span> <span class='ocrx_word' id='word_1_105' title='bbox 1916 1601 1996 1654; x_wconf 83' lang='lat' dir='ltr'><strong>al-</strong></span> 
     </span>
    </p>
   </div>
   <div class='ocr_carea' id='block_1_19' title="bbox 423 1689 1992 1759">
    <p class='ocr_par' dir='ltr' id='par_1_19' title="bbox 423 1689 1992 1759">
     <span class='ocr_line' id='line_1_19' title="bbox 423 1689 1992 1759; baseline 0.004 -21"><span class='ocrx_word' id='word_1_106' title='bbox 423 1700 535 1742; x_wconf 75' lang='lat' dir='ltr'><strong>tera</strong></span> <span class='ocrx_word' id='word_1_107' title='bbox 554 1689 746 1742; x_wconf 85' lang='lat' dir='ltr'><strong>Latina</strong></span> <span class='ocrx_word' id='word_1_108' title='bbox 777 1689 846 1742; x_wconf 85' lang='lat' dir='ltr'><strong>de</strong></span> <span class='ocrx_word' id='word_1_109' title='bbox 863 1690 1170 1744; x_wconf 82' lang='lat' dir='ltr'><strong>substantia</strong></span> <span class='ocrx_word' id='word_1_110' title='bbox 1216 1690 1732 1759; x_wconf 69' lang='lat' dir='ltr'><strong>agens,6p.oodotov,</strong></span> <span class='ocrx_word' id='word_1_111' title='bbox 1760 1691 1992 1745; x_wconf 81' lang='lat' dir='ltr'><strong>consub-</strong></span> 
     </span>
    </p>
   </div>
   <div class='ocr_carea' id='block_1_20' title="bbox 422 1779 1992 1850">
    <p class='ocr_par' dir='ltr' id='par_1_20' title="bbox 422 1779 1992 1850">
     <span class='ocr_line' id='line_1_20' title="bbox 422 1779 1992 1850; baseline 0.003 -19"><span class='ocrx_word' id='word_1_112' title='bbox 422 1779 928 1850; x_wconf 78' lang='lat' dir='ltr'><strong>stantialem,juxta</strong></span> <span class='ocrx_word' id='word_1_113' title='bbox 981 1790 1036 1834; x_wconf 87' lang='lat' dir='ltr'><strong>et</strong></span> <span class='ocrx_word' id='word_1_114' title='bbox 1079 1780 1424 1848; x_wconf 85' lang='grc' dir='ltr'>ὁμοιοούσιον</span> <span class='ocrx_word' id='word_1_115' title='bbox 1457 1782 1691 1836; x_wconf 87' lang='lat' dir='ltr'><strong>similem</strong></span> <span class='ocrx_word' id='word_1_116' title='bbox 1733 1782 1992 1836; x_wconf 84' lang='lat' dir='ltr'><strong>substan-</strong></span> 
     </span>
    </p>
   </div>
   <div class='ocr_carea' id='block_1_21' title="bbox 425 1869 1992 1941">
    <p class='ocr_par' dir='ltr' id='par_1_21' title="bbox 425 1869 1992 1941">
     <span class='ocr_line' id='line_1_21' title="bbox 425 1869 1992 1941; baseline 0.004 -20"><span class='ocrx_word' id='word_1_117' title='bbox 425 1869 500 1922; x_wconf 86' lang='lat' dir='ltr'><strong>tia</strong></span> <span class='ocrx_word' id='word_1_118' title='bbox 525 1871 752 1924; x_wconf 91' lang='lat' dir='ltr'><strong>omnino</strong></span> <span class='ocrx_word' id='word_1_119' title='bbox 777 1871 1069 1924; x_wconf 87' lang='lat' dir='ltr'><strong>dicendum</strong></span> <span class='ocrx_word' id='word_1_120' title='bbox 1096 1885 1218 1926; x_wconf 89' lang='lat' dir='ltr'><strong>esse</strong></span> <span class='ocrx_word' id='word_1_121' title='bbox 1243 1870 1530 1926; x_wconf 85' lang='lat' dir='ltr'><strong>inhibebat</strong></span> <span class='ocrx_word' id='word_1_122' title='bbox 1556 1889 1571 1926; x_wconf 90' lang='lat'><strong>:</strong></span> <span class='ocrx_word' id='word_1_123' title='bbox 1596 1880 1656 1926; x_wconf 92' lang='lat' dir='ltr'><strong>ut</strong></span> <span class='ocrx_word' id='word_1_124' title='bbox 1678 1887 1801 1941; x_wconf 72' lang='lat' dir='ltr'><strong>qua:</strong></span> <span class='ocrx_word' id='word_1_125' title='bbox 1825 1873 1992 1928; x_wconf 88' lang='lat' dir='ltr'><strong>verba</strong></span> 
     </span>
    </p>
   </div>
   <div class='ocr_carea' id='block_1_22' title="bbox 425 1962 1994 2032">
    <p class='ocr_par' dir='ltr' id='par_1_22' title="bbox 425 1962 1994 2032">
     <span class='ocr_line' id='line_1_22' title="bbox 425 1962 1994 2032; baseline 0.002 -19"><span class='ocrx_word' id='word_1_126' title='bbox 425 1975 605 2030; x_wconf 88' lang='lat' dir='ltr'><strong>neque</strong></span> <span class='ocrx_word' id='word_1_127' title='bbox 654 1964 708 2015; x_wconf 90' lang='lat' dir='ltr'><strong>in</strong></span> <span class='ocrx_word' id='word_1_128' title='bbox 759 1962 1064 2031; x_wconf 78' lang='lat' dir='ltr'><strong>Scripturis</strong></span> <span class='ocrx_word' id='word_1_129' title='bbox 1110 1962 1283 2017; x_wconf 90' lang='lat' dir='ltr'><strong>sacris</strong></span> <span class='ocrx_word' id='word_1_130' title='bbox 1328 1963 1542 2032; x_wconf 90' lang='lat' dir='ltr'><strong>uspiam</strong></span> <span class='ocrx_word' id='word_1_131' title='bbox 1589 1963 1994 2028; x_wconf 85' lang='lat' dir='ltr'><strong>invenirentur,</strong></span> 
     </span>
    </p>
   </div>
   <div class='ocr_carea' id='block_1_23' title="bbox 426 2054 1995 2125">
    <p class='ocr_par' dir='ltr' id='par_1_23' title="bbox 426 2054 1995 2125">
     <span class='ocr_line' id='line_1_23' title="bbox 426 2054 1995 2125; baseline 0.001 -17"><span class='ocrx_word' id='word_1_132' title='bbox 426 2062 608 2124; x_wconf 84' lang='lat' dir='ltr'><strong>neque</strong></span> <span class='ocrx_word' id='word_1_133' title='bbox 647 2054 1075 2124; x_wconf 81' lang='lat' dir='ltr'><strong>cogitationibus</strong></span> <span class='ocrx_word' id='word_1_134' title='bbox 1105 2055 1302 2124; x_wconf 86' lang='lat' dir='ltr'><strong>primis</strong></span> <span class='ocrx_word' id='word_1_135' title='bbox 1343 2065 1439 2108; x_wconf 87' lang='lat' dir='ltr'><strong>aut</strong></span> <span class='ocrx_word' id='word_1_136' title='bbox 1472 2056 1786 2125; x_wconf 79' lang='lat' dir='ltr'><strong>cognitione</strong></span> <span class='ocrx_word' id='word_1_137' title='bbox 1821 2057 1995 2111; x_wconf 90' lang='lat' dir='ltr'><strong>homi-</strong></span> 
     </span>
    </p>
   </div>
   <div class='ocr_carea' id='block_1_24' title="bbox 429 2145 1998 2217">
    <p class='ocr_par' dir='ltr' id='par_1_24' title="bbox 429 2145 1998 2217">
     <span class='ocr_line' id='line_1_24' title="bbox 429 2145 1998 2217; baseline 0.001 -17"><span class='ocrx_word' id='word_1_138' title='bbox 429 2161 562 2201; x_wconf 88' lang='lat' dir='ltr'><strong>num</strong></span> <span class='ocrx_word' id='word_1_139' title='bbox 597 2147 804 2217; x_wconf 82' lang='lat' dir='ltr'><strong>percipi</strong></span> <span class='ocrx_word' id='word_1_140' title='bbox 837 2157 1081 2216; x_wconf 86' lang='lat' dir='ltr'><strong>possent.</strong></span> <span class='ocrx_word' id='word_1_141' title='bbox 1113 2146 1416 2201; x_wconf 85' lang='lat' dir='ltr'><strong>Constituit</strong></span> <span class='ocrx_word' id='word_1_142' title='bbox 1445 2162 1596 2211; x_wconf 90' lang='lat' dir='ltr'><strong>sane,</strong></span> <span class='ocrx_word' id='word_1_143' title='bbox 1625 2145 1844 2202; x_wconf 88' lang='lat' dir='ltr'><strong>Patrem</strong></span> <span class='ocrx_word' id='word_1_144' title='bbox 1881 2163 1998 2202; x_wconf 85' lang='lat' dir='ltr'><strong>ma-</strong></span> 
     </span>
    </p>
   </div>
   <div class='ocr_carea' id='block_1_25' title="bbox 425 2239 2000 2311">
    <p class='ocr_par' dir='ltr' id='par_1_25' title="bbox 425 2239 2000 2311">
     <span class='ocr_line' id='line_1_25' title="bbox 425 2239 2000 2311; baseline -0.003 -16"><span class='ocrx_word' id='word_1_145' title='bbox 425 2242 602 2311; x_wconf 87' lang='lat' dir='ltr'><strong>jorem</strong></span> <span class='ocrx_word' id='word_1_146' title='bbox 637 2240 930 2294; x_wconf 90' lang='lat' dir='ltr'><strong>dicendum</strong></span> <span class='ocrx_word' id='word_1_147' title='bbox 968 2255 1089 2293; x_wconf 86' lang='lat' dir='ltr'><strong>esse</strong></span> <span class='ocrx_word' id='word_1_148' title='bbox 1126 2253 1251 2293; x_wconf 90' lang='lat' dir='ltr'><strong>cum</strong></span> <span class='ocrx_word' id='word_1_149' title='bbox 1293 2240 1504 2293; x_wconf 80' lang='lat' dir='ltr'><strong>honore</strong></span> <span class='ocrx_word' id='word_1_150' title='bbox 1544 2246 1600 2294; x_wconf 91' lang='lat' dir='ltr'><strong>et</strong></span> <span class='ocrx_word' id='word_1_151' title='bbox 1639 2239 1903 2307; x_wconf 85' lang='lat' dir='ltr'><strong>dignitate</strong></span> <span class='ocrx_word' id='word_1_152' title='bbox 1943 2246 2000 2294; x_wconf 89' lang='lat' dir='ltr'><strong>et</strong></span> 
     </span>
    </p>
   </div>
   <div class='ocr_carea' id='block_1_26' title="bbox 429 2331 2002 2400">
    <p class='ocr_par' dir='ltr' id='par_1_26' title="bbox 429 2331 2002 2400">
     <span class='ocr_line' id='line_1_26' title="bbox 429 2331 2002 2400; baseline -0.001 -14"><span class='ocrx_word' id='word_1_153' title='bbox 429 2331 745 2397; x_wconf 82' lang='lat' dir='ltr'><strong>divinitate,</strong></span> <span class='ocrx_word' id='word_1_154' title='bbox 776 2340 890 2385; x_wconf 90' lang='lat' dir='ltr'><strong>tutu</strong></span> <span class='ocrx_word' id='word_1_155' title='bbox 933 2331 1052 2399; x_wconf 89' lang='lat' dir='ltr'><strong>ipso</strong></span> <span class='ocrx_word' id='word_1_156' title='bbox 1088 2331 1436 2400; x_wconf 74' lang='lat' dir='ltr'><strong>paternitatis</strong></span> <span class='ocrx_word' id='word_1_157' title='bbox 1461 2331 1707 2384; x_wconf 88' lang='lat' dir='ltr'><strong>nomine.</strong></span> <span class='ocrx_word' id='word_1_158' title='bbox 1744 2331 2002 2385; x_wconf 88' lang='lat' dir='ltr'><strong>Decernit</strong></span> 
     </span>
    </p>
   </div>
   <div class='ocr_carea' id='block_1_27' title="bbox 431 2423 1997 2494">
    <p class='ocr_par' dir='ltr' id='par_1_27' title="bbox 431 2423 1997 2494">
     <span class='ocr_line' id='line_1_27' title="bbox 431 2423 1997 2494; baseline 0 -16"><span class='ocrx_word' id='word_1_159' title='bbox 431 2423 600 2478; x_wconf 86' lang='lat' dir='ltr'><strong>etiam</strong></span> <span class='ocrx_word' id='word_1_160' title='bbox 638 2439 764 2477; x_wconf 91' lang='lat' dir='ltr'><strong>cum</strong></span> <span class='ocrx_word' id='word_1_161' title='bbox 808 2423 1066 2478; x_wconf 85' lang='lat' dir='ltr'><strong>omnibus</strong></span> <span class='ocrx_word' id='word_1_162' title='bbox 1097 2423 1294 2476; x_wconf 88' lang='lat' dir='ltr'><strong>Filium</strong></span> <span class='ocrx_word' id='word_1_163' title='bbox 1326 2424 1635 2494; x_wconf 84' lang='lat' dir='ltr'><strong>subjectum</strong></span> <span class='ocrx_word' id='word_1_164' title='bbox 1667 2437 1789 2478; x_wconf 89' lang='lat' dir='ltr'><strong>esse</strong></span> <span class='ocrx_word' id='word_1_165' title='bbox 1824 2424 1997 2478; x_wconf 87' lang='lat' dir='ltr'><strong>Patri.</strong></span> 
     </span>
    </p>
   </div>
   <div class='ocr_carea' id='block_1_28' title="bbox 427 2515 2000 2585">
    <p class='ocr_par' dir='ltr' id='par_1_28' title="bbox 427 2515 2000 2585">
     <span class='ocr_line' id='line_1_28' title="bbox 427 2515 2000 2585; baseline 0 -16"><span class='ocrx_word' id='word_1_166' title='bbox 427 2517 503 2569; x_wconf 83' lang='lat' dir='ltr'><strong>Et</strong></span> <span class='ocrx_word' id='word_1_167' title='bbox 529 2515 790 2585; x_wconf 83' lang='lat' dir='ltr'><strong>principii</strong></span> <span class='ocrx_word' id='word_1_168' title='bbox 827 2517 1047 2585; x_wconf 84' lang='lat' dir='ltr'><strong>quidem</strong></span> <span class='ocrx_word' id='word_1_169' title='bbox 1083 2524 1365 2584; x_wconf 81' lang='lat' dir='ltr'><strong>expertem</strong></span> <span class='ocrx_word' id='word_1_170' title='bbox 1399 2530 1518 2570; x_wconf 90' lang='lat' dir='ltr'><strong>esse</strong></span> <span class='ocrx_word' id='word_1_171' title='bbox 1549 2516 1782 2578; x_wconf 87' lang='lat' dir='ltr'><strong>Patrem,</strong></span> <span class='ocrx_word' id='word_1_172' title='bbox 1817 2517 2000 2570; x_wconf 83' lang='lat' dir='ltr'><strong>omni-</strong></span> 
     </span>
    </p>
   </div>
   <div class='ocr_carea' id='block_1_29' title="bbox 428 2606 2000 2677">
    <p class='ocr_par' dir='ltr' id='par_1_29' title="bbox 428 2606 2000 2677">
     <span class='ocr_line' id='line_1_29' title="bbox 428 2606 2000 2677; baseline 0.001 -16"><span class='ocrx_word' id='word_1_173' title='bbox 428 2606 536 2661; x_wconf 86' lang='lat' dir='ltr'><strong>bus</strong></span> <span class='ocrx_word' id='word_1_174' title='bbox 566 2621 700 2662; x_wconf 88' lang='lat' dir='ltr'><strong>vero</strong></span> <span class='ocrx_word' id='word_1_175' title='bbox 737 2607 919 2677; x_wconf 89' lang='lat' dir='ltr'><strong>(Patre</strong></span> <span class='ocrx_word' id='word_1_176' title='bbox 953 2609 1206 2676; x_wconf 84' lang='lat' dir='ltr'><strong>excepto)</strong></span> <span class='ocrx_word' id='word_1_177' title='bbox 1243 2607 1365 2661; x_wconf 83' lang='lat' dir='ltr'><strong>Filii</strong></span> <span class='ocrx_word' id='word_1_178' title='bbox 1413 2608 1822 2675; x_wconf 79' lang='lat' dir='ltr'><strong>generationem</strong></span> <span class='ocrx_word' id='word_1_179' title='bbox 1877 2623 2000 2662; x_wconf 92' lang='lat' dir='ltr'><strong>esse</strong></span> 
     </span>
    </p>
   </div>
   <div class='ocr_carea' id='block_1_30' title="bbox 431 2697 2001 2768">
    <p class='ocr_par' dir='ltr' id='par_1_30' title="bbox 431 2697 2001 2768">
     <span class='ocr_line' id='line_1_30' title="bbox 431 2697 2001 2768; baseline 0.001 -16"><span class='ocrx_word' id='word_1_180' title='bbox 431 2697 792 2768; x_wconf 84' lang='lat' dir='ltr'><strong>incognitam.</strong></span> <span class='ocrx_word' id='word_1_181' title='bbox 827 2699 999 2765; x_wconf 85' lang='lat' dir='ltr'><strong>Quam</strong></span> <span class='ocrx_word' id='word_1_182' title='bbox 1034 2699 1324 2753; x_wconf 85' lang='lat' dir='ltr'><strong>formulam</strong></span> <span class='ocrx_word' id='word_1_183' title='bbox 1360 2709 1421 2752; x_wconf 92' lang='lat' dir='ltr'><strong>ut</strong></span> <span class='ocrx_word' id='word_1_184' title='bbox 1454 2698 1637 2754; x_wconf 91' lang='lat' dir='ltr'><strong>minus</strong></span> <span class='ocrx_word' id='word_1_185' title='bbox 1668 2709 1816 2754; x_wconf 82' lang='lat' dir='ltr'><strong>recte</strong></span> <span class='ocrx_word' id='word_1_186' title='bbox 1845 2714 2001 2754; x_wconf 86' lang='lat' dir='ltr'><strong>com-</strong></span> 
     </span>
    </p>
   </div>
   <div class='ocr_carea' id='block_1_31' title="bbox 430 2787 2003 2860">
    <p class='ocr_par' dir='ltr' id='par_1_31' title="bbox 430 2787 2003 2860">
     <span class='ocr_line' id='line_1_31' title="bbox 430 2787 2003 2860; baseline 0.001 -18"><span class='ocrx_word' id='word_1_187' title='bbox 430 2787 692 2857; x_wconf 91' lang='lat' dir='ltr'><strong>positam,</strong></span> <span class='ocrx_word' id='word_1_188' title='bbox 731 2799 1089 2858; x_wconf 83' lang='lat' dir='ltr'><strong>posteaquam</strong></span> <span class='ocrx_word' id='word_1_189' title='bbox 1141 2789 1331 2843; x_wconf 88' lang='lat' dir='ltr'><strong>multis</strong></span> <span class='ocrx_word' id='word_1_190' title='bbox 1380 2791 1721 2860; x_wconf 87' lang='lat' dir='ltr'><strong>promulgata</strong></span> <span class='ocrx_word' id='word_1_191' title='bbox 1776 2791 2003 2846; x_wconf 86' lang='lat' dir='ltr'><strong>tradita-</strong></span> 
     </span>
    </p>
   </div>
   <div class='ocr_carea' id='block_1_32' title="bbox 432 2879 2003 2950">
    <p class='ocr_par' dir='ltr' id='par_1_32' title="bbox 432 2879 2003 2950">
     <span class='ocr_line' id='line_1_32' title="bbox 432 2879 2003 2950; baseline 0.003 -18"><span class='ocrx_word' id='word_1_192' title='bbox 432 2894 542 2948; x_wconf 86' lang='lat' dir='ltr'><strong>que</strong></span> <span class='ocrx_word' id='word_1_193' title='bbox 590 2879 792 2943; x_wconf 80' lang='lat' dir='ltr'><strong>fuerat,</strong></span> <span class='ocrx_word' id='word_1_194' title='bbox 829 2882 1070 2950; x_wconf 70' lang='lat' dir='ltr'><strong>epir-Cttpi</strong></span> <span class='ocrx_word' id='word_1_195' title='bbox 1121 2892 1422 2936; x_wconf 87' lang='lat' dir='ltr'><strong>retractare</strong></span> <span class='ocrx_word' id='word_1_196' title='bbox 1469 2884 1894 2938; x_wconf 84' lang='lat' dir='ltr'><strong>contenderunt.</strong></span> <span class='ocrx_word' id='word_1_197' title='bbox 1934 2885 2003 2938; x_wconf 90' lang='lat' dir='ltr'><strong>Et</strong></span> 
     </span>
    </p>
   </div>
   <div class='ocr_carea' id='block_1_33' title="bbox 433 2969 2004 3043">
    <p class='ocr_par' dir='ltr' id='par_1_33' title="bbox 433 2969 2004 3043">
     <span class='ocr_line' id='line_1_33' title="bbox 433 2969 2004 3043; baseline 0.003 -19"><span class='ocrx_word' id='word_1_198' title='bbox 433 2969 735 3040; x_wconf 88' lang='lat' dir='ltr'><strong>imperator</strong></span> <span class='ocrx_word' id='word_1_199' title='bbox 769 2973 883 3039; x_wconf 83' lang='lat' dir='ltr'><strong>ipse</strong></span> <span class='ocrx_word' id='word_1_200' title='bbox 932 2971 985 3023; x_wconf 92' lang='lat' dir='ltr'><strong>id</strong></span> <span class='ocrx_word' id='word_1_201' title='bbox 1037 2972 1202 3034; x_wconf 76' lang='lat' dir='ltr'><strong>serio,</strong></span> <span class='ocrx_word' id='word_1_202' title='bbox 1235 2971 1628 3026; x_wconf 88' lang='lat' dir='ltr'><strong>coercitionem</strong></span> <span class='ocrx_word' id='word_1_203' title='bbox 1667 2974 1748 3027; x_wconf 90' lang='lat' dir='ltr'><strong>eis</strong></span> <span class='ocrx_word' id='word_1_204' title='bbox 1789 2985 1844 3028; x_wconf 92' lang='lat' dir='ltr'><strong>et</strong></span> <span class='ocrx_word' id='word_1_205' title='bbox 1889 2989 2004 3043; x_wconf 77' lang='lat' dir='ltr'><strong>pm-</strong></span> 
     </span>
    </p>
   </div>
   <div class='ocr_carea' id='block_1_34' title="bbox 2092 507 3669 580">
    <p class='ocr_par' dir='ltr' id='par_1_34' title="bbox 2092 507 3669 580">
     <span class='ocr_line' id='line_1_34' title="bbox 2092 507 3669 580; baseline 0 -17"><span class='ocrx_word' id='word_1_206' title='bbox 2092 509 2314 580; x_wconf 81' lang='grc' dir='ltr'>γλὼσσῃ</span> <span class='ocrx_word' id='word_1_207' title='bbox 2358 511 2584 580; x_wconf 88' lang='grc' dir='ltr'>Μάρκος</span> <span class='ocrx_word' id='word_1_208' title='bbox 2610 511 2638 563; x_wconf 84' lang='grc' dir='ltr'>ὁ</span> <span class='ocrx_word' id='word_1_209' title='bbox 2660 508 2993 580; x_wconf 79' lang='grc' dir='ltr'>’Δρεθούσης</span> <span class='ocrx_word' id='word_1_210' title='bbox 3041 507 3272 572; x_wconf 58' lang='lat' dir='ltr'><strong>aeuum</strong></span> <span class='ocrx_word' id='word_1_211' title='bbox 3297 525 3311 539; x_wconf 85' lang='grc'><strong>·</strong></span> <span class='ocrx_word' id='word_1_212' title='bbox 3345 511 3401 562; x_wconf 85' lang='grc' dir='ltr'>αἱ</span> <span class='ocrx_word' id='word_1_213' title='bbox 3434 509 3493 562; x_wconf 73' lang='grc' dir='ltr'><strong>δὲ</strong></span> <span class='ocrx_word' id='word_1_214' title='bbox 3531 510 3669 564; x_wconf 64' lang='grc' dir='ltr'><strong>Ῥω-</strong></span> 
     </span>
    </p>
   </div>
   <div class='ocr_carea' id='block_1_35' title="bbox 2093 599 3672 670">
    <p class='ocr_par' dir='ltr' id='par_1_35' title="bbox 2093 599 3672 670">
     <span class='ocr_line' id='line_1_35' title="bbox 2093 599 3672 670; baseline 0.003 -20"><span class='ocrx_word' id='word_1_215' title='bbox 2093 599 2286 668; x_wconf 63' lang='lat' dir='ltr'><strong>patienti.</strong></span> <span class='ocrx_word' id='word_1_216' title='bbox 2315 599 2708 670; x_wconf 82' lang='grc' dir='ltr'>ἁνεγράφοντο.</span> <span class='ocrx_word' id='word_1_217' title='bbox 2739 599 2807 654; x_wconf 78' lang='grc' dir='ltr'><strong>Αἰ</strong></span> <span class='ocrx_word' id='word_1_218' title='bbox 2831 599 2896 668; x_wconf 84' lang='grc' dir='ltr'><strong>δὴ</strong></span> <span class='ocrx_word' id='word_1_219' title='bbox 2933 599 3027 652; x_wconf 63' lang='grc' dir='ltr'><strong>καὶ⁵</strong></span> <span class='ocrx_word' id='word_1_220' title='bbox 3073 599 3398 668; x_wconf 82' lang='grc' dir='ltr'><strong>ἀσύμφωνοι</strong></span> <span class='ocrx_word' id='word_1_221' title='bbox 3439 601 3672 670; x_wconf 78' lang='grc' dir='ltr'><strong>πάμπαν</strong></span> 
     </span>
    </p>
   </div>
   <div class='ocr_carea' id='block_1_36' title="bbox 2091 687 3675 761">
    <p class='ocr_par' dir='ltr' id='par_1_36' title="bbox 2091 687 3675 761">
     <span class='ocr_line' id='line_1_36' title="bbox 2091 687 3675 761; baseline -0.001 -19"><span class='ocrx_word' id='word_1_222' title='bbox 2091 689 2235 743; x_wconf 85' lang='grc' dir='ltr'>κατά</span> <span class='ocrx_word' id='word_1_223' title='bbox 2268 708 2328 743; x_wconf 89' lang='grc' dir='ltr'><strong>τε</strong></span> <span class='ocrx_word' id='word_1_224' title='bbox 2357 690 2501 756; x_wconf 81' lang='grc' dir='ltr'>λέξιν</span> <span class='ocrx_word' id='word_1_225' title='bbox 2526 690 2624 743; x_wconf 70' lang='grc' dir='ltr'>καὶ</span> <span class='ocrx_word' id='word_1_226' title='bbox 2649 690 2906 744; x_wconf 83' lang='grc' dir='ltr'>σύνθεσιν</span> <span class='ocrx_word' id='word_1_227' title='bbox 2934 687 3076 761; x_wconf 81' lang='grc' dir='ltr'>ἦσαν</span> <span class='ocrx_word' id='word_1_228' title='bbox 3109 690 3250 759; x_wconf 81' lang='grc' dir='ltr'>πρὸς</span> <span class='ocrx_word' id='word_1_229' title='bbox 3288 691 3390 758; x_wconf 83' lang='grc' dir='ltr'><strong>τὴν</strong></span> <span class='ocrx_word' id='word_1_230' title='bbox 3413 690 3675 760; x_wconf 72' lang='grc' dir='ltr'>’Δρεθου-</span> 
     </span>
    </p>
   </div>
   <div class='ocr_carea' id='block_1_37' title="bbox 2094 781 3671 853">
    <p class='ocr_par' dir='ltr' id='par_1_37' title="bbox 2094 781 3671 853">
     <span class='ocr_line' id='line_1_37' title="bbox 2094 781 3671 853; baseline 0.003 -21"><span class='ocrx_word' id='word_1_231' title='bbox 2094 781 2237 838; x_wconf 88' lang='grc' dir='ltr'>σιου.</span> <span class='ocrx_word' id='word_1_232' title='bbox 2269 781 2405 836; x_wconf 76' lang='grc' dir='ltr'>Οὔτε</span> <span class='ocrx_word' id='word_1_233' title='bbox 2438 784 2546 853; x_wconf 79' lang='grc' dir='ltr'><strong>μὴν</strong></span> <span class='ocrx_word' id='word_1_234' title='bbox 2574 786 2697 846; x_wconf 89' lang='grc' dir='ltr'>ταῖς</span> <span class='ocrx_word' id='word_1_235' title='bbox 2726 783 3027 852; x_wconf 82' lang='grc' dir='ltr'><strong>προτέραις</strong></span> <span class='ocrx_word' id='word_1_236' title='bbox 3051 781 3119 835; x_wconf 73' lang='grc' dir='ltr'><strong>τὰ</strong></span> <span class='ocrx_word' id='word_1_237' title='bbox 3148 784 3240 838; x_wconf 85' lang='grc' dir='ltr'>ῐσα</span> <span class='ocrx_word' id='word_1_238' title='bbox 3275 783 3564 853; x_wconf 81' lang='grc' dir='ltr'>ἐφρόνουν.</span> <span class='ocrx_word' id='word_1_239' title='bbox 3605 785 3671 837; x_wconf 86' lang='grc' dir='ltr'>Ἡ</span> 
     </span>
    </p>
   </div>
   <div class='ocr_carea' id='block_1_38' title="bbox 2092 873 3673 945">
    <p class='ocr_par' dir='ltr' id='par_1_38' title="bbox 2092 873 3673 945">
     <span class='ocr_line' id='line_1_38' title="bbox 2092 873 3673 945; baseline 0.001 -18"><span class='ocrx_word' id='word_1_240' title='bbox 2092 875 2202 945; x_wconf 84' lang='grc' dir='ltr'><strong>γὰρ</strong></span> <span class='ocrx_word' id='word_1_241' title='bbox 2238 874 2540 944; x_wconf 75' lang='grc' dir='ltr'>Ἑλληνιστὶ</span> <span class='ocrx_word' id='word_1_242' title='bbox 2562 875 2817 944; x_wconf 74' lang='grc' dir='ltr'><strong>λεχθεῖσα</strong></span> <span class='ocrx_word' id='word_1_243' title='bbox 2844 873 2969 927; x_wconf 75' lang='grc' dir='ltr'>οὔτε</span> <span class='ocrx_word' id='word_1_244' title='bbox 2996 875 3311 944; x_wconf 81' lang='grc' dir='ltr'>ὁμοούσιον,</span> <span class='ocrx_word' id='word_1_245' title='bbox 3337 875 3464 928; x_wconf 74' lang='grc' dir='ltr'><strong>οὔτε</strong></span> <span class='ocrx_word' id='word_1_246' title='bbox 3493 879 3673 944; x_wconf 84' lang='grc' dir='ltr'><strong>ὁμοιο-</strong></span> 
     </span>
    </p>
   </div>
   <div class='ocr_carea' id='block_1_39' title="bbox 2095 963 3675 1036">
    <p class='ocr_par' dir='ltr' id='par_1_39' title="bbox 2095 963 3675 1036">
     <span class='ocr_line' id='line_1_39' title="bbox 2095 963 3675 1036; baseline 0 -17"><span class='ocrx_word' id='word_1_247' title='bbox 2095 965 2277 1019; x_wconf 83' lang='grc' dir='ltr'>ούσιον</span> <span class='ocrx_word' id='word_1_248' title='bbox 2301 967 2378 1034; x_wconf 81' lang='grc' dir='ltr'>τῷ</span> <span class='ocrx_word' id='word_1_249' title='bbox 2412 967 2589 1034; x_wconf 82' lang='grc' dir='ltr'>Πατρὶ</span> <span class='ocrx_word' id='word_1_250' title='bbox 2620 966 2711 1019; x_wconf 82' lang='grc' dir='ltr'>τὸν</span> <span class='ocrx_word' id='word_1_251' title='bbox 2739 966 2868 1018; x_wconf 78' lang='grc' dir='ltr'><strong>Υἱὸν</strong></span> <span class='ocrx_word' id='word_1_252' title='bbox 2902 963 3048 1018; x_wconf 76' lang='grc' dir='ltr'>εἷπε.</span> <span class='ocrx_word' id='word_1_253' title='bbox 3077 966 3218 1029; x_wconf 84' lang='grc' dir='ltr'><strong>Τούς</strong></span> <span class='ocrx_word' id='word_1_254' title='bbox 3245 982 3310 1035; x_wconf 89' lang='grc' dir='ltr'>γε</span> <span class='ocrx_word' id='word_1_255' title='bbox 3344 968 3454 1036; x_wconf 80' lang='grc' dir='ltr'><strong>μὴν</strong></span> <span class='ocrx_word' id='word_1_256' title='bbox 3486 967 3675 1019; x_wconf 74' lang='grc' dir='ltr'>εἰπόν-</span> 
     </span>
    </p>
   </div>
   <div class='ocr_carea' id='block_1_40' title="bbox 2093 1054 3678 1128">
    <p class='ocr_par' dir='ltr' id='par_1_40' title="bbox 2093 1054 3678 1128">
     <span class='ocr_line' id='line_1_40' title="bbox 2093 1054 3678 1128; baseline 0 -17"><span class='ocrx_word' id='word_1_257' title='bbox 2093 1075 2192 1120; x_wconf 97' lang='grc' dir='ltr'><strong>τας</strong></span> <span class='ocrx_word' id='word_1_258' title='bbox 2213 1057 2306 1110; x_wconf 78' lang='grc' dir='ltr'>τὸν</span> <span class='ocrx_word' id='word_1_259' title='bbox 2339 1058 2466 1110; x_wconf 81' lang='grc' dir='ltr'>Υἰὸν</span> <span class='ocrx_word' id='word_1_260' title='bbox 2484 1058 2724 1127; x_wconf 78' lang='grc' dir='ltr'><strong>ἄναρχον</strong></span> <span class='ocrx_word' id='word_1_261' title='bbox 2759 1054 2924 1120; x_wconf 77' lang='grc' dir='ltr'>εἶναι,</span> <span class='ocrx_word' id='word_1_262' title='bbox 2945 1057 2977 1125; x_wconf 81' lang='grc' dir='ltr'>ἢ</span> <span class='ocrx_word' id='word_1_263' title='bbox 3017 1057 3260 1111; x_wconf 88' lang='grc' dir='ltr'>πλατυνο</span> <span class='ocrx_word' id='word_1_264' title='bbox 3268 1059 3443 1128; x_wconf 84' lang='grc' dir='ltr'>μένην</span> <span class='ocrx_word' id='word_1_265' title='bbox 3465 1060 3563 1127; x_wconf 83' lang='grc' dir='ltr'>τὴν</span> <span class='ocrx_word' id='word_1_266' title='bbox 3584 1060 3678 1111; x_wconf 83' lang='grc' dir='ltr'><strong>οὑ-</strong></span> 
     </span>
    </p>
   </div>
   <div class='ocr_carea' id='block_1_41' title="bbox 2096 1147 3678 1222">
    <p class='ocr_par' dir='ltr' id='par_1_41' title="bbox 2096 1147 3678 1222">
     <span class='ocr_line' id='line_1_41' title="bbox 2096 1147 3678 1222; baseline 0.003 -22"><span class='ocrx_word' id='word_1_267' title='bbox 2096 1148 2216 1200; x_wconf 81' lang='grc' dir='ltr'>σῑαν</span> <span class='ocrx_word' id='word_1_268' title='bbox 2235 1147 2328 1200; x_wconf 88' lang='grc' dir='ltr'><strong>τοῦ</strong></span> <span class='ocrx_word' id='word_1_269' title='bbox 2341 1148 2476 1199; x_wconf 83' lang='grc' dir='ltr'><strong>Θεοῦ</strong></span> <span class='ocrx_word' id='word_1_270' title='bbox 2501 1148 2776 1202; x_wconf 77' lang='grc' dir='ltr'>ποιεῖντὸν</span> <span class='ocrx_word' id='word_1_271' title='bbox 2801 1149 2952 1212; x_wconf 75' lang='grc' dir='ltr'>Υιδν,</span> <span class='ocrx_word' id='word_1_272' title='bbox 2976 1149 3009 1219; x_wconf 77' lang='grc' dir='ltr'>ἢ</span> <span class='ocrx_word' id='word_1_273' title='bbox 3032 1149 3416 1218; x_wconf 82' lang='grc' dir='ltr'><strong>συντετάχθαι,</strong></span> <span class='ocrx_word' id='word_1_274' title='bbox 3443 1151 3580 1204; x_wconf 78' lang='grc' dir='ltr'>ἀλλὰ</span> <span class='ocrx_word' id='word_1_275' title='bbox 3600 1153 3678 1222; x_wconf 82' lang='grc' dir='ltr'><strong>μὴ</strong></span> 
     </span>
    </p>
   </div>
   <div class='ocr_carea' id='block_1_42' title="bbox 2095 1238 3679 1311">
    <p class='ocr_par' dir='ltr' id='par_1_42' title="bbox 2095 1238 3679 1311">
     <span class='ocr_line' id='line_1_42' title="bbox 2095 1238 3679 1311; baseline 0.004 -21"><span class='ocrx_word' id='word_1_276' title='bbox 2095 1238 2464 1309; x_wconf 76' lang='grc' dir='ltr'><strong>ὑποτετάχθαι</strong></span> <span class='ocrx_word' id='word_1_277' title='bbox 2477 1241 2552 1308; x_wconf 81' lang='grc' dir='ltr'>τῷ</span> <span class='ocrx_word' id='word_1_278' title='bbox 2576 1241 2770 1310; x_wconf 67' lang='lat' dir='ltr'><strong>[la-cpi,</strong></span> <span class='ocrx_word' id='word_1_279' title='bbox 2792 1241 3166 1309; x_wconf 79' lang='grc' dir='ltr'>ὲκκηρύκτους</span> <span class='ocrx_word' id='word_1_280' title='bbox 3181 1244 3346 1295; x_wconf 88' lang='grc' dir='ltr'>ποιεῖ.</span> <span class='ocrx_word' id='word_1_281' title='bbox 3375 1243 3432 1296; x_wconf 84' lang='grc' dir='ltr'><strong>Ἐ</strong></span> <span class='ocrx_word' id='word_1_282' title='bbox 3442 1243 3604 1311; x_wconf 80' lang='grc' dir='ltr'>πισης</span> <span class='ocrx_word' id='word_1_283' title='bbox 3618 1245 3679 1297; x_wconf 86' lang='grc' dir='ltr'><strong>δὲ</strong></span> 
     </span>
    </p>
   </div>
   <div class='ocr_carea' id='block_1_43' title="bbox 2097 1329 3680 1403">
    <p class='ocr_par' dir='ltr' id='par_1_43' title="bbox 2097 1329 3680 1403">
     <span class='ocr_line' id='line_1_43' title="bbox 2097 1329 3680 1403; baseline 0.004 -23"><span class='ocrx_word' id='word_1_284' title='bbox 2097 1330 2190 1380; x_wconf 79' lang='grc' dir='ltr'>καὶ</span> <span class='ocrx_word' id='word_1_285' title='bbox 2209 1329 2377 1396; x_wconf 86' lang='grc' dir='ltr'>ἀτέρα</span> <span class='ocrx_word' id='word_1_286' title='bbox 2390 1329 2498 1382; x_wconf 87' lang='grc' dir='ltr'><strong>τῶν</strong></span> <span class='ocrx_word' id='word_1_287' title='bbox 2515 1329 2844 1396; x_wconf 79' lang='grc' dir='ltr'><strong>Ῥωμαϊκῶν</strong></span> <span class='ocrx_word' id='word_1_288' title='bbox 2865 1349 2929 1384; x_wconf 89' lang='grc' dir='ltr'><strong>πε</strong></span> <span class='ocrx_word' id='word_1_289' title='bbox 2939 1333 2991 1401; x_wconf 67' lang='lat' dir='ltr'><strong>pi</strong></span> <span class='ocrx_word' id='word_1_290' title='bbox 3007 1332 3191 1394; x_wconf 71' lang='grc' dir='ltr'>οὐσίας</span> <span class='ocrx_word' id='word_1_291' title='bbox 3204 1333 3272 1403; x_wconf 72' lang='grc' dir='ltr'>ἢν</span> <span class='ocrx_word' id='word_1_292' title='bbox 3289 1337 3680 1387; x_wconf 74' lang='grc' dir='ltr'>σουνσταντξαν</span> 
     </span>
    </p>
   </div>
   <div class='ocr_carea' id='block_1_44' title="bbox 2110 1419 3678 1492">
    <p class='ocr_par' dir='ltr' id='par_1_44' title="bbox 2110 1419 3678 1492">
     <span class='ocr_line' id='line_1_44' title="bbox 2110 1419 3678 1492; baseline 0.003 -20"><span class='ocrx_word' id='word_1_293' title='bbox 2110 1419 2372 1489; x_wconf 82' lang='grc' dir='ltr'>Ῥωμαῖοι</span> <span class='ocrx_word' id='word_1_294' title='bbox 2398 1421 2677 1482; x_wconf 79' lang='grc' dir='ltr'>καλοῦσιν,</span> <span class='ocrx_word' id='word_1_295' title='bbox 2705 1421 2816 1474; x_wconf 65' lang='grc' dir='ltr'>εἴτε</span> <span class='ocrx_word' id='word_1_296' title='bbox 2841 1424 3150 1492; x_wconf 82' lang='grc' dir='ltr'>ὁμοούσιος,</span> <span class='ocrx_word' id='word_1_297' title='bbox 3173 1423 3284 1477; x_wconf 72' lang='grc' dir='ltr'>εἴτε</span> <span class='ocrx_word' id='word_1_298' title='bbox 3309 1424 3678 1492; x_wconf 84' lang='grc' dir='ltr'><strong>ὁμοιοούσιος,</strong></span> 
     </span>
    </p>
   </div>
   <div class='ocr_carea' id='block_1_45' title="bbox 2099 1512 3677 1587">
    <p class='ocr_par' dir='ltr' id='par_1_45' title="bbox 2099 1512 3677 1587">
     <span class='ocr_line' id='line_1_45' title="bbox 2099 1512 3677 1587; baseline 0.004 -24"><span class='ocrx_word' id='word_1_299' title='bbox 2099 1513 2416 1564; x_wconf 85' lang='grc' dir='ltr'>παντάπασι</span> <span class='ocrx_word' id='word_1_300' title='bbox 2451 1512 2630 1580; x_wconf 84' lang='grc' dir='ltr'>λέγειν</span> <span class='ocrx_word' id='word_1_301' title='bbox 2656 1513 3034 1582; x_wconf 82' lang='grc' dir='ltr'>ἀπαγορεύει·</span> <span class='ocrx_word' id='word_1_302' title='bbox 3071 1515 3146 1577; x_wconf 89' lang='grc' dir='ltr'><strong>ῶς</strong></span> <span class='ocrx_word' id='word_1_303' title='bbox 3177 1515 3304 1566; x_wconf 76' lang='grc' dir='ltr'><strong>οὔτε</strong></span> <span class='ocrx_word' id='word_1_304' title='bbox 3340 1519 3458 1578; x_wconf 85' lang='grc' dir='ltr'>ταῖς</span> <span class='ocrx_word' id='word_1_305' title='bbox 3491 1519 3677 1587; x_wconf 78' lang='grc' dir='ltr'>ἱεραῖς</span> 
     </span>
    </p>
   </div>
   <div class='ocr_carea' id='block_1_46' title="bbox 2099 1602 3682 1674">
    <p class='ocr_par' dir='ltr' id='par_1_46' title="bbox 2099 1602 3682 1674">
     <span class='ocr_line' id='line_1_46' title="bbox 2099 1602 3682 1674; baseline 0.002 -20"><span class='ocrx_word' id='word_1_306' title='bbox 2099 1603 2364 1672; x_wconf 78' lang='grc' dir='ltr'><strong>εἰρημένα</strong></span> <span class='ocrx_word' id='word_1_307' title='bbox 2396 1603 2660 1672; x_wconf 82' lang='grc' dir='ltr'>Γραφαῖς,</span> <span class='ocrx_word' id='word_1_308' title='bbox 2690 1602 2813 1657; x_wconf 76' lang='grc' dir='ltr'>οὔτε</span> <span class='ocrx_word' id='word_1_309' title='bbox 2840 1605 3146 1674; x_wconf 87' lang='grc' dir='ltr'>ἀνθρώπων</span> <span class='ocrx_word' id='word_1_310' title='bbox 3205 1605 3436 1666; x_wconf 69' lang='grc' dir='ltr'>ἐννοίαις</span> <span class='ocrx_word' id='word_1_311' title='bbox 3473 1606 3502 1670; x_wconf 77' lang='grc' dir='ltr'>ἢ</span> <span class='ocrx_word' id='word_1_312' title='bbox 3532 1605 3682 1670; x_wconf 69' lang='grc' dir='ltr'>γνῶς-</span> 
     </span>
    </p>
   </div>
   <div class='ocr_carea' id='block_1_47' title="bbox 2101 1690 3685 1761">
    <p class='ocr_par' dir='ltr' id='par_1_47' title="bbox 2101 1690 3685 1761">
     <span class='ocr_line' id='line_1_47' title="bbox 2101 1690 3685 1761; baseline 0.003 -20"><span class='ocrx_word' id='word_1_313' title='bbox 2101 1707 2186 1743; x_wconf 91' lang='grc' dir='ltr'><strong>σει</strong></span> <span class='ocrx_word' id='word_1_314' title='bbox 2211 1691 2414 1759; x_wconf 84' lang='grc' dir='ltr'>ληπτά.</span> <span class='ocrx_word' id='word_1_315' title='bbox 2446 1691 2812 1744; x_wconf 82' lang='grc' dir='ltr'>Διατάσσεταί</span> <span class='ocrx_word' id='word_1_316' title='bbox 2841 1708 2902 1759; x_wconf 92' lang='grc' dir='ltr'><strong>γε</strong></span> <span class='ocrx_word' id='word_1_317' title='bbox 2929 1691 3056 1761; x_wconf 81' lang='grc' dir='ltr'>μὴν,</span> <span class='ocrx_word' id='word_1_318' title='bbox 3087 1690 3315 1761; x_wconf 77' lang='grc' dir='ltr'>μείζονα</span> <span class='ocrx_word' id='word_1_319' title='bbox 3345 1692 3436 1744; x_wconf 80' lang='grc' dir='ltr'>τὸν</span> <span class='ocrx_word' id='word_1_320' title='bbox 3462 1693 3685 1760; x_wconf 82' lang='grc' dir='ltr'>Πατέρα</span> 
     </span>
    </p>
   </div>
   <div class='ocr_carea' id='block_1_48' title="bbox 2103 1781 3686 1854">
    <p class='ocr_par' dir='ltr' id='par_1_48' title="bbox 2103 1781 3686 1854">
     <span class='ocr_line' id='line_1_48' title="bbox 2103 1781 3686 1854; baseline 0.003 -23"><span class='ocrx_word' id='word_1_321' title='bbox 2103 1781 2285 1846; x_wconf 83' lang='grc' dir='ltr'>λέγειν</span> <span class='ocrx_word' id='word_1_322' title='bbox 2318 1781 2374 1832; x_wconf 69' lang='grc' dir='ltr'>ιν</span> <span class='ocrx_word' id='word_1_323' title='bbox 2411 1797 2469 1833; x_wconf 89' lang='grc' dir='ltr'>τε</span> <span class='ocrx_word' id='word_1_324' title='bbox 2502 1784 2636 1850; x_wconf 80' lang='grc' dir='ltr'>τιμῇ</span> <span class='ocrx_word' id='word_1_325' title='bbox 2679 1783 2773 1833; x_wconf 72' lang='grc' dir='ltr'>καὶ</span> <span class='ocrx_word' id='word_1_326' title='bbox 2820 1781 3118 1850; x_wconf 79' lang='grc' dir='ltr'>ἀξιώματι.</span> <span class='ocrx_word' id='word_1_327' title='bbox 3159 1784 3255 1834; x_wconf 76' lang='grc' dir='ltr'><strong>καὶ</strong></span> <span class='ocrx_word' id='word_1_328' title='bbox 3289 1783 3435 1852; x_wconf 82' lang='grc' dir='ltr'><strong>αὐτῷ</strong></span> <span class='ocrx_word' id='word_1_329' title='bbox 3463 1783 3527 1854; x_wconf 78' lang='grc' dir='ltr'><strong>δὴ</strong></span> <span class='ocrx_word' id='word_1_330' title='bbox 3563 1785 3686 1836; x_wconf 77' lang='grc' dir='ltr'>ὀνό-</span> 
     </span>
    </p>
   </div>
   <div class='ocr_carea' id='block_1_49' title="bbox 2112 1871 3687 1943">
    <p class='ocr_par' dir='ltr' id='par_1_49' title="bbox 2112 1871 3687 1943">
     <span class='ocr_line' id='line_1_49' title="bbox 2112 1871 3687 1943; baseline 0.003 -21"><span class='ocrx_word' id='word_1_331' title='bbox 2112 1888 2242 1939; x_wconf 86' lang='grc' dir='ltr'>ματι</span> <span class='ocrx_word' id='word_1_332' title='bbox 2276 1871 2374 1938; x_wconf 82' lang='grc' dir='ltr'>τῆς</span> <span class='ocrx_word' id='word_1_333' title='bbox 2416 1872 2779 1938; x_wconf 80' lang='grc' dir='ltr'>πατρὸτητος.</span> <span class='ocrx_word' id='word_1_334' title='bbox 2817 1873 3117 1941; x_wconf 85' lang='grc' dir='ltr'><strong>Νομοθετεῖ</strong></span> <span class='ocrx_word' id='word_1_335' title='bbox 3139 1873 3217 1933; x_wconf 81' lang='grc' dir='ltr'>δὲ,</span> <span class='ocrx_word' id='word_1_336' title='bbox 3256 1872 3330 1936; x_wconf 79' lang='grc' dir='ltr'><strong>ὡς</strong></span> <span class='ocrx_word' id='word_1_337' title='bbox 3374 1875 3512 1943; x_wconf 76' lang='grc' dir='ltr'>μετά</span> <span class='ocrx_word' id='word_1_338' title='bbox 3541 1876 3687 1926; x_wconf 84' lang='grc' dir='ltr'>πάν-</span> 
     </span>
    </p>
   </div>
   <div class='ocr_carea' id='block_1_50' title="bbox 2108 1961 3688 2035">
    <p class='ocr_par' dir='ltr' id='par_1_50' title="bbox 2108 1961 3688 2035">
     <span class='ocr_line' id='line_1_50' title="bbox 2108 1961 3688 2035; baseline 0.004 -21"><span class='ocrx_word' id='word_1_339' title='bbox 2108 1981 2215 2014; x_wconf 85' lang='grc' dir='ltr'><strong>των</strong></span> <span class='ocrx_word' id='word_1_340' title='bbox 2241 1962 2334 2013; x_wconf 77' lang='grc' dir='ltr'>καὶ</span> <span class='ocrx_word' id='word_1_341' title='bbox 2368 1964 2396 2014; x_wconf 87' lang='grc' dir='ltr'><strong>ὁ</strong></span> <span class='ocrx_word' id='word_1_342' title='bbox 2425 1961 2550 2023; x_wconf 74' lang='grc' dir='ltr'>Υἱὸς</span> <span class='ocrx_word' id='word_1_343' title='bbox 2577 1963 2940 2015; x_wconf 67' lang='grc' dir='ltr'><strong>ὑποτέτακται</strong></span> <span class='ocrx_word' id='word_1_344' title='bbox 2967 1964 3041 2031; x_wconf 84' lang='grc' dir='ltr'><strong>τῷ</strong></span> <span class='ocrx_word' id='word_1_345' title='bbox 3075 1964 3252 2032; x_wconf 83' lang='grc' dir='ltr'>Πατρί</span> <span class='ocrx_word' id='word_1_346' title='bbox 3279 1981 3293 1994; x_wconf 80' lang='grc'><strong>⁸</strong></span> <span class='ocrx_word' id='word_1_347' title='bbox 3323 1968 3414 2017; x_wconf 74' lang='grc' dir='ltr'>καὶ</span> <span class='ocrx_word' id='word_1_348' title='bbox 3446 1967 3688 2035; x_wconf 80' lang='grc' dir='ltr'>ἄναρχον</span> 
     </span>
    </p>
   </div>
   <div class='ocr_carea' id='block_1_51' title="bbox 2112 2050 3689 2125">
    <p class='ocr_par' dir='ltr' id='par_1_51' title="bbox 2112 2050 3689 2125">
     <span class='ocr_line' id='line_1_51' title="bbox 2112 2050 3689 2125; baseline 0.001 -18"><span class='ocrx_word' id='word_1_349' title='bbox 2112 2056 2210 2125; x_wconf 79' lang='grc' dir='ltr'><strong>μὲν</strong></span> <span class='ocrx_word' id='word_1_350' title='bbox 2241 2050 2383 2107; x_wconf 74' lang='grc' dir='ltr'>εἶναι</span> <span class='ocrx_word' id='word_1_351' title='bbox 2414 2055 2507 2106; x_wconf 79' lang='grc' dir='ltr'>τὸν</span> <span class='ocrx_word' id='word_1_352' title='bbox 2535 2054 2753 2123; x_wconf 83' lang='grc' dir='ltr'>Πατέρα</span> <span class='ocrx_word' id='word_1_353' title='bbox 2775 2071 2787 2083; x_wconf 91' lang='grc'>·</span> <span class='ocrx_word' id='word_1_354' title='bbox 2817 2055 2952 2107; x_wconf 82' lang='grc' dir='ltr'>πᾶσι</span> <span class='ocrx_word' id='word_1_355' title='bbox 2982 2054 3038 2106; x_wconf 82' lang='grc' dir='ltr'><strong>δὲ</strong></span> <span class='ocrx_word' id='word_1_356' title='bbox 3068 2054 3162 2107; x_wconf 81' lang='grc' dir='ltr'>τοῦ</span> <span class='ocrx_word' id='word_1_357' title='bbox 3199 2056 3406 2124; x_wconf 74' lang='grc' dir='ltr'>[ἰατρὸς</span> <span class='ocrx_word' id='word_1_358' title='bbox 3433 2057 3554 2125; x_wconf 79' lang='grc' dir='ltr'><strong>δίχα</strong></span> <span class='ocrx_word' id='word_1_359' title='bbox 3580 2060 3689 2125; x_wconf 77' lang='grc' dir='ltr'>τὴν</span> 
     </span>
    </p>
   </div>
   <div class='ocr_carea' id='block_1_52' title="bbox 2108 2141 3688 2216">
    <p class='ocr_par' dir='ltr' id='par_1_52' title="bbox 2108 2141 3688 2216">
     <span class='ocr_line' id='line_1_52' title="bbox 2108 2141 3688 2216; baseline 0.003 -20"><span class='ocrx_word' id='word_1_360' title='bbox 2108 2146 2204 2198; x_wconf 84' lang='grc' dir='ltr'><strong>τοῦ</strong></span> <span class='ocrx_word' id='word_1_361' title='bbox 2239 2145 2374 2198; x_wconf 79' lang='grc' dir='ltr'>Υῑοῦ</span> <span class='ocrx_word' id='word_1_362' title='bbox 2401 2146 2656 2214; x_wconf 82' lang='grc' dir='ltr'>γέννησιν</span> <span class='ocrx_word' id='word_1_363' title='bbox 2690 2146 2966 2212; x_wconf 77' lang='grc' dir='ltr'><strong>ἄγνωστον</strong></span> <span class='ocrx_word' id='word_1_364' title='bbox 2997 2141 3159 2199; x_wconf 75' lang='grc' dir='ltr'>εἶναι.</span> <span class='ocrx_word' id='word_1_365' title='bbox 3199 2147 3305 2198; x_wconf 84' lang='grc' dir='ltr'>Ἢν</span> <span class='ocrx_word' id='word_1_366' title='bbox 3333 2146 3396 2216; x_wconf 82' lang='grc' dir='ltr'><strong>δὴ</strong></span> <span class='ocrx_word' id='word_1_367' title='bbox 3439 2147 3688 2211; x_wconf 71' lang='grc' dir='ltr'>ἔκθεσιν,</span> 
     </span>
    </p>
   </div>
   <div class='ocr_carea' id='block_1_53' title="bbox 2109 2238 3693 2308">
    <p class='ocr_par' dir='ltr' id='par_1_53' title="bbox 2109 2238 3693 2308">
     <span class='ocr_line' id='line_1_53' title="bbox 2109 2238 3693 2308; baseline 0.001 -18"><span class='ocrx_word' id='word_1_368' title='bbox 2109 2239 2182 2300; x_wconf 81' lang='grc' dir='ltr'>ὡς</span> <span class='ocrx_word' id='word_1_369' title='bbox 2214 2241 2287 2307; x_wconf 82' lang='grc' dir='ltr'><strong>μὴ</strong></span> <span class='ocrx_word' id='word_1_370' title='bbox 2335 2238 2564 2300; x_wconf 88' lang='grc' dir='ltr'>δεόντως</span> <span class='ocrx_word' id='word_1_371' title='bbox 2595 2238 2964 2303; x_wconf 88' lang='grc' dir='ltr'>συντεθεῖσαν,</span> <span class='ocrx_word' id='word_1_372' title='bbox 3018 2238 3160 2306; x_wconf 80' lang='grc' dir='ltr'><strong>μετά</strong></span> <span class='ocrx_word' id='word_1_373' title='bbox 3195 2238 3294 2308; x_wconf 83' lang='grc' dir='ltr'><strong>τὴν</strong></span> <span class='ocrx_word' id='word_1_374' title='bbox 3321 2240 3402 2301; x_wconf 68' lang='grc' dir='ltr'>εἰς</span> <span class='ocrx_word' id='word_1_375' title='bbox 3447 2239 3693 2299; x_wconf 76' lang='grc' dir='ltr'>πολλοὺς</span> 
     </span>
    </p>
   </div>
   <div class='ocr_carea' id='block_1_54' title="bbox 2110 2324 3693 2390">
    <p class='ocr_par' dir='ltr' id='par_1_54' title="bbox 2110 2324 3693 2390">
     <span class='ocr_line' id='line_1_54' title="bbox 2110 2324 3693 2390; baseline 0.001 -12"><span class='ocrx_word' id='word_1_376' title='bbox 2110 2326 2321 2379; x_wconf 76' lang='grc' dir='ltr'>ἔκδοσιν</span> <span class='ocrx_word' id='word_1_377' title='bbox 2384 2325 2679 2379; x_wconf 79' lang='grc' dir='ltr'>ἀναλαϐεῖν</span> <span class='ocrx_word' id='word_1_378' title='bbox 2728 2324 2884 2388; x_wconf 78' lang='grc' dir='ltr'>αὖθις</span> <span class='ocrx_word' id='word_1_379' title='bbox 2933 2326 3233 2378; x_wconf 81' lang='grc' dir='ltr'>σπουδάσαι</span> <span class='ocrx_word' id='word_1_380' title='bbox 3277 2328 3403 2390; x_wconf 82' lang='grc' dir='ltr'>τοὺς</span> <span class='ocrx_word' id='word_1_381' title='bbox 3452 2328 3693 2380; x_wconf 77' lang='grc' dir='ltr'>ἐπισκό-</span> 
     </span>
    </p>
   </div>
   <div class='ocr_carea' id='block_1_55' title="bbox 2111 2416 3694 2486">
    <p class='ocr_par' dir='ltr' id='par_1_55' title="bbox 2111 2416 3694 2486">
     <span class='ocr_line' id='line_1_55' title="bbox 2111 2416 3694 2486; baseline -0.001 -15"><span class='ocrx_word' id='word_1_382' title='bbox 2111 2436 2249 2482; x_wconf 88' lang='grc' dir='ltr'>πους</span> <span class='ocrx_word' id='word_1_383' title='bbox 2269 2435 2283 2448; x_wconf 76' lang='grc' dir='ltr'><strong>ο</strong></span> <span class='ocrx_word' id='word_1_384' title='bbox 2321 2416 2661 2471; x_wconf 73' lang='grc' dir='ltr'>ἐντείλασθαι</span> <span class='ocrx_word' id='word_1_385' title='bbox 2690 2417 2745 2469; x_wconf 83' lang='grc' dir='ltr'><strong>δὲ</strong></span> <span class='ocrx_word' id='word_1_386' title='bbox 2776 2417 2870 2471; x_wconf 80' lang='grc' dir='ltr'>καὶ</span> <span class='ocrx_word' id='word_1_387' title='bbox 2913 2417 3123 2484; x_wconf 81' lang='grc' dir='ltr'>βασιλεῖ</span> <span class='ocrx_word' id='word_1_388' title='bbox 3152 2418 3420 2486; x_wconf 78' lang='grc' dir='ltr'>σφοδρῶς,</span> <span class='ocrx_word' id='word_1_389' title='bbox 3459 2419 3694 2470; x_wconf 81' lang='grc' dir='ltr'>κόλασιν</span> 
     </span>
    </p>
   </div>
   <div class='ocr_carea' id='block_1_56' title="bbox 2110 2508 3694 2579">
    <p class='ocr_par' dir='ltr' id='par_1_56' title="bbox 2110 2508 3694 2579">
     <span class='ocr_line' id='line_1_56' title="bbox 2110 2508 3694 2579; baseline 0.001 -17"><span class='ocrx_word' id='word_1_390' title='bbox 2110 2508 2442 2563; x_wconf 70' lang='grc' dir='ltr'>ἀπειλοῦντα</span> <span class='ocrx_word' id='word_1_391' title='bbox 2471 2511 2564 2562; x_wconf 78' lang='grc' dir='ltr'>τὸν</span> <span class='ocrx_word' id='word_1_392' title='bbox 2612 2511 2687 2578; x_wconf 83' lang='grc' dir='ltr'><strong>μὴ</strong></span> <span class='ocrx_word' id='word_1_393' title='bbox 2724 2509 3082 2579; x_wconf 80' lang='grc' dir='ltr'>φανεροῦντα.</span> <span class='ocrx_word' id='word_1_394' title='bbox 3121 2510 3181 2561; x_wconf 82' lang='grc' dir='ltr'><em>Ἥ</em></span> <span class='ocrx_word' id='word_1_395' title='bbox 3235 2511 3291 2562; x_wconf 82' lang='grc' dir='ltr'><strong>δὲ</strong></span> <span class='ocrx_word' id='word_1_396' title='bbox 3329 2513 3410 2569; x_wconf 72' lang='grc' dir='ltr'>εἰς</span> <span class='ocrx_word' id='word_1_397' title='bbox 3453 2511 3694 2572; x_wconf 77' lang='grc' dir='ltr'>πολλοὺς</span> 
     </span>
    </p>
   </div>
   <div class='ocr_carea' id='block_1_57' title="bbox 2110 2596 3699 2669">
    <p class='ocr_par' dir='ltr' id='par_1_57' title="bbox 2110 2596 3699 2669">
     <span class='ocr_line' id='line_1_57' title="bbox 2110 2596 3699 2669; baseline -0.001 -16"><span class='ocrx_word' id='word_1_398' title='bbox 2110 2601 2365 2661; x_wconf 75' lang='grc' dir='ltr'>διαϐᾶσα,</span> <span class='ocrx_word' id='word_1_399' title='bbox 2387 2601 2451 2653; x_wconf 81' lang='grc' dir='ltr'><strong>οὐ</strong></span> <span class='ocrx_word' id='word_1_400' title='bbox 2477 2601 2827 2652; x_wconf 84' lang='grc' dir='ltr'>παντάπασιν</span> <span class='ocrx_word' id='word_1_401' title='bbox 2852 2599 3148 2668; x_wconf 77' lang='grc' dir='ltr'>ἠφανίσθη.</span> <span class='ocrx_word' id='word_1_402' title='bbox 3170 2601 3282 2669; x_wconf 85' lang='grc' dir='ltr'><strong>Τὴν</strong></span> <span class='ocrx_word' id='word_1_403' title='bbox 3309 2600 3407 2668; x_wconf 80' lang='grc' dir='ltr'><strong>μὲν</strong></span> <span class='ocrx_word' id='word_1_404' title='bbox 3433 2596 3527 2652; x_wconf 80' lang='grc' dir='ltr'>οὖν</span> <span class='ocrx_word' id='word_1_405' title='bbox 3557 2600 3699 2669; x_wconf 80' lang='grc' dir='ltr'>μίαν</span> 
     </span>
    </p>
   </div>
   <div class='ocr_carea' id='block_1_58' title="bbox 2112 2690 3695 2760">
    <p class='ocr_par' dir='ltr' id='par_1_58' title="bbox 2112 2690 3695 2760">
     <span class='ocr_line' id='line_1_58' title="bbox 2112 2690 3695 2760; baseline -0.001 -16"><span class='ocrx_word' id='word_1_406' title='bbox 2112 2694 2220 2744; x_wconf 88' lang='grc' dir='ltr'><strong>τῶν</strong></span> <span class='ocrx_word' id='word_1_407' title='bbox 2261 2691 2608 2760; x_wconf 85' lang='grc' dir='ltr'><strong>Ῥωμαϊκῶν,</strong></span> <span class='ocrx_word' id='word_1_408' title='bbox 2638 2692 2705 2759; x_wconf 79' lang='grc' dir='ltr'>τῇ</span> <span class='ocrx_word' id='word_1_409' title='bbox 2754 2690 2849 2742; x_wconf 88' lang='grc' dir='ltr'><strong>τοῦ</strong></span> <span class='ocrx_word' id='word_1_410' title='bbox 2896 2691 3222 2760; x_wconf 74' lang='grc' dir='ltr'><strong>Ἀρεθούσης</strong></span> <span class='ocrx_word' id='word_1_411' title='bbox 3252 2691 3480 2758; x_wconf 83' lang='grc' dir='ltr'><strong>Μάρκου</strong></span> <span class='ocrx_word' id='word_1_412' title='bbox 3529 2690 3695 2742; x_wconf 76' lang='grc' dir='ltr'>ἐκδο-</span> 
     </span>
    </p>
   </div>
   <div class='ocr_carea' id='block_1_59' title="bbox 2113 2779 3696 2854">
    <p class='ocr_par' dir='ltr' id='par_1_59' title="bbox 2113 2779 3696 2854">
     <span class='ocr_line' id='line_1_59' title="bbox 2113 2779 3696 2854; baseline 0 -22"><span class='ocrx_word' id='word_1_413' title='bbox 2113 2782 2270 2854; x_wconf 80' lang='grc' dir='ltr'>θεισῃ</span> <span class='ocrx_word' id='word_1_414' title='bbox 2323 2781 2592 2849; x_wconf 72' lang='grc' dir='ltr'>συνάψας,</span> <span class='ocrx_word' id='word_1_415' title='bbox 2638 2779 2717 2849; x_wconf 85' lang='grc' dir='ltr'>τῷ</span> <span class='ocrx_word' id='word_1_416' title='bbox 2749 2780 2985 2849; x_wconf 83' lang='grc' dir='ltr'>παρόντι</span> <span class='ocrx_word' id='word_1_417' title='bbox 3030 2780 3264 2849; x_wconf 70' lang='grc' dir='ltr'>ἐκθήσω.</span> <span class='ocrx_word' id='word_1_418' title='bbox 3301 2780 3552 2849; x_wconf 83' lang='grc' dir='ltr'>Θατέραν</span> <span class='ocrx_word' id='word_1_419' title='bbox 3609 2780 3696 2845; x_wconf 82' lang='grc' dir='ltr'><strong>δὲ,</strong></span> 
     </span>
    </p>
   </div>
   <div class='ocr_carea' id='block_1_60' title="bbox 2113 2871 3697 2944">
    <p class='ocr_par' dir='ltr' id='par_1_60' title="bbox 2113 2871 3697 2944">
     <span class='ocr_line' id='line_1_60' title="bbox 2113 2871 3697 2944; baseline -0.001 -20"><span class='ocrx_word' id='word_1_420' title='bbox 2113 2875 2235 2944; x_wconf 78' lang='grc' dir='ltr'>ἥτις</span> <span class='ocrx_word' id='word_1_421' title='bbox 2267 2874 2492 2943; x_wconf 81' lang='grc' dir='ltr'>ὓστερον</span> <span class='ocrx_word' id='word_1_422' title='bbox 2542 2871 2884 2941; x_wconf 85' lang='grc' dir='ltr'>ἀνεγνώσθη,</span> <span class='ocrx_word' id='word_1_423' title='bbox 2921 2875 2979 2923; x_wconf 84' lang='grc' dir='ltr'>ὲν</span> <span class='ocrx_word' id='word_1_424' title='bbox 3025 2871 3200 2940; x_wconf 89' lang='grc' dir='ltr'><strong>καιρῷ</strong></span> <span class='ocrx_word' id='word_1_425' title='bbox 3254 2871 3569 2935; x_wconf 77' lang='grc' dir='ltr'>κατατάξω,</span> <span class='ocrx_word' id='word_1_426' title='bbox 3600 2872 3697 2924; x_wconf 83' lang='grc' dir='ltr'>ὅτε</span> 
     </span>
    </p>
   </div>
   <div class='ocr_carea' id='block_1_61' title="bbox 2111 2963 3702 3033">
    <p class='ocr_par' dir='ltr' id='par_1_61' title="bbox 2111 2963 3702 3033">
     <span class='ocr_line' id='line_1_61' title="bbox 2111 2963 3702 3033; baseline -0.001 -15"><span class='ocrx_word' id='word_1_427' title='bbox 2111 2965 2183 3018; x_wconf 78' lang='grc' dir='ltr'>τὰ</span> <span class='ocrx_word' id='word_1_428' title='bbox 2221 2967 2278 3017; x_wconf 81' lang='grc' dir='ltr'>ὲν</span> <span class='ocrx_word' id='word_1_429' title='bbox 2307 2963 2578 3033; x_wconf 78' lang='grc' dir='ltr'>Ἀριμίνῳ</span> <span class='ocrx_word' id='word_1_430' title='bbox 2609 2963 2876 3032; x_wconf 84' lang='grc' dir='ltr'>γενόμενα</span> <span class='ocrx_word' id='word_1_431' title='bbox 2908 2963 3218 3031; x_wconf 76' lang='grc' dir='ltr'>διηγεῖσθαι</span> <span class='ocrx_word' id='word_1_432' title='bbox 3252 2980 3318 3032; x_wconf 84' lang='grc' dir='ltr'>με</span> <span class='ocrx_word' id='word_1_433' title='bbox 3345 2964 3579 3030; x_wconf 90' lang='grc' dir='ltr'>γένοιτο.</span> <span class='ocrx_word' id='word_1_434' title='bbox 3616 2964 3702 3017; x_wconf 74' lang='grc' dir='ltr'><em>Ἠ</em></span> 
     </span>
    </p>
   </div>
   <div class='ocr_carea' id='block_1_62' title="bbox 435 3053 2005 3134">
    <p class='ocr_par' dir='ltr' id='par_1_62' title="bbox 435 3063 2005 3131">
     <span class='ocr_line' id='line_1_62' title="bbox 435 3063 2005 3131; baseline 0.003 -14"><span class='ocrx_word' id='word_1_435' title='bbox 435 3077 564 3117; x_wconf 89' lang='lat' dir='ltr'><strong>nam</strong></span> <span class='ocrx_word' id='word_1_436' title='bbox 596 3063 688 3131; x_wconf 90' lang='lat' dir='ltr'><strong>qui</strong></span> <span class='ocrx_word' id='word_1_437' title='bbox 721 3077 840 3116; x_wconf 88' lang='lat' dir='ltr'><strong>eam</strong></span> <span class='ocrx_word' id='word_1_438' title='bbox 873 3065 926 3116; x_wconf 92' lang='lat' dir='ltr'><strong>in</strong></span> <span class='ocrx_word' id='word_1_439' title='bbox 950 3063 1127 3117; x_wconf 90' lang='lat' dir='ltr'><strong>lucem</strong></span> <span class='ocrx_word' id='word_1_440' title='bbox 1176 3065 1440 3131; x_wconf 85' lang='lat' dir='ltr'><strong>prolatam</strong></span> <span class='ocrx_word' id='word_1_441' title='bbox 1480 3081 1590 3119; x_wconf 92' lang='lat' dir='ltr'><strong>non</strong></span> <span class='ocrx_word' id='word_1_442' title='bbox 1635 3066 2005 3123; x_wconf 90' lang='lat' dir='ltr'><strong>reddidissent</strong></span> 
     </span>
    </p>
   </div>
   <div class='ocr_carea' id='block_1_63' title="bbox 2112 3053 3702 3134">
    <p class='ocr_par' dir='ltr' id='par_1_63' title="bbox 2116 3053 3702 3126">
     <span class='ocr_line' id='line_1_63' title="bbox 2116 3053 3702 3126; baseline -0.002 -17"><span class='ocrx_word' id='word_1_443' title='bbox 2116 3074 2180 3125; x_wconf 91' lang='grc' dir='ltr'><strong>γε</strong></span> <span class='ocrx_word' id='word_1_444' title='bbox 2223 3057 2329 3126; x_wconf 84' lang='grc' dir='ltr'><strong>μὴν</strong></span> <span class='ocrx_word' id='word_1_445' title='bbox 2358 3057 2589 3126; x_wconf 80' lang='grc' dir='ltr'>ῥηθεῖσα</span> <span class='ocrx_word' id='word_1_446' title='bbox 2621 3053 2699 3124; x_wconf 85' lang='grc' dir='ltr'><strong>τῷ</strong></span> <span class='ocrx_word' id='word_1_447' title='bbox 2727 3054 2939 3124; x_wconf 81' lang='grc' dir='ltr'>Μάρκῳ</span> <span class='ocrx_word' id='word_1_448' title='bbox 2964 3054 3160 3106; x_wconf 77' lang='grc' dir='ltr'>οὑτωσὶ</span> <span class='ocrx_word' id='word_1_449' title='bbox 3180 3054 3466 3123; x_wconf 87' lang='grc' dir='ltr'>διηγόρευε</span> <span class='ocrx_word' id='word_1_450' title='bbox 3486 3071 3502 3084; x_wconf 76' lang='grc' dir='ltr'><strong>ο</strong></span> <span class='ocrx_word' id='word_1_451' title='bbox 3540 3072 3558 3104; x_wconf 79' lang='grc' dir='ltr'><strong>ι</strong></span> <span class='ocrx_word' id='word_1_452' title='bbox 3599 3056 3702 3106; x_wconf 85' lang='grc' dir='ltr'><strong>Πι-</strong></span> 
     </span>
    </p>
   </div>
   <div class='ocr_carea' id='block_1_64' title="bbox 433 3153 2004 3224">
    <p class='ocr_par' dir='ltr' id='par_1_64' title="bbox 433 3153 2004 3224">
     <span class='ocr_line' id='line_1_64' title="bbox 433 3153 2004 3224; baseline 0.004 -18"><span class='ocrx_word' id='word_1_453' title='bbox 433 3154 710 3218; x_wconf 83' lang='lat' dir='ltr'><strong>minatus,</strong></span> <span class='ocrx_word' id='word_1_454' title='bbox 767 3153 1067 3207; x_wconf 88' lang='lat' dir='ltr'><strong>mandavit.</strong></span> <span class='ocrx_word' id='word_1_455' title='bbox 1123 3154 1325 3209; x_wconf 76' lang='lat' dir='ltr'><strong>Verum</strong></span> <span class='ocrx_word' id='word_1_456' title='bbox 1379 3170 1443 3209; x_wconf 90' lang='lat' dir='ltr'><strong>ea</strong></span> <span class='ocrx_word' id='word_1_457' title='bbox 1497 3156 1647 3224; x_wconf 90' lang='lat' dir='ltr'><strong>quod</strong></span> <span class='ocrx_word' id='word_1_458' title='bbox 1705 3158 2004 3212; x_wconf 90' lang='lat' dir='ltr'><strong>multorum</strong></span> 
     </span>
    </p>
   </div>
   <div class='ocr_carea' id='block_1_65' title="bbox 435 3248 2009 3314">
    <p class='ocr_par' dir='ltr' id='par_1_65' title="bbox 435 3248 2009 3314">
     <span class='ocr_line' id='line_1_65' title="bbox 435 3248 2009 3314; baseline 0.005 -17"><span class='ocrx_word' id='word_1_459' title='bbox 435 3259 635 3298; x_wconf 87' lang='lat' dir='ltr'><strong>manus</strong></span> <span class='ocrx_word' id='word_1_460' title='bbox 679 3254 1031 3313; x_wconf 87' lang='lat' dir='ltr'><strong>pervenerat,</strong></span> <span class='ocrx_word' id='word_1_461' title='bbox 1061 3261 1169 3298; x_wconf 92' lang='lat' dir='ltr'><strong>non</strong></span> <span class='ocrx_word' id='word_1_462' title='bbox 1218 3260 1445 3314; x_wconf 86' lang='lat' dir='ltr'><strong>prorsus</strong></span> <span class='ocrx_word' id='word_1_463' title='bbox 1486 3257 1571 3301; x_wconf 84' lang='lat' dir='ltr'><strong>est</strong></span> <span class='ocrx_word' id='word_1_464' title='bbox 1611 3248 1832 3304; x_wconf 84' lang='lat' dir='ltr'><strong>abolita.</strong></span> <span class='ocrx_word' id='word_1_465' title='bbox 1863 3250 2009 3305; x_wconf 79' lang='lat' dir='ltr'><strong>Alte-</strong></span> 
     </span>
    </p>
   </div>
   <div class='ocr_carea' id='block_1_66' title="bbox 434 3335 2007 3406">
    <p class='ocr_par' dir='ltr' id='par_1_66' title="bbox 434 3335 2007 3406">
     <span class='ocr_line' id='line_1_66' title="bbox 434 3335 2007 3406; baseline 0.003 -16"><span class='ocrx_word' id='word_1_466' title='bbox 434 3352 556 3390; x_wconf 86' lang='lat' dir='ltr'><strong>ram</strong></span> <span class='ocrx_word' id='word_1_467' title='bbox 582 3336 806 3405; x_wconf 88' lang='lat' dir='ltr'><strong>quidam</strong></span> <span class='ocrx_word' id='word_1_468' title='bbox 833 3352 898 3389; x_wconf 90' lang='lat' dir='ltr'><strong>ex</strong></span> <span class='ocrx_word' id='word_1_469' title='bbox 930 3335 1158 3400; x_wconf 84' lang='lat' dir='ltr'><strong>Latinis,</strong></span> <span class='ocrx_word' id='word_1_470' title='bbox 1183 3337 1234 3391; x_wconf 87' lang='lat' dir='ltr'><strong>ei</strong></span> <span class='ocrx_word' id='word_1_471' title='bbox 1263 3353 1385 3406; x_wconf 72' lang='lat' dir='ltr'><strong>qua:</strong></span> <span class='ocrx_word' id='word_1_472' title='bbox 1414 3338 1481 3392; x_wconf 91' lang='lat' dir='ltr'><strong>ab</strong></span> <span class='ocrx_word' id='word_1_473' title='bbox 1503 3339 1800 3394; x_wconf 84' lang='lat' dir='ltr'><strong>Arethusio</strong></span> <span class='ocrx_word' id='word_1_474' title='bbox 1825 3342 2007 3396; x_wconf 85' lang='lat' dir='ltr'><strong>Marco</strong></span> 
     </span>
    </p>
   </div>
   <div class='ocr_carea' id='block_1_67' title="bbox 434 3428 2007 3497">
    <p class='ocr_par' dir='ltr' id='par_1_67' title="bbox 434 3428 2007 3497">
     <span class='ocr_line' id='line_1_67' title="bbox 434 3428 2007 3497; baseline 0.003 -14"><span class='ocrx_word' id='word_1_475' title='bbox 434 3428 584 3483; x_wconf 88' lang='lat' dir='ltr'><strong>edita</strong></span> <span class='ocrx_word' id='word_1_476' title='bbox 620 3436 707 3483; x_wconf 86' lang='lat' dir='ltr'><strong>est</strong></span> <span class='ocrx_word' id='word_1_477' title='bbox 740 3443 1068 3492; x_wconf 79' lang='lat' dir='ltr'><strong>connexam,</strong></span> <span class='ocrx_word' id='word_1_478' title='bbox 1105 3428 1159 3482; x_wconf 92' lang='lat' dir='ltr'><strong>in</strong></span> <span class='ocrx_word' id='word_1_479' title='bbox 1215 3431 1504 3497; x_wconf 84' lang='lat' dir='ltr'><strong>praesentia</strong></span> <span class='ocrx_word' id='word_1_480' title='bbox 1557 3431 1811 3486; x_wconf 81' lang='lat' dir='ltr'><strong>referam.</strong></span> <span class='ocrx_word' id='word_1_481' title='bbox 1854 3433 2007 3488; x_wconf 78' lang='lat' dir='ltr'><strong>Alte-</strong></span> 
     </span>
    </p>
   </div>
   <div class='ocr_carea' id='block_1_68' title="bbox 433 3521 2012 3592">
    <p class='ocr_par' dir='ltr' id='par_1_68' title="bbox 433 3521 2012 3592">
     <span class='ocr_line' id='line_1_68' title="bbox 433 3521 2012 3592; baseline 0.004 -19"><span class='ocrx_word' id='word_1_482' title='bbox 433 3535 552 3574; x_wconf 88' lang='lat' dir='ltr'><strong>ram</strong></span> <span class='ocrx_word' id='word_1_483' title='bbox 589 3529 773 3574; x_wconf 89' lang='lat' dir='ltr'><strong>autem</strong></span> <span class='ocrx_word' id='word_1_484' title='bbox 815 3535 938 3589; x_wconf 68' lang='lat' dir='ltr'><strong>qua:</strong></span> <span class='ocrx_word' id='word_1_485' title='bbox 977 3529 1164 3588; x_wconf 85' lang='lat' dir='ltr'><strong>postea</strong></span> <span class='ocrx_word' id='word_1_486' title='bbox 1207 3521 1346 3575; x_wconf 89' lang='lat' dir='ltr'><strong>lecta</strong></span> <span class='ocrx_word' id='word_1_487' title='bbox 1391 3531 1496 3585; x_wconf 88' lang='lat' dir='ltr'><strong>est,</strong></span> <span class='ocrx_word' id='word_1_488' title='bbox 1539 3521 1662 3576; x_wconf 92' lang='lat' dir='ltr'><strong>loco</strong></span> <span class='ocrx_word' id='word_1_489' title='bbox 1709 3538 1809 3578; x_wconf 91' lang='lat' dir='ltr'><strong>suo</strong></span> <span class='ocrx_word' id='word_1_490' title='bbox 1851 3540 2012 3592; x_wconf 85' lang='lat' dir='ltr'><strong>repo-</strong></span> 
     </span>
    </p>
   </div>
   <div class='ocr_carea' id='block_1_69' title="bbox 434 3613 2007 3681">
    <p class='ocr_par' dir='ltr' id='par_1_69' title="bbox 434 3613 2007 3681">
     <span class='ocr_line' id='line_1_69' title="bbox 434 3613 2007 3681; baseline 0.001 -15"><span class='ocrx_word' id='word_1_491' title='bbox 434 3627 587 3678; x_wconf 84' lang='lat' dir='ltr'><strong>nam,</strong></span> <span class='ocrx_word' id='word_1_492' title='bbox 617 3627 744 3667; x_wconf 87' lang='lat' dir='ltr'><strong>cum</strong></span> <span class='ocrx_word' id='word_1_493' title='bbox 775 3627 864 3667; x_wconf 92' lang='lat' dir='ltr'><strong>res</strong></span> <span class='ocrx_word' id='word_1_494' title='bbox 889 3613 1123 3667; x_wconf 83' lang='lat' dir='ltr'><strong>Arimini</strong></span> <span class='ocrx_word' id='word_1_495' title='bbox 1159 3625 1311 3668; x_wconf 88' lang='lat' dir='ltr'><strong>actas</strong></span> <span class='ocrx_word' id='word_1_496' title='bbox 1336 3616 1804 3671; x_wconf 89' lang='lat' dir='ltr'><strong>commemorabo.</strong></span> <span class='ocrx_word' id='word_1_497' title='bbox 1833 3617 2007 3681; x_wconf 88' lang='lat' dir='ltr'><strong>Quam</strong></span> 
     </span>
    </p>
   </div>
   <div class='ocr_carea' id='block_1_70' title="bbox 436 3704 2008 3766">
    <p class='ocr_par' dir='ltr' id='par_1_70' title="bbox 436 3704 2008 3766">
     <span class='ocr_line' id='line_1_70' title="bbox 436 3704 2008 3766; baseline 0.001 -8"><span class='ocrx_word' id='word_1_498' title='bbox 436 3704 652 3758; x_wconf 79' lang='lat' dir='ltr'><strong>Marcus</strong></span> <span class='ocrx_word' id='word_1_499' title='bbox 677 3704 923 3766; x_wconf 82' lang='lat' dir='ltr'><strong>dictavit,</strong></span> <span class='ocrx_word' id='word_1_500' title='bbox 955 3704 1033 3758; x_wconf 89' lang='lat' dir='ltr'><strong>sic</strong></span> <span class='ocrx_word' id='word_1_501' title='bbox 1057 3719 1115 3758; x_wconf 92' lang='lat' dir='ltr'><strong>se</strong></span> <span class='ocrx_word' id='word_1_502' title='bbox 1139 3705 1345 3758; x_wconf 84' lang='lat' dir='ltr'><strong>habet:</strong></span> <span class='ocrx_word' id='word_1_503' title='bbox 1380 3722 1399 3756; x_wconf 78' lang='grc' dir='ltr'><strong>ι</strong></span> <span class='ocrx_word' id='word_1_504' title='bbox 1433 3705 1725 3761; x_wconf 88' lang='lat' dir='ltr'><strong>Credimus</strong></span> <span class='ocrx_word' id='word_1_505' title='bbox 1753 3708 1806 3760; x_wconf 92' lang='lat' dir='ltr'><strong>in</strong></span> <span class='ocrx_word' id='word_1_506' title='bbox 1837 3724 2008 3762; x_wconf 90' lang='lat' dir='ltr'><strong>unum</strong></span> 
     </span>
    </p>
   </div>
   <div class='ocr_carea' id='block_1_71' title="bbox 437 3797 2012 3866">
    <p class='ocr_par' dir='ltr' id='par_1_71' title="bbox 437 3797 2012 3866">
     <span class='ocr_line' id='line_1_71' title="bbox 437 3797 2012 3866; baseline 0.003 -16"><span class='ocrx_word' id='word_1_507' title='bbox 437 3797 640 3862; x_wconf 90' lang='lat' dir='ltr'><strong>Deum,</strong></span> <span class='ocrx_word' id='word_1_508' title='bbox 668 3797 882 3852; x_wconf 87' lang='lat' dir='ltr'><strong>Patrem</strong></span> <span class='ocrx_word' id='word_1_509' title='bbox 918 3798 1375 3866; x_wconf 89' lang='lat' dir='ltr'><strong>omnipotentem,</strong></span> <span class='ocrx_word' id='word_1_510' title='bbox 1411 3808 1716 3852; x_wconf 86' lang='lat' dir='ltr'><strong>creatorem</strong></span> <span class='ocrx_word' id='word_1_511' title='bbox 1760 3811 1814 3853; x_wconf 92' lang='lat' dir='ltr'><strong>et</strong></span> <span class='ocrx_word' id='word_1_512' title='bbox 1835 3799 2012 3854; x_wconf 87' lang='lat' dir='ltr'><strong>facto-</strong></span> 
     </span>
    </p>
   </div>
   <div class='ocr_carea' id='block_1_72' title="bbox 437 3890 2010 3959">
    <p class='ocr_par' dir='ltr' id='par_1_72' title="bbox 437 3890 2010 3959">
     <span class='ocr_line' id='line_1_72' title="bbox 437 3890 2010 3959; baseline 0.002 -17"><span class='ocrx_word' id='word_1_513' title='bbox 437 3904 558 3944; x_wconf 85' lang='lat' dir='ltr'><strong>rem</strong></span> <span class='ocrx_word' id='word_1_514' title='bbox 593 3890 981 3944; x_wconf 87' lang='lat' dir='ltr'><strong>universorum</strong></span> <span class='ocrx_word' id='word_1_515' title='bbox 1017 3905 1031 3942; x_wconf 89' lang='lat'><strong>:</strong></span> <span class='ocrx_word' id='word_1_516' title='bbox 1066 3905 1130 3942; x_wconf 87' lang='lat' dir='ltr'><strong>ex</strong></span> <span class='ocrx_word' id='word_1_517' title='bbox 1161 3905 1273 3958; x_wconf 92' lang='lat' dir='ltr'><strong>quo</strong></span> <span class='ocrx_word' id='word_1_518' title='bbox 1314 3890 1494 3943; x_wconf 90' lang='lat' dir='ltr'><strong>omnis</strong></span> <span class='ocrx_word' id='word_1_519' title='bbox 1533 3894 1835 3959; x_wconf 89' lang='lat' dir='ltr'><strong>paternitas</strong></span> <span class='ocrx_word' id='word_1_520' title='bbox 1871 3901 1927 3946; x_wconf 90' lang='lat' dir='ltr'><strong>et</strong></span> <span class='ocrx_word' id='word_1_521' title='bbox 1958 3893 2010 3945; x_wconf 87' lang='lat' dir='ltr'><strong>itt</strong></span> 
     </span>
    </p>
   </div>
   <div class='ocr_carea' id='block_1_73' title="bbox 438 3980 2014 4055">
    <p class='ocr_par' dir='ltr' id='par_1_73' title="bbox 438 3980 2014 4055">
     <span class='ocr_line' id='line_1_73' title="bbox 438 3980 2014 4055; baseline 0.003 -21"><span class='ocrx_word' id='word_1_522' title='bbox 438 3981 582 4036; x_wconf 71' lang='lat' dir='ltr'><strong>cmlo</strong></span> <span class='ocrx_word' id='word_1_523' title='bbox 612 3989 669 4034; x_wconf 94' lang='lat' dir='ltr'><strong>et</strong></span> <span class='ocrx_word' id='word_1_524' title='bbox 701 3981 754 4034; x_wconf 91' lang='lat' dir='ltr'><strong>itt</strong></span> <span class='ocrx_word' id='word_1_525' title='bbox 789 3991 930 4035; x_wconf 88' lang='lat' dir='ltr'><strong>terra</strong></span> <span class='ocrx_word' id='word_1_526' title='bbox 965 3983 1303 4035; x_wconf 90' lang='lat' dir='ltr'><strong>nominatur.</strong></span> <span class='ocrx_word' id='word_1_527' title='bbox 1338 3980 1403 4034; x_wconf 84' lang='lat' dir='ltr'><strong>Et</strong></span> <span class='ocrx_word' id='word_1_528' title='bbox 1431 3983 1484 4036; x_wconf 91' lang='lat' dir='ltr'><strong>in</strong></span> <span class='ocrx_word' id='word_1_529' title='bbox 1520 3984 1860 4051; x_wconf 78' lang='lat' dir='ltr'><strong>unigenitum</strong></span> <span class='ocrx_word' id='word_1_530' title='bbox 1895 3985 2014 4055; x_wconf 72' lang='lat' dir='ltr'><strong>t&#39;jus</strong></span> 
     </span>
    </p>
   </div>
   <div class='ocr_carea' id='block_1_74' title="bbox 438 4071 2014 4136">
    <p class='ocr_par' dir='ltr' id='par_1_74' title="bbox 438 4071 2014 4136">
     <span class='ocr_line' id='line_1_74' title="bbox 438 4071 2014 4136; baseline 0.002 -9"><span class='ocrx_word' id='word_1_531' title='bbox 438 4071 644 4127; x_wconf 76' lang='lat' dir='ltr'><strong>Filium</strong></span> <span class='ocrx_word' id='word_1_532' title='bbox 685 4073 976 4127; x_wconf 85' lang='lat' dir='ltr'><strong>Dominum</strong></span> <span class='ocrx_word' id='word_1_533' title='bbox 1033 4083 1283 4127; x_wconf 88' lang='lat' dir='ltr'><strong>nostrum</strong></span> <span class='ocrx_word' id='word_1_534' title='bbox 1323 4075 1508 4128; x_wconf 82' lang='lat' dir='ltr'><strong>Jesum</strong></span> <span class='ocrx_word' id='word_1_535' title='bbox 1544 4075 1849 4136; x_wconf 87' lang='lat' dir='ltr'><strong>Christum,</strong></span> <span class='ocrx_word' id='word_1_536' title='bbox 1887 4089 2014 4130; x_wconf 91' lang='lat' dir='ltr'><strong>ante</strong></span> 
     </span>
    </p>
   </div>
   <div class='ocr_carea' id='block_1_75' title="bbox 440 4167 2012 4236">
    <p class='ocr_par' dir='ltr' id='par_1_75' title="bbox 440 4167 2012 4236">
     <span class='ocr_line' id='line_1_75' title="bbox 440 4167 2012 4236; baseline -0.001 -16"><span class='ocrx_word' id='word_1_537' title='bbox 440 4167 626 4220; x_wconf 85' lang='lat' dir='ltr'><strong>omnia</strong></span> <span class='ocrx_word' id='word_1_538' title='bbox 672 4167 871 4220; x_wconf 66' lang='lat' dir='ltr'><strong>saecula</strong></span> <span class='ocrx_word' id='word_1_539' title='bbox 921 4182 986 4218; x_wconf 81' lang='lat' dir='ltr'><strong>ex</strong></span> <span class='ocrx_word' id='word_1_540' title='bbox 1038 4167 1196 4220; x_wconf 72' lang='lat' dir='ltr'><strong>l’atre</strong></span> <span class='ocrx_word' id='word_1_541' title='bbox 1245 4169 1512 4236; x_wconf 85' lang='lat' dir='ltr'><strong>genitum,</strong></span> <span class='ocrx_word' id='word_1_542' title='bbox 1548 4168 1721 4222; x_wconf 91' lang='lat' dir='ltr'><strong>Deum</strong></span> <span class='ocrx_word' id='word_1_543' title='bbox 1765 4168 1833 4222; x_wconf 83' lang='lat' dir='ltr'><strong>de</strong></span> <span class='ocrx_word' id='word_1_544' title='bbox 1880 4170 2012 4232; x_wconf 84' lang='lat' dir='ltr'><strong>Deo,</strong></span> 
     </span>
    </p>
   </div>
   <div class='ocr_carea' id='block_1_76' title="bbox 441 4257 2012 4326">
    <p class='ocr_par' dir='ltr' id='par_1_76' title="bbox 441 4257 2012 4326">
     <span class='ocr_line' id='line_1_76' title="bbox 441 4257 2012 4326; baseline 0.001 -13"><span class='ocrx_word' id='word_1_545' title='bbox 441 4259 631 4314; x_wconf 90' lang='lat' dir='ltr'><strong>lumen</strong></span> <span class='ocrx_word' id='word_1_546' title='bbox 662 4257 731 4313; x_wconf 88' lang='lat' dir='ltr'><strong>de</strong></span> <span class='ocrx_word' id='word_1_547' title='bbox 765 4257 978 4312; x_wconf 89' lang='lat' dir='ltr'><strong>lumine</strong></span> <span class='ocrx_word' id='word_1_548' title='bbox 1013 4277 1027 4312; x_wconf 72' lang='grc' dir='ltr'><strong>τ</strong></span> <span class='ocrx_word' id='word_1_549' title='bbox 1061 4275 1157 4326; x_wconf 91' lang='lat' dir='ltr'><strong>per</strong></span> <span class='ocrx_word' id='word_1_550' title='bbox 1187 4274 1351 4326; x_wconf 86' lang='lat' dir='ltr'><strong>quem</strong></span> <span class='ocrx_word' id='word_1_551' title='bbox 1385 4260 1522 4312; x_wconf 86' lang='lat' dir='ltr'><strong>facta</strong></span> <span class='ocrx_word' id='word_1_552' title='bbox 1555 4271 1684 4315; x_wconf 89' lang='lat' dir='ltr'><strong>sunt</strong></span> <span class='ocrx_word' id='word_1_553' title='bbox 1715 4263 1922 4323; x_wconf 88' lang='lat' dir='ltr'><strong>omnia,</strong></span> <span class='ocrx_word' id='word_1_554' title='bbox 1960 4262 2012 4315; x_wconf 91' lang='lat' dir='ltr'><strong>itt</strong></span> 
     </span>
    </p>
   </div>
   <div class='ocr_carea' id='block_1_77' title="bbox 444 4349 2015 4419">
    <p class='ocr_par' dir='ltr' id='par_1_77' title="bbox 444 4349 2015 4419">
     <span class='ocr_line' id='line_1_77' title="bbox 444 4349 2015 4419; baseline -0.003 -13"><span class='ocrx_word' id='word_1_555' title='bbox 444 4351 603 4407; x_wconf 65' lang='lat' dir='ltr'><strong>caelis</strong></span> <span class='ocrx_word' id='word_1_556' title='bbox 649 4359 707 4405; x_wconf 88' lang='lat' dir='ltr'><strong>et</strong></span> <span class='ocrx_word' id='word_1_557' title='bbox 748 4351 803 4404; x_wconf 90' lang='lat' dir='ltr'><strong>itt</strong></span> <span class='ocrx_word' id='word_1_558' title='bbox 847 4359 1018 4411; x_wconf 88' lang='lat' dir='ltr'><strong>terra,</strong></span> <span class='ocrx_word' id='word_1_559' title='bbox 1055 4349 1293 4404; x_wconf 83' lang='lat' dir='ltr'><strong>visibilia</strong></span> <span class='ocrx_word' id='word_1_560' title='bbox 1341 4360 1397 4405; x_wconf 92' lang='lat' dir='ltr'><strong>et</strong></span> <span class='ocrx_word' id='word_1_561' title='bbox 1433 4351 1754 4407; x_wconf 86' lang='lat' dir='ltr'><strong>invisibilia.</strong></span> <span class='ocrx_word' id='word_1_562' title='bbox 1787 4354 1890 4419; x_wconf 87' lang='lat' dir='ltr'><strong>Qui</strong></span> <span class='ocrx_word' id='word_1_563' title='bbox 1937 4364 2015 4406; x_wconf 86' lang='lat' dir='ltr'><strong>est</strong></span> 
     </span>
    </p>
   </div>
   <div class='ocr_carea' id='block_1_78' title="bbox 443 4441 2016 4507">
    <p class='ocr_par' dir='ltr' id='par_1_78' title="bbox 443 4441 2016 4507">
     <span class='ocr_line' id='line_1_78' title="bbox 443 4441 2016 4507; baseline -0.001 -11"><span class='ocrx_word' id='word_1_564' title='bbox 443 4441 698 4501; x_wconf 84' lang='lat' dir='ltr'><strong>verbum.</strong></span> <span class='ocrx_word' id='word_1_565' title='bbox 736 4451 792 4495; x_wconf 91' lang='lat' dir='ltr'><strong>et</strong></span> <span class='ocrx_word' id='word_1_566' title='bbox 838 4441 1023 4494; x_wconf 90' lang='lat' dir='ltr'><strong>lumen</strong></span> <span class='ocrx_word' id='word_1_567' title='bbox 1067 4455 1282 4504; x_wconf 90' lang='lat' dir='ltr'><strong>verum,</strong></span> <span class='ocrx_word' id='word_1_568' title='bbox 1329 4449 1385 4494; x_wconf 92' lang='lat' dir='ltr'><strong>et</strong></span> <span class='ocrx_word' id='word_1_569' title='bbox 1420 4441 1554 4495; x_wconf 90' lang='lat' dir='ltr'><strong>vita.</strong></span> <span class='ocrx_word' id='word_1_570' title='bbox 1602 4441 1705 4507; x_wconf 84' lang='lat' dir='ltr'><strong>Qui</strong></span> <span class='ocrx_word' id='word_1_571' title='bbox 1752 4441 2016 4495; x_wconf 77' lang='lat' dir='ltr'><strong>extremis</strong></span> 
     </span>
    </p>
   </div>
   <div class='ocr_carea' id='block_1_79' title="bbox 445 4533 2018 4604">
    <p class='ocr_par' dir='ltr' id='par_1_79' title="bbox 445 4533 2018 4604">
     <span class='ocr_line' id='line_1_79' title="bbox 445 4533 2018 4604; baseline -0.001 -15"><span class='ocrx_word' id='word_1_572' title='bbox 445 4534 672 4599; x_wconf 89' lang='lat' dir='ltr'><strong>diebus,</strong></span> <span class='ocrx_word' id='word_1_573' title='bbox 703 4543 932 4604; x_wconf 85' lang='lat' dir='ltr'><strong>propter</strong></span> <span class='ocrx_word' id='word_1_574' title='bbox 978 4547 1078 4586; x_wconf 89' lang='lat' dir='ltr'><strong>nos</strong></span> <span class='ocrx_word' id='word_1_575' title='bbox 1127 4533 1293 4587; x_wconf 89' lang='lat' dir='ltr'><strong>homo</strong></span> <span class='ocrx_word' id='word_1_576' title='bbox 1332 4535 1533 4596; x_wconf 83' lang='lat' dir='ltr'><strong>factus,</strong></span> <span class='ocrx_word' id='word_1_577' title='bbox 1563 4542 1617 4587; x_wconf 90' lang='lat' dir='ltr'><strong>et</strong></span> <span class='ocrx_word' id='word_1_578' title='bbox 1651 4544 1812 4587; x_wconf 91' lang='lat' dir='ltr'><strong>natus</strong></span> <span class='ocrx_word' id='word_1_579' title='bbox 1840 4550 1868 4588; x_wconf 73' lang='grc' dir='ltr'><strong>ε</strong></span> <span class='ocrx_word' id='word_1_580' title='bbox 1903 4535 2018 4588; x_wconf 78' lang='lat' dir='ltr'><strong>Vir-</strong></span> 
     </span>
    </p>
   </div>
   <div class='ocr_carea' id='block_1_80' title="bbox 446 4626 2020 4700">
    <p class='ocr_par' dir='ltr' id='par_1_80' title="bbox 446 4626 2020 4700">
     <span class='ocr_line' id='line_1_80' title="bbox 446 4626 2020 4700; baseline -0.002 -17"><span class='ocrx_word' id='word_1_581' title='bbox 446 4631 574 4700; x_wconf 87' lang='lat' dir='ltr'><strong>gine</strong></span> <span class='ocrx_word' id='word_1_582' title='bbox 609 4635 820 4692; x_wconf 87' lang='lat' dir='ltr'><strong>sancta,</strong></span> <span class='ocrx_word' id='word_1_583' title='bbox 851 4636 908 4680; x_wconf 93' lang='lat' dir='ltr'><strong>et</strong></span> <span class='ocrx_word' id='word_1_584' title='bbox 950 4626 1250 4679; x_wconf 82' lang='lat' dir='ltr'><strong>crucifixus</strong></span> <span class='ocrx_word' id='word_1_585' title='bbox 1296 4635 1350 4678; x_wconf 90' lang='lat' dir='ltr'><strong>et</strong></span> <span class='ocrx_word' id='word_1_586' title='bbox 1395 4633 1648 4679; x_wconf 84' lang='lat' dir='ltr'><strong>mortuus</strong></span> <span class='ocrx_word' id='word_1_587' title='bbox 1683 4635 1739 4679; x_wconf 85' lang='lat' dir='ltr'><strong>et</strong></span> <span class='ocrx_word' id='word_1_588' title='bbox 1770 4626 2020 4695; x_wconf 87' lang='lat' dir='ltr'><strong>sepultus</strong></span> 
     </span>
    </p>
   </div>
   <div class='ocr_carea' id='block_1_81' title="bbox 447 4716 2020 4787">
    <p class='ocr_par' dir='ltr' id='par_1_81' title="bbox 447 4716 2020 4787">
     <span class='ocr_line' id='line_1_81' title="bbox 447 4716 2020 4787; baseline -0.003 -10"><span class='ocrx_word' id='word_1_589' title='bbox 447 4731 555 4778; x_wconf 90' lang='lat' dir='ltr'><strong>est.</strong></span> <span class='ocrx_word' id='word_1_590' title='bbox 582 4720 644 4774; x_wconf 79' lang='lat' dir='ltr'><strong>Et</strong></span> <span class='ocrx_word' id='word_1_591' title='bbox 678 4718 985 4773; x_wconf 89' lang='lat' dir='ltr'><strong>resurrexit</strong></span> <span class='ocrx_word' id='word_1_592' title='bbox 1015 4733 1044 4771; x_wconf 89' lang='lat' dir='ltr'><strong>a</strong></span> <span class='ocrx_word' id='word_1_593' title='bbox 1075 4717 1311 4772; x_wconf 89' lang='lat' dir='ltr'><strong>mortuis</strong></span> <span class='ocrx_word' id='word_1_594' title='bbox 1343 4718 1503 4772; x_wconf 87' lang='lat' dir='ltr'><strong>tertia</strong></span> <span class='ocrx_word' id='word_1_595' title='bbox 1536 4716 1646 4782; x_wconf 90' lang='lat' dir='ltr'><strong>die,</strong></span> <span class='ocrx_word' id='word_1_596' title='bbox 1679 4727 1734 4772; x_wconf 89' lang='lat' dir='ltr'><strong>et</strong></span> <span class='ocrx_word' id='word_1_597' title='bbox 1762 4729 2020 4787; x_wconf 88' lang='lat' dir='ltr'><strong>receptus</strong></span> 
     </span>
    </p>
   </div>
   <div class='ocr_carea' id='block_1_82' title="bbox 447 4808 2019 4874">
    <p class='ocr_par' dir='ltr' id='par_1_82' title="bbox 447 4808 2019 4874">
     <span class='ocr_line' id='line_1_82' title="bbox 447 4808 2019 4874; baseline -0.004 -5"><span class='ocrx_word' id='word_1_598' title='bbox 447 4822 534 4869; x_wconf 88' lang='lat' dir='ltr'><strong>est</strong></span> <span class='ocrx_word' id='word_1_599' title='bbox 583 4813 636 4866; x_wconf 92' lang='lat' dir='ltr'><strong>in</strong></span> <span class='ocrx_word' id='word_1_600' title='bbox 683 4812 907 4874; x_wconf 60' lang='lat' dir='ltr'><strong>coelum,</strong></span> <span class='ocrx_word' id='word_1_601' title='bbox 945 4820 1001 4864; x_wconf 89' lang='lat' dir='ltr'><strong>et</strong></span> <span class='ocrx_word' id='word_1_602' title='bbox 1052 4809 1308 4864; x_wconf 86' lang='lat' dir='ltr'><strong>consedit</strong></span> <span class='ocrx_word' id='word_1_603' title='bbox 1353 4810 1419 4863; x_wconf 89' lang='lat' dir='ltr'><strong>ad</strong></span> <span class='ocrx_word' id='word_1_604' title='bbox 1461 4808 1742 4864; x_wconf 89' lang='lat' dir='ltr'><strong>dexteram</strong></span> <span class='ocrx_word' id='word_1_605' title='bbox 1791 4808 2019 4863; x_wconf 85' lang='lat' dir='ltr'><strong>Patris:</strong></span> 
     </span>
    </p>
   </div>
   <div class='ocr_carea' id='block_1_83' title="bbox 449 4899 2023 4971">
    <p class='ocr_par' dir='ltr' id='par_1_83' title="bbox 449 4899 2023 4971">
     <span class='ocr_line' id='line_1_83' title="bbox 449 4899 2023 4971; baseline -0.001 -15"><span class='ocrx_word' id='word_1_606' title='bbox 449 4915 724 4959; x_wconf 82' lang='lat' dir='ltr'><strong>venturus</strong></span> <span class='ocrx_word' id='word_1_607' title='bbox 757 4903 811 4956; x_wconf 91' lang='lat' dir='ltr'><strong>in</strong></span> <span class='ocrx_word' id='word_1_608' title='bbox 845 4902 1321 4956; x_wconf 87' lang='lat' dir='ltr'><strong>consummatione</strong></span> <span class='ocrx_word' id='word_1_609' title='bbox 1351 4899 1562 4965; x_wconf 66' lang='lat' dir='ltr'><strong>saeculi,</strong></span> <span class='ocrx_word' id='word_1_610' title='bbox 1585 4900 1841 4971; x_wconf 84' lang='lat' dir='ltr'><strong>judicare</strong></span> <span class='ocrx_word' id='word_1_611' title='bbox 1871 4901 2023 4954; x_wconf 87' lang='lat' dir='ltr'><strong>vivos</strong></span> 
     </span>
    </p>
   </div>
   <div class='ocr_carea' id='block_1_84' title="bbox 451 4991 2020 5060">
    <p class='ocr_par' dir='ltr' id='par_1_84' title="bbox 451 4991 2020 5060">
     <span class='ocr_line' id='line_1_84' title="bbox 451 4991 2020 5060; baseline -0.003 -11"><span class='ocrx_word' id='word_1_612' title='bbox 451 5006 509 5050; x_wconf 87' lang='lat' dir='ltr'><strong>et</strong></span> <span class='ocrx_word' id='word_1_613' title='bbox 536 5005 807 5060; x_wconf 91' lang='lat' dir='ltr'><strong>mortuos,</strong></span> <span class='ocrx_word' id='word_1_614' title='bbox 834 5003 890 5049; x_wconf 92' lang='lat' dir='ltr'><strong>et</strong></span> <span class='ocrx_word' id='word_1_615' title='bbox 925 4993 1153 5047; x_wconf 86' lang='lat' dir='ltr'><strong>reddere</strong></span> <span class='ocrx_word' id='word_1_616' title='bbox 1191 4991 1489 5059; x_wconf 88' lang='lat' dir='ltr'><strong>unicuique</strong></span> <span class='ocrx_word' id='word_1_617' title='bbox 1517 4991 1823 5046; x_wconf 90' lang='lat' dir='ltr'><strong>secundum</strong></span> <span class='ocrx_word' id='word_1_618' title='bbox 1852 5007 2020 5060; x_wconf 91' lang='lat' dir='ltr'><strong>opera</strong></span> 
     </span>
    </p>
   </div>
   <div class='ocr_carea' id='block_1_85' title="bbox 451 5083 2023 5158">
    <p class='ocr_par' dir='ltr' id='par_1_85' title="bbox 451 5083 2023 5158">
     <span class='ocr_line' id='line_1_85' title="bbox 451 5083 2023 5158; baseline -0.005 -14"><span class='ocrx_word' id='word_1_619' title='bbox 451 5105 573 5145; x_wconf 86' lang='lat' dir='ltr'><strong>sua.</strong></span> <span class='ocrx_word' id='word_1_620' title='bbox 598 5087 770 5158; x_wconf 82' lang='lat' dir='ltr'><strong>Cujus</strong></span> <span class='ocrx_word' id='word_1_621' title='bbox 795 5101 1023 5158; x_wconf 89' lang='lat' dir='ltr'><strong>regnum</strong></span> <span class='ocrx_word' id='word_1_622' title='bbox 1055 5086 1471 5140; x_wconf 79' lang='lat' dir='ltr'><strong>interminatum</strong></span> <span class='ocrx_word' id='word_1_623' title='bbox 1500 5084 1554 5137; x_wconf 91' lang='lat' dir='ltr'><strong>in</strong></span> <span class='ocrx_word' id='word_1_624' title='bbox 1586 5084 1800 5138; x_wconf 82' lang='lat' dir='ltr'><strong>infinita</strong></span> <span class='ocrx_word' id='word_1_625' title='bbox 1825 5083 2023 5137; x_wconf 87' lang='lat' dir='ltr'><strong>saecula</strong></span> 
     </span>
    </p>
   </div>
   <div class='ocr_carea' id='block_1_86' title="bbox 451 5177 2024 5252">
    <p class='ocr_par' dir='ltr' id='par_1_86' title="bbox 451 5177 2024 5252">
     <span class='ocr_line' id='line_1_86' title="bbox 451 5177 2024 5252; baseline -0.005 -15"><span class='ocrx_word' id='word_1_626' title='bbox 451 5189 761 5252; x_wconf 87' lang='lat' dir='ltr'><strong>pet-manet.</strong></span> <span class='ocrx_word' id='word_1_627' title='bbox 793 5179 961 5235; x_wconf 89' lang='lat' dir='ltr'><strong>Sedet</strong></span> <span class='ocrx_word' id='word_1_628' title='bbox 990 5193 1228 5247; x_wconf 88' lang='lat' dir='ltr'><strong>namque</strong></span> <span class='ocrx_word' id='word_1_629' title='bbox 1273 5179 1325 5232; x_wconf 92' lang='lat' dir='ltr'><strong>in</strong></span> <span class='ocrx_word' id='word_1_630' title='bbox 1365 5178 1556 5231; x_wconf 85' lang='lat' dir='ltr'><strong>dextra</strong></span> <span class='ocrx_word' id='word_1_631' title='bbox 1587 5177 1764 5232; x_wconf 87' lang='lat' dir='ltr'><strong>Patris</strong></span> <span class='ocrx_word' id='word_1_632' title='bbox 1792 5192 1900 5230; x_wconf 90' lang='lat' dir='ltr'><strong>non</strong></span> <span class='ocrx_word' id='word_1_633' title='bbox 1935 5191 2024 5230; x_wconf 91' lang='lat' dir='ltr'><strong>so-</strong></span> 
     </span>
    </p>
   </div>
   <div class='ocr_carea' id='block_1_87' title="bbox 452 5267 2027 5336">
    <p class='ocr_par' dir='ltr' id='par_1_87' title="bbox 452 5267 2027 5336">
     <span class='ocr_line' id='line_1_87' title="bbox 452 5267 2027 5336; baseline -0.006 -9"><span class='ocrx_word' id='word_1_634' title='bbox 452 5274 570 5328; x_wconf 89' lang='lat' dir='ltr'><strong>lum</strong></span> <span class='ocrx_word' id='word_1_635' title='bbox 605 5274 657 5327; x_wconf 90' lang='lat' dir='ltr'><strong>in</strong></span> <span class='ocrx_word' id='word_1_636' title='bbox 687 5273 890 5328; x_wconf 70' lang='lat' dir='ltr'><strong>steculo</strong></span> <span class='ocrx_word' id='word_1_637' title='bbox 921 5273 1047 5336; x_wconf 89' lang='lat' dir='ltr'><strong>isto,</strong></span> <span class='ocrx_word' id='word_1_638' title='bbox 1081 5271 1179 5325; x_wconf 90' lang='lat' dir='ltr'><strong>sed</strong></span> <span class='ocrx_word' id='word_1_639' title='bbox 1213 5278 1270 5323; x_wconf 92' lang='lat' dir='ltr'><strong>et</strong></span> <span class='ocrx_word' id='word_1_640' title='bbox 1313 5269 1369 5324; x_wconf 89' lang='lat' dir='ltr'><strong>in</strong></span> <span class='ocrx_word' id='word_1_641' title='bbox 1397 5269 1603 5324; x_wconf 90' lang='lat' dir='ltr'><strong>futuro.</strong></span> <span class='ocrx_word' id='word_1_642' title='bbox 1641 5268 1707 5322; x_wconf 87' lang='lat' dir='ltr'><strong>Et</strong></span> <span class='ocrx_word' id='word_1_643' title='bbox 1755 5268 1809 5322; x_wconf 86' lang='lat' dir='ltr'><strong>in</strong></span> <span class='ocrx_word' id='word_1_644' title='bbox 1852 5267 2027 5336; x_wconf 87' lang='lat' dir='ltr'><strong>Spiri-</strong></span> 
     </span>
    </p>
   </div>
   <div class='ocr_carea' id='block_1_88' title="bbox 454 5361 2026 5430">
    <p class='ocr_par' dir='ltr' id='par_1_88' title="bbox 454 5361 2026 5430">
     <span class='ocr_line' id='line_1_88' title="bbox 454 5361 2026 5430; baseline -0.005 -12"><span class='ocrx_word' id='word_1_645' title='bbox 454 5377 574 5420; x_wconf 80' lang='lat' dir='ltr'><strong>tum</strong></span> <span class='ocrx_word' id='word_1_646' title='bbox 606 5375 882 5430; x_wconf 89' lang='lat' dir='ltr'><strong>sanctum,</strong></span> <span class='ocrx_word' id='word_1_647' title='bbox 913 5363 1017 5418; x_wconf 90' lang='lat' dir='ltr'><strong>hoc</strong></span> <span class='ocrx_word' id='word_1_648' title='bbox 1047 5373 1152 5427; x_wconf 89' lang='lat' dir='ltr'><strong>est,</strong></span> <span class='ocrx_word' id='word_1_649' title='bbox 1183 5361 1550 5426; x_wconf 86' lang='lat' dir='ltr'><strong>Paracletum,</strong></span> <span class='ocrx_word' id='word_1_650' title='bbox 1584 5375 1748 5430; x_wconf 89' lang='lat' dir='ltr'><strong>quem</strong></span> <span class='ocrx_word' id='word_1_651' title='bbox 1797 5375 1922 5414; x_wconf 92' lang='lat' dir='ltr'><strong>cum</strong></span> <span class='ocrx_word' id='word_1_652' title='bbox 1968 5373 2026 5411; x_wconf 93' lang='lat' dir='ltr'><strong>se</strong></span> 
     </span>
    </p>
   </div>
   <div class='ocr_carea' id='block_1_89' title="bbox 455 5452 2024 5527">
    <p class='ocr_par' dir='ltr' id='par_1_89' title="bbox 455 5452 2024 5527">
     <span class='ocr_line' id='line_1_89' title="bbox 455 5452 2024 5527; baseline -0.006 -16"><span class='ocrx_word' id='word_1_653' title='bbox 455 5459 722 5526; x_wconf 80' lang='lat' dir='ltr'><strong>aposmlis</strong></span> <span class='ocrx_word' id='word_1_654' title='bbox 774 5468 899 5527; x_wconf 91' lang='lat' dir='ltr'><strong>post</strong></span> <span class='ocrx_word' id='word_1_655' title='bbox 929 5456 1340 5511; x_wconf 73' lang='lat' dir='ltr'><strong>~ascensionetn</strong></span> <span class='ocrx_word' id='word_1_656' title='bbox 1391 5454 1445 5507; x_wconf 93' lang='lat' dir='ltr'><strong>in</strong></span> <span class='ocrx_word' id='word_1_657' title='bbox 1501 5453 1673 5508; x_wconf 79' lang='lat' dir='ltr'><strong>caelos</strong></span> <span class='ocrx_word' id='word_1_658' title='bbox 1726 5452 2024 5504; x_wconf 89' lang='lat' dir='ltr'><strong>tnissurum</strong></span> 
     </span>
    </p>
   </div>
   <div class='ocr_carea' id='block_1_90' title="bbox 458 5542 2026 5616">
    <p class='ocr_par' dir='ltr' id='par_1_90' title="bbox 458 5542 2026 5616">
     <span class='ocr_line' id='line_1_90' title="bbox 458 5542 2026 5616; baseline -0.004 -16"><span class='ocrx_word' id='word_1_659' title='bbox 458 5550 825 5616; x_wconf 87' lang='lat' dir='ltr'><strong>promisisset,</strong></span> <span class='ocrx_word' id='word_1_660' title='bbox 857 5558 915 5604; x_wconf 92' lang='lat' dir='ltr'><strong>ut</strong></span> <span class='ocrx_word' id='word_1_661' title='bbox 943 5564 1039 5604; x_wconf 89' lang='lat' dir='ltr'><strong>eos</strong></span> <span class='ocrx_word' id='word_1_662' title='bbox 1069 5547 1295 5602; x_wconf 87' lang='lat' dir='ltr'><strong>doceret</strong></span> <span class='ocrx_word' id='word_1_663' title='bbox 1335 5557 1390 5602; x_wconf 90' lang='lat' dir='ltr'><strong>et</strong></span> <span class='ocrx_word' id='word_1_664' title='bbox 1436 5553 1754 5614; x_wconf 79' lang='lat' dir='ltr'><strong>suggereret</strong></span> <span class='ocrx_word' id='word_1_665' title='bbox 1787 5542 1869 5596; x_wconf 85' lang='lat' dir='ltr'><strong>eis</strong></span> <span class='ocrx_word' id='word_1_666' title='bbox 1905 5556 2026 5594; x_wconf 88' lang='lat' dir='ltr'><strong>nm-</strong></span> 
     </span>
    </p>
   </div>
   <div class='ocr_carea' id='block_1_91' title="bbox 460 5635 2026 5710">
    <p class='ocr_par' dir='ltr' id='par_1_91' title="bbox 460 5635 2026 5710">
     <span class='ocr_line' id='line_1_91' title="bbox 460 5635 2026 5710; baseline -0.002 -20"><span class='ocrx_word' id='word_1_667' title='bbox 460 5639 578 5700; x_wconf 89' lang='lat' dir='ltr'><strong>nia,</strong></span> <span class='ocrx_word' id='word_1_668' title='bbox 611 5639 799 5694; x_wconf 87' lang='lat' dir='ltr'><strong>misit:</strong></span> <span class='ocrx_word' id='word_1_669' title='bbox 832 5641 994 5710; x_wconf 77' lang='lat'><strong>752</strong></span> <span class='ocrx_word' id='word_1_670' title='bbox 1054 5655 1150 5708; x_wconf 80' lang='lat' dir='ltr'><strong>per</strong></span> <span class='ocrx_word' id='word_1_671' title='bbox 1193 5654 1355 5706; x_wconf 86' lang='lat' dir='ltr'><strong>quem</strong></span> <span class='ocrx_word' id='word_1_672' title='bbox 1403 5638 1567 5691; x_wconf 89' lang='lat' dir='ltr'><strong>etiam</strong></span> <span class='ocrx_word' id='word_1_673' title='bbox 1608 5635 2026 5689; x_wconf 82' lang='lat' dir='ltr'><strong>sanetillcantur</strong></span> 
     </span>
    </p>
   </div>
   <div class='ocr_carea' id='block_1_92' title="bbox 2113 3144 3703 3218">
    <p class='ocr_par' dir='ltr' id='par_1_92' title="bbox 2113 3144 3703 3218">
     <span class='ocr_line' id='line_1_92' title="bbox 2113 3144 3703 3218; baseline -0.003 -16"><span class='ocrx_word' id='word_1_674' title='bbox 2113 3154 2379 3218; x_wconf 82' lang='grc' dir='ltr'>στεύομεν</span> <span class='ocrx_word' id='word_1_675' title='bbox 2408 3151 2488 3210; x_wconf 73' lang='grc' dir='ltr'>εἰς</span> <span class='ocrx_word' id='word_1_676' title='bbox 2533 3148 2632 3200; x_wconf 72' lang='grc' dir='ltr'>ἕνα</span> <span class='ocrx_word' id='word_1_677' title='bbox 2662 3147 2816 3211; x_wconf 81' lang='grc' dir='ltr'>Θεὸν,</span> <span class='ocrx_word' id='word_1_678' title='bbox 2855 3145 3068 3216; x_wconf 83' lang='grc' dir='ltr'>πατέρα</span> <span class='ocrx_word' id='word_1_679' title='bbox 3118 3146 3565 3215; x_wconf 81' lang='grc' dir='ltr'>παντοκράτορα,</span> <span class='ocrx_word' id='word_1_680' title='bbox 3599 3144 3703 3199; x_wconf 79' lang='grc' dir='ltr'>τδν</span> 
     </span>
    </p>
   </div>
   <div class='ocr_carea' id='block_1_93' title="bbox 2112 3229 3702 3309">
    <p class='ocr_par' dir='ltr' id='par_1_93' title="bbox 2112 3229 3702 3309">
     <span class='ocr_line' id='line_1_93' title="bbox 2112 3229 3702 3309; baseline -0.002 -16"><span class='ocrx_word' id='word_1_681' title='bbox 2112 3243 2341 3309; x_wconf 75' lang='grc' dir='ltr'>κτίστην</span> <span class='ocrx_word' id='word_1_682' title='bbox 2382 3241 2474 3291; x_wconf 78' lang='grc' dir='ltr'>καὶ</span> <span class='ocrx_word' id='word_1_683' title='bbox 2505 3238 2738 3307; x_wconf 84' lang='grc' dir='ltr'>ποιητὴν</span> <span class='ocrx_word' id='word_1_684' title='bbox 2772 3237 2881 3292; x_wconf 79' lang='grc' dir='ltr'><strong>τῶν</strong></span> <span class='ocrx_word' id='word_1_685' title='bbox 2915 3237 3174 3289; x_wconf 87' lang='grc' dir='ltr'>πάντων·</span> <span class='ocrx_word' id='word_1_686' title='bbox 3215 3236 3273 3301; x_wconf 76' lang='grc' dir='ltr'>ἐξ</span> <span class='ocrx_word' id='word_1_687' title='bbox 3304 3229 3365 3288; x_wconf 78' lang='grc' dir='ltr'>οὗ</span> <span class='ocrx_word' id='word_1_688' title='bbox 3399 3239 3558 3290; x_wconf 86' lang='grc' dir='ltr'>πᾶσα</span> <span class='ocrx_word' id='word_1_689' title='bbox 3587 3255 3702 3290; x_wconf 77' lang='grc' dir='ltr'>πα-</span> 
     </span>
    </p>
   </div>
   <div class='ocr_carea' id='block_1_94' title="bbox 2109 3330 3704 3402">
    <p class='ocr_par' dir='ltr' id='par_1_94' title="bbox 2109 3330 3704 3402">
     <span class='ocr_line' id='line_1_94' title="bbox 2109 3330 3704 3402; baseline -0.004 -16"><span class='ocrx_word' id='word_1_690' title='bbox 2109 3335 2238 3402; x_wconf 87' lang='grc' dir='ltr'><strong>τριά</strong></span> <span class='ocrx_word' id='word_1_691' title='bbox 2285 3335 2344 3386; x_wconf 81' lang='grc' dir='ltr'>ὲν</span> <span class='ocrx_word' id='word_1_692' title='bbox 2380 3333 2636 3401; x_wconf 78' lang='grc' dir='ltr'>οὐρανοῖς</span> <span class='ocrx_word' id='word_1_693' title='bbox 2669 3331 2762 3382; x_wconf 67' lang='grc' dir='ltr'><strong>κα)⁸</strong></span> <span class='ocrx_word' id='word_1_694' title='bbox 2795 3331 2890 3382; x_wconf 75' lang='grc' dir='ltr'><strong>ἐπὶ</strong></span> <span class='ocrx_word' id='word_1_695' title='bbox 2930 3330 3033 3399; x_wconf 86' lang='grc' dir='ltr'>γῆς</span> <span class='ocrx_word' id='word_1_696' title='bbox 3073 3330 3436 3398; x_wconf 76' lang='grc' dir='ltr'><strong>ὀνομάζεται·</strong></span> <span class='ocrx_word' id='word_1_697' title='bbox 3489 3331 3587 3383; x_wconf 71' lang='grc' dir='ltr'><strong>καὶ</strong></span> <span class='ocrx_word' id='word_1_698' title='bbox 3617 3331 3704 3392; x_wconf 71' lang='grc' dir='ltr'><strong>εἰς</strong></span> 
     </span>
    </p>
   </div>
   <div class='ocr_carea' id='block_1_95' title="bbox 2111 3421 3702 3495">
    <p class='ocr_par' dir='ltr' id='par_1_95' title="bbox 2111 3421 3702 3495">
     <span class='ocr_line' id='line_1_95' title="bbox 2111 3421 3702 3495; baseline -0.004 -16"><span class='ocrx_word' id='word_1_699' title='bbox 2111 3427 2201 3479; x_wconf 64' lang='grc' dir='ltr'>τὴν</span> <span class='ocrx_word' id='word_1_700' title='bbox 2235 3427 2500 3495; x_wconf 81' lang='grc' dir='ltr'>μονογενῆ</span> <span class='ocrx_word' id='word_1_701' title='bbox 2535 3421 2701 3476; x_wconf 85' lang='grc' dir='ltr'>αὑτοῦ</span> <span class='ocrx_word' id='word_1_702' title='bbox 2739 3423 2882 3484; x_wconf 58' lang='lat' dir='ltr'><strong>nov,</strong></span> <span class='ocrx_word' id='word_1_703' title='bbox 2928 3422 3017 3473; x_wconf 84' lang='grc' dir='ltr'>τὸν</span> <span class='ocrx_word' id='word_1_704' title='bbox 3049 3423 3254 3491; x_wconf 78' lang='grc' dir='ltr'>Κύριον</span> <span class='ocrx_word' id='word_1_705' title='bbox 3293 3423 3450 3491; x_wconf 77' lang='grc' dir='ltr'>ἡμῶν</span> <span class='ocrx_word' id='word_1_706' title='bbox 3480 3422 3702 3492; x_wconf 79' lang='grc' dir='ltr'>Ἰησοῦν</span> 
     </span>
    </p>
   </div>
   <div class='ocr_carea' id='block_1_96' title="bbox 2112 3514 3700 3588">
    <p class='ocr_par' dir='ltr' id='par_1_96' title="bbox 2112 3514 3700 3588">
     <span class='ocr_line' id='line_1_96' title="bbox 2112 3514 3700 3588; baseline -0.004 -15"><span class='ocrx_word' id='word_1_707' title='bbox 2112 3519 2346 3588; x_wconf 78' lang='grc' dir='ltr'>Χριστὸν</span> <span class='ocrx_word' id='word_1_708' title='bbox 2367 3559 2383 3584; x_wconf 92' lang='grc'><strong>,</strong></span> <span class='ocrx_word' id='word_1_709' title='bbox 2437 3518 2529 3569; x_wconf 66' lang='grc' dir='ltr'><strong>τὸν</strong></span> <span class='ocrx_word' id='word_1_710' title='bbox 2561 3516 2667 3586; x_wconf 80' lang='grc' dir='ltr'>πρὸ</span> <span class='ocrx_word' id='word_1_711' title='bbox 2711 3516 2931 3568; x_wconf 83' lang='grc' dir='ltr'>πάντων</span> <span class='ocrx_word' id='word_1_712' title='bbox 2959 3515 3071 3567; x_wconf 85' lang='grc' dir='ltr'><strong>τῶν</strong></span> <span class='ocrx_word' id='word_1_713' title='bbox 3104 3516 3316 3566; x_wconf 76' lang='grc' dir='ltr'>αἰώνων</span> <span class='ocrx_word' id='word_1_714' title='bbox 3347 3516 3411 3566; x_wconf 86' lang='grc' dir='ltr'>ὲκ</span> <span class='ocrx_word' id='word_1_715' title='bbox 3459 3514 3553 3566; x_wconf 90' lang='grc' dir='ltr'><strong>τοῦ</strong></span> <span class='ocrx_word' id='word_1_716' title='bbox 3587 3517 3700 3566; x_wconf 82' lang='grc' dir='ltr'><strong>[Ια-</strong></span> 
     </span>
    </p>
   </div>
   <div class='ocr_carea' id='block_1_97' title="bbox 2112 3607 3697 3681">
    <p class='ocr_par' dir='ltr' id='par_1_97' title="bbox 2112 3607 3697 3681">
     <span class='ocr_line' id='line_1_97' title="bbox 2112 3607 3697 3681; baseline -0.004 -17"><span class='ocrx_word' id='word_1_717' title='bbox 2112 3613 2237 3681; x_wconf 83' lang='grc' dir='ltr'>τρὺς</span> <span class='ocrx_word' id='word_1_718' title='bbox 2265 3610 2634 3680; x_wconf 80' lang='grc' dir='ltr'>γεννηθέντα’</span> <span class='ocrx_word' id='word_1_719' title='bbox 2669 3608 2802 3661; x_wconf 84' lang='grc' dir='ltr'><strong>Θεὸν</strong></span> <span class='ocrx_word' id='word_1_720' title='bbox 2830 3610 2895 3659; x_wconf 84' lang='grc' dir='ltr'>ὲκ</span> <span class='ocrx_word' id='word_1_721' title='bbox 2927 3607 3086 3673; x_wconf 85' lang='grc' dir='ltr'>Θεοῦ,</span> <span class='ocrx_word' id='word_1_722' title='bbox 3122 3607 3234 3673; x_wconf 79' lang='grc' dir='ltr'><strong>φῶς</strong></span> <span class='ocrx_word' id='word_1_723' title='bbox 3277 3608 3342 3658; x_wconf 72' lang='grc' dir='ltr'>ἐκ</span> <span class='ocrx_word' id='word_1_724' title='bbox 3375 3610 3556 3674; x_wconf 81' lang='grc' dir='ltr'>φωτός</span> <span class='ocrx_word' id='word_1_725' title='bbox 3580 3622 3593 3634; x_wconf 90' lang='grc'><strong>·</strong></span> <span class='ocrx_word' id='word_1_726' title='bbox 3626 3607 3697 3658; x_wconf 83' lang='grc' dir='ltr'><strong>δι’</strong></span> 
     </span>
    </p>
   </div>
   <div class='ocr_carea' id='block_1_98' title="bbox 2114 3698 3699 3770">
    <p class='ocr_par' dir='ltr' id='par_1_98' title="bbox 2114 3698 3699 3770">
     <span class='ocr_line' id='line_1_98' title="bbox 2114 3698 3699 3770; baseline -0.003 -15"><span class='ocrx_word' id='word_1_727' title='bbox 2114 3698 2174 3756; x_wconf 78' lang='grc' dir='ltr'>οῦ</span> <span class='ocrx_word' id='word_1_728' title='bbox 2206 3704 2424 3770; x_wconf 77' lang='grc' dir='ltr'>ἐγένετο</span> <span class='ocrx_word' id='word_1_729' title='bbox 2473 3701 2541 3753; x_wconf 84' lang='grc' dir='ltr'><strong>τά</strong></span> <span class='ocrx_word' id='word_1_730' title='bbox 2577 3700 2777 3763; x_wconf 84' lang='grc' dir='ltr'>πάντα,</span> <span class='ocrx_word' id='word_1_731' title='bbox 2825 3699 2895 3752; x_wconf 71' lang='grc' dir='ltr'>τὰ</span> <span class='ocrx_word' id='word_1_732' title='bbox 2958 3699 3014 3750; x_wconf 87' lang='grc' dir='ltr'>ὲν</span> <span class='ocrx_word' id='word_1_733' title='bbox 3063 3702 3174 3760; x_wconf 85' lang='grc' dir='ltr'>τοῖς</span> <span class='ocrx_word' id='word_1_734' title='bbox 3205 3698 3454 3766; x_wconf 80' lang='grc' dir='ltr'>οὐρανοῖς</span> <span class='ocrx_word' id='word_1_735' title='bbox 3509 3698 3604 3750; x_wconf 72' lang='grc' dir='ltr'>καὶ</span> <span class='ocrx_word' id='word_1_736' title='bbox 3629 3698 3699 3750; x_wconf 71' lang='grc' dir='ltr'><strong>τά</strong></span> 
     </span>
    </p>
   </div>
   <div class='ocr_carea' id='block_1_99' title="bbox 2117 3793 3699 3866">
    <p class='ocr_par' dir='ltr' id='par_1_99' title="bbox 2117 3793 3699 3866">
     <span class='ocr_line' id='line_1_99' title="bbox 2117 3793 3699 3866; baseline -0.005 -15"><span class='ocrx_word' id='word_1_737' title='bbox 2117 3800 2208 3851; x_wconf 70' lang='grc' dir='ltr'><strong>ἐπὶ</strong></span> <span class='ocrx_word' id='word_1_738' title='bbox 2236 3798 2336 3866; x_wconf 85' lang='grc' dir='ltr'>τῆς</span> <span class='ocrx_word' id='word_1_739' title='bbox 2377 3799 2502 3865; x_wconf 74' lang='grc' dir='ltr'>γῆς,</span> <span class='ocrx_word' id='word_1_740' title='bbox 2544 3797 2612 3848; x_wconf 85' lang='grc' dir='ltr'><strong>τὰ</strong></span> <span class='ocrx_word' id='word_1_741' title='bbox 2643 3795 2816 3864; x_wconf 72' lang='grc' dir='ltr'>ὁρατά</span> <span class='ocrx_word' id='word_1_742' title='bbox 2861 3794 2955 3848; x_wconf 72' lang='grc' dir='ltr'>καὶ</span> <span class='ocrx_word' id='word_1_743' title='bbox 2986 3794 3055 3845; x_wconf 83' lang='grc' dir='ltr'>τὰ</span> <span class='ocrx_word' id='word_1_744' title='bbox 3085 3794 3294 3861; x_wconf 83' lang='grc' dir='ltr'>ἀόρατα</span> <span class='ocrx_word' id='word_1_745' title='bbox 3321 3807 3332 3822; x_wconf 76' lang='grc'><strong><em>⁸</em></strong></span> <span class='ocrx_word' id='word_1_746' title='bbox 3365 3794 3541 3858; x_wconf 81' lang='grc' dir='ltr'>Λόγον</span> <span class='ocrx_word' id='word_1_747' title='bbox 3569 3793 3699 3844; x_wconf 78' lang='grc' dir='ltr'>ὂντα</span> 
     </span>
    </p>
   </div>
   <div class='ocr_carea' id='block_1_100' title="bbox 2118 3885 3700 3959">
    <p class='ocr_par' dir='ltr' id='par_1_100' title="bbox 2118 3885 3700 3959">
     <span class='ocr_line' id='line_1_100' title="bbox 2118 3885 3700 3959; baseline -0.006 -15"><span class='ocrx_word' id='word_1_748' title='bbox 2118 3892 2211 3944; x_wconf 73' lang='grc' dir='ltr'>καὶ</span> <span class='ocrx_word' id='word_1_749' title='bbox 2244 3891 2361 3959; x_wconf 80' lang='grc' dir='ltr'><strong>φῶς</strong></span> <span class='ocrx_word' id='word_1_750' title='bbox 2411 3889 2667 3958; x_wconf 71' lang='grc' dir='ltr'>ἀληθινὸν</span> <span class='ocrx_word' id='word_1_751' title='bbox 2698 3889 2792 3939; x_wconf 74' lang='grc' dir='ltr'>καὶ</span> <span class='ocrx_word' id='word_1_752' title='bbox 2825 3887 2970 3953; x_wconf 84' lang='grc' dir='ltr'>ζωήν</span> <span class='ocrx_word' id='word_1_753' title='bbox 2996 3903 3010 3916; x_wconf 88' lang='grc'><strong>·</strong></span> <span class='ocrx_word' id='word_1_754' title='bbox 3047 3885 3139 3936; x_wconf 78' lang='grc' dir='ltr'>τὸν</span> <span class='ocrx_word' id='word_1_755' title='bbox 3187 3885 3278 3936; x_wconf 72' lang='grc' dir='ltr'>ἐπὶ</span> <span class='ocrx_word' id='word_1_756' title='bbox 3309 3886 3558 3953; x_wconf 75' lang='grc' dir='ltr'>ἐσχάτων</span> <span class='ocrx_word' id='word_1_757' title='bbox 3589 3885 3700 3936; x_wconf 84' lang='grc' dir='ltr'><strong>τῶν</strong></span> 
     </span>
    </p>
   </div>
   <div class='ocr_carea' id='block_1_101' title="bbox 2118 3975 3701 4051">
    <p class='ocr_par' dir='ltr' id='par_1_101' title="bbox 2118 3975 3701 4051">
     <span class='ocr_line' id='line_1_101' title="bbox 2118 3975 3701 4051; baseline -0.003 -18"><span class='ocrx_word' id='word_1_758' title='bbox 2118 3981 2339 4051; x_wconf 81' lang='grc' dir='ltr'>ἡμερῶν</span> <span class='ocrx_word' id='word_1_759' title='bbox 2378 3981 2444 4032; x_wconf 88' lang='grc' dir='ltr'><strong>δι’</strong></span> <span class='ocrx_word' id='word_1_760' title='bbox 2476 3981 2624 4048; x_wconf 76' lang='grc' dir='ltr'>ἡμᾶς</span> <span class='ocrx_word' id='word_1_761' title='bbox 2661 3975 3187 4047; x_wconf 81' lang='grc' dir='ltr'>ὲνανθρωπήσαντα,</span> <span class='ocrx_word' id='word_1_762' title='bbox 3223 3978 3317 4029; x_wconf 73' lang='grc' dir='ltr'>καὶ</span> <span class='ocrx_word' id='word_1_763' title='bbox 3368 3976 3701 4043; x_wconf 77' lang='grc' dir='ltr'>γεννηθέντα</span> 
     </span>
    </p>
   </div>
   <div class='ocr_carea' id='block_1_102' title="bbox 2119 4068 3702 4140">
    <p class='ocr_par' dir='ltr' id='par_1_102' title="bbox 2119 4068 3702 4140">
     <span class='ocr_line' id='line_1_102' title="bbox 2119 4068 3702 4140; baseline -0.003 -16"><span class='ocrx_word' id='word_1_764' title='bbox 2119 4077 2184 4126; x_wconf 79' lang='grc' dir='ltr'>ὲκ</span> <span class='ocrx_word' id='word_1_765' title='bbox 2207 4072 2308 4140; x_wconf 83' lang='grc' dir='ltr'>τῆς</span> <span class='ocrx_word' id='word_1_766' title='bbox 2332 4072 2491 4139; x_wconf 82' lang='grc' dir='ltr'><strong>ἁγίας</strong></span> <span class='ocrx_word' id='word_1_767' title='bbox 2528 4068 2804 4137; x_wconf 82' lang='grc' dir='ltr'>Παρθένου</span> <span class='ocrx_word' id='word_1_768' title='bbox 2831 4084 2846 4098; x_wconf 90' lang='grc'><strong>·</strong></span> <span class='ocrx_word' id='word_1_769' title='bbox 2874 4069 2968 4120; x_wconf 71' lang='grc' dir='ltr'>καὶ</span> <span class='ocrx_word' id='word_1_770' title='bbox 3001 4068 3411 4137; x_wconf 83' lang='grc' dir='ltr'>σταυρωθέντα,</span> <span class='ocrx_word' id='word_1_771' title='bbox 3449 4070 3543 4120; x_wconf 80' lang='grc' dir='ltr'>καὶ</span> <span class='ocrx_word' id='word_1_772' title='bbox 3566 4069 3702 4120; x_wconf 84' lang='grc' dir='ltr'>ἀπο-</span> 
     </span>
    </p>
   </div>
   <div class='ocr_carea' id='block_1_103' title="bbox 2121 4161 3701 4230">
    <p class='ocr_par' dir='ltr' id='par_1_103' title="bbox 2121 4161 3701 4230">
     <span class='ocr_line' id='line_1_103' title="bbox 2121 4161 3701 4230; baseline -0.004 -11"><span class='ocrx_word' id='word_1_773' title='bbox 2121 4167 2376 4230; x_wconf 85' lang='grc' dir='ltr'>θανόντα,</span> <span class='ocrx_word' id='word_1_774' title='bbox 2430 4164 2525 4217; x_wconf 74' lang='grc' dir='ltr'>καὶ</span> <span class='ocrx_word' id='word_1_775' title='bbox 2556 4163 2799 4230; x_wconf 83' lang='grc' dir='ltr'>ταφέντα</span> <span class='ocrx_word' id='word_1_776' title='bbox 2826 4178 2841 4193; x_wconf 77' lang='grc' dir='ltr'><strong>ο</strong></span> <span class='ocrx_word' id='word_1_777' title='bbox 2891 4165 2986 4215; x_wconf 80' lang='grc' dir='ltr'>καὶ</span> <span class='ocrx_word' id='word_1_778' title='bbox 3034 4163 3344 4214; x_wconf 80' lang='grc' dir='ltr'>ἀναστάντα</span> <span class='ocrx_word' id='word_1_779' title='bbox 3377 4163 3441 4212; x_wconf 81' lang='grc' dir='ltr'>ὲκ</span> <span class='ocrx_word' id='word_1_780' title='bbox 3486 4161 3701 4229; x_wconf 81' lang='grc' dir='ltr'>νεκρῶν</span> 
     </span>
    </p>
   </div>
   <div class='ocr_carea' id='block_1_104' title="bbox 2119 4253 3704 4329">
    <p class='ocr_par' dir='ltr' id='par_1_104' title="bbox 2119 4253 3704 4329">
     <span class='ocr_line' id='line_1_104' title="bbox 2119 4253 3704 4329; baseline -0.003 -20"><span class='ocrx_word' id='word_1_781' title='bbox 2119 4261 2185 4329; x_wconf 80' lang='grc' dir='ltr'>τῇ</span> <span class='ocrx_word' id='word_1_782' title='bbox 2209 4258 2369 4328; x_wconf 77' lang='grc' dir='ltr'>τρίτῃ</span> <span class='ocrx_word' id='word_1_783' title='bbox 2403 4257 2609 4328; x_wconf 70' lang='grc' dir='ltr'>ἡμέρᾳ,</span> <span class='ocrx_word' id='word_1_784' title='bbox 2641 4258 2738 4308; x_wconf 82' lang='grc' dir='ltr'>καὶ</span> <span class='ocrx_word' id='word_1_785' title='bbox 2787 4253 3172 4322; x_wconf 78' lang='grc' dir='ltr'>ἀναληφθέντα</span> <span class='ocrx_word' id='word_1_786' title='bbox 3207 4255 3287 4315; x_wconf 81' lang='grc' dir='ltr'><strong>εις</strong></span> <span class='ocrx_word' id='word_1_787' title='bbox 3320 4254 3570 4321; x_wconf 71' lang='grc' dir='ltr'>οὐρανὸν,</span> <span class='ocrx_word' id='word_1_788' title='bbox 3605 4253 3704 4305; x_wconf 79' lang='grc' dir='ltr'>καὶ</span> 
     </span>
    </p>
   </div>
   <div class='ocr_carea' id='block_1_105' title="bbox 2121 4345 3704 4414">
    <p class='ocr_par' dir='ltr' id='par_1_105' title="bbox 2121 4345 3704 4414">
     <span class='ocr_line' id='line_1_105' title="bbox 2121 4345 3704 4414; baseline -0.006 -10"><span class='ocrx_word' id='word_1_789' title='bbox 2121 4351 2424 4404; x_wconf 82' lang='grc' dir='ltr'>καθίσαντα</span> <span class='ocrx_word' id='word_1_790' title='bbox 2468 4353 2534 4402; x_wconf 82' lang='grc' dir='ltr'>ὲκ</span> <span class='ocrx_word' id='word_1_791' title='bbox 2584 4347 2778 4411; x_wconf 79' lang='grc' dir='ltr'>δεξιῶν</span> <span class='ocrx_word' id='word_1_792' title='bbox 2825 4345 2923 4399; x_wconf 89' lang='grc' dir='ltr'><strong>τοῦ</strong></span> <span class='ocrx_word' id='word_1_793' title='bbox 2975 4346 3224 4412; x_wconf 76' lang='grc' dir='ltr'>Πατρόςο</span> <span class='ocrx_word' id='word_1_794' title='bbox 3259 4347 3351 4396; x_wconf 72' lang='grc' dir='ltr'>καὶ</span> <span class='ocrx_word' id='word_1_795' title='bbox 3399 4346 3704 4414; x_wconf 71' lang='grc' dir='ltr'>ἐρχόμενον</span> 
     </span>
    </p>
   </div>
   <div class='ocr_carea' id='block_1_106' title="bbox 2125 4438 3704 4512">
    <p class='ocr_par' dir='ltr' id='par_1_106' title="bbox 2125 4438 3704 4512">
     <span class='ocr_line' id='line_1_106' title="bbox 2125 4438 3704 4512; baseline -0.005 -16"><span class='ocrx_word' id='word_1_796' title='bbox 2125 4445 2218 4496; x_wconf 71' lang='grc' dir='ltr'><strong>ἐπὶ</strong></span> <span class='ocrx_word' id='word_1_797' title='bbox 2271 4441 2555 4512; x_wconf 78' lang='grc' dir='ltr'>συντελείᾳ</span> <span class='ocrx_word' id='word_1_798' title='bbox 2601 4441 2697 4493; x_wconf 91' lang='grc' dir='ltr'>τοῦ</span> <span class='ocrx_word' id='word_1_799' title='bbox 2748 4439 2946 4500; x_wconf 80' lang='grc' dir='ltr'>αἰῶνος</span> <span class='ocrx_word' id='word_1_800' title='bbox 2978 4441 3161 4509; x_wconf 86' lang='grc' dir='ltr'>κρῖναι</span> <span class='ocrx_word' id='word_1_801' title='bbox 3201 4438 3413 4500; x_wconf 77' lang='grc' dir='ltr'>ζῶντας</span> <span class='ocrx_word' id='word_1_802' title='bbox 3466 4439 3563 4488; x_wconf 77' lang='grc' dir='ltr'>καὶ</span> <span class='ocrx_word' id='word_1_803' title='bbox 3613 4455 3704 4489; x_wconf 76' lang='grc' dir='ltr'><strong>νε⁴</strong></span> 
     </span>
    </p>
   </div>
   <div class='ocr_carea' id='block_1_107' title="bbox 2127 4525 3702 4602">
    <p class='ocr_par' dir='ltr' id='par_1_107' title="bbox 2127 4525 3702 4602">
     <span class='ocr_line' id='line_1_107' title="bbox 2127 4525 3702 4602; baseline -0.006 -16"><span class='ocrx_word' id='word_1_804' title='bbox 2127 4533 2316 4602; x_wconf 80' lang='grc' dir='ltr'>κροὺς,</span> <span class='ocrx_word' id='word_1_805' title='bbox 2347 4533 2444 4585; x_wconf 77' lang='grc' dir='ltr'>καὶ</span> <span class='ocrx_word' id='word_1_806' title='bbox 2473 4531 2764 4584; x_wconf 88' lang='grc' dir='ltr'>ἀποδοῦναι</span> <span class='ocrx_word' id='word_1_807' title='bbox 2808 4531 3026 4598; x_wconf 83' lang='grc' dir='ltr'>ἑκάστῳ</span> <span class='ocrx_word' id='word_1_808' title='bbox 3055 4529 3197 4581; x_wconf 88' lang='grc' dir='ltr'>κατὰ</span> <span class='ocrx_word' id='word_1_809' title='bbox 3219 4527 3289 4578; x_wconf 76' lang='grc' dir='ltr'><strong>τὰ</strong></span> <span class='ocrx_word' id='word_1_810' title='bbox 3323 4527 3461 4594; x_wconf 77' lang='grc' dir='ltr'>ἔργα</span> <span class='ocrx_word' id='word_1_811' title='bbox 3493 4525 3664 4578; x_wconf 82' lang='grc' dir='ltr'>αὑτοῦ</span> <span class='ocrx_word' id='word_1_812' title='bbox 3688 4543 3702 4555; x_wconf 93' lang='grc'>·</span> 
     </span>
    </p>
   </div>
   <div class='ocr_carea' id='block_1_108' title="bbox 2126 4614 3708 4692">
    <p class='ocr_par' dir='ltr' id='par_1_108' title="bbox 2126 4614 3708 4692">
     <span class='ocr_line' id='line_1_108' title="bbox 2126 4614 3708 4692; baseline -0.005 -16"><span class='ocrx_word' id='word_1_813' title='bbox 2126 4618 2186 4676; x_wconf 75' lang='grc' dir='ltr'>οὗ</span> <span class='ocrx_word' id='word_1_814' title='bbox 2216 4627 2250 4690; x_wconf 84' lang='grc' dir='ltr'><strong>ἡ</strong></span> <span class='ocrx_word' id='word_1_815' title='bbox 2282 4623 2531 4692; x_wconf 81' lang='grc' dir='ltr'>βασιλεία</span> <span class='ocrx_word' id='word_1_816' title='bbox 2561 4622 2986 4682; x_wconf 82' lang='grc' dir='ltr'>ἀκατάπαυστος</span> <span class='ocrx_word' id='word_1_817' title='bbox 3015 4614 3172 4683; x_wconf 79' lang='grc' dir='ltr'>οὖσα,</span> <span class='ocrx_word' id='word_1_818' title='bbox 3197 4619 3440 4686; x_wconf 82' lang='grc' dir='ltr'>διαμένει</span> <span class='ocrx_word' id='word_1_819' title='bbox 3472 4619 3552 4676; x_wconf 89' lang='grc' dir='ltr'>εἱς</span> <span class='ocrx_word' id='word_1_820' title='bbox 3577 4618 3708 4679; x_wconf 69' lang='grc' dir='ltr'>τοὺς</span> 
     </span>
    </p>
   </div>
   <div class='ocr_carea' id='block_1_109' title="bbox 2127 4707 3705 4784">
    <p class='ocr_par' dir='ltr' id='par_1_109' title="bbox 2127 4707 3705 4784">
     <span class='ocr_line' id='line_1_109' title="bbox 2127 4707 3705 4784; baseline -0.008 -15"><span class='ocrx_word' id='word_1_821' title='bbox 2127 4717 2389 4784; x_wconf 75' lang='grc' dir='ltr'>ἀπείρους</span> <span class='ocrx_word' id='word_1_822' title='bbox 2420 4715 2642 4774; x_wconf 80' lang='grc' dir='ltr'>αἰῶνας.</span> <span class='ocrx_word' id='word_1_823' title='bbox 2684 4711 2880 4764; x_wconf 82' lang='grc' dir='ltr'>Ἔσται</span> <span class='ocrx_word' id='word_1_824' title='bbox 2911 4711 3021 4781; x_wconf 74' lang='grc' dir='ltr'>γὰρ</span> <span class='ocrx_word' id='word_1_825' title='bbox 3065 4710 3432 4778; x_wconf 76' lang='grc' dir='ltr'>καθεζόμενος</span> <span class='ocrx_word' id='word_1_826' title='bbox 3463 4710 3518 4760; x_wconf 79' lang='grc' dir='ltr'>ἐν</span> <span class='ocrx_word' id='word_1_827' title='bbox 3553 4707 3705 4776; x_wconf 77' lang='grc' dir='ltr'>δεξιᾷ</span> 
     </span>
    </p>
   </div>
   <div class='ocr_carea' id='block_1_110' title="bbox 2128 4798 3706 4874">
    <p class='ocr_par' dir='ltr' id='par_1_110' title="bbox 2128 4798 3706 4874">
     <span class='ocr_line' id='line_1_110' title="bbox 2128 4798 3706 4874; baseline -0.006 -16"><span class='ocrx_word' id='word_1_828' title='bbox 2128 4806 2222 4858; x_wconf 84' lang='grc' dir='ltr'>τοῦ</span> <span class='ocrx_word' id='word_1_829' title='bbox 2257 4805 2492 4874; x_wconf 84' lang='grc' dir='ltr'>Πατρδς,</span> <span class='ocrx_word' id='word_1_830' title='bbox 2524 4806 2587 4856; x_wconf 80' lang='grc' dir='ltr'><strong>οὐ</strong></span> <span class='ocrx_word' id='word_1_831' title='bbox 2619 4804 2783 4873; x_wconf 86' lang='grc' dir='ltr'>μόνον</span> <span class='ocrx_word' id='word_1_832' title='bbox 2820 4804 2880 4855; x_wconf 83' lang='grc' dir='ltr'>ὲν</span> <span class='ocrx_word' id='word_1_833' title='bbox 2915 4801 2993 4869; x_wconf 83' lang='grc' dir='ltr'><strong>τῷ</strong></span> <span class='ocrx_word' id='word_1_834' title='bbox 3028 4802 3189 4854; x_wconf 78' lang='grc' dir='ltr'>αἰῶνι</span> <span class='ocrx_word' id='word_1_835' title='bbox 3220 4800 3415 4866; x_wconf 78' lang='grc' dir='ltr'>τούτῳ,</span> <span class='ocrx_word' id='word_1_836' title='bbox 3443 4799 3580 4851; x_wconf 79' lang='grc' dir='ltr'><strong>ἀλλά</strong></span> <span class='ocrx_word' id='word_1_837' title='bbox 3610 4798 3706 4851; x_wconf 72' lang='grc' dir='ltr'><strong>καὶ</strong></span> 
     </span>
    </p>
   </div>
   <div class='ocr_carea' id='block_1_111' title="bbox 2131 4892 3708 4968">
    <p class='ocr_par' dir='ltr' id='par_1_111' title="bbox 2131 4892 3708 4968">
     <span class='ocr_line' id='line_1_111' title="bbox 2131 4892 3708 4968; baseline -0.006 -17"><span class='ocrx_word' id='word_1_838' title='bbox 2131 4901 2188 4951; x_wconf 82' lang='grc' dir='ltr'>ἐν</span> <span class='ocrx_word' id='word_1_839' title='bbox 2214 4897 2293 4968; x_wconf 83' lang='grc' dir='ltr'>τῷ</span> <span class='ocrx_word' id='word_1_840' title='bbox 2317 4897 2562 4966; x_wconf 82' lang='grc' dir='ltr'>μέλλον-τι</span> <span class='ocrx_word' id='word_1_841' title='bbox 2582 4912 2599 4928; x_wconf 89' lang='grc'><strong>·</strong></span> <span class='ocrx_word' id='word_1_842' title='bbox 2631 4897 2727 4949; x_wconf 79' lang='grc' dir='ltr'>καὶ</span> <span class='ocrx_word' id='word_1_843' title='bbox 2755 4897 2836 4957; x_wconf 87' lang='grc' dir='ltr'>εἰς</span> <span class='ocrx_word' id='word_1_844' title='bbox 2865 4895 2925 4946; x_wconf 81' lang='grc' dir='ltr'>τὸ</span> <span class='ocrx_word' id='word_1_845' title='bbox 2963 4893 3186 4957; x_wconf 83' lang='grc' dir='ltr'>Πνεῦμα</span> <span class='ocrx_word' id='word_1_846' title='bbox 3226 4893 3287 4945; x_wconf 71' lang='grc' dir='ltr'>τὸ</span> <span class='ocrx_word' id='word_1_847' title='bbox 3335 4892 3512 4958; x_wconf 75' lang='grc' dir='ltr'>ἅγιον,</span> <span class='ocrx_word' id='word_1_848' title='bbox 3544 4908 3708 4942; x_wconf 72' lang='grc' dir='ltr'>τουτο</span> 
     </span>
    </p>
   </div>
   <div class='ocr_carea' id='block_1_112' title="bbox 2132 4985 3708 5058">
    <p class='ocr_par' dir='ltr' id='par_1_112' title="bbox 2132 4985 3708 5058">
     <span class='ocr_line' id='line_1_112' title="bbox 2132 4985 3708 5058; baseline -0.008 -14"><span class='ocrx_word' id='word_1_849' title='bbox 2132 4992 2249 5044; x_wconf 88' lang='grc' dir='ltr'>ἐστι</span> <span class='ocrx_word' id='word_1_850' title='bbox 2307 4989 2400 5042; x_wconf 75' lang='grc' dir='ltr'>τὸν</span> <span class='ocrx_word' id='word_1_851' title='bbox 2456 4989 2858 5058; x_wconf 86' lang='grc' dir='ltr'>Παράκλητον·</span> <span class='ocrx_word' id='word_1_852' title='bbox 2891 4987 3029 5054; x_wconf 81' lang='grc' dir='ltr'>ὅπερ</span> <span class='ocrx_word' id='word_1_853' title='bbox 3070 4985 3538 5052; x_wconf 67' lang='grc' dir='ltr'>ἐπαγγειλάμενος</span> <span class='ocrx_word' id='word_1_854' title='bbox 3592 4987 3708 5044; x_wconf 76' lang='grc' dir='ltr'>τοῖς</span> 
     </span>
    </p>
   </div>
   <div class='ocr_carea' id='block_1_113' title="bbox 2133 5075 3708 5150">
    <p class='ocr_par' dir='ltr' id='par_1_113' title="bbox 2133 5075 3708 5150">
     <span class='ocr_line' id='line_1_113' title="bbox 2133 5075 3708 5150; baseline -0.008 -14"><span class='ocrx_word' id='word_1_855' title='bbox 2133 5083 2476 5143; x_wconf 71' lang='grc' dir='ltr'>ἀποστόλοις,</span> <span class='ocrx_word' id='word_1_856' title='bbox 2513 5081 2649 5150; x_wconf 85' lang='grc' dir='ltr'><strong>μετά</strong></span> <span class='ocrx_word' id='word_1_857' title='bbox 2683 5079 2783 5148; x_wconf 79' lang='grc' dir='ltr'>τὴν</span> <span class='ocrx_word' id='word_1_858' title='bbox 2810 5081 2891 5141; x_wconf 74' lang='grc' dir='ltr'><strong>εἰς</strong></span> <span class='ocrx_word' id='word_1_859' title='bbox 2923 5079 3189 5148; x_wconf 78' lang='grc' dir='ltr'>οὐρανοὺς</span> <span class='ocrx_word' id='word_1_860' title='bbox 3230 5075 3416 5130; x_wconf 76' lang='grc' dir='ltr'>ἄνοδον</span> <span class='ocrx_word' id='word_1_861' title='bbox 3449 5077 3708 5125; x_wconf 81' lang='grc' dir='ltr'>ἀποστεῖ·</span> 
     </span>
    </p>
   </div>
   <div class='ocr_carea' id='block_1_114' title="bbox 2131 5166 3705 5241">
    <p class='ocr_par' dir='ltr' id='par_1_114' title="bbox 2131 5166 3705 5241">
     <span class='ocr_line' id='line_1_114' title="bbox 2131 5166 3705 5241; baseline -0.009 -11"><span class='ocrx_word' id='word_1_862' title='bbox 2131 5179 2218 5230; x_wconf 71' lang='grc' dir='ltr'>λαι</span> <span class='ocrx_word' id='word_1_863' title='bbox 2237 5177 2332 5228; x_wconf 73' lang='grc' dir='ltr'><strong>καὶ</strong></span> <span class='ocrx_word' id='word_1_864' title='bbox 2352 5175 2560 5240; x_wconf 75' lang='grc' dir='ltr'>διδάξαι</span> <span class='ocrx_word' id='word_1_865' title='bbox 2578 5175 2670 5226; x_wconf 78' lang='grc' dir='ltr'>καὶ</span> <span class='ocrx_word' id='word_1_866' title='bbox 2689 5172 3002 5241; x_wconf 79' lang='grc' dir='ltr'>ὑπομνῆσαι</span> <span class='ocrx_word' id='word_1_867' title='bbox 3025 5171 3222 5230; x_wconf 77' lang='grc' dir='ltr'>αὐτοὺς</span> <span class='ocrx_word' id='word_1_868' title='bbox 3246 5169 3444 5227; x_wconf 86' lang='grc' dir='ltr'>πάντα,</span> <span class='ocrx_word' id='word_1_869' title='bbox 3469 5166 3705 5234; x_wconf 67' lang='grc' dir='ltr'>έπεμψευ</span> 
     </span>
    </p>
   </div>
   <div class='ocr_carea' id='block_1_115' title="bbox 2131 5259 3707 5332">
    <p class='ocr_par' dir='ltr' id='par_1_115' title="bbox 2131 5259 3707 5332">
     <span class='ocr_line' id='line_1_115' title="bbox 2131 5259 3707 5332; baseline -0.008 -12"><span class='ocrx_word' id='word_1_870' title='bbox 2131 5268 2198 5320; x_wconf 85' lang='grc' dir='ltr'><strong>δι’</strong></span> <span class='ocrx_word' id='word_1_871' title='bbox 2226 5261 2287 5320; x_wconf 76' lang='grc' dir='ltr'>οὗ</span> <span class='ocrx_word' id='word_1_872' title='bbox 2317 5267 2412 5320; x_wconf 77' lang='grc' dir='ltr'>καὶ</span> <span class='ocrx_word' id='word_1_873' title='bbox 2461 5266 2782 5332; x_wconf 79' lang='grc' dir='ltr'>ἀγιάζονται</span> <span class='ocrx_word' id='word_1_874' title='bbox 2814 5267 2870 5317; x_wconf 79' lang='grc' dir='ltr'>αἱ</span> <span class='ocrx_word' id='word_1_875' title='bbox 2917 5263 3023 5315; x_wconf 88' lang='grc' dir='ltr'><strong>τῶν</strong></span> <span class='ocrx_word' id='word_1_876' title='bbox 3065 5259 3380 5328; x_wconf 87' lang='grc' dir='ltr'>εἰλικρινῶς</span> <span class='ocrx_word' id='word_1_877' title='bbox 3411 5261 3488 5320; x_wconf 73' lang='grc' dir='ltr'>εἰς</span> <span class='ocrx_word' id='word_1_878' title='bbox 3541 5259 3707 5310; x_wconf 76' lang='grc' dir='ltr'>αὑτὸν</span> 
     </span>
    </p>
   </div>
   <div class='ocr_carea' id='block_1_116' title="bbox 2135 5351 3710 5428">
    <p class='ocr_par' dir='ltr' id='par_1_116' title="bbox 2135 5351 3710 5428">
     <span class='ocr_line' id='line_1_116' title="bbox 2135 5351 3710 5428; baseline -0.008 -16"><span class='ocrx_word' id='word_1_879' title='bbox 2135 5360 2585 5412; x_wconf 88' lang='grc' dir='ltr'>πεπιστευκότων</span> <span class='ocrx_word' id='word_1_880' title='bbox 2611 5355 2802 5428; x_wconf 73' lang='grc' dir='ltr'>ψυχαί.</span> <span class='ocrx_word' id='word_1_881' title='bbox 2837 5357 2977 5419; x_wconf 75' lang='grc' dir='ltr'>Τοὺς</span> <span class='ocrx_word' id='word_1_882' title='bbox 3014 5356 3071 5409; x_wconf 78' lang='grc' dir='ltr'><strong>δὲ</strong></span> <span class='ocrx_word' id='word_1_883' title='bbox 3101 5355 3366 5420; x_wconf 82' lang='grc' dir='ltr'>λέγοντας</span> <span class='ocrx_word' id='word_1_884' title='bbox 3403 5353 3460 5416; x_wconf 77' lang='grc' dir='ltr'><strong>ἐξ</strong></span> <span class='ocrx_word' id='word_1_885' title='bbox 3488 5352 3592 5403; x_wconf 77' lang='grc' dir='ltr'>οὐκ</span> <span class='ocrx_word' id='word_1_886' title='bbox 3622 5351 3710 5403; x_wconf 76' lang='grc' dir='ltr'><strong>ὃν·</strong></span> 
     </span>
    </p>
   </div>
   <div class='ocr_carea' id='block_1_117' title="bbox 2135 5443 3712 5520">
    <p class='ocr_par' dir='ltr' id='par_1_117' title="bbox 2135 5443 3712 5520">
     <span class='ocr_line' id='line_1_117' title="bbox 2135 5443 3712 5520; baseline -0.006 -17"><span class='ocrx_word' id='word_1_887' title='bbox 2135 5469 2243 5505; x_wconf 84' lang='grc' dir='ltr'><strong>των</strong></span> <span class='ocrx_word' id='word_1_888' title='bbox 2287 5452 2378 5504; x_wconf 82' lang='grc' dir='ltr'>τὸν</span> <span class='ocrx_word' id='word_1_889' title='bbox 2408 5450 2556 5515; x_wconf 81' lang='grc' dir='ltr'>Υιὸν,</span> <span class='ocrx_word' id='word_1_890' title='bbox 2587 5451 2620 5520; x_wconf 78' lang='grc' dir='ltr'><strong>ἢ</strong></span> <span class='ocrx_word' id='word_1_891' title='bbox 2655 5450 2714 5514; x_wconf 75' lang='grc' dir='ltr'><strong>ἐξ</strong></span> <span class='ocrx_word' id='word_1_892' title='bbox 2741 5448 2937 5518; x_wconf 78' lang='grc' dir='ltr'>ἑτέρας</span> <span class='ocrx_word' id='word_1_893' title='bbox 2984 5447 3362 5508; x_wconf 75' lang='grc' dir='ltr'>ὑποστάσεως,</span> <span class='ocrx_word' id='word_1_894' title='bbox 3391 5443 3488 5494; x_wconf 78' lang='grc' dir='ltr'><strong>καὶ</strong></span> <span class='ocrx_word' id='word_1_895' title='bbox 3539 5443 3614 5512; x_wconf 81' lang='grc' dir='ltr'><strong>μὴ</strong></span> <span class='ocrx_word' id='word_1_896' title='bbox 3649 5446 3712 5493; x_wconf 79' lang='grc' dir='ltr'>ἐκ</span> 
     </span>
    </p>
   </div>
   <div class='ocr_carea' id='block_1_118' title="bbox 2135 5529 3711 5610">
    <p class='ocr_par' dir='ltr' id='par_1_118' title="bbox 2135 5529 3711 5610">
     <span class='ocr_line' id='line_1_118' title="bbox 2135 5529 3711 5610; baseline -0.007 -16"><span class='ocrx_word' id='word_1_897' title='bbox 2135 5541 2229 5594; x_wconf 79' lang='grc' dir='ltr'><strong>τοῦ</strong></span> <span class='ocrx_word' id='word_1_898' title='bbox 2265 5541 2424 5604; x_wconf 81' lang='grc' dir='ltr'>Θεοῦ,</span> <span class='ocrx_word' id='word_1_899' title='bbox 2457 5541 2554 5594; x_wconf 77' lang='grc' dir='ltr'>καὶ</span> <span class='ocrx_word' id='word_1_900' title='bbox 2584 5542 2666 5594; x_wconf 80' lang='grc' dir='ltr'><strong>ὅτι</strong></span> <span class='ocrx_word' id='word_1_901' title='bbox 2690 5535 2760 5610; x_wconf 76' lang='grc' dir='ltr'>ἦν</span> <span class='ocrx_word' id='word_1_902' title='bbox 2788 5539 2982 5608; x_wconf 81' lang='grc' dir='ltr'>χρόνος</span> <span class='ocrx_word' id='word_1_903' title='bbox 3013 5537 3046 5607; x_wconf 77' lang='grc' dir='ltr'>ἢ</span> <span class='ocrx_word' id='word_1_904' title='bbox 3081 5535 3215 5592; x_wconf 72' lang='grc' dir='ltr'>αἰὼν</span> <span class='ocrx_word' id='word_1_905' title='bbox 3245 5536 3332 5588; x_wconf 80' lang='grc' dir='ltr'><strong>ὅτε</strong></span> <span class='ocrx_word' id='word_1_906' title='bbox 3363 5535 3464 5588; x_wconf 78' lang='grc' dir='ltr'><strong>οὐκ</strong></span> <span class='ocrx_word' id='word_1_907' title='bbox 3494 5529 3586 5605; x_wconf 79' lang='grc' dir='ltr'>ἦν,</span> <span class='ocrx_word' id='word_1_908' title='bbox 3619 5531 3711 5585; x_wconf 87' lang='grc' dir='ltr'>άλ-</span> 
     </span>
    </p>
   </div>
   <div class='ocr_carea' id='block_1_119' title="bbox 2133 5627 3425 5702">
    <p class='ocr_par' dir='ltr' id='par_1_119' title="bbox 2133 5627 3425 5702">
     <span class='ocr_line' id='line_1_119' title="bbox 2133 5627 3425 5702; baseline -0.005 -17"><span class='ocrx_word' id='word_1_909' title='bbox 2133 5633 2379 5702; x_wconf 77' lang='grc' dir='ltr'>λοτρίους</span> <span class='ocrx_word' id='word_1_910' title='bbox 2411 5629 2552 5686; x_wconf 78' lang='grc' dir='ltr'>οἶδεν</span> <span class='ocrx_word' id='word_1_911' title='bbox 2579 5635 2610 5702; x_wconf 75' lang='grc' dir='ltr'>ἡ</span> <span class='ocrx_word' id='word_1_912' title='bbox 2640 5631 2772 5699; x_wconf 82' lang='grc' dir='ltr'>ἀγία</span> <span class='ocrx_word' id='word_1_913' title='bbox 2810 5629 3076 5699; x_wconf 77' lang='grc' dir='ltr'>καθολικὴ</span> <span class='ocrx_word' id='word_1_914' title='bbox 3100 5627 3425 5696; x_wconf 77' lang='grc' dir='ltr'>Ἐκκλησία.</span> 
     </span>
    </p>
   </div>
   <div class='ocr_carea' id='block_1_120' title="bbox 461 5723 3698 5800">
    <p class='ocr_par' dir='ltr' id='par_1_120' title="bbox 461 5723 3698 5800">
     <span class='ocr_line' id='line_1_120' title="bbox 461 5723 3698 5800; baseline -0.004 -13"><span class='ocrx_word' id='word_1_915' title='bbox 461 5749 675 5797; x_wconf 84' lang='lat' dir='ltr'><strong>eorum,</strong></span> <span class='ocrx_word' id='word_1_916' title='bbox 716 5736 808 5798; x_wconf 87' lang='lat' dir='ltr'><strong>qui</strong></span> <span class='ocrx_word' id='word_1_917' title='bbox 858 5736 913 5788; x_wconf 83' lang='lat' dir='ltr'><strong>in</strong></span> <span class='ocrx_word' id='word_1_918' title='bbox 956 5751 1080 5789; x_wconf 90' lang='lat' dir='ltr'><strong>eum</strong></span> <span class='ocrx_word' id='word_1_919' title='bbox 1131 5735 1344 5790; x_wconf 86' lang='lat' dir='ltr'><strong>sincere</strong></span> <span class='ocrx_word' id='word_1_920' title='bbox 1385 5733 1638 5800; x_wconf 76' lang='lat' dir='ltr'><strong>credunt,</strong></span> <span class='ocrx_word' id='word_1_921' title='bbox 1673 5731 1868 5786; x_wconf 84' lang='lat' dir='ltr'><strong>animae</strong></span> <span class='ocrx_word' id='word_1_922' title='bbox 1901 5731 2170 5786; x_wconf 91' lang='lat' dir='ltr'><strong>omnium.</strong></span> <span class='ocrx_word' id='word_1_923' title='bbox 2245 5728 2353 5784; x_wconf 87' lang='lat' dir='ltr'><strong>Eos</strong></span> <span class='ocrx_word' id='word_1_924' title='bbox 2422 5745 2551 5785; x_wconf 83' lang='lat' dir='ltr'><strong>vero</strong></span> <span class='ocrx_word' id='word_1_925' title='bbox 2598 5729 2692 5800; x_wconf 87' lang='lat' dir='ltr'><strong>qui</strong></span> <span class='ocrx_word' id='word_1_926' title='bbox 2735 5728 2948 5794; x_wconf 88' lang='lat' dir='ltr'><strong>dicunt,</strong></span> <span class='ocrx_word' id='word_1_927' title='bbox 3015 5743 3080 5782; x_wconf 80' lang='lat' dir='ltr'><strong>ex</strong></span> <span class='ocrx_word' id='word_1_928' title='bbox 3146 5741 3254 5780; x_wconf 93' lang='lat' dir='ltr'><strong>non</strong></span> <span class='ocrx_word' id='word_1_929' title='bbox 3295 5723 3698 5780; x_wconf 86' lang='lat' dir='ltr'><strong>cxsistentibus</strong></span> 
     </span>
    </p>
   </div>
  </div>
