3970 6190
333 254 459 319 345

1272 263 1879 328 ECCLESIASTIC/E
1918 272 2315 336 HISTORIE
2352 277 2502 338 LIB.
2554 280 2655 342 ix.

3494 294 3599 357 346

327 385 466 426 esse
495 368 716 436 Filium,
749 382 842 424 aut
865 386 930 425 ex
960 371 1067 425 alia
1101 371 1412 430 substantia
1444 394 1607 447 quam
1638 396 1702 434 ex
1756 383 1866 436 Deo
1903 425 1918 449 ,
1965 394 2020 438 et
2049 389 2193 456 quod
2228 389 2398 444 fuerit
2426 401 2640 461 tempus
2675 404 2770 448 aut
2799 396 3086 463 saeculum,
3149 415 3273 454 cum
3309 419 3414 458 non
3483 408 3598 465 lue-

327 466 430 527 rit,
467 465 672 519 alienos
703 479 826 518 esse
857 465 959 520 scit
987 476 1175 520 sancta
1201 469 1470 525 catholica
1511 473 1777 529 Ecclesia.

415 560 584 612 Πάλιν
629 552 725 609 οὖν
765 555 1021 626 ἐροῦμεν,
1068 559 1121 611 εἴ
1169 578 1252 622 τις
1298 562 1389 613 τὸν
1423 565 1642 634 Πατέρα
1694 569 1786 620 καὶ
1830 569 1888 620 τὸ

2095 575 2172 629 Ac
2228 591 2448 630 rursum
2495 577 2751 639 dicimus.
2791 580 2835 632 si
2879 580 3004 648 quis
3053 582 3270 637 Patrem
3310 595 3366 639 et
3401 586 3596 644 Filium

323 656 468 709 Υἰδν
505 652 597 705 δύο
644 649 793 716 λέγει
836 650 1024 713 Θεοὺς,
1071 653 1322 722 ἀνάθεμα
1366 655 1528 711 ἔστω.
1572 658 1683 711 Καὶ
1731 659 1785 711 εἰ
1829 678 1915 722 τις

321 749 510 815 λέγων
542 745 676 798 Θεδν
727 745 820 797 τὸν
850 745 1090 810 Χριστὸν
1119 747 1451 815 προαιώνιον
1483 748 1612 801 Υἰδν
1653 751 1746 803 τοῦ
1778 753 1914 807 Θεοῦ

321 841 726 910 ὑπουργηκότα
756 837 835 906 τῷ
880 839 1058 908 Πατρὶ
1085 841 1164 902 εἰς
1205 840 1305 910 τὴν
1343 842 1454 895 τῶν
1488 844 1627 897 ὅλων
1653 845 1915 916 δημιουρ-

319 935 456 999 γίαν
486 933 561 1001 μὴ
602 931 916 1000 ὁμολογοίη,
939 931 1192 998 ἀνάθεμα
1233 932 1397 990 ἔστω.
1431 935 1498 987 Εἰ
1521 953 1602 998 τις
1633 937 1724 989 τὸν
1751 940 1913 1004 ἀγέν-

321 1040 494 1089 νητον
527 1022 560 1092 ἢ
599 1023 771 1090 μέρος
796 1020 962 1074 αὑτοῦ
1009 1023 1073 1075 ἔκ
1104 1023 1326 1091 Μαρίας
1342 1023 1523 1091 λέγειν
1551 1027 1911 1096 γεγεννῆσθαι

318 1116 528 1183 τολμᾷ,
563 1114 815 1182 ἀνάθεμα
849 1113 1010 1166 ἔστω.
1051 1113 1119 1166 Εἰ
1150 1131 1236 1177 τις
1281 1115 1425 1168 κατά
1461 1118 1774 1186 πρόγνωσιν
1822 1121 1912 1174 τὸν

315 1212 381 1260 ἐκ
412 1210 637 1279 Μαρίας
667 1209 814 1275 λέγει
845 1209 959 1261 υἰὺν
990 1205 1158 1271 εἶναι,
1194 1211 1289 1264 καὶ
1331 1211 1407 1282 μὴ
1451 1212 1560 1281 πρὸ
1593 1213 1806 1268 αἰώνων
1845 1217 1910 1268 ὲκ

311 1301 416 1352 τοῦ
475 1301 687 1370 Πατρὸς
721 1301 1126 1370 γεγεννημένον
1165 1302 1302 1370 πρὸς
1350 1304 1443 1356 τὸν
1477 1304 1611 1358 Θεὸν
1645 1304 1786 1360 εἰναι
1813 1310 1910 1361 xtl.

310 1392 382 1442 δι’
427 1391 596 1443 αὐτοῦ
649 1391 980 1460 γεγενῆσθαι
1040 1393 1109 1444 τὰ
1166 1393 1362 1458 πάντα,
1414 1395 1674 1465 ἀνάθεμα
1745 1398 1906 1454 ἔστω.

313 1483 385 1533 Et
431 1499 518 1544 τις
550 1481 967 1550 πλατυνομένην
1011 1484 1109 1550 τὴν
1142 1485 1327 1536 οὐσίαν
1359 1485 1454 1539 τοῦ
1489 1486 1624 1540 Θεοῦ
1653 1489 1746 1542 τὸν
1778 1491 1907 1543 Υίὸν

311 1569 476 1636 λέγοι
534 1573 730 1631 ποιεῖν,
782 1571 812 1640 ἢ
862 1570 954 1623 τὸν
994 1573 1314 1642 πλατυσμὸν
1353 1578 1453 1644 τῆς
1496 1579 1685 1641 οὐσίας
1740 1582 1903 1636 αὐτοῦ

310 1658 449 1710 ΥΡΝ
477 1660 764 1726 ὀνομάζοι,
797 1662 1046 1729 ἀνάθεμα
1074 1665 1230 1716 ἔστω.
1263 1666 1330 1717 Εἰ
1351 1684 1434 1730 τις
1455 1668 1554 1738 τὴν
1589 1671 1779 1724 οὺσίαν
1808 1675 1902 1725 τοῦ

2030 663 2167 718 duos
2220 668 2548 735 proﬁteatur
2577 669 2737 734 Deos,
2788 672 3078 726 anathema
3128 674 3220 728 sit.
3275 677 3339 729 Et
3384 680 3426 731 si
3472 681 3597 748 quis

2021 756 2192 810 Deum
2227 757 2418 812 dicens
2445 760 2724 814 Christum
2760 765 3203 818 antesaacularem
3258 767 3455 822 Filium
3497 772 3593 827 Dei

2016 847 2428 904 administrasse
2479 852 2626 905 Patri
2677 853 2732 905 in
2779 868 2962 907 rerum
3011 857 3387 912 universarum
3437 877 3592 916 crea-

2019 936 2166 990 tione
2197 954 2305 993 non
2343 942 2694 1008 proliteatur,
2725 944 3018 999 anathema
3049 947 3141 1000 sit.
3185 949 3241 1002 Si
3273 951 3398 1018 quis
3434 953 3588 1020 inge-

2015 1029 2214 1094 nitum,
2275 1042 2368 1086 aut
2437 1045 2644 1102 partem
2711 1036 2832 1105 ejus
2895 1053 2962 1090 ex
3027 1037 3192 1091 Maria
3253 1043 3585 1111 progenitam

2014 1137 2134 1177 esse
2180 1124 2365 1178 dicere
2418 1124 2634 1188 audeat,
2671 1127 2963 1181 anathema
3013 1128 3105 1182 sit.
3154 1129 3210 1183 Si
3267 1132 3391 1198 quis
3430 1131 3586 1199 juxta

2013 1213 2436 1282 praescientiam,
2471 1231 2594 1269 eum
2627 1218 2719 1285 qui
2771 1233 2837 1270 ex
2880 1218 3049 1272 Maria
3106 1222 3320 1289 genitus
3348 1233 3452 1284 est,
3499 1222 3587 1277 Fi-

2010 1303 2146 1358 lium
2191 1319 2310 1359 esse
2357 1305 2524 1372 dicat,
2559 1315 2616 1359 et
2656 1322 2766 1360 non
2802 1318 2930 1362 ante
2959 1310 3155 1362 saicula
3198 1325 3263 1363 ex
3302 1309 3462 1364 Patre
3493 1328 3588 1365 na-

2009 1406 2125 1451 tum
2174 1397 2317 1466 apud
2363 1397 2536 1450 Deum
2587 1413 2730 1464 esse,
2764 1409 2820 1453 et
2855 1414 2952 1468 per
2982 1415 3108 1453 eum
3150 1400 3290 1454 facta
3323 1417 3440 1455 esse
3470 1418 3586 1456 om—

2008 1489 2120 1549 nia,
2168 1490 2460 1542 anathema
2497 1490 2589 1543 sit.
2627 1489 2683 1544 Si
2732 1491 2856 1559 quis
2895 1491 3174 1544 dilatatam
3222 1493 3582 1547 substantiam

2001 1579 2101 1632 Dei
2147 1579 2342 1632 Filium
2381 1578 2562 1634 facere
2596 1579 2763 1641 dicat,
2797 1588 2892 1634 aut
2923 1582 3296 1636 dilatationem
3330 1585 3585 1637 substant-

2008 1671 2095 1723 tia:
2137 1672 2254 1738 ejus
2306 1668 2504 1723 Filium
2562 1671 2833 1734 nominet,
2873 1674 3162 1727 anathema
3216 1675 3308 1728 sit.
3359 1674 3414 1728 Si
3458 1676 3583 1744 quis

307 1750 454 1804 Θεοῦ
495 1753 866 1806 πλατύνεσθαι
898 1755 928 1823 ἢ
973 1757 1360 1811 συστέλλεσθαι
1391 1761 1614 1828 φάσκοι,
1651 1764 1892 1834 ἀνάθεμα

2005 1758 2367 1812 substantiam
2424 1759 2522 1812 Dei
2567 1760 2650 1814 vel
2713 1761 2934 1815 dilatari
2983 1762 3069 1816 vel
3117 1763 3366 1815 contrahi
3411 1763 3578 1826 dicat,

304 1842 480 1896 ἔστω.
523 1843 590 1895 Εἴ
643 1861 726 1906 τις
757 1845 1062 1899 ἐνδιάθετον
1115 1847 1517 1920 ἥπροφορικὸν
1548 1853 1704 1921 λόγον
1751 1857 1892 1924 λέγοι

2003 1851 2291 1903 anathema
2336 1851 2428 1905 sit.
2481 1851 2536 1904 Si
2574 1851 2698 1920 quis
2744 1853 2827 1905 vel
2884 1863 3065 1906 mente
3111 1865 3460 1920 conceptum,
3495 1855 3577 1907 vel

299 1935 396 1986 τὸν
424 1935 561 1988 Υἰδν
594 1936 689 1989 τοῦ
729 1937 884 2003 Θεοῦ,
924 1915 1174 2008 ἀνάθεμα
1406 1944 1474 1998 Ei
1504 1963 1588 2008 τις
1614 1915 1892 2018 ἀνθρώ-κτον

2005 1957 2099 1994 ore
2134 1941 2404 2009 prolatum
2435 1942 2660 1995 verbum
2711 1941 2857 1995 dicat
2893 1943 3088 1996 Filium
3139 1944 3256 2006 Dei,
3289 1945 3578 1998 anathema

303 2028 483 2093 μόνον
516 2029 668 2096 λέγοι
698 2032 788 2084 τον
820 2031 948 2083 Υἰὺν
975 2033 1064 2085 τὸν
1096 2036 1158 2086 ὲκ
1187 2036 1426 2105 Μαρίας,
1460 2039 1708 2109 ἀνάθεμα
1732 2043 1896 2099 ἔστω.

299 2119 369 2171 Et
383 2137 477 2182 τις
498 2122 632 2172 θεὸν
655 2124 746 2174 καὶ
777 2122 1065 2192 ἄνθρωπον
1090 2127 1180 2178 τὸν
1212 2128 1276 2180 ὲκ
1305 2129 1525 2196 Μαρίας
1549 2131 1743 2200 λέγων,
1764 2136 1897 2190 Θεὸν

293 2211 393 2262 τὸν
433 2212 737 2282 ἀγέννητον
768 2214 930 2266 αὐτὸν
963 2217 1096 2279 νοεῖ,
1132 2215 1381 2286 ἀνάθεμα
1410 2219 1572 2275 ἔστω.
1608 2223 1674 2275 Et
1698 2241 1779 2288 τις
1811 2225 1894 2291 τὸ,

297 2299 461 2368 Ἐγὼ
512 2302 660 2368 Θεὸς
708 2303 959 2372 πρῶτος,
1027 2308 1127 2360 καί
1170 2307 1284 2376 ἐγὼ
1322 2310 1476 2378 μετὰ
1524 2315 1745 2381 ταῦτα,
1796 2319 1896 2371 καὶ

295 2391 484 2459 πλὴν
515 2393 666 2463 ἐμοῦ
694 2398 806 2449 οὐκ
835 2397 968 2450 ἔστι
997 2399 1162 2464 Θεὸς,
1193 2400 1350 2454 τοῦτο
1380 2404 1514 2457 αὐτὸ
1543 2405 1604 2458 τὸ
1628 2408 1716 2460 ἔπ’
1737 2409 1893 2460 ἀναι·

298 2489 464 2557 ρέσει
513 2488 754 2545 εἰδώλων
801 2491 1033 2546 καὶτῶν
1073 2494 1148 2562 μὴ
1189 2495 1362 2548 ὄντων
1407 2498 1544 2551 θεῶν
1577 2501 1886 2570 εἰρημένον,

297 2580 390 2632 ἐπ’
417 2581 708 2650 ἀναιρέσει
738 2581 833 2636 τοῦ
862 2585 1200 2652 Μονογενοῦς
1230 2590 1337 2658 πρὸ
1369 2591 1478 2643 τῶν
1503 2593 1716 2646 αἰώνων
1754 2596 1891 2649 Θεοῦ

294 2670 649 2738 ἐκλαμϐάνοι
691 2672 1022 2738 Ἰουδαϊκῶς,
1078 2677 1328 2748 ἀνάθεμα
1362 2681 1524 2736 ἔστω.
1578 2682 1646 2735 Εἰ
1693 2702 1777 2748 τις
1808 2687 1890 2747 τὸ,
1927 2700 1931 2703 ‘

303 2758 370 2811 '0
429 2761 627 2829 Λότος
675 2763 836 2831 σὰρξ
873 2764 1135 2833 ἐγένετο,
1190 2768 1436 2834 ἀκούων,
1469 2772 1560 2824 τὸν
1607 2774 1780 2842 Λόγον
1811 2779 1892 2840 εἰς

294 2850 489 2918 σάρκα
542 2853 986 2925 μεταϐεϐλῆσθαι
1019 2858 1255 2928 νομίζοι,
1294 2860 1328 2931 ἢ
1361 2863 1572 2932 τροπὴν
1603 2866 1889 2936 ὑπομεμε-

291 2944 514 3013 νηκότα
568 2946 920 3016 ἀνειληφέναι
964 2949 1062 3020 τὴν
1094 2952 1295 3022 σάρκα,
1333 2955 1584 3024 ἀνάθεμα
1630 2957 1790 3013 ἔστω.
1828 2962 1896 3014 Et

290 3051 383 3096 τις
458 3037 552 3088 τὸν
615 3041 881 3108 μονογενῆ
942 3042 1068 3094 Υἰὸν
1128 3044 1224 3096 τοῦ
1289 3046 1426 3099 Θεοῦ
1477 3051 1889 3118 ἐσταυρωμένον

294 3126 548 3191 ἀκούων,
577 3128 786 3198 φθοράν
812 3129 845 3199 ἢ
869 3131 1038 3195 πάθος
1064 3132 1330 3204 ἢτροπὴν
1355 3138 1496 3190 κατά
1518 3139 1615 3209 τὴν
1637 3141 1884 3210 θεότητα,

2003 2035 2093 2087 sit.
2129 2032 2187 2086 Si
2223 2035 2347 2101 quis
2396 2032 2674 2086 hominem
2719 2033 2896 2087 solum
2935 2035 3080 2088 dicat
3121 2034 3430 2098 Filium,ex
3473 2036 3583 2088 Ma-

2002 2126 2080 2178 ria
2122 2135 2485 2194 prognatum,
2540 2125 2829 2178 anathema
2881 2125 2972 2178 sit.
3029 2125 3083 2178 Si
3135 2126 3262 2195 quis
3310 2129 3478 2180 Deum
3523 2138 3580 2182 et

2003 2218 2279 2270 hominem
2307 2231 2372 2270 ex
2400 2216 2566 2269 Maria
2601 2216 2849 2284 genitum
2898 2217 3186 2284 protitens,
3225 2219 3393 2273 Deum
3428 2220 3578 2289 inge-

2001 2316 2173 2360 nitum
2206 2309 2383 2376 ipsum
2418 2307 2706 2374 intelligat,
2733 2308 3025 2362 anathema
3057 2309 3237 2364 sit.'Si
3264 2310 3388 2378 quis
3419 2311 3575 2368 illud.

2000 2401 2107 2470 Ego
2151 2401 2284 2454 Deus
2319 2403 2568 2466 primum,
2603 2412 2651 2454 et
2699 2417 2790 2470 ego
2819 2411 3022 2466 postea.
3057 2412 3106 2452 et
3139 2411 3331 2466 praeter
3360 2418 3441 2456 me
3471 2420 3576 2455 non

1998 2503 2072 2546 est
2116 2492 2250 2546 Deus
2277 2494 2294 2524 ί
2321 2510 2336 2545 :
2372 2493 2519 2560 quoj
2544 2494 2610 2546 de
2635 2492 2934 2546 abolitione
2960 2493 3259 2552 idolorum,
3294 2501 3351 2545 et
3377 2509 3566 2547 eorum

1997 2584 2089 2653 qui
2159 2585 2230 2637 dii
2302 2599 2410 2638 non
2460 2593 2608 2648 sunt,
2644 2582 2850 2636 dictum
2887 2595 3004 2648 cst;
3036 2582 3102 2636 ad
3164 2583 3574 2652 abragationem

1997 2676 2262 2743 unigeniti
2307 2676 2717 2730 antesmcularis
2759 2674 2880 2728 Filii
2927 2673 3022 2727 Dei
3064 2671 3291 2728 Judaicc
3318 2673 3572 2742 accipiat,

1995 2767 2285 2820 anathema
2333 2769 2424 2820 sit.
2468 2765 2522 2818 Si
2563 2767 2687 2834 quis
2728 2766 2880 2827 illud,
2940 2763 3166 2818 Verbum
3206 2781 3332 2818 caro
3368 2766 3572 2835 factum

1995 2868 2092 2924 est,
2141 2858 2391 2920 audiens,
2447 2859 2682 2912 Verbum
2736 2859 2790 2911 in
2845 2873 3071 2912 carnem
3129 2867 3422 2924 n'iutatum,
3477 2869 3574 2912 aut

1995 2949 2408 3003 conversionem
2455 2949 2714 3011 subiisse,
2749 2963 2805 3002 et
2838 2949 2918 3002 sic
2951 2965 3170 3003 carnem
3207 2951 3572 3018 assumpsisse

1993 3039 2292 3103 existimet,
2328 3039 2620 3093 anathema
2664 3042 2758 3095 sit.
2807 3040 2864 3094 Si
2915 3040 3041 3108 quis
3091 3041 3434 3110 unigenitum
3485 3043 3573 3096 Fi-

1993 3133 2129 3186 lium
2180 3132 2277 3185 Dei
2333 3132 2659 3185 cruciﬁxum
2712 3131 2966 3194 audiens,
3007 3132 3444 3200 corruptionem,
3484 3133 3572 3186 vel

289 3217 323 3286 ἢ
356 3219 621 3286 μείωσιν,
655 3219 687 3288 ἢ
726 3219 1008 3289 ἀναίρεσιν
1037 3223 1530 3294 ὑπομεμενηκέναι
1553 3229 1722 3298 λέγοι,
1760 3233 1889 3288 ἀνά-

2000 3226 2430 3295 perpessionem,
2465 3224 2549 3278 vel
2583 3224 2968 3286 mutationem,
2998 3225 3081 3278 vel
3120 3223 3566 3283 diminutiom-m,

291 3307 450 3378 θεμα
503 3309 668 3364 ἔστω.
703 3310 770 3363 Ei
813 3329 899 3374 τις
930 3315 991 3366 τὸ
1031 3315 1389 3386 Ποιήσωμεν
1431 3320 1771 3390 ἄνθρωπον,
1814 3326 1888 3395 μὴ

286 3403 387 3454 τὸν
420 3402 640 3471 Πατέρα
676 3404 814 3472 πρὸς
849 3407 941 3461 τὸν
979 3406 1107 3460 Υἰδν
1138 3409 1342 3476 λέγειν,
1379 3412 1515 3466 ἀλλὰ
1546 3417 1712 3468 αὐτὸν
1751 3420 1889 3485 πρὸς

291 3496 499 3549 ἑαυτὸν
533 3498 686 3565 λέγοι
712 3499 806 3552 τὸν
840 3499 975 3552 Θεὸν
1006 3504 1309 3570 εἰρηκέναι,
1344 3507 1598 3577 ἀνάθεμα
1628 3510 1788 3566 ἔστω.
1826 3513 1892 3564 Εἰ

289 3607 388 3652 τις
415 3588 495 3656 τῷ
523 3588 723 3642 Ἰακὼϐ
751 3592 825 3661 μὴ
853 3593 944 3645 τὸν
976 3593 1106 3645 Υἰὸν
1129 3594 1205 3658 ὡς
1231 3596 1524 3666 ἄνθρωπον
1554 3603 1889 3656 πεπαλαικέ-

288 3700 412 3742 ναι,
443 3681 582 3734 ἀλλὰ
610 3682 701 3735 τὸν
729 3683 1026 3754 ἀγέννητον
1058 3685 1190 3738 Θεὸν
1225 3687 1256 3756 ἢ
1317 3687 1481 3758 μέρος
1515 3691 1683 3744 αὑτοῦ
1711 3693 1883 3760 λέγοι,

288 3772 554 3842 ἀνάθεμα
585 3774 744 3826 ἔστω.
771 3777 836 3827 Εἰ
860 3793 946 3838 τις
975 3777 1033 3829 τὸ
1067 3779 1316 3846 Ἕϐρεξε
1340 3781 1557 3848 Κύριος
1587 3784 1746 3852 παρὰ
1776 3787 1886 3839 τοῦ

289 3868 547 3934 Κυρίου,
582 3869 654 3937 μὴ
708 3869 800 3921 ἐπὶ
837 3867 932 3921 τοῦ
965 3871 1174 3940 [ἰατρὸς
1202 3873 1298 3924 καὶ
1327 3872 1421 3925 τοῦ
1452 3875 1582 3927 Υἱοῦ
1607 3877 1884 3946 ἐκλαμϐά-

291 3974 404 4022 νοι,
441 3957 559 4009 ἀλλ’
584 3959 778 4010 ἑαυτὸν
811 3962 942 4028 παρ’
983 3962 1177 4014 ἑαυτοῦ
1209 3962 1356 4030 λέγει
1389 3963 1732 4034 βεϐρεχέναι,
1757 3968 1886 4020 ἀνά-

289 4050 442 4115 Οεμα
497 4050 664 4103 ἔστω.
701 4051 932 4120 Ἐϐρεξε
976 4055 1085 4123 γὰρ
1122 4054 1323 4125 Κύριος
1363 4059 1391 4110 ό
1418 4057 1545 4121 Υίδς
1584 4059 1735 4129 παρά
1767 4062 1881 4112 Κυ-

291 4143 414 4210 ρέου
445 4143 540 4194 τοῦ
577 4144 811 4210 Πατρός.
840 4145 1006 4208 Εῖτις
1032 4146 1249 4200 ἀκούων
1280 4147 1491 4218 Κύριον
1525 4149 1616 4203 τὸν
1642 4153 1883 4222 Πατέρα,

288 4234 504 4304 Κύριον
546 4235 638 4288 τὸν
676 4235 826 4298 Υἱὸν,
870 4237 1074 4304 Κύριον
1125 4239 1219 4291 καὶ
1260 4238 1472 4309 Κύριον
1521 4242 1614 4294 τὸν
1669 4243 1885 4312 Πατέρα

286 4325 512 4375 καὶτὸν
559 4324 886 4390 Υἰὸν-είποι,
940 4325 1037 4378 καὶ
1086 4327 1291 4396 Κύριος
1345 4330 1410 4381 ὲκ
1458 4330 1667 4397 Κυρίου
1711 4331 1885 4400 λέγων

284 4415 378 4468 δύο
428 4416 577 4482 λέγοι
634 4415 827 4479 Θεοὺς,
860 4416 1108 4485 ἀνάθεμα
1171 4416 1333 4472 ἔστω.
1367 4418 1443 4472 Οὐ
1494 4421 1602 4488 γὰρ
1655 4424 1885 4474 συντάσ-

1995 3317 2077 3370 vel
2113 3316 2475 3370 abolitionem
2512 3316 2817 3370 secundum
2860 3315 3200 3368 divinitatem
3237 3316 3568 3369 sustinuisse

1991 3408 2160 3469 dicat,
2193 3406 2488 3460 anathema
2521 3405 2612 3458 sit.
2650 3406 2705 3458 Si
2735 3404 2859 3470 quis
2897 3403 3053 3465 illud,
3089 3403 3371 3456 Faciamus
3401 3405 3568 3457 homi-

1991 3514 2129 3561 nem,
2175 3513 2286 3550 non
2342 3498 2561 3551 Patrem
2617 3496 2683 3548 ad
2745 3495 2964 3554 Filium.
3003 3495 3098 3548 sed
3157 3496 3334 3562 ipsum
3388 3496 3455 3547 ad
3507 3511 3568 3548 se

1990 3591 2170 3660 ipsum
2218 3590 2388 3642 Deum
2425 3587 2628 3641 dixisse
2661 3590 3007 3654 proﬁteatur,
3044 3587 3334 3638 anathema
3379 3587 3468 3640 sit.
3508 3587 3565 3640 Si

1989 3683 2115 3752 quis
2159 3696 2283 3735 cum
2313 3680 2502 3744 Jacob,
2540 3694 2647 3731 non
2683 3677 2882 3732 Filium
2919 3687 2977 3731 ut
3013 3677 3316 3742 hominem,
3347 3677 3441 3731 sed
3485 3677 3568 3730 in-

1989 3774 2231 3843 genitum
2267 3772 2437 3827 Deum
2485 3780 2580 3824 aut
2618 3780 2831 3840 partem
2876 3770 2996 3841 ejus
3034 3770 3387 3824 colluctatam
3438 3785 3564 3824 esse

1989 3867 2159 3929 dicat,
2195 3869 2488 3918 anathema
2530 3866 2624 3918 sit.
2675 3864 2732 3916 Si
2776 3863 2903 3932 quis
2943 3863 3098 3927 illud,
3131 3862 3275 3916 Plnit
3307 3863 3563 3916 Dominus

1990 3973 2021 4010 a
2062 3957 2322 4019 Domino,
2377 3973 2486 4009 non
2537 3957 2606 4010 de
2656 3954 2817 4010 Patre
2865 3965 2922 4009 et
2970 3955 3106 4009 Filio
3149 3954 3416 4023 accipiat,
3466 3954 3560 4007 sed

1987 4047 2232 4114 seipsum
2288 4061 2318 4099 a
2376 4046 2560 4113 seipse
2616 4047 2823 4111 pluisse
2875 4046 3056 4109 dicat,
3117 4045 3410 4098 anathema
3443 4045 3560 4099 sit:

1988 4137 2147 4207 753
2173 4137 2470 4206 pluitenim
2493 4135 2758 4190 Dominus
2781 4136 2948 4191 Filius
2966 4153 2995 4190 a
3019 4136 3249 4189 Domino
3268 4135 3430 4190 Patre
3459 4134 3561 4201 (1).

1988 4229 2042 4280 Si
2087 4229 2212 4298 quis
2251 4229 2486 4288 audiens
2535 4228 2830 4282 Dominum
2878 4228 3119 4288 Patrem,
3150 4227 3442 4281 Dominum
3477 4227 3566 4280 Fi-

1989 4323 2147 4384 lium,
2192 4321 2486 4375 Dominum
2534 4331 2590 4376 et
2643 4322 2939 4376 Dominum
2987 4322 3202 4375 Patrem
3253 4331 3310 4376 et
3358 4322 3560 4375 Filium

1986 4415 2156 4478 dicat,
2186 4422 2240 4468 et
2273 4414 2540 4468 Dominus
2579 4429 2648 4467 ex
2689 4414 2926 4468 Domino
2953 4414 3144 4467 dicens
3174 4413 3316 4466 duos
3355 4422 3563 4466 statuat

290 4525 460 4576 σομεν
508 4508 601 4558 τὺν
675 4507 804 4560 Υἰὺν
868 4506 946 4576 τῷ
1004 4507 1198 4577 Πατρί,
1253 4507 1370 4560 ἀλλ’
1435 4508 1882 4577 ὑποτεταγμένον

1996 4505 2151 4568 Deos,
2189 4504 2481 4558 anathema
2538 4504 2611 4557 sit
2647 4521 2660 4556 :
2701 4518 2813 4558 non
2848 4502 2995 4556 enim
3049 4503 3102 4556 in
3149 4501 3340 4555 eodem
3385 4503 3558 4569 gradu

287 4599 366 4666 τῷ
421 4599 626 4668 Πατρί’
676 4598 801 4651 οὔτε
861 4599 1136 4667 κατῆλθεν
1206 4603 1287 4662 εἰς
1341 4604 1501 4669 σῶμα
1555 4601 1685 4654 ἄνευ
1757 4601 1882 4669 βου-

1996 4611 2110 4649 cum
2155 4595 2316 4650 Patre
2368 4595 2562 4649 Filium
2604 4595 2870 4656 locamus,
2909 4594 3002 4646 sed
3053 4591 3201 4646 Patri
3244 4592 3558 4659 subjectum

288 4691 389 4756 λῆς
434 4688 528 4741 τοῦ
581 4690 834 4759 Πατρός·
883 4691 1004 4743 οὐδὲ
1057 4691 1280 4759 ἔϐρεξεν
1324 4693 1419 4761 ἀφ’
1479 4693 1700 4756 ἑαυτοῦ,
1746 4694 1882 4748 ἀλλά

291 4783 447 4849 παρά
474 4781 675 4850 Κυρίου
705 4781 1094 4846 αὐθεντοῦντος
1136 4784 1229 4836 τοῦ
1270 4784 1482 4856 Πατρός
1504 4801 1518 4817 ο
1550 4784 1677 4839 οὔτε
1710 4786 1883 4854 κάθη-

287 4892 376 4925 ται
419 4877 484 4926 ἐκ
510 4873 700 4938 δεξιῶν
730 4875 824 4942 ἀφ’
861 4875 1060 4929 ἑαυτοῦ
1085 4915 1102 4939 ,
1139 4875 1255 4930 ἀλλ’
1300 4877 1490 4960 ἀκούει
1521 4878 1618 4931 τοῦ
1667 4880 1881 4948 Πατρός

288 4967 565 5035 λέγοντος,
602 4969 798 5022 Κάθου
823 4970 891 5022 ἐκ
920 4969 1137 5034 δεξιῶν
1161 4987 1303 5038 μου.
1345 4970 1412 5022 Εἰ
1428 4987 1514 5032 τις
1536 4970 1630 5024 τὸν
1656 4971 1880 5041 Πατέρα

287 5061 382 5113 καὶ
408 5063 498 5112 τὸν
532 5062 660 5113 Υἱὸν
700 5062 795 5114 καὶ
823 5061 881 5115 τὺ
909 5063 1066 5129 ἀγιον
1113 5064 1338 5130 Πνεῦμα
1368 5063 1426 5117 ἓν
1462 5063 1754 5134 πρόσωπον
1780 5062 1874 5116 λέ-

288 5166 397 5215 γοι,
433 5151 687 5220 ἀνάθεμα
744 5151 903 5205 ἔστω.
938 5153 1005 5206 Et'
1052 5171 1137 5215 τις
1187 5155 1246 5206 τὸ
1289 5153 1513 5223 Πνεῦμα
1571 5153 1664 5208 τὸν
1716 5153 1872 5223 ἀγιον

288 5240 651 5311 Παράκλητον
690 5243 868 5311 λέγων
894 5245 986 5297 τὸν
1015 5246 1314 5317 ἀγέννητον
1347 5247 1495 5316 λέγοι
1545 5246 1701 5309 Θεὸν,
1733 5249 1871 5300 ἀνά-

288 5331 428 5398 θεμα
482 5333 644 5387 ἔστω.
683 5335 750 5388 Εἴ
774 5351 876 5400 τις,
909 5335 984 5399 ὠς
1020 5337 1258 5401 ἐδίδαξεν
1284 5340 1431 5408 ἡμᾶς
1465 5341 1498 5410 ή
1533 5339 1750 5408 Γραφὴ.
1797 5341 1872 5411 μὴ

283 5422 440 5475 ἄλλον
469 5425 617 5492 λέγοι
644 5426 734 5478 τὸν
785 5429 1138 5500 Παράκλητον
1174 5430 1325 5501 παρὰ
1356 5430 1446 5484 τὸν
1485 5433 1630 5494 Υἱὸν,
1663 5434 1860 5502 εἴρηκε

353 5537 372 5570 ³
407 5541 514 5592 lsa.
543 5555 696 5606 xuii,
731 5541 822 5597 Μ.
909 5545 929 5576 ³
963 5543 1110 5599 Psal.
1137 5561 1223 5600 eix
1279 5547 1329 5600 l.

1981 4703 2104 4742 esse
2149 4688 2407 4750 dicimus,
2458 4701 2634 4754 neque
2673 4684 2962 4737 descendit
3011 4697 3067 4736 ιιι
3114 4697 3318 4751 corpus
3349 4684 3556 4751 absque

1980 4781 2217 4835 consilio
2268 4780 2491 4834 Patris:
2537 4794 2718 4846 neque
2752 4777 2892 4845 pluit
2919 4792 2947 4828 a
2990 4776 3198 4844 seipso,
3245 4775 3341 4829 sed
3383 4791 3412 4830 a
3447 4777 3556 4829 00-

1984 4877 2154 4937 mino,
2208 4881 2436 4924 auctore
2484 4870 2647 4924 Patre
2696 4885 2711 4921 :
2760 4882 2941 4936 neque
2989 4865 3145 4920 sedet
3192 4881 3222 4919 a
3273 4865 3480 4921 dextris
3523 4883 3556 4920 a

1981 4965 2164 5033 seipse
2193 5005 2208 5028 ,
2242 4963 2339 5018 sed
2369 4962 2527 5017 audit
2550 4961 2765 5015 Patrem
2793 4959 3070 5014 dicentem
3097 4977 3112 5010 :
3141 4957 3275 5013 Sede
3299 4977 3330 5014 a
3357 4961 3553 5012 dentis

1979 5057 2105 5110 meis
2137 5057 2178 5110 '.
2213 5054 2271 5110 Si
2306 5055 2433 5124 quis
2462 5054 2678 5108 Patrem
2711 5062 2768 5106 et
2803 5049 3000 5105 Filium
3037 5061 3094 5106 et
3123 5050 3388 5120 Spiritum
3429 5065 3556 5102 salt-

1979 5159 2126 5204 ctum
2161 5163 2327 5203 unam
2362 5161 2652 5218 personam
2677 5145 2848 5208 dicat,
2873 5145 3163 5198 anathema
3195 5143 3286 5197 sit.
3322 5142 3378 5194 Si
3408 5141 3554 5208 quis,

1981 5241 2249 5310 Spiritum
2273 5248 2522 5294 sanctum
2557 5239 2900 5293 Paracletum
2933 5235 3217 5306 proﬁteris,
3252 5233 3553 5302 ingenitum

1983 5334 2153 5387 Deum
2210 5332 2522 5400 intelligat,
2579 5333 2870 5385 anathema
2916 5330 3010 5384 sit.
3067 5328 3126 5381 Si
3184 5326 3329 5394 quis,
3388 5321 3555 5378 sicuti

1985 5428 2270 5497 Scriptura
2327 5443 2428 5480 nos
2488 5427 2714 5490 docuit,
2766 5441 2876 5480 non
2923 5422 3091 5478 alium
3141 5436 3170 5476 a
3220 5417 3358 5474 Filio
3403 5423 3526 5473 dica

356 5697 437 5769 (1)
470 5699 598 5756 llaec
629 5701 792 5771 paulo
834 5699 1341 5758 alitcrmeferuntur
1373 5702 1517 5771 apud
1552 5684 1854 5767 Socratem,
1893 5700 1986 5758 lib.
2020 5715 2078 5769 ιι,
2107 5718 2230 5772 cap.
2256 5699 2356 5756 30.
