3970 6190
343 309 446 369 347
1569 287 1987 353 NICEPIIOBI
2030 284 2374 347 CALLISTI
3501 283 3616 346 sis-

346 423 730 485 l‘araclelum;
781 417 920 472 dixit
974 419 1118 469 enim
1172 430 1186 466 :
1235 413 1300 466 Et
1355 411 1523 467 alium
1587 409 1914 466 Paracletum

2042 421 2158 488 γὰρ,
2196 420 2305 473 Καὶ
2340 420 2538 472 ἄλλον
2569 416 2970 484 Πιιριίκλητον
2996 412 3220 484 πέμψει
3250 415 3384 482 ὑμῖν
3419 422 3454 472 ὁ
3488 423 3610 473 Ila-

347 517 517 568 miuet
570 511 706 566 vobis
749 510 932 572 Pater,
977 521 1126 576 quem
1165 521 1258 572 ego
1307 505 1501 574 rogabo
1536 505 1577 566 ί,
1627 501 1915 556 anathema

2046 507 2134 576 ’ὴρ
2152 508 2226 560 ὃν
2243 507 2358 575 ἐγὼ
2376 503 2936 574 ἐρωτήσω,άνάοεμα
2953 502 3190 556 έστω.Εἰ
3205 522 3290 567 τις
3311 507 3373 557 τὸ
3387 507 3614 578 Πνεῦμα

348 607 440 660 sit.
476 604 533 660 Si
566 603 690 672 quis
723 601 984 668 Spiritum
1033 610 1238 658 partem
1303 595 1449 650 dicat
1484 595 1662 648 Patris
1705 603 1799 646 aut
1827 591 1916 644 Fi-

2039 599 2188 664 ιέρος
2213 597 2362 664 λέγοι
2383 595 2496 670 τοῦ,
2522 595 2729 664 [ἰατρὸς
2757 595 2789 662 ἦ
2821 594 2916 645 τοῦ
2947 594 3101 659 Υἱοῦ,
3148 595 3404 664 ἀνάθεμα
3442 596 3607 651 ἔστω.

349 696 445 755 lii,
494 693 781 748 anathema
828 692 922 743 sit.
960 689 1015 742 Si
1067 689 1191 758 quis
1241 690 1458 742 Patrem
1508 695 1564 741 et
1615 686 1813 740 Filium
1864 690 1917 738 et

2042 689 2092 742 Ξῖ
2116 706 2198 751 τις
2221 693 2311 742 τὸν
2350 687 2568 757 ιιατέρα
2589 687 2682 740 καὶ
2709 687 2801 740 τὸν
2827 685 2955 737 Υίδν
2990 688 3085 738 καὶ
3108 686 3169 738 τδ
3196 687 3355 754 ἅγιον
3378 689 3610 758 Πνεῦμα

350 788 620 855 Spiritum
657 793 909 837 Sanctum
960 792 1071 834 tres
1113 781 1262 834 dicat
1299 782 1458 844 Deos,
1497 779 1788 832 anathema
1824 777 1915 830 sit.

2049 785 2179 852 τρεῖς
2230 781 2381 847 λέγοι
2409 780 2598 843 Θεοὺς,
2643 779 2895 848 ἀνάθεμα
2923 779 3084 833 ἔστω.
3113 779 3182 832 El
3207 797 3294 842 τις
3353 781 3617 852 βουλήσει

354 879 407 933 Si
441 879 559 945 quis
592 877 871 944 pr0posito
899 873 992 926 D’ci
1040 873 1236 926 Filium
1276 872 1369 925 Dei
1404 880 1462 924 ut
1505 885 1669 925 unam
1703 877 1920 922 creatu-

2047 873 2158 926 Dsoﬁ
2190 874 2264 934 ὡς
2294 872 2352 925 ἒν
2383 873 2492 926 τῶν
2513 871 2830 940 κτισμάτων
2851 871 3139 939 γεγονέναι
3163 871 3314 939 λέγοι
3346 872 3439 925 τὸν
3483 875 3615 927 Υίὸν

348 983 534 1021 rarum
591 967 792 1018 factum
840 980 959 1017 esse
1007 963 1176 1028 dicat,
1213 962 1503 1015 anathema
1555 961 1645 1014 sit.
1691 961 1747 1014 Si
1795 959 1916 1030 quis

2041 964 2120 1016 τοῦ
2160 965 2318 1030 Θεοῦ,
2351 964 2600 1033 ἀνάθεμα
2629 963 2788 1016 ἔστω.
2827 962 2895 1014 Εἴ
2920 979 3006 1024 τις
3041 961 3118 1032 μὴ
3147 962 3480 1030 θελήσαντος
3506 965 3609 1017 τοῦ

347 1072 456 1108 non
490 1055 709 1106 volente
740 1053 900 1105 Patre
931 1051 1174 1117 genitum
1203 1049 1400 1102 Filium
1426 1049 1594 1108 dicat,
1629 1049 1915 1103 anathema

2053 1058 2240 1127 ἰατρὸς
2265 1056 2632 1126 γεγεννῆσθαι
2661 1055 2753 1108 τὸν
2784 1053 2913 1107 Υίδν
2943 1053 3112 1122 λέγοι,
3149 1054 3406 1123 ἀνάθεμα
3434 1055 3621 1114 ἔστω.

348 1149 464 1211 sit;
500 1162 608 1199 non
644 1145 849 1198 etcnitn
880 1142 1054 1195 invito
1094 1141 1275 1200 Patre.
1312 1140 1542 1193 naturali
1587 1141 1916 1196 necessitate

2049 1149 2098 1201 lt'a
2115 1148 2224 1223 [dp
2246 1148 2318 1219 μὴ
2351 1147 2677 1218 βουλομένου
2694 1145 2792 1198 τοῦ
2819 1145 3056 1214 Πατρδς,
3099 1143 3344 1213 βιασθεὶς
3364 1148 3394 1198 ὁ
3423 1145 3617 1217 Πατὴρ

347 1250 574 1293 coactus
607 1237 717 1297 ille,
754 1236 940 1288 volens
973 1234 1161 1301 genuit
1191 1232 1415 1294 Filium.
1441 1247 1630 1286 verum
1656 1249 1760 1286 una
1793 1248 1915 1287 cum

2043 1243 2128 1294 ιπδ
2158 1241 2404 1310 ἀνάγκης
2428 1243 2688 1310 φυσικῆς,
2717 1235 2877 1300 αὖθις
2902 1237 2977 1300 ὥς
3005 1237 3106 1289 οὐκ
3135 1236 3326 1307 ἢθελεν
3351 1239 3611 1308 ἐγέννησε

351 1330 470 1398 ipsa
503 1330 806 1389 voluntate,
842 1335 897 1379 et
929 1325 1136 1392 absque
1169 1332 1438 1392 tempore,
1473 1333 1530 1378 et
1559 1324 1769 1392 absque
1797 1339 1919 1390 pcr-

2057 1333 2113 1385 ὺν
2146 1333 2275 1385 Υἱόν
2297 1349 2310 1362 ο
2341 1332 2456 1386 ἀλλ’
2489 1331 2606 1399 ἅμα
2651 1347 2709 1382 τε
2743 1328 3014 1398 ἐϐουλήθη
3041 1369 3055 1392 ,
3094 1331 3191 1383 καὶ
3241 1329 3492 1397 ἀχρόνως
3521 1331 3625 1382 καὶ

349 1421 626 1490 pessione,
659 1435 724 1472 ex
759 1435 818 1471 se
853 1418 1098 1486 genitum
1142 1415 1320 1484 ipsum
1369 1415 1644 1470 exhibuit.
1697 1415 1752 1470 Si
1797 1415 1917 1482 quis

2047 1423 2250 1486 ιπαθῶς
2291 1423 2350 1488 ἐξ
2383 1422 2551 1476 αὐτοῦ
2586 1421 2751 1474 αὐτὸν
2796 1421 3071 1489 γεννήσας
3102 1418 3400 1482 ἐπέδειξεν.
3436 1421 3502 1472 Et'
3529 1437 3615 1482 τις

351 1514 654 1581 ingenitum
681 1519 736 1564 et
764 1508 1019 1578 principii
1053 1517 1335 1577 expertem
1367 1507 1515 1562 dicat
1545 1508 1768 1573 Filium,
1805 1517 1919 1562 tan-

2044 1513 2318 1580 ιγέννητον
2341 1512 2433 1564 καὶ
2450 1510 2689 1580 ἄναρχον
2709 1509 2860 1576 λέγοι
2882 1508 2972 1561 τὸν
3000 1507 3148 1570 Υίὺν,
3176 1505 3252 1571 ὡς
3271 1507 3367 1560 δύο
3397 1509 3612 1579 άναρχα

351 1618 513 1672 quam
559 1603 668 1655 duo
703 1602 944 1670 ingenita
991 1611 1046 1654 et
1080 1601 1189 1654 duo
1227 1599 1498 1669 principio
1544 1599 1785 1653 carentia
1833 1599 1919 1653 di-

2052 1608 2118 1659 ;αὶ
2148 1603 2240 1657 δύο
2279 1604 2551 1673 ἀγέννητοι
2590 1603 2787 1670 λέγων,
2829 1600 3045 1654 καὶδύο
3071 1599 3240 1652 ποιῶν
3277 1600 3455 1665 θεοὺς,
3486 1603 3620 1655 ἀνά-

351 1711 504 1758 cens,
533 1706 589 1748 ct
627 1694 765 1747 duos
807 1694 938 1745 deos
966 1702 1237 1755 statuens,
1273 1691 1568 1744 anathema
1611 1691 1684 1744 sit
1713 1709 1727 1744 ε
1756 1699 1919 1760 caput

2051 1708 2170 1764 ιεμα
2213 1697 2376 1749 ἔστω.
2426 1694 2650 1763 Κεφαλὴ
2695 1694 2805 1763 γάρ
2855 1694 2974 1745 ἐστι
3007 1693 3100 1744 καὶ
3129 1691 3274 1762 ἀρχὴ
3327 1693 3548 1744 πάντων
3588 1695 3619 1746 ὁ

351 1801 590 1854 namque
621 1796 703 1838 est
757 1798 809 1838 et
864 1784 1192 1852 principium
1241 1783 1485 1836 omnium
1523 1782 1712 1845 Filius,
1759 1792 1919 1851 caput

2049 1789 2194 1851 ὒεός·
2229 1787 2439 1856 κεφαλὴ
2480 1787 2535 1839 δέ
2572 1790 2692 1840 ἔστι
2725 1786 2820 1838 τοῦ
2875 1783 3116 1856 Χριστοῦ
3159 1787 3187 1838 ό
3235 1784 3389 1846 Θεός.
3422 1784 3617 1847 Οῦτως

353 1885 537 1928 autem
571 1873 773 1928 Christi
819 1873 975 1924 Deus.
1015 1872 1088 1925 Ita
1128 1871 1272 1924 enim
1312 1872 1377 1924 ad
1424 1887 1593 1924 unum
1642 1870 1802 1924 initio
1831 1886 1921 1924 ca-

2050 1881 2136 1951 ’ἀρ
2162 1882 2242 1943 εἰς
2278 1880 2407 1950 μίαν
2433 1880 2667 1948 ἄναρχον
2691 1877 2800 1932 τῶν
2827 1878 2966 1931 ὅλων
2997 1877 3177 1947 ἀρχὴν
3202 1876 3272 1930 δι’
3302 1877 3430 1930 Υίοῦ
3460 1878 3618 1929 εὐσε-

355 1980 486 2018 rens
536 1979 721 2017 rertnn
773 1964 1019 2016 omnium
1060 1962 1415 2030 principium,
1448 1977 1545 2029 per
1589 1961 1788 2015 Filium
1837 1961 1923 2030 pie

2028 1973 2138 2036 σῶς
2171 1973 2238 2024 τά
2269 1973 2446 2025 πάντα
2477 1973 2771 2039 ἀνάγομεν.
2801 1970 2912 2022 Καὶ
2939 1969 3105 2023 πάλιν
3139 1968 3235 2022 οὖν
3267 1969 3585 2038 διακριϐοῦν

357 2058 539 2109 omnia
585 2054 895 2107 referimus.
933 2057 1008 2106 Ac
1045 2055 1227 2109 denuo
1273 2052 1682 2108 Christianismi
1715 2051 1925 2106 certius

2063 2077 2120 2122 ες
2149 2059 2243 2112 τοῦ
2275 2058 2704 2128 Χριστιανισμοῦ
2751 2057 2852 2128 τὴν
2893 2058 3104 2111 ἔννοιαν
3126 2098 3140 2121 ,
3169 2058 3422 2127 λέγομεν,
3455 2061 3540 2110 ὅτι
3569 2058 3627 2110 εἰ

357 2146 775 2212 accuratiusque
826 2145 1154 2199 sententiam
1208 2146 1587 2216 inquirentes,
1641 2144 1923 2199 dicimus:

2054 2168 2113 2214 τις
2137 2151 2373 2221 Χριστὸν
2399 2149 2605 2217 Ἰησοῦν
2634 2149 2760 2201 Υξὸν
2790 2148 2884 2201 τοῦ
2907 2149 3044 2202 Θεοῦ
3084 2150 3190 2218 πρὸ
3220 2150 3434 2202 αἰώνων
3465 2151 3622 2211 ὄντα,

359 2239 414 2293 Si
441 2240 564 2308 quis
595 2241 871 2292 Christum
897 2239 1080 2293 Jesum
1118 2237 1314 2292 Filium
1355 2237 1449 2292 Dei
1482 2237 1927 2290 antesaacnlarem

2058 2243 2424 2314 ›πουργηκὸτα
2463 2241 2539 2308 τῷ
2571 2243 2744 2310 Πατρὶ
2789 2242 2870 2302 είς
2906 2240 3005 2312 τὴν
3037 2241 3146 2294 τῶν
3179 2240 3319 2294 ὅλων
3349 2241 3413 2309 δη
3427 2258 3626 2311 {atoue-

361 2328 683 2382 inscrviissc
729 2330 876 2383 Patri
916 2330 966 2382 in
1001 2345 1186 2383 rerum
1220 2321 1604 2382 universarum
1649 2327 1929 2382 creatione

2052 2337 2158 2404 τίαν
2190 2336 2264 2406 μὴ
2299 2335 2468 2403 λέγοι,
2499 2333 2612 2388 ἀλλ’
2649 2334 2708 2398 ἐξ
2746 2327 2807 2386 οὗ
2849 2334 3114 2402 ἐγεννήθη
3146 2336 3209 2386 ἐκ
3243 2334 3486 2400 Μαρίας,
3521 2333 3620 2386 εκ-

358 2436 470 2473 non
503 2421 669 2482 dicat,
706 2421 800 2474 sed
844 2437 907 2473 ex
953 2436 1064 2490 quo
1109 2419 1274 2472 Maria
1306 2419 1526 2488 genitus
1553 2429 1659 2480 est.
1698 2428 1810 2473 tum
1845 2417 1926 2471 Fi-

2059 2444 2153 2481 ats
2186 2429 2277 2481 καὶ
2306 2427 2434 2479 Υίὸν
2470 2427 2566 2479 καὶ
2591 2425 2828 2495 Χριστὸν
2859 2425 3184 2492 κεκλῆσθαι,
3212 2426 3306 2478 καὶ
3334 2424 3511 2494 ἀρχὴν
3543 2426 3627 2477 ei-

358 2511 495 2565 liutn
535 2521 589 2566 et
618 2512 899 2567 Christum
942 2523 1197 2566 vocatum
1244 2531 1386 2579 esse,
1418 2521 1473 2564 et
1505 2510 1836 2580 principium
1870 2518 1926 2564 ut

2058 2521 2264 2590 .ηφέναι
2287 2519 2382 2572 τοῦ
2405 2518 2540 2571 Θεὸν
2565 2514 2728 2582 εἶναι,
2761 2517 3014 2586 ἀνάθεμα
3054 2516 3218 2581 ἔστω,
3254 2517 3328 2579 ὡς
3377 2519 3406 2570 ὁ
3442 2517 3626 2584 Σαμο-

359 2604 506 2659 Deus
551 2615 698 2659 esset
756 2606 857 2675 (l),
897 2607 1144 2676 {inpiae
1191 2617 1439 2670 asserat,
1493 2608 1582 2662 ille
1635 2605 1927 2660 anathema

2059 2612 2254 2670 πατεύς.
2300 2609 2521 2679 Ἐπειδὴ
2551 2610 2678 2676 περὶ
2729 2609 2966 2671 πίστεως
3003 2607 3153 2671 ἔδοξέ
3186 2625 3309 2661 τινα
3333 2608 3627 2676 διάσκεψιν

361 2705 484 2751 esto
526 2715 539 2750 :
588 2699 749 2753 sicuti
807 2698 1200 2754 Samosatenus
1238 2703 1458 2756 Paulus.
1497 2701 1648 2755 Fidei
1699 2700 1929 2754 formula

2058 2701 2390 2772 πεγενῆσθαι,
2420 2702 2513 2754 καὶ
2567 2702 2746 2756 πάντα
2777 2699 3042 2769 ἀσφαλῶς
3073 2697 3313 2768 ὲζητήθη
3341 2699 3438 2752 καὶ
3466 2698 3626 2768 διηρ-

363 2791 525 2844 aliter
557 2791 698 2859 apud
727 2791 985 2846 Sirmium
1017 2791 1208 2847 Latine
1230 2793 1403 2855 edita,
1425 2804 1482 2846 et
1505 2792 1691 2848 Graece
1719 2806 1877 2846 versa
1915 2808 1929 2843 :

2056 2795 2288 2866 ιηνεύθη
2327 2797 2385 2850 ἐν
2435 2795 2514 2864 τῷ
2547 2794 2765 2864 Σιρμίῳ
2817 2795 2912 2846 ἐπὶ
2945 2791 3222 2864 παρουσίᾳ
3281 2792 3624 2858 Οὐάλεντος,

363 2883 817 2951 Quandoquidem
856 2884 1034 2938 visum
1071 2896 1176 2947 est,
1216 2893 1276 2937 ut
1308 2885 1375 2938 de
1408 2884 1513 2937 ﬁde
1549 2884 1931 2939 considerare-

2058 2888 2372 2958 λὺρσακίου,
2423 2888 2517 2940 καὶ
2548 2885 2878 2956 Γερμηνίου,
2911 2883 3007 2936 καὶ
3039 2883 3148 2935 τῶν
3191 2882 3420 2937 λοιπῶν.
3456 2884 3626 2936 Συνέ-

368 2984 478 3038 tur,
515 2975 699 3028 omnia
729 2985 883 3028 certo
912 2976 1185 3043 exquisita
1219 2986 1274 3030 et
1299 2975 1548 3045 exposita
1578 2986 1708 3031 sunt
1745 2976 1932 3031 Sirmii

2062 2996 2238 3050 πτηκεν
2260 2979 2354 3032 ἕνα
2381 2977 2518 3030 Θεὸν
2553 2973 2694 3029 εἶναι
2730 2976 2950 3046 Πατέρα
2970 2976 3414 3046 παντοκράτορα,
3438 2974 3630 3038 καθὼς

367 3063 532 3135 754
576 3065 628 3117 in
668 3066 956 3134 praesentia
985 3066 1249 3128 Valentis,
1293 3066 1523 3127 Ursacii.
1554 3065 1822 3122 Gertninii
1879 3075 1935 3120 et

2062 3071 2136 3123 ιαὶ
2168 3072 2226 3122 ἐν
2261 3069 2410 3138 πάσῃ
2452 3069 2516 3136 τῇ
2544 3065 2836 3136 οἰκουμένῃ
2887 3064 3324 3131 καταγγέλλεται
3346 3081 3362 3097 ο
3397 3066 3494 3116 καὶ
3527 3065 3630 3118 ἕνα

369 3157 713 3224 reliquorum
765 3174 778 3210 :
834 3157 1082 3212 constitit
1133 3157 1317 3228 itaque
1376 3173 1543 3210 unum
1591 3173 1712 3214 csse
1765 3159 1934 3212 Deum

2086 3157 2310 3226 ονογενῆ
2346 3155 2513 3209 αὑτοῦ
2565 3155 2693 3207 Υἱον
2740 3154 2949 3221 Ἰησοῦν
2976 3153 3238 3223 Χριστὸν,
3268 3153 3362 3206 τὸν
3411 3153 3653 3221 Κύριον.

369 3245 588 3300 Patrem
632 3247 1085 3314 omnipotentem,
1117 3247 1584 3316 quemadmodum
1620 3258 1676 3301 et
1708 3249 1761 3303 in
1810 3249 1937 3303 uni—

2089 3249 2138 3301 αὶ
2182 3247 2313 3300 Θεὸν
2354 3247 2452 3299 καὶ
2481 3245 2713 3314 Σωτῆρα
2743 3244 2926 3314 ἡμῶν,
2960 3243 3022 3308 ἐξ
3064 3243 3236 3296 αὑτοῦ
3275 3245 3384 3316 πρὸ
3408 3244 3657 3298 αἰώνων.

369 3353 530 3391 verso
562 3328 697 3390 orbe
726 3338 1108 3391 annuntiatur.
1146 3337 1216 3392 Et
1245 3353 1416 3391 unum
1449 3339 1794 3408 unigenitum
1820 3341 1937 3410 ejus

2061 3339 2391 3409 γεννηθέντα.
2416 3338 2519 3390 Δύο
2539 3337 2596 3389 δὲ
2629 3336 2797 3398 Θεοῦς
2833 3335 2909 3406 μὴ
2939 3337 3140 3406 χρῆναι
3171 3335 3358 3404 λέγειν
3377 3352 3394 3369 ·
3428 3337 3629 3397 δπειδὴ

371 3429 570 3483 Filium
623 3428 809 3481 Jesum
849 3429 1154 3488 Christum.
1213 3429 1505 3482 Dominum
1561 3438 1618 3483 et
1665 3430 1836 3485 Deum
1885 3435 1939 3484 et

2065 3431 2138 3484 cui.
2175 3431 2338 3492 αὐτὸς
2384 3429 2608 3498 εἴρηκεν
2638 3426 2667 3478 ὁ
2699 3426 2911 3496 Σωτὴρ,
2950 3427 3285 3496 Πορεύομαι
3324 3427 3477 3494 πρὸς
3507 3428 3633 3482 τὸν

375 3520 730 3574 Servatorem
767 3527 1041 3579 nostrum.
1075 3535 1141 3572 ex
1185 3535 1252 3574 eo
1284 3529 1411 3573 ante
1443 3519 1640 3574 saecula
1672 3521 1940 3589 genitum.

2062 3522 2279 3590 Πατέρα
2317 3537 2460 3589 μου,
2509 3518 2607 3572 καὶ
2652 3518 2890 3586 Πατέρα
2930 3517 3120 3587 ὑμῶν,
3167 3519 3264 3574 καὶ
3301 3520 3450 3574 Θεόν
3481 3538 3630 3589 μου,

375 3607 496 3661 Non
528 3619 708 3661 autem
754 3606 894 3660 duos
931 3617 1188 3676 oportere
1235 3608 1416 3662 dicere
1448 3608 1588 3664 Deos
1625 3627 1638 3663 :
1671 3610 1942 3679 siquidem

2060 3608 2144 3663 sal
2177 3609 2329 3662 Θεὸν
2371 3604 2558 3674 ὑμῶν.
2594 3605 2694 3658 Διά
2729 3605 2888 3658 τοῦτο
2922 3608 3018 3661 καὶ
3057 3607 3278 3660 πάντων
3309 3609 3443 3671 Θεός
3480 3609 3628 3672 ἐστι,

380 3713 432 3754 ct
467 3700 584 3768 ipse
617 3699 876 3752 Servator
905 3699 1045 3754 dixit
1079 3717 1095 3753 :
1148 3699 1294 3754 Vada
1333 3699 1403 3753 ad
1431 3699 1650 3754 Patrem
1690 3717 1864 3756 meum
1894 3710 1945 3756 et

2067 3700 2230 3763 ιαθὼς
2267 3701 2412 3752 καὶὸ
2462 3698 2790 3762 Ἀπόστολος
2843 3698 3082 3764 ἐδίδαξεν
3107 3716 3121 3730 ο
3178 3701 3258 3754 Ἦ
3321 3701 3635 3756 Ἰουδαίων·

386 3791 602 3842 Patrem
627 3797 876 3850 vestrum,
902 3801 950 3842 et
971 3789 1136 3844 Deum
1162 3807 1336 3844 meum
1365 3800 1414 3844 et
1444 3791 1613 3846 Deum
1641 3802 1872 3848 vestrum
1897 3795 1942 3848 '.

2068 3793 2258 3858 ιόνον,
2291 3789 2429 3857 οὐχι
2455 3789 2524 3842 δὲ
2554 3788 2654 3842 καὶ
2692 3787 2920 3854 sar-(Br;
2947 3789 3047 3842 ναὶ
3078 3790 3180 3843 και
3219 3790 3438 3845 ἐθνῶν·
3461 3792 3636 3859 ειπερ

380 3882 612 3949 Propter
640 3882 786 3950 quod
825 3891 882 3934 et
921 3883 1166 3936 omnium
1198 3883 1342 3937 Deus
1369 3895 1478 3948 est,
1519 3886 1683 3940 sicuti
1711 3885 1946 3956 Aposto-

2060 3879 2136 3951 εις
2198 3881 2362 3948 Θεὸς,
2394 3881 2462 3948 ὃς
2503 3878 2806 3934 δικαιώσει
2855 3880 3184 3950 περιτομὴν
3227 3882 3296 3936 ἐκ
3342 3884 3628 3948 πίστεως.

378 3972 466 4025 lus
505 3988 724 4042 quoque
781 3973 1011 4028 docuit:
1048 3974 1132 4026 An
1177 3973 1484 4028 Judworum
1520 3976 1656 4031 Deus
1695 3977 1946 4032 tantum?

2063 3978 2161 4030 Καὶ
2185 3975 2253 4028 τὰ
2286 3975 2385 4043 μὲν
2426 3973 2588 4024 λοιπά
2637 3973 2818 4025 πάντα
2878 3975 3184 4040 συμφωνεῖ,
3220 3976 3316 4027 καὶ
3365 3975 3631 4044 οὐδεμίαν

381 4078 486 4115 non
528 4074 706 4117 «intem
751 4071 800 4116 et
837 4065 1120 4132 gentium?
1171 4066 1404 4135 profecto
1438 4069 1675 4138 gentium
1721 4085 1946 4140 quoque.

2069 4065 2382 4138 ὶμφιῦολίαν
2413 4065 2528 4134 έχει
2555 4078 2571 4098 ο
2601 4065 2726 4116 ἐπεὶ
2764 4063 2822 4116 δὲ
2857 4063 3090 4126 πολλούς
3119 4081 3274 4128 τινας
3303 4069 3446 4119 κινεῖ
3503 4067 3637 4135 περὶ

380 4153 648 4222 Siquidem
678 4171 812 4207 unus
846 4155 1006 4220 Deus,
1031 4157 1122 4226 qui
1152 4156 1469 4228 justiﬁeabit
1496 4161 1948 4216 circumcisiouem

2070 4162 2150 4231 ri];
2187 4158 2487 4228 λεγομένης
2541 4154 2843 4227 Ῥωμαϊστὶ
2888 4157 3302 4222 σουνσταντίας,
3355 4158 3638 4226 ἑλληνιστὶ

383 4258 448 4295 ea:
473 4243 574 4310 [ide
602 4243 644 4294 ³.
679 4242 745 4297 Et
776 4244 986 4313 reliqua
1027 4246 1252 4314 quidem
1283 4247 1468 4303 omnia
1509 4265 1752 4306 consona
1794 4259 1948 4317 sunt,

2070 4253 2108 4305 is
2159 4249 2460 4320 λεγομένης
2515 4248 2722 4312 οὐσίας,
2766 4247 3051 4301 τουτέστιν
3101 4247 3190 4301 ῐνα
3239 4249 3638 4320 ἀκριῦέστερον

382 4342 440 4386 et
482 4333 615 4387 nihil
660 4335 865 4390 habent
907 4335 1084 4390 dubii.
1133 4337 1404 4403 Quoniam
1453 4355 1586 4394 vero
1640 4344 1947 4410 permultos

2069 4341 2270 4412 γνωσθῇ
2303 4340 2364 4393 τὸ
2384 4339 2747 4410 ὁμοιοούσιον,
2767 4337 2888 4408 ἦτοι
2913 4337 2974 4390 τὸ
3004 4337 3299 4407 λεγόμενον
3324 4339 3637 4407 ὀμοούσιον·

387 4435 568 4480 movet
599 4427 922 4482 substantia:
948 4427 1203 4496 verbum,
1239 4429 1345 4485 hoc
1389 4440 1474 4486 est
1506 4438 1591 4503 (ut
1625 4435 1834 4490 certius
1864 4436 1947 4490 iu-

2068 4435 2114 4488 ιύ
2173 4432 2278 4503 χρή
2326 4447 2449 4484 τινα
2495 4429 2778 4492 παντελῶς
2813 4427 3024 4482 τούτων
3080 4428 3302 4499 μνήμην
3355 4429 3636 4497 γενέσθαι,

386 4518 683 4590 telligatur)
716 4520 778 4572 τὸ
812 4521 1172 4588 ὁμοιοούσιον,
1207 4522 1378 4577 simili
1413 4524 1798 4590 substantiale,
1833 4527 1949 4582 sive

2072 4525 2173 4578 ιύδὲ
2195 4525 2325 4594 περὶ
2354 4523 2559 4576 τούτων
2587 4520 2906 4589 ἐξηγεῖσθαι
2935 4524 3002 4592 τῇ
3043 4520 3369 4592 Ἐκκλησίᾳο
3392 4521 3482 4574 διὰ
3501 4522 3640 4574 ταύ-

383 4609 445 4660 τὸ
482 4609 794 4677 ὀμοοῦσιον,
851 4610 1345 4676 consubstantiale,
1395 4615 1670 4669 neminem
1723 4630 1951 4685 prorsus

2072 4635 2154 4688 ιην
2184 4616 2301 4686 ζτὴν
2344 4613 2527 4668 αἰτίαν
2567 4613 2662 4666 καὶ
2687 4612 2793 4688 διὰΔ
2814 4612 3007 4666 τοῦτον
3039 4616 3129 4665 τὸν
3157 4611 3538 4682 λογισμὸν,ὃτι
3578 4616 3640 4667 ὲν

388 4704 724 4756 mentionem
758 4704 1062 4758 dictionum
1096 4719 1286 4758 earum
1317 4703 1518 4769 facere,
1559 4721 1738 4776 neque
1765 4723 1859 4761 eas
1893 4708 1950 4761 in

2070 4685 2177 4771 ταῖς
2195 4685 2377 4769 θείαις
2407 4705 2648 4775 Γραφαίς
2675 4705 2736 4756 οὐ
2765 4685 3078 4775 γέγραπται
3114 4705 3244 4775 περὶ
3267 4705 3473 4758 τούτων
3503 4722 3521 4739 ο
3543 4707 3638 4758 καὶ

389 4791 630 4844 Ecclesia
667 4792 868 4847 docere
908 4803 1152 4862 oportet,
1186 4802 1412 4863 propter
1459 4796 1598 4850 hanc
1642 4811 1862 4852 causam
1896 4806 1954 4852 et

2069 4803 2138 4854 5τι
2172 4799 2346 4852 ταῦτα
2373 4798 2515 4866 ὑπὲρ
2552 4797 2652 4866 τὴν
2687 4796 2796 4848 τῶν
2829 4796 3136 4863 ἀνθρώπων
3163 4796 3369 4864 γνῶσιν
3414 4799 3511 4850 καὶ
3546 4797 3637 4850 τὸν

390 4883 676 4947 rationem,
709 4883 855 4952 quod
901 4885 954 4938 in
1001 4885 1202 4940 divinis
1245 4884 1548 4955 Scripturis
1587 4887 1658 4942 de
1705 4891 1772 4944 iis
1817 4889 1957 4944 scri-

2069 4887 2406 4959 ἀνθρώπινον
2457 4883 2582 4938 νοῦν
2628 4885 2744 4936 ἐστι
2768 4899 2783 4915 ο
2821 4884 2920 4936 καὶ
2959 4886 3042 4936 ὅτι
3066 4885 3244 4945 οὐδεὶς
3283 4882 3508 4936 δύναται
3537 4884 3637 4954 τὴν

391 4983 545 5040 ptutn
598 4989 706 5026 non
745 4975 836 5039 sit,
869 4985 927 5030 et
966 4986 1185 5046 captum
1239 4977 1494 5032 humana:
1543 4981 1741 5033 mentis
1769 4989 1827 5034 ct
1866 4995 1958 5034 co-

2072 4984 2256 5050 γενεὰν
2287 4975 2674 5046 διηγήσασθαὶ,
2705 4975 2890 5039 καθὼς
2921 4976 3256 5045 γέγραπται·
3287 4975 3405 5042 Τὴν
3423 4977 3640 5045 γενεὰν

391 5063 656 5134 gnitionis
688 5067 958 5120 excedant
998 5087 1011 5120 :
1055 5070 1315 5139 quodque
1349 5085 1512 5123 nemo
1537 5071 1948 5138 generationem

2070 5069 2243 5127 αὑτοῦ
2292 5070 2386 5133 τίς
2422 5066 2773 5136 διηγήσεται
2800 5084 2821 5130 ;
2849 5068 3028 5121 Μόνον
3065 5067 3122 5119 δὲ
3163 5069 3361 5120 εἰδέναι
3398 5067 3488 5119 τὸν
3524 5068 3638 5120 [Ια-

394 5153 520 5207 Filii
572 5155 850 5222 explicare
902 5158 1118 5225 possit,
1167 5159 1631 5227 quemadmodum
1686 5162 1954 5229 scriptum

2067 5166 2190 5234 τέρα
2219 5160 2451 5232 φανερόν
2481 5160 2598 5211 ἐστι
2627 5159 2744 5221 πῶς
2776 5159 2865 5212 τὸν
2903 5160 3025 5212 Υίὸν
3058 5159 3316 5228 ἐγέννησε
3342 5173 3356 5187 ⁸
3387 5160 3484 5211 καὶ
3525 5159 3635 5212 πά-

393 5253 498 5305 est,
523 5243 928 5299 Ceuerationem
958 5248 1069 5316 ejus
1091 5249 1206 5317 quis
1238 5249 1508 5302 euarrabit
1533 5252 1596 5303 ⁸⁸2
1626 5251 1740 5305 Soli
1772 5261 1955 5306 autem

2069 5258 2141 5307 λιν
2171 5255 2264 5304 τὸν
2295 5252 2444 5313 Υίδν,
2475 5249 2591 5312 τιῶς
2617 5250 2782 5313 αὐτὸς
2804 5250 3128 5320 γεγέννηται
3155 5250 3262 5301 ἀπὸ
3288 5248 3637 5320 τοῦίΠατρὸς.

396 5332 542 5388 Patri
581 5337 932 5392 manifestum
961 5348 1066 5402 est,
1099 5339 1376 5407 quomodo
1409 5339 1604 5392 Filium
1636 5343 1824 5409 genuit
1857 5360 1870 5396 :
1903 5350 1960 5395 et

2089 5344 2251 5398 ὶὺδενὶ
2279 5343 2335 5395 δὲ
2363 5339 2667 5412 ἀμφίϐολόν
2693 5341 2811 5392 ἐστι
2843 5338 3075 5408 μείζονα
3127 5334 3266 5390 εἶναι
3295 5336 3385 5389 τὸν
3417 5337 3657 5405 Πατέρα.¹

399 5422 526 5477 item
576 5427 732 5494 Filio,
767 5430 1046 5499 quomodo
1084 5430 1200 5498 ipse
1230 5432 1448 5499 genitus
1477 5431 1548 5484 sit
1579 5448 1609 5485 a
1643 5433 1821 5487 Patre.
1857 5432 1961 5486 Nec

2081 5439 2194 5504 τιμῇ
2244 5435 2341 5487 καὶ
2382 5434 2510 5503 ἀξία
2543 5433 2636 5484 καὶ
2678 5431 2892 5504 θεότητι
2919 5447 2933 5462 ⁸
2987 5433 3082 5485 καὶ
3123 5429 3272 5500 αὐτῷ
3300 5430 3378 5502 τῷ
3409 5431 3649 5501 ὀνόματι,

473 5547 802 5616 'Joan.x1v,
827 5548 914 5606 16.
989 5552 1008 5581 ²
1039 5547 1272 5604 ibid.28.
1353 5547 1372 5578 ³
1401 5548 1555 5602 Rom.
1599 5563 1679 5606 ιιι.
1714 5547 1803 5602 :29.
1880 5549 1900 5579 ⁵
1942 5548 2046 5604 lsa.
2083 5565 2199 5616 LIII,
2237 5550 2289 5603 8.

475 5704 552 5772 (t)
588 5702 694 5754 Τοῦ
728 5702 862 5755 Θεοῦ
901 5700 1061 5770 εἶναι,
1089 5714 1142 5757 ut
1173 5703 1264 5757 Dei
1296 5714 1448 5758 esset.
1484 5703 1696 5760 Socrat.
