3970 6190
379 307 476 372 351
1370 382 1375 385 Α
1594 317 2014 382 NICEPIIORI
2056 324 2397 385 CALLlSTI

833 425 996 497 753
1020 425 1247 481 CAPUT
1285 382 1501 483 xxix".

384 511 699 586 Utytyranm’
734 516 1097 572 Occidentales
1137 520 1240 571 sint
1292 520 1504 579 devicti.
1538 519 1820 576 Britannia
1850 526 1952 578 sci-

452 584 572 639 licet
606 597 655 659 et
693 586 1047 659 Magnentius.
1075 587 1156 659 De
1188 586 1391 642 Iudicis
1428 589 1948 659 Diocwsariensibus,

448 663 500 708 et
524 665 583 708 ut
610 654 803 712 Gallus
829 655 1012 710 Casar
1039 657 1108 710 sit
1133 658 1460 728 interfectus.

450 836 755 908 Imperator
789 844 970 892 autem
1017 838 1284 893 adversus
1336 847 1599 910 tyrannos
1645 843 1946 898 exercitum

378 931 554 992 «luxit,
583 944 638 983 et
659 929 1073 984 conditionibus
1095 931 1379 1001 pactisque
1402 934 1569 988 certis
1588 934 1793 989 bellum
1820 951 1945 990 cum

376 1019 727 1075 Britannione
778 1019 1028 1086 decidit,
1083 1021 1357 1077 militibus
1415 1024 1569 1078 illius
1622 1034 1683 1080 ut
1730 1027 1946 1081 animos

376 1118 677 1176 mutarent,
718 1119 775 1166 et
815 1126 876 1166 se
916 1128 1084 1166 unum
1111 1113 1499 1182 imperatorem
1531 1115 1945 1172 acclamationi-

375 1201 481 1255 bus
540 1204 954 1268 renuntiarent,
1015 1205 1323 1273 persuasis.
1394 1204 1529 1259 Nam
1594 1207 1811 1262 insidiis
1864 1209 1948 1265 eis

373 1293 630 1361 cognitis,
668 1293 952 1349 Britannio
986 1295 1054 1349 ad
1087 1295 1254 1365 pedes
1294 1296 1646 1365 imperatoris
1679 1300 1946 1369 supplicis

372 1384 566 1439 habitu
601 1386 988 1440 miserabiliter
1007 1396 1093 1440 est
1120 1388 1463 1459 provolutus,
1497 1390 1561 1443 Et
1586 1389 1945 1448 Constantius

372 1476 423 1529 ei
466 1478 683 1545 imperii
712 1479 1285 1548 insignia,purpuram
1312 1490 1366 1534 et
1389 1496 1648 1535 coronam
1682 1484 1940 1547 detraxit,

372 1570 730 1639 quietumque
761 1578 818 1623 et
856 1569 1132 1640 privatum
1177 1585 1299 1625 esse
1337 1573 1499 1640 iussit
1546 1590 1561 1628 :
1607 1574 1722 1627 stuni
1770 1575 1943 1644 magis

372 1660 670 1715 convenire
697 1660 912 1727 dicens,
956 1670 1017 1715 ut
1048 1663 1101 1716 in
1143 1663 1259 1715 otio
1287 1662 1516 1725 viveret,
1542 1680 1705 1733 quam
1739 1680 1938 1719 nomen

3520 342 3633 406 3δῖ

2631 445 2884 500 ΚΕΦΑΛ.
2922 445 3048 503 AB".

2052 528 2191 597 Περὶ
2224 529 2335 606 τῆς
2364 531 2548 598 ἥττης
2584 532 2712 606 ,τῶν
2754 536 3083 601 Ἐσπερίων
3129 537 3461 606 τυράννων,
3493 548 3641 599 Ohe}.

2123 602 2450 676 rparlawoq-
2493 602 2611 676 acui
2652 607 3032 676 Μαγνεντιόυ
3056 623 3071 638 ·
3130 602 3225 660 xci)
3249 612 3384 676 περὶ
3416 612 3535 664 τῶν
3559 617 3627 666 ἐν

2125 672 2542 749 διοκαιςαρείᾳ
2566 671 2877 728 Ἰουδαίων
2901 693 2915 704 ·
2938 677 3039 729 καί
3072 677 3152 742 ὡς
3176 671 3436 749 ἀωρέθη
3465 680 3627 736 Γάλ-

2123 741 2235 804 λος
2264 741 2298 793 ὁ
2327 740 2581 810 Καῖσαρ.

2135 843 2194 897 ⁸0
2226 845 2284 899 δὲ
2321 846 2575 916 βασιλεὺς
2600 849 2669 903 τὰ
2697 851 2807 904 τῶν
2838 853 3120 921 τυράννων
3169 859 3305 925 μετή
3317 875 3495 930 ρχετο,
3532 863 3628 915 ml.

2050 936 2142 987 ἐπὶ
2192 938 2385 1005 ῥηταῖς
2439 939 2742 1010 συνθήκαις
2792 944 2849 1003 ὲς
2896 945 3063 996 ταυτδ
3117 947 3340 1014 πρῶτον
3384 944 3488 1019 ἧκε
3547 953 3629 1021 τῷ

2050 1025 2394 1093 Βρετανίωνι.
2426 1032 2622 1093 Πείσας
2652 1032 2708 1085 δὲ
2754 1034 2883 1096 τοὺς
2913 1035 3005 1088 ὑπ’
3043 1039 3250 1090 ἐκεῖνον
3283 1044 3637 1108 στρατιώτας

2052 1114 2384 1184 μεταθέσθαι
2436 1117 2537 1187 τῆς
2584 1119 2831 1190 γνώμης,
2874 1123 2971 1175 καὶ
3034 1125 3198 1192 μόνον
3256 1127 3627 1197 ἀναγορεῦσαι

2048 1209 2430 1262 Κωνστάντιον
2457 1249 2471 1274 ,
2498 1211 2662 1279 γνοὺς
2690 1214 2900 1276 ἐκεῖνος
2920 1215 3350 1288 τὴνὲπιὸτιυλὴν,
3385 1224 3492 1288 πρὸ
3513 1222 3626 1274 τῶν

2050 1299 2229 1353 ποδῶν
2260 1318 2357 1354 του
2396 1302 2659 1372 βασιλέως
2688 1304 3018 1360 ἐκαλινδεῖτο
3041 1311 3253 1379 πρηνής
3276 1327 3289 1341 ·
3319 1315 3412 1365 καὶ
3443 1313 3628 1384 ἱκέτης

2048 1393 2284 1455 ἐλεεινὸς
2317 1390 2409 1465 ἦν.
2450 1395 2834 1455 Κωνστάντιος
2857 1399 2915 1451 δὲ
2953 1401 3023 1453 τὰ
3060 1401 3308 1469 σύμϐολα
3339 1403 3441 1472 τῆς
3466 1405 3626 1474 βασι·-

2044 1483 2196 1546 λείας
2226 1485 2420 1555 ἐκείνῳ
2452 1486 2744 1556 περιελὼν,
2771 1490 3037 1558 ἁλουργὶς
3068 1492 3127 1545 δὲ
3155 1491 3327 1547 ταῦτα
3355 1490 3497 1565 ἦσαν
3528 1497 3628 1549 καὶ

2046 1575 2333 1642 στέφανος,
2363 1577 2419 1628 ὲν
2454 1579 2654 1648 ἠσυχίᾳ
2689 1581 2874 1648 μένειν
2918 1583 3014 1633 καὶ¹
3065 1583 3289 1648 ίδιάζειν
3321 1589 3628 1656 προσέτατ-

2043 1681 2100 1717 τε
2127 1681 2141 1694 ·
2193 1665 2283 1718 τὸν
2315 1667 2423 1734 γὰρ
2476 1668 2793 1737 πρεσϐύτην
2822 1672 3196 1741 ἀπραγμόνως
3235 1675 3439 1742 μᾶλλον
3470 1675 3623 1745 βιοῦν

372 1752 710 1806 tumultuum
759 1753 982 1821 plenum
1017 1753 1313 1808 obtineret.
1358 1753 1622 1823 Sumptus
1650 1765 1833 1813 autem
1872 1771 1937 1809 ex

2050 1755 2325 1824 προσῆκον
2359 1758 2570 1826 ἔλεγεν,
2602 1758 2634 1829 ἦ
2667 1760 2843 1826 ὄνομα
2891 1761 3037 1830 ἔχειν
3066 1762 3314 1833 θορύϐων
3340 1765 3619 1834 ἔμπλεων.

373 1842 610 1910 publicis
638 1845 996 1914 vectigalibus
1037 1846 1112 1906 ei,
1145 1853 1208 1899 ut
1251 1846 1394 1908 seni,
1428 1846 1494 1901 ad
1534 1845 1761 1901 Prusam
1792 1848 1938 1902 circa

372 1933 661 2003 Olympum
695 1936 908 2004 amplos
931 1937 1187 1991 attribuit
1222 1958 1235 1993 :
1265 1938 1357 1992 ubi
1382 1938 1470 1992 ille
1495 1938 1722 2009 degens,
1751 1951 1938 2010 postea

370 2022 438 2076 ad
475 2024 861 2094 imperatorem
894 2029 1139 2097 scripsit.
1176 2029 1488 2099 gratiasque
1513 2034 1565 2085 el
1593 2026 1726 2098 égit,
1757 2034 1850 2103 qui
1880 2050 1940 2089 se

376 2114 542 2170 tantis
574 2128 629 2170 et
657 2127 763 2171 tam
796 2120 984 2173 multis
1015 2109 1173 2174 malis
1202 2129 1257 2174 et
1283 2122 1572 2185 aerumnis,
1598 2138 1720 2191 qua:
1750 2124 1805 2178 in
1833 2126 1940 2179 im-

370 2194 526 2274 pei'io
554 2219 761 2272 essunt,
792 2210 1103 2267 liberasset.
1147 2212 1336 2267 Rebus
1375 2214 1443 2269 de
1472 2214 1830 2271 Britannione
1861 2218 1937 2289 (l)

371 2314 636 2367 prospere
679 2302 969 2368 confectis,
1025 2309 1320 2361 maximam
1370 2308 1654 2377 copiarum
1689 2332 1937 2380 suarum,

371 2404 511 2456 quas
537 2405 722 2446 secum
756 2393 1019 2459 habebat,
1054 2408 1290 2467 partem,
1330 2400 1383 2454 in
1416 2402 1628 2458 Italiam
1671 2407 1941 2463 adversus

369 2481 743 2549 Magnentium
777 2485 945 2542 misit.
976 2486 1281 2544 Patruelem
1312 2501 1495 2547 autem
1528 2496 1753 2572 fratrem
1776 2513 1937 2552 suum

369 2569 606 2639 Gallum,
639 2573 944 2633 Constantii
993 2580 1187 2648 (frater
1226 2594 1408 2640 autem
1459 2590 1548 2644 hie
1588 2569 1936 2649 Constantini

379 2665 556 2736 Magni
589 2669 761 2736 patris
785 2668 981 2740 fuerat)
1013 2671 1207 2734 filium,
1244 2674 1296 2729 in
1325 2675 1606 2734 Orientem
1632 2690 1687 2735 et
1723 2681 1936 2752 Syriam

369 2758 452 2811 ire
474 2758 659 2827 jussit,
701 2768 758 2813 ut
787 2762 1089 2829 provinciis
1128 2764 1293 2821 isthic
1337 2771 1607 2825 adversus
1641 2772 1935 2828 Persarum

368 2850 729 2905 excursiones
760 2852 1015 2919 praesidio
1050 2865 1197 2909 esset
1227 2873 1241 2908 :
1271 2857 1561 2929 eidemque
1588 2860 1819 2918 Caesaris
1849 2865 1937 2919 di-

371 2939 634 3004 gnitatem
678 2942 932 3005 contulit,
972 2951 1028 2996 et
1067 2959 1191 2998 cum
1239 2946 1477 3001 nominis
1517 2950 1601 3003 sui
1632 2950 1938 3018 adiectione

370 3030 646 3083 Cursarem
677 3030 1059 3087 Constantium
1089 3038 1441 3092 renuntiavit.
1476 3039 1595 3105 Quo
1634 3057 1765 3098 sane
1798 3054 1937 3098 tem-

372 3136 529 3189 pore,
559 3120 652 3175 illo
677 3122 1025 3177 Antiochiam
1065 3126 1476 3195 proﬁciscente,
1512 3147 1731 3186 rursum
1759 3137 1942 3192 crucis

372 3214 590 3281 signum
640 3213 695 3266 in
744 3212 887 3267 caelo
927 3213 995 3267 ad
1030 3214 1409 3287 Hierosolyma
1446 3224 1726 3289 apparuit,
1770 3225 1942 3280 solem

373 3304 543 3358 radiis
571 3305 689 3359 suis
719 3306 1054 3374 praecellens,
1098 3324 1231 3362 arcu
1262 3325 1424 3379 quem
1472 3312 1598 3366 irim
1631 3328 1826 3372 vocant
1857 3317 1945 3372 in-

370 3395 523 3463 genti
578 3397 645 3449 ad
694 3396 869 3451 instar
922 3413 1142 3453 corona:
1187 3401 1604 3469 circumfusum,
1650 3406 1784 3463 hora
1833 3408 1942 3464 diei

374 3486 559 3551 tertia,
591 3485 944 3542 Pentecostes
976 3488 1135 3545 feriis
1168 3489 1492 3549 ineuntibus
1520 3512 1535 3550 :
1582 3495 1789 3565 Cyrillo
1827 3508 1944 3554 tum

375 3577 771 3648 Hierosolymis
801 3587 926 3647 post
955 3579 1252 3636 Maximum
1294 3598 1384 3638 res
1416 3586 1819 3645 ecclesiasticas
1845 3606 1945 3660 gu-

377 3670 669 3724 bernante.
721 3670 992 3726 Caeterum
1040 3676 1228 3730 erucis
1277 3676 1367 3730 illa
1422 3678 1514 3732 lux
1560 3683 1792 3750 sparsim
1833 3700 1943 3738 non

373 3761 677 3828 dillluebat,
702 3763 848 3833 quod
896 3764 951 3819 in
1001 3775 1214 3821 cometa
1252 3768 1372 3822 lieri
1401 3770 1545 3825 solet
1579 3810 1596 3836 ,
1643 3772 1740 3827 sed
1770 3775 1943 3830 multo

374 3867 686 3922 magnoque
724 3852 935 3924 fulgore
974 3855 1142 3911 densa
1177 3866 1233 3912 et
1265 3861 1555 3928 perspicua
1586 3864 1940 3937 capsistebat.

370 3943 751 4013 Occupaverat
780 3958 967 4001 autem
1001 3947 1145 4003 cmlo
1174 3948 1502 4008 incumbens
1530 3953 1755 4009 circiter
1783 3958 1945 4024 quin-

374 4034 552 4089 decim
588 4035 786 4091 stadia.
829 4037 1141 4109 Longitndo
1185 4042 1330 4110 ejus.
1374 4055 1642 4113 quantum
1686 4045 1945 4116 colligere
1988 4050 2001 4065 ‘

373 4126 552 4191 licuit,
577 4132 607 4180 a
633 4127 899 4184 Calvaria:
930 4139 1115 4186 monte
1143 4132 1210 4186 ad
1236 4148 1363 4187 eum
1397 4134 1489 4204 qui
1518 4135 1721 4191 dicitur
1744 4136 1941 4193 Oliveti

373 4218 720 4288 pertingebat
767 4234 783 4273 :
830 4220 1064 4274 latitudo
1095 4232 1305 4285 autem,
1358 4240 1481 4293 quae
1513 4227 1842 4298 longitudini
1888 4230 1940 4285 ei

372 4310 732 4379 proportione
755 4310 1093 4366 conveniret.
1119 4313 1198 4367 Ad
1227 4314 1546 4371 miraculum
1570 4318 1735 4373 timor
1751 4321 1941 4387 etiam,

374 4404 433 4456 in
465 4416 523 4455 re
559 4409 669 4455 tam
708 4400 929 4456 insolita
961 4411 1018 4458 et
1052 4404 1444 4474 inexspectata,
1474 4409 1731 4466 omnibus
1763 4413 1940 4469 inces-
1973 4437 2019 4492 ι)

372 4493 465 4549 sit.
507 4492 696 4562 Itaque
752 4507 945 4549 omnes
994 4510 1120 4549 cum
1171 4497 1496 4568 conjugibus
1543 4508 1600 4555 et
1641 4502 1829 4558 liberis
1870 4507 1941 4561 ad

372 4587 638 4656 templum
681 4587 858 4656 majus
887 4587 1062 4642 Deum
1096 4587 1356 4644 laudibus
1383 4589 1646 4657 ferentes,
1687 4594 1882 4650 relicto
1910 4613 1943 4652 a

368 4692 592 4747 quoque
624 4677 768 4745 quod
796 4685 910 4731 tum
942 4677 1084 4733 forte
1107 4678 1334 4747 faceret,
1357 4695 1525 4749 opere
1549 4683 1937 4755 confugerunt.

370 4768 533 4841 757
559 4768 624 4822 Et
651 4784 714 4824 ea
745 4784 835 4824 res
861 4769 916 4823 in
948 4778 1123 4827 terras
1148 4786 1342 4827 omnes
1371 4774 1740 4844 promulgata,
1766 4777 1943 4833 homi-

373 4877 473 4915 nes
500 4862 894 4925 consternavit,
930 4862 1075 4931 quod
1109 4878 1229 4917 eam
1273 4879 1341 4919 ex
1370 4866 1671 4935 provinciis
1701 4869 1938 4934 cunctis,

371 4951 469 5021 qui
512 4967 740 5021 peregre
777 4954 1115 5022 precationis
1168 4970 1298 5025 ergo
1351 4956 1730 5031 llierosolyma
1774 4977 1943 5017 vene-

374 5054 518 5106 rant,
548 5044 752 5113 ubique
791 5045 1102 5115 vulgarent.
1136 5047 1336 5103 Multos
1368 5064 1500 5105 sane
1527 5057 1585 5105 et
1612 5066 1678 5106 ex
1713 5051 1939 5119 Iudaeis,

370 5145 430 5189 et
458 5152 523 5190 ex
552 5135 779 5200 Graecis,
816 5136 883 5190 ad
915 5137 1396 5193 Christianismum
1430 5142 1710 5210 perduxit.
1739 5144 1942 5201 Factus

372 5225 537 5280 etiam
589 5226 657 5279 de
711 5240 775 5279 ea
836 5228 1039 5280 certior
1085 5238 1168 5282 est
1218 5229 1541 5298 imperator,
1587 5231 1939 5292 familiarium

372 5332 604 5371 suorum
648 5326 705 5371 et
748 5315 924 5387 ipsius
967 5317 1155 5387 Cyrilli
1203 5318 1423 5375 litteris.
1455 5320 1523 5375 Et
1567 5322 1833 5381 divinitus
1875 5342 1941 5383 ea

445 5495 522 5566 (l)
556 5496 963 5569 Britannionem
996 5508 1317 5569 magistrum
1357 5502 1590 5561 militum
1622 5506 1676 5559 in
1725 5507 1937 5562 Pannoc

374 5566 465 5618 nia
512 5566 580 5619 ad
631 5568 867 5620 Mursam
917 5566 1120 5623 milites
1152 5573 1537 5637 imperatorem
1591 5580 1938 5630 renuntiave.

378 5644 517 5707 rant.
552 5651 896 5701 grandaevum
921 5638 1055 5707 jam,
1083 5649 1137 5692 et
1166 5641 1424 5696 munibus
1449 5646 1678 5699 charum
1712 5646 1888 5699 virum
1925 5663 1939 5701 :

378 5704 580 5774 quippe
622 5704 993 5773 probrumfet
1034 5710 1342 5778 priscorum
1390 5728 1627 5777 morum,
1655 5715 1941 5787 jucunda!-

2037 5527 2147 5580 que
2194 5509 2437 5568 civitatis
2495 5533 2509 5568 :

2037 5591 2339 5665 espertem,
2364 5586 2595 5665 aueo_ut
2617 5603 2684 5643 ne
2718 5590 3016 5657 primarum
3047 5596 3266 5665 quidem
3298 5599 3606 5657 litterarum

2037 5653 2328 5717 elementa,
2360 5653 2465 5709 nisi
2506 5656 2560 5711 iu
2599 5653 2847 5715 extrema
2892 5653 3080 5729 aetate;
3105 5653 3480 5726 addidicerit:
3496 5653 3609 5727 Et}:

2049 1846 2255 1918 Πολλὴν
2300 1849 2358 1901 δὲ
2403 1850 2674 1919 αὐτῷκαὶ
2724 1852 2975 1922 δαπάνην
3006 1854 3286 1925 δημοσίων
3315 1859 3379 1909 ἐκ
3434 1858 3618 1925 φόρων

2046 1936 2216 2005 ἀνῆκε
2253 1939 2397 1990 κατὰ
2453 1939 2705 2007 Προῦσαν
2754 1942 2855 2008 τῆν
2910 1945 3039 2012 περὶ
3083 1945 3395 2014 Ὄλυμπον,
3430 1941 3518 1999 οἷά
3551 1964 3617 2015 γε

2046 2028 2364 2099 πρεσϐύτῃο
2402 2030 2540 2083 ὅπου
2565 2032 2629 2100 δὴ
2670 2035 2996 2103 ποιούμενος
3043 2037 3145 2099 τὰς
3200 2039 3503 2107 διατριϐὰς,
3560 2044 3619 2103 ἐς

2046 2118 2175 2172 ὖστε
2183 2139 2275 2188 ρον
2292 2122 2519 2191 γράφων
2542 2124 2751 2193 βασιλεῖ
2780 2126 3009 2196 χάριτας
3028 2128 3322 2197 ὡμολόγει,
3349 2133 3619 2187 τοσούτων

2045 2212 2250 2277 κακῶν,
2302 2215 2401 2266 ὅσα
2451 2217 2517 2282 τῇ
2550 2217 2692 2287 ἀρχῇ
2731 2217 2950 2270 σύνεστι
3001 2221 3098 2272 καὶ
3127 2223 3426 2289 φροντίδων
3476 2225 3624 2276 οὕτω

2046 2303 2258 2357 πολλῶν
2286 2305 2682 2371 ἁπαλλάξαντι.
2727 2308 2817 2372 Ὠς
2841 2294 2898 2362 δὲ
2943 2311 3125 2374 καλῶς
3152 2314 3300 2384 αὐτῴ
3332 2315 3507 2385 auter,
3550 2320 3623 2369 τά

2046 2398 2191 2450 κατὰ
2221 2399 2583 2469 Βρετανίωνα,
2617 2402 2929 2470 ἀπόμοιραν
2955 2406 3215 2477 πλείστην
3244 2409 3343 2474 τῆς
3372 2412 3502 2478 περὶ
3522 2412 3625 2463 αὖε

2045 2489 2135 2541 τὸν
2160 2493 2422 2557 στρατιᾶς
2453 2495 2597 2546 κατὰ
2626 2495 2963 2562 Μαγνεντίου
2992 2501 3073 2561 εἰς
3109 2500 3341 2554 Ἰταλίαν
3366 2501 3612 2570 ἔπεμπε.

2044 2580 2149 2633 Τὸν
2180 2581 2227 2635 δ’
2255 2583 2471 2653 ἀνεψιὸν
2498 2583 2719 2649 Γάλλον,
2749 2585 2808 2648 ὃς
2829 2590 2959 2650 παῖς
2992 2590 3089 2657 μὲν
3113 2585 3181 2660 ἦν
3208 2593 3620 2660 Κωνσταντίου,

2046 2666 2202 2735 οὗτος
2235 2672 2290 2726 δὲ
2316 2674 2545 2743 ἀδελφὸς
2571 2677 2980 2731 Κωνσταντίνου
3006 2681 3099 2733 τοῦ
3132 2685 3338 2752 πατρὸς
3364 2681 3451 2755 ἦν,
3480 2686 3619 2757 πρδς

2058 2763 2235 2835 Ἐῴαν
2256 2765 2349 2818 ἐπὶ
2384 2766 2598 2837 φυλακῇ
2637 2770 2746 2822 τῶν
2778 2770 2956 2824 ἔκεῐσε
2999 2773 3277 2841 κλιμάτων
3327 2777 3623 2847 Περσικοῖς

2048 2854 2453 2924 ἐνοχλουμένων
2508 2858 2715 2926 ἐφόδοις
2752 2862 2834 2925 εἰς
2859 2862 3059 2932 Συρίαν
3106 2866 3350 2933 ἔστελλε,
3376 2869 3477 2937 τὴν
3522 2872 3622 2925 to?»

2047 2947 2326 3017 Καίσαρος
2377 2947 2559 3014 ἀξίαν,
2609 2951 2749 3021 πρὸς
2778 2952 2837 3006 δὲ
2877 2955 2972 3007 καὶ
3013 2956 3111 3027 τὴν
3164 2958 3373 3014 οἰκείαν
3422 2963 3624 3033 κλῆσιν

2044 3036 2223 3116 τούτῳ
2252 3039 2583 3110 περιϐαλὼν,
2638 3044 2891 3114 Καίσαρα
2927 3048 3305 3106 Κωνστάντιον
3342 3055 3581 3110 ἀνειπὼν
3603 3077 3621 3090 ο

2043 3127 2133 3180 ὅτε
2180 3128 2245 3199 δὴ
2284 3132 2549 3195 εἰσιόντος
2589 3135 2797 3188 ἐκείνου
2823 3138 2925 3209 τὴν
2952 3141 3308 3211 Ἀντιόχειαν,
3350 3148 3505 3212 αὖθις
3556 3157 3621 3204 ἐν

2045 3221 2262 3290 οὐρανῷ
2292 3222 2355 3275 τὸ
2383 3224 2477 3277 τοῦ
2512 3228 2750 3296 σταυροῦ
2801 3234 3029 3300 σημεῖον
3074 3235 3231 3307 Gr,ch
3266 3240 3625 3314 ὑπεραστρά-

2046 3328 2178 3364 πτον
2208 3311 2299 3365 τὸν
2327 3313 2499 3383 ἥλιον,
2530 3317 2697 3387 ίριδος
2724 3323 2967 3392 μεγάλης
2989 3334 3253 3395 στεφάνου
3279 3335 3482 3402 τρόπον
3515 3311 3622 3391 πε-

2047 3404 2419 3476 ριελιττούσης
2449 3410 2631 3465 αὐτόν.
2658 3414 2835 3484 Τρίτη
2868 3414 2988 3488 ὥρα
3016 3418 3117 3487 τῆς
3150 3423 3361 3493 ἡμέρας
3390 3421 3480 3498 ἦν,
3517 3428 3621 3497 τῆς

2046 3497 2431 3569 Πεντηκοστῆς
2460 3501 2819 3576 ἔνισταμένης
2848 3509 2957 3562 τῶν
2980 3510 3201 3580 ἑορτῶν,
3227 3516 3495 3586 Κυρίλλου
3519 3538 3621 3590 τη-

2044 3588 2274 3641 νικαῦτα
2321 3592 2380 3644 ἐν
2421 3592 2815 3666 Ἰεροσολύμοις
2865 3602 3005 3669 μετὰ
3032 3603 3284 3674 Μάξιμον
3321 3610 3419 3674 τὰς
3457 3588 3619 3683 ἱερὰ-ς

2047 3678 2203 3775 ῆνίας
2232 3679 2678 3751 διαχειρίζοντος.
2716 3687 2861 3759 Πλὴν
2889 3691 2989 3763 οὐχ
3017 3693 3206 3767 ὥσπερ
3238 3715 3320 3762 τις
3366 3678 3619 3775 κομήτης

2042 3761 2111 3837 ἦν
2154 3768 2215 3821 τὸ
2252 3771 2367 3864 ιρῶς
2415 3776 2726 3845 ἀπορρέων,
2774 3778 2914 3834 ἀλλὰ
2956 3761 3189 3839 πυκνὸν-
3214 3761 3309 3842 καί
3352 3761 3618 3864 διοὶφέινὲξ

2047 3858 2318 3923 συνεστὼς
2348 3863 2407 3913 ὲν
2434 3864 2614 3933 πολλῷ
2639 3869 2731 3920 καὶ
2767 3871 2989 3943 μεγάλῳ
3015 3876 3156 3942 φωτί
3172 3893 3190 3910 ο
3218 3877 3368 3948 διῆκε
3397 3858 3613 3938 δὲῂκατέ

2044 3950 2167 4021 έχον
2202 3956 2331 4022 περὶ
2372 3953 2434 4006 τὸ
2480 3958 2732 4028 οὐράνιον
2769 3962 2931 4027 κύτος
2969 3966 3114 4037 ἀμφὶ
3156 3968 3288 4023 δέκα
3322 3976 3414 4028 καὶ
3452 3979 3616 4032 πέντε

2046 4040 2258 4105 στάδια,
2289 4042 2351 4095 τὸ
2381 4046 2484 4113 μὲν
2539 4048 2738 4117 μῆκος,
2776 4050 2901 4105 ὅσον
2945 4053 3187 4123 εἰκάσαι,
3219 4061 3327 4113 ἀπὸ
3356 4064 3451 4116 τοῦ
3480 4081 3617 4136 κρα-

2044 4130 2160 4184 νίου
2182 4133 2366 4202 διῆκεν
2382 4134 2511 4206 ἄχρι
2537 4140 2635 4192 καὶ
2649 4141 2744 4193 τοῦ
2776 4141 2960 4212 δρους,
2991 4144 3020 4197 δ
3061 4146 3291 4202 Ἐλαιῶν
3318 4130 3616 4228 ἐπικέκληο

2043 4240 2134 4279 ται
2155 4239 2169 4255 ’
2200 4225 2259 4279 τὸ
2288 4226 2346 4280 δὲ
2376 4224 2554 4292 εὖρος,
2581 4229 2706 4283 ὅσον
2736 4232 2815 4303 τῷ
2846 4235 3010 4304 μήκει
3042 4239 3345 4309 ἀναλογεῖν.
3382 4246 3521 4314 Πρὸς

2043 4314 2122 4385 τῷ
2170 4315 2413 4386 θαύματι
2439 4321 2534 4373 καὶ
2579 4321 2716 4374 πᾶσι
2745 4320 2866 4386 δέος
2917 4321 3011 4378 ἐπὶ
3035 4328 3113 4396 τῷ
3142 4332 3429 4403 παραδόξῳ
3459 4337 3612 4408 ἐνῆν.

2043 4408 2154 4462 Καὶ
2173 4408 2325 4462 ἔθεον
2350 4411 2553 4474 πάντες
2584 4414 2681 4466 ἐπὶ
2703 4414 2765 4467 τὸ
2796 4415 2960 4487 ἱερὸν,
2995 4420 3088 4473 τὸν
3113 4423 3286 4492 μέγαν
3315 4427 3619 4497 ἀνυμνοῦν-

2043 4515 2135 4559 τες
2166 4497 2333 4566 Θεὸν,
2369 4501 2597 4566 ἕκαστος
2636 4505 2969 4576 καταλείψας
2995 4510 3023 4564 ὃ
3050 4528 3104 4565 τι
3139 4518 3356 4584 τύχοιεν
3384 4519 3617 4590 ἐργαζό-

2049 4608 2226 4661 μενοι.
2261 4594 2420 4667 Πάσῃ
2443 4594 2502 4648 δὲ
2526 4599 2595 4667 γῇ
2626 4598 2688 4651 τὸ
2711 4598 2893 4670 θαῦμα
2925 4604 3216 4674 φοιτῆσαν,
3245 4611 3611 4682 κατέπληττε,

2045 4682 2154 4736 τῶν
2184 4684 2305 4738 κατ’
2340 4686 2507 4757 εὐχὴν
2533 4690 2649 4753 τοῖς
2689 4689 3089 4761 Ἱεροσολύμοις
3114 4696 3526 4770 ἐπιδημούντων
3549 4705 3613 4770 ἐξ

2046 4776 2267 4846 ἁπάσης
2295 4778 2398 4848 γῆς
2419 4779 2895 4851 διαμηνυσάντων.
2938 4791 3005 4843 '0
3034 4794 3128 4845 καὶ
3158 4792 3388 4857 πολλοὺς
3413 4795 3522 4849 τῶν
3550 4815 3611 4851 τε

2057 4867 2329 4922 Ἰουδαίων
2345 4872 2441 4924 καὶ
2476 4872 2742 4943 Ἑλλήνων
2763 4877 2900 4949 πρὸς
2920 4880 3014 4933 τὸν
3029 4882 3458 4953 Χριστιανισμὺν
3483 4889 3613 4957 μεθ-

2044 4960 2319 5016 είλκυσεν.
2355 4964 2541 5031 Ἔγνω
2566 4964 2743 5028 δὲκαὶ
2766 4970 2793 5021 ὁ
2828 4969 3081 5038 βασιλεὺς
3111 4975 3264 5045 παρά
3299 4992 3360 5030 τε
3392 4978 3500 5030 τῶν
3530 4984 3610 5032 οἱ-

2044 5053 2206 5106 κείων
2230 5055 2324 5107 καὶ
2362 5055 2635 5127 Κυρίλλου
2674 5059 3010 5131 γράψαντος.
3040 5066 3195 5121 Κατά
3223 5084 3278 5121 τι
3292 5069 3348 5123 δὲ
3377 5070 3609 5143 θεοπρό-

2043 5161 2168 5197 πιον
2200 5146 2455 5212 γενέσθαι
2487 5147 2707 5217 ἐλέγετο
2736 5156 2847 5215 τοῖς
2879 5155 3066 5219 είδόσι,
3108 5159 3276 5212 πάλαι
3304 5161 3511 5231 βίδλοις
3537 5166 3610 5217 ἱε-

2046 5239 2164 5304 ραῖς
2195 5237 2589 5308 ἐμφερόμενον.
2620 5243 2692 5295 Τὸ
2718 5244 2776 5298 δὲ
2816 5246 3150 5321 σελασφόρον
3178 5254 3353 5308 ἐκεῖνο
3390 5259 3486 5310 καὶ
3520 5277 3610 5312 σε·

2042 5326 2277 5398 δάσμιον
2309 5330 2491 5398 θέαμα
2513 5332 2634 5386 οὐδὲ
2664 5337 2774 5399 τοῖς
2801 5340 2892 5390 επὶ
2922 5341 3015 5394 τού
3049 5347 3416 5414 στρατοπέδου
3446 5352 3613 5405 ἀθέα-

2573 5521 2666 5572 sed
2729 5535 2976 5576 omnium
3010 5491 3347 5582 .liberalium
3405 5532 3603 5586 artium

2040 5730 2182 5788 trop.
