  <div class='ocr_page' id='page_1' title='image "/cluster/home/n/w/nwhite01/storage/ocr_20150623/146/hvd.32044073502601/204.png"; bbox 0 0 3970 6190; ppageno 0'>
   <div class='ocr_carea' id='block_1_1' title="bbox 353 260 469 325">
    <p class='ocr_par' dir='ltr' id='par_1_1' title="bbox 353 260 469 325">
     <span class='ocr_line' id='line_1_1' title="bbox 353 260 469 325; baseline 0.026 -2"><span class='ocrx_word' id='word_1_1' title='bbox 353 260 469 325; x_wconf 76' lang='grc'>353</span> 
     </span>
    </p>
   </div>
   <div class='ocr_carea' id='block_1_2' title="bbox 1336 260 2702 342">
    <p class='ocr_par' dir='ltr' id='par_1_2' title="bbox 1336 260 2702 342">
     <span class='ocr_line' id='line_1_2' title="bbox 1336 260 2702 342; baseline 0.012 -17"><span class='ocrx_word' id='word_1_2' title='bbox 1336 260 1934 327; x_wconf 75' lang='lat' dir='ltr'><strong>ECCLESIASTlC/E</strong></span> <span class='ocrx_word' id='word_1_3' title='bbox 1974 268 2360 334; x_wconf 65' lang='lat' dir='ltr'><strong>illS’I‘ORl/E</strong></span> <span class='ocrx_word' id='word_1_4' title='bbox 2404 278 2550 337; x_wconf 85' lang='lat' dir='ltr'><strong>LIB.</strong></span> <span class='ocrx_word' id='word_1_5' title='bbox 2603 280 2702 342; x_wconf 81' lang='lat' dir='ltr'><strong>IX.</strong></span> 
     </span>
    </p>
   </div>
   <div class='ocr_carea' id='block_1_3' title="bbox 3524 296 3629 360">
    <p class='ocr_par' dir='ltr' id='par_1_3' title="bbox 3524 296 3629 360">
     <span class='ocr_line' id='line_1_3' title="bbox 3524 296 3629 360; baseline 0.029 -3"><span class='ocrx_word' id='word_1_6' title='bbox 3524 296 3629 360; x_wconf 63' lang='lat' dir='ltr'><strong>35L</strong></span> 
     </span>
    </p>
   </div>
   <div class='ocr_carea' id='block_1_4' title="bbox 352 366 1925 475">
    <p class='ocr_par' dir='ltr' id='par_1_4' title="bbox 352 373 1925 451">
     <span class='ocr_line' id='line_1_4' title="bbox 352 373 1925 451; baseline 0.002 -20"><span class='ocrx_word' id='word_1_7' title='bbox 352 396 453 432; x_wconf 80' lang='grc' dir='ltr'><strong>τον</strong></span> <span class='ocrx_word' id='word_1_8' title='bbox 484 373 577 449; x_wconf 80' lang='grc' dir='ltr'><strong>ἦν.</strong></span> <span class='ocrx_word' id='word_1_9' title='bbox 614 377 796 449; x_wconf 76' lang='grc' dir='ltr'>Ὠφθη</span> <span class='ocrx_word' id='word_1_10' title='bbox 827 378 922 433; x_wconf 73' lang='grc' dir='ltr'>καὶ</span> <span class='ocrx_word' id='word_1_11' title='bbox 953 380 1065 451; x_wconf 77' lang='grc' dir='ltr'><strong>γὰρ</strong></span> <span class='ocrx_word' id='word_1_12' title='bbox 1107 377 1170 433; x_wconf 76' lang='grc' dir='ltr'>τὸ</span> <span class='ocrx_word' id='word_1_13' title='bbox 1196 381 1447 448; x_wconf 85' lang='grc' dir='ltr'>σημεῖον,</span> <span class='ocrx_word' id='word_1_14' title='bbox 1480 380 1644 449; x_wconf 76' lang='grc' dir='ltr'>ἡνίκα</span> <span class='ocrx_word' id='word_1_15' title='bbox 1684 380 1795 433; x_wconf 85' lang='grc' dir='ltr'>τῶν</span> <span class='ocrx_word' id='word_1_16' title='bbox 1828 381 1925 434; x_wconf 77' lang='grc' dir='ltr'>καί]</span> 
     </span>
    </p>
   </div>
   <div class='ocr_carea' id='block_1_5' title="bbox 2026 366 3627 475">
    <p class='ocr_par' dir='ltr' id='par_1_5' title="bbox 2059 366 3627 475">
     <span class='ocr_line' id='line_1_5' title="bbox 2059 366 3627 475; baseline 0.018 -39"><span class='ocrx_word' id='word_1_17' title='bbox 2059 388 2218 453; x_wconf 89' lang='lat' dir='ltr'><strong>quasi</strong></span> <span class='ocrx_word' id='word_1_18' title='bbox 2250 391 2561 460; x_wconf 77' lang='lat' dir='ltr'><strong>prodigium</strong></span> <span class='ocrx_word' id='word_1_19' title='bbox 2594 366 2838 452; x_wconf 50' lang='lat' dir='ltr'><strong>enhibita</strong></span> <span class='ocrx_word' id='word_1_20' title='bbox 2871 414 2997 454; x_wconf 89' lang='lat' dir='ltr'><strong>esse</strong></span> <span class='ocrx_word' id='word_1_21' title='bbox 3030 380 3321 457; x_wconf 80' lang='lat' dir='ltr'><strong>dicebatur</strong></span> <span class='ocrx_word' id='word_1_22' title='bbox 3352 421 3384 458; x_wconf 92' lang='lat' dir='ltr'><strong>a</strong></span> <span class='ocrx_word' id='word_1_23' title='bbox 3416 412 3627 475; x_wconf 86' lang='lat' dir='ltr'><strong>peritis,</strong></span> 
     </span>
    </p>
   </div>
   <div class='ocr_carea' id='block_1_6' title="bbox 352 463 1949 541">
    <p class='ocr_par' dir='ltr' id='par_1_6' title="bbox 352 463 1949 541">
     <span class='ocr_line' id='line_1_6' title="bbox 352 463 1949 541; baseline 0 -18"><span class='ocrx_word' id='word_1_24' title='bbox 352 463 649 541; x_wconf 59' lang='grc' dir='ltr'>’Ἑσπέραν</span> <span class='ocrx_word' id='word_1_25' title='bbox 675 469 1041 539; x_wconf 83' lang='grc' dir='ltr'>Βρετανίωνος</span> <span class='ocrx_word' id='word_1_26' title='bbox 1069 469 1165 524; x_wconf 69' lang='grc' dir='ltr'>καὶ</span> <span class='ocrx_word' id='word_1_27' title='bbox 1186 470 1526 539; x_wconf 81' lang='grc' dir='ltr'>Μαγνεντίου</span> <span class='ocrx_word' id='word_1_28' title='bbox 1553 471 1833 541; x_wconf 78' lang='grc' dir='ltr'>τυράννων</span> <span class='ocrx_word' id='word_1_29' title='bbox 1850 482 1949 525; x_wconf 85' lang='grc' dir='ltr'>πε-</span> 
     </span>
    </p>
   </div>
   <div class='ocr_carea' id='block_1_7' title="bbox 357 560 1945 634">
    <p class='ocr_par' dir='ltr' id='par_1_7' title="bbox 357 560 1945 634">
     <span class='ocr_line' id='line_1_7' title="bbox 357 560 1945 634; baseline 0.002 -21"><span class='ocrx_word' id='word_1_30' title='bbox 357 561 661 631; x_wconf 72' lang='grc' dir='ltr'>ριεγένετο,</span> <span class='ocrx_word' id='word_1_31' title='bbox 702 560 803 631; x_wconf 82' lang='grc' dir='ltr'>τῆς</span> <span class='ocrx_word' id='word_1_32' title='bbox 834 563 1018 615; x_wconf 74' lang='grc' dir='ltr'>ἐκεῖσε</span> <span class='ocrx_word' id='word_1_33' title='bbox 1057 560 1333 632; x_wconf 82' lang='grc' dir='ltr'><strong>πονούσης</strong></span> <span class='ocrx_word' id='word_1_34' title='bbox 1363 564 1627 633; x_wconf 77' lang='grc' dir='ltr'>στρατιᾶς</span> <span class='ocrx_word' id='word_1_35' title='bbox 1653 563 1863 616; x_wconf 78' lang='grc' dir='ltr'>ἐκεῖθεν</span> <span class='ocrx_word' id='word_1_36' title='bbox 1880 567 1945 634; x_wconf 83' lang='grc' dir='ltr'>τῇ</span> 
     </span>
    </p>
   </div>
   <div class='ocr_carea' id='block_1_8' title="bbox 353 654 1951 728">
    <p class='ocr_par' dir='ltr' id='par_1_8' title="bbox 353 654 1951 728">
     <span class='ocr_line' id='line_1_8' title="bbox 353 654 1951 728; baseline 0.003 -24"><span class='ocrx_word' id='word_1_37' title='bbox 353 654 654 725; x_wconf 61' lang='grc' dir='ltr'>πείιουσίᾳ</span> <span class='ocrx_word' id='word_1_38' title='bbox 680 656 782 724; x_wconf 86' lang='grc' dir='ltr'>τῆς</span> <span class='ocrx_word' id='word_1_39' title='bbox 807 655 998 723; x_wconf 74' lang='grc' dir='ltr'>αἴγλης</span> <span class='ocrx_word' id='word_1_40' title='bbox 1020 656 1612 726; x_wconf 77' lang='grc' dir='ltr'>καταστραπτομένης,</span> <span class='ocrx_word' id='word_1_41' title='bbox 1644 656 1740 708; x_wconf 78' lang='grc' dir='ltr'>καὶ</span> <span class='ocrx_word' id='word_1_42' title='bbox 1767 657 1828 709; x_wconf 84' lang='grc' dir='ltr'><strong>τὺ</strong></span> <span class='ocrx_word' id='word_1_43' title='bbox 1852 674 1951 728; x_wconf 85' lang='grc' dir='ltr'>ση-</span> 
     </span>
    </p>
   </div>
   <div class='ocr_carea' id='block_1_9' title="bbox 356 745 1947 818">
    <p class='ocr_par' dir='ltr' id='par_1_9' title="bbox 356 745 1947 818">
     <span class='ocr_line' id='line_1_9' title="bbox 356 745 1947 818; baseline 0.003 -22"><span class='ocrx_word' id='word_1_44' title='bbox 356 747 514 813; x_wconf 83' lang='grc' dir='ltr'>μεῖον</span> <span class='ocrx_word' id='word_1_45' title='bbox 548 745 793 814; x_wconf 73' lang='grc' dir='ltr'>ὁρώσης.</span> <span class='ocrx_word' id='word_1_46' title='bbox 829 745 893 797; x_wconf 86' lang='grc' dir='ltr'>Ὀ</span> <span class='ocrx_word' id='word_1_47' title='bbox 917 745 1025 816; x_wconf 84' lang='grc' dir='ltr'><strong>γὰρ</strong></span> <span class='ocrx_word' id='word_1_48' title='bbox 1057 746 1404 813; x_wconf 83' lang='grc' dir='ltr'>Μαγνέντιος</span> <span class='ocrx_word' id='word_1_49' title='bbox 1428 746 1529 817; x_wconf 82' lang='grc' dir='ltr'>τὴν</span> <span class='ocrx_word' id='word_1_50' title='bbox 1559 747 1947 818; x_wconf 77' lang='grc' dir='ltr'>πρεσϐυτέραν</span> 
     </span>
    </p>
   </div>
   <div class='ocr_carea' id='block_1_10' title="bbox 346 834 1947 908">
    <p class='ocr_par' dir='ltr' id='par_1_10' title="bbox 346 834 1947 908">
     <span class='ocr_line' id='line_1_10' title="bbox 346 834 1947 908; baseline 0.004 -22"><span class='ocrx_word' id='word_1_51' title='bbox 346 837 772 905; x_wconf 76' lang='grc' dir='ltr'><strong>χειρωσάμενος</strong></span> <span class='ocrx_word' id='word_1_52' title='bbox 836 836 1083 905; x_wconf 82' lang='grc' dir='ltr'>Ῥώμην,</span> <span class='ocrx_word' id='word_1_53' title='bbox 1115 838 1184 889; x_wconf 83' lang='grc' dir='ltr'>τὰ</span> <span class='ocrx_word' id='word_1_54' title='bbox 1211 834 1475 891; x_wconf 80' lang='grc' dir='ltr'><strong>πάνδεινα</strong></span> <span class='ocrx_word' id='word_1_55' title='bbox 1520 837 1782 908; x_wconf 74' lang='grc' dir='ltr'>ἔπραττε,</span> <span class='ocrx_word' id='word_1_56' title='bbox 1816 838 1947 892; x_wconf 88' lang='grc' dir='ltr'>πολ-</span> 
     </span>
    </p>
   </div>
   <div class='ocr_carea' id='block_1_11' title="bbox 347 926 1944 999">
    <p class='ocr_par' dir='ltr' id='par_1_11' title="bbox 347 926 1944 999">
     <span class='ocr_line' id='line_1_11' title="bbox 347 926 1944 999; baseline 0.004 -22"><span class='ocrx_word' id='word_1_57' title='bbox 347 926 481 989; x_wconf 70' lang='grc' dir='ltr'>λούς</span> <span class='ocrx_word' id='word_1_58' title='bbox 524 944 584 979; x_wconf 88' lang='grc' dir='ltr'><strong>τε</strong></span> <span class='ocrx_word' id='word_1_59' title='bbox 624 928 725 996; x_wconf 82' lang='grc' dir='ltr'>τῆς</span> <span class='ocrx_word' id='word_1_60' title='bbox 775 928 1087 996; x_wconf 69' lang='grc' dir='ltr'>συγκλήτου</span> <span class='ocrx_word' id='word_1_61' title='bbox 1132 927 1346 999; x_wconf 77' lang='grc' dir='ltr'>ἀνῄρει,</span> <span class='ocrx_word' id='word_1_62' title='bbox 1379 930 1478 983; x_wconf 83' lang='grc' dir='ltr'><strong>καὶ</strong></span> <span class='ocrx_word' id='word_1_63' title='bbox 1507 928 1600 981; x_wconf 80' lang='grc' dir='ltr'><strong>τὸν</strong></span> <span class='ocrx_word' id='word_1_64' title='bbox 1625 929 1798 999; x_wconf 80' lang='grc' dir='ltr'>δῆμον</span> <span class='ocrx_word' id='word_1_65' title='bbox 1830 931 1944 983; x_wconf 81' lang='grc' dir='ltr'>διέ-</span> 
     </span>
    </p>
   </div>
   <div class='ocr_carea' id='block_1_12' title="bbox 349 1018 1942 1088">
    <p class='ocr_par' dir='ltr' id='par_1_12' title="bbox 349 1018 1942 1088">
     <span class='ocr_line' id='line_1_12' title="bbox 349 1018 1942 1088; baseline 0.003 -19"><span class='ocrx_word' id='word_1_66' title='bbox 349 1018 609 1087; x_wconf 70' lang='grc' dir='ltr'>φθειρεν.</span> <span class='ocrx_word' id='word_1_67' title='bbox 653 1018 743 1081; x_wconf 82' lang='grc' dir='ltr'>Ὠς</span> <span class='ocrx_word' id='word_1_68' title='bbox 779 1019 835 1071; x_wconf 78' lang='grc' dir='ltr'><strong>δὲ</strong></span> <span class='ocrx_word' id='word_1_69' title='bbox 887 1018 1027 1085; x_wconf 80' lang='grc' dir='ltr'>ἔγνω</span> <span class='ocrx_word' id='word_1_70' title='bbox 1062 1019 1161 1088; x_wconf 77' lang='grc' dir='ltr'>τὴν</span> <span class='ocrx_word' id='word_1_71' title='bbox 1209 1021 1474 1085; x_wconf 72' lang='grc' dir='ltr'>στρατιὰν</span> <span class='ocrx_word' id='word_1_72' title='bbox 1525 1020 1942 1075; x_wconf 83' lang='grc' dir='ltr'>Κωνσταντίνου</span> 
     </span>
    </p>
   </div>
   <div class='ocr_carea' id='block_1_13' title="bbox 347 1103 1941 1182">
    <p class='ocr_par' dir='ltr' id='par_1_13' title="bbox 347 1103 1941 1182">
     <span class='ocr_line' id='line_1_13' title="bbox 347 1103 1941 1182; baseline 0.003 -22"><span class='ocrx_word' id='word_1_73' title='bbox 347 1109 595 1177; x_wconf 77' lang='grc' dir='ltr'>ἄγχιστα</span> <span class='ocrx_word' id='word_1_74' title='bbox 633 1103 798 1172; x_wconf 71' lang='grc' dir='ltr'>εἶναι,</span> <span class='ocrx_word' id='word_1_75' title='bbox 847 1110 1045 1175; x_wconf 82' lang='grc' dir='ltr'>μικρὸν</span> <span class='ocrx_word' id='word_1_76' title='bbox 1078 1111 1463 1182; x_wconf 76' lang='grc' dir='ltr'>ὑποχωρήσας,</span> <span class='ocrx_word' id='word_1_77' title='bbox 1523 1110 1660 1178; x_wconf 80' lang='grc' dir='ltr'>πρὸς</span> <span class='ocrx_word' id='word_1_78' title='bbox 1708 1111 1941 1176; x_wconf 80' lang='grc' dir='ltr'><strong>Γαλλίας</strong></span> 
     </span>
    </p>
   </div>
   <div class='ocr_carea' id='block_1_14' title="bbox 342 1199 1941 1267">
    <p class='ocr_par' dir='ltr' id='par_1_14' title="bbox 342 1199 1941 1267">
     <span class='ocr_line' id='line_1_14' title="bbox 342 1199 1941 1267; baseline 0.004 -17"><span class='ocrx_word' id='word_1_79' title='bbox 342 1199 552 1267; x_wconf 77' lang='grc' dir='ltr'><strong>ἐχώρει</strong></span> <span class='ocrx_word' id='word_1_80' title='bbox 579 1200 667 1252; x_wconf 70' lang='grc' dir='ltr'>διὰ</span> <span class='ocrx_word' id='word_1_81' title='bbox 692 1200 802 1252; x_wconf 88' lang='grc' dir='ltr'>τῶν</span> <span class='ocrx_word' id='word_1_82' title='bbox 843 1200 1086 1253; x_wconf 73' lang='grc' dir='ltr'>Ἰούλιων</span> <span class='ocrx_word' id='word_1_83' title='bbox 1117 1201 1403 1256; x_wconf 82' lang='grc' dir='ltr'>Ἀλπεων.’</span> <span class='ocrx_word' id='word_1_84' title='bbox 1432 1203 1601 1254; x_wconf 84' lang='grc' dir='ltr'>Δίοδοι</span> <span class='ocrx_word' id='word_1_85' title='bbox 1632 1203 1689 1256; x_wconf 81' lang='grc' dir='ltr'><strong>δέ</strong></span> <span class='ocrx_word' id='word_1_86' title='bbox 1720 1205 1861 1255; x_wconf 89' lang='grc' dir='ltr'>είσιν</span> <span class='ocrx_word' id='word_1_87' title='bbox 1885 1206 1941 1257; x_wconf 78' lang='lat' dir='ltr'><strong>ai</strong></span> 
     </span>
    </p>
   </div>
   <div class='ocr_carea' id='block_1_15' title="bbox 346 1280 1939 1359">
    <p class='ocr_par' dir='ltr' id='par_1_15' title="bbox 346 1280 1939 1359">
     <span class='ocr_line' id='line_1_15' title="bbox 346 1280 1939 1359; baseline 0.006 -25"><span class='ocrx_word' id='word_1_88' title='bbox 346 1280 596 1346; x_wconf 65' lang='grc' dir='ltr'>’Ἄλπεις</span> <span class='ocrx_word' id='word_1_89' title='bbox 628 1286 834 1351; x_wconf 68' lang='grc' dir='ltr'>στεναὶ,</span> <span class='ocrx_word' id='word_1_90' title='bbox 876 1287 1154 1353; x_wconf 82' lang='grc' dir='ltr'>μεγίστοιν</span> <span class='ocrx_word' id='word_1_91' title='bbox 1188 1288 1332 1357; x_wconf 81' lang='grc' dir='ltr'>ὁρῶν</span> <span class='ocrx_word' id='word_1_92' title='bbox 1377 1288 1720 1359; x_wconf 78' lang='grc' dir='ltr'>ἑκατέρωθεν</span> <span class='ocrx_word' id='word_1_93' title='bbox 1755 1292 1846 1359; x_wconf 73' lang='grc' dir='ltr'><strong>ὑφ’</strong></span> <span class='ocrx_word' id='word_1_94' title='bbox 1881 1290 1939 1343; x_wconf 80' lang='grc' dir='ltr'>ἓν</span> 
     </span>
    </p>
   </div>
   <div class='ocr_carea' id='block_1_16' title="bbox 344 1374 1939 1449">
    <p class='ocr_par' dir='ltr' id='par_1_16' title="bbox 344 1374 1939 1449">
     <span class='ocr_line' id='line_1_16' title="bbox 344 1374 1939 1449; baseline 0.006 -23"><span class='ocrx_word' id='word_1_95' title='bbox 344 1374 555 1444; x_wconf 75' lang='grc' dir='ltr'>χωρίον</span> <span class='ocrx_word' id='word_1_96' title='bbox 585 1378 751 1442; x_wconf 70' lang='grc' dir='ltr'>ἐγγὺς</span> <span class='ocrx_word' id='word_1_97' title='bbox 784 1377 880 1429; x_wconf 80' lang='grc' dir='ltr'>τοῦ</span> <span class='ocrx_word' id='word_1_98' title='bbox 911 1378 1364 1445; x_wconf 82' lang='grc' dir='ltr'>συμπτὺσσεσθαι</span> <span class='ocrx_word' id='word_1_99' title='bbox 1399 1379 1841 1449; x_wconf 86' lang='grc' dir='ltr'>συγκλειομένων</span> <span class='ocrx_word' id='word_1_100' title='bbox 1860 1398 1875 1415; x_wconf 77' lang='grc' dir='ltr'><strong>ο</strong></span> <span class='ocrx_word' id='word_1_101' title='bbox 1903 1381 1939 1435; x_wconf 81' lang='grc' dir='ltr'>ἂ</span> 
     </span>
    </p>
   </div>
   <div class='ocr_carea' id='block_1_17' title="bbox 328 1465 1940 1539">
    <p class='ocr_par' dir='ltr' id='par_1_17' title="bbox 328 1465 1940 1539">
     <span class='ocr_line' id='line_1_17' title="bbox 328 1465 1940 1539; baseline 0.006 -25"><span class='ocrx_word' id='word_1_102' title='bbox 328 1465 413 1533; x_wconf 73' lang='grc' dir='ltr'><strong>’δή</strong></span> <span class='ocrx_word' id='word_1_103' title='bbox 454 1466 718 1536; x_wconf 76' lang='grc' dir='ltr'><strong>ἐμφερεῖς</strong></span> <span class='ocrx_word' id='word_1_104' title='bbox 759 1468 866 1520; x_wconf 87' lang='grc' dir='ltr'>είσι</span> <span class='ocrx_word' id='word_1_105' title='bbox 898 1469 1013 1530; x_wconf 78' lang='grc' dir='ltr'>τοϊς</span> <span class='ocrx_word' id='word_1_106' title='bbox 1048 1471 1109 1521; x_wconf 79' lang='grc' dir='ltr'>ὲν</span> <span class='ocrx_word' id='word_1_107' title='bbox 1160 1469 1549 1539; x_wconf 79' lang='grc' dir='ltr'><strong>Θερμοπύλαις</strong></span> <span class='ocrx_word' id='word_1_108' title='bbox 1594 1474 1822 1533; x_wconf 79' lang='grc' dir='ltr'><strong>στενοῖς.</strong></span> <span class='ocrx_word' id='word_1_109' title='bbox 1872 1472 1940 1525; x_wconf 77' lang='grc' dir='ltr'><strong>Αἱ</strong></span> 
     </span>
    </p>
   </div>
   <div class='ocr_carea' id='block_1_18' title="bbox 347 1553 1940 1625">
    <p class='ocr_par' dir='ltr' id='par_1_18' title="bbox 347 1553 1940 1625">
     <span class='ocr_line' id='line_1_18' title="bbox 347 1553 1940 1625; baseline 0.006 -19"><span class='ocrx_word' id='word_1_110' title='bbox 347 1555 451 1621; x_wconf 79' lang='grc' dir='ltr'>μὲν</span> <span class='ocrx_word' id='word_1_111' title='bbox 485 1553 583 1609; x_wconf 60' lang='lat' dir='ltr'><strong>of»:</strong></span> <span class='ocrx_word' id='word_1_112' title='bbox 640 1558 859 1611; x_wconf 79' lang='grc' dir='ltr'>Ἰούλιαι</span> <span class='ocrx_word' id='word_1_113' title='bbox 898 1559 1129 1621; x_wconf 81' lang='grc' dir='ltr'>Ἀλπεις</span> <span class='ocrx_word' id='word_1_114' title='bbox 1178 1561 1278 1622; x_wconf 72' lang='grc' dir='ltr'>τὰς</span> <span class='ocrx_word' id='word_1_115' title='bbox 1325 1561 1559 1625; x_wconf 81' lang='grc' dir='ltr'>Γαλλίας</span> <span class='ocrx_word' id='word_1_116' title='bbox 1582 1562 1689 1615; x_wconf 76' lang='grc' dir='ltr'>τῶν</span> <span class='ocrx_word' id='word_1_117' title='bbox 1719 1560 1940 1616; x_wconf 78' lang='grc' dir='ltr'>Ἰταλῶν</span> 
     </span>
    </p>
   </div>
   <div class='ocr_carea' id='block_1_19' title="bbox 328 1648 1937 1717">
    <p class='ocr_par' dir='ltr' id='par_1_19' title="bbox 328 1648 1937 1717">
     <span class='ocr_line' id='line_1_19' title="bbox 328 1648 1937 1717; baseline 0.005 -19"><span class='ocrx_word' id='word_1_118' title='bbox 328 1648 684 1717; x_wconf 68' lang='grc' dir='ltr'>διορίζουσιν</span> <span class='ocrx_word' id='word_1_119' title='bbox 713 1665 727 1680; x_wconf 80' lang='grc'><strong>⁸</strong></span> <span class='ocrx_word' id='word_1_120' title='bbox 756 1650 815 1702; x_wconf 77' lang='grc' dir='ltr'>αἱ</span> <span class='ocrx_word' id='word_1_121' title='bbox 860 1650 915 1702; x_wconf 79' lang='grc' dir='ltr'><strong>δὲ</strong></span> <span class='ocrx_word' id='word_1_122' title='bbox 949 1649 1180 1714; x_wconf 73' lang='grc' dir='ltr'>’Ἄλπεις</span> <span class='ocrx_word' id='word_1_123' title='bbox 1219 1652 1276 1704; x_wconf 85' lang='grc' dir='ltr'>αἳ</span> <span class='ocrx_word' id='word_1_124' title='bbox 1312 1652 1608 1706; x_wconf 83' lang='grc' dir='ltr'>καλοῦνται</span> <span class='ocrx_word' id='word_1_125' title='bbox 1638 1653 1937 1717; x_wconf 79' lang='grc' dir='ltr'>Σουσάκεις</span> 
     </span>
    </p>
   </div>
   <div class='ocr_carea' id='block_1_20' title="bbox 2056 478 3625 557">
    <p class='ocr_par' dir='ltr' id='par_1_20' title="bbox 2056 478 3625 557">
     <span class='ocr_line' id='line_1_20' title="bbox 2056 478 3625 557; baseline 0.016 -32"><span class='ocrx_word' id='word_1_126' title='bbox 2056 483 2108 525; x_wconf 86' lang='grc' dir='ltr'><strong>ιιι</strong></span> <span class='ocrx_word' id='word_1_127' title='bbox 2134 490 2255 544; x_wconf 73' lang='lat' dir='ltr'><strong>quae</strong></span> <span class='ocrx_word' id='word_1_128' title='bbox 2279 478 2582 548; x_wconf 87' lang='lat' dir='ltr'><strong>antiquittts</strong></span> <span class='ocrx_word' id='word_1_129' title='bbox 2620 483 2673 536; x_wconf 83' lang='lat' dir='ltr'><strong>in</strong></span> <span class='ocrx_word' id='word_1_130' title='bbox 2703 486 2874 538; x_wconf 80' lang='lat' dir='ltr'><strong>sacris</strong></span> <span class='ocrx_word' id='word_1_131' title='bbox 2904 504 3164 557; x_wconf 81' lang='lat' dir='ltr'><strong>expressa</strong></span> <span class='ocrx_word' id='word_1_132' title='bbox 3203 503 3349 546; x_wconf 88' lang='lat' dir='ltr'><strong>esset</strong></span> <span class='ocrx_word' id='word_1_133' title='bbox 3386 492 3625 550; x_wconf 74' lang='lat' dir='ltr'><strong>Litteris.</strong></span> 
     </span>
    </p>
   </div>
   <div class='ocr_carea' id='block_1_21' title="bbox 2052 564 3629 656">
    <p class='ocr_par' dir='ltr' id='par_1_21' title="bbox 2052 564 3629 656">
     <span class='ocr_line' id='line_1_21' title="bbox 2052 564 3629 656; baseline 0.015 -38"><span class='ocrx_word' id='word_1_134' title='bbox 2052 564 2414 634; x_wconf 85' lang='lat' dir='ltr'><strong>Splendidum</strong></span> <span class='ocrx_word' id='word_1_135' title='bbox 2451 572 2553 627; x_wconf 88' lang='lat' dir='ltr'><strong>hoc</strong></span> <span class='ocrx_word' id='word_1_136' title='bbox 2588 582 2643 627; x_wconf 91' lang='lat' dir='ltr'><strong>et</strong></span> <span class='ocrx_word' id='word_1_137' title='bbox 2676 578 3054 632; x_wconf 86' lang='lat' dir='ltr'><strong>venerandum</strong></span> <span class='ocrx_word' id='word_1_138' title='bbox 3086 582 3486 651; x_wconf 58' lang='lat' dir='ltr'><strong>spectaculum,</strong></span> <span class='ocrx_word' id='word_1_139' title='bbox 3526 588 3629 656; x_wconf 74' lang='lat' dir='ltr'><strong>ipsi</strong></span> 
     </span>
    </p>
   </div>
   <div class='ocr_carea' id='block_1_22' title="bbox 2034 662 3619 741">
    <p class='ocr_par' dir='ltr' id='par_1_22' title="bbox 2034 662 3619 741">
     <span class='ocr_line' id='line_1_22' title="bbox 2034 662 3619 741; baseline 0.016 -35"><span class='ocrx_word' id='word_1_140' title='bbox 2034 669 2270 725; x_wconf 76' lang='lat' dir='ltr'><strong>‘qttoque</strong></span> <span class='ocrx_word' id='word_1_141' title='bbox 2302 662 2570 717; x_wconf 78' lang='lat' dir='ltr'><strong>exercitui</strong></span> <span class='ocrx_word' id='word_1_142' title='bbox 2610 682 2718 719; x_wconf 90' lang='lat' dir='ltr'><strong>non</strong></span> <span class='ocrx_word' id='word_1_143' title='bbox 2752 666 2858 721; x_wconf 90' lang='lat' dir='ltr'><strong>fuit</strong></span> <span class='ocrx_word' id='word_1_144' title='bbox 2885 669 3146 725; x_wconf 87' lang='lat' dir='ltr'><strong>invisum.</strong></span> <span class='ocrx_word' id='word_1_145' title='bbox 3174 674 3443 741; x_wconf 88' lang='lat' dir='ltr'><strong>Apparuit</strong></span> <span class='ocrx_word' id='word_1_146' title='bbox 3473 694 3619 731; x_wconf 73' lang='lat' dir='ltr'><strong>nam~</strong></span> 
     </span>
    </p>
   </div>
   <div class='ocr_carea' id='block_1_23' title="bbox 2049 746 3627 824">
    <p class='ocr_par' dir='ltr' id='par_1_23' title="bbox 2049 746 3627 824">
     <span class='ocr_line' id='line_1_23' title="bbox 2049 746 3627 824; baseline 0.016 -31"><span class='ocrx_word' id='word_1_147' title='bbox 2049 758 2157 812; x_wconf 80' lang='lat' dir='ltr'><strong>que</strong></span> <span class='ocrx_word' id='word_1_148' title='bbox 2210 746 2428 816; x_wconf 84' lang='lat' dir='ltr'><strong>signum</strong></span> <span class='ocrx_word' id='word_1_149' title='bbox 2479 750 2574 815; x_wconf 91' lang='lat' dir='ltr'><strong>id,</strong></span> <span class='ocrx_word' id='word_1_150' title='bbox 2628 770 2749 806; x_wconf 68' lang='lat' dir='ltr'><strong>cum</strong></span> <span class='ocrx_word' id='word_1_151' title='bbox 2808 755 3104 824; x_wconf 85' lang='lat' dir='ltr'><strong>imperator</strong></span> <span class='ocrx_word' id='word_1_152' title='bbox 3154 761 3221 814; x_wconf 89' lang='lat' dir='ltr'><strong>ad</strong></span> <span class='ocrx_word' id='word_1_153' title='bbox 3272 761 3627 819; x_wconf 62' lang='lat' dir='ltr'><strong>Occidentem</strong></span> 
     </span>
    </p>
   </div>
   <div class='ocr_carea' id='block_1_24' title="bbox 2051 832 3623 919">
    <p class='ocr_par' dir='ltr' id='par_1_24' title="bbox 2051 832 3623 919">
     <span class='ocr_line' id='line_1_24' title="bbox 2051 832 3623 919; baseline 0.016 -34"><span class='ocrx_word' id='word_1_154' title='bbox 2051 832 2465 892; x_wconf 83' lang='lat' dir='ltr'><strong>Britannionem</strong></span> <span class='ocrx_word' id='word_1_155' title='bbox 2493 851 2547 895; x_wconf 93' lang='lat' dir='ltr'><strong>et</strong></span> <span class='ocrx_word' id='word_1_156' title='bbox 2576 843 2946 913; x_wconf 75' lang='lat' dir='ltr'><strong>Magnentium</strong></span> <span class='ocrx_word' id='word_1_157' title='bbox 2977 859 3240 919; x_wconf 85' lang='lat' dir='ltr'><strong>tyrannos</strong></span> <span class='ocrx_word' id='word_1_158' title='bbox 3262 852 3580 909; x_wconf 82' lang='lat' dir='ltr'><strong>devinceret</strong></span> <span class='ocrx_word' id='word_1_159' title='bbox 3610 876 3623 910; x_wconf 90' lang='lat'><strong>:</strong></span> 
     </span>
    </p>
   </div>
   <div class='ocr_carea' id='block_1_25' title="bbox 2050 926 3621 1013">
    <p class='ocr_par' dir='ltr' id='par_1_25' title="bbox 2050 926 3621 1013">
     <span class='ocr_line' id='line_1_25' title="bbox 2050 926 3621 1013; baseline 0.014 -35"><span class='ocrx_word' id='word_1_160' title='bbox 2050 926 2140 979; x_wconf 91' lang='lat' dir='ltr'><strong>ubi</strong></span> <span class='ocrx_word' id='word_1_161' title='bbox 2186 930 2459 983; x_wconf 83' lang='lat' dir='ltr'><strong>exercitus</strong></span> <span class='ocrx_word' id='word_1_162' title='bbox 2506 935 2656 987; x_wconf 87' lang='lat' dir='ltr'><strong>vario</strong></span> <span class='ocrx_word' id='word_1_163' title='bbox 2694 937 2881 990; x_wconf 90' lang='lat' dir='ltr'><strong>lahore</strong></span> <span class='ocrx_word' id='word_1_164' title='bbox 2917 939 3175 1010; x_wconf 82' lang='lat' dir='ltr'><strong>fatigatus</strong></span> <span class='ocrx_word' id='word_1_165' title='bbox 3211 942 3312 1013; x_wconf 55' lang='lat' dir='ltr'><strong>tl),</strong></span> <span class='ocrx_word' id='word_1_166' title='bbox 3354 947 3621 1000; x_wconf 84' lang='lat' dir='ltr'><strong>miraculo</strong></span> 
     </span>
    </p>
   </div>
   <div class='ocr_carea' id='block_1_26' title="bbox 2050 1022 3625 1099">
    <p class='ocr_par' dir='ltr' id='par_1_26' title="bbox 2050 1022 3625 1099">
     <span class='ocr_line' id='line_1_26' title="bbox 2050 1022 3625 1099; baseline 0.013 -28"><span class='ocrx_word' id='word_1_167' title='bbox 2050 1026 2202 1072; x_wconf 88' lang='lat' dir='ltr'><strong>tanto</strong></span> <span class='ocrx_word' id='word_1_168' title='bbox 2230 1022 2365 1083; x_wconf 76' lang='lat' dir='ltr'><strong>viso,</strong></span> <span class='ocrx_word' id='word_1_169' title='bbox 2406 1024 2676 1081; x_wconf 66' lang='lat' dir='ltr'><strong>immensa</strong></span> <span class='ocrx_word' id='word_1_170' title='bbox 2711 1031 2830 1099; x_wconf 84' lang='lat' dir='ltr'><strong>ejus</strong></span> <span class='ocrx_word' id='word_1_171' title='bbox 2864 1032 2984 1086; x_wconf 91' lang='lat' dir='ltr'><strong>luce</strong></span> <span class='ocrx_word' id='word_1_172' title='bbox 3016 1035 3232 1089; x_wconf 81' lang='lat' dir='ltr'><strong>amatus</strong></span> <span class='ocrx_word' id='word_1_173' title='bbox 3277 1048 3332 1092; x_wconf 91' lang='lat' dir='ltr'><strong>et</strong></span> <span class='ocrx_word' id='word_1_174' title='bbox 3361 1039 3625 1092; x_wconf 82' lang='lat' dir='ltr'><strong>lustratus</strong></span> 
     </span>
    </p>
   </div>
   <div class='ocr_carea' id='block_1_27' title="bbox 2045 1107 3657 1197">
    <p class='ocr_par' dir='ltr' id='par_1_27' title="bbox 2045 1107 3657 1197">
     <span class='ocr_line' id='line_1_27' title="bbox 2045 1107 3657 1197; baseline 0.013 -38"><span class='ocrx_word' id='word_1_175' title='bbox 2045 1119 2149 1160; x_wconf 91' lang='lat' dir='ltr'><strong>est.</strong></span> <span class='ocrx_word' id='word_1_176' title='bbox 2193 1107 2326 1162; x_wconf 85' lang='lat' dir='ltr'><strong>Nam</strong></span> <span class='ocrx_word' id='word_1_177' title='bbox 2360 1111 2723 1184; x_wconf 82' lang='lat' dir='ltr'><strong>Magnentius,</strong></span> <span class='ocrx_word' id='word_1_178' title='bbox 2754 1123 2925 1173; x_wconf 81' lang='lat' dir='ltr'><strong>veteri</strong></span> <span class='ocrx_word' id='word_1_179' title='bbox 2962 1120 3133 1177; x_wconf 80' lang='lat' dir='ltr'><strong>Roma</strong></span> <span class='ocrx_word' id='word_1_180' title='bbox 3169 1136 3350 1193; x_wconf 84' lang='lat' dir='ltr'><strong>capta,</strong></span> <span class='ocrx_word' id='word_1_181' title='bbox 3388 1131 3657 1197; x_wconf 83' lang='lat' dir='ltr'><strong>graviter&#39;</strong></span> 
     </span>
    </p>
   </div>
   <div class='ocr_carea' id='block_1_28' title="bbox 2046 1196 3622 1287">
    <p class='ocr_par' dir='ltr' id='par_1_28' title="bbox 2046 1196 3622 1287">
     <span class='ocr_line' id='line_1_28' title="bbox 2046 1196 3622 1287; baseline 0.015 -37"><span class='ocrx_word' id='word_1_182' title='bbox 2046 1196 2121 1251; x_wconf 90' lang='lat' dir='ltr'><strong>ibi</strong></span> <span class='ocrx_word' id='word_1_183' title='bbox 2151 1203 2428 1265; x_wconf 58' lang='lat' dir='ltr'><strong>saeviebat.</strong></span> <span class='ocrx_word' id='word_1_184' title='bbox 2458 1217 2513 1259; x_wconf 91' lang='lat' dir='ltr'><strong>et</strong></span> <span class='ocrx_word' id='word_1_185' title='bbox 2544 1214 2745 1263; x_wconf 88' lang='lat' dir='ltr'><strong>multos</strong></span> <span class='ocrx_word' id='word_1_186' title='bbox 2775 1226 2840 1265; x_wconf 76' lang='lat' dir='ltr'><strong>ex</strong></span> <span class='ocrx_word' id='word_1_187' title='bbox 2891 1223 3081 1268; x_wconf 78' lang='lat' dir='ltr'><strong>senatu</strong></span> <span class='ocrx_word' id='word_1_188' title='bbox 3115 1226 3279 1285; x_wconf 86' lang='lat' dir='ltr'><strong>atque</strong></span> <span class='ocrx_word' id='word_1_189' title='bbox 3313 1219 3425 1287; x_wconf 89' lang='lat' dir='ltr'><strong>ipsa</strong></span> <span class='ocrx_word' id='word_1_190' title='bbox 3455 1221 3622 1273; x_wconf 90' lang='lat' dir='ltr'><strong>etiam</strong></span> 
     </span>
    </p>
   </div>
   <div class='ocr_carea' id='block_1_29' title="bbox 2047 1292 3623 1365">
    <p class='ocr_par' dir='ltr' id='par_1_29' title="bbox 2047 1292 3623 1365">
     <span class='ocr_line' id='line_1_29' title="bbox 2047 1292 3623 1365; baseline 0.014 -23"><span class='ocrx_word' id='word_1_191' title='bbox 2047 1292 2206 1360; x_wconf 83' lang='lat' dir='ltr'><strong>plebe</strong></span> <span class='ocrx_word' id='word_1_192' title='bbox 2264 1296 2568 1352; x_wconf 85' lang='lat' dir='ltr'><strong>crudeliter</strong></span> <span class='ocrx_word' id='word_1_193' title='bbox 2615 1302 2867 1357; x_wconf 84' lang='lat' dir='ltr'><strong>necabat.</strong></span> <span class='ocrx_word' id='word_1_194' title='bbox 2921 1306 3023 1361; x_wconf 93' lang='lat' dir='ltr'><strong>Uhi</strong></span> <span class='ocrx_word' id='word_1_195' title='bbox 3077 1319 3261 1362; x_wconf 90' lang='lat' dir='ltr'><strong>autem</strong></span> <span class='ocrx_word' id='word_1_196' title='bbox 3313 1310 3623 1365; x_wconf 82' lang='lat' dir='ltr'><strong>Constantii</strong></span> 
     </span>
    </p>
   </div>
   <div class='ocr_carea' id='block_1_30' title="bbox 2043 1386 3619 1465">
    <p class='ocr_par' dir='ltr' id='par_1_30' title="bbox 2043 1386 3619 1465">
     <span class='ocr_line' id='line_1_30' title="bbox 2043 1386 3619 1465; baseline 0.012 -28"><span class='ocrx_word' id='word_1_197' title='bbox 2043 1386 2346 1441; x_wconf 81' lang='lat' dir='ltr'><strong>exercitum</strong></span> <span class='ocrx_word' id='word_1_198' title='bbox 2382 1391 2581 1444; x_wconf 84' lang='lat' dir='ltr'><strong>adesse</strong></span> <span class='ocrx_word' id='word_1_199' title='bbox 2622 1396 2900 1463; x_wconf 83' lang='lat' dir='ltr'><strong>cognovit,</strong></span> <span class='ocrx_word' id='word_1_200' title='bbox 2938 1399 3142 1452; x_wconf 86' lang='lat' dir='ltr'><strong>cedens</strong></span> <span class='ocrx_word' id='word_1_201' title='bbox 3169 1401 3353 1465; x_wconf 87' lang='lat' dir='ltr'><strong>istinc,</strong></span> <span class='ocrx_word' id='word_1_202' title='bbox 3387 1402 3619 1456; x_wconf 82' lang='lat' dir='ltr'><strong>Galliam</strong></span> 
     </span>
    </p>
   </div>
   <div class='ocr_carea' id='block_1_31' title="bbox 2042 1475 3621 1565">
    <p class='ocr_par' dir='ltr' id='par_1_31' title="bbox 2042 1475 3621 1565">
     <span class='ocr_line' id='line_1_31' title="bbox 2042 1475 3621 1565; baseline 0.015 -39"><span class='ocrx_word' id='word_1_203' title='bbox 2042 1488 2141 1543; x_wconf 86' lang='lat' dir='ltr'><strong>per</strong></span> <span class='ocrx_word' id='word_1_204' title='bbox 2171 1475 2336 1544; x_wconf 85' lang='lat' dir='ltr'><strong>Alpes</strong></span> <span class='ocrx_word' id='word_1_205' title='bbox 2358 1478 2528 1534; x_wconf 87' lang='lat' dir='ltr'><strong>Julias</strong></span> <span class='ocrx_word' id='word_1_206' title='bbox 2560 1485 2738 1551; x_wconf 88' lang='lat' dir='ltr'><strong>petiit.</strong></span> <span class='ocrx_word' id='word_1_207' title='bbox 2769 1485 2842 1539; x_wconf 91' lang='lat' dir='ltr'><strong>Ita</strong></span> <span class='ocrx_word' id='word_1_208' title='bbox 2871 1490 3019 1541; x_wconf 87' lang='lat' dir='ltr'><strong>enim</strong></span> <span class='ocrx_word' id='word_1_209' title='bbox 3045 1501 3409 1565; x_wconf 79' lang='lat' dir='ltr'><strong>perangustus</strong></span> <span class='ocrx_word' id='word_1_210' title='bbox 3442 1502 3621 1549; x_wconf 84' lang='lat' dir='ltr'><strong>trans-</strong></span> 
     </span>
    </p>
   </div>
   <div class='ocr_carea' id='block_1_32' title="bbox 2043 1568 3616 1650">
    <p class='ocr_par' dir='ltr' id='par_1_32' title="bbox 2043 1568 3616 1650">
     <span class='ocr_line' id='line_1_32' title="bbox 2043 1568 3616 1650; baseline 0.012 -31"><span class='ocrx_word' id='word_1_211' title='bbox 2043 1568 2154 1621; x_wconf 85' lang='lat' dir='ltr'><strong>itus</strong></span> <span class='ocrx_word' id='word_1_212' title='bbox 2192 1569 2417 1638; x_wconf 89' lang='lat' dir='ltr'><strong>dicitur,</strong></span> <span class='ocrx_word' id='word_1_213' title='bbox 2460 1573 2743 1631; x_wconf 88' lang='lat' dir='ltr'><strong>altissimis</strong></span> <span class='ocrx_word' id='word_1_214' title='bbox 2790 1593 2857 1632; x_wconf 75' lang='lat' dir='ltr'><strong>ex</strong></span> <span class='ocrx_word' id='word_1_215' title='bbox 2930 1590 3166 1649; x_wconf 87' lang='lat' dir='ltr'><strong>utraque</strong></span> <span class='ocrx_word' id='word_1_216' title='bbox 3218 1594 3371 1650; x_wconf 86' lang='lat' dir='ltr'><strong>parte</strong></span> <span class='ocrx_word' id='word_1_217' title='bbox 3412 1586 3616 1638; x_wconf 82' lang='lat' dir='ltr'><strong>monti-</strong></span> 
     </span>
    </p>
   </div>
   <div class='ocr_carea' id='block_1_33' title="bbox 2043 1657 3618 1742">
    <p class='ocr_par' dir='ltr' id='par_1_33' title="bbox 2043 1657 3618 1742">
     <span class='ocr_line' id='line_1_33' title="bbox 2043 1657 3618 1742; baseline 0.013 -30"><span class='ocrx_word' id='word_1_218' title='bbox 2043 1657 2150 1714; x_wconf 89' lang='lat' dir='ltr'><strong>bus</strong></span> <span class='ocrx_word' id='word_1_219' title='bbox 2188 1660 2240 1713; x_wconf 92' lang='lat' dir='ltr'><strong>in</strong></span> <span class='ocrx_word' id='word_1_220' title='bbox 2271 1662 2454 1717; x_wconf 90' lang='lat' dir='ltr'><strong>locum</strong></span> <span class='ocrx_word' id='word_1_221' title='bbox 2490 1682 2682 1729; x_wconf 87' lang='lat' dir='ltr'><strong>unum,</strong></span> <span class='ocrx_word' id='word_1_222' title='bbox 2716 1677 2774 1722; x_wconf 90' lang='lat' dir='ltr'><strong>ut</strong></span> <span class='ocrx_word' id='word_1_223' title='bbox 2820 1685 2988 1740; x_wconf 70' lang='grc' dir='ltr'>[πορθ</span> <span class='ocrx_word' id='word_1_224' title='bbox 3019 1676 3440 1742; x_wconf 81' lang='lat' dir='ltr'><strong>complicentur,</strong></span> <span class='ocrx_word' id='word_1_225' title='bbox 3488 1694 3618 1731; x_wconf 88' lang='lat' dir='ltr'><strong>coe-</strong></span> 
     </span>
    </p>
   </div>
   <div class='ocr_carea' id='block_1_34' title="bbox 349 1718 1925 1835">
    <p class='ocr_par' dir='ltr' id='par_1_34' title="bbox 349 1737 1925 1811">
     <span class='ocr_line' id='line_1_34' title="bbox 349 1737 1925 1811; baseline 0.006 -24"><span class='ocrx_word' id='word_1_226' title='bbox 349 1737 563 1803; x_wconf 75' lang='grc' dir='ltr'>μεταξὺ</span> <span class='ocrx_word' id='word_1_227' title='bbox 596 1738 798 1800; x_wconf 85' lang='grc' dir='ltr'>Δακίας</span> <span class='ocrx_word' id='word_1_228' title='bbox 823 1742 916 1794; x_wconf 81' lang='grc' dir='ltr'>καὶ</span> <span class='ocrx_word' id='word_1_229' title='bbox 948 1738 1175 1810; x_wconf 80' lang='grc' dir='ltr'><strong>Θρᾴκης</strong></span> <span class='ocrx_word' id='word_1_230' title='bbox 1211 1741 1340 1795; x_wconf 84' lang='grc' dir='ltr'>είσί.</span> <span class='ocrx_word' id='word_1_231' title='bbox 1374 1743 1593 1811; x_wconf 86' lang='grc' dir='ltr'>Συχνῶς</span> <span class='ocrx_word' id='word_1_232' title='bbox 1641 1744 1774 1811; x_wconf 82' lang='grc' dir='ltr'>γοῦν</span> <span class='ocrx_word' id='word_1_233' title='bbox 1805 1746 1925 1797; x_wconf 79' lang='grc' dir='ltr'>ἑκα-</span> 
     </span>
    </p>
   </div>
   <div class='ocr_carea' id='block_1_35' title="bbox 2026 1718 3618 1835">
    <p class='ocr_par' dir='ltr' id='par_1_35' title="bbox 2041 1718 3618 1835">
     <span class='ocr_line' id='line_1_35' title="bbox 2578 1718 3581 1742; baseline 0.013 -23"><span class='ocrx_word' id='word_1_234' title='bbox 2669 1718 2682 1729; x_wconf 81' lang='grc'><strong>,</strong></span> <span class='ocrx_word' id='word_1_235' title='bbox 2820 1718 2988 1740; x_wconf 50' lang='grc' dir='ltr'><strong>νην-</strong></span> <span class='ocrx_word' id='word_1_236' title='bbox 3022 1718 3440 1742; x_wconf 59' lang='grc' dir='ltr'><strong>νυ...,...νν...ι.,,</strong></span> <span class='ocrx_word' id='word_1_237' title='bbox 3488 1718 3581 1731; x_wconf 73' lang='grc' dir='ltr'><strong>νυ..</strong></span> 
     </span>
     <span class='ocr_line' id='line_1_36' title="bbox 2041 1750 3618 1835; baseline 0.013 -36"><span class='ocrx_word' id='word_1_238' title='bbox 2041 1750 2312 1813; x_wconf 85' lang='lat' dir='ltr'><strong>untibus.</strong></span> <span class='ocrx_word' id='word_1_239' title='bbox 2381 1757 2655 1825; x_wconf 86' lang='lat' dir='ltr'><strong>angustiis</strong></span> <span class='ocrx_word' id='word_1_240' title='bbox 2718 1775 2840 1826; x_wconf 64' lang='lat' dir='ltr'><strong>quae</strong></span> <span class='ocrx_word' id='word_1_241' title='bbox 2911 1763 2963 1815; x_wconf 90' lang='lat' dir='ltr'><strong>in</strong></span> <span class='ocrx_word' id='word_1_242' title='bbox 3034 1763 3421 1835; x_wconf 71' lang='lat' dir='ltr'><strong>Thermopylis</strong></span> <span class='ocrx_word' id='word_1_243' title='bbox 3486 1777 3618 1820; x_wconf 89' lang='lat' dir='ltr'><strong>sunt</strong></span> 
     </span>
    </p>
   </div>
   <div class='ocr_carea' id='block_1_36' title="bbox 340 1827 1936 1904">
    <p class='ocr_par' dir='ltr' id='par_1_36' title="bbox 340 1827 1936 1904">
     <span class='ocr_line' id='line_1_37' title="bbox 340 1827 1936 1904; baseline 0.006 -27"><span class='ocrx_word' id='word_1_244' title='bbox 340 1827 529 1896; x_wconf 84' lang='grc' dir='ltr'>τέρων</span> <span class='ocrx_word' id='word_1_245' title='bbox 578 1828 999 1898; x_wconf 80' lang='grc' dir='ltr'>προσϐαλόντων</span> <span class='ocrx_word' id='word_1_246' title='bbox 1030 1832 1139 1884; x_wconf 81' lang='grc' dir='ltr'>τῶν</span> <span class='ocrx_word' id='word_1_247' title='bbox 1171 1835 1630 1902; x_wconf 76' lang='grc' dir='ltr'>στρατευμάτων,</span> <span class='ocrx_word' id='word_1_248' title='bbox 1665 1834 1795 1887; x_wconf 79' lang='grc' dir='ltr'>ποτὲ</span> <span class='ocrx_word' id='word_1_249' title='bbox 1836 1833 1936 1904; x_wconf 78' lang='grc' dir='ltr'>μὲν</span> 
     </span>
    </p>
   </div>
   <div class='ocr_carea' id='block_1_37' title="bbox 327 1918 1935 1996">
    <p class='ocr_par' dir='ltr' id='par_1_37' title="bbox 327 1918 1935 1996">
     <span class='ocr_line' id='line_1_38' title="bbox 327 1918 1935 1996; baseline 0.007 -27"><span class='ocrx_word' id='word_1_250' title='bbox 327 1918 521 1981; x_wconf 64' lang='grc' dir='ltr'>οὗτοι,</span> <span class='ocrx_word' id='word_1_251' title='bbox 552 1922 686 1973; x_wconf 85' lang='grc' dir='ltr'>ποτὲ</span> <span class='ocrx_word' id='word_1_252' title='bbox 713 1921 761 1974; x_wconf 83' lang='grc' dir='ltr'><strong>δ’</strong></span> <span class='ocrx_word' id='word_1_253' title='bbox 794 1925 994 1976; x_wconf 69' lang='grc' dir='ltr'>ἐκεῖνοι</span> <span class='ocrx_word' id='word_1_254' title='bbox 1025 1926 1423 1996; x_wconf 84' lang='grc' dir='ltr'>περιεγίνοντο.</span> <span class='ocrx_word' id='word_1_255' title='bbox 1460 1926 1733 1979; x_wconf 82' lang='grc' dir='ltr'>’Ὑστατον</span> <span class='ocrx_word' id='word_1_256' title='bbox 1762 1926 1806 1979; x_wconf 83' lang='grc' dir='ltr'><strong>δ’</strong></span> <span class='ocrx_word' id='word_1_257' title='bbox 1838 1929 1935 1996; x_wconf 77' lang='grc' dir='ltr'><strong>ἡτ-</strong></span> 
     </span>
    </p>
   </div>
   <div class='ocr_carea' id='block_1_38' title="bbox 339 2009 1933 2086">
    <p class='ocr_par' dir='ltr' id='par_1_38' title="bbox 339 2009 1933 2086">
     <span class='ocr_line' id='line_1_39' title="bbox 339 2009 1933 2086; baseline 0.007 -27"><span class='ocrx_word' id='word_1_258' title='bbox 339 2009 537 2077; x_wconf 72' lang='grc' dir='ltr'>τηθεὶς</span> <span class='ocrx_word' id='word_1_259' title='bbox 566 2012 929 2079; x_wconf 82' lang='grc' dir='ltr'>Μαγνέντιος,</span> <span class='ocrx_word' id='word_1_260' title='bbox 970 2015 1100 2081; x_wconf 81' lang='grc' dir='ltr'>περί</span> <span class='ocrx_word' id='word_1_261' title='bbox 1148 2032 1202 2067; x_wconf 85' lang='grc' dir='ltr'><strong>τι</strong></span> <span class='ocrx_word' id='word_1_262' title='bbox 1234 2017 1498 2086; x_wconf 81' lang='grc' dir='ltr'>φρούριον</span> <span class='ocrx_word' id='word_1_263' title='bbox 1526 2018 1626 2086; x_wconf 77' lang='grc' dir='ltr'>τῆς</span> <span class='ocrx_word' id='word_1_264' title='bbox 1661 2016 1933 2079; x_wconf 84' lang='grc' dir='ltr'>Γαλατίας</span> 
     </span>
    </p>
   </div>
   <div class='ocr_carea' id='block_1_39' title="bbox 339 2102 1933 2177">
    <p class='ocr_par' dir='ltr' id='par_1_39' title="bbox 339 2102 1933 2177">
     <span class='ocr_line' id='line_1_40' title="bbox 339 2102 1933 2177; baseline 0.006 -25"><span class='ocrx_word' id='word_1_265' title='bbox 339 2102 688 2169; x_wconf 63' lang='grc' dir='ltr'>κατέφυγεν·</span> <span class='ocrx_word' id='word_1_266' title='bbox 739 2103 971 2175; x_wconf 70' lang='grc' dir='ltr'>Μούρσα</span> <span class='ocrx_word' id='word_1_267' title='bbox 1022 2102 1093 2175; x_wconf 80' lang='grc' dir='ltr'>ἦν</span> <span class='ocrx_word' id='word_1_268' title='bbox 1135 2106 1284 2175; x_wconf 84' lang='grc' dir='ltr'>αὐτῷ</span> <span class='ocrx_word' id='word_1_269' title='bbox 1323 2107 1516 2177; x_wconf 78' lang='grc' dir='ltr'>ὄνομα.</span> <span class='ocrx_word' id='word_1_270' title='bbox 1550 2103 1726 2159; x_wconf 86' lang='grc' dir='ltr'>Ὅπου</span> <span class='ocrx_word' id='word_1_271' title='bbox 1777 2106 1841 2176; x_wconf 83' lang='grc' dir='ltr'><strong>δὴ</strong></span> <span class='ocrx_word' id='word_1_272' title='bbox 1872 2108 1933 2161; x_wconf 78' lang='grc' dir='ltr'>τὸ</span> 
     </span>
    </p>
   </div>
   <div class='ocr_carea' id='block_1_40' title="bbox 338 2192 1933 2265">
    <p class='ocr_par' dir='ltr' id='par_1_40' title="bbox 338 2192 1933 2265">
     <span class='ocr_line' id='line_1_41' title="bbox 338 2192 1933 2265; baseline 0.004 -21"><span class='ocrx_word' id='word_1_273' title='bbox 338 2192 654 2262; x_wconf 78' lang='grc' dir='ltr'>ἁδημονοῦν</span> <span class='ocrx_word' id='word_1_274' title='bbox 692 2195 794 2262; x_wconf 84' lang='grc' dir='ltr'><strong>τῆς</strong></span> <span class='ocrx_word' id='word_1_275' title='bbox 824 2196 1118 2265; x_wconf 85' lang='grc' dir='ltr'>στρατείας</span> <span class='ocrx_word' id='word_1_276' title='bbox 1170 2197 1410 2249; x_wconf 81' lang='grc' dir='ltr'>διαλύειν</span> <span class='ocrx_word' id='word_1_277' title='bbox 1442 2197 1806 2265; x_wconf 74' lang='grc' dir='ltr'>πειρώμενος,</span> <span class='ocrx_word' id='word_1_278' title='bbox 1838 2198 1933 2250; x_wconf 82' lang='grc' dir='ltr'>καὶ</span> 
     </span>
    </p>
   </div>
   <div class='ocr_carea' id='block_1_41' title="bbox 336 2285 1931 2359">
    <p class='ocr_par' dir='ltr' id='par_1_41' title="bbox 336 2285 1931 2359">
     <span class='ocr_line' id='line_1_42' title="bbox 336 2285 1931 2359; baseline 0.003 -23"><span class='ocrx_word' id='word_1_279' title='bbox 336 2287 792 2353; x_wconf 74' lang='grc' dir='ltr'>παρασκευάζειν</span> <span class='ocrx_word' id='word_1_280' title='bbox 815 2287 1064 2357; x_wconf 66' lang='grc' dir='ltr'>θαρρεῖν,</span> <span class='ocrx_word' id='word_1_281' title='bbox 1096 2290 1219 2342; x_wconf 74' lang='grc' dir='ltr'>ἐπεὶ</span> <span class='ocrx_word' id='word_1_282' title='bbox 1255 2290 1508 2342; x_wconf 75' lang='grc' dir='ltr'>κάκεῖνον</span> <span class='ocrx_word' id='word_1_283' title='bbox 1541 2290 1811 2359; x_wconf 65' lang='grc' dir='ltr'>εὐφημεῖν</span> <span class='ocrx_word' id='word_1_284' title='bbox 1841 2285 1931 2341; x_wconf 77' lang='grc' dir='ltr'>οἷα</span> 
     </span>
    </p>
   </div>
   <div class='ocr_carea' id='block_1_42' title="bbox 332 2373 1931 2450">
    <p class='ocr_par' dir='ltr' id='par_1_42' title="bbox 332 2373 1931 2450">
     <span class='ocr_line' id='line_1_43' title="bbox 332 2373 1931 2450; baseline 0.005 -25"><span class='ocrx_word' id='word_1_285' title='bbox 332 2373 470 2436; x_wconf 66' lang='grc' dir='ltr'>ἔθος</span> <span class='ocrx_word' id='word_1_286' title='bbox 511 2374 829 2443; x_wconf 77' lang='grc' dir='ltr'>βασιλεῦσιν</span> <span class='ocrx_word' id='word_1_287' title='bbox 862 2378 1051 2448; x_wconf 77' lang='grc' dir='ltr'>ἐχρῆν,</span> <span class='ocrx_word' id='word_1_288' title='bbox 1089 2381 1389 2449; x_wconf 77' lang='grc' dir='ltr'>ἠλέγχοντο</span> <span class='ocrx_word' id='word_1_289' title='bbox 1426 2382 1525 2450; x_wconf 80' lang='grc' dir='ltr'>οὐχ</span> <span class='ocrx_word' id='word_1_290' title='bbox 1573 2381 1793 2443; x_wconf 76' lang='grc' dir='ltr'>ἑκόντες</span> <span class='ocrx_word' id='word_1_291' title='bbox 1826 2379 1931 2435; x_wconf 76' lang='grc' dir='ltr'><strong>Αὖ-</strong></span> 
     </span>
    </p>
   </div>
   <div class='ocr_carea' id='block_1_43' title="bbox 336 2464 1931 2539">
    <p class='ocr_par' dir='ltr' id='par_1_43' title="bbox 336 2464 1931 2539">
     <span class='ocr_line' id='line_1_44' title="bbox 336 2464 1931 2539; baseline 0.006 -26"><span class='ocrx_word' id='word_1_292' title='bbox 336 2479 575 2528; x_wconf 82' lang='grc' dir='ltr'>γουσιον</span> <span class='ocrx_word' id='word_1_293' title='bbox 616 2464 996 2518; x_wconf 82' lang='grc' dir='ltr'>Κωνστάντιον</span> <span class='ocrx_word' id='word_1_294' title='bbox 1029 2466 1151 2519; x_wconf 79' lang='grc' dir='ltr'>ἀντὶ</span> <span class='ocrx_word' id='word_1_295' title='bbox 1183 2468 1528 2535; x_wconf 84' lang='grc' dir='ltr'>Μαγνεντίου</span> <span class='ocrx_word' id='word_1_296' title='bbox 1561 2470 1931 2539; x_wconf 81' lang='grc' dir='ltr'>ἀναγορεύον-</span> 
     </span>
    </p>
   </div>
   <div class='ocr_carea' id='block_1_44' title="bbox 334 2555 1932 2631">
    <p class='ocr_par' dir='ltr' id='par_1_44' title="bbox 334 2555 1932 2631">
     <span class='ocr_line' id='line_1_45' title="bbox 334 2555 1932 2631; baseline 0.004 -25"><span class='ocrx_word' id='word_1_297' title='bbox 334 2571 459 2617; x_wconf 86' lang='grc' dir='ltr'>τες.</span> <span class='ocrx_word' id='word_1_298' title='bbox 501 2555 788 2609; x_wconf 79' lang='grc' dir='ltr'>Ἐντεῦθεν</span> <span class='ocrx_word' id='word_1_299' title='bbox 838 2558 1016 2622; x_wconf 76' lang='grc' dir='ltr'>συνεὶς</span> <span class='ocrx_word' id='word_1_300' title='bbox 1046 2559 1250 2621; x_wconf 76' lang='grc' dir='ltr'>ἐκεῖνος</span> <span class='ocrx_word' id='word_1_301' title='bbox 1285 2559 1361 2630; x_wconf 78' lang='grc' dir='ltr'>μὴ</span> <span class='ocrx_word' id='word_1_302' title='bbox 1407 2561 1470 2613; x_wconf 82' lang='grc' dir='ltr'>ὲκ</span> <span class='ocrx_word' id='word_1_303' title='bbox 1512 2561 1650 2614; x_wconf 71' lang='grc' dir='ltr'>Θεοῦ</span> <span class='ocrx_word' id='word_1_304' title='bbox 1677 2564 1739 2615; x_wconf 69' lang='grc' dir='ltr'>τὸ</span> <span class='ocrx_word' id='word_1_305' title='bbox 1776 2562 1932 2631; x_wconf 86' lang='grc' dir='ltr'>βασι-</span> 
     </span>
    </p>
   </div>
   <div class='ocr_carea' id='block_1_45' title="bbox 332 2646 1930 2724">
    <p class='ocr_par' dir='ltr' id='par_1_45' title="bbox 332 2646 1930 2724">
     <span class='ocr_line' id='line_1_46' title="bbox 332 2646 1930 2724; baseline 0.004 -25"><span class='ocrx_word' id='word_1_306' title='bbox 332 2646 524 2700; x_wconf 81' lang='grc' dir='ltr'>λεύειν</span> <span class='ocrx_word' id='word_1_307' title='bbox 552 2648 796 2701; x_wconf 82' lang='grc' dir='ltr'>δεδόσθαι</span> <span class='ocrx_word' id='word_1_308' title='bbox 818 2649 991 2719; x_wconf 85' lang='grc' dir='ltr'>αὐτῷ,</span> <span class='ocrx_word' id='word_1_309' title='bbox 1023 2651 1083 2703; x_wconf 69' lang='grc' dir='ltr'>τὸ</span> <span class='ocrx_word' id='word_1_310' title='bbox 1099 2650 1364 2721; x_wconf 79' lang='grc' dir='ltr'>φρούριον</span> <span class='ocrx_word' id='word_1_311' title='bbox 1401 2653 1709 2719; x_wconf 82' lang='grc' dir='ltr'>ἀπολιπὼν,</span> <span class='ocrx_word' id='word_1_312' title='bbox 1741 2655 1930 2724; x_wconf 85' lang='grc' dir='ltr'>πρόσω</span> 
     </span>
    </p>
   </div>
   <div class='ocr_carea' id='block_1_46' title="bbox 332 2739 1930 2812">
    <p class='ocr_par' dir='ltr' id='par_1_46' title="bbox 332 2739 1930 2812">
     <span class='ocr_line' id='line_1_47' title="bbox 332 2739 1930 2812; baseline 0.005 -21"><span class='ocrx_word' id='word_1_313' title='bbox 332 2739 626 2808; x_wconf 75' lang='grc' dir='ltr'>ἠπείγετο.</span> <span class='ocrx_word' id='word_1_314' title='bbox 648 2741 892 2793; x_wconf 84' lang='grc' dir='ltr'>Κατόπιν</span> <span class='ocrx_word' id='word_1_315' title='bbox 917 2741 974 2794; x_wconf 76' lang='grc' dir='ltr'><strong>δὲ</strong></span> <span class='ocrx_word' id='word_1_316' title='bbox 991 2743 1091 2811; x_wconf 86' lang='grc' dir='ltr'>τῆς</span> <span class='ocrx_word' id='word_1_317' title='bbox 1122 2744 1384 2812; x_wconf 76' lang='grc' dir='ltr'>στρατιᾶς</span> <span class='ocrx_word' id='word_1_318' title='bbox 1416 2745 1799 2798; x_wconf 85' lang='grc' dir='ltr'>Κωνσταντίου</span> <span class='ocrx_word' id='word_1_319' title='bbox 1831 2762 1930 2799; x_wconf 86' lang='grc' dir='ltr'>κα-</span> 
     </span>
    </p>
   </div>
   <div class='ocr_carea' id='block_1_47' title="bbox 331 2828 1928 2906">
    <p class='ocr_par' dir='ltr' id='par_1_47' title="bbox 331 2828 1928 2906">
     <span class='ocr_line' id='line_1_48' title="bbox 331 2828 1928 2906; baseline 0.003 -24"><span class='ocrx_word' id='word_1_320' title='bbox 331 2828 778 2900; x_wconf 78' lang='grc' dir='ltr'>τασπευδούσης,</span> <span class='ocrx_word' id='word_1_321' title='bbox 811 2831 969 2900; x_wconf 84' lang='grc' dir='ltr'>μόνος</span> <span class='ocrx_word' id='word_1_322' title='bbox 1002 2830 1307 2900; x_wconf 81' lang='grc' dir='ltr'>διαφυγὼν,</span> <span class='ocrx_word' id='word_1_323' title='bbox 1340 2833 1419 2895; x_wconf 85' lang='grc' dir='ltr'><strong>εἰς</strong></span> <span class='ocrx_word' id='word_1_324' title='bbox 1451 2833 1783 2900; x_wconf 79' lang='grc' dir='ltr'>Λουγδοῦνον</span> <span class='ocrx_word' id='word_1_325' title='bbox 1829 2836 1928 2906; x_wconf 84' lang='grc' dir='ltr'><strong>πό-</strong></span> 
     </span>
    </p>
   </div>
   <div class='ocr_carea' id='block_1_48' title="bbox 329 2921 1927 2991">
    <p class='ocr_par' dir='ltr' id='par_1_48' title="bbox 329 2921 1927 2991">
     <span class='ocr_line' id='line_1_49' title="bbox 329 2921 1927 2991; baseline 0.006 -20"><span class='ocrx_word' id='word_1_326' title='bbox 329 2925 421 2973; x_wconf 84' lang='grc' dir='ltr'><strong>λιν</strong></span> <span class='ocrx_word' id='word_1_327' title='bbox 467 2921 884 2991; x_wconf 81' lang='grc' dir='ltr'>ἀποδιδράσκει.</span> <span class='ocrx_word' id='word_1_328' title='bbox 920 2924 1161 2976; x_wconf 80' lang='grc' dir='ltr'>Κάκεῖσε</span> <span class='ocrx_word' id='word_1_329' title='bbox 1206 2924 1300 2976; x_wconf 72' lang='grc' dir='ltr'>τὸν</span> <span class='ocrx_word' id='word_1_330' title='bbox 1328 2925 1561 2991; x_wconf 58' lang='grc' dir='ltr'>ἀδελξὸν</span> <span class='ocrx_word' id='word_1_331' title='bbox 1609 2929 1667 2978; x_wconf 80' lang='grc' dir='ltr'>ἐν</span> <span class='ocrx_word' id='word_1_332' title='bbox 1711 2926 1927 2989; x_wconf 83' lang='grc' dir='ltr'>εὐνοίας</span> 
     </span>
    </p>
   </div>
   <div class='ocr_carea' id='block_1_49' title="bbox 326 3013 1918 3086">
    <p class='ocr_par' dir='ltr' id='par_1_49' title="bbox 326 3013 1918 3086">
     <span class='ocr_line' id='line_1_50' title="bbox 326 3013 1918 3086; baseline 0.004 -21"><span class='ocrx_word' id='word_1_333' title='bbox 326 3014 522 3082; x_wconf 79' lang='grc' dir='ltr'>τρόπῳ</span> <span class='ocrx_word' id='word_1_334' title='bbox 567 3013 730 3081; x_wconf 76' lang='grc' dir='ltr'>δῆθεν</span> <span class='ocrx_word' id='word_1_335' title='bbox 785 3014 1146 3085; x_wconf 74' lang='grc' dir='ltr'>ἀποσφάττει,</span> <span class='ocrx_word' id='word_1_336' title='bbox 1204 3015 1475 3084; x_wconf 83' lang='grc' dir='ltr'>πολεμίας</span> <span class='ocrx_word' id='word_1_337' title='bbox 1534 3018 1918 3086; x_wconf 73' lang='grc' dir='ltr'>προαρπάζων</span> 
     </span>
    </p>
   </div>
   <div class='ocr_carea' id='block_1_50' title="bbox 329 3101 1919 3178">
    <p class='ocr_par' dir='ltr' id='par_1_50' title="bbox 329 3101 1919 3178">
     <span class='ocr_line' id='line_1_51' title="bbox 329 3101 1919 3178; baseline 0.004 -23"><span class='ocrx_word' id='word_1_338' title='bbox 329 3101 555 3172; x_wconf 78' lang='grc' dir='ltr'>ὕϐρεως</span> <span class='ocrx_word' id='word_1_339' title='bbox 583 3104 677 3155; x_wconf 76' lang='grc' dir='ltr'>καὶ</span> <span class='ocrx_word' id='word_1_340' title='bbox 706 3106 910 3173; x_wconf 81' lang='grc' dir='ltr'>χειρὸς,</span> <span class='ocrx_word' id='word_1_341' title='bbox 931 3103 990 3157; x_wconf 79' lang='grc' dir='ltr'>ὃν</span> <span class='ocrx_word' id='word_1_342' title='bbox 1014 3107 1267 3175; x_wconf 75' lang='grc' dir='ltr'>Καίσαρα</span> <span class='ocrx_word' id='word_1_343' title='bbox 1295 3108 1564 3178; x_wconf 79' lang='grc' dir='ltr'>πρότερον</span> <span class='ocrx_word' id='word_1_344' title='bbox 1602 3110 1919 3177; x_wconf 79' lang='grc' dir='ltr'>πεποιήκει,</span> 
     </span>
    </p>
   </div>
   <div class='ocr_carea' id='block_1_51' title="bbox 320 3191 1925 3266">
    <p class='ocr_par' dir='ltr' id='par_1_51' title="bbox 320 3191 1925 3266">
     <span class='ocr_line' id='line_1_52' title="bbox 320 3191 1925 3266; baseline 0.002 -18"><span class='ocrx_word' id='word_1_345' title='bbox 320 3191 463 3250; x_wconf 83' lang='grc' dir='ltr'>εἶτα</span> <span class='ocrx_word' id='word_1_346' title='bbox 483 3195 582 3263; x_wconf 73' lang='grc' dir='ltr'>τὴν</span> <span class='ocrx_word' id='word_1_347' title='bbox 613 3197 824 3266; x_wconf 80' lang='grc' dir='ltr'>μητέρα</span> <span class='ocrx_word' id='word_1_348' title='bbox 846 3211 860 3225; x_wconf 88' lang='grc'><strong>·</strong></span> <span class='ocrx_word' id='word_1_349' title='bbox 888 3196 1083 3248; x_wconf 71' lang='grc' dir='ltr'>ἔπειτα</span> <span class='ocrx_word' id='word_1_350' title='bbox 1115 3198 1172 3250; x_wconf 76' lang='grc' dir='ltr'><strong>δὲ</strong></span> <span class='ocrx_word' id='word_1_351' title='bbox 1205 3200 1296 3250; x_wconf 78' lang='grc' dir='ltr'>καὶ</span> <span class='ocrx_word' id='word_1_352' title='bbox 1324 3199 1376 3251; x_wconf 81' lang='grc' dir='ltr'><strong>εί</strong></span> <span class='ocrx_word' id='word_1_353' title='bbox 1400 3213 1481 3260; x_wconf 87' lang='grc' dir='ltr'><strong>τις</strong></span> <span class='ocrx_word' id='word_1_354' title='bbox 1509 3198 1668 3260; x_wconf 74' lang='grc' dir='ltr'>ἄλλος</span> <span class='ocrx_word' id='word_1_355' title='bbox 1706 3199 1815 3251; x_wconf 82' lang='grc' dir='ltr'>τῶν</span> <span class='ocrx_word' id='word_1_356' title='bbox 1844 3202 1925 3252; x_wconf 84' lang='lat' dir='ltr'><strong>ol-</strong></span> 
     </span>
    </p>
   </div>
   <div class='ocr_carea' id='block_1_52' title="bbox 318 3288 1924 3363">
    <p class='ocr_par' dir='ltr' id='par_1_52' title="bbox 318 3288 1924 3363">
     <span class='ocr_line' id='line_1_53' title="bbox 318 3288 1924 3363; baseline 0.001 -22"><span class='ocrx_word' id='word_1_357' title='bbox 318 3288 636 3341; x_wconf 66' lang='grc' dir='ltr'><strong>Δσιιιιιγτάτων</strong></span> <span class='ocrx_word' id='word_1_358' title='bbox 675 3291 878 3359; x_wconf 80' lang='grc' dir='ltr'>παρῆν.</span> <span class='ocrx_word' id='word_1_359' title='bbox 933 3288 1256 3342; x_wconf 80' lang='grc' dir='ltr'>Τελευταῑον</span> <span class='ocrx_word' id='word_1_360' title='bbox 1311 3291 1368 3342; x_wconf 81' lang='grc' dir='ltr'><strong>δὲ</strong></span> <span class='ocrx_word' id='word_1_361' title='bbox 1415 3291 1477 3343; x_wconf 80' lang='grc' dir='ltr'>τὸ</span> <span class='ocrx_word' id='word_1_362' title='bbox 1531 3289 1683 3359; x_wconf 79' lang='grc' dir='ltr'>ξίφος</span> <span class='ocrx_word' id='word_1_363' title='bbox 1740 3292 1924 3363; x_wconf 85' lang='grc' dir='ltr'>ἑαυτῷ</span> 
     </span>
    </p>
   </div>
   <div class='ocr_carea' id='block_1_53' title="bbox 322 3380 1925 3451">
    <p class='ocr_par' dir='ltr' id='par_1_53' title="bbox 322 3380 1925 3451">
     <span class='ocr_line' id='line_1_54' title="bbox 322 3380 1925 3451; baseline 0.006 -21"><span class='ocrx_word' id='word_1_364' title='bbox 322 3381 678 3448; x_wconf 77' lang='grc' dir='ltr'>ὑποστήσας,</span> <span class='ocrx_word' id='word_1_365' title='bbox 702 3380 1028 3451; x_wconf 70' lang='grc' dir='ltr'>επηρῤαχθη</span> <span class='ocrx_word' id='word_1_366' title='bbox 1051 3398 1111 3433; x_wconf 86' lang='grc' dir='ltr'><strong>τε</strong></span> <span class='ocrx_word' id='word_1_367' title='bbox 1141 3382 1332 3447; x_wconf 79' lang='grc' dir='ltr'>αὑτοῦ,</span> <span class='ocrx_word' id='word_1_368' title='bbox 1368 3384 1464 3434; x_wconf 76' lang='grc' dir='ltr'>καὶ</span> <span class='ocrx_word' id='word_1_369' title='bbox 1490 3383 1758 3447; x_wconf 68' lang='grc' dir='ltr'>διελαθεις</span> <span class='ocrx_word' id='word_1_370' title='bbox 1780 3387 1925 3440; x_wconf 78' lang='grc' dir='ltr'>κατὰ</span> 
     </span>
    </p>
   </div>
   <div class='ocr_carea' id='block_1_54' title="bbox 324 3472 1923 3548">
    <p class='ocr_par' dir='ltr' id='par_1_54' title="bbox 324 3472 1923 3548">
     <span class='ocr_line' id='line_1_55' title="bbox 324 3472 1923 3548; baseline 0.003 -22"><span class='ocrx_word' id='word_1_371' title='bbox 324 3473 394 3526; x_wconf 69' lang='grc' dir='ltr'>τὸ</span> <span class='ocrx_word' id='word_1_372' title='bbox 426 3474 796 3541; x_wconf 74' lang='grc' dir='ltr'>μετάφρενον,</span> <span class='ocrx_word' id='word_1_373' title='bbox 838 3472 1117 3541; x_wconf 67' lang='grc' dir='ltr'>ἐξέψυξεν,</span> <span class='ocrx_word' id='word_1_374' title='bbox 1165 3473 1274 3526; x_wconf 83' lang='grc' dir='ltr'>οὐδ’</span> <span class='ocrx_word' id='word_1_375' title='bbox 1311 3475 1408 3528; x_wconf 86' lang='grc' dir='ltr'>ὅλα</span> <span class='ocrx_word' id='word_1_376' title='bbox 1441 3477 1684 3545; x_wconf 83' lang='grc' dir='ltr'>τέσσαρα</span> <span class='ocrx_word' id='word_1_377' title='bbox 1724 3495 1923 3548; x_wconf 74' lang='grc' dir='ltr'>τυραν-</span> 
     </span>
    </p>
   </div>
   <div class='ocr_carea' id='block_1_55' title="bbox 324 3564 1921 3642">
    <p class='ocr_par' dir='ltr' id='par_1_55' title="bbox 324 3564 1921 3642">
     <span class='ocr_line' id='line_1_56' title="bbox 324 3564 1921 3642; baseline 0.006 -27"><span class='ocrx_word' id='word_1_378' title='bbox 324 3566 509 3635; x_wconf 81' lang='grc' dir='ltr'>νήσας</span> <span class='ocrx_word' id='word_1_379' title='bbox 551 3564 671 3632; x_wconf 80' lang='grc' dir='ltr'>ἐτη.</span> <span class='ocrx_word' id='word_1_380' title='bbox 718 3565 933 3635; x_wconf 75' lang='grc' dir='ltr'>Μικρὸν</span> <span class='ocrx_word' id='word_1_381' title='bbox 981 3566 1039 3618; x_wconf 81' lang='grc' dir='ltr'><strong>δὲ</strong></span> <span class='ocrx_word' id='word_1_382' title='bbox 1085 3565 1335 3637; x_wconf 75' lang='grc' dir='ltr'>ὕστερον,</span> <span class='ocrx_word' id='word_1_383' title='bbox 1375 3570 1472 3622; x_wconf 76' lang='grc' dir='ltr'>καὶ</span> <span class='ocrx_word' id='word_1_384' title='bbox 1513 3568 1570 3632; x_wconf 87' lang='grc' dir='ltr'>ὃς</span> <span class='ocrx_word' id='word_1_385' title='bbox 1619 3570 1808 3639; x_wconf 72' lang='grc' dir='ltr'>ἔτερος</span> <span class='ocrx_word' id='word_1_386' title='bbox 1853 3567 1921 3642; x_wconf 76' lang='grc' dir='ltr'>ἦν</span> 
     </span>
    </p>
   </div>
   <div class='ocr_carea' id='block_1_56' title="bbox 324 3657 1921 3733">
    <p class='ocr_par' dir='ltr' id='par_1_56' title="bbox 324 3657 1921 3733">
     <span class='ocr_line' id='line_1_57' title="bbox 324 3657 1921 3733; baseline 0.004 -23"><span class='ocrx_word' id='word_1_387' title='bbox 324 3657 485 3726; x_wconf 80' lang='grc' dir='ltr'><strong>αὑτῷ</strong></span> <span class='ocrx_word' id='word_1_388' title='bbox 501 3658 756 3726; x_wconf 77' lang='grc' dir='ltr'>ἁδελφὸς,</span> <span class='ocrx_word' id='word_1_389' title='bbox 787 3660 1066 3720; x_wconf 78' lang='grc' dir='ltr'>Δεκέννιος</span> <span class='ocrx_word' id='word_1_390' title='bbox 1096 3659 1285 3728; x_wconf 75' lang='grc' dir='ltr'>ὄνομα,</span> <span class='ocrx_word' id='word_1_391' title='bbox 1317 3663 1491 3733; x_wconf 73' lang='grc' dir='ltr'>ἀγχόῃ</span> <span class='ocrx_word' id='word_1_392' title='bbox 1515 3662 1611 3715; x_wconf 79' lang='grc' dir='ltr'>τοῦ</span> <span class='ocrx_word' id='word_1_393' title='bbox 1647 3663 1762 3733; x_wconf 84' lang='grc' dir='ltr'>βίου</span> <span class='ocrx_word' id='word_1_394' title='bbox 1794 3667 1921 3717; x_wconf 80' lang='grc' dir='ltr'>ἑαυ·</span> 
     </span>
    </p>
   </div>
   <div class='ocr_carea' id='block_1_57' title="bbox 321 3749 1919 3824">
    <p class='ocr_par' dir='ltr' id='par_1_57' title="bbox 321 3749 1919 3824">
     <span class='ocr_line' id='line_1_58' title="bbox 321 3749 1919 3824; baseline 0.005 -23"><span class='ocrx_word' id='word_1_395' title='bbox 321 3749 424 3801; x_wconf 72' lang='grc' dir='ltr'>τὸν</span> <span class='ocrx_word' id='word_1_396' title='bbox 473 3749 849 3818; x_wconf 63' lang='grc' dir='ltr'>ὓπεξῄγαγεν.</span> <span class='ocrx_word' id='word_1_397' title='bbox 888 3750 1034 3803; x_wconf 78' lang='grc' dir='ltr'>Ἀλλ’</span> <span class='ocrx_word' id='word_1_398' title='bbox 1068 3753 1188 3804; x_wconf 75' lang='grc' dir='ltr'>οὐδὲ</span> <span class='ocrx_word' id='word_1_399' title='bbox 1220 3752 1392 3814; x_wconf 81' lang='grc' dir='ltr'>οὕτως</span> <span class='ocrx_word' id='word_1_400' title='bbox 1427 3756 1483 3806; x_wconf 88' lang='grc' dir='ltr'>αἱ</span> <span class='ocrx_word' id='word_1_401' title='bbox 1514 3758 1755 3824; x_wconf 79' lang='grc' dir='ltr'>ταραχαὶ</span> <span class='ocrx_word' id='word_1_402' title='bbox 1784 3757 1919 3809; x_wconf 82' lang='grc' dir='ltr'><strong>ἀπέ-</strong></span> 
     </span>
    </p>
   </div>
   <div class='ocr_carea' id='block_1_58' title="bbox 321 3843 1919 3916">
    <p class='ocr_par' dir='ltr' id='par_1_58' title="bbox 321 3843 1919 3916">
     <span class='ocr_line' id='line_1_59' title="bbox 321 3843 1919 3916; baseline 0.004 -22"><span class='ocrx_word' id='word_1_403' title='bbox 321 3843 492 3894; x_wconf 78' lang='grc' dir='ltr'>λιπον</span> <span class='ocrx_word' id='word_1_404' title='bbox 517 3843 587 3894; x_wconf 82' lang='grc' dir='ltr'>τὰ</span> <span class='ocrx_word' id='word_1_405' title='bbox 620 3843 1031 3910; x_wconf 83' lang='grc' dir='ltr'>κοινά.Ἔτερος</span> <span class='ocrx_word' id='word_1_406' title='bbox 1063 3846 1170 3913; x_wconf 70' lang='grc' dir='ltr'>γὰρ</span> <span class='ocrx_word' id='word_1_407' title='bbox 1201 3845 1363 3907; x_wconf 80' lang='grc' dir='ltr'>εὐθὺς</span> <span class='ocrx_word' id='word_1_408' title='bbox 1398 3846 1691 3916; x_wconf 84' lang='grc' dir='ltr'>τύραννος,</span> <span class='ocrx_word' id='word_1_409' title='bbox 1723 3848 1919 3900; x_wconf 79' lang='grc' dir='ltr'>Σιλόα-</span> 
     </span>
    </p>
   </div>
   <div class='ocr_carea' id='block_1_59' title="bbox 320 3934 1959 4009">
    <p class='ocr_par' dir='ltr' id='par_1_59' title="bbox 320 3934 1959 4009">
     <span class='ocr_line' id='line_1_60' title="bbox 320 3934 1959 4009; baseline 0.003 -23"><span class='ocrx_word' id='word_1_410' title='bbox 320 3936 417 3997; x_wconf 79' lang='grc' dir='ltr'>νὸς</span> <span class='ocrx_word' id='word_1_411' title='bbox 447 3934 644 4003; x_wconf 73' lang='grc' dir='ltr'>ὃνομα,</span> <span class='ocrx_word' id='word_1_412' title='bbox 684 3936 813 4001; x_wconf 70' lang='grc' dir='ltr'>περὶ</span> <span class='ocrx_word' id='word_1_413' title='bbox 852 3936 976 3997; x_wconf 82' lang='grc' dir='ltr'>τοὺς</span> <span class='ocrx_word' id='word_1_414' title='bbox 1009 3937 1146 4003; x_wconf 74' lang='grc' dir='ltr'>πρὸς</span> <span class='ocrx_word' id='word_1_415' title='bbox 1192 3935 1342 3988; x_wconf 83' lang='grc' dir='ltr'>δύσιν</span> <span class='ocrx_word' id='word_1_416' title='bbox 1375 3936 1623 4000; x_wconf 75' lang='grc' dir='ltr'>Γαλάτας</span> <span class='ocrx_word' id='word_1_417' title='bbox 1654 3934 1790 4009; x_wconf 78' lang='grc' dir='ltr'>ἦρτο</span> <span class='ocrx_word' id='word_1_418' title='bbox 1810 3956 1823 3970; x_wconf 91' lang='grc'><strong>·</strong></span> <span class='ocrx_word' id='word_1_419' title='bbox 1858 3940 1916 3992; x_wconf 81' lang='grc' dir='ltr'>ὃν</span> <span class='ocrx_word' id='word_1_420' title='bbox 1954 3946 1959 3950; x_wconf 87' lang='grc'><em>’</em></span> 
     </span>
    </p>
   </div>
   <div class='ocr_carea' id='block_1_60' title="bbox 324 4026 1912 4099">
    <p class='ocr_par' dir='ltr' id='par_1_60' title="bbox 324 4026 1912 4099">
     <span class='ocr_line' id='line_1_61' title="bbox 324 4026 1912 4099; baseline 0.003 -18"><span class='ocrx_word' id='word_1_421' title='bbox 324 4029 432 4081; x_wconf 70' lang='grc' dir='ltr'>οὐκ</span> <span class='ocrx_word' id='word_1_422' title='bbox 464 4026 700 4080; x_wconf 71' lang='grc' dir='ltr'>ἐπιπολὺ</span> <span class='ocrx_word' id='word_1_423' title='bbox 722 4026 1092 4096; x_wconf 80' lang='grc' dir='ltr'>διαρκέσαντα</span> <span class='ocrx_word' id='word_1_424' title='bbox 1118 4028 1168 4079; x_wconf 72' lang='grc' dir='ltr'>οἱ</span> <span class='ocrx_word' id='word_1_425' title='bbox 1193 4032 1495 4099; x_wconf 75' lang='grc' dir='ltr'>στρατηγοὶ</span> <span class='ocrx_word' id='word_1_426' title='bbox 1526 4030 1912 4086; x_wconf 79' lang='grc' dir='ltr'>Κωνσταντίου</span> 
     </span>
    </p>
   </div>
   <div class='ocr_carea' id='block_1_61' title="bbox 324 4118 1914 4194">
    <p class='ocr_par' dir='ltr' id='par_1_61' title="bbox 324 4118 1914 4194">
     <span class='ocr_line' id='line_1_62' title="bbox 324 4118 1914 4194; baseline 0.001 -22"><span class='ocrx_word' id='word_1_427' title='bbox 324 4118 670 4189; x_wconf 79' lang='grc' dir='ltr'>διέφθειραν.</span> <span class='ocrx_word' id='word_1_428' title='bbox 710 4120 784 4171; x_wconf 84' lang='grc' dir='ltr'><strong>Οὐ</strong></span> <span class='ocrx_word' id='word_1_429' title='bbox 819 4120 926 4187; x_wconf 79' lang='grc' dir='ltr'><strong>μην</strong></span> <span class='ocrx_word' id='word_1_430' title='bbox 966 4119 1022 4170; x_wconf 76' lang='grc' dir='ltr'><strong>δὲ</strong></span> <span class='ocrx_word' id='word_1_431' title='bbox 1050 4119 1183 4170; x_wconf 81' lang='grc' dir='ltr'><strong>ἀλλὰ</strong></span> <span class='ocrx_word' id='word_1_432' title='bbox 1220 4122 1315 4170; x_wconf 82' lang='grc' dir='ltr'><strong>καὶ</strong></span> <span class='ocrx_word' id='word_1_433' title='bbox 1350 4121 1399 4171; x_wconf 84' lang='grc' dir='ltr'>οἱ</span> <span class='ocrx_word' id='word_1_434' title='bbox 1434 4122 1489 4171; x_wconf 85' lang='grc' dir='ltr'>ὲν</span> <span class='ocrx_word' id='word_1_435' title='bbox 1520 4123 1914 4194; x_wconf 68' lang='grc' dir='ltr'>Διοκαισαρείᾳ</span> 
     </span>
    </p>
   </div>
   <div class='ocr_carea' id='block_1_62' title="bbox 334 4204 1947 4284">
    <p class='ocr_par' dir='ltr' id='par_1_62' title="bbox 334 4204 1947 4284">
     <span class='ocr_line' id='line_1_63' title="bbox 334 4204 1947 4284; baseline 0 -19"><span class='ocrx_word' id='word_1_436' title='bbox 334 4210 903 4276; x_wconf 73' lang='grc' dir='ltr'>ἸουδαίοιῬωμαίοις</span> <span class='ocrx_word' id='word_1_437' title='bbox 926 4212 1352 4273; x_wconf 78' lang='grc' dir='ltr'>ἐπαναστάντες,</span> <span class='ocrx_word' id='word_1_438' title='bbox 1382 4213 1479 4264; x_wconf 80' lang='grc' dir='ltr'>καὶ</span> <span class='ocrx_word' id='word_1_439' title='bbox 1506 4213 1594 4264; x_wconf 87' lang='grc' dir='ltr'>τὸν</span> <span class='ocrx_word' id='word_1_440' title='bbox 1626 4213 1787 4281; x_wconf 73' lang='grc' dir='ltr'>ζυγὸν</span> <span class='ocrx_word' id='word_1_441' title='bbox 1814 4217 1912 4284; x_wconf 82' lang='grc' dir='ltr'>τῆς</span> <span class='ocrx_word' id='word_1_442' title='bbox 1935 4204 1947 4217; x_wconf 53' lang='grc'><em>“</em></span> 
     </span>
    </p>
   </div>
   <div class='ocr_carea' id='block_1_63' title="bbox 318 4297 1906 4374">
    <p class='ocr_par' dir='ltr' id='par_1_63' title="bbox 318 4297 1906 4374">
     <span class='ocr_line' id='line_1_64' title="bbox 318 4297 1906 4374; baseline 0.001 -16"><span class='ocrx_word' id='word_1_443' title='bbox 318 4304 573 4363; x_wconf 72' lang='grc' dir='ltr'>δουλείας</span> <span class='ocrx_word' id='word_1_444' title='bbox 599 4304 1052 4369; x_wconf 73' lang='grc' dir='ltr'>ἀποσεισάμενοι,</span> <span class='ocrx_word' id='word_1_445' title='bbox 1085 4297 1224 4372; x_wconf 76' lang='grc' dir='ltr'>ἦραν</span> <span class='ocrx_word' id='word_1_446' title='bbox 1252 4304 1414 4368; x_wconf 66' lang='grc' dir='ltr'>ὃςιλα,</span> <span class='ocrx_word' id='word_1_447' title='bbox 1450 4305 1544 4356; x_wconf 80' lang='grc' dir='ltr'>καὶ</span> <span class='ocrx_word' id='word_1_448' title='bbox 1573 4306 1669 4374; x_wconf 80' lang='grc' dir='ltr'>τὴν</span> <span class='ocrx_word' id='word_1_449' title='bbox 1702 4307 1906 4360; x_wconf 81' lang='grc' dir='ltr'>Παλαι-</span> 
     </span>
    </p>
   </div>
   <div class='ocr_carea' id='block_1_64' title="bbox 320 4393 1985 4469">
    <p class='ocr_par' dir='ltr' id='par_1_64' title="bbox 320 4393 1985 4469">
     <span class='ocr_line' id='line_1_65' title="bbox 320 4393 1985 4469; baseline 0.006 -24"><span class='ocrx_word' id='word_1_450' title='bbox 320 4397 513 4464; x_wconf 80' lang='grc' dir='ltr'>στίνην</span> <span class='ocrx_word' id='word_1_451' title='bbox 547 4396 641 4446; x_wconf 52' lang='grc' dir='ltr'>καὶ</span> <span class='ocrx_word' id='word_1_452' title='bbox 678 4394 745 4444; x_wconf 79' lang='grc' dir='ltr'>τὰ</span> <span class='ocrx_word' id='word_1_453' title='bbox 785 4393 947 4463; x_wconf 79' lang='grc' dir='ltr'>πέριξ</span> <span class='ocrx_word' id='word_1_454' title='bbox 1000 4394 1167 4463; x_wconf 80' lang='grc' dir='ltr'>αὐτῆς</span> <span class='ocrx_word' id='word_1_455' title='bbox 1203 4396 1529 4465; x_wconf 77' lang='grc' dir='ltr'>κατέτρεχον</span> <span class='ocrx_word' id='word_1_456' title='bbox 1575 4398 1905 4469; x_wconf 72' lang='grc' dir='ltr'>ληϊζόμενοι.</span> <span class='ocrx_word' id='word_1_457' title='bbox 1938 4395 1985 4449; x_wconf 83' lang='grc' dir='ltr'><strong>Ῑ)</strong></span> 
     </span>
    </p>
   </div>
   <div class='ocr_carea' id='block_1_65' title="bbox 319 4480 1909 4560">
    <p class='ocr_par' dir='ltr' id='par_1_65' title="bbox 319 4480 1909 4560">
     <span class='ocr_line' id='line_1_66' title="bbox 319 4480 1909 4560; baseline 0.003 -22"><span class='ocrx_word' id='word_1_458' title='bbox 319 4486 462 4538; x_wconf 83' lang='grc' dir='ltr'>Καθ’</span> <span class='ocrx_word' id='word_1_459' title='bbox 485 4480 561 4539; x_wconf 82' lang='grc' dir='ltr'>ὧν</span> <span class='ocrx_word' id='word_1_460' title='bbox 589 4486 737 4554; x_wconf 74' lang='grc' dir='ltr'>μέγα</span> <span class='ocrx_word' id='word_1_461' title='bbox 763 4486 956 4537; x_wconf 71' lang='grc' dir='ltr'>ἀνίστα</span> <span class='ocrx_word' id='word_1_462' title='bbox 978 4486 1257 4553; x_wconf 82' lang='grc' dir='ltr'>τρόπαιον,</span> <span class='ocrx_word' id='word_1_463' title='bbox 1290 4488 1461 4539; x_wconf 84' lang='grc' dir='ltr'>ὲπιὼν</span> <span class='ocrx_word' id='word_1_464' title='bbox 1484 4488 1544 4551; x_wconf 70' lang='grc' dir='ltr'><strong>ἐξ</strong></span> <span class='ocrx_word' id='word_1_465' title='bbox 1580 4489 1909 4560; x_wconf 80' lang='grc' dir='ltr'>Ἀντιοχείας</span> 
     </span>
    </p>
   </div>
   <div class='ocr_carea' id='block_1_66' title="bbox 315 4577 1909 4651">
    <p class='ocr_par' dir='ltr' id='par_1_66' title="bbox 315 4577 1909 4651">
     <span class='ocr_line' id='line_1_67' title="bbox 315 4577 1909 4651; baseline -0.003 -23"><span class='ocrx_word' id='word_1_466' title='bbox 315 4577 458 4630; x_wconf 71' lang='grc' dir='ltr'>ἔνθα</span> <span class='ocrx_word' id='word_1_467' title='bbox 484 4577 756 4643; x_wconf 76' lang='grc' dir='ltr'>διέτριϐεν</span> <span class='ocrx_word' id='word_1_468' title='bbox 786 4578 814 4628; x_wconf 86' lang='grc' dir='ltr'>ὁ</span> <span class='ocrx_word' id='word_1_469' title='bbox 848 4577 1227 4639; x_wconf 78' lang='grc' dir='ltr'>Κωνστάντιος</span> <span class='ocrx_word' id='word_1_470' title='bbox 1276 4578 1473 4641; x_wconf 80' lang='grc' dir='ltr'>Γάλλος</span> <span class='ocrx_word' id='word_1_471' title='bbox 1502 4596 1517 4611; x_wconf 79' lang='grc' dir='ltr'><strong>ο</strong></span> <span class='ocrx_word' id='word_1_472' title='bbox 1548 4584 1641 4633; x_wconf 71' lang='grc' dir='ltr'>καὶ</span> <span class='ocrx_word' id='word_1_473' title='bbox 1674 4583 1773 4651; x_wconf 80' lang='grc' dir='ltr'>τὴν</span> <span class='ocrx_word' id='word_1_474' title='bbox 1814 4583 1909 4635; x_wconf 81' lang='grc' dir='ltr'>πό-</span> 
     </span>
    </p>
   </div>
   <div class='ocr_carea' id='block_1_67' title="bbox 314 4667 1908 4740">
    <p class='ocr_par' dir='ltr' id='par_1_67' title="bbox 314 4667 1908 4740">
     <span class='ocr_line' id='line_1_68' title="bbox 314 4667 1908 4740; baseline 0.006 -21"><span class='ocrx_word' id='word_1_475' title='bbox 314 4669 406 4720; x_wconf 81' lang='grc' dir='ltr'><strong>λιν</strong></span> <span class='ocrx_word' id='word_1_476' title='bbox 439 4668 624 4720; x_wconf 77' lang='grc' dir='ltr'>αὐτῶν</span> <span class='ocrx_word' id='word_1_477' title='bbox 661 4671 724 4718; x_wconf 80' lang='grc' dir='ltr'>ἐκ</span> <span class='ocrx_word' id='word_1_478' title='bbox 762 4667 980 4737; x_wconf 80' lang='grc' dir='ltr'>βάθρων</span> <span class='ocrx_word' id='word_1_479' title='bbox 1010 4670 1330 4740; x_wconf 79' lang='grc' dir='ltr'>ἀνέτρεπεν.</span> <span class='ocrx_word' id='word_1_480' title='bbox 1376 4671 1532 4724; x_wconf 77' lang='grc' dir='ltr'>Οὕτω</span> <span class='ocrx_word' id='word_1_481' title='bbox 1562 4672 1617 4725; x_wconf 82' lang='grc' dir='ltr'><strong>δὲ</strong></span> <span class='ocrx_word' id='word_1_482' title='bbox 1644 4675 1766 4726; x_wconf 86' lang='grc' dir='ltr'>κατ’</span> <span class='ocrx_word' id='word_1_483' title='bbox 1813 4678 1908 4729; x_wconf 77' lang='grc' dir='ltr'><strong>αὐ-</strong></span> 
     </span>
    </p>
   </div>
   <div class='ocr_carea' id='block_1_68' title="bbox 313 4761 1908 4838">
    <p class='ocr_par' dir='ltr' id='par_1_68' title="bbox 313 4761 1908 4838">
     <span class='ocr_line' id='line_1_69' title="bbox 313 4761 1908 4838; baseline 0.008 -27"><span class='ocrx_word' id='word_1_484' title='bbox 313 4762 432 4812; x_wconf 84' lang='grc' dir='ltr'>τῶν</span> <span class='ocrx_word' id='word_1_485' title='bbox 458 4761 789 4830; x_wconf 75' lang='grc' dir='ltr'>εὐτυχήσας,</span> <span class='ocrx_word' id='word_1_486' title='bbox 817 4762 914 4831; x_wconf 75' lang='grc' dir='ltr'>τὴν</span> <span class='ocrx_word' id='word_1_487' title='bbox 944 4761 1253 4833; x_wconf 79' lang='grc' dir='ltr'>εὐημερίαν</span> <span class='ocrx_word' id='word_1_488' title='bbox 1282 4765 1382 4820; x_wconf 76' lang='grc' dir='ltr'>οὐκ</span> <span class='ocrx_word' id='word_1_489' title='bbox 1408 4768 1642 4838; x_wconf 71' lang='grc' dir='ltr'>ἧνεγκεν</span> <span class='ocrx_word' id='word_1_490' title='bbox 1669 4785 1686 4802; x_wconf 88' lang='grc'><strong>·</strong></span> <span class='ocrx_word' id='word_1_491' title='bbox 1713 4788 1908 4824; x_wconf 83' lang='grc' dir='ltr'>νεωτε-</span> 
     </span>
    </p>
   </div>
   <div class='ocr_carea' id='block_1_69' title="bbox 316 4854 1905 4933">
    <p class='ocr_par' dir='ltr' id='par_1_69' title="bbox 316 4854 1905 4933">
     <span class='ocr_line' id='line_1_70' title="bbox 316 4854 1905 4933; baseline 0.008 -28"><span class='ocrx_word' id='word_1_492' title='bbox 316 4854 499 4921; x_wconf 74' lang='grc' dir='ltr'>ρίζειν</span> <span class='ocrx_word' id='word_1_493' title='bbox 532 4855 587 4906; x_wconf 74' lang='grc' dir='ltr'>δι</span> <span class='ocrx_word' id='word_1_494' title='bbox 611 4858 707 4907; x_wconf 84' lang='grc' dir='ltr'>καὶ</span> <span class='ocrx_word' id='word_1_495' title='bbox 736 4856 901 4915; x_wconf 74' lang='grc' dir='ltr'>αὐτὸς</span> <span class='ocrx_word' id='word_1_496' title='bbox 927 4856 1112 4925; x_wconf 61' lang='grc' dir='ltr'>ἠρέμα</span> <span class='ocrx_word' id='word_1_497' title='bbox 1139 4859 1472 4928; x_wconf 85' lang='grc' dir='ltr'>κατήρχετο,</span> <span class='ocrx_word' id='word_1_498' title='bbox 1497 4862 1590 4913; x_wconf 78' lang='grc' dir='ltr'>καὶ</span> <span class='ocrx_word' id='word_1_499' title='bbox 1624 4867 1905 4933; x_wconf 83' lang='grc' dir='ltr'>τυραννεῖν</span> 
     </span>
    </p>
   </div>
   <div class='ocr_carea' id='block_1_70' title="bbox 313 4946 1904 5025">
    <p class='ocr_par' dir='ltr' id='par_1_70' title="bbox 313 4946 1904 5025">
     <span class='ocr_line' id='line_1_71' title="bbox 313 4946 1904 5025; baseline 0.007 -27"><span class='ocrx_word' id='word_1_500' title='bbox 313 4946 579 5013; x_wconf 76' lang='grc' dir='ltr'>ἐμελέτα.</span> <span class='ocrx_word' id='word_1_501' title='bbox 597 4947 711 5000; x_wconf 80' lang='grc' dir='ltr'>Οὐκ</span> <span class='ocrx_word' id='word_1_502' title='bbox 732 4950 808 5009; x_wconf 87' lang='grc' dir='ltr'>εἰς</span> <span class='ocrx_word' id='word_1_503' title='bbox 832 4951 1052 5018; x_wconf 79' lang='grc' dir='ltr'>μακρὰν</span> <span class='ocrx_word' id='word_1_504' title='bbox 1077 4949 1131 5002; x_wconf 80' lang='grc' dir='ltr'><strong>δὲ</strong></span> <span class='ocrx_word' id='word_1_505' title='bbox 1164 4954 1490 5022; x_wconf 80' lang='grc' dir='ltr'>κατάφωρος</span> <span class='ocrx_word' id='word_1_506' title='bbox 1506 4954 1582 5025; x_wconf 80' lang='grc' dir='ltr'>τῷ</span> <span class='ocrx_word' id='word_1_507' title='bbox 1618 4957 1904 5011; x_wconf 77' lang='grc' dir='ltr'>Κωνσταν-</span> 
     </span>
    </p>
   </div>
   <div class='ocr_carea' id='block_1_71' title="bbox 311 5040 1901 5121">
    <p class='ocr_par' dir='ltr' id='par_1_71' title="bbox 311 5040 1901 5121">
     <span class='ocr_line' id='line_1_72' title="bbox 311 5040 1901 5121; baseline 0.009 -33"><span class='ocrx_word' id='word_1_508' title='bbox 311 5041 418 5106; x_wconf 81' lang='grc' dir='ltr'><strong>τίῳ</strong></span> <span class='ocrx_word' id='word_1_509' title='bbox 456 5041 670 5104; x_wconf 79' lang='grc' dir='ltr'>ἐγίνετο</span> <span class='ocrx_word' id='word_1_510' title='bbox 690 5054 705 5070; x_wconf 82' lang='grc'><em>’</em></span> <span class='ocrx_word' id='word_1_511' title='bbox 739 5040 975 5109; x_wconf 78' lang='grc' dir='ltr'>θράσους</span> <span class='ocrx_word' id='word_1_512' title='bbox 1006 5045 1113 5112; x_wconf 81' lang='grc' dir='ltr'>γὰρ</span> <span class='ocrx_word' id='word_1_513' title='bbox 1141 5044 1381 5116; x_wconf 76' lang='grc' dir='ltr'>ἀμετρίᾳ</span> <span class='ocrx_word' id='word_1_514' title='bbox 1404 5045 1653 5116; x_wconf 78' lang='grc' dir='ltr'>ληφθεὶς,</span> <span class='ocrx_word' id='word_1_515' title='bbox 1686 5050 1775 5101; x_wconf 86' lang='grc' dir='ltr'>τὸν</span> <span class='ocrx_word' id='word_1_516' title='bbox 1803 5052 1901 5121; x_wconf 86' lang='grc' dir='ltr'>τῆς</span> 
     </span>
    </p>
   </div>
   <div class='ocr_carea' id='block_1_72' title="bbox 321 5124 1902 5211">
    <p class='ocr_par' dir='ltr' id='par_1_72' title="bbox 321 5124 1902 5211">
     <span class='ocr_line' id='line_1_73' title="bbox 321 5124 1902 5211; baseline 0.008 -28"><span class='ocrx_word' id='word_1_517' title='bbox 321 5129 504 5201; x_wconf 79' lang='grc' dir='ltr'>Έῴας</span> <span class='ocrx_word' id='word_1_518' title='bbox 534 5131 776 5201; x_wconf 80' lang='grc' dir='ltr'>ἔπαρχον</span> <span class='ocrx_word' id='word_1_519' title='bbox 801 5136 1148 5203; x_wconf 81' lang='grc' dir='ltr'>Δομετιανὸν,</span> <span class='ocrx_word' id='word_1_520' title='bbox 1167 5136 1262 5189; x_wconf 83' lang='grc' dir='ltr'>καὶ</span> <span class='ocrx_word' id='word_1_521' title='bbox 1283 5134 1376 5189; x_wconf 83' lang='grc' dir='ltr'>τὸν</span> <span class='ocrx_word' id='word_1_522' title='bbox 1408 5124 1743 5211; x_wconf 81' lang='grc' dir='ltr'>κοιαίστωρα</span> <span class='ocrx_word' id='word_1_523' title='bbox 1760 5142 1902 5195; x_wconf 82' lang='grc' dir='ltr'><strong>Μόν-</strong></span> 
     </span>
    </p>
   </div>
   <div class='ocr_carea' id='block_1_73' title="bbox 284 5224 1900 5299">
    <p class='ocr_par' dir='ltr' id='par_1_73' title="bbox 284 5224 1900 5299">
     <span class='ocr_line' id='line_1_74' title="bbox 284 5224 1900 5299; baseline 0.008 -26"><span class='ocrx_word' id='word_1_524' title='bbox 284 5237 452 5284; x_wconf 72' lang='grc' dir='ltr'>οτιον,</span> <span class='ocrx_word' id='word_1_525' title='bbox 473 5224 595 5274; x_wconf 83' lang='grc' dir='ltr'>κατ’</span> <span class='ocrx_word' id='word_1_526' title='bbox 623 5226 873 5288; x_wconf 79' lang='grc' dir='ltr'>ἐξουσίαν</span> <span class='ocrx_word' id='word_1_527' title='bbox 899 5228 1099 5292; x_wconf 83' lang='grc' dir='ltr'>ἀνεῖλε,</span> <span class='ocrx_word' id='word_1_528' title='bbox 1135 5230 1213 5298; x_wconf 77' lang='grc' dir='ltr'>μὴ</span> <span class='ocrx_word' id='word_1_529' title='bbox 1243 5228 1322 5298; x_wconf 82' lang='grc' dir='ltr'>τῷ</span> <span class='ocrx_word' id='word_1_530' title='bbox 1350 5228 1567 5299; x_wconf 78' lang='grc' dir='ltr'>βασιλεί</span> <span class='ocrx_word' id='word_1_531' title='bbox 1597 5233 1692 5295; x_wconf 79' lang='grc' dir='ltr'>τὰς</span> <span class='ocrx_word' id='word_1_532' title='bbox 1717 5235 1900 5297; x_wconf 79' lang='grc' dir='ltr'>αἰτίας</span> 
     </span>
    </p>
   </div>
   <div class='ocr_carea' id='block_1_74' title="bbox 312 5316 1898 5393">
    <p class='ocr_par' dir='ltr' id='par_1_74' title="bbox 312 5316 1898 5393">
     <span class='ocr_line' id='line_1_75' title="bbox 312 5316 1898 5393; baseline 0.01 -29"><span class='ocrx_word' id='word_1_533' title='bbox 312 5316 571 5385; x_wconf 73' lang='grc' dir='ltr'>μηνύσας</span> <span class='ocrx_word' id='word_1_534' title='bbox 608 5317 709 5385; x_wconf 83' lang='grc' dir='ltr'>τῆς</span> <span class='ocrx_word' id='word_1_535' title='bbox 743 5320 1104 5387; x_wconf 73' lang='grc' dir='ltr'>ἀναιρέσεως.</span> <span class='ocrx_word' id='word_1_536' title='bbox 1149 5319 1240 5385; x_wconf 79' lang='grc' dir='ltr'>Ἐξ</span> <span class='ocrx_word' id='word_1_537' title='bbox 1272 5317 1337 5393; x_wconf 83' lang='grc' dir='ltr'>ἦς</span> <span class='ocrx_word' id='word_1_538' title='bbox 1374 5324 1559 5386; x_wconf 84' lang='grc' dir='ltr'>αίτίας</span> <span class='ocrx_word' id='word_1_539' title='bbox 1599 5326 1694 5377; x_wconf 75' lang='grc' dir='ltr'><strong>καὶ</strong></span> <span class='ocrx_word' id='word_1_540' title='bbox 1722 5325 1898 5379; x_wconf 82' lang='grc' dir='ltr'>ἄλλων</span> 
     </span>
    </p>
   </div>
   <div class='ocr_carea' id='block_1_75' title="bbox 307 5409 1925 5496">
    <p class='ocr_par' dir='ltr' id='par_1_75' title="bbox 307 5409 1897 5487">
     <span class='ocr_line' id='line_1_76' title="bbox 307 5409 1897 5487; baseline 0.007 -28"><span class='ocrx_word' id='word_1_541' title='bbox 307 5409 817 5479; x_wconf 73' lang='grc' dir='ltr'>συνεπιῤῥυέντων,</span> <span class='ocrx_word' id='word_1_542' title='bbox 868 5412 1087 5483; x_wconf 73' lang='grc' dir='ltr'>θανάτῳ</span> <span class='ocrx_word' id='word_1_543' title='bbox 1142 5412 1237 5466; x_wconf 83' lang='grc' dir='ltr'>τὸν</span> <span class='ocrx_word' id='word_1_544' title='bbox 1288 5415 1555 5487; x_wconf 79' lang='grc' dir='ltr'>ὐὸριστὴν</span> <span class='ocrx_word' id='word_1_545' title='bbox 1621 5417 1897 5486; x_wconf 86' lang='grc' dir='ltr'>μετελθεῖν</span> 
     </span>
    </p>
   </div>
   <div class='ocr_carea' id='block_1_76' title="bbox 2026 5409 2500 5496">
    <p class='ocr_par' dir='ltr' id='par_1_76' title="bbox 2026 5437 2500 5496">
     <span class='ocr_line' id='line_1_77' title="bbox 2026 5437 2500 5496; baseline 0.013 -6"><span class='ocrx_word' id='word_1_546' title='bbox 2026 5437 2184 5493; x_wconf 82' lang='lat' dir='ltr'><strong>iidem</strong></span> <span class='ocrx_word' id='word_1_547' title='bbox 2244 5439 2500 5496; x_wconf 81' lang='lat' dir='ltr'><strong>meditari</strong></span> 
     </span>
    </p>
   </div>
   <div class='ocr_carea' id='block_1_77' title="bbox 379 5593 1890 5672">
    <p class='ocr_par' dir='ltr' id='par_1_77' title="bbox 379 5593 1890 5672">
     <span class='ocr_line' id='line_1_78' title="bbox 379 5593 1890 5672; baseline 0.007 -23"><span class='ocrx_word' id='word_1_548' title='bbox 379 5596 461 5655; x_wconf 85' lang='lat' dir='ltr'><strong>(ll</strong></span> <span class='ocrx_word' id='word_1_549' title='bbox 493 5593 707 5672; x_wconf 54' lang='lat' dir='ltr'><strong>Era-liis</strong></span> <span class='ocrx_word' id='word_1_550' title='bbox 755 5599 875 5653; x_wconf 87' lang='lat' dir='ltr'><strong>istis</strong></span> <span class='ocrx_word' id='word_1_551' title='bbox 922 5598 1067 5672; x_wconf 81' lang='lat' dir='ltr'><strong>vires</strong></span> <span class='ocrx_word' id='word_1_552' title='bbox 1110 5600 1366 5653; x_wconf 79' lang='lat' dir='ltr'><strong>Romame</strong></span> <span class='ocrx_word' id='word_1_553' title='bbox 1397 5602 1510 5656; x_wconf 86' lang='lat' dir='ltr'><strong>fere</strong></span> <span class='ocrx_word' id='word_1_554' title='bbox 1549 5616 1890 5672; x_wconf 65' lang='lat' dir='ltr'><strong>consumptae</strong></span> 
     </span>
    </p>
   </div>
   <div class='ocr_carea' id='block_1_78' title="bbox 307 5665 1893 5741">
    <p class='ocr_par' dir='ltr' id='par_1_78' title="bbox 307 5665 1893 5741">
     <span class='ocr_line' id='line_1_79' title="bbox 307 5665 1893 5741; baseline 0.006 -21"><span class='ocrx_word' id='word_1_555' title='bbox 307 5676 466 5720; x_wconf 84' lang='lat' dir='ltr'><strong>sunt.</strong></span> <span class='ocrx_word' id='word_1_556' title='bbox 492 5665 826 5723; x_wconf 80' lang='lat' dir='ltr'><strong>Bellatorum</strong></span> <span class='ocrx_word' id='word_1_557' title='bbox 854 5670 999 5723; x_wconf 86' lang='lat' dir='ltr'><strong>enim</strong></span> <span class='ocrx_word' id='word_1_558' title='bbox 1033 5677 1430 5740; x_wconf 62' lang='lat' dir='ltr'><strong>quinquaginta</strong></span> <span class='ocrx_word' id='word_1_559' title='bbox 1458 5683 1695 5741; x_wconf 84' lang='lat' dir='ltr'><strong>quatuor</strong></span> <span class='ocrx_word' id='word_1_560' title='bbox 1726 5665 1893 5730; x_wconf 78' lang='lat' dir='ltr'><strong>millia</strong></span> 
     </span>
    </p>
   </div>
   <div class='ocr_carea' id='block_1_79' title="bbox 2038 1847 3615 1921">
    <p class='ocr_par' dir='ltr' id='par_1_79' title="bbox 2038 1847 3615 1921">
     <span class='ocr_line' id='line_1_80' title="bbox 2038 1847 3615 1921; baseline 0.014 -28"><span class='ocrx_word' id='word_1_561' title='bbox 2038 1857 2304 1911; x_wconf 84' lang='lat' dir='ltr'><strong>perquam</strong></span> <span class='ocrx_word' id='word_1_562' title='bbox 2330 1847 2561 1901; x_wconf 90' lang='lat' dir='ltr'><strong>similes.</strong></span> <span class='ocrx_word' id='word_1_563' title='bbox 2591 1849 2656 1903; x_wconf 86' lang='lat' dir='ltr'><strong>Et</strong></span> <span class='ocrx_word' id='word_1_564' title='bbox 2682 1851 2851 1920; x_wconf 81' lang='lat' dir='ltr'><strong>Alpes</strong></span> <span class='ocrx_word' id='word_1_565' title='bbox 2874 1854 3096 1921; x_wconf 88' lang='lat' dir='ltr'><strong>quidem</strong></span> <span class='ocrx_word' id='word_1_566' title='bbox 3124 1856 3282 1912; x_wconf 69' lang='lat' dir='ltr'><strong>Iuliae</strong></span> <span class='ocrx_word' id='word_1_567' title='bbox 3311 1858 3514 1913; x_wconf 86' lang='lat' dir='ltr'><strong>Gallias</strong></span> <span class='ocrx_word' id='word_1_568' title='bbox 3545 1863 3615 1915; x_wconf 85' lang='lat' dir='ltr'><strong>ab</strong></span> 
     </span>
    </p>
   </div>
   <div class='ocr_carea' id='block_1_80' title="bbox 2037 1935 3615 2010">
    <p class='ocr_par' dir='ltr' id='par_1_80' title="bbox 2037 1935 3615 2010">
     <span class='ocr_line' id='line_1_81' title="bbox 2037 1935 3615 2010; baseline 0.013 -23"><span class='ocrx_word' id='word_1_569' title='bbox 2037 1935 2192 1990; x_wconf 86' lang='lat' dir='ltr'><strong>Italia</strong></span> <span class='ocrx_word' id='word_1_570' title='bbox 2244 1938 2517 1997; x_wconf 86' lang='lat' dir='ltr'><strong>dividunt.</strong></span> <span class='ocrx_word' id='word_1_571' title='bbox 2572 1944 2704 2010; x_wconf 67' lang='lat' dir='ltr'><strong>Qum</strong></span> <span class='ocrx_word' id='word_1_572' title='bbox 2765 1962 2899 2001; x_wconf 88' lang='lat' dir='ltr'><strong>vero</strong></span> <span class='ocrx_word' id='word_1_573' title='bbox 2954 1960 3227 2004; x_wconf 83' lang='lat' dir='ltr'><strong>vocantur</strong></span> <span class='ocrx_word' id='word_1_574' title='bbox 3278 1953 3615 2009; x_wconf 83' lang='lat' dir='ltr'><strong>Susaecnses</strong></span> 
     </span>
    </p>
   </div>
   <div class='ocr_carea' id='block_1_81' title="bbox 2035 2029 3612 2101">
    <p class='ocr_par' dir='ltr' id='par_1_81' title="bbox 2035 2029 3612 2101">
     <span class='ocr_line' id='line_1_82' title="bbox 2035 2029 3612 2101; baseline 0.012 -19"><span class='ocrx_word' id='word_1_575' title='bbox 2035 2029 2235 2098; x_wconf 89' lang='lat' dir='ltr'><strong>Alpes,</strong></span> <span class='ocrx_word' id='word_1_576' title='bbox 2272 2031 2418 2087; x_wconf 90' lang='lat' dir='ltr'><strong>inter</strong></span> <span class='ocrx_word' id='word_1_577' title='bbox 2451 2032 2670 2088; x_wconf 88' lang='lat' dir='ltr'><strong>Daciam</strong></span> <span class='ocrx_word' id='word_1_578' title='bbox 2708 2045 2764 2091; x_wconf 92' lang='lat' dir='ltr'><strong>et</strong></span> <span class='ocrx_word' id='word_1_579' title='bbox 2801 2037 3091 2094; x_wconf 84' lang='lat' dir='ltr'><strong>Thraciam</strong></span> <span class='ocrx_word' id='word_1_580' title='bbox 3125 2053 3273 2098; x_wconf 90' lang='lat' dir='ltr'><strong>sunt.</strong></span> <span class='ocrx_word' id='word_1_581' title='bbox 3315 2045 3486 2099; x_wconf 86' lang='lat' dir='ltr'><strong>Porro</strong></span> <span class='ocrx_word' id='word_1_582' title='bbox 3520 2048 3612 2101; x_wconf 85' lang='lat' dir='ltr'><strong>tibi</strong></span> 
     </span>
    </p>
   </div>
   <div class='ocr_carea' id='block_1_82' title="bbox 2036 2121 3611 2197">
    <p class='ocr_par' dir='ltr' id='par_1_82' title="bbox 2036 2121 3611 2197">
     <span class='ocr_line' id='line_1_83' title="bbox 2036 2121 3611 2197; baseline 0.015 -25"><span class='ocrx_word' id='word_1_583' title='bbox 2036 2121 2329 2189; x_wconf 81' lang='lat' dir='ltr'><strong>aliquoties</strong></span> <span class='ocrx_word' id='word_1_584' title='bbox 2378 2124 2527 2179; x_wconf 82' lang='lat' dir='ltr'><strong>acies</strong></span> <span class='ocrx_word' id='word_1_585' title='bbox 2574 2127 2717 2182; x_wconf 89' lang='lat' dir='ltr'><strong>inter</strong></span> <span class='ocrx_word' id='word_1_586' title='bbox 2754 2144 2814 2183; x_wconf 89' lang='lat' dir='ltr'><strong>se</strong></span> <span class='ocrx_word' id='word_1_587' title='bbox 2863 2146 3222 2197; x_wconf 89' lang='lat' dir='ltr'><strong>concurrere,</strong></span> <span class='ocrx_word' id='word_1_588' title='bbox 3276 2146 3331 2191; x_wconf 92' lang='lat' dir='ltr'><strong>et</strong></span> <span class='ocrx_word' id='word_1_589' title='bbox 3362 2155 3510 2195; x_wconf 91' lang='lat' dir='ltr'><strong>nunc</strong></span> <span class='ocrx_word' id='word_1_590' title='bbox 3553 2142 3611 2195; x_wconf 87' lang='lat' dir='ltr'><strong>bi</strong></span> 
     </span>
    </p>
   </div>
   <div class='ocr_carea' id='block_1_83' title="bbox 2036 2211 3612 2295">
    <p class='ocr_par' dir='ltr' id='par_1_83' title="bbox 2036 2211 3612 2295">
     <span class='ocr_line' id='line_1_84' title="bbox 2036 2211 3612 2295; baseline 0.015 -33"><span class='ocrx_word' id='word_1_591' title='bbox 2036 2224 2184 2265; x_wconf 90' lang='lat' dir='ltr'><strong>nunc</strong></span> <span class='ocrx_word' id='word_1_592' title='bbox 2220 2211 2297 2266; x_wconf 92' lang='lat' dir='ltr'><strong>illi</strong></span> <span class='ocrx_word' id='word_1_593' title='bbox 2332 2216 2524 2283; x_wconf 83' lang='lat' dir='ltr'><strong>praelio</strong></span> <span class='ocrx_word' id='word_1_594' title='bbox 2556 2221 2880 2286; x_wconf 86' lang='lat' dir='ltr'><strong>superiores</strong></span> <span class='ocrx_word' id='word_1_595' title='bbox 2914 2223 3090 2288; x_wconf 87' lang='lat' dir='ltr'><strong>fuere,</strong></span> <span class='ocrx_word' id='word_1_596' title='bbox 3123 2239 3402 2295; x_wconf 82' lang='lat' dir='ltr'><strong>postremo</strong></span> <span class='ocrx_word' id='word_1_597' title='bbox 3432 2232 3612 2287; x_wconf 78' lang='lat' dir='ltr'><strong>victus</strong></span> 
     </span>
    </p>
   </div>
   <div class='ocr_carea' id='block_1_84' title="bbox 2034 2302 3608 2392">
    <p class='ocr_par' dir='ltr' id='par_1_84' title="bbox 2034 2302 3608 2392">
     <span class='ocr_line' id='line_1_85' title="bbox 2034 2302 3608 2392; baseline 0.014 -37"><span class='ocrx_word' id='word_1_598' title='bbox 2034 2302 2379 2375; x_wconf 81' lang='lat' dir='ltr'><strong>Magnentius</strong></span> <span class='ocrx_word' id='word_1_599' title='bbox 2411 2309 2477 2369; x_wconf 71' lang='lat' dir='ltr'><strong>ad</strong></span> <span class='ocrx_word' id='word_1_600' title='bbox 2525 2309 2759 2366; x_wconf 81' lang='lat' dir='ltr'><strong>Mursam</strong></span> <span class='ocrx_word' id='word_1_601' title='bbox 2794 2315 2870 2385; x_wconf 75' lang='lat'><strong>(2)</strong></span> <span class='ocrx_word' id='word_1_602' title='bbox 2918 2316 3108 2373; x_wconf 73' lang='lat' dir='ltr'><strong>Galliae</strong></span> <span class='ocrx_word' id='word_1_603' title='bbox 3156 2323 3443 2375; x_wconf 83' lang='lat' dir='ltr'><strong>castellum</strong></span> <span class='ocrx_word' id='word_1_604' title='bbox 3480 2340 3608 2392; x_wconf 89' lang='lat' dir='ltr'><strong>pro-</strong></span> 
     </span>
    </p>
   </div>
   <div class='ocr_carea' id='block_1_85' title="bbox 2032 2392 3610 2478">
    <p class='ocr_par' dir='ltr' id='par_1_85' title="bbox 2032 2392 3610 2478">
     <span class='ocr_line' id='line_1_86' title="bbox 2032 2392 3610 2478; baseline 0.014 -32"><span class='ocrx_word' id='word_1_605' title='bbox 2032 2392 2196 2465; x_wconf 90' lang='lat' dir='ltr'><strong>fugit.</strong></span> <span class='ocrx_word' id='word_1_606' title='bbox 2225 2395 2347 2462; x_wconf 85' lang='lat' dir='ltr'><strong>Quo</strong></span> <span class='ocrx_word' id='word_1_607' title='bbox 2377 2399 2498 2453; x_wconf 90' lang='lat' dir='ltr'><strong>loco</strong></span> <span class='ocrx_word' id='word_1_608' title='bbox 2529 2403 2719 2471; x_wconf 90' lang='lat' dir='ltr'><strong>copias</strong></span> <span class='ocrx_word' id='word_1_609' title='bbox 2756 2419 2886 2459; x_wconf 89' lang='lat' dir='ltr'><strong>suas</strong></span> <span class='ocrx_word' id='word_1_610' title='bbox 2910 2422 3037 2461; x_wconf 89' lang='lat' dir='ltr'><strong>casu</strong></span> <span class='ocrx_word' id='word_1_611' title='bbox 3072 2425 3138 2462; x_wconf 91' lang='lat' dir='ltr'><strong>eo</strong></span> <span class='ocrx_word' id='word_1_612' title='bbox 3179 2414 3456 2478; x_wconf 86' lang='lat' dir='ltr'><strong>perculsas</strong></span> <span class='ocrx_word' id='word_1_613' title='bbox 3491 2417 3610 2468; x_wconf 90' lang='lat' dir='ltr'><strong>ani-</strong></span> 
     </span>
    </p>
   </div>
   <div class='ocr_carea' id='block_1_86' title="bbox 2034 2490 3606 2567">
    <p class='ocr_par' dir='ltr' id='par_1_86' title="bbox 2034 2490 3606 2567">
     <span class='ocr_line' id='line_1_87' title="bbox 2034 2490 3606 2567; baseline 0.013 -28"><span class='ocrx_word' id='word_1_614' title='bbox 2034 2503 2219 2554; x_wconf 89' lang='lat' dir='ltr'><strong>mare,</strong></span> <span class='ocrx_word' id='word_1_615' title='bbox 2254 2498 2312 2542; x_wconf 89' lang='lat' dir='ltr'><strong>et</strong></span> <span class='ocrx_word' id='word_1_616' title='bbox 2344 2490 2411 2543; x_wconf 91' lang='lat' dir='ltr'><strong>ad</strong></span> <span class='ocrx_word' id='word_1_617' title='bbox 2446 2491 2823 2548; x_wconf 79' lang='lat' dir='ltr'><strong>fortitudinem</strong></span> <span class='ocrx_word' id='word_1_618' title='bbox 2856 2510 3020 2567; x_wconf 90' lang='lat' dir='ltr'><strong>atque</strong></span> <span class='ocrx_word' id='word_1_619' title='bbox 3046 2499 3318 2554; x_wconf 79' lang='lat' dir='ltr'><strong>fiduciam</strong></span> <span class='ocrx_word' id='word_1_620' title='bbox 3364 2508 3606 2559; x_wconf 85' lang='lat' dir='ltr'><strong>excitare</strong></span> 
     </span>
    </p>
   </div>
   <div class='ocr_carea' id='block_1_87' title="bbox 2031 2581 3604 2659">
    <p class='ocr_par' dir='ltr' id='par_1_87' title="bbox 2031 2581 3604 2659">
     <span class='ocr_line' id='line_1_88' title="bbox 2031 2581 3604 2659; baseline 0.011 -27"><span class='ocrx_word' id='word_1_621' title='bbox 2031 2588 2263 2633; x_wconf 87' lang='lat' dir='ltr'><strong>conatus</strong></span> <span class='ocrx_word' id='word_1_622' title='bbox 2317 2588 2423 2636; x_wconf 89' lang='lat' dir='ltr'><strong>est.</strong></span> <span class='ocrx_word' id='word_1_623' title='bbox 2472 2581 2608 2637; x_wconf 91' lang='lat' dir='ltr'><strong>Cum</strong></span> <span class='ocrx_word' id='word_1_624' title='bbox 2661 2596 2845 2640; x_wconf 87' lang='lat' dir='ltr'><strong>autem</strong></span> <span class='ocrx_word' id='word_1_625' title='bbox 2891 2598 2947 2642; x_wconf 91' lang='lat' dir='ltr'><strong>et</strong></span> <span class='ocrx_word' id='word_1_626' title='bbox 2990 2589 3120 2659; x_wconf 83' lang='lat' dir='ltr'><strong>ipsae</strong></span> <span class='ocrx_word' id='word_1_627' title='bbox 3168 2594 3391 2647; x_wconf 82' lang='lat' dir='ltr'><strong>militari</strong></span> <span class='ocrx_word' id='word_1_628' title='bbox 3449 2613 3604 2650; x_wconf 89' lang='lat' dir='ltr'><strong>more</strong></span> 
     </span>
    </p>
   </div>
   <div class='ocr_carea' id='block_1_88' title="bbox 2031 2670 3605 2749">
    <p class='ocr_par' dir='ltr' id='par_1_88' title="bbox 2031 2670 3605 2749">
     <span class='ocr_line' id='line_1_89' title="bbox 2031 2670 3605 2749; baseline 0.012 -26"><span class='ocrx_word' id='word_1_629' title='bbox 2031 2670 2431 2726; x_wconf 87' lang='lat' dir='ltr'><strong>acclamatione</strong></span> <span class='ocrx_word' id='word_1_630' title='bbox 2462 2690 2560 2729; x_wconf 91' lang='lat' dir='ltr'><strong>sua</strong></span> <span class='ocrx_word' id='word_1_631' title='bbox 2597 2677 2674 2731; x_wconf 90' lang='lat' dir='ltr'><strong>illi</strong></span> <span class='ocrx_word' id='word_1_632' title='bbox 2709 2689 2768 2732; x_wconf 90' lang='lat' dir='ltr'><strong>ut</strong></span> <span class='ocrx_word' id='word_1_633' title='bbox 2794 2678 3121 2749; x_wconf 87' lang='lat' dir='ltr'><strong>imperatori</strong></span> <span class='ocrx_word' id='word_1_634' title='bbox 3152 2684 3329 2739; x_wconf 87' lang='lat' dir='ltr'><strong>fausta</strong></span> <span class='ocrx_word' id='word_1_635' title='bbox 3364 2689 3605 2743; x_wconf 87' lang='lat' dir='ltr'><strong>ominari</strong></span> 
     </span>
    </p>
   </div>
   <div class='ocr_carea' id='block_1_89' title="bbox 2030 2761 3601 2846">
    <p class='ocr_par' dir='ltr' id='par_1_89' title="bbox 2030 2761 3601 2846">
     <span class='ocr_line' id='line_1_90' title="bbox 2030 2761 3601 2846; baseline 0.013 -30"><span class='ocrx_word' id='word_1_636' title='bbox 2030 2761 2333 2830; x_wconf 87' lang='lat' dir='ltr'><strong>deberent,</strong></span> <span class='ocrx_word' id='word_1_637' title='bbox 2371 2769 2455 2821; x_wconf 89' lang='lat' dir='ltr'><strong>vel</strong></span> <span class='ocrx_word' id='word_1_638' title='bbox 2504 2770 2687 2826; x_wconf 66' lang='lat' dir='ltr'><strong>invitae</strong></span> <span class='ocrx_word' id='word_1_639' title='bbox 2722 2789 2821 2841; x_wconf 88' lang='lat' dir='ltr'><strong>pro</strong></span> <span class='ocrx_word' id='word_1_640' title='bbox 2860 2776 3175 2846; x_wconf 77' lang='lat' dir='ltr'><strong>Magnentio</strong></span> <span class='ocrx_word' id='word_1_641' title='bbox 3216 2779 3601 2837; x_wconf 89' lang='lat' dir='ltr'><strong>Constantium</strong></span> 
     </span>
    </p>
   </div>
   <div class='ocr_carea' id='block_1_90' title="bbox 2030 2855 3602 2943">
    <p class='ocr_par' dir='ltr' id='par_1_90' title="bbox 2030 2855 3602 2943">
     <span class='ocr_line' id='line_1_91' title="bbox 2030 2855 3602 2943; baseline 0.015 -35"><span class='ocrx_word' id='word_1_642' title='bbox 2030 2855 2338 2926; x_wconf 84' lang='lat' dir='ltr'><strong>Augustum</strong></span> <span class='ocrx_word' id='word_1_643' title='bbox 2376 2862 2820 2932; x_wconf 70' lang='lat' dir='ltr'><strong>promulgarunt.</strong></span> <span class='ocrx_word' id='word_1_644' title='bbox 2853 2868 3006 2924; x_wconf 87' lang='lat' dir='ltr'><strong>Unde</strong></span> <span class='ocrx_word' id='word_1_645' title='bbox 3038 2872 3129 2925; x_wconf 89' lang='lat' dir='ltr'><strong>ille</strong></span> <span class='ocrx_word' id='word_1_646' title='bbox 3162 2874 3450 2943; x_wconf 90' lang='lat' dir='ltr'><strong>imperium</strong></span> <span class='ocrx_word' id='word_1_647' title='bbox 3493 2878 3602 2932; x_wconf 90' lang='lat' dir='ltr'><strong>sibi</strong></span> 
     </span>
    </p>
   </div>
   <div class='ocr_carea' id='block_1_91' title="bbox 2032 2951 3600 3022">
    <p class='ocr_par' dir='ltr' id='par_1_91' title="bbox 2032 2951 3600 3022">
     <span class='ocr_line' id='line_1_92' title="bbox 2032 2951 3600 3022; baseline 0.015 -24"><span class='ocrx_word' id='word_1_648' title='bbox 2032 2962 2140 3001; x_wconf 93' lang='lat' dir='ltr'><strong>non</strong></span> <span class='ocrx_word' id='word_1_649' title='bbox 2174 2963 2294 3004; x_wconf 90' lang='lat' dir='ltr'><strong>esse</strong></span> <span class='ocrx_word' id='word_1_650' title='bbox 2327 2966 2357 3004; x_wconf 90' lang='lat' dir='ltr'><strong>a</strong></span> <span class='ocrx_word' id='word_1_651' title='bbox 2404 2951 2512 3006; x_wconf 91' lang='lat' dir='ltr'><strong>Deo</strong></span> <span class='ocrx_word' id='word_1_652' title='bbox 2545 2953 2784 3009; x_wconf 89' lang='lat' dir='ltr'><strong>delatum</strong></span> <span class='ocrx_word' id='word_1_653' title='bbox 2818 2956 3087 3015; x_wconf 74' lang='lat' dir='ltr'><strong>intellexit</strong></span> <span class='ocrx_word' id='word_1_654' title='bbox 3133 2978 3148 3013; x_wconf 88' lang='lat'><strong>:</strong></span> <span class='ocrx_word' id='word_1_655' title='bbox 3184 2973 3241 3017; x_wconf 91' lang='lat' dir='ltr'><strong>et</strong></span> <span class='ocrx_word' id='word_1_656' title='bbox 3271 2967 3496 3020; x_wconf 85' lang='lat' dir='ltr'><strong>castello</strong></span> <span class='ocrx_word' id='word_1_657' title='bbox 3530 2982 3600 3022; x_wconf 83' lang='lat' dir='ltr'><strong>eo</strong></span> 
     </span>
    </p>
   </div>
   <div class='ocr_carea' id='block_1_92' title="bbox 1950 3041 3592 3120">
    <p class='ocr_par' dir='ltr' id='par_1_92' title="bbox 1950 3041 3592 3120">
     <span class='ocr_line' id='line_1_93' title="bbox 1950 3041 3592 3120; baseline 0.014 -27"><span class='ocrx_word' id='word_1_658' title='bbox 1950 3052 1995 3116; x_wconf 73' lang='grc' dir='ltr'><strong>ρ</strong></span> <span class='ocrx_word' id='word_1_659' title='bbox 2029 3041 2317 3107; x_wconf 90' lang='lat' dir='ltr'><strong>derelicto,</strong></span> <span class='ocrx_word' id='word_1_660' title='bbox 2354 3046 2585 3103; x_wconf 91' lang='lat' dir='ltr'><strong>ulterius</strong></span> <span class='ocrx_word' id='word_1_661' title='bbox 2610 3058 2695 3103; x_wconf 87' lang='lat' dir='ltr'><strong>est</strong></span> <span class='ocrx_word' id='word_1_662' title='bbox 2730 3052 3031 3120; x_wconf 86' lang='lat' dir='ltr'><strong>profecms.</strong></span> <span class='ocrx_word' id='word_1_663' title='bbox 3070 3056 3270 3111; x_wconf 84' lang='lat' dir='ltr'><strong>Verum</strong></span> <span class='ocrx_word' id='word_1_664' title='bbox 3311 3075 3433 3114; x_wconf 87' lang='lat' dir='ltr'><strong>cum</strong></span> <span class='ocrx_word' id='word_1_665' title='bbox 3465 3076 3592 3115; x_wconf 90' lang='lat' dir='ltr'><strong>eum</strong></span> 
     </span>
    </p>
   </div>
   <div class='ocr_carea' id='block_1_93' title="bbox 2028 3134 3631 3223">
    <p class='ocr_par' dir='ltr' id='par_1_93' title="bbox 2028 3134 3631 3223">
     <span class='ocr_line' id='line_1_94' title="bbox 2028 3134 3631 3223; baseline 0.012 -33"><span class='ocrx_word' id='word_1_666' title='bbox 2028 3134 2337 3192; x_wconf 88' lang='lat' dir='ltr'><strong>Constantii</strong></span> <span class='ocrx_word' id='word_1_667' title='bbox 2373 3141 2655 3197; x_wconf 71' lang='lat' dir='ltr'><strong>exercitus</strong></span> <span class='ocrx_word' id='word_1_668' title='bbox 2684 3159 2879 3215; x_wconf 86' lang='lat' dir='ltr'><strong>magna</strong></span> <span class='ocrx_word' id='word_1_669' title='bbox 2916 3149 3200 3205; x_wconf 82' lang='lat' dir='ltr'><strong>celeritate</strong></span> <span class='ocrx_word' id='word_1_670' title='bbox 3242 3148 3631 3223; x_wconf 47' lang='lat' dir='ltr'><strong>persequere?</strong></span> 
     </span>
    </p>
   </div>
   <div class='ocr_carea' id='block_1_94' title="bbox 2029 3232 3603 3316">
    <p class='ocr_par' dir='ltr' id='par_1_94' title="bbox 2029 3232 3603 3316">
     <span class='ocr_line' id='line_1_95' title="bbox 2029 3232 3603 3316; baseline 0.011 -34"><span class='ocrx_word' id='word_1_671' title='bbox 2029 3239 2137 3292; x_wconf 87' lang='lat' dir='ltr'><strong>tur,</strong></span> <span class='ocrx_word' id='word_1_672' title='bbox 2170 3233 2320 3287; x_wconf 90' lang='lat' dir='ltr'><strong>solus</strong></span> <span class='ocrx_word' id='word_1_673' title='bbox 2351 3232 2671 3302; x_wconf 79' lang='lat' dir='ltr'><strong>profugiens</strong></span> <span class='ocrx_word' id='word_1_674' title='bbox 2700 3237 2754 3289; x_wconf 92' lang='lat' dir='ltr'><strong>in</strong></span> <span class='ocrx_word' id='word_1_675' title='bbox 2788 3240 2979 3293; x_wconf 88' lang='lat' dir='ltr'><strong>urbem</strong></span> <span class='ocrx_word' id='word_1_676' title='bbox 3011 3240 3434 3311; x_wconf 84' lang='lat' dir='ltr'><strong>Lugdunensem</strong></span> <span class='ocrx_word' id='word_1_677' title='bbox 3472 3263 3603 3316; x_wconf 89' lang='lat' dir='ltr'><strong>per-</strong></span> 
     </span>
    </p>
   </div>
   <div class='ocr_carea' id='block_1_95' title="bbox 2026 3322 3599 3404">
    <p class='ocr_par' dir='ltr' id='par_1_95' title="bbox 2026 3322 3599 3404">
     <span class='ocr_line' id='line_1_96' title="bbox 2026 3322 3599 3404; baseline 0.013 -31"><span class='ocrx_word' id='word_1_678' title='bbox 2026 3322 2199 3377; x_wconf 85' lang='lat' dir='ltr'><strong>venit.</strong></span> <span class='ocrx_word' id='word_1_679' title='bbox 2257 3324 2436 3394; x_wconf 81' lang='lat' dir='ltr'><strong>Atque</strong></span> <span class='ocrx_word' id='word_1_680' title='bbox 2481 3325 2556 3379; x_wconf 91' lang='lat' dir='ltr'><strong>ibi</strong></span> <span class='ocrx_word' id='word_1_681' title='bbox 2602 3325 2824 3382; x_wconf 78' lang='lat' dir='ltr'><strong>fratrem</strong></span> <span class='ocrx_word' id='word_1_682' title='bbox 2869 3330 3236 3397; x_wconf 82' lang='lat' dir='ltr'><strong>Desiderium,</strong></span> <span class='ocrx_word' id='word_1_683' title='bbox 3284 3350 3381 3404; x_wconf 84' lang='lat' dir='ltr'><strong>per</strong></span> <span class='ocrx_word' id='word_1_684' title='bbox 3428 3337 3599 3393; x_wconf 82' lang='lat' dir='ltr'><strong>bene-</strong></span> 
     </span>
    </p>
   </div>
   <div class='ocr_carea' id='block_1_96' title="bbox 2025 3413 3598 3486">
    <p class='ocr_par' dir='ltr' id='par_1_96' title="bbox 2025 3413 3598 3486">
     <span class='ocr_line' id='line_1_97' title="bbox 2025 3413 3598 3486; baseline 0.013 -21"><span class='ocrx_word' id='word_1_685' title='bbox 2025 3413 2280 3470; x_wconf 73' lang='lat' dir='ltr'><strong>volentia:</strong></span> <span class='ocrx_word' id='word_1_686' title='bbox 2306 3433 2525 3472; x_wconf 84' lang='lat' dir='ltr'><strong>causam</strong></span> <span class='ocrx_word' id='word_1_687' title='bbox 2560 3421 2799 3484; x_wconf 87' lang='lat' dir='ltr'><strong>scilicet,</strong></span> <span class='ocrx_word' id='word_1_688' title='bbox 2826 3433 2881 3475; x_wconf 90' lang='lat' dir='ltr'><strong>ut</strong></span> <span class='ocrx_word' id='word_1_689' title='bbox 2911 3441 3035 3478; x_wconf 88' lang='lat' dir='ltr'><strong>eum</strong></span> <span class='ocrx_word' id='word_1_690' title='bbox 3067 3426 3307 3481; x_wconf 85' lang='lat' dir='ltr'><strong>hostium</strong></span> <span class='ocrx_word' id='word_1_691' title='bbox 3343 3430 3598 3486; x_wconf 88' lang='lat' dir='ltr'><strong>manibus</strong></span> 
     </span>
    </p>
   </div>
   <div class='ocr_carea' id='block_1_97' title="bbox 2020 3504 3589 3585">
    <p class='ocr_par' dir='ltr' id='par_1_97' title="bbox 2020 3504 3589 3585">
     <span class='ocr_line' id='line_1_98' title="bbox 2020 3504 3589 3585; baseline 0.011 -28"><span class='ocrx_word' id='word_1_692' title='bbox 2020 3512 2077 3557; x_wconf 89' lang='lat' dir='ltr'><strong>et</strong></span> <span class='ocrx_word' id='word_1_693' title='bbox 2113 3504 2335 3576; x_wconf 85' lang='lat' dir='ltr'><strong>injuriis</strong></span> <span class='ocrx_word' id='word_1_694' title='bbox 2371 3509 2636 3577; x_wconf 83' lang='lat' dir='ltr'><strong>eriperet,</strong></span> <span class='ocrx_word' id='word_1_695' title='bbox 2675 3511 2876 3567; x_wconf 87' lang='lat' dir='ltr'><strong>deinde</strong></span> <span class='ocrx_word' id='word_1_696' title='bbox 2914 3525 3167 3581; x_wconf 88' lang='lat' dir='ltr'><strong>matrem,</strong></span> <span class='ocrx_word' id='word_1_697' title='bbox 3203 3527 3391 3585; x_wconf 67' lang='lat' dir='ltr'><strong>postea</strong></span> <span class='ocrx_word' id='word_1_698' title='bbox 3422 3522 3589 3575; x_wconf 84' lang='lat' dir='ltr'><strong>etiam</strong></span> 
     </span>
    </p>
   </div>
   <div class='ocr_carea' id='block_1_98' title="bbox 2021 3597 3594 3682">
    <p class='ocr_par' dir='ltr' id='par_1_98' title="bbox 2021 3597 3594 3682">
     <span class='ocr_line' id='line_1_99' title="bbox 2021 3597 3594 3682; baseline 0.014 -33"><span class='ocrx_word' id='word_1_699' title='bbox 2021 3597 2069 3650; x_wconf 87' lang='lat' dir='ltr'><strong>si</strong></span> <span class='ocrx_word' id='word_1_700' title='bbox 2105 3599 2230 3665; x_wconf 89' lang='lat' dir='ltr'><strong>quis</strong></span> <span class='ocrx_word' id='word_1_701' title='bbox 2254 3613 2321 3652; x_wconf 80' lang='lat' dir='ltr'><strong>ex</strong></span> <span class='ocrx_word' id='word_1_702' title='bbox 2354 3602 2685 3670; x_wconf 83' lang='lat' dir='ltr'><strong>propinquis</strong></span> <span class='ocrx_word' id='word_1_703' title='bbox 2718 3605 2835 3659; x_wconf 79' lang='lat' dir='ltr'><strong>suis</strong></span> <span class='ocrx_word' id='word_1_704' title='bbox 2864 3605 3005 3660; x_wconf 89' lang='lat' dir='ltr'><strong>alius</strong></span> <span class='ocrx_word' id='word_1_705' title='bbox 3034 3608 3594 3682; x_wconf 75' lang='lat' dir='ltr'><strong>adesset,.jugulavit.</strong></span> 
     </span>
    </p>
   </div>
   <div class='ocr_carea' id='block_1_99' title="bbox 2021 3687 3589 3770">
    <p class='ocr_par' dir='ltr' id='par_1_99' title="bbox 2021 3687 3589 3770">
     <span class='ocr_line' id='line_1_100' title="bbox 2021 3687 3589 3770; baseline 0.013 -29"><span class='ocrx_word' id='word_1_706' title='bbox 2021 3687 2185 3759; x_wconf 80' lang='lat'><strong>758</strong></span> <span class='ocrx_word' id='word_1_707' title='bbox 2218 3688 2281 3743; x_wconf 85' lang='lat' dir='ltr'><strong>Et</strong></span> <span class='ocrx_word' id='word_1_708' title='bbox 2313 3693 2532 3746; x_wconf 85' lang='lat' dir='ltr'><strong>tandem</strong></span> <span class='ocrx_word' id='word_1_709' title='bbox 2566 3694 2620 3747; x_wconf 91' lang='lat' dir='ltr'><strong>in</strong></span> <span class='ocrx_word' id='word_1_710' title='bbox 2665 3695 2907 3764; x_wconf 83' lang='lat' dir='ltr'><strong>gladium</strong></span> <span class='ocrx_word' id='word_1_711' title='bbox 2956 3699 3063 3753; x_wconf 86' lang='lat' dir='ltr'><strong>sibi</strong></span> <span class='ocrx_word' id='word_1_712' title='bbox 3104 3702 3205 3770; x_wconf 90' lang='lat' dir='ltr'><strong>ipsi</strong></span> <span class='ocrx_word' id='word_1_713' title='bbox 3253 3704 3589 3762; x_wconf 75' lang='lat' dir='ltr'><strong>intentatum</strong></span> 
     </span>
    </p>
   </div>
   <div class='ocr_carea' id='block_1_100' title="bbox 2018 3779 3591 3866">
    <p class='ocr_par' dir='ltr' id='par_1_100' title="bbox 2018 3779 3591 3866">
     <span class='ocr_line' id='line_1_101' title="bbox 2018 3779 3591 3866; baseline 0.013 -32"><span class='ocrx_word' id='word_1_714' title='bbox 2018 3779 2373 3846; x_wconf 87' lang='lat' dir='ltr'><strong>incumbens,</strong></span> <span class='ocrx_word' id='word_1_715' title='bbox 2397 3782 2562 3839; x_wconf 90' lang='lat' dir='ltr'><strong>dorso</strong></span> <span class='ocrx_word' id='word_1_716' title='bbox 2585 3785 2748 3840; x_wconf 88' lang='lat' dir='ltr'><strong>etiam</strong></span> <span class='ocrx_word' id='word_1_717' title='bbox 2774 3788 2897 3856; x_wconf 91' lang='lat' dir='ltr'><strong>ipso</strong></span> <span class='ocrx_word' id='word_1_718' title='bbox 2921 3796 3192 3858; x_wconf 80' lang='lat' dir='ltr'><strong>perfosso,</strong></span> <span class='ocrx_word' id='word_1_719' title='bbox 3224 3796 3392 3850; x_wconf 83' lang='lat' dir='ltr'><strong>vitam</strong></span> <span class='ocrx_word' id='word_1_720' title='bbox 3426 3798 3591 3866; x_wconf 84' lang='lat' dir='ltr'><strong>finiit,</strong></span> 
     </span>
    </p>
   </div>
   <div class='ocr_carea' id='block_1_101' title="bbox 2018 3886 3592 3960">
    <p class='ocr_par' dir='ltr' id='par_1_101' title="bbox 2018 3886 3592 3960">
     <span class='ocr_line' id='line_1_102' title="bbox 2018 3886 3592 3960; baseline 0.015 -33"><span class='ocrx_word' id='word_1_721' title='bbox 2018 3889 2143 3929; x_wconf 88' lang='lat' dir='ltr'><strong>cum</strong></span> <span class='ocrx_word' id='word_1_722' title='bbox 2194 3892 2304 3931; x_wconf 91' lang='lat' dir='ltr'><strong>non</strong></span> <span class='ocrx_word' id='word_1_723' title='bbox 2354 3886 2501 3933; x_wconf 89' lang='lat' dir='ltr'><strong>totos</strong></span> <span class='ocrx_word' id='word_1_724' title='bbox 2546 3891 2787 3949; x_wconf 88' lang='lat' dir='ltr'><strong>quatuor</strong></span> <span class='ocrx_word' id='word_1_725' title='bbox 2822 3899 2996 3940; x_wconf 89' lang='lat' dir='ltr'><strong>annos</strong></span> <span class='ocrx_word' id='word_1_726' title='bbox 3041 3891 3328 3956; x_wconf 78' lang='lat' dir='ltr'><strong>tyrannide</strong></span> <span class='ocrx_word' id='word_1_727' title='bbox 3383 3895 3592 3960; x_wconf 83' lang='lat' dir='ltr'><strong>potitus</strong></span> 
     </span>
    </p>
   </div>
   <div class='ocr_carea' id='block_1_102' title="bbox 2014 3968 3587 4048">
    <p class='ocr_par' dir='ltr' id='par_1_102' title="bbox 2014 3968 3587 4048">
     <span class='ocr_line' id='line_1_103' title="bbox 2014 3968 3587 4048; baseline 0.013 -29"><span class='ocrx_word' id='word_1_728' title='bbox 2014 3978 2183 4021; x_wconf 83' lang='lat' dir='ltr'><strong>esset.</strong></span> <span class='ocrx_word' id='word_1_729' title='bbox 2208 3968 2376 4023; x_wconf 89' lang='lat' dir='ltr'><strong>Paulo</strong></span> <span class='ocrx_word' id='word_1_730' title='bbox 2415 3969 2620 4026; x_wconf 88' lang='lat' dir='ltr'><strong>deinde</strong></span> <span class='ocrx_word' id='word_1_731' title='bbox 2650 3982 2792 4041; x_wconf 90' lang='lat' dir='ltr'><strong>post,</strong></span> <span class='ocrx_word' id='word_1_732' title='bbox 2834 3976 2929 4044; x_wconf 90' lang='lat' dir='ltr'><strong>qui</strong></span> <span class='ocrx_word' id='word_1_733' title='bbox 2975 3979 3024 4031; x_wconf 91' lang='lat' dir='ltr'><strong>ci</strong></span> <span class='ocrx_word' id='word_1_734' title='bbox 3068 3980 3209 4033; x_wconf 85' lang='lat' dir='ltr'><strong>alter</strong></span> <span class='ocrx_word' id='word_1_735' title='bbox 3240 3994 3361 4036; x_wconf 89' lang='lat' dir='ltr'><strong>erat</strong></span> <span class='ocrx_word' id='word_1_736' title='bbox 3391 3984 3587 4048; x_wconf 81' lang='lat' dir='ltr'><strong>frater,</strong></span> 
     </span>
    </p>
   </div>
   <div class='ocr_carea' id='block_1_103' title="bbox 2014 4058 3588 4141">
    <p class='ocr_par' dir='ltr' id='par_1_103' title="bbox 2014 4058 3588 4141">
     <span class='ocr_line' id='line_1_104' title="bbox 2014 4058 3588 4141; baseline 0.013 -30"><span class='ocrx_word' id='word_1_737' title='bbox 2014 4058 2325 4114; x_wconf 86' lang='lat' dir='ltr'><strong>Decennius</strong></span> <span class='ocrx_word' id='word_1_738' title='bbox 2384 4059 2568 4116; x_wconf 70' lang='lat' dir='ltr'><strong>Caesar</strong></span> <span class='ocrx_word' id='word_1_739' title='bbox 2615 4063 2683 4117; x_wconf 91' lang='lat' dir='ltr'><strong>ab</strong></span> <span class='ocrx_word' id='word_1_740' title='bbox 2739 4063 2859 4134; x_wconf 90' lang='lat' dir='ltr'><strong>ipso</strong></span> <span class='ocrx_word' id='word_1_741' title='bbox 2911 4067 3113 4132; x_wconf 87' lang='lat' dir='ltr'><strong>dictus,</strong></span> <span class='ocrx_word' id='word_1_742' title='bbox 3165 4072 3363 4141; x_wconf 88' lang='lat' dir='ltr'><strong>laqueo</strong></span> <span class='ocrx_word' id='word_1_743' title='bbox 3421 4078 3588 4131; x_wconf 90' lang='lat' dir='ltr'><strong>etiam</strong></span> 
     </span>
    </p>
   </div>
   <div class='ocr_carea' id='block_1_104' title="bbox 2013 4150 3590 4232">
    <p class='ocr_par' dir='ltr' id='par_1_104' title="bbox 2013 4150 3590 4232">
     <span class='ocr_line' id='line_1_105' title="bbox 2013 4150 3590 4232; baseline 0.012 -27"><span class='ocrx_word' id='word_1_744' title='bbox 2013 4150 2255 4220; x_wconf 87' lang='lat' dir='ltr'><strong>seipsum</strong></span> <span class='ocrx_word' id='word_1_745' title='bbox 2286 4154 2587 4209; x_wconf 88' lang='lat' dir='ltr'><strong>interemit.</strong></span> <span class='ocrx_word' id='word_1_746' title='bbox 2638 4154 2747 4210; x_wconf 86' lang='lat' dir='ltr'><strong>Sed</strong></span> <span class='ocrx_word' id='word_1_747' title='bbox 2797 4156 2946 4211; x_wconf 89' lang='lat' dir='ltr'><strong>enim</strong></span> <span class='ocrx_word' id='word_1_748' title='bbox 2987 4174 3055 4214; x_wconf 90' lang='lat' dir='ltr'><strong>ne</strong></span> <span class='ocrx_word' id='word_1_749' title='bbox 3086 4161 3167 4215; x_wconf 85' lang='lat' dir='ltr'><strong>sic</strong></span> <span class='ocrx_word' id='word_1_750' title='bbox 3205 4163 3426 4232; x_wconf 88' lang='lat' dir='ltr'><strong>quidem</strong></span> <span class='ocrx_word' id='word_1_751' title='bbox 3475 4183 3590 4223; x_wconf 69' lang='grc' dir='ltr'>τρες</span> 
     </span>
    </p>
   </div>
   <div class='ocr_carea' id='block_1_105' title="bbox 2010 4243 3586 4325">
    <p class='ocr_par' dir='ltr' id='par_1_105' title="bbox 2010 4243 3586 4325">
     <span class='ocr_line' id='line_1_106' title="bbox 2010 4243 3586 4325; baseline 0.012 -29"><span class='ocrx_word' id='word_1_752' title='bbox 2010 4243 2244 4311; x_wconf 75' lang='lat' dir='ltr'><strong>publica:</strong></span> <span class='ocrx_word' id='word_1_753' title='bbox 2269 4254 2473 4314; x_wconf 60' lang='lat' dir='ltr'><strong>pacatae</strong></span> <span class='ocrx_word' id='word_1_754' title='bbox 2502 4244 2679 4302; x_wconf 91' lang='lat' dir='ltr'><strong>fuere.</strong></span> <span class='ocrx_word' id='word_1_755' title='bbox 2718 4247 2915 4303; x_wconf 87' lang='lat' dir='ltr'><strong>Statim</strong></span> <span class='ocrx_word' id='word_1_756' title='bbox 2947 4252 3091 4304; x_wconf 90' lang='lat' dir='ltr'><strong>enim</strong></span> <span class='ocrx_word' id='word_1_757' title='bbox 3129 4263 3394 4325; x_wconf 82' lang='lat' dir='ltr'><strong>tyrannus</strong></span> <span class='ocrx_word' id='word_1_758' title='bbox 3421 4260 3586 4322; x_wconf 89' lang='lat' dir='ltr'><strong>alius.</strong></span> 
     </span>
    </p>
   </div>
   <div class='ocr_carea' id='block_1_106' title="bbox 2010 4334 3584 4407">
    <p class='ocr_par' dir='ltr' id='par_1_106' title="bbox 2010 4334 3584 4407">
     <span class='ocr_line' id='line_1_107' title="bbox 2010 4334 3584 4407; baseline 0.011 -20"><span class='ocrx_word' id='word_1_759' title='bbox 2010 4334 2234 4388; x_wconf 87' lang='lat' dir='ltr'><strong>nomine</strong></span> <span class='ocrx_word' id='word_1_760' title='bbox 2267 4336 2559 4405; x_wconf 84' lang='lat' dir='ltr'><strong>Sylvauus,</strong></span> <span class='ocrx_word' id='word_1_761' title='bbox 2593 4339 2736 4407; x_wconf 85' lang='lat' dir='ltr'><strong>apud</strong></span> <span class='ocrx_word' id='word_1_762' title='bbox 2761 4338 3146 4399; x_wconf 84' lang='lat' dir='ltr'><strong>Occidentales</strong></span> <span class='ocrx_word' id='word_1_763' title='bbox 3201 4345 3385 4404; x_wconf 82' lang='lat' dir='ltr'><strong>Gallos</strong></span> <span class='ocrx_word' id='word_1_764' title='bbox 3410 4356 3584 4405; x_wconf 78' lang='lat' dir='ltr'><strong>exsti-</strong></span> 
     </span>
    </p>
   </div>
   <div class='ocr_carea' id='block_1_107' title="bbox 2016 4429 3580 4507">
    <p class='ocr_par' dir='ltr' id='par_1_107' title="bbox 2016 4429 3580 4507">
     <span class='ocr_line' id='line_1_108' title="bbox 2016 4429 3580 4507; baseline 0.011 -24"><span class='ocrx_word' id='word_1_765' title='bbox 2016 4429 2079 4483; x_wconf 93' lang='lat' dir='ltr'><strong>tit</strong></span> <span class='ocrx_word' id='word_1_766' title='bbox 2119 4446 2133 4482; x_wconf 88' lang='lat'><strong>:</strong></span> <span class='ocrx_word' id='word_1_767' title='bbox 2178 4443 2340 4498; x_wconf 88' lang='lat' dir='ltr'><strong>quem</strong></span> <span class='ocrx_word' id='word_1_768' title='bbox 2379 4446 2489 4483; x_wconf 92' lang='lat' dir='ltr'><strong>non</strong></span> <span class='ocrx_word' id='word_1_769' title='bbox 2528 4430 2601 4484; x_wconf 81' lang='lat' dir='ltr'><strong>ita</strong></span> <span class='ocrx_word' id='word_1_770' title='bbox 2639 4432 2731 4485; x_wconf 91' lang='lat' dir='ltr'><strong>diu</strong></span> <span class='ocrx_word' id='word_1_771' title='bbox 2774 4449 2863 4488; x_wconf 85' lang='lat' dir='ltr'><strong>res</strong></span> <span class='ocrx_word' id='word_1_772' title='bbox 2900 4436 3580 4507; x_wconf 78' lang='lat' dir='ltr'><strong>turbantem,Constantii</strong></span> 
     </span>
    </p>
   </div>
   <div class='ocr_carea' id='block_1_108' title="bbox 2012 4521 3582 4601">
    <p class='ocr_par' dir='ltr' id='par_1_108' title="bbox 2012 4521 3582 4601">
     <span class='ocr_line' id='line_1_109' title="bbox 2012 4521 3582 4601; baseline 0.011 -27"><span class='ocrx_word' id='word_1_773' title='bbox 2012 4521 2182 4576; x_wconf 88' lang='lat' dir='ltr'><strong>duces</strong></span> <span class='ocrx_word' id='word_1_774' title='bbox 2212 4522 2569 4578; x_wconf 89' lang='lat' dir='ltr'><strong>interemere.</strong></span> <span class='ocrx_word' id='word_1_775' title='bbox 2596 4524 2894 4582; x_wconf 85' lang='lat' dir='ltr'><strong>Enimvero</strong></span> <span class='ocrx_word' id='word_1_776' title='bbox 2920 4528 3093 4584; x_wconf 75' lang='lat' dir='ltr'><strong>Judaei</strong></span> <span class='ocrx_word' id='word_1_777' title='bbox 3123 4547 3341 4601; x_wconf 87' lang='lat' dir='ltr'><strong>quoque</strong></span> <span class='ocrx_word' id='word_1_778' title='bbox 3378 4537 3582 4591; x_wconf 66' lang='lat' dir='ltr'><strong>Diom:-</strong></span> 
     </span>
    </p>
   </div>
   <div class='ocr_carea' id='block_1_109' title="bbox 2010 4618 3581 4702">
    <p class='ocr_par' dir='ltr' id='par_1_109' title="bbox 2010 4618 3581 4702">
     <span class='ocr_line' id='line_1_110' title="bbox 2010 4618 3581 4702; baseline 0.011 -30"><span class='ocrx_word' id='word_1_779' title='bbox 2010 4633 2179 4672; x_wconf 71' lang='lat' dir='ltr'><strong>sareaa</strong></span> <span class='ocrx_word' id='word_1_780' title='bbox 2230 4618 2494 4675; x_wconf 78' lang='lat' dir='ltr'><strong>Romanis</strong></span> <span class='ocrx_word' id='word_1_781' title='bbox 2546 4622 2917 4689; x_wconf 86' lang='lat' dir='ltr'><strong>rebellantes,</strong></span> <span class='ocrx_word' id='word_1_782' title='bbox 2956 4634 3011 4679; x_wconf 89' lang='lat' dir='ltr'><strong>et</strong></span> <span class='ocrx_word' id='word_1_783' title='bbox 3062 4630 3344 4684; x_wconf 78' lang='lat' dir='ltr'><strong>servitutis</strong></span> <span class='ocrx_word' id='word_1_784' title='bbox 3385 4632 3581 4702; x_wconf 81' lang='lat' dir='ltr'><strong>juguut</strong></span> 
     </span>
    </p>
   </div>
   <div class='ocr_carea' id='block_1_110' title="bbox 2008 4710 3580 4783">
    <p class='ocr_par' dir='ltr' id='par_1_110' title="bbox 2008 4710 3580 4783">
     <span class='ocr_line' id='line_1_111' title="bbox 2008 4710 3580 4783; baseline 0.01 -20"><span class='ocrx_word' id='word_1_785' title='bbox 2008 4710 2350 4765; x_wconf 80' lang='lat' dir='ltr'><strong>excutientes</strong></span> <span class='ocrx_word' id='word_1_786' title='bbox 2395 4727 2545 4766; x_wconf 89' lang='lat' dir='ltr'><strong>arma</strong></span> <span class='ocrx_word' id='word_1_787' title='bbox 2594 4728 2923 4783; x_wconf 85' lang='lat' dir='ltr'><strong>sumpsere,</strong></span> <span class='ocrx_word' id='word_1_788' title='bbox 2959 4725 3013 4770; x_wconf 87' lang='lat' dir='ltr'><strong>et</strong></span> <span class='ocrx_word' id='word_1_789' title='bbox 3060 4716 3404 4776; x_wconf 67' lang='lat' dir='ltr'><strong>Palaestinam</strong></span> <span class='ocrx_word' id='word_1_790' title='bbox 3444 4725 3580 4780; x_wconf 79' lang='lat' dir='ltr'><strong>vici-</strong></span> 
     </span>
    </p>
   </div>
   <div class='ocr_carea' id='block_1_111' title="bbox 2008 4800 3574 4874">
    <p class='ocr_par' dir='ltr' id='par_1_111' title="bbox 2008 4800 3574 4874">
     <span class='ocr_line' id='line_1_112' title="bbox 2008 4800 3574 4874; baseline 0.013 -23"><span class='ocrx_word' id='word_1_791' title='bbox 2008 4813 2217 4866; x_wconf 81' lang='lat' dir='ltr'><strong>nasque</strong></span> <span class='ocrx_word' id='word_1_792' title='bbox 2242 4800 2294 4851; x_wconf 92' lang='lat' dir='ltr'><strong>in</strong></span> <span class='ocrx_word' id='word_1_793' title='bbox 2320 4800 2556 4854; x_wconf 87' lang='lat' dir='ltr'><strong>circuitu</strong></span> <span class='ocrx_word' id='word_1_794' title='bbox 2584 4802 2835 4871; x_wconf 83' lang='lat' dir='ltr'><strong>regiones</strong></span> <span class='ocrx_word' id='word_1_795' title='bbox 2860 4818 3250 4874; x_wconf 87' lang='lat' dir='ltr'><strong>percurrentes</strong></span> <span class='ocrx_word' id='word_1_796' title='bbox 3270 4825 3574 4872; x_wconf 78' lang='lat' dir='ltr'><strong>vastarunt.</strong></span> 
     </span>
    </p>
   </div>
   <div class='ocr_carea' id='block_1_112' title="bbox 2007 4889 3580 4974">
    <p class='ocr_par' dir='ltr' id='par_1_112' title="bbox 2007 4889 3580 4974">
     <span class='ocr_line' id='line_1_113' title="bbox 2007 4889 3580 4974; baseline 0.014 -32"><span class='ocrx_word' id='word_1_797' title='bbox 2007 4889 2213 4943; x_wconf 88' lang='lat' dir='ltr'><strong>Contra</strong></span> <span class='ocrx_word' id='word_1_798' title='bbox 2255 4905 2395 4959; x_wconf 86' lang='lat' dir='ltr'><strong>quos</strong></span> <span class='ocrx_word' id='word_1_799' title='bbox 2427 4907 2493 4946; x_wconf 82' lang='lat' dir='ltr'><strong>ex</strong></span> <span class='ocrx_word' id='word_1_800' title='bbox 2543 4892 2858 4961; x_wconf 83' lang='lat' dir='ltr'><strong>Antiochia,</strong></span> <span class='ocrx_word' id='word_1_801' title='bbox 2897 4898 2987 4953; x_wconf 90' lang='lat' dir='ltr'><strong>ubi</strong></span> <span class='ocrx_word' id='word_1_802' title='bbox 3036 4901 3253 4965; x_wconf 77' lang='lat' dir='ltr'><strong>agebat,</strong></span> <span class='ocrx_word' id='word_1_803' title='bbox 3296 4907 3580 4974; x_wconf 78' lang='lat' dir='ltr'><strong>profectus</strong></span> 
     </span>
    </p>
   </div>
   <div class='ocr_carea' id='block_1_113' title="bbox 2007 4980 3574 5067">
    <p class='ocr_par' dir='ltr' id='par_1_113' title="bbox 2007 4980 3574 5067">
     <span class='ocr_line' id='line_1_114' title="bbox 2007 4980 3574 5067; baseline 0.013 -33"><span class='ocrx_word' id='word_1_804' title='bbox 2007 4991 2093 5035; x_wconf 88' lang='lat' dir='ltr'><strong>est</strong></span> <span class='ocrx_word' id='word_1_805' title='bbox 2137 4980 2497 5038; x_wconf 88' lang='lat' dir='ltr'><strong>Constantius</strong></span> <span class='ocrx_word' id='word_1_806' title='bbox 2524 4982 2736 5052; x_wconf 87' lang='lat' dir='ltr'><strong>Gallus,</strong></span> <span class='ocrx_word' id='word_1_807' title='bbox 2772 4988 2965 5058; x_wconf 88' lang='lat' dir='ltr'><strong>eisque</strong></span> <span class='ocrx_word' id='word_1_808' title='bbox 2996 4996 3272 5062; x_wconf 88' lang='lat' dir='ltr'><strong>superatis</strong></span> <span class='ocrx_word' id='word_1_809' title='bbox 3311 5008 3574 5067; x_wconf 74' lang='lat' dir='ltr'><strong>tmpaeutu</strong></span> 
     </span>
    </p>
   </div>
   <div class='ocr_carea' id='block_1_114' title="bbox 2005 5075 3574 5157">
    <p class='ocr_par' dir='ltr' id='par_1_114' title="bbox 2005 5075 3574 5157">
     <span class='ocr_line' id='line_1_115' title="bbox 2005 5075 3574 5157; baseline 0.013 -30"><span class='ocrx_word' id='word_1_810' title='bbox 2005 5075 2195 5143; x_wconf 87' lang='lat' dir='ltr'><strong>ingens</strong></span> <span class='ocrx_word' id='word_1_811' title='bbox 2239 5076 2451 5138; x_wconf 86' lang='lat' dir='ltr'><strong>statuit.</strong></span> <span class='ocrx_word' id='word_1_812' title='bbox 2501 5087 2559 5132; x_wconf 90' lang='lat' dir='ltr'><strong>et</strong></span> <span class='ocrx_word' id='word_1_813' title='bbox 2609 5080 2799 5134; x_wconf 88' lang='lat' dir='ltr'><strong>urbem</strong></span> <span class='ocrx_word' id='word_1_814' title='bbox 2851 5097 3047 5139; x_wconf 90' lang='lat' dir='ltr'><strong>eorum</strong></span> <span class='ocrx_word' id='word_1_815' title='bbox 3097 5101 3160 5141; x_wconf 75' lang='lat' dir='ltr'><strong>ex</strong></span> <span class='ocrx_word' id='word_1_816' title='bbox 3213 5087 3344 5157; x_wconf 86' lang='lat' dir='ltr'><strong>ipsis</strong></span> <span class='ocrx_word' id='word_1_817' title='bbox 3375 5075 3574 5147; x_wconf 83' lang='lat' dir='ltr'><strong>funda-</strong></span> 
     </span>
    </p>
   </div>
   <div class='ocr_carea' id='block_1_115' title="bbox 2005 5166 3570 5248">
    <p class='ocr_par' dir='ltr' id='par_1_115' title="bbox 2005 5166 3570 5248">
     <span class='ocr_line' id='line_1_116' title="bbox 2005 5166 3570 5248; baseline 0.012 -30"><span class='ocrx_word' id='word_1_818' title='bbox 2005 5166 2205 5220; x_wconf 85' lang='lat' dir='ltr'><strong>mentis</strong></span> <span class='ocrx_word' id='word_1_819' title='bbox 2237 5166 2432 5222; x_wconf 88' lang='lat' dir='ltr'><strong>diruit.</strong></span> <span class='ocrx_word' id='word_1_820' title='bbox 2468 5166 2574 5224; x_wconf 90' lang='lat' dir='ltr'><strong>Sed</strong></span> <span class='ocrx_word' id='word_1_821' title='bbox 2603 5171 2756 5226; x_wconf 88' lang='lat' dir='ltr'><strong>enim</strong></span> <span class='ocrx_word' id='word_1_822' title='bbox 2788 5177 2957 5230; x_wconf 88' lang='lat' dir='ltr'><strong>rebus</strong></span> <span class='ocrx_word' id='word_1_823' title='bbox 2982 5176 3214 5233; x_wconf 90' lang='lat' dir='ltr'><strong>feliciter</strong></span> <span class='ocrx_word' id='word_1_824' title='bbox 3241 5185 3427 5248; x_wconf 84' lang='lat' dir='ltr'><strong>gestis,</strong></span> <span class='ocrx_word' id='word_1_825' title='bbox 3455 5184 3570 5237; x_wconf 84' lang='lat' dir='ltr'><strong>for-</strong></span> 
     </span>
    </p>
   </div>
   <div class='ocr_carea' id='block_1_116' title="bbox 2003 5258 3623 5339">
    <p class='ocr_par' dir='ltr' id='par_1_116' title="bbox 2003 5258 3623 5339">
     <span class='ocr_line' id='line_1_117' title="bbox 2003 5258 3623 5339; baseline 0.012 -28"><span class='ocrx_word' id='word_1_826' title='bbox 2003 5267 2187 5312; x_wconf 80' lang='lat' dir='ltr'><strong>tunam</strong></span> <span class='ocrx_word' id='word_1_827' title='bbox 2212 5258 2580 5316; x_wconf 87' lang='lat' dir='ltr'><strong>blandientem</strong></span> <span class='ocrx_word' id='word_1_828' title='bbox 2607 5267 3135 5339; x_wconf 87' lang='lat' dir='ltr'><strong>prosperitatemque</strong></span> <span class='ocrx_word' id='word_1_829' title='bbox 3161 5286 3279 5325; x_wconf 88' lang='lat' dir='ltr'><strong>eam</strong></span> <span class='ocrx_word' id='word_1_830' title='bbox 3298 5288 3404 5325; x_wconf 88' lang='lat' dir='ltr'><strong>non</strong></span> <span class='ocrx_word' id='word_1_831' title='bbox 3433 5273 3573 5331; x_wconf 86' lang='lat' dir='ltr'><strong>bene</strong></span> <span class='ocrx_word' id='word_1_832' title='bbox 3614 5266 3623 5275; x_wconf 76' lang='grc'><em>’</em></span> 
     </span>
    </p>
   </div>
   <div class='ocr_carea' id='block_1_117' title="bbox 2003 5345 3575 5433">
    <p class='ocr_par' dir='ltr' id='par_1_117' title="bbox 2003 5345 3575 5433">
     <span class='ocr_line' id='line_1_118' title="bbox 2003 5345 3575 5433; baseline 0.013 -36"><span class='ocrx_word' id='word_1_833' title='bbox 2003 5345 2128 5398; x_wconf 90' lang='lat' dir='ltr'><strong>tulit</strong></span> <span class='ocrx_word' id='word_1_834' title='bbox 2158 5362 2173 5399; x_wconf 93' lang='lat'><strong>:</strong></span> <span class='ocrx_word' id='word_1_835' title='bbox 2204 5361 2329 5400; x_wconf 84' lang='lat' dir='ltr'><strong>nam</strong></span> <span class='ocrx_word' id='word_1_836' title='bbox 2357 5356 2413 5402; x_wconf 91' lang='lat' dir='ltr'><strong>et</strong></span> <span class='ocrx_word' id='word_1_837' title='bbox 2441 5348 2557 5418; x_wconf 89' lang='lat' dir='ltr'><strong>ipse</strong></span> <span class='ocrx_word' id='word_1_838' title='bbox 2588 5352 2656 5406; x_wconf 92' lang='lat' dir='ltr'><strong>ad</strong></span> <span class='ocrx_word' id='word_1_839' title='bbox 2686 5369 2773 5408; x_wconf 85' lang='lat' dir='ltr'><strong>res</strong></span> <span class='ocrx_word' id='word_1_840' title='bbox 2802 5371 2969 5410; x_wconf 85' lang='lat' dir='ltr'><strong>novas</strong></span> <span class='ocrx_word' id='word_1_841' title='bbox 2999 5361 3247 5427; x_wconf 88' lang='lat' dir='ltr'><strong>aspirare</strong></span> <span class='ocrx_word' id='word_1_842' title='bbox 3289 5370 3342 5413; x_wconf 88' lang='lat' dir='ltr'><strong>et</strong></span> <span class='ocrx_word' id='word_1_843' title='bbox 3391 5372 3575 5433; x_wconf 81' lang='lat' dir='ltr'><strong>tyran-</strong></span> 
     </span>
    </p>
   </div>
   <div class='ocr_carea' id='block_1_118' title="bbox 2544 5445 3573 5524">
    <p class='ocr_par' dir='ltr' id='par_1_118' title="bbox 2544 5445 3573 5524">
     <span class='ocr_line' id='line_1_119' title="bbox 2544 5445 3573 5524; baseline 0.015 -27"><span class='ocrx_word' id='word_1_844' title='bbox 2544 5445 2736 5514; x_wconf 71' lang='lat' dir='ltr'><strong>ctepit.</strong></span> <span class='ocrx_word' id='word_1_845' title='bbox 2789 5446 2894 5507; x_wconf 85' lang='lat' dir='ltr'><strong>Sed</strong></span> <span class='ocrx_word' id='word_1_846' title='bbox 2950 5447 3103 5504; x_wconf 87' lang='lat' dir='ltr'><strong>brevi</strong></span> <span class='ocrx_word' id='word_1_847' title='bbox 3163 5460 3397 5508; x_wconf 87' lang='lat' dir='ltr'><strong>conatus</strong></span> <span class='ocrx_word' id='word_1_848' title='bbox 3448 5455 3573 5524; x_wconf 83' lang='lat' dir='ltr'><strong>ejus</strong></span> 
     </span>
    </p>
   </div>
   <div class='ocr_carea' id='block_1_119' title="bbox 2002 5608 2726 5684">
    <p class='ocr_par' dir='ltr' id='par_1_119' title="bbox 2002 5608 2726 5684">
     <span class='ocr_line' id='line_1_120' title="bbox 2002 5608 2726 5684; baseline 0.011 -24"><span class='ocrx_word' id='word_1_849' title='bbox 2002 5608 2464 5684; x_wconf 33' lang='lat' dir='ltr'><strong>pei‘ierc._0ros.,</strong></span> <span class='ocrx_word' id='word_1_850' title='bbox 2500 5614 2726 5684; x_wconf 85' lang='lat' dir='ltr'><strong>Eutrop.</strong></span> 
     </span>
    </p>
   </div>
   <div class='ocr_carea' id='block_1_120' title="bbox 2072 5679 2802 5755">
    <p class='ocr_par' dir='ltr' id='par_1_120' title="bbox 2072 5679 2802 5755">
     <span class='ocr_line' id='line_1_121' title="bbox 2072 5679 2802 5755; baseline 0.016 -26"><span class='ocrx_word' id='word_1_851' title='bbox 2072 5679 2148 5750; x_wconf 73' lang='lat'><strong>(‘2)</strong></span> <span class='ocrx_word' id='word_1_852' title='bbox 2187 5682 2264 5734; x_wconf 81' lang='lat' dir='ltr'><strong>Ad</strong></span> <span class='ocrx_word' id='word_1_853' title='bbox 2301 5681 2580 5748; x_wconf 80' lang='lat' dir='ltr'><strong>Murtium,</strong></span> <span class='ocrx_word' id='word_1_854' title='bbox 2609 5679 2802 5755; x_wconf 54' lang='lat' dir='ltr'><strong>Egnat.</strong></span> 
     </span>
    </p>
   </div>
  </div>
