3970 6190
388 235 495 298 355

1607 237 2030 300 NICEPIIORI
2072 241 2421 305 CALLISTI

3550 246 3665 311 356

387 351 676 406 manifesto
708 357 979 425 comperit
1007 354 1386 413 Constantius.
1421 355 1706 429 Siquidem
1738 360 1828 414 ille
1862 375 1959 430 per

2070 362 2346 430 ἐπειρᾶτο.
2367 364 2481 419 Καὶ
2507 363 2807 435 περιοργής
2838 365 3104 432 γεγονὼς,
3127 363 3269 434 πρδς
3299 364 3498 419 ἑαυτὸν
3534 385 3666 436 μετ-

384 445 650 500 ellrcnem
704 448 988 502 audaciam
1042 445 1286 504 Orientis
1332 450 1652 519 praefectum
1702 451 1965 506 Domitia-

388 551 519 589 num
559 546 611 590 et
665 549 990 607 quaestorem
1045 539 1309 594 Montium
1351 540 1425 608 (1)
1453 551 1644 610 suapte
1695 552 1963 612 potestate

388 629 627 692 necavit,
661 629 824 683 credis
863 630 982 698 ejus
1015 645 1180 685 causa
1224 632 1546 700 imperatori
1593 649 1702 686 non
1749 635 1962 704 signiti-

389 727 532 773 cata.
562 720 694 784 Qua:
728 737 816 774 res
848 723 1082 791 alireque
1119 724 1346 794 insuper
1377 724 1443 777 ad
1471 739 1594 778 eam
1631 726 1962 782 accedentes

387 809 658 874 ellecere,
711 819 771 863 ut
832 813 1133 880 imperator
1181 828 1344 878 eum,
1401 821 1464 867 ut
1511 813 1614 868 sibi
1669 813 1960 884 injurium,

387 901 660 953 sublatum
695 901 880 959 vellet.
929 902 993 955 Et
1034 905 1114 958 ira
1154 904 1439 967 incitatus,
1480 904 1544 960 ad
1585 919 1644 960 se
1672 921 1797 960 eum
1830 920 1962 960 evo-

385 995 550 1050 cavit.
587 995 763 1062 Atque
804 995 894 1050 ille
935 996 991 1049 in
1027 996 1360 1052 deteriorem
1399 1011 1609 1068 partem
1644 1015 1764 1055 eam
1798 1015 1963 1055 voca-

388 1085 591 1137 tionem
620 1084 734 1139 lieri
759 1086 1096 1155 suspicatus,
1123 1085 1339 1155 sibique
1365 1102 1654 1156 propterea
1681 1099 1958 1153 metuens.

383 1176 550 1230 etiam
582 1178 790 1232 invitus
824 1179 1106 1248 prolectus
1139 1190 1245 1242 est,
1281 1195 1451 1235 uxore
1482 1197 1580 1235 sua
1610 1182 1958 1247 Constantia,

385 1281 508 1334 quae
548 1281 652 1334 pro
690 1281 757 1320 eo
809 1279 1148 1337 precaretur,
1199 1271 1499 1338 praemissa.
1553 1266 1627 1324 Ea
1665 1271 1720 1325 in
1760 1272 1962 1327 itinere

385 1365 602 1409 mortua
653 1365 760 1411 est.
814 1357 870 1410 In
913 1360 1178 1413 comitatu
1217 1357 1358 1414 Galli
1413 1357 1755 1430 Theophilus
1793 1364 1958 1416 etiam

385 1448 552 1503 Indus
574 1449 694 1514 fuit,
731 1449 800 1505 de
838 1465 946 1518 quo
985 1467 1148 1522 supra
1177 1452 1435 1506 diximus.
1472 1452 1604 1506 Nam
1639 1454 1688 1507 is
1717 1454 1958 1508 medium

383 1554 444 1592 se
492 1540 635 1592 inter
663 1538 877 1595 Gallum
909 1552 965 1596 et
1013 1542 1401 1596 Constantium
1447 1543 1693 1614 gerebat,
1726 1547 1961 1616 conjun-

383 1631 621 1683 etionem
672 1647 864 1684 eorum
914 1640 968 1684 et
1016 1633 1370 1686 concordiam
1427 1633 1782 1700 conﬁrmans,
1835 1649 1958 1689 cum

383 1719 564 1774 Caesar
607 1721 792 1776 Gallus
842 1722 1255 1792 designaretur,
1313 1731 1369 1776 et
1414 1731 1570 1792 pacta
1626 1725 1840 1778 tierent.
1891 1723 1961 1779 At

297 1805 300 1814 ’
381 1811 592 1875 Gallus,
625 1814 878 1882 adempta
927 1814 975 1868 ei
1016 1815 1258 1884 primunt
1309 1830 1574 1890 purpura,
1608 1815 1758 1870 circa
1802 1817 1963 1871 Phia-

385 1919 584 1957 nonem
625 1904 702 1974 (2)
743 1904 978 1958 insulam
1011 1907 1064 1960 in
1096 1905 1550 1961 Occidentalibus
1607 1908 1859 1978 partibus
1896 1926 1962 1967 ex

385 1993 607 2047 insidiis
648 1995 861 2049 Eusebii
886 1995 1128 2050 eunuchi
1175 1996 1482 2050 trucidatus
1510 2006 1615 2052 est.
1653 1995 1807 2064 Quod
1837 2001 1962 2071 qui-

2067 447 2367 509 εστέλλὲτο.
2397 453 2456 510 '0
2481 455 2525 508 δ’
2551 455 2654 509 οὐκ
2681 456 2772 510 ἐπ’
2801 455 2993 526 ἀγαθῷ
3024 457 3124 526 τὴν
3149 456 3487 526 μετάκλησιν
3522 475 3668 526 συμ-

2067 544 2302 611 ϐάλλων,
2331 547 2589 611 δεδοικὼς
2619 547 2664 600 δ’
2693 548 2844 618 ὅμως
2874 548 2971 601 καὶ
2995 548 3144 601 ἄκων
3167 548 3359 618 ἀπῄει,
3390 547 3491 618 τὴν
3519 548 3664 602 ἰδίαν

2066 642 2320 712 γαμετὴν
2369 641 2760 695 Κωνσταντίαν
2795 641 3134 712 προπέμψας
3184 641 3660 712 πρεσϐεύσουσαν.

2079 732 2222 785 Ἀλλ’
2267 735 2300 800 ἡ
2335 733 2436 802 μὲν
2461 731 2661 796 ὲνόδιος
2696 731 2967 802 ἐπεσχέθη
3012 732 3253 798 θανάτῳ.
3285 732 3580 785 Συνείπετο
3613 731 3662 784 δ’

2066 826 2259 894 ἐκείνῳ
2288 826 2382 878 καὶ
2413 823 2674 893 Θεόφιλος
2713 827 2741 878 δ
2780 824 2968 892 Ἰνδὸς,
3002 824 3134 894 περ)⁸
3164 817 3225 875 οὗ
3267 825 3468 894 μικρὸν
3499 823 3663 875 ὓστε-

2069 935 2162 986 ρον
2207 915 2463 987 ἐροῦμεν.
2496 917 2674 986 Συνῆν
2723 918 2831 987 γὰρ
2886 916 3051 986 μέσος
3087 919 3208 979 ταῖς
3254 917 3390 986 πρὸς
3447 916 3652 970 Γάλλον

2067 1008 2163 1060 καὶ
2195 1009 2579 1062 Κωνστάντιον
2610 1010 2926 1077 συνθήκαις,
2953 1011 3114 1079 ἡνίκα
3145 1010 3367 1079 Καῖσαρ
3400 1025 3656 1078 κεχειρο-

2064 1097 2278 1168 τόνητο,
2309 1099 2548 1168 συνέχων
2575 1099 2755 1153 αὐτῶν
2783 1099 2882 1168 τὴν
2933 1101 3206 1168 ὁμόνοιαν.
3243 1099 3556 1168 Γυμνωοεὶς
3599 1103 3660 1153 οι

2064 1188 2166 1256 τῆς
2189 1188 2517 1260 ἁλουργίδας
2534 1191 2562 1242 δ
2578 1189 2782 1253 Γάλλος
2811 1191 2907 1243 καὶ
2934 1191 3076 1242 κατὰ
3097 1189 3330 1243 Φαλῶνα
3359 1191 3456 1259 τὴν
3485 1190 3655 1258 νῆσον

2064 1277 2356 1344 γενόμενος
2390 1279 2520 1345 περὶ
2545 1278 2688 1348 μέρη
2710 1277 2777 1348 δὴ
2804 1277 2874 1331 τά
2904 1277 3194 1349 Ἐσπέρια,
3215 1278 3531 1340 ἐπιϐουλαῖς
3552 1277 3661 1331 Εὖ·

2065 1366 2246 1420 σεσίου
2268 1367 2361 1420 τοῦ
2385 1369 2643 1440 εὐνούχου
2668 1371 2978 1440 ἀναιρεῖται
2999 1387 3014 1402 ·
3038 1371 3400 1433 κελεύσαντος
3425 1373 3527 1441 μὲν
3555 1371 3659 1441 τὴν

2063 1457 2347 1530 ἀναίρεσιν
2386 1461 2480 1514 τοῦ
2513 1463 2924 1528 Κωνσταντίου,
2955 1464 3248 1535 μεταμέλῳ
3278 1465 3334 1517 δὲ
3366 1465 3659 1534 χρησαμέ-

2064 1567 2156 1602 νου
2189 1551 2246 1614 ὲς
2297 1551 2546 1623 ὕστερον,
2580 1554 2718 1606 Μετ’
2751 1555 2932 1624 ὀλίγον
2964 1556 3022 1609 δὲ
3043 1557 3135 1609 τὸν
3176 1558 3389 1610 ἐκείνου
3419 1557 3658 1624 ἁδελφδν

2075 1642 2363 1698 Ἰουλιανδν
2394 1647 2459 1698 ὲκ
2513 1647 2612 1710 τῆς
2648 1649 2853 1710 Ἰωνίας
2907 1650 3434 1720 μεταπεμψάμενος,
3471 1668 3656 1719 χειρο-

2066 1739 2211 1786 τονεῖ
2240 1737 2515 1805 Καίσαρα,
2549 1742 2610 1792 τὸ
2644 1742 2742 1811 τῆς
2772 1743 2947 1811 ἀρχῆς
2976 1743 3143 1812 βάρος
3187 1743 3332 1805 ίδὼν,
3368 1745 3460 1796 καὶ
3511 1745 3658 1812 πρδς

2067 1827 2194 1889 τοὺς
2209 1828 2266 1879 ὲν
2285 1827 2485 1901 Γαλλίᾳ
2501 1831 2809 1902 βαρϐάρους
2827 1834 3146 1899 ἀπέστελλε,
3162 1837 3409 1904 ταραχῆς
3427 1834 3451 1886 ι
3459 1833 3658 1902 μπλεω

2069 1917 2138 1970 τὰ
2182 1904 2362 1972 ὲκείσε
2385 1922 2448 1991 δὴ
2499 1923 2872 1980 καθιστῶντα.
2892 1925 3052 1978 Ἀλλὰ
3079 1928 3203 1996 περὶ
3231 1927 3330 1995 μὲν
3359 1924 3656 1978 Ἰουλιανοῦ

2073 2010 2132 2062 ἂν
2155 2013 2220 2081 τῇ
2254 2012 2454 2083 ἑφεξῆς
2487 2016 2700 2087 ἱστορίᾳ.
2725 2019 2865 2086 πρὸς
2893 2017 3090 2072 λεπτὸν
3124 2019 3500 2088 διηγήσομαι.

385 2087 510 2140 dem
537 2088 608 2140 ita
638 2097 748 2140 tum
783 2088 896 2142 lieri
925 2089 1090 2158 jussit
1118 2088 1478 2144 Constantius
1519 2107 1532 2144 :
1563 2101 1754 2161 postea
1786 2107 1969 2152 autem
2011 2116 2136 2155 eum
2167 2103 2295 2159 facti
2329 2109 2608 2177 paenituit.
2644 2111 2802 2165 Brevi
2838 2120 2959 2180 post
2999 2111 3223 2166 fratrem
3285 2087 3414 2180 ejus
3476 2109 3656 2164 Julia-

386 2195 519 2232 num
567 2195 630 2254 ex
677 2179 826 2234 lonia
875 2183 1135 2246 accitum,
1180 2182 1327 2253 quod
1376 2180 1598 2254 imperii
1675 2188 2006 2256 gravitatem
2049 2209 2234 2250 secum
2266 2202 2653 2269 per-penderet,
2683 2179 2952 2259 Caesarem
2980 2205 3227 2259 creavit:
3292 2215 3348 2258 et
3380 2204 3656 2257 adversus

385 2270 648 2326 barbaros
680 2269 732 2323 in
764 2273 994 2327 Calliam
1039 2274 1210 2339 misit,
1249 2274 1342 2343 qui
1406 2290 1496 2329 res
1511 2276 1609 2368 ‘ibi
1682 2281 2032 2340 turbulentas
2070 2300 2299 2356 pacaret
2324 2295 2800 2356 eticonstitueret.
2826 2298 2988 2368 759
3015 2299 3122 2354 Sed
3153 2299 3219 2354 de
3240 2299 3447 2354 Iuliani
3481 2297 3658 2352 rebus

387 2363 441 2418 in
480 2364 707 2421 historia
741 2367 996 2437 sequenti
1026 2367 1340 2422 accuratius
1375 2363 1560 2424 omnia
1594 2386 1961 2441 exponemus.

915 2483 1142 2560 caper
1185 2483 1430 2540 xxxm.

390 2580 456 2637 Ut
509 2580 679 2632 denuo
737 2577 925 2630 Ariani
973 2578 1196 2648 synodos
1232 2576 1520 2632 Antiochia:
1573 2589 1622 2632 et
1669 2578 1961 2634 Mediolani

455 2650 796 2705 celebrantes.
827 2649 1175 2700 Athanasium
1204 2649 1562 2716 Oppugnarint
1583 2663 1601 2700 :
1624 2658 1673 2702 et
1697 2665 1814 2714 quia
1842 2667 1964 2704 con-

454 2721 580 2774 silia
612 2720 676 2770 de
703 2719 1036 2788 perversione
1067 2716 1190 2781 ﬁdei
1225 2717 1568 2771 Constantius
1599 2721 1816 2785 ceperit.

457 2920 810 2978 Constantius
859 2935 990 2973 cura
1047 2929 1101 2974 ct
1140 2918 1389 2990 periculo
1430 2928 1788 2989 tyrannorum
1821 2922 1955 2975 lil-e-

2643 2497 2892 2555 ΚΕΦΛΛ.
2923 2497 3048 2556 AI".

2081 2585 2176 2651 Ὧς
2205 2587 2395 2673 any":
2418 2592 2479 2673 οξ
2497 2589 2565 2673 ξε
2589 2592 2818 2659 Ἀρείου
2839 2596 3182 2673 *συνόδοιιῖ
3214 2597 3286 2651 ἐν
3318 2597 3654 2673 Ἀντιοχείᾳ

2139 2658 2237 2709 καί
2262 2657 2664 2736 Μεδιρλάιίοιςή
2691 2665 3031 2736 ποιοῦντες,
3083 2657 3211 2736 τοῖς
3241 2671 3374 2736 περὶ
3403 2657 3654 2727 Ἀθᾶἶι-άῖ
3734 2700 3738 2704 ε

2139 2739 2280 2806 σιρν
2303 2730 2712 2812 πρλεμρῦντες
2734 2730 2935 2812 -ἦσαιςο
2966 2737 3062 2812 καί
3089 2730 3339 2812 ala—13p}
3369 2741 3655 2812 amomob

2139 2801 2262 2864 φῆς
2291 2801 2402 2864 τῆς
2435 2801 2698 2867 πίστεως
2721 2803 2971 2871 ἐμελέτα
2994 2801 3440 2877 Κωνστάῦτιος.

2141 2907 2520 2969 Κωνστάντιος
2569 2913 2664 2963 καὶ
2715 2913 2814 2981 τῆς
2865 2914 2978 2966 τῶν
3026 2916 3309 2986 τυράννων
3358 2924 3654 2990 φροντίδος

387 3023 560 3078 ratus,
584 3013 733 3066 venit
768 3013 1028 3074 Romam,
1071 3011 1160 3063 uhi
1204 3009 1272 3063 de
1317 3011 1564 3080 tyrannis
1621 3012 1958 3082 triumphum

2070 2995 2421 3070 ἀπαλλαγεὶς,
2449 3008 2514 3058 ἐκ
2546 3009 2776 3076 Σιρμίου
2813 3010 3056 3081 ἀπάρας,
3103 3016 3252 3084 πρὸς
3277 3018 3378 3081 τὴν
3421 3017 3653 3088 Ῥώμην

387 3105 488 3158 silli
533 3101 803 3172 agendum
828 3117 950 3155 esse
977 3101 1150 3156 duxit.
1181 3099 1386 3154 Eodem
1423 3111 1670 3168 tempore
1723 3101 1787 3153 ad
1821 3118 1958 3155 con-

386 3195 626 3248 cordiam
664 3194 938 3262 dogmatis
967 3191 1281 3246 Orientales
1301 3192 1465 3246 simul
1495 3203 1550 3247 et
1575 3191 1961 3246 Occidentales

386 3291 694 3358 episcopos,
716 3286 876 3340 sicuti
899 3285 1146 3354 putabat,
1171 3284 1533 3348 adducturus,
1551 3286 1819 3354 synodum
1841 3289 1955 3355 cog?

388 3383 444 3435 in
465 3381 614 3436 Italia
637 3379 920 3449 praecepit.
941 3377 1116 3432 Julius
1155 3388 1291 3439 tum,
1315 3377 1506 3446 viginti
1533 3379 1775 3448 quinque
1799 3381 1959 3432 annis

388 3475 632 3527 llomana
703 3469 946 3524 Ecclesia
1007 3469 1410 3531 administrata,
1446 3469 1703 3531 decessit,
1739 3469 1960 3538 provin—

385 3566 637 3635 ciamque
703 3565 820 3633 ejus
876 3561 1128 3615 Liberius
1183 3562 1436 3614 sortitus”
1474 3571 1577 3614 est.
1631 3559 1770 3614 Tum
1831 3577 1959 3614 vero

386 3656 852 3726 opportunitatem
916 3655 1023 3708 sibi
1085 3656 1321 3707 oblatam
1375 3668 1495 3708 esse
1557 3654 1958 3717 existimantes,

390 3748 480 3818 qui
507 3748 898 3817 professionem
953 3747 1077 3800 lidei
1105 3746 1381 3800 Nicaznam
1408 3746 1830 3816 abrogaverant,
1863 3763 1958 3801 ca.

389 3840 625 3892 lumnias
667 3853 885 3892 rursum
910 3845 1338 3899 contexucrunt,
1397 3846 1457 3890 ut.
1506 3837 1602 3888 τοῦ
1637 3838 1954 3902 ὁμοουσίου,

389 3930 893 3992 eonsubstantialis,
924 3930 1283 3997 professores.
1305 3942 1444 3994 quos
1471 3937 1627 3981 antea
1661 3937 1720 3980 ut
1740 3939 1960 3982 sentcn-

391 4020 480 4073 tia:
506 4020 736 4074 alterius
766 4027 1072 4072 sectatores
1120 4026 1642 4079 exauctoraverant,
1707 4017 1958 4070 ecclesiis

389 4126 616 4180 prorsus
637 4108 1250 4179 exigerent.Constante
1270 4121 1506 4174 namque
1535 4106 1716 4160 adhuc
1769 4123 1960 4174 super-

331 4212 335 4216 '
390 4205 535 4268 stite,
573 4216 683 4255 non
710 4201 825 4254 ausi
851 4198 1070 4253 fuerant
1103 4198 1450 4251 fraudulenta
1487 4199 1796 4253 temeritate
1845 4199 1950 4250 im-

390 4293 544 4362 peria
601 4294 745 4345 inter
776 4305 833 4344 se
865 4289 1231 4344 committere.
1283 4289 1494 4357 Quippe
1546 4289 1752 4343 bellum
1799 4289 1955 4341 fratri

2067 3092 2309 3158 ἐγένετο·
2342 3095 2476 3149 ὅπου
2501 3098 2564 3168 δὴ
2597 3101 2691 3152 καὶ
2715 3102 2806 3154 τὸν
2832 3105 2972 3156 κατὰ
2995 3107 3103 3157 τῶν
3130 3110 3412 3175 τυράννων
3441 3112 3652 3180 θρίαμ-

2065 3186 2158 3236 εον
2186 3187 2360 3240 τελεῖν
2408 3191 2557 3259 αὐτῷ
2615 3195 2710 3246 καὶ
2769 3198 3034 3263 κατάγειν
3082 3201 3330 3254 ἐδέδοκτο
3368 3203 3499 3260 δεῖν.
3553 3207 3650 3259 Ἐν

2063 3278 2244 3345 ταυτῴ
2292 3279 2348 3331 δὲ
2405 3281 2723 3350 σύμφρονας
2780 3287 3042 3356 καθιστᾷν
3090 3293 3339 3360 οἰόμενος
3391 3298 3522 3366 περὶ
3581 3300 3645 3350 τὸ

2063 3365 2239 3435 δόγμα
2289 3374 2418 3434 τούς
2466 3391 2522 3425 τε
2575 3377 2670 3442 τῆς
2708 3378 2822 3429 Ἕω
2873 3385 2963 3432 καὶ
3001 3383 3274 3454 Ἐσπέρας
3315 3365 3519 3455 ἱερέας,
3545 3393 3644 3441 καὶ

2065 3457 2281 3510 σύνοδον
2329 3461 2386 3511 ὲν
2435 3461 2635 3533 Ἰταλία
2687 3468 2943 3531 γενέσθαι
2993 3474 3353 3538 προσέταξεν.
3388 3477 3523 3529 Τότε
3581 3479 3641 3532 δὲ

2075 3548 2294 3614 Ἰούλιος
2334 3553 2511 3607 εἴκοσι
2548 3559 2641 3608 καὶ
2676 3561 2840 3611 πέντε
2869 3561 3015 3615 ἔτεσι
3049 3565 3150 3633 τῆς
3180 3569 3238 3619 ὲν
3281 3568 3468 3638 Ῥώμῃ
3519 3570 3644 3624 Ἑκ-

2063 3643 2293 3712 κλησίας
2331 3648 2593 3712 προστὰς,
2623 3650 2836 3704 ἁπεσίω
2857 3671 2872 3686 ο
2904 3655 3162 3726 Λιϐἐριος
3211 3660 3268 3712 δὲ
3298 3662 3392 3714 τὸν
3437 3664 3641 3732 κλῆρον

2063 3739 2158 3804 τῆς
2189 3738 2402 3792 ἐκείνου
2456 3741 2732 3806 διακονίας
2783 3746 3090 3815 ἐλάμϐανεν
3116 3764 3132 3780 ·
3167 3753 3408 3822 ὁπηνίκα
3441 3759 3640 3826 καιρὸν

2064 3829 2411 3896 προσήκοντα
2461 3831 2606 3901 ἔχειν
2669 3838 2992 3904 νομίσαντες
3044 3842 3095 3894 oi
3152 3846 3250 3913 τὴν
3313 3849 3369 3898 ὲν
3425 3849 3640 3921 Νικαίιι⁵

2063 3921 2246 3971 πίστιν
2318 3922 2670 3990 ἡθετηκὸτες,
2726 3930 3104 4000 συνέρῤαπτον
3176 3919 3457 4004 διαϐολάς,
3505 3919 3642 3995 ὥστ’

2061 4010 2282 4074 ἐξωθεῖν
2338 4013 2445 4064 τῶν
2511 4017 2837 4086 ἐκκλησιῶν,
2873 4021 2966 4084 οὒς
3018 4027 3289 4098 πρότερον
3344 4033 3501 4084 αὐτοὶ
3561 4035 3642 4097 ὡς

2061 4101 2400 4170 ὲτεροδόξους
2463 4109 2714 4161 καθεῖλον
2787 4114 2863 4182 τῷ
2927 4119 3205 4190 ὀμοουσίῳ
3265 4125 3638 4194 στοιχοῦντας.

2063 4197 2296 4250 Κώνστα
2345 4202 2442 4268 μὲν
2481 4204 2590 4271 γὰρ
2623 4207 2906 4274 περιόντος
2952 4210 3055 4273 ἔτι,
3087 4213 3187 4266 οὐκ
3219 4215 3465 4284 ἐτόλμων
3509 4236 3643 4288 συγ-

2062 4288 2282 4382 κρούειν
2335 4298 2434 4356 τὰς
2479 4295 2799 4362 βασιλείαςο
2853 4302 3114 4371 πολεμεῖν
3169 4307 3275 4377 γὰρ
3321 4310 3526 4374 ἐκεῖνος
3559 4315 3643 4382 τῷ

389 4381 660 4436 Constans
702 4379 1134 4432 'denuntiaverat
1201 4377 1302 4430 nisi
1355 4378 1738 4440 Athanasium,
1789 4379 1952 4432 sicuti

2070 4381 2274 4451 ἀδελφῷ
2323 4385 2712 4454 ἐπηγγέλλετο,
2745 4391 2792 4442 εἰ
2845 4392 2921 4461 μὴ
2967 4394 3190 4466 δέξηται
3224 4401 3350 4464 τοὺς
3388 4405 3519 4472 περὶ
3545 4377 3643 4458 τὸν

393 4473 600 4526 dictum
623 4480 726 4534 est,
747 4470 1033 4539 reciperet.
1068 4469 1420 4523 Potissimum
1446 4484 1578 4522 vero
1601 4469 1956 4523 Athanasium

395 4563 470 4616 illi
499 4561 772 4631 expellere
804 4559 990 4613 studio
1022 4559 1168 4613 omni
1199 4558 1604 4612 contendebant
1633 4576 1645 4611 :
1676 4558 1768 4626 qui
1825 4573 1956 4612 sane

393 4655 556 4710 etiam
596 4655 896 4707 Constante
932 4651 1175 4704 nondum
1203 4664 1364 4712 caeso,
1417 4648 1742 4702 Constantio
1773 4658 1956 4702 autem

397 4756 619 4816 propter
655 4745 829 4807 illum,
861 4741 1224 4797 Athanasium
1271 4756 1329 4795 se
1382 4740 1671 4808 complecti
1729 4742 1960 4793 assimu-

394 4838 541 4890 lante
591 4838 821 4906 (tantum
869 4836 1088 4888 illorum
1144 4843 1264 4886 erat
1295 4831 1541 4898 odium),
1569 4831 1958 4899 conquiescere

396 4943 505 4980 non
557 4935 873 4994 potuerunt.
932 4924 1040 4978 Sed
1093 4925 1238 4977 enim
1293 4922 1555 4990 tringinta
1619 4938 1685 4974 ex
1720 4922 1956 4990 maligna

391 5032 584 5073 eorum
612 5017 956 5070 multitudine
983 5015 1288 5068 Antiochiae
1310 5016 1677 5084 congregatis,
1701 5014 1958 5067 Narcisso

395 5110 650 5164 videlicet
676 5109 866 5173 Cilice,
908 5108 1190 5161 Theodoto
1241 5107 1472 5168 Thrace,
1501 5107 1746 5174 Eugenia
1785 5106 1958 5160 NictP-

394 5201 828 5270 no,Patrophilo
877 5199 1349 5270 Scythopolitano,
1378 5198 1740 5266 Menophanto
1778 5197 1957 5266 Ephe-

395 5294 496 5358 sio,
539 5303 702 5362 atque
755 5292 914 5355 aliis,
961 5293 1194 5344 reditum
1238 5291 1521 5346 Athanasii
1581 5291 1657 5345 illi
1699 5302 1956 5361 tanquam

397 5386 735 5454 illegitunnm
761 5384 1082 5453 culpabant,
1123 5392 1177 5436 et
1209 5382 1466 5436 omnibus
1513 5383 1712 5451 ubique
1747 5386 1963 5453 episco-

396 5479 479 5545 pis
509 5481 846 5546 scribebant.
874 5495 942 5532 ne
970 5492 1093 5531 cum
1137 5477 1229 5530 illo
1277 5477 1771 5541 communicarent,
1827 5493 1959 5531 neve

467 5612 542 5677 (I)
579 5611 847 5678 Magnum.
882 5613 1093 5666 Socrat.
1130 5623 1184 5666 et
1216 5611 1437 5666 Sizmn.

473 5683 549 5751 (2)
585 5683 715 5750 Περὶ
771 5685 1027 5734 αι’κάινιιινα
1076 5686 1171 5753 τὴν
1249 5689 1428 5752 νῆσον.
1484 5683 1694 5738 Socrat.
1742 5683 1840 5736 lib.
1898 5701 1958 5750 It,

2074 4472 2410 4538 Ἀϐανάσιον,
2443 4477 2630 4549 ὥσπερ
2671 4482 2910 4550 εἴρηται.
2948 4486 3198 4541 Μάλιστα
3223 4490 3272 4543 δ’
3312 4492 3643 4549 Ἀθανάσιον

2061 4564 2310 4617 ἐλαύνειν
2360 4566 2448 4619 διὰ
2487 4570 2725 4639 σπουδῆς
2775 4574 3066 4630 ἐποιοῦντο
3091 4593 3106 4606 '
3141 4581 3192 4634 οἶ
3229 4580 3293 4650 δὴ
3344 4585 3440 4638 καὶ
3482 4586 3643 4640 Κών-

2064 4670 2286 4717 σταντσις
2366 4657 2534 4724 μήπω
2598 4659 2938 4729 φθαρέντος,
3011 4667 3392 4725 Κωνσταντίου
3451 4674 3510 4728 δὲ
3568 4677 3641 4731 δι’

2063 4745 2268 4798 ἐκεῖνον
2319 4751 2793 4818 προσποιουμένου
2855 4755 3031 4822 φιλεῖν
3090 4760 3431 4828 Ἀθανάσιον,
3461 4765 3636 4839 ὕπερ-

2063 4835 2190 4904 6ολῇ
2239 4836 2450 4906 μίσους,
2487 4841 2685 4894 ἐκεῖνοι
2745 4845 2869 4897 οὐδὲ
2926 4847 3100 4912 οὕτως
3151 4852 3447 4923 ἡσυχάζειν
3487 4835 3640 4926 ἠνεί·

2062 4944 2237 4996 χοντο.
2295 4931 2601 4999 Τριάκοντα
2647 4933 2694 4985 δ’
2751 4938 2809 4988 ἐν
2875 4939 3177 5012 Ἀντιοχείᾳ
3237 4948 3332 4998 τοῦ
3395 4951 3638 5018 πονηροῦ

2065 5020 2286 5088 στίφους
2357 5023 2776 5092 ἁθροισθέντες,
2837 5031 2883 5082 oi
2951 5033 3083 5101 περὶ
3133 5035 3486 5103 Νάρκισσον,
3545 5041 3641 5094 τὸν

2065 5110 2266 5164 Κίλικα
2291 5112 2451 5180 λέγω,
2489 5115 2762 5187 Θεόδωρον
2791 5119 2880 5171 τὸν
2923 5123 3135 5194 Θρᾷκα,
3167 5126 3258 5178 τὸν
3290 5125 3500 5183 Νικαὲα
3530 5132 3637 5186 Εὐ-

2063 5201 2266 5266 γένιον,
2308 5205 2648 5274 Πατρόιριὶόν
2692 5226 2748 5260 τε
2801 5212 2895 5262 καὶ
2927 5213 3308 5282 Μηνόφαντον,
3343 5212 3419 5270 ὧν
3462 5221 3491 5272 ὀ
3537 5220 3640 5289 μὲν

2065 5293 2476 5359 Σκυθοπόλεως,
2523 5299 2549 5349 ὁ
2597 5299 2640 5350 δ’
2686 5301 2914 5368 Ἐφέσου
2969 5300 3038 5374 ἦν
3089 5306 3117 5355 ὀ
3165 5307 3545 5375 Μηνόφαντος,
3577 5313 3637 5365 ὲν

2063 5386 2266 5449 αίτίαις
2319 5388 2599 5442 ἐποιοῦντο
2650 5394 2749 5460 τὴν
2795 5394 3006 5448 ἐκείνου
3065 5397 3332 5450 κάθοδον·
3386 5400 3478 5452 καὶ
3525 5403 3639 5464 τοῖς

2064 5477 2380 5547 ἁπανταχοῦ
2439 5480 2678 5549 ἔγραφον
2733 5484 3078 5549 ἐπισκόποις,
3138 5487 3332 5558 ἐκείνῳ
3392 5489 3468 5560 μὴ
3524 5508 3639 5543 κοι-

2065 5619 2312 5691 ςτιρᾏζῆ.
2345 5617 2487 5672 Plin.
2527 5619 2581 5671 in
2604 5619 2810 5691 lllyrici
2848 5621 3222 5691 descriptione
3255 5629 3509 5680 meminit
3543 5644 3636 5680 ιιι·-

2065 5689 2148 5741 bis
2183 5685 2437 5741 Flauonar.
2467 5698 2520 5741 ct
2553 5685 2790 5762 Ahsjrtii
2834 5685 3050 5757 insulae,
3084 5693 3225 5747 libro
3269 5713 3351 5760 ιιι,
3385 5712 3504 5762 cap.
3540 5698 3630 5753 2|.
