3970 6190
281 279 383 344 »357

1241 270 1841 336 ΕΟΟΙΕΞΙΛδΤῙΟιΕ
1881 266 2267 330 ΗΙΞΤΟΒΙᾹΞ
2308 270 2451 335 LIB.
2497 271 2597 334 IX.

3419 274 3526 335 358

287 389 483 449 νωνςῖν,
544 383 688 455 μήτε
766 382 874 454 μὴν
927 390 1163 453 γράφειν
1187 397 1204 413 σ
1263 380 1401 434 ἀλλά
1462 378 1737 446 Γεὼργιον
1796 378 1856 430 ἐν

1961 376 2025 430 ad
2067 377 2218 431 illutn
2252 378 2592 432 scriberent:
2618 376 2711 433 sed
2737 376 3034 448 Georgium
3072 377 3280 433 honore
3338 395 3530 448 prose-

1957 477 2285 537 querentur.
2343 484 2505 538 quem
2570 468 2673 539 ipsi
2723 470 3045 540 episcopum
3107 470 3525 524 constitueram.
3608 484 3609 491 ‘

286 482 463 551 τιμαῖς
520 478 688 547 ἔχειν,
738 475 801 529 ὃν
848 472 1007 527 αὐτοὶ
1048 472 1482 541 κατεστήσαντο.
1536 468 1854 528 Ἀθανάσιος

285 576 337 627 δὲ
363 573 467 626 οόδ’
516 567 859 639 ἐπιστροφὴν
908 564 1088 620 αὐτῶν
1137 564 1396 617 εποιεῐτο.
1445 562 1560 614 Καὶ
1595 559 1753 613 τοῦτο
1785 553 1855 629 ἦν

285 668 380 727 ἕως
406 663 465 717 οὗ
501 662 881 723 Κωνστάντιος
911 659 1039 722 τοὺς
1068 656 1374 727 τυράννους
1395 653 1661 719 καθελὼν,
1694 652 1856 721 μόνος

292 760 383 826 τῆς
410 758 524 810 Ἕω
549 752 651 808 καὶ
675 752 951 823 Ἐσπέρας
980 750 1252 821 κατῆρξεν
1273 764 1289 779 ο
1305 750 1417 809 τοῖς
1433 750 1541 817 γὰρ
1562 750 1618 798 ὲν
1650 745 1857 815 ἑσπέρᾳ

284 851 565 920 γενόμενος
618 849 648 901 ὁ
699 845 1108 907 Κωνστάντιος,
1134 845 1250 904 τοῖς
1287 843 1467 895 ἐκεῖσε
1508 840 1619 892 τῶν
1661 838 1854 907 ίερέων

285 947 347 1013 τῇ
388 941 685 1011 όμοουσίου
740 935 1021 1007 στοιχοῦσι
1064 935 1272 997 πίστει,
1304 932 1687 1003 προσεποιεῖτο
1735 927 1858 981 κολ-

287 1031 474 1086 λᾶσθαι
505 1031 603 1083 καὶ
647 1026 986 1097 συμφρονεῖν
1008 1041 1024 1057 ο
1061 1026 1157 1078 καὶ
1189 1023 1366 1077 διόλου
1421 1023 1664 1074 συνεῖναι
1714 1020 1857 1089 τάχα

287 1123 483 1193 ᾑρεῖτο.
513 1122 689 1190 Τέχνη
742 1118 800 1171 δὲ
834 1117 1140 1186 μετήρχετο
1184 1115 1253 1166 τὰ
1302 1112 1494 1183 πρῶτα
1539 1109 1613 1180 μὴ
1668 1107 1859 1179 βιαζό-

290 1229 468 1283 μενος,
513 1212 618 1276 ἓως
677 1202 739 1263 οῦ
800 1208 1092 1270 κάκείνους
1149 1201 1588 1274 ἐπιψηφίσασθαι
1647 1199 1858 1254 πείσειε

290 1306 397 1367 τοῖς
423 1304 549 1357 κατ’
588 1300 911 1355 ’Δθανασίοο
949 1296 1344 1367 γεγενημένοις
1371 1293 1570 1362 ἐπίσης
1600 1292 1716 1355 τοῖς
1753 1290 1860 1344 ἀνὰ

285 1391 384 1461 τὴν
416 1391 532 1443 Ἕω
568 1387 909 1449 ἐπισκόποις.
943 1386 1052 1439 Καὶ
1093 1384 1203 1452 γάρ
1241 1400 1357 1444 πως
1391 1378 1777 1448 ὲ).ογίζετο,ὠς
1810 1378 1861 1430 εί

286 1484 451 1553 ψήφῳ
501 1481 719 1535 πάντων
747 1478 857 1532 τῶν
896 1476 1080 1548 Έῲων
1110 1478 1207 1530 καὶ
1257 1472 1565 1543 Ἐσπερίων
1619 1469 1862 1524 ἐκποδὼν

297 1573 614 1635 ’Δθανάσιος
642 1573 876 1640 γένοιτο,
919 1572 983 1621 ἐκ
1011 1567 1105 1621 τοῦ
1147 1568 1351 1640 ῥᾴστου
1397 1568 1598 1621 ἐνεῖναι
1627 1563 1697 1617 τὰ
1732 1562 1862 1634 περὶ

285 1671 380 1736 τὴν
407 1666 713 1737 θρησκείαν
748 1663 822 1725 ὡς
859 1656 1106 1732 βούλοιτο
1136 1659 1461 1731 κατορθοῦν.
1493 1658 1603 1711 Καὶ
1635 1658 1700 1726 δὴ
1731 1656 1858 1724 περὶ

284 1757 592 1812 Μεδιόλανα
639 1756 740 1824 τῆς
779 1752 1008 1806 Ἰταλίας
1052 1752 1151 1822 τὴν
1187 1751 1405 1805 σύνοδον
1447 1748 1722 1821 ἥθροιζεν.
1762 1748 1859 1800 Ἐκ

286 1848 385 1917 μὶν
407 1845 507 1901 οῦν
522 1848 622 1913 τῆς
640 1845 756 1898 Ἕω
777 1844 949 1906 ὀλίγοι
970 1843 1031 1907 δή
1061 1859 1207 1905 τινες
1235 1841 1602 1912 παρεγένοντο
1623 1854 1640 1871 ι
1664 1838 1725 1890 τὸ
1753 1837 1862 1906 γὰρ

280 1939 381 2012 τῆς
426 1936 744 2007 ὁδοιπορίας
795 1935 1007 2006 μακρὸν
1064 1937 1161 1989 καὶ
1197 1933 1353 1995 νόσος
1398 1932 1493 1984 καὶ
1539 1931 1719 1999 γῆρας
1750 1928 1861 1980 τῶν

282 2032 499 2087 πολλῶν
531 2031 720 2100 ἐπεῖχε
760 2029 862 2099 τὴν
889 2025 1074 2096 ἄφιξιν
1098 2039 1114 2057 ο
1155 2023 1431 2095 Ἐσπέριοι
1472 2022 1529 2075 δὲ
1574 2020 1791 2081 πλείους
1824 2019 1858 2088 ἢ

279 2125 595 2194 τριακόσιοι
641 2121 1032 2188 συνελέγησαν.
1070 2116 1144 2171 Te
1192 2117 1249 2169 δὲ
1298 2113 1736 2183 σπουδαζόμενον
1792 2109 1860 2183 ἦν

279 2222 392 2280 τοῖς
445 2218 507 2283 ἐξ
541 2217 658 2267 ’ίῗω
683 2212 1071 2276 καταδικάζειν
1108 2208 1449 2269 ’Δθανασξου,
1477 2205 1617 2258 ὥστε
1660 2204 1863 2258 ἄϐατον

272 2311 482 2376 ἓκείνῳ
537 2302 679 2360 εἶναι
730 2306 831 2375 τὴν
887 2300 1324 2371 Ἀλεξάνδρειαν.
1356 2298 1466 2352 Καὶ
1498 2300 1531 2366 ὴ
1591 2297 1691 2367 μὲν
1725 2296 1861 2365 άλλη

280 2405 530 2467 σύνοδος,
551 2403 586 2472 ἢ
619 2402 825 2472 ἀπάτῃ,
856 2400 891 2468 ἦ
931 2398 1066 2461 δέει,
1097 2397 1131 2468 ἢ
1156 2396 1253 2449 καὶ
1290 2392 1505 2465 ἀγνοίᾳ,
1540 2392 1862 2461 συνέτρεχον

278 2491 355 2562 τῷ
387 2493 748 2563 ψηφίσματιο
790 2489 941 2556 μόνοι
989 2485 1037 2540 δ’
1087 2484 1149 2547 ἐξ
1194 2483 1453 2537 ἁπάντων
1501 2481 1778 2539 Διονύσιος
1832 2480 1861 2532 ὁ

281 2586 498 2648 Ἄλϐας
538 2584 861 2645 ἐπίσκοπος,
901 2578 1200 2639 Ἰταλιῶτις
1233 2576 1292 2628 δὲ
1323 2574 1463 2644 αῦτη
1499 2572 1860 2643 μητρόπολις,

275 2681 368 2731 καὶ
426 2675 699 2735 Εὐσέϐιος
748 2673 858 2725 τῶν
908 2674 966 2725 ὲν
1025 2668 1296 2737 Λιγουρίᾳ
1367 2666 1707 2736 Βρεκέλλων,
1764 2668 1861 2718 καὶ⁵

275 2747 602 2840 Τριϐἑρεως
637 2768 665 2817 ὁ
697 2765 981 2827 Παυλῖνος,
1020 2764 1079 2817 ἐν
1130 2760 1384 2824 Γαλλίαις
1414 2760 1456 2811 δ’
1486 2760 1634 2812 ἐστὶν
1663 2761 1696 2830 ἠ
1732 2758 1863 2829 Τρί-

274 2865 452 2931 ϐερις,
483 2863 583 2914 καὶ
616 2857 876 2919 νῬοδανδς
931 2857 1026 2909 καὶ
1076 2855 1381 2923 Λουκίφερ,
1422 2855 1513 2905 τὶν
1548 2854 1698 2906 δόλον
1748 2870 1860 2921 φω-

276 2957 575 3025 ράσαντες,
634 2953 708 3014 ὡς
765 2953 859 3004 ἐπὶ
915 2952 981 3017 τῇ
1049 2949 1333 3018 ἀνατροπῇ
1384 2947 1479 2999 τοῦ
1545 2948 1602 2998 ὲν
1656 2946 1861 3017 Νικαίᾳ

1956 560 2291 615 Athanasius
2316 570 2497 613 autem
2556 561 2693 615 nihil
2723 575 2950 630 prorsus
3004 561 3121 616 haec
3164 562 3410 616 curabat.
3474 563 3529 615 id

1959 651 2032 705 ita
2067 651 2294 713 factum,
2328 653 2506 707 donec
2566 653 2949 720 Constantius,
2983 653 3232 724 tyrannis
3276 653 3528 714 sublatis,

1960 759 2106 797 unus
2130 743 2245 811 ipse
2280 742 2527 798 Orientis
2557 746 2719 798 simul
2743 755 2799 798 ct
2832 745 3150 799 Occidentis
3186 745 3418 810 imperio
3444 754 3530 798 est

1958 834 2186 904 potitus.
2223 835 2385 905 760
2431 833 2494 888 Et
2539 833 2936 889 Constantinus
2985 851 3111 889 cum
3162 836 3215 888 in
3239 836 3532 888 Occidente

1958 935 2124 987 esset,
2153 941 2274 980 cum
2294 925 2566 995 episcopis
2581 925 2673 979 τοῦ
2693 926 3003 995 όμοουσίου,
3020 925 3525 989 consubstantialis,

1961 1017 2086 1071 ﬁdei
2133 1017 2564 1072 assentientibus
2614 1034 2674 1072 se
2705 1019 3060 1088 conjunctum
3093 1033 3237 1087 esse,
3295 1027 3352 1071 et
3402 1031 3527 1072 cum

1960 1109 2041 1162 eis
2066 1109 2175 1163 sibi
2208 1110 2504 1164 convenire
2528 1111 2810 1165 simulavit
2834 1128 2848 1164 :
2877 1121 2934 1165 et
2962 1113 3194 1164 fortasse
3247 1110 3300 1163 in
3360 1106 3534 1177 parti-

1966 1199 2073 1255 bus
2101 1215 2288 1254 eorum
2315 1216 2447 1256 esse
2470 1202 2695 1256 omnino
2716 1204 3026 1258 constituit.
3057 1206 3189 1257 Arte
3206 1212 3359 1256 certe
3378 1215 3529 1262 usus,

1962 1307 2087 1346 eum
2113 1293 2220 1346 vim
2251 1294 2455 1348 nullam
2487 1296 2570 1350 eis
2614 1295 2851 1364 primum
2900 1297 3222 1363 adhiberet,
3278 1299 3371 1351 sed
3413 1306 3534 1351 tau-

1962 1392 2076 1436 tum
2103 1384 2479 1452 persuaderet,
2512 1396 2570 1440 ttt
2596 1387 2848 1442 eamdem
2901 1401 3092 1443 contra
3142 1391 3532 1457 Athana~ium,

1961 1486 2124 1541 quam
2157 1474 2465 1529 Orientales
2486 1476 2729 1546 episcopi
2766 1477 3045 1541 tulissent,
3085 1479 3187 1547 ipsi
3222 1483 3384 1533 etiam
3410 1497 3537 1534 seu-

1961 1562 2187 1615 tentiam
2209 1561 2442 1616 ferrent.
2485 1561 2576 1617 Sic
2613 1565 2818 1619 etenim
2852 1568 3260 1634 quodammodo
3295 1571 3532 1636 putavit.

1959 1654 2007 1708 si
2036 1658 2286 1711 omnium
2318 1658 2678 1715 Orientalium
2700 1663 2856 1732 juxta
2886 1662 3387 1720 etOccidcntalium
3418 1666 3535 1719 eal-

1963 1747 2103 1802 culis
2129 1747 2462 1807 Athanasius
2494 1753 2870 1821 damnaretur,
2905 1756 3224 1812 l'acillimum
3255 1759 3358 1813 sibi
3390 1760 3531 1825 fore,

1962 1850 2024 1891 ttt
2052 1839 2372 1909 religionem
2411 1859 2506 1910 pro
2536 1846 2769 1898 arbitrio
2801 1862 2904 1900 suo
2942 1849 3309 1904 constitueret
3365 1860 3532 1919 atque

1963 1929 2263 1985 ordinaret.
2324 1932 2517 2002 Itaque
2583 1935 2636 1989 in
2679 1936 2827 1990 Italia
2876 1938 3167 1994 Mediolani
3230 1949 3536 1995 conventus

1962 2036 2186 2077 coactus
2209 2032 2313 2079 est.
2342 2025 2408 2079 Et
2441 2042 2509 2081 ex
2540 2026 2766 2084 Oriente
2793 2032 3014 2099 quidem
3045 2033 3201 2102 pauci
3233 2033 3533 2087 admodum

1964 2113 2037 2166 ibi
2060 2126 2258 2183 prie-sto
2288 2117 2459 2173 fuere.
2501 2119 2718 2177 Itineris
2742 2124 2889 2177 enim
2926 2126 3263 2194 magnitudo.
3299 2134 3356 2180 et
3386 2141 3537 2180 mor-

1964 2208 2089 2272 bus,
2122 2218 2178 2263 et
2226 2218 2358 2265 :rlas
2404 2212 2687 2281 grandior,
2714 2215 3013 2269 multorutn
3049 2217 3300 2286 impediit
3332 2219 3537 2274 adven-

1963 2308 2101 2353 tum.
2151 2302 2533 2360 Occidentales
2597 2314 2782 2359 autem
2833 2308 3018 2375 plures
3089 2324 3252 2377 quam
3301 2310 3535 2365 trecenti

1962 2404 2291 2444 convenere.
2343 2393 2641 2448 Enimvero
2674 2394 3036 2450 Orientalium
3085 2399 3374 2452 consilium
3408 2399 3531 2464 fuit,

1914 2520 1924 2531 .
1967 2490 2026 2534 ut
2054 2481 2383 2537 Athanasius
2415 2484 2786 2551 damnaretur,
2810 2488 2972 2555 eique
3005 2489 3369 2544 Alexandrina
3400 2491 3534 2547 urbe

1965 2574 2414 2629 intercideretur.
2445 2577 2513 2631 Et
2546 2580 2758 2645 reliqua
2792 2581 3036 2650 synodus
3082 2583 3199 2638 sive
3220 2599 3410 2638 errore
3438 2593 3536 2641 aut

1964 2661 2135 2733 metu,
2170 2684 2265 2723 seu
2308 2671 2471 2724 etiam
2503 2672 2811 2740 ignorantia
2848 2675 3083 2743 pedibus
3128 2677 3182 2730 in
3215 2694 3334 2731 eam
3394 2679 3528 2734 ibat.

1967 2762 2079 2816 Soli
2109 2778 2238 2816 vero
2268 2779 2334 2817 ex
2363 2765 2624 2818 omnibus
2653 2765 2947 2837 Dionysius
2969 2768 3136 2831 Albae,
3169 2786 3292 2838 quae
3327 2787 3432 2824 ttna
3464 2788 3532 2826 ex

1966 2856 2406 2924 metropolitunis
2437 2859 2490 2910 in
2536 2859 2687 2913 Italia
2716 2860 2850 2914 urbs
2883 2855 2985 2925 est,
3013 2872 3067 2916 et
3102 2863 3370 2920 Eusebius
3399 2866 3535 2921 Ver-

1964 2949 2220 3003 cellarutn
2252 2949 2504 3019 Ligurize,
2537 2960 2593 3006 et
2640 2953 2902 3009 Paulinus
2933 2955 3284 3012 Trevirorum
3324 2961 3375 3014 in
3410 2960 3535 3015 Gal-

258 3047 556 3111 ιὸόγματος
613 3044 663 3094 οί
704 3041 860 3111 Ἐῷοι
885 3041 982 3109 τὴν
1018 3038 1341 3092 Ἀθανασίου
1395 3038 1718 3105 καθαίρεσιν
1748 3042 1858 3091 ἐπι-

1969 3042 2061 3102 lia,
2097 3043 2361 3111 episc0pi,
2397 3052 2451 3097 et
2478 3056 2743 3111 praterea
2781 3046 3078 3103 Rhodanus
3110 3050 3401 3105 etLucifer
3433 3053 3533 3122 (l),

276 3136 657 3195 σπεύδουσιν,
714 3132 1046 3191 ἀναστάντες
1103 3131 1308 3197 ἐϐόων,
1370 3132 1533 3184 δόλον.
1574 3127 1714 3184 εἶναι
1766 3134 1863 3183 καὶ

270 3231 505 3297 ἀπάτην
553 3226 649 3279 τοῦ
676 3222 1113 3297 Χριστιανισμοῦ
1135 3238 1149 3253 ·
1194 3225 1288 3275 καὶ
1322 3225 1396 3292 μὴ
1427 3222 1498 3276 δι’
1540 3225 1863 3277 ’Δθανάσιον

271 3318 411 3373 εἶναι
438 3321 508 3372 τὸ
539 3321 850 3387 εἰρημένον,
881 3316 996 3371 ἀλλ’
1049 3316 1341 3385 ἐπιϐουλὴν
1387 3316 1493 3369 τῶν
1538 3317 1681 3369 κατὰ
1724 3315 1860 3369 Θεοῦ

270 3412 454 3484 ὀρθῶς
508 3412 680 3463 πάλαι
708 3410 1051 3477 δεδογμένων
1085 3410 1177 3459 τόν
1230 3425 1288 3459 τε
1340 3406 1567 3487 βασιλέα
1602 3408 1697 3460 καὶ
1734 3412 1862 3470 τοὺς

273 3508 342 3559 τὰ
386 3506 612 3573 Ἀρείου
647 3503 982 3572 φρονοῦντας
1013 3506 1272 3555 ἐπινοεῖν.
1308 3502 1475 3555 Ταῦτ’
1507 3501 1794 3567 είπόντων,
1826 3504 1860 3571 ἡ

282 3596 381 3664 μὲν
438 3594 667 3654 σύνοδος
705 3593 947 3645 διελύετο
995 3592 1278 3660 ἄπρακτος
1306 3607 1318 3619 ·
1368 3593 1484 3645 ὅσοι
1531 3591 1576 3645 δ’
1616 3593 1862 3663 ὲπαρῤη-

272 3693 552 3745 σιάσαντο
581 3689 849 3759 ὑπερορίᾳ
879 3687 1356 3756 κατεδικάσθησαν
1388 3686 1670 3756 γενόμενοι
1695 3689 1861 3740 ἐκπο-

272 3782 422 3834 δὼνο
473 3781 596 3850 μεθ’
645 3774 721 3833 ὧν
772 3776 839 3850 ἦν
874 3780 968 3832 καὶ
1028 3777 1260 3845 Ὶλάριος
1304 3781 1332 3831 ό
1380 3781 1698 3833 Ποικτάεων
1733 3780 1858 3833 ὲπί-

273 3891 521 3935 σκοπος.
555 3874 680 3926 Ὀτι
723 3872 768 3925 δ’
802 3871 1009 3939 ἀληθὴς
1058 3872 1208 3924 αἰτία
1238 3867 1306 3939 ἦν
1334 3870 1410 3933 ὡς
1463 3871 1557 3923 ἐπὶ
1589 3873 1859 3939 προφάσει

285 3968 632 4020 Ἀθανασίου
690 3967 829 4020 κατὰ
887 3965 988 4034 τῆς
1048 3967 1283 4026 πίστεως
1345 3967 1378 4036 ἡ
1431 3966 1488 4017 ὲν
1546 3965 1861 4032 Μεδιολάνῳ

276 4060 553 4130 ἡθροιστο
584 4058 823 4123 σύνοδος,
858 4056 1203 4109 πιστώσεται
1232 4057 1301 4108 τὰ
1333 4057 1485 4122 ὲξῆς.
1534 4056 1595 4108 Ἣ
1625 4057 1734 4123 γάρ
1759 4058 1860 4109 οὐκ

271 4156 357 4216 είς
398 4152 628 4222 μακρὰν
674 4150 920 4201 συστᾶσα
972 4149 1113 4200 κατὰ
1146 4146 1344 4198 ταυτὸν
1383 4146 1441 4199 ἐν
1474 4144 1532 4198 τε
1591 4146 1860 4217 ’Δριμίνῳ

272 4246 377 4316 τῆς
447 4243 706 4303 Ἰταλίας.
758 4243 851 4293 καὶ
916 4242 975 4292 ὲν
1032 4239 1326 4309 Σελευκείᾳ
1390 4237 1491 4304 τῆς
1557 4239 1855 4308 Ἰσαυρίας,

271 4334 633 4407 νεωτερίζειν
659 4335 801 4388 κατά
833 4333 942 4384 τῶν
968 4335 1025 4384 ιν
1053 4332 1258 4400 Νικαία
1277 4329 1617 4400 δεδογμένων
1646 4332 1859 4401 ἐπεχεί-

275 4449 488 4504 ρησαν,
508 4430 583 4490 ὡς
609 4428 809 4482 αὐτίκα
841 4427 988 4495 μάλα
1012 4424 1349 4495 δηλώσομεν.
1380 4422 1442 4476 '0
1467 4422 1574 4492 γὰρ
1604 4420 1859 4492 βασιλεὺς

273 4524 627 4593 χαλεπήνας,
648 4521 1035 4586 οίκουμενικὴν
1062 4518 1384 4583 συγκροτεῖν
1415 4515 1671 4568 ἐϐούλετο
1702 4516 1859 4568 σύκο-

271 4618 391 4677 δον,
429 4612 660 4665 ἑλκύσαι
699 4627 757 4662 τε
783 4610 909 4669 τοὺς
937 4608 1038 4675 τῆς
1071 4603 1244 4674 Ἐᾠας
1274 4604 1606 4665 ἐπισκόπους
1651 4606 1860 4668 πάντας

271 4712 359 4771 είς
411 4708 515 4776 τὴν
574 4704 837 4771 ἑσπέραν,
877 4699 1057 4751 πάντα
1110 4714 1170 4749 τε
1227 4696 1409 4750 κάλων
1464 4697 1705 4765 κινῆσαι,
1740 4697 1856 4763 εἴγε

273 4798 528 4855 δύναιτο,
569 4794 642 4849 ὡς
705 4793 773 4845 ἂν
814 4789 1024 4849 πάντας
1070 4784 1383 4857 ὁμόφρονας
1434 4789 1854 4851 καταστήσειεν.

284 4885 456 4937 Ἐπεὶ
490 4883 521 4935 δ
569 4886 649 4943 είς
678 4880 872 4948 σκέψιν
912 4880 975 4931 τὸ
1010 4879 1248 4947 πρᾶγμα
1290 4875 1440 4939 δοὺς,
1470 4875 1711 4945 ἐργῶδες
1741 4875 1857 4928 ἐδό-

272 4994 391 5041 κει,
424 4977 522 5027 καὶ
559 4975 669 5043 γὰρ
722 4971 1056 5042 προσίστατό
1102 4972 1151 5022 oi
1196 4970 1256 5022 τὸ
1284 4968 1384 5038 τῆς
1408 4967 1720 5037 ὁδοιπορίας
1754 4984 1858 5034 μα-

270 5071 422 5138 κρόν
447 5084 463 5099 ο
492 5067 622 5137 μίαν
663 5065 760 5135 μὲν
788 5062 927 5117 εἶναι
955 5063 1055 5125 τὴν
1083 5061 1303 5115 σύνοδον
1340 5060 1619 5123 ἐκέλευεν,
1651 5062 1710 5112 ἐν
1735 5060 1859 5112 δυσὶ

269 5164 321 5215 δ’
375 5160 739 5237 ἀθροισθῆναι
784 5160 898 5221 τοῖς
946 5158 1157 5218 τόποις.
1207 5154 1334 5216 Τοῖς
1390 5154 1489 5222 μὲν
1526 5151 1619 5205 οὖν
1655 5148 1852 5204 Ἐσπε-

272 5254 429 5324 ρξοις
477 5254 533 5303 ἐν
571 5251 840 5321 Ἀριμίνῳ
887 5249 985 5319 τῆς
1036 5247 1269 5309 Ἰταλίας
1321 5245 1657 5312 συνάγεσθαι
1690 5244 1861 5314 προῦ-

268 5359 499 5413 τρεπε⁶
546 5348 672 5406 τοὺς
735 5344 791 5397 δέ
849 5358 912 5411 γε
956 5339 1157 5410 Ἐᾠους
1195 5340 1491 5410 γράμμασι
1546 5340 1689 5391 κατά
1752 5338 1851 5407 τὴν

268 5438 660 5506 Νικομήδειαν
701 5434 1048 5505 ἀψικνείσθαι
1090 5433 1481 5503 προσέταττεν.
1522 5431 1579 5484 Ὀ
1628 5432 1727 5501 μὲν
1757 5429 1852 5485 οὖν

1964 3128 2093 3182 dolo
2164 3132 2530 3198 deprehenso,
2606 3132 2914 3189 Orientales
2981 3141 3267 3194 evertendi
3328 3141 3536 3197 Nicami

1963 3221 2231 3289 dogmatis
2253 3224 2425 3292 gratia
2459 3229 2967 3281 exauctorationem
3001 3232 3280 3286 Athanasii
3317 3249 3532 3303 urgere,

1963 3323 2330 3379 assurgentes,
2370 3316 2651 3369 vociferati
2706 3328 2874 3379 sunt,
2919 3320 3111 3375 fraude
3174 3320 3536 3380 Christianis-

1963 3420 2109 3457 mum
2143 3406 2554 3472 circumveniri,
2574 3423 2751 3476 neque
2769 3412 2952 3464 verbis
2974 3414 3243 3482 ejusmodi
3265 3417 3331 3470 de
3360 3420 3531 3470 Atha-

1964 3501 2121 3554 naslo
2146 3501 2230 3569 agi
2258 3518 2274 3551 :
2308 3501 2405 3555 sed
2442 3501 2672 3557 insidias
2702 3504 2945 3558 decretis
2963 3509 3068 3561 rite
3102 3518 3267 3577 atque
3331 3513 3530 3569 ordine

1962 3592 2030 3645 de
2050 3592 2158 3646 Deo
2177 3592 2304 3645 olim
2326 3592 2507 3651 factis.
2535 3593 2923 3662 imperatorem
2943 3608 3000 3651 et
3023 3599 3256 3655 Arianos
3277 3603 3528 3658 tendere.

1961 3679 2087 3734 Hzec
2117 3680 2210 3734 ubi
2260 3681 2429 3743 dicta,
2469 3692 2775 3745 conventus
2831 3685 2993 3739 rebus
3048 3688 3269 3745 infectis
3318 3694 3530 3749 solutus

1960 3785 2067 3827 est.
2100 3772 2203 3838 Qui
2234 3783 2415 3827 autem
2448 3774 2677 3829 liberius
2706 3785 3037 3833 sententiam
3089 3783 3343 3837 dixerant
3395 3801 3532 3839 con-

1963 3864 2227 3929 demnati,
2250 3867 2425 3920 solum
2451 3867 2628 3920 exsilii
2667 3882 2830 3922 causa
2870 3880 3175 3926 verterunt.
3204 3874 3350 3927 lnlcr
3388 3893 3528 3945 quos

1962 3956 2202 4011 Hilarius
2225 3959 2391 4012 etiam
2417 3958 2842 4016 Pictaviensium
2874 3966 3168 4035 episcOpus
3190 3967 3312 4022 fuit.
3351 3971 3523 4025 Porro

1962 4063 2151 4101 verum
2182 4048 2371 4112 fuisse,
2405 4051 2552 4119 quod
2590 4053 2693 4107 sub
2725 4053 2958 4108 obtentu
2983 4060 3529 4117 nominisAthanasii

1960 4140 2249 4197 adversum
2304 4141 2466 4196 [idem
2509 4141 2783 4198 Nicaanam
2839 4147 3261 4205 Mediulanensis
3287 4156 3533 4223 synodus

1962 4237 2033 4287 sit
2060 4244 2408 4303 congregata,
2454 4249 2518 4287 ea
2564 4251 2686 4303 qua
2743 4247 3054 4304 sequuntur
3108 4242 3533 4302 conﬁrmabant.

1962 4325 2097 4380 Nam
2149 4342 2271 4396 qua:
2309 4327 2472 4396 paulo
2510 4337 2637 4396 post
2681 4331 2871 4384 eodem
2912 4340 3155 4403 tempore
3190 4345 3243 4390 et
3299 4341 3531 4396 Arimini

1965 4423 2019 4475 in
2050 4422 2226 4482 Italia,
2258 4429 2315 4474 et
2344 4421 2683 4477 Seleucitein
2716 4424 2941 4489 Isauria,
2969 4439 3087 4482 acta
3122 4441 3251 4484 sunt
3273 4433 3531 4500 concilia,

1965 4528 2053 4568 res
2105 4529 2274 4568 novas
2322 4524 2515 4568 contra
2576 4515 2823 4571 Niczenas
2876 4522 3299 4576 constitutiones
3341 4525 3531 4579 molita

1963 4611 2116 4665 sunt;
2144 4604 2607 4671 quetnadmodum
2666 4622 2788 4659 mox
2820 4607 3242 4664 deelarabimus.
3288 4611 3533 4680 Impera-

1967 4704 2051 4749 tor
2102 4697 2248 4749 enim
2301 4696 2809 4750 stomachabundus
2867 4702 3174 4756 universale
3231 4706 3527 4761 concilium

1964 4804 2180 4858 cogere,
2213 4797 2267 4841 et
2294 4792 2582 4856 episcopos
2620 4787 2927 4843 Orientales
2955 4808 3145 4848 omnes
3181 4795 3234 4848 in
3257 4800 3526 4852 Oct-iden-

1970 4891 2074 4936 tem
2109 4880 2425 4950 pertrahere
2461 4880 2694 4944 volebat,
2727 4882 2884 4952 761
2915 4874 3132 4939 omnem
3191 4902 3417 4943 movens
3448 4890 3534 4944 fn-

1966 4988 2113 5038 nem,
2134 4972 2177 5025 si
2208 4986 2317 5040 quo
2342 4969 2503 5024 modo
2532 4970 2712 5024 facere
2742 4984 2944 5040 posset,
2980 4983 3040 5028 ιιι
3075 4975 3140 5029 ad
3177 4980 3528 5034 concordiam

1964 5079 2157 5118 omnes
2187 5061 2504 5116 adduceret.
2535 5063 2603 5116 At
2631 5062 2725 5116 ubi
2750 5079 2807 5117 re
2858 5065 3179 5133 deliberata,
3217 5069 3436 5126 dillicile
3471 5071 3527 5126 id

1961 5159 2140 5209 visum
2173 5164 2276 5213 est,
2307 5153 2455 5224 quod
2504 5154 2553 5208 ei
2588 5156 2803 5210 itineris
2834 5157 3207 5230 longinquitas
3256 5164 3527 5228 obstaret,

1961 5262 2125 5302 unam
2162 5249 2409 5317 quidem,
2439 5249 2533 5303 sed
2566 5250 2785 5304 duobus
2828 5251 2882 5303 in
2917 5252 3048 5305 locis
3093 5253 3529 5322 congregandam
3586 5248 3595 5255 “

1956 5354 2078 5393 e~se
2112 5340 2408 5409 synodum,
2452 5341 2661 5393 statuit.
2705 5340 2769 5393 Et
2820 5340 3219 5405 Occidentales,
3272 5341 3529 5407 Arimini,

1957 5430 2264 5485 Orientales
2308 5446 2439 5485 vero
2468 5429 2795 5484 Nicomedize
2820 5433 3138 5495 convenire,
3173 5432 3373 5486 litteris
3406 5434 3524 5488 suis

350 5624 444 5689 (Ι)
481 5625 696 5679 Lucifer
728 5623 995 5682 Sardinia:
1045 5624 1239 5680 insulae
1273 5621 1737 5693 metropolitanus
1776 5620 1980 5676 dicitur
2014 5622 2156 5693 apud
2226 5620 2506 5674 Theudor.
2539 5618 2636 5677 lib.
2698 5636 2758 5687 tt,
2818 5635 2919 5688 cap
2970 5619 3059 5686 15,
3089 5619 3181 5675 ubi
3216 5617 3319 5674 ista
3344 5618 3522 5676 fusius

274 5697 630 5750 referuntur.
