3970 6190
453 289 558 353 359

1671 273 2096 337 NICEPHORI
2132 277 2480 340 CALLISTI

3598 282 3707 346 36')

443 401 630 471 jussit.
664 397 972 467 imperator
1004 406 1135 448 sane
1158 389 1380 460 quidem
1407 387 1516 443 hoc
1559 388 1640 442 sic
1665 389 2018 444 concordiam

2130 392 2384 462 βασιλεὺς
2443 392 2502 444 τὸ
2559 389 2857 460 σύμφωνον
2911 388 3138 444 πάντων
3194 390 3479 460 οίόμενος,
3533 392 3713 458 οὕτως

448 494 695 546 οιιιιιὶυιῐι
719 486 1231 558 spectansinstituit
1251 502 1265 536 :
1288 482 1380 538 sed
1401 481 1692 537 consilium
1721 483 1843 552 ejus
1867 482 2027 536 aliter

447 583 651 638 cessit:
687 581 946 648 utrinque
975 578 1124 632 enim
1153 574 1428 628 dissensio
1457 573 1603 628 inter
1641 587 1735 628 eos
1761 563 2029 628 interces-

447 676 540 729 sit.
568 673 755 742 Neque
780 673 926 724 enim
953 667 1183 721 Arimini
1231 665 1311 735 (l)
1347 665 1440 732 qui
1469 674 1861 728 convenerant,
1893 677 2029 717 con-

450 763 649 822 cordes
667 771 860 815 erant:
893 759 1067 828 majus
1083 767 1267 811 autem
1294 757 1436 810 inter
1463 770 1559 809 eos
1580 755 1670 824 qui
1701 753 2030 808 Nicomedia:

449 860 671 926 quidem
714 871 808 922 per
833 867 992 907 terra:
1022 861 1228 903 motum
1269 849 1424 902 coire
1459 846 1733 915 impediti,
1764 845 2031 900 Seleuciae

448 945 790 1002 verodcinde
812 943 1124 1014 congregati
1157 941 1396 1001 fuerant,
1419 938 1706 993 dissidium
1724 947 1808 993 est
1823 947 2026 991 ortum.

449 1038 718 1090 Caeterum
754 1049 878 1104 quae
913 1032 1208 1100 utrobique
1270 1032 1381 1083 sint
1435 1039 1579 1088 acta.
1635 1028 1864 1083 historia
1914 1029 2028 1097 ipsa

448 1127 713 1195 deinceps
738 1124 1016 1178 ostendet.
1051 1123 1107 1176 In
1145 1119 1434 1190 przesentia
1470 1129 1677 1182 autem,
1709 1133 1832 1188 quae
1861 1119 2030 1173 Atha-

447 1218 606 1271 nasio
658 1233 756 1286 per
783 1231 945 1270 omne
996 1213 1304 1268 Constantii
1367 1210 1656 1280 imperium
1701 1209 2026 1271 acciderint,

450 1307 698 1361 breviter
732 1307 1056 1367 referemus,
1084 1313 1143 1358 ut
1181 1302 1375 1356 ordine
1425 1316 1528 1356 suo
1566 1300 1729 1356 nobis
1769 1299 2030 1370 procedat

453 1397 656 1452 oratio.

989 1529 1215 1588 CAPUT
1241 1529 1482 1585 XXXIV.

451 1644 594 1708 Quas
641 1644 979 1697 calamitates
1031 1645 1124 1697 sub
1176 1645 1398 1713 imperio
1444 1642 1745 1698 Constantii
1802 1659 2028 1712 magnus

523 1715 797 1781 pertulerit
851 1716 1197 1774 Athanasius,
1229 1723 1278 1766 et
1331 1722 1388 1765 ut
1437 1714 1573 1765 Deus
1607 1728 1747 1780 sape
1795 1729 1913 1764 eum
1963 1729 2028 1766 ex

521 1785 768 1836 maximis
789 1784 1026 1836 liberarit
1049 1783 1316 1852 periculis,
1341 1793 1388 1836 et
1421 1794 1474 1835 ut
1505 1785 1549 1835 is
1577 1782 1746 1836 multa
1775 1783 2025 1836 divinitus

523 1855 852 1923 prwviderit.

523 1964 620 2016 Ille
643 1961 916 2031 siquidem
944 1962 1146 2016 auditis
1167 1979 1290 2031 qua:
1315 1964 1582 2019 adversus
1613 1981 1738 2020 eum
1762 1967 1816 2019 in
1846 1965 1989 2033 irnpe
2009 1995 2023 2005 -

455 2055 658 2108 ratoria
692 2054 816 2107 aula
871 2055 1026 2107 facte
1080 2055 1301 2108 fuerant
1352 2057 1898 2117 comminationibus.
1958 2058 2023 2110 ad

454 2157 668 2215 tempus
705 2145 967 2214 profugit.
1002 2145 1208 2200 Deinde
1239 2147 1486 2216 quinque
1514 2149 1607 2216 qui
1636 2147 1739 2201 sub
1768 2163 1833 2201 eo
1865 2158 2022 2200 erant

450 2237 987 2306 episcopisdelectis,
1013 2237 1067 2289 in
1087 2236 1289 2304 quibus
1306 2237 1570 2306 Serapion
1589 2239 1753 2293 etiam
1772 2238 2026 2292 Thurina:-

447 2344 535 2390 us,
568 2329 654 2380 vir
683 2328 775 2381 Dei
815 2328 869 2379 in
917 2325 1110 2394 primis
1135 2342 1347 2389 amans,
1390 2336 1551 2396 atque
1584 2329 1639 2381 in
1671 2328 1907 2381 dicendo
1968 2339 2024 2379 et

444 2419 736 2473 scribendo
760 2418 939 2488 gravis
989 2417 1113 2482 fuit,
1142 2418 1209 2471 ad
1233 2419 1621 2486 imperatorem
1651 2419 1704 2472 in
1724 2419 2022 2473 Occidente

443 2518 736 2580 degentem
769 2526 870 2564 eos
895 2511 1063 2572 misit,
1095 2510 1276 2564 tribus
1294 2525 1360 2564 ex
1389 2509 1621 2564 ecclesia
1659 2526 1756 2565 sua
1799 2511 2025 2581 presby-

449 2603 584 2657 teris
613 2603 850 2656 additis:
893 2601 1010 2670 qui,
1036 2602 1081 2655 si
1117 2601 1169 2655 id
1202 2601 1798 2670 imperatorjussisset,
1823 2603 2020 2656 adver-

446 2695 718 2748 sariorum
758 2692 1062 2747 calumnias
1111 2692 1489 2747 confutarent.
1537 2691 1675 2747 Dum
1715 2694 1791 2747 illi
1851 2695 2020 2762 profi-

441 2789 756 2846 ciscuntur,
795 2784 1142 2852 imperatoris
1191 2784 1398 2839 interea
1435 2785 1656 2847 litterae,
1697 2784 1900 2852 quibus
1953 2785 2021 2837 ad

441 2891 566 2928 eum
595 2875 948 2936 evocabatur,
987 2873 1321 2928 afferuntur.
1353 2875 1549 2942 Itaque
1598 2875 1716 2940 ipse
1747 2889 1871 2928 cum
1905 2875 2020 2928 suis

445 2969 500 3020 in
535 2967 683 3034 gravi
718 2976 837 3020 erat
863 2983 995 3019 cura
1025 2976 1081 3019 et
1105 2966 1497 3020 sollicitudine.
1541 2966 1738 3036 Neque
1761 2967 1909 3020 enim
1939 2976 2022 3020 tu-

444 3066 560 3110 tum
601 3060 734 3111 satis
769 3074 894 3112 esse
915 3059 1165 3127 putabat,
1198 3058 1347 3112 dicto
1382 3057 1732 3126 imperatoris
1791 3060 2018 3114 audieno
2049 3079 2093 3138 ο

445 3159 558 3202 tem
593 3163 736 3211 esse,
771 3149 862 3217 qui
923 3148 978 3201 in
1012 3149 1360 3218 professione
1393 3149 1516 3204 lldei
1567 3151 2020 3207 hallucinaretur.

444 3239 634 3308 Neque
650 3255 780 3293 vero
798 3239 874 3293 illi
903 3255 1110 3293 morem
1127 3256 1235 3294 non
1260 3257 1473 3308 gerere,
1500 3243 1749 3308 periculo
1770 3245 2016 3298 carebat.

440 3333 642 3390 Mansit
671 3348 823 3386 sane.
859 3333 926 3388 Et
978 3333 1071 3401 qui
1116 3334 1339 3388 litteras
1371 3335 1654 3399 attulerat,
1702 3350 1908 3390 vacuus
1951 3339 2032 3401 ad.

445 3426 839 3494 imperatorem
887 3424 1070 3478 rediit.
1124 3424 1298 3478 Porro
1341 3436 1529 3481 aestate
1588 3427 1837 3492 ineunte,
1885 3431 2021 3482 alter

443 3517 617 3579 venit,
640 3533 762 3570 cum
786 3519 1022 3585 quodam
1045 3517 1433 3571 Alexandrinae
1461 3518 1614 3572 urbis
1641 3519 1838 3573 illustri
1866 3521 2019 3578 cive:

440 3619 606 3680 atque
629 3611 676 3664 is
719 3610 1084 3663 Athanasium
1129 3609 1268 3664 urbe
1331 3609 1634 3678 expellere,
1699 3619 1754 3664 et
1810 3612 2019 3665 clerum

443 3702 588 3754 male
634 3700 886 3768 accipere
910 3701 1153 3768 ,iucepit.
1195 3698 1305 3754 Sed
1339 3701 1630 3755 enimcum
1662 3702 1814 3771 plebs
1841 3704 2019 3758 rebel-

441 3792 560 3845 lans
577 3791 683 3844 vim
711 3801 950 3859 pararet.
979 3802 1035 3846 et
1064 3793 1180 3860 ipse
1206 3792 1344 3846 nihil
1373 3792 1639 3856 efﬁceret,
1676 3797 2016 3848 retrocessit.

439 3882 603 3952 762
634 3882 825 3936 Postea
860 3883 1187 3950 intempeSta
1209 3891 1371 3937 nocte
1406 3885 1666 3938 ordinum
1704 3885 1778 3938 ibi
1813 3886 2018 3939 milita-

445 3972 590 4024 rium
614 3971 746 4036 dux,
770 3981 829 4024 ut
854 3973 947 4040 qui
983 3973 1050 4024 ab
1078 3973 1408 4040 imperatore
1455 3975 1656 4029 missus
1682 3975 1886 4038 fuerat,
1936 3986 2020 4029 at-

444 4076 552 4129 que
583 4061 699 4114 hate
722 4062 974 4125 curabat,
1000 4059 1268 4122 Hilarius.
1297 4063 1390 4116 ubi
1422 4063 1785 4116 Athanasium
1833 4063 1887 4116 in
1923 4078 2017 4117 ec-

442 4151 610 4204 clesia
639 4153 908 4204 occultari
967 4150 1261 4210 intellexit,
1309 4167 1432 4218 qua:
1493 4152 1733 4206 Theonae
1791 4151 2016 4215 dicitur,

442 4256 566 4294 cum
593 4241 799 4293 delecta
824 4239 1216 4310 Egyptiorum
1250 4241 1486 4310 fortique
1518 4258 1682 4296 manu
1706 4244 1755 4297 ei
1781 4244 2014 4297 institit:

441 4340 497 4385 et
531 4314 782 4399 postibus
834 4331 1082 4384 elIractis
1119 4333 1174 4384 in
1235 4333 1500 4400 templum
1556 4333 1780 4401 quidem
1830 4335 2014 4398 irruit,

2133 485 2424 538 ἐκέλευεν·
2479 484 2558 546 είς
2618 481 2936 536 τούναντίον
2996 481 3054 536 δὶ
3115 481 3418 551 μεθίστατο
3475 484 3626 554 αὐτῷ
3680 486 3714 537 ὁ

2133 575 2358 638 σκοπός.
2411 574 2523 628 Καὶ
2567 574 2738 642 ἄμφω
2786 572 2846 626 δὲ
2891 571 3018 626 καθ’
3073 572 3302 635 ἑαυτοὺς
3348 573 3708 644 διῃρέθησαν.

2131 663 2269 717 οὔτε
2309 663 2417 734 γὰρ
2440 664 2491 715 οί
2525 663 2584 716 έν
2620 661 2889 730 Ἀριμίνφ
2927 659 3070 728 πρὸς
3113 659 3343 723 ἑαυτοὺς
3398 661 3715 731 συνεφώνη-

2133 771 2234 808 σαν
2260 769 2276 784 ο
2327 753 2516 823 μεῖζον
2545 753 2602 805 δὲ
2636 755 2734 805 καὶ
2759 751 2820 804 τὸ
2851 752 3042 821 ῥῆγμα
3067 753 3115 804 οἱ
3145 752 3204 804 ιν
3230 752 3577 822 Νικομηδείᾳ
3605 757 3710 823 μὲν

2134 843 2345 914 σεισμῷ
2373 843 2734 905 κωλυθέντες,
2767 845 2825 893 ὲν
2855 841 3150 912 Σελευκείᾳ
3197 841 3252 894 δὲ
3289 843 3506 894 ἐκεῖθεν
3548 861 3712 895 συνα-

2132 933 2504 1000 θροισθέντες,
2563 936 2920 1001 εἰργάσαντο.
2962 931 3102 984 Ἀλλ’
3164 933 3314 994 ὅπως
3376 933 3476 998 μὲν
3530 934 3598 984 τὰ
3653 936 3712 984 ὲν

2131 1026 2369 1086 ἐκείναις
2391 1025 2736 1092 γεγένηνται,
2757 1026 2866 1084 τοῖς
2897 1021 3093 1090 ἐφεξῆς
3123 1023 3154 1091 η
3192 1021 3406 1088 ίστορία
3435 1020 3671 1091 δηλώσει
3693 1037 3707 1052 ⁸

2131 1120 2252 1170 νυνὶ
2281 1117 2339 1169 δὲ
2383 1116 2516 1184 περὶ
2557 1117 2666 1170 τῶν
2695 1116 3026 1183 συμϐάντων
3065 1115 3368 1184 Ἀθανασίῳ
3402 1117 3536 1185 παρ’
3579 1117 3709 1184 ὃλην

2129 1213 2231 1280 τὴν
2281 1209 2458 1278 ἀρχὴν
2509 1208 2896 1262 Κωνσταντίου
2950 1207 3326 1276 διαληψόμεθα
3374 1208 3466 1259 διὰ
3508 1208 3571 1260 τδ
3621 1209 3713 1260 εύ-

2133 1301 2420 1363 σύνοπτον,
2448 1301 2539 1354 ἵνα
2574 1300 2702 1353 καθ’
2734 1299 2854 1350 ὁδὸν
2887 1299 3020 1368 ἡμίν
3043 1299 3072 1351 ὁ
3099 1299 3256 1365 λόγος
3294 1297 3482 1368 προΐῃ.

2711 1504 2960 1559 ΚΕΦΑΛ.
3007 1503 3128 1557 ΛΔ’.

2133 1615 2291 1670 Ὀσα
2323 1615 2441 1669 τῶν
2471 1616 2689 1669 δεινῶν
2715 1616 2794 1681 τῷ
2820 1617 3060 1684 μεγάλῳ
3112 1617 3449 1681 Ἀθανασίφ
3481 1616 3712 1685 συνέϐη

2200 1689 2270 1739 ἐν
2298 1687 2373 1754 τῇ
2431 1685 2592 1754 ἀρχῇ
2659 1690 3119 1740 Κωνσταντίου·
3183 1689 3280 1738 καὶ
3319 1687 3406 1738 ὅτι
3433 1688 3498 1738 τὸ
3534 1687 3712 1741 Θεῖον

2201 1759 2391 1810 αὐτὸν
2426 1756 2726 1821 πολλάκις
2779 1757 2899 1809 τῶν
2921 1755 3140 1810 δεινῶν
3183 1757 3556 1826 ὑπεξήγαγε,
3588 1758 3712 1810 -και

2200 1829 2365 1890 θείας
2394 1827 2635 1895 μετεῖχε
2663 1826 3083 1896 προγνώσεως.

2211 1941 2449 2003 Ἐκεῖνος
2492 1942 2605 2013 γὰρ
2638 1941 2946 2012 πυθόμενος
2976 1943 3078 2014 τὴν
3123 1944 3181 1995 ὲν
3209 1943 3502 2012 βασιλείοις
3534 1959 3711 1998 κατα-

2132 2036 2538 2104 σκευαζομένην
2590 2035 2736 2105 αύτῷ
2767 2035 3022 2105 ἀπειλὴν,
3055 2037 3221 2104 ἔφυγε
3275 2038 3375 2106 μὲν
3412 2039 3551 2106 προς
3585 2055 3711 2090 και·

2131 2130 2257 2195 ρὸν·
2299 2124 2418 2179 εἶτα
2468 2130 2632 2180 πέντε
2679 2129 2790 2182 τῶν
2844 2128 2935 2182 ὑπ’
2989 2131 3152 2182 αὑτὸν
3202 2131 3617 2200 ἐπιλεξάμενος,
3649 2134 3710 2184 ἐν

2125 2216 2208 2282 οἷς
2233 2215 2302 2288 ἦν
2334 2221 2430 2272 καὶ
2451 2220 2740 2290 Σεραπίων
2772 2223 2800 2273 ὀ
2845 2222 3142 2290 Θμουαῖος,
3176 2223 3318 2292 ἀνὴρ
3359 2223 3618 2294 θεοφιλὴς
3649 2225 3711 2287 ἐς

2125 2310 2192 2360 τὰ
2231 2309 2488 2376 μάλιστα,
2517 2311 2613 2363 καὶ⁵
2654 2312 2836 2378 λέγειν
2889 2313 2980 2363 καὶ
3035 2314 3272 2381 γράφειν
3326 2315 3520 2378 δεινὸς,
3570 2316 3714 2381 πρὸς

2128 2401 2354 2467 βασιλέα
2414 2403 2621 2472 πέμπει
2669 2408 2734 2472 τῇ
2792 2406 3002 2476 ἑσπέρᾳ
3059 2407 3336 2475 διάγοντα,
3398 2409 3496 2462 καὶ
3553 2413 3710 2480 τρεῖς

2127 2492 2476 2561 παραζεύξας
2525 2495 2934 2564 πρεσϐυτέρους
2989 2498 3138 2566 αὐτῷ
3197 2501 3297 2568 τῆς
3355 2502 3478 2552 κατ’
3539 2501 3712 2553 αὑτὸν

2125 2586 2443 2654 ἐκκλησίας,
2475 2591 2522 2640 εἰ
2556 2589 2653 2658 μὲν
2682 2587 2940 2658 βασιλεὺς
2967 2591 3180 2643 κελεύοι
3210 2592 3712 2662 άντιστησομένους

2125 2681 2244 2742 ταῖς
2275 2679 2385 2731 τῶν
2419 2682 2762 2760 ὑπεναντίων
2811 2679 3112 2746 διαϐολαῖς.
3158 2685 3249 2738 Ἑν
3285 2686 3394 2753 δσῳ
3431 2685 3476 2738 δ’
3507 2688 3710 2739 ἐκεῖνοι

2125 2772 2418 2834 ἀπέπλεον,
2466 2775 2769 2844 γράμματα
2834 2778 2897 2828 ἑκ
2948 2775 3211 2844 βασιλέως
3266 2778 3459 2845 ἐφοίτα
3509 2777 3705 2830 τοῦτον

2128 2862 2606 2932 μετακαλούμενα.
2643 2866 2706 2918 Οί
2756 2867 2812 2918 δὲ
2842 2883 2907 2919 πε
2920 2867 2971 2936 pl.
2999 2868 3163 2920 αὑτὸν
3204 2868 3488 2935 ὲναγώνιοι
3521 2864 3666 2937 ἦσαν
3688 2885 3703 2898 ·

2124 2955 2246 3008 οὐδὲ
2277 2957 2387 3026 γὰρ
2425 2957 2703 3026 τάσφαλὲς
2733 2959 2984 3028 ἐνόμιζεν
3041 2960 3187 3030 ἔχειν
3235 2960 3562 3029 πειθόμενος
3605 2961 3708 3029 βα·

2126 3047 2263 3099 σιλεῖ
2318 3047 2675 3122 σφαλλομένῳ
2727 3051 2856 3119 περὶ
2915 3051 3014 3118 τὴν
3062 3051 3272 3106 πίστιν.
3313 3053 3453 3104 Ἀλλ’
3489 3053 3617 3106 οὐδὲ
3648 3055 3710 3107 τὸ

2123 3137 2374 3189 ἀπειθεῖν
2402 3138 2686 3190 ἀκίνδυνον
2707 3133 2797 3209 ἦν.
2828 3137 3060 3209 Ἐμενεν
3087 3140 3180 3194 οὖν
3207 3157 3222 3171 °
3254 3144 3349 3194 καὶ
3378 3145 3406 3195 ὁ
3434 3143 3503 3195 τὰ
3525 3146 3712 3214 γράμ-

2126 3245 2275 3297 ματα
2331 3230 2536 3300 φέρων,
2579 3231 2736 3294 κενδς
2781 3232 3054 3286 ἐπάνεισι.
3089 3233 3296 3302 Θέρους
3341 3235 3399 3288 δὲ
3447 3237 3710 3302 ἐπιγενο-

2127 3321 2315 3391 μένου,
2350 3324 2538 3392 ’έτερος
2586 3320 2689 3392 ἧκε
2742 3328 2881 3395 μετὰ
2920 3325 3030 3380 τῶν
3060 3328 3118 3380 έν
3150 3332 3216 3398 τῇ
3264 3330 3420 3381 πόλει
3459 3346 3708 3398 περιφα-

2121 3413 2366 3475 νῶν,κα1
2399 3415 2590 3468 τοῦτον
2612 3417 2714 3482 τῆς
2750 3418 2956 3479 πόλεως
2978 3417 3209 3488 ῆλαυνε·
3243 3421 3339 3472 καὶ
3372 3421 3464 3473 τὸν
3497 3422 3705 3489 κλῆρον

2123 3505 2312 3568 κακῶς
2357 3505 2606 3560 διετίθει.
2645 3507 2754 3562 Τοῦ
2802 3510 2858 3561 δὲ
2906 3508 3040 3562 λαοῦ
3073 3511 3423 3580 νεωτερίζειν
3467 3512 3709 3566 ἐπιϐάλ-

2121 3592 2306 3654 λοντος
2355 3594 2497 3664 ἤδη,
2549 3594 2755 3657 ἀνύσας
2815 3596 2970 3648 οὐδὲν
3025 3599 3120 3650 καὶ
3181 3599 3347 3662 αὐτὸς
3412 3600 3706 3671 ἀνεχώρει.

2125 3686 2360 3738 Ἔπειτα
2421 3686 2616 3749 νυκτὸς
2665 3688 2808 3754 ἀωρὶ
2862 3688 2962 3740 σὺν
3019 3688 3121 3740 οὐκ
3173 3689 3389 3755 ἀγεννεῖ
3430 3691 3711 3762 Αίγυπτίᾳ

2121 3779 2411 3845 ἐφίσταται
2467 3779 2732 3847 φάλαγγι.
2783 3780 2895 3832 Καὶ
2956 3781 3079 3832 ἐπεὶ
3149 3781 3313 3849 μάθοι
3380 3783 3709 3836 ’Δθανάσιον

2123 3869 2466 3940 κρύπτεσθαι
2499 3871 2644 3923 κατὰ
2687 3870 2788 3940 τὴν
2839 3871 3154 3941 ἐκκλησίαν,
3187 3874 3221 3942 ἢ
3253 3873 3348 3926 τοῦ
3388 3875 3576 3928 Θεωνᾶ
3619 3876 3710 3928 λέ-

2121 3978 2299 4029 γεται,
2331 3964 2358 4013 ὁ
2390 3961 2693 4028 στρατηγὸς
2736 3961 2988 4032 Ὶλάριος,
3014 3964 3073 4027 ὃς
3109 3965 3172 4016 ὲκ
3223 3965 3486 4034 βασιλέως
3517 3968 3704 4038 ὲπέμ·

2123 4069 2276 4112 πετο.
2305 4053 2614 4121 ἀνατρέψας
2641 4054 2736 4115 τὰς
2761 4053 2954 4122 θύρας,
2987 4057 3161 4127 εἰσῄει
3194 4057 3296 4127 μὲν
3322 4060 3474 4122 εἴσω,
3496 4060 3704 4128 ἥκιστα

2120 4141 2177 4194 δὲ
2228 4142 2320 4193 τὸν
2395 4143 2716 4196 ’Λθανάσιον
2772 4145 3178 4214 κατελάμϐανε.
3235 4149 3372 4202 Θεοῦ
3430 4152 3539 4221 γὰρ
3605 4152 3708 4222 τὴν

2123 4234 2310 4300 ἔφοδον
2348 4236 2823 4303 προμηνύσαντος,
2857 4237 3031 4307 βραχύ
3063 4256 3116 4291 τι
3144 4241 3338 4309 χρόνον
3391 4242 3498 4311 πρὸ
3548 4245 3707 4295 ὲκεί-

2124 4343 2228 4377 νων
2276 4325 2446 4396 ἐξῄει,
2499 4328 2626 4390 τοὺς
2675 4327 2730 4381 δὲ
2805 4330 3142 4399 στρατιώτας
3199 4332 3552 4402 ὲφυστερίσαι
3604 4339 3708 4406 τὴν

441 4421 537 4475 sed
561 4421 918 4476 Athanasium
951 4422 1246 4490 quzesitum
1279 4439 1384 4476 non
1414 4425 1855 4492 comprehendit.
1923 4427 2017 4480 Di-

2130 4411 2290 4465 αὐτοῦ
2325 4412 2610 4482 σύλληψιν.
2640 4415 2814 4483 Λόγος
2853 4417 2897 4470 δ’
2945 4418 3058 4487 ἔχει
3093 4420 3327 4483 πολλοὺς
3379 4423 3475 4476 καὶ
3513 4424 3709 4492 διαφό-

441 4512 650 4567 vinitus
679 4515 825 4567 enim
849 4515 900 4567 ei
925 4513 1253 4583 irruptionis
1301 4512 1614 4580 huiusmodi
1643 4515 1878 4570 consilio
1907 4532 2019 4569 ma-

442 4603 719 4667 nifestato,
757 4606 918 4673 paulo
952 4618 1078 4659 ante
1109 4605 1238 4658 inde
1274 4606 1544 4670 esiverat,
1603 4607 1802 4660 milites
1833 4618 2017 4661 autem

444 4695 653 4748 tardius
675 4696 738 4747 ad
773 4694 1357 4764 comprehendendum
1400 4711 1527 4750 eum
1555 4706 1841 4750 Venerant.
1870 4697 2018 4751 Diei-

442 4797 532 4842 tur
561 4804 692 4843 sane
717 4789 808 4843 hic
827 4789 912 4843 vir
934 4789 1104 4843 multa
1127 4798 1183 4843 et
1213 4789 1428 4844 diversa
1452 4789 1870 4859 divinojudicio
1890 4807 2018 4845 eva-

439 4881 576 4933 sisse
610 4880 876 4948 pericula.
907 4879 1063 4946 Quod
1100 4896 1338 4948 namque
1392 4881 1504 4934 Deo
1553 4891 1707 4936 esset
1740 4898 2006 4951 perquam

442 4973 680 5034 cliarus,
713 4987 832 5039 qua;
873 4971 1055 5024 futura
1111 4980 1290 5034 erant,
1345 4971 1532 5026 itidem
1580 4981 1639 5025 ut
1699 4975 2014 5040 praesentia,

359 5057 384 5070 ”
443 5075 539 5130 per
560 5061 787 5128 gratiam
819 5062 912 5114 Dei
935 5062 1284 5130 providebat.
1311 5063 1479 5116 Multa
1510 5072 1659 5116 certe
1687 5063 2011 5118 admiranda

442 5147 756 5202 futurorum
789 5150 1158 5218 cognitionem
1177 5151 1296 5202 viro
1314 5151 1365 5205 ei
1383 5160 1791 5207 contestantur.
1829 5153 2014 5207 Primo

441 5255 678 5310 namque
720 5256 865 5295 anno
897 5241 1234 5304 Constantis,
1293 5253 1348 5298 et
1396 5242 1723 5298 ConStantio
1787 5244 2016 5298 insidias

438 5333 491 5387 ei
543 5343 814 5394 struente.
875 5347 997 5387 cum
1076 5332 1201 5403 fuga
1261 5334 1363 5387 sibi
1425 5336 1829 5399 consuluisset,
1871 5336 2014 5404 apud

439 5433 628 5478 notum
650 5425 946 5495 quemdam
981 5424 1262 5478 hominem
1298 5425 1353 5479 in
1379 5427 1744 5481 subterraneo
1781 5436 1836 5481 et
1875 5428 2012 5480 cali-

440 5513 633 5582 ginoso
658 5529 1022 5585 specu,aquaa
1075 5513 1209 5568 olim
1247 5515 1516 5578 cisterna,
1569 5513 1753 5581 latuit,
1795 5521 2016 5568 neruine

515 5693 591 5764 (l)
625 5695 842 5750 Sozom.
873 5696 970 5751 lib.
1005 5713 1078 5762 tv,
1117 5712 1237 5767 cap.
1273 5697 1326 5762 9,
1363 5697 1451 5749 10.

2125 4520 2253 4572 ρους
2287 4504 2567 4566 κινδύνους
2593 4505 2760 4569 θείοις
2793 4507 3114 4577 μηνύμασιν
3143 4512 3444 4580 ἀποδρᾶναι
3475 4515 3570 4566 τὸν
3605 4516 3708 4570 ἄν-

2121 4596 2259 4664 δρα·
2309 4597 2460 4664 φίλος
2509 4601 2618 4668 γὰρ
2658 4599 2734 4652 ὢν
2776 4602 2896 4670 Θεῷ
2950 4604 3204 4672 μάλιστα,
3233 4605 3310 4666 ὡς
3361 4605 3597 4670 ἐνεστὼς
3643 4611 3711 4661 es

2125 4690 2319 4758 μέλλον
2370 4691 2518 4762 ἑώρα
2563 4695 2925 4763 χαριζομένου
2977 4693 3112 4748 Θεοῦ
3140 4713 3155 4728 ·
3191 4695 3364 4750 πολλὰ
3411 4700 3520 4770 γὰρ
3569 4699 3707 4752 θαυ-

2125 4782 2310 4850 μαστὰ
2339 4784 2440 4851 τὴν
2480 4783 2592 4836 τῶν
2641 4785 2922 4854 ἐσομένων
2973 4787 3178 4855 γνῶσιν
3222 4791 3595 4861 ἐπιμαρτυρεῖ
3623 4792 3707 4860 τῷ

2121 4877 2276 4945 ἀνδρί
2306 4893 2319 4906 ·
2356 4877 2436 4944 τῷ
2462 4881 2568 4947 γὰρ
2601 4877 2808 4948 πρώτῳ
2859 4881 2972 4932 ἑτει
3003 4881 3367 4945 Κώνσταντος
3409 4883 3505 4937 τοῦ
3540 4885 3703 4936 Κων-

2123 4968 2377 5020 σταντίου
2412 4969 2679 5021 ἐπίϐουλα
2731 4972 3056 5039 φρονοῦντος
3091 4975 3259 5044 αύτῷ,
3288 4978 3440 5045 φυγῇ
3489 4977 3679 5046 χρησᾶ

2124 5075 2306 5126 μενος,
2341 5059 2604 5128 γνωρίμῳ
2657 5062 2765 5112 τινὶ
2821 5063 3256 5130 κατεκρύπτετο,
3307 5067 3366 5117 ὲν
3409 5068 3698 5134 καταγείῳ

2121 5149 2335 5218 ζοφερῷ
2387 5152 2675 5220 οἰκήματι.
2723 5151 2752 5204 ὃ
2799 5153 2968 5207 πάλαι
3018 5156 3148 5207 ποτὲ
3196 5158 3426 5225 ταμεῖον
3481 5157 3698 5209 ὑδάτων

2119 5242 2420 5310 ἐτύγχανεν
2461 5243 2540 5297 δν.
2573 5245 2766 5304 Οὐδεὶς
2817 5248 3002 5312 μέντοι
3051 5247 3296 5315 συνέγνω
3345 5247 3488 5316 πλὴν
3533 5249 3702 5320 θερα-

2121 5350 2309 5396 παινα,
2361 5336 2394 5405 ἢ
2454 5336 2620 5406 πιστὴ
2673 5337 2928 5402 δοκοῦσα,
2987 5341 3100 5402 τοῖς
3154 5341 3296 5392 κατὰ
3343 5341 3536 5410 χρείαν
3583 5343 3700 5413 διη-

2122 5424 2348 5477 κονεῖτο.
2395 5423 2550 5477 Ἐπεὶ
2583 5425 2639 5477 δὲ
2675 5426 2878 5496 σπουδὴ
2933 5429 3226 5497 προῦκειτο
3269 5433 3380 5493 τοῖς
3426 5432 3701 5492 ἐναντίοις

2120 5517 2210 5566 τὴν
2253 5516 2426 5585 ἀνδρα
2476 5517 2733 5588 ζωγρεῖν,
2765 5519 2961 5587 ἔμελλε
3014 5522 3071 5574 δὲ
3124 5522 3317 5593 δώροις
3366 5523 3702 5598 καταπροδί-
