3970 6190
233 338 308 400 {ﬁl
474 381 489 408 ,
1094 324 1692 388 ECCLESIASTIC/E
1732 319 2125 382 HISTORI.’E
2168 320 2316 378 LIB.
2365 319 2466 379 1X.

3321 317 3426 378 3'32

228 452 385 508 δοσθαι
411 448 539 519 πρδς
561 447 659 516 τῆς
692 445 943 500 διακόνου
966 445 1245 516 χρήμασιν
1267 445 1478 498 ἐκεῖθεν
1504 442 1754 511 ὑποφθα-

1884 447 2062 492 ινεειοι·
2113 435 2368 491 ancillam
2401 432 2666 488 conscio:
2702 444 2825 501 quae
2861 430 3009 500 quod
3068 428 3244 484 ﬁdelis
3307 441 3430 484 esse

229 545 424 615 ρείσης·
461 541 670 608 φθάσαν
719 537 780 592 τὺ
815 537 992 602 Θεῖον,
1021 538 1122 607 τὴν
1168 537 1464 606 ἐπιϐουλὴν
1509 537 1756 605 κατεμή-

224 653 343 690 ννεν.
379 634 434 687 ὀ
461 633 502 686 δ’
527 631 767 702 ἀλλαχοῦ
796 631 1120 703 μετεχώρει.
1160 631 1373 700 Ἐκείνη
1405 630 1452 683 δ’
1483 629 1560 694 ώς
1586 629 1757 700 ψευδῆ

227 730 316 781 τῶν
337 725 598 779 δεσποτῶν
633 725 997 789 κατειποῦσα,
1033 723 1254 793 πληγὰς
1282 723 1556 792 ἐλάμϐανε
1577 736 1592 752 ·
1625 723 1759 774 πολὺ

224 819 315 888 γὰρ
335 813 397 885 ἦν
418 816 474 868 τδ
500 816 674 868 δεινὸν
701 819 813 880 τοῖς
840 815 1144 886 φωραθεῖσι
1179 814 1444 885 κρύπτειν
1473 813 1566 866 τὸν
1599 811 1759 866 Ἀθα-

227 910 406 971 νάσιον,
439 905 509 967 ώς
549 907 672 967 ταῖς
724 905 1030 974 βασιλικαῖς
1075 906 1414 974 προσταγαῐς
1463 902 1764 972 ἀντιπράτο

226 1017 374 1062 τουσι,
405 1000 493 1051 καὶ
523 997 583 1051 τὺ
625 997 1010 1051 πολιτεύεσθαι
1057 997 1241 1061 καλῶς
1268 995 1616 1065 ἀφανίζουσι.
1653 994 1766 1049 Καὶ

225 1092 384 1144 πολλοὶ
402 1091 486 1143 διὰ
515 1091 701 1143 τοῦτον
730 1073 920 1143 δεινῶν
950 1090 1343 1160 ἐπειράθησαν.
1371 1087 1764 1158 Παραπλήσιον

223 1185 271 1237 δέ
314 1201 359 1235 τι
409 1184 498 1235 καὶ
545 1182 673 1236 ἄλλο
718 1183 895 1252 τούτῳ
951 1180 1250 1250 ἐπισυνέϐη
1279 1193 1294 1210 ·
1348 1181 1412 1250 τῇ
1461 1180 1571 1248 γὰρ
1625 1180 1765 1250 αὐτῇ

226 1277 355 1345 σιτία
379 1276 468 1327 ἐπὶ
496 1275 777 1341 Αἴγυπτον
806 1273 970 1344 δῆθεν
996 1273 1237 1342 φεύγων,
1281 1275 1374 1326 τὸν
1414 1273 1608 1326 Νεῖλον
1644 1273 1772 1326 ἀνέ-

224 1367 382 1419 πλεεν.
414 1365 562 1418 Ἐπεὶ
579 1365 762 1431 amb»;
779 1365 1022 1436 δρασμὸν
1053 1363 1556 1434 καταμηνυσάντων
1583 1365 1767 1428 τινῶν,

223 1459 472 1520 ἐδιώκετο,
505 1456 717 1510 ἄνωθεν
755 1447 818 1509 τδ
865 1456 1156 1524 γινόμενον
1199 1456 1458 1525 ἐμυεῖτο·
1504 1455 1600 1509 καὶ
1645 1456 1772 1518 τοὺς

223 1553 492 1620 πλωτῆρας
527 1550 622 1603 ἐπὶ
649 1551 750 1616 τὴν
799 1548 1213 1619 Ἀλεξάνδρειαν
1263 1549 1467 1620 μᾶλλον
1495 1549 1771 1620 ἀναστρέ-

223 1661 328 1712 φειν
363 1645 631 1697 ἐκέλευεν.
667 1640 1032 1712 Παραμείψας
1084 1640 1141 1694 δὲ
1190 1641 1319 1704 τοὺς
1371 1639 1668 1703 διώκοντας
1695 1638 1773 1710 τῷ

223 1735 555 1800 κατάγεσθαι,
598 1733 676 1802 τῷ
723 1733 826 1802 τῆς
881 1733 1090 1795 πόλεως
1133 1732 1312 1802 ὁμίλῳ
1342 1733 1628 1804 συμμιγὴς
1661 1733 1773 1785 διε-

222 1824 427 1877 λάιιθανε
478 1825 581 1876 καὶ
619 1822 874 1887 ἐσώζετο.
921 1823 1016 1876 Ἐκ
1062 1824 1246 1876 τοίνυν
1276 1822 1382 1876 τῶν
1426 1823 1690 1878 τοιούτων
1711 1824 1772 1876 οὑ

225 1916 342 1984 πρὸς
377 1915 482 1968 τῶν
537 1915 867 1983 ἑτεροδόξων
919 1914 1100 1982 μόνον,
1137 1915 1274 1968 ἀλλὰ
1323 1917 1419 1968 καὶ
1466 1916 1619 1986 παρὰ
1666 1916 1774 1970 τῶν

230 2005 605 2075 Ἑλληνιστῶν,
660 2006 736 2070 ώς
777 2008 1054 2075 γοητείαις
1115 2008 1398 2078 χρώμενος
1433 2009 1772 2064 διεϐάλλετο·

223 2099 435 2168 καὶγὰρ
469 2101 599 2152 ποτ’
633 2101 729 2154 ἐπὶ
777 2099 876 2170 τὴν
923 2101 1084 2154 πόλιν
1129 2103 1412 2172 προίόντος
1469 2103 1660 2168 αὐτοῦ,
1687 2121 1778 2157 κο-

225 2191 351 2261 ρώνη
397 2194 489 2246 τὸν
541 2193 685 2263 ἀέρα
738 2193 1102 2263 διανηχομένη
1149 2195 1438 2265 ἀνέκραξε.
1475 2195 1688 2266 Πλῆθος
1718 2195 1776 2248 δέ

224 2285 475 2349 συνεστώς
516 2286 814 2356 Ἑλλήνων,
841 2287 1305 2351 ἁποσκώπτοντες
1335 2286 1538 2360 οἷάπερ
1585 2290 1778 2360 γόητα,

220 2376 481 2445 διξρώτων
533 2376 595 2431 τι
647 2378 715 2432 ἂν
767 2380 800 2448 ἡ
859 2380 1077 2449 κορώνη
1119 2379 1330 2450 λαλοίη.
1366 2381 1470 2434 Τὸν
1509 2381 1556 2434 δ’
1592 2383 1779 2454 ἠρέμα

222 2471 415 2523 ἀστεῖον
465 2471 566 2523 καὶ
625 2470 771 2538 μάλα
831 2471 929 2542 ἡδὺ
992 2471 1318 2540 γελάσαντα,
1379 2475 1554 2544 Κρᾶς.
1616 2477 1778 2544 φησι,

222 2561 378 2630 λέγει·
427 2563 455 2616 ὃ
498 2555 572 2632 τῇ
616 2564 906 2632 Ῥωμαίων
949 2566 1100 2636 φωνῇ
1147 2565 1404 2635 σημαίνει
1445 2567 1508 2619 τὸ
1561 2563 1778 2636 αὔριον.

224 2655 520 2708 Δίνίσσεται
555 2655 604 2707 δ’
645 2655 720 2717 ώς
765 2657 799 2726 ἠ
837 2654 1028 2724 αύριον
1056 2656 1187 2725 ὑμῖν
1228 2657 1287 2708 ού
1320 2656 1500 2720 καλῶς
1532 2659 1780 2727 ἀπαντή-

226 2761 327 2800 σει·
355 2749 648 2819 κέλευσμα
698 2748 809 2818 γὰρ
847 2751 914 2803 ἐκ
947 2749 1214 2820 βασιλέως
1253 2745 1410 2821 ἧκον,
1446 2751 1546 2822 τὴν
1587 2750 1782 2822 ἑορτὴν

227 2839 363 2906 ὑμῶν
387 2841 613 2908 ἐφέξει·
644 2839 902 2909 mmor;
947 2842 1014 2894 τὰ
1054 2843 1154 2912 τῆς
1196 2842 1587 2914 λαμπρότητος
1626 2842 1782 2896 ἔσται

224 2933 358 2996 ὑμῖν.
389 2934 461 2987 Τὸ
491 2934 540 2988 δ’
581 2937 798 2989 ἀστεῖον
841 2935 1159 2988 Ἀθανασίου
1200 2937 1378 3006 πέρας
1405 2932 1551 3008 εἶχεν
1579 2936 1743 3000 εὐθύς
1764 2953 1778 2968 ·

227 3023 468 3090 βασιλέως
495 3025 614 3094 γὰρ
647 3027 1125 3094 καταφοιτήσαντα
1147 3028 1454 3096 γράμματα
1482 3028 1783 3098 παρηγγύα

1861 529 2167 592 videretur,
2229 527 2296 580 ad
2352 541 2484 581 usus
2561 525 2902 581 necessarios
2953 524 3004 578 ei
3065 520 3421 578 inscrviebat.

1861 618 2156 688 Postquam
2191 626 2378 672 autem
2415 618 2469 670 in
2527 615 2633 671 hoc
2660 631 2860 685 magno
2899 614 3086 669 studio
3120 611 3426 668 adversarii

1863 712 2188 774 incubuere.
2219 720 2280 765 ut
2305 713 2484 765 virum
2506 709 2687 763 vivum
2713 721 2995 778 caperem,
3043 716 3099 762 et
3125 706 3322 761 ancilla
3344 721 3433 770 ea,

1863 805 2097 878 pecunia
2123 805 2193 860 ab
2225 803 2333 861 illis
2366 811 2645 872 corrupta,
2690 800 2943 856 mercede
2982 815 3110 855 eum
3144 798 3435 868 proditura

1863 910 2022 955 erat:
2059 899 2402 969 praeveniens
2455 897 2600 951 Deus
2632 895 2863 950 insidias
2895 895 2947 949 ei
3016 893 3312 947 indicavit.
3361 891 3437 946 Ita

1867 994 1984 1062 ipse
2009 991 2119 1045 alio
2145 990 2452 1045 concessit:
2477 1001 2529 1043 at
2555 990 2645 1043 illa
2673 997 2729 1042 ut
2749 1003 2870 1058 qua:
2900 998 3091 1042 contra
3117 988 3284 1042 heros
3307 1001 3439 1041 suos

1867 1083 2004 1138 falsa
2038 1083 2286 1146 dixisset,
2318 1083 2506 1153 plagas
2555 1081 2878 1150 reportavit.
2917 1079 3110 1134 Gravis
3165 1079 3440 1149 siquidem

1868 1177 1952 1232 eis
1985 1175 2285 1231 constituta
2303 1175 2484 1230 fuerat
2507 1189 2690 1244 pinna,
2723 1173 2817 1244 qui
2851 1168 3218 1226 Athanasium
3256 1171 3442 1226 celare

1871 1265 2143 1336 comperti
2175 1265 2426 1332 fuissent,
2460 1275 2519 1320 ut
2551 1267 2646 1334 qui
2685 1274 2879 1319 contra
2909 1264 3270 1333 imperatoria
3292 1263 3445 1333 jussa

1872 1349 2207 1422 niterentur,
2229 1366 2286 1411 et
2313 1365 2515 1412 rectam
2552 1355 2872 1426 reipublicae
2899 1355 3441 1411 administrationem

1873 1451 2152 1505 tollerent.
2200 1449 2352 1503 Multi
2406 1464 2538 1504 sane
2586 1464 2654 1502 eo
2687 1448 2909 1503 nomine
2969 1463 3058 1502 res
3095 1448 3262 1502 duras
3321 1456 3450 1503 sunt

1874 1543 2110 1612 experti.
2133 1541 2419 1598 Persimile
2448 1542 2710 1611 quiddam
2741 1541 2851 1595 alio
2873 1556 3092 1610 quoque
3123 1541 3176 1595 ei
3204 1549 3448 1610 tempore

1876 1635 2082 1690 evenit.
2118 1632 2381 1690 Eamdem
2411 1650 2650 1701 namque
2678 1636 2748 1690 ob
2779 1650 3002 1690 causam
3036 1633 3093 1688 in
3147 1632 3444 1703 Egyptum

1879 1727 2218 1798 profugiens,
2268 1725 2503 1781 adverso
2544 1713 2834 1796 navigalﬁt
2876 1725 3022 1782 Nilo.
3073 1724 3209 1780 Cum
3263 1732 3446 1778 autem

1875 1820 1999 1890 fuga
2030 1820 2150 1890 ejus
2179 1819 2444 1881 indicata,
2489 1818 2712 1888 quidam
2765 1833 2890 1874 cum
2948 1827 3444 1889 persequerentur,

1875 1912 2095 1966 coalitus
2119 1910 2174 1965 id
2205 1911 2485 1982 cognovit,
2509 1920 2566 1965 et
2585 1920 2784 1966 nautas
2807 1921 2972 1979 atque
3001 1919 3254 1964 vectores
3286 1909 3450 1963 Alex-

1877 2005 2123 2060 andriam
2150 2004 2332 2059 redire
2351 2005 2517 2075 jussit
2545 2020 2559 2056 :
2593 2014 2649 2058 et
2697 2004 2752 2058 in
2783 2003 3050 2058 descensu
3085 2001 3450 2071 persecutori~

1879 2100 1980 2154 bus
2011 2100 2126 2153 suis
2167 2100 2482 2167 praeteritis,
2516 2097 2703 2167 populi
2755 2096 2954 2151 deinde
2984 2096 3154 2150 turba:
3199 2095 3252 2148 in
3312 2094 3450 2148 urbe

1881 2192 2342 2263 frequentissima
2398 2190 2621 2254 mistus,
2682 2190 2845 2244 latuit
2881 2190 3296 2260 incolumisque
3322 2204 3450 2259 per-

1881 2284 2464 2354 mansit.Quapr0pter
2481 2299 2590 2338 non
2611 2283 2788 2337 solum
2816 2282 3030 2347 Ariani,
3061 2283 3156 2337 sed
3182 2291 3240 2336 et
3273 2281 3446 2338 Graeci

1879 2386 2045 2447 atque
2080 2377 2314 2448 gentiles
2341 2391 2491 2441 eum,
2521 2385 2582 2430 ιιι
2627 2390 2846 2445 magum
2881 2384 2937 2429 et
2971 2373 3450 2444 praestigiatorem,

1882 2470 2021 2524 tales
2071 2469 2142 2524 ob
2173 2482 2265 2523 res
2299 2467 2576 2523 criminati
2637 2475 2788 2520 sunt.
2844 2466 3156 2536 Aliquando
3211 2482 3452 2536 namque

1883 2563 2078 2618 urbem
2105 2576 2172 2617 eo
2195 2561 2557 2632 ingrediente,
2589 2561 2779 2615 cornix
2828 2560 2883 2614 in
2909 2574 3037 2613 aere
3066 2558 3253 2613 volans
3279 2558 3453 2612 croci.

1884 2654 2068 2709 tabat:
2100 2663 2157 2708 et
2185 2652 2501 2709 Graecorum
2530 2668 2652 2722 quae
2695 2651 2808 2705 illic
2839 2651 3002 2720 763
3043 2650 3231 2704 stabat
3265 2649 3452 2710 turba.

1883 2755 2186 2801 scommate
2243 2760 2371 2799 eum
2441 2745 2611 2799 veluti
2664 2744 3025 2812 impostorem
3086 2755 3453 2811 persequens.

1883 2837 2150 2908 quidnam
2180 2835 2374 2892 cornix
2403 2835 2632 2898 diceret,
2670 2833 3048 2904 interrogavit.
3083 2832 3150 2887 Et
3183 2832 3277 2889 ille
3325 2847 3455 2902 per-

1884 2948 2050 3004 quam
2076 2931 2283 2986 urbane
2306 2939 2364 2984 et
2385 2930 2629 2984 suaviter
2652 2927 2864 2989 ridens.
2899 2925 3054 2989 Cras,
3080 2926 3279 2995 inquit.
3298 2924 3454 2990 Quod

1885 3027 2084 3082 Latino
2115 3038 2372 3079 sermone
2405 3022 2550 3077 diem
2580 3024 2886 3076 crastinum
2915 3021 3209 3090 signiﬁcat.
3228 3020 3432 3076 Porten

225 3117 322 3176 τοῖς
367 3118 628 3188 ἄρχουσι,
685 3117 780 3172 τοῦ
825 3117 1014 3170 λοιποῦ
1058 3118 1289 3172 κωλύειν
1336 3119 1461 3182 τοὺς
1509 3118 1780 3192 Ἕλληνας

1885 3119 1968 3173 dit
1998 3126 2204 3182 autem,
2245 3116 2549 3171 crastinum
2592 3114 2736 3170 diem
2767 3115 2925 3194 vobis
2960 3129 3069 3168 non
3105 3113 3242 3168 bene
3272 3129 3461 3168 cessu-

223 3207 352 3266 ναοίς
397 3203 803 3273 παραϐάλλειν,
829 3207 925 3259 καὶ
959 3205 1034 3267 ώς
1063 3205 1181 3269 ἐθος
1207 3209 1272 3275 τῇ
1323 3207 1475 3275 σφῶν
1511 3207 1785 3278 θρησκείᾳ

225 3294 310 3358 τὰς
332 3295 528 3364 ἑορτὰς
568 3295 834 3349 ἐκτελεῖν.
865 3297 975 3350 Καὶ
1004 3298 1036 3367 ἡ
1073 3297 1168 3348 ἐπὶ
1199 3297 1395 3367 θύραις
1438 3299 1619 3352 αὐτῶν
1653 3301 1785 3372 περὶ

226 3389 459 3444 πλείστου
495 3385 644 3444 οὖσα
672 3392 786 3452 τοῖς
816 3389 1042 3460 Ἕλλησι
1078 3394 1175 3446 καὶ
1204 3393 1504 3460 σεϐάσμιος
1547 3393 1785 3463 μάλιστα

223 3481 370 3552 ἑορτὴ
433 3481 750 3548 τηνικαῦτα
818 3481 1041 3534 ἐλύετο·
1114 3482 1210 3535 καὶ
1269 3469 1456 3535 ἔκτοτε
1529 3483 1786 3552 οὐδαμῶς

225 3573 476 3642 ἐπράχθη.
519 3573 692 3627 Ἀλλὰ
746 3573 921 3627 ταῦτα
979 3573 1078 3642 μὲν
1130 3574 1433 3644 ἀποχρήσει
1479 3574 1673 3640 δείξαι,
1711 3575 1786 3640 ώς

227 3665 355 3730 θεῖος
377 3669 626 3736 μάλιστα
659 3662 728 3736 ἦν
755 3669 784 3720 ὁ
808 3667 969 3737 ἀνὴρ,
987 3667 1078 3720 καὶ
1115 3667 1453 3737 προφητικοῦ
1481 3668 1787 3738 ἠξιωμένος

227 3761 556 3831 χαρίσματος
582 3776 597 3790 ·
629 3762 898 3828 φυγόντος
944 3759 992 3812 δ’
1033 3761 1109 3824 ώς
1153 3760 1391 3831 εἴρηται,
1423 3762 1450 3813 ό
1483 3760 1576 3813 ὑπ’
1626 3759 1786 3813 αὑτὸν

228 3849 413 3921 κλῆρος
440 3854 543 3915 τὰς
577 3852 877 3922 ἐκκλησίας
922 3855 1175 3920 κατεῖχεν
1199 3867 1212 3883 ·
1249 3852 1354 3914 ἕως
1385 3851 1445 3904 οῦ
1472 3855 1583 3915 τοῖς
1610 3852 1788 3922 Γεώρ-

225 3957 331 4007 γιον
376 3943 762 4012 προσδοκῶσιν
811 3946 840 3997 ὁ
885 3943 1129 4012 ὕπαρχος
1181 3944 1333 4014 ἥκων
1385 3944 1524 4013 μετὰ
1564 3944 1790 4013 στίφους

227 4035 558 4104 παρέδωκεν.
617 4035 703 4098 Ἐς
737 4034 963 4105 ὕστερον
993 4035 1050 4088 δέ
1089 4038 1184 4089 καὶ
1221 4037 1383 4100 αὐτὸς
1412 4037 1604 4100 ἐλθὼν,
1634 4039 1792 4092 κατέ-

227 4141 342 4194 σχεν
371 4128 571 4190 αὐτάς.
605 4126 698 4195 Μὴ
746 4126 886 4179 κατὰ
934 4125 1121 4196 σχῆμα
1173 4127 1231 4180 δέ
1283 4128 1380 4180 καὶ
1428 4122 1560 4198 ἦθος
1603 4129 1792 4197 ἱερέως

224 4217 665 4289 πολιτευόμενος,
707 4219 938 4288 φοϐερός
967 4235 1054 4281 τις
1097 4220 1423 4289 ἐπετήδευεν
1475 4216 1633 4272 εἶναι.
1665 4221 1792 4282 Tol;

222 4309 263 4359 δ’
310 4311 637 4364 Ἀθανάσιον
679 4309 965 4363 ἐπαινοῦσι
1023 4311 1118 4363 καὶ
1175 4311 1320 4380 μάλα
1381 4310 1654 4382 θηριώδης
1697 4307 1790 4382 ἦν,

223 4398 411 4468 ἄνδρας
463 4417 527 4454 τε
580 4403 676 4453 καὶ.
721 4404 983 4467 γυναῖκας
1036 4401 1236 4470 σύρων,
1279 4396 1368 4453 οἷά
1406 4418 1490 4458 τις
1517 4400 1667 4471 ώμὸς
1700 4401 1793 4453 τύ-

224 4506 403 4556 ραννος
435 4492 664 4561 δεσμοῖς
699 4490 1053 4560 περιέϐαλεν·
1087 4493 1177 4559 ὑφ’
1203 4486 1278 4545 ὧν
1315 4493 1395 4553 είς
1426 4493 1606 4544 κοινὸν
1633 4493 1788 4561 μῖσος

223 4581 473 4648 ἐμπεσὼν
503 4583 586 4651 τῷ
619 4583 779 4652 δήμῳ
817 4581 1020 4652 μικροῦ
1072 4584 1138 4636 ἂν
1176 4583 1454 4651 διώλλυτο,
1485 4584 1534 4636 εί
1587 4583 1661 4654 μὴ
1702 4585 1792 4638 τὸν

224 4675 459 4729 κίνδυνον
513 4677 764 4746 διαδρὰς,
804 4679 861 4738 ἐς
908 4677 1134 4747 βασιλέα
1180 4677 1494 4747 ἀνέτρεχεν.
1531 4678 1681 4731 Οἱδέ
1723 4677 1793 4730 τὰ

235 4765 551 4820 Ἀθανασίου
608 4768 931 4836 φρονοῦντες
990 4769 1091 4831 τὰς
1146 4769 1444 4838 ἐκκλησίας
1500 4771 1790 4839 κατέσχον,

225 4859 320 4911 κᾶν
359 4859 464 4912 οὐκ
509 4862 604 4913 ἐπὶ
648 4859 828 4929 πολλῷ
870 4861 1049 4930 χρόνῳ
1077 4878 1092 4892 ·
1134 4861 1162 4913 ὁ
1199 4858 1310 4928 γὰρ
1363 4860 1464 4930 τῆς
1510 4861 1792 4929 Αἰγύπτου

226 4953 536 5020 στρατηγὸς
586 4952 939 5022 ἀφελόμενος,
970 4951 1126 5014 αὖθις
1169 4954 1280 5015 τοῖς
1333 4953 1611 5023 Γεωργίον
1658 4953 1794 5005 ἀπέ-

224 5037 358 5092 δοτο.
390 5039 532 5093 Μετ’
571 5042 629 5092 οὐ
661 5040 798 5092 πολὺ
833 5039 889 5092 δὲ
932 5040 1028 5092 καὶ
1057 5041 1218 5102 αὐτὸς
1250 5035 1377 5113 ἧκε,
1411 5040 1790 5112 φοϐερώτερος

228 5129 321 5195 μὲν
361 5130 758 5198 γεγενημένος,
790 5130 1117 5200 μισούμενος
1144 5131 1203 5184 δὲ
1254 5131 1440 5199 πλέον,
1470 5134 1564 5187 ire
1596 5133 1661 5202 δὴ
1696 5133 1791 5185 τὸν

226 5219 445 5287 βασιλέα
475 5221 783 5292 κεκινηκώς
815 5225 897 5286 είς
921 5222 1094 5290 θυμὸν
1117 5224 1239 5276 κατ’
1259 5225 1462 5279 αὐτῶν.
1486 5225 1792 5288 Δύσπιστος

225 5310 276 5363 δέ
323 5314 419 5366 καὶ
467 5312 644 5380 τύφου
696 5313 892 5382 μεστὸς
949 5313 1292 5368 διεϐάλλετο·
1326 5316 1420 5368 καὶ
1472 5315 1623 5386 παρὰ
1679 5315 1790 5372 τῶν

225 5404 540 5471 Αἰγυπτίων
600 5410 832 5474 μάλιστα
877 5409 1149 5478 μοναχῶν,
1192 5405 1272 5473 οἷς
1316 5410 1558 5463 εἴποντο-
1589 5411 1791 5478 μᾶλλον

225 5498 286 5548 τὰ
340 5499 551 5569 πλήθη,
586 5499 674 5552 καὶ
731 5501 766 5556 ἃ
811 5501 996 5567 λέγειν
1045 5501 1309 5572 ἀλήθειαν
1347 5501 1565 5572 ᾤοντο·
1597 5505 1792 5574 ὅτιπερ

228 5589 420 5662 ᾲρετὴν
469 5591 786 5655 ἀσκοῦντες,
824 5594 1134 5662 φιλοσόφως
1171 5595 1407 5665 διήνυον.
1441 5597 1547 5647 Καὶ
1591 5596 1658 5650 τὰ
1692 5597 1792 5666 μὲν

237 5678 564 5736 Ἀθανασίου
599 5685 896 5756 συλλήϐδην
933 5687 1108 5738 είπεϊν
1143 5687 1230 5738 ἐπὶ
1265 5687 1648 5741 Κωνσταντίου
1677 5688 1790 5740 δια-

543 5803 811 5866 ΡΔτιιοι..
853 5809 966 5866 Gn.
1006 5805 1239 5867 CXLVI

1888 3227 2030 3268 rum.
2057 3209 2373 3266 Mandatum
2392 3208 2542 3263 enim
2568 3207 2636 3261 ab
2658 3208 2989 3277 imperatore
3010 3207 3238 3262 veniens
3256 3207 3456 3262 festum

1887 3306 2031 3361 diem
2068 3312 2313 3358 vestrum
2363 3299 2657 3364 inhibebit,
2707 3307 2763 3353 et
2817 3298 3229 3370 magniﬁcentia
3273 3311 3458 3354 vestra

1889 3395 2190 3464 injucunda
2225 3393 2384 3447 vobis
2423 3392 2552 3447 erit.
2587 3393 2761 3446 Porro
2818 3391 2871 3445 id
2904 3390 3189 3446 Athanasii
3249 3390 3458 3446 dictum

1889 3487 2096 3542 exitum
2164 3501 2324 3540 suum
2379 3484 2674 3540 confestim
2730 3484 2944 3539 habuit.
2993 3483 3077 3536 Ab
3126 3485 3460 3551 imperatore

1888 3580 2034 3634 enim
2067 3579 2264 3632 litterae
2294 3593 2511 3635 venere.
2549 3576 2749 3645 quibus
2784 3574 3137 3643 magistratus
3184 3573 3460 3641 jubeban-

1895 3681 2007 3732 tnr,
2061 3670 2129 3723 de
2159 3681 2360 3724 caetero
2411 3667 2631 3722 ercos
2675 3665 2991 3735 prohibere,
3029 3681 3096 3720 ne
3153 3665 3220 3719 ad
3261 3669 3462 3734 templa

1891 3764 2242 3826 accederent,
2278 3770 2334 3814 et
2363 3776 2511 3817 more
2537 3760 2954 3831 superstitionis
2983 3774 3099 3813 suae
3125 3761 3246 3813 dies
3294 3759 3464 3814 festos

1891 3867 2233 3928 peragerent.
2259 3855 2325 3928 Et
2357 3853 2652 3908 celebritas
2681 3869 2742 3907 ea
2763 3869 2885 3923 qua:
2904 3853 3017 3924 jam
3069 3852 3280 3915 aderat,
3310 3860 3366 3906 et
3393 3854 3464 3904 ab

1892 3949 2000 4003 illis
2029 3949 2248 4018 plurimi
2281 3946 2466 4012 ﬁebat,
2499 3946 2970 4014 venerationeque
3023 3943 3259 3997 maxima
3316 3944 3461 3997 cole-

1893 4042 2076 4105 batur,
2113 4048 2226 4094 tum
2264 4040 2444 4094 soluta
2481 4049 2588 4104 est,
2644 4055 2825 4110 neque
2865 4047 3057 4109 postea
3094 4048 3336 4107 peracta.
3361 4037 3464 4090 De-

1893 4132 2250 4188 clararehzec
2303 4131 2438 4186 satis
2463 4140 2715 4201 possunt,
2772 4125 3019 4185 divinum
3076 4145 3204 4184 cuin
3255 4131 3462 4192 virum,

1893 4235 1949 4279 et
1973 4223 2278 4294 prophetici
2301 4222 2556 4279 dobinon
2576 4233 2852 4294 expertem
2889 4224 3078 4279 fuisse.
3102 4224 3226 4294 Ipso
3258 4234 3464 4288 autem,

1893 4325 1954 4370 ut
1983 4317 2188 4370 dictum
2212 4316 2581 4386 est,profugo,
2613 4317 2796 4371 clerus
2816 4316 3214 4386 ejusccclesias
3246 4318 3460 4372 tenuit:

1896 4404 2072 4458 donec
2106 4403 2404 4459 adveniens
2437 4405 2548 4460 dux
2572 4420 2698 4460 cum
2744 4408 2992 4471 armatis.
3047 4406 3341 4477 Georgium
3372 4423 3468 4462 cx-

1897 4496 2276 4565 spectantibns
2307 4511 2402 4552 cas
2444 4497 2689 4562 tradidit,
2722 4505 2778 4550 et
2802 4497 2918 4566 ipse
2956 4509 3145 4566 postea
3197 4498 3466 4569 Georgius

1895 4586 2194 4641 adveniens
2220 4588 2528 4656 occupavit.
2583 4587 2634 4642 ls
2675 4589 2821 4656 quod
2879 4603 2988 4640 non
3050 4599 3318 4657 apparatu
3372 4601 3468 4642 aut

1897 4694 2049 4733 more
2080 4678 2322 4747 episcopi
2355 4678 2889 4733 administrationem
2926 4693 3082 4732 suam
3119 4680 3462 4741 institueret.

1897 4771 2203 4826 terribilem
2235 4785 2292 4826 se
2316 4771 2588 4824 exhibuit.
2623 4772 2679 4824 In
2711 4771 2996 4824 Athanasii
3034 4780 3221 4825 autem
3267 4771 3465 4826 laudav-

1901 4873 2046 4918 tores
2085 4864 2234 4917 ferus
2263 4862 2555 4916 admodum
2585 4863 2711 4928 fuit,
2733 4877 2796 4916 ac
2820 4863 2968 4916 viros
2989 4862 3154 4916 simul
3184 4871 3239 4916 et
3267 4863 3465 4917 mulie-

1896 4968 1986 5008 res
2015 4954 2306 5022 arripiens,
2347 4961 2605 5021 tanquam
2641 4965 2819 5006 saevus
2875 4963 3165 5022 tyrannus,
3227 4953 3283 5007 in
3348 4955 3467 5007 vin-

1896 5046 2016 5099 cula
2057 5047 2312 5117 eonjecit.
2349 5044 2723 5110 Quamobrem
2749 5045 3024 5114 publicum
3063 5046 3251 5116 populi
3275 5047 3464 5101 odium

1897 5138 1948 5192 in
2015 5152 2072 5191 sc
2123 5136 2442 5192 concitavit.
2511 5134 2771 5191 Periisset
2825 5147 2976 5192 certe
3035 5138 3284 5208 quidem,
3355 5140 3462 5193 nisi

1894 5229 2139 5300 periculo
2205 5229 2376 5282 vitato
2449 5227 2518 5281 ad
2600 5229 2988 5298 imperatorem
3075 5231 3463 5296 procurrisset.

1898 5321 1975 5374 lbi
2050 5328 2164 5372 tum
2242 5328 2545 5374 sectatores
2624 5319 2904 5373 Athanasii
3001 5319 3246 5374 ecclesiis
3326 5333 3463 5386 pra:-

1898 5416 2072 5475 l'uere.
2156 5413 2406 5482 quamvis
2485 5413 2552 5468 ad
2612 5415 2777 5468 breve
2849 5425 3088 5482 tempus.
3170 5411 3465 5465 Praefectus

1897 5519 2134 5573 namque
2198 5501 2442 5574 Egypti.
2483 5505 2594 5559 illis
2645 5503 2858 5574 ejectis,
2887 5518 2982 5557 eas
3037 5503 3259 5556 factioni
3289 5500 3463 5556 Gem-
3503 5519 3506 5522 ι

1897 5599 1972 5668 gii
2069 5598 2329 5652 restituit.
2395 5596 2507 5652 Nec
2574 5597 2734 5665 longe
2794 5602 2916 5663 post
2966 5601 3023 5648 et
3081 5593 3197 5663 ipse
3273 5591 3462 5653 rediit,

1900 5688 2204 5744 terribilior
2237 5687 2459 5759 quidem
2498 5703 2661 5755 quam
2697 5696 2882 5751 antea,
2914 5702 3021 5741 non
3053 5687 3237 5741 minus
3279 5695 3464 5740 autem

3021 5808 3092 5869 12
