3970 6190
225 328 306 389 εδδ
1064 317 1663 380 ECCLESIAS’I‘ICA!
1696 319 2083 383 IIISTORl/E
2122 323 2271 387 LIB.
2318 325 2419 388 IX.

3321 324 3424 387 366

223 438 524 509 ἑτεροδόξοις
572 432 854 506 ἠνέσχετο.
900 434 993 498 Ὠς
1041 434 1085 488 δ’
1142 435 1319 507 είσῇει
1370 436 1738 492 Κωνστᾶντιοι

1859 441 2185 496 strationem
2207 426 2330 512 ejus
2359 441 2591 498 sortitus
2621 451 2729 498 est.
2763 439 2869 510 Qui
2900 440 3174 499 Nicaanam
3201 441 3421 514 quidem

229 530 441 599 Ῥώμην,
509 527 823 596 προσιόντες
869 526 919 579 oi
967 525 1064 580 τοῦ
1123 526 1323 597 δήμου,
1370 528 1468 582 καὶ
1525 527 1633 580 τῶν
1690 524 1749 583 εὖ

219 621 491 689 γεγονότων
536 620 792 685 γυναῖκες
842 617 1127 688 ἐπίσημοι,
1165 619 1438 671 ἐνέκειντο
1483 619 1625 688 ὑπὲρ
1659 620 1756 673 Λιο

219 714 380 783 δερῖου
430 711 673 779 δεόμενοι
726 706 883 772 αὖθις
932 711 1141 763 ἐκεῖνον
1185 708 1522 764 ἀττολαδεῖν⁹
1560 710 1649 764 τὸν
1698 711 1755 764 δὲ

220 805 586 872 κοινωσάμενον
634 807 747 868 τοῖς
780 804 910 873 περὶ
955 804 1122 858 αὐτὸν
1167 804 1431 875 ἱερεῦσιν,
1471 806 1755 876 ὑπισχνεῖ-

220 897 325 949 σθαι
362 895 655 950 ἀποδώσειν
682 896 866 960 πάλιν,
898 896 953 948 εί
980 912 1044 964 γε
1075 896 1254 949 ἒλοιτο
1296 897 1375 959 είς
1416 895 1586 949 ταυτί)
1619 895 1754 948 ίέναι

218 985 413 1055 γνώμης
437 989 546 1044 τοῖς
579 988 707 1055 περὶ
730 986 894 1040 αὑτὸν
920 988 1264 1049 ἐπισκόποις.

1861 529 1985 584 fidei
2017 529 2413 608 professionem
2438 532 2733 597 retinebat,
2769 541 2824 589 et
2856 533 2913 588 in
2944 532 3213 603 religione
3237 548 3427 603 repre-

1857 620 2126 677 hensione
2172 622 2397 678 carebat
2429 642 2444 678 :
2476 640 2645 679 unum
2681 634 2864 680 tamen
2903 625 3039 681 illud
3068 624 3202 679 vitio
3226 625 3277 680 ei
3300 639 3429 679 ver-

1857 712 2120 778 tebatur,
2194 714 2343 784 quod
2411 716 2732 786 priusquam
2788 718 3081 788 episcopus
3134 717 3426 773 ordinatus

1856 812 2024 869 esset,
2059 819 2185 859 cum
2221 804 2455 860 diversa:
2488 805 2766 875 opinionis
2808 807 3072 862 studiosis
3109 806 3423 861 communi-

1855 909 1982 949 care
2037 896 2390 951 suminnerit.
2449 895 2552 951 Ubi
2606 913 2738 952 vero
2780 898 3155 965 ~COnstantins
3188 899 3420 953 Romam

1855 989 2030 1049 venit,
2069 990 2257 1058 populi
2320 997 2378 1044 et
2435 990 2743 1047 nobilitatis
2790 991 3118 1048 illustriores
3178 992 3423 1053 feminae,

219 1092 303 1148 pro
331 1078 543 1133 Liberio
593 1077 982 1148 deprecantes,
1033 1088 1092 1132 ut
1135 1069 1669 1144 illumrestiluerct,
1701 1079 1750 1135 ei
1796 1080 2067 1135 institere.
2129 1081 2198 1135 Et
2261 1083 2558 1151 imperator
2583 1098 2712 1137 .cum
2744 1084 3024 1154 episcopis
3051 1085 3167 1140 suis
3188 1100 3247 1139 re
3270 1100 3426 1141 com-

216 1172 460 1227 municata
509 1170 856 1226 redditurum
901 1186 963 1228 se
1012 1172 1098 1228 eis
1156 1171 1440 1229 hominem
1507 1172 1789 1244 pollicitus
1814 1183 1931 1241 est,
1960 1173 2006 1228 si
2065 1174 2120 1228 in
2167 1175 2417 1229 eamdem
2452 1190 2577 1231 eum
2603 1177 2877 1249 episcopis
2910 1178 3028 1234 suis
3092 1178 3420 1235 concederet

214 1264 528 1320 sententiam.

743 1383 994 1438 ΚΕΦᾹΛ.
1047 1383 1181 1452 aq".

124 1520 125 1523 η
210 1474 326 1542 Περὶ
363 1471 466 1537 τῆς
507 1473 916 1542 ,ϐλασφημίας
978 1476 1200 1529 Ἀετίου
1252 1475 1359 1530 τοῦ
1397 1474 1616 1544 Σύρου.
1649 1474 1750 1528 καί

270 1543 545 1609 εὐδοξίου
604 1544 712 1598 τοῦ
752 1547 1122 1613 Ἀντιοχείας
1146 1561 1160 1576 ’
1214 1545 1311 1599 καί
1364 1543 1499 1609 περὶ
1533 1545 1647 1612 τῆς
1679 1544 1751 1613 ἐν

276 1614 501 1682 Ἀγκύρῃ
540 1613 815 1669 συνόδου
840 1632 853 1645 ·
891 1610 986 1669 καί
1018 1610 1115 1669 οἵα
1146 1616 1441 1682 Γεὼργιος
1474 1618 1507 1671 ὁ
1540 1610 1751 1670 Λαοδι-

266 1686 416 1749 κείας
445 1684 541 1737 καί
583 1685 1002 1751 Κωνστάντιος
1032 1689 1067 1740 ό
1108 1684 1411 1749 βασιλεὺς
1464 1686 1608 1739 κατὰ
1628 1686 1751 1739 Ἀε-

266 1755 382 1807 rion
410 1756 507 1807 καὶ
538 1753 840 1818 Εὺδοξίου
875 1755 1000 1820 τοῖς
1026 1756 1095 1808 ἐν
1128 1755 1388 1823 Ἀγκύρῃ
1418 1756 1710 1824 ἔγραψαν.

264 1868 388 1921 Κατ’
427 1869 607 1922 ἐκεῖνο
637 1869 694 1922 δέ
740 1867 935 1940 καιροῦ
968 1869 1065 1922 καὶ
1097 1870 1124 1921 ό
1169 1866 1505 1939 προρῤηθεὶς
1540 1868 1748 1931 ’Δέτιος

206 1960 396 2031 ὁΣὺρος
422 1961 499 2024 είς
525 1961 840 2031 τούμφανὲς
866 1961 905 2015 ἃ
931 1964 1063 2033 περὶ
1102 1962 1240 2016 Θεοῦ
1275 1961 1549 2027 ἐδόξαζεν,
1579 1961 1751 2033 ἐτιαρ-

208 2051 488 2117 ρησιάξετο.
521 2053 845 2124 Τηνίκαῦτα
867 2052 914 2106 δ’
938 2051 1018 2105 ἔτι
1049 2053 1298 2117 διάκονος
1332 2049 1422 2125 ἦν,
1453 2053 1560 2106 ὑπὸ
1588 2053 1753 2107 Λεον-

207 2144 299 2195 τίου
326 2144 413 2198 τοῦ
447 2143 789 2214 Ἀντιοχείας
833 2145 931 2199 τοῦ
961 2146 1220 2214 ἐκτομίου
1266 2144 1366 2218 τὴν
1412 2144 1750 2216 χειροτονίαν

207 2235 376 2288 λαϐὼν.
421 2237 654 2307 Ἐπίσης
703 2237 761 2291 δέ
810 2237 1004 2309 Ἀρείῳ
1041 2236 1287 2303 ἐδόξαζε,
1315 2237 1537 2291 κτιστδν
1566 2237 1664 2291 καὶ
1690 2237 1748 2302 ἐξ

208 2327 287 2379 οὐκ
308 2326 467 2380 ὄντων
499 2330 603 2381 καὶ
649 2329 905 2398 ἀνόμοιον
956 2328 1049 2382 τὸν
1081 2327 1209 2382 Υἱδν
1234 2329 1311 2399 τῷ
1344 2329 1521 2396 ιῐατρὶ
1549 2329 1744 2395 λέγων.

208 2418 267 2488 τῇ
287 2418 331 2470 δ’
354 2421 431 2482 είς
472 2419 624 2485 ἄταν
667 2418 807 2491 ἔριδι
832 2421 929 2473 καὶ
956 2420 1035 2489 τῷ
1070 2420 1277 2490 σφόδρα
1311 2421 1438 2493 περὶ
1459 2419 1597 2475 Θεοῦ
1628 2420 1749 2474 τολ-

207 2513 292 2582 μᾷν
354 2512 742 2581 διαλέγεσθαι,
795 2513 1065 2576 ποικίλοις
1114 2530 1175 2566 τε
1255 2513 1495 2584 χρῆσθαι
1553 2513 1747 2567 συλλο-

203 2602 409 2673 γισμοῖς,
436 2605 618 2660 ἐδόκει
666 2608 778 2670 τοῖς
820 2606 1091 2675 ὀμόφροσι
1139 2605 1395 2678 διάφορος
1450 2600 1612 2660 εἶναι.
1644 2605 1747 2658 Διά

204 2713 267 2750 τοι
287 2699 430 2751 τοῦτο
459 2699 567 2753 καὶ
598 2698 695 2769 τῆς
725 2699 1024 2769 ἐκκλησίας
1055 2698 1371 2768 ἐκϐληθεὶς,
1405 2699 1746 2770 τεχνηέντως

202 2787 363 2849 εὐτοὶς
411 2790 739 2860 πτρῃτεῖτο,
798 2790 894 2841 καὶ
936 2792 1214 2842 κοινωνεῖν
1269 2788 1620 2859 ἐξετρέπετο,
1668 2788 1745 2851 ὡς

211 2880 375 2951 ’Δρείῳ
420 2884 572 2952 μετᾶ
622 2882 722 2950 τὴν
763 2880 1052 2950 ἐπιορκίαν
1099 2882 1502 2950 συγγεγονότας
1527 2897 1541 2911 °
1578 2882 1743 2952 ἡνίκα

202 2973 467 3041 μετάμελος
503 2972 760 3040 γεγονὼς
787 2974 1020 3036 ἐκεῖνος,
1051 2971 1311 3041 ὀμώμοκε
1347 2974 1744 3046 Κωνσταντίνῳ

198 3062 259 3132 τῷ
281 3062 491 3133 βασιλεῖ,
527 3062 756 3131 συνῳδὰ
804 3065 871 3134 τῇ
913 3065 970 3116 ἐν
1013 3062 1224 3132 Νικαίᾳ
1272 3064 1452 3116 πίστει
1497 3065 1737 3133 φρονεῖν.

2379 1381 2601 1440 CAPUT
2645 1383 2880 1439 XXXVI.

1853 1475 1930 1530 De
1965 1475 2290 1547 blasphemia
2324 1477 2462 1531 Aetii
2504 1477 2665 1547 Syri,
2714 1486 2784 1531 et.
2817 1481 2940 1534 item
2978 1480 3206 1536 Eudoxii
3240 1484 3427 1538 Antio-

1920 1546 2263 1623 c_heni._llent
2311 1549 2375 1623 de
2424 1546 3128 1623 synodo_Ancyrw1'o_acta.
3184 1552 3252 1607 Et
3306 1571 3423 1623 qna:

1921 1615 2172 1687 Georgius
2206 1615 2539 1671 Laodicensis
2569 1615 2839 1688 episcopus
2864 1629 2913 1673 et
2949 1620 3295 1678 Constantius
3318 1615 3425 1679 im-

1921 1697 2135 1766 plet-ator
2164 1698 2345 1766 contra
2377 1689 2588 1766 Aetium
2614 1697 2663 1741 et
2686 1690 2987 1745 Eudamum
3016 1694 3085 1746 ad
3112 1709 3228 1747 eam
3262 1711 3424 1766 syno-

1928 1755 2054 1809 dum
2091 1758 2420 1826 scripserint.

1927 1865 2030 1921 Per
2069 1866 2215 1920 idem
2254 1875 2492 1937 tempus,
2525 1883 2691 1939 quem
2717 1885 2883 1940 supra
2919 1870 3186 1941 diximus,
3221 1876 3418 1932 Aetius

1854 1956 2029 2028 Syrus
2061 1958 2353 2014 manifesto
2380 1970 2437 2015 et
2465 1961 2643 2017 libere
2673 1979 2829 2019 suam
2866 1964 2934 2019 de
2957 1966 3071 2022 Deo
3100 1969 3421 2039 opinionem

1852 2048 2190 2120 divulgabat.
2246 2051 2523 2108 Diaconus
2584 2063 2700 2109 tum
2754 2056 2939 2111 adhuc
2990 2068 3130 2124 erat,
3178 2063 3340 2119 sicuti
3393 2080 3424 2119 a

1850 2140 2087 2197 Leontio
2122 2141 2434 2200 Antiochiae
2480 2147 2744 2219 episcopo
2778 2162 3019 2208 castrato
3068 2154 3164 2209 illo
3203 2167 3426 2212 creatus

1850 2232 2051 2288 fuerat.
2100 2231 2443 2304 Opinabatur
2490 2247 2676 2295 autem
2734 2242 2927 2299 itidem
2988 2256 3050 2301 ut
3075 2247 3263 2314 Arius,
3292 2266 3426 2305 con-

1853 2324 2053 2387 ditum.
2080 2336 2137 2381 et
2167 2342 2234 2381 ex
2262 2343 2375 2382 non
2409 2330 2829 2397 exsistentibus,
2891 2345 3057 2406 atque
3093 2338 3421 2397 dissimilem

1850 2416 2000 2471 Patri
2029 2415 2230 2472 Filium
2274 2434 2422 2476 esse.
2478 2420 2551 2475 At
2597 2424 2747 2493 quod
2785 2425 3010 2496 ingenti
3065 2433 3421 2489 contentione

1849 2511 2141 2579 acriusque
2191 2509 2262 2566 de
2314 2509 2429 2566 Deo
2481 2513 2758 2570 dlsserere
2821 2518 3085 2586 auderet,
3142 2523 3420 2592 variisque

1852 2608 2103 2657 uteretur
2150 2602 2696 2673 ratiocinationibus,
2742 2607 3004 2665 factionis
3050 2628 3163 2668 sua
3192 2615 3422 2685 popula-

1851 2692 2008 2748 ribus
2045 2693 2302 2751 diversus
2326 2710 2451 2751 esse
2497 2712 2663 2769 atque
2711 2699 2782 2755 ab
2818 2701 2901 2757 eis
2946 2704 3218 2762 dissidere
3267 2710 3419 2765 visus

1847 2792 1951 2839 est.
1977 2782 2151 2850 Quam
2181 2784 2253 2840 ob
2279 2800 2505 2841 causam
2540 2788 2777 2845 ecclesia
2813 2806 3007 2847 eorum
3039 2797 3249 2864 pulsus,
3298 2808 3417 2854 arte

1847 2876 2085 2947 quadam
2137 2892 2237 2947 per
2290 2877 2791 2937 dissimulationem
2832 2900 2929 2940 eos
2983 2887 3211 2955 vitabat,
3266 2906 3421 2945 com-

1848 2970 2284 3040 munionemque
2319 2988 2513 3027 eorum
2553 2973 2958 3045 detestabatur,
2987 2980 3154 3035 veluti
3208 2983 3303 3053 qui
3358 3001 3419 3040 se

1849 3060 1982 3115 Ario
2039 3070 2163 3132 post
2223 3064 2528 3133 perjurium
2590 3066 3011 3137 conjunxissent
3046 3111 3063 3138 ,
3113 3090 3235 3129 cum
3298 3077 3413 3143 ille,

202 3157 289 3209 Καὶ
316 3158 436 3228 περὶ
488 3158 599 3227 μὲν
650 3133 1063 3226 τούτουίταύτῃ
1110 3155 1367 3226 λέγεται·
1417 3156 1499 3209 ἔτι
1540 3157 1599 3210 δὲ
1646 3156 1738 3210 τοῦ

1849 3154 2174 3223 paenitentia
2226 3156 2450 3222 ductus,
2495 3133 2864 3215 Constantino
2907 3133 3229 3234 imperatori
3285 3133 3418 3223 con;

204 3250 429 3317 βασιλέως
455 3252 570 3314 τοῖς
618 3249 896 3320 ἑσπερίοις
924 3248 1229 3316 διάγοντος,
1292 3250 1619 3319 ἀγγέλλεται
1651 3267 1740 3303 τε·-

205 3340 361 3396 θνάναι
396 3344 678 3408 Λεόντιον,
707 3342 766 3396 ὃν
804 3341 1135 3412 Ἀντιοχείας
1180 3342 1482 3395 ἐπίσκοπον
1508 3341 1741 3413 δεδηλὼ-

202 3451 383 3506 κειμεν.
415 3436 671 3502 nossem;
692 3437 748 3489 δὲ
774 3435 1148 3504 Γερμανικίας
1177 3434 1482 3498 ἐπίσκοπος
1505 3434 1602 3501 ὢν,
1625 3437 1736 3498 τοῖς

201 3531 351 3589 ἐκεῖσε
401 3532 600 3602 μέρεσι
656 3529 971 3600 διατρίϐων,
1021 3528 1110 3583 διὰ
1158 3528 1268 3582 τῶν
1330 3528 1741 3601 θαλαμηπόλων

200 3622 434 3693 rivatisz
491 3623 791 3692 ὑπορύττει
832 3621 927 3676 τὸν
962 3619 1174 3689 θρόνον,
1222 3619 1319 3675 καὶ
1365 3620 1547 3691 ἐαυτῷ
1582 3636 1738 3688 περι-

200 3719 401 3768 ποιεῖται
428 3718 526 3783 τὴν
571 3714 932 3784 Ἀντιόχειαν.
976 3713 1343 3783 Σκηψάμενος
1393 3717 1505 3781 γὰρ
1560 3728 1738 3783 παρα-

202 3808 367 3875 μυθίας
426 3809 521 3862 καὶ
584 3807 840 3877 φυλακῆς
896 3809 955 3859 ἐν
1018 3805 1181 3876 χρείᾳ
1234 3801 1375 3858 εἶναι
1421 3805 1514 3858 τὸν
1544 3806 1732 3868 τόπον,

200 3901 346 3952 ἐδεῖτο
390 3900 481 3953 τοῦ
518 3899 901 3970 βασιλέωςιείς
941 3896 1037 3969 τὴν
1090 3897 1294 3969 Συρίαν
1337 3896 1535 3951 ἐλθεῖν.
1582 3897 1736 3950 Ἐπεὶ

196 3993 232 4044 δ’
280 3995 622 4062 ἐπετρέπετο,
686 3990 890 4060 σπουδῇ
970 3987 1338 4060 προσϐαλὼν,
1395 3988 1488 4042 τὸν
1545 3984 1736 4059 θρόνον

196 4082 451 4153 λαμϐάνει,
486 4084 583 4137 καὶ
635 4088 737 4150 τῆς
779 4080 1059 4151 ’Δντιόχου
1089 4084 1389 4144 ἐπίσκοπος
1423 4081 1735 4151 αὐτόματος

197 4175 566 4236 ἀναδείκνυται,
624 4176 700 4243 μή
760 4190 871 4225 τισι
935 4173 1044 4224 τῶν
1097 4174 1158 4225 ἐν
1217 4173 1392 4243 Συρίᾳ
1449 4173 1734 4244 διασήμων

196 4270 505 4330 ἐπισκόπων,
535 4261 617 4328 οἷς
653 4265 799 4319 κατὰ
830 4281 884 4317 τι
918 4264 1151 4335 πάτριον
1202 4263 1323 4327 ἔθος
1358 4267 1452 4318 καὶ
1487 4266 1521 4336 ἡ
1554 4281 1734 4335 χειρο-

194 4362 323 4413 τονία
342 4362 576 4431 διέφερε,
612 4355 1014 4427 κοινωσάμενος
1042 4355 1134 4409 τὸν
1163 4356 1366 4408 σκοπόν
1394 4371 1410 4387 ⁸
1437 4349 1549 4408 οἷον
1579 4355 1737 4426 Μάρ-

1844 3253 2110 3300 sentauea
2165 3259 2226 3300 se
2281 3262 2407 3300 cum
2467 3246 2687 3304 Nicaena
2738 3251 2844 3305 ﬁde
2877 3255 3087 3311 sentire
3117 3258 3413 3329 adjuravit.

1843 3334 1950 3392 Sed
1984 3336 2054 3391 de
2087 3336 2177 3393 his
2202 3339 2361 3393 satis.
2410 3337 2548 3395 Cum
2601 3341 2899 3413 imperator
2930 3347 3113 3403 adhuc
3164 3349 3220 3403 in
3247 3350 3415 3407 Occi-

1845 3428 2011 3485 dente
2032 3439 2202 3497 esset,
2236 3431 2415 3485 nuntii
2447 3447 2665 3500 venere,
2691 3434 2982 3491 Leontium
3002 3440 3411 3497 Antiochenum

1844 3520 2170 3591 episcopum
2202 3522 2346 3578 diem
2383 3541 2545 3589 suum
2578 3527 2806 3583 obiisse.
2860 3529 2928 3582 Et
2958 3530 3242 3585 Eudoxius
3272 3533 3413 3590 Ger-

1845 3614 2099 3670 maniciae
2152 3617 2405 3682 antistes,
2464 3620 2559 3687 qui
2613 3619 2667 3674 in
2726 3622 3077 3690 imperatoris
3141 3627 3408 3682 comitatu

1845 3715 2004 3771 erat,
2056 3722 2153 3778 per
2198 3708 2575 3765 cubicularios
2623 3716 2913 3768 eunuchos
2965 3728 3250 3773 vacantem
3285 3735 3407 3776 eam

1848 3800 2032 3853 sedem
2065 3800 2242 3855 ambit
2287 3810 2343 3856 et
2369 3803 2629 3857 vindicat.
2661 3806 3002 3863 Assimulans
3044 3812 3191 3864 enim
3223 3813 3408 3869 locum

1841 3905 1969 3945 eum
1997 3891 2376 3949 consolatione
2411 3902 2469 3949 et
2498 3897 2749 3951 custodia
2800 3899 3070 3970 indigere,
3114 3913 3171 3957 ut
3216 3905 3319 3960 sibi
3351 3906 3406 3961 in

1841 3980 2054 4053 Syriam
2084 3984 2166 4038 ire
2201 3984 2416 4051 liceret,
2449 3985 2518 4039 ab
2558 3986 2891 4056 imperatore
2919 3992 3098 4059 petiit.
3129 3992 3282 4059 Quod
3314 3996 3406 4051 ubi

1838 4075 1891 4130 ei
1923 4084 2009 4129 est
2036 4076 2388 4144 permissum,
2443 4078 2652 4146 ingenti
2706 4081 2990 4136 celeritate
3021 4099 3087 4137 eo
3120 4087 3310 4142 venit:
3344 4104 3411 4143 ac

1841 4171 2043 4226 throno
2079 4182 2325 4242 recepto,
2372 4185 2603 4244 repente
2642 4176 2872 4244 perinde
2904 4188 3069 4247 atque
3100 4194 3167 4235 ex
3200 4196 3260 4235 se
3293 4182 3410 4251 ipso

1836 4275 1994 4320 ortus
2022 4265 2316 4336 episcopus
2351 4268 2659 4323 Antiochia:
2685 4271 2921 4334 exstitit,
2960 4272 3123 4344 766
3176 4288 3233 4330 re
3282 4292 3407 4330 cum

1837 4358 2237 4415 celebrioribus
2266 4359 2436 4432 Syriae
2467 4362 2768 4431 episcOpis,
2808 4374 3000 4434 utpote
3046 4382 3172 4421 cum
3224 4368 3408 4425 Marco

194 4471 273 4505 κον
299 4454 434 4522 λέγω
464 4452 556 4505 τὸν
591 4448 939 4520 Ἀρεθούσης,
967 4446 1177 4501 καὶτὸν
1200 4446 1522 4508 Λαοδικείας
1551 4445 1728 4516 Γεώρο

1849 4453 2157 4518 !trethusio,
2188 4453 2422 4526 Georgio
2453 4454 2803 4523 Laodicensi,
2837 4460 2931 4524 qui
2981 4461 3229 4515 eamdem
3272 4478 3403 4517 sen-

193 4556 293 4606 γιον
315 4558 327 4571 ’
360 4542 494 4611 μήτε
536 4540 641 4610 μὴν
683 4537 794 4590 τῶν
825 4534 1029 4590 λοιπῶν
1060 4534 1431 4606 συνθεμένων.
1479 4535 1730 4604 Ἐλέγετο

191 4633 236 4684 δὲ
272 4634 356 4685 καὶ
398 4632 592 4701 γνώμῃ
632 4628 728 4683 τοῦ
776 4627 1108 4699 κρατοῦντος
1138 4626 1312 4681 ταῦτα
1350 4627 1605 4695 γενέσθαι
1636 4631 1732 4682 καὶ

192 4722 280 4774 τῶν
310 4726 363 4774 ὲν
394 4727 501 4784 τοῖς
536 4722 833 4791 βασιλείοις
863 4719 1209 4789 κρατούντων
1233 4734 1247 4748 °
1282 4718 1333 4771 οῖ
1366 4720 1587 4789 σύναμα
1622 4718 1728 4771 Εὐ-

192 4813 323 4883 δοξίῳ
349 4815 445 4883 τὴν
483 4814 693 4866 Ἀετίου
716 4812 874 4874 δόξαν
908 4809 1267 4876 ἐσπούδαζον,
1288 4811 1322 4862 ἀ
1339 4812 1547 4879 "suam
1573 4811 1729 4875 δοξά-

195 4902 313 4965 ζοντι
337 4908 408 4974 τξ)
441 4907 614 4977 Πιτρὶ
642 4905 731 4958 τὸν
766 4904 916 4957 Υἱόν.
955 4903 1106 4956 Ἐπεὶ
1138 4902 1182 4954 δ’
1209 4900 1352 4954 οὕτω
1384 4904 1482 4955 καὶ
1519 4904 1725 4957 Ἀντιο-

194 4996 318 5061 χείας
351 4998 636 5066 ἐκράτησε,
669 4995 764 5048 καὶ
813 4995 1061 5064 μείζονος
1109 4993 1408 5047 ἐπελάϐετο
1452 4994 1725 5059 ἐξουσίαις,

196 5091 471 5156 ⁸ξαεριιρανεῦς
516 5090 616 5158 ἢδη
666 5090 764 5158 τῆς
810 5086 1018 5139 Ἀετίου
1074 5085 1229 5154 δόξης
1279 5086 1600 5155 προῖστατο,
1634 5087 1727 5140 καὶ

196 5184 480 5250 συγκροτεῖν
553 5184 760 5235 ικεῖνον
822 5180 1061 5249 μάλιστα
1122 5180 1400 5249 ἐπειρᾶτο.
1469 5182 1576 5233 Καὶ
1637 5182 1725 5234 διὰ

198 5273 400 5342 σπουδῆς
427 5267 495 5343 ἦν
544 5274 732 5342 ἐκείνῳ
785 5272 1061 5341 συνέδριον
1102 5273 1417 5324 ἐπισκόπων
1445 5272 1721 5343 ἀθροῖσαι,

196 5364 267 5414 καὶ
296 5367 391 5436 τὴν
416 5367 515 5436 τῆς
541 5368 816 5428 διακονίας
845 5366 998 5428 ἀξίαν
1029 5361 1185 5428 αὖθις
1220 5367 1526 5436 ἐγχειρίσαι
1549 5368 1720 5437 αὐτῷ.

204 5452 337 5509 Ἀλλὰ
365 5457 519 5511 τοῦτο
552 5460 648 5526 μὲν
678 5458 883 5528 πρᾶξαι
913 5458 1115 5528 ἥκιστα
1145 5458 1388 5528 ἠδυνήθη
1410 5474 1422 5488 ·
1450 5462 1584 5513 πολὺ
1613 5461 1723 5533 γᾲρ

206 5542 367 5618 Ἀετίῳ
402 5549 463 5601 τὸ
507 5553 661 5618 μῖσος
706 5546 774 5620 ἦν
812 5552 910 5619 τῆς
962 5549 1213 5614 Εὑδοξίου
1266 5553 1453 5620 τιμῆς.
1496 5552 1723 5605 samem:

197 5634 266 5687 οὖν
289 5640 417 5702 τέως
444 5642 702 5711 ἀθροίσας
730 5645 811 5705 είς
842 5642 1178 5712 Ἀντιόχειαν
1224 5644 1545 5712 ὁμοφρόνων
1573 5647 1722 5716 αὐτῷ

196 5728 497 5802 ἐπισκόπων,
528 5735 586 5790 ἐν
612 5730 691 5799 οἷς
735 5732 875 5809 ἦσαν
903 5734 1158 5798 Ἀκάκιός
1190 5750 1247 5787 τε
1294 5737 1320 5788 ό
1353 5736 1722 5813 Παλαιστίνης

1839 4545 2068 4600 tentiam
2119 4546 2514 4615 sequebantur,
2560 4557 2730 4616 atque
2784 4549 2912 4603 aliis
2956 4550 3023 4603 ad
3069 4567 3210 4623 quos
3254 4569 3406 4607 more

1836 4636 2079 4706 quodam
2113 4638 2294 4706 patrio
2333 4637 2534 4692 electio
2568 4640 2907 4707 pertinebat,
2952 4657 3062 4697 non
3090 4646 3401 4699 communi-

1837 4735 1980 4780 cata.
2017 4726 2235 4781 Dictum
2271 4728 2438 4782 etiam
2468 4738 2571 4793 est,
2611 4729 2679 4784 de
2711 4730 2994 4786 voluntate
3027 4732 3399 4803 imperatoris,

1835 4826 1893 4872 et
1922 4832 2117 4872 eorum
2144 4818 2238 4887 qui
2264 4818 2317 4871 in
2342 4818 2467 4873 aula
2491 4833 2676 4873 rerum
2700 4821 3078 4889 potiebantur,
3112 4823 3167 4879 id
3197 4825 3397 4880 factum

1833 4922 1956 4962 esse
2002 4926 2017 4961 :
2067 4908 2162 4978 qui
2224 4923 2331 4962 una
2385 4923 2509 4961 cum
2556 4909 2808 4966 Eudoxio
2860 4913 3007 4968 Aetii
3067 4919 3398 4977 sententiam
3470 4940 3479 4945 η

1833 4998 2235 5068 sequebantur,
2276 4997 2601 5066 dissimilem
2657 5000 2803 5054 Patri
2854 5001 3051 5057 Filium
3128 5022 3251 5061 esse
3303 5008 3376 5061 do

1833 5091 2034 5146 ceutis.
2084 5087 2382 5160 Postquam
2434 5105 2568 5146 vero
2613 5091 2964 5148 Antiochiam
3014 5096 3089 5152 ita
3136 5100 3400 5162 obtinuit,

1832 5167 2267 5254 amplioremque
2308 5181 2540 5252 adeptus
2594 5193 2678 5239 est
2724 5195 3079 5255 potestatem,
3116 5193 3398 5261 propalam

1829 5280 1944 5349 jam
1989 5274 2133 5331 Aetii
2193 5273 2513 5343 opinionem
2566 5278 2971 5347 propugnabant,
3031 5293 3088 5334 et
3137 5281 3399 5352 adjuvare

1833 5370 1986 5425 illum
2049 5367 2284 5422 maxime
2348 5368 2676 5424 conabatur.
2742 5370 2806 5423 Et
2867 5373 3245 5427 contendebat
3303 5373 3396 5427 ille

1831 5462 2056 5532 quidem
2088 5461 2477 5531 episcoporum
2513 5476 2708 5535 cogere
2748 5462 3070 5529 concilium,
3120 5474 3286 5533 atque
3320 5464 3396 5517 illi

1830 5555 2155 5610 diaconatus
2205 5553 2471 5626 honorem
2515 5555 2867 5609 restituere:
2922 5556 3018 5613 sed
3076 5556 3129 5610 id
3181 5555 3399 5611 ellicere

1831 5650 2059 5705 minime
2084 5650 2286 5718 potuit,
2318 5648 2465 5719 quod
2507 5648 2654 5718 apud
2696 5664 2888 5704 omnes
2941 5650 3175 5707 Eudoxii
3210 5650 3395 5720 digni-

1833 5751 1914 5798 tas
1939 5749 1995 5797 et
2047 5740 2287 5797 studium
2337 5748 2460 5810 post
2492 5739 2636 5796 Aetii
2689 5739 2877 5799 odium
2932 5752 3100 5798 essu.
3151 5742 3398 5811 Cougre-
