3970 6190
481 293 581 358 371
1703 315 2123 378 NICEPHORI
2163 319 2506 384 CALLISTI

484 405 772 504 hominum
804 427 985 470 mores
1023 416 1297 488 fugientes
1324 421 1532 478 dudum
1603 435 1750 481 metu
1798 444 1918 484 sese
1986 431 2336 488 continuere.
2385 434 2622 489 Istorum
2694 449 2930 504 namque
2961 432 3244 504 sapienter
3293 430 3546 487 instituta
3611 447 3751 486 con-

483 500 604 596 silia
638 502 692 596 in
722 507 962 560 medimn
1005 511 1272 578 producta
1302 514 1413 584 jam
1451 528 1723 587 apparent
1759 539 1772 574 :
1818 535 1949 596 Inec
2020 524 2131 578 ulla
2173 540 2318 579 nova
2373 526 2799 582 machinationis
2843 500 2995 580 ratio
3027 500 3348 594 excogitari
3385 535 3591 594 potest,
3623 540 3749 593 quae

483 591 609 689 illos
641 594 710 648 ab
745 596 1024 667 impietate
1075 613 1242 671 queat
1283 605 1546 662 eximere.
1597 611 1874 667 Bonorum
1919 614 2167 670 virorum
2233 617 2420 683 fuerit,
2495 619 2764 689 majorum
2833 618 2938 674 ﬁde
2991 618 3197 682 vivere,
3257 633 3491 687 eamque
3544 633 3739 677 unam,

573 686 780 743 dictqu
822 703 926 757 est,
964 694 1259 766 adaugere,
1291 715 1469 770 neque
1503 703 1735 760 ulterius
1766 707 2066 779 quidquam
2100 711 2260 766 anxie
2291 712 2458 768 nimis
2528 686 2594 768 et
2613 715 2833 768 curiose
2868 712 3225 782 investigare.
3275 712 3440 782 769
3479 711 3622 778 Quin
3687 725 3747 769 et

482 778 607 833 illos
661 783 1066 853 admonuerim,
1125 798 1185 842 ut
1237 792 1537 862 aliquando
1577 798 1798 854 tandem
1842 778 1930 855 exi
1987 803 2257 858 barathro
2289 815 2736 876 prorumpentes,
2802 807 3005 861 animis
3073 778 3321 870 mutatis,
3344 778 3442 861 vavd
3517 817 3749 861 senten-

485 878 614 929 tiam
641 877 798 930 istam
820 880 1105 945 accedant,
1132 900 1300 954 quam
1323 888 1510 944 divina
1536 892 1751 960 przcditi
1777 894 2050 964 sapientia
2091 896 2159 953 de
2224 898 2332 953 Deo
2368 901 2470 954 rite
2540 911 2708 971 atque
2747 901 2947 956 ordine
2985 901 3236 971 episcopi
3271 902 3471 956 tulere.
3500 900 3743 955 Tantum

481 973 696 1026 scilicet
725 989 896 1042 parvo
928 993 1207 1036 momento
1243 986 1549 1054 periculum
1596 988 1722 1052 fuit,
1777 1001 1835 1043 ut
1886 991 2242 1050 dissimilium
2301 997 2601 1062 obtineret,
2664 997 2768 1052 nisi
2840 998 3144 1069 imperator
3177 999 3292 1068 ipse
3353 997 3742 1068 episcoporum

479 1083 645 1135 opera
679 1079 734 1124 et
762 1071 1044 1140 diligentia
1080 1077 1501 1137 intercessisset.

1002 1218 1229 1276 CAPUT
1271 1223 1531 1282 xxxvu.
2082 1242 2129 1300 Α
2722 1239 2979 1313 una.
3029 1239 3160 1295 KZ'.

482 1326 563 1380 De
594 1330 745 1382 rebus
801 1334 856 1384 in
911 1333 1272 1422 SirmAOfctia
1303 1355 1321 1391 :
1366 1351 1415 1394 et
1458 1350 1512 1394 ut
1560 1343 1797 1398 Liberius
1839 1346 2058 1403 Romam

2175 1353 2300 1421 Περὶ
2325 1351 2445 1406 τῶν
2469 1353 2539 1406 ἐν
2561 1354 2780 1422 Σιρμίῳ
2826 1352 3170 1422 τεινομένων
3189 1366 3205 1383 ⁶
3233 1349 3330 1404 καὶ
3362 1347 3444 1422 ὡς
3473 1349 3745 1422 Λιϐέριος

3641 318 3747 381 372
3847 376 3851 378 _

554 1415 814 1486 repersus,
870 1420 987 1486 cum
1032 1403 1208 1486 felice
1247 1426 1537 1486 successore
1557 1431 1654 1466 auo
1703 1419 2060 1486 episcopatum

555 1471 979 1592 administrarit,
1039 1474 1202 1530 donec
1255 1481 1418 1548 paulo
1486 1492 1602 1551 post
1656 1501 1681 1537 θ
1729 1471 2060 1541 uivis'FcIix

555 1554 751 1592 excessi
786 1582 798 1592 .

555 1554 798 1593 excessu.

555 1671 718 1726 Brevi
744 1673 946 1731 deinde
974 1691 1098 1731 cum
1127 1679 1297 1735 Roma
1330 1683 1382 1736 in
1416 1683 1678 1740 Sirmium
1704 1679 2061 1745 Constantius

484 1763 762 1831 rediissct,
815 1765 1269 1828 Occidentalibus
1329 1776 1608 1847 episcopis
1664 1781 2058 1849 precantibus,

483 1857 744 1911 Liberius
787 1875 854 1914 ex
907 1859 1131 1918 Bcrrma
1184 1865 1451 1922 reductus
1503 1883 1608 1925 est.
1649 1873 1830 1942 Atque
1877 1875 1950 1928 ibi
2004 1877 2058 1931 in

485 1953 776 2017 praesentia
809 1968 1000 2008 eorum
1034 1973 1175 2027 quos
1197 1959 1464 2025 diximus,
1496 1962 1844 2035 aliorumque
1885 1968 2061 2038 pluri-

486 2062 704 2102 morum
739 2047 1103 2106 Orientalium
1134 2057 1544 2126 episcoporum,
1600 2059 1902 2130 imperator
1936 2077 2062 2117 sua-

487 2141 621 2196 dere
672 2141 912 2208 Liberio,
966 2153 1028 2200 ut
1076 2147 1273 2201 Filium
1313 2165 1423 2204 non
1458 2166 1577 2206 esse
1621 2130 2052 2212 Patri'consub'

485 2239 799 2292 stautialem
860 2241 1208 2310 opinaretur,
1253 2248 1509 2303 tentavit.
1562 2249 1686 2319 Egit
1735 2252 1785 2306 id
1837 2267 2060 2323 quoque

488 2331 746 2394 Basilius,
791 2342 848 2387 et
895 2335 1157 2403 quicum
1201 2351 1269 2392 eo
1314 2351 1521 2395 erant:
1563 2356 1799 2412 eamque
1833 2359 1946 2398 rem
1981 2344 2058 2400 illi

489 2425 835 2492 imperatori,
883 2427 1026 2494 apud
1081 2443 1245 2496 quem
1297 2429 1350 2483 in
1403 2445 1602 2501 magno
1649 2442 1810 2488 erant
1856 2435 2059 2504 pretio,

487 2532 832 2588 suggesscre.
867 2523 934 2577 Et
964 2523 1286 2589 afferentes,
1323 2541 1448 2596 quae
1499 2527 1584 2580 vel
1637 2527 1706 2582 de
1755 2526 1926 2581 Paulo
1959 2526 2060 2582 Sa-

474 2600 797 2679 .mosateuo,
826 2614 910 2668 vel
947 2615 1014 2669 de
1036 2616 1277 2671 Photino
1303 2619 1447 2690 apud
1475 2619 1738 2674 Sirmium
1764 2618 2062 2673 constituta

491 2701 711 2758 fuerant
741 2705 953 2771 omnia,
999 2715 1055 2760 et
1081 2716 1350 2774 prmterea
1380 2707 1673 2762 formulam
1707 2706 1834 2760 fidei
1863 2705 2062 2760 Antio-

491 2791 630 2846 chiae
663 2793 717 2846 in
753 2792 1024 2850 Encwniis
1059 2795 1174 2850 sive
1210 2797 1459 2851 ecclesiae
1510 2797 1953 2860 consecratione,
1991 2795 2062 2850 ob

491 2886 806 2954 όμοουσίου,
823 2888 1332 2955 consubstantialis,
1355 2905 1574 2944 causam
1603 2889 2065 2960 editam‘allegan-

481 2988 598 3040 aes,
621 2979 790 3034 veluti
817 2981 1220 3036 contenderent
1244 2981 1465 3050 quidam
1490 2983 1753 3052 haeresim
1785 2985 2062 3052 propriam

492 3086 595 3140 per
654 3080 980 3140 praetextum
1043 3081 1101 3127 et
1162 3074 1510 3130 occasionem
1576 3076 2066 3132 consubstantialis

496 3162 814 3228 instituere,
867 3164 921 3218 in
952 3165 1281 3220 sententiam
1309 3181 1464 3221 suam
1495 3167 1769 3222 adducere
1799 3168 2065 3224 studuere

496 3257 806 3318 Liberium,
839 3266 894 3312 et
925 3257 1312 3326 Athanasium,
1345 3268 1404 3315 et
1426 3259 1827 3322 Alexandrum,
1877 3272 1932 3316 ct
1963 3261 2064 3318 Se-

493 3352 820 3416 verianum,
883 3360 940 3406 et
985 3353 1368 3419 Crescentem,
1414 3355 1706 3409 Africanos
1752 3355 2061 3424 episcopos.

494 3445 614 3500 Non
670 3445 854 3500 minus
908 3445 960 3499 id
1015 3461 1239 3517 quoque
1300 3447 1646 3502 conabantur
1694 3447 1956 3504 Ursacius
2009 3455 2067 3502 et

495 3539 698 3594 Valens
743 3539 1075 3608 Marsorum,
1121 3549 1177 3595 et
1207 3539 1525 3596 Gcrminius
1561 3540 1883 3595 Sirmiensis
1949 3541 2066 3610 epi-

497 3647 718 3700 scopus,
767 3642 824 3686 et
868 3632 960 3701 qui
1005 3641 1270 3701 praeterea
1315 3647 1382 3686 ex
1412 3631 1636 3688 Oriente
1687 3634 1762 3688 ibi
1807 3635 2056 3689 aderant.

502 3723 756 3779 Liberius
801 3733 986 3778 autem
1019 3724 1182 3778 aliam
1230 3739 1452 3794 quoque
1487 3726 1717 3779 scorsim
1766 3725 1889 3780 fidei
1928 3743 2065 3781 con—

497 3813 721 3882 scripsit
783 3811 1222 3882 professionem,
1275 3830 1398 3884 quae
1458 3829 1653 3870 omnes
1696 3815 1764 3868 ab
1819 3817 2067 3870 ecclesia:

2231 1417 2423 1476 πάλιν
2449 1425 2538 1487 είς
2557 1417 2679 1490 τὴν
2703 1417 2942 1491 Ῥώμην
2963 1417 3294 1491 ἐπανῆλθε,
3341 1419 3438 1473 καὶ
3473 1417 3597 1491 cur
3618 1419 3742 1491 Φήε

2230 1497 2356 1548 λικι
2377 1492 2457 1558 τῷ
2483 1484 2626 1558 ast“
2649 1484 2837 1546 αὑτὸίθ
2867 1484 3057 1544 διεῖπε
3089 1492 3195 1544 τὸν
3243 1490 3483 1558 θρόνον,
3518 1487 3634 1554 ἓως
3667 1484 3744 1544 οὗ

2228 1564 2377 1633 μετὰ
2400 1562 2608 1632 βραχὺ
2641 1563 2929 1616 ἐτελεύτα
2952 1560 3169 1630 Φῆλιξ.

2233 1693 2348 1746 Οὐκ
2379 1695 2459 1756 εἰς
2506 1693 2726 1764 μακρὰν
2775 1693 2821 1746 δ’
2853 1693 2916 1746 ἐκ
2959 1691 3187 1762 Ῥώμης
3216 1692 3299 1755 είς
3326 1692 3554 1761 Σίρμιον
3581 1690 3746 1742 Κων-

2163 1786 2419 1839 σταντίου
2451 1788 2761 1854 γεγονότος,
2810 1785 2921 1841 τῶν
2969 1784 3245 1853 ἑσπερίων
3293 1784 3488 1852 ἱερέων
3516 1783 3747 1852 διαπρε-

2164 1879 2580 1948 σϐευσαμένων,
2606 1878 2864 1949 Λιὸέριος
2905 1878 2970 1930 ἐκ
3008 1876 3272 1948 Βερροίας
3313 1875 3600 1943 ἀνάγεται·
3648 1874 3748 1926 καὶ

2160 1972 2225 2042 δὴ
2282 1971 2391 2025 τῶν
2444 1971 2756 2042 εἰρημένων
2801 1971 2866 2022 ἐκ
2899 1969 2998 2038 τῆς
3025 1969 3143 2024 Ἕω
3178 1967 3498 2021 ἐπισκόπων
3519 1967 3618 2019 καὶ
3645 1965 3744 2018 άλ-

2161 2062 2270 2116 λων
2320 2061 2722 2133 συμπαρόντων
2773 2060 3047 2114 πλείστων
3075 2101 3089 2124 ,
3148 2059 3269 2128 βίαν
3324 2058 3535 2126 ἐπῆγεν
3590 2057 3742 2127 αὐτῷ

2165 2154 2449 2224 βασιλεὺς,
2491 2155 2566 2225 μὴ
2613 2150 2757 2207 εἶναι
2785 2153 3073 2223 ὁμοοὺσιον
3097 2150 3346 2215 δοξάζειν
3376 2150 3469 2203 τὸν
3507 2150 3629 2203 ι’ἱδν
3663 2148 3743 2218 τῷ

2163 2249 2362 2319 Πατρί.
2415 2247 2718 2300 Ἐνέκειντο
2750 2243 2808 2298 δὲ
2859 2245 2953 2297 καὶ⁵
3001 2245 3051 2296 οί
3106 2244 3253 2313 ἀμφὶ
3292 2241 3600 2305 Βασίλειον,
3646 2241 3746 2292 καὶ

2162 2340 2253 2393 τὸν
2301 2337 2615 2410 κρατοῦντα
2669 2337 2761 2389 ἐπὶ
2819 2335 2982 2388 τοῦτο
3033 2335 3314 2405 ἠρέθιζον,
3348 2334 3438 2387 διὰ
3481 2334 3746 2402 πλείστης

2163 2434 2297 2504 παρ’
2322 2431 2472 2500 αὐτῷ
2523 2430 2692 2500 τιμῆς
2727 2429 3022 2498 ἀγόμενοι·
3055 2428 3104 2482 οἳ
3134 2430 3199 2496 δὴ
3244 2429 3423 2482 πάντα
3451 2426 3742 2496 συνηθροιο

2163 2528 2324 2589 κότες
2362 2526 2463 2579 ὅσα
2516 2541 2574 2576 τε
2625 2523 2720 2576 ἐπὶ
2755 2521 2955 2592 Παύλῳ
3003 2520 3082 2592 τῷ
3129 2522 3193 2573 ἐκ
3252 2519 3614 2588 Σαμοσάτων,
3648 2519 3744 2573 καὶ

2165 2617 2416 2686 Φωτεινῷ
2441 2615 2521 2686 τῷ
2549 2617 2613 2668 ἐκ
2643 2614 2900 2685 Σιρμίου·
2938 2612 3020 2666 ἔτι
3067 2611 3126 2666 δὲ
3174 2612 3270 2665 καὶ
3301 2612 3399 2682 τὴν
3437 2612 3496 2663 ἐν
3538 2611 3745 2664 Ἀντιο-

2167 2711 2293 2781 xei;
2341 2709 2662 2764 ἐκτεθεῖσαν
2725 2707 2911 2760 πίστιν
2973 2707 3034 2760 ἐν
3099 2707 3212 2768 τοῖς
3285 2704 3586 2772 ἐγκαινίοις
3639 2705 3746 2774 τῆς

2167 2804 2469 2874 ἐκκλησίαις
2501 2803 2594 2854 ἐπὶ
2622 2799 2899 2871 προφάσει
2939 2798 3034 2851 τοῦ
3062 2796 3372 2873 ῥμοουσίουο
3403 2796 3488 2849 ἆτ’
3529 2798 3745 2866 ἐπιχει-

2173 2897 2412 2968 ρούντων
2439 2893 2605 2948 τινῶν
2660 2894 2770 2962 ἰδίᾳ
2819 2892 3078 2961 συνιστᾷν
3126 2890 3226 2962 τὴν
3265 2890 3511 2958 αἵρεσιν,
3561 2906 3746 2958 παρα-

2171 2989 2500 3052 σκευάζουσι
2531 2987 2850 3040 συναινέσαι
2874 2984 3164 3054 Λιὸέριον,
3203 2982 3520 3036 ’Δθανάσιόν
3551 2997 3610 3034 τε
3649 2985 3747 3036 καὶ

2180 3081 2554 3150 Ἀλέξανδρον,
2585 3080 2684 3133 καὶ
2729 3077 3062 3147 Σεϐηριανὸν
3109 3078 3206 3130 καὶ
3234 3076 3584 3145 Κρήσκεντα,
3617 3073 3746 3137 τοὺς

2167 3179 2227 3231 ἐν
2265 3177 2504 3245 ’Λφρικῇ
2565 3173 2627 3226 τὸ
2668 3170 2919 3242 ἱερᾶσθαι
2946 3169 3231 3241 λαχόντας.
3281 3167 3508 3236 Ἐπίσης
3547 3165 3605 3220 δὲ
3655 3167 3750 3218 αὐ-

2169 3273 2279 3332 τοῖς
2315 3269 2584 3338 ἔπραττον
2634 3265 2944 3336 Οὺρσάκιός
2995 3280 3054 3315 τε
3109 3263 3206 3316 καὶ
3241 3260 3457 3328 Οὐάλης
3503 3261 3532 3312 ὁ
3562 3261 3749 3330 Μουρ-

2171 3362 2302 3424 σῶν,
2355 3360 2452 3412 καὶ
2493 3357 2795 3428 Γερμήνιος
2841 3357 2869 3408 ὁ
2921 3355 3188 3425 Σιρμίου,
3235 3353 3329 3406 καὶ
3385 3353 3501 3405 ὅσοι
3539 3352 3599 3418 ἐξ
3633 3354 3751 3406 Ἕω

2169 3452 2563 3524 ἐπιδημοῦντες
2592 3447 2757 3522 ἦσαν.
2791 3448 3048 3519 Λιὸέριος
3090 3447 3148 3502 δὲ
3177 3448 3272 3501 καὶ
3302 3446 3470 3514 ἄλλην
3510 3445 3751 3516 μερικὴν

2169 3548 2343 3602 ἐποίει
2391 3545 2706 3616 ὁμολογίαν⁹
2739 3543 2774 3614 ἢ
2805 3541 2871 3612 δὴ
2911 3542 3318 3609 άπεκήρυττεν,
3353 3539 3470 3591 ὅσοι
3507 3537 3584 3607 μὴ
3615 3539 3746 3590 κατ’

2168 3638 2355 3692 οὐσίαν
2382 3635 2479 3689 καὶ
2508 3633 2651 3686 κατὰ
2702 3633 2881 3685 πάντα
2905 3629 3095 3697 ὅμοιον
3137 3628 3214 3697 τῷ
3267 3625 3442 3694 Πατρὶ
3475 3628 3570 3678 τὸν
3605 3625 3744 3678 Υιὸν

2170 3727 2311 3785 εἶναι
2341 3730 2545 3796 ελεγον.
2579 3727 2750 3778 Τοῦτο
2778 3723 2822 3776 δ’
2849 3721 3062 3782 ἐποίει,
3093 3719 3218 3773 ἐπεὶ
3248 3718 3502 3782 Eosdem;
3553 3735 3614 3770 τε
3649 3719 3753 3771 καὶ

2167 3827 2218 3880 οἱ
2247 3827 2346 3878 σὺν
2373 3819 2521 3890 αὐτῷ
2549 3818 2655 3888 πρὸ
2687 3815 2918 3887 βραχέος
2949 3816 3004 3867 ἐν
3046 3809 3354 3881 Ἀντιοχείᾳ
3393 3809 3753 3872 συνελθόντες

497 3906 888 3960 communione
945 3905 1187 3972 arcebat,
1253 3907 1348 3976 qui
1405 3907 1603 3962 Filium
1630 3908 1774 3962 Patri
1825 3924 1934 3962 non
1984 3923 2066 3963 sc-

2175 3913 2315 3982 ὑπὲρ
2367 3911 2471 3980 τῆς
2513 3908 2723 3962 Ἀετίου
2751 3906 3039 3976 αἱρέσεως.
3074 3902 3241 3973 ἡνίκα
3284 3905 3384 3969 τὴν
3413 3900 3508 3953 τοῦ
3553 3899 3753 3952 Ὀσίου

497 3999 740 4053 cundum
792 3999 1158 4054 substantiam
1209 4010 1263 4054 et
1313 4015 1411 4070 per
1462 4002 1644 4054 omnia
1700 4001 1937 4054 similem
1982 4001 2066 4055 di-

497 4100 706 4146 cerent.
761 4091 819 4144 ιιι
875 4100 1167 4160 propterea
1216 4090 1381 4155 fecit,
1443 4091 1589 4161 quod
1634 4091 1942 4152 Eudoxius,
2011 4101 2068 4145 et

499 4182 591 4251 qui
628 4182 889 4236 factionis
913 4183 1034 4252 ejus
1055 4183 1232 4248 fuere,
1265 4197 1376 4237 non
1409 4184 1481 4237 ita
1514 4183 1727 4252 pridem
1759 4182 2069 4239 Antiochiae

499 4283 730 4344 pr0pter
761 4273 907 4328 Aetii
940 4272 1193 4328 haeresim
1232 4274 1572 4344 congregati,
1607 4289 1732 4328 cum
1763 4273 1913 4329 ilosii
1949 4275 2067 4344 epi-

500 4367 702 4421 stolam
728 4369 781 4419 in
815 4367 1074 4422 manibus
1107 4365 1404 4430 baberent,
1439 4367 1742 4436 plurimum
1770 4367 2067 4422 verborum

502 4461 770 4522 fecerant,
814 4459 1022 4529 quibus
1056 4458 1342 4514 Liberium
1380 4473 1479 4528 per
1513 4457 1845 4512 calumniam
1879 4459 2072 4512 tradu-

501 4561 731 4607 xerant:
767 4550 996 4622 perinde
1033 4561 1200 4621 atque
1237 4551 1298 4603 τὸ
1325 4551 1613 4620 ὁμοούσιον
1640 4587 1656 4612 ,
1691 4550 2066 4605 consubstan-

506 4647 658 4712 tiale,
694 4645 1065 4714 repudiasset,
1115 4653 1174 4699 et
1195 4643 1344 4698 Patri
1384 4640 1586 4698 Filium
1629 4641 1858 4696 omnino
1909 4642 2072 4697 dissi-

503 4739 692 4793 milem
725 4738 978 4792 dixisset.
1013 4735 1398 4792 Occidentales
1423 4734 1586 4804 legati
1625 4734 1792 4788 rebus
1816 4734 1891 4788 ita
1930 4734 2071 4789 bene

503 4831 696 4901 gestis,
742 4839 1025 4900 assumpto
1059 4845 1246 4884 secum
1277 4829 1524 4890 Liberio,
1555 4827 1787 4881 Romam
1821 4835 2071 4882 reverte-

508 4935 662 4985 runt,
702 4924 916 4977 litteras
956 4922 1024 4976 ab
1069 4921 1348 4992 episcopis
1397 4920 1587 4975 Sirmii
1620 4919 1964 4988 congregatis
2003 4918 2070 4973 ad

507 5016 746 5070 Felicem
791 5015 1051 5068 Romanae
1096 5023 1210 5068 tum
1241 5012 1499 5068 Ecclesiae
1530 5011 1875 5082 praefectum,
1912 5011 2076 5080 770

508 5117 564 5162 et
589 5107 657 5163 ad
693 5107 900 5161 clerum
955 5106 1325 5176 populumque
1357 5106 1616 5160 Ecclesia:
1649 5105 1902 5175 ejusdem
1935 5105 2074 5159 affe-

510 5212 700 5257 rentes
733 5218 748 5254 :
786 5199 1014 5269 quibus,
1041 5208 1102 5252 ut
1132 5209 1406 5268 pastorem
1437 5213 1600 5252 suum
1632 5198 1874 5253 libenter
1900 5198 2076 5253 susci-

516 5300 731 5364 perent,
768 5290 1230 5349 admonebantur.
1279 5287 1565 5343 Ambobus
1613 5303 1778 5358 porro
1807 5298 1865 5343 et
1903 5289 2074 5344 Felici

514 5397 569 5441 et
591 5383 818 5440 Liberio
857 5382 1188 5452 permissum
1221 5392 1307 5435 est
1334 5381 1704 5434 communiter
1744 5394 1901 5433 sacra
1922 5394 2084 5433 cura-

515 5491 593 5540 re,
629 5485 686 5529 et
717 5484 777 5530 ut
817 5473 981 5528 ambo
1026 5471 1231 5542 pariter
1275 5471 1463 5524 sedem
1517 5470 1874 5539 apostolicam
1906 5469 2085 5524 admi-

515 5569 840 5630 nistrarent,
886 5566 1260 5621 communiter
1296 5578 1568 5619 consensu
1609 5578 1764 5618 sacra
1795 5574 2080 5628 curarent,

519 5668 686 5724 atque
741 5669 856 5714 tum
907 5674 1095 5713 casum
1149 5657 1413 5712 acerbum
1474 5658 1566 5726 qui
1622 5656 1675 5710 in
1729 5655 2082 5710 ordinatione

525 5750 722 5808 Felicis
762 5753 1073 5819 accidisset,
1116 5761 1232 5806 tum
1267 5750 1519 5806 exsilium
1572 5751 1778 5806 Liberii
1803 5739 2082 5805 oblivione

2169 4003 2465 4071 ἐπιστολὴν
2515 4001 2675 4069 ἔσχον
2725 3999 2803 4060 είς
2856 4000 3069 4066 χεῖρας,
3101 3995 3264 4063 λόγον
3311 3994 3411 4047 οὐκ
3454 3993 3753 4062 ἐλάχιστον

2171 4095 2471 4159 ἐποιοῦντο,
2507 4090 2885 4150 διαϐάλλοντες
2911 4125 2926 4149 ,
2977 4088 3052 4149 ὡς
3105 4086 3190 4154 εἴη
3234 4085 3330 4138 καὶ
3385 4084 3645 4155 Λιϐέριος
3682 4084 3750 4136 τὸ

2169 4187 2456 4259 ὁμοούσιον
2505 4182 2954 4251 ἀποδοκιμάσας,
2990 4181 3084 4232 καὶ
3137 4177 3218 4248 τῷ
3271 4178 3449 4248 Πατρὶ¹
3487 4178 3581 4230 τὸν
3618 4175 3754 4230 Υίδν

2169 4284 2424 4353 ἀνόμοιον
2455 4279 2530 4340 ὡς
2571 4275 2775 4329 ἐπίπαν
2823 4271 3080 4340 δοξάζων.
3121 4272 3233 4324 Καὶ
3269 4271 3318 4322 οἱ
3363 4269 3465 4339 μὲν
3507 4270 3570 4322 ἐκ
3609 4268 3755 4322 Ῥῶ·-

2175 4393 2283 4445 μης
2311 4373 2572 4445 πρέσϐεις
2608 4367 2833 4423 τοιαῦτα
2877 4365 3332 4436 κατωρθωκότες,
3363 4364 3455 4416 τὸν
3487 4363 3756 4433 Λιὸέριον

2175 4469 2296 4537 μεθ’
2363 4465 2572 4520 ἑαυτῶν
2638 4461 2945 4522 λαϐόντες,
3003 4457 3310 4526 ἐπανῆλθον
3360 4457 3443 4518 εἰς
3501 4455 3754 4525 Ῥώμην,

2175 4563 2480 4634 γράμματα
2521 4555 2632 4611 τῶν
2677 4557 2734 4608 ἐν
2764 4554 2980 4625 Σιρμῐῳ
3013 4551 3348 4619 ἐπαγόμενοι
3373 4549 3628 4618 ἀσμένως
3658 4551 3756 4601 τὸν

2171 4651 2637 4721 οἰκεῖον.ποιμένα
2676 4645 3113 4718 προσδέξασθαι,
3160 4645 3197 4698 ὃ.
3244 4642 3380 4711 πρός
3429 4657 3490 4692 τε
3533 4641 3759 4708 Φήλικα

2171 4749 2262 4802 τὸν
2291 4744 2548 4816 τηνικάδε
2583 4743 2891 4810 ἡγούμενον
2921 4737 3022 4806 τῆς
3049 4734 3341 4804 Ῥωμαίων
3381 4731 3756 4801 Ἐκκλησίας,

2175 4837 2440 4903 καὶπρὸς
2483 4835 2576 4887 τὸν
2627 4832 2810 4885 ἐκεῖσε
2852 4827 3053 4898 κλῆρόν
3093 4842 3153 4877 τε
3189 4824 3283 4877 καὶ
3316 4823 3446 4875 λαὸν
3475 4821 3757 4873 ἐπέστέλ-

2176 4935 2351 4985 λοντο.
2389 4926 2754 4997 Παρεχὼρουν
2791 4937 2850 4972 τε
2883 4923 2976 4972 καὶ
3016 4917 3185 4985 ἄμφω
3210 4915 3421 4984 Φήλικα
3457 4915 3550 4964 καί
3583 4910 3759 4964 Λιϐε-

2183 5039 2320 5094 ριον,
2350 5020 2503 5088 κοινῇ
2525 5034 2584 5070 τε
2615 5013 2889 5084 ἱερᾶσθαι,
2924 5011 3020 5064 καὶ
3044 5009 3137 5062 τὸν
3158 5005 3524 5060 ἀποστολικδν
3552 5005 3759 5074 θρόνον

2179 5109 2589 5181 ἐπιτροπεύειν,
2635 5106 2963 5176 ὁμοφρονεῖν
3011 5119 3070 5153 τε
3127 5099 3220 5153 καὶ⁵
3255 5097 3567 5166 ἀμνηστίαν
3598 5097 3756 5165 ἔχειν

2177 5205 2287 5258 τῶν
2346 5199 2764 5270 ἐπισυμϐάντων
2823 5196 2900 5267 τῷ
2971 5196 3121 5266 μέσῳ
3171 5191 3435 5262 ἀνιαρῶν.
3507 5190 3758 5256 ’Δγαθδν

2179 5297 2287 5367 γὰρ
2318 5297 2518 5363 ἐντοῖς
2568 5291 2805 5360 μάλιστα
2853 5287 2981 5340 ὄντα
3029 5284 3280 5354 Λιὸέριον
3311 5322 3326 5345 ,
3359 5283 3459 5334 καὶ
3499 5280 3760 5351 στερρῶς

2177 5389 2255 5458 τῷ
2309 5385 2519 5456 βασιλεῖ
2577 5381 3056 5436 ἀντικαταστάντα
3107 5377 3255 5445 ὑπὲρ
3298 5375 3406 5427 τῶν
3439 5374 3618 5443 ὀρθῶν
3654 5372 3766 5439 τῆς

2191 5477 2518 5547 Ἐκκλησίας
2545 5473 2856 5543 δογμάτων,
2888 5470 2977 5522 διὰ
3011 5469 3214 5538 πολλῆς
3247 5462 3350 5536 ἦγε
3384 5462 3622 5531 στοργῆς
3655 5460 3768 5512 καὶ

2182 5565 2584 5638 φιλοφροσύνης
2620 5564 2648 5615 ὁ
2691 5563 2791 5631 τῆς
2846 5559 3061 5628 Ῥώμης
3094 5555 3242 5619 λαὸς,
3298 5555 3375 5616 ὡς
3417 5556 3485 5620 τῇ
3549 5547 3765 5617 ἐκϐολῇ

2183 5652 2351 5710 αὐτοῦ
2403 5655 2498 5708 καὶ
2555 5652 2718 5723 μέχρι
2757 5650 2936 5720 φόνων
2973 5649 3073 5716 τὴν
3142 5646 3282 5714 ὑπὲρ
3339 5641 3506 5696 αὑτοῦ
3555 5640 3768 5726 στάσιν

2182 5749 2450 5818 χωρῆσαι.
2496 5745 2659 5800 vim
2712 5744 2852 5816 μετὰ⁴
2899 5741 3070 5813 βραχὺ
3121 5739 3285 5808 Φῆλιξ
3338 5735 3436 5806 μὲν
3487 5731 3718 5788 άπεᾶίω
3750 5745 3769 5762 ·
