3970 6190
487 313 594 378 3Ἵ5

1695 314 1744 373 Ν
1750 311 2115 374 ICEPIIORI
2155 312 2498 376 CALLISTI

3573 332 3658 395 3'76

487 429 656 484 Multa
703 426 752 482 is
797 425 965 482 etiam
1016 439 1182 494 supra
1232 426 1341 479 vim
1384 435 1443 480 et
1497 435 1715 496 captum
1767 425 2051 480 hominum

2170 430 2223 497 τῇ
2249 430 2318 498 γῇ
2356 425 2762 498 προσαρῤἁξαι,
2792 426 2888 480 καὶ
2931 425 3078 480 οὕτω
3111 427 3472 500 διαρραγῆναι.
3501 437 3661 496 Πολλοὶ

461 520 620 576 ’ίοείι
649 538 664 574 :
703 519 982 574 dzemooes
1022 531 1262 585 namque
1292 516 1477 587 ejecit,
1513 517 1637 572 aliis
1661 532 1880 587 quoque
1905 516 2050 571 casio

489 613 595 668 bus
647 611 875 665 afﬂictos
924 609 1174 662 homines
1233 607 1498 671 restituit,
1554 616 1610 663 et
1655 608 1723 662 ad
1775 610 2051 662 saniorem

490 711 730 756 mentem
765 701 967 754 multos
997 697 1242 752 reduxit.
1267 697 1651 753 Etdraconem
1675 699 1792 754 sive
1823 699 2055 754 alterius

489 792 771 861 reptilium
811 791 1036 860 generis
1065 806 1402 846 venenosam
1448 791 1621 846 feram
1676 793 1778 859 via:
1820 792 2053 861 publicas

489 883 862 948 incubantem,
910 891 965 937 et
1019 882 1209 936 aﬂlatu
1257 884 1378 937 solo
1435 882 1676 936 viatores
1741 890 2054 947 necautem,

487 975 758 1038 oratione,
807 991 876 1030 ex
906 975 1140 1029 latibulo
1172 984 1229 1030 ut
1285 987 1481 1044 sponte
1533 990 1631 1029 sua
1679 974 1950 1044 prodiret,
1999 982 2057 1028 et

488 1082 586 1136 per
617 1065 858 1135 seipsam
899 1075 1065 1134 caput
1111 1065 1278 1120 semel
1310 1075 1476 1135 atque
1511 1065 1711 1119 iterum
1751 1073 1913 1119 terrae
1948 1064 2053 1118 illi-

487 1161 664 1222 deret,
702 1167 759 1212 et
785 1157 865 1212 sic
903 1157 1120 1211 tandem
1154 1166 1530 1227 rumperetur,
1565 1159 1855 1224 protraxit.
1901 1156 2055 1210 Multi

488 1265 622 1305 sane
672 1249 932 1304 mortales
983 1248 1316 1303 Nicomedia:
1354 1249 1429 1319 (1)
1477 1250 1652 1305 ruinis
1698 1249 2055 1303 a-difieiorum

491 1341 849 1402 interierunt,
908 1340 1067 1393 multi
1123 1339 1228 1393 sibi
1285 1338 1410 1409 fuga
1468 1340 1523 1393 in
1583 1340 1942 1394 solitudinem
2002 1350 2059 1394 et

489 1447 654 1501 agros
707 1431 1135 1485 consuluerunt.
1187 1430 1405 1485 Etenim
1465 1431 1703 1486 incendii
1765 1431 1984 1484 flamma
2027 1448 2059 1486 e

489 1521 669 1574 furnis
727 1529 783 1574 ct
831 1520 1044 1575 balneis
1100 1520 1447 1592 oﬂicinisque
1506 1519 1783 1576 artilicum
1844 1523 1936 1592 qui
1991 1521 2059 1576 ad

493 1611 671 1679 ignem
721 1625 863 1680 opus
893 1610 1104 1665 faciunt
1137 1621 1348 1674 coorta,
1375 1621 1430 1666 et
1467 1612 1764 1667 ruderibus
1794 1611 2059 1672 deciden-

493 1705 630 1756 tium
663 1703 970 1756 culminum
1011 1703 1401 1764 circumclusa,
1441 1704 1781 1774 materiaque
1811 1705 2058 1774 proxima

2160 521 2258 590 μὲν
2288 519 2382 573 οὖν
2423 519 2803 591 διεφθάρησαν
2843 522 2960 582 τοῖς
2995 519 3278 588 ἐρειπίοιςθ
3308 525 3354 576 οί
3382 525 3432 577 δὲ
3458 530 3526 583 είς
3551 533 3664 603 ὲρη-

2160 614 2289 683 μίας
2340 612 2652 681 διέδρασαν.
2696 613 2806 666 Καὶ
2841 612 2981 682 φλὸξ
3021 614 3136 681 γάρ
3171 631 3251 676 τις
3279 615 3342 668 ἐκ
3361 634 3489 682 τινος
3515 638 3665 693 παρα-

2157 707 2420 776 κειμένης
2456 705 2607 777 ὕλης,
2635 707 2743 759 ἀπό
2785 723 2847 759 τε
2879 708 3118 772 πνιγέων
3150 707 3366 760 καὶτῶν
3392 709 3660 782 βαλανείων,

2156 801 2251 851 καί
2295 816 2459 852 τινων
2496 799 2627 869 περὶ
2660 800 2760 861 τὰς
2800 799 3086 870 ἐμπύρους
3114 797 3306 867 τέχνας
3343 807 3662 871 πονουμένων,

2159 891 2532 960 ἐρειπομένων
2579 891 2690 943 τῶν
2738 891 2953 962 ὀρόφων
2995 873 3425 962 περικλιισθεῖσα
3450 935 3462 957 ,
3505 899 3666 966 tivam-

2159 983 2366 1049 γέντων
2393 981 2469 1044 ὡς
2517 981 2664 1044 εἰκὸς
2698 982 3016 1050 φρυγάνων,
3049 983 3141 1033 καὶ
3179 981 3279 1034 ὅσα
3317 982 3526 1054 ἐλαιώδη
3553 987 3666 1048 ἐστὶ,

2159 1074 2424 1143 καὶπρὸς
2475 1073 2535 1126 τδ
2589 1071 2846 1126 καίεσθαι
2898 1071 3088 1142 ῥᾳδίαν
3141 1070 3238 1140 τὴν
3288 1073 3511 1125 ἐπίδοσιν
3543 1075 3666 1144 ἔχει,

2159 1165 2458 1234 ὲξαφθεῖσα
2519 1165 2599 1236 τῷ
2653 1165 2753 1235 τῆς
2795 1165 3005 1234 τροφῆς
3052 1164 3306 1235 ἀφθόνῳ,
3364 1164 3584 1234 ’ἕρπουσα
3621 1184 3670 1219 τε

2161 1256 2500 1325 ἁπανταχοῦ,
2545 1258 2642 1311 καὶ
2692 1256 3077 1327 συναπτομένη
3112 1255 3268 1319 αὖθις
3314 1257 3440 1326 πρὸς
3468 1258 3666 1326 ἑαυτὴν,

2163 1348 2293 1419 μίαν
2348 1351 2548 1418 πυρὰν,
2577 1349 2652 1412 ὠς
2696 1351 2895 1412 εἰπεῖν,
2935 1348 3035 1416 τὴν
3080 1347 3230 1400 πόλιν
3275 1347 3479 1401 ἃπασαν
3511 1350 3669 1400 ἐποίεισ

2161 1441 2254 1492 και
2291 1425 2480 1492 πολλοὶ
2534 1438 2612 1508 τῷ
2655 1440 2792 1506 πυρὶ
2845 1439 3063 1507 δαπάνη
3118 1440 3382 1505 ἐγένοντο,
3435 1438 3674 1503 ἀδιεξόδων

2161 1529 2268 1582 τῶν
2305 1530 2469 1583 οἴκων
2505 1530 2916 1599 γεγενημένων.
2971 1529 3129 1583 Οὕτω
3171 1530 3226 1581 δὲ
3255 1530 3352 1603 ,τοῦ
3383 1532 3512 1581 κατὰ
3544 1529 3676 1581 Νικι-

2167 1622 2393 1693 μήδειαν
2441 1622 2652 1685 πάθους
2694 1622 2948 1691 ἐμποδὼν
2999 1623 3107 1683 τοῖς
3146 1621 3457 1682 ἐπισκόποις
3483 1637 3676 1689 γεγενη-

2168 1713 2355 1784 μένου,
2412 1714 2631 1782 πρῶτον
2687 1713 2789 1782 μὲν
2839 1712 3053 1783 βασιλεῖ
3105 1712 3279 1765 ἐδόκει
3324 1712 3458 1765 κατὰ
3484 1712 3678 1762 Νίκαιαν

490 1807 546 1848 et
586 1796 906 1858 sarmentis,
955 1805 1015 1851 ut
1062 1795 1178 1850 fieri
1223 1795 1383 1862 solet,
1434 1796 1486 1850 ei
1529 1796 1807 1863 admistis,
1842 1796 2059 1851 tabula-

2170 1778 2328 1857 πάλιν
2362 1778 2616 1873 γενέσθαι
2661 1778 2764 1876 τὴν
2814 1778 3055 1859 σύνοδον.
3097 1806 3210 1858 Καὶ
3238 1803 3402 1873 πολλῇ
3433 1805 3536 1865 τοῖς
3567 1805 3683 1871 ἀμφὶ

493 1888 672 1958 tisque
698 1888 933 1943 resinam
967 1889 1390 1954 exsudantibus,
1420 1901 1477 1944 et
1523 1887 1590 1942 ad
1621 1888 2051 1959 concipiendum

495 1980 1018 2050 propagandumque
1064 1980 1245 2050 ignem
1295 1979 1605 2035 commodis
1652 1989 1813 2035 aucta
1841 2020 1855 2044 ,
1908 1987 2058 2034 tanta

491 2072 747 2127 alimenti
779 2071 939 2140 capia
975 2073 1032 2126 in
1070 2083 1254 2141 partes
1283 2087 1477 2127 omnes
1507 2086 1862 2142 proserpens,
1901 2081 1958 2126 et
1991 2072 2059 2126 ad

493 2164 728 2234 seipsam
782 2176 1088 2230 revertens,
1120 2165 1309 2230 gveluti
1360 2179 1528 2218 unum
1588 2165 1675 2234 (ut
1724 2164 1800 2218 ita
1855 2162 2060 2230 dicam)

494 2259 778 2313 ardentem
828 2273 1019 2328 rogum
1059 2257 1252 2312 urbem
1297 2257 1471 2326 ipsam
1505 2255 1786 2312 eﬂ‘ecerat.
1821 2256 1941 2323 Quo
1977 2258 2060 2310 in-

494 2351 714 2416 cendio,
756 2349 903 2420 quod
953 2365 1021 2404 ex
1065 2349 1280 2404 sedibus
1336 2352 1606 2406 transitus
1661 2365 1768 2404 non
1819 2357 2059 2420 pateret,

496 2441 650 2496 multi
686 2449 816 2496 sunt
848 2443 1185 2512 consumpti.
1220 2442 1288 2496 Et
1318 2442 1582 2512 quoniam
1616 2440 2065 2496 Nicomediensis

493 2549 659 2590 casus
684 2535 1075 2603 episcOporum
1103 2546 1443 2591 conventum
1492 2535 1912 2598 interturbavit,
1950 2535 2064 2606 pri-

495 2641 645 2681 mum
688 2628 916 2698 quidem
963 2628 1309 2698 imperatori,
1342 2636 1400 2682 ut
1441 2627 1636 2684 Nic-rea:
1681 2644 1902 2684 rursum
1933 2642 2068 2684 con-

493 2730 880 2790 gregarentur,
928 2721 1160 2790 placuit.
1202 2720 1439 2775 Basilius
1483 2731 1667 2775 autem
1710 2719 1779 2774 de
1828 2733 1896 2772 eo
1943 2719 2067 2773 loco

496 2813 591 2866 diu
621 2813 967 2882 multumque
992 2813 1346 2867 deliberavit.
1373 2811 1440 2865 Et
1461 2811 1542 2866 sic
1574 2811 1630 2865 in
1663 2810 1797 2866 urbe
1823 2811 2066 2876 Nic-aena,

497 2908 702 2977 populo
739 2907 816 2961 ibi
847 2907 997 2961 omni
1025 2905 1716 2972 terramdtueonturbato,
1741 2904 2068 2959 deliberatio

497 2998 760 3052 hterebat.
811 2998 974 3067 772
1022 2996 1198 3051 Porro
1245 2997 1427 3052 Marco
1477 2998 1804 3063 Arethusia,
1831 2995 2068 3063 Georgio

498 3093 897 3157 Alexandrino,
931 3076 985 3145 et
1019 3091 1216 3146 Basilio
1259 3093 1571 3162 Ancyrauo,
1607 3093 1700 3162 qui
1735 3101 1850 3146 tum
1879 3089 2066 3145 Sirmii

499 3200 625 3239 cum
659 3185 994 3253 imperatore
1027 3185 1082 3238 in
1130 3184 1354 3253 negotio
1396 3183 1633 3253 quisque
1665 3199 1767 3238 suo
1809 3183 2068 3254 agebant,

502 3279 710 3332 Tarsus
742 3275 950 3332 Cilicia:
978 3276 1267 3330 commoda
1298 3276 1436 3331 visa.
1466 3275 1538 3330 Ut
1567 3292 1697 3331 vero
1725 3287 1781 3331 et
1813 3281 1925 3330 ha-c
1953 3275 2075 3329 aliis

500 3373 685 3426 minus
711 3370 1012 3424 convenire
1050 3368 1366 3424 existimata
1388 3379 1495 3432 est,
1536 3370 1757 3424 tandem
1792 3379 1852 3424 ut
1882 3368 2076 3423 Seleu-

498 3465 598 3519 cia:
628 3465 680 3517 in
701 3463 904 3517 Isauria
922 3459 1164 3533 synodus
1182 3471 1458 3532 ageretur,
1485 3464 1871 3516 constitutum.
1896 3462 2074 3530 Atque

502 3560 606 3615 hoc
657 3558 736 3614 sic
798 3558 1042 3621 decreto,
1079 3556 1209 3626 quia
1261 3556 1336 3611 ibi
1389 3557 1620 3612 aderant
1648 3556 1868 3621 Valens,
1905 3556 2075 3612 Ursa-

500 3652 622 3705 eius
681 3659 738 3705 et
777 3647 1082 3712 Eudoxius,
1125 3649 1216 3717 qui
1262 3648 1608 3718 potissimum
1680 3649 2072 3702 Anomworum

501 3743 750 3814 opinioni
781 3742 1075 3812 prmibaut,
1109 3744 1419 3796 ell'ecerunt
1457 3741 1563 3805 illi,
1615 3749 1674 3795 ut
1714 3740 1960 3811 episcOpi
2008 3754 2076 3795 eo

500 3837 626 3892 loco
653 3835 968 3905 congregati
1001 3833 1256 3887 formula:
1310 3833 1436 3887 fidei
1463 3848 1530 3886 ex
1558 3841 1807 3903 tempore
1839 3847 2073 3902 compo-

503 3931 629 3985 sitae
662 3927 1102 3985 subscriberent.
1131 3925 1190 3980 In
1225 3942 1332 3995 qua
1361 3925 1594 3981 formula
1627 3925 1952 3981 substantiae
1980 3941 2078 3979 no-

502 4039 632 4077 men
683 4023 952 4078 insertum
993 4035 1101 4074 non
1151 4028 1292 4074 erat.
1343 4019 1548 4074 Adhaec
1601 4019 1654 4073 in
1713 4018 1918 4072 ultimis
1974 4017 2075 4088 ipsi

507 4129 695 4170 secum
749 4114 1122 4182 perpendere,
1175 4113 1472 4182 episeopos
1531 4110 1806 4166 Seleuciae
1855 4121 2078 4166 coaetos

509 4207 710 4276 partim
737 4205 1013 4260 Nicaenam
1048 4204 1234 4266 fidem,
1261 4203 1460 4272 partim
1493 4203 1800 4258 Antiochia:
1846 4201 1901 4256 in
1939 4211 2080 4256 tem-

509 4300 586 4369 pli
619 4298 970 4354 dedicatione
999 4295 1403 4366 professionem
1435 4295 1639 4350 editam
1667 4293 2078 4364 complexuros,

507 4401 566 4447 et
596 4407 695 4463 per
724 4389 1133 4445 aemulationem
1157 4389 1440 4442 ardentius
1471 4385 1797 4441 defensuros
1821 4405 1836 4451 ;
1863 4380 2083 4441 utram-'

2159 1895 2442 1949 Βασίλειον
2472 1897 2599 1963 περὶ
2642 1898 2834 1952 τούτου
2872 1897 3064 1965 σκέψις
3101 1895 3338 1965 ἐγίνετο.
3382 1894 3683 1948 ’Δνεδάλλον-

2158 2004 2219 2040 το
2255 1987 2302 2040 δ’
2345 1991 2401 2040 ὲν
2435 1989 2646 2060 Νικαίᾳ
2668 2030 2684 2053 ,
2717 1989 2822 2042 ύπὺ
2857 1989 3102 2060 σεισμῶν
3132 1989 3527 2059 τεταραγμένου
3553 1986 3688 2056 δῆθεν

2159 2079 2253 2132 τοῦ
2306 2078 2516 2142 ἔθνους.
2554 2080 2664 2132 Καὶ
2717 2080 2894 2133 ἐδόκει
2931 2082 3045 2142 τοῖς
3084 2080 3215 2150 περὶ
3263 2077 3583 2149 Ἀρεθούσιον
3607 2075 3685 2128 καὶ

2160 2170 2250 2222 τὸν
2292 2168 2702 2240 Ἀλεξανδρείας
2730 2169 3024 2239 Γεώργιον,
3056 2169 3338 2222 Βασίλειόν
3381 2185 3436 2220 τε
3467 2169 3549 2219 τδιι
3583 2167 3690 2230 ’Δγ-

2162 2262 2334 2332 κύρας
2367 2262 2670 2330 τηνικαῦτα
2697 2265 2794 2316 σὺν
2825 2263 2902 2332 τῷ
2930 2263 3140 2333 βασιλεῖ
3165 2264 3222 2316 ὲν
3248 2262 3452 2332 Σιρμίῳ
3477 2260 3692 2325 διάγουσι

2165 2355 2295 2426 περὶ
2355 2355 2572 2425 Ταρσὸν
2628 2355 2728 2423 τῆς
2789 2353 3064 2416 Κιλικίας.
3112 2355 3204 2418 Ὧς
3305 2354 3362 2407 δὲ
3431 2355 3516 2406 καὶ
3564 2351 3694 2404 τοῦτο

2168 2445 2244 2516 μὴ
2303 2445 2582 2515 προσῆκον
2635 2445 2850 2510 ἐδόκει,
2901 2444 3166 2514 ὡρίζοντο
3217 2446 3344 2512 περὶ
3414 2440 3693 2492 Σελεύκειαν

2163 2538 2264 2607 τῆς
2310 2537 2589 2607 Ἰσαυρίας
2620 2537 2880 2604 γενέσθαι
2915 2536 3016 2607 τὴν
3065 2537 3307 2589 σύνοδον.
3339 2534 3545 2589 Τούτων
3581 2531 3697 2584 οὕτω

2165 2627 2438 2694 δοξάντων
2472 2665 2488 2692 ,
2533 2628 2657 2680 ἐπεὶ
2711 2627 2970 2698 παρῆσαν
3025 2627 3146 2680 ἐκεῖ
3194 2628 3297 2683 καὶ
3334 2626 3383 2678 οἱ
3426 2623 3559 2694 ἀμφὶ
3585 2619 3700 2674 0ὒὰ-

2166 2721 2328 2774 λεντα
2375 2722 2470 2774 και
2505 2721 2800 2792 υύρσίκιον
2823 2721 2918 2775 και
2948 2719 3291 2784 gesseram:
3329 2702 3425 2788 τῆς
3454 2716 3553 2768 τῶν
3575 2715 3703 2768 Ἀνο-

2172 2813 2336 2884 μοίων
2382 2814 2542 2884 δόξης
2591 2815 2918 2886 προῖσταντο
2959 2813 3225 2883 μάλιστα,
3270 2807 3704 2880 παρασκευάζουσι

2170 2906 2298 2967 τοὺς
2326 2906 2502 2957 ὲκεῖσε
2529 2904 2957 2974 εὑρισκομένους
2985 2902 3094 2955 τῶν
3133 2901 3474 2964 ἐπισκόπων,
3500 2900 3569 2960 si;
3592 2912 3704 2966 γρα-

2173 2995 2282 3064 φήν
2335 3011 2458 3047 τινα
2507 2993 2744 3058 πίστεως
2794 2996 2860 3047 ἐκ
2887 2993 2982 3048 τοῦ
3017 2994 3212 3065 σχεδδν
3249 2991 3605 3062 γεγενημένην
3629 3005 3707 3040 κα·

2099 3118 2143 3179 C
2175 3088 2554 3158 θυπογράψαι,
2658 3090 2718 3142 τὸ
2751 3087 2854 3157 τῆς
2907 3088 3098 3151 ούσίας
3138 3089 3245 3140 οὐκ
3282 3087 3515 3138 ἐνέκειτο
3544 3082 3706 3148 δνομα.

2178 3185 2322 3254 Πρὸς
2351 3183 2408 3236 δὲ
2442 3183 2652 3246 τούτῦις
2691 3183 2750 3235 ἐν
2777 3183 2852 3252 νῷ
2881 3182 3120 3252 θέμενοι,
3148 3183 3228 3245 ὡς
3279 3181 3328 3233 oi
3369 3175 3709 3247 ἀθροιζόμενοι

2175 3279 2232 3331 ἐν
2279 3277 2569 3349 Σελευκείᾳ
2627 3279 2942 3340 ἐπίσκοποι,
2988 3279 3038 3330 οἱ
3069 3276 3166 3348 μὲν
3205 3277 3306 3348 την
3333 3277 3389 3328 ἐν
3422 3269 3614 3340 Νικαία
3639 3267 3712 3320 πί-

2178 3386 2316 3434 στιν,
2358 3370 2409 3422 οί
2459 3371 2515 3422 δὲ
2560 3363 2748 3441 τὴνὲν
2793 3370 3099 3441 Ἀντιοχείᾳ
3150 3367 3524 3438 γεγενημένην
3555 3363 3636 3413 ἐπὶ
3655 3360 3710 3427 τῇ

2174 3462 2269 3515 τοῦ
2306 3462 2411 3515 νεὼ
2463 3461 2815 3533 καθιερώσει,
2863 3463 2958 3515 καὶ
3013 3461 3314 3530 στέργουσι
3370 3459 3466 3511 καὶ⁵
3499 3451 3713 3521 ζηλοῦσι.

2178 3554 2291 3607 Καὶ
2353 3553 2524 3624 ἄμφω
2582 3553 2638 3607 δὲ
2687 3555 2748 3608 τὸ
2799 3554 2896 3623 τῆς
2941 3554 3136 3616 οὐσίας
3187 3555 3364 3622 ὄνομα
3418 3549 3606 3620 ἔχουσι’
3639 3544 3716 3595 καὶ

2179 3648 2322 3701 κατὰ
2353 3650 2532 3702 πάντα
2563 3649 2750 3718 ὅμοιον
2780 3647 3084 3719 διαρρήδην
3131 3646 3470 3717 κηρύττουσι
3491 3641 3573 3695 τὸν
3608 3635 3717 3690 Υἱδν

2175 3740 2255 3810 τῷ
2291 3739 2486 3809 Πατρὶ.
2545 3741 2613 3794 Εἰ
2663 3757 2728 3808 γε
2789 3741 2968 3794 τοίνυν
3015 3741 3097 3802 είς
3139 3737 3203 3792 ἓν
3234 3741 3499 3808 γένοιντο,
3532 3733 3720 3790 πάντως

2179 3835 2279 3904 τὴν
2319 3832 2526 3888 Ἀετίου
2553 3833 2710 3898 δόξαν
2743 3832 3059 3886 ἁπώσονται
3080 3850 3094 3864 ·
3131 3835 3198 3903 ἢν
3232 3835 3434 3886 ἐκεῖνοι
3466 3822 3720 3882 ὲπαινοῦνο

2177 3945 2271 3992 τες
2318 3923 2418 3981 διὰ
2459 3926 2696 3998 σπουδῆς
2733 3927 2990 3997 συνιστᾷν
3025 3926 3354 3996 ἐπειρῶντο.
3385 3924 3449 3975 Τί
3482 3919 3721 3992 πράττου-

2183 4037 2300 4087 σιν;
2353 4020 2717 4091 Οίκονομοῦσι
2751 4019 2910 4090 δόλῳ,
2945 4020 3073 4081 τοὺς
3112 4020 3213 4089 μὲν
3268 4019 3336 4070 ἐκ
3388 4014 3486 4083 τῆς
3514 4009 3721 4078 ἑσπέρας

2181 4116 2260 4177 εἰς
2313 4113 2598 4183 Ἀρίμινον
2627 4112 2984 4182 συνδραμεῖν,
3016 4111 3140 4172 τοὺς
3172 4110 3231 4164 δὲ
3281 4107 3347 4173 ἐξ
3393 4107 3507 4160 Ἕω
3533 4106 3607 4165 εἰς
3636 4099 3720 4167 τὴν

2182 4206 2279 4274 τῆς
2328 4206 2605 4277 Ίσαυρίις
2664 4204 3024 4258 Σελεύκειαν
3074 4203 3150 4263 ὡς
3190 4203 3259 4256 ἂν
3301 4202 3387 4270 εῐη
3420 4198 3646 4257 εὐκόλως
3674 4191 3728 4244 τὸ

2188 4299 2566 4368 μελετώμενον
2619 4297 2774 4368 δρᾷν·
2813 4297 2945 4367 ῥᾷον
2987 4295 3096 4365 γὰρ
3146 4293 3323 4364 ᾤοντο
3382 4293 3506 4352 τοὺς
3539 4287 3728 4354 ὀλίγους

2185 4392 2396 4444 πείθειν
2431 4391 2462 4460 ἦ
2505 4391 2737 4451 πάντας.
2774 4389 2884 4443 Καὶ
2913 4390 2960 4441 εἰ
3001 4388 3098 4458 μὲν
3152 4388 3440 4455 δυνηθεῖεν
3483 4382 3575 4436 καὶ
3613 4379 3727 4430 ἑκα-

509 4500 617 4556 que
657 4499 791 4539 vero
827 4481 1120 4537 formulam
1162 4479 1485 4536 substantia:
1517 4493 1720 4532 nomen
1765 4479 1993 4545 habere,
2025 4491 2067 4536 el

2185 4481 2350 4554 τέραν
2383 4481 2600 4536 σύνοδον
2670 4480 2964 4552 σύμψηφον
3018 4483 3211 4550 σχεῖν,
3272 4475 3617 4549 μερισθέντες
3683 4469 3731 4518 ἐν

510 4579 708 4634 Filium
729 4577 875 4632 Patri
897 4591 994 4647 per
1009 4574 1192 4630 omnia
1215 4573 1448 4629 similem
1473 4572 1679 4628 diserte
1703 4574 2073 4643 promulgare.

509 4673 587 4726 Ac
607 4672 650 4726 si
683 4671 736 4724 in
765 4671 946 4724 locum
976 4685 1144 4723 unum
1170 4668 1415 4738 episcopi
1443 4668 2080 4732 eonvenirenl,omniuo

510 4780 605 4819 eos
637 4763 780 4818 Aetii
814 4761 1155 4833 opinionem,
1201 4776 1366 4831 quam
1413 4761 1515 4830 ipsi
1561 4760 1855 4816 laudantes
1893 4760 2080 4817 studio

509 4857 663 4911 omni
699 4857 951 4911 stabilire
984 4857 1359 4923 conabantur,
1388 4852 1780 4924 repudiaturos
1805 4869 1948 4920 esse,
1974 4854 2083 4908 illis

511 4950 738 5003 minime
789 4948 1022 5002 dubiqu
1075 4947 1203 5002 fuit.
1258 4947 1398 5013 Quid
1441 4963 1572 5018 ergo
1605 4947 1852 5002 faciunt?
1885 4945 2080 5001 Dolum

510 5042 833 5102 instituunt,
868 5049 929 5094 ut
952 5039 1339 5094 Occidentales
1358 5040 1581 5107 quidem
1612 5039 1869 5104 Arimini,
1890 5038 2084 5093 Orien-

513 5134 649 5189 tales
679 5147 811 5186 vero
856 5131 1123 5187 Seleucia:
1156 5140 1652 5200 congregarentur,
1683 5141 1743 5185 ut
1771 5145 1837 5184 eo
1862 5130 2084 5184 facilius

509 5225 658 5297 quod
720 5226 958 5297 agebant
1012 5224 1395 5293 perficeretur.
1467 5224 1779 5279 Proelivius
1843 5237 2082 5292 namque

507 5320 804 5388 putabant,
839 5319 1029 5388 paucis
1057 5334 1220 5387 quam
1253 5317 1464 5383 multis,
1501 5316 1648 5386 quod
1681 5316 1914 5383 vellent,
1955 5331 2081 5385 pcr-

509 5409 767 5464 suadere.
801 5408 866 5464 Et
893 5408 1152 5463 Patribus
1180 5409 1253 5463 ita
1288 5408 1614 5478 segregatis,
1647 5408 1920 5479 siquidem
1956 5422 2084 5477 pos-

510 5515 654 5564 sent,
685 5511 975 5572 utramque
998 5502 1164 5556 etiam
1188 5501 1480 5572 synodum,
1505 5501 1735 5555 dissidio
1759 5501 1812 5555 in
1841 5511 2078 5570 utraque

512 5589 789 5657 instituto,
849 5593 934 5646 sin
985 5593 1187 5655 minus,
1236 5592 1465 5645 alteram
1510 5585 1708 5646 saltem
1753 5593 1806 5646 iu
1857 5599 2055 5646 scnlcn

589 5763 663 5836 (ι)
698 5765 782 5818 Cf.
820 5767 1032 5822 Sozom.
1064 5770 1157 5824 lib.
1193 5786 1264 5836 tv,
1302 5787 1420 5839 cap.
1462 5773 1544 5826 ιο.

2180 4575 2543 4646 ἀμφοτέραιςο
2575 4577 2627 4629 εῑ
2670 4575 2717 4628 δ’
2740 4574 2856 4640 οὖν,
2891 4575 3150 4645 θατέραν,
3189 4575 3280 4628 ἵνα
3322 4572 3400 4643 μὴ
3432 4571 3548 4632 ταῖς
3580 4561 3728 4618 ἁπαν-

2182 4686 2291 4722 των
2318 4670 2570 4740 ossam;
2601 4669 2778 4722 αὐτῶν
2802 4669 3014 4738 αἵρεσις
3037 4663 3488 4736 ἀποκηρυχθεξη.
3514 4659 3728 4725 Ἐπρατ-

2182 4781 2275 4816 τον
2309 4761 2365 4814 δὲ
2398 4761 2573 4814 ταῦτα
2611 4761 2700 4816 διὰ
2718 4760 2812 4814 τοῦ
2847 4761 3106 4830 εὐνούχου
3140 4760 3412 4812 Εὐσεῦίου
3451 4751 3735 4824 τηνικαῦτα

2184 4855 2283 4925 τῆς
2345 4853 2634 4922 βασιλικῆς
2691 4851 2874 4914 (αἰκίας
2950 4848 3385 4921 προεστηκότος·
3438 4845 3586 4905 οὗτος
3639 4839 3738 4905 γὰρ

2187 4951 2472 5019 σύμπνους
2491 4945 2564 5000 ὢν
2595 4946 2661 5000 τὰ
2697 4946 2933 5016 μάλιστα
2967 4945 3062 4997 καὶ
3093 4944 3359 5014 όμόφρων
3387 4940 3463 5008 τῷ
3496 4932 3732 5000 Εύδοξίφ·

2188 5043 2298 5094 Καὶ
2323 5040 2474 5095 ἄλλοι
2512 5040 2653 5102 τινὲς
2699 5039 2806 5091 τῶν
2837 5040 2892 5089 ὲν
2922 5037 3068 5092 τέλει
3093 5035 3494 5106 κεχαρισμένοι
3523 5031 3580 5083 τὸ
3618 5025 3739 5094 πρὸς

2189 5133 2384 5204 βουλῆς
2417 5134 2563 5187 ἅπαν
2596 5133 2782 5202 ηιιυον.
2840 5125 2935 5203 Οἷς
2986 5129 3228 5190 πεισθεὶς
3281 5129 3310 5180 ὁ
3363 5121 3740 5179 Κωνστάντιοςι

2187 5228 2263 5289 ὡς
2308 5227 2624 5290 ἀλυσιτελές
2657 5242 2718 5279 τε
2764 5225 2841 5293 τῷ
2876 5225 3126 5295 δημοσίῳ
3175 5222 3264 5276 δᾶ
3299 5223 3402 5288 τὴν
3433 5217 3626 5282 πολλὴν
3655 5212 3742 5263 δαν

2183 5321 2389 5393 ,πάνην,
2446 5320 2542 5372 καὶ
2574 5320 2759 5381 αὐτοῖς
2793 5319 2904 5379 τοῖς
2945 5315 3175 5384 ἱερεῦσι,
3214 5313 3308 5365 διὰ
3337 5313 3398 5363 τὸ
3430 5312 3527 5379 τῆς
3549 5305 3742 5360 ὁδοιπο-

2191 5415 2312 5484 ρίας
2365 5411 2578 5482 μακρὸν
2605 5451 2618 5471 ,
2665 5413 2743 5473 εἰς
2782 5409 2838 5461 ἓν
2877 5409 3127 5470 ἅπαντας
3186 5405 3474 5458 συνελθεῖν
3501 5441 3516 5466 ,
3565 5395 3746 5451 διεῖλεν

2185 5504 2266 5563 είς
2309 5499 2404 5552 δύο
2445 5500 2545 5568 τὴν
2583 5497 2822 5560 σύνοδον,
2857 5500 2952 5550 καὶ
2985 5496 3358 5567 προσέταττεν
3387 5496 3446 5546 ἐν
3489 5485 3745 5558 ’Δριμῑνῳ

2187 5594 2281 5646 καὶ
2328 5592 2622 5663 Σελευκείᾳ
2675 5590 2932 5660 γενέσθαι
2993 5590 3090 5660 τὴν
3123 5587 3368 5652 σύναξιν.
3397 5585 3508 5640 Καὶ
3537 5581 3750 5652 γράφων

2798 5743 2820 5775 Ι
