3970 6190
299 266 398 331 3⁴ῐῗ

1213 261 1818 324 ΕΟΟιΕΞΙΑΞΤΙΕιΈ
1859 258 2249 321 ΗΙΞΤΟΒΙᾸΞ
2292 261 2436 321 LIB.
2482 259 2590 320 1X.

3433 255 3543 323 378

304 389 474 454 ἔλεγε,
501 380 719 452 πρῶτον
752 380 852 451 μὲν
894 379 962 433 τὰ
1003 379 1133 449 περὶ
1157 379 1260 448 τῆς
1309 379 1549 440 πίστεως
1583 374 1867 446 ἀμφισϐη-

1998 374 2104 428 iam
2160 392 2315 430 suam
2364 390 2422 430 se
2457 382 2837 444 pertracturos
2868 385 2991 427 esse
3037 369 3409 436 confidebant,
3448 360 3541 426 illo

301 479 534 546 τούμενα
558 473 821 527 διαλύεινο
855 472 910 535 ἐς
942 469 1169 536 ὕστερον
1193 470 1250 523 δὲ
1274 467 1583 538 σκέψασθαι
1615 467 1710 521 καὶ
1741 466 1871 537 περὶ

301 569 370 625 ὧν
396 571 567 625 ἄλλων
599 569 741 622 κατᾶ
779 567 1015 630 θεσμοὺς
1056 564 1388 634 Ἐκκλησὶας
1413 563 1513 616 δεῖο
1545 562 1628 616 ἔτι
1663 562 1720 614 δὲ
1767 561 1867 615 καὶ

308 665 434 734 περὶ
495 662 606 714 τῶν
659 659 865 720 ἀδίκως
910 657 1312 728 καθαιρεθῆναι
1366 655 1710 718 δοκούντων,
1775 653 1871 706 καὶ

306 753 621 823 ὑπερορίαις
677 749 1162 819 κατακριθέντων,
1197 743 1272 800 ὧν
1315 739 1396 810 εἷς
1449 746 1745 816 ἐτύγχανεν
1795 743 1872 797 ὣν

308 850 399 897 καὶ
448 843 714 913 Κύριλλος
769 845 798 894 ὁ
851 839 1248 910 Ἱεροσολύμων
1305 840 1637 900 ἐπίσκοποςο
1695 837 1776 890 ἔτι
1824 836 1870 889 δ’

307 936 594 1003 ἐρευνῆσαι
644 934 740 986 καὶ
792 933 920 994 τοὺς
955 932 1050 984 νῦν
1091 931 1196 983 ὑπὸ
1224 913 1480 1001 ἔγκλημα
1511 929 1870 998 ποιουμένους

306 1027 656 1090 ἐπισκόπους.
709 1025 928 1078 Πολλῶν
965 1023 1075 1093 γὰρ
1123 1023 1452 1092 κατηγορίαι
1479 1021 1748 1089 ἐλέγοντο,
1781 1020 1874 1072 καὶ

304 1120 366 1188 δὴ
408 1120 502 1172 καὶ
528 1117 806 1187 Γεωργίου
847 1115 982 1186 παρ’
1015 1114 1354 1182 Αἰγυπτίων,
1378 1113 1452 1176 ὡς
1484 1114 1570 1185 εἴη
1597 1114 1875 1182 ἁρπαγαῖς

306 1216 512 1280 χαίρων
542 1213 652 1265 τῶν
680 1209 1004 1279 ἀλλοτρίων,
1031 1209 1126 1260 καί
1149 1224 1315 1260 τινων
1344 1207 1573 1278 ὕϐρεων.
1605 1205 1876 1274 ’Υστερον

304 1305 359 1356 δὲ
403 1305 536 1356 δέκα
574 1301 924 1372 ἑκατέρωθεν
961 1298 1350 1368 έπιλεγέντας,
1384 1297 1453 1350 τὰ
1511 1297 1877 1367 πεπραγμένα

307 1396 520 1463 βασιλεῖ
559 1395 828 1465 καθιστᾷν
864 1393 1025 1459 δῆλα.

1971 467 2223 541 proviso,
2280 475 2340 520 ut
2398 481 2466 520 ne
2505 465 2736 520 calculis
2781 464 3029 519 omnium
3069 462 3293 517 hmresis
3343 475 3539 516 eorum

1973 562 2360 616 damnaretur.
2413 560 2540 616 llasc
2593 561 2826 629 agebant
2860 571 2960 628 per
3001 556 3323 612 eunuchum
3372 555 3543 610 Euse-

1973 653 2153 719 bium,
2193 651 2564 722 imperatoria:
2595 659 2709 705 tum
2742 651 2882 705 aula:
2918 649 3260 719 pra-fectum,
3294 647 3544 701 Eudoxio

1975 761 2138 815 quam
2168 745 2404 799 maxime
2429 745 2846 808 assentientem,
2893 752 2950 798 et
2970 742 3108 796 alios
3132 740 3424 809 quosdam,
3449 738 3542 807 qui

1974 835 2329 904 magistratus
2363 843 2418 889 et
2449 836 2687 889 honores
2721 843 2999 901 gerentes,
3033 842 3088 884 ct
3121 830 3298 899 gratia
3333 829 3546 897 pollen-

1980 937 2082 991 tes,
2128 942 2194 982 ex
2249 928 2526 982 sententia
2577 928 2765 982 omnia
2810 925 3196 996 perﬁciebant.
3247 925 3290 977 Α
3341 920 3546 990 quibus

1977 1034 2277 1090 persuasus
2319 1019 2702 1083 Constantius,
2744 1017 2976 1088 perinde
3021 1026 3187 1084 atque
3236 1014 3546 1066 incommo-

1965 1113 2110 1168 ~dum
2143 1113 2308 1169 simul
2338 1122 2394 1168 et
2422 1111 2742 1181 reipublicae
2772 1118 2999 1179 propter
3029 1121 3223 1178 graves
3247 1105 3545 1174 impensas,

1976 1213 2034 1259 et
2080 1204 2216 1274 ipsis
2253 1204 2530 1276 episcopis
2585 1214 2813 1273 propter
2846 1201 3062 1254 itineris
3113 1195 3546 1266 magnitudinem

1975 1306 2154 1362 eSset,
2201 1297 2247 1351 si
2307 1297 2360 1350 in
2413 1297 2607 1352 eodem
2657 1297 2781 1350 loco
2833 1291 3220 1354 convenirent,
3277 1287 3546 1359 synodum

1975 1387 2189 1455 divisit,
2251 1403 2486 1458 eamque
2545 1388 2780 1443 Arimini
2836 1399 2893 1441 et
2947 1383 3216 1440 Seleucia:
3267 1380 3550 1435 celebrare

300 1491 485 1562 jussit.
518 1491 699 1560 Atque
729 1491 785 1544 in
815 1489 1023 1544 litteris
1047 1487 1163 1543 suis
1191 1485 1507 1549 constituit,
1570 1493 1630 1538 ut
1705 1482 1944 1556 primum
1987 1487 2366 1540 controversia
2428 1485 2494 1540 de
2569 1485 2695 1539 lldei
2765 1481 3104 1554 professione
3174 1477 3547 1538 decideretur,

304 1583 507 1639 deinde
555 1587 622 1640 de
669 1584 795 1639 aliis
824 1580 1222 1638 ecclesiasticis
1287 1577 1670 1635 sanctionibus
1735 1576 2061 1632 deliberatio
2131 1581 2307 1633 lieret.
2351 1578 2490 1632 Tum
2537 1589 2722 1631 autem
2790 1577 2858 1630 de
2909 1575 2990 1628 eis
3021 1573 3112 1642 qui
3156 1585 3256 1641 per
3289 1567 3550 1638 iniuriam

302 1680 648 1733 exauctorati
706 1687 763 1731 et
808 1677 863 1731 in
897 1674 1153 1730 exsilium
1193 1673 1302 1728 acti
1342 1671 1445 1727 visi
1489 1679 1698 1734 essent,
1734 1670 1894 1740 7'73
1936 1669 1992 1724 in
2036 1669 2238 1739 quibus
2305 1669 2470 1723 etiam
2502 1668 2740 1740 Cyrillus
2785 1665 3291 1735 Hierosolymorum
3336 1660 3553 1730 episco-

301 1783 401 1838 pus
457 1769 588 1835 fuit,
641 1768 1096 1839 consultaretur;
1157 1775 1346 1837 postea
1399 1762 1469 1818 de
1522 1763 1606 1818 eis
1651 1779 1873 1834 quoque
1912 1763 2229 1834 episcopis,
2301 1764 2395 1833 qui
2469 1763 2550 1818 rei
2601 1773 2920 1832 agerentur,
2973 1757 3373 1828 inquireretur.
3423 1753 3556 1808 Per-

300 1863 456 1916 multi
489 1863 636 1918 enim
669 1863 1110 1926 accusabantur,
1141 1870 1197 1915 et
1235 1857 1305 1913 ab
1370 1855 1642 1927 Egyptiis
1709 1855 1947 1910 maxime
1985 1853 2255 1925 Georgius
2291 1873 2306 1911 :
2337 1855 2483 1925 quod
2529 1856 2746 1910 scilicet
2789 1854 3095 1908 alienorum
3149 1849 3420 1904 bonorum
3466 1859 3556 1901 ra-

299 1955 443 2025 pinis
530 1955 842 2024 gauderet,
909 1963 968 2009 et
1031 1949 1452 2008 contumeliosis
1517 1947 1857 2018 quibusdam
1901 1946 2223 2004 hominibus
2289 1949 2683 2006 delectaretur.
2729 1947 3036 2014 Postremo,
3091 1952 3151 2000 ut
3202 1958 3303 2014 per
3359 1939 3551 1998 decem

298 2041 548 2102 delectos
583 2049 793 2118 legatos
840 2061 899 2102 se
947 2045 1017 2100 de
1046 2044 1188 2099 actis
1228 2042 1344 2097 suis
1392 2039 1687 2096 certiorem
1719 2039 1992 2098 facerent.

874 2182 1127 2237 ΚΕΦΛΛ.
1184 2183 1312 2236 AG’.

297 2299 434 2368 Περὶ
468 2295 575 2366 τῆς
596 2296 986 2371 ρνξΑριμήνῳ
1015 2292 1451 2371 ᾳυκᾴδου,-ἐνζῇ
1483 2299 1539 2352 οἱ
1563 2297 1633 2353 ἐν
1651 2297 1883 2365 ἑσπέρᾳ

552 2367 928 2437 ¹ἀσύμφωνοι
957 2367 1083 2434 τοῖς
1107 2366 1273 2433 ἑῴοις
1302 2366 1602 2438 ἐγέτῖοντο.

369 2483 499 2544 Καὶ,
540 2483 589 2535 οἱ
627 2482 727 2551 μὲν
760 2480 1052 2534 ἐπίσκοποι
1085 2480 1442 2550 συνελέγοντο
1480 2480 1627 2536 καθά
1675 2480 1742 2552 δὴ
1789 2481 1884 2536 καὶ

300 2575 567 2640 ἐθέσπιζε
589 2572 841 2644 βασιλεύς
863 2586 879 2602 ⁸
913 2572 1298 2644 προὺλάμϐανε
1321 2573 1376 2626 δὲ
1409 2574 1504 2627 καὶ
1529 2573 1822 2627 συνίστατο
1849 2573 1884 2644 ἡ

303 2670 374 2747 ὲν-
396 2667 699 2739 Ἀριμίνῳ’
727 2666 787 2718 τὸ
817 2666 874 2720 δὲ
923 2666 1204 2737 πλήρωμα
1229 2665 1437 2719 τούτων
1489 2661 1637 2737 ἦσαν
1686 2682 1887 2735 τετρα-

305 2764 481 2816 κόσιοι
524 2763 622 2814 καὶ
653 2760 848 2830 μικρόν
874 2775 927 2812 τι
971 2760 1129 2828 πρός.
1167 2759 1290 2811 Δεῖν
1330 2757 1376 2812 δ’
1421 2757 1596 2811 ἐδόκει
1639 2758 1751 2820 τοῖς
1793 2755 1887 2828 βα-

307 2858 444 2923 ρέως
487 2857 631 2927 πρδς
664 2854 990 2910 ’Δθανάσιον
1029 2853 1218 2924 ἔχουσι
1252 2851 1420 2923 μηδέν
1445 2870 1500 2907 τι
1536 2853 1665 2922 περὶ
1691 2851 1883 2906 τούτου

303 2951 476 3001 κινεῖν
502 2964 522 2978 ο
553 2946 698 3001 οὓτω
724 2948 832 3018 γὰρ
865 2948 1091 3018 ἄμεινον
1123 2943 1468 3017 ἐδοκίμαζον.
1517 2945 1674 2999 Ἐπεὶ
1703 2944 1761 2997 δὲ
1794 2945 1887 2997 καὶ

307 3040 542 3116 ζήτησις
574 3040 826 3108 εἰσήγετο
852 3038 981 3111 περὶ
1042 3038 1282 3100 πίστεως
1339 3037 1400 3092 ὂν
1454 3037 1562 3108 χρὴ
1609 3037 1888 3090 πιστεύειν

306 3135 515 3202 τρόπον
545 3172 561 3197 ,
614 3131 829 3201 Οὐάλης
879 3131 1116 3185 ἐνταῦθα
1155 3130 1250 3184 καὶ
1299 3131 1628 3200 Οὐρσάκιος,
1665 3127 1714 3182 οἳ
1766 3129 1888 3182 κατ’

309 3226 488 3296 ἀρχὰς
526 3223 626 3292 μὲν
656 3224 1000 3278 ὑπασπισταὶ
1023 3223 1121 3292 τῆς
1164 3223 1376 3292 ’Δρείου
1409 3219 1567 3292 δόξης
1617 3219 1887 3289 ἐγένοντο,

309 3319 366 3370 ἐν
429 3318 593 3387 μέσῳ
649 3315 706 3369 δὲ
756 3314 832 3386 τῷ
873 3315 1147 3386 ὀμοουσίῳ
1188 3313 1498 3378 συνέθεντο,
1555 3312 1766 3383 βιϐλίον
1813 3311 1890 3382 τῷ

311 3411 607 3480 έπισκόπῳ
663 3408 886 3480 Ῥώμης
948 3408 1152 3477 Ἰουλίῳ
1207 3406 1598 3468 έπιδεδωκότες
1632 3447 1648 3472 ,
1698 3403 1891 3475 ὥσπερ

311 3504 663 3572 εἰρήκαμεν,
703 3501 792 3554 ἀεὶ
855 3503 968 3562 τοῖς
1017 3501 1230 3568 καιροῖς
1277 3499 1373 3552 καὶ
1419 3499 1534 3560 τοῖς
1597 3495 1891 3568 κρατοῦσιν
1920 3539 1966 3601 c

313 3593 755 3662 ὐποκλινὸμενοι,
786 3591 933 3646 οὗτοι
962 3594 1072 3645 δεῖν
1118 3591 1303 3658 ελεγον
1332 3589 1508 3644 ἄλλων
1537 3589 1677 3644 ἄλλα
1705 3589 1888 3641 sinov-

311 3704 442 3754 των,
477 3679 570 3740 οἷα
601 3683 780 3754 φιλεῖ,
815 3685 990 3752 ἀργὰς
1025 3682 1270 3750 νομίζειν
1314 3681 1416 3744 τὰς
1470 3682 1598 3751 περὶ
1651 3679 1894 3741 πίστεως

314 3779 598 3848 προτέρας
633 3777 874 3845 γραφάς·
912 3775 1096 3845 μόνηνο
1116 3775 1163 3828 δ’
1196 3774 1416 3843 ἐκείνην
1443 3773 1688 3843 κρατεῖν,
1734 3771 1802 3842 ἢν
1825 3770 1886 3822 οὗ

316 3873 420 3940 πρὸ
446 3866 651 3922 πολλοῦ
683 3869 740 3923 ὲν
769 3868 984 3939 Σιρμίῳ
1018 3865 1310 3938 Ῥωμαίων
1338 3865 1558 3938 γλώττῃ
1583 3864 1894 3930 συνέθεντο,

317 3964 382 4034 ἣν
422 3964 568 4033 δῆτα
615 3960 711 4014 καὶ
746 3958 1003 4029 βασιλεὺς
1050 3957 1139 4012 διὰ
1202 3956 1376 4028 τιμῆς
1429 3956 1593 4025 ἄγει·
1629 3952 1807 4026 χρεὼν
1850 3953 1896 4007 δ’

319 4051 463 4110 εἶναι
497 4056 598 4108 καὶ
630 4054 774 4121 ὑμᾶς
804 4053 897 4105 νῦν
931 4049 1256 4119 προσίεσθαι
1287 4049 1380 4102 καὶ
1422 4049 1744 4118 παραιτέρω
1794 4064 1899 4118 μη-

322 4149 410 4202 δὲν
443 4144 958 4214 πολυπραγμονεῖν·
985 4140 1052 4194 ἶν’
1078 4139 1331 4194 ἐντεῦθεν
1361 4140 1456 4193 καὶ
1485 4138 1721 4208 διχόνοια
1747 4140 1899 4192 πᾶσα

323 4241 738 4315 περιαιρεθείη,
768 4239 844 4310 μὴ
883 4237 995 4291 τῶν
1041 4235 1324 4304 ὀνομάτων
1357 4230 1676 4302 ἀμφιϐόλων
1705 4229 1897 4297 ὄντων,

326 4336 550 4409 ἀκριϐεῖ
609 4335 833 4405 βασάνῳ
905 4327 1376 4401 παραδιδομένων.
1434 4323 1544 4378 Καὶ
1608 4322 1718 4391 γάρ
1784 4338 1902 4384 πως

324 4433 582 4499 κρεῖττον
610 4423 751 4480 εἶναι
799 4423 1063 4488 ἐτίθεντο,
1099 4421 1240 4491 μετὰ
1272 4419 1372 4488 τῆς
1419 4415 1705 4489 ἀγροικίας
1736 4415 1903 4486 ὀρθὴν

327 4523 476 4591 ἔχειν
503 4519 669 4584 δόξαν
699 4518 832 4587 περὶ
857 4514 1018 4581 Θεοῦ,
1048 4515 1081 4584 ἢ
1115 4512 1384 4577 ξενίζουσι
1413 4510 1593 4578 λόγοις
1618 4506 1678 4572 ἐξ
1715 4506 1905 4575 Ἐλλη-

330 4615 488 4684 νικῆς
535 4609 866 4681 τερθρείας,
916 4606 1312 4674 ἀνεπινοήτους
1362 4599 1674 4667 ἐπεισάγειν
1706 4595 1902 4660 λέξεις.

345 4707 656 4780 ᾙνίττοντο
718 4703 778 4756 δὲ
817 4701 905 4754 διὰ
951 4699 1183 4762 τούτων,
1220 4696 1423 4766 μᾶλλον
1461 4695 1558 4746 καὶ
1610 4686 1906 4760 προφανῶς

333 4779 617 4853 διέϐαλλον
663 4795 763 4867 τὴν
793 4792 890 4848 τοῦ
941 4789 1233 4862 ὁμοουσίου
1264 4787 1432 4852 λέξιν,
1459 4784 1555 4838 ἅτε
1589 4781 1654 4852 δὴ
1690 4779 1765 4851 μὴ
1789 4780 1907 4841 ταῖς

335 4895 512 4964 ἱεραῖς
566 4893 590 4943 ὲ
600 4906 776 4958 μφερο
785 4888 956 4958 μένην
1014 4884 1281 4954 Γραφαῖς.

334 4957 546 5054 χάρτην
589 4957 837 5050 ⁸ιτροῆγον
865 4979 959 5031 καὶ
989 4970 1470 5044 ἀναγινώσκεσθαι
1509 4968 1674 5040 ᾔτουν
1695 4981 1713 5012 .·
1763 4967 1820 5018 ὲν

335 5077 523 5142 ὅμοιον
547 5097 554 5106 ·
580 5073 678 5140 μὲν
723 5069 804 5139 τῷ
847 5067 1028 5135 Ilath
1065 5066 1160 5118 τὸν
1205 5063 1336 5116 Υἱδν
1370 5059 1511 5114 κατὰ
1541 5057 1643 5118 τὰς
1690 5055 1912 5124 Γραφὰς

338 5168 682 5238 εἰσηγοῦντο,
720 5165 941 5235 μνήμην
964 5161 1020 5214 δὲ
1051 5158 1242 5221 οὐσίας
1271 5157 1362 5210 ἐπὶ
1394 5153 1530 5208 Θεοῦ
1561 5149 1913 5204 παντάπασιν

337 5263 704 5331 ἀπηγόρευον.
734 5257 886 5325 Αὕτη
915 5255 972 5309 δὲ
1017 5249 1086 5324 ἦν
1113 5249 1320 5320 ἐκείνη,
1368 5248 1435 5319 ἢν
1469 5249 1590 5300 τότε
1641 5243 1741 5314 μὲν
1786 5243 1915 5294 ὲτα-

343 5355 527 5423 μίευον
555 5393 570 5416 ,
601 5351 698 5404 νῦν
732 5350 788 5402 δὲ
843 5349 922 5407 εἰς
973 5347 1089 5415 φῶς
1143 5343 1406 5414 προῆγον.
1440 5331 1520 5411 ⁷ῌ
1560 5334 1908 5403 συνελαμϐά-

342 5464 495 5500 νοντο
529 5445 772 5516 μάλιστα
805 5441 1114 5510 Γερμανιος
1139 5437 1237 5488 καὶ
1272 5433 1583 5497 Αὑξὲντιος,
1629 5429 1725 5482 καὶ
1751 5428 1912 5488 Γάϊος

343 5540 440 5592 καὶ
494 5535 802 5608 Δημόφιλος
833 5549 846 5562 ·
914 5531 1011 5583 καὶ
1074 5529 1258 5582 τοίνυν
1311 5521 1756 5594 ἀναγνωσθείσης
1788 5561 1802 5585 ,
1861 5521 1913 5571 οί

345 5633 590 5686 πλεῖστοι
651 5627 787 5699 μηδὲ
822 5625 1094 5694 νεωτέρας
1143 5619 1350 5675 δεῖσθαι
1403 5618 1641 5676 πίστεως
1701 5613 1769 5666 τὰ
1819 5611 1913 5665 νῦν

349 5725 710 5779 διετείνοντο·
783 5719 1075 5779 ἀρκεῖσθαι
1132 5715 1186 5769 δὲ
1235 5715 1298 5774 τῇ
1340 5715 1395 5766 ἐν
1439 5709 1645 5765 Νικαία
1687 5723 1914 5766 γεγενη-

2521 2176 2748 2235 CAPUT
2787 2175 3032 2233 XXXIX.

2058 2295 2136 2350 De
2168 2295 2488 2364 Ariminensi
2531 2293 2750 2364 synodo.
2787 2294 2843 2364 in
2876 2306 2981 2360 qua
3011 2287 3369 2344 Occidentales
3417 2286 3482 2340 ab

2381 2361 2740 2418 Orientalibus
2783 2361 3165 2414 dissenserunt.

2061 2477 2338 2549 Episcopi,
2374 2476 2539 2533 sicuti
2574 2475 2879 2545 imperator
2907 2473 3173 2544 iusserat,
3204 2485 3512 2527 convenere
3539 2488 3555 2527 :

1989 2580 2046 2628 et
2081 2572 2315 2642 primum
2347 2568 2572 2639 quidem
2604 2567 2839 2622 Arimini
2873 2563 3253 2620 Occidentales
3285 2562 3558 2632 quadrin-

1990 2664 2138 2735 genti
2195 2672 2250 2718 et
2281 2662 2490 2732 aliquot
2521 2668 2785 2732 praeterea
2811 2671 3066 2712 numero.
3097 2655 3166 2710 Et
3193 2655 3286 2724 qui
3314 2654 3565 2724 graviter

1993 2755 2049 2810 in
2086 2754 2450 2811 Athanasium
2479 2751 2705 2807 animati
2741 2757 2920 2813 erant,
2952 2748 3179 2803 minime
3207 2746 3455 2800 omnium
3491 2743 3560 2798 de

1992 2863 2060 2904 eo
2085 2846 2385 2918 quidquam
2414 2845 2746 2900 movendum
2771 2855 2895 2896 esse
2921 2839 3152 2902 duxere,
3174 2836 3324 2908 quod
3349 2836 3454 2890 hoc
3480 2834 3574 2889 sic'

1994 2936 2337 2995 commodius
2368 2949 2491 2990 esse
2533 2941 2814 3004 putarent.
2860 2929 3132 2986 Caeterum
3168 2935 3458 2998 postquam
3492 2925 3562 2978 de

1997 3029 2135 3095 fide,
2181 3025 2458 3098 quomodo
2501 3040 2622 3080 eam
2663 3020 2904 3093 proﬁteri
2948 3019 3294 3080 conveniret.
3331 3019 3566 3086 quaestio

1995 3119 2275 3192 proposita
2300 3125 2408 3177 est,
2441 3115 2515 3172 ibi
2551 3113 2752 3170 Valens
2784 3120 2840 3168 et
2874 3110 3162 3173 Ursacius,
3197 3107 3292 3178 qui
3320 3107 3562 3177 primum

1994 3211 2109 3266 Arii
2134 3210 2449 3280 opinionem
2466 3203 2850 3267 defenderant,
2869 3201 3050 3257 medio
3071 3209 3257 3254 autem
3285 3208 3560 3267 tempore,

1997 3301 2184 3357 libello
2234 3297 2468 3371 supplici
2513 3296 2658 3352 Julio
2709 3295 2955 3348 Romano
3002 3289 3240 3346 antistiti
3289 3293 3456 3349 dato,
3485 3284 3566 3356 τῷ

1997 3391 2294 3463 ὁμοουσίῳ.
2311 3384 2796 3450 consubstantiali,
2815 3389 3186 3443 assenserant,
3205 3375 3568 3448 quemadmo-

1999 3483 2130 3539 dum
2165 3482 2406 3537 diximus
2435 3520 2448 3541 .
2483 3477 2826 3549 temporibus
2856 3489 2976 3530 sese
3007 3482 3060 3528 et
3094 3472 3262 3526 rebus
3303 3469 3566 3524 obtinen-

1999 3575 2148 3632 tibus
2180 3588 2400 3643 semper
2434 3569 2913 3626 accommodantes
2953 3565 3076 3620 aliis
3107 3563 3214 3619 alia
3245 3562 3408 3618 sicuti
3444 3559 3566 3615 ﬁeri

1998 3667 2140 3724 solet
2177 3663 2536 3720 censentibus
2560 3702 2576 3726 ,
2613 3661 2803 3716 dixere
2828 3700 2844 3725 ,
2882 3659 3097 3729 priores
3136 3655 3264 3710 fidei
3302 3653 3570 3710 formulas

2000 3757 2299 3815 abolendas
2327 3770 2475 3817 esse.
2527 3767 2804 3821 unamque
2838 3765 2959 3806 eam
2995 3749 3252 3804 obtinere
3285 3755 3568 3816 oportere,

2001 3867 2123 3922 qua:
2152 3864 2263 3905 non
2298 3849 2372 3903 ita
2403 3847 2612 3918 pridem
2654 3843 2844 3900 Sirmii
2885 3841 3073 3911 lingua
3116 3841 3371 3895 Romana
3415 3851 3572 3893 com-

2000 3943 2221 4014 posita,
2265 3927 2335 3995 ab
2381 3940 2499 4010 ipso
2543 3939 2711 3992 etiam
2755 3936 3091 4006 imperatore
3130 3929 3354 4003 plurimi
3387 3927 3569 3984 ﬁeret.

2006 4037 2216 4091 Debere
2240 4035 2444 4106 quippe
2475 4029 2745 4103 synodum
2771 4042 2990 4099 quoque
3020 4025 3088 4086 de
3115 4022 3391 4081 sententia
3423 4019 3580 4076 illius

2003 4127 2407 4201 professionem
2435 4139 2554 4180 eam
2579 4121 2906 4194 approbare,
2941 4133 3119 4189 neque
3152 4116 3388 4173 ulterius
3411 4113 3576 4186 quid-

2001 4237 2164 4294 quam
2199 4221 2470 4277 curiosius
2508 4217 2767 4286 indagare
2795 4233 2810 4271 :
2843 4224 2906 4270 ut
2927 4229 2996 4270 eo
3025 4211 3191 4268 modo
3221 4211 3403 4266 omnis
3449 4208 3572 4264 dis-

2003 4315 2206 4372 cordiae
2240 4313 2479 4377 occasio,
2541 4309 2725 4364 verbis
2761 4307 2898 4363 nihil
2931 4305 3172 4375 ambigui
3215 4301 3572 4364 habentibus,

2005 4426 2128 4482 quae
2175 4408 2365 4464 subtili
2428 4414 2485 4461 et
2539 4411 2795 4459 accurata
2864 4398 3247 4470 exploratione
3299 4407 3574 4465 perpensa

2006 4512 2229 4569 essent,
2273 4501 2328 4556 in
2367 4499 2601 4556 formula
2636 4495 2888 4560 insertis,
2932 4491 3349 4564 praecideretur,
3409 4489 3573 4558 longe

2005 4595 2360 4668 praestantius
2399 4607 2520 4648 esse
2549 4597 2860 4646 asserentes
2881 4627 2897 4650 ,
2930 4599 3056 4640 cum
3089 4581 3416 4638 rusticitate
3438 4594 3578 4649 qua-

2009 4689 2133 4744 dam
2180 4694 2384 4741 rectam
2431 4683 2500 4738 de
2547 4682 2659 4735 Deo
2693 4689 2883 4734 tenere
2917 4674 3238 4745 opinionem
3263 4710 3279 4733 ,
3311 4685 3477 4740 quam
3509 4684 3578 4723 ex

2011 4777 2328 4834 Graecorum
2377 4767 2725 4840 nugamentis
2766 4764 2923 4819 novis
2969 4761 3158 4832 petitis
3199 4756 3420 4822 verbis,
3462 4769 3582 4824 qua:

1359 4878 1546 4932 Ταῦτα
1614 4843 1866 4942 λέγοντες
1887 4913 1892 4936 ,

2019 4886 2127 4926 non
2163 4866 2604 4935 intelligerentur
2634 4860 2899 4916 inducere
2929 4853 3218 4910 vocabula.
3253 4843 3467 4916 Quibus
3503 4845 3582 4900 illi

2019 4962 2184 5019 dictis
2209 4960 2442 5015 obscure
2474 4953 2796 5016 innuebant,
2828 4967 2926 5006 seu
2956 4947 3140 5020 potius
3173 4942 3454 5014 propalam
3486 4937 3583 4991 τοῦ

2017 5056 2337 5128 ὀμοουσίου,
2357 5047 2864 5108 consubstantialis.
2885 5043 3110 5098 verbum
3136 5055 3232 5110 per
3249 5033 3582 5093 calumniam

2017 5147 2532 5219 reprehenderunt,
2575 5140 2747 5196 veluti
2794 5139 2848 5192 in
2883 5135 3056 5192 sacris
3083 5131 3306 5188 Litteris
3339 5143 3452 5182 non
3489 5138 3586 5178 ex-

2016 5216 2293 5312 pressum.
2328 5235 2444 5292 Sub
2478 5234 2595 5289 haec
2633 5230 2804 5288 verba
2833 5228 3023 5284 charta
3061 5222 3292 5293 prolata,
3321 5216 3426 5286 legi
3460 5226 3584 5268 eam

2018 5333 2406 5406 postularunt,
2454 5327 2508 5381 in
2556 5341 2664 5395 qua
2697 5322 2933 5378 similem
2973 5317 3118 5374 Patri
3152 5312 3349 5367 Filium
3388 5321 3588 5363 secun-

2019 5403 2149 5482 dum
2183 5423 2500 5492 Scripturas
2535 5416 2830 5472 dicebant:
2862 5407 3026 5481 7⁸74¹
3069 5403 3404 5458 mentionem
3445 5412 3583 5452 vero

2020 5491 2344 5574 substantia:
2382 5511 2436 5566 in
2471 5510 2584 5563 Deo
2623 5506 2850 5561 omnino
2888 5499 3004 5554 tieri
3049 5491 3489 5554 interdicebant,
3525 5496 3586 5542 et

2021 5624 2124 5681 pro
2168 5621 2238 5663 eo
2282 5603 2518 5660 similem
2569 5613 2667 5670 per
2711 5592 2895 5648 omnia
2944 5589 3144 5646 Filium
3195 5582 3346 5638 Patri
3397 5577 3594 5648 reponi

2021 5680 2300 5760 volebant.
2335 5692 2456 5749 lltcc
2500 5701 2663 5752 porro
2691 5681 2922 5740 formula
2951 5680 3042 5736 illa
3073 5683 3214 5736 erat.
3244 5687 3404 5734 uuam
3430 5680 3598 5726 antea:
