3970 6190
347 269 455 332 381
1306 283 1908 347 ΕεᾱιεδΙΑδΤιαΕ
1953 291 2340 353 ΗΙΞΤΟΒῙίΕ
2382 246 2533 358 LIB.
2578 297 2685 356 IX.
3500 307 3607 370 382

348 388 495 452 οδος,
529 389 704 444 εἴκοσι
748 393 856 444 τῶν
889 394 1211 450 ἐπισκόπων
1242 398 1717 473 διαπεμψάμενοι,
1747 404 1915 476 γράμ-

2037 423 2134 462 seu
2169 417 2436 464 aeternum
2473 413 2759 469 nominare
2782 456 2796 480 ,
2833 415 3028 470 Filium
3064 426 3246 474 autem
3279 420 3371 475 Dei
3403 425 3602 493 sempi-

349 493 526 544 μασιν
557 482 783 546 οίκείοις
806 487 876 537 τά
909 487 1194 555 συμσάντα
1224 489 1300 562 τῷ
1323 491 1538 562 βασιλεῖ
1555 496 1915 567 κατεμήνυον⁴

2037 512 2250 553 ternum
2286 517 2482 556 vocare
2512 503 2655 557 nolle
2682 521 2696 558 :
2731 515 3057 576 certumque
3089 519 3303 579 tempus
3335 511 3461 567 huic
3493 482 3603 565 for-

345 567 384 621 ἃ
425 572 575 624 τόνδε
606 578 888 646 περιεῖχον
925 580 1019 630 τὸν
1049 581 1216 634 τόπον
1239 600 1253 613 ·

2037 589 2198 644 ῐηιιιςιδ
2243 591 2367 645 [ἰάοί
2408 595 2712 665 prmligere,
2745 597 3034 653 manifesta
3070 617 3290 670 quoque
3330 604 3602 657 calumnia

343 677 412 713 ea
444 665 690 734 judicata
731 681 817 725 est
856 672 1125 729 adversus
1160 676 1428 746 majorum
1471 679 1655 734 ﬁdem.
1726 681 2132 752 Maximefvero
2201 699 2321 736 eam
2357 684 2690 743 Athanasius
2713 691 3037 746 criminatus
3067 665 3172 755 est,
3201 665 3272 747 ἰιι
3304 695 3503 748 alicubi
3537 695 3601 748 ad

350 772 487 857 suos
510 761 759 816 scribens
785 765 1047 822 ostendit.
1075 768 1142 822 Et
1174 769 1524 827 inseruissem
1559 773 1648 828 hic
1673 775 2099 830 confutatoriam
2165 777 2285 842 ejus
2351 778 2636 845 epistolam
2659 818 2673 841 ,
2750 785 2853 838 nisi
2903 787 3170 842 orationis
3233 787 3600 857 prolixitatem

350 848 612 920 fugiens,
642 857 902 913 studiosis
932 875 1053 914 eam
1126 863 1548 932 inquirendam,
1596 876 1760 937 atque
1803 883 1869 921 cx
1925 883 1989 922 ea
2029 883 2143 921 rem
2189 883 2407 923 omnem
2450 874 2921 939 cognoscendam,
2971 848 3358 950 relinquerem.
3420 880 3610 935 lixaua

343 946 548 998 ctorati
586 945 699 1012 illi,
734 949 891 1004 sicuti
926 951 1071 1016 dixi,
1110 952 1403 1008 formulam
1471 971 1657 1011 secum
1710 957 1972 1023 ferentes,
2014 959 2080 1012 ad
2116 958 2494 1024 imperatorem
2527 965 2840 1034 confugere.
2877 967 3025 1024 Cone
3049 945 3180 1025 lium
3221 989 3368 1034 vero,
3400 971 3588 1026 decem

340 1038 413 1135 ad
481 1052 611 1092 cum
675 1039 866 1111 legatis
909 1046 1224 1118 episcOpis,
1275 1047 1474 1105 litteris
1528 1063 1747 1118 quoque
1801 1065 1916 1106 rem
1958 1061 2137 1106 actam
2186 1053 2520 1120 declaravit,
2571 1073 2692 1125 quae
2779 1060 2830 1113 in
2877 1061 3018 1116 hanc
3103 1063 3329 1118 formam
3380 1067 3597 1135 scripta:

338 1126 569 1182 fuerant
604 1147 618 1160 ·

956 1259 1205 1313 ΚΕΦΑΛ.
1245 1261 1334 1316 Μ’.

353 1361 695 1434 Ἐπιστολὴ
721 1366 834 1456 τῆς
865 1371 935 1425 ἐν
961 1374 1264 1456 “prurire:
1309 1382 1582 1456 συνόδου
1609 1387 1926 1439 Κωνσταν·

702 1446 806 1507 tim
829 1446 1168 1513 πεμφθεῖσα
1190 1449 1271 1514 τῷ
1287 1451 1564 1514 βασιλεῖ.

420 1569 440 1601 ι
495 1551 600 1607 Ἕκ
630 1571 690 1607 τε
721 1556 819 1626 τῆς
873 1557 967 1612 τοῦ
1001 1559 1153 1627 ξΘεοῦ
1199 1561 1502 1628 κελεύσεως
1558 1566 1655 1620 καὶ
1704 1568 1798 1621 τοῦ
1825 1568 1925 1638 τῆς

332 1642 632 1708 εὐσεϐείας
671 1647 1104 1717 προστάγματος
1160 1653 1227 1705 τά
1285 1655 1458 1709 πάλαι
1484 1655 1923 1726 δογματισθέντα

333 1737 682 1803 γεγενῆσθαι
722 1742 1079 1812 πιστεύομεν.
1145 1747 1238 1810 El;
1267 1747 1375 1817 γὰρ
1411 1748 1694 1819 Ἀρίμινον
1720 1751 1784 1802 ἐκ
1813 1766 1921 1802 πα-

333 1829 454 1881 σῶν
485 1831 598 1883 τῶν
631 1833 768 1901 πρὸς
796 1835 951 1888 δύσιν
970 1836 1187 1890 πόλεων
1226 1841 1307 1902 είς
1357 1841 1526 1894 ταυτὸ
1569 1843 1770 1905 πάντες
1805 1841 1924 1895 ἐπί-

331 1932 547 1970 σκοποι
578 1920 946 1991 συνήλθομεν,
977 1925 1065 1978 ἵνα
1093 1927 1185 1979 καὶ
1215 1928 1247 1996 ἡ
1280 1929 1466 1992 πίστις
1502 1933 1598 2002 τῆς
1624 1933 1922 2000 καθολικῆς

343 2008 692 2078 Ἐκκλησίας
722 2015 1027 2085 γνωρισθῇ,
1061 2017 1156 2070 καὶ
1185 2018 1235 2071 οἱ
1293 2020 1546 2074 τάναντία
1595 2023 1922 2092 φρονοῦντες

325 2099 567 2168 ἔκδηλοι
595 2104 886 2170 γένωνται.
933 2106 1021 2169 Ὠς
1049 2108 1158 2179 γὰρ
1187 2111 1536 2168 ἐπιπλεῖστον
1565 2113 1922 2169 διασκοποῦν-

324 2211 428 2256 τες
470 2195 812 2267 εὑρήκαμεν,
845 2200 1078 2269 ἀρεστὸν
1130 2203 1305 2273 ἐφάνη
1333 2205 1430 2274 τὴν
1467 2206 1651 2262 πίστιν
1684 2208 1784 2277 τὴν
1825 2209 1919 2262 ἐκ·

325 2285 516 2339 παλαι
577 2288 966 2356 διαμένουσαν,
1023 2293 1091 2361 ἦν
1139 2295 1235 2348 καὶ
1277 2297 1328 2349 oi
1373 2299 1653 2366 προφῆται
1694 2301 1790 2352 καὶ
1851 2300 1920 2352 τά

325 2377 661 2446 Εὐαγγέλια
709 2383 804 2434 καὶ
858 2385 906 2437 oi
942 2385 1231 2439 ἀπόστολοι
1277 2387 1366 2440 διὸ.
1396 2388 1490 2440 τοῦ
1521 2390 1730 2454 Κυρίου
1762 2391 1920 2461 ἡμῶν

337 2465 538 2534 Ἰησοῦ
566 2469 808 2538 Χριστοῦ
829 2473 1126 2544 ἐκήρυξαν,
1149 2476 1242 2529 τοῦ
1266 2477 1361 2530 καὶ
1390 2478 1489 2548 τῆς
1517 2479 1615 2541 σῆς
1640 2479 1921 2550 βασιλείας

325 2557 616 2628 φμυροῦ,
657 2561 752 2613 καὶ
779 2561 878 2628 τῆς
916 2564 1014 2633 σῆς
1049 2567 1274 2635 ῥώσεως
1316 2569 1649 2636 προστάτου,
1677 2569 1764 2622 ἵνα
1789 2569 1920 2622 ταᾶο

321 2663 439 2718 την
468 2651 846 2720 κατασχόντες
875 2654 1229 2725 φυλάξωμεν,
1272 2659 1366 2711 καὶ
1412 2659 1796 2727 φυλάττοντες,
1829 2662 1922 2730 μέ·

323 2757 432 2808 χρι
471 2742 672 2805 τέλους
699 2745 1072 2817 διατηρῶμεν.
1109 2751 1346 2807 Ἀτοπον
1377 2754 1486 2823 γὰρ
1532 2757 1626 2806 καὶ
1657 2754 1920 2826 ἀθέμιτον

323 2830 542 2901 ἐφάνη,
568 2833 678 2886 τῶν
706 2835 884 2904 ὀρθῶς
907 2840 1001 2891 καὶ
1030 2839 1254 2904 δικαίως
1275 2842 1599 2912 ὡρισμένων
1624 2860 1678 2896 τι
1716 2845 1920 2914 μεταλ-

322 2925 583 2991 λάττειν,
612 2929 710 2981 καὶ
739 2929 846 2981 τῶν
881 2931 940 2983 ἐν
963 2931 1174 3003 Νικαίᾳ
1216 2937 1372 3004 κοινῇ
1417 2937 1556 3003 μετά
1587 2934 1681 2989 τοῦ
1713 2936 1921 3002 ἐνδοξο-

2623 1264 2850 1322 CAPUT
2901 1266 3014 1322 XL.

2031 1375 2270 1449 Epistola
2313 1379 2657 1456 Arimiu_ettsis
2692 1381 2904 1461 concilii
2935 1380 3248 1436 Constantio
3290 1386 3602 1453 imperatori

2736 1467 2912 1504 ιιιιεσα.

2109 1581 2127 1615 ι
2173 1562 2238 1617 Ει
2267 1564 2362 1620 Dei
2392 1565 2589 1636 jussu,
2635 1574 2692 1620 et
2737 1565 2961 1634 pietatis
3005 1575 3111 1620 tute
3154 1568 3435 1634 mandato,
3477 1587 3601 1641 quae

2031 1655 2340 1725 antiquitus
2395 1656 2698 1711 constituta
2747 1665 2904 1722 sunt,
2950 1659 3250 1714 credimus.
3287 1661 3599 1716 Ariminum

1954 1727 1996 1782 Β
2025 1759 2261 1815 namque
2303 1759 2369 1800 ex
2418 1747 2678 1802 omnibus
2721 1745 3041 1803 Occidentis
3088 1751 3320 1804 urbibus
3356 1752 3599 1820 episcopi

2024 1851 2221 1892 omnes
2258 1838 2313 1892 in
2344 1838 2527 1892 locum
2561 1838 2816 1892 eumdem
2847 1841 3232 1906 convenimus,
3265 1852 3326 1896 ut
3354 1843 3517 1897 simul
3545 1853 3602 1898 et

2024 1927 2162 1984 ﬁdes
2209 1930 2472 1986 Ecclesia:
2527 1931 2816 1988 catholica:
2873 1944 3336 2003 cognosceretur,
3394 1945 3450 1988 et
3503 1936 3597 2004 qui

2023 2019 2186 2075 aliter
2229 2021 2476 2076 sentiunt
2513 2021 2788 2076 manifesti
2836 2021 3054 2077 ﬁerent.
3103 2024 3284 2092 Atque
3335 2023 3430 2078 ubi
3480 2039 3596 2077 rem

2025 2126 2244 2167 omnem
2297 2113 2390 2168 diu
2439 2114 2786 2183 multumque
2834 2115 3338 2181 consideravimus,
3392 2115 3600 2171 facien-

2023 2203 2154 2257 dum
2184 2217 2306 2258 esse
2333 2205 2727 2273 comperimus,
2758 2212 2818 2258 ut
2842 2220 2963 2273 quae
2993 2203 3129 2260 ﬁdes
3160 2207 3469 2276 antiqui-tus
3497 2206 3598 2261 ob-

2024 2291 2194 2356 tinet,
2234 2301 2290 2347 et
2323 2309 2486 2362 quam
2523 2294 2806 2364 propheta:
2835 2305 2886 2350 et
2919 2296 3216 2364 Evangelia
3264 2305 3320 2351 et
3363 2299 3595 2366 apostoli

2025 2400 2126 2455 per
2171 2385 2462 2440 Dominum
2509 2395 2757 2440 nostrum
2809 2386 2996 2442 Jesum
3047 2387 3326 2444 Christum
3377 2389 3595 2459 imperii

2024 2477 2102 2531 tui
2133 2475 2418 2531 custodem
2439 2516 2455 2541 ,
2487 2467 2927 2547 valetudinisque
2959 2478 3123 2533 etiam
3163 2490 3423 2542 tutorem,
3457 2497 3584 2549 pro-

2026 2570 2375 2640 mulgarunt,
2407 2585 2526 2625 eam
2560 2585 2590 2624 a
2622 2571 2927 2642 majoribus
2958 2580 3238 2640 acceptam
3284 2585 3594 2633 servemus.

2023 2671 2078 2714 et
2123 2670 2394 2716 servatam
2439 2661 2508 2716 ad
2560 2661 2724 2716 linem
2779 2677 2954 2732 usque
2999 2662 3399 2717 custodiamus.
3433 2664 3599 2734 776

2024 2753 2093 2806 Et
2134 2753 2434 2807 absurdum
2480 2753 2867 2824 aerariumque
2910 2769 3031 2809 esse
3075 2755 3426 2824 putavimus,
3473 2771 3595 2824 quae

2025 2857 2175 2902 recte
2205 2857 2263 2901 et
2291 2848 2535 2918 legitime
2569 2847 2891 2911 constituta,
2921 2857 2976 2902 et
3003 2848 3196 2902 Nicma:
3227 2849 3597 2903 communiter

2027 2955 2131 2993 una
2190 2954 2316 2994 cum
2368 2940 2770 3009 gloriosissimo
2826 2949 3054 3010 parente
3112 2948 3206 2996 tuo
3259 2939 3595 3010 imperatore

321 3019 506 3072 τάτου
570 3035 668 3073 σου
737 3023 943 3090 πατρὸς
1003 3027 1100 3076 καὶ
1159 3023 1430 3092 βασιλέως
1500 3027 1915 3080 Κωνσταντίνου

2021 3031 2388 3088 Constantino
2413 3033 2719 3089 deliberata
2763 3045 2926 3100 sunt,
2958 3049 3023 3087 ex
3071 3033 3153 3088 eis
3186 3041 3402 3087 mutare
3437 3033 3598 3102 quid-

320 3113 733 3183 tcxsgtpévwv;
765 3109 840 3166 ὢν
864 3115 896 3184 ἡ
920 3115 1240 3169 διδασκαλία
1259 3120 1353 3172 καὶ
1376 3118 1436 3170 τὸ
1461 3120 1718 3190 φρόνημα
1735 3121 1918 3191 διῆλθέ

319 3222 389 3258 τε
426 3206 523 3258 καὶ
555 3206 840 3278 ἐκηρύχθη
871 3209 951 3271 είς
975 3210 1156 3272 πάσας
1188 3209 1494 3282 ἀνθρώπων
1537 3213 1706 3276 ἀκοάς
1735 3230 1792 3265 τε
1822 3214 1917 3268 καὶ

319 3301 607 3364 διανοίας,
663 3301 788 3371 ἥτις
847 3302 1150 3360 ἀντίπαλος
1206 3289 1510 3375 μόνηααὶ
1561 3307 1762 3377 ὀλετὴρ
1820 3309 1918 3378 τῆς

338 3395 571 3464 Ἀρείου
631 3395 900 3465 αἱρέσεως
955 3397 1168 3468 ὑπῆρξε
1196 3413 1210 3427 °
1248 3398 1318 3452 δι’
1350 3394 1416 3471 ἦς
1448 3401 1512 3453 οὐ
1558 3400 1720 3470 μόνον
1753 3400 1914 3470 αὑτὴ,

323 3486 476 3538 ἀλλά
516 3486 613 3540 καὶ
673 3487 728 3540 αἱ
787 3488 977 3542 λοιπαὶ
1033 3490 1279 3560 αἱρέσεις
1309 3492 1737 3563 καθῃρέθησαν
1792 3485 1916 3564 ἐνῇ

318 3580 510 3641 ὗντως
539 3579 629 3632 καὶ
650 3580 712 3633 τδ
742 3581 1060 3650 προσθεῖναί
1087 3599 1158 3647 τι,
1193 3582 1490 3651 σφαλερὸν,
1517 3586 1611 3636 καὶ
1634 3584 1693 3637 τὸ
1721 3584 1916 3652 ἀφελέ-

323 3670 487 3734 σθαι,
522 3670 871 3724 ἐπικίνδυνον
929 3672 1189 3743 ὑπάρχει.
1237 3673 1328 3736 Ὠς
1354 3673 1514 3743 εἴπερ
1539 3675 1634 3727 καὶ
1685 3674 1917 3742 θάτερον

319 3761 572 3826 γένοιτο,
610 3759 770 3812 ἔσται
796 3763 910 3823 τοῖς
940 3761 1156 3831 ἐχθροῖς
1187 3763 1344 3816 ἀδεια
1395 3769 1574 3816 ποιεῖν
1600 3766 1744 3835 ἅπερ
1798 3763 1916 3834 βού-

318 3853 533 3904 λοιντο.
575 3851 742 3906 Ὅθεν
777 3854 1086 3925 υὺρσάκιός
1119 3873 1180 3907 τε
1221 3858 1312 3908 καὶ
1342 3856 1580 3926 Οὐάλης,
1606 3857 1792 3925 ἐπειδὴ
1820 3859 1917 3911 καὶ

321 3948 571 4002 ἔκπαλαι
604 3950 824 4020 μέτοχοι
854 3967 914 4002 τε
961 3954 1056 4003 καὶ
1111 3951 1422 4022 σύμφρονες
1458 3951 1554 4005 τοῦ
1580 3951 1910 4024 ’Δρειανείου

319 4044 605 4113 δόγματος
672 4039 817 4114 ἦσαν
878 4043 1308 4113 καθεστηκότες,
1338 4045 1432 4096 καὶ
1482 4044 1584 4113 τῆς
1637 4043 1915 4116 ἡμετέρας

322 4138 626 4199 κοινωνίας
656 4135 1018 4206 χωρισθέντες
1042 4135 1457 4204 ἀπεφάνθησαν.
1492 4129 1597 4197 *Ης
1621 4136 1707 4189 ἵνα
1743 4136 1907 4206 μετά·

331 4248 566 4300 σχωσιν,
596 4230 683 4297 ἐφ’
712 4223 795 4291 οἷς
820 4228 1052 4290 ἑαυτοὺς
1098 4227 1542 4296 συνεγνὼκεισαν
1588 4229 1912 4300 πλημμελή-

327 4339 560 4386 σαντας,
590 4321 880 4392 μετανοίας
909 4336 970 4374 τε
995 4321 1090 4372 καὶ
1117 4319 1453 4389 συγγνώμης
1478 4321 1664 4388 ἠξίουν
1691 4325 1874 4392 τυχεῖν
1896 4339 1910 4354 ·

324 4413 407 4476 ὡς
463 4413 560 4464 καὶ
609 4410 680 4461 τά
717 4408 974 4480 ἔγγραφοι
1005 4408 1074 4461 τά
1123 4408 1264 4477 ὑπὲρ
1303 4409 1528 4462 ἐκείνων
1566 4411 1910 4480 γεγενημένα

328 4506 628 4576 μαρτυρεῖ.
671 4503 750 4555 Δι’
772 4495 848 4555 ὧν
879 4502 1134 4554 ἁπάντων
1160 4501 1330 4570 φειδὼ
1360 4502 1656 4573 γεγένηται
1687 4504 1910 4557 καὶτῶν

326 4597 699 4670 ἐγκλημάτων
724 4589 1164 4662 συγγνώμηῘΗν
1181 4594 1238 4648 δὲ
1259 4596 1287 4646 ὁ
1306 4595 1495 4665 καιρὸς
1519 4594 1643 4648 καθ’
1663 4595 1722 4648 δν
1737 4595 1910 4648 ταῦτα

330 4696 660 4764 ἐπράττετο,
682 4693 772 4745 ὅτε
805 4691 860 4742 ἐν
885 4687 1203 4757 Μεδιολάνῳ
1242 4689 1304 4741 τὸ
1333 4690 1612 4758 συνέδριον
1653 4689 1755 4759 τῆς
1788 4707 1912 4743 συν-

327 4784 454 4837 όδου
491 4782 875 4850 συνεκροτεῖτο
898 4797 912 4811 ’
951 4779 1360 4849 συμπαρόντων
1394 4779 1452 4832 δὲ
1488 4781 1582 4833 καὶ
1633 4781 1743 4833 τῶν
1776 4797 1910 4850 πρε-

329 4874 614 4943 σϐυτέρων
647 4872 750 4940 τῆς
780 4870 1068 4937 Ῥωμαίων
1087 4869 1446 4939 Ἐκκλησίας,
1469 4871 1768 4938 ἐγνωκότες
1793 4871 1910 4942 ἅμα

328 4968 420 5020 καὶ
454 4967 546 5019 τὸν
584 4965 723 5032 μετά
747 4963 1010 5032 τελευτὴν
1057 4963 1205 5026 ἀξιον
1243 4963 1467 5032 μνήμης
1497 4965 1911 5019 Κωνσταντῖνον

335 5060 475 5130 μετά
509 5057 690 5126 πάσης
737 5055 1030 5126 ἀκριϐείας
1059 5057 1154 5108 καὶ
1188 5055 1492 5120 ἐξετάσεως
1537 5055 1637 5126 τὴν
1669 5073 1911 5128 συγγρα-

332 5156 529 5222 φεῖσαν
559 5152 745 5204 πίστιν
773 5150 1146 5203 ἐκτεθεικότα.
1179 5147 1403 5218 Ἐπειδὴ
1432 5147 1488 5200 δέ
1515 5147 1591 5210 ὡς
1611 5149 1672 5216 ὲξ
1699 5148 1910 5220 ἀνθρὼ-

332 5262 452 5297 πων
489 5245 709 5311 ἐγένετο
738 5241 1082 5310 βαπτισθεὶς,
1114 5241 1209 5291 καὶ
1265 5239 1402 5309 πρὸς
1427 5239 1526 5310 τὴν
1549 5241 1910 5311 ὀφειλομένην

332 5336 560 5407 εἰρήνην
615 5331 968 5402 ἀνεχώρησεν
991 5346 1003 5358 ·
1030 5330 1231 5384 ἄτοπον
1269 5325 1409 5382 εἶναι
1448 5331 1567 5400 μετ’
1607 5332 1817 5387 ἐκεῖνόν
1855 5348 1906 5383 τι

333 5430 706 5497 καινοτομεῖν,
760 5425 856 5478 καὶ
881 5422 1175 5487 τοσούτους
1209 5423 1397 5492 ἀγίους
1443 5423 1786 5494 ὁμολογητάς
1813 5423 1909 5476 καὶ

337 5522 648 5592 μάρτυρας,
705 5517 834 5580 τοὺς
885 5518 979 5571 καὶ
1011 5516 1108 5570 τοῦ
1156 5517 1428 5588 δόγματος
1461 5517 1816 5586 συγγραφέας
1847 5535 1907 5570 τε

333 5616 429 5671 καὶ
466 5613 700 5684 εὑρετάς
725 5613 1043 5684 ὑπεριδεῖν·
1085 5613 1309 5676 οἵτινες
1365 5613 1507 5666 κατὰ
1545 5614 1637 5665 τὸν
1676 5613 1908 5667 παλαι¹ν

333 5708 430 5778 τῆς
448 5705 779 5776 Ἐκκλησίσς
809 5703 1014 5774 θεσμὸν
1037 5703 1134 5774 τῆς
1167 5701 1461 5772 καθολικῆς
1493 5701 1734 5765 ἅπαντες
1777 5719 1904 5774 φρτ-

2024 3140 2187 3196 quam
2218 3143 2232 3179 :
2261 3140 2496 3194 quorum
2549 3125 2802 3180 doctrina
2855 3133 2913 3180 et
2962 3123 3232 3180 sententia
3286 3123 3354 3178 ad
3403 3139 3597 3180 omnes

2022 3216 2268 3270 omnium
2303 3215 2589 3270 hominum
2624 3230 2789 3270 aures
2815 3225 2873 3268 et
2902 3214 3116 3269 animos
3151 3213 3367 3284 vulgata
3405 3229 3598 3283 perve-

2022 3307 2138 3372 nit,
2191 3321 2315 3376 qua:
2372 3321 2478 3361 una
2538 3306 2655 3360 Arii
2715 3305 2968 3360 hmresim
3039 3305 3369 3374 expugnavit
3430 3313 3594 3372 atque

2021 3399 2331 3454 exstinxit:
2382 3415 2481 3469 per
2527 3413 2692 3468 quam
2745 3413 2854 3452 non
2893 3397 3068 3451 solum
3109 3413 3173 3450 ea
3219 3396 3369 3465 ipsa.
3415 3394 3508 3449 sed
3538 3404 3595 3448 et

2020 3492 2248 3560 reliqua}
2302 3491 2538 3546 haereses
2590 3501 2720 3546 sunt
2769 3505 3016 3545 everszc:
3070 3489 3157 3542 cui
3217 3489 3442 3542 omnino
3495 3486 3583 3540 vel

2020 3583 2223 3638 addere
2262 3582 2562 3652 quidquam
2599 3597 2708 3635 non
2753 3588 2932 3633 tututn
2959 3618 2973 3642 ,
3015 3577 3101 3632 vel
3145 3578 3386 3630 adimere
3426 3575 3592 3630 etiam

2019 3674 2386 3745 periculosum
2437 3681 2537 3728 est.
2593 3673 2772 3741 Atque
2813 3671 2858 3726 si
2907 3670 3236 3724 alterutrum
3273 3669 3325 3722 in
3358 3682 3420 3722 ea
3457 3666 3592 3720 ﬁat:

2017 3768 2240 3822 licentia
2285 3767 2618 3821 adversariis
2663 3765 2858 3830 detur,
2905 3775 2965 3818 ut
2995 3761 3141 3832 quod
3182 3763 3368 3823 libeat,
3411 3759 3594 3814 facere

2017 3858 2100 3914 eis
2142 3859 2328 3914 liceat.
2382 3858 2618 3912 Proinde
2653 3855 2917 3910 Ursacius
2964 3865 3131 3924 atque
3177 3854 3407 3919 Valens,
3445 3851 3592 3922 quod

2013 3949 2336 4022 jamdudum
2369 3949 2765 4020 suifragatores
2807 3957 2864 4000 et
2911 3947 3214 4017 participes
3258 3947 3442 4001 Ariani
3489 3946 3593 3998 do-

2017 4045 2216 4113 gmatis
2236 4043 2458 4104 fuerint,
2495 4057 2524 4096 a
2555 4043 2943 4096 communione
2971 4050 3162 4094 nostra
3194 4041 3404 4094 exclusi
3436 4049 3590 4094 sunt.

2015 4136 2098 4190 Ad
2157 4151 2319 4213 quam
2375 4144 2556 4190 tamen
2609 4134 2837 4189 admissi
2901 4142 3063 4200 sunt,
3119 4142 3477 4203 posteaquam
3531 4147 3592 4187 se

2014 4243 2232 4285 errasse
2279 4237 2702 4298 cognoverunt,
2752 4237 2921 4297 atque
2973 4237 3032 4281 ut
3083 4227 3151 4281 ad
3207 4227 3588 4294 paenitentiam

2015 4319 2459 4384 admitterentur,
2508 4336 2565 4375 et
2613 4336 2768 4375 noxa:
2817 4321 3054 4391 gratiam
3087 4329 3588 4390 consequerentur,

2015 4421 2362 4466 oraverunt:
2413 4411 2467 4466 id
2517 4413 2662 4482 quod
2711 4413 2982 4483 scriptum
3032 4428 3228 4468 eorum
3273 4422 3586 4468 attestatur.

2018 4503 2366 4574 Quapropter
2399 4513 2461 4558 ut
2505 4505 2560 4559 in
2606 4506 2838 4575 gratiam
2887 4506 3288 4575 reciperentur.
3332 4514 3387 4560 et
3429 4503 3588 4558 venia

2016 4599 2099 4652 eis
2124 4597 2450 4651 delictorum
2485 4597 2732 4661 daretur,
2760 4596 3143 4650 obtinuerunt.
3182 4595 3406 4650 Factum
3443 4594 3497 4648 id
3525 4609 3589 4648 eo

2017 4698 2287 4758 tempore,
2323 4704 2449 4743 cum
2484 4687 2776 4742 Mediolani
2812 4686 3054 4758 synodus
3091 4695 3176 4740 est
3207 4693 3420 4748 coacta,
3455 4700 3579 4754 pre-

2015 4780 2255 4852 sbyteris
2300 4794 2524 4850 quoque
2578 4781 2838 4833 Romana:
2883 4777 3144 4832 Ecclesiae
3199 4777 3586 4848 prtesentibus.

2013 4873 2230 4927 Norunt
2259 4871 2361 4936 illi,
2395 4887 2522 4925 eum
2569 4871 2664 4941 qui
2695 4870 2863 4924 etiam
2907 4878 3029 4939 post
3063 4869 3274 4923 obitum
3320 4868 3587 4923 memoria

2016 4965 2215 5034 dignus
2249 4972 2374 5031 est,
2414 4963 2836 5018 Constantinum
2877 4963 3026 5016 omni
3060 4962 3166 5017 adlt
3193 4962 3306 5016 bita
3337 4962 3588 5030 exquisi-

2015 5059 2155 5114 tiore
2179 5074 2312 5114 cura
2351 5068 2408 5114 et
2437 5057 2788 5128 diligentiore
2831 5057 3279 5128 investigatione,
3310 5055 3432 5110 ﬁdei
3465 5071 3587 5124 pro-

2016 5153 2334 5218 fessionem,
2372 5167 2494 5221 quae
2523 5151 2671 5206 edita
2703 5161 2811 5214 est,
2855 5151 3190 5220 publicasse.
3224 5149 3584 5216 Posteaquam

2013 5255 2198 5299 autem
2237 5244 2550 5314 baptizatus
2598 5244 2710 5308 ille,
2749 5245 2896 5299 inter
2943 5245 3194 5298 homines
3233 5258 3356 5298 esse
3399 5242 3582 5304 desiit,

2011 5347 2066 5391 et
2093 5338 2159 5391 ad
2195 5338 2436 5393 debitam
2469 5336 2573 5392 sibi
2600 5338 2840 5408 quietem
2873 5339 3172 5392 translatus
3205 5345 3310 5400 est,
3338 5335 3582 5402 ineptum

2011 5445 2131 5485 esse
2178 5429 2390 5496 sciunt,
2428 5446 2582 5486 nova:
2615 5431 2916 5501 quidquam
2954 5431 3031 5484 rei
3073 5429 3373 5490 invehere,
3416 5435 3471 5480 et
3506 5434 3584 5479 ιιι

2012 5531 2230 5577 sanctos
2275 5522 2464 5577 Patres
2509 5523 2854 5577 confessores
2902 5529 2959 5574 et
3009 5529 3278 5590 martyres
3311 5517 3582 5588 dogmatis

2013 5615 2184 5686 ipsius
2219 5625 2472 5670 auctores
2508 5623 2673 5684 atque
2724 5615 3048 5668 inventores
3098 5610 3384 5680 despicere
3419 5626 3433 5664 :
3485 5609 3580 5678 qui

2010 5707 2230 5778 quidem
2274 5705 2486 5773 Patres,
2519 5707 2672 5777 juxta
2711 5713 2950 5761 veterem
2995 5704 3251 5760 Ecclesia:
3294 5703 3576 5758 catholica:
