3970 6190
334 220 441 283 383

1556 222 1979 283 NlCEPllORl
2021 224 2338 288 CALLIS'I‘
2350 228 2371 288 Ι

2028 143 2075 167 κ

3496 229 3606 291 381

336 332 703 399 Sanctionem,
740 346 932 388 omnes
968 331 1024 387 in
1059 331 1250 388 cadent
1284 333 1559 388 sententia
1598 349 1915 404 persevera-

2020 336 2238 399 νούντες
2266 338 2740 411 διαμεμενήκασιν
2761 357 2777 374 ο
2827 332 2907 396 ὧν
2926 341 2953 395 δ
2981 340 3114 403 Θεὸς
3152 340 3254 411 τὴν
3285 341 3474 397 πίστιν
3505 346 3605 402 καὶ

341 434 509 485 runt:
540 440 848 495 eorumque
887 425 1051 480 etiam
1089 423 1250 479 [idem
1286 424 1432 480 Deus
1474 426 1540 479 ad
1577 425 1794 496 imperii
1838 427 1915 482 tui

340 526 593 585 tempora
620 515 960 575 transmisit.
1009 531 1107 584 per
1134 514 1428 570 Dominum
1452 526 1705 573 nostrum
1730 517 1917 574 Jesum

337 609 617 665 Christum
646 647 662 672 ,
702 609 861 676 cujus
895 608 1168 664 beneﬁcio
1200 608 1497 678 imperium
1531 609 1751 666 obtines
1772 651 1787 677 ,
1831 627 1918 666 re-

341 713 577 769 rumque
627 700 678 753 in
716 700 850 752 orbe
896 699 1063 754 etiam
1108 708 1300 755 nostro
1353 700 1574 771 potiris.
1623 704 1693 757 At
1728 718 1918 759 rursus

341 792 638 847 miserandi
661 801 715 847 ct
740 796 1040 850 aerumnosi
1070 793 1151 851 illi
1178 794 1344 866 impia
1375 805 1562 852 mente
1591 796 1918 868 nefarioque

339 898 476 937 ausu
517 897 800 953 przecones
836 882 1052 954 seipsos
1088 884 1267 955 impiae
1300 885 1580 957 opinionis
1629 890 1918 944 renuntia-

342 982 508 1040 runt,
553 984 609 1029 et
640 976 891 1031 veritatis
933 976 1387 1032 constitutionem
1429 989 1682 1036 evertere
1729 982 1916 1038 conati

340 1076 489 1123 sunt.
553 1068 849 1140 Postquam
906 1069 1079 1136 enim,
1122 1071 1276 1141 juxta
1345 1072 1672 1128 mandatum
1732 1084 1911 1137 tuum.

341 1162 540 1232 synodi
589 1163 886 1217 concilium
937 1174 1186 1219 coactum
1226 1173 1347 1230 est,
1394 1166 1732 1224 seductionis
1762 1171 1915 1224 frau-

340 1253 539 1324 disque
575 1270 686 1310 su:e
719 1256 795 1309 illi
836 1255 1128 1311 consilium
1164 1257 1494 1313 detexerunt
1524 1277 1537 1312 :
1577 1260 1740 1331 777
1783 1276 1917 1317 con-

341 1345 645 1401 tenderunt
695 1361 933 1417 namque
987 1334 1232 1404 versutia
1284 1348 1520 1417 quadam
1576 1353 1915 1413 tumultuose

341 1450 467 1491 sese
506 1436 858 1507 ingerentes,
889 1453 1095 1493 novare
1129 1439 1391 1509 quiddam
1416 1482 1431 1507 ,
1465 1441 1557 1496 ubi
1605 1443 1915 1501 sodalitatis

341 1525 750 1599 impietatisque
801 1531 1050 1601 ejusdem
1109 1548 1225 1589 sum
1284 1543 1605 1604 compertos
1664 1536 1915 1595 homines

341 1617 715 1683 invenissent,
772 1622 1153 1687 Germinium,
1203 1624 1537 1683 Auxentium
1586 1632 1642 1684 et
1689 1629 1910 1695 Caium,

2018 426 2101 491 si;
2128 429 2256 494 τοὺς
2304 430 2431 495 σοὺς
2466 433 2696 503 χρόνους
2728 434 2833 502 τῆς
2864 432 3147 503 βασιλείας
3203 436 3486 503 μετέδωκα
3510 436 3604 491 διά

2020 520 2116 574 τοῦ
2140 524 2418 578 Δεσπότου
2443 525 2605 595 ἡμῶν
2651 525 2831 597 Ἰησοῦ
2864 526 3104 597 Χριστοῦ
3128 542 3144 557 ο
3177 525 3249 580 δι’
3277 526 3337 580 οὗ
3381 542 3466 582 σοι
3504 529 3608 583 καὶ
3650 587 3667 595 _

2019 611 2081 665 τδ
2110 611 2418 682 βασιλεύειν
2445 614 2717 685 ὑπῆρξεν,
2744 613 2821 680 ὡς
2841 614 2938 669 καὶ
2964 615 3067 684 τῆς
3087 614 3211 668 καθ’
3234 616 3382 686 ἡμᾶς
3414 619 3607 671 οἰκου-

2023 703 2193 775 μένης
2222 708 2473 777 κρατεῖν.
2505 707 2679 761 Πάλιν
2707 706 2842 776 γοῦν
2874 706 3103 761 ἐλεεινοὶ
3140 708 3237 762 καὶ
3264 711 3479 780 οἰκτροὶ
3524 708 3608 780 τῷ

2023 798 2358 868 φρονήματι,
2395 798 2643 871 ἀθεμίτῳ
2664 798 2980 870 τολμήματι
3015 801 3115 870 τῆς
3143 801 3444 865 δυσσεϐοῦς
3464 819 3608 872 φρο-

2019 887 2248 956 νήσεως,
2290 889 2541 960 κήρυκάς
2575 907 2635 943 τε
2658 889 2886 953 ἑαυτοὺς
2918 890 3257 961 ἀνήγγειλαν
3278 933 3295 955 ,
3340 892 3437 945 καὶ
3485 894 3607 946 ἐπι-

2019 979 2300 1052 χειροῦσιν
2327 981 2659 1051 ἀνατρέπειν
2698 982 2808 1034 πᾶν
2839 981 3097 1052 ἀληθείας
3150 982 3463 1053 σύνταγμα.
3509 984 3603 1048 Ὧς

2018 1070 2130 1141 γὰρ
2157 1070 2299 1125 κατά
2332 1070 2393 1126 τδ
2432 1074 2523 1126 σὺν
2550 1075 2890 1143 πρόσταγμα
2914 1071 3000 1125 τὸ
3032 1074 3313 1145 συνέδριον
3342 1075 3441 1143 τῆς
3470 1091 3603 1128 συν·-

2017 1162 2139 1216 όδου
2176 1165 2577 1232 συνεκροτεῖτο,
2610 1164 2853 1218 κάκεῖνοι
2889 1165 2989 1234 τῆς
3040 1164 3173 1227 ίδίας
3206 1165 3427 1234 ἀπάτης
3470 1166 3604 1233 ἐγύ-

2021 1271 2188 1324 μνουν
2224 1252 2326 1325 τὴν
2355 1255 2571 1324 σκέψιν.
2626 1256 2964 1326 Ἐπειρῶντο
2996 1256 3106 1327 γὰρ
3149 1256 3465 1327 πανουργίᾳ
3494 1258 3605 1308 τινὶ

2019 1348 2114 1402 καὶ
2142 1346 2356 1421 ταραχῇ
2384 1350 2789 1421 προσφέροντες
2815 1367 2869 1404 τι
2893 1351 3261 1420 καινοτομεῖν,
3285 1353 3388 1421 τῆς
3417 1350 3606 1403 τοιαύ-

2015 1457 2116 1511 της
2139 1442 2388 1513 ἐταιρίας
2403 1442 2534 1505 τοὺς
2564 1442 3069 1513 συναλισκομένους
3093 1441 3374 1513 εὑρόντες,
3397 1444 3605 1513 Γερμί-

2016 1550 2152 1601 νιον,
2203 1530 2492 1599 Αὺξέντιον
2549 1534 2645 1588 καὶ
2692 1534 2876 1599 Γάϊον,
2904 1536 3030 1598 τοὺς
3056 1536 3156 1606 τὴν
3184 1535 3302 1607 ἐριν
3333 1536 3426 1589 καὶ
3454 1537 3606 1608 διχο-

2019 1624 2246 1679 στασίαν
2276 1622 2644 1691 ἐμποιοῦντας
2664 1640 2678 1654 ο
2710 1616 2840 1693 ὦνὴ
2881 1624 3210 1678 διδασκαλία
3243 1625 3318 1694 μὴ
3358 1627 3604 1694 μένουσα

340 1712 553 1789 dissidii
584 1721 641 1767 et
673 1715 966 1771 seditionis
999 1726 1255 1771 auctores
1281 1735 1295 1771 :
1325 1730 1561 1787 quorum
1598 1718 1915 1776 inconstans

2018 1719 2127 1771 πᾶν
2169 1716 2375 1786 πλῆθος
2401 1715 2763 1787 βλασφημιῶν
2793 1716 3166 1788 ὑπερϐέϐηκε.
3211 1718 3303 1781 Ὠς
3330 1718 3387 1771 δὲ
3420 1722 3606 1773 συνεῖ-

340 1802 595 1857 doctrina
634 1803 1097 1873 blasphemiarum
1131 1809 1376 1861 omnium
1415 1822 1676 1864 acervum
1716 1810 1916 1881 impie-

342 1901 455 1950 tate
491 1909 594 1949 sua
645 1896 807 1965 longe
850 1898 1088 1952 excedit.
1136 1897 1237 1955 Ubi
1284 1914 1417 1954 vero
1470 1901 1914 1961 animadvertere

341 2000 446 2041 nos
484 2002 590 2041 non
625 1987 881 2056 ejusdem
908 1989 1133 2044 haeresis
1174 2003 1332 2055 esse,
1367 2004 1547 2062 neque
1574 1994 1760 2064 pravis
1798 1995 1917 2065 opi-

340 2075 606 2130 nionibus
629 2091 821 2131 eorum
856 2080 1135 2143 assentiri,
1163 2081 1220 2135 in
1250 2081 1546 2137 concilium
1575 2096 1634 2139 se
1664 2089 1914 2139 nostrum

343 2165 738 2233 insinuarunt,
767 2169 999 2238 perinde
1049 2178 1214 2234 atque
1266 2171 1416 2226 aliud
1468 2172 1769 2244 quidquam
1816 2177 1915 2231 de-

340 2258 572 2312 creturi.
622 2258 896 2316 Perbreve
924 2270 1107 2316 autem
1143 2264 1459 2319 intercessit
1492 2272 1729 2336 tempus,
1767 2268 1915 2336 quod

340 2364 534 2404 eorum
583 2354 887 2409 sententias
932 2354 989 2409 in
1050 2356 1232 2411 lucem
1287 2371 1596 2428 coarguens
1658 2360 1913 2430 protulit.

341 2445 542 2502 Verum
587 2450 872 2504 enimvero
914 2465 983 2505 ne
1034 2465 1121 2507 res
1152 2436 1412 2508 Ecclesia
1454 2468 1674 2524 semper
1718 2454 1912 2510 eodem

343 2538 673 2610 allligeretur
702 2554 854 2605 casu,
889 2542 1162 2613 turbaque
1190 2552 1247 2598 et
1280 2545 1551 2602 tumultus
1585 2545 1915 2616 provolutus

343 2648 539 2687 omnes
568 2633 1085 2704 comprehenderet,
1123 2634 1464 2693 tutissimum
1506 2638 1684 2694 visum
1713 2648 1822 2704 est,
1853 2646 1915 2694 ut

342 2739 466 2793 quae
503 2724 813 2793 antiquitus
853 2724 1076 2781 decreta
1105 2735 1265 2792 sunt,
1299 2726 1510 2799 integra
1544 2740 1710 2792 atque
1740 2727 1919 2784 invio-

341 2816 454 2871 lata
480 2826 884 2872 servarentur:
919 2827 1084 2889 atque
1118 2820 1197 2876 illi
1232 2834 1370 2888 quos
1406 2819 1668 2886 diximus,
1702 2834 1732 2874 a
1764 2836 1915 2876 com-

342 2911 553 2966 mercio
617 2892 1124 2982 communioneque
1199 2921 1388 2967 nostra
1461 2922 1909 2984 segregarentur.

2016 1807 2105 1861 δον
2138 1809 2262 1877 οὐχὶ
2289 1806 2392 1877 τῆς
2427 1808 2598 1875 αὐτῆς
2630 1807 2903 1875 αἱρέσεως
2941 1806 3128 1870 δντας,
3182 1804 3298 1859 οὗθ’
3352 1809 3603 1876 ὁμογνω-

2021 1894 2318 1969 μονοῦντας
2354 1898 2441 1967 ἐφ’
2476 1891 2557 1961 οἷς
2597 1897 2785 1961 κακῶς
2831 1897 3122 1968 ἐφρόνουν,
3156 1897 3236 1960 είς
3265 1898 3327 1950 τὸ
3350 1896 3606 1969 ’συμσού-

2016 1990 2129 2045 λιον
2155 1990 2314 2061 ἡμῶν
2357 1992 2673 2062 μετήγαγον
2695 1990 2948 2058 ἐαυτοὺς,
2996 1990 3071 2055 ὡς
3101 1991 3283 2046 δοκεῖν
3314 1992 3401 2046 ἐτε
3413 1997 3505 2065 ρόν
3544 2012 3602 2049 τι

2014 2082 2274 2152 γράιρειν.
2309 2077 2419 2136 Ἦν
2445 2083 2505 2137 δέ
2535 2085 2564 2137 ὁ
2585 2076 2779 2154 καιρὸς
2805 2082 3015 2154 βραχὺς
3043 2085 3073 2137 6
3106 2084 3203 2137 καὶ
3244 2083 3346 2147 τὰς
3369 2084 3600 2154 γνώμας

2017 2171 2199 2225 αὐτῶν
2247 2169 2570 2242 ἐξελέγχων.
2630 2170 2731 2225 Ἰν*
2774 2170 2869 2226 οὖν
2903 2172 2980 2243 μὴ
3030 2174 3145 2237 τοῖς
3174 2174 3361 2236 αὐτοῖς
3388 2173 3461 2226 τά
3493 2175 3599 2245 τῆς

2028 2264 2360 2334 Ἐκκλησίας
2414 2260 2751 2335 περιπίπτῃ,
2796 2264 2912 2329 ,καὶ
2965 2266 3182 2337 ταραχὴ
3235 2267 3334 2318 καὶ
3365 2266 3601 2336 θόρυϐος

2016 2354 2442 2427 καλινδούμενος
2492 2356 2746 2421 ἃπαντας
2797 2356 3024 2427 συνέχῃ,
3076 2356 3293 2427 βέσαιον
3322 2360 3496 2429 ἐφάνη
3528 2360 3601 2411 τὰ

2016 2450 2188 2503 πάλαι
2225 2448 2511 2520 ὡρισμίνα
2543 2450 2639 2503 καὶ
2673 2451 3062 2520 ἀμετακίνητα
3097 2449 3392 2520 φυλάττειν
3419 2465 3432 2480 ·
3468 2452 3599 2516 τοὺς

2014 2542 2071 2595 δέ
2103 2541 2544 2613 προειρημένους
2567 2541 2667 2610 τῆς
2697 2541 2977 2614 ἡμετέρας
2996 2542 3280 2604 κοινωνίας
3306 2542 3597 2612 ἀποκεχωο

2019 2632 2225 2700 ρίσθαι.
2255 2633 2335 2685 Δι’
2370 2634 2436 2703 ἣν
2475 2633 2656 2687 αἰτίαν
2690 2633 2819 2696 τοὺς
2863 2633 3290 2700 ἀναδιδάξοντας
3332 2632 3596 2703 πρέσδεις

2017 2730 2158 2798 πρὸς
2184 2726 2283 2798 τὴν
2311 2726 2409 2797 σὴν
2431 2728 2733 2781 ἐπιείκειαν
2763 2726 3214 2797 ἀπεστάλκαμεν,
3245 2728 3345 2798 τὴν
3364 2726 3597 2799 γνώμην

2016 2817 2110 2871 τοῦ
2146 2818 2426 2890 συνεδρίου
2453 2819 2545 2873 διά
2575 2819 2677 2890 τῆς
2708 2819 3002 2890 ἐπιστολῆς
3062 2824 3435 2892 μηνύσοντας.
3468 2821 3598 2886 Τοῖς

2014 2908 2073 2961 δὲ
2103 2906 2393 2979 πρέσϐεσι,
2418 2908 2527 2977 πρό
2550 2924 2614 2977 γε
2647 2909 2871 2963 πάντων
2896 2909 3061 2963 τοῦτο
3105 2911 3600 2981 παρεκελευσάμε-

344 3000 517 3069 Quam
550 3003 622 3058 ob
650 3017 875 3059 causam
913 3013 1167 3060 oratores
1197 3013 1417 3061 nostros
1445 3006 1513 3061 ad
1562 3007 1912 3063 clementiam

2019 3000 2112 3069 θα,
2140 3003 2201 3055 τὸ
2236 3000 2338 3072 τὴν
2384 3002 2649 3073 ἀλήθειαν
2693 3003 3078 3056 πιστώσασθαι
3138 3003 3204 3056 ἐκ
3256 3003 3368 3057 τῶν
3421 3004 3600 3060 πάλαι

345 3103 494 3149 tuam
536 3096 826 3162 misimus,
870 3096 964 3167 qui
997 3096 1178 3152 eidem
1213 3096 1439 3153 concilii
1472 3098 1656 3153 nostri
1690 3106 1915 3155 sentcn-

343 3187 477 3242 tiam
516 3202 618 3258 per
662 3184 932 3257 scriptum
982 3202 1200 3259 quoque
1232 3187 1479 3245 indicent
1525 3196 1692 3259 atque
1725 3190 1914 3247 decla-

342 3289 487 3336 rent.
522 3280 736 3347 Quibus
767 3280 902 3336 illud
937 3264 1157 3353 quoque
1191 3282 1469 3353 praecipue
1506 3282 1912 3353 mandavimus,

341 3384 406 3429 ttt
458 3389 528 3430 ex
582 3373 826 3445 antiquis
880 3374 1253 3447 legitimisque
1315 3375 1603 3442 decretis,
1659 3376 1915 3433 veritatis

342 3466 505 3523 tidem
562 3465 806 3531 faciant,
858 3481 1091 3537 eamque
1143 3465 1493 3524 conﬁrment.
1546 3468 1915 3526 Declarabunt

342 3560 424 3614 illi
466 3560 632 3615 etiam
680 3557 963 3615 sanctitati
1008 3566 1145 3624 tua,
1176 3558 1404 3614 minime
1435 3556 1678 3614 futuram
1702 3600 1718 3628 ,
1750 3561 1912 3618 sicuti

342 3650 606 3708 Ursacius
634 3660 691 3706 et
725 3650 927 3706 Valens
954 3648 1167 3719 dixere,
1206 3666 1419 3721 pacem,
1455 3651 1501 3709 si
1530 3651 1663 3723 quid
1693 3652 1749 3708 in
1782 3652 1915 3724 legi-

343 3742 495 3798 timis
514 3741 1003 3797 constitutionibus
1028 3742 1378 3798 immutatum
1407 3742 1599 3799 fuerit.
1625 3743 1915 3812 Quomodo

341 3847 581 3902 namque
614 3847 802 3901 pacem
838 3842 1082 3900 servent,
1122 3832 1215 3904 qui
1248 3822 1645 3906 pacem‘ipsam
1676 3835 1915 3892 tollunt?

341 3924 483 3992 Quin
512 3926 797 3981 contentio
828 3926 1012 3995 potius
1036 3935 1091 3981 et
1119 3926 1276 3983 turba
1306 3943 1404 3997 per
1429 3937 1614 3998 empta
1636 3928 1910 4000 ejusmodi

341 4032 468 4074 cum
521 4018 687 4085 alibi,
739 4027 857 4074 tum
906 4018 963 4074 in
1014 4019 1262 4075 Romana
1312 4019 1556 4078 Ecclesia
1601 4022 1908 4080 exorietur.

2014 3092 2263 3162 ἀρχαίων
2284 3092 2511 3157 δικαίως
2531 3092 2860 3164 ὡρισμένων
2882 3107 2901 3129 ⁸
2952 3092 3002 3146 οἳ
3031 3094 3129 3147 καὶ
3152 3093 3253 3165 τὴν
3278 3094 3378 3164 σὴν
3406 3095 3598 3150 ἀναδι-

2013 3184 2273 3250 δάξουσιν
2297 3186 2585 3256 ὁσιότητα,
2605 3187 2687 3240 δτι
2711 3187 2809 3258 οὐχ
2831 3185 3026 3258 ὥσπερ
3052 3185 3267 3257 ἔφησαν
3288 3186 3599 3258 Οὕρσάκιος

2017 3282 2111 3334 καὶ
2139 3280 2374 3351 οὺάλης,
2429 3279 2583 3337 ἐσται
2623 3282 2843 3352 εἰρήνη,
2890 3282 3052 3352 είπερ
3099 3300 3154 3336 τι
3209 3282 3323 3337 τῶν
3363 3281 3598 3336 δικαίων

2013 3374 2381 3448 ἀνατραπείη.
2434 3376 2561 3439 Πῶς
2616 3377 2726 3446 γὰρ
2753 3376 2984 3444 εἰρήνην
3014 3370 3130 3429 οἷόν
3154 3392 3214 3429 τε
3245 3376 3404 3444 ἄγειν
3460 3376 3594 3441 τοὺς

2013 3467 2114 3537 τὴν
2134 3469 2361 3540 εἰρήνην
2388 3467 2760 3530 καταλύοντας
2783 3486 2797 3533 ;
2839 3467 3046 3538 μᾶλλον
3068 3468 3181 3539 γάρ
3213 3466 3334 3538 ἐρις
3361 3468 3459 3522 καὶ
3494 3483 3599 3521 τα-

2016 3560 2161 3633 ραχὴ
2186 3565 2248 3614 ἐκ
2268 3560 2479 3615 τούτων
2500 3561 2598 3615 σὺν
2617 3562 2738 3622 ταῖς
2759 3560 2980 3625 λοιπαῖς
3007 3561 3199 3615 πόλεσι
3227 3562 3327 3616 καὶ
3349 3563 3414 3633 τῇ
3454 3560 3596 3617 Ῥω-

2017 3652 2195 3725 μαίων
2217 3650 2517 3723 ⁹Εκκλησίᾳ
2545 3655 2862 3722 γενήσεται.
2920 3651 3015 3705 Διδ
3046 3651 3112 3722 δὴ
3136 3651 3461 3720 ίκετεύομεν
3490 3651 3597 3726 τὴν

2015 3744 2116 3815 σὴν
2136 3744 2463 3810 ἐπιείκειαν,
2489 3742 2576 3797 ῖνα
2595 3743 2927 3815 προσηνέσιν
2951 3743 3145 3808 ἀκοαῖς
3169 3745 3266 3799 καὶ
3287 3745 3594 3818 γαληνιαίῳ

2015 3837 2291 3909 βλέμματι
2321 3835 2450 3900 τοὺς
2477 3835 2784 3908 ἡμετέρους
2816 3835 3080 3908 πρέσϐεις
3103 3837 3431 3909 ἀθρήσειας,
3453 3838 3598 3908 μηδὲ

2015 3930 2155 3998 πρὸς
2187 3927 2347 4001 ὕϐριν
2398 3928 2510 3983 τῶν
2548 3928 3026 4000 τετελευτηκότων
3065 3930 3258 3983 καινόν
3294 3946 3349 3984 τι
3391 3932 3597 4001 μεταλο

2011 4020 2229 4077 λάττειν
2282 4020 2674 4092 ἐπιτρέψειαςο
2734 4020 2875 4076 ἀλλὰ
2923 4021 3094 4093 ἐάσῃς
3132 4022 3393 4091 ἐμμένειν
3443 4023 3597 4094 ἡμᾶς

342 4109 532 4181 Itaque
558 4111 865 4166 clementia:
885 4126 991 4166 tua:
1012 4111 1406 4182 supplicamus,
1436 4121 1498 4168 ut
1523 4128 1724 4170 sereno
1752 4114 1910 4171 vultu

2017 4116 2126 4178 τοῖς
2165 4114 2317 4185 παρά
2346 4114 2455 4167 τῶν
2482 4114 2766 4186 προγόνων
2795 4113 3067 4186 ὁρισθεῖσί
3087 4131 3144 4169 τε
3179 4115 3276 4169 καὶ
3300 4116 3598 4186 νενομοθε-

344 4203 644 4273 respicias,
687 4196 1053 4275 benignisquc
1105 4205 1337 4260 auribus
1385 4214 1638 4262 oratores
1690 4215 1914 4265 nostros

2017 4207 2297 4277 τημένοις.
2337 4205 2432 4269 οὓς
2456 4207 2671 4262 ἅπαντα
2706 4207 2845 4277 μετά
2868 4207 3151 4278 ἀγχινοίας
3180 4224 3240 4260 τε
3266 4209 3363 4261 καὶ
3383 4212 3595 4278 φρονήο

344 4297 572 4362 audias,
623 4312 803 4367 neque
848 4312 973 4353 cum
1020 4297 1408 4355 defunctorum
1456 4301 1657 4372 injuria
1708 4316 1913 4359 novare

2017 4315 2158 4362 σεως
2191 4299 2286 4351 καὶ
2321 4297 2641 4365 Πνεύματος
2678 4298 2836 4366 ἀγίου
2893 4298 3262 4367 πεποιηκέναι
3310 4300 3597 4371 φήσαιμεν

344 4389 646 4461 quidquam
672 4399 729 4446 et
758 4399 967 4446 mutare
1000 4391 1289 4462 permittas
1312 4433 1328 4460 ,
1358 4394 1453 4450 sed
1477 4409 1581 4449 nos
1608 4396 1664 4450 in
1693 4395 1760 4451 iis
1788 4411 1912 4466 qua:

2017 4391 2101 4446 ἀν.
2132 4388 2214 4443 Τά
2243 4388 2351 4460 γάρ
2381 4388 2477 4444 νῦν
2507 4389 2639 4460 παρ’
2691 4389 2918 4443 ἐκείνων
2969 4390 3450 4470 καινοτομούμενα
3475 4393 3597 4455 τοῖς

345 4499 373 4537 a
408 4483 709 4554 majoribus
734 4483 939 4540 nostris
968 4482 1196 4540 deﬁnita
1228 4485 1583 4558 legitimoque
1616 4489 1913 4546 constituta

344 4587 495 4643 sunt,
538 4579 935 4648 conquiescere
977 4578 1167 4633 sinas:
1214 4595 1354 4650 quos
1389 4580 1640 4652 profecto
1681 4582 1918 4636 solerter

345 4678 399 4723 et
427 4668 726 4739 prudenter
771 4671 956 4726 omnia
993 4669 1233 4741 Spiritus
1273 4674 1451 4728 sancti
1498 4671 1682 4728 alllatu
1734 4672 1913 4744 egisse

345 4759 663 4816 dixerimus.
694 4760 825 4828 Quae
855 4779 984 4818 vero
1018 4778 1168 4819 nunc
1192 4765 1261 4821 ab
1291 4766 1413 4822 istis
1446 4776 1746 4828 novantur,
1784 4767 1916 4821 lide-

345 4851 491 4904 libus
545 4853 765 4922 quidem
822 4855 1303 4925 incredulitatem,
1361 4858 1678 4914 infidelibus
1726 4869 1912 4914 autem

347 4943 684 5000 ferocitatem
736 4948 992 5004 aderunt.
1053 4949 1442 5021 Snpplicamus
1495 4961 1800 5021 praeterea,
1856 4961 1917 5007 ut

347 5036 640 5108 cpisc0pos
674 5040 766 5108 qui
812 5038 868 5093 in
899 5039 1219 5111 longinquis
1256 5041 1565 5112 alienisque
1596 5041 1916 5115 regionibus
1950 5038 1953 5039 ⁷

347 5130 589 5199 degunt,
621 5140 674 5185 et
706 5130 788 5186 vel
817 5130 996 5186 aetatis
1024 5132 1335 5203 grandioris
1380 5134 1755 5190 imbecillitate
1779 5174 1795 5200 ,
1828 5134 1914 5189 vel

350 5224 690 5290 paupertatis
728 5223 997 5293 gravioris
1046 5222 1367 5281 dilllcultate
1404 5236 1755 5295 premuntur,
1788 5241 1913 5279 cum

350 5313 489 5367 bona
523 5315 682 5369 venia
717 5314 898 5370 redire
914 5318 982 5371 ad
1004 5330 1134 5371 suos
1155 5315 1370 5388 jubeas,
1401 5333 1469 5371 ne
1495 5318 1764 5383 ecclesiae,
1788 5317 1907 5387 cpi-

349 5408 529 5475 scopis
554 5422 745 5463 earum
776 5408 845 5463 ab
876 5408 960 5465 eis
989 5408 1301 5481 disjunctis,
1329 5409 1541 5464 diutius
1576 5411 1631 5464 in
1661 5410 1754 5465 tali
1784 5409 1917 5465 soli-

350 5498 545 5552 tudine
576 5512 955 5569 permaneant.
993 5501 1161 5574 778
1195 5500 1399 5557 Adhaec
1440 5503 1667 5571 insuper
1703 5501 1910 5567 omnia,

354 5580 490 5642 iilud
538 5607 757 5661 quoque
806 5604 858 5648 te
905 5610 1163 5662 oramus,
1215 5603 1275 5649 ut
1329 5594 1572 5663 nequid
1619 5591 1915 5658 adimatur,

363 5697 498 5737 ncvc
535 5684 766 5739 addatur
804 5687 871 5741 ad
918 5704 978 5743 ea
1030 5703 1148 5757 qna-
1189 5687 1341 5759 prius
1387 5687 1711 5753 entabant,
1758 5686 1918 5757 quid-

2020 4483 2118 4553 μὲν
2144 4482 2499 4536 πιστεύουσιν
2531 4482 2797 4537 ἀπιστίαν
2818 4483 3016 4549 ἐποίει,
3041 4485 3157 4545 τοῖς
3187 4484 3244 4537 δέ
3260 4483 3595 4538 ἀπιστοῦσιν

2015 4574 2300 4646 ὠμότητα.
2364 4572 2709 4645 ’ἱκετεύομεν
2761 4574 2819 4627 δὲ
2871 4574 2976 4638 ἔτι,
3019 4574 3108 4629 ῖνα
3165 4574 3430 4647 κελεύσης
3461 4577 3597 4639 τοὺς

2017 4668 2355 4732 ἐπισκόπους
2399 4667 2527 4730 τοὺς
2556 4668 2617 4720 ἐν
2654 4665 2992 4728 ἀλλοδαπαῖς
3022 4666 3431 4736 διατρίϐοντας,
3494 4668 3596 4732 οὓς

2016 4761 2112 4814 καὶ
2143 4761 2204 4815 τὸ
2227 4760 2326 4829 τῆς
2358 4757 2575 4830 ἡλικίας
2599 4759 2884 4823 ἐπίπονον,
2932 4758 3029 4812 καὶ
3054 4759 3117 4812 τὸ
3142 4759 3243 4830 τῆς
3278 4759 3473 4824 πενίας
3502 4763 3591 4813 ἐν-

2015 4854 2133 4919 δεὲς
2182 4853 2396 4926 τρύχει,
2452 4854 2553 4924 τὴν
2586 4854 2669 4916 είς
2712 4854 2781 4907 τά
2808 4854 2991 4907 οἰκεῖα
3027 4854 3363 4925 ἀνακομιδὴν
3396 4855 3591 4926 ῥᾳδίαν

2017 4948 2376 5015 ποιήσασθαι,
2415 4946 2503 4998 ῖνα
2528 4944 2613 5016 ’μὴ
2646 4943 2846 5016 ἔρημοι
2874 4945 2986 4998 τῶν
3016 4946 3335 5000 ἐπισκόπων
3377 4948 3595 5016 ἀφωρι-

2019 5040 2232 5108 σμένων
2255 5041 2309 5093 αἱ
2332 5039 2620 5105 ἐκκλησίαι
2648 5038 3004 5106 διαμένωσιν.
3030 5036 3153 5091 Ἔτι
3176 5041 3235 5094 δέ
3255 5039 3394 5107 πρὸς
3412 5040 3593 5093 ἀπασι

2016 5129 2110 5182 καὶ
2139 5125 2299 5180 τοῦτο
2324 5124 2580 5195 δεόμεθα,
2616 5124 2705 5179 ἵνα
2762 5124 2931 5195 μηδὲν
2960 5123 3187 5198 ἐλλείπῃ
3213 5142 3264 5179 τι
3299 5125 3412 5177 τῶν
3446 5140 3590 5194 προ-

2019 5217 2403 5291 ὓπαρξάντων,
2447 5218 2588 5288 μήτε
2620 5217 2915 5290 πλεονάζῃ,
2949 5216 3089 5269 ἀλλά
3119 5217 3302 5270 πάντα
3332 5216 3590 5287 ἀρῤηκτα

2018 5309 2273 5383 διαμένῃ,
2304 5312 2367 5363 ἐκ
2400 5308 2500 5375 τῆς
2552 5308 2648 5361 τοῦ
2680 5307 2771 5361 σοῦ
2800 5310 3008 5379 πατρὸς
3039 5308 3326 5371 εὐσεὸείας
3372 5308 3471 5361 καὶ
3509 5310 3591 5372 είς

2019 5403 2111 5457 τὸν
2148 5401 2244 5455 νῦν
2277 5400 2469 5472 χρόνον
2500 5400 2978 5469 διαφυλαττόμενα
2997 5417 3012 5434 ο
3042 5402 3184 5472 μήτε
3223 5400 3412 5455 λοιπὸν
3437 5402 3592 5470 ἡμᾶς

2025 5494 2246 5566 μοχθεῖν
2266 5509 2280 5523 ⁶
2313 5493 2409 5547 καὶ
2459 5491 2569 5544 τῶν
2598 5490 2821 5543 οἰκείων
2848 5492 3238 5562 παροικήσεων
3268 5490 3593 5561 ἀλλοτρίους

2020 5588 2376 5661 ἐπιτρέψειας
2402 5583 2661 5654 γενέσθαι
2688 5600 2701 5614 ο
2730 5582 2845 5637 ἀλλ’
2875 5584 2963 5638 ίνα
2991 5588 3040 5638 oi
3068 5586 3356 5637 ἐπίσκοποι
3389 5584 3487 5637 νῦν
3508 5586 3591 5653 τῷ

2023 5684 2134 5752 ἰδίῳ
2165 5680 2280 5751 λαῷ
2319 5679 2434 5749 μετ’
2473 5675 2697 5747 εἰρήνης
2722 5677 2802 5741 είς
2842 5677 3078 5748 εὐωχίας
3104 5693 3161 5731 τε
3193 5676 3288 5730 καὶ
3316 5675 3583 5744 λατρείας
