3970 6190
386 310 489 375 387

1563 305 1986 370 NICEPHORI
2019 305 2363 367 CALLlSTI

3521 307 3629 374 338

384 420 755 479 sectatoribus
785 401 1100 478 facultaiem
1125 417 1471 488 permisisse,
1500 430 1561 474 ut
1584 434 1724 490 quas
1750 420 1953 475 vellent

2057 420 2501 489 ἀναγνωσθεῖσαν
2561 418 2745 473 πίστιν
2777 421 2948 473 πᾶσιν
3002 419 3306 475 ἐκδῐεοσθαι
3332 440 3343 451 ’
3384 420 3478 474 καὶ
3509 422 3628 475 ὅσοι

383 517 441 571 in
472 514 768 570 Occidente
799 512 1062 568 ecclesias
1084 511 1556 577 administrarent,
1581 510 1949 581 omnibus1tte

382 607 584 663 lectam
616 607 685 661 ab
715 606 796 660 eis
829 605 989 659 fidem
1023 602 1344 658 traderent:
1380 611 1435 657 et
1464 604 1781 673 quicunque
1813 602 1946 657 sub-

383 699 625 753 scribere
659 697 737 751 illi
770 696 979 761 nolcnt,
1013 693 1239 749 sedibus
1272 692 1386 748 suis
1424 693 1750 764 dejicerent,
1786 705 1949 765 atque

380 788 521 844 alios
549 787 805 842 factionis
835 802 948 842 sua:
975 786 1084 841 illis
1110 787 1501 859 subrogarent.
1533 787 1648 854 Qua
1680 796 1949 857 potestate

381 888 629 948 accepta,
663 877 785 932 illos
822 877 874 932 vi
910 893 1126 944 omnes,
1165 886 1225 933 ut
1256 893 1423 948 quam
1465 878 1705 933 diximus
1741 877 1950 933 formu-

380 971 487 1026 lam
514 971 965 1040 comprobarent,
1000 970 1226 1027 adortos
1256 985 1420 1027 esse:
1457 983 1512 1027 et
1541 970 1636 1041 qui
1671 970 1723 1025 id
1764 971 1950 1026 facere

380 1062 720 1126 noluissent,
755 1062 1164 1132 quamprimum
1203 1062 1455 1118 ecclesiis
1483 1062 1785 1132 expulisse.
1825 1060 1950 1115 Pri-

381 1168 642 1222 mumque
668 1152 970 1215 Liberium,
997 1154 1144 1223 quod
1171 1153 1318 1209 dicto
1342 1154 1573 1209 audiens
1598 1168 1707 1207 non
1732 1152 1947 1219 fuisset,

380 1243 433 1298 vi
459 1257 713 1299 exactum
743 1259 885 1299 esse.
910 1244 1146 1309 Quidam
1168 1260 1300 1301 sane
1323 1244 1623 1302 secundam
1651 1245 1793 1301 hanc
1817 1260 1950 1316 pro-

379 1337 740 1405 scriptionem
766 1337 884 1406 ejus
908 1335 1075 1391 fuisse
1099 1335 1315 1405 dicunt,
1367 1338 1459 1392 alii
1484 1346 1665 1392 autem
1690 1341 1947 1408 primam,

375 1444 503 1485 cum
541 1445 604 1484 ea
640 1429 807 1484 etiam
839 1444 962 1498 quae
1001 1443 1168 1499 supra
1200 1429 1269 1485 de
1313 1430 1479 1486 Felici
1509 1430 1749 1485 diximus
1773 1470 1788 1493 ,
1826 1438 1949 1484 acta

379 1529 528 1574 sunt.
581 1518 760 1587 Atque
798 1519 942 1583 illos,
1002 1517 1168 1573 rebus
1213 1520 1289 1572 ita
1345 1533 1445 1588 per
1492 1518 1701 1573 italiam
1756 1517 1947 1588 gestis,

376 1611 570 1667 eadem
614 1626 710 1680 per
747 1608 1028 1666 Orientem
1070 1625 1292 1680 quoque
1330 1609 1515 1666 facere
1568 1609 1945 1666 constituisse.

2054 515 2129 585 μὴ
2160 513 2502 581 ὑπογράφειν
2529 513 2773 581 αἱροῖντο
2795 510 3024 581 ταύτην,
3074 511 3182 564 τῶν
3222 510 3431 581 θρόνων
3463 510 3629 565 έλαύ-

2050 619 2185 669 νειν,
2214 603 2309 656 καὶ
2333 602 2525 665 ἄλλους
2555 600 2801 669 εἰσάγειν
2831 599 2929 662 οὓς
2978 600 3047 653 ἂν
3076 601 3402 671 ὁμοφρονεῖν
3422 600 3631 668 γνοῖεν.

2052 693 2321 764 Τοιαύτης
2347 693 2392 748 δ’
2440 692 2699 758 ἐξουσίας
2741 691 3205 762 ἐπειλημμένους,
3242 692 3455 754 πάντας
3488 690 3631 761 πρὶς

2053 784 2178 855 βίαν
2202 785 2357 852 ἄγειν
2382 786 2451 854 τῇ
2483 783 2751 853 εἰρημένῃ
2777 782 2955 834 πίστει
2982 780 3443 849 καθυπογράφειν
3460 795 3476 813 ο
3527 780 3625 832 καὶ

2051 880 2178 944 τοὺς
2203 878 2280 949 μὴ
2328 878 2690 950 βουλομένους
2720 875 2863 929 οὕτω
2905 878 3104 940 ποιεῖν,
3139 874 3214 937 ὡς
3248 873 3410 945 τάχος
3440 874 3629 928 ὠθεῖν.

2049 962 2152 1023 Ὦν
2175 970 2396 1041 πρῶτον
2441 969 2722 1039 Διϐέριον,
2787 968 2863 1038 μὴ
2915 968 3260 1037 πειθόμενον,
3316 966 3454 1036 πρὸς
3506 966 3635 1036 βίαν

2051 1062 2367 1132 ἐξήλαυνον.
2393 1062 2506 1116 Καὶ
2530 1062 2580 1115 οἰ
2606 1062 2707 1130 μέν
2733 1079 2865 1128 φασι
2893 1051 3152 1130 δευτέραν
3171 1060 3393 1131 ἐξορίαν
3419 1058 3635 1128 ταύτην

2051 1155 2202 1224 αὐτῷ
2241 1154 2520 1224 γενέσθαι,
2546 1155 2594 1207 οί
2629 1152 2685 1206 δὲ
2717 1152 2946 1223 πρώτην
2970 1169 2985 1183 ⁸
3028 1154 3116 1206 ὅτε
3145 1154 3240 1205 καὶ
3269 1154 3336 1205 τὰ
3356 1152 3498 1204 κατὶι
3538 1151 3629 1202 τὸν

2049 1246 2259 1316 Φήλικα
2294 1247 2539 1315 γέγονεν,
2577 1246 2654 1310 ὡς
2681 1245 2790 1316 πρὸ
2817 1244 3046 1315 βραχέος
3077 1245 3406 1314 εἰρήκαμεν.
3441 1244 3486 1295 Τ
3488 1240 3632 1295 αὕτα

2050 1338 2107 1392 δὲ
2138 1337 2283 1391 κατὰ
2310 1339 2412 1408 τὴν
2458 1337 2693 1391 Ἰταλίαν
2730 1336 3168 1406 διαπραξάμενοι
3217 1335 3270 1389 oi
3327 1335 3456 1406 napi
3488 1334 3635 1387 Οὐά-

2052 1430 2238 1497 λεντα,
2271 1433 2340 1485 τὰ
2372 1432 2463 1484 ἴσα
2500 1431 2594 1484 καὶ
2622 1431 2770 1484 κατὰ
2801 1431 2901 1502 τὴν
2936 1431 3013 1482 ἓω
3041 1429 3306 1498 πράττειν
3327 1430 3627 1481 ἐσκόπουν.

2052 1525 2161 1577 Καὶ
2187 1523 2252 1591 δὴ
2274 1525 2362 1577 διὰ
2390 1521 2614 1594 Θρᾴκης
2645 1524 2838 1587 ἰόντες,
2868 1521 2992 1575 ἐπεὶ
3014 1521 3158 1575 κατά
3181 1536 3304 1573 τινα
3320 1517 3412 1572 τοῦ
3433 1517 3630 1579 ἔθνους

2052 1612 2227 1675 πόλιν,
2246 1605 2280 1683 ᾖ
2307 1612 2454 1683 Νίκη
2473 1610 2650 1681 ϐνομα
2664 1605 2753 1681 ἦν,
2780 1610 3176 1682 παρεγέιοντο.
3198 1609 3419 1663 σύνοδον
3443 1605 3632 1676 ἁθροί-

378 1704 445 1758 Ει
477 1720 576 1774 per
606 1702 896 1757 Thraciam
922 1711 1140 1768 euntes,
1166 1702 1259 1757 ubi
1290 1703 1345 1757 in
1376 1702 1639 1774 oppidum
1667 1702 1948 1774 quoddam

2057 1721 2266 1769 σαντες,
2301 1704 2401 1774 τὴν
2428 1705 2487 1755 ἐν
2529 1702 2799 1774 Ἀριμίνῳ
2854 1703 3042 1757 πίστιν
3091 1702 3157 1755 ὲκ
3198 1700 3515 1770 Ῥωμαῖκῆς
3551 1701 3632 1761 εἰς

378 1797 623 1868 regionis
671 1798 793 1870 ejus
854 1797 1077 1853 nomine
1138 1794 1273 1851 Nica
1329 1796 1752 1867 pervenissent,
1815 1813 1950 1852 con-

2063 1796 2293 1851 Ἐλλάδα
2321 1769 2506 1867 φωνὴν
2541 1769 2967 1866 μεταϐαλόντες,
3012 1792 3264 1871 βεϐαιοῦν
3297 1769 3627 1861 ἐπειρῶ-ιτοο

377 1900 605 1946 ventum
653 1890 926 1961 coegisse,
982 1888 1256 1959 iidemque
1295 1888 1530 1946 Arimini
1570 1903 1600 1943 a
1631 1904 1691 1947 se
1728 1888 1951 1956 lectam,

378 1998 447 2037 ex
479 1981 671 2036 Latina
704 1982 757 2035 in
792 1981 1036 2037 Graecam
1069 1981 1314 2051 linguam
1348 1995 1670 2036 conversam
1699 1980 1952 2037 stabilire

379 2082 609 2128 conatos
635 2088 783 2138 esse,
839 2082 1004 2141 atque
1034 2071 1253 2143 publice
1280 2071 1630 2128 sermonibus
1659 2071 1949 2142 sparsisse,

378 2165 673 2220 formulam
713 2180 833 2220 eam
860 2166 1010 2220 Nicze
1035 2181 1065 2219 a
1093 2164 1302 2236 synodo
1332 2165 1631 2221 universali
1661 2165 1764 2221 rite
1786 2173 1952 2236 atque

380 2258 578 2313 ordine
611 2259 819 2312 editam
874 2256 1368 2327 conﬁrmatatnque
1400 2272 1523 2313 esse
1551 2274 1568 2312 :
1605 2268 1665 2313 ιιι
1698 2257 1953 2314 videlicet

381 2353 672 2409 nominum
699 2352 978 2407 vicinitate
1005 2368 1103 2423 per
1136 2351 1387 2407 fraudem
1420 2351 1789 2423 simpliciores
1813 2351 1953 2408 scri-

382 2458 538 2519 ptum
576 2445 653 2512 id,
684 2445 911 2516 perinde
938 2454 1104 2515 atque
1127 2444 1324 2500 Nicaeae
1355 2444 1411 2499 in
1440 2443 1692 2515 Bithynia
1723 2458 1951 2514 compo—

379 2538 546 2595 situm
583 2546 755 2601 esset,
787 2537 1142 2607 accipientes,
1178 2535 1434 2607 decipere
1468 2543 1714 2605 possent.
1749 2534 1953 2590 Verum

380 2627 735 2685 calliditatem
781 2625 1304 2697 cavillationemque
1351 2641 1476 2681 eam
1524 2625 1952 2696 deprehensam,

379 2721 434 2775 in
469 2721 639 2775 risum
678 2729 845 2791 atque
889 2717 1191 2773 ludibrium
1241 2717 1465 2774 abiisse.
1507 2718 1687 2787 Atque
1734 2717 1839 2771 hoc
1874 2716 1955 2773 sic

382 2811 639 2866 nonnulli
705 2810 1006 2866 tradidere.
1071 2809 1258 2864 Altera
1322 2816 1508 2864 autem
1573 2808 1763 2878 opinio
1827 2806 1952 2862 fuit.

381 2903 549 2972 780
578 2901 715 2958 Cum
750 2901 997 2972 episcopi
1029 2900 1270 2955 Arimini
1303 2901 1642 2970 congregati,
1677 2898 1824 2969 quod
1855 2899 1957 2952 im-

383 3003 610 3063 perator
645 3006 972 3063 responsum
1005 2989 1297 3055 differret,
1330 2990 1590 3060 quodque
1634 2988 1743 3044 illis
1776 2988 1955 3045 redire

2052 1890 2148 1944 καὶ
2201 1888 2478 1961 ἐκήρυξαν
2529 1888 2603 1953 ὡς
2637 1889 2744 1944 ὑπὸ
2800 1885 3197 1958 οἰκουμενικῆς
3232 1883 3454 1937 συνόδου
3498 1885 3532 1952 ἡ
3573 1884 3632 1936 ἐν

2051 1983 2198 2054 Νίκῃ
2232 1983 2414 2048 πίστις
2444 1983 2504 2035 τὸ
2555 1981 2773 2054 βέϐαιον
2831 1980 2991 2052 ἔσχεν
3021 1978 3096 2043 ὡς
3145 1976 3327 2049 χρεὼν
3366 1974 3628 2045 ἐπιψηφι-

2055 2075 2244 2127 σθεῖοα
2269 2090 2282 2103 ·
2317 2074 2393 2139 ὡς
2444 2073 2530 2128 ἄν’
2570 2090 2634 2143 γε
2666 2073 2747 2144 τῷ
2798 2071 3169 2144 παραπλησίῳ
3206 2070 3319 2128 τῶν
3344 2067 3631 2139 ὀνομάτων

2055 2165 2363 2231 ἐπιϐούλως
2401 2168 2622 2239 ἀπατᾷν
2648 2168 2815 2238 ἔχωσι
2844 2168 2971 2229 τοὺς
3019 2165 3429 2234 ἁπλουστέρους
3452 2180 3465 2192 -
3494 2160 3630 2215 ὥστ’

2054 2261 2223 2331 αὐτὴν
2274 2255 2416 2315 εἶναι
2475 2262 2689 2316 οἰεσθαι
2737 2261 2838 2330 τὴν
2888 2263 2946 2313 ὲν
2976 2261 3186 2330 Νικαίᾳ
3238 2260 3338 2328 τῆς
3371 2255 3634 2317 Βιθυνίας

2055 2352 2435 2424 ἑξενεχθεῖσαν
2452 2355 2697 2426 γραφήν.
2723 2352 2889 2407 Ἀλλὰ
2918 2352 2978 2406 τὸ
3007 2352 3252 2422 σόφισμα
3280 2349 3634 2419 ἐξηλέγχετο,

2055 2445 2152 2497 καὶ
2203 2446 2261 2498 ὲν
2308 2444 2655 2514 καταγέλωτι
2686 2439 2830 2515 ἦσαν
2859 2442 2928 2497 τὰ
2976 2444 3249 2514 δρώμενα.
3300 2444 3363 2494 Οἱ
3401 2441 3503 2510 μὲν
3534 2434 3634 2493 οὖν

2055 2537 2198 2592 οὕτω
2229 2538 2391 2605 φασίν
2417 2555 2426 2569 ·
2461 2538 2650 2608 ἕτερος
2679 2537 2736 2592 δὲ
2761 2537 2917 2606 λόγος
2948 2537 3083 2607 ἔχει,
3131 2537 3207 2599 ὡς
3236 2536 3346 2589 τῶν
3392 2537 3452 2589 ὲν
3479 2532 3638 2604 ’Δρι-

2058 2626 2201 2697 μίνῳ
2230 2628 2298 2698 τῇ
2334 2626 2633 2697 βραδυτῆτι
2668 2625 2771 2697 τῆς
2808 2625 3093 2695 βασιλικῆς
3125 2626 3481 2698 ἀποκρίσεως
3513 2644 3642 2678 πιε-

2057 2719 2324 2789 ζομένων,
2356 2720 2434 2789 τῷ
2469 2718 2546 2789 μὴ
2594 2718 2786 2772 ἐᾶσθαι
2812 2720 3143 2790 ἀναχωρεῖν,
3189 2720 3239 2773 οἱ
3271 2719 3473 2790 θατέρᾳ
3500 2719 3637 2789 δόξῃ

2057 2809 2453 2881 προσκείμενοι
2487 2809 2861 2864 ὑποϐάλλουσί
2892 2828 3045 2873 τινας
3076 2812 3531 2882 εἰσηγουμένους,
3556 2815 3643 2884 μὴ

2055 2901 2166 2955 δεῖν
2188 2896 2348 2965 εἶναι,
2385 2904 2516 2971 μιᾶς
2542 2901 2743 2969 λέξεως
2771 2904 3172 2974 ἀντεχομένους
3200 2904 3296 2958 τοῦ
3318 2908 3415 2976 τῆς
3443 2906 3646 2971 οὐσίας

2056 2993 2342 3062 ὀνόματος,
2396 2992 2465 3047 δι’
2522 2995 2696 3065 αὐτῆς
2757 2995 3074 3060 στασιάζειν
3131 2998 3260 3062 τοὺς
3317 2998 3643 3070 ἅπανταχοῦ

383 3086 451 3139 ad
482 3100 580 3140 sua
614 3100 724 3138 non
758 3084 974 3152 liceret,
1008 3094 1422 3139 macerarentur
1451 3099 1465 3135 :
1499 3082 1594 3154 qui
1629 3082 1790 3138 alteri
1829 3097 1949 3138 sen-

2063 3084 2243 3154 ἱερέας
2268 3102 2281 3117 ο
2346 3085 2520 3139 ἔνεστι
2572 3087 2682 3158 γὰρ
2722 3088 2906 3158 ὅμοιον
2953 3088 3031 3160 τῷ
3064 3090 3239 3162 Πατρὶ
3268 3090 3361 3144 τὸν
3390 3091 3519 3147 Υἰὸν
3549 3094 3650 3145 λέ-

384 3177 571 3232 tentite
616 3177 822 3233 addicti
871 3184 1065 3242 erant,
1110 3175 1483 3231 subornarunt
1533 3174 1798 3244 quosdam
1856 3173 1953 3245 qui

382 3268 657 3334 dicerent,
690 3283 799 3322 non
832 3267 1153 3333 convenire,
1184 3266 1331 3336 quod
1368 3264 1590 3336 quidam
1628 3280 1797 3320 unum
1825 3268 1956 3320 sub-

382 3359 603 3417 stantia:
636 3359 873 3415 Verbum
920 3367 1204 3429 tantopere
1246 3348 1696 3428 propugnarent.
1742 3365 1802 3411 ut
1825 3371 1957 3428 pro-

384 3460 572 3522 pterea
601 3464 799 3504 omnes
830 3448 1030 3519 uhique
1064 3447 1310 3517 episcopi
1349 3462 1447 3517 per
1478 3448 1812 3502 seditionem
1843 3447 1958 3502 dis-

383 3539 622 3594 sideant.
670 3538 867 3594 Licere
908 3538 1147 3593 similem
1191 3536 1336 3592 Patri
1392 3537 1589 3593 Filium
1633 3539 1856 3602 dicere,
1901 3545 1958 3593 et

384 3633 759 3688 nniversalem
787 3631 940 3687 orbis
969 3632 1384 3687 contentionem
1415 3631 1619 3701 sepire.
1656 3631 1957 3702 Episcopos

383 3723 716 3788 Orientales,
745 3721 852 3777 nisi
880 3720 1208 3777 substantia;
1237 3735 1441 3774 nomen
1475 3721 1789 3785 tolleretur,
1819 3736 1959 3776 eon~

385 3817 675 3886 quivturos
718 3829 829 3869 non
869 3827 1013 3869 esse.
1052 3812 1180 3868 Haec
1219 3828 1345 3867 cum
1389 3813 1458 3867 ab
1506 3813 1628 3885 ejus
1668 3815 1960 3869 sententiae

385 3910 651 3965 studiosis
675 3922 799 3963 cum
831 3915 1054 3961 versuta
1080 3904 1315 3976 quadam
1346 3906 1614 3977 gravitate
1642 3917 1697 3960 et
1731 3907 1780 3961 vi
1812 3905 1960 3961 dicta

371 4011 603 4067 essent,
634 4015 778 4071 aegre
810 3999 1029 4054 tandem
1066 3998 1335 4070 synodum
1378 3999 1669 4052 adductam
1699 4012 1856 4060 esse.
1898 4011 1960 4055 ut

386 4097 599 4153 Ursacii
631 4109 687 4155 et
715 4098 959 4154 Valentis
991 4096 1244 4152 formula:
1290 4096 1753 4151 subscribendum
1795 4104 1959 4167 puta-

387 4197 493 4243 ret.
531 4189 752 4244 Vcritos
794 4189 999 4259 quippe
1052 4188 1295 4243 artitices
1339 4187 1450 4242 doli
1495 4188 1659 4243 istius
1697 4202 1842 4251 esse,
1886 4203 1957 4243 ne

386 4280 551 4350 legati
587 4279 732 4349 apud
767 4279 1158 4350 imperatorem
1195 4276 1625 4334 Occidentalium
1666 4281 1958 4350 episcopo-

388 4385 513 4423 rum
541 4378 887 4424 constantem
927 4385 1091 4440 quam
1122 4369 1250 4424 inde
1282 4370 1350 4424 ab
1378 4369 1539 4448 initio
1565 4371 1954 4441 praestitissent

2059 3175 2199 3246 γειν,
2233 3177 2326 3230 καὶ
2357 3177 2459 3249 τὴν
2487 3179 2879 3252 οίκουμενικην
2913 3180 3152 3237 διαλύειν
3180 3182 3329 3253 ἐριν-
3362 3184 3499 3252 μηδὲ
3525 3185 3644 3257 γὰρ

2058 3269 2123 3324 ἂν
2152 3271 2276 3335 τοὺς
2301 3270 2404 3324 ἁνά
2428 3271 2528 3341 τὴν
2546 3271 2623 3325 ’ἐω
2654 3272 2817 3342 ἱερεῖς
2834 3274 3086 3344 ἠρεμεῖν,
3111 3274 3189 3347 μὴ
3212 3275 3305 3328 τοῦ
3328 3277 3427 3345 τῆς
3442 3278 3649 3341 οὐσίας

2060 3363 2490 3434 περιαιρομένου
2518 3363 2804 3433 ὀνόματος.
2842 3363 3000 3419 Οὕτω
3031 3366 3085 3420 δὲ
3134 3366 3364 3437 κομψῶς
3424 3370 3645 3423 ἐπικειο

2061 3455 2241 3524 μέιων
2270 3454 2378 3509 -τῶν
2408 3456 2783 3522 σπουδαστῶν,
2821 3458 2978 3526 μόλις
3031 3461 3221 3512 πεῖσαι
3249 3458 3348 3530 σὴν
3391 3460 3643 3515 σύνοδον·

2059 3547 2151 3601 xz‘t
2182 3546 2525 3619 ὑπογράφειν
2553 3549 2852 3619 αἱρεῖσθαι,
2886 3549 2954 3622 ἢν
2977 3550 3026 3602 οἰ
3056 3552 3184 3620 περὶ⁵
3208 3552 3517 3622 Οὐρσάκιον
3540 3554 3647 3608 καὶ

2060 3637 2340 3692 Οὐάλεντα
2399 3636 2644 3709 ἔγραφον
2702 3639 2943 3696 ἔκθεσιν.
2981 3641 3070 3696 Ἐν
3100 3644 3210 3697 δέει
3262 3645 3318 3698 δὲ
3347 3647 3647 3715 γεγονότες

2061 3732 2257 3801 μήπως
2288 3731 2336 3782 οἱ
2370 3731 2633 3799 πρέσϐεις
2664 3731 2832 3801 δήλην
2853 3736 3244 3806 καταστήσωσι
3280 3737 3505 3813 βασιλεῖ.
3526 3744 3646 3795 τείν

2062 3822 2333 3891 ἐσπερίων
2352 3822 2547 3892 ἱερέων
2570 3822 2666 3893 τὴν
2686 3822 2745 3886 ἐξ
2765 3824 2938 3894 ἀρχῆς
2960 3823 3236 3891 ἔνστασιν,
3257 3828 3349 3881 καὶ
3380 3829 3439 3882 τὺ
3458 3832 3648 3885 αἴτιον

2059 3910 2155 3980 τῆς
2174 3909 2268 3963 τοῦ
2290 3910 2581 3981 ὀμοουσίου
2603 3914 2936 3982 ἀναιρέσεως
2958 3916 3209 3987 ἐπισχεῖν
3229 3920 3353 3981 τοὺς
3378 3921 3647 3992 πρέσϐεις

2059 4002 2202 4055 κατὰ
2233 4001 2333 4072 τὴν
2354 4004 2659 4076 εἰρημένην
2693 4005 2851 4058 πόλιν
2880 4007 2981 4076 τῆς
3012 4009 3235 4078 Θρᾴκης
3278 4010 3482 4082 Νίκην,
3511 4013 3648 4083 βου-

2057 4094 2155 4167 λὴν
2213 4095 2421 4159 ἔθεντο,
2488 4098 2768 4169 πρόφασιν
2823 4086 3081 4166 εἰπόντας
3141 4105 3203 4155 τὸ
3238 4104 3333 4158 τοῦ
3365 4110 3647 4178 χειμῶνος

2057 4183 2255 4253 τραχὺ,
2306 4185 2403 4237 καὶ
2437 4183 2499 4237 τὺ
2538 4186 2613 4254 μὴ
2654 4186 2791 4251 πρὸς
2845 4189 3160 4260 ὁδοιπορίαν
3196 4194 3492 4265 πρόχειρον
3523 4201 3646 4260 τοῖς

2057 4274 2408 4343 ὑποζυγίοις⁸
2473 4278 2570 4331 καὶ¹
2622 4279 2683 4330 ὲν
2742 4278 2819 4346 τῷ
2859 4281 3064 4349 μεταξὺ
3118 4283 3217 4352 τῆς
3275 4284 3645 4356 βραδυτῆτος,

2059 4368 2454 4439 βουλεύσασθαι
2477 4369 2575 4440 τὴν
2593 4371 2916 4426 ὲκτεθεῖσαν
2938 4376 3120 4428 πίστιν
3146 4377 3376 4441 ἐκείνοις
3395 4381 3458 4434 ὲκ
3504 4380 3649 4433 Ῥω-

387 4461 756 4528 alacritatem,
777 4471 834 4518 et
863 4462 957 4516 τοῦ
982 4461 1823 4533 όμοουσίου,οοηειιὺειαηιίαἰίε,
1856 4464 1959 4527 tol-
1995 4456 2033 4509 ο
2065 4461 2267 4530 μαῖκῆς
2322 4461 2402 4523 εἰς
2444 4459 2728 4532 Ἑλληνίδα
2762 4463 2965 4532 φράσιν
3016 4467 3364 4534 μεταϐαλεῖν,
3398 4472 3495 4525 καὶ
3529 4476 3647 4533 τοῖς

388 4555 536 4610 lendi
579 4569 801 4610 causam
844 4563 1207 4626 esponerent.
1261 4553 1444 4621 Quare
1487 4553 1619 4608 illud
1666 4569 1762 4609 eos
1808 4554 1962 4610 inve—

390 4646 539 4700 uisse
592 4644 910 4711 consilium,
961 4654 1025 4698 ut
1074 4652 1324 4698 oratores
1367 4642 1422 4696 in
1468 4640 1670 4711 oppido
1713 4639 1963 4696 Thracia:

389 4736 536 4806 quod
578 4736 786 4791 dictum
837 4745 921 4791 est
968 4735 1104 4791 Nica
1152 4734 1587 4799 distinerentur,
1639 4747 1737 4803 per
1783 4747 1964 4787 causa:

389 4827 662 4897 ejusmodi
712 4827 1037 4895 obtentum,
1090 4838 1313 4896 pmpter
1354 4825 1567 4894 hyemis
1609 4826 1962 4894 asperitatem

385 4929 443 4971 et
471 4919 728 4972 itinerum
765 4917 1143 4974 diﬂicultatetn
1186 4916 1457 4989 ‘jomenta
1495 4919 1746 4988 progredi
1780 4925 1836 4972 et
1862 4918 1963 4972 vite

386 5010 629 5063 laborem
682 5009 832 5067 ferre
890 5026 999 5064 non
1050 5023 1233 5080 posse.
1283 5002 1464 5079 Atque
1517 5009 1570 5062 in
1619 5024 1680 5063 ea
1736 5010 1959 5063 interim

389 5116 541 5154 mora
570 5102 925 5157 constituisse
948 5141 963 5165 ,
1012 5102 1178 5158 fidem
1222 5103 1292 5157 ab
1326 5102 1469 5173 ipsis
1490 5102 1851 5171 compositam
1893 5119 1961 5158 ex

386 5192 584 5247 Latino
610 5193 662 5247 in
686 5191 933 5249 Graecum
961 5209 1271 5252 sermonem
1300 5194 1644 5260 translatam,
1671 5192 1737 5248 ad
1767 5194 1963 5249 Orien-

388 5285 522 5340 tales
558 5284 777 5339 mittere
808 5285 1121 5355 episcopos.
1158 5284 1248 5339 Sic
1281 5299 1518 5354 namque
1548 5284 1689 5352 fore,
1720 5299 1845 5339 cum
1878 5285 1957 5340 illi

384 5377 451 5431 ad
497 5377 832 5440 sententiam
883 5392 1078 5432 eorum
1129 5376 1380 5431 inclinati
1426 5383 1654 5439 essent,
1704 5385 1765 5430 ut
1807 5377 1955 5448 quod

385 5479 645 5536 ageretur
668 5468 1030 5539 perlicerent;
1059 5467 1331 5522 fallaciam
1360 5482 1492 5523 vero
1523 5465 1684 5521 talem
1718 5483 1826 5522 non
1854 5468 1951 5524 de-

2064 4552 2169 4604 ἀνὰ
2196 4551 2297 4621 τὴν
2344 4551 2427 4609 ,ἕω
2479 4551 2894 4621 διαπέμπεσθαι
2959 4557 3231 4628 ἱερεῦσιν·
3297 4563 3502 4615 ἐκεῖναι
3535 4565 3651 4635 γὰρ

2065 4639 2242 4704 οὕτως
2269 4642 2326 4694 τὸ
2354 4642 2800 4713 σπουδαζόμενον
2837 4647 3165 4718 κατορθοῦν,
3211 4654 3352 4705 κατὰ
3383 4651 3649 4723 βούλησιν

2070 4731 2449 4803 συγκειμένων
2481 4736 2733 4791 ἐκείνων.
2766 4736 2878 4805 Τὴν
2907 4738 2964 4791 δὲ
2993 4740 3350 4813 ῥᾳδιουργίαν
3375 4744 3453 4814 μὴ
3475 4747 3653 4799 κατά-

2070 4839 2254 4894 φωρον
2285 4818 2431 4877 εἶναι
2466 4823 2554 4878 διὰ
2591 4826 2702 4878 τῶν
2736 4828 3096 4899 ἐλεγχόντων,
3139 4833 3213 4897 ὼς
3246 4836 3470 4898 ἄκοντες
3496 4839 3547 4890 οἰ
3587 4840 3648 4891 ὲν

2083 4914 2364 4986 Ἀριμήνῳ
2384 4914 2485 4986 τῆς
2509 4915 2709 4981 λέξεως
2726 4919 2821 4972 τοῦ
2852 4922 3143 4991 ὁμοουσίου
3177 4925 3495 4995 ἀπέστησαν
3516 4914 3530 4957 δ
3556 4929 3649 4980 διὰ

2067 5005 2125 5060 δὲ
2148 5007 2273 5069 τοὺς
2303 5005 2445 5059 κατὰ
2474 5007 2576 5077 τὴν
2603 5008 2678 5062 ἔω
2727 5010 3068 5077 ἐπισκόπους
3121 5018 3517 5087 σκηπτόμενοι,
3570 5020 3648 5083 ὡς

2069 5098 2418 5152 παντάπασιν
2474 5100 2905 5173 ἀποσειομένους
2956 5105 3018 5158 τὸ
3069 5105 3282 5179 ὄνομα·
3331 5109 3470 5180 ὅπερ
3526 5115 3648 5174 ταῖς

2067 5190 2351 5270 ἀληθείαις
2377 5189 2571 5260 ψευδὲς
2595 5189 2684 5264 ἦν.
2713 5195 2908 5265 Σχεδὸν
2957 5198 3067 5269 γὰρ
3108 5200 3347 5264 ἅπαντας
3397 5205 3496 5258 καὶ
3528 5206 3648 5258 κατ’

2065 5284 2259 5338 οὐσίαν
2280 5284 2468 5354 ὅμοιον
2496 5282 2637 5340 εἶναι
2664 5287 2743 5359 τῷ
2778 5289 2956 5360 Πατρὶ
2976 5290 3068 5344 τὸν
3100 5293 3226 5347 Υἰὸν
3260 5292 3541 5359 ἐδόξαζον.
3584 5295 3644 5350 'll

2066 5374 2301 5449 διαφορὰ
2341 5379 2399 5432 δὲ
2437 5375 2506 5451 ἦν
2546 5381 2730 5450 μόνον,
2772 5384 2967 5455 ὅτιπερ
3014 5387 3064 5437 οἰ
3101 5387 3201 5455 μὲν
3236 5390 3553 5458 ὁμοούσιον,
3599 5391 3649 5443 οἰ

2063 5470 2119 5524 δὲ
2150 5471 2493 5541 ὁμοιοούσιον
2527 5473 2879 5545 ὠνομάζοντο
2911 5480 3000 5531 τὸν
3028 5478 3183 5534 Υἰόν.

386 5560 724 5628 prehensum
758 5559 825 5616 iri
859 5561 927 5615 ab
966 5562 1069 5627 eis,
1104 5562 1198 5632 qui
1230 5577 1341 5616 rem
1383 5564 1526 5618 hanc
1589 5562 1997 5619 eonsideraturi
2040 5575 2249 5628 essent,
2316 5580 2654 5623 conventum
2690 5572 2945 5625 videlicet
2975 5576 3378 5630 Ariminensem
3410 5580 3647 5634 invitum

387 5655 457 5707 ab
502 5656 819 5724 όμοουσίου,
859 5659 1371 5727 consubstantialis,
1406 5661 1577 5716 verbo
1609 5661 1947 5716 recessisse:
1993 5672 2182 5733 utpote
2232 5665 2301 5719 ab
2350 5663 2738 5724 Orientalibus
2807 5670 3109 5741 episcopis,
3196 5676 3290 5742 qui
3340 5679 3649 5733 dictionem

387 5759 507 5800 eam
544 5760 770 5816 prorsus
812 5749 1171 5835 l‘CjOCiSSClll,
1215 5760 1490 5809 coactum.
1570 5750 1725 5819 Quod
1773 5752 1995 5823 quidem
2040 5754 2216 5825 reipsa
2256 5756 2451 5813 lalsutn
2495 5768 2635 5815 erat.
2684 5759 2820 5818 Fere
2862 5764 3012 5819 enim
3087 5781 3280 5826 omnes
3313 5773 3366 5827 in
3400 5771 3649 5842 Oriente,
