3970 6190
297 296 393 357 389

1226 288 1834 357 ECCI-ESIASTlC/E
1875 298 2268 361 IIISTORI/E
2305 303 2449 363 LIB.
2493 304 2603 365 IX.

3408 318 3514 380 3‘0

295 408 469 480 paucis
513 408 798 477 exrepzis.
846 407 1157 466 substantia
1194 411 1339 466 Patri
1387 412 1621 469 εἱιιιίιιηι
1704 415 1899 470 Filium
1942 426 2073 473 sunt
2135 419 2366 489 opinati.
2400 420 2462 474 Et
2508 423 2885 476 Controversia
2937 422 2989 478 in
3013 439 3080 479 eo
3129 434 3339 483 tantum
3373 444 3512 499 erat,

293 501 424 570 quod
461 500 661 570 partim
705 502 928 568 quidem
968 502 1284 572 ὁμοούσιον,
1327 506 1844 562 consubstantialem

1953 508 2134 563 tartim
2179 519 2361 593 autem
2405 510 2741 581 ὁμοιούσιον,
2774 514 3394 587 similisubstantialem,
3426 525 3516 578 Fi-

292 599 412 652 lium
446 596 716 651 dicerent.
764 596 831 650 Et
879 598 996 653 ltrec
1024 599 1248 668 quidem
1281 600 1336 655 in
1368 597 1684 656 Occidentis
1720 600 1975 670 partibus
2010 610 2157 657 acta.

853 713 1105 767 ΚΕΦᾹΛ.
1147 711 1281 769 ΜΒ’.

292 809 439 861 Ὅσα
468 807 624 860 κακὰ
654 809 707 859 οι
732 805 1026 872 Ἀρειιινοὶ
1055 804 1183 871 τοῖς
1211 804 1277 857 τὸ
1314 805 1639 871 όμοούσιον
1674 810 1847 859 σεῢο-

351 877 558 945 μένοις
584 874 817 942 ἐπῆγον
833 893 848 908 ο
873 874 971 928 καὶ
1014 874 1143 940 περ)
1177 873 1286 942 τῆς
1309 873 1678 945 Μακεδονίου
1700 875 1849 942 ὠμό-

356 943 530 1011 τητος
553 961 567 974 ·
599 946 697 998 καὶ
716 945 833 997 ὅσα
868 945 964 995 xal
989 944 1383 1012 Ναυατιανοῐς
1404 943 1501 995 διὰ
1536 944 1602 996 τὸ
1630 947 1846 1012 61:006-

350 1029 487 1068 σιον
514 1015 845 1079 ἐπισυνέϐη
874 1012 1059 1065 κακά’
1100 1011 1199 1065 καί
1223 1014 1305 1077 ὡς
1331 1011 1718 1077 Μακεδόνιοζ,
1746 1031 1845 1080 με-

350 1087 675 1153 ταθέμενος
701 1083 817 1149 τὴν
835 1082 1297 1153 τῶν-,λειψάνων
1326 1084 1502 1153 θίόην
1529 1087 1845 1153 Kcin-atur-

352 1150 548 1217 τίνοι),
584 1154 808 1208 στάσιν
837 1153 914 1216 τῷ
943 1151 1112 1219 δήμῳ
1137 1152 1389 1218 ἐποίησε
1411 1167 1422 1180 ·
1456 1152 1535 1204 δι’
1562 1150 1634 1209 οὗ
1658 1157 1841 1221 χαλε-

349 1225 679 1290 παίνοντος
703 1221 978 1291 ἐπειρᾶτο
1003 1222 1109 1276 τοῦ
1141 1222 1582 1278 Κωνσταντίου.

353 1339 490 1408 Περὶ
520 1339 618 1407 μὲν
640 1333 735 1391 οὗν
756 1339 824 1390 τὰ
850 1337 1082 1407 ἑσπέρια
1107 1328 1250 1406 μέρη
1272 1335 1498 1390 τοιαῦτα
1520 1336 1840 1407 ἐπράττετο·

283 1433 406 1502 περὶ
454 1431 512 1482 δέ
563 1428 667 1499 τὴν
712 1428 789 1481 ἓω
820 1427 1027 1480 τούτων
1066 1427 1391 1495 γινομένων.
1435 1428 1604 1496 πρινὴ
1642 1429 1741 1499 τὴν
1786 1431 1845 1481 ἐν

282 1522 577 1592 Σελευκείᾳ
611 1519 834 1573 σύνοδον
866 1517 1170 1582 συνελθεῖν,
1191 1520 1293 1570 οὐκ
1325 1517 1581 1582 ἐλάττους
1600 1518 1846 1587 ἐγίνοντο

279 1614 545 1685 ταραχαί.
596 1614 660 1665 Οί
722 1611 831 1681 γὰρ
888 1609 983 1663 τοῦ
1052 1609 1389 1676 Ἀρειανείου
1451 1611 1843 1680 προϊστάμενοι

278 1707 568 1774 δόγματος,
596 1699 732 1756 πολύ
777 1718 832 1754 τι
870 1700 1069 1770 θράσος
1112 1701 1176 1754 ἐκ
1208 1701 1308 1769 τῆς
1347 1699 1633 1772 βασιλικῆς
1670 1705 1845 1773 ῥοπῆς

277 1792 820 1865 προσλαμϐάνοντες,
849 1790 1146 1844 ἀκάθεκτοί
1176 1808 1234 1843 τε
1266 1787 1430 1860 ἦσαν,
1462 1793 1559 1844 καὶ
1598 1792 1843 1844 καινοτέ-

278 1904 385 1957 ροις
410 1886 506 1939 ἀεὶ
536 1882 858 1954 πράγμασιν
899 1882 1239 1952 ἐπεχείρουν.
1284 1881 1501 1949 ’Δμέλει
1533 1899 1617 1935 τοι
1662 1883 1757 1935 καὶ
1794 1884 1842 1936 οἱ

274 1975 413 2046 ἀμφὶ
465 1977 562 2027 τὸν
602 1972 946 2043 Καισαρείας
992 1974 1274 2036 ’Δκάκιον,
1315 1972 1408 2026 καὶ
1445 1973 1536 2025 τὸν
1570 1973 1842 2027 Σκυθοπο-

2416 716 2573 785 781
2616 711 2842 775 CAPUT
2883 720 3040 775 XLII.

1950 803 2081 868 Qua!
2114 805 2259 858 mala
2316 806 2503 858 Ariani
2533 806 2809 860 intulerint
2853 810 3301 865 consubstantiale
3338 815 3517 869 colen-

2017 873 2194 927 tibus:
2223 874 2288 927 de
2320 874 2616 929 Macedonii
2645 877 2977 931 crudelitate.
3012 880 3138 941 Qua:
3172 883 3331 936 etiam
3365 885 3513 940 mala

2022 941 2340 1013 Novatianis
2385 954 2598 1013 propter
2629 948 3076 1002 consubstantiale
3109 953 3416 1009 acciderint.
3447 956 3514 1011 Ut

2020 1011 2358 1067 ﬂacedonius
2388 1011 2665 1067 translatis
2690 1015 2744 1067 in
2776 1018 2942 1070 alium
2974 1017 3142 1072 locum
3177 1019 3514 1079 Constantini

2019 1083 2597 1161 reliquiisLtumrultum
2640 1084 2820 1161 populi
2844 1089 3137 1161 concitant
3163 1106 3183 1146 :
3228 1108 3392 1161 quant
3450 1094 3513 1148 ob

2017 1168 2234 1206 causam
2273 1152 2613 1206 Constantius
2647 1164 2724 1207 est
2760 1155 3087 1225 indignatus.

2015 1330 2075 1385 ιιι
2127 1328 2350 1386 Oriente
2385 1345 2537 1395 vero,
2572 1331 2893 1401 priusquam
2947 1336 3189 1405 synodus
3239 1330 3507 1396 Seleuciae

1945 1421 2135 1488 coiret,
2163 1436 2270 1475 non
2312 1421 2557 1476 minores
2578 1434 2738 1479 erant
2765 1425 2958 1479 turbae.
2980 1426 3193 1483 Arianae
3221 1434 3369 1485 enim
3394 1433 3506 1486 ba:-

1907 1512 1913 1517 ’
1945 1514 2084 1568 resis
2111 1522 2546 1584 propugnatores
2595 1514 2803 1585 ingenti
2843 1518 3179 1574 conﬁdentia
3220 1537 3285 1575 ex
3322 1522 3513 1594 impe-

1946 1604 2066 1659 riali
2112 1604 2319 1690 auxilio
2368 1615 2631 1675 concepta
2663 1643 2679 1667 .
2724 1607 2993 1664 effrenato
3022 1620 3187 1680 atque
3220 1612 3511 1684 impotenti

1945 1702 2102 1748 erant
2136 1692 2356 1755 animo,
2390 1708 2720 1764 semperque
2762 1698 2920 1752 novis
2960 1700 3259 1755 studebant
3316 1704 3509 1758 rebus.

1944 1783 2181 1839 Proinde
2235 1784 2471 1841 Aeacius
2490 1784 2865 1855 Caesariensis,
2898 1798 2956 1845 et
2989 1790 3343 1861 Patropbilus
3369 1772 3507 1868 Scy-

1946 1872 2342 1944 thopolitanus,
2406 1875 2641 1932 Maximo
2686 1889 3075 1949 exauctorato,
3122 1882 3323 1954 Cyrillo
3378 1885 3514 1940 Hie-

1944 1965 2348 2035 rosolymitana:
2402 1968 2651 2023 ecclesia:
2694 1986 2884 2027 curam
2918 1974 3267 2032 commisere.
3301 1976 3372 2032 Et
3400 1977 3515 2032 Ma-

271 2045 422 2139 λίτην
480 2066 843 2135 Πατρόφι).ον,
882 2064 1138 2134 Μάξιμον
1186 2063 1530 2132 παυσάμενοι
1569 2065 1839 2135 ἱερᾶσθαι,

1953 2056 2212 2112 cedonius
2248 2059 2780 2131 Constantinopolim
2838 2065 3161 2136 vicinasque
3208 2069 3260 2122 ei
3319 2069 3513 2137 pra'fe-

272 2158 532 2224 Κυρίλλῳ
578 2157 675 2227 τὴν
723 2156 833 2210 τῶν
887 2155 1281 2225 Ἰεροσολύμων
1324 2155 1655 2220 Ἐκκλησίαν
1690 2157 1841 2233 [ἐπέ-

272 2253 504 2323 τρεψαν.
534 2250 868 2312 Μακεδόνιος
909 2248 965 2302 δέ
1008 2247 1105 2310 τὰς
1134 2248 1261 2317 περὶ
1293 2249 1391 2317 τὴν
1432 2248 1841 2301 Κωνσταντίνου

272 2345 553 2414 ἐπαρχίας
572 2344 668 2397 καὶ
701 2341 885 2405 πόλεις
916 2339 1242 2410 ἀνατρέπων
1270 2340 1593 2409 ἐτάραττεν,
1624 2341 1845 2395 ἐπισκό-

270 2454 401 2497 πους
436 2436 634 2496 αὐταῖς
674 2432 1137 2504 προόαλλόμενος,
1174 2431 1267 2496 οὓς
1299 2432 1416 2504 ᾔδει
1460 2434 1597 2503 πρὸς
1639 2434 1843 2504 ὑπουρ-

267 2528 392 2595 γίαν
453 2526 551 2578 τοῦ
604 2525 871 2593 σφετέρου
922 2522 1128 2576 σκοποῦ
1180 2521 1413 2588 δεξιούς.
1451 2523 1709 2594 Ἐλευσίῳ
1745 2526 1844 2595 μὲν

268 2616 358 2672 οὖν
388 2616 501 2688 τὴν
537 2616 778 2680 Κύζικον
810 2613 1128 2686 ἐνεχείριζε,
1154 2616 1426 2684 λαμπρῶς
1454 2616 1514 2670 ἐν
1548 2618 1659 2679 τοῖς
1687 2616 1843 2685 βασι-

267 2711 443 2772 λείοις
496 2707 667 2762 πάλαι
717 2708 1198 2777 στρατευσαμένῳ
1234 2705 1598 2776 Μαραθώνιον
1644 2707 1700 2761 δὲ
1746 2708 1844 2775 τῆς

268 2802 643 2874 Νικομηδέων
671 2799 878 2863 πόλεως
911 2800 1176 2870 ἀρχιερέα
1225 2799 1458 2863 ἐδείκνυ,
1493 2799 1553 2853 ὃν
1583 2798 1683 2870 τῆς
1724 2798 1844 2853 κατ’

272 2895 437 2947 αὑτὸν
498 2892 828 2961 Ἐκκλησίας
873 2890 1120 2944 διάκονον
1166 2890 1315 2952 ὄντα,
1360 2891 1649 2970 σπουδαῖον
1700 2887 1844 2944 εῖναι

272 2988 427 3056 λόγος
478 2986 622 3055 ἔχει,
658 2986 897 3053 πτωχεία
935 2984 1212 3053 συνιστᾷν,
1244 2983 1341 3035 καὶ
1386 2982 1594 3054 ἀνδρῶν
1624 2983 1718 3035 καὶ
1750 2999 1847 3051 γυ·

273 3078 478 3134 ναικῶν
511 3077 929 3146 φροντιστήρια’
963 3078 1058 3128 καὶ
1102 3075 1194 3128 τὸν
1227 3066 1338 3143 μὲν
1371 3073 1490 3145 βίον
1518 3075 1709 3142 ἀγαθὼ
1749 3075 1846 3127 καὶ

272 3172 441 3241 ἄμφω
474 3167 758 3237 γενέσθαι*
785 3169 972 3230 κακῶς
1000 3167 1058 3219 δέ
1093 3165 1376 3219 διαθέσθαι
1404 3167 1529 3230 τοὺς
1559 3166 1845 3237 ὁμοούσιον

270 3263 609 3328 δοξάζοντας
645 3261 725 3330 τῷ
755 3261 929 3329 Harp).
962 3260 1053 3313 τὸν
1087 3260 1213 3312 Υἱδν
1245 3262 1341 3312 καὶ
1390 3259 1630 3330 μάλιστα
1660 3260 1842 3324 δεξιοί·

271 3355 411 3425 πλὴν
445 3354 555 3423 οὐχ
579 3352 770 3422 ὥσπερ
798 3355 826 3423 ό
856 3351 1214 3414 Μακεδόνιος·
1245 3346 1399 3416 οὗτος
1439 3352 1547 3421 γὰρ
1583 3353 1643 3405 οὐ
1685 3352 1847 3424 μόνον

268 3444 504 3511 ἀπηνῶς
537 3441 726 3494 ἐδίωκε
756 3441 887 3504 τοὺς
906 3444 1345 3513 ἐκτρεπομένους
1364 3442 1514 3512 αὐτῷ
1542 3447 1840 3507 κοινωνεῖν,

268 3537 405 3589 ἀλλὰ
436 3536 540 3589 καὶ
567 3535 809 3604 εἱρκταῖς
836 3534 1165 3605 περιέκλειε,
1194 3534 1291 3587 καὶ
1313 3536 1543 3598 ἄκοντας
1568 3534 1840 3603 ἐϐιάζετο,

270 3629 365 3680 καὶ
399 3625 642 3687 πολλοὺς
672 3624 779 3676 τῶν
807 3626 867 3676 ἐν
909 3623 1171 3695 εὐλαϐείᾳ
1199 3622 1442 3695 ᾐκίζετο,
1471 3624 1567 3678 καὶ
1607 3624 1749 3695 ξύλῳ
1778 3625 1845 3679 τὰ

268 3718 532 3786 στόματα
581 3714 827 3785 διαιρῶν,
870 3715 1117 3768 ἀκόντων
1152 3716 1222 3768 τὰ
1276 3716 1555 3786 μυστήρια
1592 3717 1840 3770 ἐνετίθει.

270 3809 450 3878 Πολλὴ
504 3808 562 3860 δέ
607 3825 689 3869 τις
741 3806 963 3869 κόλασις
998 3804 1136 3872 αὕτη
1172 3807 1372 3869 ἐδόκει,
1403 3807 1498 3861 καὶ
1528 3806 1637 3860 τῶν
1668 3807 1845 3861 ἄλλων

265 3901 562 3971 τιμωριῶν
608 3899 1014 3969 ὑπερφέρουσα.
1050 3898 1327 3960 Ὡσαύτως
1356 3898 1414 3952 δὲ
1453 3899 1547 3951 καὶ
1577 3900 1845 3967 γυναῖκας

268 3988 643 4059 conp-miva
682 3990 778 4041 καὶ
811 3989 1028 4051 παῖδας,
1060 3988 1153 4040 καὶ
1197 3987 1368 4040 ταῦτα
1405 3988 1572 4058 μήπω
1610 3986 1843 4058 μυηθέν-

264 4097 388 4143 τας,
423 4082 816 4148 μυσταγωγεῖν
850 4078 1119 4144 ἐϐιάζετο.
1152 4079 1213 4131 Ei
1252 4078 1308 4132 δέ
1333 4095 1417 4141 τις
1458 4080 1776 4149 παρῃτεῖτο,
1808 4077 1840 4147 ἢ

266 4172 360 4223 καὶ
394 4169 690 4237 ἀντέλεγε,
726 4169 939 4239 πληγὰς
969 4167 1037 4240 ἦν
1060 4171 1177 4223 ἐκεῖ
1210 4171 1303 4223 καὶ
1339 4168 1612 4239 μάστιγας
1638 4170 1843 4223 ἐπακο-

264 4262 578 4324 λουθούσας
608 4263 761 4331 ὁρᾷ-ι,
795 4261 970 4331 δεσμά
1009 4277 1070 4314 τε
1101 4264 1194 4315 καὶ
1225 4261 1597 4331 δεσμωτήρια,
1631 4261 1725 4313 καὶ
1744 4261 1845 4315 ὅσα

262 4355 488 4417 τούτοις
518 4353 810 4408 ἀκόλουθα.
846 4353 1097 4425 Ἀρκέσει
1147 4355 1204 4408 δὲ
1236 4356 1452 4418 πάντως
1488 4352 1604 4417 ἐνὸς
1622 4354 1663 4424 κῆ
1697 4354 1844 4408 δυεῖν

266 4445 615 4515 μνησθέντα,
673 4444 845 4509 δεῖξαι
890 4444 1017 4497 ὅσον
1066 4443 1347 4515 ὠμότητος
1399 4444 1478 4514 τῷ
1529 4445 1844 4515 Μακεδονίῳ

265 4538 520 4606 προσῆν,
561 4536 658 4588 καὶ
684 4538 797 4599 τοῖς
830 4535 950 4589 κατ’
985 4537 1192 4590 ἐκεῖνον
1226 4535 1609 4607 συνηκμακόσι
1643 4535 1703 4588 τὸ
1739 4536 1844 4590 ἀπ-

263 4628 394 4696 ηνὲς
427 4626 525 4678 καὶ
555 4623 952 4695 ἀπάνθρωπον.
982 4626 1090 4678 Καὶ
1121 4625 1227 4692 γάρ
1258 4640 1422 4677 τινων
1452 4625 1751 4689 γυναικῶν,
1786 4622 1841 4677 αἶ

262 4720 367 4786 τὴν
397 4716 571 4769 αὐτοῦ
604 4717 960 4784 ἐξετρέποντο
993 4715 1301 4778 κοινωνίαν,
1335 4716 1462 4776 τοὶς
1492 4716 1733 4783 μαστοὺς
1763 4716 1845 4768 θί-

269 4809 398 4869 ϐαις
425 4807 527 4858 καὶ
551 4805 765 4867 κίσταις
796 4805 1165 4858 ἐναποκλείων
1195 4805 1490 4874 ἀπὲπριεν.
1524 4805 1643 4858 Εἰσὶ
1676 4799 1848 4873 δὲ,ὧν

264 4897 338 4950 τὰ
370 4896 540 4961 αὐτὰ,
579 4896 707 4948 ποτὲ
742 4896 841 4966 μὲν
860 4896 984 4960 ὼοῖς
1015 4897 1093 4959 είς
1115 4896 1283 4966 ἄκρον
1304 4896 1691 4966 ἐκπυρωθεῖσι,
1719 4897 1849 4950 ποτὲ

264 4988 322 5040 δὲ
363 4987 469 5039 καὶ
509 4986 717 5057 σιδήρῳ
766 4987 1254 5057 πεπυρακτωμένῳ
1291 4986 1606 5041 κατέκαιον.
1648 4987 1850 5059 Ἀήθης

262 5096 324 5131 τε
351 5074 426 5148 ἦν
463 5076 605 5146 αὕτη
636 5078 732 5129 καὶ
755 5076 1042 5143 ξενίζουσα
1068 5077 1310 5148 τιμωρία
1345 5077 1450 5131 ὑπὸ
1479 5077 1587 5131 τῶν
1615 5078 1850 5149 Χριστὸν

262 5167 690 5237 ὁμολογούντων
712 5167 1109 5237 ἐφευρεθεῖσα,
1135 5168 1396 5222 ἐπέκεινα
1429 5169 1560 5233 τῶν,
1594 5164 1671 5223 ὧν
1710 5170 1760 5222 οι
1793 5170 1850 5235 ἐξ

275 5259 565 5339 Ἑλλήνων
601 5259 858 5329 τύραννοι
911 5258 1081 5313 πάλαι
1127 5259 1427 5329 φιλοτίμως
1460 5259 1704 5331 ἐξεῦρον.
1744 5260 1851 5315 Ναὶ

269 5353 387 5421 μὴν
426 5355 524 5405 καὶ
555 5352 754 5415 πολλὰς
785 5353 896 5405 τῶν
920 5338 1239 5422 ἐκκλησιῶν
1261 5354 1343 5415 είς
1373 5351 1570 5420 ἔδαφος
1603 5353 1849 5423 ἔρριπτε,

268 5441 545 5511 βασιλέως
581 5443 888 5513 γράμματα
942 5440 1431 5513 προῖσχόμενοςξᾶ
1484 5445 1848 5510 προσέταττον

263 5532 402 5593 τοὺς
442 5531 765 5603 εὐκτηρίους
793 5532 976 5595 οἴκους
1007 5530 1115 5585 τῶν
1145 5531 1207 5584 τδ
1237 5531 1526 5601 ὁμοοόσιον
1551 5530 1848 5601 κηρυττόν-

267 5637 383 5675 των
419 5623 579 5688 stibi»;
610 5626 1034 5694 ἀνατρέπεσθαι.
1053 5625 1141 5690 Ἐξ
1169 5619 1236 5697 ἦς
1275 5625 1453 5688 αἰτίας
1482 5625 1578 5678 καὶ
1608 5623 1704 5695 τὴν
1739 5624 1847 5678 τῶν

270 5712 642 5773 Ναυατιανῶν
695 5719 754 5771 ἐν
783 5721 849 5789 τῇ
895 5718 1173 5789 Πελαργοῦ
1215 5717 1511 5788 ἐκκλησίαν
1554 5715 1843 5787 ὴδάφιτεν,

1940 2157 2131 2204 cturas
2180 2159 2236 2205 et
2265 2150 2429 2206 urbes
2464 2153 2703 2210 miscens
2735 2155 3018 2221 turbabat,
3089 2160 3382 2230 episcopos
3425 2163 3509 2216 eis

1941 2256 2081 2310 quos
2111 2240 2276 2295 rebus
2305 2241 2425 2297 suis
2453 2242 2682 2300 idoneos
2706 2261 2828 2302 esse
2882 2248 3114 2312 sciebat,
3165 2250 3462 2322 designans
3496 2270 3509 2304 :

1942 2344 2068 2383 nam
2101 2329 2322 2386 Eleusio
2372 2331 2699 2403 Cyzicenam
2747 2337 3004 2391 attribuit
3042 2339 3334 2395 ecclesiam
3362 2381 3378 2402 ,
3413 2342 3507 2410 qui

1942 2420 2174 2476 antehac
2200 2422 2322 2477 loco
2349 2424 2642 2492 Splendida
2681 2426 2734 2480 in
2768 2429 3037 2499 imperiali
3083 2432 3207 2486 aula
3237 2433 3508 2502 stipendia

1943 2511 2164 2595 fecerat.
2201 2514 2599 2571 Marathoniam
2636 2528 2816 2574 autem
2856 2519 3191 2576 Nicomediae
3219 2537 3506 2578 sacrorum

1942 2600 2241 2656 antistitem
2292 2604 2518 2667 creavit,
2570 2606 2664 2674 qui
2713 2608 2964 2664 ecclesia:
3002 2609 3178 2680 ipsius
3237 2612 3506 2669 diaconus

1942 2705 2066 2744 eum
2091 2690 2304 2752 fuisset.
2336 2694 2618 2764 egregium
2650 2712 2709 2752 se
2737 2699 3063 2767 praestitisse
3083 2703 3259 2756 virum
3282 2703 3509 2765 dicitur,

1946 2783 2303 2855 indigentium
2340 2786 2624 2843 hominum
2675 2790 3007 2857 domiciliis,
3040 2794 3401 2865 virorumque
3454 2810 3511 2850 et

1945 2878 2238 2932 mulierum
2292 2879 2496 2934 scholis
2538 2882 2889 2937 exstruendis
2928 2893 3093 2953 atque
3123 2885 3406 2942 curandis.
3444 2886 3514 2942 Et

1945 2984 2072 3025 cum
2104 2968 2393 3027 amborum
2432 2971 2665 3025 istorum
2699 2972 2809 3026 vita
2835 2974 3184 3041 probaretur,
3214 2975 3514 3046 amigendis

1947 3068 2126 3114 tamen
2174 3062 2257 3115 eis
2310 3060 2405 3131 qui
2451 3061 2761 3131 ὁμοούσιον,
2789 3064 3508 3129 consubstantialem,Patri

1948 3153 2144 3208 Filium
2171 3152 2587 3225 profiterentur,
2618 3154 2849 3208 nimium
2877 3164 3035 3209 erant
3076 3156 3331 3212 industrii
3363 3175 3377 3212 :
3411 3172 3511 3214 ve-

1948 3252 2257 3300 rumtamen
2278 3259 2341 3303 ea
2369 3244 2424 3303 in
2456 3259 2516 3299 re
2545 3244 2866 3300 Macedonio
2897 3245 3212 3302 dissimiles.
3233 3246 3283 3301 ls
3304 3248 3511 3304 etenim

1948 3352 2058 3391 non
2098 3336 2265 3392 modo
2307 3335 2607 3405 crudeliter
2636 3350 2732 3392 eos
2756 3338 3214 3407 persequebatur.
3236 3339 3332 3408 qui
3360 3354 3513 3394 eom-

1955 3428 2269 3483 muniouem
2303 3428 2423 3499 ejus
2473 3427 2733 3494 vitarent,
2790 3432 2885 3483 sed
2933 3429 2988 3482 in
3033 3430 3251 3485 vincula
3295 3446 3515 3500 quoque

1958 3519 2284 3588 conﬁciebat
2330 3519 2550 3595 invitos,
2574 3527 2630 3574 et
2667 3517 2948 3589 iudicibus
2989 3519 3256 3574 tradebat.
3284 3520 3332 3574 A
3362 3536 3516 3575 com-

1952 3611 2213 3665 munione
2274 3610 2392 3679 ejus
2441 3609 2802 3664 abhorrentes
2858 3610 2923 3663 ad
2982 3624 3104 3664 eam
3139 3611 3188 3664 vi
3245 3612 3539 3667 intentata.

1950 3702 2200 3772 cogebat.
2235 3701 2544 3770 multosque
2586 3700 2850 3769 religione
2905 3705 3197 3770 pra'claros
3239 3704 3513 3773 pulsabat,

1951 3807 2005 3850 et
2038 3795 2179 3851 fuste
2207 3809 2302 3848 ora
2328 3807 2524 3848 eorum
2550 3793 2839 3860 diducens,
2879 3797 2961 3850 vel
2991 3796 3177 3851 invitis
3218 3812 3371 3853 sacra
3402 3814 3516 3868 my-

1958 3890 2121 3943 steria
2144 3888 2446 3958 ingerebat.
2475 3886 2577 3952 Qui
2609 3887 2828 3957 quidem
2878 3888 3069 3958 ingens
3102 3889 3254 3944 visus
3283 3899 3368 3943 est
3391 3903 3515 3947 esse

1950 3980 2247 4043 cruciatus,
2290 3986 2557 4033 tormenta
2589 3978 2696 4033 alia
2731 3979 2889 4048 longe
2918 3993 3210 4049 superans.
3237 3979 3319 4035 Ad
3356 3996 3512 4035 eum-

1949 4070 2322 4135 demmodum
2363 4079 2420 4125 et
2448 4070 2706 4125 mulieres
2734 4082 2899 4140 atque
2922 4086 3146 4141 pueros.
3177 4072 3272 4142 qui
3311 4072 3379 4127 de
3425 4088 3512 4128 re-

1948 4166 2051 4221 bus
2078 4163 2249 4220 sacris
2281 4164 2525 4219 nondum
2586 4164 2824 4219 instituti
2865 4174 3052 4222 essent
3100 4175 3194 4241 aut
3229 4166 3512 4238 baptizati.

1949 4258 2244 4328 arripiens,
2273 4258 2551 4329 mysteriis
2581 4258 2789 4313 initiari
2840 4260 3094 4329 cogehat.
3128 4259 3284 4327 Quod
3312 4261 3356 4314 si
3394 4261 3518 4330 quis

1950 4358 2241 4415 renueret,
2299 4357 2395 4405 aut
2448 4360 2836 4421 responsaret,
2892 4365 3020 4406 eum
3084 4351 3284 4422 plaga,
3325 4352 3515 4423 flagra,

1949 4440 2188 4508 vincula,
2213 4454 2418 4505 carcer,
2451 4449 2505 4494 et
2534 4456 2655 4509 qua:
2678 4441 2746 4495 iis
2780 4442 3176 4498 convenientia
3210 4452 3357 4503 sunt.
3387 4459 3544 4498 conv

1949 4531 2344 4602 sequebantur.
2358 4530 2629 4586 Caeterum
2656 4533 2821 4589 unius
2840 4542 3012 4603 atque
3041 4534 3267 4589 alterius
3282 4538 3516 4605 exc'mpli

1948 4623 2070 4693 ejus
2125 4623 2403 4679 mentione
2458 4624 2621 4685 facta,
2660 4624 2795 4678 satis
2839 4628 3068 4679 omnino
3131 4627 3261 4690 erit,
3313 4639 3518 4695 quanta

1879 4725 1923 4779 ι)
1950 4714 2250 4770 Macedonii
2280 4715 2494 4780 feritas,
2530 4731 2835 4785 eorumque
2875 4716 2970 4784 qui
3024 4729 3148 4769 cum
3179 4733 3247 4772 eo
3297 4718 3517 4787 viguere

1952 4805 2248 4862 crudelitas
2277 4806 2443 4860 fuerit
2478 4814 2534 4860 et
2576 4806 2969 4871 inhumanitas,
2995 4810 3309 4863 ostendere.
3349 4811 3513 4881 782

1951 4893 2317 4961 Quarumdam
2373 4895 2522 4948 enim
2575 4894 2898 4950 feminarum
2948 4911 3071 4966 quae
3125 4898 3247 4966 ejus
3299 4914 3519 4956 aversa-

1954 4989 2156 5043 bantur
2216 4988 2694 5049 communionem,
2749 5003 3013 5045 mammas
3068 4991 3216 5046 arcis
3272 5001 3330 5047 et
3368 4993 3522 5049 cistis

1952 5091 2290 5145 compressas
2324 5077 2546 5131 avulsit.
2589 5077 2757 5132 Erant
2786 5080 2993 5148 quibus
3024 5082 3243 5137 easdem
3267 5084 3517 5153 corporis

1953 5176 2136 5236 partes
2158 5165 2445 5224 nunc’ovis
2468 5168 2536 5223 ad
2563 5184 2839 5224 summum
2868 5170 2993 5241 igne
3017 5174 3196 5239 tostis,
3213 5189 3361 5229 nunc
3378 5173 3524 5229 ferro

1954 5260 2209 5314 candenti
2246 5260 2527 5314 adureret.
2567 5260 2847 5317 insolitum
2877 5278 3006 5319 sane
3027 5265 3104 5329 id,
3133 5266 3519 5333 exoticumque

1954 5352 2304 5423 supplicium,
2338 5351 2406 5407 ab
2435 5352 2517 5407 eis
2547 5354 2642 5423 qui
2671 5353 2950 5428 Christum
3005 5355 3233 5425 professi
3271 5365 3406 5409 sunt
3436 5371 3522 5408 .n-

1954 5453 2200 5504 ventum,
2229 5443 2375 5513 quod
2402 5459 2468 5500 ea
2496 5460 2616 5515 quae
2638 5446 2767 5500 olim
2807 5446 3123 5501 Graecorum
3154 5444 3372 5515 tyranni
3398 5462 3517 5499 ma-

1954 5550 2064 5606 gno
2098 5536 2279 5591 studio
2316 5544 2370 5591 et
2416 5538 3132 5608 ambitioneexeogitarunt,
3181 5538 3342 5609 longe
3403 5549 3525 5607 post

1954 5641 2012 5680 se
2050 5627 2328 5696 relinquit.
2383 5626 2523 5693 Quin
2585 5629 2785 5684 multas
2815 5644 3035 5698 quoque
3085 5629 3353 5685 ecclesias
3405 5630 3525 5685 solo

1955 5720 2212 5787 aequavit,
2250 5718 2604 5791 imperatoris
2654 5721 2865 5777 litteras
2913 5721 3212 5791 praeferens
3236 5763 3249 5787 ,
3276 5737 3396 5793 qua:
3426 5723 3525 5778 do-
