3970 6190
407 320 511 384 391

1635 321 2061 384 NICEPHORI
2105 324 2449 386 CALLlSTI

3558 328 3668 392 3‘32

411 449 532 487 mos
552 432 892 503 precatorias
913 432 973 485 τὸ
998 428 1311 502 ὁμοοῡσιον,
1341 431 1839 500 consubstantiale,
1857 447 1984 503 pro-

2096 433 2171 488 ἆτ’
2206 436 2364 499 εἰδὼς
2395 435 2685 499 κάκείνους
2718 434 2794 505 τῷ
2823 433 3096 504 όμοουσίῳ
3154 431 3505 504 στοιχοῦντας
3529 449 3543 464 ⁸
3575 435 3670 489 ὅτε

415 525 686 580 litentium
720 525 902 580 statim
931 535 1182 579 evertere
1235 522 1528 592 jubebant.
1562 523 1642 578 Ex
1677 540 1786 594 qua
1817 539 1983 581 causa

409 618 574 672 etiam
626 618 1052 674 Novatianorum
1098 616 1412 681 ecclesiam,
1457 631 1580 686 qua:
1621 617 1676 672 in
1719 618 1840 672 vico
1887 616 2021 671 τοῦ·

410 709 718 781 Πε).αργοῦ,
775 709 875 764 hoc
927 717 1011 763 est
1053 707 1481 772 Ciconize,erat,
1529 716 1613 762 est
1664 709 1980 775 demolitus,

411 805 556 878 quod
592 820 688 860 eos
713 819 929 873 quoque
968 803 1044 872 τῷ
1074 806 1366 874 όμοουσίῳ,
1399 803 1873 872 consubstantiali,
1894 820 1984 861 as-

411 894 601 951 sentiri
626 895 818 950 sciret.
851 893 970 960 Quo
1001 904 1248 960 tempore
1305 895 1384 949 llli
1416 895 1695 966 egregium
1738 903 1979 951 strenuae

413 1002 608 1041 manus
634 1001 772 1056 Optts
798 987 1043 1048 edidere,
1096 989 1322 1042 forsitan
1363 1003 1459 1042 eos
1497 996 1555 1040 ut
1579 987 1824 1056 ejusdem
1856 1003 1983 1043 sen-

410 1080 592 1134 tentiae
617 1090 922 1134 assertores
958 1079 1348 1149 adjuvantibus
1375 1077 1468 1130 τοῦ
1505 1079 1820 1147 ὁμοουσίου,
1850 1093 1983 1131 con-

407 1172 813 1238 substantialis,
857 1171 1284 1241 professoribus.
1318 1169 1559 1224 Ecclesia
1595 1171 1740 1224 enim
1786 1170 1876 1224 illa
1917 1169 1986 1222 ab

404 1264 490 1318 eis
515 1265 720 1333 quibus
758 1263 862 1317 hoc
904 1265 1256 1318 commissum
1318 1263 1496 1318 fuerat
1544 1300 1560 1325 ,
1607 1277 1797 1317 eversa
1829 1301 1844 1326 ,
1905 1262 1982 1316 illi

407 1356 600 1410 coacta
634 1370 796 1408 manu
839 1355 1080 1410 universi
1127 1370 1252 1409 cum
1299 1355 1628 1425 conjugibus
1655 1363 1712 1410 et.
1754 1356 1982 1420 liberis,

409 1449 556 1518 quod
607 1463 746 1517 opus
799 1454 921 1502 erat
978 1456 1035 1501 et
1084 1448 1466 1512 conveniebat,
1506 1463 1606 1518 pro
1650 1463 1710 1502 se
1752 1447 1986 1518 quisque

411 1543 725 1600 aﬂ'ercnles,
787 1555 951 1609 supra
1011 1540 1236 1595 modum
1289 1541 1611 1595 laborarunt
1665 1549 1772 1595 :et
1826 1541 1984 1594 brevi

414 1633 681 1704 temporis
726 1641 1027 1696 momento,
1081 1633 1134 1687 in
1180 1633 1301 1688 loco
1322 1634 1411 1687 cui
1444 1648 1645 1688 nomen
1682 1643 1764 1689 est
1795 1634 1984 1696 Συκαὶ,

414 1729 518 1782 hoc
542 1737 627 1782 est
652 1727 734 1780 fici
762 1727 860 1796 (l),
885 1741 915 1780 e
935 1725 1158 1796 regione
1187 1726 1356 1789 urbis,
1375 1741 1405 1779 e
1425 1725 1654 1795 vestigio
1677 1726 1836 1780 aliam
1857 1742 1989 1782 eon-

412 1820 602 1874 didere
630 1818 917 1874 ecclesiam
943 1857 958 1882 ,
993 1833 1225 1888 eamque
1269 1817 1638 1871 Ἀναστασίαν
1673 1817 1770 1888 (2),
1803 1818 1859 1872 id
1905 1829 1990 1874 est

415 1913 928 1975 Resurrectioneni,
962 1925 1258 1973 vocavere,
1293 1926 1356 1964 ex
1401 1921 1600 1966 eventu
1639 1912 1759 1981 ipso
1789 1927 1988 1968 nomen

416 2004 470 2058 id
511 2005 558 2057 ei
605 2003 969 2072 imponentes.
997 2001 1168 2067 Quam
1208 2001 1467 2071 deinceps
1499 2017 1742 2070 rursum,
1769 2003 1990 2059 .lnliano

418 2095 727 2165 imperante
791 2103 954 2162 atque
1003 2093 1378 2162 permittente,
1422 2092 1478 2148 in
1519 2093 1756 2163 priorem
1804 2095 1988 2150 locum

418 2185 648 2238 materia
698 2199 764 2238 ex
816 2183 966 2238 Fieis
1005 2182 1290 2252 deportata
1333 2184 1771 2247 transtulerunt.
1825 2200 1990 2256 Opere

419 2286 655 2345 utroque
708 2274 1018 2330 incredibili
1077 2274 1360 2330 celeritate
1399 2275 1666 2345 perfecto.
1700 2275 1827 2331 Hac
1864 2291 1989 2331 cum

417 2383 448 2421 a
475 2366 794 2422 Macedonio
829 2365 901 2420 ita
955 2375 1303 2436 gererentur,
1344 2364 1633 2421 Novatiani
1674 2365 1788 2423 fere
1818 2376 1874 2422 et
1902 2383 1992 2423 ca-

422 2459 640 2514 tholicae
664 2457 926 2513 Ecclesiae
944 2457 1004 2510 τὸ
1023 2456 1334 2527 ὀμοούσιον,
1361 2457 1848 2524 consubstantiale,
1869 2473 1993 2529 pro-

417 2551 660 2614 ﬁtentes,
687 2550 967 2621 conjuncti
1014 2559 1182 2619 atque
1218 2550 1358 2605 uniti
1397 2559 1545 2613 sunt,
1573 2551 1820 2606 eamdem
1850 2551 1992 2607 obti-

418 2653 614 2699 nentes
665 2642 1016 2706 scntentiam,
1053 2650 1219 2712 atque
1251 2641 1478 2707 geisdem
1515 2642 1773 2712 exagitati
1808 2642 1988 2698 malis.

419 2735 616 2790 Pacem
665 2749 899 2804 namque
953 2733 1098 2789 inter
1144 2749 1202 2788 se
1253 2733 1504 2803 agebant,
1564 2733 1990 2800 conveniebant,

421 2828 810 2890 orationesque
859 2833 917 2879 et
975 2824 1078 2879 alia
1134 2823 1656 2889 communicabant,
1708 2825 1860 2879 nullo
1924 2825 1992 2880 ab

420 2919 639 2973 Arianis
668 2918 759 2988 qui
809 2917 1074 2972 ecclesias
1114 2931 1306 2971 omnes
1351 2926 1775 2985 occupaverant.
1804 2917 1993 2972 catho-

420 3012 543 3067 licis
587 3013 779 3065 relicto
812 3011 1034 3078 templo.
1076 3009 1154 3063 lta
1184 3003 1604 3064 consuetudinis
1647 3009 1991 3074 assiduitate,

2083 529 2148 600 δὴ
2192 529 2350 597 λόγος
2378 528 2495 597 ἔχει
2537 531 2763 596 γενναῖα
2795 527 2996 590 αὐτοὺς
3025 527 3162 596 ἔργα
3204 527 3391 596 χειρός
3427 526 3672 596 διαπρά-

2086 619 2301 686 ξασθαι,
2353 619 2494 690 τάχα
2542 621 2952 691 συναιρομένων
3001 613 3200 691 οἷάπερ
3241 619 3514 690 όμόφροσι
3573 621 3672 672 καὶ

2084 713 2193 765 τῶν
2233 711 2340 764 ἀπὸ
2390 712 2492 781 τῆς
2518 713 2807 782 όμοουσξου
2841 713 3021 782 δόξης.
3057 711 3347 782 Δυομένης
3379 713 3491 782 γάρ
3522 711 3670 764 ἐκεί-

2085 821 2184 874 νης
2233 804 2300 858 δι’
2328 800 2407 860 ῶν
2435 805 2808 874 ἐπετρέπετο,
2865 805 3144 875 πανδημεὶ
3183 802 3675 874 συναθροισθέντες

2087 899 2310 964 ἐκείνοι,
2342 898 2438 951 καὶ
2471 901 2729 966 γυναῖκες
2770 898 2866 950 καὶ
2895 897 3104 960 παῖδες,
3136 897 3198 950 τὸ
3229 895 3513 965 προσῆκον
3537 895 3674 947 Exa-

2088 1005 2213 1051 στος
2241 988 2762 1058 μετακομιζόμενοι,
2792 988 3091 1059 ὑπερφυῶς
3117 988 3346 1042 ἐπόνουν
3368 1001 3382 1015 ⁸
3405 987 3502 1040 καὶ
3531 986 3676 1040 ἀκα-

2089 1079 2280 1150 ριαίως
2315 1080 2396 1143 είς
2426 1081 2516 1134 τὸν
2550 1080 2860 1150 ἀντιπέραν
2887 1079 3052 1133 τόπον
3082 1079 3183 1148 τῆς
3221 1078 3454 1141 πόλεως,
3485 1072 3531 1145 ᾧ
3567 1077 3674 1128 Συ-

2086 1169 2183 1220 καὶ
2214 1167 2407 1238 ὄνομα,
2437 1169 2636 1238 ἀθρόον
2664 1168 2854 1240 ἕτερον
2895 1165 3044 1223 οἶκον
3080 1169 3314 1222 ἀνίστων
3341 1186 3354 1200 ·
3384 1169 3480 1221 καὶ
3512 1168 3678 1222 Ἀνα-

2089 1260 2318 1315 στασίαν
2348 1261 2439 1314 τὸν
2471 1259 2618 1316 οἷκον
2657 1263 2972 1331 ὠνόμασαν,
3009 1264 3075 1315 ἐκ
3123 1262 3219 1315 τοῦ
3256 1261 3572 1332 συμϐάντος
3609 1262 3676 1311 1:";

2087 1345 2269 1416 δνομα
2316 1349 2709 1418 περιθέμενοι·
2757 1351 2817 1403 δν
2843 1349 3001 1413 αὖθις
3047 1349 3342 1403 Ἰουλιανοῦ
3399 1347 3674 1418 ἄρξαντος

2087 1442 2184 1494 καὶ
2215 1441 2633 1510 ἐπιτρέψαντος,
2663 1443 2746 1504 εις
2796 1441 2890 1495 τὸν
2921 1443 3191 1512 πρότερον
3228 1441 3544 1510 μετήγαγον
3573 1441 3671 1492 τό-

2087 1547 2210 1596 πον,
2239 1530 2336 1592 τὰς
2372 1530 2505 1596 ὕλας
2560 1538 3040 1602 μετακομίσαντες
3081 1534 3147 1584 ἐκ
3200 1531 3406 1596 συκῶν,
3449 1531 3674 1600 ἀπείρῳ

2087 1622 2239 1691 τάχει
2268 1623 2362 1675 καὶ
2384 1621 2554 1692 ἄμφω
2583 1621 3039 1692 διαπραξάμενοι.
3069 1623 3292 1675 Τούτων
3320 1623 3375 1675 δέ
3408 1623 3516 1676 ὑπὸ
3544 1623 3673 1676 Μασ-

2089 1713 2328 1766 κεδονίου
2358 1714 2684 1782 γινομένων,
2720 1715 2922 1786 μικροῦ
2964 1713 3104 1780 οἴ,τε
3133 1714 3470 1768 Ναυατιανοὶ
3498 1715 3595 1768 καὶ
3614 1716 3670 1767 οἱ

2022 1784 2061 1837 Β
2089 1805 2188 1873 τῆς
2239 1805 2471 1859 καθόλου
2517 1784 2850 1876 Ἐκκλησίας
2877 1806 2956 1874 τῷ
3001 1806 3277 1877 όμοουσίῳ
3324 1806 3672 1876 στοιχοῖωτες

2091 1897 2405 1969 ἡνὼθησαν,
2440 1897 2562 1970 ῐσην
2591 1899 2750 1965 δόξαν
2781 1899 3018 1968 ἔχοντες,
3051 1900 3248 1970 ἐπίσης
3274 1915 3334 1952 τε
3369 1899 3674 1968 ἐλαυνόμε-

2090 2008 2172 2045 νοι
2199 2004 2211 2018 ·
2236 1994 2332 2046 καὶ
2365 1991 2499 2061 πρὸς
2531 1991 2800 2061 ἀλλήλους
2831 1992 3174 2054 ἐσπένδοντο,
3218 1993 3552 2060 συνήρχοντο
3607 2006 3673 2042 τε

2092 2083 2188 2136 καὶ
2230 2083 2396 2152 εὐχῆς
2425 2086 2521 2137 καὶ
2558 2084 2670 2138 τῶν
2718 2083 2923 2136 λοιπῶν
2954 2083 3297 2136 ἐκοινώνουν.
3340 2083 3527 2144 Οὐδεὶς
3556 2083 3674 2151 γὰρ

2091 2171 2239 2239 οἶκος
2276 2179 2387 2238 τοῖς
2433 2175 2544 2229 ἀπὸ
2593 2177 2696 2246 τῆς
2723 2176 2954 2230 καθόλου
3007 2174 3340 2243 Ἐκκλησίας
3391 2174 3673 2240 ἐλείπετο,

2091 2271 2203 2333 τοῖς
2245 2270 2542 2339 Ἀρειανοίς
2566 2270 2782 2323 πάντων
2811 2268 3215 2339 κατεχομένων.
3249 2267 3340 2337 Τῷ
3366 2267 3420 2320 δὲ
3450 2269 3676 2338 συνεχεῖ

2091 2365 2190 2434 τῆς
2233 2363 2454 2433 ὁμιλίας
2492 2363 2690 2433 καὶτῷ
2720 2362 2814 2416 τοῦ
2847 2363 3056 2425 πάθους
3108 2361 3294 2431 ταυτῷ
3329 2361 3483 2414 κενὸν
3521 2357 3676 2413 εἶναι

2091 2455 2332 2525 οἰόμενοι
2364 2455 2611 2526 ἀλλήλων
2639 2455 2971 2520 διίστασθαι,
3005 2454 3138 2525 πρὸς,
3162 2454 3224 2507 τὸ
3258 2455 3540 2507 κοινωνεῖν
3573 2451 3681 2505 ἀλ-

2091 2547 2276 2619 λήλοις
2307 2544 2468 2618 ἦσαν.
2505 2546 2616 2602 Καί
2661 2563 2726 2615 γε
2767 2547 2835 2601 ἂν
2884 2547 3227 2619 ἐπεραίνετο,
3264 2549 3313 2600 εἰ
3361 2547 3436 2618 μὴ
3466 2547 3530 2600 τδ
3571 2545 3677 2598 τοῦ

2095 2641 2338 2711 πλήθους
2368 2641 2649 2712 πρόθυμον
2675 2641 2852 2712 βραχύ
2881 2659 2936 2694 τι
2968 2640 3274 2712 βασκανίας
3302 2640 3545 2710 ἐμπεσὸν
3573 2641 3680 2693 ἐπ-

2093 2735 2243 2803 έσχε,
2274 2734 2336 2786 τὸ
2365 2735 2430 2786 ἐκ
2469 2733 2700 2786 παλαιοῦ
2735 2733 2855 2796 ἔθος
2889 2735 3088 2805 χρῆναι
3122 2735 3217 2788 καὶ
3259 2732 3414 2796 αὖθις
3444 2733 3678 2802 κρατεῖν

2094 2821 2306 2874 πολλῶν
2329 2821 2623 2889 λεγόντων,
2671 2822 2766 2874 καὶ
2803 2821 2900 2890 τὴν
2929 2822 3004 2893 μὴ
3037 2820 3228 2891 ἐντελῆ
3263 2821 3547 2876 κοινωνίαν
3573 2822 3678 2875 ἐκ·

2091 2912 2413 2983 τρέπεσθαι.
2457 2913 2654 2976 Τὰίσα
2685 2913 2742 2967 δὲ
2769 2914 2864 2967 καὶ
2906 2913 3185 2976 Ἐλεύσιος
3218 2913 3320 2966 ἀνὰ
3363 2915 3463 2984 τὴν
3499 2915 3679 2978 Κύζι-

2094 3023 2191 3061 κον
2222 3009 2334 3069 τοῖς
2358 3007 2724 3068 Ναυατιανοῖς
2751 3005 2947 3062 ἐποίει.
2977 3004 3091 3076 Τὴν
3127 3006 3238 3076 γὰρ
3264 3008 3441 3058 ἐκεῖσε
3473 3006 3680 3076 ἐκκλη·

419 3115 476 3158 et
513 3118 694 3157 rerum
718 3102 1065 3156 adversarum
1089 3101 1484 3172 aequabilitate,
1510 3101 1710 3156 frustra
1741 3101 1818 3155 illi
1845 3116 1988 3167 esse,

2096 3101 2214 3152 σίαν
2239 3099 2417 3153 αὐτῶν
2445 3100 2618 3168 ἄρδην
2645 3099 2918 3153 καθεῖλεν.
2973 3100 3204 3170 Ἐπίσης
3241 3099 3297 3152 δέ
3329 3101 3421 3152 καὶ
3450 3101 3500 3154 οἱ
3526 3102 3677 3154 κατά

422 3196 467 3250 si
510 3196 654 3250 inter
688 3209 747 3249 se
775 3194 1125 3260 dissiderent,
1159 3195 1596 3262 exsistimantes,
1641 3195 1707 3250 ad
1743 3206 1988 3252 mutuam

423 3287 872 3343 communionem
930 3297 1086 3341 erant
1152 3289 1434 3356 propensi.
1491 3287 1557 3342 Et
1613 3288 1854 3358 perfecta
1901 3306 1992 3347 res

420 3382 634 3444 fuisset,
659 3380 763 3436 nisi
798 3380 1166 3436 multitudinis
1185 3381 1521 3436 alacritatem
1549 3397 1713 3451 parva
1744 3384 1991 3452 quadam

423 3472 628 3526 invidia
670 3471 1017 3526 intercedens
1062 3471 1458 3539 impedivisset,
1540 3473 1727 3529 multis
1783 3490 1991 3530 morem

422 3579 639 3617 rursum
674 3572 948 3617 vetustum
1004 3563 1383 3628 retinendum,
1423 3572 1588 3634 atque
1642 3567 1991 3620 communio-

423 3673 546 3711 nem
571 3655 947 3725 imperfectam
965 3655 1322 3710 aversandam
1339 3671 1458 3711 esse
1481 3657 1812 3712 dicentibus.
1830 3660 1991 3730 783

425 3747 643 3801 Eisdem
706 3762 869 3816 porro
921 3747 1097 3800 modis
1148 3745 1619 3816 CyziciEleusius
1663 3748 1992 3805 Novatianos

425 3838 699 3909 afﬂigebat
725 3856 738 3893 :
765 3839 1027 3908 templum
1066 3839 1210 3893 enim
1239 3853 1430 3893 eorum
1459 3839 1531 3892 ibi
1563 3856 1784 3908 prorsus
1809 3851 1992 3895 sustu-

424 3933 508 3987 lit.
535 3932 683 3986 Idem
718 3932 812 4001 qui
847 3932 1103 3986 Mantinei
1143 3931 1484 3992 habitabant.
1533 3942 1588 3986 et
1631 3933 1723 3987 alii
1777 3949 1994 4002 quoque

425 4027 480 4080 in
509 4024 872 4094 Paphlagonia
899 4024 1184 4079 Novatiani
1221 4023 1595 4093 patiebantur.
1623 4023 1771 4089 Quos
1795 4025 1994 4096 ejicere

341 4165 358 4178 ,
425 4117 798 4172 Macedoniani
830 4131 955 4170 cum
982 4131 1092 4170 non
1136 4125 1396 4185 possent,
1441 4117 1789 4186 imperatoris
1833 4134 1994 4188 opem

427 4204 813 4273 implorarunt,
836 4206 931 4273 qui
979 4203 1062 4258 eis
1093 4213 1328 4272 quatuor
1357 4205 1523 4258 millra
1555 4216 1884 4260 armatorum
1916 4208 1992 4277 (5)

427 4295 655 4349 attribui
699 4295 884 4364 jussit,
943 4297 1057 4348 fore
1089 4303 1275 4360 ratus,
1314 4303 1373 4348 ut
1422 4295 1498 4350 illi
1555 4297 1778 4352 insolito
1812 4314 1996 4352 armo-

429 4403 549 4440 rum
588 4395 733 4440 metu
797 4387 1056 4440 cederent
1085 4395 1250 4455 atque
1275 4386 1631 4442 vincerentur
1660 4389 1755 4459 (ἁ).
1796 4389 1994 4444 Verum

431 4491 519 4531 res
546 4477 704 4531 aliter
729 4477 948 4531 cecidit.
981 4476 1224 4547 Populus
1275 4479 1420 4530 enim
1476 4477 1710 4533 falcibus
1739 4489 1792 4534 et
1825 4481 1994 4535 clavis
2031 4460 2072 4513 θ

427 4576 484 4620 et
512 4569 817 4631 securibus,
848 4568 1079 4636 aliisque
1107 4568 1296 4646 armis,
1336 4578 1394 4620 ut
1428 4584 1548 4622 sors
1598 4569 1830 4633 ferebat,
1865 4587 1994 4626 cor-

427 4661 616 4728 reptis,
646 4676 769 4715 cum
797 4661 1018 4714 militari
1050 4677 1213 4714 manu
1241 4677 1341 4728 pro
1373 4677 1430 4715 se
1455 4663 1686 4730 quisque
1719 4665 1995 4733 congressi

429 4761 578 4806 sunt.
604 4751 672 4804 Et
708 4751 892 4819 praelia
935 4750 1191 4818 utrinque
1221 4752 1535 4812 commisso.
1574 4751 1730 4805 multi
1775 4752 1995 4820 quidem

429 4843 594 4902 etiam
624 4856 688 4895 ex
718 4840 1176 4910 Paphlagonibus,
1208 4839 1408 4895 milites
1433 4853 1612 4896 autem
1657 4839 1771 4896 fere
1805 4857 1998 4896 omnes

431 4933 807 4986 conciderunt.
861 4932 1224 4998 Quamobrem
1284 4947 1314 4986 a
1371 4933 1562 4987 multis
1595 4973 1610 4996 ,
1668 4934 2000 4988 necessariis

431 5026 596 5079 etiam
633 5025 768 5089 suis,
801 5023 1153 5078 Macedonius
1183 5037 1269 5079 est
1309 5027 1696 5094 reprehensus.
1725 5027 2002 5082 Alienavit

431 5129 654 5184 quoque
713 5113 782 5168 ab
810 5129 878 5168 eo
919 5113 1315 5168 benevolentiae
1363 5115 1619 5170 ardorem
1679 5117 2002 5186 imperator,

433 5222 611 5276 neque
649 5205 786 5260 adeo
809 5205 947 5260 bene
974 5206 1203 5276 posthac
1229 5221 1357 5276 erga
1386 5222 1508 5262 eum
1546 5208 1822 5262 animatus
1858 5209 1960 5262 fuit
1988 5227 2000 5263 :

507 5405 585 5474 (l)
619 5404 876 5458 Socrates
919 5403 1076 5459 Ficos
1108 5405 1460 5460 tredecimam
1506 5410 1662 5464 urbis
1689 5409 2008 5464 Constanti-

436 5477 769 5544 nopolitanae
805 5477 1082 5544 regionem
1118 5491 1238 5529 esse
1266 5477 1480 5531 scribit.

510 5548 584 5612 (ιδ
627 5547 1052 5619 ’Λνάστασις-ςι
1089 5548 1394 5600 ὰναστασία
1429 5549 1762 5613 vastitatem,
1805 5560 1860 5604 et
1911 5566 2007 5619 per

439 5627 769 5689 Cllllll'al‘lutll
839 5615 1288 5689 significationem
1355 5620 1764 5672 restitutionem
1841 5615 2007 5689 atque

444 5683 1212 5760 resurrectionemdesignat:
1237 5687 1288 5738 in
1321 5697 1609 5760 utramque
1639 5705 1766 5743 sane
1797 5683 2006 5760 part-vlli

443 5753 646 5818 templo
676 5754 722 5805 ci
752 5753 1044 5820 appellatio
1078 5757 1178 5808 ista
1209 5756 1484 5809 convenit.

2091 3191 2153 3244 τὸ
2181 3192 2506 3245 Μαντίνειον
2551 3189 2830 3254 οἰκοῦντες
2879 3190 3136 3261 ἔπασχον,
3182 3195 3277 3246 καὶ
3303 3192 3455 3246 ἄλλοι
3482 3192 3680 3245 Ναυα-

2092 3285 2266 3337 τιανοὶ
2287 3283 2676 3353 Παφλαγόνεςο
2699 3281 2792 3347 οὓς
2828 3283 3142 3350 ἐξελαύνειν
3175 3286 3250 3355 μὴ
3290 3279 3390 3339 οἷοί
3422 3303 3480 3338 τε
3515 3286 3676 3350 δντες

2092 3377 2142 3430 οἱ
2169 3376 2270 3445 τῆς
2291 3375 2592 3447 ἐκκλησίας
2617 3375 2978 3441 Μακεδονίου,
3013 3378 3225 3430 ἐδέοντο
3250 3377 3520 3448 βασιλέως
3545 3397 3681 3431 συν-

2095 3469 2368 3540 αίρεσθαι.
2418 3469 2479 3521 ’0
2514 3468 2573 3521 δὲ
2611 3469 3088 3540 τετρακισχιλίους
3117 3471 3369 3540 ξιφήρεις
3406 3473 3682 3542 στρατιώ-

2094 3580 2193 3626 τας
2219 3561 2499 3631 πέμπων,
2531 3561 2606 3632 τῷ
2633 3561 2792 3633 ἀήθει
2845 3563 2954 3616 τῶν
2985 3565 3168 3617 ὅπλων
3199 3563 3336 3634 ᾤετο
3365 3565 3467 3617 ὑπδ
3510 3568 3681 3633 χεῖρα

2098 3656 2266 3724 σχεῖν.
2298 3654 2372 3706 Τὸ
2403 3653 2460 3706 δὲ
2491 3653 2670 3718 ἄλλως
2699 3653 2989 3709 ἀπέϐαινε.
3013 3656 3092 3709 Τὰ
3123 3658 3230 3723 γὰρ
3254 3657 3432 3708 ἐκεῖσε
3467 3655 3673 3726 πλήθη,

2094 3747 2338 3814 δρέπανα
2361 3747 2458 3799 καὶ
2478 3747 2721 3817 κορύνας
2748 3747 2843 3801 καὶ
2861 3748 2988 3802 ἀλλο
3017 3749 3072 3800 εί
3099 3766 3152 3801 τι
3175 3749 3363 3818 ἔτυχεν
3392 3749 3683 3817 ἁρπάσαν-

2093 3856 2206 3903 τες,
2259 3839 2488 3900 ἕκαστος
2539 3837 2916 3907 συμϐάλλουσι
2974 3843 3088 3903 τοῖς
3133 3842 3522 3910 στρατιώταις.
3565 3844 3680 3895 Καὶ

2099 3933 2278 4002 μάχης
2325 3931 2676 4004 ἑκατέρωθεν
2736 3933 3135 4005 συρῤαγείσης,
3203 3933 3388 3986 πολλοὶ
3437 3934 3538 4004 μέν
3580 3938 3682 3988 καὶ

2096 4022 2202 4073 τῶν
2239 4021 2636 4092 Παφλαγόνων,
2668 4023 2780 4076 τῶν
2817 4025 2874 4076 δὲ
2930 4024 3282 4094 στρατιωτῶν
3333 4027 3519 4096 σχεδον
3562 4027 3680 4081 ὅλοι

2099 4113 2380 4165 πίπτουσι.
2437 4113 2746 4167 Κάκιτεῦθεν
2793 4114 2898 4168 ὐπδ
2962 4116 3178 4186 μέμψιν
3214 4111 3283 4188 ἦν
3340 4118 3680 4183 Μακεδόνιος

2097 4205 2207 4265 τοῖς
2250 4203 2462 4267 πολλοῖς
2504 4206 2612 4258 τῶν
2646 4206 2995 4278 ἐπιτηδείων.
3047 4208 3278 4280 Ἀφῄρει
3308 4208 3362 4263 δέ
3391 4214 3490 4281 καὶ
3522 4211 3684 4281 βασι-

2098 4293 2222 4352 λεὺς
2253 4297 2312 4347 τὸ
2340 4295 2438 4366 τῆς
2487 4297 2702 4360 εὐνοίας
2736 4296 2958 4367 θερμὸν,
2991 4300 3085 4352 καὶ
3119 4301 3187 4352 τὰ
3219 4301 3354 4372 πρὸς
3383 4301 3550 4356 αὐτὸν
3577 4305 3683 4356 οὐκ

2101 4386 2432 4456 ἐρρωμένως
2459 4387 2714 4452 διέκειτο,
2747 4389 2844 4442 am
2883 4389 2948 4460 δὴ
2979 4390 3252 4444 τοσούτων
3295 4394 3475 4461 φόνων
3506 4396 3686 4447 αἴτιον

2099 4479 2381 4546 γεγονότα.
2437 4481 2662 4551 Συμϐἁν
2731 4482 2786 4535 δέ
2828 4482 3109 4537 καὶτοῦτο
3169 4485 3392 4554 μεὲζονα
3427 4486 3529 4556 τὴν
3564 4489 3685 4539 κατ’

2100 4569 2265 4622 αὑτοῦ
2301 4571 2597 4641 ἀπέχθειαν
2629 4574 2819 4645 ἦγειρε
2851 4575 3104 4644 βασιλεῖ·
3155 4577 3251 4629 τοῦ
3282 4580 3390 4646 γὰρ
3435 4579 3592 4632 οἷκου
3628 4587 3687 4633 έν

2098 4653 2141 4724 ᾧ
2171 4663 2203 4730 ἡ
2236 4661 2438 4730 λάρναξ
2463 4663 2558 4716 καὶ
2587 4665 2645 4716 τὸ
2665 4664 2828 4734 σῶμα
2860 4664 3040 4718 ἔκειτο
3065 4667 3502 4733 Κωνσταντίνου,
3540 4672 3690 4722 πτῶ-

2102 4771 2186 4805 σιν
2205 4753 2578 4819 ἁπειλοῦντος,
2610 4757 2707 4810 καὶ
2734 4757 2888 4821 δέους
2915 4759 3016 4812 οὑκ
3038 4759 3321 4828 ἐλαχίστου
3353 4763 3463 4823 τοί,
3502 4765 3686 4815 ἐκεῖσε

2100 4845 2162 4912 δὴ
2190 4847 2620 4917 παρεδρεύουσιν
2653 4849 3042 4918 ἐπηρτημένου
3067 4892 3082 4917 ,
3118 4851 3458 4915 Μακεδόνιος
3493 4854 3561 4905 τὰ
3589 4855 3686 4906 τοῦ

2105 4934 2368 5002 βασιλέως
2419 4938 2552 4991 ὀστᾶ
2603 4937 2838 5009 ἀλλαχοῦ
2870 4942 3208 5014 μεταφέρειν
3244 4943 3574 5008 ἐσπούδαζε.
3610 4946 3687 4998 Τὸ

2102 5025 2157 5077 δέ
2179 5026 2406 5095 πλῆθος,
2440 5029 2726 5097 μαθόντες,
2759 5033 3151 5097 στασιάζοντες
3181 5030 3340 5104 ἦσαν,
3377 5035 3453 5105 μὴ
3484 5038 3683 5107 χρῆναι

2105 5115 2350 5184 λέγοντες
2404 5120 2630 5189 βασιλέα
2669 5124 2843 5192 μέγαν
2872 5123 3015 5178 οὕτω
3047 5127 3440 5195 μετακομίζειν
3463 5146 3478 5159 ·
3515 5131 3685 5197 μηδὲν

2105 5211 2214 5277 γὰρ
2245 5209 2521 5281 διαφέρειν
2554 5214 2645 5266 τοῦ
2679 5215 3022 5284 ἀνορύττειν.
3061 5210 3156 5279 Οἷς
3182 5216 3246 5287 δὴ
3275 5217 3516 5286 μάλιστα
3549 5220 3688 5288 σύμ-

3372 5299 3420 5342 4

2135 5410 2906 5504 ἓΔ-(μῖᾒξτέίξξξιξραις,ςξιριθμοὺᾖ
2936 5419 3093 5504 Socr.
3115 5421 3370 5504 Τέσσαρα
3403 5420 3685 5491 τάγματα,

2115 5481 2337 5560 Solum:
2373 5481 2783 5557 Τετραρίομους
2819 5481 3182 5560 στρατιώτας,
3215 5481 3372 5547 Suid.

2189 5553 2265 5622 (4)
2311 5553 2369 5632 in
2417 5553 2495 5610 ea
2520 5553 2913 5632 persecutione
2952 5557 3252 5632 ‘Novatiani
3305 5561 3692 5632 Paphlagones

2114 5623 2225 5745 victu
2275 5625 2330 5704 vi
2375 5623 2735 5749 lrepellentes,
2783 5629 3229 5688 Macedonianam
3277 5623 3694 5689 ntaiium'malc

2115 5707 2144 5745 a
2183 5709 2366 5749 ριυιιιη
2400 5736 2414 5749 ι

2115 5707 2414 5760 accipiunt.
