3970 6190
470 237 579 299 395

1703 237 2130 298 ΝίΟΕΡΗΟΒΙ
2161 238 2246 297 CA
2259 235 2505 297 [1,ῐὸΤὶ
3583 240 3672 301 396

478 348 872 421 inquirendum
923 365 1045 407 esse
1078 357 1461 404 censuerunt:
1514 357 1680 417 atque
1735 349 1787 402 id
1831 359 2041 418 propter

2156 348 2245 400 τον
2288 345 2617 409 Σεῦαστείας
2649 342 2894 415 προῆγον
2914 384 2929 407 ,
2994 324 3086 397 καὶ
3130 342 3332 409 ἄλλους.
3365 347 3611 418 Πρόφασιν
3638 354 3677 408 δ’

477 444 743 515 Cyrillum
778 440 1333 512 llierosolyntitannm
1358 479 1373 503 ,
1410 450 1464 493 et
1505 438 1857 493 Eustathium
1886 438 2055 493 Seba-

479 535 764 601 SIienst-m,
806 543 970 603 atque
1014 531 1151 587 alios
1205 531 1573 601 protulerunt.
1610 530 1775 600 785
1816 530 1916 585 Cui
1976 531 2054 585 rei

476 641 701 681 causam
753 624 915 678 etiam
964 621 1313 691 imperatoris
1360 621 1592 683 litterae,
1640 637 1788 675 nunc
1836 619 1903 675 de
1949 619 2055 675 (ide

477 720 741 790 primum,
793 729 940 768 nunc
1004 714 1073 767 de
1124 712 1376 767 moribus
1425 712 1712 781 inquirere
1770 711 2051 781 jubentes,

478 813 783 880 praebuere.
812 805 1048 862 Proinde
1089 807 1142 860 in
1175 806 1466 860 verborum
1493 803 1901 860 contentionem
1957 803 2054 858 deo

474 903 635 971 lapsi,
685 899 843 955 alteri
894 899 1101 953 alteros
1153 897 1291 952 male
1349 912 1664 966 accepere:
1721 907 1778 951 et
1835 894 2054 949 rixandi

473 995 659 1049 studio
711 993 767 1047 in
815 992 952 1047 duas
985 990 1289 1046 discessere
1340 1000 1571 1060 partes:
1617 1003 1849 1060 quarum
1895 988 2053 1044 alteri

473 1084 710 1141 Aeacius
738 1083 1095 1140 Caesariensis
1124 1083 1320 1153 praeiit,
1348 1094 1403 1136 et
1422 1080 1694 1152 Georgius
1722 1082 2052 1137 Alexandri-

470 1195 597 1240 nus,
627 1188 681 1233 et
710 1177 951 1233 Uranius
984 1174 1202 1247 Tyrius,
1232 1184 1288 1229 et
1315 1174 1607 1229 'Eudoxius
1642 1174 2048 1242 Antiochenns,

470 1273 738 1328 habentes
764 1284 952 1327 secum
984 1269 1121 1325 alios
1149 1268 1374 1339 triginta
1405 1276 1459 1322 et
1486 1267 1625 1322 duos
1649 1284 1663 1320 :
1688 1267 1845 1322 alteri
1865 1265 2048 1322 autem

465 1362 737 1433 Georgius
773 1361 1053 1417 Laodicea:
1081 1362 1136 1415 in
1169 1359 1348 1432 Syria,
1386 1359 1731 1429 Sophronius
1762 1358 2051 1427 Pompeio-

468 1456 608 1526 polis
640 1455 693 1509 in
721 1454 1111 1535 Paphlagonia,
1136 1464 1192 1507 et
1216 1452 1468 1508 Eleusius
1505 1452 1688 1523 Cyziei
1727 1454 2047 1523 episcopus,

466 1563 605 1615 quos
640 1547 883 1616 reliquus
919 1546 1113 1620 synodi
1149 1554 1328 1601 cretus
1372 1555 1597 1600 secutus
1629 1550 1735 1600 est.
1776 1545 1921 1600 Vicit
1970 1556 2051 1600 ta-

468 1653 594 1694 men
623 1653 814 1692 eorum
853 1636 1148 1700 sententia,
1187 1634 1279 1705 qui
1338 1635 1576 1705 primum
1621 1637 1688 1691 de
1721 1636 1824 1691 (ide
1853 1637 2047 1706 dispuo

466 1729 697 1784 tandum
735 1735 1095 1784 censuerunt.
1129 1727 1248 1782 Huc
1269 1725 1365 1781 ubi
1399 1735 1648 1791 ventum,
1672 1726 1907 1782 Aeacius
1930 1726 2048 1781 for-

468 1820 827 1875 mulam‘lidei
857 1817 1050 1873 Nicmaa
1087 1817 1292 1872 editam
1325 1817 1697 1888 abrogandam
1726 1857 1741 1883 ,
1776 1819 2049 1888 aliamque

467 1929 665 1968 noram
700 1910 1153 1982 promulgandam
1194 1925 1319 1965 esse
1358 1910 1602 1965 censuit.
1628 1910 1815 1965 Altera
1862 1919 2047 1965 autem

464 2007 655 2073 factio,
692 2022 814 2077 qua:
847 2004 1013 2060 etiam
1045 2018 1277 2059 numero
1304 2003 1559 2074 superior
1589 2015 1730 2069 erat,
1768 2003 2045 2059 Nicmnam

466 2098 759 2153 formulam
796 2093 1267 2165 complectendam
1319 2086 1899 2165 comprobandatnque
1929 2110 2049 2149 esse

458 2189 623 2254 dixit,
644 2197 699 2241 ut
716 2187 876 2241 modo
895 2202 1060 2241 unum
1084 2185 1178 2239 τοῦ
1196 2188 1363 2256 ὁμοου
1374 2187 1487 2240 σίου
1510 2186 2047 2257 (consubstantialis)

456 2284 694 2337 ’verbum
730 2280 1110 2335 induceretur.
1161 2279 1459 2334 Contentio
1505 2278 1621 2333 haec
1662 2281 1727 2331 ad
1760 2264 2044 2348 vesperam

467 2388 640 2443 usque
668 2380 911 2426 extracta
948 2379 1031 2426 est
1056 2409 1071 2433 ,
1100 2369 1275 2424 donec
1310 2368 1600 2440 Sylvanus,
1623 2365 1911 2423 Tarsensis
1940 2369 2047 2424 Ec-

464 2467 646 2521 clesiae
677 2464 924 2528 antistes,
961 2477 1093 2517 voce
1124 2476 1322 2531 magna
1345 2500 1361 2527 ,
1385 2476 1494 2514 non
1527 2475 1667 2529 opus
1687 2475 1832 2527 esse,
1863 2461 2049 2515 excia-

465 2559 656 2621 tnavit,
681 2556 841 2609 aliam
875 2554 999 2608 lidei
1018 2553 1362 2623 scripturam
1392 2567 1764 2622 componere:
1796 2553 2047 2609 suﬂirere

457 2650 608 2705 enim
634 2664 754 2719 quae
795 2646 1100 2703 Antiochiae
1151 2646 1305 2717 prius
1354 2657 1612 2701 accurate
1661 2655 1716 2701 et
1768 2646 2047 2702 subtiliter

461 2742 665 2798 dictata
699 2749 881 2796 esset:
908 2754 1030 2794 eam
1072 2738 1247 2807 ipsam
1278 2737 1626 2793 retinendam
1652 2754 1795 2794 esse.
1831 2738 2044 2806 Quibus

463 2834 643 2889 Verbis
675 2841 984 2888 commotus
1016 2831 1274 2897 Aeacius,
1314 2847 1443 2887 cum
1498 2833 1753 2888 factionis
1781 2848 1894 2889 suae
1948 2848 2045 2905 po-

464 2927 750 2995 pttlaribus
782 2942 850 2984 ex
874 2934 1149 2981 conventu
1184 2925 1340 2989 abiit.
1388 2925 1492 2991 Qui
1533 2941 1663 2981 vero
1714 2927 1787 2982 ibi
1830 2944 2045 2984 reman-

461 3032 607 3083 sere,
636 3016 1031 3071 Antiochenam
1060 3014 1189 3071 lidei
1223 3015 1619 3086 professionem
1668 3026 1784 3073 tum
1822 3021 1874 3074 in
1904 3035 2040 3075 con-

2160 440 2334 494 ἐδίδου
2369 442 2552 503 αύτοίς
2585 439 2683 508 τάξ
2711 437 2979 507 βασιλέως
3006 437 3305 506 γράμματα
3325 479 3339 502 ,
3367 440 3453 492 νῦν
3479 443 3566 511 μὲν
3597 448 3679 514 τὴν

2161 533 2343 586 πίστιν
2384 533 2670 602 πρότερον,
2703 531 2797 583 νῦν
2843 530 2900 583 δέ
2928 532 3055 591 τοὺς
3093 528 3237 598 βίους
3272 531 3523 596 ἐξετάζειν
3550 538 3673 603 ἐγκεο

2158 625 2451 694 λευόμενα.
2487 622 2799 677 Κὰντεῦθεν
2834 624 2913 684 εις
2952 622 3138 693 ἔριδας
3173 621 3340 689 λόγων
3373 623 3544 690 ἰόντες,
3566 632 3673 698 πρὸ,

2158 717 2421 789 ἀλλήλους
2466 716 2655 779 κακῶς
2690 711 2860 785 εἶχον,
2890 715 2984 768 καὶ
3032 716 3097 767 ἐκ
3139 715 3456 783 φιλονεικίας
3497 723 3565 782 είς
3602 722 3673 774 δύ(

2161 810 2300 880 μέρη
2335 807 2622 878 διῄρηντοο
2656 800 2731 861 ὧν
2758 808 2852 861 τοῦ
2906 808 3004 875 μὲν
3059 808 3176 869 ἐνὸς
3218 809 3456 871 ’Ᾱκάκιος
3507 813 3674 881 ἠγεῖτο,

2158 899 2255 968 τῆς
2290 902 2345 951 ὲν
2376 898 2713 968 Παλαιστίνῃ
2744 898 3086 965 Καισαρείας
3106 900 3430 961 ἐπίσκοπος,
3452 901 3675 970 Γεὼργιο,

2156 991 2585 1062 Ἀλεξανδρείας,
2612 989 2792 1055 Τύρου
2812 989 3098 1059 Οὑράνιος,
3119 989 3355 1054 Εύδόξιος
3373 992 3675 1063 Ἀντιοχείας,
3778 993 3787 1001 ’

2156 1081 2373 1151 ἔχοντες
2413 1080 2533 1150 μεθ’
2562 1082 2774 1133 ἑαυτῶν
2808 1079 2901 1133 καὶ
2932 1080 3125 1142 ἄλλους
3151 1081 3244 1134 δύο
3274 1083 3404 1151 πρὸς
3436 1087 3537 1144 τοῖς
3556 1087 3661 1154 τριά

2115 1172 2123 1179 ’
2158 1191 2323 1227 κοντα
2346 1189 2361 1203 ο
2398 1171 2635 1242 θατέροις
2660 1172 2719 1224 δὲ
2758 1171 2978 1243 μερίδος
3005 1172 3204 1243 ἐξῆρχε
3237 1174 3493 1243 Γεὼργιος
3526 1179 3669 1232 Λαοδιο

2156 1267 2309 1329 κείας
2329 1268 2426 1338 τῆς
2448 1267 2670 1336 Συρίας,
2695 1266 3006 1336 Σωφρόνιος
3034 1267 3518 1336 [ῐομπηῖουπόλεως
3538 1272 3619 1338 τῆς
3636 1274 3677 1325 ὲκ,

2159 1358 2536 1429 Παφλαγονίᾳ,
2591 1360 2685 1411 καὶ
2718 1357 2999 1423 Ἐλεύσιος
3031 1360 3057 1411 ὁ
3112 1360 3379 1423 Κυζίκοψ
3432 1357 3505 1424 οἷς
3531 1365 3613 1415 καὶ
3637 1364 3677 1415 τι

2151 1448 2341 1502 λοιπὸν
2372 1448 2560 1501 εἵπετο
2582 1448 2682 1517 τῆς
2712 1449 2934 1502 συνόδου
2967 1447 3269 1520 πλήρωμα.
3306 1452 3538 1522 Ἐκράτει
3557 1452 3689 1507 δὀὖιί

2154 1543 2306 1611 ὅμως
2334 1540 2395 1594 τὸ
2426 1541 2556 1610 περὶ
2585 1540 2825 1604 πίστεως
2859 1539 3140 1605 ἐξετάζειν
3170 1543 3445 1615 πρότερον.
3488 1546 3618 1598 Ἐπεὶ
3638 1547 3679 1599 δὲ

2154 1632 2235 1694 εἰς
2261 1629 2420 1683 τοῦτο
2448 1630 2821 1699 κατέστησαν,
2880 1633 2993 1693 τοῖς
3026 1631 3126 1701 μὲν
3163 1635 3290 1702 περὶ
3315 1632 3553 1688 Ἀκάκιον
3582 1637 3680 1688 ao:-

2083 1734 2120 1787 Β
2151 1721 2359 1775 τεῖσθαι
2390 1721 2501 1774 δεῖν
2534 1721 2712 1775 ἐδόκει
2743 1722 2845 1793 τὴν
2872 1724 2927 1777 ἐν
2973 1724 3184 1794 Nimia.
3220 1725 3444 1790 πίστεως
3471 1726 3679 1780 ἔκθεσιν·

2150 1812 2317 1883 ἀλλην
2333 1812 2389 1865 δέ
2411 1830 2534 1867 τινα
2551 1814 2874 1884 καινοτέραν
2889 1815 3256 1885 ὑπαγορεύειν
3281 1817 3682 1887 ύπεσημαίνοντο·

2150 1906 2201 1959 οἱ
2246 1905 2301 1959 δέ
2333 1906 2433 1976 τῆς
2480 1907 2674 1979 ἐτέρας
2707 1907 3011 1977 φάλαγγος,
3042 1908 3092 1960 οἳ
3144 1908 3212 1980 δὴ
3244 1910 3336 1962 καλ⁵
3384 1910 3456 1981 τῷ
3498 1911 3684 1982 ἀριθμῷ

2152 1999 2501 2063 ἐπλεόναζον,
2536 1999 2756 2068 ἐκείνην
2791 1999 2888 2069 μὲν
2925 2001 3106 2053 πᾶσαν
3145 2001 3393 2071 στέργειν
3418 2005 3503 2055 καὶ
3526 2005 3684 2057 ἀποδε-

2149 2091 2248 2161 χῆς
2286 2091 2471 2158 ἀξιοῦν
2500 2090 2689 2159 ελεγον
2714 2106 2732 2122 ⁸
2764 2091 2932 2161 μόνην
2967 2091 3023 2144 δὲ
3052 2091 3157 2163 τὴν
3182 2092 3277 2146 τοῦ
3308 2094 3574 2163 ὁμοουςέου
3599 2097 3684 2147 ἀτ-

2151 2182 2393 2235 εσείοντο
2424 2182 2591 2246 λέξιν.
2626 2182 2735 2235 Καὶ
2761 2181 2922 2253 ἄχρις
2952 2183 3193 2254 ἑσπέρας
3217 2185 3249 2253 ἡ
3286 2187 3411 2256 περὶ
3434 2186 3583 2239 ταῦτα
3610 2205 3685 2256 ςι-

2150 2274 2390 2327 λονεικξα
2422 2273 2644 2346 ἐχώρει,
2671 2274 2775 2335 ἕως
2807 2266 3067 2340 Σιλόανδς
3096 2277 3198 2347 τῆς
3222 2277 3426 2348 Ταρσοῦ
3444 2279 3683 2349 προεστὼς

2161 2366 2513 2431 Ἐκκλησίας,
2540 2366 2684 2436 μέγα
2716 2368 3070 2441 ἀνακραγὼν,
3110 2370 3191 2439 μὴ
3219 2369 3331 2424 δεῖν
3362 2372 3543 2440 ἑτέραν
3560 2368 3687 2434 αὖθις

2114 2459 2385 2521 -πὶστεως
2436 2458 2804 2527 ὑπαγορεύειν
2834 2462 3053 2532 γραφὴν
3103 2462 3318 2531 ἔλεγεν.
3363 2462 3561 2533 Ἀρκεῖν
3599 2464 3686 2533 γὰρ

2147 2550 2364 2622 ἐκείνην
2394 2552 2429 2621 ἢ
2468 2552 2524 2605 ἐν
2556 2551 2860 2623 Ἀντιοχείᾳ
2893 2554 3163 2625 πρότερον
3216 2555 3576 2627 διηκρίϐωται,
3611 2557 3689 2609 καὶ

2146 2646 2345 2716 χρῆναι
2371 2644 2852 2716 ταύτῃὲμμένειν.
2881 2641 3064 2717 Ἐφἰἶ)
3092 2647 3498 2720 χαλεπήναντες
3524 2649 3687 2720 οἱπερὶ

2158 2736 2436 2804 Ἀκάκιον,
2462 2737 2557 2791 τοῦ
2593 2738 2855 2806 συλλόγου
2892 2740 3219 2810 ἐξῆλθον.οἰ
3244 2744 3291 2795 δ’
3317 2743 3689 2813 ἐναπολειφθεῖ-

2144 2844 2238 2891 τες
2298 2827 2419 2881 τότε
2466 2828 2565 2899 μὲν
2604 2830 2704 2900 τὴν
2738 2833 3037 2903 εἰρημένην
3081 2834 3137 2886 ἐν
3174 2834 3476 2908 ’Δντιοχείᾳ
3503 2835 3687 2887 ἔκθεσιν

2143 2919 2220 2989 τῷ
2254 2920 2516 2992 συνεδρίῳ
2541 2922 2879 2990 ἀνέγνωσαν,
2901 2925 2994 2978 καὶ
3023 2928 3050 2980 ὁ
3084 2926 3347 2995 σύλλογος
3368 2927 3615 2981 διελύετοο
3632 2928 3686 2997 τῇ

2144 3010 2191 3063 δ’
2222 3012 2473 3086 ἐπιούσῃ,
2517 3014 2597 3078 εἰς
2623 3013 2717 3068 τὸν
2748 3016 2846 3085 τῆς
2877 3015 3181 3082 θεσπεσίας
3215 3020 3421 3091 Θέκλης
3461 3020 3689 3082 είσιόντες

461 3110 590 3165 cilio
624 3108 843 3163 recitari
887 3107 1197 3179 jusserunt.
1249 3105 1319 3160 Et
1351 3107 1432 3162 sic
1474 3123 1771 3166 consessus
1823 3112 2039 3167 solutus

2146 3102 2320 3168 νεὼν,
2349 3084 2444 3158 καλ
2471 3105 2571 3169 τὰς
2606 3106 2775 3177 θύρας
2807 3109 3302 3182 ἀποκλεισάμενοι,
3334 3084 3689 3185 ἐπεψηφὶζοντο

461 3210 563 3256 est.
617 3200 890 3255 Postridie
934 3209 1121 3255 autem
1173 3202 1436 3270 templum
1491 3200 1631 3256 divae
1682 3203 1904 3259 Theclae
1957 3205 2042 3260 in-

460 3294 657 3364 gressi,
689 3292 901 3347 foribus
938 3291 1179 3358 clausis,
1232 3292 1528 3349 sententiis
1560 3296 1675 3349 suis
1719 3311 1843 3365 quae
1896 3297 2039 3352 lecta

462 3387 676 3441 fuerant
694 3375 1141 3454 comprobarunt,
1161 3385 1505 3455 seorsimque
1535 3387 2039 3457 subscriptionlbus

456 3478 875 3546 continuarunt.
902 3475 1136 3541 Quidam
1176 3477 1369 3543 etiam,
1395 3477 1544 3533 vices
1569 3477 1801 3533 aliorum
1830 3481 2042 3535 absen-

454 3569 595 3623 tiuzn
637 3567 926 3631 obeuntes,
958 3565 1188 3621 lectores
1204 3577 1260 3620 et
1281 3565 1524 3631 diaconi,
1557 3581 1749 3622 eorum
1776 3583 1819 3621 .a
1839 3569 2040 3639 quibus

452 3660 612 3714 Διιιιεεί
647 3658 865 3712 fuerant
891 3661 1115 3713 nomine
1138 3657 1221 3712 eis
1245 3658 1720 3729 subscripserunt.
1751 3660 1907 3725 Quod
1950 3662 2038 3717 la-

460 3762 612 3809 ctmu
635 3750 873 3807 Aeacius
895 3749 1250 3820 reprehendit
1268 3770 1281 3805 :
1302 3766 1424 3821 qua:
1446 3752 1669 3807 occulto
1685 3764 2033 3823 gererentur,

458 3844 646 3899 minus
682 3841 970 3898 laudanda
1006 3857 1149 3905 esse,
1183 3851 1351 3913 atque
1376 3859 1406 3897 a
1436 3843 1664 3899 sinistra
1718 3846 2037 3914 suSpieione

456 3951 567 3990 non
598 3936 811 4000 abesse,
850 3933 1063 3989 dicens.
1117 3931 1435 3988 Conabatur
1461 3943 1645 3989 autem
1697 3950 1893 3989 novatn
1953 3936 2040 3991 in-

458 4021 604 4077 ferre
635 4021 831 4075 (idem:
866 4021 1249 4090 quametiam,
1277 4021 1440 4077 sicuti
1474 4022 1577 4092 ipsi
1619 4031 1794 4077 visum
1830 4024 2033 4093 fuerat,

458 4131 488 4168 ιι
518 4129 578 4169 se
616 4113 1002 4183 compositam,
1039 4113 1295 4182 privatim
1344 4115 1690 4186 principibus
1724 4116 1855 4172 viris
1898 4117 2039 4173 Leo-

460 4221 544 4260 nzn
567 4213 622 4259 et
642 4204 891 4258 Lauricio
922 4205 1077 4274 legit,
1104 4214 1161 4260 et
1182 4205 1435 4263 obtinere
1466 4208 1701 4264 maxime
1723 4212 2031 4266 contendit.

459 4296 584 4351 llaec
607 4296 664 4350 in
689 4294 933 4351 secundo
968 4312 1266 4367 congressu
1296 4307 1444 4353 acta.
1479 4300 1645 4371 786
1662 4301 1848 4357 Tertio
1868 4318 2032 4373 porro

2142 3196 2208 3250 τὰ
2229 3197 2639 3268 ἀνεγνωσμένα,
2660 3204 2761 3253 καὶ
2788 3202 3021 3272 ἐκύρουν
3043 3205 3167 3258 καθ’
3198 3208 3425 3271 ἑαυτοὺς
3445 3210 3556 3269 ταῖς
3581 3208 3689 3259 ὑπε-

2142 3289 2408 3358 γραιραῖς.
2443 3290 2553 3341 Καί
2582 3307 2728 3353 τινες
2763 3290 2821 3344 δέ
2844 3293 3008 3347 τόπον
3038 3295 3247 3368 ἐτέρων
3279 3299 3552 3368 ἐπέχοντες
3579 3301 3689 3356 ἀπα-

2141 3375 2383 3443 γνῶσταε
2421 3393 2481 3429 τε
2522 3379 2616 3431 καὶ
2651 3379 2916 3444 διάκονοι,
2953 3382 3094 3454 ὑπὲρ
3124 3386 3239 3440 τῶν
3266 3390 3583 3460 πεμψάντων
3605 3392 3690 3444 ὐπ-

2142 3465 2405 3535 έγραφον.
2424 3465 2680 3533 ’Δκάκιος
2708 3470 2763 3523 δὲ
2797 3473 2854 3524 ὲν
2874 3472 3079 3542 μέμψει
3108 3476 3167 3527 τὸ
3203 3479 3446 3549 πραχθὲν
3466 3483 3690 3547 ἐποιεῖτο,

2141 3558 2224 3610 Τὰ
2252 3558 2310 3609 ἐν
2333 3558 2660 3630 ἀποκρύφῳ,
2695 3561 2889 3631 λέγων,
2931 3569 3223 3637 γινόμενα,
3260 3573 3448 3643 πόρρω
3483 3574 3572 3641 μέν
3598 3578 3688 3625 εἰει

2139 3650 2235 3703 τοῦ
2267 3651 2431 3704 καλοῦ
2460 3669 2475 3685 ο
2519 3658 2699 3725 κακῆς
2724 3657 2770 3709 δ’
2798 3657 3035 3728 ὑποψίας
3068 3661 3225 3715 οὐδὲν
3258 3664 3510 3720 ἐλλείπει.
3538 3666 3691 3719 Σπου-

2139 3743 2317 3808 δάξων
2350 3743 2397 3797 δ’
2425 3747 2621 3818 ἑτέραν
2650 3751 2836 3804 πίστιν
2871 3753 3143 3820 εἰσάγειν,
3183 3757 3272 3829 ἢν,
3300 3757 3573 3828 ὡςέκείνῳ
3598 3759 3690 3810 δεῖν

2140 3836 2338 3901 ἐδόκει,
2375 3840 2468 3891 καὶ
2507 3839 2851 3911 διαθέμενος,
2891 3844 2999 3917 ἰδίᾳ
3027 3849 3140 3911 τοῖς
3170 3849 3432 3920 ἄρχουσιν
3461 3855 3692 3921 ἀνεγίνω-

2141 3947 2260 3995 σκε,
2294 3932 2489 4003 Δεωνᾷ
2534 3951 2595 3986 τε
2628 3937 2724 3988 καὶ
2761 3938 3074 4010 Λαυρικίῳ·
3105 3944 3201 3996 καὶ
3255 3948 3475 4014 κρατεῖν
3502 3947 3690 4015 ἐκείνην

2140 4023 2374 4091 μάλιστα
2421 4025 2644 4096 ᾖπειγε.
2682 4027 2853 4083 Τοῦτο
2887 4031 2987 4099 μέν
3041 4034 3139 4087 καὶ
3169 4036 3272 4106 τῆς
3302 4037 3551 4111 δευτέρις
3586 4056 3691 4092 συν-

2135 4115 2403 4180 ελεύσεως
2426 4118 2487 4171 τὸ
2504 4118 2666 4191 ἔργον
2688 4137 2706 4154 ο
2740 4123 2884 4176 κατά
2914 4123 2968 4176 δὲ
2993 4129 3093 4197 τὴν
3117 4129 3313 4198 τρίτην
3342 4132 3548 4203 ἡμέραν
3571 4148 3690 4200 παρ-

2138 4206 2275 4275 ἦσαν
2301 4208 2405 4280 ἠδη
2458 4213 2551 4263 καὶ
2583 4214 2633 4266 οἱ
2682 4214 3133 4285 ἀπολειφθέντες,
3179 4221 3510 4286 Μακεδόνιος
3549 4225 3575 4276 ὁ
3606 4224 3691 4294 τῆς

2138 4301 2576 4370 Κωνσταντίνου,
2608 4309 2705 4359 καὶ
2733 4308 3024 4371 »Βασίλειος
3052 4313 3083 4364 δ
3128 4313 3427 4388 Ἀγκύρας.
3452 4318 3515 4371 Oi
3538 4319 3564 4370 δ
3601 4319 3693 4385 ἀμ·

458 4388 573 4453 die,
594 4389 707 4459 jam
740 4388 906 4441 etiam
944 4387 1039 4456 qui
1063 4387 1358 4443 abfuerant
1391 4399 1592 4454 praesto
1631 4403 1791 4448 erant
1812 4435 1829 4461 ,
1853 4394 2034 4450 Mace-

2143 4393 2202 4462 φὶ
2248 4393 2503 4450 Ἀκάκιον
2529 4396 2622 4450 τοῦ
2664 4400 2925 4468 συλλόγου
2953 4409 3236 4461 κοινωνεῖν
3276 4409 3622 4482 παρῃτοῦντο,
3650 4409 3692 4462 ει

459 4480 659 4534 donius
673 4478 1405 4549 Constantinopolitanus.et
1431 4481 1667 4538 Basilius
1684 4484 2031 4557 Ancyranus.

456 4572 731 4628 Caeterum
764 4570 1007 4627 Aeacius
1039 4586 1164 4627 cum
1201 4571 1441 4630 factione
1471 4590 1567 4630 sua
1615 4576 1673 4631 in
1701 4588 2034 4635 conventum

459 4681 518 4721 sc
540 4672 830 4719 venturum
859 4663 1104 4734 negavit,
1130 4664 1235 4718 nisi
1262 4664 1357 4735 qui
1390 4664 1459 4720 ab
1496 4666 1630 4736 ipsis
1660 4676 1716 4722 et
1749 4680 1910 4724 antea
1941 4687 2036 4725 ex-

457 4760 749 4825 auctorati,
785 4768 841 4813 et
869 4758 983 4828 jam
1032 4758 1276 4812 accusati
1305 4767 1514 4824 essent,
1558 4775 1819 4817 consessu
1852 4764 2035 4833 exige-

459 4861 668 4906 rentur.
716 4847 785 4905 Et
825 4850 993 4903 multa
1029 4848 1154 4903 inde
1205 4858 1394 4904 coorta
1448 4853 1588 4913 rixa.
1641 4854 1901 4921 placitum
1947 4864 2034 4912 est

457 4945 698 5008 tandem,
729 4953 791 4999 ut
816 4944 895 4999 illi
928 4943 1290 4998 accederent:
1317 4945 1464 5013 quod
1493 4946 1659 5000 etiam
1686 4956 1770 5002 est
1797 4947 2029 5006 factum.

460 5035 544 5089 Illi
571 5037 718 5089 enim
750 5048 990 5090 cessere.
1025 5033 1354 5089 Statuerunt
1386 5035 1489 5089 hoc
1520 5036 1599 5090 sic
1645 5035 1862 5101 Patres,
1894 5038 2032 5093 Aca-

450 5128 605 5183 cium
662 5140 884 5179 causam
940 5125 1132 5196 synodi
1184 5124 1460 5181 solvendae
1513 5119 1724 5198 lingere
1785 5129 1913 5193 rati,
1974 5138 2033 5184 ut

456 5217 621 5274 simul
644 5226 701 5273 et
731 5216 871 5273 Aetii
896 5216 1121 5271 haeresis
1141 5216 1395 5286 praesenti
1422 5216 2031 5289 disquisitioni‘exime-

344 5298 351 5305 ’
446 5321 630 5375 .retur,
687 5319 744 5364 et
796 5307 892 5377 qui
925 5306 1002 5362 rei
1041 5309 1345 5377 agebantur
1366 5307 1639 5378 judicium
1678 5310 2028 5380 eﬂugerent,

452 5402 673 5471 ipsique
703 5400 841 5455 adeo
877 5398 1160 5463 Acaciani,
1193 5397 1260 5452 de
1290 5398 1492 5467 quibus
1525 5401 1897 5469 arguebantur
1922 5403 2031 5457 cri-

452 5494 721 5556 minibus,
750 5506 973 5547 causam
1025 5507 1134 5546 non
1169 5488 1437 5546 dicerent.
1467 5488 1645 5560 Atque
1682 5492 1772 5548 ubi
1802 5493 1912 5548 illis
1950 5494 2031 5549 di-

449 5584 678 5650 gressis.
715 5586 942 5638 Aeacius
976 5597 1099 5637 cum
1126 5582 1241 5637 suis
1271 5582 1509 5646 introiit,
1540 5581 1752 5638 Leonas
1780 5584 2026 5643 libellqu

448 5690 624 5743 quem
678 5675 780 5728 sibi
813 5675 879 5728 ab
907 5674 1108 5737 Acacio
1162 5684 1217 5730 et
1264 5674 1619 5744 popularibus
1663 5675 1780 5746 ejus
1811 5676 2020 5747 datum,

2143 4481 2221 4553 μὴ
2249 4485 2297 4537 οἱ
2329 4482 2420 4537 ὑπ’
2448 4485 2629 4539 αὐτῶν
2658 4487 3106 4559 καθαιρεθέντες,
3143 4497 3242 4550 καὶ
3277 4498 3379 4569 ἤδη
3397 4481 3691 4569 άαταγυρη-

2139 4574 2344 4639 θέντες,
2376 4576 2470 4630 τοῦ
2516 4579 2797 4649 συνεδρίου
2844 4581 3165 4648 ξελαθῶσι.
3210 4590 3419 4662 Πολλῆς
3466 4591 3511 4645 δ’
3537 4592 3692 4663 ἔριδος

2138 4667 2479 4739 ἀναφθείσης
2526 4673 2801 4740 ἐντεῦθεν,
2855 4677 3080 4747 ἐκράτει
3122 4682 3334 4751 μᾶλλον
3386 4685 3687 4752 ἐξάγεσθαι·

2137 4764 2232 4813 καὶ
2282 4762 2562 4833 ἐξήγοντο.
2612 4767 2977 4839 Παρεχώρουν
3037 4773 3145 4844 γὰρ
3202 4777 3427 4843 ἐκεῖνόι,
3479 4778 3689 4848 οἰόμενοι

2150 4852 2403 4908 Ἀκάκιον
2445 4857 2777 4912 πλάττεσθαι
2832 4860 3114 4931 πρόφασιν
3141 4866 3384 4921 διαλύειν
3413 4869 3524 4939 ’τὴν
3554 4869 3689 4920 adto-

2134 4943 2245 5009 δον,
2269 4943 2344 5008 ὡς
2400 4946 2496 4999 καὶ
2527 4946 2630 5017 τὴν
2656 4948 2866 5003 Ἀετίου
2898 4953 3116 5022 αἳρεσιν
3153 4955 3254 5026 τὴν
3286 4958 3563 5029 παροῦσαν
3586 4954 3687 5020 ἐξέ-

2137 5052 2294 5087 τασιν
2319 5036 2625 5107 διαφυγεῖν,
2651 5041 2744 5099 καὶ
2769 5042 2965 5109 αύτούς
2993 5048 3046 5114 γ’
3070 5049 3319 5113 ἐκείνους
3359 5053 3451 5115 τὰς
3474 5047 3544 5106 ὧν
3570 5068 3688 5103 κατ-

2137 5131 2409 5199 ηγάρηντο
2456 5131 2631 5196 δίκας.
2677 5134 2765 5200 Ὠς
2797 5136 2843 5190 δ’
2881 5141 3088 5210 οἱπερὶ
3131 5143 3385 5198 Ἀκακιον
3428 5145 3686 5212 είσῆλθον,

2135 5223 2407 5277 ἀπιόντων
2440 5227 2687 5296 ἐκείνων,
2715 5231 2937 5295 Λεωνᾶς
2972 5234 3178 5303 βιὸλίον
3204 5238 3534 5300 ἐπιδεικνὺς,
3556 5233 3686 5303 αὐτῷ

2133 5317 2182 5367 oi
2216 5315 2438 5386 δοθῆναι
2456 5318 2519 5371 ἐκ
2552 5319 2662 5373 τῶν
2696 5323 2829 5392 περὶ
2869 5325 3126 5382 Ἀκάκιον
3155 5328 3339 5399 ἔλεγε,
3378 5329 3452 5399 μὴ
3475 5332 3686 5385 πίστεως

2133 5406 2346 5460 ἔκδοσιν
2384 5404 2527 5464 εἶναι
2558 5414 2731 5466 είπὼν
2754 5431 2769 5447 ·
2803 5416 2899 5471 καὶ
2950 5419 3135 5491 κρύφα
3164 5423 3275 5492 γὰρ
3310 5424 3407 5476 καὶ
3460 5418 3689 5492 φανερῶς

2132 5503 2242 5565 τοῖς
2270 5500 2543 5573 παροῦσιν
2575 5507 2832 5579 ἐμάχετο.
2864 5512 2971 5565 Καὶ
3002 5513 3136 5584 δῆτα
3165 5515 3227 5567 ἐν
3259 5514 3450 5585 ἡσύχῳ
3469 5511 3694 5581 καθημέ-

2132 5609 2240 5646 νων
2276 5596 2525 5663 ἐκείνων,
2561 5600 2636 5669 μὴ
2665 5602 2902 5665 πίστεως
2954 5608 3220 5674 οἰομένων
3260 5604 3405 5661 εἶναι
3434 5607 3528 5673 τὴν
3558 5602 3693 5657 ἓκδίρ

2134 5701 2240 5753 σιν,
2273 5688 2578 5757 τηνικαῦτα
2626 5693 2959 5761 ἐφανεροῦτο
2988 5697 3016 5748 ’ἓ
3050 5698 3146 5763 τῆς
3179 5698 3440 5752 Ἀκακίου
3473 5698 3688 5752 πίστεως
