3970 6190
281 373 356 437 ίοι
1164 374 1764 438 ECCLESIASTlCzB
1804 377 2197 441 IUSTO!!le
2242 379 2389 442 LIB.
2433 381 2534 444 IX.

3364 380 3470 443 402

273 490 486 544 ἐντεῦθεν
534 492 596 561 τῇ
631 491 832 563 συνόδῳ
879 494 1052 551 ἐστίν.
1091 496 1232 551 Ἀλλ’
1263 496 1383 553 οὐδὲ
1422 501 1471 551 εἰ
1512 497 1796 570 μὴκαλῶς

1909 503 2033 557 dum
2080 489 2202 559 esse
2249 500 2668 558 conﬁrmabant.
2703 499 2821 566 Ona
2870 498 2938 559 de
2986 513 3047 555 re
3104 507 3219 554 toto
3267 514 3337 553 eo
3379 496 3469 552 die

269 583 295 653 ἦ
319 582 471 642 ἄλλως
496 582 629 651 ἔχει,
664 582 700 637 ἃ
721 584 877 637 αὐτοὶ
908 585 1092 641 ἔθεντο
1124 590 1529 661 περὶπίστεως,
1554 591 1795 659 ἐπάναγ-

268 693 344 729 κες
398 674 892 744 πολυπραγμονεῖν.
952 678 1163 749 Χρῆναι
1219 679 1265 733 δ’
1320 679 1560 751 ἡγοῦμαι
1607 684 1671 753 τῇ
1737 681 1794 733 ἐν

278 765 543 835 Ἀντιοχείᾳ
574 766 808 819 ἕπεσθαι
843 768 985 822 ἐπτὰ
1013 771 1107 823 καὶ
1155 771 1516 841 ἐννενήκοντα
1549 770 1795 841 Πατράσι

264 857 665 929 παραδιδομένη.
708 858 771 911 El
820 858 879 911 δέ
914 874 998 923 τις
1034 860 1205 931 ἄλλην
1243 861 1587 932 εἰσηγεῖσθαι
1621 861 1796 914 ἐθέλοι

267 948 452 1000 ἔχθεσιν
476 949 733 1012 πίστεως,
774 949 965 1004 τοῦτον
1011 951 1222 1005 δίκαιον
1255 950 1466 1016 πάντας
1516 952 1795 1024 ἀλλότριον

263 1039 346 1109 τῆς
367 1039 632 1104 εὐσεεείας
669 1041 889 1111 καὶτῆς
933 1041 1265 1112 Ἑκκλησίας
1311 1043 1575 1112 νομίζειν.
1627 1042 1796 1096 Ταῦτ’

262 1131 493 1192 εἰπόντος.
528 1133 556 1184 ό
584 1132 840 1201 σύλλογος
857 1133 1098 1188 διελύετο
1128 1130 1312 1199 αὖθις.
1344 1134 1422 1207 Τῇ
1450 1137 1506 1189 δὲ
1531 1136 1797 1205 ὑστεραίᾳ

260 1221 417 1273 οὐκέτι
443 1222 519 1291 τῷ
542 1223 786 1292 συλλόγῳ
812 1225 1153 1295 παραϐαλεῖν
1175 1228 1226 1279 οἰ
1253 1227 1384 1296 περὶ
1421 1227 1678 1280 Ἀκάκιον
1704 1227 1799 1281 καὶ

258 1308 294 1360 Γ
295 1308 497 1379 εώργιον
513 1311 728 1380 ηοελον.
755 1315 863 1367 Καὶ
880 1315 1045 1380 αὐτὸς
1066 1317 1124 1370 δὲ
1149 1319 1370 1381 Λεωνᾶς
1397 1318 1618 1387 κληθεὶς
1648 1319 1801 1371 ἀπεῖ-

258 1419 317 1455 πε
339 1402 425 1473 τὴν
445 1402 658 1458 ἔλευοιν
678 1420 691 1434 ’
717 1406 786 1459 τὰ
816 1406 924 1478 γὰρ
963 1409 1189 1464 ἐκείνων
1209 1411 1429 1480 ἐφρόνει
1450 1397 1764 1479 περιφανῶς
1782 1428 1795 1440 ·

255 1496 558 1550 ἀπεστάλθαι
586 1499 645 1551 δὲ
661 1500 794 1568 πρὸς
825 1501 1094 1570 βασιλέως
1124 1503 1404 1572 πρόφασιν
1437 1505 1678 1579 ἐποιεῖτο
1706 1503 1799 1554 ἐπὶ

253 1590 309 1658 τῇ
338 1588 576 1661 συνοδικῇ
612 1592 924 1664 συμφωνίᾳ.
962 1594 1117 1647 Ἐπεὶ
1144 1596 1190 1648 δ’
1221 1594 1393 1659 οὕτως
1422 1596 1676 1657 ἀτάκτως
1696 1594 1799 1647 διί-

255 1682 450 1746 crustis,
473 1683 610 1750 ὑμῖν
635 1685 997 1754 συνέρχεσθαι
1021 1688 1086 1741 οὐ
1110 1688 1307 1758 ῥᾳδίως
1328 1687 1459 1758 ἐχω.
1484 1688 1548 1739 Εἰ
1578 1686 1624 1740 δ’
1640 1687 1802 1756 ὑμεῖς

1900 597 2138 650 maxima
2174 596 2276 649 fuit
2307 594 2610 650 contentio.
2644 594 2809 665 789
2852 592 3224 662 Conqicerunt
3251 606 3469 669 quoque

1898 686 2078 756 ipsum
2127 686 2408 751 Acacium,
2457 685 2605 757 quod
2652 686 2755 743 sibi
2812 684 2916 757 ipsi
2973 693 3202 756 pr0pter
3257 684 3461 738 variam

1897 778 2259 848 scriptionum
2292 780 2348 834 in
2380 777 2534 833 libris
2558 779 2672 834 suis
2701 792 2839 848 quos
2867 776 3153 839 edidisset,
3188 789 3296 829 non
3330 774 3463 826 eon-

1898 877 2089 932 staret,
2132 870 2187 924 in
2223 869 2423 938 quibus
2470 869 2624 938 prius
2675 868 2909 925 similem
2958 882 3057 937 per
3091 866 3277 921 omnia
3316 862 3466 918 Patri

1898 958 2097 1015 Filium
2132 960 2350 1028 dixerit,
2385 959 2640 1030 idemque
2665 973 2787 1014 cum
2820 957 2954 1028 ipsis
2990 954 3228 1014 senserit
3265 970 3279 1007 :
3320 967 3470 1007 nunc

1898 1066 2029 1106 vero
2052 1054 2267 1106 tandem
2313 1051 2620 1107 substantia
2666 1050 2904 1107 similem
2949 1063 3069 1107 esse
3100 1038 3348 1117 negaret.
3381 1043 3462 1098 Ad

1900 1155 2022 1211 quae
2059 1141 2170 1207 ille,
2228 1156 2408 1212 neque
2444 1159 2511 1197 ex
2546 1141 2968 1205 recentioribus,
3018 1153 3196 1210 neque
3223 1152 3292 1193 ex
3326 1134 3472 1197 anti—

1900 1231 2024 1302 quis
2051 1248 2379 1302 quemquam
2430 1233 2496 1289 ad
2549 1234 2877 1303 scriptorum
2929 1246 3155 1287 suorum
3197 1227 3464 1283 rationem

1902 1321 2232 1377 reddendam
2266 1323 2593 1378 obstrictum
2623 1336 2765 1390 esse,
2784 1320 3090 1392 respondit.
3105 1318 3469 1375 Contentione

1900 1412 2029 1468 inde
2067 1414 2300 1469 maxime
2325 1415 2611 1486 gliscente,
2654 1423 2933 1486 postremo
2962 1411 3218 1468 Eleusius
3239 1409 3472 1486 Cyzice-

1901 1521 2025 1571 nus,
2084 1505 2369 1575 Siquidem
2403 1508 2655 1571 Basilius,
2699 1506 2915 1578 inquit,
2950 1514 3042 1560 aut
3068 1504 3298 1577 Aeacius
3328 1544 3342 1569 ,
3371 1509 3471 1555 aut

1903 1594 2133 1659 Marcus,
2163 1612 2258 1665 per
2310 1584 2369 1651 se
2399 1596 2604 1667 aliquid
2633 1606 2830 1668 agant,
2864 1595 2951 1651 vel
2989 1594 3093 1666 ipsi
3123 1600 3317 1649 mutuo
3348 1604 3471 1647 sese

1903 1685 1971 1741 de
1998 1687 2254 1756 quopiam
2277 1687 2664 1754 criminentur,
2698 1687 2839 1742 nihil
2868 1687 2919 1742 id
2952 1688 3017 1742 ad
3048 1685 3317 1758 synodum
3351 1697 3473 1755 per-

253 1774 496 1841 αιρεῖσθε,
551 1776 840 1842 ἀπέλθετε,
880 1780 970 1830 καὶ
1002 1779 1061 1831 ἐν
1082 1781 1147 1850 τῇ
1163 1780 1434 1850 ἐκκλησίᾳ
1465 1779 1801 1851 ἐρεσχελείτε

1909 1779 2095 1834 tineat.
2125 1776 2233 1833 Sed
2273 1794 2451 1849 neque
2481 1794 2604 1848 qua:
2632 1779 2735 1847 ipsi
2773 1778 2841 1833 de
2891 1777 2996 1833 ﬁde
3042 1779 3161 1833 sive
3192 1783 3342 1830 recte
3369 1788 3470 1829 seu

253 1862 546 1931 καθήμενοι.
590 1865 805 1936 Χρόνου
835 1866 891 1919 δὲ
917 1848 1266 1939 τριϐομένου,
1299 1848 1603 1923 ἐκαλοῦντο
1623 1869 1723 1938 μὲν
1748 1868 1798 1921 oi

1909 1885 2192 1941 perperam
2222 1848 2619 1940 perscripsere,
2646 1884 2869 1926 necesse
2893 1868 3162 1924 habemus
3192 1864 3472 1922 curiosius

252 1951 365 2018 περὶ
381 1952 630 2006 Ἀκάκιον
645 1971 659 1985 ·
685 1956 734 2007 oi
765 1954 821 2008 δὲ
849 1956 1051 2026 ρητοὺς
1068 1958 1149 2021 εις
1177 1958 1275 2031 τὴν
1297 1960 1490 2014 Δεωνᾶ
1509 1959 1689 2013 οἰκίαν
1708 1977 1800 2028 γε-

252 2040 415 2095 νέσθαι
437 2044 645 2113 ἠξίουν.
668 2049 1075 2118 Διισχυρίςοντο
1094 2051 1171 2117 δὲ,
1197 2053 1534 2123 πρόσταγμα
1555 2054 1620 2105 ἐκ
1641 2051 1799 2122 βασι-

250 2131 368 2196 λέως
391 2136 533 2206 ἔχειν
566 2140 776 2209 κρίνειν
808 2143 933 2204 τοὺς
969 2144 1185 2209 ἄλλους.
1229 2145 1297 2200 οι
1323 2146 1378 2200 δὲ
1424 2146 1551 2199 οὔτε
1582 2145 1680 2218 τὴν
1704 2145 1803 2211 αὖ·

248 2226 334 2294 τὴν
359 2231 538 2283 πίστιν
571 2233 859 2301 ὁμολογεῖν
906 2234 1209 2306 ἠνείχοντο,
1237 2236 1353 2289 ἀλλ’
1377 2237 1500 2290 οὐδὲ
1534 2240 1662 2307 περὶ
1690 2235 1802 2289 τῶν

251 2315 601 2388 ἐγκλημάτων
649 2324 1069 2394 ἀπολογεῖσθαι.
1123 2329 1437 2400 Κληθέντες
1488 2329 1546 2383 δὲ
1578 2329 1674 2383 καὶ
1723 2332 1803 2394 είς

248 2407 333 2477 τὴν
364 2413 501 2466 κατὰ
562 2415 837 2486 Κύριλλον
877 2420 970 2472 τὸν
1007 2420 1405 2493 Ἱεροσολύμων
1430 2423 1701 2488 ἐξέτασιν,
1739 2422 1803 2475 ὃν

251 2497 388 2552 αὐτοὶ
410 2501 687 2569 καθεῖλον,
708 2505 773 2558 οὐ
794 2508 1183 2578 παρεγίνοντο.
1212 2512 1440 2565 Ἐκεῖνοι
1464 2512 1519 2566 δὲ
1548 2511 1720 2574 ἀδεῶς
1742 2511 1800 2564 οὐ

250 2589 394 2658 μόνον
419 2593 574 2648 ταῦτ’
608 2594 903 2666 ἐπραττον,
930 2600 1070 2656 ἀλλὰ
1124 2605 1218 2656 καὶ
1265 2606 1523 2660 Ἀκάκιον
1553 2607 1647 2660 καί
1676 2605 1804 2667 τοὺς

251 2687 730 2755 προσπεφευγότας
774 2694 888 2755 τοῖς
926 2695 1056 2764 περὶ
1110 2695 1343 2761 ἐκεῖνον,
1371 2696 1466 2750 ἄιε
1515 2698 1580 2768 δὴ
1611 2699 1682 2750 τὰ
1712 2699 1804 2765 ἑγ-

252 2774 488 2845 κλήματα
533 2780 871 2849 δεδοικότας,
935 2787 1225 2842 καθεῖλον
1289 2789 1563 2861 Γεώργιόν
1613 2809 1671 2843 τε
1714 2791 1805 2843 τὸν

259 2867 683 2944 Ἀλεξανδρείας,
715 2879 813 2931 καὶ
840 2880 1106 2949 Οὐράνιον
1127 2881 1216 2936 τὸν
1244 2882 1448 2952 Τύρου,
1480 2883 1578 2936 καὶ
1600 2882 1808 2954 Πατρό-

250 2963 408 3030 φιλον,
443 2968 540 3021 καὶ⁵
573 2967 830 3036 Εὑδόξιον
855 2972 946 3026 τὸν
982 2973 1316 3044 Ἀντιοχείας
1341 2992 1357 3008 ο
1384 2976 1512 3039 τοὺς
1542 2976 1588 3029 δ’
1615 2977 1808 3035 ἀλλους

250 3053 640 3128 ἁκοινωνησίας
696 3062 889 3116 κανόνι
938 3066 1195 3136 ἐπέσχον,
1242 3067 1403 3137 ἄχρις
1453 3060 1516 3121 οὗ
1556 3068 1693 3135 πρὸς
1738 3068 1809 3120 τὰ

1907 1960 1975 2016 de
2010 1960 2092 2017 eis
2132 1961 2432 2031 inquirere.
2468 1960 2713 2031 Peropus
2765 1970 2950 2014 autem
2993 1973 3117 2031 esse
3149 1955 3360 2029 judico,
3418 1953 3475 2011 in

1908 2053 2250 2123 professione
2283 2054 2622 2109 Antiochena
2645 2069 2677 2109 a
2710 2053 3010 2123 nonaginta
3033 2064 3090 2108 et
3111 2058 3326 2120 septem
3366 2046 3472 2102 Pa-

1911 2148 2089 2205 tribus
2140 2148 2354 2217 prodita
2392 2148 2768 2219 acquiescere.
2809 2150 2866 2205 Si
2898 2149 3026 2221 quis
3071 2156 3256 2203 autem
3309 2142 3472 2201 aliam

1908 2230 2182 2309 subjicere
2201 2240 2336 2295 velit
2363 2240 2488 2296 ﬁdei
2514 2241 2826 2306 formulam,
2853 2255 2979 2296 eum
3010 2253 3228 2309 aequum
3260 2250 3384 2292 esse
3414 2243 3478 2293 ut

1908 2345 2099 2385 clunes
2123 2346 2153 2385 a
2185 2346 2309 2385 vera
2345 2331 2546 2401 pietate
2575 2341 2632 2388 et
2654 2332 2896 2387 Ecclesia
2928 2331 3170 2385 alienum
3192 2343 3316 2384 esse
3346 2341 3478 2382 cen-

1909 2434 2086 2478 seant.
2144 2424 2302 2479 llisce
2360 2424 2547 2479 verbis
2598 2431 2905 2479 conventus
2960 2435 3183 2477 rursum
3234 2420 3472 2475 solutus.

1910 2516 2140 2572 Postero
2168 2526 2351 2572 autem
2386 2518 2475 2572 die
2513 2516 2743 2572 Aeacius
2772 2525 2829 2570 et
2862 2512 3130 2584 Georgius
3146 2526 3269 2568 cum
3293 2519 3473 2567 secta-

1911 2607 2124 2663 toribus
2150 2609 2267 2663 suis
2298 2608 2351 2661 in
2383 2617 2712 2663 conventum
2742 2607 2930 2662 venire
2959 2605 3274 2659 noluerunt.
3294 2602 3473 2669 Atque

1911 2699 2028 2769 ipse
2050 2699 2283 2761 Leonas,
2313 2710 2539 2756 vocatus
2564 2713 2804 2769 quoque,
2828 2711 2888 2752 se
2904 2705 3198 2752 venturum
3229 2691 3472 2764 negavit.

1910 2791 2110 2863 Aperte
2143 2807 2376 2861 namque
2409 2806 2533 2846 cum
2568 2792 2679 2846 illis
2708 2789 3020 2853 sentiebat,
3056 2787 3201 2842 illam
3259 2800 3368 2850 prie
3415 2797 3478 2841 se

1912 2885 2099 2940 ferens
2124 2900 2367 2946 causam.
2405 2883 2475 2939 ab
2526 2883 2860 2953 imperatore
2903 2896 2963 2938 se
3004 2880 3072 2935 ad
3115 2877 3307 2949 synodi
3341 2891 3479 2935 cou-

1913 2979 2156 3032 cordiam
2188 2975 2582 3031 conciliandam
2600 2974 2825 3028 missum
2854 2988 2997 3028 esse.
3022 2968 3476 3039 Quandoquidem

1914 3083 2046 3124 vero
2076 3069 2151 3123 ita
2184 3068 2334 3123 nullo
2370 3078 2588 3123 servato
2619 3068 2816 3122 ordine
2852 3066 2997 3121 inter
3033 3079 3093 3121 se
3119 3063 3479 3124 dissiderent,

247 3147 539 3218 ἐπαχθέντα
576 3153 904 3225 ἐγκλήματα
945 3156 1088 3211 δοῖεν
1124 3159 1429 3227 ἀπόλογον,
1468 3160 1661 3213 καὶτὰ
1714 3158 1805 3213 ἐπ’

1915 3176 2023 3215 non
2069 3160 2228 3215 facile
2274 3159 2326 3214 ei
2354 3174 2475 3215 esse
2527 3158 2596 3214 ad
2646 3174 2743 3215 eos
2778 3159 3069 3231 accedere.
3103 3157 3161 3212 Si
3203 3169 3334 3212 vero
3373 3155 3483 3225 ipsi

251 3243 419 3308 αὐτοῖς
447 3247 730 3317 γενόμενα
762 3252 829 3320 τῇ
856 3250 1088 3304 ἑκάστου
1119 3252 1383 3324 παροικίᾳ
1413 3252 1810 3323 διεμηνύσαντο

246 3338 592 3408 γράμμασιν.
628 3340 775 3395 Ἀντὶ
825 3342 928 3413 μὲν
979 3343 1074 3397 οὖν
1139 3346 1393 3409 [caseatae
1433 3346 1680 3401 ’Δνιανὺν
1741 3352 1811 3422 τῇ

257 3432 577 3505 Ἀντιοχέων
607 3437 1000 3512 ,χειροτονοῦσι
1036 3480 1051 3503 ,
1103 3441 1203 3509 τῆς
1266 3443 1450 3494 ἐκεῖσε
1510 3442 1814 3513 ἐκκλησίας

245 3531 638 3602 πρεσϐύτερον,
668 3530 729 3584 ὃν
757 3531 956 3587 αὐτίκα
983 3533 1033 3585 oi
1081 3536 1212 3604 περὶ
1256 3534 1509 3589 Ἀκάκιον
1530 3537 1811 3591 ’συλλαεό-

248 3642 390 3693 μενοι
411 3627 615 3697 Λεωνᾷ
663 3628 756 3679 καὶ
798 3627 1087 3698 Λαυρικίῳ
1135 3628 1470 3699 παρέδοσαν,
1499 3628 1549 3681 οἳ
1594 3629 1814 3701 φρουρᾷ

187 3776 190 3780 ,
245 3718 303 3772 ἐκ
331 3720 691 3789 στρατιωτῶν
711 3718 1088 3791 περιώρισανο
1119 3722 1174 3785 ἐς
1208 3720 1442 3792 ὕστερον
1475 3721 1533 3774 δὲ
1586 3723 1677 3774 καὶ
1708 3739 1812 3791 φυ-

248 3811 342 3883 γὴν
372 3815 672 3885 ὑπερόριον
705 3814 872 3867 αὑτοῦ
903 3814 1296 3869 κατεδίκασαν.
1332 3814 1412 3868 Τὰ
1450 3815 1551 3885 μὲν
1582 3809 1679 3868 οὖν
1711 3814 1814 3885 τῆς

246 3903 303 3956 ἐν
355 3901 661 3973 Σελευκείᾳ
718 3901 940 3955 συνόδου
995 3901 1346 3973 πραχθέντα,
1401 3902 1477 3966 ὡς
1515 3904 1573 3956 ἐν
1624 3904 1815 3956 συντό-

251 4012 328 4064 μῳ
374 3997 572 4061 εἰπεῖν,
606 3998 688 4058 si;
726 3998 881 4049 τοῦτο
937 3994 1097 4065 ἔληγε
1141 3995 1325 4059 τέλους
1351 4013 1365 4026 ο
1397 3991 1480 4060 οἷς
1524 3997 1572 4051 δ’
1615 4000 1814 4066 ἐπιμε-

249 4090 329 4153 λὲς
380 4092 474 4144 καὶ
517 4098 588 4143 τὰ
638 4088 775 4159 πρὸς
808 4088 1005 4141 λεπτὸν
1033 4087 1141 4140 τῶν
1187 4089 1539 4159 πραχθέντων
1591 4089 1812 4153 ειδέναι,

251 4186 310 4237 ἐκ
348 4184 456 4237 τῶν
510 4185 731 4251 ἐκείνης
778 4181 1188 4251 ὑπομνημάτων
1227 4183 1499 4245 εῐσονται,
1552 4180 1590 4235 ἃ
1636 4171 1817 4252 ’ταχυ-

251 4278 442 4348 γράφοι
484 4277 611 4329 τότε
661 4274 924 4344 παρόντες
951 4272 1289 4341 ἠκρίϐωσαν.
1316 4272 1534 4325 Τούτων
1558 4272 1700 4326 οὕτω
1725 4290 1818 4342 γε-

250 4370 579 4440 γενημένων,
604 4369 654 4420 oi
685 4367 817 4437 περὶ
831 4366 1086 4420 Ἀκάκιον
1103 4366 1302 4437 σπουδῇ
1322 4367 1415 4419 ἐπὶ
1436 4366 1529 4419 τὸν
1554 4366 1818 4436 κρατοῦν-

1915 3254 2141 3320 vellent,
2168 3255 2405 3318 abirent,
2431 3265 2597 3325 atque
2650 3254 2711 3312 in
2739 3253 2973 3311 ecclesia
2998 3252 3268 3308 sedentes
3306 3264 3480 3320 nugas

1913 3354 2157 3415 agerent.
2215 3345 2293 3401 ita
2349 3354 2566 3414 tempus
2609 3345 3026 3401 extraltebatur.
3061 3343 3126 3397 Et
3184 3342 3482 3398 vocabatur

1913 3437 2134 3507 quidem
2164 3452 2290 3492 cum
2317 3438 2433 3493 suis
2468 3437 2524 3491 in
2547 3441 2874 3491 conventum
2907 3436 3162 3491 Aeacius.
3195 3435 3275 3488 illi
3300 3442 3483 3489 autem

1912 3536 2096 3582 certos
2117 3528 2405 3598 episcopos
2432 3529 2488 3582 in
2523 3527 2721 3585 Leonte
2749 3529 2972 3583 domum
2998 3566 3013 3593 ,
3044 3527 3136 3582 ubi
3168 3527 3487 3594 frequentes

1916 3620 2021 3690 ipsi
2053 3635 2178 3676 esse
2208 3620 2479 3684 solebant,
2502 3621 2693 3675 venire
2722 3619 3232 3683 voluerunt:atque
3261 3618 3485 3686 insuper

1915 3723 2324 3775 asseverarunt,
2358 3710 2673 3766 mandatum
2702 3724 2761 3766 se
2789 3708 2859 3764 ab
2893 3709 3224 3780 imperatore
3255 3707 3488 3769 habere,

1916 3815 1976 3860 ut
2004 3805 2141 3860 alios
2173 3804 2504 3875 iudicarent.
2557 3802 2665 3859 Sed
2713 3817 2888 3874 neque
2918 3801 3166 3858 eamdem
3205 3816 3331 3857 cum
3361 3800 3489 3855 aliis

1916 3898 2079 3953 fidem
2109 3897 2374 3968 profiteri,
2412 3911 2590 3966 neque
2638 3896 2706 3950 ad
2740 3898 2953 3969 objecta
2979 3896 3213 3950 crimina
3249 3910 3488 3964 respon-

1917 3990 2069 4055 dere,
2110 3990 2443 4065 sustinuere.
2476 3987 2618 4054 Quin
2651 3989 2817 4042 etiam
2856 3987 2923 4042 ad
2966 3986 3154 4058 Cyrilli
3189 3987 3264 4058 (l)
3292 3987 3486 4042 Hiero-

1918 4081 2223 4151 solymitani
2270 4095 2492 4135 causam
2537 4078 2865 4135 audiendam
2912 4077 3147 4143 invitati,
3182 4093 3343 4148 quem
3378 4078 3485 4147 ipsi

1919 4175 2238 4244 episcopatu
2293 4171 2446 4226 abire
2502 4171 2812 4242 iusserant,
2865 4186 2976 4227 non
3022 4170 3251 4226 aﬂuere.
3296 4167 3485 4239 Neque

1916 4266 2066 4319 enim
2097 4264 2190 4333 qui
2220 4278 2314 4318 eos
2342 4271 2603 4334 cogeret,
2633 4263 2824 4319 aderat
2861 4264 3178 4335 quisquam.
3223 4262 3294 4321 At
3327 4264 3488 4318 alteri

1920 4357 1999 4413 illi
2048 4373 2155 4411 non
2210 4356 2367 4409 modo
2397 4355 2729 4410 liberebaee
2771 4365 3027 4427 egerunt,
3072 4355 3168 4413 sed
3222 4356 3485 4411 Acacium

251 4429 312 4517 τα
347 4429 673 4535 α’νέρχονται
696 4478 714 4494 ο
754 4429 806 4515 di
842 4460 901 4513 δέ
957 4459 1106 4514 ἄλλοι
1143 4429 1372 4522 litasse;
1401 4460 1494 4513 ἐπὶ
1525 4429 1606 4514 τὰ·
1642 4460 1805 4512 οἰκεῖα

1920 4450 2108 4515 etiam,
2138 4457 2196 4502 et
2224 4429 2537 4517 quicunque
2562 4446 2629 4503 ad
2672 4461 2798 4505 eum
2826 4448 3200 4518 confugissent
3226 4487 3242 4512 ,
3284 4450 3487 4519 quippe

250 4557 347 4628 ἤδη
370 4530 640 4629 ἐχώρουν.

1931 4540 2024 4611 qui
2053 4541 2317 4594 intentata
2343 4538 2424 4593 eis
2449 4538 2680 4593 crimina
2696 4538 2910 4595 diluere
2938 4540 3268 4605 timuissent,
3301 4541 3488 4611 digni-

252 4658 352 4706 tate
372 4652 720 4721 privarunt:
790 4644 1085 4717 Georgium
1132 4646 1342 4702 scilicet
1391 4644 1848 4709 Alexandrinum,
1888 4640 2152 4699 Uranium
2208 4636 2456 4707 Tyrium,
2509 4632 2888 4706 Patropliilum
2953 4632 3487 4706 Scytbopolitanum,

251 4753 299 4797 et
328 4746 637 4801 Eudoxinm
682 4746 1133 4802 Antiochenam:
1190 4746 1327 4800 alios
1385 4753 1569 4797 autem
1623 4735 2209 4798 excommunicationis
2280 4735 2479 4790 canoni
2545 4733 2862 4803 subiecere,
2898 4730 3075 4789 donec
3138 4732 3208 4787 de
3246 4731 3490 4787 criminis

254 4839 352 4895 bus
376 4843 458 4897 eis
488 4843 725 4914 objectis
759 4859 857 4913 per
883 4858 1061 4898 causze
1093 4841 1391 4895 dictionem
1420 4838 1818 4896 satisfacerent.
1863 4835 2025 4907 79o
2089 4834 2266 4902 Atque
2326 4832 2382 4886 id
2414 4829 2560 4901 quod
2589 4828 2657 4885 de
2694 4830 2775 4885 eis
2800 4836 2984 4883 actum
3012 4836 3159 4884 esset
3180 4870 3194 4891 ,
3235 4828 3487 4896 parcecia:

254 4936 469 4990 cuilibet
490 4937 883 5006 perscripsere.
932 4934 1000 4988 Et
1048 4935 1102 4989 in
1146 4931 1375 4986 Eudoxii
1442 4934 1622 4986 locum
1690 4930 1805 4985 Anti

1910 4929 1996 4981 tiae
2053 4925 2325 4980 Auianum
2370 4936 2753 4992 sorrogavero,
2816 4919 3078 4976 Ecclesia:
3133 4919 3488 4977 Antiochense

256 5028 631 5100 presbyterum
661 5043 859 5100 :quein
888 5027 1172 5083 confestim
1194 5027 1421 5081 Aeacius
1440 5023 1923 5092 comprehensum,
1949 5020 2145 5073 Leon-aa
2170 5026 2226 5072 et
2258 5014 2513 5070 Lauricio
2531 5013 2776 5081 tradidit,
2801 5014 2893 5083 qni
2924 5014 3026 5068 sub
3050 5013 3272 5069 militari
3302 5022 3488 5070 custo-

256 5120 339 5172 dia
364 5138 490 5174 eum
525 5132 782 5187 tenuere,
809 5132 860 5176 et
896 5132 1081 5191 postea
1129 5117 1324 5173 exsilio
1358 5117 1818 5172 coridcnmavere.
1858 5114 1924 5168 Et
1980 5127 2067 5167 res
2100 5110 2323 5179 quidem
2349 5108 2612 5163 Seleuciae
2640 5107 2696 5162 in
2742 5108 2951 5177 synodo
2983 5118 3138 5173 actin,
3170 5107 3331 5162 sicuti
3393 5123 3486 5161 eas

258 5216 641 5284 compendiose
661 5229 939 5285 exponere
968 5213 1145 5284 potui,
1178 5211 1328 5265 hunc
1365 5209 1610 5263 habuere
1669 5210 1851 5263 tinem.
1892 5204 1995 5270 Qui
2055 5217 2186 5257 vero
2229 5213 2484 5257 accurate
2545 5202 2728 5256 omnia
2779 5215 3110 5271 cognoscere
3167 5200 3356 5264 velint,
3418 5214 3485 5253 ex

258 5310 370 5379 ejus
398 5310 537 5365 actis
564 5324 626 5365 ea
653 5319 1005 5381 petant,qu:e
1035 5307 1289 5374 dispositi
1350 5305 1546 5361 notarii
1607 5302 1884 5373 diligentia
1926 5314 2137 5355 summa
2161 5296 2465 5353 confeccre.
2503 5297 2687 5353 Rebus
2720 5296 2796 5349 ita
2832 5296 3014 5367 gestis,
3032 5293 3216 5348 Acacii
3245 5292 3486 5347 fautores

257 5402 510 5458 celeriter
564 5404 629 5459 ad
665 5407 1048 5474 imperatorem
1072 5410 1203 5456 sunt
1246 5398 1495 5472 profecti.
1525 5398 1628 5453 Alii
1678 5412 1811 5451 vero
1849 5396 2077 5451 domum
2107 5394 2338 5463 quisque
2386 5408 2539 5447 suam
2575 5399 2924 5463 receperunt.

296 5583 401 5661 _(l)
428 5582 665 5654 Cyrilius
705 5600 734 5639 a
781 5582 987 5654 synodo
1019 5579 1085 5659 ad
1130 5580 1519 5661 imperatorem
1552 5595 1813 5661 provoca-

1924 5579 2027 5635 hoe
2074 5590 2263 5634 contra
2309 5573 2679 5633 Ecclesiastici
2726 5571 2956 5628 canonis
3009 5568 3491 5625 consuetudinem.

261 5650 353 5718 vit,
382 5666 434 5708 et
468 5650 768 5723 {inperator
798 5650 1239 5723 provocatimtctn
1269 5652 1611 5722 approbant.
1647 5650 1870 5705 Factum
2396 5662 2408 5675 ‘

3123 5640 3389 5711 (Sacram)

1862 5819 1933 5833 β
