3970 6190
391 261 498 325 399

1613 261 2034 322 NICEPIIORI
2075 261 2412 323 CALLISTI

3527 266 3639 332 400

393 371 713 437 resurrexit,
751 379 808 428 et
839 380 1092 443 receptus
1125 380 1210 426 est
1255 371 1310 426 in
1342 370 1510 427 cmlos
1535 412 1548 434 ,
1585 380 1647 426 ut
1679 371 1868 426 sedeat
1908 371 1943 425 it

2072 373 2254 425 πίστιν
2290 371 2419 426 ἄλλο
2453 389 2505 424 τι
2559 369 2942 443 κηρύσσοντας
2985 373 3303 443 ἀλλοτρίους
3349 373 3490 431 εἶναι
3536 380 3644 448 τῆς

393 467 587 523 dextra
618 467 822 529 Patris,
848 474 1114 534 venturus
1148 481 1369 520 rursum
1399 464 1452 520 in
1485 465 1657 534 gloria
1700 465 1768 520 ad
1803 465 1955 534 judi-

389 558 626 614 candum
663 559 814 612 vivos
843 566 898 612 et
945 566 1208 610 mortuos.
1244 556 1534 611 Credimus
1577 565 1758 612 autem
1810 567 1866 613 et
1899 558 1954 611 in

391 649 652 721 Spiritum
689 656 963 711 sanctum,
1024 661 1184 716 qnetu
1233 646 1574 701 Paracletum
1629 648 1954 712 nominavit,

389 753 444 798 et
508 742 804 795 missurum
859 752 916 792 se
969 747 1090 808 post
1148 755 1310 793 suum
1343 739 1646 794 discessum
1692 739 1956 808 apostolis

389 835 662 908 promisit,
696 832 858 888 sicuti
908 841 964 886 et
1001 831 1424 887 misitSalvator
1446 842 1503 887 et
1547 832 1814 887 Dominus
1858 846 1957 886 no-

387 941 502 984 ster
541 945 555 980 :
585 943 683 997 per
717 938 878 994 quem
909 933 964 979 et
993 925 1298 980 sanctificat
1348 925 1402 978 in
1439 924 1679 978 Ecclesia
1715 924 1952 978 creden-

390 1029 508 1079 tes,
557 1027 613 1073 et
674 1016 981 1086 baptizatos
1014 1015 1068 1068 in
1105 1016 1330 1069 nomine
1373 1014 1554 1068 Patris
1601 1022 1656 1068 et
1712 1014 1832 1068 Filii
1898 1021 1954 1068 et

388 1113 633 1182 Spiritus
655 1110 852 1165 sancti.
891 1109 994 1176 Qui
1029 1125 1160 1162 vero
1196 1118 1395 1177 pt'a‘ter
1438 1107 1579 1161 hanc
1611 1105 1772 1160 fidem
1800 1106 1951 1160 aliud

385 1205 687 1275 quidquam
748 1201 1068 1272 praedicant,
1116 1214 1210 1255 eos
1259 1198 1328 1252 ab
1377 1198 1622 1253 Ecclesia
1683 1197 1952 1252 catholica

384 1313 505 1351 esse
536 1298 801 1352 alienos.»
828 1296 967 1347 llaec
1000 1300 1084 1347 est
1121 1291 1302 1346 Acacii
1347 1289 1602 1345 formula.
1643 1288 1742 1346 Cui
1786 1289 1951 1344 etiam

385 1386 643 1443 factionis
686 1385 806 1454 ejus
853 1384 1096 1438 fautores
1153 1381 1376 1452 triginta
1417 1380 1526 1435 duo
1578 1381 1651 1436 illi
1704 1380 1953 1435 subscriv

383 1493 562 1547 psere.
587 1475 667 1530 Ad
701 1492 863 1545 quam
892 1474 1236 1543 Sophronias
1277 1473 1556 1542 Paphlago
1586 1472 1952 1542 Pompeiopo-

382 1569 588 1624 litanus
620 1567 914 1637 episc0pus
938 1574 1128 1634 aperte
1157 1565 1271 1618 haec
1297 1562 1464 1618 verba
1493 1563 1696 1617 dixisse
1723 1561 1903 1616 fertur
1934 1576 1948 1613 :

381 1661 436 1715 Si
472 1659 719 1730 quotidie
760 1659 1100 1713 voluntatem
1141 1671 1296 1710 suam
1336 1669 1615 1733 equnere
1643 1695 1658 1719 ,
1695 1653 1814 1707 fidei
1843 1652 1955 1707 for-

379 1755 584 1810 mulam
633 1753 803 1808 edere
860 1759 970 1813 est,
1027 1748 1292 1804 destituet
1325 1761 1426 1800 nos
1471 1745 1723 1800 veritatis
1771 1745 1949 1814 ipsius

381 1840 1054 1912 certitudo.Sophronius
1076 1838 1300 1909 quidem
1357 1837 1460 1892 hoc
1510 1833 1626 1890 tum
1685 1837 1766 1892 sic
1811 1850 1949 1891 voce

383 1952 575 2006 magna
603 1935 779 1993 dixit:
814 1934 981 2004 788
1020 1946 1120 2002 ego
1151 1947 1277 1985 vero
1307 1927 1613 1984 censuerim
1640 1969 1655 1995 ,
1697 1927 1738 1980 si
1775 1935 1830 1981 et
1855 1929 1947 1997 qui

381 2039 508 2084 ante
546 2044 644 2084 eos
698 2027 872 2091 fuere,
903 2036 959 2081 et
989 2025 1082 2094 qui
1113 2038 1209 2078 eos
1248 2030 1375 2077 sunt
1427 2020 1624 2082 secuti,
1656 2020 1848 2076 itidem
1881 2019 1948 2073 de

379 2123 598 2178 Niczena
630 2118 756 2174 fidei
784 2117 1123 2188 professione
1142 2113 1469 2184 cogitassent
1497 2121 1658 2181 atque
1687 2110 1945 2181 egissent,

379 2217 656 2272 sincerum
705 2211 960 2267 Ecclesia:
1000 2209 1192 2278 dogma
1231 2214 1678 2266 conservaturos,
1717 2212 1774 2258 et
1808 2203 1948 2256 deli-

379 2313 630 2360 ramenta
669 2302 852 2356 omnia
889 2300 1044 2368 longe
1076 2312 1105 2351 a
1149 2297 1319 2351 sacris
1354 2295 1613 2350 Ecclesiae
1651 2295 1819 2365 septis
1852 2293 1948 2348 ab-

377 2399 563 2451 futura
599 2393 795 2448 fuisse.
828 2390 905 2444 Ae
958 2400 1072 2442 tum
1124 2386 1348 2457 quidem
1381 2401 1504 2442 cum
1539 2386 1698 2439 alteri
1742 2385 1947 2440 alteros

376 2491 722 2547 accusantes,
761 2480 994 2550 plurima
1023 2488 1074 2533 et
1110 2477 1380 2532 dixissent
1403 2485 1458 2532 et
1489 2477 1792 2541 audissent,
1816 2492 1947 2531 con-

374 2591 563 2634 cessus
587 2584 673 2628 est
701 2573 933 2629 solutus.
963 2570 1172 2636 Quarto
1207 2584 1500 2639 congressu
1531 2569 1696 2622 multa
1717 2567 1946 2622 futiliter

379 2669 564 2741 nugati
601 2677 752 2723 sunt.
805 2665 867 2719 Et
897 2663 1132 2718 Aeacius
1177 2662 1315 2716 nihil
1359 2661 1602 2722 obstare,
1647 2663 1778 2730 quin
1842 2661 1945 2715 alia

381 2763 514 2816 fides
537 2760 818 2822 ederetur,
853 2754 1223 2810 contendebat
1251 2794 1266 2817 ,
1300 2753 1741 2822 quandoquidem
1774 2752 1941 2807 semel

375 2854 594 2910 Nietena
632 2849 866 2905 formula
915 2857 1123 2902 mutata
1192 2854 1378 2908 esset;
1429 2861 1538 2899 non
1583 2845 1774 2912 semel,
1835 2846 1945 2900 imo

377 2960 568 3000 verum
599 2942 819 3012 sa‘pius.
855 2941 934 2996 Ad
969 2955 1090 3010 qum
1141 2937 1396 2992 Eleusius
1428 2936 1731 3008 Cyzicenus
1761 2954 1774 2990 :
1820 2937 1944 2992 Haec

379 3035 641 3107 synodus,
674 3031 837 3094 dixit,
891 3037 1076 3085 coacta
1125 3035 1229 3092 est,
1282 3042 1390 3082 non
1447 3036 1506 3080 nt
1541 3026 1784 3081 addiscat
1823 3042 1944 3096 qua:

381 3127 535 3198 prius
565 3141 676 3182 non
705 3122 986 3186 didicerit,
1010 3135 1188 3190 neque
1214 3127 1272 3173 ιιι
1302 3118 1669 3189 probatiorem
1703 3119 1944 3174 inveniat

384 3217 572 3282 fidem,
605 3232 766 3286 quam
816 3229 878 3269 ea
901 3222 986 3268 est
1017 3227 1138 3282 quae
1167 3227 1195 3264 a
1233 3211 1499 3267 Patribus
1524 3211 1830 3266 Antiochia:
1860 3219 1944 3266 est

379 3309 742 3381 promulgata.
801 3306 936 3360 Nam
984 3305 1037 3358 in
1090 3303 1210 3373 ejus
1261 3301 1674 3356 definitionibus
1715 3315 1941 3355 assensu

375 3400 798 3472 conquiescens,
822 3396 1073 3467 quamvis
1105 3394 1251 3448 aliud
1287 3393 1585 3463 quidquam
1617 3393 1684 3447 ab
1716 3408 1778 3447 ea
1810 3393 1943 3448 eda-

375 3504 487 3558 tur.
528 3510 636 3548 non
676 3502 858 3547 tamen
909 3484 1150 3559 unquam
1189 3488 1346 3543 illam
1383 3487 1677 3556 relinquet.
1710 3485 1808 3541 Cui
1842 3502 1944 3558 ego

375 3588 607 3645 obvians
657 3585 888 3640 dixerim
923 3601 936 3636 :
967 3582 1251 3650 Quomodo
1297 3581 1540 3642 tandem,
1583 3579 1766 3635 Eleusi
1823 3595 1944 3652 pes-

372 3679 532 3739 sime,
561 3677 654 3746 qui
705 3674 1009 3729 Antiochiae
1056 3671 1370 3743 congregati
1419 3671 1595 3734 fuere,
1625 3669 1813 3726 Patres
1851 3688 1943 3727 v0-

375 3769 498 3826 cas?
517 3767 687 3822 Multo
717 3766 865 3822 enim
897 3765 1070 3836 magis
1093 3766 1286 3818 Patres
1307 3770 1358 3816 te
1393 3762 1679 3817 nominare
1701 3777 1796 3818 eos
1813 3778 1943 3818 con-

370 3859 645 3924 veniebat,
699 3858 792 3928 qui
845 3857 1039 3912 Nicaeae
1090 3855 1484 3912 convenientes
1514 3893 1530 3918 ,
1569 3871 1674 3908 una
1706 3869 1841 3910 voce
1877 3855 1938 3908 τὸ

370 3950 677 4022 ὁμοιούσιον,
694 3948 1164 4016 consubstantiale,
1187 3948 1631 4018 promulgarunt:
1649 3963 1772 4003 cum
1793 3949 1940 4019 quod

374 4053 619 4113 tempore
648 4051 776 4096 sunt
811 4041 1161 4106 vetustiores,
1191 4048 1304 4092 tum
1334 4039 1480 4109 quod
1512 4041 1604 4110 qui
1634 4038 1940 4096 Antiochia:

371 4136 548 4191 coacti
579 4143 728 4194 sunt.
750 4134 818 4188 ab
845 4133 954 4187 illis
983 4147 1262 4187 sacrorum
1289 4147 1579 4187 munerum
1602 4131 1940 4188 iunctionem

372 4235 727 4294 acceperunt.
757 4223 914 4287 Quod
934 4224 979 4277 si
1021 4223 1108 4277 isti
1156 4233 1342 4293 patres
1387 4239 1520 4279 suos
1546 4225 1938 4295 reprobartmt.

370 4313 678 4384 parricidas
704 4315 889 4383 potius
910 4329 1074 4382 quam
1125 4311 1315 4369 Patres
1352 4329 1448 4369 eos
1478 4314 1650 4370 dicas.
1677 4315 1810 4382 Quis
1838 4317 1941 4371 ita-

2063 465 2361 534 καθολικῆς
2404 463 2752 534 Ἑκκλησίας.
2814 486 2832 520 ι
2867 467 2932 522 Ἥ
2971 469 3071 539 μὲν
3115 465 3210 522 οὖν
3247 469 3514 523 ’Δκακίου
3549 471 3645 523 ἐκ·

2060 557 2204 620 δοσις
2232 557 2368 628 αὕτη
2394 572 2408 586 ·
2433 557 2499 626 ἣν
2533 557 2631 611 σὺν
2661 559 2812 630 αὐτῷ
2841 561 2934 613 καὶ
2959 561 3008 614 οι
3039 560 3170 631 περὶ
3201 562 3364 615 αὐτὸν
3386 560 3482 615 δύο
3502 562 3642 630 πρὸς

2059 650 2172 708 τοῖς
2210 646 2509 714 τριάκοντα
2545 649 3020 719 καθυπέγραψανο
3053 651 3190 719 πρὸς
3223 653 3290 722 ἧν
3325 652 3638 720 Σωφρόνιος

2059 741 2086 791 ὁ
2121 737 2428 806 Παφλαγὼν
2458 740 2554 807 τὴν
2582 739 2870 810 Πομπηΐου
2899 743 3301 813 ἐπιτροπεύων,
3325 743 3636 813 διαρρήδην

2059 832 2245 892 αὐταῖς
2291 830 2500 894 λέξεσιν
2545 830 2717 893 οὕτως
2771 834 2950 886 εἰπεῖν
2997 834 3257 902 λέγεται’
3289 834 3352 887 Et
3397 836 3456 886 τὸ
3497 835 3637 888 ἰδίαν

2059 921 2295 984 ἑκάστης
2325 922 2538 990 ἡμέρας
2569 921 2885 975 ἐκτίθεσθαι
2915 923 3173 992 βούλησιν
3213 922 3450 985 πίστεώς
3485 926 3636 976 ἐστιν

2058 1013 2294 1077 ἔκθεσις,
2328 1015 2597 1082 ἐπιλείψει
2625 1016 2773 1084 ἡμᾶς
2816 1016 2850 1083 ἡ
2883 1017 2982 1082 τῆς
3029 1015 3292 1080 ἀληθείας
3345 1016 3631 1086 ἀκρίεεια.
3715 1068 3724 1074 _

2069 1101 2128 1156 Ὀ
2166 1103 2263 1170 μὲν
2307 1102 2400 1155 οῦν
2457 1102 2768 1171 Παφλαγὼν
2803 1102 3110 1171 Σωφρόνιος
3157 1102 3330 1155 ταῦτα
3369 1105 3632 1171 τηνικάδε

2056 1195 2320 1264 ἐϐόησενο
2346 1193 2457 1263 ἐγὼ
2502 1195 2557 1246 εέ
2611 1211 2754 1263 φημι
2785 1195 2860 1255 ὼς
2884 1194 2938 1244 εί
2959 1210 3023 1264 γε
3039 1195 3086 1245 oi
3121 1193 3225 1262 πρὸ
3248 1193 3429 1253 αὐτῶν
3459 1195 3554 1248 καὶ
3582 1194 3634 1246 οἱ

2059 1285 2178 1353 μετ’
2216 1283 2463 1346 ἐκείνους
2516 1285 2692 1338 τοιάδε
2747 1285 2878 1354 περὶ
2923 1287 3022 1355 τῆς
3060 1287 3119 1337 ἐν
3150 1285 3356 1355 Νικαία
3388 1287 3632 1348 πίστεως

2057 1378 2150 1429 καὶ
2177 1376 2476 1428 διενοοῦντο
2521 1378 2614 1429 καὶ
2655 1377 2945 1446 ἔπραττον,
2989 1377 3279 1443 ἀκίϐδηλον
3331 1378 3396 1429 ἂν
3437 1379 3496 1429 τὶ»
3528 1379 3631 1444 τῆς

2067 1466 2392 1534 Ἑκκλησίας
2446 1468 2626 1535 δόγμα
2659 1468 3040 1540 διατετήρητο,
3081 1469 3175 1522 καὶ
3212 1471 3367 1522 πᾶσα
3399 1472 3633 1538 ἐρεσχε-

2055 1559 2146 1614 λία
2177 1555 2244 1628 ἦν
2280 1559 2345 1612 ἂν
2381 1560 2487 1612 τῶν
2528 1559 2688 1613 Θείων
2724 1561 3030 1632 περιϐόλων
3083 1562 3326 1631 μακράν.
3362 1561 3472 1613 Καὶ
3503 1563 3630 1614 τότε

2059 1637 2161 1724 μὲν
2209 1652 2300 1704 τὸν
2337 1650 2596 1719 σύλλογον
2651 1653 2824 1716 ἔλυον,
2886 1652 3112 1706 πλεῖστα
3166 1653 3302 1719 πρὸς
3359 1651 3630 1722 ἀλλήλους

2055 1743 2183 1812 περῖ
2216 1743 2322 1799 τῶν
2345 1745 2842 1814 κατηγορουμένων
2872 1745 3117 1808 εἰπόντες
3151 1763 3207 1798 τε
3241 1747 3337 1799 καὶ
3359 1745 3630 1798 ἀκούσαν-

2053 1849 2170 1895 τες*
2196 1836 2261 1903 τῇ
2297 1833 2352 1886 δὲ
2381 1835 2616 1905 τετάρτῃ
2669 1835 2984 1888 συνελεύσει
3038 1836 3207 1905 πολλὴ
3242 1836 3530 1905 ἀδολεσχία
3571 1837 3631 1889 ὐ-

2055 1927 2296 1994 φαίνετο.
2330 1927 2392 1980 Ὀ
2431 1927 2476 1979 δ’
2514 1927 2774 1990 ’Ᾱκάκιος
2831 1929 3140 1998 ἰσχυρίζετο
3182 1930 3348 1998 μηδὲν
3385 1927 3528 1983 εἶναι
3562 1932 3628 1984 τὸ

2051 2018 2304 2088 ἐμποδὼν
2344 2018 2540 2090 ἐτὲραν
2593 2019 2774 2073 πίστιν
2811 2022 3077 2088 εἰσάγειν,
3123 2023 3243 2073 ἐπεὶ
3294 2022 3556 2088 καθάπαξ
3589 2027 3623 2092 ἠ

2052 2111 2107 2163 ὲν
2135 2110 2336 2182 Νικαίᾳ
2386 2112 2570 2174 πίστις
2614 2114 2980 2182 μετεποιήθηο
3019 2116 3112 2167 καὶ
3138 2115 3234 2186 οὐχ
3269 2117 3435 2184 ἅπαξ,
3484 2118 3627 2172 ἀλλὰ

2049 2202 2114 2272 δὴ
2148 2203 2241 2255 καὶ
2274 2202 2557 2266 πολλάκις.
2597 2204 2738 2274 Πρὸς
2769 2206 2823 2257 δὲ
2863 2207 3037 2261 ταῦτα
3073 2209 3346 2272 Ἑλεύσιος
3381 2210 3408 2262 6
3453 2212 3627 2275 Κυζί-

2049 2311 2170 2357 κου,
2210 2293 2277 2346 Ἠ
2324 2293 2440 2359 νῦν,
2479 2295 2638 2364 φησὶ,
2673 2295 2888 2361 σύνοδος
2942 2299 3231 2370 ἠθροίσθη,
3264 2301 3360 2372 οὐχ
3391 2301 3477 2354 ἵνα
3505 2303 3625 2374 γνῷ

2047 2385 2083 2438 ἃ
2110 2385 2182 2456 μὴ
2205 2383 2330 2454 ἔσχε
2367 2385 2614 2454 μαθοῦσα
2646 2389 2932 2457 πρότερον,
2971 2391 3081 2444 οὐδ’
3118 2391 3204 2444 ἵνα
3231 2393 3621 2466 δοκιμωτέραν

2051 2478 2234 2530 πίστιν
2289 2477 2513 2549 ἐξεύρῃ,
2555 2479 2688 2549 παρ’
2718 2483 2782 2550 ἢν
2839 2482 2896 2532 ἐν
2940 2483 3244 2556 Ἀντιοχείᾳ
3306 2490 3461 2555 παρὰ
3507 2488 3626 2541 τῶν

2051 2568 2309 2639 Πατέρων
2345 2569 2560 2639 εἰλήφει
2580 2587 2595 2603 ο
2617 2573 2728 2634 τοῖς
2756 2575 2864 2643 γὰρ
2882 2575 3104 2628 ἐκείνων
3132 2577 3279 2648 ὅροις
3300 2578 3622 2648 στοιχοῦσα,

2047 2659 2148 2711 οὐκ
2187 2659 2273 2726 ἂν,
2310 2661 2362 2712 ετ
2384 2677 2437 2712 τι
2471 2662 2562 2714 καὶ
2593 2661 2840 2731 γένηται,
2887 2664 3091 2734 ταύτης
3144 2668 3416 2737 ἀποσταίη
3458 2670 3618 2725 ποτέ.

2047 2750 2191 2821 Πρὸς
2237 2751 2303 2821 ἢν
2333 2751 2442 2820 ἐγὼ
2485 2752 2764 2816 ἀπαντῶν,
2801 2755 2945 2820 Πῶς,
2989 2751 3034 2809 ὧ
3086 2757 3304 2812 κάκιστ’
3346 2759 3621 2826 Ἐλεύσιε,

2048 2843 2214 2912 φαίην
2266 2843 2355 2906 ἂν,
2414 2846 2666 2916 Πατέρας
2717 2847 2846 2909 τοὺς
2893 2849 2952 2900 ἐν
3022 2850 3324 2921 Ἀντιοχείᾳ
3386 2852 3620 2920 καλεῖς;

2050 2932 2236 3000 Πολλῴ
2263 2935 2370 3004 γὰρ
2395 2937 2640 3004 κρεῖττον
2681 2937 2922 3000 ἐκείνους
2967 2940 3170 3006 μᾶλλον
3207 2943 3390 2996 καλεῖν
3414 2961 3473 2996 σε
3507 2947 3624 2998 Πα-

1973 3057 2016 3117 C
2050 3025 2214 3092 τέρας
2235 3025 2306 3089 οἳ,
2330 3026 2388 3078 ἐν
2417 3027 2625 3098 Νικαίᾳ
2671 3030 3091 3099 συνδραμόντες,
3123 3033 3421 3102 ὁμοφώνως
3455 3035 3518 3088 τδ
3563 3039 3625 3090 6-

2050 3117 2301 3188 μοούσιον
2332 3120 2673 3187 ἀνεκήρυξαν
2693 3135 2708 3151 °
2735 3123 2816 3176 ὅτι
2852 3141 2913 3190 γε
2948 3126 3042 3176 καὶ
3071 3129 3181 3188 τοῖς
3213 3129 3425 3195 χρόνοις
3445 3130 3624 3201 ὑπερ-

2046 3212 2317 3278 τεροῦσιν,
2378 3215 2470 3264 καὶ
2517 3209 2597 3276 οἷς
2659 3215 2708 3267 οἱ
2765 3217 2822 3269 ἐν
2858 3216 3162 3287 ’Δντιοχείᾳ
3219 3219 3467 3284 ἐλθόντες
3524 3223 3625 3276 ὑπ’

2045 3303 2274 3355 ἐκείνων
2321 3304 2598 3374 ἔσχοντο
2656 3308 2935 3377 ἱερᾶσθαι.
3005 3310 3070 3363 Et
3135 3305 3182 3364 δ’
3233 3313 3429 3367 ἐκεῖνοι
3488 3317 3623 3378 τοὺς

2046 3395 2255 3447 ἑαυτῶν
2302 3395 2552 3466 Πατέρας
2583 3399 2876 3467 ἠθέτησαν,
2910 3403 3233 3471 πατραλοῖαι
3271 3406 3492 3472 μᾶλλον,
3524 3410 3624 3462 καὶ

2043 3483 2102 3536 οὑ
2132 3485 2394 3556 Πατέρες,
2414 3487 2665 3556 κληθεῖεν
2683 3489 2768 3543 ἄν.
2802 3491 2908 3543 Καὶ
2936 3491 3052 3555 πῶς
3081 3493 3146 3547 ἄν
3174 3511 3258 3556 τις
3287 3495 3470 3548 ἕποιτο
3502 3503 3620 3564 τοῖς

2045 3577 2305 3641 τοιούτοις
2332 3597 2345 3646 ;
2381 3581 2441 3632 El
2467 3581 2511 3632 δ’
2535 3581 2796 3649 ἀδόκιμος
2842 3584 3068 3651 ἐκείνων
3100 3588 3132 3657 ἡ
3163 3588 3368 3652 πίστις,
3403 3592 3524 3644 οὐδὲ
3583 3596 3616 3664 ἡ

2045 3673 2351 3741 χειρετονία
2417 3673 2636 3738 πάντως
2693 3676 3160 3747 ἐνὰμνφιλέκτοις.
3216 3679 3279 3733 Ei
3339 3682 3446 3752 γὰρ
3508 3688 3620 3755 πρὸ

2043 3763 2268 3827 ἐκείνων
2313 3765 2374 3818 τὸ
2415 3767 2568 3834 ἄτιον
2604 3768 2826 3837 Πνεῦμα
2869 3771 2969 3822 οὐκ
3001 3767 3172 3840 εἶχον,
3197 3773 3224 3826 ὃ
3276 3776 3514 3844 μάλιστα
3544 3783 3616 3850 τῇ

2045 3855 2289 3909 ἐπιθέσει
2319 3856 2538 3927 ἔρχεται
2586 3861 2696 3912 τῶν
2727 3864 2953 3931 χειρῶν,
2985 3865 3096 3916 οὐδ’
3129 3864 3276 3920 οὗτοι
3310 3869 3526 3934 πάντως
3553 3873 3617 3924 ἐν

2045 3948 2275 4018 ἱερεῦσι.
2312 3949 2435 4012 Πῶς
2467 3952 2572 4021 γὰρ
2605 3951 2669 4004 ἂν
2697 3953 2792 4006 καὶ
2827 3954 3013 4008 λαεείν
3042 3951 3191 4026 εἶχον
3220 3961 3368 4029 παρὰ
3394 3961 3507 4015 τῶν
3536 3965 3614 4034 μὴ

2043 4038 2298 4103 καθάπαξ
2330 4039 2640 4106 λαϐόντων;
2678 4043 2860 4096 Ταῦτα
2894 4045 2994 4112 μὲν
3022 4047 3088 4100 ἄν
3122 4065 3207 4110 τις
3253 4053 3390 4120 πρδς
3423 4052 3616 4106 Ἐλεύ-

2044 4147 2158 4184 σιον
2186 4133 2444 4195 ἀντιστὰς
2477 4134 2624 4187 εἴποι
2651 4149 2665 4163 ⁸
2720 4137 2821 4204 τῆς
2871 4138 2930 4189 δὲ
2962 4139 3252 4205 διαλέξεως
3291 4145 3611 4214 γινομένης,

2041 4226 2121 4284 εἰς
2155 4223 2380 4294 ζήτησιν
2403 4225 2598 4296 ἑτέραν
2634 4227 2997 4282 καθίσταντο·
3029 4233 3120 4284 καὶ
3147 4234 3268 4285 ἐπεὶ
3301 4237 3365 4305 τῇ
3401 4237 3618 4292 ἐκδόσει

2042 4317 2225 4386 ὅμοιον
2252 4316 2464 4389 ἔφησαν
2514 4319 2594 4390 τῷ
2635 4322 2809 4391 Πατρὶ
2857 4323 2950 4374 τὸν
3002 4324 3149 4388 Υἰὺν,
3195 4327 3616 4383 διεπυνθάνοντο

368 4423 477 4477 que
507 4410 643 4462 tales
677 4408 824 4462 viros
858 4405 1165 4475 sequatur?
1203 4405 1270 4459 Et
1311 4405 1530 4462 illorum
1575 4407 1710 4462 ﬁdes
1756 4409 1800 4463 si
1846 4424 1938 4463 re-

2048 4407 2152 4460 τῶν
2182 4411 2313 4475 περὶ
2346 4408 2625 4473 Ἀκάκιον,
2684 4415 2827 4466 κατὰ
2859 4415 2909 4466 τί
2941 4416 3128 4484 ὅμοιον
3174 4419 3250 4485 τῷ
3286 4421 3460 4492 Πατρὶ
3515 4423 3614 4476 τὸν

368 4499 538 4568 proba
569 4509 677 4565 est,
716 4512 818 4552 nec
843 4497 1118 4551 ordinatio
1140 4511 1330 4551 eorum
1365 4513 1592 4567 prorsus
1612 4515 1718 4552 non
1755 4510 1935 4568 potest

371 4592 427 4646 in
465 4591 695 4647 dubium
733 4590 936 4645 vocari.
982 4588 1226 4659 Namque
1253 4588 1296 4644 si
1325 4597 1451 4644 ante
1486 4589 1622 4644 istos
1654 4591 1730 4645 illi
1763 4592 1937 4662 Spiri-

367 4693 482 4738 tum
515 4691 766 4737 sanctum
791 4696 901 4734 non
945 4680 1214 4742 habuere,
1249 4680 1342 4750 qui
1389 4697 1486 4750 per
1525 4682 1932 4752 impositionem

363 4791 626 4831 manuum
681 4773 915 4828 maxime
965 4773 1138 4837 venit,
1177 4787 1355 4842 neque
1408 4773 1495 4828 isti
1530 4775 1752 4830 omnino
1793 4778 1937 4832 inter

363 4868 652 4937 episcopos
693 4875 751 4920 et
783 4864 1100 4920 sacerdotes
1133 4865 1423 4919 censendi.
1474 4864 1759 4932 Quomodo
1787 4871 1933 4924 enim

363 4957 686 5030 dignitatem
732 4958 894 5012 talem
945 4957 1014 5012 ab
1064 4957 1146 5012 eis
1193 4957 1448 5026 accipere
1480 4966 1802 5026 potuerunt.
1841 4963 1935 5029 qni

363 5051 512 5106 illam
541 5064 821 5119 nunquam
854 5049 1194 5104 habuerint?
1225 5049 1383 5104 Hisce
1419 5050 1605 5104 verbis
1641 5051 1930 5121 quisquam

362 5151 555 5198 contra
607 5139 889 5195 Eleusium
917 5139 1103 5193 venire
1160 5139 1448 5207 potuisset.
1487 5139 1660 5194 Porro
1690 5141 1938 5210 disputa-

362 5233 511 5287 tione
530 5215 938 5300 progrediente',
956 5227 1024 5281 ad
1044 5228 1400 5298 quaestionem
1425 5228 1585 5282 aliam
1606 5244 1934 5299 pervenere.

361 5329 429 5382 Et
485 5325 747 5398 quoniam
807 5324 859 5378 in
914 5321 1146 5376 formula
1206 5321 1438 5394 similem
1487 5322 1738 5378 dixerant
1785 5324 1930 5378 Patri

363 5420 586 5484 Filium,
642 5416 826 5472 Acacii
881 5414 1048 5469 factio
1096 5414 1428 5482 interrogata
1458 5423 1566 5479 est,
1609 5431 1840 5484 quanam
1876 5435 1933 5469 re

364 5510 595 5564 similem
645 5509 792 5564 Patri
851 5505 1053 5562 Filium
1107 5505 1542 5575 proﬁterentur?
1578 5505 1756 5574 Atque
1817 5507 1928 5569 illa,

364 5601 646 5653 voluntate
676 5599 814 5663 sola,
850 5613 956 5652 non
981 5604 1164 5652 autem
1211 5595 1538 5660 substantia,
1571 5597 1804 5652 similem
1858 5601 1937 5650 di-

365 5700 522 5745 cente
547 5726 566 5754 ,
591 5691 683 5744 alii
707 5704 918 5757 omnes,
949 5689 1115 5744 etiam
1147 5689 1449 5746 substantia
1480 5688 1714 5744 similem
1746 5689 1933 5744 dicen-

2044 4501 2173 4554 Υἱδν
2203 4500 2553 4571 ὁμολογοῦσι.
2588 4502 2710 4557 Τῶν
2754 4505 2810 4557 δὲ
2844 4508 2982 4559 κατὰ
3019 4507 3277 4577 βούλησιν
3329 4513 3513 4578 μόνον,
3548 4518 3612 4566 οὐ

2045 4594 2152 4663 μὴν
2173 4593 2232 4646 δὲ
2263 4593 2360 4646 καὶ
2389 4593 2532 4646 κατὰ
2559 4594 2658 4664 τὴν
2685 4596 2874 4649 οὐσίαν
2905 4599 3046 4666 ἐχειν
3070 4599 3131 4652 τὸ
3154 4602 3361 4669 ὅμοιον,
3387 4605 3436 4655 oi
3457 4604 3616 4658 ἄλλοι

2039 4686 2243 4747 πάντες
2275 4686 2368 4738 καὶ
2399 4687 2542 4738 κατὰ
2568 4688 2671 4756 τὴν
2699 4689 2890 4742 οὐσίαν
2919 4692 3111 4760 ὅμοιον
3144 4696 3488 4764 ἰσχυρίζοντο
3517 4697 3614 4750 λέ-

2039 4793 2176 4843 γειν.
2209 4775 2321 4828 Καὶ
2348 4777 2474 4847 περὶ
2508 4777 2700 4830 τούτου
2727 4779 2842 4846 ἔρις
2878 4779 3107 4852 πλείστη
3139 4782 3206 4836 δι’
3235 4785 3363 4854 ὅλης
3391 4787 3613 4857 ἡμέρας

2039 4868 2270 4935 ἐγίνετο.
2316 4869 2647 4939 Ἐξήλεγχόν
2675 4888 2736 4922 τε
2769 4873 2862 4925 καὶ
2913 4874 3079 4928 αὐτ“ν
3131 4877 3387 4930 ’Δκάκιον
3414 4879 3490 4943 ὡς
3521 4881 3609 4951 εἴη

2036 4956 2309 5026 διαφόρως
2341 4961 2558 5029 γράψας
2589 4962 2648 5014 ἐν
2695 4965 2808 5026 τοῖς
2838 4964 3005 5016 αὐτοῦ
3033 4965 3234 5033 λόγοις,
3267 4967 3362 5032 οὓς
3394 4971 3487 5022 καὶ
3516 4974 3611 5024 ἐκο

2037 5051 2288 5117 δέδωκεν,
2337 5055 2523 5123 ὅμοιον
2570 5057 2710 5110 κατὰ
2773 5057 2950 5110 πάντα
2993 5059 3072 5127 τῷ
3119 5062 3290 5129 "arpi.
3335 5061 3430 5115 τὸν
3480 5064 3609 5116 Υίὸν

2037 5142 2231 5206 εἰπὼν,
2281 5147 2376 5199 καὶ
2409 5146 2609 5215 ὁμοίως
2648 5146 2894 5214 δοξάζειν
2952 5151 3160 5210 αὐτοῖς.
3212 5154 3322 5207 Καὶ
3356 5153 3452 5209 νῦν
3491 5157 3612 5219 πῶς

2041 5236 2201 5303 ἀρνῇ.
2237 5235 2445 5303 ελεγον,
2482 5239 2542 5289 τὸ
2590 5239 2711 5291 κατ’
2741 5239 2932 5292 οὐσίαν
2984 5242 3209 5308 ὃμοιον;
3253 5243 3312 5296 '0
3340 5245 3420 5307 δέ,
3467 5247 3607 5300 Οὔτε

2038 5327 2155 5387 νέος
2187 5344 2292 5388 τις,
2319 5329 2444 5378 οὔτε
2479 5346 2564 5391 τις
2601 5329 2707 5382 τῶν
2733 5331 2981 5399 ἀρχαίων
3015 5329 3120 5384 ἀπὸ
3154 5337 3610 5405 συγγραμμάτων

2039 5417 2266 5478 εὺθᾶνας
2320 5418 2464 5487 ἔσχε.
2500 5422 2606 5473 Kal.
2661 5421 2836 5489 ἔριδος
2877 5423 3140 5494 πλείστης
3193 5427 3606 5495 ἀναπτομένης,

2037 5509 2189 5570 τέλος
2216 5512 2243 5562 ὁ
2277 5511 2514 5574 Κυζίκου
2560 5512 2855 5576 Ἔλεύσιος,
2897 5514 2959 5565 Εἰ
2987 5515 3087 5582 μὲν
3145 5515 3448 5578 Βασίλειος,
3477 5518 3608 5586 ἔφη,

2038 5603 2070 5669 ἢ
2104 5602 2330 5672 Μάρκος
2389 5606 2512 5657 τινὰ
2547 5604 2668 5657 καθ’
2707 5607 2935 5670 ἑαυτοὺς
2987 5609 3330 5679 πεπραχότες
3380 5611 3542 5674 εἰσὶν,
3574 5611 3608 5681 η

2039 5693 2130 5744 ἐπί
2162 5709 2301 5747 τισιν
2335 5696 2484 5760 ἰδίοις
2533 5698 2802 5784 ἀλλήλοιί
2840 5699 3328 5768 ἀντεγκαλοῦντες,
3365 5701 3521 5754 οὐδὲν
3550 5705 3612 5757 τὸ
