3970 6190
293 373 371 436 l01
1185 373 1784 438 Εεςιιῑδιλεοτιαῑῑ
1824 429 1827 434 λ

1929 379 2218 442 ὁΤΟίὶΙιΕ
2263 381 2409 442 LIB.
2454 382 2554 443 IX.

3385 381 3490 443 60?.

285 491 506 542 ἐντεῦθεν
555 493 616 560 τῇ
651 491 852 562 συνόδῳ
901 494 1072 550 ἐστίν.
1113 497 1252 551 Ἀλλ’
1284 497 1404 552 οὐδὲ
1443 502 1491 551 εἰ
1533 498 1608 568 μὴ
1636 499 1816 561 καλῶς

1929 503 2053 557 dum
2101 489 2222 558 esse
2270 500 2690 558 confirmabant.
2725 499 2842 565 Qua
2891 499 2958 556 de
3008 513 3068 554 re
3125 507 3239 554 toto
3288 514 3357 552 eo
3401 496 3489 551 die

281 583 306 651 ἢ
333 583 490 642 άλλως
516 583 649 650 ἔχει,
685 583 720 637 ἃ.
743 585 898 636 αὐτοὶ
930 585 1113 640 ἔθεντο
1145 591 1549 660 περὶπξστεως,
1575 591 1815 658 ἐπάναγ-

280 693 358 727 κες
417 674 913 744 πολυπραγμονεῖν.
973 679 1184 748 Χρῆναι
1240 680 1285 732 δ’
1341 679 1580 750 ἡγοῦμαι
1628 684 1690 752 τῇ
1758 681 1814 732 ὲν

289 766 562 834 Ἀντιοχείᾳ
594 767 828 818 ἕπεσθαι
864 769 1006 821 ἑπτά
1034 771 1127 822 καὶ
1176 771 1536 841 ἐννενήκοντα
1571 770 1815 840 Πατράσι

278 857 684 929 παραδεδομένῃ.
729 859 792 910 Et
842 858 899 911 δέ
935 876 1017 922 τις
1056 860 1224 930 άλλην
1263 861 1606 931 εἰσηγεῖσθαι
1642 861 1817 913 ἐθέλοι

279 947 471 999 ἔκθεσιν
496 949 753 1012 πίστεως,
795 949 986 1004 τοῦτον
1032 951 1242 1005 δίκαιον
1275 954 1486 1015 πάντας
1537 952 1815 1023 ἀλλότριον

276 1039 361 1107 τῆς
384 1038 652 1103 εὐσεϐείας
690 1041 910 1110 καὶτῆς
955 1041 1284 1111 Ἐκκλησῑας
1332 1043 1594 1111 νομίζειν.
1649 1042 1816 1095 Ταῦτ’

275 1131 513 1191 εἰπόντος,
549 1133 576 1183 ὁ
605 1132 860 1200 σύλλογος
879 1135 1118 1188 διελύετο
1149 1131 1331 1199 αὖθις.
1364 1135 1441 1206 Τῇ
1469 1137 1526 1188 δὲ
1551 1135 1817 1204 ὑστεραίᾳ

273 1221 434 1272 οὐκέτι
464 1222 540 1290 τῷ
563 1224 807 1292 συλλόγῳ
834 1225 1173 1294 παραϐαλεῖν
1196 1228 1245 1278 οἱ
1273 1228 1404 1296 περὶ
1441 1227 1699 1279 Ἀκάκιον
1725 1227 1819 1280 καὶ

272 1308 308 1358 Γ
308 1308 518 1378 εώργιον
536 1311 748 1379 ἤθελον.
776 1315 884 1366 Καὶ
902 1315 1065 1379 αὐτὸς
1088 1317 1144 1369 δὲ
1169 1319 1390 1380 Λεωνᾶς
1417 1317 1637 1387 κληθεὶς
1669 1319 1820 1370 ἀπεῖ-

272 1419 331 1454 πε
355 1403 444 1472 τὴν
465 1402 678 1457 ἐλευσιν
699 1421 711 1433 ·
738 1407 807 1458 τά
837 1407 944 1478 γὰρ
984 1409 1209 1463 ἐκείνων
1231 1411 1448 1480 ἐφρόνει
1470 1397 1784 1478 περιφανῶς
1803 1427 1815 1439 ·

267 1496 579 1549 ἀπεστάλθαι
608 1498 666 1551 δὲ
683 1501 814 1568 πρὸς
847 1502 1114 1569 βασιλέως
1145 1503 1423 1572 πρόφασιν
1458 1505 1698 1578 ἐποιεῖτο
1727 1503 1818 1554 ἐπὶ

266 1591 322 1657 τῇ
353 1589 596 1660 συνοδικῇ
634 1593 944 1664 συμφωνία.
983 1594 1137 1647 Ἐπεὶ
1165 1596 1209 1647 δ’
1242 1594 1412 1658 οὕτως
1442 1596 1696 1656 ἀτάκτως
1717 1595 1820 1646 διίο

268 1682 468 1745 στασθε,
494 1683 630 1750 ὑμῖν
656 1685 1016 1754 συνέρχεσθαι
1042 1687 1105 1740 οὐ
1130 1688 1327 1758 ῥᾳδίως
1349 1687 1478 1758 ἔχω.
1506 1689 1567 1739 Ei
1599 1686 1822 1756 δ’ὑμεῖς

267 1774 516 1841 αἱρεῖσθε,
573 1776 860 1842 ἀπέλθετε,
901 1780 991 1830 καὶ
1023 1779 1080 1830 ἑν
1104 1781 1167 1849 τῇ
1183 1781 1454 1850 ἐκκλησίᾳ
1486 1780 1822 1850 ὲρεσχελείτε

265 1863 567 1930 καθήμενοι.
613 1865 825 1934 Χρόνου
856 1866 912 1918 δὲ
939 1868 1286 1938 τριὸομὲνου,
1320 1849 1611 1922 ἐκαλοῦντο
1644 1869 1744 1939 μὲν
1770 1868 1818 1921 οι
1855 1849 1897 1908 Β

264 1951 382 2017 περὶ
398 1952 650 2006 Ἀκάκιον
666 1972 680 1984 ο
707 1956 755 2006 οἱ
787 1954 842 2007 δὲ
871 1957 1070 2025 ρητοὺς
1089 1959 1169 2021 εἰς
1197 1958 1294 2030 τὴν
1317 1960 1510 2013 Δεωνᾶ
1531 1960 1708 2012 οἰκίαν
1730 1977 1820 2028 γε-

265 2040 432 2095 νέσθαι
456 2044 666 2112 ἠξίουν.
690 2049 1095 2117 Διισχυρίςοντο
1114 2051 1190 2116 δὲ,
1218 2053 1554 2122 πρόσταγμα
1577 2055 1640 2105 ἐκ
1663 2051 1820 2122 βασι-

263 2131 383 2195 λέως
409 2136 554 2205 ἔχειν
589 2140 798 2208 κρίνειν
829 2143 953 2203 τοὺς
990 2144 1205 2209 ἄλλους.
1250 2145 1316 2199 Οἱ
1344 2147 1399 2200 δὲ
1445 2147 1572 2198 οὔτε
1603 2146 1701 2218 τὴν
1726 2145 1824 2199 αὑ-

261 2227 349 2294 τὴν
375 2231 559 2282 πίστιν
595 2233 879 2301 ὁμολογεῖν
927 2234 1228 2306 ἠνείχοντο,
1258 2236 1374 2288 ἀλλ’
1399 2237 1520 2290 οὐδὲ
1555 2240 1683 2307 περὶ
1712 2235 1823 2288 τῶν

263 2315 622 2388 ἐγκλημάτων
671 2324 1089 2393 ἀπολογεῖσθαι.
1144 2329 1457 2400 κληθέντες
1510 2329 1566 2382 δὲ
1599 2330 1694 2382 xui.
1744 2333 1823 2393 εἰς

262 2408 348 2476 τὴν
381 2413 520 2466 κατὰ
584 2415 857 2485 Κύριλλον
897 2421 990 2472 τὸν
1028 2420 1424 2493 Ἱεροσολύμων
1452 2423 1722 2488 ἐξέτασιν,
1761 2423 1824 2475 ὂν

264 2499 403 2551 αὐτοὶ
427 2502 708 2568 καθεῖλον,
730 2505 793 2558 οὐ
815 2509 1202 2577 παρεγένοντο.
1233 2512 1461 2564 Ἐκεῖνοι
1485 2512 1538 2566 δὲ
1569 2511 1740 2574 ἀδεῶς
1763 2511 1820 2563 οὐ

264 2590 410 2658 μόνον
436 2593 598 2647 ταῦτ’
629 2595 923 2666 ἔπραττον,
951 2601 1090 2656 ἀλλὰ
1145 2605 1238 2656 καὶ
1286 2606 1543 2659 Ἀκάκιον
1575 2607 1667 2658 καὶ
1697 2605 1824 2666 τοὺς

265 2687 750 2754 προσπεφευγότας
795 2695 907 2754 τοῖς
946 2696 1076 2762 περὶ
1131 2696 1363 2759 ἐκεῖνον,
1391 2696 1486 2750 ἅτε
1537 2699 1600 2767 δὴ
1633 2700 1702 2750 τὰ
1733 2699 1825 2764 εγ-

266 2774 507 2845 κλήματα
556 2781 890 2848 δεδοικότας,
956 2787 1245 2841 γαθεῖλονο
1311 2789 1584 2860 Γεώργιόν
1634 2809 1690 2842 τε
1736 2791 1826 2842 τὸν

273 2868 704 2944 Ἀλεξανδρείας,
737 2878 832 2930 καὶ
860 2880 1126 2948 Οὐράνιον
1147 2881 1236 2935 τὸν
1265 2866 1468 2951 Τύρου,
1501 2884 1599 2936 καὶ
1621 2883 1829 2954 Πατρό-

264 2963 426 3029 φιλον,
463 2968 564 3019 καὶ
597 2967 850 3035 Εὑδόξιον
875 2973 965 3024 τὸν
1003 2973 1336 3043 Ἀντιοχείας
1363 2993 1376 3007 ·
1405 2977 1532 3039 τοὺς
1564 2975 1608 3029 δ’
1637 2977 1828 3034 ἄλλους

265 3055 660 3127 ἀκοινωνησιας
717 3061 909 3115 κανόνι
959 3065 1215 3134 ἐπέσχον,
1262 3067 1424 3136 ἄχρις
1474 3061 1536 3120 οὗ
1578 3069 1713 3134 πρὸς
1759 3069 1830 3120 τὰ

1921 597 2158 650 maxima
2195 596 2296 649 fuit
2329 595 2630 650 contentio.
2666 594 2830 664 739
2873 592 3244 662 Contrieerunt
3272 607 3489 664 qumque

1919 686 2099 755 ipsum
2148 686 2428 750 Acacium,
2478 685 2626 756 quod
2674 686 2775 741 sibi
2834 684 2936 756 ipsi
2993 693 3222 754 pr0pter
3278 684 3482 736 variam

1919 777 2279 846 scriptionem
2313 780 2368 832 in
2401 778 2555 832 libris
2579 779 2693 833 suis
2723 793 2859 847 quos
2889 776 3173 838 edidisset,
3208 789 3316 828 nou
3351 789 3483 826 con-

1919 877 2109 931 staret,
2154 871 2206 923 in
2244 869 2443 938 quibus
2492 870 2644 938 prius
2695 868 2929 924 similem
2979 883 3077 936 per
3112 867 3296 920 omnia
3337 862 3486 917 Patri

1919 958 2117 1013 Filium
2153 960 2370 1027 dixerit,
2407 959 2660 1029 idemque
2686 973 2808 1014 cum
2842 957 2975 1028 ipsis
3011 955 3249 1012 senserit
3287 970 3300 1007 :
3341 967 3490 1006 nunc

1921 1066 2050 1105 vero
2073 1055 2288 1106 tandem
2334 1051 2640 1106 substantia
2687 1050 2924 1106 similem
2970 1063 3089 1107 esse
3121 1045 3369 1116 negaret.
3403 1043 3483 1098 Ad

1920 1156 2042 1210 quae
2081 1141 2191 1206 ille,
2249 1157 2428 1212 neque
2465 1159 2530 1196 ex
2567 1142 2988 1205 recentioribus,
3038 1153 3216 1209 neque
3244 1152 3312 1190 ex
3347 1133 3492 1196 anti-

1920 1232 2044 1301 quis
2072 1249 2399 1302 quemquam
2451 1233 2516 1288 ad
2570 1234 2898 1303 scriptorum
2951 1246 3175 1287 suorum
3219 1227 3485 1283 rationem

1923 1322 2252 1376 reddendam
2289 1323 2613 1378 obstrictum
2645 1338 2786 1390 esse,
2806 1319 3489 1392 respondit.Contentione

1923 1412 2050 1468 inde
2089 1415 2320 1468 maxime
2347 1415 2632 1485 gliscente,
2675 1423 2953 1486 postremo
2983 1412 3238 1468 Eleusius
3269 1409 3492 1481 Cyzice-

1922 1521 2046 1570 nus,
2105 1505 2389 1575 Siquidem
2425 1508 2676 1571 Basilius,
2721 1507 2936 1577 inquit,
2971 1514 3062 1559 aut
3089 1505 3318 1574 Aeacius
3349 1544 3362 1568 ,
3393 1509 3492 1555 aut

1925 1595 2154 1658 Marcus,
2183 1612 2278 1664 per
2332 1612 2389 1650 se
2421 1597 2624 1667 aliquid
2655 1607 2850 1666 agant,
2885 1596 2970 1650 vel
3011 1595 3113 1665 ipsi
3145 1601 3337 1648 mutuo
3369 1605 3491 1647 sese

1924 1685 1992 1740 de
2019 1688 2274 1756 quopiam
2299 1687 2685 1753 criminentur,
2721 1687 2860 1742 nihil
2889 1687 2939 1741 id
2973 1689 3037 1741 ad
3069 1685 3337 1758 synodum
3371 1697 3493 1754 per-

1927 1779 2115 1833 tineat.
2146 1777 2253 1833 Sed
2295 1795 2470 1849 neque
2502 1795 2624 1848 qua:
2653 1780 2756 1848 ipsi
2794 1779 2861 1832 de
2912 1778 3016 1832 fide
3063 1779 3180 1832 sive
3213 1783 3362 1830 recte
3391 1789 3490 1830 seu

1927 1885 2212 1940 perperam
2243 1871 2639 1940 perscripsere,
2667 1885 2889 1925 necesse
2914 1869 3182 1923 habemus
3213 1864 3492 1922 curiosius

1929 1961 1996 2016 de
2031 1961 2112 2016 eis
2153 1961 2452 2031 inquirere.
2490 1961 2732 2030 Peropus
2786 1971 2968 2014 autem
3015 1973 3136 2014 esse
3170 1955 3380 2028 judico,
3439 1953 3495 2008 in

1929 2053 2271 2123 professione
2304 2055 2642 2108 Antiochena
2665 2069 2697 2108 a
2732 2053 3030 2122 nonaginta
3055 2064 3110 2106 et
3133 2059 3346 2120 septem
3388 2047 3492 2102 Pa-

1933 2149 2108 2204 tribus
2161 2149 2373 2217 prodita
2413 2149 2788 2219 acquiescere.
2829 2150 2886 2204 Si
2919 2149 3046 2220 quis
3092 2156 3276 2202 autem
3331 2142 3492 2200 aliam

1929 2240 2203 2309 subjicere
2223 2241 2356 2294 velit
2385 2241 2508 2295 fidei
2534 2241 2846 2306 formulam,
2874 2256 2999 2295 eum
3031 2253 3248 2308 aequum
3281 2250 3404 2291 esse
3436 2242 3498 2290 ut

1929 2345 2120 2385 omnes
2144 2347 2174 2384 a
2206 2347 2329 2385 vera
2366 2331 2566 2401 pietate
2595 2341 2652 2387 et
2675 2332 2917 2386 Ecclesia
2949 2331 3190 2385 alienum
3213 2343 3337 2384 esse
3368 2341 3498 2382 cen-

1931 2434 2107 2478 seant.
2165 2425 2322 2478 Hisce
2383 2425 2566 2479 verbis
2619 2432 2926 2479 conventus
2982 2437 3203 2478 rursum
3255 2421 3493 2475 solutus.

1931 2517 2160 2571 Postero
2189 2525 2371 2572 autem
2406 2519 2494 2572 die
2533 2517 2763 2572 Aeacius
2793 2525 2849 2570 et
2882 2514 3150 2584 Georgius
3167 2528 3290 2568 cum
3314 2520 3494 2566 secta-

1932 2607 2144 2662 toribus
2172 2610 2286 2663 suis
2319 2607 2370 2661 in
2404 2618 2732 2662 conventum
2763 2608 2950 2662 venire
2981 2606 3294 2660 noluerunt.
3316 2603 3493 2669 Atque

1933 2699 2048 2768 ipse
2072 2699 2303 2759 Leonas.
2334 2710 2560 2755 vocatus
2585 2713 2824 2769 quoque,
2849 2713 2909 2753 se
2925 2707 3218 2752 venturum
3251 2692 3492 2763 negavit.

1932 2791 2130 2862 Aperte
2164 2807 2397 2860 namque
2430 2807 2553 2846 cum
2589 2792 2699 2847 illis
2729 2790 3040 2852 sentiebat,
3077 2789 3222 2842 illam
3281 2802 3388 2850 prae
3437 2799 3499 2841 se

1933 2885 2120 2940 ferens
2146 2900 2388 2945 causam,
2427 2884 2496 2939 ab
2547 2884 2880 2953 imperatore
2923 2898 2984 2938 se
3025 2881 3092 2935 ad
3135 2878 3328 2949 synodi
3362 2893 3499 2934 con-

1934 2979 2176 3032 eordiam
2209 2976 2602 3030 conciliandam
2621 2976 2844 3030 missum
2875 2989 3017 3028 esse.
3043 2969 3496 3039 Quandoquidem

1935 3084 2066 3124 vero
2099 3070 2171 3122 ita
2205 3069 2355 3122 nullo
2391 3079 2608 3123 servato
2641 3068 2835 3122 ordine
2873 3067 3017 3121 inter
3054 3081 3112 3121 se
3139 3064 3499 3124 dissiderent,

262 3148 563 3218 ἐπαχθέντα.
598 3153 924 3223 ἐγκλήματα
965 3157 1108 3210 δοῖεν
1145 3159 1450 3226 ἀπόλογον,
1489 3161 1582 3212 καὶ
1613 3163 1681 3213 τὰ
1735 3159 1826 3213 ἐπ’

1936 3176 2043 3214 non
2091 3160 2248 3216 facile
2296 3159 2347 3214 ei
2376 3175 2496 3215 esse
2549 3159 2616 3213 ad
2667 3175 2762 3215 eos
2801 3159 3088 3231 accedere.
3124 3158 3180 3212 Si
3224 3171 3354 3212 vero
3395 3156 3504 3225 ipsi

265 3244 437 3308 αὐτοῖς
466 3247 750 3317 γενόμενα
783 3251 849 3319 τῇ
877 3250 1108 3304 ἑκάστου
1141 3252 1403 3324 παροικίᾳ
1435 3253 1831 3323 διεμηνύσαντο

261 3339 610 3408 γράμμασιν.
649 3340 795 3394 ’Λντὶ
846 3342 947 3412 μὲν
1001 3343 1095 3398 οὖν
1161 3347 1414 3409 Εὐδοξξου
1454 3347 1700 3401 Ἀνιανδν
1763 3353 1831 3422 τῇ

273 3433 595 3505 Ἀντιοχέων
627 3438 1020 3512 ,χειροτονοῦσι
1059 3481 1071 3503 ,
1125 3442 1224 3509 τῆς
1287 3444 1471 3494 ἐκεῖσε
1533 3443 1834 3513 ἐκκλησίας

262 3532 658 3602 πρεσϐύτερον,
689 3531 749 3584 ὃν
778 3532 976 3586 αὐτίκα
1004 3535 1053 3586 οἱ
1103 3537 1232 3605 περὶ
1277 3535 1530 3590 Ἀκάκιον
1551 3538 1832 3591 ’συλλαῦόο

265 3643 408 3694 μενοι
431 3628 634 3697 Λεωνᾷ
685 3629 776 3680 καὶ
821 3628 1106 3698 Λαυρικιῳ
1156 3629 1490 3699 παρέδοσαν,
1521 3629 1570 3681 οἳ
1616 3631 1835 3701 φρουρᾷ

199 3777 204 3780 _
262 3720 320 3773 ὲκ
349 3721 710 3790 στρατιωτῶν
732 3720 1107 3791 περιώρισανο
1140 3723 1194 3785 ἐς
1229 3721 1462 3792 ὕστερον
1497 3722 1554 3775 δὲ
1607 3723 1697 3775 καὶ
1729 3740 1833 3791 φυ-

265 3813 361 3884 γὴν
391 3815 692 3885 ὑπερόριον
725 3814 892 3867 αὑτοῦ
925 3815 1317 3869 κατεδίκασαν.
1353 3816 1432 3868 Τὰ
1471 3817 1571 3886 μὲν
1603 3810 1700 3868 οὖν
1732 3816 1834 3884 τῆς

263 3905 321 3957 ιν
374 3903 681 3973 Σελευκείᾳ
739 3902 960 3955 συνόδου
1017 3903 1366 3974 πραχθέντα,
1423 3903 1496 3966 ὡς
1535 3904 1592 3956 ὲν
1646 3904 1835 3956 συντό-

268 4013 346 4065 μῳ
395 3999 594 4060 εἰπεῖν,
630 3999 709 4058 εις
748 3998 902 4049 τοῦτο
958 3995 1117 4064 ἔληγε
1163 3996 1346 4058 τέλους
1373 4013 1385 4026 ·
1418 3991 1500 4060 οἷς
1545 3998 1592 4050 δ’
1637 4001 1834 4066 ἐπιμε-

267 4091 348 4152 λὲς
401 4093 495 4144 καὶ
540 4098 610 4142 τὰ
661 4089 795 4158 πρὸς
829 4089 1024 4141 λεπτὸν
1054 4088 1161 4140 τῶν
1207 4090 1560 4158 πραχθέντων
1613 4090 1832 4152 ειδέναι,

268 4187 329 4237 tx
369 4185 477 4238 τῶν
533 4184 753 4250 ἐκείνης
800 4181 1207 4251 ὑπομνημάτων
1248 4183 1520 4244 εἴσονται,
1573 4180 1610 4235 ἃ
1657 4171 1837 4251 ’ταχυ-

269 4279 463 4348 γράφοι
505 4277 634 4329 τότε
683 4273 945 4344 παρόντες
973 4272 1310 4341 ἠκριδωσαν.
1338 4273 1555 4324 Τούτων
1579 4273 1720 4326 οὓτω
1745 4291 1838 4342 γε-

267 4389 389 4441 γενη
399 4373 600 4441 μένων,
627 4369 675 4420 οἱ
707 4367 837 4437 περὶ
853 4367 1106 4419 Ἀκάκιον
1123 4366 1323 4436 σπουδῇ
1344 4367 1436 4418 επὶ
1457 4367 1550 4420 τὸν
1575 4367 1838 4436 κρατοῦν-

269 4483 331 4519 τα
368 4466 694 4535 ἀνέρχονται
718 4479 734 4495 ο
776 4461 827 4516 6i
865 4461 922 4513 δὲ
978 4459 1126 4514 ἄλλοι
1164 4459 1394 4521 ἕκαστος
1424 4461 1515 4512 επὶ
1547 4459 1616 4514 τὰ
1663 4460 1837 4512 οἰκεῖα

267 4559 366 4630 ἤθη
391 4559 659 4629 ἐχώρουν.

1937 3255 2161 3320 vellent,
2190 3256 2426 3318 abirent,
2453 3266 2618 3325 atque
2671 3255 2731 3310 in
2759 3254 2993 3310 ecclesia
3021 3253 3288 3308 sedentes
3327 3266 3500 3320 nugas

1934 3355 2177 3415 agerent.
2236 3347 2314 3400 Ita
2371 3354 2586 3413 tempus
2630 3345 3046 3401 extrahebatur.
3082 3345 3146 3398 Et
3206 3343 3502 3397 vocabatur

1934 3439 2154 3507 quidem
2185 3453 2310 3492 cum
2339 3439 2454 3492 suis
2490 3438 2544 3491 in
2569 3443 2894 3491 conventum
2928 3437 3182 3492 Aeacius.
3216 3436 3296 3489 llli
3321 3443 3503 3488 autem

1934 3537 2116 3582 certos
2139 3529 2426 3597 episcopos
2455 3529 2509 3582 in
2544 3527 2741 3584 Leonas
2771 3529 2992 3582 domum
3019 3567 3033 3593 ,
3065 3527 3156 3581 ubi
3189 3527 3506 3594 frequentes

1937 3621 2041 3690 ipsi
2074 3636 2198 3676 esse
2229 3621 2500 3684 solebant,
2524 3621 2714 3675 venire
2744 3620 3252 3683 volueruntzatque
3282 3619 3506 3686 insuper

1936 3723 2344 3775 asseverarunt,
2380 3711 2694 3766 mandatum
2724 3725 2782 3765 se
2811 3709 2879 3764 ab
2915 3710 3244 3780 imperatore
3277 3707 3508 3768 habere,

1938 3815 1996 3860 ut
2025 3805 2161 3859 alios
2194 3805 2526 3875 judicarent.
2578 3803 2685 3859 Sed
2734 3817 2908 3873 neque
2939 3802 3186 3858 eamdem
3226 3817 3351 3856 cum
3382 3801 3509 3855 aliis

1938 3899 2099 3953 ﬁdem
2129 3897 2396 3967 profiteri,
2434 3913 2610 3966 neque
2661 3896 2727 3950 ad
2762 3898 2974 3969 objecta
3000 3896 3231 3949 crimina
3270 3911 3508 3963 respon-

1938 3989 2088 4054 dere,
2131 3990 2464 4063 sustinuere.
2499 3988 2639 4054 Quin
2673 3990 2838 4041 etiam
2877 3987 2943 4041 ad
2987 3986 3174 4058 Cyrilli
3209 3988 3284 4057 (l)
3314 3987 3506 4042 iliero-

1938 4081 2243 4150 solymitani
2291 4095 2513 4134 causam
2559 4078 2886 4134 audiendam
2933 4077 3167 4142 invitati,
3203 4093 3364 4147 quem
3399 4078 3505 4147 ipsi

1939 4175 2259 4243 episcOpatu
2314 4171 2468 4226 abire
2525 4171 2833 4240 jusserant,
2887 4187 2996 4226 non
3043 4171 3272 4225 aﬂuere.
3317 4167 3505 4238 Neque

1937 4265 2085 4319 enim
2117 4264 2210 4332 qui
2241 4279 2334 4318 eos
2364 4271 2624 4333 cogeret,
2654 4263 2845 4318 aderat
2883 4264 3198 4333 quisquam.
3245 4262 3316 4318 At
3349 4265 3507 4318 alteri

1940 4357 2017 4412 illi
2068 4373 2175 4410 non
2231 4357 2388 4408 modo
2419 4355 2750 4409 liberehaec
2792 4364 3047 4426 egerunt,
3094 4355 3189 4410 sed
3243 4356 3506 4411 Acacium

1940 4450 2128 4515 etiam,
2159 4457 2216 4501 et
2245 4430 2558 4517 quicunque
2583 4447 2650 4501 ad
2694 4462 2819 4502 eum
2847 4448 3221 4517 confugissent
3248 4487 3263 4512 ,
3306 4450 3507 4519 quippe

1873 4530 1922 4590 Ι)
1951 4540 2044 4610 qui
2073 4541 2337 4593 intentata
2364 4538 2444 4592 eis
2470 4538 2700 4592 erimina
2719 4538 2931 4594 diluere
2960 4540 3289 4604 timuissent,
3323 4542 3508 4611 digni-

270 4662 372 4707 tate
393 4653 740 4722 ptivarunt:
811 4646 1105 4717 Georgium
1152 4647 1362 4701 scilicet
1413 4645 1867 4709 Alexandrinum,
1908 4641 2172 4698 Uranium
2230 4637 2477 4707 Tyrium,
2532 4633 2909 4705 Patrophilum
2975 4633 3508 4704 Scythopolitanum,

269 4755 318 4798 et
349 4747 656 4800 Eudoxinm
704 4747 1154 4801 Antiochenum:
1211 4746 1348 4800 alios
1407 4753 1590 4797 autem
1644 4737 2229 4797 excommunicationis
2301 4735 2500 4790 canoni
2567 4733 2883 4803 subjeeere,
2920 4731 3096 4787 donec
3160 4732 3228 4786 de
3268 4732 3511 4787 crimini-

273 4841 372 4894 bus
397 4845 480 4896 eis
511 4844 744 4913 objectis
781 4859 876 4911 per
903 4858 1082 4896 causa:
1115 4841 1411 4895 dictionem
1441 4839 1838 4895 satisfacerent.
1883 4836 2045 4906 790
2109 4835 2286 4902 Atque
2347 4831 2402 4885 id
2435 4829 2581 4900 quod
2611 4828 2678 4883 de
2715 4830 2796 4884 eis
2823 4836 3005 4882 actum
3034 4836 3214 4891 esset,
3257 4828 3506 4896 parmene

271 4937 491 4990 cuilibet
513 4937 904 5005 perscripsere.
954 4934 1020 4988 Et
1069 4936 1122 4989 in
1167 4931 1395 4986 Eudoxii
1464 4933 1642 4985 locum
1711 4929 2015 4984 Antiochia:
2074 4925 2345 4979 Auiauum
2390 4937 2774 4991 surrogavere,
2838 4919 3099 4975 Ecclesia:
3154 4920 3508 4977 Antiochense

274 5030 650 5100 presbyterum
683 5045 878 5100 :qucm
908 5028 1192 5083 confestim
1215 5027 1442 5080 Aeacius
1462 5023 1942 5092 comprehensum,
1969 5021 2164 5073 Leon-.e
2190 5027 2244 5072 et
2277 5015 2530 5070 Lauricio
2553 5013 2797 5081 tradidit,
2822 5015 2913 5084 qui
2946 5014 3046 5068 sub
3071 5014 3292 5069 militari
3323 5022 3508 5069 custo-

274 5123 358 5173 dia
385 5138 512 5174 cum
549 5132 802 5186 tenuere,
830 5133 880 5176 et
917 5133 1102 5191 postea
1151 5119 1343 5173 exsilio
1379 5117 1838 5173 condcmnavere.
1879 5115 1944 5168 Et
2001 5129 2086 5168 res
2120 5111 2342 5180 quidem
2370 5109 2634 5164 Seleuciae
2663 5108 2716 5162 in
2763 5108 2972 5178 synodo
3005 5119 3158 5171 actae,
3191 5108 3352 5163 sicuti
3414 5123 3507 5162 cas

275 5217 661 5284 compendiose
683 5229 959 5284 exponere
989 5213 1165 5284 potui,
1200 5212 1348 5265 hunc
1385 5210 1631 5263 habuere
1690 5211 1871 5262 tinent.
1913 5206 2015 5271 Qui
2074 5219 2206 5258 vero
2250 5214 2504 5257 accurate
2567 5203 2749 5256 omnia
2800 5217 3131 5272 cognoscere
3190 5202 3377 5263 velint,
3440 5215 3505 5253 et

275 5313 390 5379 ejus
419 5311 560 5364 actis
587 5326 646 5364 ea
675 5320 1026 5380 petanl,qu2e
1057 5308 1309 5373 dispositi
1371 5306 1566 5361 notarii
1629 5303 1905 5373 diligentia
1947 5317 2157 5355 summa
2182 5299 2485 5354 confcccre.
2525 5297 2708 5353 Rebus
2743 5298 2816 5349 ita
2853 5297 3034 5367 gestis,
3055 5293 3237 5349 Acacii
3267 5293 3506 5353 fautores

275 5404 532 5458 celeriter
585 5405 649 5458 ad
685 5408 1069 5472 imperatorem
1094 5411 1223 5455 sunt
1267 5399 1514 5471 profecti.
1547 5399 1648 5452 Alii
1700 5413 1830 5450 vero
1870 5397 2097 5450 domum
2128 5395 2357 5463 quisque
2406 5409 2559 5447 suam
2597 5400 2943 5462 receperunt.

348 5584 422 5651 (l)
451 5584 684 5653 Cyrillus
727 5601 755 5637 a
802 5582 1008 5654 synodo
1041 5579 1106 5654 ad
1153 5580 1540 5654 imperatorem
1573 5595 1833 5654 provoca-

1944 5579 2047 5634 ltoc
2094 5589 2282 5633 contra
2330 5575 2701 5632 Ecclesiastici
2749 5573 2976 5628 canonis
3030 5570 3512 5626 consuetudinem.

279 5649 372 5718 vit,
405 5667 456 5707 et
492 5649 788 5722 {inperator
819 5649 1258 5724 provocationem
1289 5652 1631 5720 approbant.
1669 5649 1890 5703 Factum
2419 5663 2428 5674 ·

3145 5643 3409 5712 (S.icral.)
