3970 6190
481 344 583 410 407

1690 347 2107 413 NICEPHORI
2144 352 2485 414 CALLISTI

3610 358 3702 427 408

484 475 542 519 et
571 471 824 521 versatus
854 472 939 518 est
974 477 1101 518 cum
1147 461 1457 532 discipulis.
1487 462 1556 518 Et
1586 463 1785 520 diebus
1816 465 2055 536 quadra-

2160 468 2249 522 λον
2283 468 2469 541 ἔφερε,
2505 447 2817 542 διότίμηδέ
2847 470 2905 524 σί
2930 470 3146 543 Γραφαὶ
3164 470 3323 525 τοῦτο
3356 475 3701 545 περιέχουσιν,

485 557 636 625 ginta
657 556 919 628 expletis,
950 564 1205 624 receptus
1229 555 1283 609 in
1312 555 1505 623 coelos,
1529 565 1582 611 et
1607 556 1763 612 sedet
1787 555 1841 610 in
1866 557 2056 613 dextra

485 649 702 713 Patris.
748 658 1015 705 venturus
1068 648 1159 704 die
1211 657 1462 705 extremo
1520 649 1946 705 resurrectionis
2000 650 2056 705 in

483 742 657 811 gloria
711 750 971 810 paterna,
1027 750 1091 795 ut
1149 739 1347 795 reddat
1399 740 1706 813 unicuique
1750 741 2056 798 secundum

483 847 649 902 opera
693 847 813 887 sua.
862 831 929 887 Et
977 831 1032 886 in
1078 830 1347 901 Spiritum
1406 843 1679 898 sanctum,
1720 849 1884 904 quem
1940 835 2058 905 ipse

482 924 800 995 unigenitus
840 923 938 979 Dei
979 923 1153 980 Filius
1188 925 1455 981 Dominus
1502 936 1557 981 et
1600 925 1744 982 Deus
1773 936 1965 983 noster
1999 942 2059 983 se

479 1016 783 1071 missurum
832 1016 1091 1087 promisit
1141 1018 1328 1086 generi
1375 1016 1662 1071 hominum
1710 1019 2056 1074 Paracletum

479 1122 576 1161 seu
635 1108 1061 1174 consolatorem,
1103 1107 1569 1176 quemadmodum
1624 1109 1891 1179 scriptum
1947 1119 2053 1177 cst,

479 1198 642 1270 793
707 1199 975 1269 Spiritum
1034 1200 1327 1264 veritatis,
1378 1215 1544 1271 quem
1594 1202 1677 1256 eis
1732 1202 1881 1257 misit
1930 1218 2054 1257 cum

478 1290 825 1347 ascendisset
869 1291 923 1345 in
968 1292 1159 1347 caelos.
1207 1290 1545 1349 Substantizc
1597 1304 1781 1351 autem
1825 1306 2048 1359 nomen,

477 1384 627 1454 quod
662 1384 967 1453 simplicius
996 1401 1024 1438 a
1057 1384 1315 1440 Patribus
1348 1387 1586 1455 positum
1616 1397 1719 1449 est,
1752 1397 1808 1441 et
1842 1387 2058 1457 populis

479 1492 589 1530 non
619 1477 980 1543 intellectum,
1011 1477 1334 1532 scandalum
1363 1494 1457 1533 seu
1485 1478 1881 1533 otl‘cndiculum
1911 1489 2056 1534 attu-

478 1567 542 1620 lit
574 1606 589 1629 ,
621 1575 913 1635 propterea
958 1568 1104 1636 quod
1157 1576 1213 1623 et
1245 1566 1545 1638 Scriptum:
1581 1570 1630 1624 id
1669 1585 1777 1623 non
1826 1570 2055 1636 habent,

475 1657 737 1731 placitum
762 1669 847 1714 est
863 1658 1078 1726 tollere,
1095 1668 1150 1714 et
1166 1661 1287 1732 ejus
1306 1662 1372 1715 de
1395 1670 1592 1717 caetero
1609 1662 1810 1716 nullam
1832 1663 2057 1716 omnino

476 1750 595 1805 fieri
648 1751 1021 1816 mentionem,
1072 1751 1523 1821 quandoquidem
1574 1751 1777 1806 divina:
1836 1768 2055 1821 quoque

478 1843 783 1914 Scriptura;
870 1844 1189 1915 neutiquam
1230 1845 1557 1901 substantia:
1609 1844 1785 1923 Patris
1831 1855 1887 1900 et
1933 1846 2054 1900 Filii

477 1937 803 1992 meminere.
829 1937 1019 2007 Neque
1046 1937 1194 1991 enim
1225 1936 1530 1992 substantia
1558 1936 1627 1991 de
1656 1936 1817 1992 Patre
1840 1948 1893 1991 et
1920 1935 2056 1990 Filio

477 2038 534 2082 et
578 2025 792 2098 Spiritu
833 2039 1026 2084 sancto
1057 2029 1331 2085 nominari
1362 2028 1547 2085 debet.
1589 2027 1836 2084 Similem
1869 2038 2054 2083 autem

478 2120 814 2190 proﬁtemur
854 2121 1056 2176 Filium
1092 2122 1279 2187 Patri,
1319 2122 1483 2177 sicuti
1518 2122 1719 2177 divinae
1756 2119 2054 2191 Scriptum

477 2213 674 2268 dicunt
706 2223 763 2269 et
795 2214 1020 2270 docent.
1057 2214 1263 2271 Omnes
1308 2225 1491 2271 autem
1535 2215 1803 2277 haereses,
1837 2223 1893 2269 et
1931 2228 2053 2283 quia

471 2305 585 2376 jam
614 2317 774 2363 antea
802 2316 931 2363 sunt
954 2307 1250 2373 damnata,
1271 2319 1326 2362 et
1348 2309 1392 2363 si
1418 2323 1540 2378 quae
1565 2308 1869 2362 novaa‘sunt
1896 2317 2051 2372 erue,

476 2400 687 2470 scripto
720 2400 854 2455 huic
881 2401 1228 2471 promulgato
1252 2400 1521 2465 adversm,
1549 2399 1842 2454 anathema
1867 2400 1997 2454 sint.
2029 2417 2049 2453 ι

475 2490 601 2548 Πίος
624 2502 713 2548 est
740 2490 865 2547 fidei
896 2492 1132 2547 formula
1163 2492 1239 2563 (Ι)
1267 2492 1505 2563 primum
1541 2492 1763 2563 quidem
1794 2490 2051 2559 Arimini,

475 2594 593 2639 tum
642 2599 773 2640 vero
824 2585 991 2640 etiam
1043 2583 1525 2654 Constantinopoli
1580 2585 1743 2639 lecta.
1795 2582 2061 2651 Quando-

475 2677 698 2746 quidem
731 2692 864 2732 vero
896 2691 1000 2732 nos
1034 2677 1127 2731 vix
1164 2675 1386 2731 tandem
1423 2691 1490 2731 ex
1525 2675 1889 2730 formularum
1926 2674 2049 2731 fidei

475 2769 798 2842 labyrintho
850 2768 1255 2839 expedivimus,
1297 2769 1541 2823 breviter
1585 2768 1696 2837 jam
1756 2783 2048 2823 numerum

475 2861 643 2917 etiam
699 2877 892 2918 earum
942 2862 1086 2917 inire
1138 2863 1315 2917 visum
1357 2868 1465 2918 est.
1519 2862 1596 2916 Ac
1644 2861 1885 2930 primum
1930 2860 2052 2929 qui-

476 2954 602 3009 dem
652 2955 924 3024 professio
971 2954 1096 3010 tldci
1142 2954 1339 3009 Nicaeae
1378 2962 1528 3009 recte
1566 2962 1649 3009 est
1689 2952 1917 3008 dictata.
1955 2951 2053 3006 Se-

2159 558 2327 628 ἧρεσε
2364 561 2812 631 περιαιρεθῆναι,
2850 564 2947 617 καὶ
2983 562 3266 625 παντελῶς
3301 566 3566 636 μηδεμίαν
3592 572 3706 640 μνή-

2162 669 2272 721 μην
2323 653 2418 707 τοῦ
2449 653 2639 707 λοιποῦ
2681 656 2941 724 γενέσθαι
2965 672 2979 687 ⁸
3016 656 3322 727 ἐπειδήπερ
3371 660 3464 711 καὶ
3501 660 3552 711 αἱ
3582 659 3705 712 θεῖαι

2158 744 2375 816 Γραφαὶ
2401 745 2645 816 οὐδαμοῦ
2668 748 3095 818 ἐμνημόνευσαν
3124 749 3256 820 περὶ
3281 750 3469 813 οὐσίας
3516 751 3705 825 Πατρὶς

2158 835 2253 887 καὶ
2283 834 2439 891 me.
2472 838 2585 890 Καὶ
2622 840 2735 908 γὰρ
2766 839 2867 892 οὐκ
2899 840 3108 909 ὀφείλει
3135 841 3437 906 ὑπόστασις
3466 844 3585 912 περὶ
3615 846 3707 896 [ια-

2158 927 2291 998 τρδς
2320 928 2418 981 καὶ
2446 928 2577 983 Υίοῢ
2612 932 2706 984 καὶ
2751 930 2912 993 ἁγίου
2967 931 3296 1002 Πνεύματος
3344 934 3702 1003 ὅνομάζεσθαι,

2161 1019 2390 1087 Ὅμοιον
2415 1020 2471 1074 δὲ
2502 1020 2740 1091 λέγομεν
2763 1024 2857 1076 τὸν
2888 1023 3019 1078 Υίδν
3042 1023 3121 1092 τῷ
3153 1026 3345 1093 Πατρὶ,
3372 1026 3447 1088 ῶς
3475 1025 3704 1094 λέγουσιν

2154 1115 2213 1167 al
2239 1116 2381 1168 θεῖαι
2412 1115 2629 1187 Γραιραὶ
2659 1115 2753 1168 καί¹
2782 1114 3152 1171 διδάσκουσιν.
3199 1118 3381 1171 Πᾶσαι
3410 1118 3466 1172 δὲ
3497 1122 3548 1172 ei
3578 1123 3705 1191 αίρέι

2159 1220 2299 1269 σεις,
2329 1205 2392 1259 αί
2419 1221 2478 1259 τε
2511 1206 2612 1276 ήδη
2641 1206 2911 1278 πρότερον
2945 1208 3380 1279 κατεκρίθησαν,
3403 1210 3493 1264 καὶ
3523 1212 3704 1275 αἵτινες

2160 1299 2253 1351 ἐὰν
2276 1298 2593 1368 καινότεραι
2648 1300 2945 1367 γένωνται,
2982 1301 3222 1355 ἐναντίαι
3274 1303 3591 1372 τυγχάνουσι
3619 1306 3704 1374 τῆς

2158 1387 2471 1456 ἐκτεθείσης
2502 1389 2998 1461 ταύτηςκγραφῆς,
3052 1391 3304 1462 ἀνάθεμα
3358 1393 3517 1447 ἔστω.
3557 1414 3573 1447 ι
3600 1396 3705 1449 Τοι-

2159 1479 2297 1550 αύτη
2358 1480 2458 1550 μὲν
2499 1483 2559 1534 ἐν
2592 1483 2858 1554 Ἀριμίνῳ
2915 1485 3017 1553 μὲν
3065 1485 3360 1554 πρότερον,
3408 1486 3523 1538 τότε
3565 1488 3614 1539 δὲ
3657 1491 3703 1540 ὲν

2160 1571 2737 1625 Κωνσταντινουπόλει
2781 1573 3203 1650 ἀναγνωσθεῖσα
3233 1574 3335 1644 τῆς
3370 1577 3598 1636 πίστεως
3630 1576 3705 1629 ἐκ·

2157 1662 2304 1726 δοσις
2322 1679 2337 1694 ο
2361 1663 2487 1716 ἐπεὶ
2514 1664 2574 1717 δὲ
2602 1664 2760 1734 μόλις
2791 1666 2958 1736 ἡμεῖς
2986 1665 3097 1718 τῶν
3128 1665 3406 1719 ἐκθέσεων
3442 1666 3531 1719 τὸν
3556 1666 3700 1719 λαϐύ-

2163 1756 2344 1825 ρινθον
2392 1755 2749 1826 διηνύσαμεν,
2814 1759 2873 1810 ἐν
2905 1759 3164 1828 συντόμῳ
3191 1756 3298 1827 ήδη
3334 1757 3429 1811 καὶ
3461 1757 3553 1827 τὴν
3581 1759 3704 1812 ἀπα.

2161 1846 2426 1916 ρίθμησιν
2476 1846 2657 1901 αὐτῶν
2714 1848 2794 1911 είς
2851 1848 3047 1902 ταυτὸν
3093 1848 3352 1918 ἀθροῖσαι
3410 1847 3701 1916 διέγνωμεν.

2160 1939 2383 2007 Πρῶτον
2423 1939 2523 2009 μὲν
2557 1941 2664 2010 γὰρ
2698 1940 2726 2011 ἠ
2757 1941 2814 1993 ἐν
2840 1941 3047 2011 Νικαίᾳ
3082 1941 3275 2005 πίστις
3318 1941 3492 2013 ὀρθῶς
3524 1942 3705 2010 ὑπηγῠ-

2160 2046 2353 2099 ρευται
2374 2045 2388 2059 ’
2416 2030 2646 2099 δευτέρα
2677 2030 2797 2100 μετ’
2829 2032 3050 2098 ἐκείνην
3081 2034 3138 2084 ἐν
3172 2032 3479 2102 Ἀντιοχείᾳ
3502 2035 3603 2093 τοῖς
3624 2031 3703 2082 τοῦ

2154 2120 2283 2174 ναοῦ
2317 2123 2619 2190 ἐγκαινίοις
2656 2123 2854 2187 δισσῶς
2890 2124 3192 2192 ἐξηνέχθη·
3227 2125 3393 2194 τρίτη
3437 2123 3481 2176 δ’
3518 2123 3702 2192 ἐστἰνή

2158 2213 2311 2280 παρὰ
2343 2213 2454 2266 τῶν
2484 2216 2612 2282 περὶ
2638 2213 2955 2283 Νάρκισσον
2995 2215 3072 2285 τῷ
3104 2213 3319 2283 βισιλεῖ
3342 2214 3704 2283 Κωνστανιτίιφ

2155 2304 2237 2375 τῷ
2271 2304 2379 2374 νέῳ
2420 2307 2478 2359 ἐν
2512 2306 2771 2369 Tantm;
2800 2307 3217 2375 ἁπαγγελθεῖσα
3237 2323 3252 2336 ⁸
3293 2309 3385 2361 ἐπὶ
3413 2306 3473 2376 δὴ
3502 2307 3705 2367 rauim;

2155 2397 2397 2468 τετάρτη
2451 2399 2485 2468 ἡ
2544 2398 2823 2464 Εὒδοξίου,
2857 2399 2892 2470 ἢ
2923 2401 3038 2461 τοῖς
3095 2402 3154 2450 ἐν
3198 2400 3407 2467 Ἰταλία
3435 2397 3702 2468 ἐπέμφθῃο

2156 2489 2254 2543 καὶ
2301 2489 2359 2542 ἐν
2389 2489 2606 2557 Σιρμίῳ
2636 2494 2786 2562 τρεῖς
2822 2492 3293 2561 ὐπηγορεύθησαν
3329 2494 3541 2561 ἕτεραι·
3575 2484 3643 2543 ὦν
3673 2491 3701 2560 ἠ

2091 1816 2130 1870 Β

2159 2581 2259 2653 μία
2288 2582 2383 2635 καὶ
2434 2586 2493 2635 ἐν
2533 2582 2804 2655 Ἀριμίνῳ
2842 2584 3165 2654 ἀνεγνώσθη
3190 2600 3205 2616 ο
3245 2584 3338 2637 καὶ
3383 2585 3414 2653 ἡ
3446 2585 3498 2636 ἐν
3532 2584 3704 2635 Zaleu-

2156 2676 2283 2747 κείᾳ
2312 2677 2378 2748 ῆν
2423 2676 2679 2742 Ἀκάκιος
2712 2677 2869 2732 ἐθετο
2890 2693 2905 2710 ο
2938 2680 3104 2749 ἐνάτη
3155 2677 3212 2731 δέ
3250 2677 3346 2729 καὶ
3382 2674 3700 2740 τελευταίαή

2157 2768 2216 2821 ἐν
2246 2769 2816 2824 Κωνσταντινουπόλει
2866 2772 3035 2835 ἐστὶν,
3071 2772 3104 2841 ἢ
3136 2770 3233 2823 καὶ
3282 2770 3381 2838 τὴν
3414 2767 3702 2838 προσθήκην

2158 2859 2399 2927 ἐδέξατο,
2434 2862 2497 2915 τὸ
2531 2866 2671 2933 μήτε
2701 2863 3002 2917 ὑπόστασιν
3033 2865 3170 2933 μήτε
3204 2862 3401 2916 οὐσίαν
3429 2861 3593 2927 λέγειν
3620 2859 3702 2911 ἐπὶ

2157 2951 2316 3007 Θεοῦ.
2347 2955 2458 3007 Καὶ
2490 2955 2621 3024 περὶ
2653 2954 2756 3023 μὲν
2779 2955 2988 3009 τούτων
3017 2954 3213 3008 ταῦτα.

478 3050 658 3103 eunda
708 3048 944 3104 formula
998 3050 1309 3104 Antiochia:
1357 3049 1413 3104 in
1465 3047 1817 3136 dedicatione
1866 3047 2055 3117 templi
2096 3046 2394 3118 dupliciter
2435 3058 2521 3105 est
2567 3050 2813 3119 prolata.
2873 3048 3061 3105 Tertia
3132 3065 3160 3104 a
3193 3048 3453 3105 Narcisso
3489 3053 3699 3101 sectato-

479 3140 747 3213 ribusque
792 3145 912 3233 ejus
960 3143 1277 3211 imperatori
1306 3141 1668 3199 Constantino
1707 3141 1912 3212 juniori
1965 3140 2020 3195 in
2060 3139 2251 3197 Galliis
2297 3150 2385 3197 est
2436 3142 2712 3198 exhibita.
2758 3143 2835 3198 Ad
2867 3144 2968 3198 has
2991 3151 3185 3214 quarta
3217 3140 3447 3196 Eudoxii
3474 3136 3699 3194 accessit.

388 3228 395 3233 ’
479 3251 603 3305 qua:
639 3236 808 3293 Italia:
841 3228 1039 3291 incolis
1076 3246 1163 3293 est
1194 3238 1381 3291 missa.
1417 3234 1605 3292 Sirmii
1642 3244 1759 3290 tres
1792 3234 1913 3289 alia:
1976 3233 2160 3300 editae,
2202 3250 2438 3304 quarum
2501 3251 2610 3290 una
2636 3236 2869 3291 Arimini
2899 3251 3122 3306 quoque
3173 3246 3261 3289 est
3287 3236 3530 3289 recitata.
3556 3228 3698 3284 Octa-

478 3342 603 3381 vam
641 3326 911 3383 Seleucia!
948 3329 1182 3384 Aeacius
1211 3329 1546 3397 composuit.
1590 3327 1745 3383 Nona
1776 3339 1831 3381 et
1901 3325 2090 3381 ultima
2154 3325 2765 3398 Constantinopolimna
2812 3338 2929 3393 cst,
2991 3330 3080 3383 cui
3138 3328 3310 3381 etiam
3360 3322 3700 3382 Arinnnensis

480 3421 762 3490 appendix
790 3420 997 3487 addita,
1025 3436 1093 3475 ue
1125 3423 1179 3475 in
1208 3421 1321 3476 Deo
1350 3421 1435 3475 Vi-l
1468 3419 1827 3476 subsistentia
1857 3419 1940 3475 vel
1973 3418 2284 3475 substantia
2321 3420 2725 3475 nominaretur.
2763 3421 2837 3475 De
2877 3421 2963 3475 his
2999 3420 3156 3475 satis.

1069 3537 1295 3595 CAPUT
1329 3536 1491 3592 XLV.

485 3632 550 3691 Ut
612 3634 835 3690 Aeacius
897 3640 946 3685 et
1018 3629 1288 3684 Eudoxius
1361 3628 1743 3694 episcopatibus
1795 3627 2056 3694 privarim

552 3704 944 3763 Macedoniam,
969 3699 1263 3764 Eleusium,
1292 3695 1571 3763 Basiliam,
1594 3706 1642 3749 et
1675 3696 2052 3767 Sophronium.

554 3792 659 3830 non
686 3775 941 3855 doctrina:
964 3787 1151 3829 causa.
1198 3769 1290 3824 sed
1319 3777 1529 3839 propter
1565 3768 2057 3855 privataque-dam

550 3845 795 3902 crimina.

554 3959 757 4017 Verum
801 3959 1089 4013 enimvero
1122 3957 1356 4011 Aeacius
1389 3964 1446 4012 et
1484 3953 1767 4009 Eudoxius
1805 3967 1932 4007 cum
1981 3950 2058 4006 fa-

481 4052 682 4108 ctionis
740 4065 853 4106 suae
909 4049 1221 4105 fautoribus
1274 4048 1460 4104 studio
1509 4063 1730 4118 quoque
1788 4045 2053 4111 habuere,

482 4160 609 4199 cum
646 4142 889 4214 Byzantii
925 4152 1132 4202 essent.
1170 4141 1415 4197 adversa:
1447 4143 1618 4211 partis
1660 4139 1939 4210 episcopis
1971 4136 2056 4191 vi-

483 4237 671 4292 cissim
694 4237 1017 4307 dignitatem
1043 4234 1288 4291 adimere
1314 4251 1329 4289 :
1356 4249 1466 4290 non
1494 4234 1777 4305 religionis
1803 4235 2054 4303 quidem,

484 4329 582 4384 sed
628 4328 862 4382 aliarum
912 4341 1099 4380 rerum
1146 4340 1332 4382 causa.
1381 4325 1762 4382 Communiter
1807 4323 2054 4396 quidem,

482 4418 631 4490 quod
666 4418 932 4473 ecclesias
964 4419 1400 4488 perturbassent,
1431 4428 1487 4472 et
1518 4418 1834 4472 s-inctiones
1866 4432 2055 4471 earum

481 4514 825 4577 violassent;
882 4511 1114 4565 seorsim
1169 4521 1388 4575 autem,
1445 4509 1745 4578 unicuique
1799 4508 1891 4562 alii
1950 4508 2055 4563 alia

484 4607 719 4660 crimina
753 4600 1127 4657 intentabant.
1162 4599 1327 4672 794
1358 4602 1535 4672 Atque
1567 4601 1640 4654 illi
1672 4600 1739 4654 de
1773 4598 1898 4653 ﬁdei
1931 4615 2057 4670 pro.

482 4698 726 4753 tessione
756 4694 901 4751 inter
931 4709 991 4751 se
1021 4693 1441 4757 dissentientes,
1471 4694 1526 4746 in
1560 4692 1852 4747 sententiis
1883 4705 2057 4747 exau-

485 4789 817 4845 ctorationis
840 4785 966 4842 fidei
991 4787 1200 4842 crimen
1228 4801 1337 4841 non
1366 4783 1705 4839 inserebant.
1729 4782 1797 4837 Et
1819 4782 2057 4855 primum

2079 3536 2127 3601 C

2734 3537 2987 3590 ΚΕΦΑΛ.
3022 3536 3157 3592 ME'.

2170 3623 2269 3693 Ὠς
2297 3629 2350 3681 οί
2402 3626 2536 3696 περὶ
2574 3627 2861 3683 Ἀκάκιον
2903 3628 3001 3682 καὶ
3040 3628 3340 3694 Εὐδόξιον
3395 3630 3703 3684 ἀντικαθίιι·

2230 3784 2331 3821 και
2363 3784 2689 3821 Βασίλειον
2728 3784 2826 3821 και
2876 3784 3245 3837 ιωςρρονιον,
3295 3784 3367 3824 ου
3409 3784 3500 3823 om

2228 3854 2365 3907 τμα,
2402 3838 2544 3892 ἀλλ’
2570 3837 2687 3905 ίὸίᾳ
2718 3837 3126 3908 ἐπαγαγόντες
3158 3840 3523 3909 ἐγκλήματα.

2231 3950 2302 4003 Οἵ
2339 3966 2402 4019 γε
2440 3951 2549 4020 μὴν
2599 3953 2729 4023 περὶ
2770 3950 3025 4006 Ἀκάκιον
3063 3953 3154 4005 καὶ
3195 3953 3446 4018 Εὐδόξιω
3494 3949 3701 4019 σπουδὴν

2159 4042 2253 4097 καὶ
2279 4044 2435 4097 αὐτοὶ
2474 4044 2755 4097 ἐποιοῦντο
2786 4044 3196 4113 ἁντικαθαιρεῖν
3242 4046 3368 4109 τοὺς
3409 4043 3500 4098 τοῦ
3533 4044 3699 4105 ἐτέρου

2161 4138 2362 4208 μέρους
2413 4138 2474 4189 ἐν
2500 4136 2781 4206 Βυζαντίῳ
2823 4137 3106 4208 γενόμενοι
3128 4157 3142 4169 ν
3173 4139 3237 4191 οὐ
3273 4141 3455 4208 μέντοι
3481 4138 3563 4190 διὰ
3588 4138 3701 4204 θρη-

2161 4230 2372 4292 σκείαν,
2403 4228 2542 4283 ἀλλὰ
2573 4229 2640 4282 δι’
2674 4229 2872 4299 ἐτέρας
2909 4230 3239 4299 προφάσεις.
3289 4231 3455 4300 Κοινῇ
3492 4228 3602 4297 μὲν,
3630 4224 3699 4277 δτι

2159 4319 2258 4382 τὰς
2286 4318 2583 4389 ἐκκλησίας
2605 4318 2903 4387 ἐτάραξαν,
2926 4321 3022 4375 καὶ
3045 4321 3126 4383 είς
3142 4322 3266 4383 τοὺς
3294 4320 3470 4375 αὐτῶν
3486 4316 3700 4383 θεσμοὺς

2158 4410 2543 4481 ἐξημάρτανον
2568 4426 2584 4441 ⁸
2641 4412 2751 4480 ἰδίᾳ
2793 4411 2840 4465 δ’
2885 4410 3102 4482 ἐκάστῳ
3154 4412 3298 4482 ἄλλῳ
3340 4411 3504 4471 ἄλλας
3541 4406 3698 4461 αἰτίας

2159 4505 2451 4575 ἐπέφερον.
2485 4504 2679 4560 Καίτοι
2717 4520 2782 4574 γε
2811 4504 2941 4574 περὶ
2976 4505 3215 4565 πίστεως
3240 4506 3339 4572 μὲν
3361 4504 3697 4572 διεκρίνοντο⁶

2159 4599 2218 4651 ἓν
2232 4615 2297 4667 γε
2319 4600 2428 4671 μὴν
2447 4603 2566 4663 ταῖς
2589 4599 2974 4669 καθαιρέσεσιν
2990 4601 3051 4652 οὐ
3071 4600 3172 4669 τὴν
3189 4600 3371 4653 πίστιν
3382 4598 3454 4657 ῶς
3476 4594 3699 4664 ἔγκλημα

2158 4686 2317 4761 ἦγον.
2363 4690 2589 4762 Πρῶτον
2625 4691 2727 4759 μὲν
2763 4687 2857 4745 οὖν
2896 4691 2995 4760 τῆς
3044 4691 3324 4753 διακονίας
3372 4686 3698 4755 καθαιροῦσιν

2172 4783 2402 4849 Ἀέτιον,
2430 4783 2508 4846 ὠς
2554 4782 2804 4853 ταραχῆς
2833 4784 2930 4836 καὶ
2971 4786 3219 4847 στάσεως
3264 4785 3435 4837 αἴτιον
3479 4782 3590 4837 ταῖς
3616 4778 3697 4827 ἐκ-

482 4881 707 4938 Aetium
751 4882 1044 4935 diaeonatu
1097 4879 1339 4949 privarit,
1394 4888 1455 4934 ut
1497 4877 1589 4948 qui
1630 4877 1805 4932 turbae
1831 4885 1888 4932 et
1912 4875 2055 4932 sedi-

2165 4877 2419 4944 κλησίαις
2447 4876 2762 4944 γενόμενον,
2805 4876 2902 4928 καὶ
2935 4874 3232 4944 ἐριστικῶς
3262 4873 3362 4928 καὶ
3404 4856 3693 4938 σοφιστικῶς

489 4972 659 5026 tionis
685 4972 740 5026 in
758 4971 1006 5027 Ecclesia
1025 4979 1218 5026 auctor
1243 4969 1539 5034 exstiterit,
1564 4968 2060 5038 disputationibus-

484 5079 592 5134 que
630 5064 973 5119 coutentiose
1026 5063 1402 5133 sophistarum
1444 5077 1597 5117 more
1634 5063 1701 5116 ad
1735 5062 2059 5117 ostentatio-

483 5170 611 5211 nem
653 5169 777 5209 cum
824 5155 965 5207 mala
998 5154 1163 5217 fama,
1188 5163 1380 5208 contra
1409 5153 1667 5208 Ecclesia:
1698 5151 2058 5207 consuetudi-

487 5264 609 5303 nem
658 5258 713 5303 et
758 5249 1094 5311 inStitutum,
1133 5248 1337 5299 abusus
1385 5245 1572 5305 luerit,
1605 5255 1662 5299 et
1705 5245 1962 5300 eumdem
2001 5244 2055 5297 in

485 5342 785 5397 scribendo
836 5340 1059 5393 modum
1112 5338 1435 5393 servaverit.
1478 5337 1634 5391 Hunc
1680 5338 1904 5405 quidem
1958 5337 2056 5401 ita,

488 5451 594 5488 non
626 5449 692 5488 ex
727 5433 895 5487 animi
935 5431 1235 5494 sententia,
1270 5430 1364 5484 sed
1413 5439 1471 5485 ut
1513 5429 1829 5499 opinionem
1860 5429 2059 5484 multo-

488 5540 608 5580 rum
657 5527 966 5593 abolerent,
1016 5526 1163 5595 quod
1220 5525 1335 5579 fere
1382 5525 1644 5579 omnibus
1689 5524 1884 5579 eadem
1938 5539 2083 5594 qum,

488 5616 581 5671 ille
608 5619 813 5673 sentire
842 5620 1184 5680 viderentur,
1217 5625 1668 5672 exauctorarunt.
1705 5615 2060 5687 imperatoris

564 5793 643 5865 (Ι)
681 5794 891 5851 Socrat.
920 5795 1018 5850 lib.
1050 5814 1086 5865 ι,
1125 5816 1221 5868 cap
1287 5798 1364 5852 l5.

2160 4970 2259 5032 τὰς
2290 4969 2559 5036 διαλέξεις
2584 4969 2930 5040 ποιούμενον,
2963 4971 3098 5039 πρὸς
3128 4968 3356 5034 ἐνδειξιν
3404 4970 3494 5018 καὶ
3518 4959 3696 5025 δυσφή-

2166 5079 2285 5130 μως
2317 5063 2510 5125 αὑταῖς
2557 5065 2859 5134 χρώμενον,
2892 5065 2984 5115 καὶ
3018 5062 3095 5131 μὴ
3130 5063 3272 5115 κατὰ
3307 5060 3489 5129 σχῆμα
3527 5056 3695 5119 ἐκκλη-

2165 5156 2452 5226 σιαπικῆς
2496 5156 2892 5226 προαιρέσεως.
2929 5155 3132 5209 Τοῦτον
3177 5153 3275 5225 μὲν
3307 5152 3407 5205 οὐκ
3446 5148 3548 5203 ἀπὸ
3574 5141 3696 5211 γνώ-

2167 5265 2276 5316 μης
2305 5249 2578 5310 καθεῖλον,
2621 5247 2758 5303 ἀλλὰ
2786 5248 2885 5319 τὴν
2912 5247 3023 5301 τῶν
3058 5246 3268 5300 πολλῶν
3308 5242 3461 5307 δόξαν
3495 5242 3691 5302 ἀποτρε-

2166 5339 2387 5408 ϐόμενοι
2416 5356 2431 5372 ο
2469 5341 2607 5393 πᾶσι
2639 5341 2746 5409 γὰρ
2800 5339 2986 5409 σχεδὸν
3036 5336 3348 5407 ἐνομίζοντο
3396 5332 3463 5385 τὰ
3510 5327 3690 5381 ἐκείνου

2168 5435 2390 5504 φρονεῖν
2420 5433 2515 5486 καὶ
2558 5432 2733 5486 αὐτοί.
2767 5434 2811 5484 Τ
2816 5437 2848 5504 ῃ
2875 5432 2920 5484 δ’
2951 5436 3014 5484 ἐκ
3045 5430 3309 5501 βασιλέως
3344 5426 3475 5496 ὀργῇ
3504 5420 3694 5491 χρῶμ’

2168 5541 2251 5578 νοι
2282 5526 2580 5595 συμμάχῳ,
2607 5526 2675 5595 ἢν
2703 5526 2799 5579 καὶ
2827 5526 2946 5579 κατ’
2972 5524 3169 5584 ἄλλων.
3197 5522 3428 5594 μάλιστα
3451 5515 3505 5568 δέ
3529 5514 3693 5567 Μακε-

2168 5614 2342 5669 δονίου
2406 5615 2783 5686 ἐταμιεύοντο,
2816 5615 2885 5670 δι’
2944 5616 3123 5686 ἇσπερ
3168 5617 3466 5684 εἰρήκαμεν
3513 5601 3693 5659 ἄπωθεν
