3970 6190
262 325 349 383 403

1166 317 1775 380 ECCLESIASTlCzE
1816 318 2208 381 HISTORIA?
2244 318 2391 380 LIB.
2438 317 2542 378 IX.

3387 313 3507 379 ιτα

262 441 465 497 στάσεις
501 435 592 487 καὶ
633 433 846 502 φόνους,
882 435 978 487 καὶ
1009 433 1096 511 διὰ
1133 434 1229 504 τὴν
1263 436 1557 505 μεεαΟεσιν
1606 437 1705 506 τῆς
1736 438 1816 491 Θί-

1929 450 2104 495 autem
2135 440 2214 495 ira
2242 438 2405 509 quasi
2431 434 2668 504 quodam
2699 430 2947 488 subsidio
2979 430 3086 498 usi,
3117 444 3222 501 qua
3252 428 3341 485 ille
3366 448 3491 486 cum

258 536 348 601 6ης
377 531 483 583 τῶν
521 528 694 583 ὀστῶν
724 528 817 580 τοῦ
876 530 1080 598 πατρδς
1125 532 1565 598 Κωνσταντίιου,
1614 535 1705 587 καὶ
1734 535 1815 589 ὅτι

255 624 492 676 διάκονον
533 622 625 675 ἐπὶ
667 622 902 692 πορνεία
940 621 1224 676 ἑαλωκότα
1273 626 1558 689 κοινωνίας
1591 626 1814 694 ἠξίωσε,

257 715 573 785 καθαιροῦσι
614 715 708 767 καὶ
746 714 938 767 τοῦτον
984 717 1217 769 αὐτίκαρ
1258 718 1441 789 τρίτον
1486 721 1577 773 ἐπὶ
1604 720 1819 784 τούτοις

253 805 338 856 τὸν
387 800 628 865 Κυζίκου
675 802 975 869 Ἐλεύσιον,
1031 805 1210 858 αἰτίαν
1256 807 1576 875 ἐπάγοντες,
1627 809 1817 878 ὅτιπερ

265 895 578 965 Ἡράκλειόν
634 912 757 948 τινα
792 896 1015 965 Τύριον,
1054 898 1201 967 ἱερέα
1248 899 1517 953 ὄνταετοῦ
1570 905 1627 953 ἐν
1655 884 1819 972 Τύρῷ

263 987 588 1058 Ἡρακλέους
646 985 928 1056 Ἑλληνίου
993 988 1140 1049 θεοῦ.
1199 991 1478 1057 γοητείαις
1536 991 1819 1054 πλείσταις

251 1080 592 1147 κατάφωρον,
636 1077 733 1131 τοῦ
762 1078 909 1131 Θείου
944 1082 1210 1149 μεταδοὺς
1259 1083 1682 1151 ἀπερισκέπτως
1723 1085 1822 1154 βα-

251 1170 591 1239 πτίσματος,
646 1172 726 1233 είς
786 1170 1037 1224 διακόνου
1105 1174 1444 1242 χειροτονίαν
1499 1178 1818 1246 προήγαγεν

250 1260 676 1329 ὑποκρινόμενον
724 1261 793 1314 τὰ
834 1262 1207 1331 Χριστιανῶν,
1258 1265 1473 1331 φυγάδα
1505 1282 1565 1317 τε
1610 1266 1698 1319 διὰ
1723 1269 1820 1330 τάς

248 1353 497 1420 γοητείας
532 1352 743 1405 ἐκεῖθεν
787 1354 1081 1422 γενόμενον
1107 1369 1122 1383 ο
1177 1354 1275 1409 καὶ
1310 1355 1463 1408 ταῦτ’
1499 1358 1555 1419 ἐς
1595 1357 1821 1427 ὕστερον

251 1440 433 1510 μαθὼν
461 1441 711 1495 τοιοῦτον
739 1439 899 1509 εῖναι,
936 1444 997 1496 οὐ
1022 1443 1116 1496 τοῦ
1156 1446 1405 1514 ἱερᾶσθαι
1432 1447 1661 1515 ἀπεῖρξε
1684 1467 1696 1480 ·
1727 1451 1821 1503 καὶ

250 1534 317 1595 ὼς
342 1532 544 1603 ἄνδρας
574 1533 664 1586 διὰ
699 1536 1045 1601 κατάγνωσιν
1078 1537 1526 1608 ἀπεληλαμένους
1571 1540 1717 1610 Μὰρι
1745 1541 1822 1610 τῷ

251 1627 530 1697 ἑπισκόπῳ
582 1624 965 1696 Χαλκηδόνος,
1014 1632 1382 1699 ἀφικομένους
1434 1634 1514 1696 είς
1559 1626 1821 1697 Κύζῖκον,

254 1718 545 1787 ἱερωσύνης
586 1719 963 1782 ἀκανονίστως
992 1722 1290 1787 μετέδωκε.
1320 1723 1603 1776 Βασίλειον
1637 1725 1693 1779 δὲ
1730 1725 1821 1778 τὸν

1923 532 2192 586 adversus
2220 530 2359 585 alios
2388 527 2702 598 plerosque,
2740 532 2855 578 tum
2888 521 3122 578 maxime
3154 520 3208 576 in
3238 520 3495 577 Macedo-

1922 625 2075 678 nium
2122 629 2433 678 commotus
2491 618 2695 683 fuerat,
2733 623 2959 687 propter
3011 627 3104 669 eas
3150 627 3288 682 quas
3333 622 3495 668 antea

1923 715 2164 768 diximus
2207 710 2510 767 seditiones
2555 716 2612 763 et
2657 705 2870 772 caedes,
2918 719 3023 759 nec
3069 718 3180 756 non
3228 702 3299 758 ob
3343 718 3495 757 urnae

1922 805 2172 860 cinerum
2202 801 2548 859 Constantini
2576 799 2749 869 patris
2775 795 3191 851 translationem
3224 812 3238 848 :
3263 802 3319 849 et
3345 793 3491 863 quod

1925 897 2153 964 insuper
2182 894 2473 949 diaconum
2508 892 2563 944 in
2596 885 2961 943 fornicatione
2989 883 3394 953 deprehensum
3425 884 3493 937 ad

1922 987 2372 1044 communionem
2415 980 2750 1044 admisisset,
2804 977 2855 1032 ei
2902 991 3122 1047 quoque
3170 974 3492 1046 dignitatem

1925 1081 2213 1152 abrogant.
2247 1074 2471 1130 Eleusio
2507 1080 2772 1144 praeterea
2802 1067 3096 1143 Cyziceno,
3130 1064 3363 1118 crimine
3399 1062 3494 1116 illo

1923 1172 2162 1241 ohjceto,
2190 1164 2337 1235 quod
2366 1163 2678 1217 lleraclium
2708 1157 3002 1230 quemdam
3037 1153 3287 1225 Tyrium,
3314 1167 3495 1205 sacer-

1912 1261 2107 1315 dotem
2148 1255 2417 1317 Herculis,
2453 1252 2626 1307 Grreci
2662 1251 2771 1314 dei,
2808 1250 2864 1303 in
2900 1248 3036 1301 urbe
3057 1244 3223 1316 Tyro,
3265 1241 3498 1296 manifeo

1909 1365 2071 1420 ,srum
2118 1350 2513 1417 impostorem,
2574 1340 2984 1396 inconsiderate
3025 1336 3092 1390 ad
3134 1347 3351 1389 sacrum
3398 1332 3494 1386 bac

1923 1445 2181 1512 ptismum
2227 1437 2553 1501 admissum,
2589 1433 2644 1488 in
2679 1432 3044 1486 diaconorum
3078 1440 3302 1496 quoque
3349 1423 3498 1483 ordi-

1923 1550 2047 1590 nem
2080 1531 2326 1603 legisset,
2360 1543 2486 1583 eum
2518 1526 2738 1596 quidem
2773 1523 2820 1576 is
2849 1519 3337 1576 Christianismum
3372 1526 3496 1570 tan-

1927 1638 2037 1683 tum
2072 1625 2380 1688 simularet,
2408 1629 2464 1675 et
2507 1626 2732 1689 propter
2767 1616 3100 1684 imposturas
3128 1610 3276 1680 Tyro
3308 1609 3496 1678 prolu-

1923 1718 2091 1788 gisset
2125 1732 2138 1767 :
2170 1724 2285 1768 tum
2330 1708 2536 1775 autem,
2571 1706 2715 1777 quod
2762 1720 2887 1759 eum
2924 1712 3113 1774 postea
3161 1700 3319 1754 talem
3370 1712 3494 1751 eum

245 1815 336 1870 ,καὶ
364 1812 607 1865 Βασιλᾶν
632 1812 918 1883 διωνὺμως
949 1814 1307 1883 καλούμενον,
1328 1817 1384 1879 ὃς
1418 1819 1538 1873 ἀντὶ
1565 1819 1825 1888 Μαρκὲλ-.

1929 1825 2046 1863 esse
2084 1803 2456 1874 cognovisset,
2488 1799 2659 1853 nihilo
2695 1805 2879 1851 tamen
2910 1793 3083 1863 magis
3111 1805 3273 1845 sacro
3298 1789 3496 1842 ordine

246 1903 333 1955 λου
363 1903 437 1972 τῷ
468 1903 575 1972 τῆς
618 1906 976 1983 Ἀγκυρανῷν
1006 1905 1185 1976 Θρόνῳ
1216 1908 1601 1975 ἀντικατέστη,
1628 1911 1704 1973 ὡς
1728 1911 1819 1963 οὑν·

244 1992 347 2045 δενὶ
380 1994 525 2063 λόγῳ
553 1993 846 2063 ἄνθρωπον
877 1995 1133 2066 βασάνοις
1160 1998 1518 2063 ἐκδεδωκότα,
1548 2004 1640 2053 καὶ
1669 1999 1818 2070 σιδη-

248 2084 600 2154 ροδεσμώτας
652 2089 844 2158 εἱρκτῇ
901 2089 1082 2157 πολλῷ
1115 2090 1291 2160 χρόνῳ
1350 2091 1815 2161 ἐγκλεισάμενον

246 2180 331 2230 καὶ
358 2178 432 2239 ὡς
466 2178 671 2248 ρἀειέ
704 2196 816 2232 τισι
844 2184 1211 2250 συκοφαντίας
1238 2183 1415 2246 δεινὰς
1449 2184 1728 2253 κληρικοίς
1763 2183 1820 2249 ἐξ

255 2268 615 2339 Ἀντιοχείας,
652 2270 831 2335 Κίλιξί
852 2288 909 2323 τε
947 2273 1039 2325 καὶ
1074 2273 1341 2337 Γαλάταις
1377 2275 1471 2326 καὶ
1522 2262 1815 2340 Ἀσιανοῖς,

247 2362 475 2433 ἀκρίτως
516 2363 753 2432 ἄρχουσι
808 2364 1109 2433 παραδοὺς,
1161 2365 1365 2433 ζημίας
1412 2366 1672 2436 πρόξενος
1727 2371 1821 2421 καὶ

247 2453 539 2522 ὑπερορίου
579 2456 763 2523 φυγῆς
799 2456 1019 2521 ἐγένετο
1050 2455 1223 2520 αἴτιος
1245 2475 1260 2489 ’
1305 2457 1383 2509 ἔτι
1417 2458 1474 2510 δὲ
1504 2460 1597 2511 καὶ
1630 2459 1705 2523 ὡς
1731 2460 1820 2513 τὸν

248 2546 545 2600 δωδεὺοντα
600 2536 971 2618 πρεσϐύτερον
1010 2550 1270 2618 Διογένην
1313 2549 1372 2614 ἐξ
1411 2551 1821 2621 Ἀλεξινδρείας

249 2636 339 2706 τὴν
374 2640 671 2708 Ἀγκυραν
699 2639 996 2703 ἀφελέσθαι
1025 2657 1084 2692 τε
1115 2641 1240 2703 τοὺς
1267 2644 1476 2711 χάρτας
1502 2644 1593 2704 οὓς
1622 2645 1820 2711 ἐπεφέ-

256 2747 393 2798 ρετο,
443 2733 545 2784 καὶ
588 2731 752 2785 αὑτὸν
806 2731 1014 2800 τύψειε.
1064 2734 1174 2786 Καὶ
1215 2733 1382 2800 ἄλλην
1430 2734 1487 2787 δὲ
1545 2737 1835 2804 προσῆγον

252 2822 442 2887 αἰτίαν,
495 2823 583 2883 ὡς
629 2822 928 2891 βασιλικοῖς
963 2826 1191 2896 ἀντέστη
1247 2830 1664 2896 προστάγμασιν
1693 2846 1704 2857 ·
1741 2823 1824 2890 οἷς

253 2916 493 2970 ἐκέλευεν
540 2915 772 2981 Ἀέτιον,
807 2919 899 2969 καί
948 2936 1101 2980 τινας
1150 2919 1368 2986 ἄλλους,
1419 2919 1655 2989 ἀχθῆναι
1689 2920 1823 2991 πρὸς

256 3010 586 3078 Κεκρόπιον,
647 3011 807 3079 λόγον
851 3010 1230 3074 ἀποδώσοντας
1280 3014 1408 3083 περὶ
1456 3006 1531 3065 ὧν
1580 3014 1822 3081 κατηγό-

258 3117 439 3171 ρηντοο
471 3103 580 3156 καὶ
611 3102 687 3165 ὡς
725 3102 1050 3173 Ἑρμογένει
1084 3104 1159 3174 τῷ
1198 3105 1450 3175 ὑπάρχῳ,
1487 3105 1583 3158 καὶ
1611 3105 1687 3173 τῷ
1719 3104 1821 3174 ἅρ-

256 3207 392 3258 χοντι
423 3193 633 3263 Συρίας
664 3192 894 3261 ἔγραφε,
926 3193 1077 3256 τινας
1112 3194 1208 3246 καὶ
1227 3194 1334 3264 ὅπη
1362 3196 1467 3264 χρὴ
1494 3194 1826 3264 μετοικίζειν

255 3285 443 3349 αὐτούς
463 3302 480 3318 σ
512 3285 666 3354 ὑπὲρ
695 3279 769 3339 ὧν
804 3286 895 3339 τοῦ
929 3286 1194 3348 βασιλέως
1226 3288 1530 3356 γράφοντος
1562 3287 1826 3353 κατάγειν

256 3376 463 3443 αὑτοὺς,
493 3378 843 3447 τεχνηέντως
868 3370 1025 3439 οὗτος
1050 3378 1247 3445 ἐπῆγε,
1272 3380 1384 3440 τοῖς
1405 3395 1462 3429 τε
1480 3378 1708 3448 ἄρχουσι
1733 3368 1827 3430 καὶ

260 3470 486 3539 ἱερεῦσιν
514 3469 937 3540 ἐναντιούμενος
963 3486 980 3502 ·
1014 3468 1095 3522 ἔτι
1121 3469 1177 3522 δὲ
1210 3470 1301 3523 καὶ
1332 3468 1407 3533 ὡς
1437 3469 1713 3539 Γερμινίῳ
1733 3468 1827 3521 τὸν

258 3563 310 3614 ἐν
350 3562 573 3635 Σιρμίῳ
617 3562 818 3631 κλῆρον
852 3562 1143 3632 ὲπανίστη,
1187 3562 1283 3616 καὶ
1316 3562 1590 3631 ἐπιορκῶν
1642 3562 1823 3615 ἑάλω·

258 3654 344 3706 καὶ
369 3653 444 3717 ὡς
495 3652 786 3723 Ἰλλυριοῖς
827 3653 923 3707 καὶ
959 3653 1190 3724 Ἀςρροις
1234 3654 1304 3707 δι’
1333 3652 1633 3707 ἐπιστολῶν
1687 3652 1829 3723 διχο-

258 3746 398 3809 νοίας
425 3748 532 3800 καὶ
566 3744 809 3808 στάσεως
839 3745 1012 3809 αίτιος
1043 3744 1307 3813 ἐγεγόνει.
1340 3743 1481 3813 Πρὸς
1508 3743 1565 3795 δὲ
1589 3743 1689 3797 καὶ
1710 3740 1829 3795 δού-

258 3834 351 3907 λην
401 3837 686 3907 δεσμῶτιν
736 3836 949 3903 ὲὸίαζε,
1002 3837 1175 3906 ψευδῆ
1231 3837 1677 3906 καταμαρτυρεῖν
1727 3833 1827 3900 τῆς

259 3930 547 4013 δεσποίνης
571 3946 583 3960 ’
612 3931 816 4001 αἰσχρᾷ
837 3947 895 3983 τε
922 3928 1067 3998 μίξει
1098 3928 1265 3997 ἄνδρα
1291 3927 1516 3992 γυναικὶ
1533 3923 1825 3995 ὁμιλοῦντα

263 4024 542 4088 ἐϐάπτισε,
578 4023 675 4076 καὶ
712 4023 994 4085 διακονίας
1025 4021 1182 4091 ἠξίου
1204 4037 1220 4053 ο
1253 4020 1348 4074 καί
1392 4037 1514 4074 τινα
1545 4018 1828 4087 περιοδευ-

259 4114 351 4182 τὴν
385 4112 599 4167 πολλῶν
628 4111 802 4181 φόνων
833 4111 1126 4179 γενόμενον
1166 4108 1340 4162 αίτιον
1373 4107 1468 4177 τῆς
1526 4104 1828 4174 ἐκκλησίας

263 4207 318 4255 οὐ
355 4206 611 4273 διέστησε
636 4220 651 4235 ’
688 4205 780 4258 καὶ
805 4204 882 4267 ὡς
932 4204 1060 4274 περὶ
1099 4203 1201 4276 τὴν
1250 4200 1519 4272 μυστικὴν
1551 4199 1829 4271 τράπεζαν
1862 4267 1867 4273 ‘

267 4299 609 4368 συνωμοσίας
647 4298 821 4349 ἐποίει
846 4311 863 4327 ·
896 4296 989 4348 καὶ
1016 4295 1145 4358 τοὺς
1175 4297 1232 4347 ἐν
1260 4294 1449 4364 κλήρῳ
1485 4293 1830 4363 παρεσκεύα-

265 4387 349 4449 ζεν
393 4385 739 4456 ἐπόμνυσθαι
771 4384 1227 4455 μὴικατηγορεῖν
1265 4382 1513 4454 ἀλλήλων
1537 4398 1551 4413 ·
1594 4382 1730 4453 δόλῳ
1772 4381 1828 4435 δὲ

264 4476 416 4531 τοῦτο
449 4478 737 4548 πράττειν,
772 4477 848 4538 ὡς
900 4476 968 4529 ἄν
997 4475 1158 4536 αὑτὸς
1201 4474 1418 4545 πρῶτος
1448 4472 1523 4526 ὢν
1568 4472 1659 4525 τοῦ
1694 4474 1825 4542 κλή-

1933 4470 2262 4525 concitasset
2311 4484 2325 4519 :

271 4586 378 4635 ρου,
404 4570 501 4632 τὰς
543 4567 882 4636 κατηγορίας
927 4565 1310 4634 διαφυγγάνοι.
1348 4565 1455 4617 Καὶ
1494 4564 1561 4618 τὰ
1609 4564 1708 4634 μὲν
1736 4563 1829 4617 τοῦ

279 4660 543 4732 Ἀγκύρας
599 4658 886 4712 Βασιλείου
942 4659 1039 4727 τῆς
1085 4657 1459 4727 καθαιρέσεως
1509 4656 1658 4710 αῐτια
1705 4656 1831 4708 τάδε

269 4753 509 4818 ἐγένοντο
538 4769 551 4782 ·
586 4750 680 4804 τοῦ
705 4751 750 4804 δ’
802 4751 1103 4803 Εὑσταυίου
1138 4748 1470 4811 Σεϐαστείας
1500 4746 1599 4815 τῆς
1628 4748 1683 4796 ἐν
1707 4746 1835 4814 Ἀρ-

273 4849 424 4915 pavi;
465 4847 685 4916 πρῶτον
709 4844 830 4915 μὲν,
865 4842 940 4906 ὼς
978 4842 1143 4913 ἡνίκα
1174 4840 1251 4912 τῷ
1283 4840 1663 4910 πρεσόυτερίῳ
1687 4855 1828 4892 κατ-

270 4938 493 5003 εἰλεκτο,
554 4938 813 5001 Εὑλάλιος
870 4940 896 4989 ὁ
946 4935 1159 4988 ἐκείνου
1239 4933 1423 5004 πατὴρ
1472 4932 1831 5000 κατεγνωκὼς

272 5028 452 5091 αὑτοῦ,
506 5028 608 5095 τῆς
664 5027 965 5097 ἐκκλησίας
1006 5025 1281 5094 ἀφώρισεν
1307 5040 1321 5053 ο
1348 5023 1541 5090 ὅτιπερ
1587 5022 1833 5090 ἀνάρμο-

273 5137 389 5173 στον
419 5125 484 5191 τῇ
536 5121 806 5191 ἱερωσύνῃ
852 5118 1043 5186 στολὴν
1088 5118 1378 5186 ἠμφίεστο.
1408 5114 1737 5175 Ἐπίσκοπος
1790 5113 1832 5163 δ’

275 5204 338 5280 ἧν
376 5212 627 5272 emno;
660 5209 998 5279 Καισαρείας
1033 5205 1132 5276 τῆς
1177 5200 1564 5260 Καππαδοκῶν
1592 5223 1604 5235 ’
1642 5204 1834 5256 ἔπειτα

276 5304 366 5355 καὶ
398 5308 455 5354 ἐν
484 5307 545 5372 τῇ
588 5303 681 5356 τοῦ
718 5303 926 5353 lim-.99
962 5298 1367 5369 Νεοκαισαρεία
1409 5298 1693 5358 κοινωνίας
1725 5298 1832 5348 ἄπο

277 5397 491 5463 ἐγένετο
516 5400 577 5465 τῇ
630 5397 807 5446 ἐκεῖσε
844 5393 1067 5459 συνέδῳ.
1103 5391 1334 5443 Καοεῐλε
1378 5389 1433 5441 δὲ
1474 5389 1636 5439 αὑτὸν
1671 5387 1835 5438 Εὐσέ-

282 5490 389 5552 ϐιος
415 5490 441 5540 ὁ
468 5490 679 5558 πρῶτον
714 5488 812 5556 μὲν
847 5482 1115 5556 Βηρυτοῦ,
1150 5479 1706 5550 εἴτα’Νικομηδείας,
1739 5481 1834 5530 καὶ

280 5579 457 5647 τρίτον
493 5580 586 5650 τῆς
641 5572 1272 5632 Κωνσεαντινουπὸλεως
1308 5569 1634 5638 Ἐκκλησίας
1691 5572 1832 5639 μετὰ

284 5669 486 5725 Παῦλον
510 5669 689 5725 λαϐὼν
716 5670 816 5738 τὴν
856 5664 1179 5737 ἐπιτροπὴν,
1219 5663 1312 5717 ἆτς
1351 5661 1415 5731 δὴ
1437 5662 1529 5714 ἐπὶ
1570 5679 1680 5713 τισι
1707 5662 1835 5714 διοι-

287 5764 474 5826 κήσεςι
502 5765 974 5833 καταγνωσθέντα.
1011 5760 1138 5813 Ἐπὶ
1171 5758 1223 5812 δὲ
1274 5758 1506 5823 τοίτοις,
1536 5757 1610 5819 ὼς
1636 5755 1709 5827 μὴ
1743 5773 1835 5809 κυι-

1928 1897 2211 1953 movisset.
2264 1894 2536 1947 Praeterea
2586 1887 2735 1959 quod
2786 1887 2938 1940 viros
2985 1882 3251 1954 quosdam
3287 1895 3317 1934 a
3362 1877 3496 1933 Mari

1925 1986 2293 2046 Chalcedonis
2342 1984 2646 2054 episcopo,
2694 1979 2787 2050 qui
2841 1986 2956 2031 tum
3013 1971 3497 2040 Constantinopoli

1926 2078 2218 2137 conventui
2256 2076 2348 2132 isti
2385 2073 2565 2139 aﬂuit,
2600 2071 2890 2125 damnatos
2925 2077 3089 2137 atque
3131 2064 3495 2133 proscriptos,

1926 2181 2117 2228 contra
2183 2181 2424 2226 canones
2489 2161 2823 2219 sacerdotali
2886 2157 3155 2228 dignitate
3221 2162 3496 2209 ornasset.

1925 2266 2185 2321 Basilium
2218 2275 2455 2332 quoque,
2488 2257 2580 2327 qui
2614 2266 2669 2311 et
2697 2254 2927 2318 Basilas,
2963 2260 3023 2305 ut
3049 2247 3372 2311 binominis,
3410 2245 3500 2298 di«

1927 2368 2049 2413 ctus
2095 2366 2201 2421 est,
2240 2364 2297 2408 et
2350 2367 2447 2421 pro
2502 2347 2756 2402 Marcello
2806 2346 3148 2414 Ancyranam
3201 2337 3497 2394 Ecclesiam

1928 2447 2189 2513 obtinuit,
2239 2447 2622 2502 exauctorant,
2664 2437 2810 2507 quod
2866 2433 3150 2488 hominem
3204 2429 3496 2497 quemda.n

1928 2551 2123 2613 prater
2163 2538 2430 2593 rationem
2464 2546 2683 2585 onmem
2737 2530 2801 2582 ad
2851 2532 3123 2581 tormenta
3161 2518 3498 2577 tradidisset,

1929 2612 1979 2688 et
2011 2634 2221 2687 catenis
2262 2630 2481 2681 vinctos
2528 2625 2690 2692 longo
2734 2629 2982 2688 tempore
3017 2617 3071 2670 in
3106 2613 3357 2669 custodia
3404 2612 3501 2662 ha.

1931 2727 2176 2787 huisset;
2206 2732 2263 2776 et
2291 2718 2436 2789 quod
2468 2730 2660 2787 graves
2690 2709 2996 2767 calumnias
3025 2704 3254 2765 clericis,
3273 2702 3503 2773 quibus-

1929 2817 2054 2870 dam
2103 2810 2498 2873 Antiochenis,
2552 2804 2851 2867 Cilicibus,
2912 2798 3119 2855 Calatis
3166 2806 3223 2852 et
3280 2790 3505 2850 Asianis

1932 2904 2219 2969 texuisset,
2253 2900 2459 2967 quibus
2503 2895 2709 2951 indicta
2758 2907 2922 2947 causa
2968 2887 3379 2959 provinciarqu
3417 2898 3503 2937 re-

1931 2995 2180 3051 ctoribus
2227 2991 2446 3047 traditis
2495 2988 2681 3043 multa:
2729 2984 3023 3053 exsiliique
3062 2994 3225 3036 causa
3267 2977 3499 3033 exstitit.

1932 3088 2065 3143 ltem
2095 3085 2241 3156 quod
2277 3080 2500 3152 Diogeni
2529 3077 2849 3150 presbytero
2872 3071 3202 3129 Alexandria
3229 3070 3509 3147 Ancyram,

1929 3182 2104 3247 eunti,
2135 3180 2356 3233 chartas
2385 3188 2522 3245 quas
2548 3186 2733 3227 secum
2761 3164 3324 3230 ferebatabstulisset,
3346 3175 3505 3215 eum-

1930 3272 2167 3340 demque
2223 3265 2553 3353 verberibus
2610 3260 2905 3316 aﬂ‘ecisset.
2956 3257 3132 3311 Aliam
3178 3267 3399 3325 quoque
3449 3249 3503 3305 ei

1931 3368 2205 3435 impegere
2245 3347 2448 3424 dicam,
2489 3356 2638 3427 quod
2684 3351 3066 3423 imperialibus
3103 3347 3318 3403 scilicet
3354 3359 3507 3398 ruan-

1930 3459 2073 3514 datis
2102 3456 2354 3509 resistere
2377 3463 2548 3504 ausus
2577 3447 2792 3510 fuisset,
2818 3443 3021 3514 quibus
3053 3437 3502 3509 praecipiebatur,

1932 3560 1992 3604 ut
2035 3548 2229 3603 Aetius
2270 3553 2326 3599 et
2366 3542 2458 3596 alii
2495 3538 2717 3609 quidam
2783 3537 2849 3589 ad
2894 3533 3246 3601 CecrOpium,
3278 3541 3501 3583 causam

1932 3647 1997 3696 de
2049 3635 2375 3694 criminibus
2423 3648 2543 3703 quae
2592 3629 2674 3683 eis
2724 3625 3128 3698 objiciebantur
3177 3620 3319 3691 apud
3376 3634 3505 3673 eum

1931 3734 2159 3799 dicturi,
2190 3732 2550 3786 ducerentur.
2583 3726 2654 3780 Et
2683 3722 2832 3794 quod
2858 3717 3199 3788 llerutogeni
3246 3713 3505 3784 pra-freto

1931 3839 2095 3894 atque
2128 3825 2290 3878 etiam
2323 3821 2490 3893 Syria:
2524 3815 2722 3872 rectori
2753 3811 3086 3882 scripsisset,
3114 3821 3254 3878 quos
3281 3815 3338 3860 et
3368 3818 3507 3874 quo-

1933 3936 2055 3973 nam
2111 3918 2356 3971 loeorum
2413 3906 2785 3980 deportandos
2837 3907 3115 3958 curaret:
3181 3895 3342 3969 795
3404 3910 3503 3965 pro

1931 4009 2135 4080 quibus
2182 4023 2305 4061 cum
2351 4005 2674 4075 imperator,
2713 4003 2767 4054 in
2816 3998 3052 4070 patriam
3097 4010 3194 4050 eos
3241 3993 3505 4048 reducere

1925 4104 2151 4173 jubens,
2198 4098 2552 4167 scripsisset,
2595 4095 2712 4165 ipse
2767 4104 2950 4147 tamen
3001 4099 3117 4144 arte
3162 4085 3397 4159 quadam
3445 4090 3507 4136 ut

1931 4193 2079 4247 aliud
2119 4193 2277 4245 ﬁeret
2315 4187 2612 4248 effecisset,
2646 4181 3057 4255 magistratibus
3099 4177 3262 4234 simul
3293 4184 3349 4232 et
3381 4174 3505 4245 cpi-

1932 4286 2113 4356 scopis
2165 4284 2453 4337 adversus.
2500 4278 2735 4348 Insuper
2785 4273 2931 4345 quod
2986 4269 3196 4336 Sirmii,
3235 4264 3502 4323 Germinii

1933 4379 2168 4440 clerum,
2199 4390 2266 4429 ne
2298 4390 2422 4428 eum
2455 4387 2522 4427 eo
2554 4366 2997 4425 communicaret
3038 4363 3106 4419 ad
3145 4361 3505 4416 rebellionem

2388 4463 2649 4534 quodque
2713 4459 2766 4515 in
2828 4456 3074 4530 perjurio
3128 4453 3507 4524 deprehensus

1936 4563 2159 4627 fuisset;
2211 4557 2356 4629 quod
2408 4555 2673 4627 lllyricis,
2729 4550 2994 4605 Romanis
3041 4556 3097 4602 et
3146 4544 3350 4615 Aphris
3407 4558 3506 4611 per

1934 4655 2147 4709 litteras
2175 4648 2463 4705 discordiae
2491 4657 2546 4701 et
2574 4643 2863 4699 seditionis
2890 4652 3110 4694 causam
3140 4635 3502 4706 praebuisset;

1935 4745 2079 4815 quod
2129 4744 2183 4797 in
2231 4740 2523 4794 Africanos
2573 4735 2822 4789 scribens
2865 4731 3177 4799 episcopos,
3215 4723 3503 4781 Ursacium

1934 4847 1988 4891 et
2025 4833 2308 4889 Valentem
2362 4825 2702 4883 calumniose
2756 4820 3082 4877 criminatus
3127 4812 3307 4880 esset;
3354 4811 3501 4881 quod

1935 4925 2189 4979 ancillam
2225 4922 2465 4974 vinctam
2497 4915 2693 4968 falsum
2722 4919 2913 4965 contra
2947 4911 3132 4960 heram
3164 4918 3319 4958 suam
3353 4901 3502 4955 testi-

1937 5018 2182 5072 monium
2208 5011 2392 5066 dicere
2421 5004 2808 5076 compulisset;
2844 4999 2990 5071 quod
3021 4999 3195 5052 virum
3228 5010 3353 5050 cum
3385 5009 3504 5045 nm-

1934 5112 2069 5165 liere
2128 5107 2274 5162 fceda
2330 5098 2730 5159 consuetudine
2789 5095 3063 5150 viventem
3128 5088 3501 5160 baptizasset.

1934 5203 2225 5269 eidemque
2277 5194 2494 5252 diaconi
2552 5192 2875 5263 dignitatem
2938 5183 3303 5245 contulisset;
3358 5175 3503 5247 quo:l

1935 5294 2341 5361 exploratorem
2371 5285 2666 5356 quemdam
2700 5282 2983 5343 itinerum,
3014 5276 3107 5344 qui
3142 5270 3329 5327 multis
3356 5284 3457 5322 nee
3482 5282 3507 5320 s

1937 5400 2157 5439 causam
2204 5382 2485 5441 attulerat,
2518 5375 2750 5432 ecclesia
2807 5387 2915 5426 non
2963 5365 3321 5422 exclusisset;
3359 5360 3505 5431 quod

1937 5478 2001 5530 ad
2044 5476 2327 5547 mySIicant
2378 5486 2619 5526 mensam
2665 5463 3076 5537 conjurationes
3117 5456 3356 5516 fecisset,
3391 5452 3501 5507 cle-

1939 5585 2172 5637 rumque
2205 5567 2279 5620 ibi
2307 5560 2663 5635 iurisiurandi
2686 5562 3052 5616 sacramento,
3079 5566 3146 5604 ne
3173 5549 3313 5602 alius
3335 5546 3501 5600 alium

1938 5673 2241 5721 accusaret,
2267 5655 2677 5716 obstrinxisset,
2700 5650 2755 5706 id
2779 5644 2925 5717 quod
2951 5643 3076 5699 dolo
3097 5642 3163 5696 ah
3184 5655 3251 5696 eo
3274 5639 3498 5697 factum,

1939 5765 1998 5809 ut
2033 5754 2235 5808 scilicet
2291 5754 2405 5819 ipse
2447 5747 2678 5815 primam
2715 5742 2768 5796 in
2808 5742 2954 5796 clero
2992 5736 3312 5807 dignitatem
3360 5732 3503 5788 obti-
