3970 6190
426 264 543 335 415
1040 328 1049 340 ,
1654 274 2072 337 NICEPHOIU
2109 275 2452 336 GALLISTI
3190 231 3225 235 η
3261 266 3288 286 ⁰
3569 275 3661 340 ns

426 385 627 453 coegit.
664 384 828 456 793
860 385 1047 440 'l'alcm
1076 386 1297 456 quidem
1333 388 1696 447 abdicationis
1717 392 1838 467 ejus
1867 407 1998 448 cau-

2109 394 2327 457 Πάντας
2360 392 2418 446 δὲ
2461 390 2688 456 τούτους
2735 392 2896 454 ὅσους
2927 391 3201 455 καθεῖλον,
3236 390 3332 446 καὶ
3369 393 3469 461 τῆς
3515 395 3660 449 Κων-

425 490 541 530 sam
583 474 754 530 fuisse
802 478 1008 542 audivi,
1050 476 1147 533 sed
1193 493 1304 533 non
1356 480 1489 536 satis
1542 491 1693 538 certe
1746 496 1884 547 tum,
1935 495 1995 539 ut

2109 484 2389 537 σταντίνου
2424 481 2715 538 ἀπώσαντο
2747 484 2796 536 ei
2827 483 2956 553 περὶ
2994 483 3277 538 ’Δκάκιον.
3308 479 3491 538 *Ησαν
3531 484 3576 540 δ’
3600 488 3662 542 ἐκ

435 565 569 619 mihi
604 566 841 629 videtur,
890 566 1306 623 convenientem
1347 584 1365 626 :
1411 571 1673 640 quoniam
1728 571 1901 627 fames
1940 582 1996 626 et

2109 573 2195 627 τοῦ
2237 574 2440 645 μέρους
2463 573 2648 627 αὐτῶν
2677 572 2809 627 δέκα
2834 572 2924 626 τὸν
2961 574 3223 644 ἀριθμὸν,
3260 574 3313 628 οἶ
3341 577 3461 637 ταῖς
3487 577 3660 631 estati-

428 659 657 727 penuria
712 659 1046 713 venditionis
1100 674 1266 715 causa
1322 659 1500 716 fuere.
1556 663 1995 732 Quibuscunque

2109 681 2225 725 ταις
2276 664 2665 735 καθαιρέσεσιν
2697 665 2898 736 ἥκιστα
2940 664 3168 747 ᾑροῦντο
3202 666 3621 737 ἐπιψηφίζεσθαι
3644 685 3657 701 ⁸

426 753 609 797 autem
647 743 878 799 Aeacius
916 743 1279 816 factionisque
1309 744 1430 819 ejus
1475 747 1717 805 fautores
1757 750 1993 821 dignita-

430 844 536 888 tem
582 835 997 904 abrogavcrant,
1030 852 1126 893 eos
1166 838 1330 892 etiam
1365 855 1558 895 omnes
1602 841 1993 897 Constantino-

426 923 535 993 poli
566 926 911 992 expulerunt.
950 928 1118 984 Erant
1141 940 1323 984 autem
1351 931 1402 985 in
1428 946 1489 987 ea
1518 932 1757 989 factione
1779 937 1992 1001 decem,

427 1015 522 1084 qui
573 1019 876 1072 sententias
920 1020 1108 1074 talium
1152 1021 1573 1092 abrogationum
1610 1024 1836 1080 calculis
1879 1025 1997 1081 suis

427 1109 789 1178 comprobare
823 1112 1139 1167 noluerunt.
1166 1113 1272 1169 Eos
1299 1114 1354 1169 in
1395 1116 1517 1169 loco
1548 1126 1701 1170 certo
1726 1118 1994 1173 asservari

420 1200 659 1278 jussere,
702 1210 760 1256 ut
790 1203 865 1257 ibi
900 1204 1095 1273 priveti
1126 1213 1372 1273 agerent.
1403 1223 1580 1275 neque
1613 1223 1725 1261 rem
1758 1209 1995 1263 divinam

425 1291 782 1361 attingentes,
820 1309 1000 1363 neque
1045 1310 1236 1350 eorum
1285 1296 1586 1366 quidquam
1630 1314 1749 1367 quae
1777 1299 1995 1368 episco-

346 1422 353 1427 .
427 1381 568 1450 palis
611 1383 853 1439 muneris
878 1392 1025 1440 Esunt
1063 1397 1312 1456 agentes,
1361 1389 1536 1443 donec
1576 1390 1994 1459 abrogationum

428 1474 723 1527 sententiis
756 1475 1194 1531 subscriberent.
1229 1477 1295 1533 Et
1327 1479 1431 1534 nisi
1472 1479 1615 1534 intra
1649 1497 1867 1538 menses
1902 1498 1999 1538 sex

426 1579 527 1636 per
553 1568 933 1636 pmnitentiam
970 1572 1376 1642 resipiscerent,
1422 1586 1476 1630 et
1511 1578 1674 1630 rebus
1729 1579 1989 1636 omnibus

428 1673 550 1726 quae
590 1661 835 1730 synodus
862 1665 1223 1719 constituerat
1250 1667 1672 1735 assentirentur,
1699 1670 1832 1739 ipsis
1854 1687 1996 1742 quo-

2101 754 2197 819 οὓς
2229 757 2324 810 καὶ
2352 757 2604 810 ἐκέλευον
2630 758 2689 810 ἐν
2715 754 2795 826 τῷ
2830 752 3067 826 ἀσφαλεί
3098 759 3315 828 τηρεῖν,
3348 758 3444 810 καὶ⁵
3470 759 3659 827 διάγειν

2102 848 2161 901 ἐν
2206 847 2443 913 ἐαυτοϊς,
2482 849 2618 918 μήτε
2672 846 3015 918 λειτουργίας
3055 848 3356 915 ἅπτεσθαι,
3418 851 3545 920 μήτ’
3576 854 3659 906 ἐκ·

2101 939 2353 1008 κλησίαις
2406 957 2459 992 τι
2491 938 2765 1011 προσῆκον
2822 941 3143 1004 ἐπισκόποις
3194 942 3357 1012 δρᾷν,
3407 942 3559 1013 ἄχρις
3598 943 3659 997 ἂν

2099 1032 2220 1093 ταῖς
2248 1029 2642 1099 καθαιρέσεσιν
2677 1033 3092 1103 ὐπογράψωσιν.
3130 1034 3191 1087 El
3223 1033 3272 1086 δ’
3306 1034 3458 1099 ἐντὸς
3488 1036 3660 1104 μηνῶν

2098 1116 2157 1181 ἓξ
2188 1115 2262 1188 μὴ
2291 1118 2603 1187 χρήσωνται
2645 1119 2959 1189 μεταμέλῳ,
2989 1122 3084 1173 καὶ
3127 1119 3207 1191 μὴ
3238 1122 3409 1175 πᾶσιν
3443 1123 3657 1178 ἕλωνται

2098 1209 2213 1268 τοῖς
2256 1210 2323 1276 τῇ
2375 1207 2577 1278 συνόδῳ
2621 1208 2970 1279 δεδογμένοις
3023 1213 3282 1281 στοιχεῖν,
3337 1216 3434 1266 καὶ
3479 1216 3658 1281 αὐτοὺς

2100 1296 2456 1365 ἀφαιρεῖσθαι
2489 1298 2590 1362 τὰς
2636 1298 2956 1370 ἐκκλησίας,
2990 1303 3088 1357 καὶ
3126 1303 3515 1375 ἀπικαθιπᾷν
3555 1307 3658 1360 ἐτέ-

2105 1403 2231 1457 ρους
2262 1387 2449 1451 αὐταῖς
2481 1393 2632 1461 κοινῇ
2663 1392 2970 1458 συνιόντας,
2991 1392 3183 1464 ὥσπερ
3218 1395 3381 1449 εἴωθε
3407 1396 3656 1464 γίνεσθαι.

2109 1477 2202 1540 Ὦς
2236 1478 2292 1532 δὲ
2342 1479 2551 1532 τοιαῦτ’
2603 1480 3016 1548 ἐϐουλεύσαντο,
3075 1485 3173 1537 καὶ
3213 1485 3397 1555 πέρας
3452 1478 3562 1556 εἶχε
3605 1488 3658 1541 τὸ

2104 1570 2395 1640 βούλευμα.
2433 1575 2543 1634 τοῖς
2571 1574 2886 1644 ἁπανταχοῦ
2926 1575 3167 1647 ἔγραφον
3204 1577 3544 1644 ἐπισκόποις,
3570 1578 3659 1649 τὴν

2103 1664 2161 1715 ἐν
2194 1662 2460 1734 Ἀριμίνῳ
2496 1665 2678 1719 πίστιν
2709 1667 3004 1736 φυλάττειν
3038 1672 3177 1738 μετὰ
3209 1670 3311 1740 τῆς
3334 1670 3658 1742 προσθήκης,

428 1764 536 1817 que
568 1751 884 1822 ademptum
919 1756 1205 1821 ecclesias,
1238 1758 1469 1829 aliisque
1522 1762 1877 1819 commissum
1905 1765 1996 1834 iri,

2109 1753 2197 1805 καὶ
2225 1753 2364 1821 ὑπογ
2374 1759 2571 1824 ραφαῖς
2591 1773 2660 1809 κν
2670 1756 2797 1825 ροῦν
2819 1776 2834 1791 ο
2864 1759 2992 1823 τοὺς
3009 1759 3055 1812 δ’
3078 1738 3274 1824 ἄλλως
3293 1738 3513 1831 ἔχοντας
3528 1738 3655 1829 ’γνὼ-

428 1841 525 1909 qui
558 1857 680 1896 cum
713 1846 793 1899 eis
824 1849 1233 1914 consentirent,
1266 1852 1429 1906 sicuti
1468 1852 1582 1907 ﬁeri
1614 1856 1792 1922 solet,
1823 1859 1999 1913 mina-

430 1932 654 1988 bantur.
686 1935 799 1990 lloe
830 1936 921 1990 ubi
949 1942 1377 2007 constituerunt,
1405 1946 1809 2018 consiliumque
1835 1964 1996 2006 suum

430 2021 500 2075 ad
528 2023 734 2078 exitum
761 2027 1158 2094 perduxerunt,
1181 2030 1246 2083 ad
1274 2032 1559 2102 episcopos
1583 2035 1784 2104 ubique
1807 2052 1998 2095 omnes

429 2114 647 2171 litteras
675 2115 971 2185 dederunt,
1006 2130 1064 2174 ut
1104 2123 1506 2181 Ariminensem
1542 2125 1667 2183 ﬁdei
1711 2129 2001 2199 professio-

430 2222 555 2262 nem
605 2225 711 2265 una
756 2227 879 2265 cum
929 2215 1233 2284 adjectione
1277 2233 1376 2272 sua
1423 2229 1728 2286 servarent,
1764 2236 1998 2294 eamque

432 2297 938 2369 subscriptionibus
969 2303 1085 2360 suis
1112 2308 1527 2374 confirmarent.
1567 2309 1745 2365 Aliter
1773 2313 1820 2367 si
1851 2311 1994 2367 face-

431 2399 577 2457 rent,
628 2392 806 2446 solum
832 2395 1035 2450 exsilii
1077 2412 1239 2451 causa
1288 2408 1586 2456 verterent.
1625 2402 1705 2458 Ad
1748 2418 1870 2472 qum
1899 2405 1991 2459 im-

430 2483 702 2557 petaturis
766 2501 1027 2556 cinoque,
1100 2499 1280 2559 empta
1341 2506 1535 2546 eorum
1607 2496 1997 2563 comprobans,

430 2575 663 2629 accessit
704 2579 939 2632 sanctio.
985 2578 1288 2636 Certiorem
1322 2598 1541 2652 quoque
1575 2584 1642 2638 de
1691 2585 1777 2640 his
1807 2588 2000 2642 Patro-

430 2667 643 2737 philum
680 2667 1113 2741 Scythopolitam
1147 2673 1347 2736 fecere,
1375 2676 1469 2744 qui
1498 2690 1556 2730 se
1589 2676 1772 2731 statim
1807 2677 1998 2735 Seleu-

431 2758 518 2813 cia
554 2758 621 2813 ad
648 2774 804 2814 suam
845 2763 1159 2818 contulerat
1194 2765 1524 2821 Ecclesiam.
1556 2767 1624 2822 Et
1662 2768 1827 2837 paulo
1854 2779 1996 2840 posst,

432 2850 714 2905 Eudoxius
740 2868 864 2908 cum
894 2854 1262 2910 sectatoribus
1287 2856 1425 2922 suis,
1453 2856 1592 2913 alios
1618 2859 1741 2916 aliis
1772 2861 1827 2913 in
1858 2861 2002 2916 sedi-

434 2941 542 2995 bus
560 2942 967 3013 episcopalibus
993 2944 1299 3000 substituit.
1332 2945 1452 3017 lpse
1469 2948 1692 3018 quidem
1723 2950 2001 3007 Eudoxius

2109 1860 2218 1912 μης
2275 1844 2604 1916 ὑπερορίους
2650 1846 2904 1916 ἄγεσθαι.
2935 1850 3108 1905 Τοῦτο
3138 1852 3198 1904 δὲ
3247 1852 3346 1906 καὶ
3402 1852 3659 1923 θέσπισμα

2107 1934 2376 2002 βασιλέως
2420 1937 2639 2007 ἐκύρου.
2672 1939 2934 2010 Γνὼριμα
2965 1942 3022 1995 δὲ
3061 1941 3242 1998 ταῦτα
3287 1944 3553 1998 καθίστων
3577 1945 3659 1998 καὶ

2107 2026 2432 2098 ΙΙατροφίλῳ
2480 2028 2559 2098 τῷ
2589 2029 2973 2095 Σκυθοπόλεως
3000 2049 3015 2064 ο
3045 2027 3203 2094 οὗτος
3242 2034 3354 2105 γὰρ
3386 2035 3541 2099 εὐθὺς
3565 2036 3661 2091 ἀπὸ

2106 2114 2431 2180 Σελευκείας
2470 2118 2551 2180 είς
2575 2116 2674 2188 τὴν
2705 2119 2912 2173 οἰκείαν
2953 2118 3291 2192 Ἐκκλησίαν
3322 2121 3657 2195 ἀφώρμησεν.

2109 2205 2342 2259 Ἔπειτα
2375 2207 2434 2261 δὲ
2461 2208 2523 2261 οὐ
2562 2208 2742 2279 πολλῷ
2775 2210 3003 2282 ὕστερον
3028 2215 3079 2266 οι
3109 2215 3262 2285 ἀμφὶ
3289 2214 3379 2268 τὸν
3407 2215 3659 2283 Εὐδόξιον,

2105 2294 2300 2361 ἄλλους
2324 2297 2505 2363 ἄλλοις
2524 2300 2919 2356 ἀντικαθίστων
2948 2305 3062 2367 τοῖς
3094 2303 3335 2375 θρόνοις.
3366 2307 3537 2370 ,Αὐτὸς
3568 2307 3664 2377 μὲν

2105 2386 2215 2456 γὰρ
2277 2387 2527 2453 Εὐδόξιος
2571 2389 2789 2461 πρῶτος
2841 2391 3166 2465 Μακεδονίῳ
3210 2396 3656 2450 ἀντικαθίστατο·

2106 2476 2368 2546 Βασιλείῳ
2385 2477 2443 2531 δέ
2462 2478 2540 2551 τῷ
2566 2478 2891 2552 Ἄγκυρανῷ
2916 2482 3246 2550 Ἀθανάσιος
3267 2502 3282 2516 ⁸
3303 2489 3395 2539 τὸν
3417 2487 3470 2540 δὲ
3498 2487 3661 2541 Ἐλεύ-

2109 2581 2224 2619 σιον
2250 2566 2513 2636 Εὐνόμιος
2535 2569 2807 2640 διεδέχετο
2826 2585 2839 2599 ⁸
2872 2571 2930 2635 δς
2955 2571 3092 2642 δῆτα
3120 2577 3220 2629 καὶ
3244 2574 3487 2646 ἀρχηγὸς
3515 2578 3661 2630 κατέ-

2108 2665 2208 2721 στη
2238 2652 2338 2721 τῆς
2364 2654 2653 2725 ἐπωνύμου
2677 2657 2968 2728 αἱρέσεως.
3001 2661 3146 2716 Ἀντὶ
3170 2664 3233 2718 δὲ
3259 2665 3551 2720 Εὐσταθίου
3570 2665 3655 2720 τοῦ

2106 2744 2437 2806 Σεϐαστείας
2469 2748 2498 2800 δ
2547 2746 2688 2811 θεῖος
2735 2750 2996 2816 Μελέτιος
3029 2754 3131 2825 τὴν
3178 2756 3487 2827 ἐπισκοπὴν
3513 2758 3658 2826 ἐκλη-

2111 2836 2290 2906 ροῦτο.
2334 2837 2393 2892 '0
2420 2839 2475 2893 δὲ
2504 2842 2833 2907 Μακεδόνιος
2858 2845 2954 2916 τὴν
2979 2847 3077 2916 τῆς
3106 2848 3516 2923 Κωνστανξξνου
3549 2851 3657 2905 Ἐκ-

2107 2928 2340 2997 κλησίαν
2358 2930 2695 3001 ἀφαιρεθεὶς,
2718 2934 3020 3004 ἀντιπέραν
3044 2938 3141 3009 τῆς
3164 2940 3375 3005 πόλεως
3401 2941 3532 3011 πρὸς
3555 2940 3662 2995 Ἕω

435 3033 651 3101 primus
681 3032 1000 3090 Macedonio
1033 3046 1354 3107 surrogatus
1382 3047 1467 3093 est
1515 3057 1530 3093 :
1574 3040 1774 3096 Basilio
1816 3053 1998 3098 autem

443 3126 723 3153 Anna-ann
804 3126 1123 3153 ΔιΙ-ηκιιηὲ..-
1210 3128 1379 3153 ΠΛ---
1448 3128 1663 3153 DI---.:-
1734 3133 1997 3153 ---_-_-_!.

2109 3019 2190 3083 εἷς
2213 3036 2264 3073 τι
2308 3023 2509 3092 χωρίον
2541 3015 2587 3091 ᾧ
2613 3023 2795 3089 Πύλας
2823 3025 3013 3098 δνομα,
3055 3031 3148 3082 ἐπὶ
3183 3032 3327 3086 πολὺ
3359 3031 3652 3104 διατρίϐων,
3724 3028 3727 3029 ν

2109 3110 2326 3153 κάκεῖσε
2351 3111 2453 3153 τὴν
2492 3114 2635 3153 νῆσειᾶ
2662 3117 2756 3153 ροιιῖ
2783 3117 2944 3153 ἀνίη..
2974 3121 3295 3153 n....'......-..-
3328 3123 3655 3153 o1---....r-..

433 3126 725 3195 Ancyrano
795 3126 1147 3182 Athanasius.
1209 3128 1382 3184 Porro
1448 3128 1667 3186 Eleusio
1732 3133 2002 3187 successit

2109 3110 2327 3164 κάκεῖσε
2351 3111 2453 3184 τὴν
2492 3114 2635 3168 κατὰ
2662 3117 2756 3170 τού
2783 3117 2944 3186 ἁγίου
2974 3121 3295 3191 Πνεύματος
3325 3123 3658 3194 βλασφημίαν

434 3215 764 3282 Eunomius,
793 3218 887 3289 qui
918 3218 1083 3274 etiam
1109 3219 1336 3276 haeresis
1365 3222 1601 3277 nominis
1634 3222 1719 3278 sui
1750 3225 2003 3294 princeps

433 3308 663 3363 exstitit.
703 3309 770 3361 Et
797 3325 900 3380 pro
926 3309 1213 3366 Eustatliio
1245 3311 1527 3377 Sebastia,
1553 3313 1714 3369 divus
1754 3313 2004 3370 Meletius

434 3399 696 3456 Ecclesiae
740 3402 1054 3472 praefectus.
1104 3403 1456 3459 Macedonius
1502 3403 2006 3476 ConstantinOpoli-

436 3502 567 3547 tano
597 3496 914 3563 episc0patu
944 3495 1211 3565 privatus,
1240 3510 1271 3550 ο
1304 3495 1528 3565 regione
1568 3495 1692 3550 urbi
1720 3493 2003 3551 Orientem

438 3596 652 3646 versus,
682 3582 735 3635 in
760 3584 880 3637 loco
907 3584 993 3636 cui
1020 3599 1217 3638 nomen
1242 3583 1514 3650 Claustra,
1545 3584 1754 3640 diutius
1776 3583 2001 3654 degens,

438 3673 513 3727 ibi
548 3675 812 3729 adversus
858 3676 1128 3743 Spiritum
1177 3684 1429 3731 sanctum
1466 3676 1863 3747 blasphemiam
1909 3690 2005 3731 ore

437 3767 666 3821 minime
712 3767 897 3822 clauso
952 3769 1236 3830 evomuit,
1287 3778 1343 3824 et
1391 3768 1533 3823 male
1584 3773 1749 3824 vitam
1805 3768 2000 3824 ﬁnivit.

439 3860 611 3914 Porro
673 3860 908 3914 Aeacius
972 3870 1029 3915 et
1077 3871 1377 3916 sectatores
1417 3861 1538 3932 ejus
1602 3860 1909 3915 Eudoxium
1947 3861 2006 3916 iu

437 3953 845 4022 possessionem
866 3966 1091 4007 vacuam
1116 3952 1373 4008 Ecclesiae
1389 3951 2008 4022 Constantinopolitanae

440 4044 812 4108 deduxerunt,
846 4046 1008 4117 longe
1038 4045 1106 4100 ab
1128 4045 1208 4100 eis
1235 4062 1355 4117 quae
1381 4046 1544 4117 paulo
1569 4055 1696 4101 ante
1718 4045 2004 4117 iudicave-

445 4147 568 4191 rant
595 4138 809 4193 diversa
848 4148 1177 4194 statuentes.
1218 4138 1322 4206 Qui
1354 4140 1505 4195 enim
1537 4155 1648 4194 non
1695 4140 1763 4194 ita
1792 4138 2005 4210 pridem

442 4212 745 4283 Dracontio'
762 4228 1160 4297 epise0patum,
1181 4230 1327 4297 quod
1358 4245 1424 4284 ex
1446 4228 1653 4284 Galatia
1681 4228 2007 4300 Pergamum

444 4319 752 4383 transisset,
800 4319 1139 4386 ademerant,
1193 4336 1301 4376 non
1349 4321 1877 4384 animadverterunt,
1924 4335 2007 4385 se,

444 4410 577 4466 dum
610 4411 922 4466 Eudoaium
960 4427 1069 4466 non
1110 4412 1163 4467 in
1197 4429 1384 4477 unam,
1414 4414 1507 4468 sed
1542 4415 1652 4493 jam
1689 4414 1744 4468 in
1778 4415 2008 4469 alteram
2041 4445 2084 4500 ο

447 4505 749 4562 Ecclesiam
793 4506 1173 4572 transferrent,
1203 4506 1480 4561 contraria
1523 4506 1625 4562 sibi
1659 4506 1792 4577 ipsis
1819 4507 2012 4563 decer-

447 4614 578 4653 nere
622 4610 679 4654 et
721 4598 924 4654 facere.
956 4598 1120 4673 799
1157 4600 1328 4655 Porro
1361 4614 1482 4653 cum
1528 4600 1576 4655 is
1606 4600 1893 4655 ecclesiam
1927 4615 2011 4655 re-

447 4691 613 4760 cepit,
644 4699 757 4745 tum
789 4700 846 4746 et
880 4708 1073 4762 magna
1113 4693 1344 4749 ecclesia
1384 4707 1507 4763 quae
1535 4691 1728 4762 Σοφία,
1771 4693 1874 4746 hoc
1903 4701 2010 4758 est,

447 4786 727 4857 Sapientia
757 4786 982 4849 dicitur,
1029 4786 1279 4841 lincamia
1308 4787 1625 4853 celebravit,
1663 4786 2014 4856 quindecimu

447 4877 737 4934 Februarii
768 4877 973 4932 mensis
1002 4877 1114 4934 die.
1152 4877 1252 4933 Hic
1294 4878 1385 4932 ille
1426 4878 1479 4931 in
1518 4880 1718 4932 throno
1748 4891 1850 4932 suo
1877 4892 2015 4931 con-

445 4971 656 5028 sidens.
685 4971 919 5039 primum
953 4968 1285 5041 divulgatum
1317 4972 1458 5024 illam
1495 4970 1550 5023 in
1581 4970 1813 5024 ecclesia
1840 4969 2016 5025 edidit

446 5078 639 5118 vocem
676 5082 690 5117 :
719 5063 900 5125 Pater,
945 5064 1224 5133 inquiens,
1268 5064 1492 5136 ἀσεϐὴς,
1531 5065 1634 5119 hoc
1669 5073 1774 5128 est,
1806 5061 1852 5116 si
1882 5062 2015 5129 sim-

449 5155 667 5227 pliciter
713 5154 1019 5223 accipiatur
1043 5194 1057 5219 ,
1107 5154 1307 5224 impius
1342 5157 1542 5209 :aliter
1569 5194 1583 5218 ,
1635 5169 1745 5208 non
1786 5153 2009 5231 colens.

450 5250 622 5305 Filius
660 5258 843 5303 autem
876 5247 1131 5319 εὐσεϐὴς,
1170 5248 1275 5303 hoc
1311 5260 1414 5310 est,
1450 5264 1573 5303 vere
1603 5247 1747 5317 pius,
1778 5257 1834 5303 et
1865 5258 2016 5302 recte

448 5324 659 5397 colens.
695 5341 762 5395 Et
794 5340 1032 5393 tumultu
1066 5339 1131 5393 ad
1179 5340 1304 5394 talia
1335 5340 1522 5404 verba,
1554 5341 1718 5395 sicuti
1750 5356 1847 5409 par
1875 5349 2014 5404 crat,

449 5450 480 5487 a
529 5434 730 5503 populo
772 5432 1126 5488 etscditione
1167 5445 1347 5495 ninia,
1398 5448 1466 5487 ne
1517 5432 1732 5487 turbam
1781 5433 2013 5496 cicrent,

451 5523 704 5579 hortatus
737 5533 843 5579 est.
881 5524 1044 5579 Pater
1088 5524 1259 5587 enim,
1306 5522 1507 5591 inquit,
1552 5523 1827 5577 neminem
1862 5521 2014 5589 colit,

452 5621 512 5670 et
558 5613 637 5668 sic
680 5614 881 5684 ἀσεϐὴς
930 5625 1060 5669 cst:
1108 5615 1281 5670 Filius
1337 5631 1465 5671 vero
1519 5614 1771 5686 εὐσεϐὴς,
1820 5613 2016 5669 merito

452 5707 602 5764 enim
643 5716 701 5763 et
741 5719 890 5764 recte
939 5707 1152 5763 Patrem
1202 5707 1351 5764 colit.
1400 5706 1493 5765 llis
1539 5707 1702 5765 dictis
1747 5706 2017 5765 tumultus

2106 3200 2299 3273 ἀπύλῳ
2332 3202 2565 3273 στόματι
2591 3205 2850 3278 ἐξερευξά
2862 3227 3043 3279 μενος,
3076 3216 3272 3280 κακῶς
3296 3217 3355 3270 τδ
3380 3216 3524 3287 βιοῦν
3553 3216 3655 3281 ἐξε-

2110 3294 2324 3364 μέτρει.
2371 3298 2437 3351 Ol.
2469 3297 2526 3351 δὲ
2562 3302 2693 3371 περὶ
2731 3300 2986 3357 Ἀκάκιον
3026 3306 3120 3359 τὸν
3165 3306 3416 3374 Εὐδόξιον
3457 3312 3520 3381 τῇ
3569 3310 3657 3362 τοῦ

2108 3384 2383 3451 Βύζαντος
2423 3390 2780 3461 ἐνεθρόνιζον,
2824 3397 3043 3451 ἐναντία
3087 3400 3200 3463 τοῖς
3233 3401 3415 3472 μικρῷ
3441 3401 3659 3471 πρόσθεν

2110 3481 2467 3550 κεκριμένοις
2518 3485 2955 3553 νομοθετοῦντες.
3007 3491 3073 3543 Οῒ
3116 3491 3229 3565 γὰρ
3289 3484 3653 3564 πρδ’βραχέος

2110 3570 2440 3639 Δρακόντιον
2472 3573 2567 3627 τοῦ
2615 3576 2868 3647 ἱερᾶσθαι
2897 3582 3267 3653 παυσάμενοι,
3302 3586 3385 3640 ὅτι
3430 3586 3533 3639 ἀπὸ
3560 3584 3653 3636 Γα-

2111 3663 2298 3731 λατίας
2333 3666 2433 3738 τὴν
2466 3670 2756 3743 Πέργαμον
2780 3675 3178 3745 μετηλλάξατο,
3207 3680 3273 3733 οὐ
3302 3679 3546 3734 συνίεσαν
3571 3676 3652 3731 τὸν

2110 3756 2366 3824 Εὐδόξιον
2391 3760 2453 3813 οὐ
2488 3761 2618 3830 μίαν
2668 3764 2842 3829 πόλιν,
2889 3765 3011 3820 ἀλλ’
3035 3766 3136 3840 ἤδη
3169 3770 3271 3823 καὶ
3314 3772 3395 3834 εις
3418 3769 3653 3838 δευτέραν

2112 3850 2299 3913 κακῶς
2356 3851 2727 3923 ἐπιϐαίνοντα,
2765 3855 2841 3919 ὡς
2887 3858 3106 3914 ἐναντία
3153 3861 3369 3925 ἐαυτοίς
3418 3860 3653 3931 διεπράτο
3716 3892 3727 3903 -

2111 3955 2291 3995 τοντο.
2327 3943 2532 4021 Τούτου
2565 3944 2622 3998 δὲ
2652 3947 2750 4018 τὴν
2779 3940 3078 4017 ἐκκλησίαν
3100 3951 3501 4018 ἀναϐαίνοντος,
3521 3967 3652 4019 τηνι-

2114 4031 2292 4086 καῦτα
2311 4036 2404 4086 καὶ
2428 4035 2461 4105 ἡ
2496 4038 2708 4109 μεγάλη
2745 4038 3038 4111 ἐκκλησία,
3084 4042 3122 4113 η
3145 4044 3315 4113 Σοφία
3334 4043 3647 4113 ὠνόμασται,

2112 4125 2182 4176 τὰ
2212 4126 2467 4194 ὲγκαίνια
2494 4128 2621 4201 ἔσχε
2657 4133 2725 4202 τῇ
2767 4135 3237 4209 πεντεκαιδεκάτῃ
3270 4136 3362 4193 τοῦ
3396 4134 3650 4207 Φεϐρουα-

2118 4215 2235 4283 ρίου
2277 4220 2476 4289 μηνόςο
2513 4219 2575 4284 δς
2620 4223 2907 4289 καθεσθεὶς
2948 4226 3043 4282 ἐπὶ
3067 4229 3161 4283 τὸν
3207 4229 3412 4301 θρόνον,
3452 4225 3648 4298 πρῶτον

2113 4309 2213 4382 τὴν
2262 4312 2699 4386 πολυθρύλλητον
2743 4317 2923 4387 ἀφῆκε
2981 4320 3188 4391 φωνὴν,
3236 4321 3329 4377 ἐπ’
3377 4318 3647 4384 ἐκκλησίας

2115 4403 2287 4457 εἰπών
2308 4420 2324 4434 ο
2364 4405 2420 4458 ’0
2452 4405 2638 4477 Πατὴρ
2667 4408 2894 4478 ἀσεϐὴς,
2929 4410 2959 4462 δ
2986 4411 3043 4464 δὲ
3073 4411 3206 4477 re;
3232 4413 3475 4483 εὐσεϐής.
3499 4404 3647 4477 8096-

2112 4496 2210 4549 ϐου
2248 4494 2295 4551 δ’
2327 4495 2403 4560 ὡς
2428 4498 2576 4562 εἰκὸς
2608 4498 2701 4553 ἐπὶ
2734 4502 2911 4569 τούτῳ
2942 4502 3037 4555 καὶ
3068 4504 3318 4570 στάσεως
3353 4505 3429 4575 τῷ
3471 4498 3644 4568 πλήθει

2112 4591 2511 4662 γεγενημένης,
2560 4591 2730 4662 μηδὲν
2756 4593 3126 4662 ταράττεσθαι
3158 4597 3450 4669 παρηγγύα
3469 4609 3485 4624 ο
3505 4595 3531 4646 ό
3558 4589 3645 4659 μιν

2113 4682 2222 4752 γὰρ
2253 4681 2448 4752 Πατὴρ
2479 4683 2672 4737 οὐδένα
2701 4683 2848 4737 σέϐει
2871 4698 2887 4714 ·
2912 4686 2940 4738 ὀ
2966 4685 3025 4739 δέ
3073 4685 3202 4751 Υἱὸς
3231 4686 3454 4756 εὐσεϐής
3475 4699 3491 4718 ο
3513 4678 3643 4735 σέϐαι

2113 4776 2245 4845 γὰρ,
2275 4776 2457 4838 καλῶς
2485 4774 2680 4841 ποιῶν,
2715 4778 2810 4831 τὸν
2867 4778 3115 4848 Πατέρα.
3154 4777 3319 4833 Ταῦτ’
3350 4775 3590 4834 εἰπόντος,
3615 4767 3641 4818 6

2117 4870 2217 4936 μὲν
2244 4865 2474 4937 θόρυϐος
2516 4866 2941 4921 κατεστέλλετοο
2976 4869 3149 4937 γέλως
3189 4872 3235 4924 δ’
3266 4868 3518 4939 ἐπεχώρει
3557 4874 3641 4914 πον

2114 4957 2211 5021 λύς
2231 4973 2246 4989 ο
2276 4961 2372 5012 καὶ
2404 4959 2483 5022 είς
2514 4958 2676 5027 δεῦρο
2700 4961 2760 5013 ὲν
2786 4959 2984 5027 γέλωτι
3016 4961 3078 5014 τὸ
3108 4964 3390 5033 εἰρημένον
3415 4952 3636 5012 διατελεῖ.
3720 4948 3724 4953 ’

2116 5053 2253 5124 Περὶ
2281 5051 2508 5106 τοιαῦτα
2544 5053 2607 5122 δὴ
2638 5054 2687 5106 el
2716 5053 2999 5116 δυσσεϐεῐς
3039 5056 3422 5124 ἀσχολούμενοι
3452 5047 3536 5102 καὶ
3558 5060 3638 5097 και

2113 5141 2557 5214 τασοφιζόμενοι,
2574 5146 2655 5208 είς
2673 5145 2905 5209 ἀτόπους
2929 5144 3086 5209 δόξας
3110 5146 3210 5216 τὴν
3226 5140 3530 5213 Ἐκκλησίαν
3549 5133 3636 5187 διέ·

2117 5252 2356 5302 σπασαν,
2380 5235 2459 5298 ὡς
2477 5237 2570 5290 καὶ
2584 5235 2680 5289 νῦν
2696 5234 2859 5299 αὐτός
2882 5253 2945 5289 τε
2971 5238 3069 5290 καὶ
3085 5238 3363 5299 Ἀκὰκιος,
3386 5235 3473 5287 καὶ
3497 5231 3633 5296 ἀσχο-

2116 5331 2237 5394 λίας
2267 5330 2568 5402 ὑπέρτερον
2594 5329 2896 5396 ἐποιοῦντο,
2919 5330 3059 5405 λήθῃ
3078 5331 3172 5384 δοῦ
3185 5351 3267 5385 ναι
3293 5331 3353 5384 τὰ
3383 5330 3438 5379 ἐν
3458 5316 3634 5383 Nimis

2116 5424 2461 5495 γεγενημένα
2485 5440 2499 5454 ⁸
2533 5423 2630 5478 καὶ
2657 5421 2752 5493 τὴν
2774 5425 2831 5476 ἐν
2862 5422 3129 5494 ’Δριμίνῳ
3156 5424 3295 5495 μετὰ
3313 5422 3407 5491 τῆς
3431 5408 3637 5487 προσ⁰ή’

2117 5535 2231 5589 κης
2244 5514 2563 5585 ἀτωνταχοῦ
2594 5515 2994 5585 διεπέμποντοο
3026 5516 3120 5569 καὶ
3156 5518 3281 5580 τούς
3315 5515 3385 5582 μὴ
3409 5496 3635 5580 βονλομέ⁸

2116 5629 2263 5678 νους,
2304 5610 2378 5673 ὡς
2405 5610 2643 5681 εἴρηται,
2679 5608 2837 5680 ἀϊδίῳ
2885 5610 3034 5678 φυγῇ
3073 5607 3302 5679 ζημιοῦν
3326 5622 3339 5635 ο
3367 5603 3394 5655 δ
3423 5599 3479 5667 δὴ
3501 5590 3633 5655 δόξαν

2117 5703 2215 5777 τὴν
2268 5702 2585 5776 παράλογον
2632 5702 2847 5767 ἀπόνως
2898 5698 3147 5757 διανύσαι
3185 5695 3429 5772 σπουδὴν,
3482 5684 3632 5756 ἀρχὴν
