3970 6190
290 244 377 311 iii
1171 241 1781 305 ECCLESIASTICJ'I
1814 241 2204 306 HISTORHZ
2244 245 2390 308 LIB.
2437 244 2543 309 1X.

3397 249 3501 319 418

291 365 466 430 ἑτέρων
510 359 797 431 συμφορῶν
844 361 1098 434 ἦνοιγενυ
1155 364 1341 433 ἁπάσῃ
1384 364 1494 433 γὰρ
1545 363 1607 416 οὐ
1667 365 1825 432 μόνον

1932 360 2141 430 sopitus
2187 368 2292 425 est,
2346 370 2403 415 et
2453 373 2684 431 magnus
2728 360 3057 417 subsecutus
3100 359 3266 415 risus.
3319 361 3500 432 Atque

288 451 544 522 ἐκκλησίᾳ,
575 451 708 505 ἀλλὰ
751 452 847 505 καὶ
876 453 1052 517 πόῖει,
1082 453 1328 524 τάραχον
1356 456 1418 506 οὗ
1475 453 1672 524 μικρὸν
1710 456 1821 506 ἐνε-

289 543 428 598 ποίει.
456 543 697 612 Διωγμδς
739 544 788 598 δ’
839 544 995 599 οὐδὲν
1050 546 1316 599 ἐλλείπων
1345 545 1455 598 τῶν
1509 546 1679 600 πάλαι
1709 548 1824 609 τοῖς

296 634 639 703 Ἐλληνισταῖς
692 624 1102 707 γεγενημένων,
1158 637 1258 708 τὴν
1299 638 1587 709 Ῥωμαίων
1621 640 1824 709 ἠγεμο-

286 726 389 780 νίαν
418 725 708 797 διέτρεχεν.
764 728 827 782 Ei
858 731 970 800 γὰρ
996 730 1092 785 καὶ
1137 730 1261 794 ταῖς
1293 730 1421 800 περὶ
1468 730 1625 799 σῶμα
1652 747 1824 799 τιμω-

240 826 247 835 ’
287 820 413 889 ρίαις
433 819 488 871 τὸ
515 813 676 891 ἧττον
709 818 878 892 εἶχεν.
907 821 1077 891 ἀλλ’ἢ
1110 822 1342 892 αἰσχύνη
1383 820 1608 890 μείζονα
1633 821 1822 875 τοῦτον

283 909 435 963 ἐποίει
460 912 547 963 καὶ
585 912 974 984 χαλεπώτερον
1004 916 1119 978 τοῖς
1153 915 1227 979 ὡς
1259 915 1366 985 χρὴ
1394 915 1455 967 τὸ
1507 915 1628 967 δέον
1651 915 1826 983 διαγι-

286 1000 577 1057 νώσκουσιν.
612 1004 681 1057 '0
711 1021 771 1059 τε
801 1006 911 1075 γὰρ
939 1006 1154 1058 διώκων
1185 1005 1281 1059 καὶ
1308 1009 1335 1060 ὁ
1373 1005 1703 1073 διωκόμενος
1723 1009 1824 1076 τῆς

278 1095 432 1165 αὑτῆς
459 1094 757 1164 θρησκείας
799 1092 942 1167 ἦσαν
971 1098 1068 1151 καὶ
1098 1096 1445 1169 Ἑκκλησίας.
1477 1098 1647 1151 Τόσον
1677 1098 1723 1151 δ’
1754 1094 1824 1169 ἦν

277 1181 345 1252 τῷ
389 1182 587 1252 αίσχρῷ
638 1184 701 1237 τδ
753 1183 926 1238 δεινὸν
964 1185 1300 1255 ὑπερφέρον.
1334 1186 1459 1239 ὅσον
1512 1186 1652 1256 πρὸς
1694 1187 1825 1251 τοὺς

274 1275 557 1343 ὁμοφύλους
597 1277 667 1331 τὰ
695 1277 974 1348 πολεμίων
1003 1280 1138 1351 δρᾷν
1166 1293 1183 1309 ο
1210 1279 1304 1333 καὶ
1333 1279 1463 1351 περὶ
1487 1279 1824 1349 ἀλλοφύλους

272 1362 396 1418 εἷναί
441 1381 503 1433 γε
535 1367 836 1431 τοιούτους,
875 1369 902 1419 ό
954 1369 1053 1438 τῆς
1109 1368 1411 1439 ἱερωσύνης
1466 1370 1700 1441 ἀπεῖργε
1735 1369 1824 1422 θε-

274 1461 417 1526 σμός.
447 1459 520 1512 Τό
551 1474 620 1528 γε
656 1459 764 1531 μὴν
806 1462 999 1514 καινὸν
1044 1461 1443 1526 ἐπαινούμενον
1477 1464 1600 1517 κατ’
1641 1463 1825 1530 ὀλίγον

273 1550 493 1604 ἐπίδοσιν
544 1546 686 1623 εἶχε,
734 1553 829 1607 καὶ
885 1554 1023 1625 πρὸς
1075 1555 1447 1626 νεωτερισμὸν
1494 1556 1820 1628 ἠρεθίζετω

270 1645 349 1694 καὶ
376 1644 449 1706 είς
502 1642 803 1699 αὐθάδειαν
829 1643 1022 1715 Epiro",
1056 1644 1167 1698 τῶν
1217 1647 1464 1716 ἀρχαίων
1496 1647 1590 1700 καὶ
1628 1665 1827 1719 πατρι-

269 1730 372 1783 κῶν
420 1733 604 1798 νόμων
656 1733 1064 1803 ὑπερεφρόνει·
1103 1733 1196 1788 καὶ
1254 1736 1451 1805 νόμους
1484 1734 1590 1806 ίδίᾳ
1633 1734 1823 1788 ἐτίθει.

270 1823 368 1876 Καὶ
405 1824 472 1876 τὰ
500 1825 646 1877 αὐτὰ
674 1824 806 1896 περὶ
836 1825 973 1879 Θεοῦ
1018 1824 1265 1890 δοξάζειν
1304 1827 1418 1889 τοῖς
1451 1826 1828 1897 ἀρχαιοτέροις

260 1913 494 1983 οὐδαμῶς
532 1916 770 1989 ἦθελεν·
802 1918 920 1972 ἀλλ’
957 1919 1046 1972 ἀεὶ
1087 1916 1217 1983 ξένα
1248 1917 1371 1971 τινὰ
1432 1917 1711 1988 περιενόει
1739 1915 1826 1971 δό-

263 2020 455 2074 γματα,
481 2009 584 2062 καὶ
607 2010 666 2061 οὐ
697 2006 981 2073 καθεκτῶς
1007 2006 1142 2079 εἶχε,
1171 2011 1336 2063 καινὰ
1363 2010 1455 2063 ἐπὶ
1485 2010 1826 2078 καινοτέρας

262 2095 340 2148 ἀεὶ
370 2098 740 2169 ἐφευρίσκων,
771 2093 859 2153 οἷα
893 2099 957 2171 δὴ
989 2101 1084 2154 καὶ
1107 2101 1231 2154 τότε
1260 2099 1571 2154 συνέϐαινε.

1854 1692 1903 1754 B

1925 449 2087 505 hodie
2118 466 2340 522 quoque
2376 452 2584 506 dictum
2629 449 2681 507 id
2719 452 3012 507 ridiculum
3063 452 3322 507 habetur.
3353 452 3501 508 Tali-

1923 541 2029 599 bus
2076 542 2229 613 inipii
2282 543 2360 597 illi
2412 544 2582 599 rebus
2624 545 2901 614 occupati.
2952 553 3010 600 et
3052 543 3501 601 cavillationibus

1923 634 2256 704 ejuscemodi
2292 634 2396 698 usi,
2459 632 2757 690 Ecclesiam
2790 635 2858 689 ad
2899 636 3163 689 absurdas
3205 635 3499 706 opiniones

1923 723 2322 779 distraxerunt.
2364 723 2651 794 Omnique
2686 740 2916 795 prorsus
2958 740 3089 780 cura
3132 733 3189 780 et
3214 725 3400 781 studio
3442 735 3502 781 et

1926 814 2042 883 ipse
2071 815 2351 871 Eudoxius
2376 828 2431 872 et
2463 816 2698 872 Aeacius
2729 830 3080 887 summopere
3116 819 3169 872 in
3204 817 3309 873 hoc
3339 819 3498 873 incu-

1925 905 2130 970 buere,
2169 913 2230 963 ut
2263 907 2318 961 in
2353 907 2687 964 oblivionem
2729 909 2950 965 Nicazna
2997 910 3220 966 decreta
3260 909 3501 965 adduce-

1924 1008 2068 1053 rent.
2101 996 2337 1055 Proinde
2367 997 2776 1056 Ariminensem
2808 1001 3099 1055 formulam
3131 1017 3255 1057 cum
3289 1017 3504 1072 appen-

1926 1088 2047 1143 dice
2079 1103 2177 1144 sua
2205 1090 2270 1144 ad
2302 1090 2422 1147 loca
2458 1091 2643 1146 omnia
2677 1092 2950 1147 miserunt
2981 1110 2994 1145 :
3025 1102 3081 1147 et
3109 1094 3202 1163 qui
3234 1108 3354 1148 eam
3391 1109 3499 1147 non

1887 1248 1889 1250 η
1927 1181 2257 1252 reciperent,
2300 1182 2445 1238 sicut
2487 1184 2695 1239 dictum
2725 1194 2836 1250 est,
2866 1185 3062 1240 exsilio
3104 1200 3202 1240 eos
3232 1196 3501 1257 perpetuo

1927 1272 2253 1328 multarunt.
2279 1274 2437 1341 Quod
2472 1290 2603 1329 sane
2627 1292 2751 1330 eum
2776 1275 2938 1331 facile
2968 1292 3080 1331 rem
3109 1284 3307 1346 praeter
3334 1277 3503 1330 ratio-

1925 1378 2052 1418 nem
2091 1374 2404 1435 susceptam
2436 1365 2810 1436 perfecturum
2851 1382 2974 1422 esse
3019 1368 3324 1434 videretur,
3367 1367 3503 1421 alia-

1926 1468 2046 1512 rum
2085 1457 2457 1513 calamitatum
2505 1459 2721 1514 initium
2764 1460 3044 1527 praebuit:
3082 1468 3138 1515 et
3184 1475 3293 1515 non
3337 1461 3503 1513 modo

1925 1547 2195 1612 ecclesiis,
2224 1548 2319 1604 sed
2343 1557 2400 1603 et
2426 1547 2656 1604 urbibus
2681 1548 2943 1604 omnibus
2972 1565 3231 1620 magnum
3261 1549 3503 1606 concivit

1929 1648 2160 1695 motum.
2189 1639 2509 1696 Persecutio
2542 1626 2802 1710 uanique,
2833 1657 2954 1710 qua:
2984 1643 3133 1697 nulla
3166 1643 3223 1697 in
3261 1658 3319 1698 re
3350 1640 3502 1700 Grae-

1926 1745 2117 1786 corum
2149 1730 2425 1803 tyrannidi
2466 1743 2523 1787 et
2564 1733 2881 1789 crudelitati
2915 1735 3159 1801 cederet,
3191 1732 3501 1790 Romanum

1926 1825 2168 1895 pervasit
2210 1824 2528 1898 imperium.
2567 1824 2830 1893 Quamvis
2873 1829 3062 1893 enim,
3113 1837 3379 1897 quantum
3431 1826 3502 1882 ad

1926 1931 2227 1990 corporum
2276 1917 2545 1989 supplicia
2595 1920 2877 1990 pertinet,
2914 1920 3096 1975 minor
3125 1918 3293 1974 fuerit
3324 1937 3340 1974 :
3374 1934 3505 1989 pro-

1926 2007 2091 2063 brum
2128 2014 2310 2062 tamen
2357 2008 2563 2079 ipsum,
2610 2010 2874 2082 majorem
2924 2011 3348 2083 gravioremque
3378 2027 3503 2067 eam

1926 2099 2073 2172 apud
2119 2116 2216 2155 eos
2251 2099 2347 2171 qui
2394 2116 2511 2156 rem
2553 2110 2702 2156 recte
2737 2111 3023 2173 putarunt,
3071 2102 3225 2159 fecit.
3267 2104 3402 2159 Nam
3445 2111 3502 2157 et

258 2194 344 2261 qui
377 2204 869 2265 persequerentur,
932 2206 990 2252 et
1024 2196 1117 2267 qui
1185 2196 1631 2268 persecutionem
1697 2197 2043 2268 exciperent,
2091 2196 2339 2269 ejusdem
2372 2206 2531 2253 erant
2579 2197 2839 2255 Ecclesiae
2880 2207 2936 2255 et
2986 2198 3288 2270 religionis.
3322 2196 3503 2253 Tanto

261 2300 380 2341 vero
424 2288 479 2342 id
540 2289 1045 2373 malumpropter
1097 2289 1404 2345 fmditatem
1468 2289 1644 2360 majus
1694 2287 1819 2355 fuit,
1859 2299 2069 2359 quanto
2126 2290 2347 2360 turpius
2405 2290 2625 2347 civibus
2647 2304 2810 2361 quam
2844 2290 2967 2345 aliis
2996 2290 3239 2345 infertur
3254 2287 3496 2345 bellum:

257 2394 370 2435 eum
393 2381 623 2450 quidem
660 2381 711 2434 id
757 2382 924 2436 etiam
956 2396 1085 2452 erga
1127 2391 1350 2438 exteros
1413 2379 1599 2436 facere
1672 2380 1999 2450 episcopalis
2051 2381 2352 2437 {unctionis
2401 2383 2764 2453 prohiberent
2809 2384 3148 2438 sanctiones.
3192 2384 3255 2438 Et
3286 2381 3502 2437 novitas

261 2470 467 2540 quidem
508 2470 738 2527 laudata
770 2472 1027 2539 paulatim
1061 2474 1404 2530 incrementa
1429 2489 1525 2529 sua
1550 2471 1821 2543 capiebat,
1847 2482 2012 2543 atque
2049 2473 2118 2529 ad
2177 2477 2541 2531 mutationem
2582 2475 2861 2532 insolitam
2915 2476 3200 2546 spectabat
3251 2493 3267 2530 :

3320 2489 3498 2545 eoque

260 2561 463 2618 deumm
521 2564 830 2634 praefractae
866 2564 1194 2621 temeritatis
1237 2565 1514 2636 pervenit,
1560 2575 1619 2620 ut
1648 2565 1902 2645 homines
1942 2572 2157 2620 veteres
2222 2576 2279 2622 et
2346 2569 2557 2638 patrias
2591 2569 2738 2638 leges
2781 2578 3185 2633 contemneret,
3230 2577 3286 2624 et
3325 2583 3499 2623 novas

257 2655 352 2711 sibi
391 2671 492 2727 pro
519 2672 592 2711 se
637 2658 868 2727 quisque
907 2656 1195 2713 conderet.
1232 2660 1412 2728 Atque
1434 2657 1689 2729 equidem
1720 2657 1912 2711 eadem
1944 2656 2013 2711 de
2047 2654 2157 2712 Deo
2187 2673 2308 2713 cum
2341 2658 2749 2728 antiquioribus
2808 2660 2920 2716 illis
2983 2661 3192 2745 sentire
3252 2659 3498 2724 nolebat,

257 2751 343 2808 sed
368 2766 504 2807 nova
572 2751 874 2809 identidem
932 2752 1179 2825 quaedam
1231 2754 1481 2823 dogmata
1525 2749 2070 2816 comminiscebatur,
2137 2765 2316 2821 neque
2361 2764 2421 2806 se
2492 2751 2562 2806 ab
2603 2752 2727 2807 aliis
2759 2768 2925 2823 super
2974 2753 3110 2810 alias
3139 2753 3298 2809 nmis
3332 2755 3498 2810 rebus

257 2844 604 2902 iureniendis
631 2848 911 2901 continere
956 2847 1192 2913 poterat.
1221 2842 1371 2901 Talis
1406 2854 1521 2899 tum
1554 2843 1657 2899 fuit
1687 2856 1867 2898 rerum
1902 2841 2078 2899 siatus

805 2999 1057 3054 ΚΕΦΑΔ.
1091 2992 1220 3051 MZ'.

2377 2985 2544 3057 soo
2575 2984 2800 3043 CAPUT
2840 2985 3043 3045 xum.

257 3094 378 3163 Περὶ
407 3093 519 3160 τῆς
557 3092 939 3163 Μακεδονίαν
982 3090 1267 3158 αἱρέσεως
1302 3087 1400 3163 καὶ
1429 3083 1820 3163 Μαραθωνίου

1931 3075 2569 3163 Βελιστεδρίυιρεεάωιϋ,
2621 3088 2670 3162 et
2707 3078 3037 3134 Marathonii
3064 3079 3414 3163 {Victima-dim,
3444 3092 3497 3138 et

316 3154 415 3220 τοῦ
439 3154 557 3219 Nix
570 3161 875 3230 ομηδείας,
930 3154 1053 3216 καῖ’
1078 3154 1419 3230 Εὐσταθίρυ
1476 3154 1583 3230 τοῦ
1615 3154 1816 3230 ΔΣέὁίιι-

315 3240 514 3310 στειας
533 3254 553 3266 ο
592 3225 919 3310 agapeter
944 3231 1096 3286 κατὰ
1128 3228 1234 3310 τίς-ὗ
1258 3227 1430 3310 ἁγίου
1476 3225 1819 3310 "fatigatae

308 3298 1018 3451 ﬁganﬂeir‘ﬁpfarto,
1045 3298 1143 3354 καὶ
1168 3298 1655 3365 Πνειοματομιὶχοι
1678 3298 1823 3346 ὠνο-

470 3390 670 3443 qa'ar.
1554 3412 1561 3419 .

318 3494 664 3555 Μακεδόνιος
708 3489 818 3560 γὰρ
855 3486 1125 3558 σύμφρων
1155 3482 1233 3539 ὣν
1281 3486 1550 3556 πρότερον
1581 3481 1820 3552 Εὑδοξίῳ
1927 3540 1933 3546 ,

256 3587 343 3642 καὶ
414 3586 695 3655 Ἀκακίῳ,
756 3583 909 3653 ὅμως
967 3579 1067 3649 τὴν
1122 3576 1420 3647 ἑκκλησίαν
1474 3575 1817 3647 ἀφαιρεθεὶς,

254 3682 429 3734 οὐκέτι
462 3676 873 3749 παραπλησίως
901 3674 1131 3733 ἐκείνοις
1163 3670 1410 3736 δοξάζειν
1439 3669 1659 3741 ᾑρεῖτοδ
1687 3666 1824 3721 ἀλλὰ

256 3773 347 3845 τὴν
375 3775 433 3827 ὲν
460 3768 776 3841 ’Δντιοχείᾳ
809 3767 1077 3837 πριετερον
1115 3766 1210 3818 καὶ
1237 3765 1297 3816 ὲν
1327 3759 1617 3831 Σελευκείᾳ
1663 3758 1824 3813 ὔστε-

257 3881 343 3935 ρον
370 3860 781 3935 βεόαιωθεῖσαν
823 3859 1030 3924 πίστιν,
1062 3855 1128 3927 ἢν
1177 3855 1270 3909 καὶ
1305 3853 1647 3923 ὁμοιοούσιον
1682 3852 1825 3906 ἐκεῖ·

253 3973 335 4018 νος
359 3954 642 4022 ὠνόμαζε,
684 3948 977 4018 κρατύνειν
1007 3949 1216 4020 ᾑρεῖτο,
1243 3948 1308 4017 ἢν
1347 3946 1511 3999 αὐτὸν
1543 3942 1699 4013 λόγος
1731 3944 1823 3995 εὐ-

255 4051 384 4117 ρεῖν,
407 4046 617 4117 μᾶλλον
638 4043 694 4097 δὲ
716 4038 1100 4111 Μαραθώνιον,
1119 4038 1179 4092 ὃν
1205 4035 1579 4108 Νικομηδείας
1600 4034 1820 4105 ποιήσοι

252 4143 573 4195 ἐπίσκοπον.
614 4137 691 4190 Oti
722 4133 882 4188 τοῦτο
920 4133 978 4186 δὲ
1013 4132 1196 4202 μόνον,
1226 4128 1364 4184 ἀλλὰ
1391 4130 1487 4183 καὶ
1518 4131 1577 4183 ὲν
1606 4128 1672 4199 τῇ
1706 4129 1824 4181 θεο-

249 4232 400 4305 λογία
452 4230 514 4284 ἒν
545 4232 651 4300 τῆς
696 4226 927 4298 Τριάδος
972 4225 1155 4293 λέγειν
1206 4225 1266 4276 τὸ
1300 4222 1524 4292 Πνεῦμα
1567 4218 1628 4275 τὸ
1667 4221 1820 4291 ἅγιον

251 4330 573 4399 ἀπηρνεῖτο.
610 4323 715 4378 Τὸν
765 4322 864 4393 μὲν
910 4321 1018 4390 γὰρ
1069 4316 1200 4371 Υιδν
1230 4316 1364 4370 Θεὸν
1400 4315 1608 4370 τέλειον
1656 4308 1823 4379 είναι,

1993 3147 2259 3221 ξηειαιίιὶἱ
2291 3148 2548 3202 Sebastia:
2576 3150 2959 3221 cpiscoporum.
2990 3152 3079 3221 qui
3116 3153 3276 3219 primi
3310 3164 3497 3208 contra

1992 3216 2248 3286 Spiritum
2289 3228 2528 3271 sanctum
2570 3216 2878 3291 blasphemi;
2923 3216 3163 3291 proferre
3200 3224 3352 3278 verba
3391 3241 3500 3277 ca:-

1989 3296 2201 3357 perunt,
2262 3300 2312 3342 et
2373 3296 2651 3359 prapterea
2703 3289 3178 3347 Pneumatomaclii
3239 3294 3498 3363 appellati

1995 3367 2140 3412 sunt.

1996 3468 2349 3526 Macedonius
2394 3486 2671 3542 namque,
2733 3472 2948 3527 etiamsi
2997 3482 3126 3528 ante
3172 3473 3316 3528 idem
3365 3489 3491 3529 cum

1926 3559 2178 3615 Eudoxio
2224 3571 2280 3615 et
2324 3562 2525 3616 Acacio
2574 3563 2873 3627 sensisset,
2916 3564 3277 3620 nihilominus
3309 3578 3492 3621 tamen

1928 3669 1993 3707 ex
2033 3653 2269 3707 ecclesia
2321 3668 2421 3707 sua
2469 3654 2824 3719 deturbatus,
2869 3671 2977 3711 non
3025 3657 3275 3713 eamdem
3326 3676 3495 3731 porro

1924 3758 2092 3815 quam
2126 3744 2205 3798 illi
2237 3745 2574 3814 sequebatur
2598 3749 2916 3818 opinionem
2950 3767 2964 3804 :
2999 3750 3094 3806 sed
3129 3752 3252 3807 lidei
3285 3754 3497 3824 proles—

1926 3838 2138 3893 sionem
2173 3838 2481 3894 Antiochia:
2514 3840 2773 3910 primum,
2807 3851 2996 3911 postea
3030 3844 3196 3899 etiam
3228 3845 3494 3903 Seleucia:
3600 3918 3607 3923 ν

1924 3930 2330 3998 conﬁrmatam,
2360 3947 2524 4001 quam
2560 3935 2678 4003 ipse
2725 3948 2821 3989 seu
2872 3935 3052 4004 potius
3096 3936 3493 4006 Marathonius,

1928 4037 2089 4094 quem
2136 4022 2469 4078 Nicomedia:
2511 4027 2829 4097 episcopum
2882 4029 3108 4095 fecerat,
3166 4040 3225 4084 ut
3266 4024 3491 4101 quidam

1925 4128 2139 4189 putant,
2185 4108 2542 4188 ὁμῖοιοούσιον,
2596 4121 2702 4176 hoc
2753 4133 2838 4176 est
2884 4122 3112 4177 similem
3165 4123 3497 4194 substantia,

1926 4210 2258 4282 appellabat,
2285 4209 2538 4266 obtinere
2565 4211 2783 4268 dehere'
2799 4214 3037 4270 censuit.
3065 4214 3265 4271 Verum
3298 4233 3405 4272 non
3438 4220 3493 4275 id

1927 4300 2090 4362 modo
2120 4306 2254 4377 egit,
2288 4307 2383 4361 sed
2418 4308 2583 4361 etiam
2618 4308 2673 4361 in
2736 4307 3008 4380 theologia
3040 4323 3138 4364 seu
3186 4309 3498 4367 divinitatis

251 4422 341 4474 καὶ
398 4421 524 4473 κατ’
581 4416 773 4471 οὐσίαν
824 4415 1012 4484 ὅμοιον
1060 4410 1215 4479 ἔλεγε
1261 4409 1339 4479 τῷ
1398 4407 1613 4478 [Ιατρί⁹
1662 4407 1721 4459 τὺ
1763 4405 1819 4460 δὲ

1931 4398 2141 4453 ratione
2194 4398 2543 4468 exponenda,
2595 4398 2862 4469 Spiritum
2904 4412 3155 4456 sanetum
3204 4420 3495 4472 personam

248 4513 468 4585 Πνεῦμα
516 4510 586 4565 τὺ
636 4509 792 4578 ἅγιον
844 4508 1073 4577 ἄμοιρον
1115 4503 1349 4559 καθίστα
1407 4496 1518 4556 τῶν
1564 4501 1822 4554 τοιούτων

249 4604 443 4673 γερῶν.
498 4604 763 4656 Διάκονον
822 4598 931 4669 γὰρ
983 4597 1118 4650 αὐτὸ
1178 4592 1320 4651 εἶναι
1388 4594 1483 4649 καὶ
1544 4593 1823 4663 ὑπουργὸν

247 4698 545 4766 εἰσηγεῖτο,
594 4694 690 4747 καὶ
728 4692 905 4764 βραχύ
955 4708 1008 4745 τι
1050 4691 1161 4745 τῶν
1208 4689 1519 4759 ἅγγελικῶν
1561 4686 1823 4758 διαφέρον

246 4786 571 4854 ταγμάτων.
594 4781 950 4836 Ἐκοινώνουν
987 4781 1046 4835 δὲ
1108 4780 1208 4850 τῆς
1238 4778 1397 4850 δόξης
1444 4778 1596 4854 αὑτῷ
1639 4777 1823 4831 Ἐλεύ-

244 4895 356 4940 σιος
404 4880 434 4931 ὁ
463 4876 738 4939 Κυζίκου,
803 4873 1115 4944 Σωφρόνιός
1170 4889 1228 4925 τε
1279 4873 1308 4925 ὁ
1348 4870 1678 4939 Παφλαγὼν,
1727 4871 1823 4924 καὶ

242 4971 269 5021 δ
300 4968 641 5031 Σεὸαστεξας
673 4964 973 5030 Εὐστάθιος
998 4982 1013 4998 ο
1073 4963 1131 5029 δς
1179 4957 1343 5034 δῆθεν
1384 4963 1824 5032 εὐγνωμονέστε-

247 5079 333 5132 ρος
394 5060 476 5115 ὢν
527 5060 653 5113 οὔτε
713 5058 849 5112 Θεὸν
903 5056 1027 5111 οὕτε
1075 5055 1280 5126 κτίσμα
1334 5054 1516 5122 λέγειν
1543 5056 1731 5127 ᾑρεῖτο
1763 5054 1823 5108 τὸ

248 5154 477 5226 Πνεῦμα
513 5151 581 5205 τὸ
614 5154 790 5222 ἅγιον.
839 5146 1032 5204 Πολλοὶ
1076 5149 1134 5201 δὲ
1181 5149 1277 5201 καὶ
1304 5148 1452 5205 ἄλλοι
1490 5148 1588 5200 σὺν
1637 5146 1822 5207 αὐτοῖς

244 5242 424 5320 ἦσαν,
472 5247 574 5301 καὶ
621 5243 809 5316 σχεδὸν
865 5237 980 5296 ὅσοι
1034 5239 1154 5311 μετ’
1200 5239 1380 5299 αὐτῶν
1431 5234 1821 5308 καθῃρέθησαν

248 5341 395 5410 παρὰ
450 5341 567 5395 τῶν
597 5335 960 5393 ὑπεναντίων.
1002 5334 1247 5388 Ἥκιστα
1297 5331 1345 5386 δ’
1396 5330 1691 5400 ἐλαχίστην
1728 5330 1822 5380 καὶ

250 5438 441 5506 μοῖραν
495 5432 772 5501 ἐπήγοντο
816 5426 910 5483 τοῦ
948 5428 1008 5481 ὲν
1050 5420 1631 5481 Κωνσταντινουπὸλει
1666 5420 1819 5487 λαοῦ,

320 5613 390 5683 (ι)
420 5611 695 5688 Eustathii
725 5605 1095 5688 Sebastiensis
1125 5605 1353 5688 verbum
1386 5620 1401 5659 :
1432 5601 1569 5675 Ego.
1615 5601 1815 5684 inquit,

251 5681 407 5752 argue
443 5684 617 5735 Deum
643 5681 895 5752 Spiritum
924 5687 1165 5733 sanctum
1194 5681 1466 5732 nominare
1501 5681 1821 5740 censuerim,

1929 4506 2090 4545 unam
2118 4488 2405 4547 Trinitatis
2438 4491 2729 4546 dicendam
2760 4507 2881 4547 esse
2914 4493 3153 4563 negavit.
3187 4497 3262 4548 Ac
3292 4495 3494 4552 Filium

1924 4582 2150 4653 quidem
2182 4581 2352 4640 Deum
2376 4583 2703 4654 perfectum,
2728 4593 2786 4640 et
2814 4584 3122 4641 substantia
3160 4587 3307 4641 Patri
3339 4589 3498 4644 simi-

1925 4675 2031 4729 lem
2069 4690 2192 4730 esse
2229 4676 2367 4730 dixit
2413 4694 2428 4731 :
2463 4676 2732 4746 Spiritum
2780 4684 3028 4731 sanctum
3069 4688 3252 4732 autem
3292 4694 3493 4748 exper-

1926 4775 2035 4820 tem
2061 4765 2289 4821 honoris
2312 4775 2369 4820 et
2388 4765 2669 4836 dignitatis
2697 4765 2969 4836 ejusmodi
2993 4768 3289 4832 statuebat,
3318 4769 3498 4824 famu-

1926 4857 2040 4913 lum
2071 4874 2197 4913 eum
2250 4866 2308 4913 et
2346 4859 2756 4922 administrum,
2791 4860 3169 4930 angelicisque
3199 4862 3496 4920 ordinibus

1925 4954 2090 5024 paulo
2131 4953 2571 5022 praestantiorem
2626 4967 2753 5008 esse
2803 4952 3029 5009 docens.
3084 4954 3152 5008 Et
3209 4954 3264 5009 in
3299 4957 3494 5014 eadem

1924 5060 2048 5100 cum
2100 5060 2169 5101 eo
2223 5044 2495 5099 sententia
2544 5054 2704 5099 erant
2761 5045 3016 5101 Eleusius
3064 5047 3387 5118 Cyzicenus,
3437 5061 3497 5107 ct
3540 5066 3543 5069 λ

1925 5138 2272 5206 Sephronius
2325 5135 2637 5206 Paphlago,
2691 5146 2749 5192 et
2805 5137 3126 5194 Eustathius
3180 5140 3496 5195 Sebastian-

1926 5230 2004 5284 sis
2028 5231 2104 5300 (l)
2135 5229 2265 5298 :qui
2298 5240 2478 5282 tamen
2505 5228 2628 5283 aliis
2649 5229 2880 5299 aaqnior,
2904 5245 3085 5301 neque
3114 5229 3281 5284 Deum
3316 5245 3495 5299 neque

1928 5330 2238 5376 creaturam
2271 5319 2539 5390 Spiritum
2561 5330 2813 5374 sanctum
2842 5320 3029 5376 dicere
3051 5322 3258 5374 maluit.
3288 5319 3499 5373 Sullra-

1926 5412 2199 5482 gabantur
2230 5412 2315 5466 eis
2360 5422 2415 5466 et
2447 5411 2548 5480 alii,
2575 5412 2773 5479 multi,
2806 5421 2859 5468 et
2902 5412 3016 5469 fere
3066 5427 3259 5467 omnes
3291 5413 3499 5482 quibus

1927 5610 2091 5722 itaque
2139 5600 2441 5732 σνεαιῖἒαὶιι
2504 5609 2689 5647 uocare
2749 5609 2910 5648 ausus
2973 5594 3191 5665 fuerim.
3257 5592 3496 5667 (Soctat.

1953 5672 2261 5732 ιιι.ιι,ιίψ.
2363 5690 2419 5717 ,α

1953 5672 2023 5722 ὼ.
2051 5680 2109 5733 ιι,
2140 5672 2261 5732 eap.
2287 5672 2419 5732 45.}
