3970 6190
237 298 312 358 £23
1095 278 1701 346 ECCLESIASTICE
1748 276 2138 339 IllSTORI/E
2176 275 2328 336 LIB.
2369 273 2470 333 IX.
2821 266 2831 269 ’
3321 266 3426 330 426

228 411 356 471 αὐτὸς
398 409 557 462 ἐδόκει
605 403 952 469 δοξάζοντας,
999 398 1134 452 ἀλλὰ
1175 397 1273 452 καὶ
1303 397 1440 468 πρὸς
1475 395 1747 465 Ἕλληνας
1781 397 1806 452 Α

1919 407 1969 445 m
2002 392 2278 462 perferre,
2307 399 2362 443 et
2400 403 2500 458 per
2530 385 2997 459 interrogationes
3029 399 3126 440 eos
3178 387 3425 454 urgenti-

227 505 364 574 βαρὺς
389 498 468 572 ἦν.
517 499 602 558 Ὠς
651 496 760 565 γάρ
797 495 994 563 ἐκείνῳ
1021 491 1197 545 ἐδόκει
1250 489 1540 548 κάκείνους
1587 486 1744 551 δοξά-

1913 497 1960 536 ιε
2006 479 2326 536 salisfacere
2362 495 2472 534 non
2515 487 2842 549 potuerunt.
2891 477 2958 531 Et
3003 492 3125 531 cum
3175 476 3322 546 quod
3369 477 3424 530 in

223 569 316 660 ζειν
336 569 513 664 ᾑρεῖτο,
543 590 635 643 καὶ
666 588 741 658 μὴ
773 585 1138 656 βουλομένους
1167 583 1426 652 ῆλαυνεν.
1466 580 1542 633 Οὐ
1575 581 1678 649 μὴν
1698 578 1743 629 δ’

1912 572 2210 628 lversarios
2267 572 2480 627 crimen
2551 582 2910 642 regercrcnt,
2967 585 3077 624 non
3141 569 3432 634 haberent,

222 661 450 743 ἀλλά-οιαὶ
497 683 657 737 παντὶ
702 680 781 750 τῷ
816 680 976 749 δήμῳ
1010 678 1111 749 τῆς
1141 677 1349 737 πόλεως
1377 674 1612 745 χαλεπὸς
1639 667 1707 743 ἦν
1727 688 1740 702 ο

1912 664 2183 718 infirmata
2214 664 2397 718 denuo
2431 679 2593 733 quam
2619 661 3102 732 Constantinopoli
3135 662 3434 717 ediderant

221 775 548 846 ὲπιτιμητικδς
575 773 620 827 δ’
651 774 725 832 ὡς
760 771 999 842 μάλιστα
1029 769 1142 831 τοῖς
1173 768 1455 837 ἄρχουσιν.
1478 763 1749 834 ’Λπεχθὴς

1919 756 2128 820 rmula,
2192 754 2627 810 conciliabulum
2676 771 2840 811 suum
2900 755 3226 820 solverunt,
3273 765 3330 809 et
3377 769 3438 810 se

219 875 264 926 δὲ
293 845 372 924 καὶ
391 869 460 938 τῷ
488 867 682 939 πλήθει
713 865 1013 932 ἐτύγχανεν
1035 857 1125 915 οἷα
1163 857 1513 929 τυραννικὸς,
1541 856 1635 910 καὶ
1662 855 1750 908 δύο

1912 859 2086 899 )mum
2117 845 2319 915 singuli
2353 853 2704 916 receperunt.
2734 845 2939 899 Eadem
2968 846 3073 900 hac
3103 852 3434 913 tempestate

221 982 356 1033 ναμιν
379 935 542 1031 ἐιυτῷ
565 935 1031 1030 περιποιούμενος
1065 954 1296 1008 οἴκοθεν.
1324 952 1368 1004 Τ
1371 957 1399 1005 ὸ
1427 951 1472 1004 δ’
1504 949 1750 1020 Ἐλληνι-

1912 937 2160 991 thanasio
2217 937 2399 991 adhuc
2458 939 2695 1002 latente,
2751 935 3024 1007 Georgius
3088 937 3435 991 Alexandriae

220 1027 297 1111 κον
333 1056 477 1108 πλέον
509 1027 826 1122 ἐξέμαινεν,
876 1027 960 1103 ὅτι
999 1048 1065 1102 τά
1100 1048 1307 1117 πάτρια
1331 1044 1572 1105 ἐκείνους
1599 1038 1752 1112 εἶργε

1912 1040 1975 1080 on
2007 1041 2104 1082 eos
2138 1028 2301 1081 modo
2332 1029 2424 1097 qui
2456 1027 2740 1083 diversum
2775 1031 2842 1082 ab
2874 1028 3138 1098 opinione
3169 1043 3270 1082 sua
3313 1043 3441 1082 sen-

222 1152 365 1200 ποιεῖν
387 1163 400 1176 ο
423 1148 507 1199 καὶ
538 1121 638 1208 τὰς
663 1143 859 1214 ἑορτάς
899 1141 1156 1212 περιῄρει
1176 1155 1192 1170 ’
1217 1139 1313 1191 καὶ
1341 1137 1532 1205 ὅτιπερ
1567 1139 1753 1202 στῖφος

1913 1130 2052 1187 rent,
2107 1123 2248 1177 male
2299 1123 2626 1194 accipiebat,
2661 1123 2760 1177 sed
2793 1122 3000 1177 Graecis
3043 1137 3265 1191 quoque
3311 1122 3446 1190 ipsis

217 1241 267 1304 ἐξ
297 1238 552 1305 Αἰγύπτου
586 1235 974 1303 στρατιωτικὸν
1007 1229 1304 1299 ἐπαγαγὼν
1334 1229 1541 1290 αὐτοῖς,
1570 1228 1668 1290 τάς
1695 1243 1754 1279 τε

1912 1211 2046 1265 ratis
2099 1222 2240 1266 erat.
2299 1212 2435 1268 Nam
2495 1229 2592 1269 eos
2630 1214 2824 1279 etiam,
2880 1213 3044 1267 sicuti
3098 1211 3204 1282 ipsi
3265 1211 3444 1266 visum

217 1329 306 1383 τῶν
348 1328 616 1397 σφετέρων
657 1324 795 1378 θεῶν
824 1323 1061 1386 εἰκόνας,
1095 1321 1187 1374 καὶ
1207 1318 1534 1389 ἀναθήματα
1569 1316 1755 1388 ἕτερα,

1912 1311 2034 1367 sset,
2068 1305 2284 1376 opinari
2316 1315 2480 1376 atque
2527 1306 2738 1360 sentire
2771 1304 3016 1368 volebat,
3059 1312 3118 1358 et
3149 1303 3335 1358 facere
3394 1303 3449 1356 id

217 1422 295 1473 καὶ
334 1422 445 1483 ὅσος
480 1422 589 1481 τοῖς
624 1420 770 1481 ναοῖς
818 1411 888 1488 ἦν
939 1415 1149 1481 κόσμος
1199 1411 1404 1477 αὐτῶν,
1450 1410 1762 1480 διήρπασεν

1912 1397 2124 1452 olentes
2171 1397 2659 1468 persequebatur:
2708 1398 2844 1468 quin
2901 1398 3175 1451 universae
3221 1411 3448 1468 quoque

216 1512 602 1583 ἀφαιρούμενος.
655 1512 720 1564 Ἀ
755 1510 818 1579 δὴ
852 1511 1031 1562 πάντα
1076 1506 1225 1558 αἴτια
1258 1503 1452 1573 ἐκείνῳ
1479 1503 1580 1571 τῆς
1610 1503 1763 1555 ἀναι-

1912 1488 2026 1544 rbis
2068 1489 2190 1560 ejus
2237 1490 2385 1560 plebi
2427 1491 2725 1546 molestum
2763 1505 2824 1545 se
2861 1488 3208 1544 exhibebat:
3245 1487 3454 1558 princi-

217 1605 393 1674 ρέσεως
419 1602 684 1669 ἐγεγόνει,
715 1599 790 1662 ὡς
823 1599 882 1649 ἐν
923 1599 992 1667 τῇ
1021 1594 1221 1664 ἐφεξῆς
1256 1610 1345 1659 μοι
1381 1591 1762 1663 δηλωθήσεται

1912 1598 2002 1637 um
2034 1583 2271 1639 maxime
2317 1585 2561 1639 virorum
2613 1585 2960 1656 obiurgator,
2991 1590 3048 1638 et
3078 1583 3256 1637 doctis
3290 1589 3455 1651 atque

216 1696 418 1764 ἱστορίᾳ.
454 1692 565 1746 Τοῦ
592 1693 650 1745 δὲ
683 1690 955 1760 Κυρίλλου
983 1689 1042 1740 δν
1072 1687 1278 1758 τρόπον
1309 1687 1524 1754 εἴρηται
1562 1682 1762 1737 καθαι-

1912 1676 2060 1742 laris,
2080 1677 2228 1746 quod
2256 1691 2354 1732 eos
2377 1677 2793 1742 contemnebat,
2822 1693 2925 1732 nec
2957 1692 3069 1731 non
3103 1675 3453 1731 multitudini

215 1783 459 1852 ριθέντος,
510 1781 615 1851 τὴν
639 1780 748 1833 τῶν
783 1777 1178 1848 Ἱεροσολύμων
1213 1773 1544 1844 Ἐκκλησίαν
1581 1773 1765 1842 Ἐρέν-
1799 1766 1806 1825 l

1912 1766 1979 1835 )si
2020 1767 2254 1834 invisus,
2289 1769 2458 1824 veluti
2491 1769 2845 1840 tyrannicus,
2882 1779 2939 1824 et
2973 1771 3069 1838 qui
3120 1767 3458 1823 dominatio-

214 1893 310 1939 νιος
352 1875 665 1945 ἐπετράπη·
731 1869 854 1943 μεθ’
893 1870 952 1923 δν
997 1868 1246 1936 ἐγεγόνει
1276 1865 1620 1936 Ἡράκλειος,
1676 1863 1772 1918 καὶ

1916 1874 2001 1914 em
2052 1860 2159 1914 sibi
2219 1863 2374 1929 quasi
2429 1862 2557 1931 jure
2606 1877 2708 1917 suo
2757 1862 3090 1917 vindicaret.
3148 1861 3209 1915 ln
3263 1861 3458 1930 primis

213 1971 384 2040 ἐφεξῆς
447 1968 719 2038 Ὶλάριος⁶
773 1958 920 2018 οὗτοι
971 1963 1080 2033 γὰρ
1117 1962 1282 2031 μέχρι
1327 1960 1426 2026 τῆς
1485 1956 1769 2011 Θεοδοσίου

1913 1967 2008 2006 ero
2058 1949 2260 2008 Graecae
2314 1955 2733 2024 superstitionis
2792 1956 3038 2011 cultores
3077 1956 3455 2018 exacerbavit,

214 2063 458 2130 βασιλείας
482 2061 762 2128 διοικῆσαι
781 2058 849 2110 τὰ
872 2055 972 2124 τῆς
993 2054 1252 2122 τοιαύτης
1269 2050 1608 2118 Ἐκκλησίας
1633 2047 1774 2102 ίστό-

1917 2044 2022 2099 uod
2067 2059 2164 2100 eos
2205 2046 2401 2115 patriis
2442 2046 2561 2102 suis
2601 2048 2776 2103 sacris
2805 2048 3055 2118 operari,
3095 2047 3328 2118 diesque
3379 2046 3461 2101 l'e-

214 2171 405 2225 ρηνται.
430 2151 591 2207 Μετὰ
617 2151 674 2205 δὲ
701 2148 921 2211 τούτους
953 2145 1160 2200 πάλινό
1187 2143 1352 2208 αὐτὸς
1384 2142 1652 2212 Κύριλλος
1682 2141 1774 2192 τὸν

1912 2145 1992 2191 tos
2036 2151 2302 2207 peragere
2351 2139 2665 2208 prohibuit.
2711 2141 2783 2196 Et
2838 2142 3063 2197 militari
3113 2157 3179 2197 ex
3227 2140 3460 2212 Egypto

211 2246 388 2298 οἰκεῖον
419 2241 727 2297 ἐπανέλαϐε
766 2239 980 2307 θρόνον.

1913 2229 2114 2282 ddueta
2147 2246 2336 2296 manu,
2377 2233 2607 2288 deorum
2637 2235 2909 2305 imagines
2937 2245 3103 2306 atque
3137 2235 3244 2291 alia
3285 2244 3462 2291 dona-

213 2344 302 2406 ria,
331 2352 382 2397 et
414 2339 694 2411 quidquid
723 2346 990 2409 praeterea
1036 2335 1091 2388 in
1136 2331 1366 2400 templis
1397 2343 1593 2384 eorum
1626 2335 1776 2383 esset
1851 2327 2186 2390 ornamenti,
2245 2328 2517 2397 diripiens
2549 2331 2803 2387 abstulit.
2831 2331 2969 2398 Quae
2999 2348 3133 2388 sane
3166 2333 3376 2424 omnia:
3402 2342 3464 2387 ut

213 2445 502 2500 necaretur,
524 2449 758 2491 causam
786 2432 1093 2502 praebuere,
1148 2427 1311 2485 sicuti
1370 2425 1516 2479 libro
1580 2423 1831 2493 proximo
1869 2423 2245 2478 ostendemus.
2283 2424 2488 2495 Cyrillo
2539 2426 2791 2482 Ecclesia
2829 2423 3368 2500 lliet‘osolymitana,
3390 2443 3459 2483 eo

214 2546 308 2600 quo
337 2547 498 2602 supra
543 2531 761 2586 dictum
799 2537 885 2583 est
939 2525 1128 2589 modo,
1163 2523 1416 2591 adempta
1462 2528 1568 2585 est,
1641 2529 1698 2573 et
1737 2517 2016 2573 Herennio
2086 2518 2364 2574 mandata.
2401 2521 2568 2591 805
2606 2520 2707 2576 Cui
2741 2522 3049 2588 Heraclius,
3102 2534 3268 2594 atque
3320 2523 3454 2579 huic

213 2640 410 2679 rursum
440 2622 724 2679 successit
757 2619 1045 2674 Hilarius:
1079 2615 1170 2670 isti
1212 2627 1451 2681 namque
1485 2624 1660 2680 usque
1701 2609 1768 2664 ad
1809 2607 2111 2663 Theodosii
2157 2608 2452 2678 imperium
2494 2611 2794 2666 Ecclesiam
2843 2629 2963 2668 eam
3029 2615 3452 2675 administrasse

217 2717 382 2772 traditi
415 2727 554 2772 sunt
584 2735 596 2770 :
631 2727 755 2787 post
784 2729 926 2786 quos
954 2711 1195 2782 Cyrillus
1226 2708 1344 2776 ipse
1396 2705 1581 2762 sedem
1615 2719 1770 2760 suam
1812 2704 2187 2773 recuperavit.

800 2849 1052 2928 ιιεφΑΑ.
1097 2847 1180 2904 N'.

2516 2845 2742 2903 CAPUT
2783 2849 2846 2902 L.

215 2967 355 3042 Napi
372 2965 478 3042 cii};
498 2965 627 3042 τριξ
643 2962 957 3042 βασςιλέως
989 2959 1414 3042 Κωζστακτίου
1447 2958 1773 3042 τξνζευτῆςρ

1912 2954 1965 3009 De
1993 2957 2327 3042 imperatoris
2370 2958 2672 3042 Constantii
2713 2961 2892 3042 obitu,
2951 2972 3000 3042 et
3031 2981 3148 3035 qum
3188 2965 3470 3042 Gregorius

273 3030 360 3091 εὶαὶ
392 3030 486 3094 οἷα
519 3041 565 3092 ό
592 3036 884 3104 Θεολόγος
915 3031 1112 3102 τραφῇ
1136 3030 1273 3098 περὶ
1310 3030 1496 3084 αὑτοῦ
1530 3030 1776 3096 ἱστορεῖ.

279 3155 338 3209 Ὀ
369 3155 423 3208 δὲ
456 3155 688 3222 Καῖσαρ
717 3149 1026 3211 Ἰουλιανὸς,
1063 3146 1214 3216 μάχῃ
1246 3145 1356 3197 τῶν
1390 3145 1517 3210 περὶ
1541 3145 1634 3197 τὸν
1667 3145 1790 3216 Ῥἦ-
1821 3132 1865 3189 C

217 3260 292 3296 νον
316 3244 617 3314 βαρϐάρων
653 3239 956 3310 κρατήσας,
986 3239 1079 3289 καὶ
1107 3237 1236 3298 τοὺς
1271 3237 1369 3304 μὲν
1396 3235 1539 3303 ξίφει
1570 3235 1791 3303 ὑπαγα-

217 3334 334 3401 γὼν,
358 3335 448 3399 οὒς
498 3335 568 3388 δὲ
604 3333 700 3386 καὶ
727 3330 1046 3399 ζωγρήσας,
1081 3327 1177 3381 καὶ
1220 3325 1387 3388 πολὺς
1414 3326 1668 3395 τηνικάδε
1701 3326 1790 3380 διὰ

224 3425 685 3498 μετριοφροσύνης
713 3425 809 3477 καὶ
842 3420 1147 3483 ἐπιεικείας
1174 3419 1474 3489 πρόσχημα
1497 3419 1657 3486 δόξας
1678 3421 1792 3482 τοῖς

222 3520 593 3589 στρατιώταις,
651 3515 904 3586 βασιλεὺς
950 3511 1240 3583 Ῥωμαίων
1271 3510 1684 3582 ἀναγορεύεται.
1724 3511 1792 3564 Ὃ

221 3611 276 3680 δὴ
302 3613 354 3674 ἐς
374 3611 766 3666 Κωνστάντιον
783 3605 1071 3676 ἀγγελθὲν,
1098 3602 1301 3674 πολλὴν
1321 3603 1496 3655 ἐποίει
1519 3603 1618 3672 τὴν
1642 3603 1791 3669 ἀγω-

222 3701 344 3756 νίαν.
382 3705 490 3757 Καὶ
509 3703 578 3774 δὴ
610 3702 674 3754 τὸ
697 3700 841 3754 θετον
867 3697 1093 3769 λουτρὸν
1123 3695 1261 3767 πρὸς
1292 3694 1534 3758 Εύζωῖου
1571 3698 1630 3746 ἐν
1676 3694 1797 3745 Ἀν-

221 3797 416 3865 τιοχείᾳ
444 3796 774 3865 δεξάμενος,
800 3793 940 3861 ἄρας
976 3789 1186 3844 ἐκεῖθεν
1221 3789 1321 3858 τὴν
1346 3790 1629 3856 στρατιὰν,
1665 3787 1797 3856 πρὸς

222 3890 300 3941 τὸν
339 3891 458 3942 κατ’
487 3889 708 3943 ἐκείνου
745 3885 1041 3954 ἐπορεύετο
1073 3882 1331 3952 πόλεμον.
1380 3883 1472 3936 Ἐν
1505 3881 1561 3935 δὲ
1604 3881 1798 3948 Μόψου

223 3981 444 4050 κρήναις
484 3981 808 4050 γενόμενος,
840 3979 896 4031 αἳ
932 3977 1032 4030 sva
1076 3976 1241 4045 μέσον
1273 3973 1673 4037 Καππαδοκίας
1705 3973 1800 4026 καὶ

225 4073 463 4139 Κιλικίας
495 4076 668 4137 εἰσὶν,
689 4073 1041 4141 ἀπόπληκτος
1073 4069 1150 4138 τῷ
1181 4067 1364 4136 πολλῷ
1391 4067 1488 4139 τῆς
1518 4067 1800 4137 φροντίδος

224 4166 530 4232 γενόμενος,
571 4163 668 4214 τὸν
717 4160 833 4229 βίον
877 4158 1169 4212 ἀπέλιπεν.
1208 4157 1424 4220 Ὀποϊος
1482 4157 1582 4225 μὲν
1616 4155 1711 4208 οὖν
1742 4154 1803 4209 τὸ

225 4251 344 4325 ἦθος
376 4257 474 4310 καὶ
503 4256 611 4324 τὴν
651 4252 952 4323 θρησκείαν
991 4252 1238 4318 ἐγεγόνει
1273 4252 1674 4314 Κωνστάντιος,
1719 4251 1798 4303 δι-

225 4347 439 4416 εξῆλθον
478 4349 571 4412 ἂν,
610 4346 659 4397 εί
712 4345 786 4414 μὴ
820 4346 848 4396 ό
884 4343 1187 4412 πυρίπνους
1226 4343 1413 4413 ῥήτωρ
1450 4344 1478 4394 ό
1541 4341 1804 4409 Θεολόγος

2160 3027 2446 3098 Tlieologus
2472 3032 2536 3084 de
2575 3047 2633 3084 eo
2661 3035 2858 3101 scripta
2890 3027 3186 3105 reliquerit.

1971 3137 2227 3195 Julianus
2260 3156 2393 3208 sane
2427 3141 2608 3197 Caasar
2635 3143 2786 3199 Bello
2815 3143 3087 3202 Barbaros
3117 3149 3183 3204 ad
3220 3151 3474 3210 Rhenum

1892 3229 2044 3296 vicit,
2079 3231 2360 3302 plerisque
2392 3235 2565 3296 caesis,
2605 3235 2936 3304 quibusdam
2969 3239 3134 3294 etiam
3173 3244 3374 3311 captis.
3412 3243 3477 3300 Et

1893 3324 2043 3393 quod
2069 3326 2343 3382 militibus
2381 3337 2494 3382 tum
2528 3340 2757 3399 propter
2787 3331 3188 3389 moderationis
3222 3337 3390 3390 animi
3421 3351 3478 3394 et

1895 3417 2176 3486 αιιμιίιδιίε
2201 3418 2491 3473 obtentum
2521 3421 2823 3488 przcclarus
2850 3439 2973 3477 esse
3019 3425 3324 3488 videretur,
3369 3429 3475 3482 im-

1895 3517 2123 3578 perator
2163 3509 2541 3564 Romanorum
2595 3511 2664 3566 ab
2718 3513 2801 3566 eis
2849 3528 2933 3566 cSt
2971 3512 3307 3571 declaratus.
3347 3517 3479 3584 Qua:

1898 3619 1988 3658 res
2018 3603 2110 3657 ubi
2143 3603 2472 3659 Constantio
2503 3614 2588 3659 est
2617 3605 2956 3670 renuntiata,
2983 3607 3142 3663 anxia
3175 3626 3300 3666 cum
3331 3614 3481 3681 cepit

1902 3695 2242 3750 sollicitudo.
2282 3697 2350 3750 Et
2382 3697 2689 3752 Antiochia:
2723 3698 2791 3751 ab
2838 3698 3050 3754 Euzoio
3081 3717 3242 3756 sacro
3276 3705 3480 3759 tinctus

1900 3790 2144 3853 lavacro,
2180 3791 2484 3844 exercitum
2520 3790 2648 3844 inde
2683 3791 2952 3846 adversus
2989 3791 3269 3849 lulianum
3300 3796 3482 3854 duxit.

1901 3885 2083 3952 Atque
2106 3883 2198 3938 ubi
2223 3883 2288 3937 ad
2320 3883 2504 3952 Mopsi
2534 3882 2739 3948 fontes,
2774 3883 2869 3953 qui
2898 3883 3041 3938 inter
3071 3884 3475 3955 Cappadociam

1903 3984 1960 4031 et
1992 3974 2242 4030 Ciliciam
2274 3987 2423 4040 sunt,
2460 3977 2634 4040 venit,
2681 3977 2832 4031 curis
2869 3977 3176 4042 confectus,
3213 3996 3311 4050 per
3351 3997 3484 4050 apo-

1907 4066 2147 4136 plexiam
2201 4066 2368 4120 vitam
2407 4063 2571 4121 ﬁniit.
2617 4064 2811 4132 Qualis
2841 4079 3026 4122 autem
3060 4079 3114 4122 ct
3152 4070 3397 4125 moribus
3431 4082 3490 4126 et

1906 4158 2176 4230 religione
2211 4157 2574 4213 Constantius
2609 4158 2803 4221 fuerit,
2838 4159 2893 4212 in
2924 4161 3214 4228 praesentia
3247 4178 3490 4217 comme-

1910 4267 2210 4317 morarem,
2251 4251 2357 4305 nisi
2396 4250 2922 4306 vehementissimus
2956 4262 3144 4306 orator
3185 4253 3490 4324 Gregorius

1910 4343 2223 4412 Theologus
2266 4341 2500 4396 virtutes
2543 4344 2663 4413 ejus
2698 4344 3072 4412 pulcherrime
3124 4348 3482 4403 ostendisset.

227 4435 262 4487 Γ
265 4440 518 4507 ρηγόριος
551 4436 625 4488 τά
657 4436 780 4487 κατ’
823 4435 984 4486 αὑτὸν
1022 4434 1222 4501 ἄριστα
1255 4433 1578 4502 διεσάφησε.
1609 4432 1716 4486 Καί
1751 4433 1803 4500 γ’

1912 4436 2131 4490 Etcum
2160 4437 2345 4490 verbis
2389 4436 2538 4490 illius
2583 4436 2766 4505 qualis
2804 4436 2849 4490 is
2891 4438 3062 4491 fuerit
3093 4439 3381 4494 declarare
3418 4441 3487 4494 li-

227 4528 336 4580 ἐνὸν
377 4531 470 4582 διὰ
521 4529 637 4579 τῶν
673 4525 884 4578 ἐκείνου
927 4525 1278 4594 παραστῆσαι
1331 4523 1524 4593 φωνῶν
1554 4516 1666 4585 οἷος
1710 4518 1802 4594 ἦν,

229 4622 470 4691 περιττὸν
501 4615 665 4689 οἶμαι
696 4619 899 4686 ἑτέρως
934 4619 1111 4685 λέγειν
1146 4617 1446 4686 αἱρεῖσθαι.
1477 4617 1565 4670 Ἐν
1593 4617 1692 4686 μὲν
1713 4616 1806 4670 οὖν

227 4713 297 4782 τῷ
344 4714 553 4783 πρώτῳ
608 4707 1004 4779 στηλιτευτικῷ
1051 4709 1195 4761 κατὰ
1248 4707 1565 4772 Ἰουλιανοῦ,
1617 4706 1807 4777 ὥσπερ

229 4807 627 4875 ἐπαιτιώμενος
674 4807 776 4870 τὴν
834 4802 1045 4854 ἐκείνου
1107 4801 1434 4871 ἀνάρρησιν,
1485 4800 1610 4853 τάδε
1666 4800 1810 4851 κατὰ

231 4899 378 4968 ῥῆμα
412 4899 563 4966 ὑπὲρ
584 4897 964 4950 Κωνσταντίου
997 4892 1222 4955 διέξεισι
1241 4907 1254 4921 ⁸
1285 4891 1381 4942 ιΤί
1409 4892 1588 4956 τοῦτο,
1607 4885 1652 4944 ὦ
1669 4893 1810 4943 θειό-

229 5008 350 5044 τατε
380 4992 653 5060 βασιλέων
697 4988 794 5041 καὶ
839 4985 1284 5055 φιλοχριστότατε
1336 4986 1676 5056 (προάγομαι
1707 4987 1812 5055 γάρ

229 5085 296 5150 ὡς
344 5087 587 5155 παρόντι
638 5082 736 5136 καὶ
765 5080 1020 5134 ἀκούοντι
1065 5077 1384 5149 μέμψασθαι
1416 5094 1430 5108 ·
1473 5079 1566 5131 καὶ
1599 5079 1647 5130 εί
1679 5081 1812 5132 πολὺ

233 5173 521 5242 κρείττονά
551 5186 612 5224 σε
645 5171 900 5237 γινώσκω
933 5169 1031 5237 τῆς
1066 5167 1338 5237 ἡμετέρας
1379 5165 1644 5239 μέμψεως
1677 5169 1816 5236 μετὰ

231 5263 359 5318 Θεοῦ
409 5263 794 5331 τεταγμένον,
823 5261 917 5313 καὶ
961 5260 1062 5329 τῆς
1114 5263 1228 5313 ἐκεῖ
1276 5260 1434 5328 δόξης
1469 5261 1815 5330 κληρονομή-

237 5372 436 5410 σανταο
475 5359 579 5409 καὶ
624 5357 878 5408 τοσοῦτον
917 5355 1413 5424 μεταχωρήσαντα,
1471 5355 1598 5406 ὅσον
1650 5370 1819 5423 μετα-

237 5450 419 5503 θέσθαι
449 5450 555 5518 τὴν
597 5447 932 5517 βασιλείαν);
971 5447 1094 5498 τίνα
1117 5433 1326 5516 ταύτην
1348 5445 1656 5498 ἐϐουλεύσω
1696 5445 1820 5513 βου-

237 5540 366 5608 lira;
400 5543 635 5592 πάντων
667 5541 880 5592 συνέσει
905 5539 1002 5591 καὶ
1031 5540 1285 5608 ἀγχινοίᾳ
1320 5539 1600 5590 καταπολὺ
1638 5538 1822 5605 διαφέ-

241 5651 360 5699 ρων,
397 5635 462 5685 ού
494 5632 612 5683 τῶν
633 5632 722 5684 ἐπὶ
758 5631 852 5684 σοῦ
886 5631 1151 5700 βασιλέων
1190 5633 1390 5701 μόνων,
1429 5631 1562 5684 ἀλλὰ
1589 5630 1823 5683 καὶτῶν

241 5726 576 5796 ἔμπροσθεν.
623 5727 732 5777 ὁτδ
777 5724 1115 5795 βαρὸαρικὸν
1163 5721 1554 5794 ἀνακαθαίρων
1613 5723 1820 5794 κύκλῳ,

562 5820 828 5880 PATnOL.
861 5821 892 5878 ί
919 5838 979 5883 ιι,
1022 5819 1252 5879 CXLVI

1909 4535 2052 4594 ceat,
2102 4543 2577 4598 supervacaneum
2627 4545 2750 4584 esse
2807 4531 2972 4593 duxi,
3015 4531 3177 4582 aliter
3229 4548 3316 4585 res
3360 4535 3482 4602 ejus

1912 4621 2120 4674 referre
2150 4621 2311 4674 velle.
2349 4621 2405 4674 In
2448 4620 2625 4690 prima
2659 4622 2830 4690 igitur
2862 4623 2912 4673 in
2940 4621 3220 4676 Juliauum
3263 4627 3492 4678 invecti-

1913 4726 2007 4773 va,
2043 4713 2214 4766 veluti
2271 4715 2692 4782 reprehendens
2741 4714 3011 4768 Caesarem
3069 4731 3196 4768 eum
3246 4725 3490 4771 creatum

1913 4817 2056 4864 esse,
2078 4805 2195 4858 haec
2215 4805 2280 4857 ad
2311 4806 2541 4858 verbum
2572 4819 2673 4874 pro
2696 4804 3021 4875 Constantio
3054 4806 3225 4860 refert
3253 4823 3266 4860 :
3303 4825 3320 4856 ι
3347 4806 3491 4872 Quid

1917 4896 2021 4950 hoc
2066 4896 2142 4950 rei
2174 4907 2290 4960 est,
2348 4896 2748 4966 imperatorum
2791 4899 3162 4961 sanctissime,
3198 4909 3250 4953 et
3287 4900 3490 4955 Christi

1918 4988 2296 5042 amantissime
2339 4989 2428 5057 (eo
2458 4987 2608 5042 enim
2637 4989 2940 5058 provehor,
2981 5000 3042 5044 ut
3073 5000 3123 5044 te
3157 4991 3322 5045 veluti
3353 5007 3493 5061 pra:-

1918 5089 2131 5136 seutem
2176 5090 2233 5134 et
2278 5081 2394 5135 hzec
2435 5081 2755 5136 audientem
2802 5083 3094 5136 incusem:
3145 5083 3399 5152 quamvis
3441 5094 3493 5136 te

1919 5173 2080 5244 longe
2102 5175 2452 5242 superiorem
2480 5173 2915 5244 reprehensione
2943 5187 3132 5228 nostra
3156 5191 3277 5230 esse
3301 5176 3492 5239 sciam,

1922 5265 2016 5335 qui
2051 5270 2116 5318 ad
2157 5267 2326 5321 Deum
2357 5267 2658 5321 translatus
2690 5269 2766 5320 sis
2790 5266 2978 5337 gloria:
3003 5268 3248 5320 etnlestis
3275 5265 3452 5318 haeres
3481 5286 3494 5316 ;

1922 5371 1979 5412 et
2017 5367 2168 5411 tanto
2199 5375 2231 5410 a
2263 5361 2423 5414 nobis
2459 5360 2682 5430 longius
2712 5360 3040 5419 secesseris,
3084 5367 3292 5426 quanto
3325 5357 3498 5427 impe-

1925 5449 2068 5502 rium
2099 5448 2232 5502 illud
2283 5449 2428 5519 quod
2487 5465 2612 5503 cum
2643 5450 2750 5503 hoc
2782 5447 3159 5512 commutasti,
3208 5455 3290 5500 est
3333 5464 3497 5517 augu-

1928 5539 2088 5599 stius)
2116 5536 2142 5590 ?
2165 5541 2445 5608 quodnam
2479 5539 2585 5594 hoc
2613 5539 2810 5607 cepisti
2853 5538 3148 5591 consilium
3172 5539 3193 5589 ’ἐ
3237 5538 3330 5606 qui
3370 5555 3500 5608 pru-

1929 5631 2120 5686 dentia
2163 5643 2220 5686 et
2274 5633 2444 5686 animi
2501 5633 2728 5686 solertia
2775 5647 2989 5698 omnes,
3027 5647 3136 5685 non
3192 5633 3357 5686 tnodo
3407 5635 3502 5701 Qui

1930 5737 2090 5781 artatc
2157 5737 2274 5793 tua,
2328 5728 2420 5782 sed
2485 5738 2646 5782 antea
2702 5740 2925 5797 quoque
2979 5725 3135 5784 fuere
3194 5727 3501 5797 principes,

3057 5823 3128 5882 1ε⁷ι
