3970 6190
456 263 559 327 42⁸7

1681 274 2101 337 ΝΙΟΕΡΠΟΒΙ
2142 277 2484 338 ολιιιετι
3559 286 3647 349 428

455 379 619 449 longe
664 380 934 450 superasti
984 398 998 436 :
1048 380 1143 449 qui
1172 378 1304 435 foris
1354 380 1619 437 ﬁnitimas
1659 384 2019 440 circumcirca

2131 388 2218 453 iul
2258 386 2382 449 τοὺς
2413 385 2553 439 οἶκοι
2586 386 2881 456 τυράννους
2909 388 3283 459 χειρούμενος,
3315 394 3434 460 τοὺς
3464 397 3553 466 μιν
3578 400 3655 454 λά.

461 474 719 543 regiones
756 489 786 526 a
838 472 1092 527 Barbaris
1132 475 1459 554 repurgasti,
1495 485 1554 530 et
1583 476 1730 531 domi
1762 486 2023 549 tyrannos

459 564 849 633 compescuisti
883 580 898 617 :
933 572 1098 631 atque
1135 562 1272 617 alios
1306 565 1531 634 quidem
1581 566 1768 622 verbis
1797 568 2021 634 ﬂexisti,

459 657 599 708 alios
641 666 824 706 autem
873 653 1042 705 armis
1078 651 1259 706 vicisti
1297 670 1312 706 :
1356 663 1413 707 et
1450 668 1519 708 eo
1561 670 1694 710 sane
1725 668 2024 724 utrumque

460 750 626 801 modo
679 745 959 815 peregisti,
1014 757 1071 799 ut
1119 746 1360 803 alterum
1418 746 1472 800 in
1511 748 1689 803 altero
1730 749 1868 804 nihil
1925 750 2023 804 tibi

457 848 683 900 atJr-rret
732 839 1114 895 ditlicultatis?
1158 840 1224 894 Et
1258 857 1382 894 cum
1418 840 1590 899 multa
1623 841 1735 896 sint
1776 842 1924 897 bello
1967 850 2024 897 et

457 937 625 991 armis
688 945 869 1005 parta,
919 935 1126 1005 majora
1176 946 1360 995 tamen
1410 944 1466 988 et
1520 936 1842 1001 illustriora,
1902 950 2023 1005 qua

454 1029 610 1083 nullo
674 1026 855 1082 eﬂuso
908 1025 1178 1095 sanguine
1241 1027 1582 1082 constituisti
1641 1027 1886 1097 tropea?
1939 1026 2021 1081 Ad

452 1135 618 1188 quem
657 1119 1027 1191 undequaque
1055 1119 1217 1190 legati
1257 1131 1313 1174 et
1349 1119 1632 1188 supplices
1659 1134 1727 1173 ex
1764 1119 2025 1188 gentibus

456 1212 622 1265 variis
660 1211 978 1272 veniebant,
1017 1226 1252 1281 quarum
1289 1210 1572 1265 nonnullae
1597 1210 1709 1279 jam
1751 1210 2023 1278 imperata

454 1304 754 1361 faciebant.
802 1303 1083 1357 nonnulla!
1118 1313 1305 1358 autem
1347 1301 1575 1356 facturae
1610 1302 1820 1357 erant?
1856 1300 2023 1371 806

453 1393 561 1458 Qui
591 1392 856 1462 quidquid
880 1408 1188 1460 sperasses,
1230 1391 1546 1447 confectum
1578 1391 1680 1447 tibi
1708 1392 1819 1463 jam
1854 1405 2026 1460 prope

455 1487 577 1549 fuit.
610 1484 762 1539 Adeo
791 1501 955 1539 tnanu
990 1483 1084 1547 Dei
1117 1485 1181 1545 ad
1211 1484 1440 1541 consilia
1471 1494 1529 1539 et
1554 1484 1803 1539 actiones
1832 1497 2026 1538 omnes

453 1594 513 1635 es
548 1577 870 1648 perductus.
892 1576 1066 1655 Cujus
1088 1577 1376 1647 prudentia
1412 1576 1635 1646 quidem
1661 1576 1833 1644 magis
1860 1589 2027 1645 quam

458 1669 745 1732 tortitudo,
780 1670 950 1738 magis
988 1682 1118 1723 vero
1163 1669 1330 1724 etiam
1367 1667 1637 1722 fortitudo
1683 1682 1853 1735 quam
1887 1681 2024 1739 pru-

2128 494 2271 546 γοις,
2305 477 2429 539 τοὺς
2462 476 2518 529 δὲ
2547 480 2659 540 τοῖς
2687 478 2874 542 ὅπλοις
2893 494 2909 510 ·
2943 481 3036 535 καὶ
3064 479 3267 535 τούτων
3298 483 3561 548 ἑκάτερον.
3592 490 3659 554 ὡς

2128 569 2295 640 μηδὲν
2327 569 2433 621 ὑπὸ
2458 569 2555 620 τοῦ
2588 570 2776 637 ἐτέρου
2804 568 3209 639 διοχλούμενος.
3243 566 3317 625 Οὖ
3352 576 3548 642 μεγάλα
3574 579 3661 648 μὲν

2122 664 2362 729 τρόπαια
2388 663 2455 714 τὰ
2486 658 2607 729 μεθ’
2636 661 2817 714 ὅπλων
2845 665 2936 713 καὶ
2963 662 3166 731 μάχης,
3193 663 3361 728 μείζω
3384 665 3437 719 δὲ
3468 668 3554 720 καὶ
3582 687 3663 723 πε.

2129 752 2495 822 ριφανέστερα
2526 750 2596 804 τὰ
2639 744 2999 821 ἀναίμακτα’⁶
3034 753 3173 823 πρὸς
3213 753 3271 805 ὃν
3301 756 3391 806 καὶ
3419 758 3663 827 πανταχό-

2128 843 2220 895 θεν
2254 843 2543 914 πρεσϐεῖαι
2582 846 2677 896 καὶ
2710 844 2936 906 ίκεσίαι,
2970 837 3045 896 ὧν
3091 845 3160 897 τὰ
3197 843 3297 914 μὲν
3336 844 3583 915 ὑπήκουε,
3608 849 3666 899 τὰ

2125 934 2182 987 δὲ
2199 934 2423 1004 ἔμελλες
2452 936 2567 988 Πᾶν
2593 934 2650 987 δὲ
2671 929 2741 1004 ἦν
2763 935 2824 988 τὸ
2842 935 3097 990 ἐλπισθὲν
3127 936 3242 988 ἴσον
3265 934 3343 1005 τῷ
3364 936 3661 1005 χειρωθέντι·

2124 1027 2155 1079 ὀ
2186 1028 2332 1096 χειρὶ
2382 1027 2519 1080 Θεοῦ
2554 1026 2687 1098 πρὸς
2719 1027 2902 1078 πᾶσαν
2937 1025 3032 1079 καὶ
3066 1024 3258 1095 βουλὴν
3284 1026 3379 1079 καὶ
3408 1027 3589 1096 πρᾶξιν
3617 1029 3667 1079 6-

2124 1117 2494 1187 δηγούμενοςο
2531 1110 2594 1168 οὗ
2648 1116 2852 1186 μᾶλλον
2897 1116 2997 1186 μὲν
3033 1119 3132 1186 τῆς
3168 1117 3351 1186 χειρὸς
3383 1117 3417 1187 η
3464 1116 3667 1184 σύνεσις,

2130 1211 2333 1280 μᾶλλον
2361 1210 2418 1263 δὲ
2449 1209 2549 1277 τῆς
2598 1210 2870 1271 συνέσεως
2900 1211 2935 1279 ἡ
2973 1211 3096 1279 χεὶρ
3130 1210 3467 1279 ἐθαυμάζετο
3489 1225 3503 1239 ⁸
3530 1210 3669 1264 πλέον

2125 1302 2182 1355 δὲ
2217 1302 2317 1370 τῆς
2365 1303 2423 1354 ὲν
2452 1302 2797 1371 ’ἀμφοτέροις
2840 1301 3250 1371 εὖδοκιμήσεως
3284 1301 3317 1370 ἡ
3368 1300 3619 1355 εὐσέϐεια.
3649 1320 3665 1352 ι

2128 1395 2240 1448 Kal
2270 1394 2390 1461 μετ’
2415 1392 2575 1461 ὀλίγα
2594 1408 2611 1423 ·
2649 1392 2777 1455 ιΤίς
2801 1394 2911 1463 γὰρ
2942 1393 3041 1445 οὐκ
3061 1390 3171 1446 οἶδε
3199 1394 3298 1446 καὶ
3323 1393 3427 1445 τῶν
3460 1392 3672 1463 μετρίως

2127 1489 2336 1540 ἐκεῖνον
2375 1485 2778 1554 ἐπισταμένων,
2811 1487 2895 1539 ὅτι
2939 1486 3103 1539 ἕνεκα
3136 1485 3237 1554 μὲν
3279 1485 3550 1547 εὐσεϐείας
3590 1487 3672 1539 καὶ

2126 1577 2220 1631 τοῦ
2251 1579 2379 1646 περὶ
2410 1578 2558 1648 ἡμᾶς
2591 1577 2842 1646 φίλτρου,
2870 1578 2965 1630 καὶ
2995 1577 3089 1629 τοῦ
3119 1575 3409 1646 βούλεσθαι
3438 1578 3672 1648 πᾶν,ήμῖν

2127 1668 2354 1737 ἀγαθὸν,
2389 1670 2466 1738 μὴ
2493 1670 2575 1722 ὅτι
2623 1671 2830 1722 ἐκεῖνον
2862 1669 3116 1737 παρεῖδεν
3156 1662 3319 1739 ﬁmi}
3345 1669 3524 1736 γένους
3546 1660 3671 1723 ξὸλου

458 1760 643 1815 dentis
695 1760 1051 1819 admirationi
1099 1758 1244 1813 fuit:
1292 1758 1531 1827 amplius
1583 1767 1794 1822 autem,
1857 1771 2023 1827 quam

2131 1759 2316 1831 τιμὴν,
2347 1760 2380 1828 ἢ
2411 1758 2731 1830 προσθήκην
2756 1761 2855 1828 τῆς
2897 1759 3148 1828 βασιλεία
3162 1778 3200 1824 ς,
3233 1759 3371 1813 ἀλλὰ
3404 1760 3496 1813 καὶ
3525 1759 3671 1829 αὐτῆς

459 1862 703 1920 utrmque
735 1851 872 1915 istae,
892 1849 1109 1905 laudata
1135 1850 1308 1920 pictas
1341 1869 1359 1901 ι
1390 1849 1456 1909 Et
1479 1849 1643 1919 paulo
1670 1858 1825 1919 post:
1852 1866 1870 1899 ι
1893 1849 2027 1913 Quis

455 1947 602 1998 enim
630 1959 823 2001 eorum
850 1943 1017 1999 etiam
1053 1926 1153 2011 qui.
1179 1944 1361 2023 aliqua
1386 1942 1583 1998 saltem
1613 1957 1678 1996 ex
1711 1950 1868 2010 parte
1896 1955 2023 1993 cum

456 2051 685 2101 novere,
737 2038 937 2104 nescit,
998 2036 1152 2092 illum
1215 2047 1443 2107 propter
1494 2051 1683 2091 veram
1736 2035 2022 2105 pietatem,

338 2178 357 2190 ,
455 2145 842 2199 summumque
866 2129 921 2182 in
957 2144 1061 2184 nos
1090 2144 1359 2195 amorem,
1388 2137 1448 2184 et
1476 2128 1623 2198 quod
1652 2128 1811 2182 nobis
1837 2128 2022 2181 omnia

453 2216 691 2278 voluerit
722 2222 1021 2277 conciliare
1063 2223 1228 2286 bona,
1263 2238 1375 2276 non
1419 2230 1632 2276 tantum
1668 2228 2024 2290 contemptu-

454 2330 578 2369 rum
613 2315 699 2369 vel
734 2329 956 2368 onmem
984 2314 1208 2383 generis
1242 2313 1327 2368 sui
1359 2313 1653 2377 honorem,
1680 2312 1767 2365 vel
1800 2308 2019 2380 imperii

452 2416 690 2477 partem,
744 2419 933 2459 verum
988 2404 1154 2458 ctiam
1204 2403 1643 2461 incolumitatem
1676 2402 2022 2471 salutemque

454 2507 702 2552 nostram
766 2494 998 2563 imperio
1062 2494 1182 2564 ipso
1238 2494 1513 2562 rebusque
1567 2492 1685 2548 suis
1738 2493 2022 2558 omnibus,

455 2598 619 2658 atque
644 2587 783 2643 adeo
823 2587 1007 2642 anima
1038 2586 1180 2656 ipsa,
1208 2601 1312 2653 qua
1349 2585 1487 2639 nihil
1521 2595 1604 2639 est
1638 2585 1898 2639 omnibus
1928 2584 2027 2638 ho-

454 2681 700 2737 minibus
750 2679 975 2733 charius
1021 2686 1077 2733 et
1111 2677 1507 2747 prmstabilius,
1550 2685 2024 2732 commutaturum

456 2772 664 2828 fuisse?
700 2770 916 2826 Nemini
952 2770 1226 2839 siquidem
1260 2784 1503 2838 unquam
1534 2778 1719 2823 tantus
1745 2769 1823 2822 rei
1850 2768 2024 2821 alicu-

453 2869 566 2936 jus,
598 2872 840 2933 quantus
869 2862 978 2926 illi,
1004 2860 1171 2916 ardor
1200 2871 1256 2915 et
1281 2875 1438 2915 amor
1466 2858 1731 2923 incessit,
1776 2868 1837 2913 ut
1864 2857 2027 2913 Chri-

459 2956 622 3011 stiani
680 2953 827 3008 aucti
883 2952 1212 3022 honestique
1268 2960 1477 3018 essent,
1532 2960 1588 3006 et
1637 2951 1703 3004 ad
1750 2963 2023 3004 summam

456 3047 688 3118 gloriam
723 3054 780 3100 et
817 3045 1118 3115 potentiam
1150 3043 1528 3114 pervenirent.
1562 3042 1682 3097 Non
1716 3042 1863 3096 enim
1893 3058 2026 3112 gen-
2054 3069 2097 3127 ο

461 3148 543 3195 tes
577 3137 807 3207 imperio
840 3137 961 3209 ejus
1005 3136 1266 3202 subactae,
1305 3149 1417 3191 non
1448 3134 1763 3205 respublica
1794 3135 2020 3206 praecla-

464 3230 547 3285 ris
592 3228 810 3298 legibus
862 3227 1192 3290 constituta,
1222 3242 1332 3281 non
1389 3210 1597 3296 ingens.
1636 3227 1886 3297 pecuniae
1923 3227 2028 3292 vis,

456 3337 571 3376 non
620 3320 807 3391 gloria:
851 3318 1177 3388 amplitudo,
1234 3334 1343 3373 non
1396 3319 1544 3388 quod
1594 3335 1691 3375 rex
1731 3335 1919 3390 regum
1972 3328 2029 3375 et

458 3421 606 3466 esset
634 3418 688 3462 et
728 3410 1143 3474 nominaretur;
1182 3425 1293 3465 non
1322 3411 1441 3465 alia:
1475 3412 1716 3480 denique
1761 3426 1874 3472 res,
1906 3408 2030 3479 qui-

458 3499 561 3552 bus
605 3496 895 3551 hominum
952 3497 1188 3552 felicitas
1238 3498 1571 3565 declaratur,
1623 3512 1727 3554 nec
1785 3498 2030 3567 denique

460 3590 757 3662 quidquam
804 3606 872 3645 ex
912 3591 1173 3645 omnibus
1204 3592 1369 3646 rebus
1399 3601 1612 3646 tantum
1644 3606 1772 3646 eum
1817 3590 2031 3644 exhila-

455 3683 621 3746 ravit,
654 3691 923 3752 quantum
955 3692 1013 3736 ut
1054 3697 1154 3736 nos
1186 3682 1409 3752 quidem
1436 3698 1534 3753 per
1565 3684 1768 3753 ipsum,
1796 3697 1897 3752 per
1922 3696 2026 3736 nos

455 3784 644 3831 autem
677 3775 821 3846 ipse,
855 3786 911 3830 et
937 3774 1093 3845 apud'
1116 3775 1310 3840 Deum,
1342 3785 1398 3830 et
1436 3775 1579 3846 apud
1620 3774 1875 3830 homines
1903 3773 2027 3826 lau-

456 3870 580 3923 dem
610 3877 1072 3938 consequeretur,
1101 3877 1157 3921 et
1176 3877 1441 3923 constans
1464 3867 1624 3922 nobis
1649 3876 2026 3936 perpetuaque

456 3967 809 4031 permaneret
840 3968 1105 4027 potestas.
1140 3958 1361 4013 Etenim
1395 3974 1521 4017 cum
1553 3958 1660 4013 alia
1699 3958 1890 4023 multa,
1915 3967 2029 4011 tum

457 4052 595 4108 illud
652 4050 929 4120 praecipue
978 4049 1300 4114 sublimius,
1345 4048 1818 4119 imperatorieque
1855 4046 2030 4119 magis

457 4159 621 4211 quam
661 4143 914 4211 plerique
938 4140 1176 4205 soleant,
1205 4140 1588 4207 considerans,
1624 4141 1831 4211 optime
1865 4154 2034 4201 nove-

460 4243 571 4299 rat,
605 4247 733 4287 cum
765 4232 1211 4286 Christianorum
1245 4232 1415 4287 rebus
1450 4248 1558 4286 una
1593 4233 1898 4287 ltomanum
1938 4248 2035 4287 au-

458 4334 609 4375 ctum
645 4336 768 4375 esse
804 4320 1146 4390 imperium:
1197 4331 1365 4392 atque
1416 4322 1745 4377 adveniente
1778 4321 2029 4386 Christo,

2129 1847 2407 1916 βασιλείας
2439 1847 2534 1899 καὶ
2573 1847 2793 1900 πάντων
2841 1847 2950 1899 τῶν
2993 1846 3186 1912 ὄντων,
3226 1847 3323 1899 καὶ
3372 1848 3468 1914 τῆς
3516 1845 3675 1917 ψυχῆς

2126 1940 2318 2010 αὐτῆς,
2359 1935 2424 2010 ἧς
2472 1939 2626 1992 οὐδὲν
2658 1938 3013 2009 τιμιώτερον,
3053 1940 3153 2009 τὴν
3199 1938 3475 2009 ἡμετέραν
3519 1938 3675 2008 ἀσφά-

2126 2033 2277 2086 λειάν
2306 2049 2364 2084 τε
2398 2035 2494 2085 καὶ
2528 2030 2828 2101 σωτηρίαν,
2863 2031 2964 2084 οὐκ
3001 2030 3067 2083 ἂν
3107 2030 3362 2101 χαλεπῶς
3397 2031 3672 2098 quaem;
3730 2092 3734 2096 α

2127 2124 2315 2179 Οὑδενὶ
2353 2123 2463 2194 γὰρ
2496 2123 2712 2185 οὐδενὸς
2744 2122 2885 2177 οὓτω
2930 2124 3151 2178 πώποτε
3198 2124 3519 2195 πράγματος
3556 2124 3677 2195 ἔρως

2128 2216 2330 2286 eam;
2370 2215 2693 2286 ἐνέσκηψεν,
2733 2217 2810 2279 ὡς
2838 2216 3033 2286 ἐκείνῳ
3072 2216 3435 2287 Χριστιανοὺς
3462 2214 3676 2286 αύξηθῆ·

2127 2326 2238 2372 ναι,
2268 2309 2361 2360 καὶ
2399 2308 2490 2359 ἐπὶ
2521 2308 2775 2361 πλεῖστον
2797 2308 2892 2361 καὶ
2919 2307 3077 2376 δόξης
3112 2307 3401 2379 προελθεῖν
3430 2309 3519 2362 καὶ
3543 2308 3680 2361 δυνα-

2130 2417 2298 2469 μεως.
2322 2400 2432 2453 Καὶ
2463 2398 2587 2452 οὔτε
2608 2399 2738 2469 ἔθνη
2767 2399 3124 2473 χειρούμενα,
3150 2399 3283 2453 οὗτε
3319 2401 3381 2453 τδ
3408 2399 3573 2455 κοινὸν
3601 2399 3681 2452 εὐ-

2128 2489 2486 2563 νομούμενον,
2523 2491 2584 2542 οὐ
2616 2490 2818 2560 πλῆθος
2861 2478 3185 2561 χρημάτων,
3215 2493 3279 2545 ού
3304 2491 3456 2562 δόξης
3485 2507 3682 2560 περιου-

2129 2584 2241 2645 σία,
2277 2582 2336 2634 ού
2368 2583 2426 2636 τὸ
2456 2582 2684 2654 βασιλέα
2718 2583 2987 2654 βασιλέων
3020 2578 3161 2638 εἶναι
3197 2586 3294 2639 καὶ
3322 2582 3678 2655 ὀνομάζεσθαι,

2127 2675 2228 2744 οὐχ
2256 2674 2398 2738 ὅσοις
2439 2674 2619 2736 ἄλλοις
2652 2674 2959 2745 ἀνθρώπων
3001 2676 3323 2746 εὐδαιμονία
3352 2676 3677 2747 γνωρίζεταυ

2128 2766 2280 2819 οὐδὲν
2306 2765 2448 2820 οὕτω
2480 2768 2591 2819 τῶν
2627 2767 2846 2820 πάντων
2871 2769 3079 2822 ἐκεῖνον
3103 2767 3422 2839 εὔφραινεν,
3451 2769 3521 2832 ὡς
3542 2767 3598 2820 τὸ
3619 2764 3679 2819 δι’

2128 2858 2293 2913 αὑτοῦ
2336 2859 2435 2928 μὲν
2462 2859 2633 2928 ἡμᾶς,
2657 2858 2744 2911 διὸ⁸
2774 2858 2829 2911 δὲ
2862 2860 3020 2928 ἡμῶν
3049 2862 3263 2914 ικεῐνον
3285 2863 3377 2913 καὶ
3408 2860 3547 2930 παρὰ
3575 2857 3680 2928 Θεῷ

2131 2949 2224 3003 καὶ
2249 2949 2560 3018 ἀνθρώποις
2591 2949 2920 3016 εὐδοκιμεῖν,
2951 2952 3046 3005 καὶ
3078 2949 3423 3009 ὰκατάλντον
3451 2952 3575 3020 ἡμῖν
3608 2951 3680 3012 είς

2128 3040 2220 3093 τὸν
2248 3041 2464 3094 ἅπαντα
2495 3041 2684 3110 χρόνον
2713 3043 3052 3108 παραμεῖναι
3080 3044 3182 3113 τὴν
3211 3042 3550 3096 δυναστείιν.
3581 3043 3675 3094 Καὶ

2129 3128 2237 3201 γὰρ
2279 3130 2415 3199 πρὸς
2443 3131 2556 3188 τοῖς
2586 3128 2766 3192 ἄλλοις
2793 3130 2967 3189 ἐκεῖνο
2995 3128 3109 3200 ᾔδει
3144 3131 3358 3200 σαφῶς,
3379 3131 3682 3202 ύψηλότερόν

2127 3238 2189 3277 τε
2216 3224 2313 3275 καὶ
2342 3218 2821 3293 βασιλικώτερονῆ
2849 3222 2990 3275 κατά
3015 3221 3138 3284 τοὺς
3169 3224 3403 3288 πολλοὺς
3432 3224 3552 3294 napi
3579 3222 3683 3280 τοὺ·

2130 3333 2239 3368 των
2295 3312 2699 3383 διανοούμενος,
2750 3314 2836 3368 ὅτι
2865 3317 2978 3379 τοῖς
3021 3315 3376 3386 Χριστιανῶν
3417 3317 3684 3387 πράγμασι

2130 3412 2226 3461 καὶ
2259 3406 2574 3474 συνεισῆλθε
2605 3410 2674 3477 τῇ
2708 3407 2975 3478 ἐπιδημίᾳ
3005 3407 3250 3478 Χριστοῦ
3278 3408 3341 3463 τὸ
3368 3410 3580 3480 κράτος,
3608 3407 3688 3460 οὔ·

2132 3518 2220 3553 πω
2251 3500 2519 3568 πρότερον
2545 3497 2769 3561 τελείως
2798 3501 3223 3570 εἰς.μοναρχίαν
3246 3501 3551 3572 νενικηκός.
3587 3498 3686 3555 Καὶ

2130 3591 2219 3647 διὰ
2267 3590 2425 3643 τοῦτο
2456 3589 2620 3642 πλέον
2650 3589 2824 3642 ἐδόκει
2865 3607 2956 3659 μοι
3001 3592 3296 3661 περιέπειν
3333 3592 3397 3647 εὖ
3429 3595 3589 3653 ποιῶν
3624 3592 3682 3647 τὰ

2139 3682 2386 3752 ἡμέτερα
2411 3697 2424 3711 ·
2454 3680 2511 3747 ὃς
2538 3696 2600 3747 γε
2631 3682 2723 3733 καὶ
2760 3682 2810 3743 εί
2840 3680 3203 3752 παρελύπησὲ
3233 3701 3287 3737 τι
3315 3686 3485 3755 ἡμᾶς,
3519 3684 3576 3737 οὗ
3604 3699 3685 3736 πε·

2133 3774 2423 3846 ριφρονῶν,
2455 3772 2577 3827 οὐδὲ
2599 3772 2858 3840 ὑϐρίζων,
2898 3775 3017 3828 οὐδὲ
3054 3775 3238 3840 ἄλλοις
3273 3779 3385 3833 τισὶ
3415 3779 3516 3848 πρὸ
3545 3777 3685 3848 ἡμῶν

2131 3866 2491 3936 χαριζόμενος
2515 3880 2529 3894 ·
2584 3865 2699 3918 ἀλλ’
2734 3865 2879 3920 ὥστε
2920 3869 3131 3933 πάντας
3178 3868 3239 3924 ἓν
3272 3866 3416 3924 εἶναι
3445 3873 3534 3927 καί
3564 3885 3689 3936 συμ-

2133 3960 2351 4029 φρονεῖν
2382 3956 2761 4029 παρελύπησε,
2792 3958 2887 4012 καὶ
2921 3958 2995 4031 μὴ
3027 3960 3394 4029 διακεκόφθαι
3429 3960 3557 4030 μηδὲ
3583 3961 3685 4013 διε·
3712 3996 3715 3999 -

2135 4049 2329 4102 στὰναι
2362 4051 2478 4111 τοῖς
2514 4052 2832 4119 σχίσμασιν.
2875 4050 3109 4122 Ἐφεξῆς
3143 4053 3204 4106 δι
3235 4054 3381 4125 ὑπὲρ
3406 4055 3512 4108 τῶν
3538 4056 3687 4121 ἐγκα-

2133 4140 2373 4194 λούντων
2404 4139 2687 4209 εὐήθειαν,
2710 4142 3178 4211 ἀπολογούμενος,
3208 4148 3305 4200 καὶ
3339 4148 3507 4203 ταῦτα
3544 4162 3691 4216 προσ-

2132 4234 2341 4303 τίθησιο
2387 4253 2405 4286 ι
2449 4234 2561 4287 Καὶ
2592 4234 2701 4304 γὰρ
2731 4234 2797 4288 ἂν
2824 4237 3173 4307 αίχυνοίμην,
3204 4243 3257 4291 εξ
3286 4241 3543 4309 τοιαύτης
3575 4234 3687 4306 παρ’

2134 4325 2300 4379 αὐτοῦ
2329 4326 2582 4395 τυχόντες
2618 4329 2804 4398 τιμῆς,
2841 4330 2936 4383 καὶ
2968 4328 3225 4383 τοσοῦτον
3266 4332 3431 4387 «om
3461 4331 3689 4400 εὐσεϐείᾳ

461 4430 646 4468 rerum
679 4412 1218 4468 administrationem
1250 4416 1314 4469 ad
1350 4416 1520 4469 unius
1559 4416 1850 4485 principis,
1884 4418 2028 4486 quod

2137 4416 2418 4485 διαφέρειν
2466 4419 2913 4486 πεπιστευκότες,
2950 4420 3028 4490 μὴ
3064 4420 3132 4473 τὰ
3180 4421 3368 4477 δίκαια
3409 4421 3691 4492 συνηγορή-

454 4516 619 4561 antea
675 4522 741 4560 ex
808 4504 959 4559 omni
1010 4515 1167 4575 parte
1219 4503 1426 4559 factum
1482 4521 1761 4575 nunquam
1825 4506 2027 4570 fuerat,

458 4612 728 4651 summam
762 4606 1090 4668 potestatem
1122 4586 1472 4667 pervenisse.
1499 4597 1671 4664 Quam
1701 4598 1772 4653 ob
1803 4586 2025 4657 causam

460 4689 658 4745 merito
690 4689 781 4744 ille
809 4690 946 4744 mihi
985 4689 1139 4743 visus
1170 4698 1257 4744 est
1307 4704 1396 4743 res
1424 4688 1872 4744 Christianorum
1907 4702 2032 4745 tan-

465 4792 655 4851 tolierc
691 4796 894 4836 ornare
925 4789 980 4836 et
1012 4779 1222 4835 fovere.
1255 4780 1359 4847 Qui
1389 4780 1607 4835 etiamsi
1654 4780 1905 4836 dolorem
1934 4784 2032 4837 ali-

459 4888 621 4941 quem
660 4872 819 4928 nohis
858 4873 1070 4938 attulit,
1124 4888 1236 4926 non
1285 4871 1338 4925 id
1383 4881 1561 4924 tamen
1611 4872 1695 4925 vel
1740 4874 1844 4941 pe'r
1894 4888 2031 4928 con-

462 4971 751 5030 temptum,
806 4964 893 5019 vel
939 4979 1065 5019 eum
1107 4964 1469 5029 contumelia,
1515 4964 1600 5018 vel
1638 4972 1696 5018 ut
1742 4965 1868 5019 aliis
1919 4981 2033 5035 pra:

464 5054 625 5107 nobis
646 5053 1053 5124 gratiﬁcaretur
1076 5072 1090 5109 :
1116 5056 1211 5109 sed
1247 5065 1307 5109 ut
1330 5070 1523 5110 omnes
1552 5071 1724 5109 unum
1761 5072 2030 5124 essemus,

459 5140 519 5201 εἰ
598 5146 744 5199 idem
834 5148 1212 5209 sentiremus,
1298 5162 1404 5202 nec
1477 5148 1553 5202 ita
1627 5149 1792 5202 sectis
1868 5159 2035 5219 atque

458 5238 704 5295 dissidiis
760 5237 985 5293 dissecti
1044 5249 1217 5308 atque
1288 5239 1549 5310 disjuncti
1603 5254 1891 5307 essemus,
1951 5240 2035 5294 fe-

458 5330 553 5383 cit.
599 5347 617 5381 ι
685 5328 895 5383 Deinde
946 5344 1074 5382 eum
1117 5327 1383 5383 adversus
1447 5328 1892 5395 obtrectatores,
1936 5329 2032 5401 qui

458 5420 533 5475 illi
564 5421 840 5490 ignaviam
877 5434 1181 5489 rerumque
1220 5419 1580 5489 imperitiam,
1614 5419 1874 5476 defuncto
1919 5422 2033 5475 cri-

459 5515 757 5581 minando,
823 5513 1196 5584 objiciebant,
1258 5512 1585 5577 defendens,
1649 5515 1764 5569 ί]ωο
1823 5515 2028 5572 addit:

462 5628 481 5659 ι
521 5606 844 5662 Ρυιιοιιόιιιιι
881 5606 1131 5676 profecto
1164 5616 1333 5672 esset,
1367 5609 1412 5663 si
1455 5620 1604 5664 tanto
1632 5611 1701 5663 ab
1731 5627 1796 5665 eo
1823 5611 2035 5667 honore

460 5699 629 5764 aucti,
693 5706 748 5751 et
809 5706 1023 5751 tantum
1082 5714 1212 5753 vera
1262 5702 1465 5768 pietate
1521 5701 1852 5757 excelluisse
1906 5720 2032 5758 eum

2137 4522 2354 4575 catus»,
2383 4505 2413 4558 δ
2467 4508 2559 4559 καὶ
2594 4509 2706 4570 τοῖς
2758 4508 2930 4577 μηδὲν
2981 4512 3411 4584 εύεργετηκόσιμν
3438 4514 3688 4583 ὀφείλεται

2135 4599 2269 4667 παρ’
2321 4599 2497 4668 ἡμῶν,
2529 4599 2639 4653 τῶν
2678 4600 2835 4669 λόγου
2869 4604 2964 4655 καὶ
3002 4603 3263 4673 ἀληθείας
3313 4606 3686 4676 θεραπευτώνο

2135 4691 2230 4743 καὶ
2255 4689 2426 4743 ταῦτα
2462 4693 2601 4761 μετὰ
2641 4693 2745 4761 τὴν
2782 4693 3033 4748 ἐντεῦθεν
3059 4696 3406 4768 ἀπαλλαγὴν,
3440 4696 3687 4768 ἡνίκακαὶ

2135 4788 2193 4834 τὸ
2239 4782 2560 4835 κολακεύειν
2606 4784 2787 4837 δοκεῖν
2832 4786 3282 4856 ἐκπεφεύγαμεν,
3323 4793 3414 4845 καὶ
3462 4789 3687 4859 πονηρᾶς

2136 4873 2419 4944 ἐλεύθερος
2452 4876 2709 4939 ὑπονοίας
2736 4880 2765 4930 ό
2789 4877 2946 4945 λόγος
2962 4896 2977 4912 θ
3002 4881 3085 4944 τίς
3108 4884 3218 4951 γὰρ
3241 4884 3344 4937 οὐκ
3369 4884 3435 4937 ἂν
3457 4883 3686 4953 ἠλπισεν.

2137 4966 2186 5018 εἰ
2221 4969 2351 5036 μῂτι
2384 4967 2534 5036 ἄλλο,
2565 4972 2681 5032 ταῖς
2715 4973 2909 5040 τιμαῖς
2946 4979 3199 5043 ποιήσειν
3232 4978 3397 5030 αὐτὸν
3425 4976 3685 5048 ἡμερώτε-

2141 5073 2232 5128 ρον
2260 5074 2274 5124 ;
2323 5056 2427 5111 Kal
2461 5059 2569 5129 γὰρ
2598 5058 2660 5111 τὸ
2706 5060 2929 5132 θαρρεῖν
2962 5059 3111 5133 εἶχεν
3138 5067 3199 5120 ού
3231 5068 3485 5120 τοσοῦτον
3515 5071 3573 5119 εκ
3597 5063 3685 5131 τῆς

2139 5150 2353 5203 ἐκείνου
2387 5153 2646 5216 πίστεως,
2680 5152 2803 5208 ὅσον
2832 5155 2897 5206 ὲκ
2938 5154 3038 5223 τῆς
3072 5158 3208 5222 ιδίας
3238 5159 3540 5229 δυνάμεως.
3566 5155 3688 5210 Καί-

2137 5258 2221 5294 τοι
2269 5244 2321 5295 τί
2359 5240 2500 5295 τοῦτ’
2544 5244 2910 5313 ἀγωνίζομαι,
2943 5248 3064 5300 ἐνὸν
3102 5250 3376 5321 κρατῆσαι
3415 5253 3507 5305 καὶ
3537 5252 3686 5319 ἡττη-

2141 5337 2342 5405 μένονς
2379 5335 2441 5389 Ei
2490 5337 2599 5407 γὰρ
2629 5338 2656 5389 ὁ
2690 5339 2990 5403 πιστεύσας
3039 5343 3226 5407 κακὸς,
3263 5346 3317 5397 τί
3361 5344 3479 5399 ποτ’
3500 5343 3562 5397 ἂν
3613 5338 3686 5407 εἴη

2142 5427 2274 5497 παρ’
2306 5429 2512 5481 ἐκεῖνον
2538 5430 2565 5480 ὁ
2589 5429 2947 5496 mutabile!“
2985 5434 3096 5489 Καὶ
3126 5436 3251 5488 sit?)
3289 5439 3365 5506 μὴ
3401 5429 3691 5507 προϊδέσθαι

2141 5520 2231 5572 τὸν
2262 5522 2463 5592 τρόπον
2498 5520 2748 5575 ὑπαίτιον
2770 5562 2785 5587 ,
2819 5524 2993 5594 αὐτήν
3030 5543 3094 5593 γε
3134 5528 3229 5599 τὴν
3259 5530 3458 5582 κακίαν
3488 5524 3583 5579 ποῦ
3607 5522 3695 5593 θή-

2142 5628 2349 5681 σομεν;
2398 5611 2537 5663 Ἀλλ’
2567 5612 2736 5676 ὅντως
2770 5615 3161 5683 ἀσυλλόγιστόν
3186 5635 3236 5672 τι
3270 5621 3501 5690 πρᾶᾲμα
3532 5620 3563 5685 ἡ
3601 5630 3690 5667 πο-

2142 5704 2328 5772 νηρία,
2368 5704 2461 5756 καὶ
2484 5705 2583 5756 ούκ
2609 5704 2755 5758 ἐστιν
2792 5698 2837 5774 ᾧ
2872 5708 2999 5771 τοὺς
3034 5709 3342 5789 μοχθηροὺς
3383 5714 3446 5765 ἄν
3476 5727 3554 5772 τις
3580 5704 3690 5775 βελ-
