3970 6190
232 289 317 351 42)
1124 269 1726 336 ΕΟΟιΕΞΙᾹΒἸῚΟίΕ
1765 262 2155 327 ΗΙΞΤΟΗΙιΕ
2197 260 2336 320 LIB.
2388 259 2493 317 IX.

3351 250 3460 334 439

225 408 355 465 τίους
403 400 677 470 ποιήσειεν
705 409 718 426 ·
755 394 919 446 ὁπότε
957 390 1218 448 κάκεῖνος
1245 385 1305 451 ἐξ
1332 379 1407 438 ὦν
1431 382 1782 448 εὐνούστερος

1897 385 2037 430 :erto
2087 369 2360 442 persuasi,
2399 363 2598 421 merito
2643 377 2745 418 suo
2795 376 2922 416 eum
2976 376 3085 414 non
3127 359 3458 414 defendere-

225 499 437 566 φανῆναι
466 494 671 550 δίκαιος
697 485 788 559 ἦν,
817 485 912 538 καὶ
944 483 1069 536 εἴτι
1100 481 1301 540 κακίας
1330 474 1475 548 εἶχεν
1503 475 1780 545 ἑμπύρευ-

224 609 308 661 μα.
346 587 483 641 τοῦτ’
518 583 748 642 ἀνελεῖν,
785 579 845 630 lx
875 575 1082 628 τούτων
1113 573 1196 634 εἰς
1227 570 1415 640 μεῖζον
1446 565 1666 636 ἀνήφθη
1694 567 1780 661 μς.

223 657 332 744 σος·
364 680 456 732 καὶ
506 678 651 736 ὅπως
693 671 759 725 ἂν
814 668 1088 738 ἀμύναιτο
1123 663 1215 717 τὸν
1268 660 1584 729 εὐεργέτην,
1625 657 1782 712 ἐσκό-

224 791 324 826 πει.
366 789 384 821 τ
426 767 613 822 Ταῦτα
656 763 760 833 μὲν
798 765 853 815 ἐν
874 759 951 829 τῷ
977 757 1182 829 πρώτῳ
1203 755 1459 819 διέξεισιν
1480 769 1494 784 ’
1527 755 1584 804 ὲν
1612 750 1672 804 δὲ
1705 751 1782 819 τῷ

221 863 437 931 δευτέρῳ
493 851 930 925 Στηλιτευτικῷ
988 851 1088 903 καὶ
1146 847 1330 900 ταῦτα
1375 843 1778 914 προστίθησιν·

227 956 406 1008 ιἘπεὶ
432 952 488 1004 δὲ
511 949 607 1004 καὶ
638 949 768 1017 ύμῖν
791 948 908 999 ἐστι
934 942 1130 1013 νεκρὸς
1160 943 1189 993 ό
1218 940 1324 1009 πρὸ
1351 937 1518 990 αὐτοῦ
1544 935 1782 990 καταλύ-

223 1065 309 1109 σας
329 1047 414 1098 τδν
448 1044 582 1115 βίον,
607 1043 808 1109 ἴδωμεν
831 1036 1111 1091 κάνταῦθα
1133 1037 1250 1087 τοῖν
1287 1030 1556 1102 βασιλέοιν
1579 1031 1783 1099 ἀμφοῖν

220 1139 274 1190 τὸ
302 1139 583 1206 διάφορον·
607 1135 660 1186 εἴ
684 1151 737 1185 τι
757 1132 853 1184 καὶ
884 1129 1044 1184 τοῦτο
1068 1128 1224 1197 φέρει
1261 1124 1399 1194 πρὸς
1431 1120 1784 1192 εὐδαιμονίαν

221 1235 246 1300 ἦ
277 1227 699 1296 κακοδαιμονίαν
732 1227 845 1286 τοῖς
878 1221 1234 1277 ἀπελθοῦσιν.
1279 1215 1344 1270 ’0
1382 1214 1482 1285 μέν
1506 1231 1570 1281 γε
1601 1229 1784 1281 παρα·-

221 1327 482 1392 πέμπεται
512 1316 825 1387 πανδημοις
859 1311 1162 1382 εὐφημίαις
1196 1324 1255 1360 τε
1279 1308 1375 1360 καὶ
1395 1305 1663 1392 πομπαῖς,
1686 1303 1784 1392 και

219 1389 416 1471 τούτοις
475 1408 774 1477 ἡμετέροις
831 1400 1074 1470 σεμνοῖς,
1118 1396 1286 1468 ᾠδαῖς
1345 1391 1642 1460 παννύχοις
1689 1389 1787 1444 καὶ

219 1501 532 1573 δᾳδουχίαις,
561 1493 652 1560 αἶς
682 1494 1010 1566 Χριστιανὸν
1035 1490 1204 1558 τιμᾷν
1229 1485 1559 1556 μετάστασιν
1586 1482 1786 1550 εὐσεσῆ

220 1595 532 1664 νομίζομενο
583 1591 681 1643 καὶ
731 1587 943 1655 γίνεται
980 1583 1288 1653 πανήγυρις
1329 1579 1467 1648 μετά
1512 1576 1782 1645 πάΟουςή

219 1682 466 1753 ὲκκομιδὴ
495 1683 596 1734 τοῦ
631 1681 906 1749 σώματος.
930 1676 994 1729 El
1017 1674 1074 1728 δέ
1096 1690 1175 1744 τῳ
1201 1671 1392 1732 πιστὸς
1421 1670 1452 1722 δ
1480 1668 1658 1737 λόγος,
1691 1667 1788 1719 καὶ

1887 482 2010 521 nius
2044 483 2058 521 :
2099 464 2263 536 807
2315 459 2464 531 quod
2513 465 2773 527 prastare
2804 454 2973 510 etiam
3020 453 3089 507 de
3125 451 3286 508 nobis
3321 451 3458 507 ni-hil

1886 559 2103 615 meritis
2132 558 2429 618 debemus,
2475 549 2570 621 qui
2619 548 2778 604 verbi
2811 557 2866 602 et
2910 544 3168 600 veritatis
3217 542 3457 597 ministri

1887 664 2080 706 sumus
2111 665 2126 702 :
2168 657 2294 718 post
2322 645 2538 698 obitum
2582 640 2861 711 praecipue
2890 639 3037 708 ejus,
3066 650 3194 692 cum
3225 635 3336 705 jam
3377 648 3466 687 as-

1887 739 2216 798 sentationis
2259 736 2528 808 probrum
2584 731 2915 800 effugimus,
2961 739 3018 785 et
3071 729 3252 784 oratio
3308 726 3463 780 omni

1890 831 2210 902 suspicione
2243 827 2498 898 superior
2525 834 2632 881 est.
2687 823 2822 890 Quis
2867 822 3017 877 enim
3048 835 3158 874 non
3194 817 3460 888 speravit,

1889 922 2194 981 lulianum,
2239 919 2284 973 si
2330 916 2483 972 aliud
2535 915 2700 982 nihil,
2732 915 2943 968 honore
2976 911 3173 966 saltem
3208 917 3464 977 accepto,

1891 1009 2370 1067 mansuetiorem?
2397 1007 2536 1074 Quis
2563 1022 2697 1062 vero
2732 1021 2842 1059 non
2889 1018 2955 1060 ex
2995 1002 3100 1057 fide
3139 1016 3329 1057 earum
3371 1014 3464 1053 re-

1892 1121 2016 1159 rum
2044 1119 2164 1172 quat
2191 1103 2238 1157 ei
2262 1101 2492 1156 creditae
2515 1108 2665 1163 sunt,
2699 1098 2889 1162 etiam,
2923 1104 3291 1165 praterquam
3317 1090 3464 1160 quod

1891 1206 2325 1252 consentaneum
2378 1201 2551 1256 esset,
2611 1191 2916 1260 aequiorem
2964 1184 3122 1240 fore?
3182 1184 3248 1239 Et
3299 1181 3466 1238 simul

1893 1289 2157 1358 majorem
2192 1285 2558 1342 Constantius
2593 1281 2799 1338 Iuliani
2843 1277 3196 1349 arrogatioue
3224 1275 3469 1332 obtinuit

1893 1382 2165 1442 animum,
2203 1395 2315 1433 nou
2350 1388 2460 1432 tam
2495 1380 2640 1444 quod
2676 1373 2838 1428 fidem
2866 1373 3012 1427 illius
3039 1368 3220 1440 magni
3251 1368 3466 1429 fecerit,

1893 1487 2059 1541 quam
2088 1473 2235 1541 quod
2267 1472 2530 1540 potentiae
2561 1484 2673 1524 suae
2706 1465 2950 1521 confisus
2975 1464 3070 1519 sit.
3100 1462 3206 1518 Sed
3240 1476 3340 1516 cur
3364 1459 3469 1513 hoc

1893 1566 1976 1621 sic
2019 1579 2212 1634 urgeo,
2259 1579 2385 1618 cum
2437 1561 2641 1616 cedens
2678 1569 2844 1627 atque
2894 1558 3074 1611 victus
3121 1556 3368 1615 vincere,
3415 1561 3472 1604 ct

1894 1657 2238 1728 argumentis
2266 1654 2520 1724 superior
2549 1667 2673 1708 esse
2706 1649 2953 1720 possim?
2990 1647 3048 1701 Si
3099 1659 3335 1714 namque
3372 1647 3469 1712 qui

402 1737 620 1844 διεδόθη
661 1737 782 1834 ταῖς
813 1737 922 1822 τόον
955 1737 1166 1820 πιστῶν
1198 1765 1390 1826 ἀκοαῖς
1419 1777 1433 1792 ’
1478 1762 1560 1815 ὅτι
1597 1759 1787 1831 ἐπειδὴ

1897 1751 1984 1806 alii
2018 1749 2278 1812 credidit,
2308 1749 2486 1802 malus
2526 1753 2635 1808 est,
2673 1747 2800 1811 quis
2838 1744 3059 1797 tandem
3090 1740 3136 1796 is
3167 1738 3354 1798 fuerit,
3375 1737 3464 1791 cui

185 1879 196 1885 ’
216 1873 298 1924 τὸν
326 1868 533 1938 Ταῦρον
571 1864 906 1934 ὑπερϐάλλω
938 1861 1000 1914 τδ
1030 1860 1192 1924 σῶμα
1223 1857 1360 1927 πρδς
1390 1856 1491 1925 τὴν
1520 1852 1790 1924 πατρῴαν

219 1958 350 2026 αὐτῷ
382 1957 536 2009 πόλιν
566 1953 996 2023 διασωζόμενον,
1022 1949 1230 2019 ταύτην
1255 1949 1320 2017 δὴ
1359 1947 1459 2008 τὴν
1494 1944 1793 2016 ὁμώνυμον

217 2048 429 2109 ἐκείνοις
455 2047 554 2098 καὶ
597 2043 1021 2116 μεγαλώνυμον,
1047 2041 1202 2110 φωνή
1249 2055 1333 2102 τις
1364 2039 1430 2090 ὲκ
1462 2037 1575 2090 τῶν
1601 2036 1790 2106 ἄκρων

219 2139 351 2192 ἐστιν
392 2134 474 2200 οἷς
510 2136 836 2205 ὲξηκούετο,
869 2129 982 2187 οἷον
1033 2131 1350 2202 ψαλλόντων
1378 2145 1440 2182 τε
1481 2129 1577 2182 καὶ
1607 2144 1787 2197 παρα-

218 2227 551 2297 πεμπόντων,
595 2223 921 2294 ἀγγελικῶν,
955 2215 1134 2289 οἶμαι,
1160 2219 1468 2289 δυνάμεων,
1492 2216 1662 2287 γέρας
1692 2217 1792 2286 τῆς

219 2318 483 2380 εὐσεσείας
520 2316 630 2369 καὶ
680 2313 954 2372 ἀντίδοσις
989 2310 1300 2376 ἐπιτάφιος.
1329 2307 1444 2362 Καὶ
1473 2308 1581 2377 γὰρ
1609 2307 1655 2359 εἰ
1695 2306 1791 2360 καὶ

219 2409 305 2472 τὴν
331 2407 501 2476 ὀρθὴν
525 2405 698 2470 δόξαν
732 2403 1060 2473 παρακινεῖν
1094 2399 1298 2464 ἔδοξεν,
1333 2397 1474 2451 ἀλλά
1504 2400 1597 2453 καὶ
1632 2397 1792 2450 τοῦτο

217 2501 306 2570 τῆς
334 2501 441 2552 τῶν
471 2494 1044 2552 ὐποδυναστευόντων
1078 2492 1398 2560 σκαιότητος
1431 2493 1526 2544 καὶ
1561 2490 1792 2544 κακοδο-

221 2594 321 2660 ξίας
355 2594 414 2647 τδ
441 2591 733 2661 ἔγκλημα,
767 2589 817 2642 οἶ
844 2588 1023 2656 ἁπλῆν
1056 2589 1155 2640 καὶ
1184 2588 1372 2656 ἀπαγῆ
1397 2587 1478 2646 εἰς
1506 2585 1792 2638 εὐσέϐειαν

226 2707 283 2740 π]
295 2687 628 2757 ραλαὸόντες
658 2683 858 2754 ψυχὴν,
890 2684 953 2733 οὐ
979 2679 1392 2751 προορωμένην
1417 2678 1486 2732 τά
1519 2676 1790 2747 βαράθρα,

224 2780 491 2849 ἀπήγαγον
544 2771 704 2849 ᾗπερ
741 2773 1029 2826 ἐϐούλοντο
1059 2788 1074 2802 ·
1111 2773 1206 2825 καὶ
1239 2769 1596 2840 προσχήματι
1631 2768 1794 2821 εὐσε-

224 2868 356 2931 ϐείας
383 2870 474 2922 τὸν
512 2867 686 2937 ζῆλον
731 2865 928 2918 κακίαν
957 2863 1314 2932 εἰργάσαντο.
1340 2857 1483 2916 Ἀλλ’
1513 2853 1607 2910 οὖν
1628 2856 1792 2927 ἡμεῖς

225 2963 276 3014 τὸ
303 2964 630 3033 κοινότερῡν,
664 2961 756 3013 τόν
787 2977 849 3013 τε
893 2958 1111 3028 πατέρα
1140 2951 1454 3015 ἐννοοῦντες
1503 2951 1594 3003 τὸν
1630 2948 1792 3019 βαλό-

228 3072 369 3122 μενον
394 3056 493 3126 τὴν
520 3055 775 3125 κρηπῖδα
804 3054 903 3122 τῆς
937 3048 1225 3122 βασιλικῆς
1258 3046 1340 3116 τῷ
1369 3040 1793 3116 Χριστιανισμῷ

225 3145 522 3198 δυναστείας
558 3146 663 3198 καὶ
706 3145 964 3205 πίστεως,
1004 3143 1100 3193 καὶ
1149 3139 1243 3192 τὸν
1293 3141 1370 3200 εἰς
1404 3136 1569 3191 αὐτὸν
1602 3135 1793 3188 κατελ-

227 3233 368 3286 θόντα
396 3233 608 3302 κλῆρον
637 3231 730 3283 τοῦ
758 3231 1052 3298 δόγματος,
1085 3224 1454 3296 ὲγιραῑρομεν
1482 3224 1550 3276 τὰ
1601 3221 1792 3274 εἰκότα

224 3327 276 3380 τὺ
307 3328 496 3396 σκῆνος
527 3325 632 3380 τοῦ
676 3325 860 3396 δικαίᾳ
901 3322 1148 3394 βααελειᾳ
1178 3320 1538 3388 αυζήσαντος,
1573 3316 1670 3371 καὶ
1701 3315 1792 3370 τὸν

227 3421 326 3487 βίον
376 3419 797 3481 καταλύσαντος
851 3417 982 3486 datm
1016 3415 1096 3484 τῷ
1142 3413 1312 3492 τέλει,
1355 3410 1544 3466 καὶτὸ
1593 3411 1792 3476 κράτος

226 3515 342 3581 ἡμῖν
387 3511 846 3580 καταλείψαντας.
891 3509 981 3570 Ὠς
1032 3508 1088 3564 δὲ
1135 3504 1427 3575 πλησιάζοι
1471 3507 1542 3573 τῇ
1575 3502 1786 3574 μεγάλῃ

227 3608 310 3659 καὶ
339 3606 574 3674 βασλξδι
626 3605 806 3669 πόλει,
835 3603 890 3654 τι
921 3601 1001 3657 δεῖ
1034 3601 1216 3667 λέγειν
1239 3598 1574 3669 δορυφορίας
1614 3613 1670 3649 τε
1695 3597 1790 3651 τοῦ

230 3699 448 3769 στρατοῦ
501 3697 734 3760 παντὸς,
768 3698 864 3749 κα)⁸
911 3694 1071 3760 τάξιν
1108 3692 1357 3746 ἐνόπλιον
1385 3693 1458 3753 ὡς
1502 3690 1666 3756 ζῶντι
1716 3689 1793 3759 τῷ

231 3787 424 3856 βασιλεῖ
445 3788 745 3858 γινομένην
773 3801 787 3850 ;
819 3785 852 3855 ἢ
890 3787 987 3856 τῆς
1028 3783 1293 3852 λαμπρᾶς,
1323 3783 1527 3845 πόλεως
1567 3781 1796 3849 ἔκχυσιν

229 3881 662 3948 ὀνομαστοτάτην
691 3879 798 3932 τῶν
828 3877 1048 3932 πώποτε
1074 3875 1383 3944 γενομένων
1413 3875 1447 3943 ἢ
1483 3874 1792 3944 ἐσομένωνς

241 3975 365 4026 Ἀλλ’
419 3977 446 4028 ὁ
492 3975 704 4043 Θρασὺς
754 3974 850 4024 καὶ
905 3971 1169 4038 γεννάδας
1203 3971 1439 4033 ἐκεῖνοςι
1461 3971 1554 4022 καὶ
1584 3970 1681 4038 νέᾳ
1725 3971 1792 4037 τῇ

231 4065 508 4135 πορφυρίδι
567 4061 1075 4128 καλλωπιζόμενος,
1131 4061 1227 4114 καὶ
1259 4060 1347 4114 διὰ
1398 4057 1577 4120 τοῦτο,
1628 4059 1700 4116 ὡς
1733 4057 1794 4108 τὸ

233 4159 551 4226 εἰκο;,μέγα
586 4155 824 4222 φρονῶν,
859 4153 1025 4223 μέρος
1053 4151 1263 4220 γίνεται
1289 4154 1381 4204 καὶ
1409 4149 1569 4211 αὐτος
1600 4149 1794 4218 ἐκεινῳ

232 4247 322 4314 τῆς
355 4249 718 4319 προπομπίου
761 4245 952 4316 τιμῆς,
996 4243 1096 4315 τὴν
1151 4244 1324 4311 αὐτὴν
1354 4242 1447 4297 καὶ
1497 4240 1794 4305 ἀντιδιδοὺς

235 4342 318 4392 καὶ
348 4340 769 4410 ἀντιλαμϐάνων
813 4341 1003 4408 χάριν,
1032 4337 1093 4391 τὸ
1120 4338 1219 4406 μέν
1249 4352 1302 4388 τι
1342 4333 1603 4404 βιασθεὶς,
1635 4334 1694 4387 τὸ
1737 4333 1794 4389 δὲ

1894 1841 2170 1899 creditum
2204 1840 2332 1896 est?
2361 1840 2425 1894 Et
2457 1839 2504 1894 si
2536 1852 2719 1896 mores
2752 1849 2954 1904 pravos
2981 1847 3092 1887 non
3123 1830 3470 1902 praevidisse,

1892 1935 2056 2005 culpa
2094 1949 2204 1989 non
2236 1941 2416 1994 vacat,
2465 1946 2578 2000 quo
2610 1930 2736 1984 loco
2783 1927 3112 1998 pravitatem
3153 1923 3329 1994 ipsam
3378 1938 3474 1991 po-

1891 2028 2129 2084 nemus?
2159 2025 2662 2084 Verumenimvero
2695 2037 2788 2080 res
2815 2028 2908 2080 est
2929 2017 3182 2088 quaedam
3215 2015 3472 2071 conside-

1893 2121 2124 2176 rationis
2156 2133 2354 2188 expers
2385 2117 2632 2172 malitia:
2664 2128 2847 2182 neque
2879 2111 2998 2165 fieri
3033 2119 3237 2178 potest,
3279 2116 3339 2161 ut
3365 2108 3468 2160 ho.

1895 2215 2072 2267 mines
2089 2211 2372 2280 improbos
2392 2209 2653 2264 meliores
2671 2206 2965 2275 quisquam
2989 2203 3212 2258 efﬁciat.
3239 2201 3470 2268 Quando

1893 2313 1951 2360 et
1982 2304 2094 2367 ille,
2121 2318 2191 2356 ex
2223 2301 2432 2370 quibus
2456 2300 2625 2354 rebus
2656 2297 2854 2357 merito
2887 2296 3308 2351 benevolentior
3325 2308 3469 2358 esse,

1894 2404 1951 2449 et
1979 2396 2023 2448 si
2056 2409 2222 2462 quam
2274 2390 2639 2461 malignitatis
2677 2387 2969 2444 habuisset
2996 2388 3315 2448 scintillam,
3347 2404 3468 2442 eam

1894 2485 2249 2554 exstinguere
2275 2482 2588 2544 debuisset,
2613 2496 2681 2537 ex
2705 2481 2786 2535 eis
2811 2479 2980 2536 rebus
3009 2478 3076 2533 ad
3120 2480 3298 2548 majus
3325 2478 3472 2532 exci-

1899 2587 2046 2631 tatus
2095 2586 2183 2631 est
2223 2575 2412 2630 odium
2464 2589 2478 2627 :
2521 2584 2580 2628 et
2632 2588 2744 2643 quo
2796 2581 2958 2642 pacto
2993 2571 3214 2642 egregia
3270 2571 3467 2626 merita

1895 2677 2060 2735 atque
2096 2664 2364 2720 beneficia
2408 2663 2464 2717 in
2505 2672 2736 2717 auctore
2785 2676 2888 2716 suo
2929 2661 3319 2724 ulcisceretur,
3355 2660 3469 2714 cir-

1896 2757 2228 2826 cuutspexit.
2267 2773 2285 2807 ι
2323 2754 2451 2809 Haec
2495 2753 2718 2822 quidem
2752 2752 3027 2823 inpriore
3059 2752 3339 2807 lnvectiva
3377 2752 3468 2806 ille

1896 2850 2088 2906 refert.
2117 2847 2177 2902 In
2212 2847 2524 2917 posteriore
2560 2855 2748 2902 autem
2786 2845 2902 2902 haec
2940 2846 3178 2902 scribit:
3223 2865 3240 2898 ι
3280 2845 3471 2912 Quan-

1895 2939 2194 3010 doquidem
2248 2956 2378 2993 vero
2429 2940 2595 2993 etiam
2649 2937 2815 2994 nobis
2853 2939 3028 2994 funus
3057 2940 3180 3010 ejus
3214 2950 3322 3005 est,
3374 2939 3470 3010 qui

1899 3044 2030 3090 ante
2071 3033 2356 3088 lulianum
2415 3047 2446 3086 e
2497 3035 2604 3087 vita
2656 3032 2918 3096 excessit,
2973 3032 3333 3103 inspiciamus
3383 3033 3475 3086 hic

1901 3139 2172 3200 quantum
2227 3128 2340 3183 duo
2375 3128 2463 3182 isti
2514 3128 2876 3196 imperatores
2909 3128 3053 3182 inter
3097 3144 3157 3184 se
3189 3129 3472 3186 uitiarant.

1901 3219 2186 3290 Siquidem
2225 3222 2330 3274 hoc
2361 3235 2584 3290 quoque
2616 3221 2826 3290 aliquid
2869 3220 2925 3274 in
2972 3219 3250 3277 defunctis
3287 3223 3369 3276 vel
3405 3223 3474 3277 ad

1899 3311 2254 3377 felicitatem,
2287 3310 2374 3365 vel
2407 3310 2476 3364 ad
2508 3311 2894 3366 infelicitatem
2921 3310 3162 3366 confert.
3191 3313 3270 3368 Ac
3295 3311 3471 3368 nostri

1901 3404 2125 3473 quidem
2146 3407 2313 3460 funus
2346 3404 2678 3475 producitur
2703 3404 2930 3474 publico
2963 3417 3253 3477 apparatu,
3287 3407 3477 3476 auspi-

1901 3498 2148 3566 catisque
2202 3499 2490 3552 ominibus
2511 3481 2595 3553 \ct
2646 3498 3143 3554 acclamationibus
3189 3517 3203 3554 :
3261 3501 3474 3557 nostris

1901 3591 2048 3658 dico,
2072 3601 2128 3647 et
2150 3591 2528 3648 sanetioribus
2553 3592 2676 3650 istis
2706 3592 3070 3660 carminibus,
3091 3591 3223 3647 item
3249 3603 3476 3648 noctur-

1901 3683 1990 3736 nis
2028 3683 2247 3753 Iiyqnnis
2279 3691 2335 3738 et
2388 3683 2738 3738 lucernarum
2776 3683 3020 3752 ignibus,
3070 3682 3276 3752 quibus
3309 3683 3471 3740 (ΣΙιτίο

1901 3774 2067 3830 stiani
2102 3775 2312 3829 obitum
2348 3775 2503 3844 pium
2539 3774 3019 3830 cohonestandum
3057 3791 3347 3832 censemus
3375 3794 3388 3832 ;
3419 3783 3476 3829 rt

1901 3883 2106 3938 corpus
2135 3869 2313 3938 ipsum
2344 3869 2548 3924 celebri
2574 3868 2882 3940 lugenti-um
2907 3881 3181 3925 conventu
3213 3870 3472 3940 cﬂ‘ertur.

1900 3959 2058 4026 Quod
2095 3959 2144 4015 si
2193 3959 2361 4016 verba.
2392 3959 2496 4014 ista
2536 3959 2698 4016 fidem
2731 3969 3034 4022 merentur.
3067 3962 3139 4016 ad
3168 3961 3470 4016 multarunt

1902 4061 2054 4105 certe
2083 4050 2189 4105 hoc
2217 4050 2552 4119 quibusdam
2584 4049 2957 4106 referentibus
2990 4051 3246 4120 pervenit
3266 4068 3430 4106 aures
3457 4071 3470 4108 :

1903 4155 2028 4199 cum
2062 4140 2572 4198 defuncti-cadaver
2603 4142 2846 4197 Taurum
2883 4155 3126 4200 montem
3156 4153 3471 4214 superaret,

1903 4243 1966 4290 ut
2015 4233 2085 4290 ad
2131 4235 2368 4305 patriam
2411 4235 2630 4302 urbem,
2661 4236 3048 4306 cognominem
3099 4235 3182 4292 eis
3213 4237 3374 4292 istam
3420 4248 3475 4292 et

1903 4327 2220 4398 praaclaram
2268 4326 2414 4393 dico,
2462 4327 2786 4391 duceretur,
2817 4329 3062 4384 auditam
3105 4344 3228 4386 esse
3275 4345 3306 4384 a
3349 4331 3475 4400 qui-

234 4432 380 4493 ἑκὼν,
414 4429 487 4495 ὡς
523 4432 804 4500 λέγουσιν.
850 4432 908 4483 Ὀ
961 4430 1069 4500 γὰρ
1104 4430 1336 4496 στρατὸς
1385 4429 1553 4493 ἄπας,
1597 4428 1644 4479 ει
1698 4427 1791 4480 καὶ

1906 4421 2132 4474 busdam
2167 4436 2235 4476 ex
2267 4423 2649 4490 superioirihus
2695 4423 2834 4478 locis
2869 4439 3058 4478 vocem
3109 4424 3279 4479 veluti
3326 4425 3472 4493 pSal-

234 4524 316 4576 τοῦ
365 4527 634 4593 παρόντος
671 4524 874 4592 ἥττητο
909 4522 1168 4592 κράτους,
1215 4520 1330 4572 ἀλλ’
1359 4517 1451 4573 οὖν
1499 4519 1679 4574 πλεῖον
1717 4522 1795 4588 τῷ

237 4615 597 4684 κατοιχομένῳ
625 4615 808 4683 νέμων
861 4611 1041 4674 αἰδοῦς
1077 4611 1288 4682 (ἐπειδὴ
1341 4612 1435 4663 καὶ
1469 4610 1798 4679 πεφύκαμεν

238 4707 572 4777 εὐνούστεροι
607 4723 721 4766 πως
755 4701 895 4758 εἶναι
929 4708 1040 4768 τοῖς
1069 4704 1147 4757 ἔτι
1181 4707 1519 4775 προσφάτοις
1551 4704 1796 4774 πάθεσι),

239 4802 309 4870 τῷ
356 4804 563 4874 φίλτρῳ
623 4802 1096 4870 προσπάσχοντες,
1134 4800 1230 4853 καὶ
1278 4799 1368 4851 τὸν
1425 4798 1574 4851 ἔλεον
1625 4798 1799 4867 τούτῳ

242 4895 660 4962 προσάπτοντες,
691 4893 788 4946 καὶ
824 4892 911 4944 διὰ
937 4891 1097 4944 τοῦτο
1127 4892 1228 4945 οὐκ
1279 4891 1600 4960 ἀνεχόμενοι
1627 4889 1688 4941 τὸ
1723 4887 1800 4960 μὴ

240 4985 330 5054 οὐχ
358 4985 428 5049 ὡς
456 4985 686 5056 βασιλέα
716 4986 1018 5056 τιμηθῆναι
1043 4984 1231 5038 τοῦτον
1258 4984 1353 5037 καὶ
1375 4982 1796 5053 προσδεχθῆναι,

245 5077 482 5130 πείθουσι
519 5079 611 5131 τὸν
644 5079 962 5146 ἀποστάτην
1011 5077 1108 5130 καὶ
1145 5074 1652 5142 συναναγκάζουσιν
1694 5074 1801 5128 ὐπ-

247 5169 466 5236 αντῆσαι
491 5169 569 5238 τῷ
602 5170 780 5239 νεκρῷ
799 5169 938 5238 μετά
967 5167 1061 5221 τοῦ
1093 5168 1465 5239 προσήκοντος
1496 5168 1798 5235 σχήματος.

248 5259 314 5313 Τὸ
339 5262 392 5314 δὲ
427 5259 514 5332 ἦν,
551 5261 1019 5330 ἀποκοσμήσαντα
1048 5259 1146 5328 τὴν
1205 5257 1451 5326 κεφαλὴν
1488 5255 1582 5308 τοῦ
1614 5256 1801 5322 διαδή-

252 5368 430 5420 ματος,
456 5355 548 5405 καὶ
572 5351 928 5422 ὑποκύψαντα
951 5352 1028 5421 τῷ
1057 5349 1272 5419 βασιλεῖ
1295 5351 1362 5401 τὰ
1392 5348 1600 5411 εἰκότα,
1626 5347 1800 5410 οὕτως

251 5444 334 5494 ἐπὶ
365 5446 452 5495 τὸν
482 5446 652 5513 τάφον
685 5443 1168 5513 συμπαραπέμψαι
1203 5443 1314 5503 τοῖς
1341 5441 1567 5509 ἄγουσιν
1585 5443 1676 5493 ἐπὶ
1708 5441 1800 5492 τὸν

253 5533 478 5601 ἀοίδιμον
505 5535 610 5587 τῶν
656 5535 999 5587 ’Δποστόλων
1031 5533 1196 5603 σηκόν
1217 5549 1232 5564 ο
1267 5532 1316 5585 οἳ
1347 5532 1411 5602 δὴ
1439 5532 1498 5584 τὸ
1533 5531 1676 5602 ἱερὸν
1711 5531 1801 5598 γέ-

253 5641 331 5685 νος
367 5627 686 5691 ὑπεδέξαντο
713 5632 807 5680 καὶ
856 5627 1297 5694 διαφυλάττουσι.
1343 5624 1540 5693 μικροῦ
1588 5625 1654 5675 τὰ
1710 5625 1800 5676 ἶσα

255 5717 378 5784 γέρα
413 5722 810 5790 καρπούμενον.
865 5740 882 5772 τ
927 5723 1032 5774 Καὶ
1088 5721 1114 5772 ὁ
1152 5719 1248 5787 μὲν
1281 5717 1541 5783 Θεολὸγος
1575 5715 1796 5768 τοιαῦτα

1907 4511 2141 4567 lentium
2207 4528 2269 4567 ac
2321 4517 2802 4584 prum-quentium,
2851 4517 3228 4585 angelicarum
3278 4517 3475 4584 opinor

1905 4615 2268 4672 potestatum,
2324 4615 2384 4660 ut
2434 4607 2611 4660 honor
2656 4608 2759 4662 iste
2805 4608 2995 4676 pietati
3029 4607 3178 4661 illius
3225 4618 3280 4662 et
3312 4611 3470 4676 quasi

1904 4700 2138 4752 funebre
2171 4714 2370 4752 mttnus
2401 4700 2590 4754 datum
2623 4699 2714 4752 sit.
2747 4698 2916 4768 808
2951 4697 3007 4751 Si
3031 4699 3236 4752 etenim
3261 4711 3466 4754 rectam

1906 4789 2032 4845 fidei
2075 4791 2402 4860 Opinionem
2449 4790 2573 4844 loco
2603 4805 2705 4844 suo
2752 4803 2973 4843 movere
3019 4789 3172 4843 visus
3204 4798 3311 4857 est,
3373 4791 3474 4844 im-

1901 4883 2258 4951 portunitatis
2309 4882 2633 4950 errorisque
2690 4895 2982 4950 procerum
3036 4883 3161 4950 ejus
3196 4882 3250 4935 id
3303 4882 3474 4938 fuerit

1902 4975 2140 5037 crimen,
2187 4973 2282 5044 qui
2319 4983 2608 5043 acceptum
2656 4973 2715 5027 in
2766 4982 3099 5044 potestatem
3131 4991 3311 5041 suam,
3341 4979 3475 5031 simv

1903 5065 2103 5128 plicem
2135 5067 2278 5138 ejus,
2319 5064 2539 5120 facilem
2569 5074 2627 5121 et
2656 5068 2962 5137 proclivem
2995 5067 3062 5122 ad
3096 5069 3378 5137 pietatem,
3416 5081 3472 5124 ct

1901 5167 2087 5214 minus
2116 5159 2442 5214 barathrum
2489 5169 2544 5214 et
2576 5160 2883 5230 perniciem
2935 5162 3317 5232 providentem
3355 5163 3476 5218 ani-

1903 5269 2075 5315 mum,
2103 5269 2212 5323 quo
2230 5254 2452 5317 vellent,
2474 5256 2711 5322 duxere,
2734 5265 2790 5310 et
2813 5256 3071 5312 certioris
3097 5257 3472 5336 inquisitionis

1901 5354 2194 5414 praetextu.
2231 5345 2411 5399 zelum
2463 5354 2519 5400 et
2559 5346 2815 5400 ardorem
2867 5345 2922 5400 in
2966 5346 3291 5416 pravitatem
3340 5359 3474 5397 cett-

1905 5449 2140 5493 vertere.
2183 5438 2440 5493 Sedcnim
2475 5454 2576 5492 nos
2607 5453 2956 5492 communem
2997 5438 3204 5508 magis,
3255 5437 3474 5506 pietatis

1901 5529 2118 5584 scilicet
2148 5541 2201 5584 et
2231 5530 2356 5584 fidei
2386 5531 2730 5599 opinionem,
2761 5540 2817 5585 et
2848 5541 3060 5601 patrem
3091 5531 3162 5584 ob
3199 5530 3474 5617 oculgsxt

1900 5622 2172 5682 animum,
2204 5621 2296 5690 qui
2327 5620 2686 5675 fundamenta
2721 5619 3122 5675 Christianitati
3172 5623 3472 5691 itnperialis

1907 5712 2193 5782 potestatis
2239 5722 2292 5765 et
2337 5713 2462 5765 fidei
2504 5712 2658 5783 jccit,
2707 5722 3026 5782 sortemque
3057 5728 3176 5783 qum
3212 5712 3266 5766 in
3316 5712 3472 5768 illum
