3970 6190
465 259 568 326 lli

1693 259 2114 320 NICEPHORI
2154 261 2502 321 CALLISTI
3581 261 3674 329 ("2

469 380 740 448 dogmatis
773 379 946 430 ns;~s:.ri
973 377 1346 432 mnstituendi
1383 379 1599 436 incidit.
1639 387 1930 446 ponentes,
1959 377 2032 429 ita

2143 379 2230 429 καὶ
2256 377 2392 428 ἄλλα
2422 376 2643 429 uisio-ia
2685 376 2741 429 ἐν
2789 392 2847 428 τε
2901 374 3012 438 τοῖς
3062 374 3526 444 Στηλιτευτικοῖς
3554 373 3676 446 ὑπὲρ

469 483 528 522 ut
556 471 762 530 «iacuit,
799 471 1214 522 tabernaculum
1245 484 1558 538 corpusque
1588 471 1730 538 ejus,
1764 470 1858 538 qui
1883 470 2034 538 juste

469 560 540 609 int
551 570 818 626 perasset.
837 569 892 610 et
913 560 1078 611 vitam
1102 569 1292 612 sancta
1313 570 1490 614 morte
1513 558 2033 626 ﬁnisset,nohisque

472 665 742 701 summam
769 660 1094 717 potestatem
1119 651 1456 720 reliquisset,
1497 651 1712 705 honore
1733 653 1882 721 justo
1908 666 2034 719 pro-

471 746 644 795 secuti
695 757 906 796 sumus.
969 742 1071 798 [bi
1132 754 1318 798 autem
1366 743 1435 798 ad
1477 759 1726 815 magnam
1773 752 1830 797 et
1863 743 2036 811 impe-

469 837 724 886 ratricem
791 835 986 887 urbem
1054 836 1569 907 appmpinquavit,
1638 835 1773 906 quid
1846 837 2035 889 dicere

467 929 686 988 attinet,
722 926 968 980 universi
1026 929 1310 983 exercitus
1352 929 1676 983 satellitium
1706 939 1763 982 et
1796 938 2036 982 armato-

467 1033 588 1067 rum
614 1017 862 1081 ordines,
889 1018 984 1086 qui
1033 1029 1294 1086 tanquam
1326 1021 1454 1073 vivo
1489 1020 1670 1075 adhuc
1698 1021 2034 1088 imperatore

463 1107 673 1160 aﬂuere
700 1126 717 1159 ς
757 1119 852 1160 aut
888 1110 1194 1177 splendida
1223 1111 1380 1164 urbis
1430 1111 1782 1176 eﬂusionem,
1814 1122 1872 1165 et
1909 1126 2032 1164 om-

463 1217 492 1248 ιι
521 1215 614 1248 uzn
647 1200 742 1266 qui
785 1200 870 1253 vel
905 1204 1059 1255 luere
1093 1203 1178 1255 vel
1221 1202 1391 1256 futuri
1424 1211 1571 1269 sunt,
1604 1203 2030 1257 celeberrimum

460 1291 800 1343 occursum?
842 1296 914 1346 At
959 1303 1220 1347 strenuus
1281 1295 1374 1348 ille
1427 1304 1483 1349 et
1536 1311 1842 1366 generosus
1891 1311 2029 1349 nova
2060 1268 2086 1294 ’

461 1398 706 1450 purpura
758 1398 884 1438 sese
930 1386 1250 1449 vcnditans,
1307 1395 1474 1457 atque
1539 1403 1608 1442 eo
1665 1389 1916 1452 nomine,
1971 1399 2035 1443 ut

460 1487 897 1531 consentaneum
953 1487 1057 1541 est,
1110 1479 1458 1547 superbiens,
1491 1478 1598 1532 fuit
1642 1487 1699 1534 et
1737 1479 1856 1548 ipse
1907 1495 2033 1544 pars

459 1569 641 1636 aliqua
678 1569 1000 1624 honoriﬁca
1031 1570 1192 1626 istius
1243 1587 1482 1642 pompae,
1524 1574 1778 1627 eamdem
1804 1584 1864 1628 et
1890 1573 2034 1628 dans

459 1670 515 1712 ct
549 1660 828 1728 recipiens
862 1662 1096 1731 gratiam
1141 1681 1156 1718 :
1203 1672 1261 1717 et
1315 1664 1464 1717 illam
1521 1665 1744 1735 quidem
1793 1666 2029 1728 invitus,

2143 468 2527 518 κωνσταπίου
2556 466 2807 531 διέξεισιν
2831 504 2848 530 ,
2898 465 3022 516 οὐδὲ
3073 465 3131 516 ὲν
3161 465 3273 526 τοῖς
3303 464 3479 528 ἄλλοις
3515 467 3676 532 λόγοις
3718 523 3742 546 η

2141 562 2340 612 κακίαν
2395 558 2542 626 αὖτῷ
2598 557 2914 626 μαρτυρῶν,
2956 557 3075 612 ἀλλ’
3119 557 3395 627 ἁπλότητα
3441 558 3677 632 μᾶλλονῆ

2142 653 2454 721 κουφότητα
2480 670 2495 682 ο
2532 653 2583 704 οξ
2620 653 2677 703 δὲ
2719 651 2900 704 λοιποὶ
2927 650 3038 704 τῶν
3089 649 3379 720 ἱστορικῶν
3429 652 3500 722 μὴ
3536 653 3681 705 καλὸν

2142 741 2285 797 εἶναι
2316 745 2376 797 τὸ
2425 743 2590 804 σέϐας
2619 744 2856 795 διδόασιν
2877 758 2892 772 ·
2948 743 3007 793 ὲν
3047 735 3128 803 οἷς
3157 741 3253 793 καὶ
3285 743 3313 794 ὁ
3358 740 3536 810 Κύρου
3584 743 3682 795 ἐστὶ

2142 838 2513 907 Θεοόὡρητος.
2576 836 2719 904 Ἐγὼ
2758 836 2816 888 δὲ
2849 835 2927 905 τῷ
2963 835 3234 904 προμάχῳ
3284 833 3384 898 τῆς
3431 833 3684 896 εὐσεϐείας

2143 929 2430 1001 Γρηγορίῳ
2456 928 2537 998 τῷ
2563 929 2705 982 πάνυ
2738 927 2973 980 ἕπεσθαι
3011 926 3255 996 μάλιστα
3292 925 3565 995 βούλομαι.
3593 926 3684 977 Καὶ

2141 1021 2248 1088 γάρ
2277 1020 2411 1088 φασί
2434 1037 2580 1082 τινες
2608 1019 2686 1089 μὴ
2712 1016 3026 1084 Θαυμαστὸν
3044 1012 3206 1079 εἶναι,
3240 1017 3289 1067 εἰ
3313 1015 3371 1068 ἐν
3398 1019 3504 1077 τοῖς
3525 1015 3685 1078 ἄλλοις

2139 1110 2316 1176 λόγοις
2342 1109 2523 1180 ἡρέμα
2546 1108 2695 1178 αὐτῷ
2714 1106 2985 1175 ἐγκαλῶν,
3015 1107 3074 1159 ἐν
3100 1107 3211 1168 τοῖς
3234 1102 3684 1172 Στηλιτευτικοῖς

2141 1201 2320 1254 διόλου
2368 1201 2712 1268 ὑπερφυέσιν
2737 1199 2982 1259 ἐπαίνοις
3011 1197 3175 1250 αὑτὸν
3225 1194 3570 1264 καταστέψαι.
3595 1193 3684 1246 Τὸν

2141 1294 2250 1361 γὰρ
2277 1293 2420 1346 κατὰ
2447 1291 2540 1346 τοῦ
2563 1293 2871 1345 ἀκοστὰτου
2901 1291 3063 1360 ζῆλον
3089 1288 3437 1342 διαλλάττειν
3461 1288 3584 1355 φασὶ
3605 1285 3683 1337 τὸν

2145 1387 2321 1456 μέγαν
2340 1426 2358 1452 ,
2401 1387 2498 1440 καὶ
2527 1387 2682 1454 φίλον
2708 1385 2919 1466 ἐκείνου
2951 1385 3178 1454 γνήσιον
3209 1380 3478 1451 γίνεσθαι,
3511 1378 3580 1450 μὴ
3610 1377 3686 1431 διὰ

2142 1475 2368 1540 κακίαν,
2418 1474 2554 1526 ἀλλὰ
2584 1473 2653 1528 δι’
2700 1474 2989 1542 ἁπλότητα
3051 1470 3296 1542 μετρίως
3352 1469 3682 1538 λυπήσαντος.

2155 1565 2308 1619 Ἐπεί
2342 1565 2422 1619 τοί
2451 1583 2518 1634 γε
2561 1566 2657 1618 καὶ
2689 1566 2751 1618 τὺ
2781 1565 2912 1618 ἄλλο
2943 1564 3037 1618 τοῦ
3072 1565 3281 1635 πατρὸς
3313 1558 3442 1635 ἦθος
3470 1559 3687 1614 τοιοῦτον

2145 1659 2494 1730 εὑρίσκεσθαι
2516 1659 2764 1726 λέγουσι,
2798 1659 2878 1730 τῷ
2904 1659 3304 1730 ᾐπρσάλλοντι
3341 1654 3492 1725 κακῷ
3520 1671 3686 1722 συγγι-

459 1752 602 1806 lianc
636 1761 823 1807 autem
867 1753 1070 1819 libens,
1108 1754 1272 1808 sicuti
1319 1754 1535 1809 dicunt.
1564 1753 1750 1825 Copiae
1791 1771 2032 1825 namque

2143 1753 2373 1806 νὼσκειν
2399 1755 2512 1814 toi;
2547 1753 2746 1822 μικρὸν
2795 1751 3152 1820 ἁγνοήσασιν.
3196 1748 3344 1815 Ἐγὼ
3365 1749 3422 1803 δέ
3448 1765 3583 1818 φημι
3617 1747 3687 1799 λό-

461 1844 732 1898 militares
762 1859 982 1911 omnes,
1038 1846 1253 1899 tametsi
1290 1847 1581 1915 praesentis
1626 1849 1753 1918 ejus
1785 1849 2032 1917 potentia

2143 1864 2243 1915 γου
2286 1846 2388 1916 μὲν
2413 1844 2639 1916 ἔχεσθαι
2666 1845 2728 1897 τδ
2757 1845 3067 1915 εἰρημένον,
3109 1844 3230 1896 Ἐπ’
3263 1842 3510 1912 εὐσεϐείᾳ
3527 1841 3602 1906 δὲ,
3626 1839 3690 1909 μὴ

461 1938 845 2001 vincerentur,
887 1937 1013 2007 plus
1049 1947 1234 1994 tamen
1264 1939 1493 1996 honoris
1529 1940 1794 1996 defuncto
1825 1942 2037 1996 haben-

2144 1939 2380 1993 τοιαῦτα
2413 1939 2687 2008 αἱρεῖσθαι
2713 1935 3186 2006 καταχαρίζεσθαι
3218 1937 3314 1989 τὸν
3341 1932 3583 1990 τοσοῦτον
3606 1933 3690 2002 τῆς

463 2038 544 2080 tes
598 2028 1076 2097 (quandoquidem
1125 2041 1324 2086 natura
1383 2034 1785 2088 benevolentia:
1827 2033 2034 2088 an‘ectu

2162 2035 2477 2103 Εκκλησιας
2499 2033 2848 2090 διδάσκαλον.
2883 2033 2997 2085 Καὶ
3027 2031 3098 2085 τὰ
3140 2032 3246 2101 μὲν
3274 2032 3403 2096 περὶ
3431 2031 3690 2083 Κωνσταν-

462 2134 720 2173 recentes
758 2137 1033 2176 aerumnas
1085 2124 1492 2194 prosequimur)
1523 2136 1581 2179 et
1608 2128 1817 2182 amoris
1863 2127 2037 2182 mise-

2144 2127 2262 2179 τίον
2304 2125 2496 2180 τοῦτον
2533 2127 2661 2196 ἔσχε
2691 2127 2783 2178 τὸν
2815 2125 3058 2194 τρόπον·
3092 2124 3329 2194 τελευτᾷ
3367 2123 3412 2176 δ’
3443 2124 3497 2175 ὲν
3521 2121 3688 2191 Μόψου

463 2212 831 2281 ricordiaeque
857 2215 1217 2269 inclinatione
1242 2227 1460 2270 mortuo
1489 2218 1870 2283 eondolentes,
1893 2236 2037 2275 eam-

2145 2222 2396 2291 κρήναις,
2425 2218 2500 2282 ὡς
2530 2221 2770 2290 εῐρηται,
2792 2220 2935 2273 κατὰ
2958 2219 3058 2289 τὴν
3073 2217 3275 2287 τρίτην
3302 2215 3398 2270 τοῦ
3415 2214 3690 2284 Νοεμόρίον

462 2319 570 2372 que
599 2305 670 2358 oh
699 2321 923 2360 casam
955 2307 1182 2362 minime
1220 2323 1280 2363 se
1307 2309 1682 2377 continentes,
1719 2313 1852 2382 quin
1881 2313 2036 2368 illum

2147 2314 2350 2384 μηνόςο
2375 2313 2547 2381 ζήσας
2578 2314 2677 2382 μὲν
2695 2315 2765 2366 τὰ
2790 2313 2972 2366 πάντα
3004 2311 3103 2380 ἐτη
3133 2311 3304 2365 πέντε
3324 2313 3416 2362 καὶ
3447 2306 3692 2377 τεσσαρά-

462 2396 616 2450 τειυι
681 2398 1073 2467 imperatorem
1132 2399 1440 2457 honorifice
1498 2404 1846 2473 exciperent,
1900 2421 2037 2475 apo-

2143 2420 2329 2467 κοντα,
2378 2402 2707 2472 βασιλεύσας
2752 2402 2810 2455 δὲ
2854 2402 3063 2456 τούτων
3094 2401 3246 2454 ὀκτὼ
3280 2400 3416 2471 πρὸς
3455 2396 3519 2465 λ’,
3543 2393 3609 2451 ὧν
3635 2399 3692 2450 τὰ

461 2496 619 2540 stata:
675 2498 730 2542 et
779 2491 1050 2544 desertori
1097 2491 1460 2560 persuadent,
1493 2503 1658 2564 atque
1691 2511 1819 2550 eum
1868 2496 2037 2550 simul

2147 2495 2247 2564 μὲν
2274 2495 2629 2564 τρισκαίδεκα
2673 2495 2892 2566 σύναμα
2920 2493 3001 2564 τῷ
3033 2495 3208 2564 πατρὶ
3239 2490 3411 2564 ἧρχιο
3443 2493 3506 2545 τὰ
3538 2491 3578 2544 δ’
3610 2492 3694 2542 ἐπα

461 2580 579 2635 lere
617 2591 841 2651 cogunt,
892 2592 953 2635 ut
996 2583 1281 2649 defuncto,
1313 2585 1506 2639 habitu
1540 2588 1896 2643 convenienti
1942 2592 2037 2644 ob-

2144 2589 2329 2641 έκεινα
2359 2587 2525 2639 πέντε
2556 2587 2685 2639 ὄντα
2715 2587 2810 2640 καὶ
2860 2589 3037 2640 εἰκοσι
3070 2589 3237 2654 μόνος
3262 2586 3546 2656 διῴκησεν.
3571 2585 3692 2637 Ὅσα

465 2672 610 2724 viam
644 2672 989 2740 procederet.
1031 2673 1162 2727 Erat
1191 2685 1376 2729 autem
1412 2675 1636 2731 habitus
1664 2677 1731 2741 is,
1763 2689 1821 2732 ut
1847 2679 2037 2734 diade—

2144 2681 2209 2749 δὴ
2237 2682 2331 2733 καὶ
2362 2682 2394 2749 ἡ
2418 2681 2672 2749 παροῦσα
2697 2680 2864 2748 ἐνάτη
2899 2697 2993 2749 μοι
3025 2680 3134 2732 τῶν
3160 2680 3416 2750 ἱστοριῶν
3439 2677 3688 2748 περιέχει·

465 2780 553 2817 ma
583 2763 652 2818 de
687 2767 867 2833 capite
891 2766 1216 2836 deponeret,
1241 2777 1298 2821 et
1331 2766 1576 2822 demisso
1605 2770 1761 2823 vultu
1797 2774 2037 2840 impera—

2146 2774 2382 2840 ὁπηνίκα
2416 2773 2622 2840 κόσμου
2659 2773 2757 2842 μὲν
2811 2772 2929 2834 ἔτος
2968 2771 3157 2840 ,εωοβ’,
3203 2771 3316 2824 ἀπὸ
3340 2770 3398 2823 δὲ
3432 2770 3524 2836 τῆς
3562 2767 3692 2828 θείας

467 2854 573 2906 tori
625 2863 937 2908 extremum
999 2865 1290 2924 praestaret
1343 2857 1618 2923 ollicium,
1669 2874 1910 2929 eumque
1970 2863 2036 2916 ad

2148 2865 2242 2916 τοῦ
2307 2866 2511 2933 Κυρίου
2575 2866 2882 2933 γεννήσεως
2952 2864 3371 2931 τριακοσιοστδν
3430 2860 3692 2931 ἑξηκοστὸν

462 2947 804 3014 sepulcrum,
854 2963 980 3000 cum
1029 2947 1244 3017 reliquo
1293 2950 1563 3003 comitatu
1615 2951 1672 3004 in
1715 2953 2037 3021 pra-clarum

2150 2957 2377 3024 ἕϐδομον
2412 2953 2759 3026 ἐπεραῖνετο.

465 3036 722 3092 divorum
780 3039 1160 3108 apostolorum
1214 3041 1502 3109 templum,
1557 3045 1654 3111 qui
1699 3060 1917 3099 sacrum
1972 3047 2079 3102 hoc
2141 3065 2318 3118 genus
2361 3061 2415 3103 et
2447 3064 2765 3119 suscepere,
2810 3058 2867 3103 et
2902 3059 3265 3115 conservant,
3302 3049 3519 3105 eosdem
3551 3061 3696 3119 prope

465 3147 593 3186 eum
636 3133 748 3187 illis
789 3134 1029 3188 honores
1073 3134 1412 3202 percipiens,
1446 3136 1770 3193 deduceret.
1837 3160 1857 3191 ι
1929 3142 2243 3211 TheoIOgus
2309 3144 2533 3212 quidem
2601 3145 2736 3205 haec,
2765 3155 2820 3198 et
2853 3144 2958 3198 alia
2999 3145 3181 3215 plura,
3209 3145 3267 3199 in
3302 3144 3582 3199 lnvectivis
3611 3158 3694 3212 pro

397 3217 402 3220 ’
465 3225 793 3280 Constantio
821 3225 959 3280 dicit
993 3243 1007 3280 :
1052 3241 1122 3279 ne
1159 3228 1214 3280 in
1249 3228 1375 3281 aliis
1416 3229 1638 3298 quidem
1689 3234 2038 3290 orationibus
2079 3238 2196 3290 suis
2267 3237 2593 3304 pravitatem
2623 3236 2727 3302 illi,
2786 3240 2880 3290 sed
2916 3236 3332 3307 simplicitatem
3357 3237 3534 3307 potius
3552 3250 3692 3304 quam

468 3319 752 3372 levitatem
802 3321 1072 3376 tribuens.
1117 3323 1225 3377 Alii
1283 3338 1413 3378 vero
1461 3325 1708 3379 historici
1759 3341 1885 3380 eum
1929 3344 2039 3382 non
2082 3340 2231 3384 recta
2268 3331 2325 3383 in
2394 3333 2662 3401 religione
2691 3331 2968 3386 sententia
3037 3332 3213 3388 fuisse
3251 3327 3696 3402 produntzsog

467 3412 524 3465 in
557 3411 761 3482 quibus
783 3424 874 3468 cst
901 3424 961 3468 et
989 3414 1373 3471 Theodoretus
1415 3416 1542 3488 Cyri
1575 3418 1893 3489 episc0pus.
1937 3419 2046 3488 Ego
2080 3437 2214 3478 vero
2281 3427 2469 3494 potius
2503 3427 2934 3498 pr0pugnatoris
3010 3441 3154 3481 verte
3204 3427 3427 3496 pietatis
3472 3425 3696 3496 Gregorii

470 3510 658 3580 magni
689 3509 1079 3564 auctoritatem
1110 3524 1334 3580 sequor.
1372 3511 1507 3565 Nam
1539 3513 1763 3581 quidam
1832 3515 2080 3581 tradunt,
2124 3520 2350 3574 minime
2419 3522 2737 3576 mirandum
2769 3538 2915 3587 esse,
2947 3523 2992 3578 si
3034 3523 3087 3577 in
3113 3525 3346 3595 reliquis
3381 3524 3695 3578 orationibus

482 3605 639 3658 illum
666 3601 866 3657 leviter
886 3601 1285 3672 perstringens,
1319 3604 1375 3658 in
1425 3603 1736 3670 Invectivis,
1801 3608 2110 3677 magniﬁcis
2151 3628 2385 3680 prorsus
2439 3623 2669 3670 exornet
2723 3615 3000 3670 laudibus.
3058 3616 3333 3672 Ardorem
3379 3618 3545 3680 enim,
3601 3631 3694 3686 quo

467 3699 738 3753 adversus
769 3697 1056 3767 religionis
1094 3699 1438 3754 desertorem
1488 3701 1750 3756 incitatus
1841 3702 1965 3768 fuit,
2042 3706 2113 3759 ita
2158 3707 2479 3764 immutasse
2515 3708 2697 3764 virum
2741 3725 2996 3780 magnum
3035 3711 3252 3778 dicunt,
3302 3721 3363 3766 ut
3399 3715 3598 3766 anticus
3628 3708 3694 3764 illi

469 3791 886 3861 henevolusque
919 3807 1149 3860 prorsus
1183 3794 1360 3849 {actus
1404 3796 1496 3860 sit,
1540 3797 1633 3866 qui
1661 3812 1775 3851 non
1807 3799 2038 3865 malitia,
2079 3802 2175 3856 sed
2215 3805 2573 3874 simplicitate
2601 3822 2726 3875 ,τοῦ
2792 3818 3018 3864 nostras
3041 3809 3390 3880 aliquantum
3431 3808 3695 3879 perturba-

468 3889 561 3942 rit.
603 3883 710 3950 Qui
764 3893 820 3938 et
871 3885 1025 3938 illum
1062 3885 1238 3939 sancti
1268 3887 1387 3956 ejus
1419 3889 1592 3956 patris
1626 3903 1834 3942 morem
1866 3890 2035 3946 fuisse
2074 3896 2290 3961 volunt,
2315 3907 2377 3952 ut
2441 3897 2798 3966 gravissimas
2817 3903 2984 3954 etiam
3011 3902 3095 3956 eis
3119 3918 3296 3958 noxas
3355 3903 3690 3967 condonaret,

471 3979 567 4051 qui
617 3991 711 4030 eas
764 3975 1074 4046 ignorantia
1121 3990 1177 4032 et
1221 3978 1376 4047 lapsu
1426 3978 1613 4048 aliquo
1660 3980 2037 4036 admisissent.
2076 3983 2233 4050 Quod
2285 4002 2385 4058 ego
2417 3987 2643 4057 quidem
2713 3991 2914 4044 rationi
2945 4006 3254 4046 consonum
3285 4008 3410 4049 esse
3440 3995 3691 4049 dixerim:

466 4076 522 4126 in
559 4066 726 4121 rebus
759 4078 942 4120 autem
980 4069 1202 4136 pietatis
1247 4077 1452 4122 nostra:
1515 4069 1813 4140 gratiﬁcari
1880 4076 2135 4144 cuiquam
2173 4079 2417 4134 voluisse
2472 4089 2686 4135 tantum
2735 4081 2995 4138 Ecclesia:
3044 4084 3332 4139 doctorem
3387 4086 3692 4156 negaverim.

467 4155 578 4212 lies
605 4157 916 4213 Constantii
945 4159 1026 4214 sic
1069 4175 1129 4215 se
1162 4160 1433 4216 habuere.
1472 4161 1723 4218 Mortuus
1753 4165 1900 4218 enim
1929 4178 2035 4234 est,
2076 4170 2221 4225 sicut
2291 4172 2551 4238 diximus,
2590 4173 2661 4227 ad
2723 4173 2904 4243 Mopsi
2944 4176 3148 4239 fontes,
3187 4177 3358 4231 tertio
3401 4155 3725 4232 Novembris

468 4452 557 4492 tur
614 4438 800 4492 liber:
850 4455 974 4493 cum
1016 4456 1044 4493 a
1098 4443 1306 4496 mundo
1366 4444 1590 4497 condito
1659 4447 1954 4517 quinquies
2015 4452 2342 4510 millesimus
2409 4464 2846 4528 septuagesimus
2914 4461 3193 4516 secundus
3246 4461 3369 4532 (Ι),
3422 4475 3450 4514 a
3496 4458 3692 4514 Christo

464 4542 650 4588 autem
694 4541 828 4587 nato
877 4537 1302 4592 trecentesimus
1342 4542 1718 4608 sexagesimus
1770 4544 2040 4612 septimus
2079 4561 2335 4619 ageretur
2369 4567 2569 4606 annus.

535 4699 614 4772 (l)
653 4695 971 4752 Secundum
1009 4701 1319 4757 neotericos
1353 4701 1517 4757 4542.
