3970 6190
457 352 564 412 435

1689 355 1737 415 Ν
1746 356 2109 418 lCEPHORI
2149 358 2487 419 CALLIbTI

3596 359 3704 424 436

457 480 569 520 nuo
599 467 819 538 quidem
889 484 1072 524 secum
1127 477 1281 538 patre
1311 467 1633 535 Constante,
1677 473 1780 526 alia
1827 483 2009 526 autem

2125 471 2232 536 ἑνὸς
2265 473 2366 540 μὲν
2397 472 2603 543 πατρὸς
2632 471 2725 526 τοῦ
2759 473 2992 527 Κώνστσ.
3019 475 3477 542 γεγεννημένους·
3512 476 3706 544 διάφο-

458 570 632 614 matre
662 557 918 630 genitos:
952 560 1303 625 Dalmatibm,
1353 563 1442 632 qui
1487 564 1712 618 alterius
1772 567 2021 622 Dalmatii

457 662 614 717 pater
643 653 745 706 fuit
774 672 784 704 ;
837 661 890 704 et
918 651 1326 716 Constantium,
1361 654 1518 724 cujus
1557 655 1651 710 ﬁlii
1699 656 1870 712 fuere.
1899 660 2026 714 Gal-

459 743 541 798 lus
573 753 626 797 et
653 743 924 797 Julianus.
962 745 1061 800 Ubi
1098 744 1496 800 Constantinus
1556 747 1815 814 decessit,
1858 759 2023 820 atque

459 837 745 905 imperium
777 837 842 889 ad
885 837 1056 892 lilium
1095 838 1479 894 Constantium
1509 843 1782 909 pervenit,
1833 853 2022 913 tyran-

457 926 638 978 nidem
703 934 981 992 metuens,
1034 937 1092 982 et
1140 943 1340 998 genere
1388 927 1491 983 sibi
1527 930 1864 1000 pr0pinquos
1924 949 2023 987 su-

452 1028 672 1086 spectos
721 1019 951 1084 habens,
991 1035 1102 1075 non
1160 1021 1299 1077 bene
1329 1036 1421 1076 eos
1473 1023 1747 1080 tractavit.
1787 1023 2023 1081 Proinde

445 1109 632 1177 jttnior
664 1110 989 1176 Dalmatius,
1036 1127 1160 1166 cum
1193 1113 1303 1181 jam
1333 1111 1515 1168 Caesar
1547 1127 1714 1180 esset,
1752 1131 1780 1170 a
1832 1117 2023 1171 militi-

451 1200 555 1256 bus
593 1217 769 1258 czcsus
800 1213 905 1258 est.
959 1204 1026 1258 Et
1056 1221 1253 1274 parum
1290 1205 1488 1271 abluit,
1521 1209 1654 1276 quin
1711 1222 1765 1263 et
1793 1210 1902 1264 duo
1931 1209 2020 1265 isti

454 1295 742 1362 perierint.
806 1296 912 1352 Sed
944 1297 1156 1352 Gallum
1195 1299 1423 1353 consilio
1448 1300 1612 1354 caedis
1646 1302 1869 1356 morbus
1926 1318 2023 1358 ex-

451 1387 604 1451 emit,
641 1404 705 1441 ex
731 1403 842 1457 quo
874 1389 1193 1458 propediem
1244 1390 1549 1445 moriturus
1576 1408 1696 1448 esse
1741 1394 2022 1449 existima-

452 1486 540 1532 tus
565 1489 669 1534 est.
700 1479 920 1534 Juliano
952 1491 1134 1536 autem
1187 1491 1317 1536 aetas
1348 1485 1589 1538 tenerior
1613 1485 1838 1554 profuit,
1873 1486 2018 1556 quod

450 1571 672 1625 vixdum
709 1581 966 1627 octavum
1006 1573 1282 1644 attigisset
1345 1591 1568 1630 annum.
1619 1576 1720 1631 Ubi
1758 1593 1892 1632 vero
1938 1579 2019 1633 ira

449 1659 799 1728 imperatoris
835 1663 1100 1719 adversus
1142 1680 1240 1719 eos
1297 1665 1594 1731 deferbuit,
1646 1668 1882 1736 primum
1939 1669 2021 1723 eis

449 1763 506 1804 ut
532 1752 585 1805 in
614 1752 958 1824 Cappadocia
986 1767 1237 1827 agerent,
1280 1759 1618 1828 permissum
1645 1769 1752 1824 est,
1797 1759 1852 1815 in
1895 1761 2018 1816 loco

447 1845 683 1912 quodam
710 1846 1109 1915 quiMacellum
1141 1849 1319 1904 dictus
1359 1859 1467 1914 est,
1502 1866 1613 1906 non
1641 1851 1800 1923 longe
1841 1867 1872 1906 a
1902 1851 2018 1907 Ca-

449 1949 628 2008 sarea,
654 1935 719 1990 ad
759 1938 1013 2009 Argreum
1049 1950 1292 1998 montem
1343 1945 1472 2006 sito,
1511 1943 1714 2013 regiam
1767 1943 2016 2008 domum,

448 2026 687 2092 lavacra,
718 2029 910 2085 hortos
933 2040 990 2086 et
1010 2031 1192 2088 fontes
1223 2049 1493 2103 perennes
1517 2034 1776 2088 habente.
1808 2033 1887 2088 lbi
1919 2048 2018 2103 pro

449 2139 516 2178 eo
551 2135 717 2194 atque
747 2124 1004 2192 decebat,
1063 2127 1238 2182 curati
1295 2136 1448 2192 sunt,
1487 2127 1908 2198 disciplinisque
1960 2135 2018 2181 et

448 2219 726 2272 exercitiis
771 2219 918 2273 aetati
949 2220 996 2272 ei
1039 2219 1500 2274 convenientibus
1557 2220 1781 2283 exculti,
1847 2219 2019 2275 sacris

449 2324 669 2378 quoque
721 2309 943 2364 Litteris
984 2326 1014 2365 a
1051 2311 1330 2379 magistris
1371 2320 1427 2365 et
1466 2311 1897 2380 praeceptoribus
1950 2325 2019 2367 eo

451 2416 622 2471 usque
653 2401 820 2466 docti,
861 2411 921 2456 ut
972 2401 1026 2456 in
1059 2403 1244 2457 album
1276 2411 1461 2473 postea
1504 2402 1634 2456 cleri
1700 2403 1852 2457 relati
1886 2403 2048 2469 sinty

447 2504 504 2548 et
551 2508 740 2549 sacros
769 2495 942 2550 libros
983 2496 1185 2565 populo
1233 2495 1490 2566 legerint.
1543 2497 1722 2565 Atque
1773 2495 1853 2549 illi
1907 2511 2019 2549 non

449 2587 632 2642 verbis
663 2586 849 2652 modo,
885 2587 981 2643 sed
1013 2597 1069 2642 et
1099 2587 1258 2643 factis
1279 2587 1523 2642 studium
1571 2587 1936 2658 ardoremque
1962 2588 2020 2642 in

452 2678 717 2749 religione
745 2693 907 2732 suum
944 2679 1326 2734 ostenderunt.
1387 2679 1522 2733 Nam
1578 2679 1672 2750 qui
1710 2680 1883 2734 sacris
1933 2680 2019 2735 di-

452 2771 752 2841 gnitatibus
801 2773 1076 2838 exornati,
1110 2781 1275 2841 atque
1321 2771 1483 2826 aliter
1518 2772 1684 2825 etiam
1730 2772 1859 2827 boni
1889 2771 2016 2838 viri,

451 2876 504 2918 et
537 2873 762 2935 propter
788 2864 1049 2935 pietatem
1079 2864 1454 2931 virtutemque
1484 2862 1618 2917 clari
1670 2873 1848 2926 erant,
1917 2880 2015 2920 eos

451 2958 709 3027 ampliter
737 2957 1115 3013 honorarunt:
1165 2957 1219 3011 in
1264 2956 1437 3012 sacris
1476 2956 1556 3012 illi
1595 2959 1761 3012 etiam
1810 2956 2021 3012 aedibus

452 3050 770 3120 frequentes
798 3051 1039 3116 fuerunt,
1086 3063 1142 3107 et
1166 3063 1464 3124 martyrum
1495 3068 1660 3108 urnas
1689 3051 2020 3114 :honoribus

451 3239 793 3294 alacritatem
831 3253 987 3293 suam
1020 3236 1352 3307 martyribus
1386 3236 1634 3293 colendis
1656 3236 1826 3291 veluti
1860 3249 2021 3308 spec-

455 3333 635 3388 Iaculo
669 3331 856 3402 aliquo
890 3332 1244 3397 exhiberem,
1276 3331 1542 3387 honorem
1607 3330 1846 3401 sepulcri
1910 3329 2026 3383 Ma-

454 3441 555 3479 ma:
584 3423 660 3495 (l)
688 3422 944 3493 martyris
972 3423 1116 3478 inter
1145 3437 1226 3483 se,
1248 3432 1305 3476 ut
1339 3421 1394 3476 id
1447 3420 1739 3492 magnifico
1786 3421 2025 3477 circum-

453 3519 650 3571 darent.
677 3514 902 3585 templo,
935 3513 1262 3568 diviserunt.
1313 3514 1382 3568 Et
1412 3528 1540 3569 cum
1568 3514 1712 3568 inter
1741 3528 1800 3568 se
1831 3521 1892 3568 ut
1925 3528 2025 3583 par

454 3617 592 3673 erat,
617 3607 988 3668 decertarent,
1010 3611 1066 3658 et
1095 3605 1384 3660 ambitiose
1407 3604 1699 3675 splendore
1723 3614 1780 3661 et
1813 3605 2025 3677 magni-

458 3698 674 3753 licentia
705 3705 998 3752 structura:
1013 3697 1150 3752 alter
1171 3698 1406 3751 alterum
1430 3712 1695 3767 superare
1721 3699 2022 3763 niteretur,

456 3806 545 3846 res
599 3795 798 3860 praeter
856 3789 1171 3858 opinionem
1239 3787 1562 3844 admiranda
1603 3790 1836 3848 accidit:
1901 3807 2022 3860 qua:

456 3883 704 3953 profecto
729 3879 1072 3938 incredibilis
1099 3895 1268 3951 prope
1291 3891 1464 3945 esset,
1505 3882 1611 3938 nisi
1645 3883 1738 3952 qui
1771 3884 1848 3937 ibi
1881 3899 2022 3954 prae-

455 3987 640 4034 sentes
662 3992 784 4032 eam
819 3977 1103 4042 viderunt,
1130 3993 1230 4047 per
1267 3975 1582 4032 traditionis
1611 3977 2022 4032 successionem

453 4086 574 4126 eam
600 4086 771 4140 usque
791 4069 858 4124 ad
891 4070 1006 4124 haec
1033 4077 1282 4138 tempore
1304 4079 1749 4123 conservassem.
1783 4070 1834 4140 ⁵1
1870 4068 2026 4123 ,λεαι-

456 4162 642 4215 ficium
700 4175 942 4230 namque
969 4160 1110 4216 Galli
1147 4161 1376 4230 pulchre
1408 4171 1465 4216 et
1520 4153 1866 4217 ex‘ﬁrbitrio
1905 4163 2026 4232 ejus

453 4252 747 4322 processit,
777 4263 834 4307 et
861 4251 1113 4322 quotidie
1143 4267 1240 4308 sua
1272 4254 1609 4308 incrementa
1631 4254 1842 4309 habuit.
1875 4255 1932 4307 In
1961 4271 2021 4307 ea

453 4359 588 4399 vero
645 4353 796 4414 parte
850 4360 1015 4414 quam
1047 4345 1302 4402 Julianus
1369 4345 1751 4408 construebat,
1823 4343 2022 4414 partim

2129 582 2212 634 ροι
2234 565 2351 618 δἀί
2377 567 2610 634 μητέρες
2634 561 2775 637 ἦσαν
2795 567 2978 629 αὐτοῖς
3001 582 3015 599 ⁸
3048 562 3124 618 ὧν
3145 564 3223 634 τῷ
3249 566 3349 634 μὲν
3371 569 3701 636 Δαλμάτιος,

2126 655 2334 725 θατέρῳ
2366 657 2423 710 δὲ
2457 659 2830 720 Κωνστάντιος
2861 659 3037 728 δνομα
3083 653 3174 728 ἢν.
3221 657 3282 709 '0
3311 658 3410 726 μὲν
3443 658 3535 711 οὖν
3561 661 3702 712 Λα)-

2127 747 2322 814 μάτιος
2353 748 2540 818 ἕτερον
2568 749 2764 816 ἐγέννα
2794 749 3119 818 Δαλμάτιον·
3151 746 3228 816 τῷ
3249 748 3304 801 δὲ
3333 750 3703 817 Κωνσταντίῳ

2124 839 2327 902 Γάλλος
2351 841 2445 891 καὶ
2491 840 2781 904 Ἰουλιανὸς
2833 842 3024 903 παῖδες
3053 841 3405 910 γεγέννηντο.
3453 842 3611 893 Ἐπεὶ
3656 843 3702 894 δ’

2123 931 2340 984 ἀπεϐίω
2375 930 2476 998 μὲν
2503 932 2941 995 Κωνσταντῖνος,
2975 932 3067 983 καὶ
3095 933 3176 993 είς
3207 931 3297 984 τὸν
3345 931 3512 984 παῖδα
3544 934 3701 984 Κων-

2127 1020 2376 1075 στάντιον
2423 1022 2456 1091 ἡ
2483 1021 2628 1092 ἀρχὴ
2655 1020 2982 1091 μετεχώρει,
3013 1020 3307 1090 δειμαίνων
3354 1023 3564 1084 ἐκεῖνος
3601 1023 3700 1081 τὰς

2121 1112 2488 1183 τυραννίδας,
2542 1116 2668 1186 τοὺς
2717 1114 3096 1181 προσήκοντας
3144 1113 3293 1180 γένει
3337 1112 3406 1166 δι’
3457 1113 3700 1181 ὑποψίας

2123 1203 2281 1274 ἔχων,
2309 1205 2370 1256 οὐ
2398 1204 2580 1268 καλῶς
2608 1207 2793 1268 αὐτοῖς
2825 1203 3122 1257 διετίθετοο
3158 1204 3353 1271 ἀμέλει
3385 1221 3472 1256 τοι
3500 1205 3596 1257 καὶ
3622 1203 3698 1272 τῷ

2121 1297 2226 1363 νέῳ
2276 1296 2573 1366 Δαλματίῳ
2621 1297 2864 1366 Καίσαρι
2909 1296 3025 1349 ὄντι
3081 1296 3130 1348 οί
3179 1295 3510 1366 στρατιῶται
3539 1295 3700 1362 φόνον

2121 1389 2375 1458 ἐκίρνων.
2413 1390 2573 1461 Παρὰ
2604 1388 2782 1460 βραχὺ
2818 1389 2864 1441 δ’
2891 1389 2957 1443 ἂν
2988 1389 3082 1442 καὶ
3107 1378 3255 1440 οὗτοι
3307 1385 3613 1449 ἀπώλοντο,
3650 1387 3698 1436 εί

2124 1480 2201 1551 μὴ
2222 1480 2426 1535 Γάλλον
2457 1481 2556 1551 μὶν
2589 1481 2829 1546 ἐξείλετο
2884 1482 2987 1551 τῆς
3041 1479 3355 1547 ἐπιϐουλῆς,
3409 1479 3490 1530 ὅτι
3524 1478 3697 1529 νοσῶν

2121 1574 2331 1644 ἔτυχεν,
2361 1574 2488 1628 ὅσον
2540 1573 2696 1627 οὔπω
2726 1573 2911 1626 θανεῖν
2971 1573 3029 1637 ἐξ
3059 1573 3278 1642 ἐκείνης
3329 1570 3698 1640 προσδόκιμος

2119 1665 2198 1718 ὢν
2222 1680 2237 1696 ο
2283 1665 2575 1718 Ἱουλιανὸν
2603 1665 2661 1718 δὲ
2689 1664 2751 1717 τὸ
2783 1664 2886 1735 τῆς
2915 1663 3138 1734 ήλικίας
3192 1662 3452 1726 διέσωζεν
3483 1663 3698 1723 ἀτελές.

2123 1758 2291 1813 Οὔπω
2317 1759 2426 1829 γὰρ
2454 1758 2534 1810 ἔτι
2562 1757 2748 1825 ὃγδοον
2776 1757 2898 1819 ἔτος
2926 1758 2958 1826 ὴ
2989 1754 3177 1826 ἡλικία
3217 1750 3356 1826 ἦγεν
3388 1755 3563 1824 αὐτῷ.
3609 1756 3700 1818 Ὦς

2121 1851 2179 1903 δὲ
2208 1850 2389 1921 χρόνῳ
2421 1851 2454 1918 ἡ
2479 1849 2596 1902 κατ’
2628 1848 2811 1902 αὐτῶν
2829 1847 2924 1900 τοῦ
2956 1845 3222 1917 βασιλέως
3254 1846 3400 1916 ὁρμὴ
3427 1847 3698 1915 ὑπεχάλα,

2123 1943 2338 2014 πρῶτον
2383 1944 2480 2011 μὲν
2533 1946 2590 1997 ὲν
2640 1943 3013 2012 Καππαδοκίᾳ
3069 1942 3371 2014 διατρίϐειν
3427 1944 3698 2011 εἰάθησαν

2120 2035 2180 2089 ιν
2209 2051 2318 2090 τινι
2375 2033 2560 2106 χώρῳ,
2619 2034 2891 2104 Μακέλλῳ
2923 2034 3116 2104 ὄνομα,
3177 2034 3314 2104 πρὸς
3344 2032 3424 2102 τῷ
3481 2034 3702 2103 ’Δργέῳ

2120 2127 2261 2198 δρει,
2319 2128 2381 2180 οὐ
2419 2125 2640 2197 μακρὰν
2679 2127 2779 2195 τῆς
2834 2128 3164 2197 Καισαρέων
3193 2127 3426 2197 διέχοντι
3464 2127 3700 2193 πόλεως,

2123 2218 2376 2287 βασίλεια
2405 2218 2500 2271 καὶ
2544 2218 2766 2286 λοετρὰ,
2808 2218 3021 2287 κήπους
3045 2234 3105 2270 τε
3137 2219 3232 2272 καὶ
3281 2219 3466 2285 πηγὰς
3494 2219 3703 2271 ἀένναα

2121 2308 2453 2377 κεκτημένῳ
2477 2321 2494 2340 ⁸
2556 2305 2686 2360 ἔνθα
2716 2307 2782 2377 δὴ
2829 2305 3128 2374 θεραπείας
3177 2305 3278 2374 τῆς
3309 2307 3704 2376 προσηκούσης

2123 2399 2566 2468 καταξιούμενοι,
2622 2398 2913 2468 μαθήμασί
2941 2416 3002 2452 τε
3055 2397 3153 2452 καὶ
3203 2398 3530 2467 γυμνασίοις
3562 2401 3710 2453 ἀπο-

2123 2487 2300 2557 χρῶσι
2328 2488 2393 2556 τῇ
2416 2486 2630 2557 ἡλικίᾳ,
2656 2487 2736 2540 ἔτι
2768 2487 2825 2539 δὲ
2875 2487 3230 2551 διδασκάλοις
3258 2487 3355 2541 καὶ
3388 2488 3707 2556 ὑφηγηταῖς

2121 2576 2232 2629 τῶν
2265 2576 2429 2646 ίερῶν
2489 2575 2838 2646 μαθημάτων
2869 2577 3117 2646 ἐχρῶντο
3141 2593 3156 2607 ο
3194 2579 3288 2630 καὶ
3311 2576 3592 2643 τοσοῦτον,
3621 2578 3704 2640 ὡς

2123 2669 2217 2720 καὶ
2245 2668 2432 2738 κλήρῳ
2465 2668 2860 2738 καταλεγῆναι,
2891 2669 2985 2722 καὶ
3022 2669 3126 2732 τὰς
3153 2667 3307 2732 θείας
3350 2668 3581 2732 Βίϐλους
3618 2670 3704 2738 τῷ

2122 2755 2239 2829 λαῷ
2267 2758 2764 2827 ὐπαναγινώσκειν.
2802 2758 2876 2813 Οὐ
2908 2759 3094 2828 λόγοις
3139 2759 3198 2811 δὲ
3227 2758 3408 2828 μόνον,
3433 2759 3571 2812 ἀλλὰ
3601 2759 3700 2813 καὶ

2123 2852 2306 2923 ἔργοις
2333 2852 2394 2906 τὺ
2422 2853 2551 2923 περὶ
2597 2852 2698 2922 τὴν
2748 2851 3052 2922 θρησκείαν
3081 2851 3284 2922 θερμόν
3311 2867 3371 2904 τε
3401 2852 3497 2904 καὶ
3530 2868 3706 2904 σπου-

2121 2945 2270 2997 δαῖον
2294 2943 2620 3004 ἐδείκνυντο,
2648 2942 2775 3004 τοὺς
2804 2941 3077 3014 ἱερωσύνῃ
3099 2941 3578 3012 κεκοσμημένους,
3605 2945 3706 2997 κοιλ¹

2121 3039 2296 3100 ἄλλως
2330 3036 2569 3100 ἀγαθοὺς
2594 3036 2820 3108 ἄνδρας,
2853 3037 3102 3106 καὶπερὶ
3148 3037 3248 3107 τὴν
3283 3037 3575 3090 εὐσέϐειαν
3603 3035 3705 3089 καὶ

325 3182 337 3190 .
451 3157 508 3198 et
559 3143 808 3198 donariis
845 3151 1115 3199 ornarunt
1163 3154 1219 3200 et
1249 3151 1675 3198 consecrarunt.
1727 3144 1908 3211 Atque
1964 3151 2021 3195 ut

2125 3129 2324 3198 ἀρετὴν
2361 3128 2700 3197 διαϐοήτους,
2724 3127 3044 3196 περιφανῶς
3085 3128 3379 3195 τιμῶντες,
3413 3130 3604 3198 σηκοῖς
3640 3145 3706 3182 τε

2127 3224 2288 3287 θείοις
2317 3223 2670 3294 θαμίζοντες,
2701 3222 2798 3277 καὶ
2824 3222 2922 3285 τὰς
2942 3221 3052 3274 τῶν
3084 3221 3378 3294 μαρτύρων
3401 3221 3580 3292 θήκας
3604 3225 3707 3276 καὶ

2124 3316 2317 3384 τιμαῖς
2339 3315 2432 3368 καὶ¹
2465 3315 2777 3386 ἀναθήμασι
2808 3312 3148 3383 κοσμοῦντές
3176 3331 3235 3366 τε
3260 3313 3356 3367 καὶ⁵
3389 3315 3708 3379 ὲκθειάζον-

2125 3425 2238 3470 τες.
2294 3409 2402 3460 Καὶ
2453 3406 2516 3477 δὴ
2567 3406 2628 3461 τὸ
2677 3405 2882 3476 θερμὸν
2927 3405 3028 3475 τῆς
3081 3407 3211 3475 περὶ
3238 3408 3371 3469 τοὺς
3410 3408 3708 3477 μάρτυρας

2121 3499 2290 3569 τιμῆς
2353 3497 2753 3570 θεατρίζοντες,
2810 3497 2981 3568 ἄμφω
3030 3497 3123 3550 τὸν
3169 3499 3342 3565 τάφον
3373 3498 3552 3567 Μάμα
3605 3499 3704 3552 τοῦ

2129 3595 2405 3665 μάρτυρος
2432 3591 2757 3660 διελόμενοι,
2788 3589 2924 3660 οἴκῳ
2951 3589 3328 3662 λαμπροτάτῳ
3375 3593 3708 3663 περιϐαλεῖν

2129 3686 2367 3754 σπουδὴν
2401 3682 2707 3737 ἐποιοῦντο.
2748 3680 3163 3752 Ἀμιλλωμένου
3203 3682 3249 3735 δ’
3280 3682 3356 3743 ώς
3389 3685 3538 3746 εἰκὸς
3567 3685 3706 3742 ἑκα-

2124 3778 2286 3847 τέρου
2317 3776 2414 3829 καὶ
2445 3775 2759 3844 φιλοτιμίας
2785 3774 3062 3845 ὑπερϐολῇ
3105 3778 3328 3844 νικῆσαι
3351 3776 3706 3845 πειρωμένου

2125 3869 2186 3922 τὸ
2215 3867 2425 3938 ἕτερον,
2477 3865 2785 3938 παράδοξόν
2825 3884 2878 3919 τι
2927 3867 3126 3938 συνέϐη
3152 3884 3168 3900 ο
3220 3868 3297 3930 ώς
3344 3869 3546 3939 μικροῦ
3590 3869 3708 3922 δεῖν

2126 3961 2354 4015 ἄπιστον
2386 3957 2550 4026 εἶναι,
2582 3961 2631 4013 εί
2661 3960 2735 4029 μὴ
2765 3961 3038 4030 παρόντες
3096 3961 3146 4012 οί
3198 3959 3525 4029 θεασάμενοι
3559 3963 3708 4015 κατὰ

2124 4051 2380 4122 διαδοχὴν
2428 4051 2558 4122 ἄχρι
2587 4052 2682 4104 καὶ
2722 4055 2779 4114 ὲς
2810 4051 2972 4120 δεῦρο
2999 4051 3060 4103 τὸ
3085 4051 3314 4119 γεγονὸς
3341 4052 3708 4107 διεσώσαντο.

2129 4145 2296 4199 Ὀσον
2335 4144 2433 4212 μὲν
2454 4143 2564 4212 γὰρ
2591 4142 2911 4214 ᾠκοδόμητο
2960 4143 3171 4212 Γάλλῳ,
3224 4141 3404 4206 καλῶς
3430 4145 3524 4196 καί
3558 4147 3710 4199 κατὰ

2126 4235 2357 4306 γνώμην
2381 4234 2601 4306 ἐχώρει,
2656 4233 2779 4287 καθ’
2809 4234 3050 4305 ἑκάστην
3107 4234 3387 4304 λαμϐάνον
3418 4235 3666 4288 ἐπίδοσιν
3696 4253 3711 4265 ·

2126 4322 2209 4390 οἷς
2245 4325 2293 4379 δ’
2325 4327 2576 4380 ἐπονεῖτο
2603 4323 2913 4391 Ἰουλιανὸς,
2947 4324 3016 4377 τὰ
3045 4326 3145 4392 μὲν
3173 4325 3282 4377 τῶν
3304 4325 3504 4396 τειχῶν
3542 4343 3718 4379 κατε-

455 4438 698 4508 parietes
733 4439 838 4508 ipsi
879 4440 992 4511 jam
1036 4438 1261 4493 excitati
1295 4437 1678 4501 conciderunt,
1731 4439 1928 4507 partim
1957 4453 2022 4492 ex

2129 4417 2327 4482 σείετο,
2363 4417 2431 4470 τά
2457 4417 2516 4469 δὲ
2551 4417 2645 4469 καὶ
2684 4417 2748 4469 ὲκ
2780 4414 3024 4484 βάθρων,
3059 4415 3250 4485 ὥσπερ
3281 4415 3345 4468 ἐκ
3381 4433 3525 4480 τινος
3549 4418 3715 4471 δυνά-

431 4527 590 4596 ipsis
619 4527 995 4584 fundamentis
1029 4542 1247 4584 sursum
1277 4540 1520 4590 versum,
1559 4524 1730 4579 veluti
1760 4525 1842 4579 vis
1874 4539 2026 4594 qua:-

455 4620 600 4690 piam
625 4620 852 4674 adversa
880 4628 1071 4674 contra
1104 4618 1398 4682 niteretur,
1423 4629 1687 4671 caementa
1717 4627 1774 4671 et
1800 4617 2025 4671 materia

453 4713 559 4767 alia
590 4713 787 4783 ejecta,
819 4721 985 4782 atque
1009 4714 1062 4765 in
1087 4720 1290 4765 terram
1319 4720 1578 4779 tanquam
1613 4718 1781 4762 vento
1841 4708 2024 4763 valido

454 4811 730 4874 prostrata
761 4809 913 4857 sunt.
966 4802 1201 4866 Quidam
1254 4801 1424 4855 etiam
1497 4799 1713 4869 lapides
1761 4797 2023 4868 conjungi

453 4895 831 4965 glutinat-ique
897 4910 1007 4950 non
1092 4903 1416 4965 potuerunt.
1495 4891 1830 4947 Admiranda
1893 4905 2026 4944 sane

454 4987 833 5057 spectantibus
891 5002 978 5042 res
1018 4987 1158 5050 visa,
1211 5002 1332 5056 quae
1375 4985 1651 5057 posterius
1687 4984 1894 5039 certius
1941 4991 2029 5038 est

456 5079 698 5148 Cognita.
731 5078 908 5133 Fuere
928 5087 1132 5142 tamen,
1160 5077 1254 5146 qui
1283 5087 1397 5131 tum
1423 5091 1643 5146 quoque
1677 5074 2023 5138 intellexere,

457 5186 564 5225 non
597 5185 663 5226 ex
699 5171 886 5224 animo
919 5171 1072 5224 illum
1112 5169 1434 5239 religionem
1471 5169 1678 5230 coiere,
1719 5166 1813 5222 sed
1872 5173 2022 5221 metu

459 5263 810 5332 imperatoris
828 5261 1308 5318 Christianismum
1342 5259 1605 5316 simulare
1639 5275 1653 5312 :
1713 5267 1769 5312 et
1796 5257 2027 5329 proinde

459 5357 642 5411 u-inus
701 5365 918 5425 gratum
968 5365 1368 5424 acceptumque
1425 5352 1752 5422 martyribus
1811 5352 2022 5406 cultum

458 5461 852 5516 accessumque
874 5445 942 5500 ad
969 5461 1027 5498 se
1054 5445 1173 5512 ejus
1198 5459 1338 5499 esse.
1359 5445 1624 5499 Pietatem
1647 5441 2022 5498 Christianam

457 5543 710 5598 Julianus
743 5539 983 5610 primum
1037 5537 1336 5591 ariolorum
1366 5534 1772 5590 consuetudine
1827 5533 2029 5586 adduc-

462 5644 550 5687 tus
575 5633 800 5702 abjecit.
835 5631 1084 5685 Remissa
1118 5639 1302 5683 autem
1361 5627 1598 5697 amplius
1628 5625 1792 5680 etiam
1822 5623 1891 5678 ab
1919 5624 2022 5680 im-

2133 4527 2283 4580 μεως
2307 4508 2628 4574 ἀντιτύπου,
2681 4507 2935 4562 κάτωθεν
2972 4506 3390 4578 ἀντεκρούοντο,
3443 4510 3537 4560 καὶ
3567 4509 3713 4576 ὑπὲρ

2132 4607 2240 4675 γῆν
2275 4605 2598 4675 ἠνεμοῦντο.
2652 4603 2771 4656 Εἰσὶ
2823 4602 2866 4656 δ’
2915 4601 2952 4656 ἃ
2984 4601 3135 4672 μηδὲ.
3161 4600 3525 4654 συνάπτεσθαι
3571 4603 3714 4670 πρὸς

2130 4697 2338 4768 ἄλληλα
2376 4697 2514 4759 ὅλως
2549 4694 2853 4764 ἠνείχοντο.
2885 4695 2996 4747 Καὶ
3025 4693 3180 4758 ξένον
3217 4695 3332 4755 τοῖς
3365 4693 3569 4762 δρῶσιν
3597 4693 3719 4743 ἐδό-

2131 4805 2220 4842 κει
2247 4791 2307 4842 τὸ
2338 4788 2537 4857 θέαμα,
2585 4786 2613 4839 ὃ
2645 4787 2738 4839 καὶ
2774 4789 2839 4837 ἐκ
2873 4785 2982 4839 τῶν
3028 4786 3278 4856 ὑστέρων
3311 4785 3556 4851 ἁκριϐὦ;
3600 4783 3716 4836 διε-

2130 4881 2377 4951 γνώσθη.
2408 4877 2586 4933 Ἦσαν
2613 4877 2671 4931 δὲ
2698 4877 2748 4930 οἳ
2808 4877 2906 4930 καὶ
2935 4878 3060 4930 τότε
3115 4878 3392 4941 συνίεσαν,
3430 4875 3502 4944 μὴ
3535 4877 3712 4936 ὑγιῶς

2137 4976 2238 5047 μὲν
2265 4976 2398 5044 περὶ
2423 4974 2526 5044 τὴν
2551 4971 2852 5045 θρησκείαν
2872 4970 3018 5041 ἔχειν
3050 4969 3143 5022 τὸν
3176 4969 3362 5039 ἄνδρα,
3389 4968 3499 5021 δέει
3528 4968 3583 5019 δὲ
3609 4969 3715 5018 τοῦ

2135 5065 2468 5138 κρατοῦντος
2527 5064 2619 5117 τὸν
2669 5059 3104 5133 Χριστιανισμδν
3168 5058 3581 5128 ὑποκρίνεσθαι.
3625 5059 3716 5108 διὸ

2133 5161 2230 5213 καὶ
2267 5159 2498 5213 ἄδεκτον
2551 5153 2694 5210 εῖναι
2747 5155 2862 5216 τοῖς
2899 5153 3142 5223 μάρτυσι
3175 5158 3276 5221 τὴν
3313 5150 3710 5221 προσαγωγὴν.

2134 5251 2206 5303 Τὸ
2235 5250 2293 5304 δὲ
2328 5249 2496 5311 σέϐας
2527 5249 2733 5301 ἀπεῖπε
2772 5244 2842 5297 τὰ
2872 5234 3069 5312 πρῶτα
3102 5241 3414 5304 συνουσίαις
3462 5242 3718 5310 μάντεων

2133 5342 2397 5412 ὑπαχθείς
2425 5358 2437 5370 ·
2471 5341 2593 5392 ἐπεὶ
2625 5338 2734 5409 γὰρ
2786 5336 2884 5403 τῆς
2913 5333 3086 5402 ὀργῆς
3120 5335 3359 5385 emisso
3395 5335 3423 5383 ό
3453 5331 3705 5400 κρατῶν.

2133 5435 2337 5495 Γάλλος
2363 5433 2463 5502 μὲν
2518 5430 2662 5484 κατὰ
2719 5430 2818 5497 τὴν
2853 5427 3094 5496 Ἔφεσον
3124 5425 3422 5492 διατρίϐων
3453 5419 3542 5492 ἦν,
3595 5427 3717 5484 τοῖς

2131 5522 2526 5583 διδασκαλείοις
2557 5519 2760 5590 φοιτῶν
2777 5533 2790 5548 ·
2815 5518 2949 5570 ὅπου
2979 5515 3045 5585 δὴ
3069 5517 3163 5566 καὶ⁵
3188 5517 3221 5582 ἡ
3263 5516 3491 5581 πατρῴα
3516 5513 3716 5579 κτῆσις

2131 5618 2452 5686 ἐτύγχανεν.
2498 5613 2560 5668 Ὀ
2588 5613 2645 5666 δὲ
2685 5610 2971 5671 Ἰουλιανὸς
2999 5611 3115 5671 τοῖς
3152 5607 3208 5659 ὲν
3256 5607 3712 5658 Κωνσταντινου-

538 5811 614 5882 (ί)
653 5810 821 5865 Iidem
871 5817 1061 5864 sancto
1099 5809 1284 5864 Mamae
1335 5807 1560 5878 martyri
1595 5804 1858 5874 templum
1895 5810 2247 5858 construunt.
2279 5800 2496 5855 Socrat.
2534 5796 2628 5852 lib.
2667 5810 2748 5861 tn,
2783 5809 2902 5862 cap.
2941 5791 2986 5859 Ι,
3023 5801 3080 5848 et
3112 5791 3243 5848 item
3285 5789 3512 5859 Eutrop.
