  <div class='ocr_page' id='page_1' title='image "/cluster/home/n/w/nwhite01/storage/ocr_20150623/146/hvd.32044073502601/248.png"; bbox 0 0 3970 6190; ppageno 0'>
   <div class='ocr_carea' id='block_1_1' title="bbox 301 300 1911 382">
    <p class='ocr_par' dir='ltr' id='par_1_1' title="bbox 301 315 1911 382">
     <span class='ocr_line' id='line_1_1' title="bbox 301 315 1911 382; baseline -0.002 -3"><span class='ocrx_word' id='word_1_1' title='bbox 301 318 412 379; x_wconf 70' lang='grc'><strong>43⁸1</strong></span> <span class='ocrx_word' id='word_1_2' title='bbox 1256 315 1858 382; x_wconf 77' lang='lat' dir='ltr'><strong>ECCLESIASTlC/E</strong></span> <span class='ocrx_word' id='word_1_3' title='bbox 1899 316 1911 376; x_wconf 89' lang='lat' dir='ltr'><strong>l</strong></span> 
     </span>
    </p>
   </div>
   <div class='ocr_carea' id='block_1_2' title="bbox 2016 300 3562 382">
    <p class='ocr_par' dir='ltr' id='par_1_2' title="bbox 2016 300 3562 376">
     <span class='ocr_line' id='line_1_2' title="bbox 2016 300 3562 376; baseline -0.011 -1"><span class='ocrx_word' id='word_1_4' title='bbox 2016 313 2295 376; x_wconf 72' lang='lat' dir='ltr'><strong>STORLE</strong></span> <span class='ocrx_word' id='word_1_5' title='bbox 2332 311 2482 372; x_wconf 77' lang='lat' dir='ltr'><strong>LIB.</strong></span> <span class='ocrx_word' id='word_1_6' title='bbox 2525 312 2596 371; x_wconf 82' lang='lat' dir='ltr'><strong>X.</strong></span> <span class='ocrx_word' id='word_1_7' title='bbox 3459 300 3562 360; x_wconf 67' lang='grc' dir='ltr'><strong>4⁸ἰὸ</strong></span> 
     </span>
    </p>
   </div>
   <div class='ocr_carea' id='block_1_3' title="bbox 296 415 1911 506">
    <p class='ocr_par' dir='ltr' id='par_1_3' title="bbox 296 434 1890 506">
     <span class='ocr_line' id='line_1_3' title="bbox 296 434 1890 506; baseline -0.001 -20"><span class='ocrx_word' id='word_1_8' title='bbox 296 434 470 486; x_wconf 69' lang='grc' dir='ltr'>πόλει</span> <span class='ocrx_word' id='word_1_9' title='bbox 523 434 932 505; x_wconf 62' lang='grc' dir='ltr'>παιδευςηρίοις</span> <span class='ocrx_word' id='word_1_10' title='bbox 989 435 1132 488; x_wconf 80' lang='grc' dir='ltr'>κιτὰ</span> <span class='ocrx_word' id='word_1_11' title='bbox 1167 437 1268 506; x_wconf 79' lang='grc' dir='ltr'><strong>τὴν</strong></span> <span class='ocrx_word' id='word_1_12' title='bbox 1308 434 1595 506; x_wconf 76' lang='grc' dir='ltr'>βασιλικὴν</span> <span class='ocrx_word' id='word_1_13' title='bbox 1628 434 1890 503; x_wconf 73' lang='grc' dir='ltr'>ἠκροᾶτο,</span> 
     </span>
    </p>
   </div>
   <div class='ocr_carea' id='block_1_4' title="bbox 2016 415 3563 506">
    <p class='ocr_par' dir='ltr' id='par_1_4' title="bbox 2016 415 3563 492">
     <span class='ocr_line' id='line_1_4' title="bbox 2016 415 3563 492; baseline -0.008 -13"><span class='ocrx_word' id='word_1_14' title='bbox 2016 439 2255 483; x_wconf 72' lang='lat' dir='ltr'><strong>teratore</strong></span> <span class='ocrx_word' id='word_1_15' title='bbox 2287 425 2389 492; x_wconf 89' lang='lat' dir='ltr'><strong>ira,</strong></span> <span class='ocrx_word' id='word_1_16' title='bbox 2427 424 2618 481; x_wconf 85' lang='lat' dir='ltr'><strong>Gallus</strong></span> <span class='ocrx_word' id='word_1_17' title='bbox 2648 422 2848 478; x_wconf 88' lang='lat' dir='ltr'><strong>deinde</strong></span> <span class='ocrx_word' id='word_1_18' title='bbox 2875 419 3071 491; x_wconf 85' lang='lat' dir='ltr'><strong>Ephesi</strong></span> <span class='ocrx_word' id='word_1_19' title='bbox 3109 418 3181 486; x_wconf 71' lang='grc' dir='ltr'><strong>(ει</strong></span> <span class='ocrx_word' id='word_1_20' title='bbox 3215 416 3468 485; x_wconf 81' lang='lat' dir='ltr'><strong>degebat,</strong></span> <span class='ocrx_word' id='word_1_21' title='bbox 3507 415 3563 468; x_wconf 89' lang='lat' dir='ltr'><strong>in</strong></span> 
     </span>
    </p>
   </div>
   <div class='ocr_carea' id='block_1_5' title="bbox 302 507 1911 589">
    <p class='ocr_par' dir='ltr' id='par_1_5' title="bbox 302 516 1890 589">
     <span class='ocr_line' id='line_1_5' title="bbox 302 516 1890 589; baseline -0.003 -16"><span class='ocrx_word' id='word_1_22' title='bbox 302 521 410 583; x_wconf 70' lang='grc' dir='ltr'><strong>τὰς</strong></span> <span class='ocrx_word' id='word_1_23' title='bbox 460 519 727 589; x_wconf 84' lang='grc' dir='ltr'>προόδους</span> <span class='ocrx_word' id='word_1_24' title='bbox 774 521 834 572; x_wconf 68' lang='grc' dir='ltr'>ἐν</span> <span class='ocrx_word' id='word_1_25' title='bbox 880 517 1089 570; x_wconf 77' lang='grc' dir='ltr'>εὐτελεῖ</span> <span class='ocrx_word' id='word_1_26' title='bbox 1116 518 1490 587; x_wconf 80' lang='grc' dir='ltr'><strong>πεποιημένος</strong></span> <span class='ocrx_word' id='word_1_27' title='bbox 1520 516 1599 586; x_wconf 84' lang='grc' dir='ltr'>τῷ</span> <span class='ocrx_word' id='word_1_28' title='bbox 1647 517 1890 586; x_wconf 81' lang='grc' dir='ltr'>σχήματι</span> 
     </span>
    </p>
   </div>
   <div class='ocr_carea' id='block_1_6' title="bbox 2016 507 3566 589">
    <p class='ocr_par' dir='ltr' id='par_1_6' title="bbox 2016 507 3566 585">
     <span class='ocr_line' id='line_1_6' title="bbox 2016 507 3566 585; baseline -0.009 -15"><span class='ocrx_word' id='word_1_29' title='bbox 2016 518 2204 572; x_wconf 70' lang='lat' dir='ltr'><strong>scholis</strong></span> <span class='ocrx_word' id='word_1_30' title='bbox 2237 516 2435 572; x_wconf 90' lang='lat' dir='ltr'><strong>studiis</strong></span> <span class='ocrx_word' id='word_1_31' title='bbox 2454 528 2677 585; x_wconf 82' lang='lat' dir='ltr'><strong>operam</strong></span> <span class='ocrx_word' id='word_1_32' title='bbox 2705 527 2910 566; x_wconf 89' lang='lat' dir='ltr'><strong>navans</strong></span> <span class='ocrx_word' id='word_1_33' title='bbox 2941 527 2955 564; x_wconf 92' lang='lat'><strong>:</strong></span> <span class='ocrx_word' id='word_1_34' title='bbox 3005 509 3097 563; x_wconf 86' lang='lat' dir='ltr'><strong>ubi</strong></span> <span class='ocrx_word' id='word_1_35' title='bbox 3130 507 3295 562; x_wconf 90' lang='lat' dir='ltr'><strong>etiam</strong></span> <span class='ocrx_word' id='word_1_36' title='bbox 3322 511 3566 573; x_wconf 76' lang='lat' dir='ltr'><strong>paternze</strong></span> 
     </span>
    </p>
   </div>
   <div class='ocr_carea' id='block_1_7' title="bbox 306 600 1894 680">
    <p class='ocr_par' dir='ltr' id='par_1_7' title="bbox 306 600 1894 680">
     <span class='ocr_line' id='line_1_7' title="bbox 306 600 1894 680; baseline -0.003 -17"><span class='ocrx_word' id='word_1_37' title='bbox 306 611 420 664; x_wconf 71' lang='grc' dir='ltr'><strong>ὑπὸ</strong></span> <span class='ocrx_word' id='word_1_38' title='bbox 449 608 763 680; x_wconf 74' lang='grc' dir='ltr'><strong>Μαρδονίου</strong></span> <span class='ocrx_word' id='word_1_39' title='bbox 800 607 897 661; x_wconf 79' lang='grc' dir='ltr'><strong>τοῦ</strong></span> <span class='ocrx_word' id='word_1_40' title='bbox 923 608 1178 678; x_wconf 79' lang='grc' dir='ltr'><strong>εὐνούχου</strong></span> <span class='ocrx_word' id='word_1_41' title='bbox 1219 608 1512 679; x_wconf 81' lang='grc' dir='ltr'>ἀγόμενος.</span> <span class='ocrx_word' id='word_1_42' title='bbox 1567 607 1626 660; x_wconf 90' lang='lat'><strong>&#39;0</strong></span> <span class='ocrx_word' id='word_1_43' title='bbox 1661 606 1762 675; x_wconf 80' lang='grc' dir='ltr'>μὲν</span> <span class='ocrx_word' id='word_1_44' title='bbox 1799 600 1894 659; x_wconf 79' lang='grc' dir='ltr'><strong>οὖν</strong></span> 
     </span>
    </p>
   </div>
   <div class='ocr_carea' id='block_1_8' title="bbox 307 696 1893 770">
    <p class='ocr_par' dir='ltr' id='par_1_8' title="bbox 307 696 1893 770">
     <span class='ocr_line' id='line_1_8' title="bbox 307 696 1893 770; baseline -0.006 -13"><span class='ocrx_word' id='word_1_45' title='bbox 307 704 515 757; x_wconf 77' lang='grc' dir='ltr'>Λάκων</span> <span class='ocrx_word' id='word_1_46' title='bbox 569 700 847 769; x_wconf 79' lang='grc' dir='ltr'><strong>Νικοκλῆς</strong></span> <span class='ocrx_word' id='word_1_47' title='bbox 895 698 1006 752; x_wconf 81' lang='grc' dir='ltr'><strong>τῶν</strong></span> <span class='ocrx_word' id='word_1_48' title='bbox 1063 699 1477 770; x_wconf 76' lang='grc' dir='ltr'><strong>γραμματικῶν</strong></span> <span class='ocrx_word' id='word_1_49' title='bbox 1532 697 1706 765; x_wconf 82' lang='grc' dir='ltr'>λόγων</span> <span class='ocrx_word' id='word_1_50' title='bbox 1743 696 1893 765; x_wconf 80' lang='grc' dir='ltr'>αὐτῷ</span> 
     </span>
    </p>
   </div>
   <div class='ocr_carea' id='block_1_9' title="bbox 311 784 1896 862">
    <p class='ocr_par' dir='ltr' id='par_1_9' title="bbox 311 784 1896 862">
     <span class='ocr_line' id='line_1_9' title="bbox 311 784 1896 862; baseline -0.002 -19"><span class='ocrx_word' id='word_1_51' title='bbox 311 792 612 860; x_wconf 76' lang='grc' dir='ltr'><strong>παιδευτὴς</strong></span> <span class='ocrx_word' id='word_1_52' title='bbox 643 784 714 861; x_wconf 72' lang='grc' dir='ltr'><strong>ἦν</strong></span> <span class='ocrx_word' id='word_1_53' title='bbox 742 807 758 822; x_wconf 81' lang='grc'><em>’</em></span> <span class='ocrx_word' id='word_1_54' title='bbox 783 791 887 844; x_wconf 80' lang='grc' dir='ltr'>ὅσα</span> <span class='ocrx_word' id='word_1_55' title='bbox 919 791 976 843; x_wconf 77' lang='grc' dir='ltr'>δι</span> <span class='ocrx_word' id='word_1_56' title='bbox 1008 792 1109 859; x_wconf 87' lang='grc' dir='ltr'><strong>τῆς</strong></span> <span class='ocrx_word' id='word_1_57' title='bbox 1138 790 1441 862; x_wconf 76' lang='grc' dir='ltr'><strong>ῥητορικῆς</strong></span> <span class='ocrx_word' id='word_1_58' title='bbox 1474 786 1640 861; x_wconf 79' lang='grc' dir='ltr'>ἦσαν,</span> <span class='ocrx_word' id='word_1_59' title='bbox 1667 788 1896 861; x_wconf 72' lang='grc' dir='ltr'><strong>Ἑκηϐό-</strong></span> 
     </span>
    </p>
   </div>
   <div class='ocr_carea' id='block_1_10' title="bbox 309 880 1893 951">
    <p class='ocr_par' dir='ltr' id='par_1_10' title="bbox 309 880 1893 951">
     <span class='ocr_line' id='line_1_10' title="bbox 309 880 1893 951; baseline 0 -18"><span class='ocrx_word' id='word_1_60' title='bbox 309 882 431 944; x_wconf 88' lang='grc' dir='ltr'>λιος</span> <span class='ocrx_word' id='word_1_61' title='bbox 463 881 770 945; x_wconf 70' lang='grc' dir='ltr'>ἐδιδάξατο.</span> <span class='ocrx_word' id='word_1_62' title='bbox 803 880 886 934; x_wconf 83' lang='grc' dir='ltr'><strong>Τὰ</strong></span> <span class='ocrx_word' id='word_1_63' title='bbox 924 881 1277 951; x_wconf 73' lang='grc' dir='ltr'><strong>Χριστιανῶν</strong></span> <span class='ocrx_word' id='word_1_64' title='bbox 1302 881 1359 935; x_wconf 80' lang='grc' dir='ltr'>δὲ</span> <span class='ocrx_word' id='word_1_65' title='bbox 1387 881 1689 950; x_wconf 83' lang='grc' dir='ltr'>τηνικαῦτα</span> <span class='ocrx_word' id='word_1_66' title='bbox 1712 881 1893 950; x_wconf 81' lang='grc' dir='ltr'><strong>ὴσπά-</strong></span> 
     </span>
    </p>
   </div>
   <div class='ocr_carea' id='block_1_11' title="bbox 313 972 1896 1044">
    <p class='ocr_par' dir='ltr' id='par_1_11' title="bbox 313 972 1896 1044">
     <span class='ocr_line' id='line_1_11' title="bbox 313 972 1896 1044; baseline 0 -17"><span class='ocrx_word' id='word_1_67' title='bbox 313 974 443 1038; x_wconf 72' lang='grc' dir='ltr'>ξετο</span> <span class='ocrx_word' id='word_1_68' title='bbox 480 973 826 1044; x_wconf 80' lang='grc' dir='ltr'>Ἐκηδόλιος.</span> <span class='ocrx_word' id='word_1_69' title='bbox 852 972 967 1043; x_wconf 83' lang='grc' dir='ltr'><strong>Τῆς</strong></span> <span class='ocrx_word' id='word_1_70' title='bbox 990 973 1047 1026; x_wconf 87' lang='grc' dir='ltr'>δὲ</span> <span class='ocrx_word' id='word_1_71' title='bbox 1074 974 1333 1044; x_wconf 77' lang='grc' dir='ltr'><strong>τοιαύτης</strong></span> <span class='ocrx_word' id='word_1_72' title='bbox 1356 974 1699 1044; x_wconf 80' lang='grc' dir='ltr'><strong>προμηθείας</strong></span> <span class='ocrx_word' id='word_1_73' title='bbox 1721 973 1896 1037; x_wconf 68' lang='grc' dir='ltr'>αἴτιος</span> 
     </span>
    </p>
   </div>
   <div class='ocr_carea' id='block_1_12' title="bbox 309 1059 1898 1135">
    <p class='ocr_par' dir='ltr' id='par_1_12' title="bbox 309 1059 1898 1135">
     <span class='ocr_line' id='line_1_12' title="bbox 309 1059 1898 1135; baseline 0 -18"><span class='ocrx_word' id='word_1_74' title='bbox 309 1066 342 1117; x_wconf 82' lang='grc' dir='ltr'><strong>ὀ</strong></span> <span class='ocrx_word' id='word_1_75' title='bbox 375 1064 761 1126; x_wconf 75' lang='grc' dir='ltr'>Κωνστάντιος</span> <span class='ocrx_word' id='word_1_76' title='bbox 787 1059 878 1132; x_wconf 77' lang='grc' dir='ltr'><strong>ἦν.</strong></span> <span class='ocrx_word' id='word_1_77' title='bbox 916 1062 1139 1117; x_wconf 82' lang='grc' dir='ltr'>Ἐδεδίει</span> <span class='ocrx_word' id='word_1_78' title='bbox 1170 1062 1280 1134; x_wconf 77' lang='grc' dir='ltr'><strong>γὰρ</strong></span> <span class='ocrx_word' id='word_1_79' title='bbox 1306 1063 1381 1133; x_wconf 80' lang='grc' dir='ltr'>μὴ</span> <span class='ocrx_word' id='word_1_80' title='bbox 1404 1062 1541 1135; x_wconf 74' lang='grc' dir='ltr'>πρὸς</span> <span class='ocrx_word' id='word_1_81' title='bbox 1565 1064 1898 1131; x_wconf 84' lang='grc' dir='ltr'>δεισιδαιμο-</span> 
     </span>
    </p>
   </div>
   <div class='ocr_carea' id='block_1_13' title="bbox 312 1154 1897 1226">
    <p class='ocr_par' dir='ltr' id='par_1_13' title="bbox 312 1154 1897 1226">
     <span class='ocr_line' id='line_1_13' title="bbox 312 1154 1897 1226; baseline 0.001 -21"><span class='ocrx_word' id='word_1_82' title='bbox 312 1154 437 1208; x_wconf 86' lang='grc' dir='ltr'>νίαν</span> <span class='ocrx_word' id='word_1_83' title='bbox 465 1154 711 1208; x_wconf 74' lang='grc' dir='ltr'>ικκλίνοι</span> <span class='ocrx_word' id='word_1_84' title='bbox 756 1154 985 1226; x_wconf 78' lang='grc' dir='ltr'>Ἕλληνι</span> <span class='ocrx_word' id='word_1_85' title='bbox 1017 1154 1332 1226; x_wconf 80' lang='grc' dir='ltr'>διδασκάλῳ</span> <span class='ocrx_word' id='word_1_86' title='bbox 1391 1157 1765 1225; x_wconf 81' lang='grc' dir='ltr'>χρησάμενος.</span> <span class='ocrx_word' id='word_1_87' title='bbox 1788 1156 1897 1208; x_wconf 76' lang='grc' dir='ltr'><strong>Φύ-</strong></span> 
     </span>
    </p>
   </div>
   <div class='ocr_carea' id='block_1_14' title="bbox 314 1244 1898 1316">
    <p class='ocr_par' dir='ltr' id='par_1_14' title="bbox 314 1244 1898 1316">
     <span class='ocr_line' id='line_1_14' title="bbox 314 1244 1898 1316; baseline 0.001 -19"><span class='ocrx_word' id='word_1_88' title='bbox 314 1261 461 1308; x_wconf 85' lang='grc' dir='ltr'>σεως</span> <span class='ocrx_word' id='word_1_89' title='bbox 500 1245 560 1298; x_wconf 72' lang='grc' dir='ltr'>δι</span> <span class='ocrx_word' id='word_1_90' title='bbox 590 1244 774 1315; x_wconf 82' lang='grc' dir='ltr'>λαχὼν</span> <span class='ocrx_word' id='word_1_91' title='bbox 829 1247 961 1315; x_wconf 75' lang='grc' dir='ltr'>περὶ</span> <span class='ocrx_word' id='word_1_92' title='bbox 1002 1247 1072 1299; x_wconf 82' lang='grc' dir='ltr'>τὰ</span> <span class='ocrx_word' id='word_1_93' title='bbox 1114 1246 1414 1316; x_wconf 84' lang='grc' dir='ltr'>μαθήματα</span> <span class='ocrx_word' id='word_1_94' title='bbox 1442 1247 1644 1311; x_wconf 78' lang='grc' dir='ltr'>δεξιᾶς,</span> <span class='ocrx_word' id='word_1_95' title='bbox 1681 1247 1898 1310; x_wconf 79' lang='grc' dir='ltr'>πολλοῖς</span> 
     </span>
    </p>
   </div>
   <div class='ocr_carea' id='block_1_15' title="bbox 316 1334 1901 1409">
    <p class='ocr_par' dir='ltr' id='par_1_15' title="bbox 316 1334 1901 1409">
     <span class='ocr_line' id='line_1_15' title="bbox 316 1334 1901 1409; baseline -0.014 -5"><span class='ocrx_word' id='word_1_96' title='bbox 316 1338 738 1405; x_wconf 73' lang='grc' dir='ltr'>συγγινόμενος,</span> <span class='ocrx_word' id='word_1_97' title='bbox 766 1339 958 1409; x_wconf 83' lang='grc' dir='ltr'><strong>φήμην</strong></span> <span class='ocrx_word' id='word_1_98' title='bbox 996 1334 1142 1408; x_wconf 78' lang='grc' dir='ltr'>εἶχεν</span> <span class='ocrx_word' id='word_1_99' title='bbox 1167 1337 1241 1401; x_wconf 85' lang='grc' dir='ltr'><strong>ὡς</strong></span> <span class='ocrx_word' id='word_1_100' title='bbox 1268 1340 1454 1398; x_wconf 70' lang='grc' dir='ltr'>ίκανδς</span> <span class='ocrx_word' id='word_1_101' title='bbox 1475 1339 1560 1408; x_wconf 82' lang='grc' dir='ltr'><strong>είη</strong></span> <span class='ocrx_word' id='word_1_102' title='bbox 1603 1341 1697 1393; x_wconf 77' lang='grc' dir='ltr'>καὶ</span> <span class='ocrx_word' id='word_1_103' title='bbox 1722 1341 1901 1407; x_wconf 83' lang='grc' dir='ltr'>πράγ.</span> 
     </span>
    </p>
   </div>
   <div class='ocr_carea' id='block_1_16' title="bbox 321 1428 1899 1500">
    <p class='ocr_par' dir='ltr' id='par_1_16' title="bbox 321 1428 1899 1500">
     <span class='ocr_line' id='line_1_16' title="bbox 321 1428 1899 1500; baseline 0.003 -21"><span class='ocrx_word' id='word_1_104' title='bbox 321 1443 473 1496; x_wconf 86' lang='grc' dir='ltr'>ματα</span> <span class='ocrx_word' id='word_1_105' title='bbox 491 1428 718 1484; x_wconf 75' lang='grc' dir='ltr'><strong>διοικεῖν</strong></span> <span class='ocrx_word' id='word_1_106' title='bbox 740 1443 754 1459; x_wconf 83' lang='grc'><strong>⁸</strong></span> <span class='ocrx_word' id='word_1_107' title='bbox 779 1428 867 1483; x_wconf 83' lang='grc' dir='ltr'>ναὶ</span> <span class='ocrx_word' id='word_1_108' title='bbox 899 1430 1007 1499; x_wconf 83' lang='grc' dir='ltr'>μὴν</span> <span class='ocrx_word' id='word_1_109' title='bbox 1035 1432 1133 1483; x_wconf 71' lang='grc' dir='ltr'>καὶ</span> <span class='ocrx_word' id='word_1_110' title='bbox 1157 1429 1258 1500; x_wconf 82' lang='grc' dir='ltr'>τὴν</span> <span class='ocrx_word' id='word_1_111' title='bbox 1281 1430 1471 1499; x_wconf 73' lang='grc' dir='ltr'>κοινὴν</span> <span class='ocrx_word' id='word_1_112' title='bbox 1492 1431 1702 1483; x_wconf 81' lang='grc' dir='ltr'>διέπειν</span> <span class='ocrx_word' id='word_1_113' title='bbox 1722 1431 1899 1500; x_wconf 75' lang='grc' dir='ltr'>ἀρχὴν</span> 
     </span>
    </p>
   </div>
   <div class='ocr_carea' id='block_1_17' title="bbox 318 1516 1897 1593">
    <p class='ocr_par' dir='ltr' id='par_1_17' title="bbox 318 1516 1897 1593">
     <span class='ocr_line' id='line_1_17' title="bbox 318 1516 1897 1593; baseline 0.001 -19"><span class='ocrx_word' id='word_1_114' title='bbox 318 1520 549 1589; x_wconf 71' lang='grc' dir='ltr'>ἄριστος</span> <span class='ocrx_word' id='word_1_115' title='bbox 572 1516 716 1574; x_wconf 77' lang='grc' dir='ltr'>εἶναι</span> <span class='ocrx_word' id='word_1_116' title='bbox 744 1522 1015 1590; x_wconf 64' lang='grc' dir='ltr'>ἐκρίνετο.</span> <span class='ocrx_word' id='word_1_117' title='bbox 1069 1522 1224 1575; x_wconf 75' lang='grc' dir='ltr'>Ἐπεὶ</span> <span class='ocrx_word' id='word_1_118' title='bbox 1257 1522 1315 1576; x_wconf 80' lang='grc' dir='ltr'>δὲ</span> <span class='ocrx_word' id='word_1_119' title='bbox 1354 1522 1523 1587; x_wconf 75' lang='grc' dir='ltr'>πολὺς</span> <span class='ocrx_word' id='word_1_120' title='bbox 1552 1525 1579 1576; x_wconf 82' lang='grc' dir='ltr'>ό</span> <span class='ocrx_word' id='word_1_121' title='bbox 1616 1524 1743 1593; x_wconf 81' lang='grc' dir='ltr'>περὶ</span> <span class='ocrx_word' id='word_1_122' title='bbox 1774 1522 1897 1576; x_wconf 79' lang='grc' dir='ltr'>τού-</span> 
     </span>
    </p>
   </div>
   <div class='ocr_carea' id='block_1_18' title="bbox 320 1610 1902 1686">
    <p class='ocr_par' dir='ltr' id='par_1_18' title="bbox 320 1610 1902 1686">
     <span class='ocr_line' id='line_1_18' title="bbox 320 1610 1902 1686; baseline 0.003 -23"><span class='ocrx_word' id='word_1_123' title='bbox 320 1627 419 1664; x_wconf 90' lang='grc' dir='ltr'><strong>του</strong></span> <span class='ocrx_word' id='word_1_124' title='bbox 458 1610 619 1679; x_wconf 79' lang='grc' dir='ltr'>λύγος</span> <span class='ocrx_word' id='word_1_125' title='bbox 649 1613 895 1681; x_wconf 69' lang='grc' dir='ltr'>ικράτει,</span> <span class='ocrx_word' id='word_1_126' title='bbox 926 1613 1114 1686; x_wconf 77' lang='grc' dir='ltr'>ἠρέμα</span> <span class='ocrx_word' id='word_1_127' title='bbox 1158 1617 1241 1678; x_wconf 81' lang='grc' dir='ltr'><strong>εἰς</strong></span> <span class='ocrx_word' id='word_1_128' title='bbox 1272 1617 1521 1685; x_wconf 77' lang='grc' dir='ltr'>ταραχὴν</span> <span class='ocrx_word' id='word_1_129' title='bbox 1547 1614 1712 1686; x_wconf 79' lang='grc' dir='ltr'>ἐνῆγε</span> <span class='ocrx_word' id='word_1_130' title='bbox 1746 1617 1902 1669; x_wconf 81' lang='grc' dir='ltr'>Κων-</span> 
     </span>
    </p>
   </div>
   <div class='ocr_carea' id='block_1_19' title="bbox 324 1704 1900 1778">
    <p class='ocr_par' dir='ltr' id='par_1_19' title="bbox 324 1704 1900 1778">
     <span class='ocr_line' id='line_1_19' title="bbox 324 1704 1900 1778; baseline 0.005 -24"><span class='ocrx_word' id='word_1_131' title='bbox 324 1704 602 1758; x_wconf 77' lang='grc' dir='ltr'>στὰντιον.</span> <span class='ocrx_word' id='word_1_132' title='bbox 636 1705 832 1758; x_wconf 86' lang='grc' dir='ltr'>Ἔνθεν</span> <span class='ocrx_word' id='word_1_133' title='bbox 860 1722 943 1759; x_wconf 92' lang='grc' dir='ltr'><strong>τοι</strong></span> <span class='ocrx_word' id='word_1_134' title='bbox 980 1706 1078 1760; x_wconf 80' lang='grc' dir='ltr'>καὶ</span> <span class='ocrx_word' id='word_1_135' title='bbox 1107 1708 1169 1760; x_wconf 83' lang='grc' dir='ltr'>ὲκ</span> <span class='ocrx_word' id='word_1_136' title='bbox 1196 1710 1298 1778; x_wconf 77' lang='grc' dir='ltr'>τῆς</span> <span class='ocrx_word' id='word_1_137' title='bbox 1350 1711 1615 1777; x_wconf 78' lang='grc' dir='ltr'><strong>μεγίστης</strong></span> <span class='ocrx_word' id='word_1_138' title='bbox 1650 1706 1760 1761; x_wconf 81' lang='grc' dir='ltr'><strong>τῶν</strong></span> <span class='ocrx_word' id='word_1_139' title='bbox 1794 1710 1900 1762; x_wconf 87' lang='grc' dir='ltr'><strong>πό-</strong></span> 
     </span>
    </p>
   </div>
   <div class='ocr_carea' id='block_1_20' title="bbox 1995 596 3566 677">
    <p class='ocr_par' dir='ltr' id='par_1_20' title="bbox 1995 596 3566 677">
     <span class='ocr_line' id='line_1_20' title="bbox 1995 596 3566 677; baseline -0.009 -14"><span class='ocrx_word' id='word_1_140' title='bbox 1995 616 2152 663; x_wconf 86' lang='lat' dir='ltr'><strong>erant</strong></span> <span class='ocrx_word' id='word_1_141' title='bbox 2192 608 2593 677; x_wconf 86' lang='lat' dir='ltr'><strong>possessiones.</strong></span> <span class='ocrx_word' id='word_1_142' title='bbox 2650 605 2901 659; x_wconf 83' lang='lat' dir='ltr'><strong>Julianus</strong></span> <span class='ocrx_word' id='word_1_143' title='bbox 2932 617 3062 657; x_wconf 84' lang='lat' dir='ltr'><strong>vero</strong></span> <span class='ocrx_word' id='word_1_144' title='bbox 3086 596 3566 667; x_wconf 90' lang='lat' dir='ltr'><strong>Constantinopoli</strong></span> 
     </span>
    </p>
   </div>
   <div class='ocr_carea' id='block_1_21' title="bbox 1999 689 3569 766">
    <p class='ocr_par' dir='ltr' id='par_1_21' title="bbox 1999 689 3569 766">
     <span class='ocr_line' id='line_1_21' title="bbox 1999 689 3569 766; baseline -0.007 -15"><span class='ocrx_word' id='word_1_145' title='bbox 1999 698 2053 752; x_wconf 92' lang='lat' dir='ltr'><strong>in</strong></span> <span class='ocrx_word' id='word_1_146' title='bbox 2089 697 2316 753; x_wconf 89' lang='lat' dir='ltr'><strong>basilica</strong></span> <span class='ocrx_word' id='word_1_147' title='bbox 2334 697 2600 751; x_wconf 90' lang='lat' dir='ltr'><strong>docentes</strong></span> <span class='ocrx_word' id='word_1_148' title='bbox 2625 704 2994 766; x_wconf 67' lang='lat' dir='ltr'><strong>praeceptores</strong></span> <span class='ocrx_word' id='word_1_149' title='bbox 3017 691 3230 746; x_wconf 88' lang='lat' dir='ltr'><strong>audivit</strong></span> <span class='ocrx_word' id='word_1_150' title='bbox 3255 709 3269 743; x_wconf 90' lang='lat'><strong>:</strong></span> <span class='ocrx_word' id='word_1_151' title='bbox 3302 689 3569 757; x_wconf 86' lang='lat' dir='ltr'><strong>tenuique</strong></span> 
     </span>
    </p>
   </div>
   <div class='ocr_carea' id='block_1_22' title="bbox 1999 782 3569 861">
    <p class='ocr_par' dir='ltr' id='par_1_22' title="bbox 1999 782 3569 861">
     <span class='ocr_line' id='line_1_22' title="bbox 1999 782 3569 861; baseline -0.007 -16"><span class='ocrx_word' id='word_1_152' title='bbox 1999 792 2052 845; x_wconf 92' lang='lat' dir='ltr'><strong>in</strong></span> <span class='ocrx_word' id='word_1_153' title='bbox 2069 790 2292 861; x_wconf 90' lang='lat' dir='ltr'><strong>publico</strong></span> <span class='ocrx_word' id='word_1_154' title='bbox 2317 805 2447 844; x_wconf 90' lang='lat' dir='ltr'><strong>usus</strong></span> <span class='ocrx_word' id='word_1_155' title='bbox 2466 798 2547 843; x_wconf 91' lang='lat' dir='ltr'><strong>est</strong></span> <span class='ocrx_word' id='word_1_156' title='bbox 2567 790 2790 851; x_wconf 90' lang='lat' dir='ltr'><strong>vestitu,</strong></span> <span class='ocrx_word' id='word_1_157' title='bbox 2817 785 3084 841; x_wconf 79' lang='lat' dir='ltr'><strong>Mardonii</strong></span> <span class='ocrx_word' id='word_1_158' title='bbox 3106 783 3346 840; x_wconf 81' lang='lat' dir='ltr'><strong>eunuchi</strong></span> <span class='ocrx_word' id='word_1_159' title='bbox 3374 782 3569 836; x_wconf 89' lang='lat' dir='ltr'><strong>ductu.</strong></span> 
     </span>
    </p>
   </div>
   <div class='ocr_carea' id='block_1_23' title="bbox 2000 873 3571 936">
    <p class='ocr_par' dir='ltr' id='par_1_23' title="bbox 2000 873 3571 936">
     <span class='ocr_line' id='line_1_23' title="bbox 2000 873 3571 936; baseline -0.006 -1"><span class='ocrx_word' id='word_1_160' title='bbox 2000 880 2407 936; x_wconf 78' lang='lat' dir='ltr'><strong>Grammaticen</strong></span> <span class='ocrx_word' id='word_1_161' title='bbox 2444 895 2570 933; x_wconf 88' lang='lat' dir='ltr'><strong>eunt</strong></span> <span class='ocrx_word' id='word_1_162' title='bbox 2603 879 2795 933; x_wconf 92' lang='lat' dir='ltr'><strong>docuit</strong></span> <span class='ocrx_word' id='word_1_163' title='bbox 2831 877 3081 932; x_wconf 84' lang='lat' dir='ltr'><strong>Nicocles</strong></span> <span class='ocrx_word' id='word_1_164' title='bbox 3114 874 3290 929; x_wconf 85' lang='lat' dir='ltr'><strong>Lacon</strong></span> <span class='ocrx_word' id='word_1_165' title='bbox 3325 889 3339 926; x_wconf 91' lang='lat'><strong>:</strong></span> <span class='ocrx_word' id='word_1_166' title='bbox 3382 873 3571 926; x_wconf 81' lang='lat' dir='ltr'><strong>rheto-</strong></span> 
     </span>
    </p>
   </div>
   <div class='ocr_carea' id='block_1_24' title="bbox 1999 966 3565 1039">
    <p class='ocr_par' dir='ltr' id='par_1_24' title="bbox 1999 966 3565 1039">
     <span class='ocr_line' id='line_1_24' title="bbox 1999 966 3565 1039; baseline -0.008 -11"><span class='ocrx_word' id='word_1_167' title='bbox 1999 974 2152 1028; x_wconf 89' lang='lat' dir='ltr'><strong>ricen</strong></span> <span class='ocrx_word' id='word_1_168' title='bbox 2193 981 2377 1026; x_wconf 90' lang='lat' dir='ltr'><strong>autem</strong></span> <span class='ocrx_word' id='word_1_169' title='bbox 2403 969 2719 1031; x_wconf 78' lang='lat' dir='ltr'><strong>Eeebolius.</strong></span> <span class='ocrx_word' id='word_1_170' title='bbox 2744 969 2840 1039; x_wconf 94' lang='lat' dir='ltr'><strong>qui</strong></span> <span class='ocrx_word' id='word_1_171' title='bbox 2873 977 2988 1022; x_wconf 90' lang='lat' dir='ltr'><strong>tum</strong></span> <span class='ocrx_word' id='word_1_172' title='bbox 3011 966 3382 1022; x_wconf 75' lang='lat' dir='ltr'><strong>Christianam</strong></span> <span class='ocrx_word' id='word_1_173' title='bbox 3411 979 3565 1019; x_wconf 89' lang='lat' dir='ltr'><strong>com-</strong></span> 
     </span>
    </p>
   </div>
   <div class='ocr_carea' id='block_1_25' title="bbox 2001 1058 3573 1137">
    <p class='ocr_par' dir='ltr' id='par_1_25' title="bbox 2001 1058 3573 1137">
     <span class='ocr_line' id='line_1_25' title="bbox 2001 1058 3573 1137; baseline -0.008 -16"><span class='ocrx_word' id='word_1_174' title='bbox 2001 1067 2194 1137; x_wconf 76' lang='lat' dir='ltr'><strong>plexus</strong></span> <span class='ocrx_word' id='word_1_175' title='bbox 2220 1065 2400 1121; x_wconf 80' lang='lat' dir='ltr'><strong>fuerat</strong></span> <span class='ocrx_word' id='word_1_176' title='bbox 2432 1065 2776 1136; x_wconf 76' lang='lat' dir='ltr'><strong>religionem.</strong></span> <span class='ocrx_word' id='word_1_177' title='bbox 2802 1063 3127 1117; x_wconf 85' lang='lat' dir='ltr'><strong>Provlderat</strong></span> <span class='ocrx_word' id='word_1_178' title='bbox 3152 1060 3258 1115; x_wconf 91' lang='lat' dir='ltr'><strong>hoc</strong></span> <span class='ocrx_word' id='word_1_179' title='bbox 3289 1059 3369 1115; x_wconf 90' lang='lat' dir='ltr'><strong>sic</strong></span> <span class='ocrx_word' id='word_1_180' title='bbox 3427 1058 3573 1113; x_wconf 86' lang='lat' dir='ltr'><strong>Con-</strong></span> 
     </span>
    </p>
   </div>
   <div class='ocr_carea' id='block_1_26' title="bbox 2000 1151 3573 1225">
    <p class='ocr_par' dir='ltr' id='par_1_26' title="bbox 2000 1151 3573 1225">
     <span class='ocr_line' id='line_1_26' title="bbox 2000 1151 3573 1225; baseline -0.006 -12"><span class='ocrx_word' id='word_1_181' title='bbox 2000 1160 2258 1223; x_wconf 86' lang='lat' dir='ltr'><strong>stantius,</strong></span> <span class='ocrx_word' id='word_1_182' title='bbox 2310 1158 2522 1213; x_wconf 85' lang='lat' dir='ltr'><strong>veritus</strong></span> <span class='ocrx_word' id='word_1_183' title='bbox 2561 1172 2630 1211; x_wconf 91' lang='lat' dir='ltr'><strong>ne</strong></span> <span class='ocrx_word' id='word_1_184' title='bbox 2677 1154 2744 1209; x_wconf 84' lang='lat' dir='ltr'><strong>ad</strong></span> <span class='ocrx_word' id='word_1_185' title='bbox 2782 1154 3257 1225; x_wconf 84' lang='lat' dir='ltr'><strong>superstitionem,</strong></span> <span class='ocrx_word' id='word_1_186' title='bbox 3307 1152 3349 1206; x_wconf 87' lang='lat' dir='ltr'><strong>si</strong></span> <span class='ocrx_word' id='word_1_187' title='bbox 3382 1151 3573 1206; x_wconf 72' lang='lat' dir='ltr'><strong>Gneco</strong></span> 
     </span>
    </p>
   </div>
   <div class='ocr_carea' id='block_1_27' title="bbox 2003 1242 3577 1320">
    <p class='ocr_par' dir='ltr' id='par_1_27' title="bbox 2003 1242 3577 1320">
     <span class='ocr_line' id='line_1_27' title="bbox 2003 1242 3577 1320; baseline -0.004 -19"><span class='ocrx_word' id='word_1_188' title='bbox 2003 1261 2248 1306; x_wconf 81' lang='lat' dir='ltr'><strong>uteretur</strong></span> <span class='ocrx_word' id='word_1_189' title='bbox 2290 1249 2577 1320; x_wconf 80' lang='lat' dir='ltr'><strong>magistro,</strong></span> <span class='ocrx_word' id='word_1_190' title='bbox 2626 1247 2956 1302; x_wconf 82' lang='lat' dir='ltr'><strong>declinaret.</strong></span> <span class='ocrx_word' id='word_1_191' title='bbox 2994 1246 3060 1299; x_wconf 88' lang='lat' dir='ltr'><strong>Et</strong></span> <span class='ocrx_word' id='word_1_192' title='bbox 3116 1260 3236 1299; x_wconf 91' lang='lat' dir='ltr'><strong>cum</strong></span> <span class='ocrx_word' id='word_1_193' title='bbox 3263 1242 3577 1311; x_wconf 85' lang='lat' dir='ltr'><strong>disciplinis</strong></span> 
     </span>
    </p>
   </div>
   <div class='ocr_carea' id='block_1_28' title="bbox 2000 1334 3576 1410">
    <p class='ocr_par' dir='ltr' id='par_1_28' title="bbox 2000 1334 3576 1410">
     <span class='ocr_line' id='line_1_28' title="bbox 2000 1334 3576 1410; baseline -0.005 -18"><span class='ocrx_word' id='word_1_194' title='bbox 2000 1339 2279 1393; x_wconf 82' lang='lat' dir='ltr'><strong>discendis</strong></span> <span class='ocrx_word' id='word_1_195' title='bbox 2330 1338 2595 1410; x_wconf 67' lang='lat' dir='ltr'><strong>praeclaro</strong></span> <span class='ocrx_word' id='word_1_196' title='bbox 2643 1345 2790 1392; x_wconf 86' lang='lat' dir='ltr'><strong>esset</strong></span> <span class='ocrx_word' id='word_1_197' title='bbox 2842 1337 3085 1407; x_wconf 83' lang='lat' dir='ltr'><strong>ingenio,</strong></span> <span class='ocrx_word' id='word_1_198' title='bbox 3119 1342 3176 1389; x_wconf 84' lang='lat' dir='ltr'><strong>et</strong></span> <span class='ocrx_word' id='word_1_199' title='bbox 3220 1351 3344 1391; x_wconf 90' lang='lat' dir='ltr'><strong>cum</strong></span> <span class='ocrx_word' id='word_1_200' title='bbox 3385 1334 3576 1388; x_wconf 78' lang='lat' dir='ltr'><strong>multis</strong></span> 
     </span>
    </p>
   </div>
   <div class='ocr_carea' id='block_1_29' title="bbox 2001 1423 3577 1495">
    <p class='ocr_par' dir='ltr' id='par_1_29' title="bbox 2001 1423 3577 1495">
     <span class='ocr_line' id='line_1_29' title="bbox 2001 1423 3577 1495; baseline -0.005 -12"><span class='ocrx_word' id='word_1_201' title='bbox 2001 1428 2333 1484; x_wconf 75' lang='lat' dir='ltr'><strong>latitiliarius</strong></span> <span class='ocrx_word' id='word_1_202' title='bbox 2393 1429 2628 1495; x_wconf 82' lang='lat' dir='ltr'><strong>viveret,</strong></span> <span class='ocrx_word' id='word_1_203' title='bbox 2667 1427 2946 1481; x_wconf 85' lang='lat' dir='ltr'><strong>celebrem</strong></span> <span class='ocrx_word' id='word_1_204' title='bbox 2980 1436 3066 1481; x_wconf 88' lang='lat' dir='ltr'><strong>est</strong></span> <span class='ocrx_word' id='word_1_205' title='bbox 3116 1424 3340 1491; x_wconf 68' lang='lat' dir='ltr'><strong>(uittam,</strong></span> <span class='ocrx_word' id='word_1_206' title='bbox 3389 1423 3454 1477; x_wconf 91' lang='lat' dir='ltr'><strong>ad</strong></span> <span class='ocrx_word' id='word_1_207' title='bbox 3490 1438 3577 1477; x_wconf 87' lang='lat' dir='ltr'><strong>res</strong></span> 
     </span>
    </p>
   </div>
   <div class='ocr_carea' id='block_1_30' title="bbox 2002 1518 3576 1590">
    <p class='ocr_par' dir='ltr' id='par_1_30' title="bbox 2002 1518 3576 1590">
     <span class='ocr_line' id='line_1_30' title="bbox 2002 1518 3576 1590; baseline -0.004 -16"><span class='ocrx_word' id='word_1_208' title='bbox 2002 1535 2222 1590; x_wconf 86' lang='lat' dir='ltr'><strong>quoque</strong></span> <span class='ocrx_word' id='word_1_209' title='bbox 2252 1518 2720 1574; x_wconf 81' lang='lat' dir='ltr'><strong>adminiStrandas</strong></span> <span class='ocrx_word' id='word_1_210' title='bbox 2746 1518 3004 1573; x_wconf 90' lang='lat' dir='ltr'><strong>idoneum</strong></span> <span class='ocrx_word' id='word_1_211' title='bbox 3038 1533 3167 1573; x_wconf 91' lang='lat' dir='ltr'><strong>eum</strong></span> <span class='ocrx_word' id='word_1_212' title='bbox 3194 1532 3339 1581; x_wconf 83' lang='lat' dir='ltr'><strong>esse,</strong></span> <span class='ocrx_word' id='word_1_213' title='bbox 3379 1531 3576 1570; x_wconf 86' lang='lat' dir='ltr'><strong>consc-</strong></span> 
     </span>
    </p>
   </div>
   <div class='ocr_carea' id='block_1_31' title="bbox 2003 1609 3579 1681">
    <p class='ocr_par' dir='ltr' id='par_1_31' title="bbox 2003 1609 3579 1681">
     <span class='ocr_line' id='line_1_31' title="bbox 2003 1609 3579 1681; baseline -0.004 -13"><span class='ocrx_word' id='word_1_214' title='bbox 2003 1624 2185 1669; x_wconf 83' lang='lat' dir='ltr'><strong>cutus.</strong></span> <span class='ocrx_word' id='word_1_215' title='bbox 2212 1612 2355 1680; x_wconf 90' lang='lat' dir='ltr'><strong>Quin</strong></span> <span class='ocrx_word' id='word_1_216' title='bbox 2384 1622 2441 1668; x_wconf 91' lang='lat' dir='ltr'><strong>et</strong></span> <span class='ocrx_word' id='word_1_217' title='bbox 2464 1614 2530 1666; x_wconf 89' lang='lat' dir='ltr'><strong>ad</strong></span> <span class='ocrx_word' id='word_1_218' title='bbox 2559 1611 2853 1681; x_wconf 88' lang='lat' dir='ltr'><strong>imperium</strong></span> <span class='ocrx_word' id='word_1_219' title='bbox 2889 1612 3068 1681; x_wconf 88' lang='lat' dir='ltr'><strong>ipsum</strong></span> <span class='ocrx_word' id='word_1_220' title='bbox 3102 1611 3402 1681; x_wconf 74' lang='lat' dir='ltr'><strong>gerendum</strong></span> <span class='ocrx_word' id='word_1_221' title='bbox 3433 1609 3579 1677; x_wconf 89' lang='lat' dir='ltr'><strong>opti-</strong></span> 
     </span>
    </p>
   </div>
   <div class='ocr_carea' id='block_1_32' title="bbox 2008 1701 3579 1776">
    <p class='ocr_par' dir='ltr' id='par_1_32' title="bbox 2008 1701 3579 1776">
     <span class='ocr_line' id='line_1_32' title="bbox 2008 1701 3579 1776; baseline -0.005 -16"><span class='ocrx_word' id='word_1_222' title='bbox 2008 1722 2129 1761; x_wconf 88' lang='lat' dir='ltr'><strong>mus</strong></span> <span class='ocrx_word' id='word_1_223' title='bbox 2159 1716 2243 1762; x_wconf 87' lang='lat' dir='ltr'><strong>est</strong></span> <span class='ocrx_word' id='word_1_224' title='bbox 2281 1705 2585 1776; x_wconf 84' lang='lat' dir='ltr'><strong>judicatus.</strong></span> <span class='ocrx_word' id='word_1_225' title='bbox 2625 1705 2741 1771; x_wconf 81' lang='lat' dir='ltr'><strong>Qua</strong></span> <span class='ocrx_word' id='word_1_226' title='bbox 2766 1703 2832 1759; x_wconf 91' lang='lat' dir='ltr'><strong>de</strong></span> <span class='ocrx_word' id='word_1_227' title='bbox 2870 1720 2928 1758; x_wconf 89' lang='lat' dir='ltr'><strong>re</strong></span> <span class='ocrx_word' id='word_1_228' title='bbox 2952 1719 3077 1759; x_wconf 89' lang='lat' dir='ltr'><strong>cum</strong></span> <span class='ocrx_word' id='word_1_229' title='bbox 3110 1718 3395 1758; x_wconf 87' lang='lat' dir='ltr'><strong>sermones</strong></span> <span class='ocrx_word' id='word_1_230' title='bbox 3427 1701 3579 1755; x_wconf 71' lang='lat' dir='ltr'><strong>inva-</strong></span> 
     </span>
    </p>
   </div>
   <div class='ocr_carea' id='block_1_33' title="bbox 320 1778 1911 1868">
    <p class='ocr_par' dir='ltr' id='par_1_33' title="bbox 320 1778 1901 1868">
     <span class='ocr_line' id='line_1_33' title="bbox 320 1778 1901 1868; baseline 0.006 -24"><span class='ocrx_word' id='word_1_231' title='bbox 320 1792 466 1846; x_wconf 86' lang='grc' dir='ltr'>λεων</span> <span class='ocrx_word' id='word_1_232' title='bbox 496 1796 637 1849; x_wconf 83' lang='grc' dir='ltr'>κατὰ</span> <span class='ocrx_word' id='word_1_233' title='bbox 664 1778 1168 1868; x_wconf 66' lang='grc' dir='ltr'>τὴνΝικομήδειαν</span> <span class='ocrx_word' id='word_1_234' title='bbox 1209 1800 1454 1868; x_wconf 82' lang='grc' dir='ltr'>γίνεται,</span> <span class='ocrx_word' id='word_1_235' title='bbox 1487 1798 1804 1863; x_wconf 71' lang='grc' dir='ltr'>κελευσθεὶς</span> <span class='ocrx_word' id='word_1_236' title='bbox 1845 1799 1901 1853; x_wconf 79' lang='grc' dir='ltr'>δὲ</span> 
     </span>
    </p>
   </div>
   <div class='ocr_carea' id='block_1_34' title="bbox 2016 1778 3581 1868">
    <p class='ocr_par' dir='ltr' id='par_1_34' title="bbox 2016 1794 3581 1867">
     <span class='ocr_line' id='line_1_34' title="bbox 2016 1794 3581 1867; baseline -0.003 -16"><span class='ocrx_word' id='word_1_237' title='bbox 2016 1806 2297 1859; x_wconf 72' lang='grc' dir='ltr'>ιυεεετειη,</span> <span class='ocrx_word' id='word_1_238' title='bbox 2331 1795 2686 1852; x_wconf 88' lang='lat' dir='ltr'><strong>Constantius</strong></span> <span class='ocrx_word' id='word_1_239' title='bbox 2724 1807 2808 1851; x_wconf 91' lang='lat' dir='ltr'><strong>est</strong></span> <span class='ocrx_word' id='word_1_240' title='bbox 2856 1795 3234 1867; x_wconf 87' lang='lat' dir='ltr'><strong>perturbatus.</strong></span> <span class='ocrx_word' id='word_1_241' title='bbox 3287 1794 3479 1863; x_wconf 80' lang='lat' dir='ltr'><strong>Itaque</strong></span> <span class='ocrx_word' id='word_1_242' title='bbox 3514 1810 3581 1847; x_wconf 75' lang='lat' dir='ltr'><strong>ex</strong></span> 
     </span>
    </p>
   </div>
   <div class='ocr_carea' id='block_1_35' title="bbox 323 1886 1902 1965">
    <p class='ocr_par' dir='ltr' id='par_1_35' title="bbox 323 1886 1902 1965">
     <span class='ocr_line' id='line_1_35' title="bbox 323 1886 1902 1965; baseline 0.006 -27"><span class='ocrx_word' id='word_1_243' title='bbox 323 1886 405 1954; x_wconf 84' lang='grc' dir='ltr'>μὴ</span> <span class='ocrx_word' id='word_1_244' title='bbox 456 1886 535 1957; x_wconf 81' lang='grc' dir='ltr'>τῷ</span> <span class='ocrx_word' id='word_1_245' title='bbox 584 1887 742 1959; x_wconf 79' lang='grc' dir='ltr'>Σύρῳ</span> <span class='ocrx_word' id='word_1_246' title='bbox 788 1894 1016 1963; x_wconf 76' lang='grc' dir='ltr'>σοφιστῇ</span> <span class='ocrx_word' id='word_1_247' title='bbox 1060 1892 1303 1964; x_wconf 67' lang='grc' dir='ltr'><strong>Λιϐινίῳ</strong></span> <span class='ocrx_word' id='word_1_248' title='bbox 1361 1893 1595 1965; x_wconf 74' lang='grc' dir='ltr'>φοιτᾷν·</span> <span class='ocrx_word' id='word_1_249' title='bbox 1647 1893 1769 1947; x_wconf 84' lang='grc' dir='ltr'>τότε</span> <span class='ocrx_word' id='word_1_250' title='bbox 1793 1892 1902 1963; x_wconf 80' lang='grc' dir='ltr'>γὰρ</span> 
     </span>
    </p>
   </div>
   <div class='ocr_carea' id='block_1_36' title="bbox 320 1980 1901 2056">
    <p class='ocr_par' dir='ltr' id='par_1_36' title="bbox 320 1980 1901 2056">
     <span class='ocr_line' id='line_1_36' title="bbox 320 1980 1901 2056; baseline 0.006 -25"><span class='ocrx_word' id='word_1_251' title='bbox 320 1980 537 2042; x_wconf 69' lang='grc' dir='ltr'>ἐκεῖνος</span> <span class='ocrx_word' id='word_1_252' title='bbox 570 1980 675 2035; x_wconf 72' lang='grc' dir='ltr'><strong>ὑπὸ</strong></span> <span class='ocrx_word' id='word_1_253' title='bbox 729 1982 844 2035; x_wconf 84' lang='grc' dir='ltr'><strong>τῶν</strong></span> <span class='ocrx_word' id='word_1_254' title='bbox 876 1983 1245 2053; x_wconf 78' lang='grc' dir='ltr'>παιδαγωγῶν</span> <span class='ocrx_word' id='word_1_255' title='bbox 1294 1986 1394 2056; x_wconf 83' lang='grc' dir='ltr'>τῆς</span> <span class='ocrx_word' id='word_1_256' title='bbox 1424 1986 1635 2048; x_wconf 81' lang='grc' dir='ltr'>πόλεως</span> <span class='ocrx_word' id='word_1_257' title='bbox 1666 1985 1901 2051; x_wconf 69' lang='grc' dir='ltr'>ἐλαθεὶς,</span> 
     </span>
    </p>
   </div>
   <div class='ocr_carea' id='block_1_37' title="bbox 320 2071 1906 2149">
    <p class='ocr_par' dir='ltr' id='par_1_37' title="bbox 320 2071 1906 2149">
     <span class='ocr_line' id='line_1_37' title="bbox 320 2071 1906 2149; baseline 0.004 -25"><span class='ocrx_word' id='word_1_258' title='bbox 320 2074 409 2135; x_wconf 79' lang='grc' dir='ltr'><strong>είς</strong></span> <span class='ocrx_word' id='word_1_259' title='bbox 435 2071 539 2143; x_wconf 78' lang='grc' dir='ltr'><strong>τὴν</strong></span> <span class='ocrx_word' id='word_1_260' title='bbox 572 2071 946 2144; x_wconf 79' lang='grc' dir='ltr'>Νικομήδειαν</span> <span class='ocrx_word' id='word_1_261' title='bbox 964 2076 1023 2128; x_wconf 81' lang='grc' dir='ltr'>τὸ</span> <span class='ocrx_word' id='word_1_262' title='bbox 1050 2076 1433 2131; x_wconf 80' lang='grc' dir='ltr'>διδασκαλεῖον</span> <span class='ocrx_word' id='word_1_263' title='bbox 1464 2079 1741 2149; x_wconf 74' lang='grc' dir='ltr'>ἐπήγνυτο</span> <span class='ocrx_word' id='word_1_264' title='bbox 1759 2093 1776 2110; x_wconf 81' lang='grc' dir='ltr'><strong>ο</strong></span> <span class='ocrx_word' id='word_1_265' title='bbox 1812 2078 1906 2131; x_wconf 74' lang='grc' dir='ltr'><strong>καὶ</strong></span> 
     </span>
    </p>
   </div>
   <div class='ocr_carea' id='block_1_38' title="bbox 322 2162 1905 2237">
    <p class='ocr_par' dir='ltr' id='par_1_38' title="bbox 322 2162 1905 2237">
     <span class='ocr_line' id='line_1_38' title="bbox 322 2162 1905 2237; baseline 0.003 -22"><span class='ocrx_word' id='word_1_266' title='bbox 322 2162 474 2217; x_wconf 79' lang='grc' dir='ltr'>κατὰ</span> <span class='ocrx_word' id='word_1_267' title='bbox 499 2163 610 2217; x_wconf 79' lang='grc' dir='ltr'>τῶν</span> <span class='ocrx_word' id='word_1_268' title='bbox 638 2166 1010 2235; x_wconf 77' lang='grc' dir='ltr'>παιδαγωγῶν</span> <span class='ocrx_word' id='word_1_269' title='bbox 1038 2167 1129 2221; x_wconf 78' lang='grc' dir='ltr'><strong>τὸν</strong></span> <span class='ocrx_word' id='word_1_270' title='bbox 1187 2168 1342 2237; x_wconf 80' lang='grc' dir='ltr'>χόλον</span> <span class='ocrx_word' id='word_1_271' title='bbox 1382 2170 1718 2234; x_wconf 74' lang='grc' dir='ltr'>ἐπιδεικνὺς,</span> <span class='ocrx_word' id='word_1_272' title='bbox 1750 2168 1905 2235; x_wconf 85' lang='grc' dir='ltr'>λόγον</span> 
     </span>
    </p>
   </div>
   <div class='ocr_carea' id='block_1_39' title="bbox 320 2253 1908 2333">
    <p class='ocr_par' dir='ltr' id='par_1_39' title="bbox 320 2253 1908 2333">
     <span class='ocr_line' id='line_1_39' title="bbox 320 2253 1908 2333; baseline 0.004 -26"><span class='ocrx_word' id='word_1_273' title='bbox 320 2253 570 2322; x_wconf 79' lang='grc' dir='ltr'>ἐξαίσιον</span> <span class='ocrx_word' id='word_1_274' title='bbox 596 2257 861 2328; x_wconf 69' lang='grc' dir='ltr'>ἔγραφεν.</span> <span class='ocrx_word' id='word_1_275' title='bbox 904 2259 1195 2323; x_wconf 76' lang='grc' dir='ltr'>Ἰουλιανὸς</span> <span class='ocrx_word' id='word_1_276' title='bbox 1217 2261 1294 2325; x_wconf 73' lang='grc' dir='ltr'>δὲ,</span> <span class='ocrx_word' id='word_1_277' title='bbox 1324 2262 1373 2314; x_wconf 86' lang='grc' dir='ltr'><strong>εί</strong></span> <span class='ocrx_word' id='word_1_278' title='bbox 1399 2264 1493 2314; x_wconf 74' lang='grc' dir='ltr'>καὶ</span> <span class='ocrx_word' id='word_1_279' title='bbox 1520 2261 1609 2316; x_wconf 72' lang='grc' dir='ltr'><strong>διὰ</strong></span> <span class='ocrx_word' id='word_1_280' title='bbox 1637 2263 1735 2332; x_wconf 80' lang='grc' dir='ltr'>τὴν</span> <span class='ocrx_word' id='word_1_281' title='bbox 1771 2261 1908 2333; x_wconf 83' lang='grc' dir='ltr'>θρη-</span> 
     </span>
    </p>
   </div>
   <div class='ocr_carea' id='block_1_40' title="bbox 322 2349 1906 2425">
    <p class='ocr_par' dir='ltr' id='par_1_40' title="bbox 322 2349 1906 2425">
     <span class='ocr_line' id='line_1_40' title="bbox 322 2349 1906 2425; baseline 0.005 -26"><span class='ocrx_word' id='word_1_282' title='bbox 322 2349 521 2401; x_wconf 86' lang='grc' dir='ltr'>σκείαν</span> <span class='ocrx_word' id='word_1_283' title='bbox 553 2351 757 2420; x_wconf 71' lang='grc' dir='ltr'>ἥκιστα</span> <span class='ocrx_word' id='word_1_284' title='bbox 789 2351 944 2422; x_wconf 84' lang='grc' dir='ltr'>παρὰ</span> <span class='ocrx_word' id='word_1_285' title='bbox 970 2352 1049 2424; x_wconf 84' lang='grc' dir='ltr'>τῷ</span> <span class='ocrx_word' id='word_1_286' title='bbox 1083 2353 1329 2425; x_wconf 72' lang='grc' dir='ltr'>Λιϐανίῳ</span> <span class='ocrx_word' id='word_1_287' title='bbox 1363 2355 1554 2425; x_wconf 76' lang='grc' dir='ltr'>φοιτᾷν</span> <span class='ocrx_word' id='word_1_288' title='bbox 1602 2354 1906 2421; x_wconf 75' lang='grc' dir='ltr'>ἐκελεύετο,</span> 
     </span>
    </p>
   </div>
   <div class='ocr_carea' id='block_1_41' title="bbox 319 2443 1906 2519">
    <p class='ocr_par' dir='ltr' id='par_1_41' title="bbox 319 2443 1906 2519">
     <span class='ocr_line' id='line_1_41' title="bbox 319 2443 1906 2519; baseline 0.005 -25"><span class='ocrx_word' id='word_1_289' title='bbox 319 2443 482 2512; x_wconf 82' lang='grc' dir='ltr'>ὅμως</span> <span class='ocrx_word' id='word_1_290' title='bbox 503 2444 584 2508; x_wconf 82' lang='grc' dir='ltr'><strong>είς</strong></span> <span class='ocrx_word' id='word_1_291' title='bbox 608 2446 780 2514; x_wconf 73' lang='grc' dir='ltr'>ἄκρον</span> <span class='ocrx_word' id='word_1_292' title='bbox 804 2445 973 2500; x_wconf 80' lang='grc' dir='ltr'>αὑτοῦ</span> <span class='ocrx_word' id='word_1_293' title='bbox 996 2450 1313 2514; x_wconf 79' lang='grc' dir='ltr'>συντακεὶς,</span> <span class='ocrx_word' id='word_1_294' title='bbox 1336 2448 1522 2519; x_wconf 81' lang='grc' dir='ltr'>κρύφα</span> <span class='ocrx_word' id='word_1_295' title='bbox 1550 2451 1675 2512; x_wconf 80' lang='grc' dir='ltr'>τοὺς</span> <span class='ocrx_word' id='word_1_296' title='bbox 1698 2449 1906 2503; x_wconf 79' lang='grc' dir='ltr'>ἐκείνου</span> 
     </span>
    </p>
   </div>
   <div class='ocr_carea' id='block_1_42' title="bbox 322 2531 1907 2609">
    <p class='ocr_par' dir='ltr' id='par_1_42' title="bbox 322 2531 1907 2609">
     <span class='ocr_line' id='line_1_42' title="bbox 322 2531 1907 2609; baseline 0.005 -26"><span class='ocrx_word' id='word_1_297' title='bbox 322 2531 524 2599; x_wconf 78' lang='grc' dir='ltr'>λόγους</span> <span class='ocrx_word' id='word_1_298' title='bbox 547 2532 821 2601; x_wconf 80' lang='grc' dir='ltr'>συνάγων,</span> <span class='ocrx_word' id='word_1_299' title='bbox 850 2534 1035 2590; x_wconf 77' lang='grc' dir='ltr'>πᾶσαν</span> <span class='ocrx_word' id='word_1_300' title='bbox 1081 2539 1322 2590; x_wconf 74' lang='grc' dir='ltr'>ἐποιεῖτο</span> <span class='ocrx_word' id='word_1_301' title='bbox 1373 2537 1613 2609; x_wconf 84' lang='grc' dir='ltr'>σπουδὴν</span> <span class='ocrx_word' id='word_1_302' title='bbox 1654 2540 1907 2609; x_wconf 77' lang='grc' dir='ltr'>ἐκμιμεῖ-</span> 
     </span>
    </p>
   </div>
   <div class='ocr_carea' id='block_1_43' title="bbox 323 2621 1910 2698">
    <p class='ocr_par' dir='ltr' id='par_1_43' title="bbox 323 2621 1910 2698">
     <span class='ocr_line' id='line_1_43' title="bbox 323 2621 1910 2698; baseline 0.004 -24"><span class='ocrx_word' id='word_1_303' title='bbox 323 2621 479 2676; x_wconf 83' lang='grc' dir='ltr'>σθαι.</span> <span class='ocrx_word' id='word_1_304' title='bbox 517 2622 610 2677; x_wconf 81' lang='grc' dir='ltr'>Ἐν</span> <span class='ocrx_word' id='word_1_305' title='bbox 634 2625 815 2695; x_wconf 86' lang='grc' dir='ltr'>τούτῳ</span> <span class='ocrx_word' id='word_1_306' title='bbox 838 2625 895 2679; x_wconf 69' lang='grc' dir='ltr'>δὲ</span> <span class='ocrx_word' id='word_1_307' title='bbox 938 2624 1186 2695; x_wconf 75' lang='grc' dir='ltr'>Μάξιμος</span> <span class='ocrx_word' id='word_1_308' title='bbox 1212 2629 1241 2681; x_wconf 83' lang='grc' dir='ltr'><strong>ὁ</strong></span> <span class='ocrx_word' id='word_1_309' title='bbox 1265 2622 1578 2698; x_wconf 78' lang='grc' dir='ltr'>φιλόσοφος,</span> <span class='ocrx_word' id='word_1_310' title='bbox 1615 2628 1714 2697; x_wconf 80' lang='grc' dir='ltr'><strong>οὐχ</strong></span> <span class='ocrx_word' id='word_1_311' title='bbox 1740 2630 1766 2681; x_wconf 86' lang='grc' dir='ltr'>ὁ</span> <span class='ocrx_word' id='word_1_312' title='bbox 1802 2628 1910 2680; x_wconf 86' lang='grc' dir='ltr'><strong>Βυ-</strong></span> 
     </span>
    </p>
   </div>
   <div class='ocr_carea' id='block_1_44' title="bbox 326 2713 1912 2790">
    <p class='ocr_par' dir='ltr' id='par_1_44' title="bbox 326 2713 1912 2790">
     <span class='ocr_line' id='line_1_44' title="bbox 326 2713 1912 2790; baseline 0.003 -23"><span class='ocrx_word' id='word_1_313' title='bbox 326 2713 573 2781; x_wconf 73' lang='grc' dir='ltr'>ζάντιος,</span> <span class='ocrx_word' id='word_1_314' title='bbox 607 2715 726 2768; x_wconf 79' lang='grc' dir='ltr'>ἀλλ’</span> <span class='ocrx_word' id='word_1_315' title='bbox 751 2716 809 2779; x_wconf 77' lang='grc' dir='ltr'>ὃς</span> <span class='ocrx_word' id='word_1_316' title='bbox 850 2717 1089 2787; x_wconf 81' lang='grc' dir='ltr'>Ἔφεσον</span> <span class='ocrx_word' id='word_1_317' title='bbox 1148 2717 1263 2790; x_wconf 77' lang='grc' dir='ltr'>εἶχε</span> <span class='ocrx_word' id='word_1_318' title='bbox 1298 2720 1557 2790; x_wconf 81' lang='grc' dir='ltr'>πατρίδα,</span> <span class='ocrx_word' id='word_1_319' title='bbox 1579 2720 1637 2774; x_wconf 80' lang='grc' dir='ltr'><strong>ὃν</strong></span> <span class='ocrx_word' id='word_1_320' title='bbox 1664 2722 1720 2784; x_wconf 82' lang='grc' dir='ltr'>ὲς</span> <span class='ocrx_word' id='word_1_321' title='bbox 1757 2719 1912 2775; x_wconf 81' lang='grc' dir='ltr'>ὓστε-</span> 
     </span>
    </p>
   </div>
   <div class='ocr_carea' id='block_1_45' title="bbox 332 2808 1913 2881">
    <p class='ocr_par' dir='ltr' id='par_1_45' title="bbox 332 2808 1913 2881">
     <span class='ocr_line' id='line_1_45' title="bbox 332 2808 1913 2881; baseline 0.006 -23"><span class='ocrx_word' id='word_1_322' title='bbox 332 2822 435 2878; x_wconf 85' lang='grc' dir='ltr'><strong>ρον</strong></span> <span class='ocrx_word' id='word_1_323' title='bbox 472 2808 871 2874; x_wconf 77' lang='grc' dir='ltr'>Οὐαλεντιανδς</span> <span class='ocrx_word' id='word_1_324' title='bbox 929 2813 1297 2881; x_wconf 77' lang='grc' dir='ltr'>μαγγανείαις</span> <span class='ocrx_word' id='word_1_325' title='bbox 1335 2813 1535 2868; x_wconf 77' lang='grc' dir='ltr'>ἁλόντα</span> <span class='ocrx_word' id='word_1_326' title='bbox 1571 2814 1772 2878; x_wconf 77' lang='grc' dir='ltr'>ἀνεῖλε,</span> <span class='ocrx_word' id='word_1_327' title='bbox 1824 2812 1913 2867; x_wconf 80' lang='grc' dir='ltr'><strong>διὰ</strong></span> 
     </span>
    </p>
   </div>
   <div class='ocr_carea' id='block_1_46' title="bbox 328 2896 1912 2973">
    <p class='ocr_par' dir='ltr' id='par_1_46' title="bbox 328 2896 1912 2973">
     <span class='ocr_line' id='line_1_46' title="bbox 328 2896 1912 2973; baseline 0.006 -27"><span class='ocrx_word' id='word_1_328' title='bbox 328 2896 529 2967; x_wconf 73' lang='grc' dir='ltr'>φήμην</span> <span class='ocrx_word' id='word_1_329' title='bbox 563 2896 858 2952; x_wconf 85' lang='grc' dir='ltr'>Ἰουλιανοῦ</span> <span class='ocrx_word' id='word_1_330' title='bbox 887 2900 1030 2954; x_wconf 80' lang='grc' dir='ltr'>κατὰ</span> <span class='ocrx_word' id='word_1_331' title='bbox 1057 2900 1156 2969; x_wconf 77' lang='grc' dir='ltr'>τὴν</span> <span class='ocrx_word' id='word_1_332' title='bbox 1188 2901 1561 2972; x_wconf 87' lang='grc' dir='ltr'>Νικομήδειαν</span> <span class='ocrx_word' id='word_1_333' title='bbox 1590 2903 1831 2973; x_wconf 77' lang='grc' dir='ltr'>ἔρχεται,</span> <span class='ocrx_word' id='word_1_334' title='bbox 1851 2897 1912 2958; x_wconf 77' lang='grc' dir='ltr'><strong>οὗ</strong></span> 
     </span>
    </p>
   </div>
   <div class='ocr_carea' id='block_1_47' title="bbox 324 2987 1913 3064">
    <p class='ocr_par' dir='ltr' id='par_1_47' title="bbox 324 2987 1913 3064">
     <span class='ocr_line' id='line_1_47' title="bbox 324 2987 1913 3064; baseline 0.004 -24"><span class='ocrx_word' id='word_1_335' title='bbox 324 2987 444 3040; x_wconf 80' lang='grc' dir='ltr'><strong>τῶν</strong></span> <span class='ocrx_word' id='word_1_336' title='bbox 474 2988 790 3058; x_wconf 78' lang='grc' dir='ltr'>φιλοσόφων</span> <span class='ocrx_word' id='word_1_337' title='bbox 823 2990 998 3060; x_wconf 83' lang='grc' dir='ltr'>λόγων</span> <span class='ocrx_word' id='word_1_338' title='bbox 1054 2993 1337 3064; x_wconf 80' lang='grc' dir='ltr'>ἀκροατὴς</span> <span class='ocrx_word' id='word_1_339' title='bbox 1378 2990 1645 3063; x_wconf 74' lang='grc' dir='ltr'>γεγονὼς,</span> <span class='ocrx_word' id='word_1_340' title='bbox 1697 2994 1913 3062; x_wconf 75' lang='grc' dir='ltr'>καὶτῆς</span> 
     </span>
    </p>
   </div>
   <div class='ocr_carea' id='block_1_48' title="bbox 327 3079 1910 3158">
    <p class='ocr_par' dir='ltr' id='par_1_48' title="bbox 327 3079 1910 3158">
     <span class='ocr_line' id='line_1_48' title="bbox 327 3079 1910 3158; baseline 0.004 -26"><span class='ocrx_word' id='word_1_341' title='bbox 327 3079 554 3134; x_wconf 65' lang='grc' dir='ltr'>ἐκείνου</span> <span class='ocrx_word' id='word_1_342' title='bbox 585 3081 888 3153; x_wconf 72' lang='grc' dir='ltr'>θρησκείας</span> <span class='ocrx_word' id='word_1_343' title='bbox 927 3084 1165 3155; x_wconf 64' lang='grc' dir='ltr'>ἐραστὴς</span> <span class='ocrx_word' id='word_1_344' title='bbox 1198 3084 1463 3155; x_wconf 84' lang='grc' dir='ltr'>διάπυρος</span> <span class='ocrx_word' id='word_1_345' title='bbox 1486 3084 1578 3158; x_wconf 77' lang='grc' dir='ltr'><strong>ἦν.</strong></span> <span class='ocrx_word' id='word_1_346' title='bbox 1602 3086 1834 3155; x_wconf 82' lang='grc' dir='ltr'>Λέγεται</span> <span class='ocrx_word' id='word_1_347' title='bbox 1864 3087 1910 3139; x_wconf 79' lang='grc' dir='ltr'>δ’</span> 
     </span>
    </p>
   </div>
   <div class='ocr_carea' id='block_1_49' title="bbox 328 3167 1913 3251">
    <p class='ocr_par' dir='ltr' id='par_1_49' title="bbox 328 3167 1913 3251">
     <span class='ocr_line' id='line_1_49' title="bbox 328 3167 1913 3251; baseline 0.005 -24"><span class='ocrx_word' id='word_1_348' title='bbox 328 3167 429 3227; x_wconf 83' lang='grc' dir='ltr'><strong>οὗν</strong></span> <span class='ocrx_word' id='word_1_349' title='bbox 461 3175 674 3229; x_wconf 62' lang='grc' dir='ltr'>ἐκεῖνον</span> <span class='ocrx_word' id='word_1_350' title='bbox 700 3179 796 3229; x_wconf 79' lang='grc' dir='ltr'>καὶ</span> <span class='ocrx_word' id='word_1_351' title='bbox 820 3178 901 3241; x_wconf 84' lang='grc' dir='ltr'><strong>είς</strong></span> <span class='ocrx_word' id='word_1_352' title='bbox 924 3177 1017 3232; x_wconf 78' lang='grc' dir='ltr'>τὸν</span> <span class='ocrx_word' id='word_1_353' title='bbox 1064 3177 1163 3249; x_wconf 82' lang='grc' dir='ltr'>τῆς</span> <span class='ocrx_word' id='word_1_354' title='bbox 1192 3179 1371 3250; x_wconf 74' lang='grc' dir='ltr'>ἀρχῆς</span> <span class='ocrx_word' id='word_1_355' title='bbox 1403 3178 1584 3249; x_wconf 77' lang='grc' dir='ltr'>ἔρωτα</span> <span class='ocrx_word' id='word_1_356' title='bbox 1614 3178 1913 3251; x_wconf 80' lang='grc' dir='ltr'>διερεθίσαι</span> 
     </span>
    </p>
   </div>
   <div class='ocr_carea' id='block_1_50' title="bbox 328 3265 1912 3345">
    <p class='ocr_par' dir='ltr' id='par_1_50' title="bbox 328 3265 1912 3345">
     <span class='ocr_line' id='line_1_50' title="bbox 328 3265 1912 3345; baseline 0.005 -26"><span class='ocrx_word' id='word_1_357' title='bbox 328 3265 526 3320; x_wconf 83' lang='grc' dir='ltr'>τοῦτον</span> <span class='ocrx_word' id='word_1_358' title='bbox 565 3266 627 3320; x_wconf 78' lang='grc' dir='ltr'>οὐ</span> <span class='ocrx_word' id='word_1_359' title='bbox 656 3269 880 3338; x_wconf 73' lang='grc' dir='ltr'>μέτρια,</span> <span class='ocrx_word' id='word_1_360' title='bbox 935 3272 1170 3343; x_wconf 77' lang='grc' dir='ltr'>μαντείᾳ</span> <span class='ocrx_word' id='word_1_361' title='bbox 1200 3272 1263 3325; x_wconf 82' lang='grc' dir='ltr'>τὸ</span> <span class='ocrx_word' id='word_1_362' title='bbox 1311 3271 1719 3344; x_wconf 76' lang='grc' dir='ltr'>θρυλλούμενον</span> <span class='ocrx_word' id='word_1_363' title='bbox 1771 3291 1912 3345; x_wconf 84' lang='grc' dir='ltr'>μυη-</span> 
     </span>
    </p>
   </div>
   <div class='ocr_carea' id='block_1_51' title="bbox 330 3360 1912 3436">
    <p class='ocr_par' dir='ltr' id='par_1_51' title="bbox 330 3360 1912 3436">
     <span class='ocr_line' id='line_1_51' title="bbox 330 3360 1912 3436; baseline 0.005 -23"><span class='ocrx_word' id='word_1_364' title='bbox 330 3360 523 3424; x_wconf 74' lang='grc' dir='ltr'>θέντα,</span> <span class='ocrx_word' id='word_1_365' title='bbox 578 3362 674 3416; x_wconf 78' lang='grc' dir='ltr'>καὶ</span> <span class='ocrx_word' id='word_1_366' title='bbox 729 3363 811 3425; x_wconf 90' lang='grc' dir='ltr'><strong>είς</strong></span> <span class='ocrx_word' id='word_1_367' title='bbox 855 3363 1013 3431; x_wconf 80' lang='grc' dir='ltr'>μῖσος</span> <span class='ocrx_word' id='word_1_368' title='bbox 1067 3365 1261 3419; x_wconf 65' lang='grc' dir='ltr'>ἱλάσαι</span> <span class='ocrx_word' id='word_1_369' title='bbox 1315 3365 1411 3420; x_wconf 83' lang='grc' dir='ltr'>τοῦ</span> <span class='ocrx_word' id='word_1_370' title='bbox 1448 3366 1912 3436; x_wconf 74' lang='grc' dir='ltr'>Χριστιανισμοῦ.</span> 
     </span>
    </p>
   </div>
   <div class='ocr_carea' id='block_1_52' title="bbox 345 3454 1917 3529">
    <p class='ocr_par' dir='ltr' id='par_1_52' title="bbox 345 3454 1917 3529">
     <span class='ocr_line' id='line_1_52' title="bbox 345 3454 1917 3529; baseline 0.004 -23"><span class='ocrx_word' id='word_1_371' title='bbox 345 3454 506 3508; x_wconf 77' lang='grc' dir='ltr'>Ἐπεὶ</span> <span class='ocrx_word' id='word_1_372' title='bbox 532 3454 592 3507; x_wconf 73' lang='grc' dir='ltr'><strong>δι</strong></span> <span class='ocrx_word' id='word_1_373' title='bbox 620 3455 794 3508; x_wconf 85' lang='grc' dir='ltr'>ταῦτα</span> <span class='ocrx_word' id='word_1_374' title='bbox 834 3455 1024 3510; x_wconf 72' lang='grc' dir='ltr'>λαθεῖν</span> <span class='ocrx_word' id='word_1_375' title='bbox 1054 3458 1155 3511; x_wconf 83' lang='grc' dir='ltr'>οὐκ</span> <span class='ocrx_word' id='word_1_376' title='bbox 1203 3454 1272 3529; x_wconf 79' lang='grc' dir='ltr'><strong>ἦν</strong></span> <span class='ocrx_word' id='word_1_377' title='bbox 1303 3459 1394 3510; x_wconf 71' lang='grc' dir='ltr'>τὸν</span> <span class='ocrx_word' id='word_1_378' title='bbox 1424 3458 1829 3524; x_wconf 78' lang='grc' dir='ltr'>Κωνστάντιον,</span> <span class='ocrx_word' id='word_1_379' title='bbox 1860 3459 1917 3512; x_wconf 69' lang='grc' dir='ltr'>ἐν</span> 
     </span>
    </p>
   </div>
   <div class='ocr_carea' id='block_1_53' title="bbox 333 3547 1918 3622">
    <p class='ocr_par' dir='ltr' id='par_1_53' title="bbox 333 3547 1918 3622">
     <span class='ocr_line' id='line_1_53' title="bbox 333 3547 1918 3622; baseline 0.005 -24"><span class='ocrx_word' id='word_1_380' title='bbox 333 3547 569 3617; x_wconf 74' lang='grc' dir='ltr'>ὑπονοίᾳ</span> <span class='ocrx_word' id='word_1_381' title='bbox 622 3547 915 3618; x_wconf 85' lang='grc' dir='ltr'>γενόμενος</span> <span class='ocrx_word' id='word_1_382' title='bbox 964 3549 1265 3622; x_wconf 81' lang='grc' dir='ltr'>δυσχερῶν,</span> <span class='ocrx_word' id='word_1_383' title='bbox 1294 3553 1390 3607; x_wconf 78' lang='grc' dir='ltr'>καὶ</span> <span class='ocrx_word' id='word_1_384' title='bbox 1425 3554 1543 3615; x_wconf 78' lang='grc' dir='ltr'>ταῖς</span> <span class='ocrx_word' id='word_1_385' title='bbox 1571 3551 1780 3616; x_wconf 88' lang='grc' dir='ltr'>αίσίαις</span> <span class='ocrx_word' id='word_1_386' title='bbox 1808 3551 1918 3606; x_wconf 86' lang='grc' dir='ltr'><strong>τῶν</strong></span> 
     </span>
    </p>
   </div>
   <div class='ocr_carea' id='block_1_54' title="bbox 337 3632 1918 3715">
    <p class='ocr_par' dir='ltr' id='par_1_54' title="bbox 337 3632 1918 3715">
     <span class='ocr_line' id='line_1_54' title="bbox 337 3632 1918 3715; baseline 0.004 -23"><span class='ocrx_word' id='word_1_387' title='bbox 337 3632 576 3693; x_wconf 74' lang='grc' dir='ltr'>ἐλπίδων</span> <span class='ocrx_word' id='word_1_388' title='bbox 609 3640 982 3710; x_wconf 81' lang='grc' dir='ltr'>βουκοληθεὶς,</span> <span class='ocrx_word' id='word_1_389' title='bbox 1027 3644 1096 3697; x_wconf 80' lang='grc' dir='ltr'>τὰ</span> <span class='ocrx_word' id='word_1_390' title='bbox 1144 3644 1395 3715; x_wconf 84' lang='grc' dir='ltr'>μοναχῶν</span> <span class='ocrx_word' id='word_1_391' title='bbox 1435 3644 1678 3714; x_wconf 79' lang='grc' dir='ltr'>ὑπῆλθεν</span> <span class='ocrx_word' id='word_1_392' title='bbox 1709 3646 1768 3698; x_wconf 80' lang='grc' dir='ltr'>ὲν</span> <span class='ocrx_word' id='word_1_393' title='bbox 1801 3643 1918 3713; x_wconf 84' lang='grc' dir='ltr'><strong>χρῷ</strong></span> 
     </span>
    </p>
   </div>
   <div class='ocr_carea' id='block_1_55' title="bbox 335 3732 1920 3807">
    <p class='ocr_par' dir='ltr' id='par_1_55' title="bbox 335 3732 1920 3807">
     <span class='ocr_line' id='line_1_55' title="bbox 335 3732 1920 3807; baseline 0.003 -21"><span class='ocrx_word' id='word_1_394' title='bbox 335 3732 673 3803; x_wconf 78' lang='grc' dir='ltr'>κειράμενος</span> <span class='ocrx_word' id='word_1_395' title='bbox 700 3750 714 3764; x_wconf 91' lang='grc'><strong>·</strong></span> <span class='ocrx_word' id='word_1_396' title='bbox 745 3736 841 3787; x_wconf 77' lang='grc' dir='ltr'>καὶ</span> <span class='ocrx_word' id='word_1_397' title='bbox 878 3734 938 3788; x_wconf 81' lang='grc' dir='ltr'><strong>ὃν</strong></span> <span class='ocrx_word' id='word_1_398' title='bbox 974 3737 1099 3799; x_wconf 78' lang='grc' dir='ltr'>ταῖς</span> <span class='ocrx_word' id='word_1_399' title='bbox 1126 3736 1408 3807; x_wconf 72' lang='grc' dir='ltr'>ἀληθείαις</span> <span class='ocrx_word' id='word_1_400' title='bbox 1452 3738 1720 3807; x_wconf 86' lang='grc' dir='ltr'>πρότερον</span> <span class='ocrx_word' id='word_1_401' title='bbox 1742 3736 1920 3806; x_wconf 73' lang='grc' dir='ltr'><strong>ἡσπά-</strong></span> 
     </span>
    </p>
   </div>
   <div class='ocr_carea' id='block_1_56' title="bbox 336 3825 1919 3901">
    <p class='ocr_par' dir='ltr' id='par_1_56' title="bbox 336 3825 1919 3901">
     <span class='ocr_line' id='line_1_56' title="bbox 336 3825 1919 3901; baseline 0.003 -23"><span class='ocrx_word' id='word_1_402' title='bbox 336 3825 464 3889; x_wconf 81' lang='grc' dir='ltr'>ζετο</span> <span class='ocrx_word' id='word_1_403' title='bbox 493 3825 948 3898; x_wconf 74' lang='grc' dir='ltr'>Χριστιανισμὺν,</span> <span class='ocrx_word' id='word_1_404' title='bbox 976 3828 1099 3883; x_wconf 79' lang='grc' dir='ltr'>τότε</span> <span class='ocrx_word' id='word_1_405' title='bbox 1132 3828 1387 3893; x_wconf 84' lang='grc' dir='ltr'>πλαστῶς</span> <span class='ocrx_word' id='word_1_406' title='bbox 1436 3826 1626 3901; x_wconf 73' lang='grc' dir='ltr'>μετῄει</span> <span class='ocrx_word' id='word_1_407' title='bbox 1651 3845 1666 3861; x_wconf 88' lang='grc'><strong>·</strong></span> <span class='ocrx_word' id='word_1_408' title='bbox 1699 3829 1795 3881; x_wconf 76' lang='grc' dir='ltr'>καὶ</span> <span class='ocrx_word' id='word_1_409' title='bbox 1822 3828 1919 3882; x_wconf 82' lang='grc' dir='ltr'><strong>λά·-</strong></span> 
     </span>
    </p>
   </div>
   <div class='ocr_carea' id='block_1_57' title="bbox 337 3917 1918 3993">
    <p class='ocr_par' dir='ltr' id='par_1_57' title="bbox 337 3917 1918 3993">
     <span class='ocr_line' id='line_1_57' title="bbox 337 3917 1918 3993; baseline 0.003 -24"><span class='ocrx_word' id='word_1_410' title='bbox 337 3917 445 3989; x_wconf 82' lang='grc' dir='ltr'><strong>θρα</strong></span> <span class='ocrx_word' id='word_1_411' title='bbox 468 3918 562 3972; x_wconf 78' lang='grc' dir='ltr'><strong>τὸν</strong></span> <span class='ocrx_word' id='word_1_412' title='bbox 588 3917 884 3989; x_wconf 78' lang='grc' dir='ltr'>φιλόσοφον</span> <span class='ocrx_word' id='word_1_413' title='bbox 916 3922 1141 3993; x_wconf 73' lang='grc' dir='ltr'>ἠσκεῖτο</span> <span class='ocrx_word' id='word_1_414' title='bbox 1172 3923 1331 3991; x_wconf 86' lang='grc' dir='ltr'>λόγον</span> <span class='ocrx_word' id='word_1_415' title='bbox 1353 3938 1368 3953; x_wconf 78' lang='grc' dir='ltr'><strong>ο</strong></span> <span class='ocrx_word' id='word_1_416' title='bbox 1396 3922 1473 3993; x_wconf 82' lang='grc' dir='ltr'>τῷ</span> <span class='ocrx_word' id='word_1_417' title='bbox 1502 3921 1562 3975; x_wconf 76' lang='grc' dir='ltr'>δὲ</span> <span class='ocrx_word' id='word_1_418' title='bbox 1602 3922 1918 3992; x_wconf 75' lang='grc' dir='ltr'>φαινομένῳ</span> 
     </span>
    </p>
   </div>
   <div class='ocr_carea' id='block_1_58' title="bbox 336 4010 1918 4085">
    <p class='ocr_par' dir='ltr' id='par_1_58' title="bbox 336 4010 1918 4085">
     <span class='ocr_line' id='line_1_58' title="bbox 336 4010 1918 4085; baseline 0 -20"><span class='ocrx_word' id='word_1_419' title='bbox 336 4013 432 4065; x_wconf 76' lang='grc' dir='ltr'>τὸν</span> <span class='ocrx_word' id='word_1_420' title='bbox 452 4011 550 4064; x_wconf 82' lang='grc' dir='ltr'>τοῦ</span> <span class='ocrx_word' id='word_1_421' title='bbox 574 4013 929 4080; x_wconf 75' lang='grc' dir='ltr'>ἀναγνώστου</span> <span class='ocrx_word' id='word_1_422' title='bbox 958 4010 1166 4085; x_wconf 74' lang='grc' dir='ltr'>βαθμὸν</span> <span class='ocrx_word' id='word_1_423' title='bbox 1193 4014 1463 4075; x_wconf 78' lang='grc' dir='ltr'>ὑπελθὼν,</span> <span class='ocrx_word' id='word_1_424' title='bbox 1493 4012 1563 4067; x_wconf 85' lang='grc' dir='ltr'><strong>τὰ</strong></span> <span class='ocrx_word' id='word_1_425' title='bbox 1586 4014 1709 4085; x_wconf 83' lang='grc' dir='ltr'>ἱερὰ</span> <span class='ocrx_word' id='word_1_426' title='bbox 1731 4011 1918 4083; x_wconf 83' lang='grc' dir='ltr'>Γράμ·</span> 
     </span>
    </p>
   </div>
   <div class='ocr_carea' id='block_1_59' title="bbox 340 4103 1917 4177">
    <p class='ocr_par' dir='ltr' id='par_1_59' title="bbox 340 4103 1917 4177">
     <span class='ocr_line' id='line_1_59' title="bbox 340 4103 1917 4177; baseline 0.001 -21"><span class='ocrx_word' id='word_1_427' title='bbox 340 4120 490 4169; x_wconf 82' lang='grc' dir='ltr'>ματα</span> <span class='ocrx_word' id='word_1_428' title='bbox 553 4104 959 4173; x_wconf 78' lang='grc' dir='ltr'>ἀνεγίνωσκεν·</span> <span class='ocrx_word' id='word_1_429' title='bbox 1016 4107 1267 4161; x_wconf 73' lang='grc' dir='ltr'>ἐντεῦθεν</span> <span class='ocrx_word' id='word_1_430' title='bbox 1314 4106 1415 4177; x_wconf 80' lang='grc' dir='ltr'><strong>τὴν</strong></span> <span class='ocrx_word' id='word_1_431' title='bbox 1469 4106 1590 4159; x_wconf 83' lang='grc' dir='ltr'>κατ’</span> <span class='ocrx_word' id='word_1_432' title='bbox 1626 4103 1791 4158; x_wconf 82' lang='grc' dir='ltr'>αὑτοῦ</span> <span class='ocrx_word' id='word_1_433' title='bbox 1821 4103 1917 4158; x_wconf 83' lang='grc' dir='ltr'>τοῦ</span> 
     </span>
    </p>
   </div>
   <div class='ocr_carea' id='block_1_60' title="bbox 336 4194 1920 4268">
    <p class='ocr_par' dir='ltr' id='par_1_60' title="bbox 336 4194 1920 4268">
     <span class='ocr_line' id='line_1_60' title="bbox 336 4194 1920 4268; baseline 0.001 -19"><span class='ocrx_word' id='word_1_434' title='bbox 336 4196 685 4268; x_wconf 80' lang='grc' dir='ltr'>κρατοῦντος</span> <span class='ocrx_word' id='word_1_435' title='bbox 764 4199 1113 4252; x_wconf 78' lang='grc' dir='ltr'>ἀναστέλλων</span> <span class='ocrx_word' id='word_1_436' title='bbox 1171 4199 1447 4255; x_wconf 83' lang='grc' dir='ltr'>ὑπόνοιαν.</span> <span class='ocrx_word' id='word_1_437' title='bbox 1523 4196 1680 4251; x_wconf 74' lang='grc' dir='ltr'>Ἐπεὶ</span> <span class='ocrx_word' id='word_1_438' title='bbox 1728 4196 1786 4251; x_wconf 82' lang='grc' dir='ltr'>δὲ</span> <span class='ocrx_word' id='word_1_439' title='bbox 1841 4194 1920 4268; x_wconf 83' lang='grc' dir='ltr'>τῷ</span> 
     </span>
    </p>
   </div>
   <div class='ocr_carea' id='block_1_61' title="bbox 337 4287 1918 4360">
    <p class='ocr_par' dir='ltr' id='par_1_61' title="bbox 337 4287 1918 4360">
     <span class='ocr_line' id='line_1_61' title="bbox 337 4287 1918 4360; baseline -0.001 -18"><span class='ocrx_word' id='word_1_440' title='bbox 337 4288 521 4359; x_wconf 82' lang='grc' dir='ltr'>χρόνῳ</span> <span class='ocrx_word' id='word_1_441' title='bbox 556 4289 824 4359; x_wconf 84' lang='grc' dir='ltr'>προῆκεν,</span> <span class='ocrx_word' id='word_1_442' title='bbox 855 4289 906 4341; x_wconf 86' lang='grc' dir='ltr'><strong>εί</strong></span> <span class='ocrx_word' id='word_1_443' title='bbox 936 4287 1156 4351; x_wconf 71' lang='grc' dir='ltr'>τίςὲστι</span> <span class='ocrx_word' id='word_1_444' title='bbox 1181 4290 1343 4360; x_wconf 82' lang='grc' dir='ltr'>τέχνη</span> <span class='ocrx_word' id='word_1_445' title='bbox 1369 4289 1429 4342; x_wconf 74' lang='grc' dir='ltr'>τὸ</span> <span class='ocrx_word' id='word_1_446' title='bbox 1466 4288 1663 4359; x_wconf 82' lang='grc' dir='ltr'>μέλλον</span> <span class='ocrx_word' id='word_1_447' title='bbox 1691 4289 1918 4341; x_wconf 78' lang='grc' dir='ltr'>ἐπιστα-</span> 
     </span>
    </p>
   </div>
   <div class='ocr_carea' id='block_1_62' title="bbox 344 4378 1921 4451">
    <p class='ocr_par' dir='ltr' id='par_1_62' title="bbox 344 4378 1921 4451">
     <span class='ocr_line' id='line_1_62' title="bbox 344 4378 1921 4451; baseline -0.001 -18"><span class='ocrx_word' id='word_1_448' title='bbox 344 4382 509 4451; x_wconf 78' lang='grc' dir='ltr'>μένη,</span> <span class='ocrx_word' id='word_1_449' title='bbox 562 4379 926 4451; x_wconf 80' lang='grc' dir='ltr'>διηρευνᾶτο·</span> <span class='ocrx_word' id='word_1_450' title='bbox 988 4380 1083 4434; x_wconf 74' lang='grc' dir='ltr'>καὶ</span> <span class='ocrx_word' id='word_1_451' title='bbox 1135 4381 1441 4449; x_wconf 84' lang='grc' dir='ltr'>ἀναγκαίαν</span> <span class='ocrx_word' id='word_1_452' title='bbox 1494 4378 1732 4434; x_wconf 73' lang='grc' dir='ltr'>ἐποιεῖτο</span> <span class='ocrx_word' id='word_1_453' title='bbox 1788 4380 1921 4451; x_wconf 78' lang='grc' dir='ltr'>περὶ</span> 
     </span>
    </p>
   </div>
   <div class='ocr_carea' id='block_1_63' title="bbox 340 4467 2000 4546">
    <p class='ocr_par' dir='ltr' id='par_1_63' title="bbox 340 4467 2000 4546">
     <span class='ocr_line' id='line_1_63' title="bbox 340 4467 2000 4546; baseline -0.002 -18"><span class='ocrx_word' id='word_1_454' title='bbox 340 4477 542 4530; x_wconf 87' lang='grc' dir='ltr'>τούτου</span> <span class='ocrx_word' id='word_1_455' title='bbox 566 4475 822 4546; x_wconf 79' lang='grc' dir='ltr'>σπουδήν.</span> <span class='ocrx_word' id='word_1_456' title='bbox 850 4476 950 4529; x_wconf 79' lang='grc' dir='ltr'><strong>Διά</strong></span> <span class='ocrx_word' id='word_1_457' title='bbox 981 4492 1062 4529; x_wconf 91' lang='grc' dir='ltr'><strong>τοι</strong></span> <span class='ocrx_word' id='word_1_458' title='bbox 1086 4474 1179 4528; x_wconf 65' lang='grc' dir='ltr'>καὶ</span> <span class='ocrx_word' id='word_1_459' title='bbox 1207 4473 1262 4528; x_wconf 80' lang='grc' dir='ltr'>ετ</span> <span class='ocrx_word' id='word_1_460' title='bbox 1283 4474 1388 4528; x_wconf 91' lang='grc' dir='ltr'><strong>πού</strong></span> <span class='ocrx_word' id='word_1_461' title='bbox 1423 4492 1547 4529; x_wconf 85' lang='grc' dir='ltr'>τινα</span> <span class='ocrx_word' id='word_1_462' title='bbox 1575 4472 1738 4543; x_wconf 78' lang='grc' dir='ltr'>ἔγνω,</span> <span class='ocrx_word' id='word_1_463' title='bbox 1766 4472 1922 4544; x_wconf 79' lang='grc' dir='ltr'>φίλον</span> <span class='ocrx_word' id='word_1_464' title='bbox 1955 4467 2000 4525; x_wconf 87' lang='lat' dir='ltr'><strong>D</strong></span> 
     </span>
    </p>
   </div>
   <div class='ocr_carea' id='block_1_64' title="bbox 344 4565 1921 4640">
    <p class='ocr_par' dir='ltr' id='par_1_64' title="bbox 344 4565 1921 4640">
     <span class='ocr_line' id='line_1_64' title="bbox 344 4565 1921 4640; baseline -0.003 -17"><span class='ocrx_word' id='word_1_465' title='bbox 344 4570 512 4633; x_wconf 77' lang='grc' dir='ltr'>εὐθὺς</span> <span class='ocrx_word' id='word_1_466' title='bbox 581 4572 838 4624; x_wconf 74' lang='grc' dir='ltr'>ἐποιεῖτο.</span> <span class='ocrx_word' id='word_1_467' title='bbox 904 4568 1119 4640; x_wconf 78' lang='grc' dir='ltr'>Ἠρέμα</span> <span class='ocrx_word' id='word_1_468' title='bbox 1171 4568 1229 4622; x_wconf 73' lang='grc' dir='ltr'><strong>δέ</strong></span> <span class='ocrx_word' id='word_1_469' title='bbox 1258 4584 1387 4629; x_wconf 78' lang='grc' dir='ltr'>,πως</span> <span class='ocrx_word' id='word_1_470' title='bbox 1429 4570 1526 4622; x_wconf 78' lang='grc' dir='ltr'>καὶ</span> <span class='ocrx_word' id='word_1_471' title='bbox 1565 4565 1780 4630; x_wconf 81' lang='grc' dir='ltr'>πολλοῖς</span> <span class='ocrx_word' id='word_1_472' title='bbox 1810 4566 1921 4620; x_wconf 84' lang='grc' dir='ltr'><strong>τῶν</strong></span> 
     </span>
    </p>
   </div>
   <div class='ocr_carea' id='block_1_65' title="bbox 344 4661 1921 4734">
    <p class='ocr_par' dir='ltr' id='par_1_65' title="bbox 344 4661 1921 4734">
     <span class='ocr_line' id='line_1_65' title="bbox 344 4661 1921 4734; baseline -0.003 -17"><span class='ocrx_word' id='word_1_473' title='bbox 344 4664 604 4734; x_wconf 73' lang='grc' dir='ltr'>ἑταίρων,</span> <span class='ocrx_word' id='word_1_474' title='bbox 643 4663 735 4716; x_wconf 80' lang='grc' dir='ltr'>τὸν</span> <span class='ocrx_word' id='word_1_475' title='bbox 769 4661 971 4715; x_wconf 82' lang='grc' dir='ltr'>σκοπὸν</span> <span class='ocrx_word' id='word_1_476' title='bbox 998 4661 1310 4715; x_wconf 77' lang='grc' dir='ltr'>ἐκοινοῦτο·</span> <span class='ocrx_word' id='word_1_477' title='bbox 1361 4664 1458 4717; x_wconf 77' lang='grc' dir='ltr'>καὶ</span> <span class='ocrx_word' id='word_1_478' title='bbox 1501 4661 1614 4714; x_wconf 84' lang='grc' dir='ltr'>τότ’</span> <span class='ocrx_word' id='word_1_479' title='bbox 1644 4661 1921 4715; x_wconf 74' lang='grc' dir='ltr'>ἐνευδοκι-</span> 
     </span>
    </p>
   </div>
   <div class='ocr_carea' id='block_1_66' title="bbox 346 4751 1923 4828">
    <p class='ocr_par' dir='ltr' id='par_1_66' title="bbox 346 4751 1923 4828">
     <span class='ocr_line' id='line_1_66' title="bbox 346 4751 1923 4828; baseline -0.004 -18"><span class='ocrx_word' id='word_1_480' title='bbox 346 4759 549 4828; x_wconf 83' lang='grc' dir='ltr'>μήσειν</span> <span class='ocrx_word' id='word_1_481' title='bbox 572 4756 673 4819; x_wconf 82' lang='grc' dir='ltr'>τὰς</span> <span class='ocrx_word' id='word_1_482' title='bbox 705 4755 892 4817; x_wconf 87' lang='grc' dir='ltr'>πόλεις</span> <span class='ocrx_word' id='word_1_483' title='bbox 915 4751 1225 4823; x_wconf 75' lang='grc' dir='ltr'>ὲφοίὸαζεν,</span> <span class='ocrx_word' id='word_1_484' title='bbox 1251 4751 1401 4823; x_wconf 76' lang='grc' dir='ltr'>ἡνίκ’</span> <span class='ocrx_word' id='word_1_485' title='bbox 1422 4752 1489 4807; x_wconf 85' lang='grc' dir='ltr'><strong>ἂν</strong></span> <span class='ocrx_word' id='word_1_486' title='bbox 1513 4753 1676 4816; x_wconf 83' lang='grc' dir='ltr'>αὐτὸς</span> <span class='ocrx_word' id='word_1_487' title='bbox 1700 4753 1792 4806; x_wconf 73' lang='grc' dir='ltr'><strong>ἐπὶ</strong></span> <span class='ocrx_word' id='word_1_488' title='bbox 1813 4754 1923 4806; x_wconf 87' lang='grc' dir='ltr'>τῶν</span> 
     </span>
    </p>
   </div>
   <div class='ocr_carea' id='block_1_67' title="bbox 342 4844 1926 4922">
    <p class='ocr_par' dir='ltr' id='par_1_67' title="bbox 342 4844 1926 4922">
     <span class='ocr_line' id='line_1_67' title="bbox 342 4844 1926 4922; baseline -0.004 -17"><span class='ocrx_word' id='word_1_489' title='bbox 342 4851 486 4905; x_wconf 79' lang='grc' dir='ltr'>ὅλων</span> <span class='ocrx_word' id='word_1_490' title='bbox 517 4848 583 4922; x_wconf 73' lang='grc' dir='ltr'>δὴ</span> <span class='ocrx_word' id='word_1_491' title='bbox 634 4844 967 4917; x_wconf 83' lang='grc' dir='ltr'>κατασταίη.</span> <span class='ocrx_word' id='word_1_492' title='bbox 1002 4846 1104 4900; x_wconf 82' lang='grc' dir='ltr'><strong>Διὰ</strong></span> <span class='ocrx_word' id='word_1_493' title='bbox 1130 4848 1290 4900; x_wconf 83' lang='grc' dir='ltr'>τοῦτο</span> <span class='ocrx_word' id='word_1_494' title='bbox 1321 4848 1419 4917; x_wconf 75' lang='grc' dir='ltr'>τὴν</span> <span class='ocrx_word' id='word_1_495' title='bbox 1468 4846 1818 4916; x_wconf 79' lang='grc' dir='ltr'>Νικομήδους</span> <span class='ocrx_word' id='word_1_496' title='bbox 1847 4846 1926 4899; x_wconf 87' lang='grc' dir='ltr'>λι-</span> 
     </span>
    </p>
   </div>
   <div class='ocr_carea' id='block_1_68' title="bbox 344 4933 1924 5009">
    <p class='ocr_par' dir='ltr' id='par_1_68' title="bbox 344 4933 1924 5009">
     <span class='ocr_line' id='line_1_68' title="bbox 344 4933 1924 5009; baseline -0.003 -12"><span class='ocrx_word' id='word_1_497' title='bbox 344 4941 489 5008; x_wconf 76' lang='grc' dir='ltr'>πὼν,</span> <span class='ocrx_word' id='word_1_498' title='bbox 529 4943 608 5004; x_wconf 84' lang='grc' dir='ltr'><strong>είς</strong></span> <span class='ocrx_word' id='word_1_499' title='bbox 638 4940 827 4993; x_wconf 67' lang='grc' dir='ltr'>’Λείαν</span> <span class='ocrx_word' id='word_1_500' title='bbox 846 4933 989 5009; x_wconf 78' lang='grc' dir='ltr'>εἶχεο</span> <span class='ocrx_word' id='word_1_501' title='bbox 1020 4938 1116 4993; x_wconf 75' lang='grc' dir='ltr'>καὶ</span> <span class='ocrx_word' id='word_1_502' title='bbox 1145 4940 1257 5002; x_wconf 80' lang='grc' dir='ltr'>τοῖς</span> <span class='ocrx_word' id='word_1_503' title='bbox 1280 4938 1546 5002; x_wconf 82' lang='grc' dir='ltr'>τοιούτοις</span> <span class='ocrx_word' id='word_1_504' title='bbox 1576 4940 1924 5008; x_wconf 87' lang='grc' dir='ltr'>συγγεγονὼς</span> 
     </span>
    </p>
   </div>
   <div class='ocr_carea' id='block_1_69' title="bbox 342 5030 1922 5111">
    <p class='ocr_par' dir='ltr' id='par_1_69' title="bbox 342 5030 1922 5111">
     <span class='ocr_line' id='line_1_69' title="bbox 342 5030 1922 5111; baseline -0.003 -20"><span class='ocrx_word' id='word_1_505' title='bbox 342 5037 459 5091; x_wconf 82' lang='grc' dir='ltr'>τῶν</span> <span class='ocrx_word' id='word_1_506' title='bbox 484 5030 715 5105; x_wconf 64' lang='grc' dir='ltr'>ἀνδρῶν,</span> <span class='ocrx_word' id='word_1_507' title='bbox 779 5033 981 5104; x_wconf 74' lang='grc' dir='ltr'>μᾶλλον</span> <span class='ocrx_word' id='word_1_508' title='bbox 1025 5034 1165 5111; x_wconf 83' lang='grc' dir='ltr'>πρὸς</span> <span class='ocrx_word' id='word_1_509' title='bbox 1216 5034 1446 5087; x_wconf 81' lang='grc' dir='ltr'>τοιαῦτα</span> <span class='ocrx_word' id='word_1_510' title='bbox 1473 5035 1781 5105; x_wconf 77' lang='grc' dir='ltr'>ὲπέῤῥωτο.</span> <span class='ocrx_word' id='word_1_511' title='bbox 1814 5032 1922 5087; x_wconf 81' lang='grc' dir='ltr'><strong>Τοῦ</strong></span> 
     </span>
    </p>
   </div>
   <div class='ocr_carea' id='block_1_70' title="bbox 343 5124 1921 5198">
    <p class='ocr_par' dir='ltr' id='par_1_70' title="bbox 343 5124 1921 5198">
     <span class='ocr_line' id='line_1_70' title="bbox 343 5124 1921 5198; baseline -0.003 -14"><span class='ocrx_word' id='word_1_512' title='bbox 343 5131 406 5185; x_wconf 79' lang='grc' dir='ltr'>δὲ</span> <span class='ocrx_word' id='word_1_513' title='bbox 431 5125 663 5196; x_wconf 77' lang='grc' dir='ltr'>ἀδελφοῦ</span> <span class='ocrx_word' id='word_1_514' title='bbox 699 5124 867 5179; x_wconf 78' lang='grc' dir='ltr'>αὑτοῦ</span> <span class='ocrx_word' id='word_1_515' title='bbox 916 5124 1124 5181; x_wconf 80' lang='grc' dir='ltr'>Γάλλου</span> <span class='ocrx_word' id='word_1_516' title='bbox 1170 5124 1449 5198; x_wconf 86' lang='grc' dir='ltr'>Καίσαρος</span> <span class='ocrx_word' id='word_1_517' title='bbox 1485 5126 1921 5196; x_wconf 77' lang='grc' dir='ltr'>ἀναδειχθέντος,</span> 
     </span>
    </p>
   </div>
   <div class='ocr_carea' id='block_1_71' title="bbox 342 5216 1923 5290">
    <p class='ocr_par' dir='ltr' id='par_1_71' title="bbox 342 5216 1923 5290">
     <span class='ocr_line' id='line_1_71' title="bbox 342 5216 1923 5290; baseline -0.006 -12"><span class='ocrx_word' id='word_1_518' title='bbox 342 5223 445 5278; x_wconf 75' lang='grc' dir='ltr'>καὶ</span> <span class='ocrx_word' id='word_1_519' title='bbox 476 5220 821 5290; x_wconf 78' lang='grc' dir='ltr'>νεωτερίζειν</span> <span class='ocrx_word' id='word_1_520' title='bbox 849 5217 1342 5287; x_wconf 84' lang='grc' dir='ltr'>καταγγελθέντος,</span> <span class='ocrx_word' id='word_1_521' title='bbox 1396 5221 1455 5272; x_wconf 69' lang='grc' dir='ltr'><strong>ιν</strong></span> <span class='ocrx_word' id='word_1_522' title='bbox 1490 5218 1770 5281; x_wconf 83' lang='grc' dir='ltr'>ὑπονοίαις</span> <span class='ocrx_word' id='word_1_523' title='bbox 1828 5216 1923 5269; x_wconf 75' lang='grc' dir='ltr'>καὶ</span> 
     </span>
    </p>
   </div>
   <div class='ocr_carea' id='block_1_72' title="bbox 341 5309 1926 5384">
    <p class='ocr_par' dir='ltr' id='par_1_72' title="bbox 341 5309 1926 5384">
     <span class='ocr_line' id='line_1_72' title="bbox 341 5309 1926 5384; baseline -0.003 -15"><span class='ocrx_word' id='word_1_524' title='bbox 341 5309 505 5378; x_wconf 75' lang='grc' dir='ltr'>οὗτος</span> <span class='ocrx_word' id='word_1_525' title='bbox 537 5312 833 5383; x_wconf 80' lang='grc' dir='ltr'>γενόμενος</span> <span class='ocrx_word' id='word_1_526' title='bbox 863 5314 937 5374; x_wconf 82' lang='grc' dir='ltr'>ὡς</span> <span class='ocrx_word' id='word_1_527' title='bbox 960 5312 1069 5383; x_wconf 80' lang='grc' dir='ltr'>ἄρα</span> <span class='ocrx_word' id='word_1_528' title='bbox 1107 5310 1382 5384; x_wconf 72' lang='grc' dir='ltr'>βασιλειᾷ,</span> <span class='ocrx_word' id='word_1_529' title='bbox 1412 5312 1518 5365; x_wconf 80' lang='grc' dir='ltr'><strong>ὑπὸ</strong></span> <span class='ocrx_word' id='word_1_530' title='bbox 1559 5312 1806 5382; x_wconf 79' lang='grc' dir='ltr'>φρουρὰν</span> <span class='ocrx_word' id='word_1_531' title='bbox 1832 5329 1926 5381; x_wconf 82' lang='grc' dir='ltr'><strong>τε-</strong></span> 
     </span>
    </p>
   </div>
   <div class='ocr_carea' id='block_1_73' title="bbox 342 5404 1923 5479">
    <p class='ocr_par' dir='ltr' id='par_1_73' title="bbox 342 5404 1923 5479">
     <span class='ocr_line' id='line_1_73' title="bbox 342 5404 1923 5479; baseline -0.013 -12"><span class='ocrx_word' id='word_1_532' title='bbox 342 5406 545 5478; x_wconf 82' lang='grc' dir='ltr'>γονὼς,</span> <span class='ocrx_word' id='word_1_533' title='bbox 571 5409 641 5479; x_wconf 75' lang='grc' dir='ltr'>τῇ</span> <span class='ocrx_word' id='word_1_534' title='bbox 666 5407 885 5476; x_wconf 79' lang='grc' dir='ltr'>γαμετῇ</span> <span class='ocrx_word' id='word_1_535' title='bbox 920 5404 1308 5460; x_wconf 78' lang='grc' dir='ltr'>Κωνσταντίου</span> <span class='ocrx_word' id='word_1_536' title='bbox 1340 5404 1580 5476; x_wconf 78' lang='grc' dir='ltr'>Εὐσεύίᾳ</span> <span class='ocrx_word' id='word_1_537' title='bbox 1610 5404 1753 5475; x_wconf 71' lang='grc' dir='ltr'><strong>μέσῃ</strong></span> <span class='ocrx_word' id='word_1_538' title='bbox 1782 5421 1923 5475; x_wconf 82' lang='grc' dir='ltr'>χρη-</span> 
     </span>
    </p>
   </div>
   <div class='ocr_carea' id='block_1_74' title="bbox 419 5564 1928 5640">
    <p class='ocr_par' dir='ltr' id='par_1_74' title="bbox 419 5564 1928 5640">
     <span class='ocr_line' id='line_1_74' title="bbox 419 5564 1928 5640; baseline -0.003 -17"><span class='ocrx_word' id='word_1_539' title='bbox 419 5567 501 5640; x_wconf 72' lang='lat'><strong>(2)</strong></span> <span class='ocrx_word' id='word_1_540' title='bbox 541 5567 757 5640; x_wconf 82' lang='lat' dir='ltr'><strong>Gallum</strong></span> <span class='ocrx_word' id='word_1_541' title='bbox 798 5568 856 5640; x_wconf 84' lang='lat' dir='ltr'><strong>in</strong></span> <span class='ocrx_word' id='word_1_542' title='bbox 902 5565 1078 5640; x_wconf 81' lang='lat' dir='ltr'><strong>lonia,</strong></span> <span class='ocrx_word' id='word_1_543' title='bbox 1131 5565 1355 5637; x_wconf 83' lang='lat' dir='ltr'><strong>Ephesi,</strong></span> <span class='ocrx_word' id='word_1_544' title='bbox 1404 5564 1495 5640; x_wconf 79' lang='lat' dir='ltr'><strong>ubi</strong></span> <span class='ocrx_word' id='word_1_545' title='bbox 1547 5564 1928 5640; x_wconf 75' lang='lat' dir='ltr'><strong>possessiones</strong></span> 
     </span>
    </p>
   </div>
   <div class='ocr_carea' id='block_1_75' title="bbox 346 5636 1922 5710">
    <p class='ocr_par' dir='ltr' id='par_1_75' title="bbox 346 5636 1922 5710">
     <span class='ocr_line' id='line_1_75' title="bbox 346 5636 1922 5710; baseline -0.003 -17"><span class='ocrx_word' id='word_1_546' title='bbox 346 5636 609 5710; x_wconf 78' lang='lat' dir='ltr'><strong>paternas</strong></span> <span class='ocrx_word' id='word_1_547' title='bbox 642 5639 866 5704; x_wconf 87' lang='lat' dir='ltr'><strong>habuit;</strong></span> <span class='ocrx_word' id='word_1_548' title='bbox 896 5636 1389 5710; x_wconf 80' lang='lat' dir='ltr'><strong>Julanumautem</strong></span> <span class='ocrx_word' id='word_1_549' title='bbox 1419 5636 1922 5710; x_wconf 77' lang='lat' dir='ltr'><strong>Constanttnopoli,</strong></span> 
     </span>
    </p>
   </div>
   <div class='ocr_carea' id='block_1_76' title="bbox 348 5706 1922 5776">
    <p class='ocr_par' dir='ltr' id='par_1_76' title="bbox 348 5706 1922 5776">
     <span class='ocr_line' id='line_1_76' title="bbox 348 5706 1922 5776; baseline -0.004 -14"><span class='ocrx_word' id='word_1_550' title='bbox 348 5706 456 5762; x_wconf 64' lang='lat' dir='ltr'><strong>sub</strong></span> <span class='ocrx_word' id='word_1_551' title='bbox 488 5709 768 5776; x_wconf 65' lang='lat' dir='ltr'><strong>magistris</strong></span> <span class='ocrx_word' id='word_1_552' title='bbox 801 5719 858 5763; x_wconf 85' lang='lat' dir='ltr'><strong>et</strong></span> <span class='ocrx_word' id='word_1_553' title='bbox 900 5707 1334 5776; x_wconf 62' lang='lat' dir='ltr'><strong>prmceptoribus</strong></span> <span class='ocrx_word' id='word_1_554' title='bbox 1365 5719 1659 5774; x_wconf 84' lang='lat' dir='ltr'><strong>utrumque</strong></span> <span class='ocrx_word' id='word_1_555' title='bbox 1698 5706 1922 5758; x_wconf 88' lang='lat' dir='ltr'><strong>doctum</strong></span> 
     </span>
    </p>
   </div>
   <div class='ocr_carea' id='block_1_77' title="bbox 353 5777 1923 5850">
    <p class='ocr_par' dir='ltr' id='par_1_77' title="bbox 353 5777 1923 5850">
     <span class='ocr_line' id='line_1_77' title="bbox 353 5777 1923 5850; baseline -0.003 -17"><span class='ocrx_word' id='word_1_556' title='bbox 353 5792 520 5850; x_wconf 84' lang='lat' dir='ltr'><strong>atque</strong></span> <span class='ocrx_word' id='word_1_557' title='bbox 550 5781 841 5836; x_wconf 83' lang='lat' dir='ltr'><strong>educatum</strong></span> <span class='ocrx_word' id='word_1_558' title='bbox 888 5796 1009 5835; x_wconf 82' lang='lat' dir='ltr'><strong>esse</strong></span> <span class='ocrx_word' id='word_1_559' title='bbox 1043 5779 1310 5834; x_wconf 86' lang='lat' dir='ltr'><strong>scribunt.</strong></span> <span class='ocrx_word' id='word_1_560' title='bbox 1347 5777 1625 5831; x_wconf 77' lang='lat' dir='ltr'><strong>Jultunum</strong></span> <span class='ocrx_word' id='word_1_561' title='bbox 1668 5777 1720 5829; x_wconf 91' lang='lat' dir='ltr'><strong>in</strong></span> <span class='ocrx_word' id='word_1_562' title='bbox 1755 5777 1923 5830; x_wconf 80' lang='lat' dir='ltr'><strong>lecto-</strong></span> 
     </span>
    </p>
   </div>
   <div class='ocr_carea' id='block_1_78' title="bbox 2006 1884 3580 1959">
    <p class='ocr_par' dir='ltr' id='par_1_78' title="bbox 2006 1884 3580 1959">
     <span class='ocr_line' id='line_1_78' title="bbox 2006 1884 3580 1959; baseline -0.003 -16"><span class='ocrx_word' id='word_1_563' title='bbox 2006 1890 2145 1944; x_wconf 88' lang='lat' dir='ltr'><strong>urbe</strong></span> <span class='ocrx_word' id='word_1_564' title='bbox 2194 1889 2430 1943; x_wconf 82' lang='lat' dir='ltr'><strong>maxima</strong></span> <span class='ocrx_word' id='word_1_565' title='bbox 2467 1889 2542 1959; x_wconf 81' lang='grc'><strong>(5)</strong></span> <span class='ocrx_word' id='word_1_566' title='bbox 2589 1884 2969 1943; x_wconf 86' lang='lat' dir='ltr'><strong>Nicomediam</strong></span> <span class='ocrx_word' id='word_1_567' title='bbox 3006 1886 3304 1940; x_wconf 89' lang='lat' dir='ltr'><strong>translatus</strong></span> <span class='ocrx_word' id='word_1_568' title='bbox 3332 1894 3453 1940; x_wconf 90' lang='lat' dir='ltr'><strong>est:</strong></span> <span class='ocrx_word' id='word_1_569' title='bbox 3489 1886 3580 1939; x_wconf 84' lang='lat' dir='ltr'><strong>ubi</strong></span> 
     </span>
    </p>
   </div>
   <div class='ocr_carea' id='block_1_79' title="bbox 2009 1979 3586 2052">
    <p class='ocr_par' dir='ltr' id='par_1_79' title="bbox 2009 1979 3586 2052">
     <span class='ocr_line' id='line_1_79' title="bbox 2009 1979 3586 2052; baseline -0.003 -17"><span class='ocrx_word' id='word_1_570' title='bbox 2009 1998 2077 2035; x_wconf 85' lang='lat' dir='ltr'><strong>ne</strong></span> <span class='ocrx_word' id='word_1_571' title='bbox 2110 1980 2177 2037; x_wconf 89' lang='lat' dir='ltr'><strong>ad</strong></span> <span class='ocrx_word' id='word_1_572' title='bbox 2237 1980 2533 2036; x_wconf 85' lang='lat' dir='ltr'><strong>Libanium</strong></span> <span class='ocrx_word' id='word_1_573' title='bbox 2591 1981 2790 2052; x_wconf 87' lang='lat' dir='ltr'><strong>Syrum</strong></span> <span class='ocrx_word' id='word_1_574' title='bbox 2848 1979 3151 2051; x_wconf 86' lang='lat' dir='ltr'><strong>50phistatn</strong></span> <span class='ocrx_word' id='word_1_575' title='bbox 3196 1982 3324 2044; x_wconf 88' lang='lat' dir='ltr'><strong>iret,</strong></span> <span class='ocrx_word' id='word_1_576' title='bbox 3383 1979 3436 2035; x_wconf 89' lang='lat' dir='ltr'><strong>ei</strong></span> <span class='ocrx_word' id='word_1_577' title='bbox 3500 1988 3586 2033; x_wconf 87' lang='lat' dir='ltr'><strong>est</strong></span> 
     </span>
    </p>
   </div>
   <div class='ocr_carea' id='block_1_80' title="bbox 2006 2071 3586 2143">
    <p class='ocr_par' dir='ltr' id='par_1_80' title="bbox 2006 2071 3586 2143">
     <span class='ocr_line' id='line_1_80' title="bbox 2006 2071 3586 2143; baseline -0.001 -17"><span class='ocrx_word' id='word_1_578' title='bbox 2006 2072 2392 2128; x_wconf 85' lang='lat' dir='ltr'><strong>interdictum.</strong></span> <span class='ocrx_word' id='word_1_579' title='bbox 2429 2073 2505 2127; x_wconf 85' lang='lat' dir='ltr'><strong>Eo</strong></span> <span class='ocrx_word' id='word_1_580' title='bbox 2532 2071 2681 2127; x_wconf 89' lang='lat' dir='ltr'><strong>enim</strong></span> <span class='ocrx_word' id='word_1_581' title='bbox 2716 2082 2970 2143; x_wconf 90' lang='lat' dir='ltr'><strong>tempore</strong></span> <span class='ocrx_word' id='word_1_582' title='bbox 3018 2088 3049 2127; x_wconf 87' lang='lat' dir='ltr'><strong>a</strong></span> <span class='ocrx_word' id='word_1_583' title='bbox 3103 2073 3412 2143; x_wconf 69' lang='lat' dir='ltr'><strong>ptrdagogis</strong></span> <span class='ocrx_word' id='word_1_584' title='bbox 3449 2072 3586 2126; x_wconf 84' lang='lat' dir='ltr'><strong>urbe</strong></span> 
     </span>
    </p>
   </div>
   <div class='ocr_carea' id='block_1_81' title="bbox 2005 2154 3589 2236">
    <p class='ocr_par' dir='ltr' id='par_1_81' title="bbox 2005 2154 3589 2236">
     <span class='ocr_line' id='line_1_81' title="bbox 2005 2154 3589 2236; baseline -0.003 -14"><span class='ocrx_word' id='word_1_585' title='bbox 2005 2166 2619 2236; x_wconf 83' lang='lat' dir='ltr'><strong>Constantinopolitana</strong></span> <span class='ocrx_word' id='word_1_586' title='bbox 2653 2164 2915 2236; x_wconf 84' lang='lat' dir='ltr'><strong>expulsus</strong></span> <span class='ocrx_word' id='word_1_587' title='bbox 2948 2166 3063 2228; x_wconf 88' lang='lat' dir='ltr'><strong>ille,</strong></span> <span class='ocrx_word' id='word_1_588' title='bbox 3107 2154 3447 2220; x_wconf 71' lang='lat' dir='ltr'><strong>Nicomediae</strong></span> <span class='ocrx_word' id='word_1_589' title='bbox 3501 2164 3589 2218; x_wconf 83' lang='lat' dir='ltr'><strong>lu-</strong></span> 
     </span>
    </p>
   </div>
   <div class='ocr_carea' id='block_1_82' title="bbox 2006 2254 3590 2331">
    <p class='ocr_par' dir='ltr' id='par_1_82' title="bbox 2006 2254 3590 2331">
     <span class='ocr_line' id='line_1_82' title="bbox 2006 2254 3590 2331; baseline -0.003 -17"><span class='ocrx_word' id='word_1_590' title='bbox 2006 2259 2137 2314; x_wconf 87' lang='lat' dir='ltr'><strong>dum</strong></span> <span class='ocrx_word' id='word_1_591' title='bbox 2157 2268 2468 2331; x_wconf 87' lang='lat' dir='ltr'><strong>aperuerat,</strong></span> <span class='ocrx_word' id='word_1_592' title='bbox 2495 2259 2587 2313; x_wconf 88' lang='lat' dir='ltr'><strong>ubi</strong></span> <span class='ocrx_word' id='word_1_593' title='bbox 2613 2254 2882 2314; x_wconf 85' lang='lat' dir='ltr'><strong>adversus</strong></span> <span class='ocrx_word' id='word_1_594' title='bbox 2899 2258 3220 2329; x_wconf 62' lang='lat' dir='ltr'><strong>paedagogos</strong></span> <span class='ocrx_word' id='word_1_595' title='bbox 3237 2259 3590 2313; x_wconf 85' lang='lat' dir='ltr'><strong>stomachum</strong></span> 
     </span>
    </p>
   </div>
   <div class='ocr_carea' id='block_1_83' title="bbox 2008 2351 3587 2420">
    <p class='ocr_par' dir='ltr' id='par_1_83' title="bbox 2008 2351 3587 2420">
     <span class='ocr_line' id='line_1_83' title="bbox 2008 2351 3587 2420; baseline -0.003 -13"><span class='ocrx_word' id='word_1_596' title='bbox 2008 2353 2333 2417; x_wconf 86' lang='lat' dir='ltr'><strong>ostendens,</strong></span> <span class='ocrx_word' id='word_1_597' title='bbox 2368 2353 2679 2407; x_wconf 87' lang='lat' dir='ltr'><strong>orationem</strong></span> <span class='ocrx_word' id='word_1_598' title='bbox 2732 2360 2926 2405; x_wconf 88' lang='lat' dir='ltr'><strong>contra</strong></span> <span class='ocrx_word' id='word_1_599' title='bbox 2959 2367 3056 2406; x_wconf 90' lang='lat' dir='ltr'><strong>eos</strong></span> <span class='ocrx_word' id='word_1_600' title='bbox 3089 2351 3413 2420; x_wconf 61' lang='lat' dir='ltr'><strong>praeclaram</strong></span> <span class='ocrx_word' id='word_1_601' title='bbox 3445 2368 3587 2404; x_wconf 79' lang='lat' dir='ltr'><strong>con-</strong></span> 
     </span>
    </p>
   </div>
   <div class='ocr_carea' id='block_1_84' title="bbox 2010 2444 3589 2516">
    <p class='ocr_par' dir='ltr' id='par_1_84' title="bbox 2010 2444 3589 2516">
     <span class='ocr_line' id='line_1_84' title="bbox 2010 2444 3589 2516; baseline -0.001 -17"><span class='ocrx_word' id='word_1_602' title='bbox 2010 2444 2254 2516; x_wconf 73' lang='lat' dir='ltr'><strong>scripsit.</strong></span> <span class='ocrx_word' id='word_1_603' title='bbox 2279 2445 2536 2501; x_wconf 74' lang='lat' dir='ltr'><strong>Julianus</strong></span> <span class='ocrx_word' id='word_1_604' title='bbox 2560 2460 2708 2507; x_wconf 91' lang='lat' dir='ltr'><strong>cum,</strong></span> <span class='ocrx_word' id='word_1_605' title='bbox 2737 2454 2963 2513; x_wconf 85' lang='lat' dir='ltr'><strong>propter</strong></span> <span class='ocrx_word' id='word_1_606' title='bbox 2989 2445 3337 2514; x_wconf 80' lang='lat' dir='ltr'><strong>religionem,</strong></span> <span class='ocrx_word' id='word_1_607' title='bbox 3363 2444 3589 2499; x_wconf 68' lang='lat' dir='ltr'><strong>Libanii</strong></span> 
     </span>
    </p>
   </div>
   <div class='ocr_carea' id='block_1_85' title="bbox 2010 2535 3588 2607">
    <p class='ocr_par' dir='ltr' id='par_1_85' title="bbox 2010 2535 3588 2607">
     <span class='ocr_line' id='line_1_85' title="bbox 2010 2535 3588 2607; baseline -0.002 -15"><span class='ocrx_word' id='word_1_608' title='bbox 2010 2535 2470 2592; x_wconf 88' lang='lat' dir='ltr'><strong>consuetudinem</strong></span> <span class='ocrx_word' id='word_1_609' title='bbox 2500 2535 2689 2606; x_wconf 77' lang='lat' dir='ltr'><strong>lugere</strong></span> <span class='ocrx_word' id='word_1_610' title='bbox 2738 2536 2927 2607; x_wconf 86' lang='lat' dir='ltr'><strong>jussus</strong></span> <span class='ocrx_word' id='word_1_611' title='bbox 2954 2535 3170 2599; x_wconf 83' lang='lat' dir='ltr'><strong>fuisset,</strong></span> <span class='ocrx_word' id='word_1_612' title='bbox 3227 2535 3373 2604; x_wconf 89' lang='lat' dir='ltr'><strong>quod</strong></span> <span class='ocrx_word' id='word_1_613' title='bbox 3406 2546 3588 2589; x_wconf 82' lang='lat' dir='ltr'><strong>tamen</strong></span> 
     </span>
    </p>
   </div>
   <div class='ocr_carea' id='block_1_86' title="bbox 2011 2625 3591 2696">
    <p class='ocr_par' dir='ltr' id='par_1_86' title="bbox 2011 2625 3591 2696">
     <span class='ocr_line' id='line_1_86' title="bbox 2011 2625 3591 2696; baseline -0.003 -14"><span class='ocrx_word' id='word_1_614' title='bbox 2011 2642 2228 2682; x_wconf 86' lang='lat' dir='ltr'><strong>summo</strong></span> <span class='ocrx_word' id='word_1_615' title='bbox 2259 2627 2308 2681; x_wconf 83' lang='lat' dir='ltr'><strong>ei</strong></span> <span class='ocrx_word' id='word_1_616' title='bbox 2347 2626 2517 2682; x_wconf 88' lang='lat' dir='ltr'><strong>animi</strong></span> <span class='ocrx_word' id='word_1_617' title='bbox 2576 2625 2958 2681; x_wconf 81' lang='lat' dir='ltr'><strong>benevolentia</strong></span> <span class='ocrx_word' id='word_1_618' title='bbox 3032 2626 3361 2696; x_wconf 88' lang='lat' dir='ltr'><strong>conjunctus</strong></span> <span class='ocrx_word' id='word_1_619' title='bbox 3419 2639 3591 2695; x_wconf 83' lang='lat' dir='ltr'><strong>esset,</strong></span> 
     </span>
    </p>
   </div>
   <div class='ocr_carea' id='block_1_87' title="bbox 2011 2718 3594 2791">
    <p class='ocr_par' dir='ltr' id='par_1_87' title="bbox 2011 2718 3594 2791">
     <span class='ocr_line' id='line_1_87' title="bbox 2011 2718 3594 2791; baseline -0.004 -15"><span class='ocrx_word' id='word_1_620' title='bbox 2011 2721 2149 2776; x_wconf 89' lang='lat' dir='ltr'><strong>clam</strong></span> <span class='ocrx_word' id='word_1_621' title='bbox 2182 2720 2355 2774; x_wconf 91' lang='lat' dir='ltr'><strong>libros</strong></span> <span class='ocrx_word' id='word_1_622' title='bbox 2374 2719 2496 2791; x_wconf 88' lang='lat' dir='ltr'><strong>ejus</strong></span> <span class='ocrx_word' id='word_1_623' title='bbox 2523 2719 2884 2788; x_wconf 73' lang='lat' dir='ltr'><strong>comparavit,</strong></span> <span class='ocrx_word' id='word_1_624' title='bbox 2915 2733 3120 2788; x_wconf 89' lang='lat' dir='ltr'><strong>eosque</strong></span> <span class='ocrx_word' id='word_1_625' title='bbox 3148 2719 3443 2789; x_wconf 65' lang='lat' dir='ltr'><strong>diligenter</strong></span> <span class='ocrx_word' id='word_1_626' title='bbox 3470 2718 3594 2772; x_wconf 90' lang='lat' dir='ltr'><strong>imi-</strong></span> 
     </span>
    </p>
   </div>
   <div class='ocr_carea' id='block_1_88' title="bbox 2016 2811 3591 2880">
    <p class='ocr_par' dir='ltr' id='par_1_88' title="bbox 2016 2811 3591 2880">
     <span class='ocr_line' id='line_1_88' title="bbox 2016 2811 3591 2880; baseline -0.003 -11"><span class='ocrx_word' id='word_1_627' title='bbox 2016 2813 2120 2869; x_wconf 86' lang='lat' dir='ltr'><strong>tari</strong></span> <span class='ocrx_word' id='word_1_628' title='bbox 2154 2812 2390 2868; x_wconf 88' lang='lat' dir='ltr'><strong>studuit.</strong></span> <span class='ocrx_word' id='word_1_629' title='bbox 2446 2813 2658 2867; x_wconf 88' lang='lat' dir='ltr'><strong>Interea</strong></span> <span class='ocrx_word' id='word_1_630' title='bbox 2702 2811 2970 2866; x_wconf 77' lang='lat' dir='ltr'><strong>Maximus</strong></span> <span class='ocrx_word' id='word_1_631' title='bbox 3029 2812 3417 2880; x_wconf 87' lang='lat' dir='ltr'><strong>philosophus,</strong></span> <span class='ocrx_word' id='word_1_632' title='bbox 3481 2827 3591 2865; x_wconf 89' lang='lat' dir='ltr'><strong>non</strong></span> 
     </span>
    </p>
   </div>
   <div class='ocr_carea' id='block_1_89' title="bbox 2015 2904 3592 2979">
    <p class='ocr_par' dir='ltr' id='par_1_89' title="bbox 2015 2904 3592 2979">
     <span class='ocr_line' id='line_1_89' title="bbox 2015 2904 3592 2979; baseline -0.003 -17"><span class='ocrx_word' id='word_1_633' title='bbox 2015 2909 2307 2979; x_wconf 76' lang='lat' dir='ltr'><strong>Byzantius</strong></span> <span class='ocrx_word' id='word_1_634' title='bbox 2333 2906 2444 2970; x_wconf 87' lang='lat' dir='ltr'><strong>ille,</strong></span> <span class='ocrx_word' id='word_1_635' title='bbox 2474 2906 2531 2977; x_wconf 77' lang='lat'><strong>8</strong></span> <span class='ocrx_word' id='word_1_636' title='bbox 2560 2905 2657 2960; x_wconf 88' lang='lat' dir='ltr'><strong>sed</strong></span> <span class='ocrx_word' id='word_1_637' title='bbox 2686 2905 2780 2975; x_wconf 87' lang='lat' dir='ltr'><strong>qui</strong></span> <span class='ocrx_word' id='word_1_638' title='bbox 2812 2905 3090 2974; x_wconf 86' lang='lat' dir='ltr'><strong>Ephesum</strong></span> <span class='ocrx_word' id='word_1_639' title='bbox 3116 2905 3345 2973; x_wconf 87' lang='lat' dir='ltr'><strong>patriam</strong></span> <span class='ocrx_word' id='word_1_640' title='bbox 3374 2904 3592 2969; x_wconf 86' lang='lat' dir='ltr'><strong>habuit,</strong></span> 
     </span>
    </p>
   </div>
   <div class='ocr_carea' id='block_1_90' title="bbox 2014 2995 3594 3066">
    <p class='ocr_par' dir='ltr' id='par_1_90' title="bbox 2014 2995 3594 3066">
     <span class='ocr_line' id='line_1_90' title="bbox 2014 2995 3594 3066; baseline -0.004 -13"><span class='ocrx_word' id='word_1_641' title='bbox 2014 3008 2065 3053; x_wconf 91' lang='lat' dir='ltr'><strong>et</strong></span> <span class='ocrx_word' id='word_1_642' title='bbox 2100 3007 2290 3066; x_wconf 83' lang='lat' dir='ltr'><strong>postea</strong></span> <span class='ocrx_word' id='word_1_643' title='bbox 2318 3013 2348 3051; x_wconf 86' lang='lat' dir='ltr'><strong>a</strong></span> <span class='ocrx_word' id='word_1_644' title='bbox 2375 2996 2767 3051; x_wconf 81' lang='lat' dir='ltr'><strong>Valentiniano</strong></span> <span class='ocrx_word' id='word_1_645' title='bbox 2790 2997 3120 3066; x_wconf 81' lang='lat' dir='ltr'><strong>magicarum</strong></span> <span class='ocrx_word' id='word_1_646' title='bbox 3158 2995 3594 3065; x_wconf 87' lang='lat' dir='ltr'><strong>imposturarum</strong></span> 
     </span>
    </p>
   </div>
   <div class='ocr_carea' id='block_1_91' title="bbox 1941 3088 3597 3177">
    <p class='ocr_par' dir='ltr' id='par_1_91' title="bbox 1941 3088 3597 3177">
     <span class='ocr_line' id='line_1_91' title="bbox 1941 3088 3597 3177; baseline -0.002 -34"><span class='ocrx_word' id='word_1_647' title='bbox 1941 3122 1982 3177; x_wconf 64' lang='grc' dir='ltr'><strong><em>ε</em></strong></span> <span class='ocrx_word' id='word_1_648' title='bbox 2018 3090 2323 3155; x_wconf 81' lang='lat' dir='ltr'><strong>convictus,</strong></span> <span class='ocrx_word' id='word_1_649' title='bbox 2347 3105 2523 3144; x_wconf 66' lang='lat' dir='ltr'><strong>caesus</strong></span> <span class='ocrx_word' id='word_1_650' title='bbox 2550 3099 2654 3155; x_wconf 90' lang='lat' dir='ltr'><strong>est,</strong></span> <span class='ocrx_word' id='word_1_651' title='bbox 2687 3088 2890 3144; x_wconf 82' lang='lat' dir='ltr'><strong>Juliani</strong></span> <span class='ocrx_word' id='word_1_652' title='bbox 2935 3089 3080 3143; x_wconf 85' lang='lat' dir='ltr'><strong>lama</strong></span> <span class='ocrx_word' id='word_1_653' title='bbox 3105 3098 3389 3160; x_wconf 82' lang='lat' dir='ltr'><strong>permotus</strong></span> <span class='ocrx_word' id='word_1_654' title='bbox 3433 3088 3597 3142; x_wconf 87' lang='lat' dir='ltr'><strong>Nico-</strong></span> 
     </span>
    </p>
   </div>
   <div class='ocr_carea' id='block_1_92' title="bbox 2021 3180 3588 3252">
    <p class='ocr_par' dir='ltr' id='par_1_92' title="bbox 2021 3180 3588 3252">
     <span class='ocr_line' id='line_1_92' title="bbox 2021 3180 3588 3252; baseline -0.003 -17"><span class='ocrx_word' id='word_1_655' title='bbox 2021 3181 2255 3237; x_wconf 84' lang='lat' dir='ltr'><strong>mediam</strong></span> <span class='ocrx_word' id='word_1_656' title='bbox 2288 3183 2478 3237; x_wconf 87' lang='lat' dir='ltr'><strong>venit:</strong></span> <span class='ocrx_word' id='word_1_657' title='bbox 2514 3182 2673 3252; x_wconf 85' lang='lat' dir='ltr'><strong>cujus</strong></span> <span class='ocrx_word' id='word_1_658' title='bbox 2700 3197 2825 3236; x_wconf 87' lang='lat' dir='ltr'><strong>cum</strong></span> <span class='ocrx_word' id='word_1_659' title='bbox 2864 3183 2917 3236; x_wconf 93' lang='lat' dir='ltr'><strong>in</strong></span> <span class='ocrx_word' id='word_1_660' title='bbox 2956 3180 3308 3252; x_wconf 84' lang='lat' dir='ltr'><strong>philosophia</strong></span> <span class='ocrx_word' id='word_1_661' title='bbox 3344 3180 3588 3238; x_wconf 86' lang='lat' dir='ltr'><strong>auditor.</strong></span> 
     </span>
    </p>
   </div>
   <div class='ocr_carea' id='block_1_93' title="bbox 2020 3274 3598 3343">
    <p class='ocr_par' dir='ltr' id='par_1_93' title="bbox 2020 3274 3598 3343">
     <span class='ocr_line' id='line_1_93' title="bbox 2020 3274 3598 3343; baseline -0.003 -15"><span class='ocrx_word' id='word_1_662' title='bbox 2020 3286 2132 3328; x_wconf 92' lang='lat' dir='ltr'><strong>tum</strong></span> <span class='ocrx_word' id='word_1_663' title='bbox 2170 3277 2335 3329; x_wconf 83' lang='lat' dir='ltr'><strong>etiam</strong></span> <span class='ocrx_word' id='word_1_664' title='bbox 2370 3274 2426 3328; x_wconf 91' lang='lat' dir='ltr'><strong>in</strong></span> <span class='ocrx_word' id='word_1_665' title='bbox 2461 3274 2859 3343; x_wconf 86' lang='lat' dir='ltr'><strong>superstitione</strong></span> <span class='ocrx_word' id='word_1_666' title='bbox 2905 3274 3152 3328; x_wconf 87' lang='lat' dir='ltr'><strong>imitator</strong></span> <span class='ocrx_word' id='word_1_667' title='bbox 3183 3283 3353 3343; x_wconf 82' lang='lat' dir='ltr'><strong>atque</strong></span> <span class='ocrx_word' id='word_1_668' title='bbox 3384 3279 3598 3325; x_wconf 79' lang='lat' dir='ltr'><strong>amator</strong></span> 
     </span>
    </p>
   </div>
   <div class='ocr_carea' id='block_1_94' title="bbox 2018 3364 3597 3422">
    <p class='ocr_par' dir='ltr' id='par_1_94' title="bbox 2018 3364 3597 3422">
     <span class='ocr_line' id='line_1_94' title="bbox 2018 3364 3597 3422; baseline -0.003 -3"><span class='ocrx_word' id='word_1_669' title='bbox 2018 3368 2321 3422; x_wconf 85' lang='lat' dir='ltr'><strong>acerrimus</strong></span> <span class='ocrx_word' id='word_1_670' title='bbox 2350 3366 2469 3422; x_wconf 77' lang='lat' dir='ltr'><strong>fuit.</strong></span> <span class='ocrx_word' id='word_1_671' title='bbox 2516 3365 2614 3422; x_wconf 83' lang='lat' dir='ltr'><strong>llic</strong></span> <span class='ocrx_word' id='word_1_672' title='bbox 2645 3364 2798 3422; x_wconf 87' lang='lat' dir='ltr'><strong>illum</strong></span> <span class='ocrx_word' id='word_1_673' title='bbox 2841 3366 3047 3421; x_wconf 90' lang='lat' dir='ltr'><strong>dicitur</strong></span> <span class='ocrx_word' id='word_1_674' title='bbox 3101 3381 3209 3421; x_wconf 93' lang='lat' dir='ltr'><strong>non</strong></span> <span class='ocrx_word' id='word_1_675' title='bbox 3242 3364 3597 3419; x_wconf 87' lang='lat' dir='ltr'><strong>mediocriter</strong></span> 
     </span>
    </p>
   </div>
   <div class='ocr_carea' id='block_1_95' title="bbox 2018 3456 3595 3528">
    <p class='ocr_par' dir='ltr' id='par_1_95' title="bbox 2018 3456 3595 3528">
     <span class='ocr_line' id='line_1_95' title="bbox 2018 3456 3595 3528; baseline -0.002 -14"><span class='ocrx_word' id='word_1_676' title='bbox 2018 3457 2084 3514; x_wconf 86' lang='lat' dir='ltr'><strong>ad</strong></span> <span class='ocrx_word' id='word_1_677' title='bbox 2107 3458 2411 3528; x_wconf 89' lang='lat' dir='ltr'><strong>imperandi</strong></span> <span class='ocrx_word' id='word_1_678' title='bbox 2448 3458 2733 3513; x_wconf 87' lang='lat' dir='ltr'><strong>libidinem</strong></span> <span class='ocrx_word' id='word_1_679' title='bbox 2762 3458 3057 3521; x_wconf 84' lang='lat' dir='ltr'><strong>excitasse,</strong></span> <span class='ocrx_word' id='word_1_680' title='bbox 3095 3472 3218 3511; x_wconf 86' lang='lat' dir='ltr'><strong>cum</strong></span> <span class='ocrx_word' id='word_1_681' title='bbox 3245 3456 3409 3511; x_wconf 90' lang='lat' dir='ltr'><strong>sicuti</strong></span> <span class='ocrx_word' id='word_1_682' title='bbox 3449 3457 3595 3511; x_wconf 81' lang='lat' dir='ltr'><strong>fama</strong></span> 
     </span>
    </p>
   </div>
   <div class='ocr_carea' id='block_1_96' title="bbox 2021 3547 3594 3625">
    <p class='ocr_par' dir='ltr' id='par_1_96' title="bbox 2021 3547 3594 3625">
     <span class='ocr_line' id='line_1_96' title="bbox 2021 3547 3594 3625; baseline -0.005 -16"><span class='ocrx_word' id='word_1_683' title='bbox 2021 3556 2300 3625; x_wconf 75' lang='lat' dir='ltr'><strong>vulgatum</strong></span> <span class='ocrx_word' id='word_1_684' title='bbox 2331 3560 2438 3614; x_wconf 89' lang='lat' dir='ltr'><strong>est,</strong></span> <span class='ocrx_word' id='word_1_685' title='bbox 2470 3550 2769 3605; x_wconf 82' lang='lat' dir='ltr'><strong>at-iolorum</strong></span> <span class='ocrx_word' id='word_1_686' title='bbox 2801 3549 2978 3605; x_wconf 86' lang='lat' dir='ltr'><strong>sacris</strong></span> <span class='ocrx_word' id='word_1_687' title='bbox 3009 3547 3291 3602; x_wconf 89' lang='lat' dir='ltr'><strong>initiatum</strong></span> <span class='ocrx_word' id='word_1_688' title='bbox 3318 3548 3594 3602; x_wconf 83' lang='lat' dir='ltr'><strong>instituis-</strong></span> 
     </span>
    </p>
   </div>
   <div class='ocr_carea' id='block_1_97' title="bbox 2016 3637 3591 3712">
    <p class='ocr_par' dir='ltr' id='par_1_97' title="bbox 2016 3637 3591 3712">
     <span class='ocr_line' id='line_1_97' title="bbox 2016 3637 3591 3712; baseline -0.006 -12"><span class='ocrx_word' id='word_1_689' title='bbox 2016 3658 2122 3712; x_wconf 78' lang='lat' dir='ltr'><strong>sel,</strong></span> <span class='ocrx_word' id='word_1_690' title='bbox 2150 3656 2205 3699; x_wconf 88' lang='lat' dir='ltr'><strong>et</strong></span> <span class='ocrx_word' id='word_1_691' title='bbox 2234 3644 2301 3699; x_wconf 89' lang='lat' dir='ltr'><strong>ad</strong></span> <span class='ocrx_word' id='word_1_692' title='bbox 2327 3642 2733 3699; x_wconf 84' lang='lat' dir='ltr'><strong>Cbristianismi</strong></span> <span class='ocrx_word' id='word_1_693' title='bbox 2765 3640 2953 3695; x_wconf 89' lang='lat' dir='ltr'><strong>odium</strong></span> <span class='ocrx_word' id='word_1_694' title='bbox 3005 3638 3376 3709; x_wconf 81' lang='lat' dir='ltr'><strong>produxisset.</strong></span> <span class='ocrx_word' id='word_1_695' title='bbox 3436 3637 3591 3705; x_wconf 84' lang='lat' dir='ltr'><strong>Quod</strong></span> 
     </span>
    </p>
   </div>
   <div class='ocr_carea' id='block_1_98' title="bbox 2020 3731 3592 3811">
    <p class='ocr_par' dir='ltr' id='par_1_98' title="bbox 2020 3731 3592 3811">
     <span class='ocr_line' id='line_1_98' title="bbox 2020 3731 3592 3811; baseline -0.004 -21"><span class='ocrx_word' id='word_1_696' title='bbox 2020 3740 2148 3811; x_wconf 85' lang='lat' dir='ltr'><strong>quia</strong></span> <span class='ocrx_word' id='word_1_697' title='bbox 2176 3736 2561 3795; x_wconf 86' lang='lat' dir='ltr'><strong>Constantium</strong></span> <span class='ocrx_word' id='word_1_698' title='bbox 2610 3733 2780 3789; x_wconf 89' lang='lat' dir='ltr'><strong>latere</strong></span> <span class='ocrx_word' id='word_1_699' title='bbox 2814 3748 2921 3787; x_wconf 92' lang='lat' dir='ltr'><strong>non</strong></span> <span class='ocrx_word' id='word_1_700' title='bbox 2975 3731 3191 3811; x_wconf 15' lang='lat' dir='ltr'><strong>potuit,“</strong></span> <span class='ocrx_word' id='word_1_701' title='bbox 3239 3733 3295 3786; x_wconf 94' lang='lat' dir='ltr'><strong>in</strong></span> <span class='ocrx_word' id='word_1_702' title='bbox 3342 3731 3592 3802; x_wconf 76' lang='lat' dir='ltr'><strong>gravium</strong></span> 
     </span>
    </p>
   </div>
   <div class='ocr_carea' id='block_1_99' title="bbox 2023 3821 3593 3899">
    <p class='ocr_par' dir='ltr' id='par_1_99' title="bbox 2023 3821 3593 3899">
     <span class='ocr_line' id='line_1_99' title="bbox 2023 3821 3593 3899; baseline -0.008 -12"><span class='ocrx_word' id='word_1_703' title='bbox 2023 3847 2206 3887; x_wconf 90' lang='lat' dir='ltr'><strong>rerum</strong></span> <span class='ocrx_word' id='word_1_704' title='bbox 2242 3828 2611 3899; x_wconf 84' lang='lat' dir='ltr'><strong>suspicionem</strong></span> <span class='ocrx_word' id='word_1_705' title='bbox 2660 3824 2875 3879; x_wconf 86' lang='lat' dir='ltr'><strong>incidit.</strong></span> <span class='ocrx_word' id='word_1_706' title='bbox 2930 3822 2995 3876; x_wconf 82' lang='lat' dir='ltr'><strong>Et</strong></span> <span class='ocrx_word' id='word_1_707' title='bbox 3038 3822 3136 3892; x_wconf 60' lang='lat' dir='ltr'><strong>~spe</strong></span> <span class='ocrx_word' id='word_1_708' title='bbox 3168 3821 3331 3876; x_wconf 89' lang='lat' dir='ltr'><strong>simul</strong></span> <span class='ocrx_word' id='word_1_709' title='bbox 3398 3837 3483 3888; x_wconf 87' lang='lat' dir='ltr'><strong>ea,</strong></span> <span class='ocrx_word' id='word_1_710' title='bbox 3538 3821 3593 3874; x_wconf 92' lang='lat' dir='ltr'><strong>in</strong></span> 
     </span>
    </p>
   </div>
   <div class='ocr_carea' id='block_1_100' title="bbox 2023 3915 3596 3994">
    <p class='ocr_par' dir='ltr' id='par_1_100' title="bbox 2023 3915 3596 3994">
     <span class='ocr_line' id='line_1_100' title="bbox 2023 3915 3596 3994; baseline -0.008 -16"><span class='ocrx_word' id='word_1_711' title='bbox 2023 3939 2186 3994; x_wconf 85' lang='lat' dir='ltr'><strong>quam</strong></span> <span class='ocrx_word' id='word_1_712' title='bbox 2213 3920 2407 3976; x_wconf 81' lang='lat' dir='ltr'><strong>faustis</strong></span> <span class='ocrx_word' id='word_1_713' title='bbox 2432 3918 2677 3990; x_wconf 77' lang='lat' dir='ltr'><strong>auguriis</strong></span> <span class='ocrx_word' id='word_1_714' title='bbox 2708 3928 2930 3973; x_wconf 81' lang='lat' dir='ltr'><strong>erectus</strong></span> <span class='ocrx_word' id='word_1_715' title='bbox 2960 3924 3103 3977; x_wconf 86' lang='lat' dir='ltr'><strong>erat.</strong></span> <span class='ocrx_word' id='word_1_716' title='bbox 3160 3915 3453 3974; x_wconf 83' lang='lat' dir='ltr'><strong>adductus.</strong></span> <span class='ocrx_word' id='word_1_717' title='bbox 3504 3930 3596 3968; x_wconf 85' lang='lat' dir='ltr'><strong>ea-</strong></span> 
     </span>
    </p>
   </div>
   <div class='ocr_carea' id='block_1_101' title="bbox 2024 4007 3599 4088">
    <p class='ocr_par' dir='ltr' id='par_1_101' title="bbox 2024 4007 3599 4088">
     <span class='ocr_line' id='line_1_101' title="bbox 2024 4007 3599 4088; baseline -0.009 -15"><span class='ocrx_word' id='word_1_718' title='bbox 2024 4019 2135 4088; x_wconf 87' lang='lat' dir='ltr'><strong>pite</strong></span> <span class='ocrx_word' id='word_1_719' title='bbox 2167 4025 2327 4071; x_wconf 90' lang='lat' dir='ltr'><strong>tonso</strong></span> <span class='ocrx_word' id='word_1_720' title='bbox 2361 4014 2667 4069; x_wconf 88' lang='lat' dir='ltr'><strong>monachus</strong></span> <span class='ocrx_word' id='word_1_721' title='bbox 2703 4010 2879 4066; x_wconf 83' lang='lat' dir='ltr'><strong>lactus</strong></span> <span class='ocrx_word' id='word_1_722' title='bbox 2907 4019 3014 4066; x_wconf 88' lang='lat' dir='ltr'><strong>est.</strong></span> <span class='ocrx_word' id='word_1_723' title='bbox 3043 4007 3116 4062; x_wconf 92' lang='lat' dir='ltr'><strong>Ita</strong></span> <span class='ocrx_word' id='word_1_724' title='bbox 3160 4009 3276 4073; x_wconf 89' lang='lat' dir='ltr'><strong>ille,</strong></span> <span class='ocrx_word' id='word_1_725' title='bbox 3304 4025 3469 4078; x_wconf 87' lang='lat' dir='ltr'><strong>quem</strong></span> <span class='ocrx_word' id='word_1_726' title='bbox 3500 4024 3599 4060; x_wconf 88' lang='lat' dir='ltr'><strong>an—</strong></span> 
     </span>
    </p>
   </div>
   <div class='ocr_carea' id='block_1_102' title="bbox 2026 4101 3597 4175">
    <p class='ocr_par' dir='ltr' id='par_1_102' title="bbox 2026 4101 3597 4175">
     <span class='ocr_line' id='line_1_102' title="bbox 2026 4101 3597 4175; baseline -0.006 -11"><span class='ocrx_word' id='word_1_727' title='bbox 2026 4122 2112 4164; x_wconf 88' lang='lat' dir='ltr'><strong>tea</strong></span> <span class='ocrx_word' id='word_1_728' title='bbox 2142 4123 2333 4162; x_wconf 89' lang='lat' dir='ltr'><strong>revera</strong></span> <span class='ocrx_word' id='word_1_729' title='bbox 2370 4113 2675 4175; x_wconf 88' lang='lat' dir='ltr'><strong>receperat,</strong></span> <span class='ocrx_word' id='word_1_730' title='bbox 2708 4119 2834 4158; x_wconf 89' lang='lat' dir='ltr'><strong>eum</strong></span> <span class='ocrx_word' id='word_1_731' title='bbox 2870 4113 2984 4158; x_wconf 86' lang='lat' dir='ltr'><strong>tum</strong></span> <span class='ocrx_word' id='word_1_732' title='bbox 3046 4101 3181 4158; x_wconf 77' lang='lat' dir='ltr'><strong>falso</strong></span> <span class='ocrx_word' id='word_1_733' title='bbox 3212 4118 3325 4171; x_wconf 72' lang='lat' dir='ltr'><strong>pne</strong></span> <span class='ocrx_word' id='word_1_734' title='bbox 3377 4117 3435 4156; x_wconf 88' lang='lat' dir='ltr'><strong>se</strong></span> <span class='ocrx_word' id='word_1_735' title='bbox 3472 4102 3597 4156; x_wconf 85' lang='lat' dir='ltr'><strong>tulit</strong></span> 
     </span>
    </p>
   </div>
   <div class='ocr_carea' id='block_1_103' title="bbox 2024 4195 3597 4267">
    <p class='ocr_par' dir='ltr' id='par_1_103' title="bbox 2024 4195 3597 4267">
     <span class='ocr_line' id='line_1_103' title="bbox 2024 4195 3597 4267; baseline -0.005 -11"><span class='ocrx_word' id='word_1_736' title='bbox 2024 4199 2526 4267; x_wconf 82' lang='lat' dir='ltr'><strong>Christianismum.</strong></span> <span class='ocrx_word' id='word_1_737' title='bbox 2580 4197 2650 4253; x_wconf 82' lang='lat' dir='ltr'><strong>Et</strong></span> <span class='ocrx_word' id='word_1_738' title='bbox 2702 4197 2918 4252; x_wconf 88' lang='lat' dir='ltr'><strong>occulte</strong></span> <span class='ocrx_word' id='word_1_739' title='bbox 2973 4195 3335 4266; x_wconf 78' lang='lat' dir='ltr'><strong>philosophia:</strong></span> <span class='ocrx_word' id='word_1_740' title='bbox 3372 4210 3597 4264; x_wconf 79' lang='lat' dir='ltr'><strong>operam</strong></span> 
     </span>
    </p>
   </div>
   <div class='ocr_carea' id='block_1_104' title="bbox 2027 4287 3604 4363">
    <p class='ocr_par' dir='ltr' id='par_1_104' title="bbox 2027 4287 3604 4363">
     <span class='ocr_line' id='line_1_104' title="bbox 2027 4287 3604 4363; baseline -0.006 -14"><span class='ocrx_word' id='word_1_741' title='bbox 2027 4294 2216 4349; x_wconf 80' lang='lat' dir='ltr'><strong>dedit:</strong></span> <span class='ocrx_word' id='word_1_742' title='bbox 2252 4302 2443 4363; x_wconf 87' lang='lat' dir='ltr'><strong>aperte</strong></span> <span class='ocrx_word' id='word_1_743' title='bbox 2482 4300 2665 4346; x_wconf 88' lang='lat' dir='ltr'><strong>autem</strong></span> <span class='ocrx_word' id='word_1_744' title='bbox 2702 4289 2757 4344; x_wconf 91' lang='lat' dir='ltr'><strong>in</strong></span> <span class='ocrx_word' id='word_1_745' title='bbox 2782 4290 3051 4345; x_wconf 90' lang='lat' dir='ltr'><strong>lectorum</strong></span> <span class='ocrx_word' id='word_1_746' title='bbox 3094 4288 3428 4343; x_wconf 79' lang='lat' dir='ltr'><strong>Nicomediae</strong></span> <span class='ocrx_word' id='word_1_747' title='bbox 3452 4287 3604 4341; x_wconf 89' lang='lat' dir='ltr'><strong>ordi-</strong></span> 
     </span>
    </p>
   </div>
   <div class='ocr_carea' id='block_1_105' title="bbox 2027 4381 3601 4455">
    <p class='ocr_par' dir='ltr' id='par_1_105' title="bbox 2027 4381 3601 4455">
     <span class='ocr_line' id='line_1_105' title="bbox 2027 4381 3601 4455; baseline -0.006 -14"><span class='ocrx_word' id='word_1_748' title='bbox 2027 4403 2151 4441; x_wconf 88' lang='lat' dir='ltr'><strong>nem</strong></span> <span class='ocrx_word' id='word_1_749' title='bbox 2176 4385 2372 4449; x_wconf 88' lang='lat' dir='ltr'><strong>lectus,</strong></span> <span class='ocrx_word' id='word_1_750' title='bbox 2406 4400 2591 4440; x_wconf 85' lang='lat' dir='ltr'><strong>sacras</strong></span> <span class='ocrx_word' id='word_1_751' title='bbox 2612 4384 2745 4455; x_wconf 79' lang='lat' dir='ltr'><strong>legit</strong></span> <span class='ocrx_word' id='word_1_752' title='bbox 2768 4382 3022 4437; x_wconf 84' lang='lat' dir='ltr'><strong>Litteras.</strong></span> <span class='ocrx_word' id='word_1_753' title='bbox 3050 4381 3169 4449; x_wconf 86' lang='lat' dir='ltr'><strong>Qua</strong></span> <span class='ocrx_word' id='word_1_754' title='bbox 3203 4398 3260 4435; x_wconf 87' lang='lat' dir='ltr'><strong>re</strong></span> <span class='ocrx_word' id='word_1_755' title='bbox 3289 4397 3409 4436; x_wconf 91' lang='lat' dir='ltr'><strong>eam</strong></span> <span class='ocrx_word' id='word_1_756' title='bbox 3440 4396 3601 4450; x_wconf 90' lang='lat' dir='ltr'><strong>quam</strong></span> 
     </span>
    </p>
   </div>
   <div class='ocr_carea' id='block_1_106' title="bbox 2029 4476 3602 4549">
    <p class='ocr_par' dir='ltr' id='par_1_106' title="bbox 2029 4476 3602 4549">
     <span class='ocr_line' id='line_1_106' title="bbox 2029 4476 3602 4549; baseline -0.003 -15"><span class='ocrx_word' id='word_1_757' title='bbox 2029 4485 2093 4536; x_wconf 85' lang='lat' dir='ltr'><strong>de</strong></span> <span class='ocrx_word' id='word_1_758' title='bbox 2123 4481 2215 4535; x_wconf 90' lang='lat' dir='ltr'><strong>illo</strong></span> <span class='ocrx_word' id='word_1_759' title='bbox 2237 4481 2536 4544; x_wconf 86' lang='lat' dir='ltr'><strong>imperator</strong></span> <span class='ocrx_word' id='word_1_760' title='bbox 2564 4486 2913 4549; x_wconf 85' lang='lat' dir='ltr'><strong>conceperat,</strong></span> <span class='ocrx_word' id='word_1_761' title='bbox 2948 4476 3317 4547; x_wconf 84' lang='lat' dir='ltr'><strong>suspicionem</strong></span> <span class='ocrx_word' id='word_1_762' title='bbox 3340 4476 3602 4530; x_wconf 82' lang='lat' dir='ltr'><strong>abolevit.</strong></span> 
     </span>
    </p>
   </div>
   <div class='ocr_carea' id='block_1_107' title="bbox 2028 4568 3601 4641">
    <p class='ocr_par' dir='ltr' id='par_1_107' title="bbox 2028 4568 3601 4641">
     <span class='ocr_line' id='line_1_107' title="bbox 2028 4568 3601 4641; baseline -0.006 -12"><span class='ocrx_word' id='word_1_763' title='bbox 2028 4573 2238 4630; x_wconf 89' lang='lat' dir='ltr'><strong>Deinde</strong></span> <span class='ocrx_word' id='word_1_764' title='bbox 2268 4588 2399 4628; x_wconf 86' lang='lat' dir='ltr'><strong>vero</strong></span> <span class='ocrx_word' id='word_1_765' title='bbox 2429 4587 2496 4628; x_wconf 92' lang='lat' dir='ltr'><strong>eo</strong></span> <span class='ocrx_word' id='word_1_766' title='bbox 2521 4579 2608 4626; x_wconf 90' lang='lat' dir='ltr'><strong>est</strong></span> <span class='ocrx_word' id='word_1_767' title='bbox 2638 4580 2954 4641; x_wconf 87' lang='lat' dir='ltr'><strong>provectus,</strong></span> <span class='ocrx_word' id='word_1_768' title='bbox 2980 4577 3040 4622; x_wconf 92' lang='lat' dir='ltr'><strong>ut</strong></span> <span class='ocrx_word' id='word_1_769' title='bbox 3082 4568 3127 4622; x_wconf 91' lang='lat' dir='ltr'><strong>si</strong></span> <span class='ocrx_word' id='word_1_770' title='bbox 3161 4583 3285 4635; x_wconf 79' lang='lat' dir='ltr'><strong>qua:</strong></span> <span class='ocrx_word' id='word_1_771' title='bbox 3309 4581 3400 4620; x_wconf 90' lang='lat' dir='ltr'><strong>ars</strong></span> <span class='ocrx_word' id='word_1_772' title='bbox 3449 4575 3601 4620; x_wconf 87' lang='lat' dir='ltr'><strong>esset</strong></span> 
     </span>
    </p>
   </div>
   <div class='ocr_carea' id='block_1_108' title="bbox 2030 4661 3601 4723">
    <p class='ocr_par' dir='ltr' id='par_1_108' title="bbox 2030 4661 3601 4723">
     <span class='ocr_line' id='line_1_108' title="bbox 2030 4661 3601 4723; baseline -0.01 -1"><span class='ocrx_word' id='word_1_773' title='bbox 2030 4682 2213 4722; x_wconf 89' lang='lat' dir='ltr'><strong>rerum</strong></span> <span class='ocrx_word' id='word_1_774' title='bbox 2246 4665 2557 4721; x_wconf 80' lang='lat' dir='ltr'><strong>futurarum</strong></span> <span class='ocrx_word' id='word_1_775' title='bbox 2587 4661 2905 4723; x_wconf 79' lang='lat' dir='ltr'><strong>divinatrix,</strong></span> <span class='ocrx_word' id='word_1_776' title='bbox 2936 4667 3306 4719; x_wconf 87' lang='lat' dir='ltr'><strong>scrutaretur,</strong></span> <span class='ocrx_word' id='word_1_777' title='bbox 3334 4671 3601 4710; x_wconf 82' lang='lat' dir='ltr'><strong>necessa-</strong></span> 
     </span>
    </p>
   </div>
   <div class='ocr_carea' id='block_1_109' title="bbox 2030 4746 3595 4825">
    <p class='ocr_par' dir='ltr' id='par_1_109' title="bbox 2030 4746 3595 4825">
     <span class='ocr_line' id='line_1_109' title="bbox 2030 4746 3595 4825; baseline -0.008 -16"><span class='ocrx_word' id='word_1_778' title='bbox 2030 4756 2223 4825; x_wconf 83' lang='lat' dir='ltr'><strong>rioque</strong></span> <span class='ocrx_word' id='word_1_779' title='bbox 2252 4768 2371 4808; x_wconf 87' lang='lat' dir='ltr'><strong>eam</strong></span> <span class='ocrx_word' id='word_1_780' title='bbox 2400 4751 2505 4807; x_wconf 87' lang='lat' dir='ltr'><strong>sibi</strong></span> <span class='ocrx_word' id='word_1_781' title='bbox 2537 4750 2856 4805; x_wconf 74' lang='lat' dir='ltr'><strong>discendam</strong></span> <span class='ocrx_word' id='word_1_782' title='bbox 2892 4763 3014 4802; x_wconf 83' lang='lat' dir='ltr'><strong>esse</strong></span> <span class='ocrx_word' id='word_1_783' title='bbox 3062 4754 3299 4814; x_wconf 86' lang='lat' dir='ltr'><strong>putaret.</strong></span> <span class='ocrx_word' id='word_1_784' title='bbox 3339 4746 3595 4815; x_wconf 83' lang='lat' dir='ltr'><strong>PrOpter-</strong></span> 
     </span>
    </p>
   </div>
   <div class='ocr_carea' id='block_1_110' title="bbox 2027 4837 3603 4916">
    <p class='ocr_par' dir='ltr' id='par_1_110' title="bbox 2027 4837 3603 4916">
     <span class='ocr_line' id='line_1_110' title="bbox 2027 4837 3603 4916; baseline -0.01 -12"><span class='ocrx_word' id='word_1_785' title='bbox 2027 4864 2094 4904; x_wconf 86' lang='lat' dir='ltr'><strong>ea</strong></span> <span class='ocrx_word' id='word_1_786' title='bbox 2145 4845 2190 4902; x_wconf 84' lang='lat' dir='ltr'><strong>si</strong></span> <span class='ocrx_word' id='word_1_787' title='bbox 2225 4860 2387 4916; x_wconf 90' lang='lat' dir='ltr'><strong>quem</strong></span> <span class='ocrx_word' id='word_1_788' title='bbox 2418 4844 2539 4913; x_wconf 84' lang='lat' dir='ltr'><strong>ejus</strong></span> <span class='ocrx_word' id='word_1_789' title='bbox 2601 4845 2678 4897; x_wconf 89' lang='lat' dir='ltr'><strong>rei</strong></span> <span class='ocrx_word' id='word_1_790' title='bbox 2718 4843 3025 4897; x_wconf 87' lang='lat' dir='ltr'><strong>studiosum</strong></span> <span class='ocrx_word' id='word_1_791' title='bbox 3091 4838 3371 4907; x_wconf 73' lang='lat' dir='ltr'><strong>cognovit,</strong></span> <span class='ocrx_word' id='word_1_792' title='bbox 3417 4837 3603 4891; x_wconf 83' lang='lat' dir='ltr'><strong>statim</strong></span> 
     </span>
    </p>
   </div>
   <div class='ocr_carea' id='block_1_111' title="bbox 2025 4928 3600 5003">
    <p class='ocr_par' dir='ltr' id='par_1_111' title="bbox 2025 4928 3600 5003">
     <span class='ocr_line' id='line_1_111' title="bbox 2025 4928 3600 5003; baseline -0.011 -5"><span class='ocrx_word' id='word_1_793' title='bbox 2025 4957 2151 4998; x_wconf 89' lang='lat' dir='ltr'><strong>eum</strong></span> <span class='ocrx_word' id='word_1_794' title='bbox 2171 4939 2277 4995; x_wconf 92' lang='lat' dir='ltr'><strong>sibi</strong></span> <span class='ocrx_word' id='word_1_795' title='bbox 2311 4937 2551 4992; x_wconf 88' lang='lat' dir='ltr'><strong>amicum</strong></span> <span class='ocrx_word' id='word_1_796' title='bbox 2578 4935 2723 4990; x_wconf 80' lang='lat' dir='ltr'><strong>fecit.</strong></span> <span class='ocrx_word' id='word_1_797' title='bbox 2771 4933 2839 4989; x_wconf 88' lang='lat' dir='ltr'><strong>Et</strong></span> <span class='ocrx_word' id='word_1_798' title='bbox 2868 4930 3133 5003; x_wconf 86' lang='lat' dir='ltr'><strong>paulatim</strong></span> <span class='ocrx_word' id='word_1_799' title='bbox 3165 4944 3290 4984; x_wconf 87' lang='lat' dir='ltr'><strong>cum</strong></span> <span class='ocrx_word' id='word_1_800' title='bbox 3319 4928 3600 4998; x_wconf 82' lang='lat' dir='ltr'><strong>plerisque</strong></span> 
     </span>
    </p>
   </div>
   <div class='ocr_carea' id='block_1_112' title="bbox 2027 5022 3602 5089">
    <p class='ocr_par' dir='ltr' id='par_1_112' title="bbox 2027 5022 3602 5089">
     <span class='ocr_line' id='line_1_112' title="bbox 2027 5022 3602 5089; baseline -0.011 0"><span class='ocrx_word' id='word_1_801' title='bbox 2027 5048 2256 5089; x_wconf 90' lang='lat' dir='ltr'><strong>suorum</strong></span> <span class='ocrx_word' id='word_1_802' title='bbox 2296 5030 2568 5087; x_wconf 88' lang='lat' dir='ltr'><strong>sodalium</strong></span> <span class='ocrx_word' id='word_1_803' title='bbox 2610 5026 2900 5083; x_wconf 85' lang='lat' dir='ltr'><strong>consilium</strong></span> <span class='ocrx_word' id='word_1_804' title='bbox 2941 5040 3105 5081; x_wconf 86' lang='lat' dir='ltr'><strong>suum</strong></span> <span class='ocrx_word' id='word_1_805' title='bbox 3153 5022 3602 5078; x_wconf 83' lang='lat' dir='ltr'><strong>communicavit.</strong></span> 
     </span>
    </p>
   </div>
   <div class='ocr_carea' id='block_1_113' title="bbox 2026 5111 3599 5190">
    <p class='ocr_par' dir='ltr' id='par_1_113' title="bbox 2026 5111 3599 5190">
     <span class='ocr_line' id='line_1_113' title="bbox 2026 5111 3599 5190; baseline -0.011 -9"><span class='ocrx_word' id='word_1_806' title='bbox 2026 5125 2096 5181; x_wconf 88' lang='lat' dir='ltr'><strong>Et</strong></span> <span class='ocrx_word' id='word_1_807' title='bbox 2128 5132 2240 5179; x_wconf 91' lang='lat' dir='ltr'><strong>tum</strong></span> <span class='ocrx_word' id='word_1_808' title='bbox 2274 5123 2499 5179; x_wconf 90' lang='lat' dir='ltr'><strong>demum</strong></span> <span class='ocrx_word' id='word_1_809' title='bbox 2540 5120 2707 5175; x_wconf 91' lang='lat' dir='ltr'><strong>urbes</strong></span> <span class='ocrx_word' id='word_1_810' title='bbox 2730 5118 2905 5190; x_wconf 77' lang='lat' dir='ltr'><strong>gloria</strong></span> <span class='ocrx_word' id='word_1_811' title='bbox 2936 5116 3199 5172; x_wconf 80' lang='lat' dir='ltr'><strong>ﬂorentes</strong></span> <span class='ocrx_word' id='word_1_812' title='bbox 3243 5114 3381 5177; x_wconf 82' lang='lat' dir='ltr'><strong>fore,</strong></span> <span class='ocrx_word' id='word_1_813' title='bbox 3440 5111 3599 5183; x_wconf 83' lang='lat' dir='ltr'><strong>quasi</strong></span> 
     </span>
    </p>
   </div>
   <div class='ocr_carea' id='block_1_114' title="bbox 2027 5208 3598 5285">
    <p class='ocr_par' dir='ltr' id='par_1_114' title="bbox 2027 5208 3598 5285">
     <span class='ocr_line' id='line_1_114' title="bbox 2027 5208 3598 5285; baseline -0.011 -13"><span class='ocrx_word' id='word_1_814' title='bbox 2027 5218 2282 5272; x_wconf 86' lang='lat' dir='ltr'><strong>divinans</strong></span> <span class='ocrx_word' id='word_1_815' title='bbox 2335 5208 2761 5285; x_wconf 55' lang='lat' dir='ltr'><strong>prmdixitfcum</strong></span> <span class='ocrx_word' id='word_1_816' title='bbox 2813 5211 2929 5278; x_wconf 91' lang='lat' dir='ltr'><strong>ipse</strong></span> <span class='ocrx_word' id='word_1_817' title='bbox 2979 5208 3046 5262; x_wconf 81' lang='lat' dir='ltr'><strong>ad</strong></span> <span class='ocrx_word' id='word_1_818' title='bbox 3096 5221 3280 5261; x_wconf 90' lang='lat' dir='ltr'><strong>rerum</strong></span> <span class='ocrx_word' id='word_1_819' title='bbox 3326 5218 3598 5260; x_wconf 88' lang='lat' dir='ltr'><strong>summam</strong></span> 
     </span>
    </p>
   </div>
   <div class='ocr_carea' id='block_1_115' title="bbox 2028 5295 3598 5382">
    <p class='ocr_par' dir='ltr' id='par_1_115' title="bbox 2028 5295 3598 5382">
     <span class='ocr_line' id='line_1_115' title="bbox 2028 5295 3598 5382; baseline -0.011 -16"><span class='ocrx_word' id='word_1_820' title='bbox 2028 5309 2363 5382; x_wconf 85' lang='lat' dir='ltr'><strong>perveniret.</strong></span> <span class='ocrx_word' id='word_1_821' title='bbox 2392 5305 2475 5362; x_wconf 86' lang='lat' dir='ltr'><strong>0b</strong></span> <span class='ocrx_word' id='word_1_822' title='bbox 2501 5322 2667 5376; x_wconf 84' lang='lat' dir='ltr'><strong>quam</strong></span> <span class='ocrx_word' id='word_1_823' title='bbox 2697 5318 2920 5358; x_wconf 80' lang='lat' dir='ltr'><strong>causam</strong></span> <span class='ocrx_word' id='word_1_824' title='bbox 2957 5301 3123 5356; x_wconf 84' lang='lat' dir='ltr'><strong>etiam</strong></span> <span class='ocrx_word' id='word_1_825' title='bbox 3157 5295 3479 5354; x_wconf 76' lang='lat' dir='ltr'><strong>Nicomedia</strong></span> <span class='ocrx_word' id='word_1_826' title='bbox 3507 5312 3598 5349; x_wconf 82' lang='lat' dir='ltr'><strong>rc-</strong></span> 
     </span>
    </p>
   </div>
   <div class='ocr_carea' id='block_1_116' title="bbox 2027 5388 3598 5471">
    <p class='ocr_par' dir='ltr' id='par_1_116' title="bbox 2027 5388 3598 5471">
     <span class='ocr_line' id='line_1_116' title="bbox 2027 5388 3598 5471; baseline -0.011 -11"><span class='ocrx_word' id='word_1_827' title='bbox 2027 5407 2175 5465; x_wconf 72' lang='grc' dir='ltr'>ιιοιο.</span> <span class='ocrx_word' id='word_1_828' title='bbox 2208 5404 2393 5457; x_wconf 76' lang='lat' dir='ltr'><strong>Asiam</strong></span> <span class='ocrx_word' id='word_1_829' title='bbox 2429 5400 2626 5471; x_wconf 87' lang='lat' dir='ltr'><strong>petiit:</strong></span> <span class='ocrx_word' id='word_1_830' title='bbox 2691 5408 2747 5453; x_wconf 88' lang='lat' dir='ltr'><strong>et</strong></span> <span class='ocrx_word' id='word_1_831' title='bbox 2814 5412 2939 5451; x_wconf 90' lang='lat' dir='ltr'><strong>cum</strong></span> <span class='ocrx_word' id='word_1_832' title='bbox 2987 5390 3255 5463; x_wconf 89' lang='lat' dir='ltr'><strong>ejusmodi</strong></span> <span class='ocrx_word' id='word_1_833' title='bbox 3309 5388 3598 5443; x_wconf 85' lang='lat' dir='ltr'><strong>hominum</strong></span> 
     </span>
    </p>
   </div>
   <div class='ocr_carea' id='block_1_117' title="bbox 2028 5550 3606 5627">
    <p class='ocr_par' dir='ltr' id='par_1_117' title="bbox 2028 5550 3606 5627">
     <span class='ocr_line' id='line_1_117' title="bbox 2028 5550 3606 5627; baseline -0.013 -7"><span class='ocrx_word' id='word_1_834' title='bbox 2028 5579 2152 5620; x_wconf 89' lang='lat' dir='ltr'><strong>rum</strong></span> <span class='ocrx_word' id='word_1_835' title='bbox 2184 5561 2434 5618; x_wconf 88' lang='lat' dir='ltr'><strong>ordinem</strong></span> <span class='ocrx_word' id='word_1_836' title='bbox 2462 5565 2775 5627; x_wconf 82' lang='lat' dir='ltr'><strong>cooptatum</strong></span> <span class='ocrx_word' id='word_1_837' title='bbox 2808 5570 2951 5627; x_wconf 69' lang='lat' dir='ltr'><strong>esse.</strong></span> <span class='ocrx_word' id='word_1_838' title='bbox 2983 5563 3037 5606; x_wconf 89' lang='lat' dir='ltr'><strong>et</strong></span> <span class='ocrx_word' id='word_1_839' title='bbox 3065 5553 3119 5606; x_wconf 91' lang='lat' dir='ltr'><strong>in</strong></span> <span class='ocrx_word' id='word_1_840' title='bbox 3150 5550 3395 5627; x_wconf 73' lang='lat' dir='ltr'><strong>publicis</strong></span> <span class='ocrx_word' id='word_1_841' title='bbox 3417 5550 3606 5627; x_wconf 70' lang='lat' dir='ltr'><strong>Eccle-</strong></span> 
     </span>
    </p>
   </div>
   <div class='ocr_carea' id='block_1_118' title="bbox 2029 5621 3604 5692">
    <p class='ocr_par' dir='ltr' id='par_1_118' title="bbox 2029 5621 3604 5692">
     <span class='ocr_line' id='line_1_118' title="bbox 2029 5621 3604 5692; baseline -0.009 -3"><span class='ocrx_word' id='word_1_842' title='bbox 2029 5638 2123 5689; x_wconf 75' lang='lat' dir='ltr'><strong>sia:</strong></span> <span class='ocrx_word' id='word_1_843' title='bbox 2180 5621 2583 5687; x_wconf 50' lang='lat' dir='ltr'><strong>conventibtts&#39;</strong></span> <span class='ocrx_word' id='word_1_844' title='bbox 2616 5642 2805 5681; x_wconf 80' lang='lat' dir='ltr'><strong>sacros</strong></span> <span class='ocrx_word' id='word_1_845' title='bbox 2858 5624 3053 5678; x_wconf 82' lang='lat' dir='ltr'><strong>[.ihrns</strong></span> <span class='ocrx_word' id='word_1_846' title='bbox 3113 5621 3320 5692; x_wconf 84' lang='lat' dir='ltr'><strong>populo</strong></span> <span class='ocrx_word' id='word_1_847' title='bbox 3381 5621 3604 5689; x_wconf 76' lang='lat' dir='ltr'><strong>legisse,</strong></span> 
     </span>
    </p>
   </div>
   <div class='ocr_carea' id='block_1_119' title="bbox 2029 5696 3048 5763">
    <p class='ocr_par' dir='ltr' id='par_1_119' title="bbox 2029 5696 3048 5763">
     <span class='ocr_line' id='line_1_119' title="bbox 2029 5696 3048 5763; baseline -0.011 -4"><span class='ocrx_word' id='word_1_848' title='bbox 2029 5704 2408 5759; x_wconf 78' lang='lat' dir='ltr'><strong>Thendoretus</strong></span> <span class='ocrx_word' id='word_1_849' title='bbox 2442 5699 2577 5751; x_wconf 88' lang='lat' dir='ltr'><strong>dicit</strong></span> <span class='ocrx_word' id='word_1_850' title='bbox 2602 5696 2697 5751; x_wconf 90' lang='lat' dir='ltr'><strong>lih.</strong></span> <span class='ocrx_word' id='word_1_851' title='bbox 2734 5713 2813 5755; x_wconf 87' lang='lat' dir='ltr'><strong>Ill,</strong></span> <span class='ocrx_word' id='word_1_852' title='bbox 2846 5711 2963 5763; x_wconf 85' lang='lat' dir='ltr'><strong>cap.</strong></span> <span class='ocrx_word' id='word_1_853' title='bbox 2995 5696 3048 5748; x_wconf 73' lang='lat'><strong>2.</strong></span> 
     </span>
    </p>
   </div>
   <div class='ocr_carea' id='block_1_120' title="bbox 2102 5763 3601 5844">
    <p class='ocr_par' dir='ltr' id='par_1_120' title="bbox 2102 5763 3601 5844">
     <span class='ocr_line' id='line_1_120' title="bbox 2102 5763 3601 5844; baseline -0.007 -17"><span class='ocrx_word' id='word_1_854' title='bbox 2102 5777 2175 5844; x_wconf 72' lang='lat'><strong>(5)</strong></span> <span class='ocrx_word' id='word_1_855' title='bbox 2220 5773 2310 5825; x_wconf 72' lang='grc' dir='ltr'>Ἐκ</span> <span class='ocrx_word' id='word_1_856' title='bbox 2340 5773 2431 5839; x_wconf 65' lang='grc' dir='ltr'>τὴς</span> <span class='ocrx_word' id='word_1_857' title='bbox 2475 5769 2908 5838; x_wconf 66' lang='grc' dir='ltr'>μεγαλοπόξιεωε.</span> <span class='ocrx_word' id='word_1_858' title='bbox 2941 5767 3101 5821; x_wconf 76' lang='lat' dir='ltr'><strong>Socr.</strong></span> <span class='ocrx_word' id='word_1_859' title='bbox 3133 5765 3230 5820; x_wconf 78' lang='lat' dir='ltr'><strong>lib.</strong></span> <span class='ocrx_word' id='word_1_860' title='bbox 3274 5781 3354 5831; x_wconf 80' lang='grc' dir='ltr'>ιιι,</span> <span class='ocrx_word' id='word_1_861' title='bbox 3394 5781 3513 5835; x_wconf 71' lang='lat' dir='ltr'><strong>Cap.</strong></span> <span class='ocrx_word' id='word_1_862' title='bbox 3552 5763 3601 5817; x_wconf 77' lang='grc'><strong>1.</strong></span> 
     </span>
    </p>
   </div>
  </div>
