3970 6190
515 255 621 316 439
1742 269 2163 338 NICEPHORI
2198 282 2542 345 CALLISTI
3217 343 3224 350 .
3620 303 3712 365 440

512 383 715 438 genere
766 384 891 423 cum
937 371 1008 423 ibi
1044 369 1374 426 familiarius
1414 373 1648 440 viveret,
1698 380 1870 449 magis
1922 392 2061 453 atqui

2194 392 2446 460 σάμενος,
2478 377 2559 460 είς
2588 395 2816 467 Ἀθήνας
2852 401 3223 472 παρεπέμφθη
3263 406 3581 476 φιλοσοφεῖν.
3616 416 3712 467 Καὶ

511 463 689 532 magis
711 477 897 518 rerum
922 466 1109 518 talium
1129 464 1371 519 studium
1399 466 1452 521 in
1481 483 1548 522 eo
1569 479 1652 524 est
1673 472 2058 528 conﬁrmatum

2187 481 2253 532 τὸ
2282 482 2380 549 μὲν
2409 488 2686 554 προφανὲς
2706 463 2746 559 -ὴ
2779 491 2891 544 τῶν
2932 463 3287 562 ’Ἑλληνικών-
3313 463 3717 572 μαθημάτων-ἧν

509 554 685 610 Porro
717 554 807 608 ubi
843 555 1010 608 frater
1058 557 1179 625 ejus
1217 556 1405 611 Gallus
1455 558 1638 614 Caesar
1673 562 1871 629 factus,
1902 576 1958 620 et
1994 583 2061 622 re:

2188 573 2430 641 παιδεία,
2452 577 2511 628 τὸ
2537 577 2584 630 δ’
2612 554 2832 650 ἀληθὲς,
2870 583 2946 646 ὡς
2973 583 3039 636 ἂν
3074 554 3200 654 περὶ
3239 554 3347 639 τών
3370 554 3504 642 κατὰ
3539 554 3716 650 exsulat

508 665 633 702 eum
669 665 839 703 novas
879 648 1055 700 moliri
1094 650 1404 705 nuntiatum
1438 664 1544 714 est,
1584 664 1639 707 et
1702 655 1794 710 hic
1841 657 2061 714 aﬂ’ectat

2183 663 2297 725 τοῖς
2332 666 2510 720 ἐκεῖσε
2549 648 2884 741 συγγένηται
2932 648 3159 742 γόησιν.-
3197 677 3375 729 Ὅπου
3427 681 3486 748 δὴ
3513 648 3713 751 διάγων,

506 739 724 809 imperii
759 748 1048 806 suspectus
1095 737 1216 801 fuit,
1247 748 1302 791 et
1333 752 1619 809 propterea
1669 744 1772 797 sub
1820 748 2061 802 custodi:

2184 755 2449 828 Βασιλείῳ
2507 763 2606 813 καὶ
2633 737 2919 834 Γρηγορίῳ
2943 737 3187 836 -σϐναμα
3215 769 3326 831 τοῖς
3355 737 3716 841 διδασκαλείοις

505 831 725 883 habitus
739 839 843 883 est.
866 827 1137 883 Caeterum
1166 846 1291 883 cum
1326 847 1425 900 pro
1455 848 1524 887 eo
1547 833 1782 888 Eusebia
1804 834 2061 892 Constant

2180 845 2372 914 ἐφοίτα
2394 827 2490 902 ὀἳ
2525 827 2779 921 σημείοις
2803 827 2867 924 δή
2889 827 3014 910 ’τισι
3061 827 3160 926 την
3189 827 3536 929 οἰκουροῦσαν
3557 827 3716 934 τάνδρί

502 922 562 975 tii
588 937 722 974 uxor
751 932 969 990 precata
1001 935 1167 986 esset,
1199 926 1441 979 Athenas
1471 924 1537 980 ad
1589 926 1955 997 philosophos
1989 944 2061 986 es:

2179 941 2381 992 κακίαν
2410 942 2626 1011 δμμασι
2686 922 2928 1009 διανοίας
2981 922 3299 1017 ἐφώρασαν.
3338 922 3613 1019 Κάκεῖθεν,
3641 922 3714 1011 ἵνα

500 1016 722 1066 missus.
757 1012 824 1066 Et
861 1013 1010 1068 hunc
1041 1015 1266 1084 quidem
1298 1015 1654 1086 profectionis
1677 1019 1796 1089 ejus
1818 1020 2061 1076 obtendit

2178 1031 2416 1084 συνελὼν
2456 1034 2621 1096 εῐπω.
2651 1037 3034 1100 Κωνστάντιος
3067 1041 3575 1112 μεταστειλάμενος,
3601 1048 3716 1098 Καί-

497 1112 848 1171 przetextum,
880 1106 1033 1158 velut
1086 1105 1292 1160 Gmcis
1349 1107 1421 1168 ibi
1475 1106 1783 1178 disciplinis
1845 1124 2061 1180 operam

2177 1136 2317 1189 σαρα
2347 1122 2520 1175 ἐποίει
2550 1139 2565 1154 ο
2597 1125 2694 1178 καὶ
2711 1125 2808 1196 τὴν
2843 1105 3086 1199 ἀδελφὴν
3130 1105 3509 1185 Κωνσταντίαν
3540 1105 3713 1199 συζεύ-

497 1205 800 1249 navaturus
824 1206 994 1252 esset.
1026 1197 1134 1251 Res
1167 1207 1350 1252 autem
1377 1200 1490 1268 ipsa
1527 1209 1666 1264 erat,
1701 1209 1758 1254 ut
1780 1202 1850 1257 de
1880 1203 2061 1267 rebus,

2175 1211 2269 1276 ξας
2292 1214 2512 1283 ἐκείνῳ,
2536 1217 2631 1268 ἐπὶ
2660 1219 2760 1279 τὰς
2797 1197 3091 1290 ἑσπερίους
3121 1222 3357 1287 Γαλλίας
3382 1224 3602 1280 ἔστελλε.
3619 1197 3630 1199 ἡ
3654 1228 3712 1283 Τὸ

493 1302 635 1354 quas
710 1287 814 1340 sibi
859 1289 1269 1357 persequendas
1322 1300 1608 1355 statuerat,
1646 1307 1769 1346 cum
1810 1293 2061 1363 imposto—

2173 1303 2281 1370 γὰρ
2322 1307 2713 1374 μισθοφορικὸν
2744 1308 2772 1361 δ
2799 1287 2951 1364 κατὰ.
2991 1311 3104 1364 τῶν
3152 1314 3430 1384 ἐσπερίων
3464 1320 3712 1386 τυράννων

497 1371 651 1431 rillus
688 1387 874 1446 ageret
932 1381 1125 1448 magis.
1180 1386 1358 1450 Atque
1422 1383 1651 1439 Athenis
1704 1399 1889 1455 agens,
1960 1401 2061 1440 una

2169 1392 2513 1461 Μαγνεντίου
2558 1401 2648 1450 καῖ
2681 1401 3086 1468 Βρεττανίωνος
3133 1405 3374 1474 ἐπήγετο
3397 1409 3424 1459 ό
3457 1409 3712 1461 Κώνσταν-

496 1483 622 1520 cum
662 1468 861 1522 Basilio
887 1479 941 1522 et
977 1469 1243 1538 Gregorio
1296 1473 1511 1528 scholas
1540 1475 1936 1545 frequentavit:
1972 1477 2061 1547 qui

2168 1498 2301 1545 τιος,
2337 1487 2418 1549 εἰς
2472 1488 2627 1540 οῦδὲν
2655 1491 2806 1561 αὐτῷ
2834 1493 3134 1563 γενόμενον
3168 1468 3456 1566 χρήσιμον,
3483 1497 3711 1571 βαρϐάρῳ

493 1576 559 1612 σοι
591 1560 811 1614 indiciis
837 1562 1164 1629 quibusdam
1195 1564 1434 1618 abditam
1469 1567 1711 1622 hominis
1751 1569 2061 1639 improbita-

2167 1576 2362 1648 γνώμῃ
2402 1560 2790 1650 ἀντιστρέψαν,
2844 1584 2944 1646 τὰς
2970 1560 3221 1648 Ϊάλλίαις⁷
3261 1560 3454 1657 tam;
3483 1560 3571 1641 καῖ
3607 1560 3708 1643 κατ’

497 1660 606 1706 tem
639 1654 840 1706 mentis
861 1654 1038 1707 oculis
1058 1655 1566 1724 deprehenderunt.
1591 1659 1652 1714 Et
1681 1659 2061 1725 Constantius,

2168 1670 2374 1724 ἐκείνου
2437 1673 2641 1738 μᾶλλον
2698 1677 2908 1743 ἐγίνετο
2957 1679 3057 1742 τὰς
3091 1654 3405 1750 Ῥωμαῖκάς
3427 1681 3708 1752 διαφθεῖρον

493 1755 554 1797 ιιι
592 1747 782 1810 paucis
809 1762 922 1800 rem
956 1747 1245 1816 explicem,
1271 1749 1422 1802 illum
1455 1751 1585 1807 inde
1619 1753 1851 1807 accitum
1879 1752 2061 1809 Caesa-

2172 1762 2376 1825 πόλεις.
2404 1736 2527 1835 Nsce
2572 1765 2630 1819 δέ
2679 1736 2759 1821 ἔτί
2789 1768 2928 1836 δντι,
2975 1736 3146 1842 μηδὲν
3171 1736 3436 1844 πράττείν
3467 1736 3706 1847 ιτέέτρὲπέ

493 1853 607 1891 rem
651 1839 897 1902 creavit,
940 1849 993 1893 et
1043 1843 1096 1894 in
1131 1843 1545 1897 matrimonium
1583 1845 1634 1898 ei
1695 1861 1887 1901 sorore
1920 1846 2061 1902 Con-

2169 1847 2394 1919 γνώμης
2419 1850 2544 1920 δίχα
2567 1854 2676 1906 τῶν
2707 1839 2991 1922 ἑπομένων
3018 1839 3167 1928 αὐτῷ
3196 1839 3531 1932 στρατηγῶν.
3566 1839 3706 1918 ’Ᾰνωο

490 1931 691 1983 stantia
721 1930 798 1998 (1)
850 1931 1070 1994 tradita,
1101 1932 1155 1986 in
1189 1931 1598 1990 Occidentalem
1631 1935 1861 1991 Galliam
1891 1938 2061 1994 misit.

2171 1939 2354 2007 μάλως
2380 1942 2426 1995 δ’
2442 1945 2670 1999 ἐκείνων
2697 1953 2766 2001 τὰ
2795 1950 2934 2018 πρὸς
2961 1951 3144 2022 μάχην
3161 1930 3540 2024 διακειμένων,
3569 1959 3707 2023 αὐτὸς

492 2024 852 2093 Stipendiarii
889 2025 1036 2080 enim
1063 2026 1286 2092 milites,
1325 2043 1463 2096 quos
1511 2030 1777 2084 adversus
1811 2039 2061 2102 tyrannos

2166 2031 2241 2092 ὡς
2277 2032 2405 2102 ἐνῆν
2430 2035 2523 2087 τὸν
2555 2037 2794 2109 πόλεμον
2817 2039 3116 2110 διηυθέτει.
3146 2044 3257 2097 Καί
3279 2063 3400 2098 τινα
3429 2046 3578 2118 ζῆλον
3594 2049 3714 2104 ἐνίει

492 2116 862 2186 Magnentium
901 2126 957 2171 et
1004 2117 1415 2173 Britannionem
1462 2120 1514 2173 in
1567 2119 1865 2177 Occidente
1920 2122 2064 2177 Con-

491 2207 730 2258 stantius
765 2206 960 2260 ductos
985 2207 1186 2272 alebat,
1219 2208 1356 2262 nulli
1399 2210 1449 2263 ei
1483 2221 1639 2264 erant
1668 2212 1817 2275 usui,
1847 2212 1904 2282 9
1929 2213 2062 2282 quin

489 2297 676 2364 potius
711 2298 950 2352 balbaro
1006 2299 1250 2369 corrupti
1310 2299 1584 2368 instituto,
1641 2301 1846 2358 Gallias
1887 2314 2066 2359 vasta-

490 2389 644 2454 bant,
671 2401 726 2444 et
765 2406 888 2444 cum
927 2390 1260 2446 detrimento
1301 2392 1491 2462 ipsius,
1533 2393 1765 2463 imperio
1819 2394 2064 2449 Romano

488 2483 738 2538 subditas
793 2482 959 2538 urbes
987 2483 1345 2553 diripiebant.
1375 2484 1443 2539 At
1470 2487 1612 2554 quod
1643 2486 1865 2556 juvenis
1885 2487 2064 2541 adhuc

487 2583 657 2639 esset,
694 2574 832 2629 nihil
863 2575 937 2640 ei,
975 2575 1118 2644 quod
1147 2576 1266 2630 sine
1299 2575 1504 2631 ducum
1532 2578 1624 2646 qui
1661 2579 1713 2631 in
1743 2579 1864 2649 ejus
1891 2581 2062 2634 comi-

490 2675 604 2718 tatu
641 2676 819 2720 erant.
855 2666 1090 2720 consilio
1116 2679 1323 2735 ageret,
1360 2669 1627 2736 permisit.
1661 2669 1762 2723 Ubi
1806 2685 1940 2730 τρι-ο
1982 2669 2058 2723 illi

490 2773 600 2812 non
647 2768 798 2814 recte
835 2775 950 2813 rem
996 2759 1288 2815 militarem
1339 2762 1817 2828 administrarent,
1853 2763 1971 2832 ipse
2003 2772 2061 2817 ιιι

488 2847 669 2917 potuit
728 2863 825 2916 per
878 2861 938 2902 se
995 2847 1197 2900 bellum
1245 2847 1437 2915 gessit,
1494 2848 1758 2901 militibus
1807 2849 2058 2902 ardorem

487 2937 782 3007 quemdam
817 2937 1037 3000 indidit,
1072 2938 1546 3007 animosioresque
1577 2941 1640 2990 ad
1680 2940 1859 3006 praelia
1907 2955 2057 2993 eom-

490 3029 756 3082 tnittenda
783 3036 838 3082 et
858 3028 1107 3097 pericula
1136 3028 1389 3082 adeunda
1415 3029 1894 3083 cohortationibus
1923 3046 2060 3099 prte-

489 3121 724 3188 miisque
789 3118 861 3172 ob
906 3118 1171 3173 barbaros
1221 3133 1392 3173 caesos
1451 3122 1746 3189 propositis
1802 3121 2056 3176 reddidit.

488 3212 620 3277 Quae
651 3225 782 3264 sane
825 3225 914 3264 res
941 3209 1164 3264 initium
1201 3211 1458 3280 praabuit,
1489 3221 1549 3288 ut
1578 3212 1792 3265 barbari
1827 3213 2063 3269 subinde

489 3301 687 3358 victori
719 3301 1013 3356 inferiores
1065 3311 1270 3366 essent,
1329 3303 1446 3369 ipse
1475 3310 1661 3356 autem
1723 3312 1778 3357 et
1807 3305 1978 3374 gratia
2008 3315 2064 3360 et

487 3397 706 3466 egregia
722 3395 862 3449 fama
889 3395 1138 3466 polleret.
1172 3396 1349 3463 Atque
1385 3396 1478 3450 ubi
1507 3395 1828 3451 Constantio
1859 3398 2060 3452 ducum

489 3490 811 3558 languorem
843 3497 899 3542 ct
930 3489 1200 3558 ignaviam
1235 3488 1526 3555 indicavit,
1579 3486 1715 3543 alios
1761 3489 1830 3543 ab
1872 3505 1938 3544 eo
1963 3505 2062 3560 pro

490 3577 601 3633 illis
632 3579 846 3648 accepit
875 3597 887 3632 :
918 3593 1151 3648 quorum
1179 3579 1415 3633 consilio
1454 3589 1509 3634 et
1532 3595 1716 3650 Opera,
1744 3597 1868 3636 cum
1894 3582 2062 3637 hosti-

490 3673 594 3726 bus
619 3673 804 3742 prtelio
822 3686 966 3742 saepe
985 3673 1301 3739 commisso,
1323 3672 1607 3728 victoriam
1632 3672 1849 3728 fortiter
1871 3689 2063 3744 repor-

489 3767 644 3829 tavit,
675 3781 880 3836 eosque
923 3767 990 3822 ad
1036 3769 1366 3838 legationem
1401 3769 1724 3825 mittendam
1755 3770 1932 3843 coegit
1957 3771 2057 3841 (2).

487 3864 757 3919 Caeterum
819 3865 929 3919 illis
991 3864 1299 3920 Constantii
1373 3864 1844 3934 praetendentibus
1915 3862 2064 3921 litte-

489 3971 600 4021 ras,
635 3955 839 4026 quibus
896 3970 994 4011 eos
1029 3971 1248 4010 rursum
1306 3959 1369 4009 ad
1411 3955 1592 4012 ftedus
1643 3965 1700 4012 et
1740 3958 2061 4013 societatem

492 4048 619 4102 belli
651 4063 776 4102 eum
813 4047 1077 4102 Romanis
1109 4047 1403 4101 ineundam
1438 4047 1728 4114 invitabat,
1770 4048 1887 4118 ipse
1927 4059 2061 4104 tem-

491 4154 596 4210 pus
626 4154 691 4194 ex
719 4138 988 4193 industria
1016 4140 1276 4203 extraxit,
1314 4148 1370 4194 et
1403 4147 1677 4194 oratorem
1709 4155 1904 4194 eorum
1964 4141 2057 4196 ubi

488 4230 809 4300 aliquandiu
850 4229 1082 4293 distulit,
1134 4238 1191 4284 et
1245 4245 1398 4301 spem
1447 4231 1628 4286 eidem
1693 4231 1842 4297 fecit,
1884 4232 2063 4290 fmdus

489 4328 778 4390 acceptum
803 4336 831 4374 a
859 4319 1182 4374 Constantio
1216 4322 1320 4386 iri;
1368 4330 1566 4390 praeter
1598 4326 2059 4393 exspectationem

2167 2125 2278 2185 τοῖς
2333 2127 2723 2196 στρατιώταις,
2781 2131 3155 2203 θερμοτέρους
3229 2137 3360 2206 περὶ
3417 2141 3504 2192 τὸν
3547 2141 3706 2209 ἀγῶνα

2168 2216 2361 2282 ποιῶν,
2418 2224 2906 2291 παρακινδυνεύειν
2969 2228 3338 2296 προτρέπων⁸
3407 2228 3484 2295 οἷς
3539 2233 3706 2303 μισθὸν

2165 2308 2441 2379 ἀνήκοντα
2499 2314 2657 2379 ἔταξε
2713 2316 2790 2384 τῷ
2848 2317 3134 2388 βάρϐαρον
3159 2321 3536 2392 ἀναιρήσοντι.
3571 2325 3628 2377 Ὀ
3651 2325 3706 2396 δὴ

2164 2401 2340 2473 ἀρχὴν
2371 2405 2648 2475 παρέσχεν
2681 2407 2889 2461 ἐλάττω
2915 2411 3018 2478 μὲν
3039 2411 3298 2479 γίνεσθαι
3323 2415 3390 2468 τὰ
3424 2415 3703 2488 βαρϐάρων,

2163 2494 2374 2546 ἐκεῖνον
2398 2495 2455 2547 δέ
2490 2500 2896 2568 κεχαρισμένον
2922 2496 3064 2555 εἶναι
3099 2504 3195 2556 καὶ
3222 2505 3313 2558 διὰ
3332 2507 3512 2577 φήμης
3534 2507 3705 2579 πολλῆς

2161 2587 2409 2640 διελθεῖν.
2474 2591 2586 2642 Καὶ
2639 2591 2705 2661 δὴ
2763 2593 2864 2663 τὴν
2909 2595 3020 2648 τῶν
3080 2600 3406 2669 στρατηγῶν
3457 2603 3703 2671 ῥᾳστώνην

2162 2681 2528 2752 Κωνσταντίῳ
2589 2683 2861 2753 δηλώσας,
2919 2689 3139 2760 ἐτέρους
3189 2691 3318 2762 ἔσχε
3351 2693 3472 2756 τοὺς
3503 2711 3702 2765 στρατη-

2160 2771 2294 2838 γούς
2319 2787 2334 2804 ο
2371 2773 2492 2841 μεθ’
2521 2769 2596 2830 ὧν
2619 2779 2732 2839 τοῖς
2758 2779 3022 2844 ἐναντίοις
3053 2784 3403 2854 προσϐαλὼν,
3428 2786 3701 2856 ἀνακράτος

2161 2865 2345 2919 ἐνίκα·
2385 2870 2452 2938 τῇ
2505 2867 2552 2921 δ’
2603 2872 2821 2942 ἀνάγκῃ
2883 2875 2966 2937 είς
3000 2875 3310 2946 πρεσϐείαν
3353 2879 3700 2932 καταστάντων

2162 2955 2411 3022 ἐκείνων,
2442 2959 2540 3012 καὶ
2573 2946 2642 3014 τά
2676 2964 2980 3033 γράμματα
3013 2967 3397 3024 Κωνσταντίου
3431 2969 3698 3037 προϐαλλο-

2084 3095 2128 3151 C
2164 3050 2364 3117 μένων,
2407 3050 2482 3115 ὡς
2543 3055 2736 3124 καλοίη
2771 3057 2914 3124 σφᾶς
2971 3053 3129 3123 αὖθις
3174 3060 3271 3114 ἐπὶ
3312 3063 3408 3128 τὴν
3445 3061 3699 3133 Ῥωμαίων
3809 3129 3820 3140 .

2165 3143 2507 3213 συμμαχίαν,
2551 3145 2808 3217 ἐπίτηδες
2836 3149 3044 3202 ἐκεῖνον
3074 3151 3469 3210 ἀναϐαλέσθαι.
3511 3154 3697 3224 Μελλήο

2164 3250 2261 3296 σας
2307 3235 2417 3305 γὰρ
2466 3236 2560 3290 τδν
2593 3239 2848 3308 πρέσϐιν,
2884 3243 2978 3295 καὶ
3012 3243 3212 3298 ἐλπίδα
3249 3246 3374 3308 δοὺς
3401 3247 3469 3309 ώς
3500 3245 3700 3316 προσδέ-

2161 3342 2328 3395 χοιτο,
2363 3327 2649 3398 ἀδοκήτως
2683 3331 2851 3394 πολὺς
2877 3332 3151 3397 ἐπελθὼν,
3203 3336 3434 3388 είσάπαν
3461 3334 3561 3387 τῶν
3585 3333 3695 3404 βαρ-

2163 3417 2346 3488 ϐάρων
2371 3421 2645 3492 ἐκράτησε
2665 3437 2678 3450 ·
2707 3423 2802 3475 καὶ
2831 3423 2923 3475 τὸν
2951 3425 3178 3497 ἐκείνων
3208 3427 3431 3497 βασιλέα
3446 3420 3698 3496 δεσμώτην

2161 3510 2219 3573 ἐς
2247 3512 2627 3565 Κωνστάντιον
2647 3514 2919 3583 ἔπεμπεν.
2948 3495 3106 3570 Οοῦτω
3136 3495 3305 3589 δέ-τῷ
3323 3495 3696 3588 πολέμῳγτούτῳ

2163 3603 2552 3672 ἐνευτυχήσας,
2592 3605 2731 3674 πρὸς
2764 3604 2873 3658 τῶν
2907 3610 3262 3676 στρατιωτῶν
3294 3610 3538 3680 βασιλεὺς
3584 3608 3696 3660 Ῥω·

2166 3693 2343 3763 μαίων
2377 3695 2796 3765 ἀναγορεύεται.
2840 3699 3118 3768 Στεφάνου
3141 3699 3200 3753 δέ
3234 3703 3310 3772 μὴ
3337 3703 3586 3771 παρόντος
3613 3697 3693 3767 βα·

2165 3787 2401 3852 σιλικοῦ,
2451 3791 2560 3843 τῶν
2580 3807 2665 3855 τις
2695 3791 3039 3862 δορυφόρων,
3091 3792 3152 3846 δν
3185 3797 3315 3865 περὶ
3340 3794 3429 3849 τὸν
3457 3792 3693 3865 τράχηλον

2163 3877 2350 3950 ἐφόρει
2387 3882 2656 3951 στρεπτὸν
2687 3884 2910 3950 ἐξελὼν,
2941 3887 3007 3955 τῇ
3068 3886 3289 3939 ἐκείνου
3321 3885 3523 3956 κεφαλῇ
3564 3899 3698 3952 περι-

2162 3970 2348 4039 έθηκε-
2400 3971 2574 4049 Λόγος
2627 3991 2692 4041 γε
2728 3976 2835 4045 μὴν
2875 3975 2987 4048 ἔχει
3023 3978 3121 4031 καὶ
3155 3979 3441 4049 πρότερον,
3496 3976 3568 4037 εἷς
3592 3975 3695 4026 τινα

2163 4060 2426 4134 πολίχνην
2453 4065 2736 4132 εἰσιόντος,
2771 4067 3037 4137 στέφανόν
3063 4087 3183 4123 τινα
3221 4071 3389 4141 μέσον
3414 4069 3502 4123 δύο
3529 4067 3694 4120 κιόνων

2162 4150 2566 4222 ἀνηρτημένον,
2591 4149 2672 4218 οἷς
2695 4156 2794 4220 τὰς
2831 4158 3018 4220 πόλεις
3071 4158 3190 4221 ἐθος
3228 4161 3472 4231 κοσμεῖν,
3522 4159 3691 4210 ἐπιπε.

2165 4239 2326 4292 σόντα
2353 4243 2419 4313 τῇ
2461 4243 2671 4297 ἐκείνου
2707 4246 2917 4318 κεφαλῇ
2970 4250 3323 4319 ἐφαρμόσαι*
3369 4250 3460 4303 καὶ
3505 4246 3693 4306 πολλοῖς

2165 4328 2414 4383 ἐντεῦθεν
2449 4330 2721 4402 σύμϐολον
2752 4331 2917 4398 εῖναι,
2946 4335 3020 4399 ὡς
3050 4339 3144 4391 καὶ
3181 4338 3242 4390 τὸ
3272 4339 3369 4409 τῆς
3397 4338 3558 4409 ἀρχῆς
3583 4338 3694 4388 ἀναο

489 4413 770 4476 omnium,
810 4412 987 4482 copiis
1035 4412 1152 4468 suis
1209 4413 1480 4468 Barbaros
1523 4414 1770 4483 adortus,
1825 4417 2058 4473 maxima

2165 4424 2398 4495 δήσηται
2429 4426 2653 4496 κράτος.
2693 4427 3065 4500 Διεθρυλλήθη
3106 4431 3164 4483 δέ
3195 4433 3289 4485 καί
3319 4449 3400 4495 τις
3429 4432 3598 4499 ἕτερος
3623 4426 3694 4478 λό-

488 4506 665 4560 victos
693 4505 850 4561 clade
881 4505 1098 4572 aﬂlixit,
1129 4521 1429 4576 regemque
1457 4523 1650 4562 eorum
1681 4509 1930 4565 vinctum
1992 4511 2060 4565 ad

489 4597 874 4653 Constantium
908 4597 1076 4653 misit.
1103 4598 1178 4652 Ea
1207 4597 1430 4652 victoria
1464 4601 1542 4668 ('5;
1573 4615 1634 4654 ex
1670 4603 1939 4657 sententia
1969 4617 2064 4672 po-

489 4691 645 4755 titus,
678 4705 707 4744 a
739 4690 1005 4745 militibus
1026 4689 1397 4744 Romanorum
1430 4689 1826 4760 imperatorest
1861 4707 2065 4747 renun-

490 4785 677 4841 tiatus.
697 4783 873 4852 Atque
893 4781 987 4835 ubi
1008 4793 1122 4835 tum
1147 4781 1512 4851 imperatoriae
1536 4797 1754 4836 coronae
1777 4784 1932 4853 copia
1951 4799 2059 4838 non

491 4872 616 4937 luit,
641 4887 706 4926 ex
732 4871 1063 4926 satellitibus
1093 4871 1341 4942 quidam,
1371 4881 1622 4941 torquem
1645 4889 1807 4944 quam
1835 4877 1888 4929 in
1922 4875 2062 4929 colle

491 4963 760 5031 gestabat,
777 4963 941 5033 capiti
969 4963 1118 5018 illius
1148 4963 1434 5033 imposuit.
1453 4962 1684 5020 Obtinet
1707 4965 1872 5030 fama,
1898 4975 2060 5020 antea

488 5069 727 5126 quoque,
759 5069 885 5110 cum
910 5055 1175 5125 oppidum
1216 5055 1490 5124 quoddam
1524 5055 1936 5126 ingrederetur,
1965 5073 2059 5112 co-

2165 4527 2280 4579 γος,
2322 4514 2397 4576 ὠς
2454 4514 2752 4584 ἐπιϐουλῆς
2808 4519 2973 4588 χάριν
3006 4521 3034 4572 ό
3089 4520 3226 4590 πρὸς
3267 4522 3388 4585 τοὺς
3416 4520 3692 4589 βαρϐάρους

2165 4605 2404 4673 πόλεμος
2437 4607 2594 4678 ἐδόθη
2623 4609 2798 4680 αὐτῷ,
2830 4611 2896 4662 ἵν’
2925 4611 3110 4676 αὐτοῖς
3137 4615 3567 4682 συμπλεκόμενος
3593 4609 3691 4676 ὅλη·

2163 4713 2274 4751 ται.
2307 4699 2379 4750 Οὐ
2417 4698 2641 4763 πιθανὸς
2669 4699 2715 4753 δ’
2738 4703 2866 4772 ἐμοί
2899 4720 2961 4770 γε
2992 4703 3114 4757 λίαν
3145 4707 3174 4758 ὁ
3205 4705 3379 4773 λόγος.
3403 4704 3462 4756 Τί
3487 4703 3584 4772 γὰρ
3612 4700 3690 4752 καὶ

2164 4788 2424 4858 Καίσαρα
2456 4789 2645 4843 τοῦτον
2678 4793 2852 4845 ἐποίει
2877 4793 2936 4847 τὺ
2966 4797 3085 4848 κατ’
3119 4798 3314 4866 ἀρχὰς,
3340 4797 3433 4850 καὶ
3454 4795 3541 4863 τὴν
3561 4792 3690 4844 ἁδελ-

2164 4879 2273 4945 φὴν
2298 4880 2378 4942 είς
2408 4882 2586 4950 γάμον
2616 4882 2825 4948 ἐδίδους
2861 4884 2927 4936 Τί
2958 4885 3015 4938 δὲ
3039 4885 3190 4957 αὕτῷ
3230 4890 3325 4940 καὶ
3353 4889 3411 4939 τὸ
3438 4880 3684 4937 πείθεσθαι

2164 4967 2260 5018 καὶ
2289 4967 2652 5023 ὑπαλλάττειν
2689 4972 2816 5034 τοὺς
2846 4973 3394 5044 ἐρῤᾳστωνευμένους
3420 4975 3519 5027 τῶν
3547 4985 3684 5040 στρα-

2164 5055 2348 5126 τηγῶν
2368 5073 2382 5088 °
2418 5061 2670 5124 καὶτοὺς
2723 5063 2863 5132 πρὸς
2912 5065 3095 5134 μάχην
3125 5065 3342 5119 ἔστελλε
3376 5064 3584 5128 δεξιοὺς,
3613 5060 3682 5111 ἵνα

493 5160 683 5200 ronam
717 5144 858 5198 inter
885 5143 1027 5198 duas
1057 5144 1342 5200 columnas
1375 5160 1725 5217 suspensam,
1753 5147 1916 5204 sicuti
1945 5163 2064 5203 mos

491 5248 578 5292 cst
601 5236 766 5290 nrbes
798 5250 1092 5300 exornare,
1123 5251 1287 5305 quam
1320 5236 1603 5305 aptissime
1634 5238 1684 5290 in
1711 5251 1880 5308 caput
1919 5255 2062 5311 prat-

494 5330 765 5386 tereuntis
793 5327 1086 5384 decidisse.
1133 5327 1262 5396 Quae
1299 5344 1386 5382 res
1436 5329 1723 5398 permultis
1754 5346 1852 5400 pro
1880 5334 2064 5387 omine

2168 5146 2373 5214 μᾶλλον
2401 5148 2726 5223 κατορθώσῃ
2747 5152 2840 5203 τὸν
2871 5153 3131 5221 πόλεμον,
3158 5154 3207 5205 εί
3237 5153 3308 5224 μὴ
3331 5153 3464 5221 φίλῳ
3487 5149 3676 5217 amco;

2167 5237 2512 5307 Συμϐάλλειν
2561 5245 2744 5296 τοίνυν
2794 5243 2966 5310 ἐστιν,
3000 5243 3077 5308 ώς
3111 5245 3298 5309 εὖνους
3349 5241 3411 5317 ἦν
3438 5240 3573 5308 αὐτῷ
3600 5237 3678 5304 τὴν

2166 5328 2343 5399 ἀρχὴν
2372 5333 2400 5383 ό
2447 5333 2688 5402 κρατῶν,
2716 5333 2840 5387 ὅθεν
2866 5335 3062 5389 ἀνεῖπε
3113 5337 3208 5390 καὶ
3241 5336 3506 5406 Καίσαρα.
3545 5331 3619 5391 Ὦς
3642 5326 3677 5377 δ’

542 5489 640 5554 ’(1)
669 5487 824 5542 Socr.
852 5485 1107 5541 Helenam
1142 5485 1326 5541 habet.

561 5559 642 5623 (2)
675 5557 894 5632 Socra_t._
917 5566 973 5610 et
1020 5557 1247 5625 Eutrop.
1276 5557 1483 5627 legatos
1518 5559 1570 5611 in
1622 5558 1839 5614 vincula
1873 5560 2062 5632 conje-

491 5635 610 5680 c’os
642 5643 766 5680 esse
794 5627 1023 5680 addunt.

571 5696 646 5767 ('5)
681 5697 835 5764 Apud
875 5698 1296 5766 Argentoratum
1325 5699 1573 5768 ingentes
1602 5698 1837 5754 hostium
1875 5701 2062 5770 copias

2164 5494 2386 5566 delevit.
2412 5495 2645 5553 Stabant
2666 5501 2848 5556 acervi
2871 5501 3198 5556 cadaverum
3232 5502 3486 5556 montium
3511 5497 3677 5566 instar.

2164 5563 2564 5644 {luebabcruor
2610 5569 2898 5644 lluminu_r_n
2931 5573 3112 5635 modo,
3143 5585 3331 5644 captus
3376 5587 3462 5626 ret
3507 5563 3676 5622 nobilis

2163 5634 2634 5704 Chonodomarus,
2670 5651 2776 5696 etc.
2811 5640 3085 5711 (Eutr0p.)
