3970 6190
395 275 506 344 ,443

1639 279 2058 341 NICEPIIORI
2104 279 2451 338 CALLISTI

3561 280 3630 344 Η
3644 285 3672 346 -ί

410 411 539 452 aere
576 396 629 450 in
662 396 840 466 ipsum
875 397 1218 466 comitesque
1248 396 1370 466 ejus
1399 394 1474 452 ita
1520 394 1753 449 dilfusus
1778 404 1884 457 est,
1917 400 1978 447 ut

2107 392 2333 460 ηὖράνιὸν
2367 393 2503 456 ἐστι,
2534 391 2630 445 καὶ
2663 391 2862 462 χρῆναι
2899 391 3105 455 πάντας
3148 396 3654 465 κατασημανθῆναι

409 496 566 555 gutta
595 487 856 556 quaelibet
885 487 937 541 in
969 488 1114 556 sagis
1144 487 1362 540 illorum
1394 486 1577 540 crucis
1607 485 1838 540 formam
1890 501 1978 541 re-

413 581 889 647 praesentaret._Et
915 580 1006 632 alii
1040 579 1261 649 quidem
1314 579 1476 633 aliter
1509 579 1752 648 prodigia
1814 590 1977 650 atque

409 670 610 723 indicia
647 670 762 723 hare
783 679 1140 738 acceperunt.
1176 669 1375 725 Verum
1403 685 1501 740 per
1556 685 1691 725 uvs
1725 671 1973 725 immatu-

410 777 500 816 ras
560 760 1006 830 intempestivum
1065 764 1186 830 ejus
1254 763 1592 833 minimeque
1645 763 1970 818 diuturnum

414 849 703 917 imperium
745 860 831 903 est
865 850 1232 921 designatum.
1270 853 1418 907 Crux
1472 863 1656 908 autem
1714 853 1980 909 Christia-

412 956 608 994 norum
673 942 979 996 doctrinam
1045 945 1323 999 ctelestem
1374 959 1514 1012 esse,
1563 961 1863 1016 omnesque
1915 962 1981 1002 ea

413 1036 723 1104 consignari
751 1047 1005 1105 Oportere
1056 1037 1352 1107 portendit.
1391 1039 1698 1110 Utrumque
1727 1056 1857 1096 sane
1891 1057 1983 1111 po-

411 1125 744 1180 sterioribus
794 1129 1138 1196 temporibus
1206 1144 1397 1184 verum
1426 1147 1546 1186 esse
1594 1132 1979 1187 conﬁrmatum

411 1227 515 1270 est.
542 1216 795 1272 Julianus
822 1220 913 1274 ubi
936 1223 988 1274 in
1007 1220 1252 1275 Thraciae
1275 1222 1541 1278 limitibus
1573 1224 1696 1288 fuit,
1715 1224 1984 1279 Constano

415 1307 527 1358 tius
555 1307 863 1361 exstinctus
901 1325 1023 1364 esse
1057 1311 1122 1364 ad
1153 1310 1322 1379 Mopsi
1354 1312 1534 1366 fontes
1560 1313 1740 1369 dictus
1765 1325 1848 1369 est
1874 1332 1887 1368 :
1922 1324 1984 1370 et

416 1397 534 1462 ipse
593 1397 1125 1469 ConstantinOpolim
1200 1403 1500 1473 ingressus,
1543 1405 1841 1475 imperator
1895 1415 1984 1462 est

415 1489 701 1563 salutatus.
741 1490 817 1543 lbi
857 1490 1159 1546 Constantii
1201 1493 1367 1548 funus
1408 1497 1691 1566 magniﬁce
1734 1499 1982 1552 curavit:

416 1588 579 1646 atque
614 1577 666 1632 id
697 1579 920 1650 dempto
953 1597 981 1635 a
1018 1585 1196 1651 capite
1255 1600 1356 1638 suo
1424 1585 1728 1643 diademate
1781 1589 1984 1651 produ-

2088 481 2238 552 αὒτῷ
2263 497 2278 514 ⁸
2307 481 2344 536 ἃ,
2377 483 2440 552 δή
2467 483 2565 536 καὶ
2594 483 2671 552 τῷ
2706 485 2885 553 χρόνῳ
2915 483 3075 552 ἔσχον
3107 486 3166 537 τὸ
3193 485 3434 554 βέϐαιον.
3479 485 3572 548 Ὦς
3604 485 3664 539 δὲ

2088 577 2218 645 περὶ
2273 575 2344 628 τὰ
2400 577 2508 628 τῶν
2538 576 2773 650 Θρᾳκῶν
2826 575 3046 644 ἐγένετο
3096 577 3243 646 ὅρια,
3279 579 3668 642 Κωνστάντιος

2095 669 2194 737 μὲν
2219 668 2521 738 ἠγγέλλετο
2554 669 2814 738 τελευτᾷν
2855 671 2988 737 περὶ
3017 670 3208 738 Μόψου
3243 674 3479 740 κρήνας’
3520 673 3666 724 ἐκεῖ·

2093 776 2180 822 νος
2213 759 2268 812 δὲ
2303 759 2403 828 τὴν
2440 761 2855 812 Κωνσταντίνου
2911 760 3258 822 καταλαόὼν,
3295 761 3663 830 αὐτοκράτωρ

2092 853 2424 922 ἀνηγόρευτο
2467 851 2720 922 βασιλεύς
2747 868 2761 882 ’
2797 859 2892 905 καὶ
2920 852 3012 904 τὸν
3055 853 3247 920 νεκρὸν
3280 854 3663 906 Κωνσταντίου

2096 943 2536 1013 μεγαλοπρεπῶς
2569 945 2795 1012 ἐκήδευε
2816 959 2830 974 ⁸
2858 944 2956 996 καὶ
2975 944 3402 1013 προεπόμπευεν
3427 945 3663 1008 ἐκείνου,

2091 1035 2190 1104 τῆς
2217 1036 2462 1104 κεφαλῆς
2485 1037 2825 1105 ἀφελόμενος
2855 1037 2918 1088 τὸ
2951 1035 3213 1106 διάδημα,
3245 1036 3424 1104 τιμῶν
3452 1036 3546 1090 τὸν
3583 1054 3669 1088 νε-

2093 1130 2246 1200 κρδν,
2280 1122 2344 1182 οὗ
2369 1130 2468 1198 τὴν
2507 1129 2653 1199 ζωὴν
2683 1129 3084 1198 ἐπεστράτευε-ιι
3135 1128 3378 1194 ἀφελεῖν.
3438 1129 3555 1196 Ἐφ’
3585 1124 3668 1189 οἷς

2096 1222 2362 1291 Ἕλληνες
2424 1221 2838 1288 λογοποιοῦντες
2887 1216 3051 1288 ἦσαν,
3099 1221 3174 1281 ὡς
3229 1221 3349 1291 ᾔδει
3405 1220 3507 1287 τὴν
3559 1219 3669 1272 τῶν

2098 1313 2447 1382 πραγμάτων
2498 1312 2805 1383 μεταϐολήν
2858 1315 3091 1382 μαντικῇ
3125 1329 3230 1365 τινι
3281 1311 3445 1381 τέχνῃ
3477 1313 3504 1363 ὁ
3533 1313 3670 1370 ’1ουο

2091 1405 2293 1468 λιανδς,
2318 1406 2416 1458 καὶ
2436 1404 2525 1458 διὰ
2547 1405 2704 1457 τοῦτο
2722 1404 2821 1474 τήν
2838 1405 2932 1457 ἐπὶ
2957 1404 3180 1474 Θρᾴκης
3202 1404 3469 1473 ὁρμῆσαι.
3491 1402 3671 1462 Τοῦτο

2091 1497 2138 1549 δ’
2167 1493 2233 1566 ἦν
2257 1497 2323 1550 ἂν
2347 1499 2404 1550 έν
2425 1497 2504 1566 τῷ
2531 1497 2784 1564 ἀσφαλεῖ,
2819 1497 2867 1550 εί
2893 1497 2985 1548 καὶ
3015 1495 3192 1564 ἑαυτῷ
3215 1495 3330 1565 ᾔδει
3359 1496 3486 1548 ὅσον
3513 1492 3671 1547 οὔπω

2091 1589 2337 1659 ἥκουσαν
2367 1589 2466 1658 τὴν
2494 1587 2774 1658 τελευτήν,
2801 1589 2874 1649 ῶς
2899 1589 2956 1640 ὲν
2981 1586 3176 1655 ὀνείρῳ
3203 1586 3302 1654 τῆς
3332 1586 3509 1654 ἀρχῆς
3539 1600 3672 1651 γευ-

416 1684 548 1724 cens
575 1681 797 1726 secutus
829 1684 932 1735 est,
993 1686 1268 1729 mortuum
1313 1692 1438 1731 eum
1475 1679 1682 1735 honore
1719 1679 1982 1744 afﬁciens,

2107 1681 2328 1751 ταςιένῳ.
2364 1681 2473 1733 Καὶ
2505 1675 2613 1749 γὰρ
2645 1677 2898 1749 εὐηθείας
2933 1679 2993 1731 οὐ
3025 1680 3214 1748 πόρρω
3237 1679 3318 1742 τὸ,
3354 1678 3670 1744 πρόγνωσιν

419 1763 579 1832 cujus
624 1764 790 1818 vitam
853 1765 1066 1821 infestis
1107 1767 1278 1837 signis
1325 1771 1576 1838 petierat.
1635 1771 1808 1826 Graeci
1855 1789 1987 1829 sane

2107 1773 2359 1842 ext-pedm.
2387 1771 2485 1842 τὴν
2519 1770 2782 1839 τελευτὴν
2808 1769 3216 1833 Κωνσταντξου,
3247 1768 3341 1821 καὶ
3373 1767 3471 1838 τήν
3495 1767 3668 1819 αὐτοῦ

418 1855 768 1909 sermonibus
820 1866 932 1910 tum
987 1858 1284 1928 jactarunt,
1319 1857 1602 1915 lulianum
1655 1863 1988 1918 vaticinandi

2107 1881 2142 1914 .v
2180 1863 2407 1932 Περσῶν
2435 1863 2607 1932 ὁρίοις
2639 1861 2876 1931 σφαγὴν,
2909 1861 3106 1914 ἑκόντα
3133 1860 3268 1931 πρὸς
3310 1859 3402 1911 τὸν
3433 1859 3672 1910 θάνατον

425 1945 658 2014 quadam
717 1959 835 2001 arte
865 1964 983 2002 eam
1021 1964 1204 2004 rerum
1258 1953 1616 2006 mutationem
1649 1953 1988 2021 praevidisse,

2107 1955 2370 2008 ἱλλεσθαι.
2423 1954 2584 2024 Αὐτῷ
2622 1956 2724 2025 μὲν
2748 1955 2858 2023 γὰρ
2904 1953 3163 2006 ἀδουλίαν
3205 1952 3443 2004 ἐστικαὶ
3473 1948 3673 2018 ἅμαθῆ

420 2045 476 2090 et
503 2037 573 2090 ob
606 2035 657 2090 id
688 2038 740 2091 in
773 2038 1060 2094 Thraciam
1101 2057 1443 2111 properasse.
1466 2043 1619 2110 Quod
1659 2044 1840 2099 hercle
1871 2060 1992 2100 cer-

2107 2049 2433 2116 ττρατηγίας
2457 2047 2616 2111 δόξαν
2653 2044 2955 2114 προσάψαι,
2981 2047 3047 2114 τῇ
3082 2043 3139 2096 δὲ
3174 2043 3475 2112 Ῥωμαίων
3517 2041 3670 2110 ὑπη-

426 2139 542 2183 ιιιιη
588 2129 776 2184 haberi
819 2141 1020 2199 posset,
1071 2134 1116 2187 si
1159 2146 1316 2186 suum
1352 2133 1467 2203 ipse
1519 2151 1736 2205 quoque
1777 2137 1984 2191 obitum

2107 2142 2202 2208 ιὸῳ
2230 2139 2312 2201 εἰς
2355 2137 2512 2191 τόσον
2543 2138 2874 2207 περιστῆσαι
2915 2137 3006 2190 τὸν
3046 2136 3314 2200 κίνδυνον,
3355 2135 3430 2196 ὡς
3480 2137 3674 2186 πᾶσαν

417 2219 643 2290 jamjam
680 2221 729 2276 ei
758 2223 1151 2288 imminentem,
1183 2226 1274 2294 qui
1302 2227 1454 2295 quasi
1487 2227 1539 2281 in
1575 2229 1781 2283 somnis
1813 2231 1986 2298 impe-

2107 2232 2283 2298 ιχεδὸν
2313 2218 2426 2300 ἢτδ
2457 2231 2710 2283 πλεῖστον
2752 2230 2918 2301 μέρος
2943 2229 3050 2281 ὑπὸ
3097 2229 3314 2299 Πέρσας
3348 2227 3553 2298 πρᾶξαι
3578 2241 3675 2293 γε·

423 2309 566 2362 rium
602 2320 811 2366 tantum
845 2313 1175 2381 degustavit,
1207 2316 1453 2370 vidisset.
1489 2317 1648 2372 Esset
1691 2333 1924 2388 namque
1955 2335 1985 2374 a

2107 2323 2306 2376 θέσθαι.
2343 2322 2515 2374 Τοῦτο
2543 2324 2640 2391 μὲν
2669 2313 2770 2374 ὦδε
2805 2322 3030 2374 κείσθω.

423 2401 654 2457 stultitia
687 2419 792 2458 non
818 2404 1080 2472 alienum,
1109 2408 1154 2462 si
1178 2409 1292 2477 ipse
1315 2417 1368 2463 et
1429 2409 1737 2465 Constantii
1810 2423 2062 2478 mortem,
2101 2424 2158 2468 et
2193 2431 2346 2468 suam
2384 2415 2438 2468 in
2473 2415 2762 2469 Persarum
2826 2413 3027 2469 ﬁnibus
3073 2413 3274 2468 caedem
3319 2417 3674 2480 prospectem

423 2497 654 2563 habens,
688 2517 784 2556 sua
819 2511 1012 2572 sponte
1053 2501 1121 2557 ad
1158 2503 1442 2558 interitum
1518 2507 1883 2575 prosiluisset.
1949 2509 2064 2565 Hoc
2102 2511 2324 2580 quidem
2389 2526 2496 2565 non
2563 2510 2708 2565 aliud
2753 2518 2857 2575 est,
2920 2524 3082 2579 quam
3138 2508 3240 2577 ipsi
3295 2507 3666 2561 inconsultam

425 2596 788 2650 temeritatem
815 2605 870 2650 et
915 2596 1280 2666 imperatoriae
1309 2598 1443 2652 artis
1505 2598 1832 2667 imperitiam
1900 2603 2188 2672 aiiingere:
2257 2604 2547 2674 imperium
2595 2617 2777 2658 autem
2807 2603 3175 2658 Romanorum
3209 2603 3262 2656 in
3297 2611 3501 2656 tantum
3535 2619 3677 2658 con-

421 2692 592 2761 jicere
625 2691 950 2760 pericuium,
997 2701 1056 2745 ut
1104 2691 1152 2745 id
1198 2690 1312 2746 fere
1365 2702 1564 2759 totum,
1611 2703 1708 2747 aut
1758 2696 1992 2750 maxima
2031 2707 2179 2753 certe
2214 2715 2280 2754 ex
2337 2710 2513 2769 parte,
2554 2699 2736 2755 Persis
2774 2699 2846 2754 sit
2894 2699 3197 2754 subditum.
3260 2696 3383 2753 llaec
3435 2699 3663 2768 quidem

429 2785 716 2838 hactenus.

967 2877 1069 2946 ιε
1105 2875 1330 2934 CAPUT
1383 2878 1469 2935 ut.

434 2967 502 3022 Ut
532 2968 838 3023 Christiano
871 2969 1120 3047 abjureto
1151 3011 1164 3031 .
1193 2969 1442 3047 Julianus
1475 2976 1529 3047 in
1567 2975 1829 3047 idolorum
1860 2979 1998 3047 fanis

499 3051 796 3111 versaretur
829 3051 920 3111 ;_et
955 3050 1010 3092 ut
1042 3041 1180 3093 inter
1209 3042 1622 3111 sacriﬁcandum
1648 3045 1703 3097 in
1731 3041 1994 3102 horrenda

499 3117 706 3176 spectra
731 3109 1000 3163 inciderit.

501 3220 753 3278 Julianus
784 3238 949 3292 porro
1003 3227 1234 3295 ituperio
1264 3229 1491 3298 potitus,
1521 3238 1626 3285 tam
1655 3233 1999 3302 impudenter

432 3325 490 3369 et
522 3328 710 3384 aperte
750 3315 956 3372 dicitur
1003 3320 1326 3388 religionem
1361 3322 1662 3392 abjurasse,
1717 3334 1776 3378 ut
1820 3327 1996 3394 ipsum

430 3408 598 3462 etiam
641 3415 1019 3478 pernegaverit
1043 3409 1342 3478 Christum,
1371 3424 1425 3468 et
1449 3416 1733 3469 sacriﬁciis
1773 3416 2000 3485 quibus-

431 3501 557 3555 dam
594 3499 1018 3573 da'monuntque
1086 3506 1427 3563 detestandis
1476 3509 1914 3564 invocationibus
1944 3520 2001 3561 et

437 3593 784 3649 victimarum
837 3598 1102 3667 sanguine
1151 3615 1366 3654 sacrum
1414 3603 1648 3657 abluet-it
1702 3605 1999 3670 lavacrum,

437 3694 600 3754 atque
627 3687 866 3756 seipsum
894 3681 928 3742 'a
975 3692 1250 3760 mysteriis
1288 3693 1544 3749 Ecclesia:
1588 3707 1999 3751 exauctoratum

437 3777 764 3832 errluserit:
793 3788 847 3852 et
878 3779 1140 3852 deinceps
1167 3799 1274 3837 non
1301 3790 1459 3838 modo
1478 3788 1750 3855 privatim.
1785 3789 1877 3843 sed
1908 3807 2005 3859 pu-

441 3868 583 3925 blice
609 3871 796 3938 etiatn,
829 3889 1170 3945 quiscunque
1205 3875 1410 3932 Cra-cis
1435 3881 1826 3948 permittuntur
1851 3896 2003 3935 sacra

440 3972 498 4017 et
528 3964 815 4027 sacriﬁcia,
849 3967 930 4021 eis
982 3976 1246 4021 uteretur.
1283 3967 1573 4023 Enimvero
1623 3972 1919 4024 solemnem
1953 3972 2004 4025 ei

452 4057 685 4111 hostiam
718 4059 998 4119 maetanti.
1033 4060 1086 4112 in
1117 4061 1256 4115 extis
1288 4060 1407 4131 ejus
1440 4062 1624 4115 crucis
1673 4061 1885 4132 signum
1915 4077 2006 4116 co-

441 4162 574 4200 rona
625 4148 1028 4202 circumdatum
1073 4152 1390 4219 apparuisse
1427 4153 1648 4209 dicitur.
1720 4154 1876 4220 Quod
1924 4155 2007 4208 eis

443 4237 536 4305 qui
577 4236 653 4290 illi
690 4252 856 4306 epera
889 4240 1114 4303 dabant,
1157 4255 1266 4294 non
1302 4258 1527 4310 parvum
1579 4245 1808 4300 incussit
1849 4247 2009 4300 timo-

444 4343 582 4389 rem,
611 4327 812 4384 Christi
844 4330 1141 4399 potentiam
1165 4332 1582 4404 doctrinamque
1609 4347 1850 4391 nostram
1883 4353 2009 4406 per-

2699 2882 2951 2935 ΚΕΦΑΛ.
2990 2881 3066 2936 ῐν.

2105 2977 2305 3038 ”Οπως
2335 2975 2405 3030 τὰ
2436 2973 2809 3044 Χριστιανῶν
2832 2974 3279 3042 ἐξομοσάμενος
3309 2973 3672 3043 Ἰουλιανὸς,

2176 3043 2504 3110 είδωλείοιζ*
2561 3043 2890 3114 ἐσχόλαζε·
2942 3044 3042 3098 καὶ
3092 3045 3309 3110 θυσίας
3347 3045 3672 3114 ἐπιτελῶν,

2173 3116 2450 3186 φάσμασι
2480 3116 2886 3182 περιέπιπτεν.

2169 3229 2405 3295 Λέγεται
2443 3226 2487 3281 δ’
2520 3227 2596 3290 ὡς
2647 3228 3040 3297 ἁρπασάμενον
3080 3227 3178 3296 τήν
3240 3227 3435 3297 ἀρχὴν,
3471 3227 3674 3298 ἀνέδην

2101 3319 2243 3374 οὕτω
2266 3319 2356 3373 καὶ
2378 3321 2690 3390 περιφανῶς
2725 3319 2888 3390 μήτοι
2911 3337 2973 3388 γε
3003 3321 3059 3373 τὸ
3087 3322 3250 3383 σέϐας
3280 3321 3672 3388 ἐξομόσασθαι,

2101 3417 2236 3470 ἀλλὰ
2262 3419 2355 3470 xal.
2378 3418 2540 3470 αὑτὸν
2562 3418 2989 3488 ἀπαρνήσασθαι
3018 3420 3111 3470 τὸν
3139 3421 3373 3490 Χριστόν
3393 3437 3407 3450 °
3435 3423 3528 3475 καί
3557 3440 3670 3475 τισι

2103 3507 2316 3573 θυσίαις
2383 3510 2478 3562 καὶ
2539 3509 2862 3578 ἐπικλήσεσι
2919 3511 3189 3578 δαιμόνων
3246 3514 3667 3583 ἀποτροπαίοις,

2104 3602 2318 3670 ἱερείων
2374 3619 2433 3654 τε
2477 3602 2697 3671 ατμασι,
2753 3603 2812 3656 τὸ
2840 3602 2982 3656 θεῖον
3014 3605 3237 3672 λουτρὸν
3267 3605 3666 3674 ἀπονίψασθαι,

2105 3693 2340 3754 καὶτοῖς
2375 3694 2696 3762 μυστηρίοις
2747 3695 2843 3762 τῆς
2875 3695 3203 3766 Ἐκκλησίας
3257 3697 3666 3762 ἀποτάξασθαι·

2103 3785 2199 3834 καὶ
2251 3784 2312 3836 τὸ
2364 3783 2614 3835 ἐντεῦθεν
2671 3785 2734 3837 οὐ
2805 3787 2928 3838 καθ’
2954 3787 3145 3839 ἑαυτὸν
3193 3789 3378 3857 μόνον,
3411 3790 3545 3841 ἀλλὰ
3577 3791 3675 3844 καὶ

2105 3872 2415 3942 παῤῥησῖᾳ,
2451 3875 2552 3926 ὅσα
2615 3873 2875 3943 Ἕλλησιν
2926 3878 3004 3938 είς
3041 3875 3235 3929 θυσίαν
3271 3879 3500 3939 ἀνεῖται,
3536 3880 3683 3946 χρῆ-

2107 3962 2250 4014 σθαι.
2285 3962 2456 4028 Λόγος
2510 3961 2641 4029 γοῦν
2694 3963 2844 4032 αὑτῷ
2900 3982 3027 4017 ποτε
3060 3965 3158 4034 τὴν
3217 3965 3426 4036 συνήθη
3475 3967 3679 4018 θυσίαν

2106 4043 2496 4122 προσφέροντι,
2528 4052 2588 4106 τὸ
2612 4053 2706 4106 τοῦ
2733 4055 2968 4125 σταυροῦ
2990 4057 3174 4126 σχῆμα
3198 4061 3309 4119 τοῖς
3342 4059 3682 4126 σπλάγχνοις

2106 4145 2199 4196 τοῦ
2233 4145 2430 4211 ἱερείου
2485 4145 2744 4214 φανῆναι,
2783 4147 3050 4214 στεφάνου
3088 4148 3251 4200 αὐτὸν
3286 4150 3677 4215 περιθέοντοςο

2107 4235 2135 4289 ὃ
2162 4239 2271 4301 τοῖς
2305 4239 2430 4305 περὶ
2461 4238 2666 4308 ἐκεῖνον
2711 4239 3107 4308 ήσχολημένοις
3143 4240 3262 4302 δέος
3297 4241 3414 4294 οῠτι
3453 4246 3682 4313 μέτριον

2110 4327 2294 4398 ἐνῆκε,
2327 4331 2426 4401 τήν
2461 4329 2556 4382 τοῦ
2595 4329 2834 4400 Χριστοῦ
2887 4332 3064 4401 ἰσχὺν,
3091 4333 3268 4385 καὶτὸ
3296 4334 3543 4402 διηνεκὲς
3580 4337 3682 4389 τοῦ

449 4431 615 4488 petuo
674 4421 1017 4485 duraturam,
1079 4433 1387 4494 suspectam
1441 4426 1802 4483 habentibus:
1861 4431 1997 4499 quod

2115 4422 2383 4491 δόγματος
2443 4419 2854 4490 ὑπειδομένοιςο
2904 4424 2996 4476 τὸν
3053 4425 3161 4492 γὰρ
3197 4424 3464 4490 στέφανον
3516 4430 3684 4496 νίκης

445 4528 646 4568 corona
673 4515 916 4569 victoriae
948 4516 1162 4586 signum
1201 4525 1366 4583 esset,
1394 4528 1451 4572 et
1479 4520 1764 4575 circularis
1809 4520 2005 4588 forma,

445 4607 594 4660 omni
625 4622 692 4660 ex
720 4617 872 4677 parte
925 4607 1140 4662 initium
1171 4609 1417 4679 capiens,
1474 4619 1638 4680 atque
1682 4613 1736 4665 in
1770 4611 2007 4682 seipsam

444 4695 727 4760 desinens,
765 4698 926 4753 ﬁnem
965 4700 1174 4754 nullum
1229 4702 1600 4771 portenderet.
1634 4705 1701 4756 At
1749 4705 2010 4759 sacerdos

447 4791 541 4859 qui
574 4806 730 4845 sacro
755 4792 990 4860 praeiuit,
1026 4807 1094 4846 ne
1151 4809 1215 4847 ea
1252 4809 1311 4848 re
1362 4795 1804 4864 perturbaretnr,
1856 4797 2006 4850 illum

447 4880 762 4934 adtuOnuEt:
800 4883 1073 4936 victimam
1111 4883 1256 4936 enim
1293 4899 1494 4937 novum
1521 4885 1777 4953 quiddam
1826 4896 2011 4940 osten-

449 4972 604 5036 dere,
660 4971 1032 5028 Christianum
1067 4974 1280 5028 scilicet
1330 4975 1522 5046 dogma
1557 4979 1664 5046 jatn
1701 4978 2008 5045 comprimi,

449 5075 504 5120 et
535 5064 603 5120 ad
637 5064 876 5134 seipsum
931 5066 1152 5127 reverti,
1203 5066 1444 5133 circulo,
1500 5082 1568 5121 ne
1617 5069 1778 5122 sicuti
1834 5069 2008 5138 prius,

452 5157 654 5212 ﬁnibus
696 5156 862 5210 nullis
915 5157 1254 5221 constitutis,
1285 5174 1614 5228 quocunque
1679 5162 1839 5214 vellet
1889 5161 2010 5215 loco

444 5246 606 5318 longe
633 5247 849 5317 lateque
872 5258 1284 5318 propagaretur,
1315 5249 1370 5302 in
1392 5259 1678 5319 angustum
1703 5251 2006 5304 redactum.

445 5340 567 5396 Alio
602 5342 731 5396 item
766 5351 1031 5411 tempore,
1061 5356 1183 5394 cum
1215 5341 1430 5396 celebre
1459 5342 1730 5410 quoddam
1786 5343 2009 5410 adytum

443 5432 799 5490 divinationis
823 5433 990 5503 gratia
1021 5431 1251 5495 subiret,
1279 5441 1336 5488 et
1367 5433 1548 5486 subito
1592 5449 1711 5488 sese
1735 5433 2010 5490 horrenda

445 5529 692 5593 quaedam
725 5535 938 5595 spectra
972 5525 1300 5594 ingererent.
1337 5525 1456 5594 ejus
1491 5529 1567 5577 rei
1603 5536 1826 5594 prepter
1847 5543 2010 5595 quam

446 5613 726 5682 ingressus
758 5614 958 5681 iuerat,
983 5614 1186 5669 oblitus
1218 5620 1396 5682 (aetate
1415 5615 1558 5667 enim
1584 5617 1923 5684 provectiore
1947 5621 2009 5672 ad

450 5705 720 5760 idolorum
750 5723 901 5762 sacra
930 5709 985 5763 se
1003 5709 1356 5779 contulerat),
1387 5709 1526 5777 quod
1556 5708 1606 5761 in
1638 5708 1800 5764 rebus
1832 5710 2012 5764 dubiis

2111 4508 2251 4562 εἶναι
2283 4512 2506 4578 σημεῖον
2528 4526 2544 4541 ο
2582 4511 2674 4561 καὶ
2705 4511 2731 4562 ὁ
2785 4509 2983 4572 κύκλος
3024 4514 3085 4562 τὸ
3117 4509 3378 4563 πάντοθεν
3409 4514 3683 4581 ἄρχεσθαι

2111 4606 2204 4659 καὶ
2234 4604 2422 4675 λήγειν
2451 4606 2529 4666 είς
2553 4603 2749 4655 ἑαυτὸν
2769 4605 2829 4654 τὸ
2861 4595 3131 4671 μηδαμῶς
3156 4603 3327 4672 πέρας
3359 4604 3499 4674 ἔχειν
3525 4607 3686 4676 ᾐνίσ-

2114 4716 2258 4754 σετο.
2328 4696 2388 4750 Ὀ
2427 4697 2483 4749 δὲ
2537 4694 2798 4763 τελευτῆς
2856 4694 3100 4765 ἀρχηγὸς
3162 4695 3237 4765 μὴ
3306 4698 3684 4763 ταράττεσθαι

2113 4788 2410 4858 παρηγγύα
2439 4804 2451 4819 ·
2482 4787 2632 4852 ξένον
2655 4789 2763 4857 γάρ
2789 4801 2838 4838 τι
2857 4785 3051 4854 δηλοῦν
3081 4787 3142 4838 τδ
3162 4787 3390 4853 σφάγιον
3414 4804 3428 4817 ο
3458 4791 3686 4842 συστέλ-

2111 4880 2298 4932 λεσθαι
2323 4880 2430 4947 γὰρ
2457 4879 2555 4948 ήδη
2585 4879 2644 4930 τὸ
2679 4877 2854 4947 δόγμα
2885 4877 2980 4928 καὶ
3009 4877 3144 4945 πρὸς
3163 4877 3324 4930 ἑαυτὸ
3350 4881 3572 4948 χωρεῖν,
3599 4881 3683 4951 τῷ

2113 4973 2298 5041 κύκλῳ
2353 4971 2891 5038 στενοχωρούμενον·
2957 4971 3053 5021 καὶ
3093 4970 3166 5038 μή
3231 4969 3418 5039 ὥσπερ
3483 4968 3684 5040 πρώην

2115 5066 2512 5132 ἀπεριορίστως
2559 5061 2952 5123 πλατύνεσθαι,
3007 5062 3104 5114 καὶ
3135 5062 3220 5130 ἐφ’
3262 5061 3354 5124 οὒς
3383 5064 3446 5114 ἂν
3471 5065 3685 5131 αἱροῖτο

2117 5159 2311 5226 χωρεῖν
2335 5169 2348 5184 ⁶
2381 5155 2569 5207 ἄλλοτε
2601 5152 2645 5205 δ’
2677 5149 2836 5214 αὖθις
2862 5153 2955 5205 ἐπί
2989 5169 3041 5204 τι
3075 5155 3182 5205 τῶν
3235 5155 3524 5223 ἐπισήμων
3555 5155 3686 5207 ἁδύ-

2111 5264 2220 5298 των
2267 5248 2528 5316 μαντείας
2560 5245 2715 5315 χάριν
2764 5243 2877 5306 ἰῶν,
2928 5243 3158 5307 ἐξάπινα
3189 5247 3493 5315 φασμάτων
3515 5241 3685 5300 τινῶν

2115 5339 2404 5408 φρικωδῶν
2469 5336 2912 5405 προσϐαλόντων,
2945 5335 3056 5387 τῶν
3116 5335 3203 5404 ἐφ’
3234 5335 3270 5389 ἃ
3319 5337 3511 5408 κατῄει
3548 5341 3685 5405 πρὶς

2115 5431 2284 5498 λήθην
2309 5427 2478 5482 ἐλθὼν
2504 5425 2636 5500 (ὀψὲ
2667 5429 2776 5498 γὰρ
2807 5427 2906 5494 τῆς
2936 5427 3154 5496 ἡλικίας
3188 5431 3266 5491 εἰς
3294 5429 3446 5482 ταῦθ’
3487 5425 3683 5500 ἧκεν),

2116 5525 2323 5587 εἰωθὼς
2348 5523 2422 5576 ῶν
2453 5525 2509 5576 ὲν
2531 5523 2758 5592 ἀπόροις
2788 5521 2864 5590 τῷ
2890 5522 3170 5591 σταυρικῷ
3196 5522 3410 5590 σημείῳ
3442 5521 3687 5590 χρῆσθαι

2117 5618 2252 5685 πρὸς
2284 5617 2525 5684 ἀρωγὴν,
2564 5614 2640 5674 ὡς
2691 5615 2786 5665 καὶ
2836 5609 2992 5673 αὖθις
3023 5613 3292 5675 κινδύνοις
3323 5614 3686 5682 περιληφθεὶς

2118 5709 2190 5776 τῷ
2224 5707 2442 5775 συνήθει
2482 5707 2804 5774 ἀμυντηρῖῳ
2851 5705 3144 5775 ἐχρήσατο.
3199 5704 3288 5773 Τῷ
3322 5706 3432 5772 γὰρ
3460 5704 3573 5756 δέει
3606 5703 3687 5774 τῷ
