3970 6190
275 326 370 388 ιιδ
1069 389 1082 408 ε,
1181 331 1782 393 προιεςιιιετίρεε
1828 333 2218 395 HISTORIA;
2257 337 2404 398 LIB.
2450 337 2526 401 Χ.
3322 323 3326 334 ’
3409 346 3512 408 tto

276 434 499 506 Χριστοῦ
537 433 786 505 συμϐόλῳ
807 433 1002 492 ἑαυτὸν
1035 440 1464 510 κατεσφράγιζε.
1491 442 1600 495 Καὶ
1634 443 1834 496 αὐτίκα
1863 467 1877 508 λ

1988 457 1996 497 '.
2056 446 2386 514 periculosis
2414 446 2599 502 crucis
2627 446 2911 516 signaculo
2944 455 3199 517 tanquam
3256 457 3510 521 praesenti

274 527 472 597 φροῦδα
508 526 706 589 πάντα,
734 526 832 580 καὶ
874 528 934 580 τὸ
970 529 1110 596 πρὸς
1143 531 1382 601 σπουδῆς
1427 532 1712 602 ἄπρακτον
1745 529 1836 603 ἦν.

1988 538 2149 592 uxilio
2169 539 2246 592 uti
2276 539 2683 605 consuevisset,
2716 539 2886 594 veluti
2915 541 3234 596 discrimine
3281 545 3508 597 circutu-
3567 591 3574 596 .

284 619 367 674 'Ev
396 617 600 687 ἀπορίᾳ
643 617 701 670 δὲ
744 619 1044 686 γενόμενος
1097 623 1125 674 ὁ
1165 621 1267 690 τῆς
1320 622 1544 692 τελετῆς
1586 624 1836 695 ἔξαρχος*

1988 639 2160 692 entus,
2198 630 2264 684 ad
2315 641 2640 684 consuetum
2699 632 3011 698 praesidium
3071 634 3352 702 confugit:
3420 652 3513 703 per

273 710 428 778 γνούς
465 727 524 762 τε
552 709 652 775 τῆς
681 709 789 764 τῶν
812 709 1085 772 δαιμόνων
1119 712 1387 781 ἁφανείας
1416 714 1476 767 τὸ
1506 715 1700 779 αἴτιον,
1735 716 1842 767 Μι-

1988 736 2191 776 morem
2225 723 2367 776 enim
2397 738 2455 776 se
2484 723 2686 776 Christi
2720 725 2874 793 signo
2899 726 3271 794 consigttavit,
3297 737 3350 779 et
3387 743 3518 782 eou-

275 802 560 872 σήσαντις,
577 796 752 904 εἶπεν,
773 794 978 871 οἷάπερ
1001 802 1156 870 ἄγος,
1198 803 1258 855 τὸ
1293 802 1584 873 σύμϐολον,
1603 805 1842 872 ἀπέδρα-

1988 813 2120 867 εειίηι
2156 813 2338 868 omnia
2369 829 2666 869 evanuere.
2701 815 2774 868 Ita
2805 831 2892 869 res
2926 832 3046 881 qua:
3079 827 3282 871 tentata
3316 820 3513 880 fuerat,

277 906 370 940 σαν
391 904 408 918 ·
439 890 533 941 καὶ
559 886 718 951 αὖθις
745 891 999 955 γενναῖον
1028 886 1194 956 εἶναι,
1222 891 1393 959 μηδέν
1425 908 1479 943 τι
1516 892 1841 960 παραδεῖξαι

1988 904 2143 956 πίθοιο
2192 912 2304 956 tum
2340 905 2662 972 permansit.
2707 903 2856 958 Sacri
2891 921 3022 958 vero
3089 909 3207 977 ejus
3264 911 3514 972 antistes,

275 981 656 1049 Χριστιανικὸν
713 980 747 1049 ἢ
796 980 1614 1052 ἐννοῆσαι,·είσηγησάμενος,
1677 985 1842 1038 πάλιν

1988 996 2088 1048 uod
2118 995 2249 1064 quid
2291 1005 2500 1065 ageret,
2555 997 2837 1059 nesciret,
2899 1013 3115 1052 causam
3175 1008 3356 1052 autem
3420 1017 3515 1054 cur

273 1067 400 1142 ἦγεν
432 1072 524 1124 ἐπὶ
548 1072 647 1141 τὴν
677 1072 926 1142 τελετήν.
951 1072 1140 1128 Ταῦτα
1163 1073 1227 1144 δὴ
1258 1075 1609 1142 Χριστιανοτς
1649 1079 1844 1131 ἀκουό-

1988 1103 2224 1148 azmones
2250 1089 2670 1157 disparuissent,
2695 1105 2802 1142 non
2830 1090 3140 1159 ignoraret:
3177 1092 3520 1162 Aul'ugeruut

277 1183 427 1234 μενα,
477 1166 538 1217 ού
597 1165 836 1234 μετρίως
877 1165 1171 1219 καθίκετο·
1225 1166 1492 1235 περιδεεῖς
1527 1170 1635 1240 γὰρ
1676 1165 1840 1240 ἦσαν,

1991 1180 2050 1242 li,
2080 1180 2280 1248 inquit,
2311 1181 2456 1248 quod
2486 1181 2701 1250 signum
2735 1181 2840 1235 hoc
2869 1183 3100 1250 perinde
3129 1191 3294 1251 atque
3355 1200 3522 1237 exse-

275 1257 649 1319 σπουδάζοντα
680 1257 813 1327 περὶ
845 1257 1019 1310 ταῦτα
1041 1258 1133 1310 τὸν
1164 1257 1394 1328 βασιλέα
1426 1261 1712 1331 θεώμενοι,
1749 1266 1845 1318 καὶ

1988 1270 2217 1325 randum
2259 1272 2536 1341 piaculum
2565 1271 2752 1326 odere.
2778 1273 2846 1326 Et
2879 1272 3222 1327 admonitum
3252 1273 3432 1336 illum,
3465 1283 3525 1326 ut

272 1349 343 1407 είς
365 1347 478 1409 δέος
518 1347 852 1398 καθίσταντο
877 1345 1158 1415 διωγμῶν.
1190 1349 1302 1403 Καὶ
1331 1350 1362 1418 ἡ
1388 1351 1687 1417 προσδοκία
1721 1355 1845 1421 μεί-

1988 1361 2074 1416 ›ι·ῑί
2105 1372 2255 1416 esset
2287 1363 2492 1426 animo,
2543 1378 2721 1432 neque
2749 1364 3049 1433 quidquam
3085 1363 3406 1419 Christiame
3447 1366 3523 1418 rei

276 1436 378 1499 ζων
425 1438 521 1505 τῆς
568 1435 768 1503 πείρας
820 1435 1158 1506 ἐτύγχανεν·
1207 1439 1401 1510 ἀήθεις
1431 1441 1540 1511 γὰρ
1587 1443 1666 1512 τῷ
1696 1446 1846 1515 μέσῳ

1988 1453 2236 1506 xhiberet
2268 1463 2366 1506 aut
2391 1453 2676 1522 cogitaret,
2728 1468 2946 1508 rursum
2982 1455 3047 1508 ad
3082 1470 3299 1509 sacrum
3343 1455 3395 1508 id
3426 1459 3524 1508 tlu-

276 1532 445 1600 χρόνῳ
471 1531 583 1580 τῶν
598 1531 861 1582 τοιούτων
878 1531 1290 1600 γεγενημένους
1311 1533 1521 1600 δεινῶν,
1544 1539 1574 1604 ἠ
1601 1539 1849 1608 ἀνάμνη-

1988 1545 2049 1598 ἰι.
2079 1543 2377 1599 Christiani
2419 1545 2510 1599 ubi
2549 1545 2662 1600 haec
2695 1545 2943 1610 audiere,
3007 1561 3117 1599 non
3172 1546 3525 1600 mediocriter

282 1639 358 1682 σις
389 1623 480 1674 καὶ
524 1624 674 1728 μόνη
731 1622 840 1676 τῶν
898 1623 1070 1678 πάλαι
1117 1627 1309 1680 κακῶν
1363 1627 1678 1680 συνέστελλε
1708 1644 1722 1659 ⁸
1754 1631 1848 1682 καὶ

1988 1647 2081 1688 unt
2106 1636 2342 1704 perculsi
2369 1655 2384 1690 :
2419 1645 2738 1691 metuerunt
2780 1638 2927 1691 enim
2959 1628 3064 1691 sibi
3086 1677 3100 1698 ,
3147 1647 3202 1690 et
3235 1637 3530 1706 imperato-

277 1717 468 1775 πάντες
523 1708 665 1784 ἦσαν
715 1715 1100 1784 ἐκτετηκότις,
1160 1717 1224 1769 τὸ
1278 1719 1409 1785 περὶ
1444 1718 1506 1770 τὸ
1553 1719 1730 1788 δόγμα
1752 1720 1847 1774 τοῦ

1988 1742 2067 1781 em
2093 1731 2265 1782 sacris
2291 1728 2626 1797 ejuscemodi
2655 1728 2937 1782 addictum
2974 1728 3245 1790 videntes,
3313 1727 3367 1780 in
3405 1742 3528 1794 per-

277 1809 602 1877 κρατοῦντος
658 1810 1006 1881 ὑφορώμενοι
1070 1813 1264 1880 μίσος·
1330 1815 1427 1870 καὶ
1479 1815 1715 1884 μάλιστα
1767 1818 1849 1870 ὃτι

1988 1819 2255 1872 ecntionis
2287 1819 2539 1874 timorem
2577 1821 2910 1874 inciderunt.
2950 1819 3050 1888 13
3082 1819 3152 1872 Et
3197 1816 3531 1884 exspectatio

277 1899 601 1970 Χριστιανὸς
629 1903 690 1954 τὶ
715 1903 982 1976 πρότερον
1028 1899 1117 1974 ἦν,
1145 1905 1240 1956 καὶ
1271 1904 1376 1957 ὑπὸ
1405 1905 1649 1960 εύλασῶν
1675 1909 1846 1960 πατέ-

1991 1909 2326 1965 ericulorum
2347 1911 2608 1980 periculis
2625 1912 2759 1982 ipsis
2777 1913 2948 1980 major
2972 1911 3092 1966 fuit.
3113 1911 3247 1965 Cum
3270 1911 3414 1963 enim
3435 1909 3535 1963 ali-

279 2009 383 2064 ρων
421 1996 554 2064 περὶ
596 1997 656 2047 τὸ
714 1995 890 2063 δόγμα
945 1996 1266 2065 γεγέννητο,
1300 1997 1394 2050 καὶ
1430 2000 1572 2052 κατὰ
1612 2000 1852 2070 θεσμοὺς

1995 2002 2198 2056 uandiu
2221 2003 2330 2073 jam
2370 2019 2644 2058 erumnas
2671 2015 2725 2058 et
2748 2005 3087 2059 calamitates
3116 2003 3532 2067 dedidicisseut,

277 2087 373 2152 τῆς
421 2087 766 2156 Ἐκκλησίας
833 2088 1108 2157 προήχθη,
1140 2087 1209 2141 τά
1235 2104 1294 2140 τε
1328 2091 1451 2142 θεία
1505 2089 1663 2157 λόγια
1694 2093 1854 2145 ἐπαι-

1992 2093 2043 2147 el
2070 2093 2187 2148 sola
2219 2103 2475 2149 veterum
2516 2096 2788 2149 malorum
2827 2094 3138 2149 recordatio
3165 2108 3262 2148 eos
3299 2103 3530 2153 terrens,

275 2175 457 2246 δεύθη,
486 2177 588 2230 καὶ
615 2177 720 2229 ὑπὸ
748 2180 1073 2242 ἐπισκόποις
1103 2180 1194 2232 καὶ
1228 2179 1470 2250 ίερεῦσιν
1493 2182 1728 2252 ἐτράφη,
1759 2184 1854 2236 καὶ

1988 2194 2103 2238 tetu
2137 2187 2516 2241 contrahebat.
2536 2187 2741 2242 Omnes
2767 2197 2918 2242 certe
2943 2188 3140 2240 animis
3191 2184 3535 2238 consternati

278 2270 373 2336 τὴν
410 2271 490 2330 είς
546 2269 862 2322 τούναντίον
895 2270 1208 2342 μεταὸολὴν
1263 2271 1641 2326 ἀνυπόστατον
1673 2273 1854 2342 ἐλογί-

1994 2287 2137 2340 rant,
2170 2285 2319 2346 quod
2366 2288 2575 2333 tantum
2605 2280 2954 2349 imperatoris
2985 2278 3175 2349 ejusin
3213 2277 3535 2346 religionem

279 2359 448 2422 ἶοντο·
1703 2447 1709 2453 κ
1955 2368 2144 2421 odium
2187 2380 2498 2432 corruerent,
2535 2371 2630 2438 qui
2683 2380 2840 2425 antea
2907 2369 3256 2425 Christianus
3319 2368 3537 2430 fuisset,

280 2459 603 2526 parentibus
635 2459 740 2528 piis
773 2466 831 2512 et
865 2457 1140 2527 dogmatis
1213 2457 1386 2528 ipsius
1445 2459 1709 2513 studiosis
1778 2463 2122 2531 progenitus,
2155 2466 2306 2534 juxta
2340 2467 2598 2522 Ecclesia:
2626 2481 2808 2520 mores
2834 2477 2888 2519 et
2914 2468 3341 2520 constitutiones
3415 2479 3541 2533 pro-

284 2550 496 2615 ductus,
535 2551 707 2604 sacris
742 2549 967 2604 Litteris
990 2551 1242 2615 edoctus,
1279 2560 1336 2605 et
1393 2552 1462 2606 ab
1531 2551 1803 2621 episcopis
1874 2561 1931 2608 et
1968 2557 2348 2614 sacerdotibus
2396 2559 2683 2613 educatus.
2725 2560 3072 2627 Quapropter
3131 2566 3334 2612 tantum
3389 2557 3541 2612 illius

283 2643 720 2700 immutationem
752 2642 1158 2698 intolerabilem
1192 2642 1310 2699 fore
1350 2644 1644 2714 putabant.

887 2759 1146 2814 ΚΕΦΑΛ.
1177 2758 1252 2815 Δ’.

295 2857 383 2924 Ὠς
406 2855 561 2921 τοὺς
588 2853 943 2924 είδωλικοὺς
970 2853 1224 2918 ἀνοίξας
1259 2852 1430 2917 νεὼς,
1491 2851 1598 2918 τὰς
1642 2853 1711 2924 ἐκ
1745 2866 1858 2905 πα-

347 2923 534 2981 λαιοῦ
559 2923 903 2993 προσόδους
943 2923 1038 2976 καί
1070 2928 1139 2978 τὰ
1173 2924 1467 2992 προκόμια
1493 2923 1690 2987 αὐτοῖς
1720 2924 1859 2993 ἐχα-

343 2988 723 3067 ρίζετοηὶῶν
743 2993 1130 3067 ,Χριστιανῶν
1159 2988 1556 3067 *ἀφελόμενος
1579 3010 1594 3024 ο
1641 2997 1735 3067 καί
1754 2988 1862 3044 ὀἶα

2577 2757 2804 2813 CAPUT
2836 2757 2926 2812 IV.

1971 2851 2034 2906 Ut
2085 2855 2346 2906 idolorum
2384 2851 2592 2917 templis
2642 2853 2859 2918 apertis,
2901 2857 3100 2902 vetusta
3160 2846 3436 2918 privilegia
3491 2856 3542 2902 et

2037 2936 2316 2991 proventus
2369 2923 2686 2977 Christranis
2728 2921 2998 2987 ademptas
3050 2919 3153 2991 illis
3198 2920 3434 2970 dicarit:
3493 2926 3542 2991 et

2041 2986 2157 3058 eum
2189 2994 2348 3048 Gaza:
2385 3002 2433 3047 et
2477 2993 2734 3046 Cursarem
2772 2986 2987 3063 propter
3025 2988 3289 3042 idolorum
3340 2986 3541 3058 templa

353 3061 421 3120 ἐν
447 3065 619 3132 Γάζῃ
658 3065 757 3118 καὶ
795 3065 1116 3131 Καισαρείᾳ
1147 3061 1247 3118 διὰ
1276 3063 1419 3127 τοὺς
1450 3061 1565 3115 τῶν
1599 3063 1864 3116 εἰδώλων

2037 3065 2237 3133 fecerit.

353 3137 550 3200 ναοὺς
578 3135 861 3202 ἔπραξεν.

359 3254 468 3306 Καὶ
508 3251 696 3304 τοίνυν
739 3250 872 3302 ἐπεὶ
911 3249 1072 3318 μόνος
1120 3246 1230 3302 τῶν
1278 3247 1416 3301 ὅλων
1443 3246 1719 3316 ἐγκρατὴς
1750 3249 1871 3313 ἐγε-

291 3346 454 3415 γόνει,
494 3343 699 3398 αὐτίκα
747 3341 877 3406 τοὺς
914 3342 1035 3395 ὅσοι
1095 3341 1176 3394 ἐτι
1231 3341 1290 3393 ἐν
1337 3342 1406 3410 τῇ
1463 3339 1578 3411 Ἒῳ
1632 3339 1869 3391 εἰδώλων

292 3433 450 3509 ἦσαν,
497 3435 638 3499 νεὼς
667 3435 892 3504 ἀνέῳξε
931 3436 1026 3488 καὶ
1059 3435 1174 3486 ὅσοι
1222 3433 1279 3486 δὲ
1310 3431 1667 3503 ἀτημελήτως
1699 3426 1868 3496 εἶχον,

293 3529 760 3594 ἐπισκευάζεσθαι
788 3525 1112 3600 παρηγγύα.
1142 3525 1206 3579 Εἰ
1229 3525 1286 3578 δέ
1315 3541 1461 3586 τινες
1476 3522 1679 3576 ’τέλεον
1705 3539 1870 3574 κατε-

293 3628 565 3699 λύθησαν,
597 3627 661 3680 ἐκ
693 3623 816 3677 νέου
854 3623 1034 3676 ποιεῖν
1065 3620 1284 3673 ἐκέλευε
1306 3633 1321 3649 ο
1357 3617 1452 3671 καὶ
1498 3621 1624 3679 τοὺς
1654 3615 1871 3686 βωμοὺς

295 3719 624 3790 ἑξεκὰθαιρε
646 3734 661 3748 ’
698 3717 794 3770 καὶ
829 3715 928 3779 τὰς
963 3714 1133 3768 πάλαι
1165 3712 1458 3782 προσόδους
1492 3710 1676 3771 αὐτοῖς
1709 3711 1873 3778 ἀφαι-

301 3815 568 3886 ρούμενος
596 3809 840 3879 ἀφωσίου
871 3806 1029 3870 αὖθις
1071 3805 1301 3867 ἐκείνοις
1323 3819 1338 3836 '
1380 3805 1482 3856 ὅσα
1510 3819 1570 3855 τε
1594 3801 1712 3872 σέϐη
1767 3801 1872 3853 πά-

296 3922 418 3975 τρια
447 3904 693 3965 πόλεων,
717 3902 812 3954 καὶ
839 3903 934 3963 τὰς
964 3898 1134 3952 παλαι
1167 3897 1359 3960 θυσίας
1385 3913 1446 3949 τε
1477 3896 1575 3948 καὶ
1611 3894 1874 3964 βακχείας

300 3995 488 4059 αὐτοῖς
547 3994 793 4047 ἁνινέου.
852 3992 965 4046 Καὶ
1017 3987 1168 4058 αύτῷ
1217 3987 1274 4041 δὲ
1304 3989 1510 4058 ἥκιστα
1541 3985 1773 4054 αἰσχύνη
1805 3978 1876 4052 ἦν

299 4089 540 4160 δημοσίᾳ
573 4086 756 4140 θύοντι
780 4100 796 4117 ⁸
833 4083 1078 4138 σπένδων
1119 4081 1175 4133 δὲ
1207 4083 1329 4144 ἀεὶ,
1366 4080 1491 4143 τοὺς
1527 4079 1657 4150 περὶ
1699 4076 1875 4128 ταῦτα

301 4182 711 4243 ἐσπουδακότας
757 4178 868 4233 τῶν
907 4177 1190 4246 μεγίστων
1225 4174 1384 4245 ἠξίου
1420 4173 1598 4244 τιμῶν
1625 4189 1640 4204 ο
1676 4173 1789 4233 τοῖς
1817 4186 1875 4222 τε

244 4281 254 4284 “
305 4273 664 4344 ἱεροφάνταις
719 4271 816 4322 καὶ
871 4267 1109 4338 μύσταις
1167 4265 1265 4318 καὶ
1318 4265 1654 4332 κανηφόροις
1703 4261 1773 4313 τὰ
1819 4259 1877 4327 ἐξ

305 4367 455 4429 ἔθους
488 4363 686 4416 ἐδίδουο
721 4360 887 4429 κῦρός
920 4377 980 4413 τε
1019 4359 1204 4421 αὐτοῖς
1234 4357 1498 4421 ἐπετίθει,
1520 4356 1548 4407 ὅ
1574 4358 1669 4409 καὶ
1691 4355 1740 4406 οἱ
1769 4352 1877 4424 πρὸ

2041 3245 2212 3298 Porro
2243 3257 2368 3297 cum
2410 3241 2563 3296 solus
2603 3255 2792 3294 rerum
2834 3240 3134 3310 potiretur,
3168 3237 3355 3292 statim
3389 3252 3544 3306 quaa-

1971 3351 2190 3404 cnuque
2226 3336 2278 3387 in
2309 3334 2534 3388 Oriente
2567 3333 2840 3387 idolorum
2875 3332 3078 3400 templa
3118 3331 3332 3398 reliqua
3363 3328 3543 3394 fuere,

1971 3429 2189 3496 aperuit
2222 3445 2236 3482 :
2271 3438 2327 3480 et
2357 3442 2480 3495 qua:
2515 3425 2882 3494 negligentius
2912 3432 3100 3478 curata
3137 3422 3418 3483 fuissent,
3453 3421 3542 3473 in-

1973 3520 2214 3576 staurari
2278 3520 2462 3587 jussit.
2522 3518 2578 3572 Si
2640 3533 2763 3586 qua:
2813 3525 2998 3569 autem
3065 3530 3290 3583 prorsus
3353 3512 3542 3566 diruta

1973 3621 2189 3676 essent,
2219 3610 2406 3664 denuo
2438 3625 2500 3663 ea
2536 3607 2746 3663 εχειτυί
2782 3605 3079 3676 praecepit,
3112 3619 3239 3658 aras
3275 3619 3545 3671 repurga-

1974 3706 2073 3770 vit,
2116 3715 2172 3759 et
2198 3713 2414 3758 veteres
2444 3703 2654 3756 reditus
2680 3700 2844 3754 nobis
2867 3700 3149 3760 auferens,
3182 3697 3293 3751 illis
3321 3711 3541 3750 rursum

1975 3797 2235 3852 sacravit.
2267 3795 2543 3864 Antiquos
2576 3791 2798 3846 urbium
2832 3792 2995 3851 ritus,
3036 3788 3217 3858 prisca
3253 3787 3542 3851 sacrificia,

1973 3900 2030 3946 et
2061 3903 2291 3945 vesanas
2325 3885 2568 3956 ineptias
2606 3882 2916 3938 ren0vavit.
2953 3881 3143 3949 Neque
3180 3895 3306 3934 eum
3352 3879 3548 3948 puduit

1978 3981 2197 4050 publice
2233 3979 2342 4032 diis
2376 3975 2711 4031 sacriﬁcare.
2761 3973 2824 4026 Et
2863 3972 3168 4026 identidem
3203 3972 3419 4037 libans,
3451 3971 3547 4040 qui

1978 4089 2103 4129 cum
2146 4087 2212 4127 eo
2264 4069 2537 4140 ejusmodi
2589 4068 2764 4123 sacris
2813 4065 3108 4127 vacabant,
3147 4080 3245 4119 eos
3294 4065 3550 4118 maximis

1979 4176 2063 4221 est
2097 4175 2422 4234 prosecutus
2465 4160 2795 4216 honoribus.
2844 4159 3050 4212 Rerum
3086 4172 3369 4210 sacrarum
3406 4170 3553 4224 pre-

1978 4260 2137 4316 fectis
2159 4303 2174 4326 ,
2209 4257 2632 4318 sacerdotibus,
2663 4265 2722 4310 et
2761 4250 3096 4322 canepltoris
3125 4249 3226 4320 (l),
3276 4265 3396 4317 qua:
3425 4264 3557 4302 con-

1983 4353 2220 4409 suetudo
2251 4352 2432 4421 prisca
2478 4351 2698 4408 tulerat,
2747 4344 2929 4407 dedit,
2979 4353 3036 4397 et
3078 4342 3411 4396 auctoritate
3455 4355 3554 4394 sua

222 4441 230 4450 l
307 4454 727 4510 Κωνσταντίνου
777 4412 1236 4522 έεϐασιλευκύτες
1275 4448 1512 4518 ένειμονο
1538 4445 1786 4498 ἀτέλειαν
1819 4461 1876 4496 τε

1988 4463 2080 4502 eos
2098 4442 2445 4501 confirmavit
2472 4461 2484 4496 :
2523 4440 2575 4495 id
2608 4440 2752 4510 quod
2778 4447 2906 4492 ante
2927 4437 3353 4493 Constantinum
3388 4435 3558 4500 impe-

309 4555 488 4621 φόρων
533 4550 650 4609 τοῖς
703 4546 836 4614 περὶ
861 4543 1035 4596 ταῦτα
1087 4541 1442 4611 σχολάζουσιν
1466 4537 1781 4608 ἐψηφίζετοο
1813 4535 1882 4588 τά

309 4631 365 4690 τε
403 4640 693 4708 σιτηρέσια
728 4635 838 4688 τῶν
893 4635 1024 4703 περὶ
1055 4634 1181 4695 τοὺς
1216 4632 1376 4693 ναοὺς
1418 4630 1723 4702 ίεροπόλων
1751 4628 1884 4680 ἀττέ-

311 4735 468 4788 διοκε’
503 4732 784 4803 καθαρούς
823 4748 882 4783 τε
925 4725 1068 4782 εἶναι
1098 4728 1354 4792 ἐθέσπιζε
1379 4767 1393 4790 ,
1455 4727 1552 4779 καὶ
1587 4725 1700 4778 τῶν
1747 4724 1886 4794 πλη-

316 4830 424 4879 σίον
469 4822 910 4880 ἀποδιίστασθαι.
967 4820 1073 4874 Τὸν
1121 4819 1175 4872 δὲ
1235 4821 1414 4888 πῆχυν
1447 4819 1537 4870 τοῦ
1570 4815 1764 4868 Νείλου
1805 4815 1884 4882 τῷ

319 4918 583 4987 Σαράπιδι
620 4915 860 4967 ἀνετίθει
912 4911 1087 4976 αὖθις
1144 4913 1238 4963 καὶ
1291 4910 1358 4962 τὰ
1410 4910 1473 4960 ἐκ
1504 4906 1740 4960 παλαιοῦ
1773 4905 1886 4958 πά-

286 5025 460 5076 ·τρια,
485 5007 519 5061 ἃ.
550 5006 960 5065 Κωνσταντῖνος
996 5001 1244 5054 εὐσεϐεῖν
1282 4999 1612 5069 προτρέπων
1641 4999 1705 5068 τῇ
1737 4997 1872 5066 Χρι-

321 5099 444 5150 στοῦ
486 5097 786 5168 Ἐκκλησία
831 5094 1132 5166 προσῆγεν.
1177 5094 1275 5154 Ἃς
1341 5092 1440 5160 μὲν
1491 5089 1584 5143 οὖν
1631 5088 1740 5141 τῶν
1785 5089 1884 5140 πόα

321 5191 456 5242 λεων
511 5190 812 5257 ἑλληνίζειν
875 5187 1182 5256 ἐμάνθανεν
1205 5225 1218 5246 ,
1260 5184 1325 5246 ἃς
1356 5183 1651 5254 ἠϐούλοντο
1678 5182 1886 5250 δωρεὰς

324 5284 481 5352 χύδην
517 5283 687 5336 ἐδίδου
715 5299 730 5314 ο
769 5279 833 5343 ἃς
882 5279 941 5333 δὲ
997 5279 1123 5349 περὶ
1151 5279 1248 5348 τὴν
1279 5276 1519 5346 Χριστοῦ
1551 5275 1734 5328 πίστιν
1766 5276 1888 5338 θερ-

327 5379 555 5446 μοτέρας
607 5376 784 5442 ἐνόει,
836 5373 1075 5436 ἐκείναις
1106 5371 1215 5444 ἄρα
1265 5370 1351 5422 διὰ
1407 5369 1596 5439 μίσους
1637 5363 1738 5440 ἦν’
1792 5367 1888 5419 καὶ

393 5535 468 5599 (¹)
519 5534 886 5591 Philochorus
939 5532 1113 5596 dicit,
1177 5528 1540 5585 Erichthonio
1601 5536 1885 5599 regnante,

328 5598 549 5660 Athenis
611 5605 850 5674 primum
903 5603 1284 5674 constitutum_
1329 5614 1472 5674 esse,
1516 5608 1584 5674 _ut
1644 5598 1890 5674 virgines

328 5674 587 5744 dignitate
611 5668 951 5744 praestantes
986 5669 1476 5744 canistra_.lunon_i__
1499 5668 1885 5744 de:e_f«-rre_ut.

329 5737 726 5811 ln'qutbus'ea
780 5752 962 5810 erant,
1007 5758 1128 5814 qua:
1183 5740 1251 5797 ad
1301 5739 1590 5805 sacrificia,
1624 5737 1896 5793 Panathe-

1987 4549 2203 4594 ratores
2262 4549 2484 4607 quoque
2545 4533 2639 4587 alii
2698 4531 2966 4587 fecerant.
3027 4530 3214 4584 Rebus
3281 4527 3559 4597 ejusmodi

1984 4630 2350 4693 vacantibus,
2402 4625 2807 4680 immunitatem
2873 4621 3208 4674 tributorum
3273 4619 3559 4672 sanctione

1986 4723 2161 4781 dedit.
2191 4734 2468 4775 annonam
2497 4716 2827 4786 templorum
2855 4725 3256 4780 sacrorumque
3289 4708 3564 4762 ministris

1986 4816 2212 4872 donavit
2243 4830 2257 4867 :
2289 4821 2346 4868 et
2387 4820 2462 4865 ut'
2496 4809 2619 4879 puri
2649 4808 2767 4861 sive
2799 4803 3138 4860 sacrosancti
3170 4810 3359 4855 essent
3384 4841 3398 4862 ,
3437 4800 3558 4870 lt-ge

1989 4909 2097 4963 lata
2131 4906 2296 4969 cavit,
2327 4913 2382 4958 et
2416 4902 2485 4956 ab
2519 4901 2644 4954 aliis
2673 4895 2996 4952 hominibus
3025 4911 3122 4950 eos
3157 4893 3417 4949 secrevit.
3451 4893 3557 4947 Nili

1988 5000 2240 5055 cubitum
2287 4992 2538 5063 Serapidi
2584 4992 2688 5045 deo
2734 4987 3022 5053 restituit,
3074 4995 3128 5041 et
3159 4994 3374 5039 vetusta
3423 5000 3562 5054 prae-

1989 5102 2138 5147 terea
2164 5089 2451 5158 patriaque
2470 5085 2618 5153 jura,
2645 5096 2768 5151 quae
2791 5079 3212 5138 Constantinus,
3245 5076 3396 5130 cives
3427 5089 3561 5127 suos

1989 5183 2058 5238 ad
2116 5195 2300 5236 veram
2354 5179 2616 5248 pietatem
2670 5175 3001 5238 cohortalis,
3048 5171 3307 5226 Ecclesia:
3353 5168 3559 5223 Christi

1993 5279 2285 5331 tribuerat.
2335 5273 2619 5337 Urbibus,
2663 5285 2802 5341 quas
2844 5283 2998 5323 sacra
3045 5265 3360 5321 Graecorum
3401 5259 3559 5328 sequi

1990 5366 2360 5438 cognm'isset,
2383 5378 2520 5433 quas
2543 5361 2765 5416 voluere
2785 5357 3112 5412 donationes
3135 5349 3346 5405 all'atim
3373 5348 3551 5403 dedit:

1991 5519 2168 5576 naicis
2228 5517 2460 5586 aliisque
2513 5509 2880 5586 conventibus
2939 5504 3269 5586 peragenda.
3317 5502 3564 5586 perlige-

1992 5571 2385 5653 bait'tﬂSuidJ
2417 5586 2680 5653 Dicuntur
2719 5580 2802 5653 ine
2824 5571 3148 5653 κανήφρρδι,
3185 5578 3285 5653 hoc
3311 5571 3417 5635 est,
3461 5571 3566 5653 Ctt-

1993 5643 2306 5716 nistriferze.
2341 5643 2518 5709 Cicer.
2567 5669 2583 5707 :
2637 5649 2780 5706 Habe
2833 5649 3178 5716 ranepltoras,
3225 5644 3443 5698 deorum
3493 5643 3542 5696 si

1991 5729 2230 5787 mulacra
2269 5727 2498 5781 restitue.
