3970 6190
335 261 441 321 447

1573 267 1992 333 NICEPHORI
2034 270 2374 332 CALLISTI

3488 263 3594 327 ΗΒ

341 394 481 450 quas
518 387 700 433 autem
738 377 794 432 in
842 378 1048 436 Christi
1100 379 1365 452 religione
1411 382 1760 439 ardentiores
1794 397 1914 439 esse

2038 383 2133 436 ὥτ’
2162 382 2451 453 ἐπιδημεῖν
2499 381 2692 444 αὑταῖς
2743 379 2960 451 ἢθελεν.
2995 376 3108 431 Καὶ
3140 374 3434 446 πρεσϐείας
3464 376 3595 428 πολ-

343 473 536 535 sciret,
581 470 818 525 infestus
860 471 945 525 eis
984 470 1124 538 fuit,
1177 488 1358 542 neque
1389 474 1457 529 ad
1505 490 1600 531 eas
1631 475 1914 532 divertere

344 562 539 616 voluit.
576 562 642 616 Et
673 575 911 630 persaepe
942 576 1069 616 cum
1104 564 1408 632 legationes
1440 567 1508 622 ad
1536 582 1663 622 eum
1693 579 1915 638 propter

347 667 535 705 casum
571 653 807 721 aliquem
845 652 939 721 qui
977 652 1292 719 incidisset,
1327 658 1695 725 provinciales
1731 660 1917 715 mitte-

348 753 504 806 rent,
559 758 754 812 preces
801 759 994 798 eorum
1044 745 1256 814 rejecit.
1311 747 1468 815 Quod
1521 765 1652 805 sane
1703 751 1916 806 civitati

347 835 623 889 Nisibenae
675 835 899 892 accidit.
956 837 1061 908 14
1115 839 1252 894 Cum
1309 841 1459 896 enim
1513 845 1916 913 expeditionem

350 925 616 979 adversus
661 941 759 981 eos
806 927 986 982 Persa:
1035 943 1434 1001 susceperunt,
1486 943 1541 989 et
1591 936 1696 1004 ipsi
1741 952 1804 991 ea
1849 937 1918 992 de

351 1030 515 1069 causa
549 1026 804 1073 oratores
835 1008 972 1077 suos
1003 1021 1069 1076 ad
1101 1038 1227 1078 eum
1268 1025 1571 1092 miserunt,
1616 1044 1723 1083 non
1757 1029 1918 1084 modo

351 1106 616 1160 auxilium
657 1109 740 1164 eis
779 1109 923 1167 ferre
966 1114 1167 1177 noluit,
1209 1117 1304 1170 sed
1339 1117 1507 1171 etiam
1543 1119 1780 1175 minatus
1812 1130 1915 1185 est,

353 1209 411 1247 se
441 1196 632 1251 urbem
663 1213 784 1254 eam
815 1203 993 1257 oculis
1025 1205 1143 1258 suis
1182 1221 1290 1260 non
1321 1208 1568 1263 visurum
1592 1249 1608 1276 ,
1642 1226 1821 1279 neque
1851 1226 1918 1266 eo

354 1295 674 1352 venturum,
736 1299 795 1344 ut
856 1307 977 1360 qua:
1032 1309 1190 1350 sacra
1244 1305 1300 1350 et
1353 1298 1676 1354 detestanda
1728 1310 1917 1366 esset,

357 1389 538 1444 neque
581 1381 778 1449 templa
815 1381 1048 1438 deorum
1079 1388 1296 1454 aperire
1317 1427 1331 1453 ,
1364 1399 1459 1443 aut
1488 1390 1803 1445 Graecorum
1837 1409 1921 1447 re-

357 1465 619 1529 ligionem
675 1473 962 1543 suscipere
1010 1477 1199 1532 vellet.
1253 1479 1319 1532 Et
1367 1479 1818 1538 Constantienses
1866 1484 1921 1537 in

355 1555 641 1614 Pal-.estina
665 1563 858 1617 eodem
890 1568 1110 1622 nomine
1137 1586 1392 1640 arguens,
1420 1573 1700 1629 civitatem
1730 1589 1920 1630 eorum

357 1648 564 1704 Gazzcis
628 1653 921 1724 subjecit:
977 1656 1354 1715 Constantiam
1421 1678 1696 1734 namque,
1760 1667 1921 1722 sicuti

2021 474 2182 538 λάκις
2229 473 2340 527 τῶν
2392 470 2708 544 ἐπιχωρίων
2758 471 3059 525 ποιούντων
3106 467 3296 521 δεινῶν
3349 484 3596 536 προσπι-

2023 567 2288 631 πτόντων,
2309 565 2400 618 τὸν
2430 563 2635 617 ἱκέσιον
2660 556 2922 634 ἀπηξίουέ
2944 554 3044 615 Οἷα
3070 561 3134 630 δὴ
3156 559 3250 612 καὶ
3277 557 3599 626 Νισιϐηνοῖς

2021 657 2314 725 ἐπεγένετο
2337 673 2350 688 ο
2389 654 2750 726 ἠγγελμένων
2793 654 2904 723 γὰρ
2935 651 3353 720 ἐπιστρατεύειν
3382 653 3600 711 τούτοις

2025 753 2252 824 Περσῶν
2315 749 2616 820 πρεσϐείαν
2684 749 2952 811 στείλασι,
3016 747 3202 810 μέντοι
3255 763 3319 814 γε
3379 744 3600 816 βοηθεῖν

2022 844 2238 912 ἐτοιμος
2274 839 2380 912 ἦν,
2444 841 2560 894 ἀλλ’
2595 839 2811 910 ἠπείλει
2877 838 3003 908 μηδ’
3058 832 3216 906 ὄψεσι
3274 837 3374 907 τὴν
3436 835 3600 887 πόλιν

2027 936 2176 998 ίδείν,
2209 933 2334 1006 μηδ’
2365 935 2424 986 ἐν
2459 934 2598 1002 αὐτῇ
2628 931 2888 1001 φοιτῆσαι
2924 947 3075 992 ποτε,
3116 923 3206 983 οἷα
3232 927 3296 997 δὴ
3333 927 3505 996 ἐναγῆ
3537 943 3600 978 τε

2024 1025 2211 1090 οὖσαν,
2237 1025 2313 1087 ὡς
2348 1025 2423 1096 μὴ
2456 1023 2525 1076 τὰ
2555 1023 2664 1076 τῶν
2701 1022 2839 1075 θεῶν
2872 1020 2994 1089 ἱερά
3037 1020 3313 1087 ἀνοίγουσι
3339 1058 3354 1082 ,
3390 1017 3486 1070 καὶ
3532 1017 3601 1069 τά

2025 1116 2390 1187 νενομισμένα
2445 1113 2708 1184 Ἕλλησιν
2768 1111 3118 1183 αἱρουμένοις
3206 1111 3403 1163 ποιεῖν.
3489 1106 3602 1159 Καὶ

2025 1205 2472 1262 Κωνσταντιεῦσι
2521 1205 2577 1258 δέ
2629 1206 2741 1267 τοῖς
2768 1203 2824 1255 ἐν
2855 1200 3196 1271 Παλαιστίνῃ
3227 1199 3295 1252 τὰ
3327 1201 3420 1253 ῖσα
3458 1216 3522 1266 με
3533 1215 3602 1267 μ-

2029 1299 2289 1366 φόμενος,
2321 1296 2426 1349 ὑπὸ
2471 1295 2653 1358 Γάζαν
2701 1293 2797 1361 τὴν
2848 1291 3030 1344 αὐτῶν
3066 1289 3365 1358 πεποίηται
3417 1288 3599 1340 πόλιν.

2032 1389 2144 1458 Τὴν
2173 1385 2282 1455 γὰρ
2331 1383 2630 1455 εἰρημένην
2662 1382 3073 1445 Κωνσταντίαν,
3125 1379 3200 1442 ὡς
3254 1378 3450 1449 μικρὸν
3504 1381 3605 1447 ἔμ-

2029 1480 2267 1550 προσθεν
2317 1476 2557 1547 είρηται,
2596 1473 2852 1537 Γαζαίων
2899 1467 3068 1526 οὖσαν
3103 1471 3364 1536 ἐπίνειον,
3394 1471 3604 1523 Mamu-

2032 1573 2141 1642 μᾶς
2187 1569 2235 1623 δ’
2277 1569 2523 1622 ἐκαλεῖτο
2577 1567 2890 1636 πρότερον,
2948 1563 3140 1635 μαθὼν
3191 1564 3605 1626 Κωνσταντῖνος

2035 1664 2270 1735 μάλιστα
2299 1661 2391 1714 τὸν
2436 1657 2875 1730 Χριστιανισμδν
2923 1655 3279 1727 αἱρουμένην,
3319 1654 3459 1725 γέρα
3509 1655 3606 1708 πόα

357 1756 521 1808 supra
571 1743 843 1811 diximus,
889 1763 1012 1802 cum
1066 1749 1384 1808 Gazaaorum
1417 1758 1613 1811 navale
1659 1766 1830 1819 esset.
1873 1768 1929 1814 et

2038 1729 2167 1818 λεως
2213 1753 2540 1825 ἐχαρίζετο,
2583 1749 2708 1804 καθ’
2733 1748 2934 1818 ἑαυτήν
2964 1765 3023 1800 τε
3070 1743 3209 1799 εῖναι
3249 1745 3603 1814 ἐνομοθέτει,

358 1826 597 1897 Majuma
624 1842 936 1899 vocaretur,
958 1837 1373 1906 Constantinus,
1396 1852 1622 1912 propter
1647 1847 1924 1917 egregium

359 1921 482 1988 ejus
536 1923 589 1976 in
644 1925 749 1980 ﬁde
798 1927 1113 1984 Christiana
1167 1933 1456 2001 ardorem,
1507 1937 1630 2007 jure
1685 1939 1929 1995 civitatis

363 2015 760 2082 exdrnaverat,
807 2027 864 2072 et
899 2020 1010 2074 lilio
1043 2021 1370 2079 Constantio
1404 2027 1642 2082 dicatam
1665 2068 1680 2094 ,
1716 2031 1931 2101 legibus

363 2105 479 2156 suis
519 2105 595 2158 uti
631 2121 727 2175 per
773 2112 1223 2168 constitutionem
1262 2118 1544 2186 jusserat:
1583 2121 1766 2177 minus
1796 2138 1932 2178 con-

363 2190 555 2244 venire
589 2195 909 2262 arbitratus,
937 2209 994 2252 ut
1024 2215 1087 2253 ea
1117 2200 1296 2267 Gazae,
1327 2207 1538 2259 civitati
1572 2205 1776 2262 Graecis
1807 2208 1930 2260 riti-

363 2281 470 2335 bus
524 2284 820 2341 admodum
873 2290 1144 2356 addictze,
1195 2296 1438 2366 subjecta
1497 2306 1664 2352 esset.
1717 2301 1786 2352 At
1835 2299 1929 2352 ubi

362 2371 618 2430 Julianus
647 2379 935 2450 imperium
967 2393 1054 2438 est
1082 2396 1433 2455 consecutus,
1464 2387 1639 2443 Gazaai
1666 2390 1932 2445 adversus

364 2464 816 2528 Constantienses
854 2475 978 2542 jure
1009 2486 1259 2546 egerunt.
1294 2478 1541 2543 Quorum
1593 2480 1708 2549 ipse
1738 2481 1928 2551 judex,

367 2559 533 2613 sicuti
557 2571 715 2616 antea
743 2562 941 2630 fuerat,
974 2566 1048 2621 ita
1072 2567 1450 2622 Constantiam
1475 2570 1585 2639 juri
1612 2569 1930 2625 Gazaaorum

367 2649 436 2702 ad
467 2651 657 2720 viginti
695 2654 870 2708 stadia
915 2657 984 2709 ab
1034 2657 1167 2725 ipsis
1198 2656 1536 2725 distantem,
1568 2658 1931 2730 adjudicavit.

366 2742 672 2799 Constantii
727 2750 1420 2816 quoque‘appellationem
1473 2751 1523 2806 ei
1581 2753 1840 2817 ademit,
1878 2761 1935 2807 et

299 2894 310 2905 ο
367 2844 589 2901 portum
627 2835 782 2892 Gaza:
815 2841 1048 2893 vocavit.
1088 2842 1150 2893 Et
1183 2858 1354 2896 unum
1389 2853 1618 2912 utraque
1649 2845 1768 2900 loca
1799 2861 1937 2915 prae-

302 2914 320 2956 ί
368 2925 597 2994 fectum,
641 2931 972 3001 eosdemque
1000 2935 1354 3002 magistratus
1381 2935 1650 2991 habuere.
1681 2914 1936 2992 Ecclesia:

371 3019 499 3073 solae
528 3020 664 3074 duas
695 3036 818 3076 esse
851 3023 1105 3079 civitates
1137 3027 1429 3082 ostendere
1455 3045 1471 3083 :
1521 3039 1755 3099 utraque
1787 3030 1933 3083 enim

373 3109 476 3162 sub
505 3126 605 3164 suo
635 3113 773 3167 vixit
805 3114 1064 3184 episcopo
1097 3124 1152 3170 et
1179 3117 1358 3183 clero,
1395 3125 1450 3173 et
1480 3119 1615 3173 ﬁnes
1647 3121 1930 3175 ambarum

373 3202 575 3270 templa
606 3203 872 3273 cujusque
900 3205 1277 3276 designarunt.
1305 3208 1578 3264 Cirterum
1610 3210 1932 3268 Gazaaorum

373 3293 597 3360 quidam
625 3296 918 3364 episcopus
946 3306 1160 3366 postea,
1186 3315 1308 3354 cum
1344 3315 1478 3355 suus
1506 3301 1649 3372 apud
1686 3301 1938 3372 Majumi-

377 3395 459 3438 tas
503 3386 733 3441 antistes
775 3387 1141 3454 decessisset,
1189 3391 1293 3446 hoc
1341 3393 1472 3462 egit,
1504 3401 1566 3447 ut
1602 3403 1848 3462 utraeque
1882 3394 1937 3449 in

374 3489 538 3527 uuam
583 3476 868 3531 ecclesiam
920 3479 1339 3548 redigerentur:
1385 3497 1492 3536 non
1541 3497 1760 3553 aequum
1815 3499 1960 3558 esse

375 3567 588 3632 dicens,
642 3578 702 3623 ut
752 3569 864 3624 duo
901 3580 1088 3625 essent
1138 3572 1190 3626 in
1243 3589 1351 3628 una
1396 3574 1621 3630 civitate
1667 3576 1935 3646 episcopi.

374 3659 474 3714 Cui
509 3676 632 3714 cum
680 3661 971 3732 Majumitae
1021 3665 1379 3731 resisterent,
1429 3667 1674 3739 synodus
1718 3669 1940 3738 provin-

377 3752 532 3806 cialis
580 3761 726 3807 recte
770 3769 884 3808 rem
936 3755 1174 3821 decidit,
1223 3768 1280 3812 et
1329 3773 1489 3814 suum
1542 3761 1791 3830 Majuma:
1823 3761 1942 3829 cpi-

378 3861 605 3914 scopum
657 3847 974 3903 ordinavit:
1031 3851 1330 3906 convenire
1383 3853 1688 3918 arbitrata,
1742 3861 1801 3906 ut
1851 3851 1944 3922 qui

378 3939 548 3992 semel
579 3952 608 3991 a
640 3939 730 4008 pio
753 3938 1106 4008 imperatore,
1141 3950 1364 4011 propter
1394 3958 1573 3998 veram
1603 3945 1942 4014 religionem,

379 4028 646 4096 primario
673 4029 914 4084 civitatis
935 4031 1057 4100 jure
1100 4030 1355 4087 honorati
1386 4035 1626 4098 essent,
1653 4049 1763 4088 non
1795 4031 1944 4086 aliud

379 4134 476 4186 per
509 4119 661 4188 impii
692 4119 960 4189 principis
998 4121 1270 4191 judiciu—m
1304 4135 1678 4193 sequerentur
1713 4133 1769 4180 et
1797 4124 1946 4178 face-

382 4218 524 4263 rent.
558 4211 794 4265 Proinde
841 4212 947 4266 illa:
995 4214 1191 4266 merito
1235 4215 1478 4280 honore,
1526 4218 1620 4285 qui
1655 4216 1823 4271 semel
1863 4216 1946 4270 eis

2030 1847 2396 1916 Κωνσταντίῳ
2424 1846 2504 1915 τῷ
2541 1844 2700 1899 παιδὶ
2731 1843 3066 1912 ἀναθέμενος
3091 1859 3110 1875 ο
3147 1843 3223 1911 μὴ
3256 1843 3420 1894 καλὸν
3465 1843 3608 1910 ἡγη-

2031 1938 2263 2006 σάμενος
2297 1936 2402 1988 ὑπὸ
2431 1935 2612 1998 Γάζαν
2669 1928 2817 1986 εῖναι
2871 1931 3026 1985 πόλιν
3065 1930 3259 1992 δεινῶς
3295 1929 3608 1998 ἑλληνίζου-

2032 2047 2154 2083 σαν.
2206 2029 2296 2091 Ὠς
2351 2027 2409 2081 δὲ
2461 2025 2753 2087 Ἰουλιανὸς
2790 2023 2890 2092 τὴν
2940 2022 3221 2092 βασιλείαν
3271 2020 3362 2091 ὑφ’
3409 2020 3606 2075 ἐαυτὸν

2031 2124 2292 2182 ἐποιεῖτο,
2326 2118 2551 2183 Γαζαῖοι
2607 2114 3048 2171 Κωνσταντιεῦσι
3093 2112 3459 2176 διεδικάζοντο
3481 2130 3494 2144 ·
3521 2108 3601 2166 ὧν

2030 2212 2292 2282 δικαστὴς
2328 2213 2536 2273 ἐκεῖνος
2563 2208 2882 2279 γενόμενος,
2912 2210 2994 2271 είς
3026 2209 3087 2261 τδ
3115 2211 3404 2278 πρότερον,
3437 2207 3609 2260 πάλιν

2033 2305 2138 2356 ὑπὸ
2171 2301 2350 2364 Γάζαν
2379 2301 2599 2371 ἐκείνην
2638 2299 2839 2364 ἐποίει,
2876 2299 3127 2361 σταδίους
3165 2298 3336 2368 αὐτῆς
3386 2298 3609 2367 διεστη-

2032 2399 2191 2449 κυῖαν
2249 2395 2396 2462 ἀμφὶ
2445 2393 2573 2456 τοὺς
2629 2393 2863 2446 εἴκοσιν.
2910 2391 3125 2459 Ἀφεῖλέ
3183 2407 3244 2444 τε
3281 2392 3380 2468 καὶ
3409 2390 3470 2443 τδ
3505 2390 3613 2458 τῆς

2034 2483 2416 2539 Κωνσταντίου
2453 2483 2836 2552 προσηγορίας
2897 2481 3070 2550 ὄνομα
3096 2523 3110 2544 ,
3146 2481 3242 2533 καὶ
3274 2480 3472 2549 λιμένα
3503 2480 3611 2548 τῆς

2033 2577 2209 2645 Γάζης
2257 2576 2530 2645 ὠνόμαζε.
2572 2576 2684 2628 Καὶ
2725 2574 2898 2627 κοινοὶ
2936 2574 3124 2637 αὐτοῖς
3163 2576 3259 2628 καὶ
3299 2574 3610 2642 στρατηγὸς

2035 2672 2128 2722 καὶ
2158 2669 2207 2722 οἳ
2247 2669 2314 2722 τὰ
2371 2668 2612 2739 δημόσια
2666 2666 2919 2730 διώκουν,
2978 2662 3122 2737 ἦσαν
3171 2667 3380 2730 αὐτοῖς·
3425 2666 3498 2718 τά
3541 2683 3606 2732 γε

2038 2762 2146 2834 μὴν
2184 2763 2281 2830 τῆς
2313 2760 2644 2828 Ἑκκλησίας
2678 2761 2816 2830 μόνα
2849 2758 2942 2812 δύο
2982 2759 3170 2820 πόλεις
3211 2756 3355 2810 εῖναι
3396 2775 3611 2828 τεκμη-

2038 2851 2165 2921 ριοῖ.
2201 2847 2313 2902 Καὶ
2356 2849 2466 2916 γὰρ
2501 2848 2746 2917 ἑκατέρα
2793 2848 2947 2909 πόλις
2983 2847 3087 2899 ὑπὸ
3130 2847 3257 2900 ῖδιον
3308 2847 3612 2900 ἐπίσκοπον

2035 2937 2182 2991 τελεῖ
2215 2938 2311 2990 καὶ
2362 2936 2588 3007 κλῆρον·
2643 2937 2737 2989 καὶ
2787 2936 2915 3006 ὅρια
2971 2936 3179 3006 ἑκάστῃ
3229 2935 3378 2988 ἐστὶν
3411 2931 3493 2998 οἷς
3542 2936 3612 2988 τὰ

2038 3033 2244 3100 ἀμφοῖν
2276 3029 2642 3097 θυσιαστήρια
2676 3028 2979 3097 διορίζεται
3005 3042 3021 3057 ⁶
3056 3027 3190 3079 ποτέ
3221 3027 3278 3078 δέ
3312 3043 3457 3088 τινος
3496 3025 3612 3078 τῶν

2040 3122 2293 3186 Γαζαίων
2345 3121 2685 3185 ἐπισκόπων,
2742 3119 2843 3188 τῆς
2895 3118 3258 3189 Μαιουμιτῶν
3309 3117 3612 3186 ἐκκλησίας

2039 3211 2296 3272 θανόντος
2325 3206 2422 3261 τοῦ
2450 3207 2780 3268 ἐπισκόπου,
2820 3205 2988 3275 ἄμφω
3015 3205 3117 3268 τὰς
3147 3202 3445 3273 ἐκκλησίας
3479 3203 3615 3273 μίαν

2041 3303 2270 3371 ποιῆσαι
2313 3300 2401 3353 διὰ
2452 3298 2692 3369 σπουδῆς
2726 3293 2860 3368 εῖχεο
2893 3296 3027 3368 μηδέ
3077 3297 3186 3365 γὰρ
3217 3291 3357 3350 εῖναι
3401 3296 3614 3349 δίκαιον

2038 3393 2225 3457 ἔλεγεν
2273 3393 2331 3443 ἐν
2382 3391 2479 3460 μιᾷ
2522 3389 2673 3442 πόλει
2708 3388 2801 3441 δύο
2846 3388 3182 3447 ἐπισκόπους
3225 3385 3611 3441 καθίστασθαι.

2042 3483 2415 3552 Μαιουμητῶν
2470 3481 2514 3534 δ’
2564 3479 2950 3549 ἐνισταμένων,
2981 3478 3042 3531 τὸ
3075 3477 3193 3530 δέον
3232 3477 3434 3548 τοπικὴ
3481 3477 3614 3529 σύν-

2044 3575 2160 3638 οδος
2209 3573 2500 3643 διηυθέτει.
2546 3571 2657 3625 Καὶ
2689 3571 2878 3640 ἕτερον
2922 3569 3006 3638 τῷ
3043 3570 3304 3638 Μαιουμᾷ
3335 3568 3615 3639 ἐχειροτό-

2046 3685 2128 3720 νει
2163 3667 2463 3719 ἐπίσκοπον
2485 3704 2500 3730 ,
2560 3664 2844 3734 προσῆκον
2879 3657 3023 3715 εἶναι
3073 3663 3399 3730 διεγνωκυῖα
3420 3701 3433 3726 ,
3483 3662 3619 3723 τοὺς

2049 3759 2308 3825 καθάπαξ
2362 3757 2467 3810 ὑπὸ
2519 3755 2739 3810 εὐσεϐεῖ
2784 3753 2996 3824 βασιλεῖ
3023 3753 3112 3806 διὰ
3141 3752 3241 3823 τὴν
3272 3753 3445 3820 άληθῆ
3476 3753 3615 3822 θρη-

2042 3852 2235 3904 σκείαν
2293 3847 2591 3920 πρεσϐείου
2657 3847 2867 3908 πόλεως
2919 3844 3255 3916 τιμηθέντας
3313 3843 3388 3913 μὴ
3437 3844 3616 3908 ἄλλως

2041 3943 2305 4012 πράττειν
2340 3930 2629 4009 ἀἱρεῖσθαι
2680 3937 2769 3991 διὰ
2826 3937 3011 4007 κρίσιν
3056 3936 3288 3998 ἀσεϐοῦς
3323 3935 3612 4005 βασιλέως

2041 4035 2238 4104 χρῆναι
2289 4032 2335 4084 δ’
2372 4033 2466 4102 ἐᾷν
2497 4032 2642 4085 κατὰ
2679 4029 2884 4099 χώραν,
2919 4031 3028 4082 τῶν
3062 4028 3320 4094 καθάπαξ
3349 4029 3620 4081 δοθέντων

2040 4125 2312 4195 ἐκκλησία
2360 4123 2582 4184 δικαίως
2619 4122 2912 4175 ἀπολαύειν
2945 4120 3149 4192 γερῶν.
3184 4119 3358 4174 Τοῦτο
3391 4121 3490 4190 μέν
3520 4119 3618 4175 οὖν

2039 4215 2206 4286 ὀλίγῳ
2237 4215 2451 4284 ἐγένετο
2479 4213 2728 4284 ὕστερον.

382 4303 546 4359 datus
592 4316 770 4371 esset,
821 4308 1070 4363 ecclesia:
1113 4307 1472 4375 fruerentur,
1515 4319 1571 4366 et
1610 4327 1699 4367 res
1741 4328 1803 4368 ea
1843 4312 1967 4367 loco
2005 4326 2108 4367 suo
2176 4312 2403 4366 immota
2450 4319 2716 4364 maneret.
2767 4310 2943 4378 Atque
2991 4309 3095 4363 hoc
3138 4309 3359 4379 quidem
3391 4310 3469 4366 sic
3508 4323 3620 4361 non

381 4398 540 4470 longe
575 4411 699 4470 post
728 4409 812 4455 est
840 4411 1046 4457 actum.

453 4496 657 4550 Eodem
715 4511 860 4550 anno
918 4495 1300 4566 Cappadocum
1355 4514 1578 4569 quoque
1638 4500 1932 4556 Caesaream

2121 4494 2230 4549 Τοῦ
2280 4494 2326 4549 δ’
2353 4493 2518 4546 αὐτοῦ
2548 4493 2701 4555 ἔτους
2734 4491 2827 4543 καὶ
2873 4491 2970 4560 τὴν
2995 4491 3379 4546 Καππαδοκῶν
3406 4494 3621 4546 Καισά-

383 4588 575 4643 urbem
625 4603 872 4658 magnam
907 4596 962 4642 et
1009 4589 1354 4656 locupletem,
1396 4589 1648 4645 Julianus
1679 4607 1708 4646 e
1752 4593 1945 4647 civita-

385 4689 496 4732 tum
521 4679 644 4732 albo
667 4681 947 4748 expunxit,
975 4691 1029 4734 et
1048 4680 1276 4735 C:esaris
1294 4682 1342 4735 ei
1366 4697 1668 4751 cognomen
1695 4683 1942 4738 abstulit.

387 4770 488 4840 15
539 4772 793 4825 Primum.
834 4772 982 4826 enim
1050 4773 1316 4827 Mazacam
1370 4789 1488 4832 eam
1541 4784 1786 4830 vocatam
1841 4776 1939 4845 (2),

381 4861 642 4917 Claudius
673 4862 852 4917 Caesar
882 4865 1249 4933 appellatione
1297 4875 1498 4920 mutata
1521 4905 1536 4930 ,
1577 4869 1802 4921 nomine
1837 4883 1940 4922 suo

381 4953 781 5008 cohonestavit.
829 4953 1056 5008 Summo
1092 4965 1276 5009 autem
1325 4957 1608 5012 civitatem
1658 4972 1780 5011 eam
1817 4957 1945 5011 odio

383 5043 819 5110 persequebatur
862 5051 1159 5113 tyrannus,
1213 5045 1359 5114 quod
1407 5054 1633 5116 pr0pter
1678 5048 1944 5101 eximium

385 5135 439 5188 in
469 5133 749 5189 Christum
791 5149 1033 5189 amorem
1065 5144 1120 5190 et
1151 5136 1487 5191 desiderium
1537 5140 1772 5194 maxime
1802 5139 1947 5193 cele-

385 5224 498 5279 bris
530 5234 695 5287 esset,
733 5235 788 5280 et
827 5234 1040 5281 vetusta
1075 5227 1496 5282 simulacrorum
1534 5229 1760 5283 delubra
1789 5245 1946 5284 ever-

388 5317 544 5372 tisset
571 5335 583 5370 :
617 5317 766 5372 Jovis
798 5318 1013 5373 scilicet
1043 5318 1353 5389 πολιούχου,
1391 5321 1496 5376 hoc
1527 5331 1632 5387 est,
1671 5322 1823 5376 urbis
1855 5336 1951 5391 pa-

387 5413 555 5470 troni,
604 5417 658 5463 et
700 5411 970 5480 Apollinis
1017 5411 1298 5480 πατρῴου,
1352 5411 1405 5466 id
1454 5422 1558 5476 est,
1614 5414 1795 5482 patrii.
1843 5415 1945 5470 Ubi

386 5514 528 5554 vero
549 5512 736 5570 postea
767 5502 1018 5557 Fortuna:
1053 5503 1317 5572 templum
1353 5515 1480 5558 sunt
1513 5503 1796 5567 demoliti,
1831 5504 1948 5574 plu-

2052 4606 2206 4659 ρειαν
2267 4586 2511 4656 μεγάλην
2545 4601 2604 4636 τε
2657 4578 2823 4636 οὖσαν
2856 4585 2953 4635 κοιλ⁴
3004 4585 3060 4635 ἐν
3099 4583 3383 4651 εὐδαίμοσι
3418 4583 3624 4654 κλῆρον

2050 4679 2348 4748 λαχοῦσαν,
2403 4677 2499 4729 τοῦ
2549 4676 2854 4743 καταλόγου
2907 4675 3015 4727 τῶν
3077 4675 3289 4727 πόλεων
3320 4676 3622 4744 διέγραφεν

2063 4771 2376 4831 Ἰουλιανός
2406 4769 2501 4822 καὶ
2537 4768 2634 4838 τὴν
2667 4769 2986 4834 ἐπωνυμίαν
3037 4769 3302 4838 ἀφῃρεῖτο
3348 4769 3445 4836 τὴν
3478 4769 3624 4820 Καίν

2053 4881 2244 4936 σαροςο
2302 4862 2498 4925 Μάζαν
2552 4861 2658 4931 γὰρ
2693 4861 2762 4912 τὰ
2807 4861 3001 4925 πρῶτα
3059 4860 3619 4930 κατονομαζομένην,

2052 4955 2324 5017 Κλαύδιος
2377 4956 2596 5022 Καῖσαρ
2634 4953 2711 5021 τῷ
2742 4951 3015 5020 ἐπωνύμῳ
3047 4952 3234 5019 ἐτίμα,
3273 4951 3619 5020 μεταϐαλών.

2061 5046 2393 5117 ’Υπερφυῶς
2437 5045 2547 5115 γὰρ
2585 5045 2766 5114 ἐμίσει
2817 5043 2913 5113 τὴν
2965 5045 3119 5097 πόλιν
3151 5047 3177 5096 ὁ
3219 5044 3508 5113 τύραννος,
3542 5044 3623 5110 τῷ

2051 5143 2179 5208 περὶ
2223 5139 2316 5190 τὸν
2353 5137 2592 5208 Χριστὸν
2626 5136 2776 5206 πόθῳ
2829 5137 3070 5205 μάλιστα
3123 5132 3291 5190 οὖσαν
3331 5135 3576 5204 διαφανῆ
3605 5153 3617 5166 ·

2049 5233 2144 5284 καὶ
2189 5231 2385 5300 ὅτιπερ
2433 5231 2562 5292 τοὺς
2627 5229 2796 5282 πάλαι
2849 5229 3102 5281 καθεῖλον
3151 5228 3388 5280 εἰδώλων
3442 5230 3622 5282 ἐκεῖσε

2059 5323 2216 5385 νεώςο
2253 5320 2348 5373 τοῦ
2407 5339 2466 5373 τε
2527 5320 2813 5390 πολιούχου
2845 5321 2988 5387 λέγω
3039 5321 3182 5385 Διὸς,
3232 5323 3326 5372 καὶ
3379 5319 3473 5372 τοῦ
3520 5336 3625 5370 πα-

2055 5411 2232 5482 τρῴου
2278 5412 2636 5474 Ἀπόλλωνος.
2670 5411 2758 5474 Ὠς
2789 5412 2845 5464 δὲ
2888 5413 2980 5464 καὶ
3009 5413 3101 5463 τὸν
3136 5413 3233 5481 τῆς
3265 5411 3450 5481 Τύχης
3485 5413 3624 5464 νεὼν

2055 5505 2412 5558 κατέσπασαν
2447 5502 2692 5572 ὕστερον,
2743 5504 2949 5574 σφόδρα
2994 5504 3190 5574 ἤχθετο
3237 5505 3386 5576 πάσῃ
3421 5505 3489 5575 τῇ
3532 5505 3627 5555 τιό-

465 5680 541 5748 (:l)
570 5681 680 5733 Sub
711 5688 891 5733 utontc
925 5681 1097 5750 Argeo
1130 5680 1418 5744 Mazacam,
1455 5698 1572 5750 qutc
1607 5699 1749 5735 nunc
1778 5681 2024 5734 Ca‘sarea
2062 5679 2399 5734 nominatur.
2437 5680 2598 5747 (Plin.
2628 5679 2724 5733 lib.
2763 5695 2834 5743 VI,
2871 5696 2989 5750 cap.
3027 5681 3104 5749 5.)
