3970 6190
253 312 338 377 449

1131 300 1754 365 ΕΟΟιΕΞΙΑΒΤΙΟᾹΞ
1795 300 2194 364 HISTORIIE
2237 302 2382 364 LIB.
2431 304 2503 365 X.

3365 308 3473 372 ιδτι

253 429 473 488 λευκαὶ
500 426 761 496 Ἕλλησιν
805 421 1056 479 ἐνεκάλει
1115 422 1192 486 ὼς
1249 421 1322 491 μὴ
1379 419 1786 488 ἐπαμύνουσιν,

1898 418 2096 474 rimum
2146 422 2245 475 toti
2285 423 2408 476 urbi
2459 426 2808 490 succensuit,
2852 433 2908 481 et
2937 426 3158 483 Graecos
3193 443 3300 482 non
3334 433 3470 485 adeo

252 526 373 580 ὥστε
399 521 489 576 καί
519 536 571 572 τι
601 518 776 572 δεινὸν
803 518 1002 571 παθεῖν
1052 513 1194 584 ὑπὲρ
1241 513 1434 582 τύχης,
1471 509 1632 580 εἴπερ
1659 509 1800 572 τίως

249 615 340 668 ἔδει
375 611 579 666 παθεῖν’
637 611 736 664 καὶ
775 605 1100 678 τριακοσίας
1155 604 1348 674 λίτρας
1405 600 1634 672 χρυσοῦ.
1668 601 1795 661 τοὺς

247 707 336 762 ἀνὰ
375 705 493 767 τοὺς
522 704 681 773 ὅρους
728 701 899 768 αὐτῆς
945 697 1068 769 ᾔτει
1119 694 1230 767 βίαο
1267 697 1395 757 τοὺς
1441 693 1488 746 δ’
1512 693 1570 744 ἐν
1605 691 1795 758 κλήρῳ

245 801 428 860 πάντας
463 796 564 849 ὑπὸ
592 792 938 863 λειτουργίαν
972 788 1385 860 στρατιωτικὴν
1419 785 1597 838 τελεῖν
1624 799 1793 853 προσ-

245 894 408 957 τάξαςσ
465 891 492 943 δ
539 889 856 956 δαπανηρὸν
914 885 1010 938 καὶ
1063 882 1435 937 ἐπονείδιστον
1472 877 1790 948 ἐνομίζετο·

247 986 443 1052 σύμπαν
467 980 522 1033 δὲ
555 980 618 1034 τὸ
645 979 1046 1050 Χριστώνυμον
1077 974 1286 1044 πλῆθος
1314 973 1588 1041 ὑπόφορον
1615 984 1787 1022 κατα-

244 1076 444 1143 στήσας,
472 1072 571 1125 ὃσα
601 1072 698 1122 κα)⁸
730 1069 909 1139 Κώμῃ
957 1069 1024 1138 τῇ
1051 1067 1210 1120 πόλει
1258 1064 1556 1135 ἐχρήσατο·
1591 1062 1790 1131 ὅρκους

242 1167 290 1222 δὲ
319 1163 642 1236 προστιθεὶς,
702 1161 942 1230 ἠπείλει,
983 1159 1060 1220 ὼς
1114 1158 1164 1211 εί
1208 1159 1283 1226 μὴ
1341 1155 1538 1209 θᾶττον
1565 1154 1634 1207 τὰ
1666 1151 1790 1221 ἱερὰ

242 1259 562 1328 ἀνεγείρωσι,
598 1256 709 1308 πᾶν
761 1253 814 1306 ετ
847 1270 900 1305 τι
945 1251 1122 1305 δεινὸν
1175 1249 1308 1320 δρᾷν
1361 1251 1428 1318 τῇ
1465 1247 1659 1299 πόλει·
1693 1246 1792 1297 καὶ

240 1348 378 1410 τέλος
440 1343 801 1415 ἀφαιρεῖσθαί
865 1358 925 1395 τε
975 1340 1224 1408 κεφαλὰς
1280 1337 1390 1391 τῶν
1444 1335 1788 1389 Γαλιλαίωνο

239 1441 368 1493 οὕτω
397 1437 502 1508 γὰρ
549 1436 794 1506 ὑδρίζων
828 1433 1017 1487 ἐκάλει
1051 1429 1441 1501 Χριστιανοῦςο
1482 1429 1578 1481 καὶ
1609 1426 1788 1495 ἐφθα-

249 1549 328 1586 σεν
370 1532 435 1585 ἄν
477 1530 783 1598 ἐκπερᾶναι
836 1527 938 1590 τὰς
983 1525 1219 1587 ἀπειλὰς
1248 1563 1263 1586 ,
1301 1524 1351 1576 εί
1389 1522 1464 1591 μὴ
1505 1520 1568 1573 τὸ
1612 1518 1792 1589 χρεὼν

1899 511 2104 565 multos
2129 527 2247 566 cam
2279 511 2586 569 incolentes
2621 515 2893 571 incusavit
2921 535 2934 573 :
2966 535 3028 573 ac
3055 521 3100 574 si
3121 521 3251 590 quid
3279 523 3473 579 durius

1896 602 2287 672 perferendum
2321 606 2411 669 sit,
2442 615 2557 660 tum
2587 606 2874 664 ferentium
2905 628 3004 680 pro
3030 613 3248 668 fortuna
3278 616 3470 682 fuisse,

1894 694 1978 748 eis
2009 694 2235 765 objecit.
2277 697 2582 754 Trecentas
2615 714 2748 754 sane
2785 703 2905 756 auri
2948 703 3120 759 libras
3154 707 3222 759 ab
3265 708 3345 760 eis
3377 709 3470 776 qui

1897 787 2035 841 lines
2067 788 2222 844 urbis
2251 789 2370 859 ejus
2415 792 2659 856 coluere,
2696 795 2746 847 vi
2797 797 3001 866 exegit.
3031 796 3251 852 Cierum
3285 810 3470 854 autem

1895 891 2114 930 omnem
2153 881 2481 936 muneribus
2510 891 2566 936 et
2596 884 2923 940 ministeriis
2953 887 3287 942 militaribus
3323 889 3376 942 in
3407 905 3472 943 ea

1894 970 2118 1040 regione
2143 974 2394 1029 attribuit
2424 993 2436 1028 :
2470 977 2616 1044 quod
2643 993 2768 1032 cum
2798 981 3112 1048 sumptibus
3147 998 3469 1050 onerosum,

1895 1067 2007 1112 tum
2075 1062 2381 1130 ignominia
2433 1066 2896 1119 contumeliosum
2947 1068 3320 1121 existimatum
3367 1079 3472 1123 est.

1892 1151 1958 1205 Et
1986 1151 2314 1208 Christianis
2355 1157 2617 1210 Omnibus
2649 1158 2861 1212 tributo
2897 1159 3190 1229 imposito,
3227 1161 3365 1215 urbe
3407 1178 3473 1215 ea

1891 1245 2126 1314 perinde
2175 1256 2340 1316 atquc
2387 1248 2510 1304 vico
2542 1251 2730 1319 aliquo
2760 1264 2844 1305 est
2895 1269 3048 1306 usus.
3091 1254 3222 1308 Jure
3253 1269 3474 1324 quoque

1887 1336 2126 1406 jurando
2162 1337 2512 1408 interposito,
2561 1343 2803 1395 minatus
2855 1343 2939 1397 eis
2984 1354 3105 1408 est,
3151 1347 3256 1399 nisi
3307 1361 3472 1413 quam

1896 1425 2140 1494 primum
2172 1429 2376 1498 templa
2407 1429 2639 1484 deorum
2675 1434 3056 1495 restituerent,
3088 1434 3318 1504 quiquid
3351 1450 3476 1503 pos-

1893 1530 1977 1573 set
2008 1521 2337 1575 calamitatis
2380 1523 2588 1576 civitati
2632 1539 2690 1578 se
2736 1525 3055 1587 illaturum,
3086 1537 3143 1580 et
3192 1537 3474 1595 postremo

237 1621 546 1692 προφθάσαν
599 1620 696 1672 τοῦ
757 1619 858 1688 ζῇν
913 1615 1357 1685 ὑπερεξήγαγεν.
1395 1613 1520 1665 Ὅτι
1571 1627 1634 1679 γε
1695 1609 1792 1662 καὶ

1898 1612 2075 1680 capita
2103 1614 2266 1666 etiam
2299 1614 2612 1668 ablaturum
2639 1631 2759 1670 esse
2789 1617 3060 1682 Galilmis;
3094 1618 3174 1673 sic
3200 1620 3346 1671 enim
3378 1632 3475 1686 per

235 1714 492 1784 καταρχὰς
538 1713 642 1766 οὐκ
683 1712 853 1780 οἴκτῳ
882 1709 946 1762 τὸ
996 1707 1384 1776 φιλάνθρωπον
1429 1704 1634 1758 ἐδείκνυ
1666 1701 1792 1768 περὶ

1898 1703 2291 1757 contumeliam
2354 1705 2700 1761 Christianos
2755 1708 3082 1761 nominavit.
3143 1711 3324 1778 Atque
3382 1709 3474 1762 ille

233 1779 606 1875 Χριστιανοὺς,
637 1779 842 1874 καίπερ
869 1801 1172 1873 βαρύτερος
1212 1801 1452 1870 μάλιστα
1483 1797 1593 1850 τῶν
1621 1795 1791 1849 πάλαι

1898 1795 2072 1848 minas
2116 1796 2386 1864 ejusmodi
2436 1797 2503 1851 ad
2558 1812 2674 1851 rem
2725 1799 3085 1863 contulisset,
3133 1801 3238 1854 nisi
3290 1801 3474 1856 fatalis

232 1901 522 1966 διωξάντων
560 1899 662 1968 τὴν
729 1896 1064 1966 Ἐκκλησίαν
1105 1894 1180 1947 ὥν
1205 1909 1220 1926 ⁸
1254 1891 1372 1946 ἀλλ’
1400 1889 1556 1954 εἰδὼς
1587 1893 1651 1944 ἐκ
1682 1887 1790 1942 τῶν

231 1993 515 2061 γενομένων
557 1989 828 2061 μηδεμίαν
887 1989 1076 2058 ὄνησιν
1130 1982 1275 2040 εἶναι
1325 1983 1406 2055 τῷ
1443 1981 1791 2052 Ἑλληνισμῷ

233 2083 418 2136 ἐκτῶν
471 2083 616 2150 πρὸς
675 2077 1040 2150 Χριστιανοὺς
1092 2076 1408 2147 ἀνηκέστων
1467 2073 1786 2144 τιμωριῶν⁶

233 2175 415 2245 μᾶλλον
451 2175 558 2242 μὲν
601 2171 696 2224 οῦν
729 2169 966 2241 αὔξησιν
1015 2169 1078 2222 τὺ
1108 2168 1286 2238 δόγμα
1314 2168 1525 2231 λαϐεῖν,
1574 2166 1672 2218 καὶ
1706 2166 1791 2216 ἐν-

229 2263 343 2326 δοξα
374 2259 637 2314 ἐντεῦθεν
683 2260 753 2312 τὰ
801 2256 1150 2328 Χριστιανῶν
1179 2253 1548 2324 γεγενῆσθαι,
1588 2249 1668 2314 οἷς
1699 2253 1792 2304 ἀν-

228 2354 402 2423 δρείως
451 2353 694 2406 ἐκείνων
743 2348 933 2403 πολλοὶ
982 2348 1243 2418 τελευτᾷν
1300 2347 1506 2399 εἴλοντο
1541 2359 1554 2374 ·
1612 2344 1792 2406 ἄλλως

227 2462 278 2498 τε
315 2447 407 2497 καὶ
439 2445 548 2512 τῆς
579 2442 792 2496 ἐκεῖθεν
827 2441 986 2510 δόξης
1012 2438 1225 2500 τούτοις
1257 2437 1488 2506 φθονῶν,
1527 2435 1589 2488 οὐ
1619 2435 1793 2503 φειδοῖ

225 2554 318 2590 τινι
346 2537 436 2590 καὶ
463 2533 886 2604 φιλανθρωπίᾳ.
940 2532 1230 2601 Αἰκισμοῖς
1262 2529 1359 2597 μὲν
1385 2529 1494 2596 γὰρ
1525 2531 1620 2579 καὶ⁵
1658 2527 1793 2594 πυρὶ

229 2629 312 2680 καὶ
338 2629 550 2696 σιδήρῳ
588 2627 688 2680 καὶ
715 2623 1026 2685 θαλαττίοις
1069 2621 1278 2691 βυθοῖς,
1313 2620 1345 2689 ἢ
1380 2618 1589 2682 ζῶντας
1621 2619 1792 2687 βαράο

232 2720 367 2789 Θροις
405 2721 664 2791 βάλλειν,
720 2717 820 2770 καὶ
874 2719 947 2785 γῇ
1004 2713 1404 2783 κατορύττειν,
1453 2710 1489 2764 ἃ
1542 2713 1652 2774 τοῖς
1687 2709 1793 2779 πρὸ

232 2813 422 2865 ἐκείνου
467 2811 559 2864 διά
603 2806 1188 2877 σπουδῆς,·παντελῶς
1233 2805 1489 2858 ἀπεῖπεν.
1521 2803 1658 2855 Οὐδὲ
1683 2803 1792 2872 γὰρ

231 2904 280 2970 ἐξ
303 2904 608 2971 ἀναγκαίου
640 2901 819 2953 ταῦτα
853 2898 950 2970 τὴν
986 2898 1216 2966 γνώμην
1254 2895 1566 2964 μεθίστησι.
1604 2895 1794 2946 Πειοοῖ

231 2998 276 3048 δὲ
307 2999 499 3065 μᾶλλον
559 2995 658 3046 καὶ
713 2991 1112 3062 παραινέσεσιν
1146 2989 1336 3059 ἡγεῖτο
1365 2986 1476 3038 δεῖν
1507 2985 1640 3055 πρὸς
1670 2985 1796 3036 ἀσέ-

234 3088 367 3140 δειαν
399 3089 664 3157 μετάγειν
695 3087 763 3138 τὰ
796 3081 1002 3152 πλήθη,
1055 3078 1355 3134 κάντεῦθεν
1398 3076 1595 3148 ῥᾳδίως
1628 3093 1790 3147 περι-

230 3180 485 3246 γενέσθαι·
522 3181 559 3250 ἢ
601 3179 744 3246 τάχα
770 3217 785 3242 ,
827 3176 916 3228 ἴνα
946 3173 1145 3242 μᾶλλον
1184 3169 1489 3240 παράδοξός
1529 3187 1612 3232 τις
1650 3165 1791 3222 εἶναι

229 3269 337 3341 δόξῃ
367 3272 496 3339 περὶ
546 3269 756 3330 αὐτοὺς
793 3266 888 3321 καὶ
924 3264 1332 3335 φιλάνθρωπος,
1370 3259 1447 3331 μὴ
1478 3259 1600 3330 βίαν
1627 3260 1789 3324 εὐθὺς

231 3363 438 3430 ἐπάγειν
469 3363 686 3434 ᾑρεῖτο.

1895 1887 2195 1940 necessitas
2223 1895 2396 1941 morte
2417 1902 2544 1941 eum
2577 1887 2954 1957 praevenisset.
2987 1889 3178 1959 Neque
3209 1890 3278 1943 ab
3308 1890 3473 1943 initio

1894 1991 1992 2046 per
2019 1977 2450 2032 misericordiam
2477 1979 2862 2034 humaniorem
2889 1996 2948 2036 se
2971 1995 3099 2050 erga
3124 1981 3474 2038 Christianos

1892 2069 2189 2146 exhibuit,
2231 2070 2525 2139 minusque
2561 2073 2868 2139 graviorem
2904 2074 3187 2128 veteribus
3219 2089 3475 2143 persecu-

1896 2160 2108 2214 toribus
2133 2178 2147 2214 :
2179 2160 2274 2214 sed
2301 2161 2448 2229 quod
2477 2163 2615 2216 nihil
2642 2164 2908 2218 momenti
2935 2163 3251 2219 Graacorum
3279 2180 3475 2234 super-

1892 2253 2105 2308 stitioni
2149 2255 2582 2318 constituendae,
2615 2256 3056 2312 Christianorum
3107 2259 3473 2314 intolerabilia

1892 2344 2057 2396 etiam
2085 2344 2356 2413 supplicia
2383 2345 2606 2411 afferre,
2631 2349 2764 2416 quin
2799 2349 2972 2402 etiam‘
2992 2351 3187 2418 dogma
3216 2364 3471 2406 nostrum

1895 2435 2102 2503 majora
2153 2451 2250 2504 per
2310 2453 2374 2490 ea
2422 2453 2623 2506 capere
2658 2442 2993 2496 incrementa
3037 2447 3223 2498 sciret.
3277 2443 3474 2512 ingens

1893 2531 2042 2580 enim
2071 2542 2138 2581 ex
2175 2543 2242 2581 eo
2271 2527 2604 2585 Christianis
2634 2532 2867 2588 accessit
2897 2534 3093 2602 gloria,
3121 2534 3266 2604 quod
3297 2551 3364 2590 ex
3391 2537 3474 2591 eis

1893 2618 2050 2671 multi
2090 2618 2309 2675 fortiter
2363 2631 2596 2677 mortem
2648 2624 2754 2678 sibi
2805 2624 3122 2682 obeundatn
3177 2628 3466 2685 duxerint.

1895 2709 2159 2764 Praeterea
2191 2727 2322 2766 vero
2347 2712 2564 2768 laudem
2599 2729 2718 2768 eam
2749 2717 2908 2772 nobis
2938 2719 3162 2774 invidit.
3199 2721 3260 2775 Et
3289 2737 3319 2775 a
3348 2732 3466 2777 tor-

1895 2802 2098 2857 mentis
2127 2803 2352 2871 quidem
2393 2815 2450 2860 et
2479 2809 2637 2875 igne,
2666 2817 2721 2861 et
2763 2809 2949 2872 ferro.
2992 2822 3046 2866 et
3083 2814 3260 2884 pelagi
3302 2815 3470 2869 undis

1895 2893 2199 2958 abstinuit;
2234 2909 2416 2964 neque
2447 2896 2600 2950 vivos
2629 2897 2715 2950 vel
2748 2896 2804 2950 in
2837 2898 3164 2956 barathrum
3206 2904 3469 2974 conjecit,

1895 2983 1982 3037 vel
2020 2984 2073 3037 in
2107 2993 2252 3038 terra
2287 2985 2528 3053 defodit,
2563 3003 2686 3057 quae
2733 2989 2824 3044 alii
2874 3001 3004 3046 ante
3033 3008 3161 3048 eum
3211 3010 3474 3064 persecu-

1898 3083 2048 3129 tores
2073 3075 2348 3142 fecerant;
2383 3079 2532 3147 quod
2565 3080 2678 3135 haec
2706 3084 3023 3139 necessario
3049 3086 3215 3140 animi
3250 3099 3476 3144 senten~

1898 3166 2029 3221 tiam
2093 3185 2204 3225 non
2271 3182 2613 3228 mutarent:
2679 3176 3162 3236 cohortationibus
3220 3197 3347 3237 vera
3415 3193 3473 3238 et

1894 3263 2356 3330 persuasionibus
2406 3267 2815 3323 multitudinem
2861 3271 2930 3326 ad
2977 3272 3315 3341 impietatem
3350 3290 3477 3344 per-

1897 3354 2226 3410 trahendam
2267 3372 2388 3414 esse
2427 3362 2668 3416 censuit.
2705 3363 2779 3418 Eo
2817 3365 2980 3420 modo
3014 3366 3174 3422 facile
3215 3383 3273 3423 se
3303 3384 3473 3436 supe-

231 3461 410 3513 rinrem
465 3460 616 3520 fore,
649 3465 702 3510 et
732 3457 878 3525 quod
909 3452 1092 3516 vellet,
1123 3449 1455 3506 effecturum
1489 3462 1611 3503 esse
1676 3457 1828 3504 ratus
1864 3459 1954 3507 est
1981 3467 1996 3505 :
2067 3460 2164 3507 aut
2199 3453 2432 3510 fortasse
2453 3496 2467 3521 ,
2507 3466 2566 3512 ut
2597 3459 2958 3516 admirandus
2987 3476 3144 3531 esse,
3175 3473 3233 3519 et
3272 3475 3473 3534 praeter

225 3559 677 3627 exspectationem
713 3556 1091 3624 perhumanus
1126 3549 1181 3602 in
1206 3548 1290 3604 eis
1325 3545 1629 3612 videretur,
1657 3561 1770 3600 non
1809 3548 1996 3602 statim
2031 3549 2138 3602 vim
2174 3551 2257 3604 eis
2285 3550 2657 3609 adhibendam
2692 3569 2812 3610 esse
2847 3556 3083 3626 putavit.

802 3691 1056 3744 ΚΕΦΔΛ.
1100 3689 1182 3744 Ε’.

236 3788 322 3854 Ὦς
371 3789 523 3857 ἡδὺς
583 3785 666 3857 τῷ
717 3783 1163 3857 πλήθειίθᾷλωη
1186 3777 1409 3857 δοκεῖν,
1443 3774 1788 3857 defure-.1074»

285 3846 1125 3930 ἀπάντᾰχοῦίφυῖαδευθεξοςιν
1140 3849 1496 3930 ἐπισκόποις
1513 3847 1618 3930 ἐπὶ
1630 3846 1790 3930 ων-

285 3917 700 4002 στανιτίᾴὖ-τᾶς
719 3917 956 4002 εξορίας
976 3922 1072 4002 διὰ
1090 3921 1279 4002 ,μίσος
1290 3920 1528 4002 ἐκείνου
1548 3933 1562 3947 ·
1583 3917 1787 4002 ἄλλως

284 4015 345 4051 τε
374 4000 471 4052 καί
496 3997 604 4051 διὰ
633 3989 698 4049 τὸ
722 3989 922 4052 θέλειν
955 3992 1070 4060 τὴν
1097 3989 1470 4051 Ἐκκλησίαν
1507 3989 1789 4056 ταράττε-

285 4074 438 4124 σθαι.

288 4183 522 4237 Τοιαῦτα
553 4178 968 4249 διανοούμενος,
1003 4177 1171 4229 πᾶσιν
1202 4173 1295 4237 οὓς
1325 4169 1597 4242 φυγαδείσ⁴
1626 4186 1789 4224 κατε-

224 4271 427 4327 δίκασεν
463 4275 491 4326 ὁ
519 4271 907 4330 Κωνστάντιος
960 4267 1050 4320 διὰ
1083 4265 1180 4336 τὴν
1213 4262 1508 4334 θρησκείαν
1530 4303 1546 4328 ,
1580 4261 1788 4332 ἀνῆκεν

224 4365 389 4417 οἴκαδε
425 4365 610 4418 ἵεσθαι
630 4380 643 4394 ·
690 4363 786 4416 καὶ
818 4361 930 4422 τοῖς
981 4357 1090 4410 ὑπὸ
1125 4358 1300 4427 δήμου
1332 4355 1400 4408 τὰ
1428 4355 1605 4408 οἰκεῖα
1632 4354 1790 4424 διαρ-

228 4461 438 4525 πατεῖσι
485 4457 592 4518 τὰς
646 4453 835 4515 οὐσίας
893 4449 1280 4521 ἀπεχαρίςετο.
1333 4446 1694 4516 Διατάγματα
1745 4443 1790 4498 δ’

227 4548 450 4616 ἔπεμπε,
495 4545 705 4617 μηδένα
733 4543 844 4596 τῶν
893 4539 1244 4610 Χριστιανῶν
1277 4539 1521 4611 ἀδικεῖν,
1547 4536 1670 4607 μηδ’
1701 4538 1793 4589 ἐπὶ

229 4639 406 4704 θυσίας
438 4637 774 4712 βιάζεσθαι,
811 4634 949 4706 μηδὲ
990 4631 1264 4704 ὑϐρίζειν.
1296 4631 1453 4684 Ὅσοι
1493 4627 1536 4682 δ’
1584 4628 1792 4680 ἕλοιντο

228 4731 428 4795 ἑκόντες
478 4732 596 4794 τοῖς
650 4728 856 4800 βωμοῖς
905 4724 1226 4795 προσιέναι,
1279 4721 1550 4792 πρότερον
1599 4721 1795 4798 περιρ-

229 4823 534 4894 ραντηρίοις
588 4823 688 4874 καὶ
743 4816 1134 4890 καθαρτηρίοις
1183 4813 1422 4886 χρῆσθαι
1479 4813 1794 4882 ῑλουμένους

227 4917 331 4978 τοῖς
384 4915 671 4982 δαίμοσιν.
723 4911 869 4963 Ὅσα
921 4909 977 4961 δὲ
1037 4907 1450 4966 Κωνσταντῖνος
1512 4903 1794 4974 κληρικοῖς

229 5007 394 5059 ἐποίει
446 5006 737 5075 σιτηρέσια
791 5002 888 5055 καὶ
930 4999 1220 5063 ἀτελείας,
1271 4998 1333 5050 τὸ
1388 4997 1541 5050 Θεῖον
1592 4995 1792 5064 τιμῶν,

229 5096 500 5169 περιεῖλεν
538 5089 694 5159 οὗτος
714 5133 731 5160 ,
758 5095 856 5148 καὶ
885 5094 998 5155 τοῖς
1025 5089 1308 5160 δημοσίοις
1348 5087 1619 5152 ἐνὲταξενο
1655 5085 1691 5140 ἀ
1734 5102 1793 5137 τε

230 5191 420 5260 χήραις
449 5189 548 5241 καὶ
580 5187 870 5258 παρθένοις
909 5184 975 5237 δι’
1009 5182 1218 5236 ἔνδειαν
1257 5183 1314 5234 ἐν
1331 5181 1570 5250 κλήροις
1604 5179 1794 5245 ἔταξεν

231 5283 286 5334 ἐκ
337 5280 618 5351 δημοσίων
693 5277 1037 5350 τρέφεσθαι,
1097 5274 1311 5346 πικρῶς
1369 5275 1791 5342 εἰσεπράττετο.

233 5373 635 5434 Κωνσταντῖνος
664 5372 800 5439 γὰρ,
839 5370 1005 5440 ήνίκα
1060 5368 1130 5420 τὰ
1174 5366 1318 5420 κατὰ
1352 5365 1449 5427 τάς
1497 5365 1828 5434 ἐκκλησίας,

234 5465 564 5534 ἐνομοθέτει,
595 5466 657 5517 ἐκ
683 5465 794 5516 τῶν
823 5463 1060 5530 ἑκάστης
1093 5458 1304 5520 πόλεως
1333 5459 1514 5525 φόρων
1538 5456 1608 5508 τὰ
1643 5456 1797 5524 διαρ-

235 5556 297 5624 κῆ
321 5558 461 5626 πρὸς
505 5555 605 5625 τὴν
634 5556 742 5610 τῶν
774 5553 1100 5622 ἐπιτηδείων
1139 5550 1473 5619 ζωάρκειαν,
1502 5549 1636 5600 πᾶσι
1681 5549 1795 5610 τοῖς

235 5646 449 5718 κλήροις
496 5647 692 5712 ἐδίδου,
737 5649 834 5702 καὶ
865 5646 1015 5716 νόμῳ
1049 5644 1147 5715 τὴν
1196 5640 1393 5712 πρᾶξιν
1441 5639 1662 5710 ἐκύρουο
1699 5640 1796 5692 καὶ

238 5734 324 5791 νῦν
349 5741 408 5804 ἐς
447 5740 608 5811 δεῦρο
634 5743 889 5813 τηρεῖται
917 5737 1100 5801 καλῶς
1130 5734 1556 5805 φυλαττόμενος.
1593 5727 1704 5786 Ἦν
1739 5732 1794 5786 δὲ

2515 3690 2738 3749 CAPUT
2784 3693 2848 3750 ν.

1897 3773 2203 3857 Quomodo,
2254 3789 2310 3857 ut
2367 3780 2609 3857 faverent
2646 3783 2808 3854 plebis
2861 3795 3241 3857 aucuparemr,
3289 3805 3468 3845 omnes

1967 3852 2162 3918 passim
2191 3853 2457 3928 episcopos
2498 3870 2528 3905 α
2569 3852 2880 3928 Constantio
2929 3852 3257 3928 iit-exsilium
3291 3861 3468 3928 pulsos

1969 3923 2243 4000 revocarit,
2275 3938 2404 4000 cum_
2422 3932 2637 4000 propter
2657 3923 2952 3981 Constantii
2981 3926 3180 3996 odium,
3200 3923 3308 3982 tum
3331 3931 3468 4000 quod

1969 3988 2266 4046 Ecclesium
2297 3988 2503 4047 turbari
2519 3988 2709 4048 'vellet.

1970 4167 2074 4238 16
2112 4167 2392 4238 Ejusmodi
2418 4171 2634 4240 agitans
2661 4175 2923 4238 consilia,
2952 4175 3044 4244 qui
3078 4191 3107 4229 a
3140 4175 3468 4236 Constantio
3525 4149 3528 4152 ⁸

1895 4261 1952 4316 in
1983 4263 2238 4317 exsilium
2270 4264 2414 4332 pulsi
2444 4278 2672 4336 propter
2706 4268 3028 4338 religionem
3067 4269 3306 4338 fuerant,
3345 4289 3469 4327 om-

1898 4355 2065 4410 nibus
2094 4364 2423 4424 potestatem
2463 4359 2734 4414 redeundi
2771 4362 2936 4416 fecit:
2972 4370 3029 4415 et
3060 4377 3292 4431 quorum
3329 4367 3469 4421 bona

1825 4492 1868 4548 ο
1898 4447 2178 4519 publicata
2220 4448 2476 4515 fuerant,
2510 4466 2572 4504 ea
2604 4453 2712 4508 illis
2742 4455 3009 4512 restituit.
3049 4457 3238 4511 Edicta
3285 4458 3469 4526 publi-

1897 4549 2018 4594 cata
2039 4577 2054 4604 ,
2097 4554 2167 4594 ne
2195 4539 2498 4596 Christiani
2548 4543 2766 4612 injuriis
2793 4544 3162 4610 allicerentur,
3193 4562 3329 4600 neve
3372 4561 3471 4615 per

1895 4629 2005 4684 vim
2055 4639 2154 4684 aut.
2199 4631 2593 4685 contumeliam
2654 4634 2719 4686 ad
2769 4635 3040 4688 sacrificia
3091 4635 3466 4705 adigerentur.

1894 4720 1952 4776 Si
1983 4723 2074 4791 qui
2111 4737 2243 4778 vero
2287 4737 2386 4777 sua
2421 4735 2617 4793 sponte
2651 4723 2718 4777 ad
2762 4740 2888 4780 aras
2927 4725 3192 4780 accedere
3238 4727 3466 4792 vellent,

1895 4827 1991 4867 eos
2042 4813 2196 4882 prius
2255 4814 2485 4868 deorum
2551 4815 2945 4884 placandurum
3003 4816 3182 4885 gratia
3235 4817 3462 4872 lustrari

1898 4905 2228 4975 purgarique
2292 4905 2516 4960 debere.
2576 4907 2866 4961 Annonam
2923 4918 2979 4962 et
3038 4908 3466 4972 immunitatem,

1896 5012 2059 5066 quam
2085 4995 2482 5051 Constantinus
2511 5014 2610 5064 pro
2632 5013 2728 5053 sua
2759 5014 2888 5069 erga
2915 4999 3085 5055 Deum
3114 5002 3470 5058 observantia

1896 5088 2116 5144 clericis
2149 5100 2522 5154 concesserat,
2554 5091 2670 5159 ipse
2699 5092 3011 5164 abrogavit,
3040 5104 3096 5150 et
3127 5096 3180 5149 in
3217 5096 3470 5164 publicos

1897 5191 2197 5250 proventus
2242 5181 2450 5235 retulit.
2496 5181 2627 5247 Quae
2663 5198 2797 5239 vero
2833 5186 3014 5241 viduis
3045 5196 3101 5241 et
3130 5187 3466 5256 virginibus,

1897 5281 2126 5342 propter
2181 5274 2420 5343 inopiam
2472 5275 2630 5342 cleri,
2689 5277 2951 5333 alimenta
3001 5295 3032 5334 e
3084 5279 3304 5348 publico
3353 5280 3468 5333 lar-

1897 5365 2102 5436 gienda
2146 5365 2420 5422 destinata
2457 5379 2639 5434 erant,
2686 5387 2830 5442 aegre
2861 5381 2917 5427 et
2963 5372 3255 5427 difﬁculter
3288 5372 3471 5443 exige-

1905 5458 2132 5512 bantur.
2157 5457 2560 5516 Conslantinus
2590 5477 2854 5533 namque,
2885 5479 3010 5519 cum
3044 5464 3308 5518 ecclesias
3340 5480 3472 5518 con-

1905 5550 2164 5606 stitueret
2222 5563 2388 5622 atque
2451 5554 2776 5622 ordinaret,
2842 5572 2908 5611 ex
2976 5557 3243 5627 cujusque
3301 5556 3472 5633 urbis

1903 5645 2266 5714 pr0ventibus
2295 5646 2394 5700 toti
2428 5646 2602 5711 clero,
2637 5658 2900 5717 quantum
2933 5650 2999 5703 ad
3031 5651 3198 5703 vitam
3231 5651 3470 5703 toleran-

1899 5736 2023 5790 dam
2081 5737 2213 5792 satis
2258 5745 2444 5801 esset,
2498 5752 2680 5793 rerum
2746 5742 3180 5798 necessariarum
3249 5742 3466 5806 tribuit,
