3970 6190
372 309 469 372 4-1

1549 299 1983 366 NlCEPHOlll
2023 303 2373 365 CALLISTI

3522 306 3633 369 452

371 433 609 488 eamque
669 430 784 470 rem
850 414 1134 470 sanctione
1191 411 1330 482 legis
1383 413 1771 476 conﬁrmavit,
1827 428 1981 484 qua,

2110 416 2331 487 τοιαύτη
2358 416 2437 484 τῷ
2469 416 2749 488 Ἰουλιανῷ
2775 417 3068 488 είσπραξις
3089 418 3460 488 ἀπάνθρωπος
3488 422 3634 477 πάνυ

379 513 669 578 hucusque
704 516 1084 563 conservatur.
1117 503 1230 559 Sub
1261 503 1480 558 Juliano
1511 505 1726 558 exactio
1752 519 1948 560 eorum

2054 511 2150 560 καὶ
2191 509 2500 578 βαρυτάτη,
2529 511 2603 572 ώς
2633 512 2729 564 καὶ
2757 512 2828 564 τὰ
2863 513 3132 581 γενόμενα
3158 513 3268 566 τῶν
3303 517 3636 584 πρακτόρων

380 616 752 678 proventuum
791 603 927 656 dura
964 599 1258 654 admodum
1297 609 1354 654 et
1391 601 1576 668 gravis
1616 600 1754 664 fuit,
1787 599 1952 655 sicuti

2095 604 2408 669 ραμματεῖα
2429 603 2639 672 ἐδήλου.
2663 603 2738 656 Οὐ
2770 604 2934 674 μέχρι
2958 604 3014 658 δὲ
3039 605 3248 658 τούτων
3270 607 3302 674 ἡ
3323 605 3420 659 τοῦ
3439 607 3642 676 τυράν-

383 698 437 751 id
475 704 792 750 exacturum
830 691 1075 760 ipsorum
1109 699 1383 744 testantur
1413 697 1797 743 monumenta.
1833 691 1952 744 Cae-

382 801 561 843 ti-rum
595 800 785 854 parum
831 783 935 837 fuit
972 791 1241 852 tyranno,
1288 792 1395 836 tam
1431 781 1616 837 hostili
1663 797 1788 838 esse
1821 797 1954 851 erga

2055 707 2146 742 νου
2173 691 2444 760 ἀπέχθεια
2469 693 2677 747 ῐστατο.
2708 694 2870 748 Ἀλλὰ
2904 697 2965 748 τὸ
2993 695 3132 767 πρὸς
3163 698 3264 764 τὴν
3295 695 3637 767 Ἐκκλησίαν

2059 783 2215 850 μῖσος
2257 782 2394 853 πρὸς
2448 785 2688 853 παντελῆ
2741 785 3064 857 καθαίρεσιν
3108 787 3281 854 αὐτῆς
3317 789 3643 857 ἀνηρέθιζε.

382 894 482 932 nos
519 877 730 938 animo,
766 873 873 928 nisi
921 888 1082 926 suum
1118 873 1386 927 adversus
1417 872 1716 928 Ecclesiam
1761 873 1955 928 odium

2089 873 2170 926 ἰαὶ
2198 876 2308 944 γὰρ
2333 877 2432 927 ὅσα
2463 877 2778 946 προσῄεσαν
2809 878 2946 948 αὐτῇ
2981 881 3153 949 σκεύη
3189 885 3281 933 καὶ
3304 879 3642 950 ἀναθήματι

382 971 448 1023 ad
482 967 759 1022 excidium
793 966 918 1035 ejus
949 979 1176 1034 prorsus
1203 974 1572 1020 converteret.
1600 960 1954 1036 Quaecunque

382 1062 530 1114 enim
577 1060 626 1113 ei
661 1057 1094 1127 suppeditabant
1127 1071 1280 1110 sacra
1327 1071 1456 1110 vasa
1487 1064 1542 1110 et
1585 1057 1816 1112 donaria
1842 1097 1856 1119 ,
1895 1072 1959 1110 ea

385 1153 649 1217 abstulit,
697 1150 846 1205 etin
898 1149 1172 1203 idolorum
1221 1148 1469 1202 delubris
1513 1150 1783 1218 reposuit.
1838 1146 1958 1203 Vim

385 1245 552 1295 etiam
589 1241 738 1294 illam
773 1239 855 1293 eis
895 1238 1185 1304 adhibuit,
1225 1237 1319 1307 qui
1358 1240 1462 1292 sub
1500 1237 1866 1294 Consmntino
1904 1247 1962 1292 et

386 1334 715 1391 Constantio
766 1332 965 1401 templa
996 1331 1225 1386 deorum
1265 1331 1626 1394 evertissent,
1678 1340 1738 1383 ut
1770 1331 1856 1384 vel
1899 1345 1964 1384 ea

387 1425 646 1480 celeriter
678 1430 1073 1482 restaurarent,
1105 1419 1188 1473 vel
1214 1420 1642 1474 aestimationem
1665 1429 1964 1474 structura:

387 1532 579 1571 corum
617 1513 1017 1584 persolverent.
1066 1511 1161 1566 Sin
1212 1512 1317 1567 hoc
1365 1512 1548 1566 minus
1590 1512 1876 1576 facerent,
1909 1523 1968 1566 ut

389 1608 584 1660 durius
632 1605 1056 1672 acciperentur,
1085 1613 1140 1656 et
1173 1605 1226 1658 in
1278 1605 1498 1657 vincula
1530 1605 1965 1671 conjicerentnr,

395 1698 698 1753 mandavit.
737 1697 895 1752 Unde
944 1697 1080 1750 illud
1130 1697 1266 1752 satis
1297 1698 1577 1766 conjicere
1616 1698 1778 1758 licet.
1813 1699 1865 1751 in
1900 1713 1966 1751 eo

2059 967 2470 1037 ἀφαιρούμενος
2499 1009 2514 1032 ,
2557 973 2666 1032 τοῖς
2717 970 2826 1022 τῶν
2875 970 3113 1024 εἰδώλων
3152 971 3394 1024 ἀνετίθει
3447 974 3596 1034 ναοῖς
3625 989 3640 1004 ο

2069 1061 2193 1129 βίαν
2240 1079 2296 1112 τε
2328 1063 2439 1123 τοῖς
2472 1062 2764 1116 καθελοῦσι
2789 1063 2947 1127 ναοὺς
2996 1063 3089 1116 ἐπί
3130 1080 3190 1116 τε
3224 1064 3642 1118 Κωνσταντίνου

2063 1157 2155 1207 καὶ
2187 1156 2570 1208 Κωνσταντίου
2619 1157 2793 1227 ἐπῆγε
2847 1156 3043 1211 θᾶττον
3085 1158 3413 1228 οίκοδομεῖν,
3461 1159 3494 1227 ἢ
3539 1160 3642 1222 τὰς

2070 1247 2320 1317 ἀποτιμή
2332 1264 2441 1308 σεις
2479 1246 2702 1300 ἐκείνων
2724 1249 2978 1302 ἐκτίνειν
3007 1250 3055 1301 εί
3081 1249 3124 1301 δ’
3145 1248 3230 1310 οὓ,
3253 1250 3476 1319 δεσμοῖς
3495 1251 3641 1304 ὑπά-

2066 1336 2282 1402 γεσθαι,
2323 1340 2418 1389 καὶ
2448 1339 2703 1406 χαλεπῶς
2735 1339 2989 1408 πάσχειν
3026 1339 3154 1393 ὤστ’
3203 1341 3457 1394 ἐντεῦθεν
3517 1358 3643 1394 cav-

2072 1429 2232 1495 άγειν
2271 1430 2386 1481 ἔστι
2420 1431 2517 1483 καὶ
2549 1433 2708 1484 τοῦτο
2731 1449 2744 1462 ο
2774 1431 2985 1500 ὕϐρεων
3022 1432 3119 1501 μὲν
3163 1434 3276 1502 γὰρ
3327 1433 3515 1493 ἕνεκα,
3548 1433 3649 1486 καὶ

2071 1517 2302 1588 σώματα
2340 1522 2720 1590 περινοεῖσθαι
2753 1522 3028 1587 κολάζειν,
3061 1523 3434 1594 μετριώτερον
3452 1525 3646 1576 τοῦτον

2070 1610 2180 1661 τών
2221 1609 2390 1662 πάλαι
2427 1612 2676 1664 διωκτών
2717 1616 2994 1678 γενέσίλαιο
3035 1617 3148 1676 τοῖς
3181 1613 3238 1666 δὲ
3274 1613 3482 1674 λοιποῖς
3513 1617 3646 1666 πολ-

2072 1698 2150 1768 λῷ
2194 1699 2272 1766 τῷ
2303 1699 2492 1769 μέτρῳ
2537 1701 2819 1770 διαφέρειν
2861 1702 3110 1754 ἐκείνων.
3149 1702 3259 1753 Καὶ
3282 1703 3392 1771 γὰρ
3421 1706 3480 1754 ἐν
3503 1704 3651 1756 ᾶπα-

392 1790 614 1859 quidem
648 1788 801 1841 illum
838 1787 1123 1840 veteribus
1156 1785 1629 1854 persecutoribus.
1665 1787 1811 1856 quod
1839 1803 1967 1842 cor-

2089 1765 2132 1841 rt'
2158 1765 2342 1851 κακῶς
2370 1765 2542 1858 αύτὴν
2576 1765 2745 1842 ποιών
2791 1789 3040 1858 διεσάνη·
3074 1791 3153 1842 ἐν).
3194 1765 3526 1859 pavissem
3571 1787 3650 1840 ai-

393 1899 525 1950 pm-a
559 1897 683 1934 cum
718 1877 1055 1933 contumelia
1087 1894 1196 1931 non
1229 1879 1664 1943 excruciaverit,
1711 1879 1968 1933 modera-

2089 1900 2155 1934 ραι
2220 1881 2604 1950 φιλάνθρωπος

2637 1922 2652 1946 ,
2706 1881 2903 1951 ὅτιπερ
2970 1883 3098 1944 τοὺς
3147 1883 3650 1944 καταδικασθέντας

396 1976 593 2028 liorem
626 1973 836 2027 fuisse:
873 1971 1042 2026 rebus
1081 1981 1266 2026 autem
1299 1971 1424 2024 aliis
1447 2011 1461 2035 ,
1502 1971 1680 2026 modis
1711 1971 1971 2027 omnibus

2089 1975 2162 2026 mi
2220 1973 2600 2027 Κωνσταντίου
2669 1975 2894 2041 φεύγειν
2958 1975 3140 2042 ἱερέας
3195 1975 3292 2044 τὴν
3349 1974 3651 2042 φυγαδείαν

397 2068 522 2120 illos
545 2079 931 2134 exsuperasse.
951 2064 1112 2118 Omni
1141 2078 1374 2133 namque
1394 2079 1460 2116 ex
1487 2073 1639 2132 parte
1652 2062 1968 2119 .Ecclesiam

2073 2065 2379 2130 ἀνέστειλε,
2406 2067 2504 2119 καὶ
2543 2067 2682 2137 πρὸς
2731 2068 2831 2128 τὰς
2883 2069 3093 2128 οἰκείας
3130 2067 3515 2136 μετεστέλλετο
3549 2067 3651 2118 πόσ-

395 2158 638 2228 allligcre
669 2156 962 2211 manifeste
989 2163 1070 2210 est
1099 2157 1250 2212 visus
1279 2173 1290 2206 :
1325 2163 1382 2212 el.
1411 2170 1520 2208 uno
1565 2164 1776 2210 tantum
1809 2155 1971 2209 modo

2089 2168 2206 2220 istc.
2253 2158 2523 2224 Συνάγειν
2577 2157 2669 2212 οὖν
2709 2157 2857 2211 ἔστιν
2897 2160 2960 2212 ἐκ
2990 2160 3100 2212 τῶν
3125 2160 3300 2213 ἄλλων
3330 2160 3462 2228 μηδὲ
3489 2160 3653 2212 τοῦτο

398 2249 692 2304 humanior
744 2249 1062 2319 judicatus,
1115 2248 1266 2319 quod
1314 2249 1607 2318 episcopos
1669 2249 1772 2303 sub
1825 2248 1972 2302 Con-

404 2348 608 2398 stantio
659 2345 854 2400 exsilio
908 2345 1170 2399 multatos
1231 2346 1550 2407 revocavit,
1597 2356 1653 2399 et
1702 2346 1755 2398 in
1806 2345 1975 2400 urbes

400 2453 531 2491 suas
583 2434 763 2490 redire
808 2435 1077 2504 permisit.
1127 2434 1307 2503 Atque
1359 2435 1411 2488 id
1459 2435 1550 2489 ille
1601 2450 1710 2487 non
1762 2436 1975 2489 miscriv

401 2529 590 2582 cordia
624 2526 756 2582 fecit
778 2567 792 2587 ,
826 2528 974 2580 sicut
1018 2526 1279 2595 colligere
1319 2534 1406 2580 est
1438 2546 1451 2580 :
1495 2525 1595 2595 17
1627 2526 1722 2579 sed
1757 2537 1814 2580 ut
1853 2528 1974 2596 epi-

401 2635 598 2688 scopos
631 2619 774 2674 inter
799 2633 856 2672 se
889 2619 1268 2681 committens,
1293 2617 1359 2671 ad
1388 2617 1710 2671 intestinum
1739 2629 1977 2672 armaret

401 2709 605 2763 bellum
634 2751 649 2775 ,
696 2719 752 2765 et
792 2711 908 2764 suis
957 2710 1073 2778 ipsa
1117 2709 1366 2773 dissidiis
1398 2711 1632 2766 ecclesia
1679 2710 1976 2764 labefacta-

405 2811 582 2855 retur.
629 2800 883 2855 Fortasse
910 2802 1118 2866 etiam,
1166 2808 1224 2854 ut
1269 2799 1658 2854 Constantium
1691 2807 1832 2870 apud
1871 2801 1987 2854 Rua

406 2895 554 2948 inani
610 2893 828 2963 imperii
891 2893 1184 2956 subditos,
1245 2891 1300 2945 in
1350 2892 1537 2946 odium
1591 2901 1648 2946 et
1713 2892 1978 2947 invidiam

407 2987 705 3041 adduceret
739 3005 755 3039 :
787 2995 903 3039 tum
933 2984 1155 3040 Graecos
1176 3025 1190 3048 .
1235 2987 1329 3054 qui
1359 2983 1570 3039 eisdem
1619 2999 1807 3039 secum
1843 3002 1979 3054 ope-

407 3089 666 3134 rarentur
695 3081 890 3138 sacris.
911 3079 1094 3132 favore
1119 3091 1496 3148 prosequens;
1524 3087 1640 3130 tum
1665 3078 1976 3147 episcopos,
2008 3114 2051 3168 ο

407 3174 502 3242 qui
554 3181 778 3242 propter
822 3171 1107 3226 Christum
1155 3169 1338 3228 aﬂliCti
1389 3178 1612 3233 essent,
1660 3171 1732 3224 ab
1783 3171 1982 3237 injuria

411 3266 726 3319 vindicans.
765 3263 955 3332 Itaque
991 3265 1278 3320 eunuchos
1309 3278 1532 3332 quoque
1558 3264 1829 3333 itnperiali
1863 3265 1987 3318 aula

410 3355 612 3424 rvi-git.
648 3355 950 3408 Eusebium
983 3364 1186 3417 autem,
1217 3354 1310 3422 qui
1347 3356 1583 3421 primum
1617 3354 1674 3407 in
1710 3368 1772 3406 ea
1806 3353 1988 3407 locum

381 3430 688 3512 itcnuerat,
732 3456 910 3502 morte
947 3445 1113 3500 etiam
1161 3447 1461 3500 multavit:
1504 3445 1593 3500 cui
1642 3444 1806 3500 aliam
1843 3460 1986 3513 quo-

411 3555 522 3610 que
568 3540 639 3592 ob
684 3555 906 3592 causam
962 3538 1216 3592 infensus
1270 3537 1404 3604 fuit;
1456 3547 1771 3605 suspectum
1819 3537 1989 3603 enim,

415 3633 586 3685 veluti
644 3631 832 3685 fratris
883 3631 968 3685 sui
1016 3629 1155 3685 Galli
1217 3630 1366 3685 necis
1411 3644 1730 3690 suasorem,
1774 3630 1986 3684 habuit.

417 3726 614 3793 Syrum
647 3733 832 3778 autem
865 3725 1106 3787 Actium,
1138 3735 1421 3778 auctorem
1454 3733 1510 3778 et
1541 3723 1734 3776 ducem
1761 3721 1990 3776 hzcresis

415 3819 691 3882 Eunomii,
719 3826 774 3871 et
799 3816 1107 3871 Constantii
1137 3816 1408 3870 sententia
1433 3855 1446 3880 ,
1481 3817 1572 3884 qui
1603 3831 1728 3868 eum
1759 3825 1987 3884 propter

413 3909 849 3964 familiaritatem
880 3907 1018 3962 Galli
1059 3917 1384 3978 suspectum
1428 3922 1647 3980 quoque
1688 3906 1987 3967 habuerat,

414 4005 737 4056 datnnatum
759 4040 775 4066 ,
809 4010 864 4054 ct
897 4002 952 4054 in
982 3999 1242 4054 exsilium
1273 4010 1494 4062 actum,
1526 4013 1794 4067 perquam
1830 3997 1988 4051 heni-

415 4097 538 4165 gnis
566 4095 774 4148 litteris
810 4093 1110 4155 revocavit,
1143 4100 1198 4145 et
1237 4091 1459 4159 publica
1491 4099 1714 4143 vectura
1749 4089 1989 4144 reduxit.

415 4186 650 4253 Propter
719 4183 1108 4240 Constantium
1163 4183 1424 4251 quidem,
1481 4181 1770 4237 Eleusium
1820 4181 1988 4236 etiam

416 4279 750 4347 Cyztccnuin
786 4277 1052 4343 impensis
1084 4276 1360 4342 propriis,
1393 4289 1558 4341 quam
1591 4272 1708 4332 solo
1740 4286 1994 4340 mquave—

2076 2250 2250 2317 φειδοῖ
2281 2251 2561 2318 γενέσθαι,
2610 2251 2724 2304 ἀλλ’
2760 2252 2848 2305 ίνα
2874 2253 3196 2323 συγκρούων
3225 2255 3480 2325 ἀλλήλοις
3521 2256 3657 2317 τοὺς

2076 2344 2448 2408 ἐπισκόπους,
2499 2345 2747 2415 ἐμφυλίῳ
2799 2346 3109 2418 καθοπλὶσῃ
3167 2347 3350 2418 μάχῃ,
3401 2348 3495 2399 καὶ
3544 2347 3658 2400 ὑπὸ

2076 2438 2185 2490 τῶν
2248 2437 2466 2492 οἰκείων
2525 2438 2882 2506 πολεμεῖσθαι
2961 2435 3130 2510 πείσῃ
3154 2440 3254 2505 τὴν
3300 2439 3654 2505 Ἐκκλησία-ιο

2081 2529 2208 2592 ῐσως
2233 2529 2290 2582 δὲ
2333 2529 2428 2582 καὶ
2461 2531 2830 2600 Κώνσταντίῳ
2865 2533 3021 2597 μῖσος
3051 2533 3483 2600 παρασκευάζων
3515 2533 3658 2598 πρτς

2078 2625 2186 2676 πᾶν
2235 2623 2296 2674 τὸ
2351 2622 2614 2690 ὑπήκοονο
2667 2625 2794 2684 τοὺς
2851 2624 2957 2691 μὲν
2991 2623 3263 2689 Ἕλληνας
3320 2625 3657 2694 Θεραπεζων

2079 2713 2210 2785 περὶ
2246 2714 2316 2768 τὰ
2357 2715 2449 2767 ίσα
2491 2713 2924 2778 σπουδάζοντας,
2961 2717 3085 2775 τοὺς
3125 2715 3182 2768 δὲ
3218 2715 3538 2785 τῶνίερέων
3562 2717 3660 2770 διὰ

2082 2807 2318 2875 Χριστὸν
2343 2807 2531 2868 κακῶς
2563 2807 2836 2867 παθόντας
2861 2806 3005 2858 λύων
3031 2810 3128 2876 την
3161 2807 3397 2861 ἀδικίαν.
3435 2809 3666 2876 Ἀμέλει

2081 2917 2161 2952 τοι
2201 2898 2296 2950 καὶ
2348 2900 2473 2961 τοὺς
2522 2899 2812 2968 εὐνούχους
2870 2901 2978 2952 τῶν
3037 2900 3324 2970 βασιλείων
3371 2899 3661 2956 ἀπώσατο.

2083 2987 2341 3039 Εὑσέὸιον
2395 2987 2453 3039 δὲ
2507 2988 2598 3038 τὸν
2647 2989 2705 3040 ἐν
2763 2987 3058 3056 βασιλείοις
3090 2987 3400 3058 κρατοῦντα
3433 2989 3530 3040 κα).
3561 2989 3661 3041 τοῦ

2087 3075 2184 3147 ζῇν
2215 3076 2512 3146 ὑπεξῆγεν.
2554 3076 2865 3146 ’Δπήχθητο
2897 3077 2954 3130 δὲ
2991 3083 3085 3130 καὶ
3129 3079 3304 3140 ἄλλως
3348 3078 3517 3148 αὐτῷ·
3557 3079 3667 3132 ῡπ.

2087 3184 2251 3229 οπτος
2285 3169 2392 3236 γὰρ
2427 3164 2515 3237 ἦν,
2548 3168 2622 3230 ώς
2656 3167 2875 3236 βουλαῖς
2933 3167 3143 3224 ἐκείνω)
3177 3167 3204 3218 6
3256 3165 3481 3232 ἀδελφὸς
3529 3166 3670 3236 d"‘l‘i‘

2091 3278 2226 3331 ρητο
2264 3259 2488 3323 Γάλλος.
2526 3261 2630 3312 Τὸν
2663 3259 2721 3312 δὲ
2770 3260 2945 3329 Σύρον
2999 3250 3241 3324 Ἀέτιον,
3273 3258 3331 3320 ὃς
3361 3258 3533 3320 αίτιος
3566 3259 3670 3311 καὶ

2087 3355 2332 3424 ἀρχηγὸς
2369 3354 2470 3421 τῆς
2494 3353 2760 3423 αἱρέσεως
2791 3351 3044 3421 Εὑνομίῳ
3081 3352 3321 3418 ἐγένετο,
3350 3353 3669 3422 ὑπερορίαν

2087 3467 2148 3504 τε
2180 3451 2284 3502 ὑπὸ
2321 3449 2704 3502 Κωνσταντίου
2741 3447 3221 3502 καταδικασθέντα
3243 3465 3258 3479 ’
3311 3443 3381 3518 ἦν
3408 3449 3520 3518 γὰρ
3568 3448 3672 3501 καὶ

2093 3541 2338 3602 ὕποπτος
2391 3539 2588 3609 ἐκείνῳ
2643 3539 2730 3592 διὰ
2763 3541 2863 3608 τὴν
2905 3540 3040 3609 πρὸς
3073 3539 3280 3594 Γάλλον
3320 3539 3625 3609 ἅνάκρασιν
3649 3553 3669 3572 ο

2096 3632 2216 3702 μετ’
2265 3629 2532 3700 εὐμενοῦς
2586 3630 2903 3700 ἐπανήγαγε
2976 3631 3307 3700 γράμματος
3381 3630 3673 3698 δημοσίοις

2089 3725 2352 3795 ὀχήμασι.
2403 3723 2504 3775 Διὰ
2569 3723 2957 3775 Κωνστάντιον
3017 3721 3073 3773 δὲ
3136 3715 3372 3774 καὶτὸν
3418 3721 3670 3785 Κυζίκου

2102 3815 2374 3870 Ἐλεύσιον
2405 3814 2734 3886 προστάττει
2766 3813 3034 3874 δαπάναις
3072 3812 3234 3874 ίδίαις
3285 3811 3352 3882 ῆν
3383 3813 3476 3864 ἐπὶ
3511 3814 3676 3864 Κων-

2095 3908 2347 3964 σταντίου
2376 3906 2488 3962 τῶν
2519 3905 2882 3958 Ναυατισνῶν
2912 3903 3214 3974 ἐκκλησίαν
3269 3903 3542 3966 καθεῖλεν,
3573 3899 3678 3956 σῦο

2096 3998 2178 4060 θις
2211 3997 2541 4066 οἰκοδομεῖν.
2577 3995 2686 4047 Καὶ
2711 3998 2769 4046 ἐν
2791 3994 2972 4056 ἄλλοις
2996 3995 3274 4066 πλείστοις
3307 3993 3677 4062 σημειώσαιτ’

2098 4091 2164 4145 ἄν
2193 4107 2299 4152 τις,
2342 4087 2420 4151 ώς
2452 4086 2836 4140 Κωνσταντίου
2889 4085 2980 4139 διὰ
3032 4089 3188 4152 μῖσος
3221 4065 3303 4138 ’τὰ
3353 4086 3458 4154 μὲν
3505 4087 3678 4150 αὐτὸς

2096 4181 2204 4234 τῶν
2248 4179 2438 4234 δεινῶν
2461 4175 2694 4244 “nam,
2729 4181 2826 4232 καὶ
2885 4178 3064 4230 ἄλλων
3112 4177 3170 4230 δὲ
3221 4179 3521 4233 ποιούντων
3553 4182 3682 4248 ἐνη-

2099 4272 2243 4324 δετο.

421 4380 506 4422 rat
540 4369 644 4421 sub
687 4366 1009 4420 Constantio
1051 4365 1480 4419 Novatianorum
1523 4365 1846 4429 ecclesiam,
1890 4379 1999 4417 uno
2071 4372 2239 4432 atque
2285 4361 2460 4416 altero
2503 4374 2697 4414 mense
2744 4359 3039 4413 restituere
3082 4359 3269 4429 jussit.
3318 4359 3432 4415 Sed
3505 4371 3560 4415 et
3606 4380 3686 4418 ex

421 4465 546 4517 aliis
590 4461 844 4529 plurimis
882 4461 1048 4515 rebus
1079 4462 1356 4514 aestimare
1397 4468 1514 4524 est,
1558 4469 1784 4528 propter
1819 4460 2125 4516 Constantii
2157 4459 2371 4525 odium,
2397 4471 2525 4511 cum
2555 4453 2727 4508 multa
2756 4454 2812 4508 in
2843 4469 2944 4508 nos
2979 4454 3157 4523 ipsum
3193 4457 3406 4509 duriter
3436 4456 3641 4514 fecisse
3666 4499 3685 4525 ,

423 4570 535 4612 tum
567 4575 690 4628 qua:
717 4559 786 4612 ab
817 4560 940 4613 aliis
971 4573 1192 4627 quoque
1229 4557 1436 4611 ﬁebant
1458 4596 1472 4621 ,
1505 4557 1589 4609 eis
1621 4555 1956 4609 delectatum
1988 4571 2129 4610 esse.

1022 4677 1246 4733 CAPUT
1290 4676 1378 4730 Vl.

423 4771 486 4829 Ut
538 4775 698 4825 etiam
755 4789 975 4841 magnus
1025 4770 1346 4822 Athanasius
1399 4779 1507 4820 tum
1543 4770 1683 4838 apud
1723 4768 1990 4841 virginem

491 4854 732 4912 pndcam
760 4838 1066 4901 occultatus,
1101 4841 1306 4907 publica
1347 4855 1402 4892 se
1433 4840 1773 4899 commiserit,
1807 4854 1850 4912 ci
1892 4838 1991 4912 Ec-

491 4909 706 4966 clesium
751 4914 1025 4981 receperit,
1070 4912 1294 4979 Georgio
1337 4913 1543 4963 Ariauo
1595 4927 1628 4962 α
1666 4909 1859 4978 populo
1911 4910 1996 4960 iu-

494 4995 766 5052 tercmpto.

495 5096 634 5150 Tum
676 5095 1015 5152 Athanasius
1043 5095 1235 5158 etiam,
1273 5093 1365 5163 qui
1406 5091 1596 5146 multis
1627 5092 1791 5145 annis
1817 5094 1998 5145 latue-

425 5202 546 5252 rat,
594 5190 904 5244 Constantii
953 5196 1128 5242 morte
1167 5187 1406 5256 cognita,
1440 5195 1610 5238 noctu
1650 5185 1996 5238 Alexandriae

425 5287 477 5336 in
503 5285 736 5338 ecclesia
760 5282 1036 5350 apparuit,
1055 5289 1111 5334 et
1130 5281 1396 5334 miracqu
1419 5281 1717 5347 derepente
1741 5277 1998 5336 omnibus

424 5378 578 5442 quasi
626 5387 879 5430 mortuus
914 5374 1190 5444 quispiam
1237 5371 1306 5430 ab
1353 5370 1548 5425 inferis
1581 5385 1832 5424 reversus
1864 5369 1989 5423 fuit.

425 5468 504 5522 lix
535 5485 646 5538 quo
679 5469 828 5524 enim
859 5467 1076 5537 Georgii
1124 5465 1365 5531 insidiis,
1399 5472 1456 5520 et
1481 5462 1788 5518 Cmtstantii
1831 5463 1992 5532 jussu

423 5559 638 5631 ASgypti
676 5563 968 5631 praefectus
996 5575 1122 5615 eum
1161 5573 1273 5613 uou
1303 5560 1471 5628 cepit,
1506 5566 1677 5626 atque
1718 5557 1835 5626 ipse
1868 5558 1996 5626 fuga

426 5653 531 5703 sibi
561 5655 872 5715 consuluit,
907 5653 971 5706 ad
1017 5651 1220 5707 Iuliani
1257 5664 1434 5718 usque
1475 5649 1806 5718 imperium,
1850 5648 1996 5716 apud

433 5739 718 5795 tnulicrcm
760 5742 1055 5810 quamdam
1101 5744 1368 5811 virginem
1412 5741 1758 5796 Alexandria:
1806 5740 1999 5792 occul-

2691 4675 2940 4730 ΚΕΦΑΛ.
2993 4673 3084 4742 ς’.

2110 4767 2206 4835 Ὠς
2227 4768 2325 4821 καί
2349 4772 2380 4822 ὀ
2405 4769 2596 4837 μέγας
2637 4767 2990 4834 Ἀθανάσιος
3023 4769 3353 4836 τηνικαῦτα
3394 4769 3513 4822 ὑπὸ
3569 4785 3685 4820 σε-

2165 4839 2289 4907 μνῇ
2322 4843 2596 4906 παρθένῳ
2620 4840 3029 4905 κρυπτόμενος
3061 4837 3353 4906 ἀνεφάνη.
3405 4841 3503 4889 καὶ
3560 4841 3690 4902 τὴν

2184 4911 2558 4975 Ἐκκλησίαν
2583 4908 2860 4976 κατέσχε,
2897 4910 3196 4976 Ιέωργίου
3229 4911 3333 4961 τοὺ
3366 4908 3688 4973 ’Δρεπανοῦ

2168 4981 2286 5033 ὑπὸ
2323 4980 2428 5033 τοῦ
2452 4980 2647 5047 δήμου
2678 4979 3126 5045 ἀναιρεθέντος.

2171 5090 2494 5162 Ἱίηνι-καῦτα
2559 5092 2620 5145 δὲ
2671 5093 2766 5144 καὶ
2817 5089 3141 5156 Ἀθανάσιος
3185 5092 3400 5155 πολλοῖς
3437 5093 3687 5162 κρυπτό-

2106 5201 2266 5256 μενος
2311 5186 2480 5248 ἑιεσι,
2519 5185 2926 5253 ἥκωνστάντιον
2981 5185 3173 5254 μαθὼν
3221 5181 3629 5254 τελευτήσαντα
3661 5226 3680 5253 ,

2106 5277 2299 5339 νυκτὸς
2352 5277 2446 5328 ἐπὶ
2500 5279 2600 5345 τὴν
2627 5275 3058 5344 ι’Δλεξανδρέων
3103 5275 3430 5344 Ἐκκλησίαν
3476 5277 3682 5344 ἐφάνη.

2099 5370 2204 5426 Καὶ
2233 5371 2417 5439 θαῦμα
2445 5369 2647 5436 ἔδοξεν,
2678 5370 2876 5440 αἴφνης
2924 5363 3011 5423 οἷα
3043 5386 3125 5432 τις
3165 5369 3357 5438 νεκρὸς
3389 5369 3498 5421 τῶν
3524 5367 3685 5422 κάτω

2103 5461 2456 5531 ἀναρραγείς·
2517 5461 2578 5524 ἐξ
2642 5463 2768 5514 ὅτου
2818 5461 2928 5529 γὰρ
2965 5464 3088 5524 ταῖς
3143 5460 3419 5530 Γεωργίου
3455 5458 3686 5522 ἐπιδου-

2102 5556 2241 5616 λαῖς,
2276 5555 2662 5606 Κωνσταντίου
2691 5553 3051 5616 κελεύσαντος
3072 5592 3088 5616 ,
3131 5557 3160 5607 ὁ
3189 5553 3296 5605 τῶν
3323 5555 3382 5606 ἐν
3411 5550 3683 5621 Αἰγύπτῳ

2103 5648 2330 5726 ἡγεμὼν
2353 5648 2580 5701 ἐκείνου
2633 5647 2901 5716 ἀπέτυχε,
2948 5646 3140 5716 φυγὼν
3173 5649 3381 5708 ἐκεῖνος
3413 5648 3470 5709 ἐς
3511 5645 3681 5712 δεῦρο

2103 5740 2317 5808 ἀφανὴς
2348 5735 2416 5808 ἦν
2455 5740 2618 5809 μέχρι
2675 5741 2774 5809 τῆς
2823 5740 3108 5808 παρούσης
3147 5741 3470 5810 ἡγεμονίας,
3520 5735 3681 5806 παρά
