  <div class='ocr_page' id='page_1' title='image "/cluster/home/n/w/nwhite01/storage/ocr_20150623/146/hvd.32044073502601/256.png"; bbox 0 0 3970 6190; ppageno 0'>
   <div class='ocr_carea' id='block_1_1' title="bbox 239 305 2456 381">
    <p class='ocr_par' dir='ltr' id='par_1_1' title="bbox 239 305 2456 381">
     <span class='ocr_line' id='line_1_1' title="bbox 239 305 2456 381; baseline -0.003 -1"><span class='ocrx_word' id='word_1_1' title='bbox 239 305 325 381; x_wconf 80' lang='lat' dir='ltr'><strong>i53</strong></span> <span class='ocrx_word' id='word_1_2' title='bbox 1119 310 1722 375; x_wconf 79' lang='lat' dir='ltr'><strong>ECCLESIASTICIE</strong></span> <span class='ocrx_word' id='word_1_3' title='bbox 1755 311 2157 374; x_wconf 68' lang='lat' dir='ltr'><strong>HISTORIA;</strong></span> <span class='ocrx_word' id='word_1_4' title='bbox 2184 312 2336 374; x_wconf 85' lang='lat' dir='ltr'><strong>LIB.</strong></span> <span class='ocrx_word' id='word_1_5' title='bbox 2379 314 2456 375; x_wconf 88' lang='lat' dir='ltr'><strong>x.</strong></span> 
     </span>
    </p>
   </div>
   <div class='ocr_carea' id='block_1_2' title="bbox 3347 310 3455 375">
    <p class='ocr_par' dir='ltr' id='par_1_2' title="bbox 3347 310 3455 375">
     <span class='ocr_line' id='line_1_2' title="bbox 3347 310 3455 375; baseline 0.019 -1"><span class='ocrx_word' id='word_1_6' title='bbox 3347 310 3455 375; x_wconf 73' lang='grc'><strong>454</strong></span> 
     </span>
    </p>
   </div>
   <div class='ocr_carea' id='block_1_3' title="bbox 241 430 1781 507">
    <p class='ocr_par' dir='ltr' id='par_1_3' title="bbox 241 431 1777 507">
     <span class='ocr_line' id='line_1_3' title="bbox 241 431 1777 507; baseline -0.008 -13"><span class='ocrx_word' id='word_1_7' title='bbox 241 456 335 493; x_wconf 87' lang='grc' dir='ltr'><strong>τινι</strong></span> <span class='ocrx_word' id='word_1_8' title='bbox 358 434 574 507; x_wconf 77' lang='grc' dir='ltr'><strong>γυναικὶ</strong></span> <span class='ocrx_word' id='word_1_9' title='bbox 618 433 877 506; x_wconf 74' lang='grc' dir='ltr'><strong>παρθένῳ</strong></span> <span class='ocrx_word' id='word_1_10' title='bbox 924 433 984 486; x_wconf 75' lang='grc' dir='ltr'>ὲν</span> <span class='ocrx_word' id='word_1_11' title='bbox 1030 431 1415 503; x_wconf 70' lang='grc' dir='ltr'><strong>Ἀλεξανδρεία</strong></span> <span class='ocrx_word' id='word_1_12' title='bbox 1455 431 1777 502; x_wconf 82' lang='grc' dir='ltr'><strong>κρυπτόμε-</strong></span> 
     </span>
    </p>
   </div>
   <div class='ocr_carea' id='block_1_4' title="bbox 1881 430 3453 507">
    <p class='ocr_par' dir='ltr' id='par_1_4' title="bbox 1881 430 3453 500">
     <span class='ocr_line' id='line_1_4' title="bbox 1881 430 3453 500; baseline 0.005 -15"><span class='ocrx_word' id='word_1_13' title='bbox 1881 441 2030 486; x_wconf 86' lang='lat' dir='ltr'><strong>tatus</strong></span> <span class='ocrx_word' id='word_1_14' title='bbox 2071 431 2285 491; x_wconf 82' lang='lat' dir='ltr'><strong>latuit;</strong></span> <span class='ocrx_word' id='word_1_15' title='bbox 2335 446 2457 500; x_wconf 69' lang='lat' dir='ltr'><strong>qua</strong></span> <span class='ocrx_word' id='word_1_16' title='bbox 2488 438 2701 486; x_wconf 86' lang='lat' dir='ltr'><strong>tantum</strong></span> <span class='ocrx_word' id='word_1_17' title='bbox 2750 430 2929 488; x_wconf 84' lang='lat' dir='ltr'><strong>forma</strong></span> <span class='ocrx_word' id='word_1_18' title='bbox 2974 432 3299 497; x_wconf 77' lang='lat' dir='ltr'><strong>exeelluisse</strong></span> <span class='ocrx_word' id='word_1_19' title='bbox 3343 445 3453 493; x_wconf 80' lang='lat' dir='ltr'><strong>tra~</strong></span> 
     </span>
    </p>
   </div>
   <div class='ocr_carea' id='block_1_5' title="bbox 232 522 1771 598">
    <p class='ocr_par' dir='ltr' id='par_1_5' title="bbox 232 522 1771 598">
     <span class='ocr_line' id='line_1_5' title="bbox 232 522 1771 598; baseline -0.001 -22"><span class='ocrx_word' id='word_1_20' title='bbox 232 544 327 591; x_wconf 81' lang='grc' dir='ltr'><strong>νος·</strong></span> <span class='ocrx_word' id='word_1_21' title='bbox 356 527 421 598; x_wconf 71' lang='grc' dir='ltr'><strong>ἢν</strong></span> <span class='ocrx_word' id='word_1_22' title='bbox 448 524 691 595; x_wconf 83' lang='grc' dir='ltr'><strong>τοσούτῳ</strong></span> <span class='ocrx_word' id='word_1_23' title='bbox 746 523 1082 593; x_wconf 79' lang='grc' dir='ltr'><strong>διαλάμπειν</strong></span> <span class='ocrx_word' id='word_1_24' title='bbox 1114 522 1303 576; x_wconf 81' lang='grc' dir='ltr'><strong>κάλλει</strong></span> <span class='ocrx_word' id='word_1_25' title='bbox 1337 523 1367 574; x_wconf 90' lang='grc' dir='ltr'><strong>ό</strong></span> <span class='ocrx_word' id='word_1_26' title='bbox 1397 523 1495 591; x_wconf 75' lang='grc' dir='ltr'><strong>τῆς</strong></span> <span class='ocrx_word' id='word_1_27' title='bbox 1528 522 1771 590; x_wconf 83' lang='grc' dir='ltr'><strong>ίστορίας</strong></span> 
     </span>
    </p>
   </div>
   <div class='ocr_carea' id='block_1_6' title="bbox 230 608 1771 689">
    <p class='ocr_par' dir='ltr' id='par_1_6' title="bbox 230 608 1771 689">
     <span class='ocr_line' id='line_1_6' title="bbox 230 608 1771 689; baseline -0.005 -16"><span class='ocrx_word' id='word_1_28' title='bbox 230 618 542 689; x_wconf 77' lang='grc' dir='ltr'><strong>παραδίδωσι</strong></span> <span class='ocrx_word' id='word_1_29' title='bbox 585 617 770 685; x_wconf 83' lang='grc' dir='ltr'><strong>λόγος.</strong></span> <span class='ocrx_word' id='word_1_30' title='bbox 825 615 900 677; x_wconf 85' lang='grc' dir='ltr'><strong>ὼς</strong></span> <span class='ocrx_word' id='word_1_31' title='bbox 943 613 1289 682; x_wconf 80' lang='grc' dir='ltr'><strong>κατάπληξιν</strong></span> <span class='ocrx_word' id='word_1_32' title='bbox 1323 612 1583 684; x_wconf 72' lang='grc' dir='ltr'><strong>ἄντικρυς</strong></span> <span class='ocrx_word' id='word_1_33' title='bbox 1633 608 1771 666; x_wconf 82' lang='grc' dir='ltr'><strong>εἶναι</strong></span> 
     </span>
    </p>
   </div>
   <div class='ocr_carea' id='block_1_7' title="bbox 227 702 1772 777">
    <p class='ocr_par' dir='ltr' id='par_1_7' title="bbox 227 702 1772 777">
     <span class='ocr_line' id='line_1_7' title="bbox 227 702 1772 777; baseline -0.003 -16"><span class='ocrx_word' id='word_1_34' title='bbox 227 702 493 777; x_wconf 79' lang='grc' dir='ltr'><strong>ὁρωμένην</strong></span> <span class='ocrx_word' id='word_1_35' title='bbox 519 744 535 769; x_wconf 91' lang='grc'><strong>,</strong></span> <span class='ocrx_word' id='word_1_36' title='bbox 569 708 663 758; x_wconf 76' lang='grc' dir='ltr'><strong>καὶ</strong></span> <span class='ocrx_word' id='word_1_37' title='bbox 698 706 773 776; x_wconf 78' lang='grc' dir='ltr'><strong>μή</strong></span> <span class='ocrx_word' id='word_1_38' title='bbox 813 720 934 757; x_wconf 82' lang='grc' dir='ltr'><strong>τινα</strong></span> <span class='ocrx_word' id='word_1_39' title='bbox 969 705 1083 757; x_wconf 84' lang='grc' dir='ltr'><strong>τῶν</strong></span> <span class='ocrx_word' id='word_1_40' title='bbox 1131 705 1434 773; x_wconf 74' lang='grc' dir='ltr'><strong>σωφρονεῖν</strong></span> <span class='ocrx_word' id='word_1_41' title='bbox 1476 702 1772 773; x_wconf 75' lang='grc' dir='ltr'><strong>ᾑρημένων</strong></span> 
     </span>
    </p>
   </div>
   <div class='ocr_carea' id='block_1_8' title="bbox 226 795 1774 868">
    <p class='ocr_par' dir='ltr' id='par_1_8' title="bbox 226 795 1774 868">
     <span class='ocr_line' id='line_1_8' title="bbox 226 795 1774 868; baseline -0.004 -15"><span class='ocrx_word' id='word_1_42' title='bbox 226 802 298 863; x_wconf 82' lang='grc' dir='ltr'><strong>είς</strong></span> <span class='ocrx_word' id='word_1_43' title='bbox 322 799 507 866; x_wconf 85' lang='grc' dir='ltr'><strong>λόγους</strong></span> <span class='ocrx_word' id='word_1_44' title='bbox 539 796 714 850; x_wconf 68' lang='grc' dir='ltr'><strong>ἐλθεῖν</strong></span> <span class='ocrx_word' id='word_1_45' title='bbox 745 795 1061 868; x_wconf 80' lang='grc' dir='ltr'><strong>πειρᾶσθαι,</strong></span> <span class='ocrx_word' id='word_1_46' title='bbox 1097 797 1182 848; x_wconf 80' lang='grc' dir='ltr'><strong>ἵνα</strong></span> <span class='ocrx_word' id='word_1_47' title='bbox 1220 797 1294 866; x_wconf 86' lang='grc' dir='ltr'><strong>μή</strong></span> <span class='ocrx_word' id='word_1_48' title='bbox 1337 796 1504 849; x_wconf 82' lang='grc' dir='ltr'><strong>ποθεν</strong></span> <span class='ocrx_word' id='word_1_49' title='bbox 1533 796 1774 865; x_wconf 65' lang='grc' dir='ltr'><strong>ἐκπηδή-</strong></span> 
     </span>
    </p>
   </div>
   <div class='ocr_carea' id='block_1_9' title="bbox 229 888 1776 960">
    <p class='ocr_par' dir='ltr' id='par_1_9' title="bbox 229 888 1776 960">
     <span class='ocr_line' id='line_1_9' title="bbox 229 888 1776 960; baseline -0.002 -17"><span class='ocrx_word' id='word_1_50' title='bbox 229 908 317 952; x_wconf 88' lang='grc' dir='ltr'><strong>σας</strong></span> <span class='ocrx_word' id='word_1_51' title='bbox 353 890 540 959; x_wconf 79' lang='grc' dir='ltr'><strong>μῶμος</strong></span> <span class='ocrx_word' id='word_1_52' title='bbox 590 889 740 959; x_wconf 81' lang='grc' dir='ltr'><strong>αύτῷ</strong></span> <span class='ocrx_word' id='word_1_53' title='bbox 781 889 1169 960; x_wconf 75' lang='grc' dir='ltr'><strong>προστρισείη.</strong></span> <span class='ocrx_word' id='word_1_54' title='bbox 1216 890 1430 958; x_wconf 82' lang='grc' dir='ltr'><strong>Ἐκείνη</strong></span> <span class='ocrx_word' id='word_1_55' title='bbox 1473 888 1531 941; x_wconf 67' lang='grc' dir='ltr'><strong>δὲ</strong></span> <span class='ocrx_word' id='word_1_56' title='bbox 1566 889 1776 958; x_wconf 77' lang='grc' dir='ltr'><strong>καίπερ</strong></span> 
     </span>
    </p>
   </div>
   <div class='ocr_carea' id='block_1_10' title="bbox 227 979 1776 1051">
    <p class='ocr_par' dir='ltr' id='par_1_10' title="bbox 227 979 1776 1051">
     <span class='ocr_line' id='line_1_10' title="bbox 227 979 1776 1051; baseline -0.001 -15"><span class='ocrx_word' id='word_1_57' title='bbox 227 981 387 1044; x_wconf 79' lang='grc' dir='ltr'><strong>οὕτως</strong></span> <span class='ocrx_word' id='word_1_58' title='bbox 416 981 762 1050; x_wconf 78' lang='grc' dir='ltr'><strong>ἀκμάζουσα,</strong></span> <span class='ocrx_word' id='word_1_59' title='bbox 798 983 948 1049; x_wconf 82' lang='grc' dir='ltr'><strong>ὅμως</strong></span> <span class='ocrx_word' id='word_1_60' title='bbox 986 980 1084 1033; x_wconf 80' lang='grc' dir='ltr'><strong>τοῦ</strong></span> <span class='ocrx_word' id='word_1_61' title='bbox 1139 979 1421 1051; x_wconf 80' lang='grc' dir='ltr'><strong>σώφρονος</strong></span> <span class='ocrx_word' id='word_1_62' title='bbox 1452 983 1547 1039; x_wconf 78' lang='grc' dir='ltr'><strong>καὶ</strong></span> <span class='ocrx_word' id='word_1_63' title='bbox 1581 980 1776 1050; x_wconf 78' lang='grc' dir='ltr'><strong>σεμνόο</strong></span> 
     </span>
    </p>
   </div>
   <div class='ocr_carea' id='block_1_11' title="bbox 225 1071 1773 1143">
    <p class='ocr_par' dir='ltr' id='par_1_11' title="bbox 225 1071 1773 1143">
     <span class='ocr_line' id='line_1_11' title="bbox 225 1071 1773 1143; baseline 0.001 -18"><span class='ocrx_word' id='word_1_64' title='bbox 225 1090 376 1141; x_wconf 84' lang='grc' dir='ltr'><strong>τητος</strong></span> <span class='ocrx_word' id='word_1_65' title='bbox 399 1073 497 1125; x_wconf 82' lang='grc' dir='ltr'><strong>οὐκ</strong></span> <span class='ocrx_word' id='word_1_66' title='bbox 530 1073 819 1139; x_wconf 80' lang='grc' dir='ltr'><strong>ἀφίστατο·</strong></span> <span class='ocrx_word' id='word_1_67' title='bbox 853 1071 889 1126; x_wconf 71' lang='grc' dir='ltr'>ἃ</span> <span class='ocrx_word' id='word_1_68' title='bbox 915 1072 981 1143; x_wconf 75' lang='grc' dir='ltr'><strong>δὴ</strong></span> <span class='ocrx_word' id='word_1_69' title='bbox 1016 1074 1111 1130; x_wconf 72' lang='grc' dir='ltr'><strong>καὶ</strong></span> <span class='ocrx_word' id='word_1_70' title='bbox 1147 1073 1286 1142; x_wconf 87' lang='grc' dir='ltr'><strong>μόνα</strong></span> <span class='ocrx_word' id='word_1_71' title='bbox 1338 1076 1565 1143; x_wconf 79' lang='grc' dir='ltr'><strong>κοσμεῖν</strong></span> <span class='ocrx_word' id='word_1_72' title='bbox 1592 1074 1773 1135; x_wconf 71' lang='grc' dir='ltr'><strong>εἴωθε,</strong></span> 
     </span>
    </p>
   </div>
   <div class='ocr_carea' id='block_1_12' title="bbox 227 1164 1779 1237">
    <p class='ocr_par' dir='ltr' id='par_1_12' title="bbox 227 1164 1779 1237">
     <span class='ocr_line' id='line_1_12' title="bbox 227 1164 1779 1237; baseline 0.003 -22"><span class='ocrx_word' id='word_1_73' title='bbox 227 1166 293 1234; x_wconf 70' lang='grc' dir='ltr'><strong>μή</strong></span> <span class='ocrx_word' id='word_1_74' title='bbox 342 1180 392 1217; x_wconf 84' lang='grc' dir='ltr'><strong>τι</strong></span> <span class='ocrx_word' id='word_1_75' title='bbox 442 1164 669 1234; x_wconf 77' lang='grc' dir='ltr'><strong>καὶτῆς</strong></span> <span class='ocrx_word' id='word_1_76' title='bbox 703 1164 922 1233; x_wconf 84' lang='grc' dir='ltr'><strong>φύσεως</strong></span> <span class='ocrx_word' id='word_1_77' title='bbox 967 1168 1372 1235; x_wconf 81' lang='grc' dir='ltr'><strong>συναιρομένης</strong></span> <span class='ocrx_word' id='word_1_78' title='bbox 1412 1169 1480 1220; x_wconf 86' lang='grc' dir='ltr'><strong>τά</strong></span> <span class='ocrx_word' id='word_1_79' title='bbox 1526 1168 1664 1237; x_wconf 70' lang='grc' dir='ltr'><strong>πρὸς</strong></span> <span class='ocrx_word' id='word_1_80' title='bbox 1688 1167 1779 1219; x_wconf 83' lang='grc' dir='ltr'><strong>εύ-</strong></span> 
     </span>
    </p>
   </div>
   <div class='ocr_carea' id='block_1_13' title="bbox 225 1256 1778 1328">
    <p class='ocr_par' dir='ltr' id='par_1_13' title="bbox 225 1256 1778 1328">
     <span class='ocr_line' id='line_1_13' title="bbox 225 1256 1778 1328; baseline 0.002 -21"><span class='ocrx_word' id='word_1_81' title='bbox 225 1257 504 1325; x_wconf 78' lang='grc' dir='ltr'><strong>πρέπειαν.</strong></span> <span class='ocrx_word' id='word_1_82' title='bbox 577 1256 688 1309; x_wconf 79' lang='grc' dir='ltr'><strong>Καὶ</strong></span> <span class='ocrx_word' id='word_1_83' title='bbox 741 1256 852 1326; x_wconf 88' lang='grc' dir='ltr'><strong>γάρ</strong></span> <span class='ocrx_word' id='word_1_84' title='bbox 910 1273 1029 1319; x_wconf 83' lang='grc' dir='ltr'><strong>πως</strong></span> <span class='ocrx_word' id='word_1_85' title='bbox 1084 1258 1372 1326; x_wconf 71' lang='grc' dir='ltr'><strong>συμϐαίνει</strong></span> <span class='ocrx_word' id='word_1_86' title='bbox 1422 1258 1545 1328; x_wconf 85' lang='grc' dir='ltr'><strong>μηδ’</strong></span> <span class='ocrx_word' id='word_1_87' title='bbox 1577 1258 1778 1326; x_wconf 77' lang='grc' dir='ltr'><strong>ἀληθὲς</strong></span> 
     </span>
    </p>
   </div>
   <div class='ocr_carea' id='block_1_14' title="bbox 223 1347 1778 1420">
    <p class='ocr_par' dir='ltr' id='par_1_14' title="bbox 223 1347 1778 1420">
     <span class='ocr_line' id='line_1_14' title="bbox 223 1347 1778 1420; baseline 0.002 -21"><span class='ocrx_word' id='word_1_88' title='bbox 223 1347 383 1400; x_wconf 74' lang='grc' dir='ltr'><strong>ἐκεῖνό</strong></span> <span class='ocrx_word' id='word_1_89' title='bbox 407 1363 471 1414; x_wconf 86' lang='grc' dir='ltr'><strong>γε</strong></span> <span class='ocrx_word' id='word_1_90' title='bbox 519 1348 753 1411; x_wconf 80' lang='grc' dir='ltr'><strong>οτεσθαι,</strong></span> <span class='ocrx_word' id='word_1_91' title='bbox 786 1348 816 1401; x_wconf 83' lang='grc' dir='ltr'><strong>ὃ</strong></span> <span class='ocrx_word' id='word_1_92' title='bbox 842 1351 955 1411; x_wconf 78' lang='grc' dir='ltr'><strong>τοῖς</strong></span> <span class='ocrx_word' id='word_1_93' title='bbox 991 1349 1100 1418; x_wconf 82' lang='grc' dir='ltr'><strong>πρὸ</strong></span> <span class='ocrx_word' id='word_1_94' title='bbox 1143 1349 1300 1419; x_wconf 75' lang='grc' dir='ltr'><strong>ἡμῶν</strong></span> <span class='ocrx_word' id='word_1_95' title='bbox 1335 1350 1573 1420; x_wconf 69' lang='grc' dir='ltr'><strong>εἴρηται,</strong></span> <span class='ocrx_word' id='word_1_96' title='bbox 1614 1352 1778 1404; x_wconf 85' lang='grc' dir='ltr'><strong>όποῖα</strong></span> 
     </span>
    </p>
   </div>
   <div class='ocr_carea' id='block_1_15' title="bbox 222 1437 1780 1511">
    <p class='ocr_par' dir='ltr' id='par_1_15' title="bbox 222 1437 1780 1511">
     <span class='ocr_line' id='line_1_15' title="bbox 222 1437 1780 1511; baseline 0.005 -22"><span class='ocrx_word' id='word_1_97' title='bbox 222 1440 283 1497; x_wconf 74' lang='grc' dir='ltr'><strong>τὰ</strong></span> <span class='ocrx_word' id='word_1_98' title='bbox 303 1438 549 1508; x_wconf 79' lang='grc' dir='ltr'><strong>σώματα,</strong></span> <span class='ocrx_word' id='word_1_99' title='bbox 588 1439 847 1502; x_wconf 83' lang='grc' dir='ltr'><strong>τοιαύτας</strong></span> <span class='ocrx_word' id='word_1_100' title='bbox 878 1437 1021 1493; x_wconf 84' lang='grc' dir='ltr'><strong>εἶναι</strong></span> <span class='ocrx_word' id='word_1_101' title='bbox 1061 1440 1155 1494; x_wconf 79' lang='grc' dir='ltr'><strong>καὶ</strong></span> <span class='ocrx_word' id='word_1_102' title='bbox 1187 1442 1284 1504; x_wconf 81' lang='grc' dir='ltr'><strong>τὰς</strong></span> <span class='ocrx_word' id='word_1_103' title='bbox 1307 1441 1512 1511; x_wconf 72' lang='grc' dir='ltr'><strong>ψυχάς.</strong></span> <span class='ocrx_word' id='word_1_104' title='bbox 1544 1443 1780 1497; x_wconf 79' lang='grc' dir='ltr'><strong>Τοὸναν-</strong></span> 
     </span>
    </p>
   </div>
   <div class='ocr_carea' id='block_1_16' title="bbox 217 1529 1774 1604">
    <p class='ocr_par' dir='ltr' id='par_1_16' title="bbox 217 1529 1774 1604">
     <span class='ocr_line' id='line_1_16' title="bbox 217 1529 1774 1604; baseline 0.003 -22"><span class='ocrx_word' id='word_1_105' title='bbox 217 1530 322 1582; x_wconf 86' lang='grc' dir='ltr'><strong>τίον</strong></span> <span class='ocrx_word' id='word_1_106' title='bbox 352 1529 409 1581; x_wconf 72' lang='grc' dir='ltr'><strong>δὲ</strong></span> <span class='ocrx_word' id='word_1_107' title='bbox 442 1529 649 1599; x_wconf 77' lang='grc' dir='ltr'><strong>μᾶλλον</strong></span> <span class='ocrx_word' id='word_1_108' title='bbox 688 1532 824 1601; x_wconf 75' lang='grc' dir='ltr'><strong>πρὸς</strong></span> <span class='ocrx_word' id='word_1_109' title='bbox 876 1532 944 1585; x_wconf 89' lang='grc' dir='ltr'><strong>τά</strong></span> <span class='ocrx_word' id='word_1_110' title='bbox 971 1532 1070 1601; x_wconf 84' lang='grc' dir='ltr'><strong>τῆς</strong></span> <span class='ocrx_word' id='word_1_111' title='bbox 1111 1533 1291 1602; x_wconf 80' lang='grc' dir='ltr'><strong>ψυχῆς</strong></span> <span class='ocrx_word' id='word_1_112' title='bbox 1341 1533 1774 1604; x_wconf 67' lang='grc' dir='ltr'><strong>ἐπιτηδεύματα,</strong></span> 
     </span>
    </p>
   </div>
   <div class='ocr_carea' id='block_1_17' title="bbox 218 1618 1776 1694">
    <p class='ocr_par' dir='ltr' id='par_1_17' title="bbox 218 1618 1776 1694">
     <span class='ocr_line' id='line_1_17' title="bbox 218 1618 1776 1694; baseline 0.004 -22"><span class='ocrx_word' id='word_1_113' title='bbox 218 1622 303 1673; x_wconf 79' lang='grc' dir='ltr'><strong>καὶ</strong></span> <span class='ocrx_word' id='word_1_114' title='bbox 329 1621 387 1673; x_wconf 73' lang='grc' dir='ltr'><strong>τὸ</strong></span> <span class='ocrx_word' id='word_1_115' title='bbox 417 1620 514 1673; x_wconf 84' lang='grc' dir='ltr'><strong>τοῦ</strong></span> <span class='ocrx_word' id='word_1_116' title='bbox 562 1622 818 1691; x_wconf 78' lang='grc' dir='ltr'><strong>σώματος</strong></span> <span class='ocrx_word' id='word_1_117' title='bbox 851 1618 983 1691; x_wconf 76' lang='grc' dir='ltr'><strong>ἦθος</strong></span> <span class='ocrx_word' id='word_1_118' title='bbox 1025 1623 1566 1694; x_wconf 72' lang='grc' dir='ltr'><strong>συσχηματίζεσθαιο</strong></span> <span class='ocrx_word' id='word_1_119' title='bbox 1631 1628 1725 1678; x_wconf 74' lang='grc' dir='ltr'><strong>καὶ</strong></span> <span class='ocrx_word' id='word_1_120' title='bbox 1747 1625 1776 1678; x_wconf 81' lang='grc' dir='ltr'><strong>δ</strong></span> 
     </span>
    </p>
   </div>
   <div class='ocr_carea' id='block_1_18' title="bbox 217 1710 1776 1782">
    <p class='ocr_par' dir='ltr' id='par_1_18' title="bbox 217 1710 1776 1782">
     <span class='ocr_line' id='line_1_18' title="bbox 217 1710 1776 1782; baseline 0.005 -18"><span class='ocrx_word' id='word_1_121' title='bbox 217 1712 277 1764; x_wconf 81' lang='grc' dir='ltr'><strong>ἀν</strong></span> <span class='ocrx_word' id='word_1_122' title='bbox 311 1710 457 1780; x_wconf 88' lang='grc' dir='ltr'><strong>τύχοι</strong></span> <span class='ocrx_word' id='word_1_123' title='bbox 496 1716 761 1781; x_wconf 76' lang='grc' dir='ltr'><strong>πράττων</strong></span> <span class='ocrx_word' id='word_1_124' title='bbox 810 1718 840 1767; x_wconf 78' lang='grc' dir='ltr'><strong><em>ὸ</em></strong></span> <span class='ocrx_word' id='word_1_125' title='bbox 891 1715 1158 1782; x_wconf 83' lang='grc' dir='ltr'><strong>τοιοῦτος,</strong></span> <span class='ocrx_word' id='word_1_126' title='bbox 1219 1716 1462 1770; x_wconf 81' lang='grc' dir='ltr'><strong>τοιοῦτον</strong></span> <span class='ocrx_word' id='word_1_127' title='bbox 1511 1718 1608 1771; x_wconf 73' lang='grc' dir='ltr'><strong>καὶ</strong></span> <span class='ocrx_word' id='word_1_128' title='bbox 1662 1718 1776 1771; x_wconf 76' lang='grc' dir='ltr'><strong>δια-</strong></span> 
     </span>
    </p>
   </div>
   <div class='ocr_carea' id='block_1_19' title="bbox 219 1781 1852 1880">
    <p class='ocr_par' dir='ltr' id='par_1_19' title="bbox 219 1781 1852 1880">
     <span class='ocr_line' id='line_1_19' title="bbox 219 1781 1852 1880; baseline 0.007 -26"><span class='ocrx_word' id='word_1_129' title='bbox 219 1805 509 1871; x_wconf 74' lang='grc' dir='ltr'><strong>φαίνεσθαιο</strong></span> <span class='ocrx_word' id='word_1_130' title='bbox 545 1805 643 1858; x_wconf 71' lang='grc' dir='ltr'><strong>καὶ</strong></span> <span class='ocrx_word' id='word_1_131' title='bbox 675 1806 802 1869; x_wconf 78' lang='grc' dir='ltr'><strong>καθ’</strong></span> <span class='ocrx_word' id='word_1_132' title='bbox 829 1806 890 1858; x_wconf 85' lang='grc' dir='ltr'><strong>δν</strong></span> <span class='ocrx_word' id='word_1_133' title='bbox 933 1808 1000 1859; x_wconf 74' lang='grc' dir='ltr'><strong>ἀν</strong></span> <span class='ocrx_word' id='word_1_134' title='bbox 1046 1807 1359 1878; x_wconf 73' lang='grc' dir='ltr'><strong>ἐπιτηδεύοι</strong></span> <span class='ocrx_word' id='word_1_135' title='bbox 1392 1810 1603 1880; x_wconf 88' lang='grc' dir='ltr'><strong>καιρόν.</strong></span> <span class='ocrx_word' id='word_1_136' title='bbox 1634 1811 1775 1880; x_wconf 78' lang='grc' dir='ltr'><strong>Πρὸς</strong></span> <span class='ocrx_word' id='word_1_137' title='bbox 1806 1781 1852 1840; x_wconf 71' lang='grc' dir='ltr'><strong>Β</strong></span> 
     </span>
    </p>
   </div>
   <div class='ocr_carea' id='block_1_20' title="bbox 217 1890 1774 1971">
    <p class='ocr_par' dir='ltr' id='par_1_20' title="bbox 217 1890 1774 1971">
     <span class='ocr_line' id='line_1_20' title="bbox 217 1890 1774 1971; baseline 0.005 -26"><span class='ocrx_word' id='word_1_138' title='bbox 217 1893 261 1959; x_wconf 81' lang='grc' dir='ltr'><strong>ὃ,</strong></span> <span class='ocrx_word' id='word_1_139' title='bbox 294 1890 465 1965; x_wconf 72' lang='grc' dir='ltr'><strong>οἶμαι,</strong></span> <span class='ocrx_word' id='word_1_140' title='bbox 502 1897 591 1959; x_wconf 71' lang='grc' dir='ltr'><strong>τὶς</strong></span> <span class='ocrx_word' id='word_1_141' title='bbox 649 1898 911 1965; x_wconf 79' lang='grc' dir='ltr'><strong>ἀσφαλῶς</strong></span> <span class='ocrx_word' id='word_1_142' title='bbox 967 1897 1240 1962; x_wconf 73' lang='grc' dir='ltr'><strong>ἐξετάζων</strong></span> <span class='ocrx_word' id='word_1_143' title='bbox 1271 1900 1448 1971; x_wconf 83' lang='grc' dir='ltr'><strong>τούτῳ</strong></span> <span class='ocrx_word' id='word_1_144' title='bbox 1489 1900 1569 1971; x_wconf 79' lang='grc' dir='ltr'><strong>τῷ</strong></span> <span class='ocrx_word' id='word_1_145' title='bbox 1609 1901 1774 1971; x_wconf 82' lang='grc' dir='ltr'><strong>λόγῳ,</strong></span> 
     </span>
    </p>
   </div>
   <div class='ocr_carea' id='block_1_21' title="bbox 217 1988 1774 2065">
    <p class='ocr_par' dir='ltr' id='par_1_21' title="bbox 217 1988 1774 2065">
     <span class='ocr_line' id='line_1_21' title="bbox 217 1988 1774 2065; baseline 0.003 -25"><span class='ocrx_word' id='word_1_146' title='bbox 217 1988 473 2058; x_wconf 65' lang='grc' dir='ltr'><strong>εὐστόχως</strong></span> <span class='ocrx_word' id='word_1_147' title='bbox 499 1990 716 2054; x_wconf 75' lang='grc' dir='ltr'><strong>εἰπεῖν,</strong></span> <span class='ocrx_word' id='word_1_148' title='bbox 750 1991 847 2044; x_wconf 76' lang='grc' dir='ltr'><strong>καὶ</strong></span> <span class='ocrx_word' id='word_1_149' title='bbox 880 1990 1085 2061; x_wconf 73' lang='grc' dir='ltr'><strong>μηδένα</strong></span> <span class='ocrx_word' id='word_1_150' title='bbox 1134 1992 1278 2062; x_wconf 66' lang='grc' dir='ltr'><strong>ἔχειν</strong></span> <span class='ocrx_word' id='word_1_151' title='bbox 1307 1992 1398 2045; x_wconf 75' lang='grc' dir='ltr'><strong>τὸν</strong></span> <span class='ocrx_word' id='word_1_152' title='bbox 1423 1992 1774 2065; x_wconf 70' lang='grc' dir='ltr'><strong>ἀντεροῦντα.</strong></span> 
     </span>
    </p>
   </div>
   <div class='ocr_carea' id='block_1_22' title="bbox 218 2081 1778 2154">
    <p class='ocr_par' dir='ltr' id='par_1_22' title="bbox 218 2081 1778 2154">
     <span class='ocr_line' id='line_1_22' title="bbox 218 2081 1778 2154; baseline 0.004 -22"><span class='ocrx_word' id='word_1_153' title='bbox 218 2081 310 2133; x_wconf 85' lang='grc' dir='ltr'><strong>Τόν</strong></span> <span class='ocrx_word' id='word_1_154' title='bbox 338 2098 398 2148; x_wconf 80' lang='grc' dir='ltr'><strong>γε</strong></span> <span class='ocrx_word' id='word_1_155' title='bbox 434 2081 553 2150; x_wconf 76' lang='grc' dir='ltr'><strong>μὴν</strong></span> <span class='ocrx_word' id='word_1_156' title='bbox 609 2081 933 2137; x_wconf 80' lang='grc' dir='ltr'><strong>’Δθανάσιον</strong></span> <span class='ocrx_word' id='word_1_157' title='bbox 965 2084 1090 2152; x_wconf 72' lang='grc' dir='ltr'><strong>θεία</strong></span> <span class='ocrx_word' id='word_1_158' title='bbox 1135 2083 1259 2153; x_wconf 73' lang='grc' dir='ltr'><strong>ὕψει</strong></span> <span class='ocrx_word' id='word_1_159' title='bbox 1312 2086 1452 2154; x_wconf 74' lang='grc' dir='ltr'><strong>πρὸς</strong></span> <span class='ocrx_word' id='word_1_160' title='bbox 1484 2086 1586 2154; x_wconf 75' lang='grc' dir='ltr'><strong>τὴν</strong></span> <span class='ocrx_word' id='word_1_161' title='bbox 1637 2102 1778 2154; x_wconf 88' lang='grc' dir='ltr'><strong>παρ-</strong></span> 
     </span>
    </p>
   </div>
   <div class='ocr_carea' id='block_1_23' title="bbox 219 2173 1779 2245">
    <p class='ocr_par' dir='ltr' id='par_1_23' title="bbox 219 2173 1779 2245">
     <span class='ocr_line' id='line_1_23' title="bbox 219 2173 1779 2245; baseline 0.003 -18"><span class='ocrx_word' id='word_1_162' title='bbox 219 2173 356 2227; x_wconf 85' lang='grc' dir='ltr'><strong>θένον</strong></span> <span class='ocrx_word' id='word_1_163' title='bbox 395 2174 817 2244; x_wconf 79' lang='grc' dir='ltr'><strong>ποδηγούμενον</strong></span> <span class='ocrx_word' id='word_1_164' title='bbox 845 2176 1002 2244; x_wconf 82' lang='grc' dir='ltr'><strong>λόγος</strong></span> <span class='ocrx_word' id='word_1_165' title='bbox 1046 2176 1401 2245; x_wconf 82' lang='grc' dir='ltr'><strong>διασωθῆναι·</strong></span> <span class='ocrx_word' id='word_1_166' title='bbox 1433 2178 1530 2233; x_wconf 75' lang='grc' dir='ltr'><strong>καὶ</strong></span> <span class='ocrx_word' id='word_1_167' title='bbox 1556 2178 1779 2242; x_wconf 85' lang='grc' dir='ltr'><strong>πάντως</strong></span> 
     </span>
    </p>
   </div>
   <div class='ocr_carea' id='block_1_24' title="bbox 215 2263 1781 2340">
    <p class='ocr_par' dir='ltr' id='par_1_24' title="bbox 215 2263 1781 2340">
     <span class='ocr_line' id='line_1_24' title="bbox 215 2263 1781 2340; baseline 0.004 -24"><span class='ocrx_word' id='word_1_168' title='bbox 215 2265 269 2317; x_wconf 74' lang='grc' dir='ltr'><strong>τὸ</strong></span> <span class='ocrx_word' id='word_1_169' title='bbox 304 2263 512 2318; x_wconf 74' lang='grc' dir='ltr'><strong>ἀποϐὰν</strong></span> <span class='ocrx_word' id='word_1_170' title='bbox 560 2270 790 2319; x_wconf 77' lang='grc' dir='ltr'><strong>σκοπεῖν</strong></span> <span class='ocrx_word' id='word_1_171' title='bbox 821 2283 907 2331; x_wconf 83' lang='grc' dir='ltr'><strong>τις</strong></span> <span class='ocrx_word' id='word_1_172' title='bbox 936 2265 1174 2330; x_wconf 67' lang='grc' dir='ltr'><strong>ἐθέλων,</strong></span> <span class='ocrx_word' id='word_1_173' title='bbox 1223 2267 1412 2338; x_wconf 78' lang='grc' dir='ltr'><strong>θεῖκὴν</strong></span> <span class='ocrx_word' id='word_1_174' title='bbox 1437 2267 1536 2340; x_wconf 76' lang='grc' dir='ltr'><strong>τὴν</strong></span> <span class='ocrx_word' id='word_1_175' title='bbox 1575 2271 1781 2323; x_wconf 72' lang='grc' dir='ltr'><strong>οἰκονο-</strong></span> 
     </span>
    </p>
   </div>
   <div class='ocr_carea' id='block_1_25' title="bbox 218 2354 1778 2431">
    <p class='ocr_par' dir='ltr' id='par_1_25' title="bbox 218 2354 1778 2431">
     <span class='ocr_line' id='line_1_25' title="bbox 218 2354 1778 2431; baseline 0.004 -23"><span class='ocrx_word' id='word_1_176' title='bbox 218 2356 332 2424; x_wconf 82' lang='grc' dir='ltr'><strong>μίαν</strong></span> <span class='ocrx_word' id='word_1_177' title='bbox 371 2354 512 2409; x_wconf 82' lang='grc' dir='ltr'><strong>εἶναι</strong></span> <span class='ocrx_word' id='word_1_178' title='bbox 558 2357 863 2425; x_wconf 87' lang='grc' dir='ltr'><strong>λογίσαιτο.</strong></span> <span class='ocrx_word' id='word_1_179' title='bbox 900 2359 1021 2412; x_wconf 83' lang='grc' dir='ltr'><strong>Ἵνα</strong></span> <span class='ocrx_word' id='word_1_180' title='bbox 1057 2358 1168 2431; x_wconf 72' lang='grc' dir='ltr'><strong>γὰρ</strong></span> <span class='ocrx_word' id='word_1_181' title='bbox 1205 2360 1347 2430; x_wconf 85' lang='grc' dir='ltr'><strong>μήτε</strong></span> <span class='ocrx_word' id='word_1_182' title='bbox 1396 2361 1700 2428; x_wconf 85' lang='grc' dir='ltr'><strong>πράγματα</strong></span> <span class='ocrx_word' id='word_1_183' title='bbox 1729 2363 1778 2415; x_wconf 86' lang='grc' dir='ltr'><strong>οί</strong></span> 
     </span>
    </p>
   </div>
   <div class='ocr_carea' id='block_1_26' title="bbox 216 2444 1778 2519">
    <p class='ocr_par' dir='ltr' id='par_1_26' title="bbox 216 2444 1778 2519">
     <span class='ocr_line' id='line_1_26' title="bbox 216 2444 1778 2519; baseline 0.004 -24"><span class='ocrx_word' id='word_1_184' title='bbox 216 2445 333 2514; x_wconf 75' lang='grc' dir='ltr'><strong>περὶ</strong></span> <span class='ocrx_word' id='word_1_185' title='bbox 360 2444 698 2499; x_wconf 82' lang='grc' dir='ltr'><strong>’Δθανάσιον</strong></span> <span class='ocrx_word' id='word_1_186' title='bbox 726 2445 921 2515; x_wconf 74' lang='grc' dir='ltr'><strong>ἔχοιεν,</strong></span> <span class='ocrx_word' id='word_1_187' title='bbox 964 2447 1033 2516; x_wconf 75' lang='grc' dir='ltr'><strong>ἦν</strong></span> <span class='ocrx_word' id='word_1_188' title='bbox 1069 2463 1153 2508; x_wconf 87' lang='grc' dir='ltr'><strong>τις</strong></span> <span class='ocrx_word' id='word_1_189' title='bbox 1187 2446 1480 2515; x_wconf 77' lang='grc' dir='ltr'><strong>πειράζειν</strong></span> <span class='ocrx_word' id='word_1_190' title='bbox 1511 2449 1718 2519; x_wconf 78' lang='grc' dir='ltr'><strong>ᾑρεῖτο,</strong></span> <span class='ocrx_word' id='word_1_191' title='bbox 1745 2448 1778 2519; x_wconf 80' lang='grc' dir='ltr'>ἢ</span> 
     </span>
    </p>
   </div>
   <div class='ocr_carea' id='block_1_27' title="bbox 215 2536 1780 2608">
    <p class='ocr_par' dir='ltr' id='par_1_27' title="bbox 215 2536 1780 2608">
     <span class='ocr_line' id='line_1_27' title="bbox 215 2536 1780 2608; baseline 0.006 -24"><span class='ocrx_word' id='word_1_192' title='bbox 215 2536 380 2606; x_wconf 75' lang='grc' dir='ltr'><strong>ὅρκοις</strong></span> <span class='ocrx_word' id='word_1_193' title='bbox 414 2536 761 2606; x_wconf 80' lang='grc' dir='ltr'><strong>βιάζεσθαι,</strong></span> <span class='ocrx_word' id='word_1_194' title='bbox 809 2536 983 2601; x_wconf 78' lang='grc' dir='ltr'><strong>οὕτως</strong></span> <span class='ocrx_word' id='word_1_195' title='bbox 1035 2537 1463 2608; x_wconf 81' lang='grc' dir='ltr'><strong>οἰκονομηθῆναι</strong></span> <span class='ocrx_word' id='word_1_196' title='bbox 1506 2539 1780 2595; x_wconf 76' lang='grc' dir='ltr'><strong>διαλαθεῖν</strong></span> 
     </span>
    </p>
   </div>
   <div class='ocr_carea' id='block_1_28' title="bbox 216 2631 1781 2705">
    <p class='ocr_par' dir='ltr' id='par_1_28' title="bbox 216 2631 1781 2705">
     <span class='ocr_line' id='line_1_28' title="bbox 216 2631 1781 2705; baseline 0.003 -23"><span class='ocrx_word' id='word_1_197' title='bbox 216 2631 591 2699; x_wconf 76' lang='grc' dir='ltr'><strong>κρυπτόμενον</strong></span> <span class='ocrx_word' id='word_1_198' title='bbox 619 2632 773 2702; x_wconf 87' lang='grc' dir='ltr'><strong>πσρά</strong></span> <span class='ocrx_word' id='word_1_199' title='bbox 802 2632 1051 2699; x_wconf 76' lang='grc' dir='ltr'><strong>γυναικὶ,</strong></span> <span class='ocrx_word' id='word_1_200' title='bbox 1094 2633 1160 2703; x_wconf 75' lang='grc' dir='ltr'><strong>ῆν</strong></span> <span class='ocrx_word' id='word_1_201' title='bbox 1203 2632 1379 2696; x_wconf 74' lang='grc' dir='ltr'><strong>οὐδεὶς</strong></span> <span class='ocrx_word' id='word_1_202' title='bbox 1429 2633 1581 2705; x_wconf 82' lang='grc' dir='ltr'><strong>ᾠήθη</strong></span> <span class='ocrx_word' id='word_1_203' title='bbox 1607 2651 1661 2686; x_wconf 89' lang='grc' dir='ltr'><strong>τι</strong></span> <span class='ocrx_word' id='word_1_204' title='bbox 1690 2651 1781 2687; x_wconf 86' lang='grc' dir='ltr'><strong>το-</strong></span> 
     </span>
    </p>
   </div>
   <div class='ocr_carea' id='block_1_29' title="bbox 221 2720 1782 2796">
    <p class='ocr_par' dir='ltr' id='par_1_29' title="bbox 221 2720 1782 2796">
     <span class='ocr_line' id='line_1_29' title="bbox 221 2720 1782 2796; baseline 0.004 -23"><span class='ocrx_word' id='word_1_205' title='bbox 221 2720 395 2776; x_wconf 81' lang='grc' dir='ltr'><strong>σοῦτον</strong></span> <span class='ocrx_word' id='word_1_206' title='bbox 423 2722 863 2793; x_wconf 77' lang='grc' dir='ltr'><strong>διενεγκεῖνοτῷ</strong></span> <span class='ocrx_word' id='word_1_207' title='bbox 900 2723 1000 2792; x_wconf 66' lang='grc' dir='ltr'><strong>μιν</strong></span> <span class='ocrx_word' id='word_1_208' title='bbox 1041 2725 1151 2793; x_wconf 85' lang='grc' dir='ltr'><strong>γὰρ</strong></span> <span class='ocrx_word' id='word_1_209' title='bbox 1197 2726 1415 2796; x_wconf 80' lang='grc' dir='ltr'><strong>ἀπείρῳ</strong></span> <span class='ocrx_word' id='word_1_210' title='bbox 1439 2726 1628 2779; x_wconf 83' lang='grc' dir='ltr'><strong>κάλλει</strong></span> <span class='ocrx_word' id='word_1_211' title='bbox 1667 2727 1782 2783; x_wconf 81' lang='grc' dir='ltr'><strong>οὐδ’</strong></span> 
     </span>
    </p>
   </div>
   <div class='ocr_carea' id='block_1_30' title="bbox 219 2813 1777 2887">
    <p class='ocr_par' dir='ltr' id='par_1_30' title="bbox 219 2813 1777 2887">
     <span class='ocr_line' id='line_1_30' title="bbox 219 2813 1777 2887; baseline 0.005 -23"><span class='ocrx_word' id='word_1_212' title='bbox 219 2813 461 2866; x_wconf 76' lang='grc' dir='ltr'><strong>ὑπόνοιαν</strong></span> <span class='ocrx_word' id='word_1_213' title='bbox 501 2815 685 2868; x_wconf 70' lang='grc' dir='ltr'><strong>ιδίδου</strong></span> <span class='ocrx_word' id='word_1_214' title='bbox 728 2815 820 2869; x_wconf 76' lang='grc' dir='ltr'><strong>τὸν</strong></span> <span class='ocrx_word' id='word_1_215' title='bbox 860 2816 1011 2883; x_wconf 76' lang='grc' dir='ltr'><strong>ἱερέα</strong></span> <span class='ocrx_word' id='word_1_216' title='bbox 1059 2814 1190 2885; x_wconf 85' lang='grc' dir='ltr'><strong>παρ’</strong></span> <span class='ocrx_word' id='word_1_217' title='bbox 1221 2817 1357 2887; x_wconf 77' lang='grc' dir='ltr'><strong>αὐτῇ</strong></span> <span class='ocrx_word' id='word_1_218' title='bbox 1413 2817 1777 2886; x_wconf 81' lang='grc' dir='ltr'><strong>κρύπτεσθαι·</strong></span> 
     </span>
    </p>
   </div>
   <div class='ocr_carea' id='block_1_31' title="bbox 218 2904 1779 2976">
    <p class='ocr_par' dir='ltr' id='par_1_31' title="bbox 218 2904 1779 2976">
     <span class='ocr_line' id='line_1_31' title="bbox 218 2904 1779 2976; baseline 0.001 -21"><span class='ocrx_word' id='word_1_219' title='bbox 218 2904 435 2976; x_wconf 81' lang='grc' dir='ltr'><strong>ἀνδρείῳ</strong></span> <span class='ocrx_word' id='word_1_220' title='bbox 492 2905 554 2958; x_wconf 68' lang='grc' dir='ltr'><strong>δὲ</strong></span> <span class='ocrx_word' id='word_1_221' title='bbox 613 2907 928 2974; x_wconf 78' lang='grc' dir='ltr'><strong>φρονήματι</strong></span> <span class='ocrx_word' id='word_1_222' title='bbox 971 2904 1379 2974; x_wconf 76' lang='grc' dir='ltr'><strong>προσηγάγετοο</strong></span> <span class='ocrx_word' id='word_1_223' title='bbox 1416 2906 1495 2967; x_wconf 82' lang='grc' dir='ltr'><strong>είς</strong></span> <span class='ocrx_word' id='word_1_224' title='bbox 1524 2906 1674 2966; x_wconf 82' lang='grc' dir='ltr'><strong>τέλος</strong></span> <span class='ocrx_word' id='word_1_225' title='bbox 1719 2906 1779 2963; x_wconf 65' lang='grc' dir='ltr'><strong>δὲ</strong></span> 
     </span>
    </p>
   </div>
   <div class='ocr_carea' id='block_1_32' title="bbox 220 2994 1781 3068">
    <p class='ocr_par' dir='ltr' id='par_1_32' title="bbox 220 2994 1781 3068">
     <span class='ocr_line' id='line_1_32' title="bbox 220 2994 1781 3068; baseline 0.001 -20"><span class='ocrx_word' id='word_1_226' title='bbox 220 2994 297 3048; x_wconf 84' lang='grc' dir='ltr'><strong>διά</strong></span> <span class='ocrx_word' id='word_1_227' title='bbox 323 2998 592 3066; x_wconf 81' lang='grc' dir='ltr'><strong>φρόνησιν</strong></span> <span class='ocrx_word' id='word_1_228' title='bbox 641 2997 735 3048; x_wconf 75' lang='grc' dir='ltr'><strong>τὸν</strong></span> <span class='ocrx_word' id='word_1_229' title='bbox 765 2995 1039 3068; x_wconf 82' lang='grc' dir='ltr'><strong>θησαυρὸν</strong></span> <span class='ocrx_word' id='word_1_230' title='bbox 1082 2994 1400 3049; x_wconf 81' lang='grc' dir='ltr'><strong>διεσώσατο.</strong></span> <span class='ocrx_word' id='word_1_231' title='bbox 1433 2996 1474 3047; x_wconf 82' lang='grc' dir='ltr'><strong>Τ</strong></span> <span class='ocrx_word' id='word_1_232' title='bbox 1476 2994 1698 3049; x_wconf 85' lang='grc' dir='ltr'><strong>οσοῦτον</strong></span> <span class='ocrx_word' id='word_1_233' title='bbox 1724 2996 1781 3050; x_wconf 72' lang='grc' dir='ltr'><strong>δι</strong></span> 
     </span>
    </p>
   </div>
   <div class='ocr_carea' id='block_1_33' title="bbox 220 3086 1848 3172">
    <p class='ocr_par' dir='ltr' id='par_1_33' title="bbox 220 3086 1848 3172">
     <span class='ocr_line' id='line_1_33' title="bbox 220 3086 1848 3172; baseline 0.002 -31"><span class='ocrx_word' id='word_1_234' title='bbox 220 3088 273 3141; x_wconf 77' lang='grc' dir='ltr'><strong>τὸ</strong></span> <span class='ocrx_word' id='word_1_235' title='bbox 318 3088 508 3143; x_wconf 75' lang='grc' dir='ltr'><strong>πιστὸν</strong></span> <span class='ocrx_word' id='word_1_236' title='bbox 560 3086 717 3157; x_wconf 81' lang='grc' dir='ltr'><strong>αύτῷ</strong></span> <span class='ocrx_word' id='word_1_237' title='bbox 763 3087 1054 3157; x_wconf 73' lang='grc' dir='ltr'><strong>διετήρησε</strong></span> <span class='ocrx_word' id='word_1_238' title='bbox 1104 3087 1536 3156; x_wconf 77' lang='grc' dir='ltr'><strong>διακονησαμένη</strong></span> <span class='ocrx_word' id='word_1_239' title='bbox 1572 3087 1777 3152; x_wconf 83' lang='grc' dir='ltr'><strong>καλῶς,</strong></span> <span class='ocrx_word' id='word_1_240' title='bbox 1805 3118 1848 3172; x_wconf 70' lang='lat' dir='ltr'><strong>c</strong></span> 
     </span>
    </p>
   </div>
   <div class='ocr_carea' id='block_1_34' title="bbox 218 3178 1765 3252">
    <p class='ocr_par' dir='ltr' id='par_1_34' title="bbox 218 3178 1765 3252">
     <span class='ocr_line' id='line_1_34' title="bbox 218 3178 1765 3252; baseline 0.002 -22"><span class='ocrx_word' id='word_1_241' title='bbox 218 3178 279 3242; x_wconf 79' lang='grc' dir='ltr'><strong>ὡς</strong></span> <span class='ocrx_word' id='word_1_242' title='bbox 303 3181 389 3233; x_wconf 78' lang='grc' dir='ltr'><strong>καὶ</strong></span> <span class='ocrx_word' id='word_1_243' title='bbox 424 3181 603 3243; x_wconf 81' lang='grc' dir='ltr'><strong>πόδας</strong></span> <span class='ocrx_word' id='word_1_244' title='bbox 635 3180 881 3245; x_wconf 83' lang='grc' dir='ltr'><strong>νίπτειν,</strong></span> <span class='ocrx_word' id='word_1_245' title='bbox 913 3183 1121 3252; x_wconf 80' lang='grc' dir='ltr'><strong>τροφήν</strong></span> <span class='ocrx_word' id='word_1_246' title='bbox 1177 3197 1237 3234; x_wconf 84' lang='grc' dir='ltr'><strong>τε</strong></span> <span class='ocrx_word' id='word_1_247' title='bbox 1275 3182 1371 3236; x_wconf 79' lang='grc' dir='ltr'><strong>καὶ</strong></span> <span class='ocrx_word' id='word_1_248' title='bbox 1391 3183 1491 3235; x_wconf 83' lang='grc' dir='ltr'><strong>ὅσα</strong></span> <span class='ocrx_word' id='word_1_249' title='bbox 1517 3183 1619 3251; x_wconf 83' lang='grc' dir='ltr'><strong>τῆς</strong></span> <span class='ocrx_word' id='word_1_250' title='bbox 1664 3182 1765 3250; x_wconf 79' lang='grc' dir='ltr'><strong>φύ-</strong></span> 
     </span>
    </p>
   </div>
   <div class='ocr_carea' id='block_1_35' title="bbox 221 3273 1774 3344">
    <p class='ocr_par' dir='ltr' id='par_1_35' title="bbox 221 3273 1774 3344">
     <span class='ocr_line' id='line_1_35' title="bbox 221 3273 1774 3344; baseline 0.001 -19"><span class='ocrx_word' id='word_1_251' title='bbox 221 3288 341 3337; x_wconf 83' lang='grc' dir='ltr'><strong>σεως</strong></span> <span class='ocrx_word' id='word_1_252' title='bbox 384 3274 672 3342; x_wconf 74' lang='grc' dir='ltr'><strong>ἀναγκαῖα</strong></span> <span class='ocrx_word' id='word_1_253' title='bbox 732 3274 820 3327; x_wconf 82' lang='grc' dir='ltr'><strong>διά</strong></span> <span class='ocrx_word' id='word_1_254' title='bbox 860 3273 960 3344; x_wconf 78' lang='grc' dir='ltr'><strong>τὴν</strong></span> <span class='ocrx_word' id='word_1_255' title='bbox 1004 3275 1218 3343; x_wconf 81' lang='grc' dir='ltr'><strong>χρείαν,</strong></span> <span class='ocrx_word' id='word_1_256' title='bbox 1277 3274 1448 3343; x_wconf 82' lang='grc' dir='ltr'><strong>μόνην</strong></span> <span class='ocrx_word' id='word_1_257' title='bbox 1492 3275 1663 3342; x_wconf 74' lang='grc' dir='ltr'><strong>αὐτὴν</strong></span> <span class='ocrx_word' id='word_1_258' title='bbox 1712 3273 1774 3333; x_wconf 73' lang='grc' dir='ltr'><strong>εὗ</strong></span> 
     </span>
    </p>
   </div>
   <div class='ocr_carea' id='block_1_36' title="bbox 222 3358 1776 3435">
    <p class='ocr_par' dir='ltr' id='par_1_36' title="bbox 222 3358 1776 3435">
     <span class='ocr_line' id='line_1_36' title="bbox 222 3358 1776 3435; baseline 0.001 -19"><span class='ocrx_word' id='word_1_259' title='bbox 222 3366 351 3433; x_wconf 77' lang='grc' dir='ltr'><strong>μάλα</strong></span> <span class='ocrx_word' id='word_1_260' title='bbox 375 3365 801 3435; x_wconf 75' lang='grc' dir='ltr'><strong>ὑπηρετεῖσθαι,</strong></span> <span class='ocrx_word' id='word_1_261' title='bbox 841 3370 940 3419; x_wconf 72' lang='grc' dir='ltr'><strong>καὶ</strong></span> <span class='ocrx_word' id='word_1_262' title='bbox 984 3365 1202 3435; x_wconf 80' lang='grc' dir='ltr'><strong>βίσλους</strong></span> <span class='ocrx_word' id='word_1_263' title='bbox 1266 3364 1416 3434; x_wconf 83' lang='grc' dir='ltr'><strong>αὐτῷ</strong></span> <span class='ocrx_word' id='word_1_264' title='bbox 1467 3358 1542 3419; x_wconf 81' lang='grc' dir='ltr'><strong>ὧν</strong></span> <span class='ocrx_word' id='word_1_265' title='bbox 1586 3364 1776 3435; x_wconf 81' lang='grc' dir='ltr'><strong>χρείαν</strong></span> 
     </span>
    </p>
   </div>
   <div class='ocr_carea' id='block_1_37' title="bbox 220 3453 1779 3528">
    <p class='ocr_par' dir='ltr' id='par_1_37' title="bbox 220 3453 1779 3528">
     <span class='ocr_line' id='line_1_37' title="bbox 220 3453 1779 3528; baseline 0.001 -20"><span class='ocrx_word' id='word_1_266' title='bbox 220 3453 339 3528; x_wconf 74' lang='grc' dir='ltr'><strong>εἶχε,</strong></span> <span class='ocrx_word' id='word_1_267' title='bbox 370 3460 654 3527; x_wconf 70' lang='grc' dir='ltr'><strong>κομίζειν,</strong></span> <span class='ocrx_word' id='word_1_268' title='bbox 700 3459 797 3510; x_wconf 80' lang='grc' dir='ltr'><strong>καὶ</strong></span> <span class='ocrx_word' id='word_1_269' title='bbox 836 3457 1021 3527; x_wconf 86' lang='grc' dir='ltr'><strong>συχνῷ</strong></span> <span class='ocrx_word' id='word_1_270' title='bbox 1069 3455 1147 3526; x_wconf 83' lang='grc' dir='ltr'><strong>τῷ</strong></span> <span class='ocrx_word' id='word_1_271' title='bbox 1189 3456 1364 3527; x_wconf 84' lang='grc' dir='ltr'><strong>χρόνῳ</strong></span> <span class='ocrx_word' id='word_1_272' title='bbox 1392 3456 1565 3510; x_wconf 80' lang='grc' dir='ltr'><strong>ταῦτα</strong></span> <span class='ocrx_word' id='word_1_273' title='bbox 1595 3457 1779 3513; x_wconf 79' lang='grc' dir='ltr'><strong>ποιοῦ-</strong></span> 
     </span>
    </p>
   </div>
   <div class='ocr_carea' id='block_1_38' title="bbox 221 3547 1777 3622">
    <p class='ocr_par' dir='ltr' id='par_1_38' title="bbox 221 3547 1777 3622">
     <span class='ocr_line' id='line_1_38' title="bbox 221 3547 1777 3622; baseline 0.001 -20"><span class='ocrx_word' id='word_1_274' title='bbox 221 3565 326 3615; x_wconf 89' lang='grc' dir='ltr'><strong>σαν,</strong></span> <span class='ocrx_word' id='word_1_275' title='bbox 356 3553 427 3622; x_wconf 79' lang='grc' dir='ltr'><strong>μή</strong></span> <span class='ocrx_word' id='word_1_276' title='bbox 477 3549 866 3617; x_wconf 75' lang='grc' dir='ltr'><strong>τιναγνῶναι,</strong></span> <span class='ocrx_word' id='word_1_277' title='bbox 897 3549 1011 3602; x_wconf 80' lang='grc' dir='ltr'><strong>ὅσοι</strong></span> <span class='ocrx_word' id='word_1_278' title='bbox 1051 3548 1117 3617; x_wconf 79' lang='grc' dir='ltr'><strong>δὴ</strong></span> <span class='ocrx_word' id='word_1_279' title='bbox 1152 3548 1250 3618; x_wconf 82' lang='grc' dir='ltr'><strong>τὴν</strong></span> <span class='ocrx_word' id='word_1_280' title='bbox 1292 3547 1642 3619; x_wconf 74' lang='grc' dir='ltr'><strong>Ἀλεξάνδρου</strong></span> <span class='ocrx_word' id='word_1_281' title='bbox 1678 3550 1777 3605; x_wconf 79' lang='grc' dir='ltr'><strong>πόο</strong></span> 
     </span>
    </p>
   </div>
   <div class='ocr_carea' id='block_1_39' title="bbox 218 3641 1782 3718">
    <p class='ocr_par' dir='ltr' id='par_1_39' title="bbox 218 3641 1782 3718">
     <span class='ocr_line' id='line_1_39' title="bbox 218 3641 1782 3718; baseline -0.002 -21"><span class='ocrx_word' id='word_1_282' title='bbox 218 3646 291 3699; x_wconf 76' lang='grc' dir='ltr'><strong>λιν</strong></span> <span class='ocrx_word' id='word_1_283' title='bbox 322 3650 639 3718; x_wconf 72' lang='grc' dir='ltr'><strong>κατῴκουν.</strong></span> <span class='ocrx_word' id='word_1_284' title='bbox 667 3646 777 3698; x_wconf 77' lang='grc' dir='ltr'><strong>Καὶ</strong></span> <span class='ocrx_word' id='word_1_285' title='bbox 808 3646 835 3697; x_wconf 89' lang='grc' dir='ltr'><strong>ό</strong></span> <span class='ocrx_word' id='word_1_286' title='bbox 883 3645 981 3715; x_wconf 70' lang='grc' dir='ltr'><strong>μὲν</strong></span> <span class='ocrx_word' id='word_1_287' title='bbox 1022 3641 1168 3697; x_wconf 76' lang='grc' dir='ltr'><strong>οὕτω</strong></span> <span class='ocrx_word' id='word_1_288' title='bbox 1198 3644 1411 3711; x_wconf 70' lang='grc' dir='ltr'><strong>φανεὶς,</strong></span> <span class='ocrx_word' id='word_1_289' title='bbox 1445 3644 1542 3704; x_wconf 82' lang='grc' dir='ltr'><strong>τὰς</strong></span> <span class='ocrx_word' id='word_1_290' title='bbox 1585 3644 1782 3712; x_wconf 70' lang='grc' dir='ltr'><strong>ἐκκλη-</strong></span> 
     </span>
    </p>
   </div>
   <div class='ocr_carea' id='block_1_40' title="bbox 220 3723 1774 3808">
    <p class='ocr_par' dir='ltr' id='par_1_40' title="bbox 220 3723 1774 3808">
     <span class='ocr_line' id='line_1_40' title="bbox 220 3723 1774 3808; baseline 0.005 -14"><span class='ocrx_word' id='word_1_291' title='bbox 220 3741 327 3802; x_wconf 81' lang='grc' dir='ltr'><strong>σίας</strong></span> <span class='ocrx_word' id='word_1_292' title='bbox 350 3746 644 3808; x_wconf 74' lang='grc' dir='ltr'><strong>κατέσχεν,</strong></span> <span class='ocrx_word' id='word_1_293' title='bbox 681 3738 784 3792; x_wconf 74' lang='grc' dir='ltr'><strong>ὑπὸ</strong></span> <span class='ocrx_word' id='word_1_294' title='bbox 804 3736 1007 3799; x_wconf 74' lang='grc' dir='ltr'><strong>παντὸς</strong></span> <span class='ocrx_word' id='word_1_295' title='bbox 1040 3736 1135 3789; x_wconf 86' lang='grc' dir='ltr'><strong>τοῦ</strong></span> <span class='ocrx_word' id='word_1_296' title='bbox 1150 3723 1405 3805; x_wconf 68' lang='grc' dir='ltr'><strong>’πλήθους</strong></span> <span class='ocrx_word' id='word_1_297' title='bbox 1432 3734 1774 3803; x_wconf 76' lang='grc' dir='ltr'><strong>ἀποδεχθ-ίς’</strong></span> 
     </span>
    </p>
   </div>
   <div class='ocr_carea' id='block_1_41' title="bbox 217 3827 1779 3904">
    <p class='ocr_par' dir='ltr' id='par_1_41' title="bbox 217 3827 1779 3904">
     <span class='ocr_line' id='line_1_41' title="bbox 217 3827 1779 3904; baseline -0.003 -17"><span class='ocrx_word' id='word_1_298' title='bbox 217 3836 262 3887; x_wconf 86' lang='lat' dir='ltr'><strong>ol</strong></span> <span class='ocrx_word' id='word_1_299' title='bbox 286 3834 340 3887; x_wconf 75' lang='grc' dir='ltr'><strong>δὲ</strong></span> <span class='ocrx_word' id='word_1_300' title='bbox 382 3837 449 3887; x_wconf 79' lang='grc' dir='ltr'><strong>τά</strong></span> <span class='ocrx_word' id='word_1_301' title='bbox 478 3832 708 3904; x_wconf 81' lang='grc' dir='ltr'><strong>’Δρείου</strong></span> <span class='ocrx_word' id='word_1_302' title='bbox 743 3830 1070 3902; x_wconf 81' lang='grc' dir='ltr'><strong>φρονοῦντες</strong></span> <span class='ocrx_word' id='word_1_303' title='bbox 1120 3827 1505 3898; x_wconf 68' lang='grc' dir='ltr'><strong>ἐκϐληθέντες,</strong></span> <span class='ocrx_word' id='word_1_304' title='bbox 1546 3828 1653 3899; x_wconf 69' lang='grc' dir='ltr'><strong>ἰδίᾳ</strong></span> <span class='ocrx_word' id='word_1_305' title='bbox 1678 3830 1779 3899; x_wconf 80' lang='grc' dir='ltr'><strong>τὴν</strong></span> 
     </span>
    </p>
   </div>
   <div class='ocr_carea' id='block_1_42' title="bbox 220 3918 1781 3991">
    <p class='ocr_par' dir='ltr' id='par_1_42' title="bbox 220 3918 1781 3991">
     <span class='ocr_line' id='line_1_42' title="bbox 220 3918 1781 3991; baseline 0 -19"><span class='ocrx_word' id='word_1_306' title='bbox 220 3922 530 3991; x_wconf 82' lang='grc' dir='ltr'><strong>συναγωγὴν</strong></span> <span class='ocrx_word' id='word_1_307' title='bbox 558 3918 873 3980; x_wconf 63' lang='grc' dir='ltr'><strong>ἐποιοῦντο.</strong></span> <span class='ocrx_word' id='word_1_308' title='bbox 908 3918 1140 3972; x_wconf 82' lang='grc' dir='ltr'><strong>Λούκιόν</strong></span> <span class='ocrx_word' id='word_1_309' title='bbox 1171 3934 1295 3971; x_wconf 86' lang='grc' dir='ltr'><strong>τινα</strong></span> <span class='ocrx_word' id='word_1_310' title='bbox 1331 3918 1651 3987; x_wconf 71' lang='grc' dir='ltr'><strong>ἐξηγεῖσθαι</strong></span> <span class='ocrx_word' id='word_1_311' title='bbox 1682 3920 1781 3972; x_wconf 83' lang='grc' dir='ltr'><strong>αὐ·-</strong></span> 
     </span>
    </p>
   </div>
   <div class='ocr_carea' id='block_1_43' title="bbox 216 4006 1781 4081">
    <p class='ocr_par' dir='ltr' id='par_1_43' title="bbox 216 4006 1781 4081">
     <span class='ocr_line' id='line_1_43' title="bbox 216 4006 1781 4081; baseline 0.001 -19"><span class='ocrx_word' id='word_1_312' title='bbox 216 4009 313 4063; x_wconf 83' lang='grc' dir='ltr'>τῶν</span> <span class='ocrx_word' id='word_1_313' title='bbox 337 4009 815 4080; x_wconf 82' lang='grc' dir='ltr'><strong>προστησάμενοι.</strong></span> <span class='ocrx_word' id='word_1_314' title='bbox 871 4006 931 4062; x_wconf 90' lang='lat'><strong>&#39;0</strong></span> <span class='ocrx_word' id='word_1_315' title='bbox 966 4007 1077 4081; x_wconf 75' lang='grc' dir='ltr'><strong>γάρ</strong></span> <span class='ocrx_word' id='word_1_316' title='bbox 1100 4007 1374 4078; x_wconf 81' lang='grc' dir='ltr'><strong>Γεώργιος</strong></span> <span class='ocrx_word' id='word_1_317' title='bbox 1411 4006 1647 4077; x_wconf 73' lang='grc' dir='ltr'><strong>ἔφθασεν</strong></span> <span class='ocrx_word' id='word_1_318' title='bbox 1675 4009 1781 4064; x_wconf 76' lang='grc' dir='ltr'><strong>ὑπὸ</strong></span> 
     </span>
    </p>
   </div>
   <div class='ocr_carea' id='block_1_44' title="bbox 214 4095 1783 4169">
    <p class='ocr_par' dir='ltr' id='par_1_44' title="bbox 214 4095 1783 4169">
     <span class='ocr_line' id='line_1_44' title="bbox 214 4095 1783 4169; baseline -0.003 -21"><span class='ocrx_word' id='word_1_319' title='bbox 214 4097 300 4151; x_wconf 79' lang='grc' dir='ltr'><strong>τοῦ</strong></span> <span class='ocrx_word' id='word_1_320' title='bbox 345 4098 519 4168; x_wconf 79' lang='grc' dir='ltr'><strong>δήμου</strong></span> <span class='ocrx_word' id='word_1_321' title='bbox 550 4095 897 4166; x_wconf 79' lang='grc' dir='ltr'><strong>διαφθαρείς.</strong></span> <span class='ocrx_word' id='word_1_322' title='bbox 926 4095 1081 4155; x_wconf 77' lang='grc' dir='ltr'><strong>Ἐπεὶ</strong></span> <span class='ocrx_word' id='word_1_323' title='bbox 1114 4097 1223 4166; x_wconf 86' lang='grc' dir='ltr'><strong>γὰρ</strong></span> <span class='ocrx_word' id='word_1_324' title='bbox 1254 4096 1503 4165; x_wconf 70' lang='grc' dir='ltr'><strong>ἔγνωσαν</strong></span> <span class='ocrx_word' id='word_1_325' title='bbox 1526 4099 1783 4169; x_wconf 80' lang='grc' dir='ltr'><strong>τελευτῆ-</strong></span> 
     </span>
    </p>
   </div>
   <div class='ocr_carea' id='block_1_45' title="bbox 221 4185 1782 4257">
    <p class='ocr_par' dir='ltr' id='par_1_45' title="bbox 221 4185 1782 4257">
     <span class='ocr_line' id='line_1_45' title="bbox 221 4185 1782 4257; baseline 0.004 -20"><span class='ocrx_word' id='word_1_326' title='bbox 221 4203 300 4239; x_wconf 70' lang='lat' dir='ltr'><strong>ost</strong></span> <span class='ocrx_word' id='word_1_327' title='bbox 339 4189 436 4257; x_wconf 76' lang='grc' dir='ltr'><strong>μὲν</strong></span> <span class='ocrx_word' id='word_1_328' title='bbox 489 4188 591 4238; x_wconf 75' lang='grc' dir='ltr'><strong>τὸν</strong></span> <span class='ocrx_word' id='word_1_329' title='bbox 645 4186 1048 4249; x_wconf 80' lang='grc' dir='ltr'><strong>Κωνστάντιον,</strong></span> <span class='ocrx_word' id='word_1_330' title='bbox 1104 4186 1198 4238; x_wconf 67' lang='grc' dir='ltr'><strong>ἐπὶ</strong></span> <span class='ocrx_word' id='word_1_331' title='bbox 1247 4185 1303 4238; x_wconf 75' lang='grc' dir='ltr'><strong>δι</strong></span> <span class='ocrx_word' id='word_1_332' title='bbox 1351 4186 1461 4238; x_wconf 82' lang='grc' dir='ltr'><strong>τῶν</strong></span> <span class='ocrx_word' id='word_1_333' title='bbox 1503 4186 1639 4243; x_wconf 74' lang='grc' dir='ltr'><strong>ὅλων</strong></span> <span class='ocrx_word' id='word_1_334' title='bbox 1688 4189 1782 4245; x_wconf 83' lang='grc' dir='ltr'><strong>τὸν</strong></span> 
     </span>
    </p>
   </div>
   <div class='ocr_carea' id='block_1_46' title="bbox 227 4277 1781 4352">
    <p class='ocr_par' dir='ltr' id='par_1_46' title="bbox 227 4277 1781 4352">
     <span class='ocr_line' id='line_1_46' title="bbox 227 4277 1781 4352; baseline 0.004 -21"><span class='ocrx_word' id='word_1_335' title='bbox 227 4280 504 4334; x_wconf 74' lang='grc' dir='ltr'><strong>Ἰουλιανὺν</strong></span> <span class='ocrx_word' id='word_1_336' title='bbox 529 4281 897 4347; x_wconf 79' lang='grc' dir='ltr'><strong>καταστῆναι,</strong></span> <span class='ocrx_word' id='word_1_337' title='bbox 920 4277 1081 4341; x_wconf 79' lang='grc' dir='ltr'><strong>εὐθὺς</strong></span> <span class='ocrx_word' id='word_1_338' title='bbox 1106 4279 1250 4351; x_wconf 74' lang='grc' dir='ltr'><strong>ὁρμῇ</strong></span> <span class='ocrx_word' id='word_1_339' title='bbox 1284 4282 1351 4348; x_wconf 79' lang='grc' dir='ltr'><strong>τῇ</strong></span> <span class='ocrx_word' id='word_1_340' title='bbox 1388 4280 1534 4350; x_wconf 80' lang='grc' dir='ltr'><strong>πάσῃ</strong></span> <span class='ocrx_word' id='word_1_341' title='bbox 1561 4281 1623 4334; x_wconf 83' lang='grc' dir='ltr'><strong>τὸ</strong></span> <span class='ocrx_word' id='word_1_342' title='bbox 1652 4283 1781 4352; x_wconf 74' lang='grc' dir='ltr'><strong>περὶ</strong></span> 
     </span>
    </p>
   </div>
   <div class='ocr_carea' id='block_1_47' title="bbox 216 4366 1778 4441">
    <p class='ocr_par' dir='ltr' id='par_1_47' title="bbox 216 4366 1778 4441">
     <span class='ocr_line' id='line_1_47' title="bbox 216 4366 1778 4441; baseline 0.005 -23"><span class='ocrx_word' id='word_1_343' title='bbox 216 4369 303 4439; x_wconf 75' lang='grc' dir='ltr'><strong>τὴν</strong></span> <span class='ocrx_word' id='word_1_344' title='bbox 332 4370 753 4440; x_wconf 79' lang='grc' dir='ltr'><strong>’Δλεξάνδρειαν</strong></span> <span class='ocrx_word' id='word_1_345' title='bbox 784 4372 909 4422; x_wconf 81' lang='grc' dir='ltr'><strong>ὅσον</strong></span> <span class='ocrx_word' id='word_1_346' title='bbox 940 4370 997 4420; x_wconf 81' lang='grc' dir='ltr'><strong>ὲν</strong></span> <span class='ocrx_word' id='word_1_347' title='bbox 1035 4369 1295 4438; x_wconf 78' lang='grc' dir='ltr'><strong>Ἕλλησιν</strong></span> <span class='ocrx_word' id='word_1_348' title='bbox 1339 4366 1431 4441; x_wconf 73' lang='grc' dir='ltr'><strong>ἦν,</strong></span> <span class='ocrx_word' id='word_1_349' title='bbox 1468 4372 1549 4433; x_wconf 84' lang='grc' dir='ltr'><strong>είς</strong></span> <span class='ocrx_word' id='word_1_350' title='bbox 1587 4372 1778 4426; x_wconf 85' lang='grc' dir='ltr'><strong>στάσιν</strong></span> 
     </span>
    </p>
   </div>
   <div class='ocr_carea' id='block_1_48' title="bbox 217 4445 1852 4534">
    <p class='ocr_par' dir='ltr' id='par_1_48' title="bbox 217 4445 1852 4534">
     <span class='ocr_line' id='line_1_48' title="bbox 217 4445 1852 4534; baseline 0.005 -22"><span class='ocrx_word' id='word_1_351' title='bbox 217 4462 418 4532; x_wconf 62' lang='grc' dir='ltr'><strong>ἰχῶρει·</strong></span> <span class='ocrx_word' id='word_1_352' title='bbox 473 4466 574 4516; x_wconf 73' lang='grc' dir='ltr'><strong>καὶ</strong></span> <span class='ocrx_word' id='word_1_353' title='bbox 618 4462 686 4533; x_wconf 77' lang='grc' dir='ltr'><strong>δὴ</strong></span> <span class='ocrx_word' id='word_1_354' title='bbox 735 4462 831 4531; x_wconf 82' lang='grc' dir='ltr'><strong>βοῇ</strong></span> <span class='ocrx_word' id='word_1_355' title='bbox 875 4462 975 4531; x_wconf 77' lang='grc' dir='ltr'><strong>μιᾷ</strong></span> <span class='ocrx_word' id='word_1_356' title='bbox 1030 4461 1120 4521; x_wconf 75' lang='grc' dir='ltr'><strong>ἐπ’</strong></span> <span class='ocrx_word' id='word_1_357' title='bbox 1165 4462 1327 4515; x_wconf 81' lang='grc' dir='ltr'><strong>αὐτὸν</strong></span> <span class='ocrx_word' id='word_1_358' title='bbox 1372 4464 1641 4534; x_wconf 82' lang='grc' dir='ltr'><strong>ὥρμησαν</strong></span> <span class='ocrx_word' id='word_1_359' title='bbox 1698 4466 1774 4529; x_wconf 82' lang='grc' dir='ltr'><strong>ὡς</strong></span> <span class='ocrx_word' id='word_1_360' title='bbox 1809 4445 1852 4500; x_wconf 75' lang='lat' dir='ltr'><strong>D</strong></span> 
     </span>
    </p>
   </div>
   <div class='ocr_carea' id='block_1_49' title="bbox 219 4551 1773 4625">
    <p class='ocr_par' dir='ltr' id='par_1_49' title="bbox 219 4551 1773 4625">
     <span class='ocr_line' id='line_1_49' title="bbox 219 4551 1773 4625; baseline 0.004 -21"><span class='ocrx_word' id='word_1_361' title='bbox 219 4551 650 4622; x_wconf 69' lang='grc' dir='ltr'><strong>διαχειρίσοντες.</strong></span> <span class='ocrx_word' id='word_1_362' title='bbox 704 4551 840 4605; x_wconf 83' lang='grc' dir='ltr'><strong>Τότε</strong></span> <span class='ocrx_word' id='word_1_363' title='bbox 872 4553 972 4621; x_wconf 80' lang='grc' dir='ltr'><strong>μὲν</strong></span> <span class='ocrx_word' id='word_1_364' title='bbox 1019 4551 1115 4617; x_wconf 57' lang='grc' dir='ltr'><strong>οὖν</strong></span> <span class='ocrx_word' id='word_1_365' title='bbox 1165 4553 1411 4621; x_wconf 73' lang='grc' dir='ltr'><strong>φονεύειν</strong></span> <span class='ocrx_word' id='word_1_366' title='bbox 1451 4555 1773 4625; x_wconf 77' lang='grc' dir='ltr'><strong>ἀπέσχοντο,</strong></span> 
     </span>
    </p>
   </div>
   <div class='ocr_carea' id='block_1_50' title="bbox 217 4643 1776 4718">
    <p class='ocr_par' dir='ltr' id='par_1_50' title="bbox 217 4643 1776 4718">
     <span class='ocr_line' id='line_1_50' title="bbox 217 4643 1776 4718; baseline 0.006 -23"><span class='ocrx_word' id='word_1_367' title='bbox 217 4643 571 4715; x_wconf 69' lang='grc' dir='ltr'><strong>δεσμωτηρίῳ</strong></span> <span class='ocrx_word' id='word_1_368' title='bbox 591 4644 649 4696; x_wconf 81' lang='grc' dir='ltr'><strong>δὲ</strong></span> <span class='ocrx_word' id='word_1_369' title='bbox 675 4647 1016 4714; x_wconf 84' lang='grc' dir='ltr'><strong>περιεῖργον·</strong></span> <span class='ocrx_word' id='word_1_370' title='bbox 1040 4645 1102 4698; x_wconf 82' lang='grc' dir='ltr'><strong>οὐ</strong></span> <span class='ocrx_word' id='word_1_371' title='bbox 1131 4645 1312 4715; x_wconf 78' lang='grc' dir='ltr'><strong>πολλῷ</strong></span> <span class='ocrx_word' id='word_1_372' title='bbox 1340 4647 1397 4700; x_wconf 81' lang='grc' dir='ltr'><strong>δὲ</strong></span> <span class='ocrx_word' id='word_1_373' title='bbox 1428 4644 1655 4718; x_wconf 74' lang='grc' dir='ltr'><strong>ὕστερον</strong></span> <span class='ocrx_word' id='word_1_374' title='bbox 1679 4649 1776 4705; x_wconf 76' lang='grc' dir='ltr'><strong>τοῦ</strong></span> 
     </span>
    </p>
   </div>
   <div class='ocr_carea' id='block_1_51' title="bbox 219 4720 1773 4806">
    <p class='ocr_par' dir='ltr' id='par_1_51' title="bbox 219 4720 1773 4806">
     <span class='ocr_line' id='line_1_51' title="bbox 219 4720 1773 4806; baseline 0.002 -21"><span class='ocrx_word' id='word_1_375' title='bbox 219 4732 592 4804; x_wconf 73' lang='grc' dir='ltr'><strong>δεσμωτηρίου</strong></span> <span class='ocrx_word' id='word_1_376' title='bbox 630 4720 1062 4802; x_wconf 47' lang='lat' dir='ltr'><strong>éﬁayayévug/</strong></span> <span class='ocrx_word' id='word_1_377' title='bbox 1059 4733 1335 4806; x_wconf 85' lang='grc' dir='ltr'><strong>μαχαίρας</strong></span> <span class='ocrx_word' id='word_1_378' title='bbox 1367 4733 1529 4804; x_wconf 72' lang='grc' dir='ltr'><strong>ἔργον</strong></span> <span class='ocrx_word' id='word_1_379' title='bbox 1558 4733 1773 4788; x_wconf 74' lang='grc' dir='ltr'><strong>ποιοῦν-</strong></span> 
     </span>
    </p>
   </div>
   <div class='ocr_carea' id='block_1_52' title="bbox 218 4823 1779 4896">
    <p class='ocr_par' dir='ltr' id='par_1_52' title="bbox 218 4823 1779 4896">
     <span class='ocr_line' id='line_1_52' title="bbox 218 4823 1779 4896; baseline 0.003 -19"><span class='ocrx_word' id='word_1_380' title='bbox 218 4841 319 4878; x_wconf 88' lang='grc' dir='ltr'><strong>ται.</strong></span> <span class='ocrx_word' id='word_1_381' title='bbox 346 4823 460 4879; x_wconf 79' lang='grc' dir='ltr'><strong>Εἶτ’</strong></span> <span class='ocrx_word' id='word_1_382' title='bbox 491 4827 587 4879; x_wconf 64' lang='grc' dir='ltr'><strong>ἐπὶ</strong></span> <span class='ocrx_word' id='word_1_383' title='bbox 619 4826 875 4896; x_wconf 81' lang='grc' dir='ltr'><strong>καμήλου</strong></span> <span class='ocrx_word' id='word_1_384' title='bbox 933 4824 1007 4887; x_wconf 84' lang='grc' dir='ltr'><strong>ὦς</strong></span> <span class='ocrx_word' id='word_1_385' title='bbox 1059 4841 1185 4879; x_wconf 84' lang='grc' dir='ltr'><strong>τινα</strong></span> <span class='ocrx_word' id='word_1_386' title='bbox 1234 4825 1431 4894; x_wconf 80' lang='grc' dir='ltr'><strong>φόρτον</strong></span> <span class='ocrx_word' id='word_1_387' title='bbox 1467 4825 1617 4890; x_wconf 79' lang='grc' dir='ltr'>ξένον</span> <span class='ocrx_word' id='word_1_388' title='bbox 1647 4829 1779 4881; x_wconf 73' lang='lat' dir='ltr'><strong>dva-</strong></span> 
     </span>
    </p>
   </div>
   <div class='ocr_carea' id='block_1_53' title="bbox 220 4912 1784 4989">
    <p class='ocr_par' dir='ltr' id='par_1_53' title="bbox 220 4912 1784 4989">
     <span class='ocr_line' id='line_1_53' title="bbox 220 4912 1784 4989; baseline 0.003 -22"><span class='ocrx_word' id='word_1_389' title='bbox 220 4916 427 4982; x_wconf 75' lang='grc' dir='ltr'><strong>θέντες,</strong></span> <span class='ocrx_word' id='word_1_390' title='bbox 460 4919 554 4970; x_wconf 73' lang='grc' dir='ltr'><strong>ἐπὶ</strong></span> <span class='ocrx_word' id='word_1_391' title='bbox 589 4919 760 4987; x_wconf 78' lang='grc' dir='ltr'><strong>μέσης</strong></span> <span class='ocrx_word' id='word_1_392' title='bbox 826 4912 963 4988; x_wconf 81' lang='grc' dir='ltr'><strong>ἦγον</strong></span> <span class='ocrx_word' id='word_1_393' title='bbox 1015 4917 1115 4986; x_wconf 78' lang='grc' dir='ltr'><strong>τῆς</strong></span> <span class='ocrx_word' id='word_1_394' title='bbox 1171 4917 1400 4984; x_wconf 79' lang='grc' dir='ltr'><strong>ἀγορᾶς,</strong></span> <span class='ocrx_word' id='word_1_395' title='bbox 1457 4915 1526 4968; x_wconf 84' lang='grc' dir='ltr'><strong>δι’</strong></span> <span class='ocrx_word' id='word_1_396' title='bbox 1568 4919 1784 4989; x_wconf 71' lang='grc' dir='ltr'><strong>ἡμέρας</strong></span> 
     </span>
    </p>
   </div>
   <div class='ocr_carea' id='block_1_54' title="bbox 220 5007 1782 5080">
    <p class='ocr_par' dir='ltr' id='par_1_54' title="bbox 220 5007 1782 5080">
     <span class='ocr_line' id='line_1_54' title="bbox 220 5007 1782 5080; baseline 0.004 -23"><span class='ocrx_word' id='word_1_397' title='bbox 220 5008 626 5079; x_wconf 78' lang='grc' dir='ltr'><strong>ἐπιμαινόμενοι</strong></span> <span class='ocrx_word' id='word_1_398' title='bbox 656 5011 735 5080; x_wconf 83' lang='grc' dir='ltr'><strong>τῷ</strong></span> <span class='ocrx_word' id='word_1_399' title='bbox 758 5010 939 5080; x_wconf 81' lang='grc' dir='ltr'><strong>νεκρῷ</strong></span> <span class='ocrx_word' id='word_1_400' title='bbox 973 5012 1068 5062; x_wconf 79' lang='grc' dir='ltr'><strong>καὶ</strong></span> <span class='ocrx_word' id='word_1_401' title='bbox 1096 5008 1332 5072; x_wconf 82' lang='grc' dir='ltr'><strong>ἀναιδῶς</strong></span> <span class='ocrx_word' id='word_1_402' title='bbox 1382 5007 1782 5079; x_wconf 60' lang='grc' dir='ltr'><strong>ἐξυϐρίζοντες</strong></span> 
     </span>
    </p>
   </div>
   <div class='ocr_carea' id='block_1_55' title="bbox 218 5099 1781 5172">
    <p class='ocr_par' dir='ltr' id='par_1_55' title="bbox 218 5099 1781 5172">
     <span class='ocr_line' id='line_1_55' title="bbox 218 5099 1781 5172; baseline 0.003 -20"><span class='ocrx_word' id='word_1_403' title='bbox 218 5100 386 5171; x_wconf 73' lang='grc' dir='ltr'><strong>δείλης</strong></span> <span class='ocrx_word' id='word_1_404' title='bbox 423 5102 481 5155; x_wconf 74' lang='grc' dir='ltr'><strong>δὲ</strong></span> <span class='ocrx_word' id='word_1_405' title='bbox 526 5102 683 5168; x_wconf 74' lang='grc' dir='ltr'><strong>ὀψίας</strong></span> <span class='ocrx_word' id='word_1_406' title='bbox 733 5101 931 5172; x_wconf 81' lang='grc' dir='ltr'><strong>ὥσπερ</strong></span> <span class='ocrx_word' id='word_1_407' title='bbox 971 5099 1408 5172; x_wconf 71' lang='grc' dir='ltr'><strong>ἐμπλησθέντες,</strong></span> <span class='ocrx_word' id='word_1_408' title='bbox 1443 5100 1505 5152; x_wconf 85' lang='grc' dir='ltr'><strong>τὸ</strong></span> <span class='ocrx_word' id='word_1_409' title='bbox 1537 5103 1781 5171; x_wconf 80' lang='grc' dir='ltr'><strong>περιλει-</strong></span> 
     </span>
    </p>
   </div>
   <div class='ocr_carea' id='block_1_56' title="bbox 219 5193 1408 5271">
    <p class='ocr_par' dir='ltr' id='par_1_56' title="bbox 219 5193 1408 5271">
     <span class='ocr_line' id='line_1_56' title="bbox 219 5193 1408 5271; baseline 0.003 -28"><span class='ocrx_word' id='word_1_410' title='bbox 219 5193 342 5260; x_wconf 74' lang='grc' dir='ltr'><strong>φθὲν</strong></span> <span class='ocrx_word' id='word_1_411' title='bbox 376 5196 472 5248; x_wconf 82' lang='grc' dir='ltr'><strong>τοῦ</strong></span> <span class='ocrx_word' id='word_1_412' title='bbox 505 5195 754 5265; x_wconf 88' lang='grc' dir='ltr'><strong>σώματος</strong></span> <span class='ocrx_word' id='word_1_413' title='bbox 786 5194 925 5263; x_wconf 78' lang='grc' dir='ltr'><strong>πυρὶ</strong></span> <span class='ocrx_word' id='word_1_414' title='bbox 955 5195 1408 5271; x_wconf 68' lang='grc' dir='ltr'><strong>κατετὲφρωσαν.</strong></span> 
     </span>
    </p>
   </div>
   <div class='ocr_carea' id='block_1_57' title="bbox 1876 525 3447 592">
    <p class='ocr_par' dir='ltr' id='par_1_57' title="bbox 1876 525 3447 592">
     <span class='ocr_line' id='line_1_57' title="bbox 1876 525 3447 592; baseline 0.001 -14"><span class='ocrx_word' id='word_1_415' title='bbox 1876 525 2049 588; x_wconf 89' lang='lat' dir='ltr'><strong>ditur,</strong></span> <span class='ocrx_word' id='word_1_416' title='bbox 2080 531 2141 576; x_wconf 87' lang='grc' dir='ltr'><strong>ιιι</strong></span> <span class='ocrx_word' id='word_1_417' title='bbox 2173 531 2461 592; x_wconf 85' lang='lat' dir='ltr'><strong>stuporem</strong></span> <span class='ocrx_word' id='word_1_418' title='bbox 2495 537 2722 591; x_wconf 81' lang='lat' dir='ltr'><strong>prorsus</strong></span> <span class='ocrx_word' id='word_1_419' title='bbox 2766 536 2831 578; x_wconf 86' lang='lat' dir='ltr'><strong>ea</strong></span> <span class='ocrx_word' id='word_1_420' title='bbox 2874 525 3259 590; x_wconf 69' lang='lat' dir='ltr'><strong>spectantibus</strong></span> <span class='ocrx_word' id='word_1_421' title='bbox 3303 526 3447 583; x_wconf 71' lang='lat' dir='ltr'><strong>incn-</strong></span> 
     </span>
    </p>
   </div>
   <div class='ocr_carea' id='block_1_58' title="bbox 1879 615 3453 681">
    <p class='ocr_par' dir='ltr' id='par_1_58' title="bbox 1879 615 3453 681">
     <span class='ocr_line' id='line_1_58' title="bbox 1879 615 3453 681; baseline 0.003 -11"><span class='ocrx_word' id='word_1_422' title='bbox 1879 625 2039 680; x_wconf 87' lang='lat' dir='ltr'><strong>teret,</strong></span> <span class='ocrx_word' id='word_1_423' title='bbox 2071 625 2130 669; x_wconf 89' lang='lat' dir='ltr'><strong>et</strong></span> <span class='ocrx_word' id='word_1_424' title='bbox 2158 629 2323 668; x_wconf 87' lang='lat' dir='ltr'><strong>nemo</strong></span> <span class='ocrx_word' id='word_1_425' title='bbox 2355 629 2550 669; x_wconf 87' lang='lat' dir='ltr'><strong>eorum</strong></span> <span class='ocrx_word' id='word_1_426' title='bbox 2585 615 2679 680; x_wconf 92' lang='lat' dir='ltr'><strong>qui</strong></span> <span class='ocrx_word' id='word_1_427' title='bbox 2718 616 3015 671; x_wconf 89' lang='lat' dir='ltr'><strong>castiorem</strong></span> <span class='ocrx_word' id='word_1_428' title='bbox 3050 616 3220 677; x_wconf 80' lang='lat' dir='ltr'><strong>vitam</strong></span> <span class='ocrx_word' id='word_1_429' title='bbox 3253 620 3453 681; x_wconf 78' lang='lat' dir='ltr'><strong>sectari</strong></span> 
     </span>
    </p>
   </div>
   <div class='ocr_carea' id='block_1_59' title="bbox 1876 704 3457 776">
    <p class='ocr_par' dir='ltr' id='par_1_59' title="bbox 1876 704 3457 776">
     <span class='ocr_line' id='line_1_59' title="bbox 1876 704 3457 776; baseline 0.001 -17"><span class='ocrx_word' id='word_1_430' title='bbox 1876 704 2301 759; x_wconf 75' lang='lat' dir='ltr'><strong>constituissent</strong></span> <span class='ocrx_word' id='word_1_431' title='bbox 2320 742 2336 765; x_wconf 90' lang='lat'><strong>,</strong></span> <span class='ocrx_word' id='word_1_432' title='bbox 2367 704 2420 757; x_wconf 91' lang='lat' dir='ltr'><strong>in</strong></span> <span class='ocrx_word' id='word_1_433' title='bbox 2452 704 2789 773; x_wconf 84' lang='lat' dir='ltr'><strong>colloquium</strong></span> <span class='ocrx_word' id='word_1_434' title='bbox 2819 706 2940 776; x_wconf 85' lang='lat' dir='ltr'><strong>ejus</strong></span> <span class='ocrx_word' id='word_1_435' title='bbox 2977 708 3191 762; x_wconf 84' lang='lat' dir='ltr'><strong>veniret</strong></span> <span class='ocrx_word' id='word_1_436' title='bbox 3210 746 3226 772; x_wconf 90' lang='lat'><strong>,</strong></span> <span class='ocrx_word' id='word_1_437' title='bbox 3256 723 3325 760; x_wconf 90' lang='lat' dir='ltr'><strong>ne</strong></span> <span class='ocrx_word' id='word_1_438' title='bbox 3351 709 3457 764; x_wconf 88' lang='lat' dir='ltr'><strong>sci-</strong></span> 
     </span>
    </p>
   </div>
   <div class='ocr_carea' id='block_1_60' title="bbox 1874 793 3454 865">
    <p class='ocr_par' dir='ltr' id='par_1_60' title="bbox 1874 793 3454 865">
     <span class='ocr_line' id='line_1_60' title="bbox 1874 793 3454 865; baseline 0.001 -15"><span class='ocrx_word' id='word_1_439' title='bbox 1874 796 2006 851; x_wconf 87' lang='lat' dir='ltr'><strong>licet</strong></span> <span class='ocrx_word' id='word_1_440' title='bbox 2032 810 2100 850; x_wconf 88' lang='lat' dir='ltr'><strong>eo</strong></span> <span class='ocrx_word' id='word_1_441' title='bbox 2132 793 2360 848; x_wconf 89' lang='lat' dir='ltr'><strong>nomine</strong></span> <span class='ocrx_word' id='word_1_442' title='bbox 2400 795 2836 863; x_wconf 80' lang='lat' dir='ltr'><strong>reprehensione</strong></span> <span class='ocrx_word' id='word_1_443' title='bbox 2862 810 2971 851; x_wconf 88' lang='lat' dir='ltr'><strong>non</strong></span> <span class='ocrx_word' id='word_1_444' title='bbox 3003 805 3242 852; x_wconf 82' lang='lat' dir='ltr'><strong>careret.</strong></span> <span class='ocrx_word' id='word_1_445' title='bbox 3279 798 3454 865; x_wconf 80' lang='lat' dir='ltr'><strong>Atque</strong></span> 
     </span>
    </p>
   </div>
   <div class='ocr_carea' id='block_1_61' title="bbox 1878 884 3453 956">
    <p class='ocr_par' dir='ltr' id='par_1_61' title="bbox 1878 884 3453 956">
     <span class='ocr_line' id='line_1_61' title="bbox 1878 884 3453 956; baseline -0.001 -15"><span class='ocrx_word' id='word_1_446' title='bbox 1878 888 1968 941; x_wconf 87' lang='lat' dir='ltr'><strong>illa</strong></span> <span class='ocrx_word' id='word_1_447' title='bbox 2007 886 2225 941; x_wconf 84' lang='lat' dir='ltr'><strong>tametsi</strong></span> <span class='ocrx_word' id='word_1_448' title='bbox 2275 887 2351 940; x_wconf 90' lang='lat' dir='ltr'><strong>ita</strong></span> <span class='ocrx_word' id='word_1_449' title='bbox 2387 884 2593 939; x_wconf 88' lang='lat' dir='ltr'><strong>florens</strong></span> <span class='ocrx_word' id='word_1_450' title='bbox 2637 894 2694 941; x_wconf 90' lang='lat' dir='ltr'><strong>et</strong></span> <span class='ocrx_word' id='word_1_451' title='bbox 2744 885 2926 941; x_wconf 86' lang='lat' dir='ltr'><strong>vivida</strong></span> <span class='ocrx_word' id='word_1_452' title='bbox 2963 895 3112 941; x_wconf 89' lang='lat' dir='ltr'><strong>esset</strong></span> <span class='ocrx_word' id='word_1_453' title='bbox 3138 927 3152 950; x_wconf 89' lang='lat'><strong>,</strong></span> <span class='ocrx_word' id='word_1_454' title='bbox 3188 887 3453 956; x_wconf 82' lang='lat' dir='ltr'><strong>pudicitia</strong></span> 
     </span>
    </p>
   </div>
   <div class='ocr_carea' id='block_1_62' title="bbox 1879 976 3455 1042">
    <p class='ocr_par' dir='ltr' id='par_1_62' title="bbox 1879 976 3455 1042">
     <span class='ocr_line' id='line_1_62' title="bbox 1879 976 3455 1042; baseline 0.001 -12"><span class='ocrx_word' id='word_1_455' title='bbox 1879 988 2062 1033; x_wconf 86' lang='lat' dir='ltr'><strong>tamen</strong></span> <span class='ocrx_word' id='word_1_456' title='bbox 2119 986 2177 1032; x_wconf 85' lang='lat' dir='ltr'><strong>et</strong></span> <span class='ocrx_word' id='word_1_457' title='bbox 2220 977 2518 1032; x_wconf 77' lang='lat' dir='ltr'><strong>sanctitate</strong></span> <span class='ocrx_word' id='word_1_458' title='bbox 2569 976 2695 1031; x_wconf 71' lang='lat' dir='ltr'><strong>vita:</strong></span> <span class='ocrx_word' id='word_1_459' title='bbox 2745 991 2856 1031; x_wconf 88' lang='lat' dir='ltr'><strong>non</strong></span> <span class='ocrx_word' id='word_1_460' title='bbox 2914 977 3141 1041; x_wconf 78' lang='lat' dir='ltr'><strong>excidit.</strong></span> <span class='ocrx_word' id='word_1_461' title='bbox 3188 978 3320 1042; x_wconf 71' lang='lat' dir='ltr'><strong>Quae</strong></span> <span class='ocrx_word' id='word_1_462' title='bbox 3370 994 3455 1032; x_wconf 74' lang='lat' dir='ltr'><strong>res</strong></span> 
     </span>
    </p>
   </div>
   <div class='ocr_carea' id='block_1_63' title="bbox 1878 1067 3453 1138">
    <p class='ocr_par' dir='ltr' id='par_1_63' title="bbox 1878 1067 3453 1138">
     <span class='ocr_line' id='line_1_63' title="bbox 1878 1067 3453 1138; baseline -0.001 -15"><span class='ocrx_word' id='word_1_463' title='bbox 1878 1069 2033 1133; x_wconf 60' lang='lat' dir='ltr'><strong>sola,</strong></span> <span class='ocrx_word' id='word_1_464' title='bbox 2067 1068 2321 1138; x_wconf 83' lang='lat' dir='ltr'><strong>quamvis</strong></span> <span class='ocrx_word' id='word_1_465' title='bbox 2355 1067 2496 1121; x_wconf 88' lang='lat' dir='ltr'><strong>nihil</strong></span> <span class='ocrx_word' id='word_1_466' title='bbox 2527 1068 2837 1138; x_wconf 86' lang='lat' dir='ltr'><strong>adjumenti</strong></span> <span class='ocrx_word' id='word_1_467' title='bbox 2870 1084 2899 1122; x_wconf 89' lang='lat' dir='ltr'><strong>a</strong></span> <span class='ocrx_word' id='word_1_468' title='bbox 2939 1078 3137 1127; x_wconf 77' lang='lat' dir='ltr'><strong>natura</strong></span> <span class='ocrx_word' id='word_1_469' title='bbox 3175 1070 3244 1123; x_wconf 90' lang='lat' dir='ltr'><strong>ad</strong></span> <span class='ocrx_word' id='word_1_470' title='bbox 3283 1070 3453 1124; x_wconf 90' lang='lat' dir='ltr'><strong>deco-</strong></span> 
     </span>
    </p>
   </div>
   <div class='ocr_carea' id='block_1_64' title="bbox 1878 1159 3455 1231">
    <p class='ocr_par' dir='ltr' id='par_1_64' title="bbox 1878 1159 3455 1231">
     <span class='ocr_line' id='line_1_64' title="bbox 1878 1159 3455 1231; baseline 0.004 -22"><span class='ocrx_word' id='word_1_471' title='bbox 1878 1175 1996 1214; x_wconf 85' lang='lat' dir='ltr'><strong>rem</strong></span> <span class='ocrx_word' id='word_1_472' title='bbox 2024 1159 2277 1223; x_wconf 86' lang='lat' dir='ltr'><strong>accedat,</strong></span> <span class='ocrx_word' id='word_1_473' title='bbox 2310 1169 2642 1213; x_wconf 83' lang='lat' dir='ltr'><strong>ornamento</strong></span> <span class='ocrx_word' id='word_1_474' title='bbox 2671 1174 2794 1217; x_wconf 80' lang='lat' dir='ltr'><strong>esse</strong></span> <span class='ocrx_word' id='word_1_475' title='bbox 2821 1159 3020 1216; x_wconf 88' lang='lat' dir='ltr'><strong>solent.</strong></span> <span class='ocrx_word' id='word_1_476' title='bbox 3052 1162 3158 1231; x_wconf 74' lang='lat'><strong>18</strong></span> <span class='ocrx_word' id='word_1_477' title='bbox 3188 1161 3258 1223; x_wconf 89' lang='lat' dir='ltr'><strong>Ut</strong></span> <span class='ocrx_word' id='word_1_478' title='bbox 3285 1176 3455 1229; x_wconf 77' lang='lat' dir='ltr'><strong>prope</strong></span> 
     </span>
    </p>
   </div>
   <div class='ocr_carea' id='block_1_65' title="bbox 1879 1252 3457 1324">
    <p class='ocr_par' dir='ltr' id='par_1_65' title="bbox 1879 1252 3457 1324">
     <span class='ocr_line' id='line_1_65' title="bbox 1879 1252 3457 1324; baseline 0.001 -18"><span class='ocrx_word' id='word_1_479' title='bbox 1879 1264 2071 1306; x_wconf 83' lang='lat' dir='ltr'><strong>verum</strong></span> <span class='ocrx_word' id='word_1_480' title='bbox 2111 1266 2237 1307; x_wconf 85' lang='lat' dir='ltr'><strong>esse</strong></span> <span class='ocrx_word' id='word_1_481' title='bbox 2285 1268 2395 1306; x_wconf 88' lang='lat' dir='ltr'><strong>non</strong></span> <span class='ocrx_word' id='word_1_482' title='bbox 2435 1252 2694 1308; x_wconf 88' lang='lat' dir='ltr'><strong>videatur</strong></span> <span class='ocrx_word' id='word_1_483' title='bbox 2724 1294 2738 1317; x_wconf 91' lang='lat'><strong>,</strong></span> <span class='ocrx_word' id='word_1_484' title='bbox 2777 1255 2924 1323; x_wconf 92' lang='lat' dir='ltr'><strong>quod</strong></span> <span class='ocrx_word' id='word_1_485' title='bbox 2968 1270 2998 1310; x_wconf 88' lang='lat' dir='ltr'><strong>a</strong></span> <span class='ocrx_word' id='word_1_486' title='bbox 3035 1255 3335 1324; x_wconf 82' lang='lat' dir='ltr'><strong>majoribus</strong></span> <span class='ocrx_word' id='word_1_487' title='bbox 3371 1255 3457 1308; x_wconf 89' lang='lat' dir='ltr'><strong>di-</strong></span> 
     </span>
    </p>
   </div>
   <div class='ocr_carea' id='block_1_66' title="bbox 1879 1344 3454 1419">
    <p class='ocr_par' dir='ltr' id='par_1_66' title="bbox 1879 1344 3454 1419">
     <span class='ocr_line' id='line_1_66' title="bbox 1879 1344 3454 1419; baseline 0.001 -19"><span class='ocrx_word' id='word_1_488' title='bbox 1879 1354 2032 1400; x_wconf 86' lang='lat' dir='ltr'><strong>ctum</strong></span> <span class='ocrx_word' id='word_1_489' title='bbox 2076 1353 2200 1399; x_wconf 85' lang='lat' dir='ltr'><strong>est:</strong></span> <span class='ocrx_word' id='word_1_490' title='bbox 2239 1344 2435 1410; x_wconf 83' lang='lat' dir='ltr'><strong>Qualia</strong></span> <span class='ocrx_word' id='word_1_491' title='bbox 2478 1345 2591 1400; x_wconf 88' lang='lat' dir='ltr'><strong>sint</strong></span> <span class='ocrx_word' id='word_1_492' title='bbox 2634 1360 2904 1415; x_wconf 88' lang='lat' dir='ltr'><strong>corpora.</strong></span> <span class='ocrx_word' id='word_1_493' title='bbox 2960 1346 3101 1419; x_wconf 78' lang='lat' dir='ltr'><strong>tales</strong></span> <span class='ocrx_word' id='word_1_494' title='bbox 3131 1348 3297 1403; x_wconf 87' lang='lat' dir='ltr'><strong>etiam</strong></span> <span class='ocrx_word' id='word_1_495' title='bbox 3332 1362 3454 1401; x_wconf 79' lang='lat' dir='ltr'><strong>esse</strong></span> 
     </span>
    </p>
   </div>
   <div class='ocr_carea' id='block_1_67' title="bbox 1878 1436 3456 1508">
    <p class='ocr_par' dir='ltr' id='par_1_67' title="bbox 1878 1436 3456 1508">
     <span class='ocr_line' id='line_1_67' title="bbox 1878 1436 3456 1508; baseline 0.001 -18"><span class='ocrx_word' id='word_1_496' title='bbox 1878 1438 2114 1492; x_wconf 88' lang='lat' dir='ltr'><strong>animos.</strong></span> <span class='ocrx_word' id='word_1_497' title='bbox 2149 1436 2291 1503; x_wconf 87' lang='lat' dir='ltr'><strong>Quin</strong></span> <span class='ocrx_word' id='word_1_498' title='bbox 2328 1452 2360 1492; x_wconf 90' lang='lat' dir='ltr'><strong>e</strong></span> <span class='ocrx_word' id='word_1_499' title='bbox 2392 1437 2616 1493; x_wconf 85' lang='lat' dir='ltr'><strong>diverso</strong></span> <span class='ocrx_word' id='word_1_500' title='bbox 2657 1440 2879 1508; x_wconf 89' lang='lat' dir='ltr'><strong>petius,</strong></span> <span class='ocrx_word' id='word_1_501' title='bbox 2917 1439 2985 1497; x_wconf 83' lang='lat' dir='ltr'><strong>ad</strong></span> <span class='ocrx_word' id='word_1_502' title='bbox 3025 1439 3337 1494; x_wconf 85' lang='lat' dir='ltr'><strong>animorum</strong></span> <span class='ocrx_word' id='word_1_503' title='bbox 3372 1438 3456 1492; x_wconf 88' lang='lat' dir='ltr'><strong>in-</strong></span> 
     </span>
    </p>
   </div>
   <div class='ocr_carea' id='block_1_68' title="bbox 1880 1528 3448 1600">
    <p class='ocr_par' dir='ltr' id='par_1_68' title="bbox 1880 1528 3448 1600">
     <span class='ocr_line' id='line_1_68' title="bbox 1880 1528 3448 1600; baseline 0.001 -18"><span class='ocrx_word' id='word_1_504' title='bbox 1880 1528 2114 1592; x_wconf 83' lang='lat' dir='ltr'><strong>stituta,</strong></span> <span class='ocrx_word' id='word_1_505' title='bbox 2149 1543 2444 1599; x_wconf 83' lang='lat' dir='ltr'><strong>corporum</strong></span> <span class='ocrx_word' id='word_1_506' title='bbox 2484 1544 2708 1600; x_wconf 86' lang='lat' dir='ltr'><strong>quoque</strong></span> <span class='ocrx_word' id='word_1_507' title='bbox 2760 1546 2948 1584; x_wconf 88' lang='lat' dir='ltr'><strong>mores</strong></span> <span class='ocrx_word' id='word_1_508' title='bbox 2991 1530 3448 1585; x_wconf 87' lang='lat' dir='ltr'><strong>conformantur:</strong></span> 
     </span>
    </p>
   </div>
   <div class='ocr_carea' id='block_1_69' title="bbox 1877 1622 3452 1692">
    <p class='ocr_par' dir='ltr' id='par_1_69' title="bbox 1877 1622 3452 1692">
     <span class='ocr_line' id='line_1_69' title="bbox 1877 1622 3452 1692; baseline 0 -16"><span class='ocrx_word' id='word_1_509' title='bbox 1877 1629 1934 1676; x_wconf 91' lang='lat' dir='ltr'><strong>et</strong></span> <span class='ocrx_word' id='word_1_510' title='bbox 1965 1622 2129 1689; x_wconf 75' lang='lat' dir='ltr'><strong>quale</strong></span> <span class='ocrx_word' id='word_1_511' title='bbox 2159 1622 2398 1692; x_wconf 88' lang='lat' dir='ltr'><strong>quisque</strong></span> <span class='ocrx_word' id='word_1_512' title='bbox 2425 1631 2651 1679; x_wconf 81' lang='lat' dir='ltr'><strong>exercet</strong></span> <span class='ocrx_word' id='word_1_513' title='bbox 2674 1622 2948 1688; x_wconf 85' lang='lat' dir='ltr'><strong>studium,</strong></span> <span class='ocrx_word' id='word_1_514' title='bbox 2983 1622 3111 1679; x_wconf 81' lang='lat' dir='ltr'><strong>talis</strong></span> <span class='ocrx_word' id='word_1_515' title='bbox 3130 1622 3299 1683; x_wconf 81' lang='lat' dir='ltr'><strong>etiam</strong></span> <span class='ocrx_word' id='word_1_516' title='bbox 3329 1637 3452 1677; x_wconf 87' lang='lat' dir='ltr'><strong>esse</strong></span> 
     </span>
    </p>
   </div>
   <div class='ocr_carea' id='block_1_70' title="bbox 1879 1714 3453 1787">
    <p class='ocr_par' dir='ltr' id='par_1_70' title="bbox 1879 1714 3453 1787">
     <span class='ocr_line' id='line_1_70' title="bbox 1879 1714 3453 1787; baseline 0.002 -21"><span class='ocrx_word' id='word_1_517' title='bbox 1879 1720 2146 1782; x_wconf 85' lang='lat' dir='ltr'><strong>apparet,</strong></span> <span class='ocrx_word' id='word_1_518' title='bbox 2193 1728 2532 1784; x_wconf 83' lang='lat' dir='ltr'><strong>quocunque</strong></span> <span class='ocrx_word' id='word_1_519' title='bbox 2582 1714 2637 1769; x_wconf 91' lang='lat' dir='ltr'><strong>id</strong></span> <span class='ocrx_word' id='word_1_520' title='bbox 2683 1714 2899 1773; x_wconf 87' lang='lat' dir='ltr'><strong>accidat</strong></span> <span class='ocrx_word' id='word_1_521' title='bbox 2950 1723 3220 1784; x_wconf 84' lang='lat' dir='ltr'><strong>tempore.</strong></span> <span class='ocrx_word' id='word_1_522' title='bbox 3271 1714 3453 1787; x_wconf 77' lang='lat' dir='ltr'><strong>Atque</strong></span> 
     </span>
    </p>
   </div>
   <div class='ocr_carea' id='block_1_71' title="bbox 1877 1805 3450 1878">
    <p class='ocr_par' dir='ltr' id='par_1_71' title="bbox 1877 1805 3450 1878">
     <span class='ocr_line' id='line_1_71' title="bbox 1877 1805 3450 1878; baseline 0.003 -20"><span class='ocrx_word' id='word_1_523' title='bbox 1877 1805 1945 1858; x_wconf 90' lang='lat' dir='ltr'><strong>ad</strong></span> <span class='ocrx_word' id='word_1_524' title='bbox 1983 1806 2125 1859; x_wconf 84' lang='lat' dir='ltr'><strong>hanc</strong></span> <span class='ocrx_word' id='word_1_525' title='bbox 2171 1806 2446 1861; x_wconf 82' lang='lat' dir='ltr'><strong>rationem</strong></span> <span class='ocrx_word' id='word_1_526' title='bbox 2475 1806 2521 1865; x_wconf 85' lang='lat' dir='ltr'><strong>si</strong></span> <span class='ocrx_word' id='word_1_527' title='bbox 2555 1807 2684 1875; x_wconf 83' lang='lat' dir='ltr'><strong>quis</strong></span> <span class='ocrx_word' id='word_1_528' title='bbox 2712 1822 2827 1862; x_wconf 90' lang='lat' dir='ltr'><strong>rem</strong></span> <span class='ocrx_word' id='word_1_529' title='bbox 2860 1816 3015 1863; x_wconf 85' lang='lat' dir='ltr'><strong>certo</strong></span> <span class='ocrx_word' id='word_1_530' title='bbox 3045 1808 3261 1878; x_wconf 63' lang='lat' dir='ltr'><strong>exigat,</strong></span> <span class='ocrx_word' id='word_1_531' title='bbox 3298 1819 3450 1863; x_wconf 87' lang='lat' dir='ltr'><strong>recte</strong></span> 
     </span>
    </p>
   </div>
   <div class='ocr_carea' id='block_1_72' title="bbox 1878 1895 3447 1969">
    <p class='ocr_par' dir='ltr' id='par_1_72' title="bbox 1878 1895 3447 1969">
     <span class='ocr_line' id='line_1_72' title="bbox 1878 1895 3447 1969; baseline 0.003 -20"><span class='ocrx_word' id='word_1_532' title='bbox 1878 1895 1931 1950; x_wconf 89' lang='lat' dir='ltr'><strong>id</strong></span> <span class='ocrx_word' id='word_1_533' title='bbox 1965 1896 2047 1950; x_wconf 89' lang='lat' dir='ltr'><strong>sic</strong></span> <span class='ocrx_word' id='word_1_534' title='bbox 2075 1911 2202 1950; x_wconf 87' lang='lat' dir='ltr'><strong>eum</strong></span> <span class='ocrx_word' id='word_1_535' title='bbox 2241 1896 2523 1953; x_wconf 84' lang='lat' dir='ltr'><strong>dicturum</strong></span> <span class='ocrx_word' id='word_1_536' title='bbox 2546 1937 2562 1963; x_wconf 88' lang='lat'><strong>,</strong></span> <span class='ocrx_word' id='word_1_537' title='bbox 2596 1913 2779 1967; x_wconf 80' lang='lat' dir='ltr'><strong>neque</strong></span> <span class='ocrx_word' id='word_1_538' title='bbox 2809 1901 3123 1968; x_wconf 86' lang='lat' dir='ltr'><strong>quempiam</strong></span> <span class='ocrx_word' id='word_1_539' title='bbox 3166 1900 3260 1969; x_wconf 88' lang='lat' dir='ltr'><strong>qui</strong></span> <span class='ocrx_word' id='word_1_540' title='bbox 3293 1899 3447 1953; x_wconf 88' lang='lat' dir='ltr'><strong>relu-</strong></span> 
     </span>
    </p>
   </div>
   <div class='ocr_carea' id='block_1_73' title="bbox 1876 1988 3450 2055">
    <p class='ocr_par' dir='ltr' id='par_1_73' title="bbox 1876 1988 3450 2055">
     <span class='ocr_line' id='line_1_73' title="bbox 1876 1988 3450 2055; baseline 0.002 -12"><span class='ocrx_word' id='word_1_541' title='bbox 1876 1996 2079 2054; x_wconf 87' lang='lat' dir='ltr'><strong>ctetur,</strong></span> <span class='ocrx_word' id='word_1_542' title='bbox 2114 1988 2437 2053; x_wconf 82' lang='lat' dir='ltr'><strong>habiturum</strong></span> <span class='ocrx_word' id='word_1_543' title='bbox 2485 2005 2638 2053; x_wconf 86' lang='lat' dir='ltr'><strong>esse,</strong></span> <span class='ocrx_word' id='word_1_544' title='bbox 2691 1992 3081 2051; x_wconf 77' lang='lat' dir='ltr'><strong>existimarim.</strong></span> <span class='ocrx_word' id='word_1_545' title='bbox 3115 1992 3450 2055; x_wconf 69' lang='lat' dir='ltr'><strong>Athanasius</strong></span> 
     </span>
    </p>
   </div>
   <div class='ocr_carea' id='block_1_74' title="bbox 1877 2062 3448 2153">
    <p class='ocr_par' dir='ltr' id='par_1_74' title="bbox 1877 2062 3448 2153">
     <span class='ocr_line' id='line_1_74' title="bbox 1877 2062 3448 2153; baseline 0.004 -20"><span class='ocrx_word' id='word_1_546' title='bbox 1877 2079 2127 2150; x_wconf 88' lang='lat' dir='ltr'><strong>quidem.</strong></span> <span class='ocrx_word' id='word_1_547' title='bbox 2161 2081 2350 2136; x_wconf 89' lang='lat' dir='ltr'><strong>divina</strong></span> <span class='ocrx_word' id='word_1_548' title='bbox 2384 2062 2740 2151; x_wconf 71' lang='lat' dir='ltr'><strong>providentia</strong></span> <span class='ocrx_word' id='word_1_549' title='bbox 2771 2084 2842 2142; x_wconf 68' lang='lat' dir='ltr'><strong>ad</strong></span> <span class='ocrx_word' id='word_1_550' title='bbox 2872 2084 3141 2153; x_wconf 69' lang='lat' dir='ltr'><strong>virginem</strong></span> <span class='ocrx_word' id='word_1_551' title='bbox 3177 2084 3322 2141; x_wconf 90' lang='lat' dir='ltr'><strong>hanc</strong></span> <span class='ocrx_word' id='word_1_552' title='bbox 3348 2085 3448 2140; x_wconf 89' lang='lat' dir='ltr'><strong>de-</strong></span> 
     </span>
    </p>
   </div>
   <div class='ocr_carea' id='block_1_75' title="bbox 1878 2171 3452 2245">
    <p class='ocr_par' dir='ltr' id='par_1_75' title="bbox 1878 2171 3452 2245">
     <span class='ocr_line' id='line_1_75' title="bbox 1878 2171 3452 2245; baseline 0.004 -20"><span class='ocrx_word' id='word_1_553' title='bbox 1878 2171 2112 2233; x_wconf 88' lang='lat' dir='ltr'><strong>ductus.</strong></span> <span class='ocrx_word' id='word_1_554' title='bbox 2149 2181 2316 2241; x_wconf 89' lang='lat' dir='ltr'><strong>atque</strong></span> <span class='ocrx_word' id='word_1_555' title='bbox 2346 2173 2495 2241; x_wconf 82' lang='lat' dir='ltr'><strong>apud</strong></span> <span class='ocrx_word' id='word_1_556' title='bbox 2540 2188 2663 2229; x_wconf 85' lang='lat' dir='ltr'><strong>eam</strong></span> <span class='ocrx_word' id='word_1_557' title='bbox 2695 2184 2949 2236; x_wconf 86' lang='lat' dir='ltr'><strong>servatus</strong></span> <span class='ocrx_word' id='word_1_558' title='bbox 2991 2186 3098 2232; x_wconf 89' lang='lat' dir='ltr'><strong>est.</strong></span> <span class='ocrx_word' id='word_1_559' title='bbox 3140 2176 3210 2231; x_wconf 86' lang='lat' dir='ltr'><strong>Et</strong></span> <span class='ocrx_word' id='word_1_560' title='bbox 3247 2177 3295 2231; x_wconf 89' lang='lat' dir='ltr'><strong>si</strong></span> <span class='ocrx_word' id='word_1_561' title='bbox 3324 2175 3452 2245; x_wconf 86' lang='lat' dir='ltr'><strong>quis</strong></span> 
     </span>
    </p>
   </div>
   <div class='ocr_carea' id='block_1_76' title="bbox 1879 2262 3451 2335">
    <p class='ocr_par' dir='ltr' id='par_1_76' title="bbox 1879 2262 3451 2335">
     <span class='ocr_line' id='line_1_76' title="bbox 1879 2262 3451 2335; baseline 0.003 -21"><span class='ocrx_word' id='word_1_562' title='bbox 1879 2270 2137 2315; x_wconf 82' lang='lat' dir='ltr'><strong>eventum</strong></span> <span class='ocrx_word' id='word_1_563' title='bbox 2185 2262 2264 2317; x_wconf 85' lang='lat' dir='ltr'><strong>rei</strong></span> <span class='ocrx_word' id='word_1_564' title='bbox 2314 2263 2677 2320; x_wconf 88' lang='lat' dir='ltr'><strong>considerare</strong></span> <span class='ocrx_word' id='word_1_565' title='bbox 2717 2266 2882 2329; x_wconf 79' lang='lat' dir='ltr'><strong>velit,</strong></span> <span class='ocrx_word' id='word_1_566' title='bbox 2933 2266 3181 2327; x_wconf 81' lang='lat' dir='ltr'><strong>divinam</strong></span> <span class='ocrx_word' id='word_1_567' title='bbox 3218 2282 3451 2335; x_wconf 85' lang='lat' dir='ltr'><strong>prorsus</strong></span> 
     </span>
    </p>
   </div>
   <div class='ocr_carea' id='block_1_77' title="bbox 1879 2351 3450 2425">
    <p class='ocr_par' dir='ltr' id='par_1_77' title="bbox 1879 2351 3450 2425">
     <span class='ocr_line' id='line_1_77' title="bbox 1879 2351 3450 2425; baseline 0.005 -19"><span class='ocrx_word' id='word_1_568' title='bbox 1879 2351 2301 2421; x_wconf 81' lang='lat' dir='ltr'><strong>dispositionem</strong></span> <span class='ocrx_word' id='word_1_569' title='bbox 2334 2370 2459 2410; x_wconf 83' lang='lat' dir='ltr'><strong>esse</strong></span> <span class='ocrx_word' id='word_1_570' title='bbox 2496 2358 2761 2425; x_wconf 87' lang='lat' dir='ltr'><strong>reperiet.</strong></span> <span class='ocrx_word' id='word_1_571' title='bbox 2803 2358 2874 2414; x_wconf 91' lang='lat' dir='ltr'><strong>Ut</strong></span> <span class='ocrx_word' id='word_1_572' title='bbox 2906 2358 3056 2413; x_wconf 88' lang='lat' dir='ltr'><strong>enim</strong></span> <span class='ocrx_word' id='word_1_573' title='bbox 3100 2358 3239 2417; x_wconf 85' lang='lat' dir='ltr'><strong>nihil</strong></span> <span class='ocrx_word' id='word_1_574' title='bbox 3276 2359 3450 2414; x_wconf 74' lang='lat' dir='ltr'><strong>mole-</strong></span> 
     </span>
    </p>
   </div>
   <div class='ocr_carea' id='block_1_78' title="bbox 1881 2443 3450 2521">
    <p class='ocr_par' dir='ltr' id='par_1_78' title="bbox 1881 2443 3450 2521">
     <span class='ocr_line' id='line_1_78' title="bbox 1881 2443 3450 2521; baseline 0.004 -23"><span class='ocrx_word' id='word_1_575' title='bbox 1881 2443 2002 2498; x_wconf 61' lang='lat' dir='ltr'><strong>stin</strong></span> <span class='ocrx_word' id='word_1_576' title='bbox 2035 2453 2094 2498; x_wconf 90' lang='lat' dir='ltr'><strong>et</strong></span> <span class='ocrx_word' id='word_1_577' title='bbox 2124 2446 2336 2514; x_wconf 79' lang='lat' dir='ltr'><strong>negotii</strong></span> <span class='ocrx_word' id='word_1_578' title='bbox 2378 2445 2681 2504; x_wconf 80' lang='lat' dir='ltr'><strong>Athanasio</strong></span> <span class='ocrx_word' id='word_1_579' title='bbox 2710 2457 2766 2502; x_wconf 89' lang='lat' dir='ltr'><strong>et</strong></span> <span class='ocrx_word' id='word_1_580' title='bbox 2804 2448 3176 2512; x_wconf 72' lang='lat' dir='ltr'><strong>iantiliaribus</strong></span> <span class='ocrx_word' id='word_1_581' title='bbox 3203 2451 3324 2521; x_wconf 85' lang='lat' dir='ltr'><strong>ejus</strong></span> <span class='ocrx_word' id='word_1_582' title='bbox 3351 2467 3450 2513; x_wconf 61' lang='lat' dir='ltr'><strong>es-</strong></span> 
     </span>
    </p>
   </div>
   <div class='ocr_carea' id='block_1_79' title="bbox 1881 2532 3449 2609">
    <p class='ocr_par' dir='ltr' id='par_1_79' title="bbox 1881 2532 3449 2609">
     <span class='ocr_line' id='line_1_79' title="bbox 1881 2532 3449 2609; baseline 0.006 -23"><span class='ocrx_word' id='word_1_583' title='bbox 1881 2532 2207 2608; x_wconf 65' lang='lat' dir='ltr'><strong>hiberetur,</strong></span> <span class='ocrx_word' id='word_1_584' title='bbox 2254 2535 2300 2590; x_wconf 92' lang='lat' dir='ltr'><strong>si</strong></span> <span class='ocrx_word' id='word_1_585' title='bbox 2344 2536 2469 2605; x_wconf 81' lang='lat' dir='ltr'><strong>quis</strong></span> <span class='ocrx_word' id='word_1_586' title='bbox 2510 2546 2728 2593; x_wconf 88' lang='lat' dir='ltr'><strong>tentare</strong></span> <span class='ocrx_word' id='word_1_587' title='bbox 2769 2551 2869 2595; x_wconf 83' lang='lat' dir='ltr'><strong>aut</strong></span> <span class='ocrx_word' id='word_1_588' title='bbox 2897 2540 3223 2606; x_wconf 78' lang='lat' dir='ltr'><strong>juramento</strong></span> <span class='ocrx_word' id='word_1_589' title='bbox 3251 2557 3449 2609; x_wconf 74' lang='lat' dir='ltr'><strong>cogere</strong></span> 
     </span>
    </p>
   </div>
   <div class='ocr_carea' id='block_1_80' title="bbox 1881 2627 3448 2701">
    <p class='ocr_par' dir='ltr' id='par_1_80' title="bbox 1881 2627 3448 2701">
     <span class='ocr_line' id='line_1_80' title="bbox 1881 2627 3448 2701; baseline 0.004 -21"><span class='ocrx_word' id='word_1_590' title='bbox 1881 2641 2212 2696; x_wconf 87' lang='lat' dir='ltr'><strong>quemquam</strong></span> <span class='ocrx_word' id='word_1_591' title='bbox 2251 2642 2320 2682; x_wconf 76' lang='lat' dir='ltr'><strong>ex</strong></span> <span class='ocrx_word' id='word_1_592' title='bbox 2367 2627 2514 2693; x_wconf 88' lang='lat' dir='ltr'><strong>illis,</strong></span> <span class='ocrx_word' id='word_1_593' title='bbox 2548 2630 2617 2684; x_wconf 82' lang='lat' dir='ltr'><strong>ad</strong></span> <span class='ocrx_word' id='word_1_594' title='bbox 2650 2646 2778 2685; x_wconf 89' lang='lat' dir='ltr'><strong>eum</strong></span> <span class='ocrx_word' id='word_1_595' title='bbox 2817 2631 3034 2688; x_wconf 90' lang='lat' dir='ltr'><strong>scilicet</strong></span> <span class='ocrx_word' id='word_1_596' title='bbox 3060 2634 3448 2701; x_wconf 83' lang='lat' dir='ltr'><strong>&#39;prodemlnm,</strong></span> 
     </span>
    </p>
   </div>
   <div class='ocr_carea' id='block_1_81' title="bbox 1882 2717 3447 2795">
    <p class='ocr_par' dir='ltr' id='par_1_81' title="bbox 1882 2717 3447 2795">
     <span class='ocr_line' id='line_1_81' title="bbox 1882 2717 3447 2795; baseline 0.006 -23"><span class='ocrx_word' id='word_1_597' title='bbox 1882 2717 2149 2773; x_wconf 80' lang='lat' dir='ltr'><strong>voluisset</strong></span> <span class='ocrx_word' id='word_1_598' title='bbox 2174 2736 2188 2773; x_wconf 92' lang='lat'><strong>:</strong></span> <span class='ocrx_word' id='word_1_599' title='bbox 2218 2728 2369 2774; x_wconf 81' lang='lat' dir='ltr'><strong>recte</strong></span> <span class='ocrx_word' id='word_1_600' title='bbox 2398 2719 2502 2781; x_wconf 84' lang='lat' dir='ltr'><strong>hoc</strong></span> <span class='ocrx_word' id='word_1_601' title='bbox 2524 2720 2607 2776; x_wconf 85' lang='lat' dir='ltr'><strong>sic</strong></span> <span class='ocrx_word' id='word_1_602' title='bbox 2638 2721 2980 2795; x_wconf 83' lang='lat' dir='ltr'><strong>institutum,</strong></span> <span class='ocrx_word' id='word_1_603' title='bbox 3007 2733 3069 2779; x_wconf 90' lang='lat' dir='ltr'><strong>ut</strong></span> <span class='ocrx_word' id='word_1_604' title='bbox 3093 2724 3273 2781; x_wconf 90' lang='lat' dir='ltr'><strong>latens</strong></span> <span class='ocrx_word' id='word_1_605' title='bbox 3303 2725 3447 2794; x_wconf 88' lang='lat' dir='ltr'><strong>apud</strong></span> 
     </span>
    </p>
   </div>
   <div class='ocr_carea' id='block_1_82' title="bbox 1882 2810 3450 2889">
    <p class='ocr_par' dir='ltr' id='par_1_82' title="bbox 1882 2810 3450 2889">
     <span class='ocr_line' id='line_1_82' title="bbox 1882 2810 3450 2889; baseline 0.007 -25"><span class='ocrx_word' id='word_1_606' title='bbox 1882 2810 2176 2866; x_wconf 79' lang='lat' dir='ltr'><strong>mulierem</strong></span> <span class='ocrx_word' id='word_1_607' title='bbox 2211 2812 2613 2889; x_wconf 83' lang='lat' dir='ltr'><strong>occultaretur,</strong></span> <span class='ocrx_word' id='word_1_608' title='bbox 2638 2830 2802 2883; x_wconf 86' lang='lat' dir='ltr'><strong>quam</strong></span> <span class='ocrx_word' id='word_1_609' title='bbox 2832 2831 2997 2871; x_wconf 90' lang='lat' dir='ltr'><strong>nemo</strong></span> <span class='ocrx_word' id='word_1_610' title='bbox 3028 2817 3083 2871; x_wconf 89' lang='lat' dir='ltr'><strong>id</strong></span> <span class='ocrx_word' id='word_1_611' title='bbox 3112 2818 3450 2887; x_wconf 71' lang='lat' dir='ltr'><strong>perlaturum</strong></span> 
     </span>
    </p>
   </div>
   <div class='ocr_carea' id='block_1_83' title="bbox 1881 2902 3450 2974">
    <p class='ocr_par' dir='ltr' id='par_1_83' title="bbox 1881 2902 3450 2974">
     <span class='ocr_line' id='line_1_83' title="bbox 1881 2902 3450 2974; baseline 0.004 -17"><span class='ocrx_word' id='word_1_612' title='bbox 1881 2918 2007 2957; x_wconf 55' lang='lat' dir='ltr'><strong>esse</strong></span> <span class='ocrx_word' id='word_1_613' title='bbox 2044 2904 2278 2973; x_wconf 88' lang='lat' dir='ltr'><strong>putavit.</strong></span> <span class='ocrx_word' id='word_1_614' title='bbox 2314 2902 2551 2974; x_wconf 83' lang='lat' dir='ltr'><strong>Propter</strong></span> <span class='ocrx_word' id='word_1_615' title='bbox 2581 2907 2773 2971; x_wconf 55' lang='lat' dir='ltr'><strong>forma</strong></span> <span class='ocrx_word' id='word_1_616' title='bbox 2802 2922 2934 2963; x_wconf 81' lang='lat' dir='ltr'><strong>vero</strong></span> <span class='ocrx_word' id='word_1_617' title='bbox 2960 2919 3308 2966; x_wconf 81' lang='lat' dir='ltr'><strong>venustatem</strong></span> <span class='ocrx_word' id='word_1_618' title='bbox 3348 2926 3450 2965; x_wconf 84' lang='lat' dir='ltr'><strong>ne-</strong></span> 
     </span>
    </p>
   </div>
   <div class='ocr_carea' id='block_1_84' title="bbox 1881 2993 3451 3071">
    <p class='ocr_par' dir='ltr' id='par_1_84' title="bbox 1881 2993 3451 3071">
     <span class='ocr_line' id='line_1_84' title="bbox 1881 2993 3451 3071; baseline 0.009 -28"><span class='ocrx_word' id='word_1_619' title='bbox 1881 3007 1989 3060; x_wconf 88' lang='lat' dir='ltr'><strong>que</strong></span> <span class='ocrx_word' id='word_1_620' title='bbox 2030 2993 2084 3047; x_wconf 89' lang='lat' dir='ltr'><strong>in</strong></span> <span class='ocrx_word' id='word_1_621' title='bbox 2135 2993 2509 3063; x_wconf 88' lang='lat' dir='ltr'><strong>suspicionem</strong></span> <span class='ocrx_word' id='word_1_622' title='bbox 2556 2996 2814 3067; x_wconf 84' lang='lat' dir='ltr'><strong>cuiquam</strong></span> <span class='ocrx_word' id='word_1_623' title='bbox 2868 2998 3099 3065; x_wconf 90' lang='lat' dir='ltr'><strong>incidit,</strong></span> <span class='ocrx_word' id='word_1_624' title='bbox 3146 3001 3293 3071; x_wconf 89' lang='lat' dir='ltr'><strong>apud</strong></span> <span class='ocrx_word' id='word_1_625' title='bbox 3327 3018 3451 3057; x_wconf 89' lang='lat' dir='ltr'><strong>eam</strong></span> 
     </span>
    </p>
   </div>
   <div class='ocr_carea' id='block_1_85' title="bbox 1880 3083 3449 3163">
    <p class='ocr_par' dir='ltr' id='par_1_85' title="bbox 1880 3083 3449 3163">
     <span class='ocr_line' id='line_1_85' title="bbox 1880 3083 3449 3163; baseline 0.008 -27"><span class='ocrx_word' id='word_1_626' title='bbox 1880 3083 2206 3152; x_wconf 79' lang='lat' dir='ltr'><strong>episcOpum</strong></span> <span class='ocrx_word' id='word_1_627' title='bbox 2254 3087 2548 3143; x_wconf 87' lang='lat' dir='ltr'><strong>occultari.</strong></span> <span class='ocrx_word' id='word_1_628' title='bbox 2599 3091 2669 3144; x_wconf 82' lang='lat' dir='ltr'><strong>At</strong></span> <span class='ocrx_word' id='word_1_629' title='bbox 2715 3089 2813 3145; x_wconf 74' lang='lat' dir='ltr'><strong>illa</strong></span> <span class='ocrx_word' id='word_1_630' title='bbox 2862 3092 3014 3149; x_wconf 85' lang='lat' dir='ltr'><strong>virili</strong></span> <span class='ocrx_word' id='word_1_631' title='bbox 3067 3093 3228 3163; x_wconf 85' lang='lat' dir='ltr'><strong>plane</strong></span> <span class='ocrx_word' id='word_1_632' title='bbox 3261 3095 3449 3149; x_wconf 88' lang='lat' dir='ltr'><strong>animo</strong></span> 
     </span>
    </p>
   </div>
   <div class='ocr_carea' id='block_1_86' title="bbox 1881 3176 3451 3253">
    <p class='ocr_par' dir='ltr' id='par_1_86' title="bbox 1881 3176 3451 3253">
     <span class='ocr_line' id='line_1_86' title="bbox 1881 3176 3451 3253; baseline 0.008 -22"><span class='ocrx_word' id='word_1_633' title='bbox 1881 3176 2071 3231; x_wconf 86' lang='lat' dir='ltr'><strong>virum</strong></span> <span class='ocrx_word' id='word_1_634' title='bbox 2102 3193 2229 3232; x_wconf 89' lang='lat' dir='ltr'><strong>eum</strong></span> <span class='ocrx_word' id='word_1_635' title='bbox 2272 3178 2341 3233; x_wconf 88' lang='lat' dir='ltr'><strong>ad</strong></span> <span class='ocrx_word' id='word_1_636' title='bbox 2390 3193 2451 3234; x_wconf 89' lang='lat' dir='ltr'><strong>se</strong></span> <span class='ocrx_word' id='word_1_637' title='bbox 2497 3181 2742 3251; x_wconf 89' lang='lat' dir='ltr'><strong>recepit,</strong></span> <span class='ocrx_word' id='word_1_638' title='bbox 2769 3191 2829 3237; x_wconf 86' lang='lat' dir='ltr'><strong>et</strong></span> <span class='ocrx_word' id='word_1_639' title='bbox 2866 3184 3161 3253; x_wconf 82' lang='lat' dir='ltr'><strong>prudentia</strong></span> <span class='ocrx_word' id='word_1_640' title='bbox 3208 3188 3346 3242; x_wconf 85' lang='lat' dir='ltr'><strong>mira</strong></span> <span class='ocrx_word' id='word_1_641' title='bbox 3378 3188 3451 3245; x_wconf 81' lang='lat' dir='ltr'><strong>ad</strong></span> 
     </span>
    </p>
   </div>
   <div class='ocr_carea' id='block_1_87' title="bbox 1880 3268 3450 3345">
    <p class='ocr_par' dir='ltr' id='par_1_87' title="bbox 1880 3268 3450 3345">
     <span class='ocr_line' id='line_1_87' title="bbox 1880 3268 3450 3345; baseline 0.006 -21"><span class='ocrx_word' id='word_1_642' title='bbox 1880 3268 2045 3324; x_wconf 84' lang='lat' dir='ltr'><strong>ﬁnem</strong></span> <span class='ocrx_word' id='word_1_643' title='bbox 2090 3283 2269 3337; x_wconf 87' lang='lat' dir='ltr'><strong>usque</strong></span> <span class='ocrx_word' id='word_1_644' title='bbox 2312 3269 2641 3328; x_wconf 83' lang='lat' dir='ltr'><strong>thesaurum</strong></span> <span class='ocrx_word' id='word_1_645' title='bbox 2690 3282 2907 3328; x_wconf 86' lang='lat' dir='ltr'><strong>tantum</strong></span> <span class='ocrx_word' id='word_1_646' title='bbox 2959 3277 3226 3332; x_wconf 72' lang='lat' dir='ltr'><strong>sertavit.</strong></span> <span class='ocrx_word' id='word_1_647' title='bbox 3277 3278 3450 3345; x_wconf 78' lang='lat' dir='ltr'><strong>Tanta</strong></span> 
     </span>
    </p>
   </div>
   <div class='ocr_carea' id='block_1_88' title="bbox 1880 3361 3451 3433">
    <p class='ocr_par' dir='ltr' id='par_1_88' title="bbox 1880 3361 3451 3433">
     <span class='ocr_line' id='line_1_88' title="bbox 1880 3361 3451 3433; baseline 0.01 -20"><span class='ocrx_word' id='word_1_648' title='bbox 1880 3370 2065 3415; x_wconf 83' lang='lat' dir='ltr'><strong>autem</strong></span> <span class='ocrx_word' id='word_1_649' title='bbox 2096 3361 2152 3415; x_wconf 91' lang='lat' dir='ltr'><strong>in</strong></span> <span class='ocrx_word' id='word_1_650' title='bbox 2182 3364 2311 3415; x_wconf 87' lang='lat' dir='ltr'><strong>eum</strong></span> <span class='ocrx_word' id='word_1_651' title='bbox 2348 3363 2594 3418; x_wconf 84' lang='lat' dir='ltr'><strong>honestis</strong></span> <span class='ocrx_word' id='word_1_652' title='bbox 2624 3366 2956 3433; x_wconf 65' lang='lat' dir='ltr'><strong>praestandis</strong></span> <span class='ocrx_word' id='word_1_653' title='bbox 2990 3368 3320 3426; x_wconf 84' lang='lat' dir='ltr'><strong>ministeriis</strong></span> <span class='ocrx_word' id='word_1_654' title='bbox 3343 3370 3451 3429; x_wconf 82' lang='lat' dir='ltr'><strong>fuit</strong></span> 
     </span>
    </p>
   </div>
   <div class='ocr_carea' id='block_1_89' title="bbox 1880 3449 3449 3531">
    <p class='ocr_par' dir='ltr' id='par_1_89' title="bbox 1880 3449 3449 3531">
     <span class='ocr_line' id='line_1_89' title="bbox 1880 3449 3449 3531; baseline 0.007 -25"><span class='ocrx_word' id='word_1_655' title='bbox 1880 3449 2025 3516; x_wconf 79' lang='lat' dir='ltr'><strong>fide,</strong></span> <span class='ocrx_word' id='word_1_656' title='bbox 2060 3462 2123 3507; x_wconf 91' lang='lat' dir='ltr'><strong>ut</strong></span> <span class='ocrx_word' id='word_1_657' title='bbox 2153 3469 2211 3508; x_wconf 89' lang='lat' dir='ltr'><strong>se</strong></span> <span class='ocrx_word' id='word_1_658' title='bbox 2247 3454 2483 3523; x_wconf 87' lang='lat' dir='ltr'><strong>pedibus</strong></span> <span class='ocrx_word' id='word_1_659' title='bbox 2513 3457 2798 3520; x_wconf 81' lang='lat' dir='ltr'><strong>lavandis.</strong></span> <span class='ocrx_word' id='word_1_660' title='bbox 2830 3467 2888 3513; x_wconf 91' lang='lat' dir='ltr'><strong>et</strong></span> <span class='ocrx_word' id='word_1_661' title='bbox 2920 3459 3046 3515; x_wconf 84' lang='lat' dir='ltr'><strong>cibo</strong></span> <span class='ocrx_word' id='word_1_662' title='bbox 3075 3461 3310 3531; x_wconf 76' lang='lat' dir='ltr'><strong>aliisque</strong></span> <span class='ocrx_word' id='word_1_663' title='bbox 3350 3478 3449 3517; x_wconf 82' lang='lat' dir='ltr'><strong>na-</strong></span> 
     </span>
    </p>
   </div>
   <div class='ocr_carea' id='block_1_90' title="bbox 1880 3549 3450 3620">
    <p class='ocr_par' dir='ltr' id='par_1_90' title="bbox 1880 3549 3450 3620">
     <span class='ocr_line' id='line_1_90' title="bbox 1880 3549 3450 3620; baseline 0.006 -22"><span class='ocrx_word' id='word_1_664' title='bbox 1880 3556 2018 3600; x_wconf 64' lang='lat' dir='ltr'><strong>tura</strong></span> <span class='ocrx_word' id='word_1_665' title='bbox 2062 3554 2268 3600; x_wconf 65' lang='lat' dir='ltr'><strong>nostra:</strong></span> <span class='ocrx_word' id='word_1_666' title='bbox 2313 3549 2642 3603; x_wconf 82' lang='lat' dir='ltr'><strong>necessariis</strong></span> <span class='ocrx_word' id='word_1_667' title='bbox 2689 3550 3026 3620; x_wconf 79' lang='lat' dir='ltr'><strong>milibusque</strong></span> <span class='ocrx_word' id='word_1_668' title='bbox 3082 3553 3251 3609; x_wconf 82' lang='lat' dir='ltr'><strong>rebus</strong></span> <span class='ocrx_word' id='word_1_669' title='bbox 3295 3553 3450 3608; x_wconf 78' lang='lat' dir='ltr'><strong>exhi-</strong></span> 
     </span>
    </p>
   </div>
   <div class='ocr_carea' id='block_1_91' title="bbox 1879 3637 3448 3710">
    <p class='ocr_par' dir='ltr' id='par_1_91' title="bbox 1879 3637 3448 3710">
     <span class='ocr_line' id='line_1_91' title="bbox 1879 3637 3448 3710; baseline 0.008 -20"><span class='ocrx_word' id='word_1_670' title='bbox 1879 3637 2074 3691; x_wconf 86' lang='lat' dir='ltr'><strong>bendis</strong></span> <span class='ocrx_word' id='word_1_671' title='bbox 2119 3651 2231 3701; x_wconf 76' lang='lat' dir='ltr'><strong>una</strong></span> <span class='ocrx_word' id='word_1_672' title='bbox 2278 3637 2394 3704; x_wconf 82' lang='lat' dir='ltr'><strong>ipsa</strong></span> <span class='ocrx_word' id='word_1_673' title='bbox 2444 3640 2549 3694; x_wconf 85' lang='lat' dir='ltr'><strong>rite</strong></span> <span class='ocrx_word' id='word_1_674' title='bbox 2586 3640 2636 3694; x_wconf 89' lang='lat' dir='ltr'><strong>ei</strong></span> <span class='ocrx_word' id='word_1_675' title='bbox 2692 3640 3046 3710; x_wconf 87' lang='lat' dir='ltr'><strong>inservierit,</strong></span> <span class='ocrx_word' id='word_1_676' title='bbox 3088 3651 3146 3698; x_wconf 87' lang='lat' dir='ltr'><strong>et</strong></span> <span class='ocrx_word' id='word_1_677' title='bbox 3179 3645 3250 3700; x_wconf 86' lang='lat' dir='ltr'><strong>de</strong></span> <span class='ocrx_word' id='word_1_678' title='bbox 3290 3646 3448 3703; x_wconf 83' lang='lat' dir='ltr'><strong>libris</strong></span> 
     </span>
    </p>
   </div>
   <div class='ocr_carea' id='block_1_92' title="bbox 1878 3726 3449 3805">
    <p class='ocr_par' dir='ltr' id='par_1_92' title="bbox 1878 3726 3449 3805">
     <span class='ocr_line' id='line_1_92' title="bbox 1878 3726 3449 3805; baseline 0.007 -23"><span class='ocrx_word' id='word_1_679' title='bbox 1878 3728 2249 3799; x_wconf 33' lang='lat' dir='ltr'><strong>quibus~opus</strong></span> <span class='ocrx_word' id='word_1_680' title='bbox 2273 3728 2486 3794; x_wconf 87' lang='lat' dir='ltr'><strong>habuit,</strong></span> <span class='ocrx_word' id='word_1_681' title='bbox 2520 3726 2983 3789; x_wconf 80' lang='lat' dir='ltr'><strong>commodaverit.</strong></span> <span class='ocrx_word' id='word_1_682' title='bbox 3017 3735 3199 3805; x_wconf 82' lang='lat' dir='ltr'><strong>Atque</strong></span> <span class='ocrx_word' id='word_1_683' title='bbox 3233 3737 3289 3792; x_wconf 90' lang='lat' dir='ltr'><strong>id</strong></span> <span class='ocrx_word' id='word_1_684' title='bbox 3319 3753 3449 3793; x_wconf 88' lang='lat' dir='ltr'><strong>eum</strong></span> 
     </span>
    </p>
   </div>
   <div class='ocr_carea' id='block_1_93' title="bbox 1881 3820 3450 3896">
    <p class='ocr_par' dir='ltr' id='par_1_93' title="bbox 1881 3820 3450 3896">
     <span class='ocr_line' id='line_1_93' title="bbox 1881 3820 3450 3896; baseline 0.005 -23"><span class='ocrx_word' id='word_1_685' title='bbox 1881 3820 2045 3888; x_wconf 79' lang='lat' dir='ltr'><strong>longo</strong></span> <span class='ocrx_word' id='word_1_686' title='bbox 2080 3831 2327 3890; x_wconf 87' lang='lat' dir='ltr'><strong>tempore</strong></span> <span class='ocrx_word' id='word_1_687' title='bbox 2374 3820 2618 3888; x_wconf 86' lang='lat' dir='ltr'><strong>fecisset,</strong></span> <span class='ocrx_word' id='word_1_688' title='bbox 2657 3838 2819 3878; x_wconf 79' lang='lat' dir='ltr'><strong>nelno</strong></span> <span class='ocrx_word' id='word_1_689' title='bbox 2868 3835 3049 3881; x_wconf 83' lang='lat' dir='ltr'><strong>tamen</strong></span> <span class='ocrx_word' id='word_1_690' title='bbox 3084 3828 3177 3896; x_wconf 90' lang='lat' dir='ltr'><strong>qui</strong></span> <span class='ocrx_word' id='word_1_691' title='bbox 3210 3828 3450 3883; x_wconf 77' lang='lat' dir='ltr'><strong>Alexan-</strong></span> 
     </span>
    </p>
   </div>
   <div class='ocr_carea' id='block_1_94' title="bbox 1883 3910 3448 3990">
    <p class='ocr_par' dir='ltr' id='par_1_94' title="bbox 1883 3910 3448 3990">
     <span class='ocr_line' id='line_1_94' title="bbox 1883 3910 3448 3990; baseline 0.006 -26"><span class='ocrx_word' id='word_1_692' title='bbox 1883 3910 2099 3964; x_wconf 86' lang='lat' dir='ltr'><strong>drinam</strong></span> <span class='ocrx_word' id='word_1_693' title='bbox 2132 3910 2362 3966; x_wconf 84' lang='lat' dir='ltr'><strong>incoluit</strong></span> <span class='ocrx_word' id='word_1_694' title='bbox 2393 3912 2625 3978; x_wconf 86' lang='lat' dir='ltr'><strong>urbem,</strong></span> <span class='ocrx_word' id='word_1_695' title='bbox 2657 3914 2939 3982; x_wconf 77' lang='lat' dir='ltr'><strong>cognovit.</strong></span> <span class='ocrx_word' id='word_1_696' title='bbox 2980 3916 3328 3973; x_wconf 82' lang='lat' dir='ltr'><strong>Athanasius</strong></span> <span class='ocrx_word' id='word_1_697' title='bbox 3348 3920 3448 3990; x_wconf 83' lang='lat' dir='ltr'><strong>qui</strong></span> 
     </span>
    </p>
   </div>
   <div class='ocr_carea' id='block_1_95' title="bbox 1882 4002 3432 4072">
    <p class='ocr_par' dir='ltr' id='par_1_95' title="bbox 1882 4002 3432 4072">
     <span class='ocr_line' id='line_1_95' title="bbox 1882 4002 3432 4072; baseline 0.007 -16"><span class='ocrx_word' id='word_1_698' title='bbox 1882 4002 1955 4056; x_wconf 87' lang='lat' dir='ltr'><strong>ita</strong></span> <span class='ocrx_word' id='word_1_699' title='bbox 1999 4002 2186 4057; x_wconf 85' lang='lat' dir='ltr'><strong>subito</strong></span> <span class='ocrx_word' id='word_1_700' title='bbox 2228 4003 2511 4072; x_wconf 82' lang='lat' dir='ltr'><strong>apparuit,</strong></span> <span class='ocrx_word' id='word_1_701' title='bbox 2546 4005 2617 4058; x_wconf 90' lang='lat' dir='ltr'><strong>ab</strong></span> <span class='ocrx_word' id='word_1_702' title='bbox 2655 4006 2912 4063; x_wconf 85' lang='lat' dir='ltr'><strong>universa</strong></span> <span class='ocrx_word' id='word_1_703' title='bbox 2947 4010 3306 4069; x_wconf 88' lang='lat' dir='ltr'><strong>multitudine</strong></span> <span class='ocrx_word' id='word_1_704' title='bbox 3340 4029 3432 4067; x_wconf 82' lang='lat' dir='ltr'><strong>re-</strong></span> 
     </span>
    </p>
   </div>
   <div class='ocr_carea' id='block_1_96' title="bbox 1881 4090 3449 4165">
    <p class='ocr_par' dir='ltr' id='par_1_96' title="bbox 1881 4090 3449 4165">
     <span class='ocr_line' id='line_1_96' title="bbox 1881 4090 3449 4165; baseline 0.006 -16"><span class='ocrx_word' id='word_1_705' title='bbox 1881 4090 2118 4164; x_wconf 84' lang='lat' dir='ltr'><strong>ceptus,</strong></span> <span class='ocrx_word' id='word_1_706' title='bbox 2158 4094 2213 4149; x_wconf 88' lang='lat' dir='ltr'><strong>in</strong></span> <span class='ocrx_word' id='word_1_707' title='bbox 2265 4096 2534 4153; x_wconf 86' lang='lat' dir='ltr'><strong>ecclesias</strong></span> <span class='ocrx_word' id='word_1_708' title='bbox 2579 4107 2666 4153; x_wconf 90' lang='lat' dir='ltr'><strong>est</strong></span> <span class='ocrx_word' id='word_1_709' title='bbox 2710 4100 3000 4157; x_wconf 87' lang='lat' dir='ltr'><strong>deductus.</strong></span> <span class='ocrx_word' id='word_1_710' title='bbox 3039 4102 3227 4165; x_wconf 75' lang='lat' dir='ltr'><strong>Ariani</strong></span> <span class='ocrx_word' id='word_1_711' title='bbox 3261 4111 3449 4159; x_wconf 85' lang='lat' dir='ltr'><strong>autem</strong></span> 
     </span>
    </p>
   </div>
   <div class='ocr_carea' id='block_1_97' title="bbox 1880 4185 3450 4259">
    <p class='ocr_par' dir='ltr' id='par_1_97' title="bbox 1880 4185 3450 4259">
     <span class='ocr_line' id='line_1_97' title="bbox 1880 4185 3450 4259; baseline 0.002 -18"><span class='ocrx_word' id='word_1_712' title='bbox 1880 4185 2081 4255; x_wconf 79' lang='lat' dir='ltr'><strong>eiecti,</strong></span> <span class='ocrx_word' id='word_1_713' title='bbox 2115 4188 2347 4243; x_wconf 87' lang='lat' dir='ltr'><strong>seorsim</strong></span> <span class='ocrx_word' id='word_1_714' title='bbox 2388 4196 2698 4243; x_wconf 81' lang='lat' dir='ltr'><strong>conventus</strong></span> <span class='ocrx_word' id='word_1_715' title='bbox 2730 4204 2928 4258; x_wconf 69' lang='lat' dir='ltr'><strong>egere.</strong></span> <span class='ocrx_word' id='word_1_716' title='bbox 2975 4188 3149 4244; x_wconf 83' lang='lat' dir='ltr'><strong>Lucio</strong></span> <span class='ocrx_word' id='word_1_717' title='bbox 3187 4190 3450 4259; x_wconf 84' lang='lat' dir='ltr'><strong>quodam,</strong></span> 
     </span>
    </p>
   </div>
   <div class='ocr_carea' id='block_1_98' title="bbox 1880 4276 3448 4351">
    <p class='ocr_par' dir='ltr' id='par_1_98' title="bbox 1880 4276 3448 4351">
     <span class='ocr_line' id='line_1_98' title="bbox 1880 4276 3448 4351; baseline 0.006 -21"><span class='ocrx_word' id='word_1_718' title='bbox 1880 4278 1975 4344; x_wconf 76' lang='lat' dir='ltr'><strong>qui</strong></span> <span class='ocrx_word' id='word_1_719' title='bbox 2006 4276 2089 4331; x_wconf 86' lang='lat' dir='ltr'><strong>eis</strong></span> <span class='ocrx_word' id='word_1_720' title='bbox 2111 4278 2411 4346; x_wconf 82' lang='lat' dir='ltr'><strong>episcopus</strong></span> <span class='ocrx_word' id='word_1_721' title='bbox 2440 4288 2721 4347; x_wconf 60' lang='lat' dir='ltr'><strong>pratesset,</strong></span> <span class='ocrx_word' id='word_1_722' title='bbox 2747 4280 2910 4337; x_wconf 88' lang='lat' dir='ltr'><strong>lecto.</strong></span> <span class='ocrx_word' id='word_1_723' title='bbox 2941 4280 3210 4351; x_wconf 69' lang='lat' dir='ltr'><strong>Georgius</strong></span> <span class='ocrx_word' id='word_1_724' title='bbox 3239 4285 3386 4341; x_wconf 78' lang='lat' dir='ltr'><strong>enim</strong></span> <span class='ocrx_word' id='word_1_725' title='bbox 3416 4297 3448 4339; x_wconf 88' lang='lat' dir='ltr'><strong>a</strong></span> 
     </span>
    </p>
   </div>
   <div class='ocr_carea' id='block_1_99' title="bbox 1883 4366 3451 4441">
    <p class='ocr_par' dir='ltr' id='par_1_99' title="bbox 1883 4366 3451 4441">
     <span class='ocr_line' id='line_1_99' title="bbox 1883 4366 3451 4441; baseline 0.006 -20"><span class='ocrx_word' id='word_1_726' title='bbox 1883 4366 2046 4437; x_wconf 80' lang='lat' dir='ltr'><strong>plebe</strong></span> <span class='ocrx_word' id='word_1_727' title='bbox 2083 4367 2410 4424; x_wconf 79' lang='lat' dir='ltr'><strong>interfectus</strong></span> <span class='ocrx_word' id='word_1_728' title='bbox 2438 4370 2638 4426; x_wconf 89' lang='lat' dir='ltr'><strong>fuerat.</strong></span> <span class='ocrx_word' id='word_1_729' title='bbox 2674 4370 2975 4441; x_wconf 83' lang='lat' dir='ltr'><strong>Postquam</strong></span> <span class='ocrx_word' id='word_1_730' title='bbox 3002 4375 3149 4432; x_wconf 79' lang='lat' dir='ltr'><strong>enim</strong></span> <span class='ocrx_word' id='word_1_731' title='bbox 3180 4373 3451 4431; x_wconf 71' lang='lat' dir='ltr'><strong>Constan~</strong></span> 
     </span>
    </p>
   </div>
   <div class='ocr_carea' id='block_1_100' title="bbox 1883 4461 3451 4534">
    <p class='ocr_par' dir='ltr' id='par_1_100' title="bbox 1883 4461 3451 4534">
     <span class='ocr_line' id='line_1_100' title="bbox 1883 4461 3451 4534; baseline 0.005 -20"><span class='ocrx_word' id='word_1_732' title='bbox 1883 4466 2024 4515; x_wconf 83' lang='lat' dir='ltr'><strong>tium</strong></span> <span class='ocrx_word' id='word_1_733' title='bbox 2055 4461 2366 4517; x_wconf 85' lang='lat' dir='ltr'><strong>decessisse</strong></span> <span class='ocrx_word' id='word_1_734' title='bbox 2385 4500 2402 4528; x_wconf 95' lang='lat'><strong>,</strong></span> <span class='ocrx_word' id='word_1_735' title='bbox 2427 4472 2485 4517; x_wconf 89' lang='lat' dir='ltr'><strong>et</strong></span> <span class='ocrx_word' id='word_1_736' title='bbox 2511 4462 2791 4519; x_wconf 84' lang='lat' dir='ltr'><strong>Julianum</strong></span> <span class='ocrx_word' id='word_1_737' title='bbox 2821 4465 2888 4521; x_wconf 87' lang='lat' dir='ltr'><strong>ad</strong></span> <span class='ocrx_word' id='word_1_738' title='bbox 2920 4466 3144 4534; x_wconf 89' lang='lat' dir='ltr'><strong>imperii</strong></span> <span class='ocrx_word' id='word_1_739' title='bbox 3179 4481 3451 4522; x_wconf 89' lang='lat' dir='ltr'><strong>summam</strong></span> 
     </span>
    </p>
   </div>
   <div class='ocr_carea' id='block_1_101' title="bbox 1882 4552 3452 4625">
    <p class='ocr_par' dir='ltr' id='par_1_101' title="bbox 1882 4552 3452 4625">
     <span class='ocr_line' id='line_1_101' title="bbox 1882 4552 3452 4625; baseline 0.003 -19"><span class='ocrx_word' id='word_1_740' title='bbox 1882 4552 2201 4620; x_wconf 87' lang='lat' dir='ltr'><strong>pervenisse</strong></span> <span class='ocrx_word' id='word_1_741' title='bbox 2227 4553 2507 4622; x_wconf 78' lang='lat' dir='ltr'><strong>cognitum</strong></span> <span class='ocrx_word' id='word_1_742' title='bbox 2531 4564 2639 4619; x_wconf 90' lang='lat' dir='ltr'><strong>est,</strong></span> <span class='ocrx_word' id='word_1_743' title='bbox 2669 4554 2854 4610; x_wconf 84' lang='lat' dir='ltr'><strong>statim</strong></span> <span class='ocrx_word' id='word_1_744' title='bbox 2884 4554 3091 4625; x_wconf 87' lang='lat' dir='ltr'><strong>impetu</strong></span> <span class='ocrx_word' id='word_1_745' title='bbox 3117 4558 3265 4610; x_wconf 86' lang='lat' dir='ltr'><strong>omni</strong></span> <span class='ocrx_word' id='word_1_746' title='bbox 3292 4557 3452 4625; x_wconf 84' lang='lat' dir='ltr'><strong>quid-</strong></span> 
     </span>
    </p>
   </div>
   <div class='ocr_carea' id='block_1_102' title="bbox 1883 4643 3452 4717">
    <p class='ocr_par' dir='ltr' id='par_1_102' title="bbox 1883 4643 3452 4717">
     <span class='ocr_line' id='line_1_102' title="bbox 1883 4643 3452 4717; baseline 0 -20"><span class='ocrx_word' id='word_1_747' title='bbox 1883 4643 2017 4714; x_wconf 82' lang='lat' dir='ltr'><strong>quid</strong></span> <span class='ocrx_word' id='word_1_748' title='bbox 2045 4653 2166 4700; x_wconf 89' lang='lat' dir='ltr'><strong>erat</strong></span> <span class='ocrx_word' id='word_1_749' title='bbox 2212 4645 2557 4701; x_wconf 69' lang='lat' dir='ltr'><strong>Alexandriae</strong></span> <span class='ocrx_word' id='word_1_750' title='bbox 2582 4646 2785 4703; x_wconf 61' lang='lat' dir='ltr'><strong>Graecia</strong></span> <span class='ocrx_word' id='word_1_751' title='bbox 2819 4648 3233 4717; x_wconf 84' lang='lat' dir='ltr'><strong>superstitionis</strong></span> <span class='ocrx_word' id='word_1_752' title='bbox 3275 4657 3452 4702; x_wconf 53' lang='lat' dir='ltr'><strong>secta-2</strong></span> 
     </span>
    </p>
   </div>
   <div class='ocr_carea' id='block_1_103' title="bbox 1886 4732 3573 4807">
    <p class='ocr_par' dir='ltr' id='par_1_103' title="bbox 1886 4732 3573 4807">
     <span class='ocr_line' id='line_1_103' title="bbox 1886 4732 3573 4807; baseline 0.001 -17"><span class='ocrx_word' id='word_1_753' title='bbox 1886 4745 2090 4800; x_wconf 79' lang='lat' dir='ltr'><strong>torum,</strong></span> <span class='ocrx_word' id='word_1_754' title='bbox 2122 4736 2190 4791; x_wconf 90' lang='lat' dir='ltr'><strong>ad</strong></span> <span class='ocrx_word' id='word_1_755' title='bbox 2219 4735 2548 4791; x_wconf 88' lang='lat' dir='ltr'><strong>seditionem</strong></span> <span class='ocrx_word' id='word_1_756' title='bbox 2580 4752 2886 4807; x_wconf 86' lang='lat' dir='ltr'><strong>prorupere</strong></span> <span class='ocrx_word' id='word_1_757' title='bbox 2916 4753 2931 4790; x_wconf 87' lang='lat'><strong>:</strong></span> <span class='ocrx_word' id='word_1_758' title='bbox 2966 4744 3023 4791; x_wconf 92' lang='lat' dir='ltr'><strong>et</strong></span> <span class='ocrx_word' id='word_1_759' title='bbox 3058 4738 3304 4792; x_wconf 90' lang='lat' dir='ltr'><strong>clamore</strong></span> <span class='ocrx_word' id='word_1_760' title='bbox 3334 4732 3449 4791; x_wconf 87' lang='lat' dir='ltr'><strong>uno</strong></span> <span class='ocrx_word' id='word_1_761' title='bbox 3556 4742 3573 4753; x_wconf 89' lang='lat'>&#39;</span> 
     </span>
    </p>
   </div>
   <div class='ocr_carea' id='block_1_104' title="bbox 1886 4825 3451 4895">
    <p class='ocr_par' dir='ltr' id='par_1_104' title="bbox 1886 4825 3451 4895">
     <span class='ocr_line' id='line_1_104' title="bbox 1886 4825 3451 4895; baseline -0.001 -14"><span class='ocrx_word' id='word_1_762' title='bbox 1886 4828 2265 4882; x_wconf 88' lang='lat' dir='ltr'><strong>incursionem</strong></span> <span class='ocrx_word' id='word_1_763' title='bbox 2300 4827 2354 4881; x_wconf 90' lang='lat' dir='ltr'><strong>in</strong></span> <span class='ocrx_word' id='word_1_764' title='bbox 2386 4825 2708 4895; x_wconf 60' lang='lat' dir='ltr'><strong>Georgium,</strong></span> <span class='ocrx_word' id='word_1_765' title='bbox 2741 4837 3000 4895; x_wconf 85' lang='lat' dir='ltr'><strong>tanquam</strong></span> <span class='ocrx_word' id='word_1_766' title='bbox 3031 4842 3158 4881; x_wconf 90' lang='lat' dir='ltr'><strong>eum</strong></span> <span class='ocrx_word' id='word_1_767' title='bbox 3188 4826 3451 4881; x_wconf 80' lang='lat' dir='ltr'><strong>interem-</strong></span> 
     </span>
    </p>
   </div>
   <div class='ocr_carea' id='block_1_105' title="bbox 1883 4918 3451 4988">
    <p class='ocr_par' dir='ltr' id='par_1_105' title="bbox 1883 4918 3451 4988">
     <span class='ocr_line' id='line_1_105' title="bbox 1883 4918 3451 4988; baseline 0.001 -17"><span class='ocrx_word' id='word_1_768' title='bbox 1883 4918 2068 4988; x_wconf 89' lang='lat' dir='ltr'><strong>pturi,</strong></span> <span class='ocrx_word' id='word_1_769' title='bbox 2118 4920 2319 4973; x_wconf 82' lang='lat' dir='ltr'><strong>fecere.</strong></span> <span class='ocrx_word' id='word_1_770' title='bbox 2363 4918 2428 4972; x_wconf 90' lang='lat' dir='ltr'><strong>Et</strong></span> <span class='ocrx_word' id='word_1_771' title='bbox 2464 4926 2579 4974; x_wconf 88' lang='lat' dir='ltr'><strong>tum</strong></span> <span class='ocrx_word' id='word_1_772' title='bbox 2626 4919 2849 4988; x_wconf 86' lang='lat' dir='ltr'><strong>quidem</strong></span> <span class='ocrx_word' id='word_1_773' title='bbox 2894 4935 2923 4973; x_wconf 90' lang='lat' dir='ltr'><strong>a</strong></span> <span class='ocrx_word' id='word_1_774' title='bbox 2972 4919 3121 4974; x_wconf 69' lang='lat' dir='ltr'><strong>caede</strong></span> <span class='ocrx_word' id='word_1_775' title='bbox 3169 4919 3451 4974; x_wconf 83' lang='lat' dir='ltr'><strong>abstinue-</strong></span> 
     </span>
    </p>
   </div>
   <div class='ocr_carea' id='block_1_106' title="bbox 1884 5010 3447 5080">
    <p class='ocr_par' dir='ltr' id='par_1_106' title="bbox 1884 5010 3447 5080">
     <span class='ocr_line' id='line_1_106' title="bbox 1884 5010 3447 5080; baseline 0.001 -17"><span class='ocrx_word' id='word_1_776' title='bbox 1884 5021 2035 5076; x_wconf 90' lang='lat' dir='ltr'><strong>runt,</strong></span> <span class='ocrx_word' id='word_1_777' title='bbox 2069 5018 2233 5080; x_wconf 88' lang='lat' dir='ltr'><strong>atque</strong></span> <span class='ocrx_word' id='word_1_778' title='bbox 2264 5010 2475 5069; x_wconf 86' lang='lat' dir='ltr'><strong>carceri</strong></span> <span class='ocrx_word' id='word_1_779' title='bbox 2514 5025 2640 5064; x_wconf 86' lang='lat' dir='ltr'><strong>eum</strong></span> <span class='ocrx_word' id='word_1_780' title='bbox 2673 5011 3058 5066; x_wconf 84' lang='lat' dir='ltr'><strong>incluserunt:</strong></span> <span class='ocrx_word' id='word_1_781' title='bbox 3099 5027 3289 5066; x_wconf 77' lang='lat' dir='ltr'><strong>verum</strong></span> <span class='ocrx_word' id='word_1_782' title='bbox 3338 5026 3447 5065; x_wconf 90' lang='lat' dir='ltr'><strong>non</strong></span> 
     </span>
    </p>
   </div>
   <div class='ocr_carea' id='block_1_107' title="bbox 1881 5104 3448 5175">
    <p class='ocr_par' dir='ltr' id='par_1_107' title="bbox 1881 5104 3448 5175">
     <span class='ocr_line' id='line_1_107' title="bbox 1881 5104 3448 5175; baseline 0.001 -16"><span class='ocrx_word' id='word_1_783' title='bbox 1881 5105 2053 5161; x_wconf 76' lang='lat' dir='ltr'><strong>multo</strong></span> <span class='ocrx_word' id='word_1_784' title='bbox 2082 5113 2207 5175; x_wconf 88' lang='lat' dir='ltr'><strong>post</strong></span> <span class='ocrx_word' id='word_1_785' title='bbox 2237 5104 2365 5161; x_wconf 89' lang='lat' dir='ltr'><strong>inde</strong></span> <span class='ocrx_word' id='word_1_786' title='bbox 2402 5114 2707 5161; x_wconf 76' lang='lat' dir='ltr'><strong>extractum</strong></span> <span class='ocrx_word' id='word_1_787' title='bbox 2748 5107 2893 5162; x_wconf 78' lang='lat' dir='ltr'><strong>ferre</strong></span> <span class='ocrx_word' id='word_1_788' title='bbox 2918 5116 3213 5162; x_wconf 83' lang='lat' dir='ltr'><strong>necarunt.</strong></span> <span class='ocrx_word' id='word_1_789' title='bbox 3243 5106 3448 5161; x_wconf 86' lang='lat' dir='ltr'><strong>Deinde</strong></span> 
     </span>
    </p>
   </div>
   <div class='ocr_carea' id='block_1_108' title="bbox 1884 5198 3449 5270">
    <p class='ocr_par' dir='ltr' id='par_1_108' title="bbox 1884 5198 3449 5270">
     <span class='ocr_line' id='line_1_108' title="bbox 1884 5198 3449 5270; baseline -0.001 -17"><span class='ocrx_word' id='word_1_790' title='bbox 1884 5198 2100 5253; x_wconf 88' lang='lat' dir='ltr'><strong>camelo</strong></span> <span class='ocrx_word' id='word_1_791' title='bbox 2149 5198 2305 5268; x_wconf 86' lang='lat' dir='ltr'><strong>quasi</strong></span> <span class='ocrx_word' id='word_1_792' title='bbox 2352 5214 2556 5253; x_wconf 90' lang='lat' dir='ltr'><strong>novum</strong></span> <span class='ocrx_word' id='word_1_793' title='bbox 2601 5201 2876 5270; x_wconf 80' lang='lat' dir='ltr'><strong>quoddam</strong></span> <span class='ocrx_word' id='word_1_794' title='bbox 2917 5201 3241 5255; x_wconf 80' lang='lat' dir='ltr'><strong>clitcllarnm</strong></span> <span class='ocrx_word' id='word_1_795' title='bbox 3278 5214 3449 5268; x_wconf 74' lang='lat' dir='ltr'><strong>genus</strong></span> 
     </span>
    </p>
   </div>
   <div class='ocr_carea' id='block_1_109' title="bbox 220 5290 3444 5366">
    <p class='ocr_par' dir='ltr' id='par_1_109' title="bbox 220 5290 3444 5366">
     <span class='ocr_line' id='line_1_109' title="bbox 220 5290 3444 5366; baseline 0.001 -23"><span class='ocrx_word' id='word_1_796' title='bbox 220 5290 563 5360; x_wconf 81' lang='lat' dir='ltr'><strong>impositum.</strong></span> <span class='ocrx_word' id='word_1_797' title='bbox 602 5308 699 5360; x_wconf 91' lang='lat' dir='ltr'><strong>per</strong></span> <span class='ocrx_word' id='word_1_798' title='bbox 738 5292 983 5346; x_wconf 86' lang='lat' dir='ltr'><strong>medium</strong></span> <span class='ocrx_word' id='word_1_799' title='bbox 1041 5291 1259 5357; x_wconf 87' lang='lat' dir='ltr'><strong>forum,</strong></span> <span class='ocrx_word' id='word_1_800' title='bbox 1328 5290 1586 5347; x_wconf 76' lang='lat' dir='ltr'><strong>cadaveri</strong></span> <span class='ocrx_word' id='word_1_801' title='bbox 1659 5310 1756 5363; x_wconf 86' lang='lat' dir='ltr'><strong>per</strong></span> <span class='ocrx_word' id='word_1_802' title='bbox 1824 5293 2070 5349; x_wconf 88' lang='lat' dir='ltr'><strong>furorem</strong></span> <span class='ocrx_word' id='word_1_803' title='bbox 2124 5306 2179 5350; x_wconf 88' lang='lat' dir='ltr'><strong>et</strong></span> <span class='ocrx_word' id='word_1_804' title='bbox 2237 5298 2627 5351; x_wconf 82' lang='lat' dir='ltr'><strong>contumeliam</strong></span> <span class='ocrx_word' id='word_1_805' title='bbox 2685 5296 3035 5366; x_wconf 88' lang='lat' dir='ltr'><strong>impudenter</strong></span> <span class='ocrx_word' id='word_1_806' title='bbox 3096 5298 3444 5351; x_wconf 73' lang='lat' dir='ltr'><strong>insultantes.</strong></span> 
     </span>
    </p>
   </div>
   <div class='ocr_carea' id='block_1_110' title="bbox 223 5379 3447 5463">
    <p class='ocr_par' dir='ltr' id='par_1_110' title="bbox 223 5379 3447 5463">
     <span class='ocr_line' id='line_1_110' title="bbox 223 5379 3447 5463; baseline 0.002 -31"><span class='ocrx_word' id='word_1_807' title='bbox 223 5379 485 5436; x_wconf 83' lang='lat' dir='ltr'><strong>duxerunt</strong></span> <span class='ocrx_word' id='word_1_808' title='bbox 517 5403 532 5438; x_wconf 75' lang='grc' dir='ltr'>ε</span> <span class='ocrx_word' id='word_1_809' title='bbox 565 5386 709 5440; x_wconf 86' lang='lat' dir='ltr'><strong>circa</strong></span> <span class='ocrx_word' id='word_1_810' title='bbox 742 5385 1131 5454; x_wconf 82' lang='lat' dir='ltr'><strong>crepusculum</strong></span> <span class='ocrx_word' id='word_1_811' title='bbox 1173 5394 1360 5439; x_wconf 86' lang='lat' dir='ltr'><strong>autem</strong></span> <span class='ocrx_word' id='word_1_812' title='bbox 1438 5387 1607 5441; x_wconf 83' lang='lat' dir='ltr'><strong>veluti</strong></span> <span class='ocrx_word' id='word_1_813' title='bbox 1654 5382 1738 5443; x_wconf 59' lang='lat' dir='ltr'><strong>°ca</strong></span> <span class='ocrx_word' id='word_1_814' title='bbox 1803 5390 2010 5460; x_wconf 83' lang='lat' dir='ltr'><strong>injuria</strong></span> <span class='ocrx_word' id='word_1_815' title='bbox 2060 5392 2284 5459; x_wconf 83' lang='lat' dir='ltr'><strong>saliati,</strong></span> <span class='ocrx_word' id='word_1_816' title='bbox 2328 5392 2597 5463; x_wconf 88' lang='lat' dir='ltr'><strong>quidquid</strong></span> <span class='ocrx_word' id='word_1_817' title='bbox 2637 5408 2666 5447; x_wconf 89' lang='lat' dir='ltr'><strong>a</strong></span> <span class='ocrx_word' id='word_1_818' title='bbox 2725 5392 3031 5462; x_wconf 88' lang='lat' dir='ltr'><strong>raptatione</strong></span> <span class='ocrx_word' id='word_1_819' title='bbox 3072 5406 3136 5444; x_wconf 88' lang='lat' dir='ltr'><strong>ea</strong></span> <span class='ocrx_word' id='word_1_820' title='bbox 3177 5388 3447 5457; x_wconf 86' lang='lat' dir='ltr'><strong>superfuit</strong></span> 
     </span>
    </p>
   </div>
   <div class='ocr_carea' id='block_1_111' title="bbox 223 5475 1105 5545">
    <p class='ocr_par' dir='ltr' id='par_1_111' title="bbox 223 5475 1105 5545">
     <span class='ocr_line' id='line_1_111' title="bbox 223 5475 1105 5545; baseline 0.005 -18"><span class='ocrx_word' id='word_1_821' title='bbox 223 5476 481 5544; x_wconf 83' lang='lat' dir='ltr'><strong>corporis.</strong></span> <span class='ocrx_word' id='word_1_822' title='bbox 507 5475 629 5545; x_wconf 76' lang='lat' dir='ltr'><strong>igne</strong></span> <span class='ocrx_word' id='word_1_823' title='bbox 660 5478 1105 5535; x_wconf 85' lang='lat' dir='ltr'><strong>combusserunt.</strong></span> 
     </span>
    </p>
   </div>
   <div class='ocr_carea' id='block_1_112' title="bbox 280 5573 1770 5647">
    <p class='ocr_par' dir='ltr' id='par_1_112' title="bbox 280 5573 1770 5647">
     <span class='ocr_line' id='line_1_112' title="bbox 280 5573 1770 5647; baseline 0 -23"><span class='ocrx_word' id='word_1_824' title='bbox 280 5573 400 5636; x_wconf 73' lang='lat' dir='ltr'><strong>Tot;</strong></span> <span class='ocrx_word' id='word_1_825' title='bbox 431 5573 536 5644; x_wconf 79' lang='grc' dir='ltr'><strong>μὲν</strong></span> <span class='ocrx_word' id='word_1_826' title='bbox 577 5574 668 5629; x_wconf 80' lang='grc' dir='ltr'><strong>οὖν</strong></span> <span class='ocrx_word' id='word_1_827' title='bbox 703 5577 762 5641; x_wconf 72' lang='grc' dir='ltr'><strong>ἐξ</strong></span> <span class='ocrx_word' id='word_1_828' title='bbox 802 5576 1015 5646; x_wconf 76' lang='grc' dir='ltr'><strong>Ἀρείου</strong></span> <span class='ocrx_word' id='word_1_829' title='bbox 1060 5575 1194 5647; x_wconf 69' lang='grc' dir='ltr'><strong>πρὸς</strong></span> <span class='ocrx_word' id='word_1_830' title='bbox 1256 5574 1366 5629; x_wconf 85' lang='grc' dir='ltr'><strong>τῶν</strong></span> <span class='ocrx_word' id='word_1_831' title='bbox 1418 5574 1770 5628; x_wconf 66' lang='grc' dir='ltr'><strong>σπουδαστῶν</strong></span> 
     </span>
    </p>
   </div>
   <div class='ocr_carea' id='block_1_113' title="bbox 235 5661 1767 5738">
    <p class='ocr_par' dir='ltr' id='par_1_113' title="bbox 235 5661 1767 5738">
     <span class='ocr_line' id='line_1_113' title="bbox 235 5661 1767 5738; baseline 0.002 -24"><span class='ocrx_word' id='word_1_832' title='bbox 235 5661 542 5719; x_wconf 81' lang='grc' dir='ltr'><strong>Ἀθανασίου</strong></span> <span class='ocrx_word' id='word_1_833' title='bbox 563 5667 708 5722; x_wconf 73' lang='grc' dir='ltr'><strong>δοκεῖ</strong></span> <span class='ocrx_word' id='word_1_834' title='bbox 738 5669 805 5722; x_wconf 74' lang='grc' dir='ltr'><strong>τὰ</strong></span> <span class='ocrx_word' id='word_1_835' title='bbox 831 5669 1063 5721; x_wconf 77' lang='grc' dir='ltr'><strong>τοιαῦτα</strong></span> <span class='ocrx_word' id='word_1_836' title='bbox 1087 5668 1165 5737; x_wconf 78' lang='grc' dir='ltr'><strong>τῷ</strong></span> <span class='ocrx_word' id='word_1_837' title='bbox 1207 5668 1468 5738; x_wconf 76' lang='grc' dir='ltr'><strong>Γεωργίῳ</strong></span> <span class='ocrx_word' id='word_1_838' title='bbox 1519 5668 1767 5736; x_wconf 68' lang='grc' dir='ltr'><strong>ἐπιγενέο</strong></span> 
     </span>
    </p>
   </div>
   <div class='ocr_carea' id='block_1_114' title="bbox 1955 5556 3449 5642">
    <p class='ocr_par' dir='ltr' id='par_1_114' title="bbox 1955 5556 3449 5642">
     <span class='ocr_line' id='line_1_114' title="bbox 1955 5556 3449 5642; baseline -0.01 -15"><span class='ocrx_word' id='word_1_839' title='bbox 1955 5573 2062 5642; x_wconf 78' lang='lat'><strong>19</strong></span> <span class='ocrx_word' id='word_1_840' title='bbox 2091 5556 2307 5627; x_wconf 77' lang='lat' dir='ltr'><strong>Arianis</strong></span> <span class='ocrx_word' id='word_1_841' title='bbox 2339 5572 2562 5642; x_wconf 87' lang='lat' dir='ltr'><strong>quidem</strong></span> <span class='ocrx_word' id='word_1_842' title='bbox 2604 5573 2708 5626; x_wconf 90' lang='lat' dir='ltr'><strong>hoc</strong></span> <span class='ocrx_word' id='word_1_843' title='bbox 2755 5571 2836 5626; x_wconf 89' lang='lat' dir='ltr'><strong>sic</strong></span> <span class='ocrx_word' id='word_1_844' title='bbox 2883 5567 3118 5637; x_wconf 82' lang='lat' dir='ltr'><strong>Georgio</strong></span> <span class='ocrx_word' id='word_1_845' title='bbox 3161 5563 3230 5617; x_wconf 86' lang='lat' dir='ltr'><strong>ab</strong></span> <span class='ocrx_word' id='word_1_846' title='bbox 3275 5562 3449 5615; x_wconf 61' lang='lat' dir='ltr'><strong>Athaq</strong></span> 
     </span>
    </p>
   </div>
   <div class='ocr_carea' id='block_1_115' title="bbox 1879 5656 3447 5719">
    <p class='ocr_par' dir='ltr' id='par_1_115' title="bbox 1879 5656 3447 5719">
     <span class='ocr_line' id='line_1_115' title="bbox 1879 5656 3447 5719; baseline -0.005 -3"><span class='ocrx_word' id='word_1_847' title='bbox 1879 5666 2017 5717; x_wconf 73' lang='lat' dir='ltr'><strong>llllall</strong></span> <span class='ocrx_word' id='word_1_848' title='bbox 2051 5664 2317 5719; x_wconf 85' lang='lat' dir='ltr'><strong>studiosis</strong></span> <span class='ocrx_word' id='word_1_849' title='bbox 2347 5663 2617 5717; x_wconf 65' lang='lat' dir='ltr'><strong>accidisse</strong></span> <span class='ocrx_word' id='word_1_850' title='bbox 2669 5663 2890 5716; x_wconf 85' lang='lat' dir='ltr'><strong>videtur</strong></span> <span class='ocrx_word' id='word_1_851' title='bbox 2933 5676 2947 5714; x_wconf 91' lang='lat'>:</span> <span class='ocrx_word' id='word_1_852' title='bbox 2994 5660 3086 5713; x_wconf 81' lang='lat' dir='ltr'><strong>sed</strong></span> <span class='ocrx_word' id='word_1_853' title='bbox 3143 5672 3231 5711; x_wconf 85' lang='lat' dir='ltr'><strong>res</strong></span> <span class='ocrx_word' id='word_1_854' title='bbox 3283 5656 3447 5710; x_wconf 86' lang='lat' dir='ltr'><strong>aliter</strong></span> 
     </span>
    </p>
   </div>
   <div class='ocr_carea' id='block_1_116' title="bbox 226 5746 1781 5831">
    <p class='ocr_par' dir='ltr' id='par_1_116' title="bbox 226 5752 1769 5831">
     <span class='ocr_line' id='line_1_116' title="bbox 226 5752 1769 5831; baseline 0.002 -25"><span class='ocrx_word' id='word_1_855' title='bbox 226 5752 353 5811; x_wconf 78' lang='grc' dir='ltr'><strong>σθαι.</strong></span> <span class='ocrx_word' id='word_1_856' title='bbox 394 5758 538 5812; x_wconf 73' lang='grc' dir='ltr'><strong>Ἀλλ’</strong></span> <span class='ocrx_word' id='word_1_857' title='bbox 571 5763 665 5831; x_wconf 68' lang='grc' dir='ltr'><strong>οὐχ</strong></span> <span class='ocrx_word' id='word_1_858' title='bbox 704 5760 878 5824; x_wconf 60' lang='grc' dir='ltr'><strong>οὕτως</strong></span> <span class='ocrx_word' id='word_1_859' title='bbox 923 5762 1035 5831; x_wconf 76' lang='grc' dir='ltr'><strong>ἔχει</strong></span> <span class='ocrx_word' id='word_1_860' title='bbox 1062 5776 1075 5791; x_wconf 82' lang='lat'><strong><em>°</em></strong></span> <span class='ocrx_word' id='word_1_861' title='bbox 1117 5760 1303 5813; x_wconf 76' lang='grc' dir='ltr'><strong>πλεῖον</strong></span> <span class='ocrx_word' id='word_1_862' title='bbox 1340 5764 1443 5831; x_wconf 74' lang='grc' dir='ltr'><strong>γὰρ</strong></span> <span class='ocrx_word' id='word_1_863' title='bbox 1476 5754 1542 5831; x_wconf 75' lang='grc' dir='ltr'>ἧν</span> <span class='ocrx_word' id='word_1_864' title='bbox 1575 5760 1769 5828; x_wconf 69' lang='grc' dir='ltr'><strong>ἐκείνῳ</strong></span> 
     </span>
    </p>
   </div>
   <div class='ocr_carea' id='block_1_117' title="bbox 1881 5746 3446 5831">
    <p class='ocr_par' dir='ltr' id='par_1_117' title="bbox 1881 5746 3446 5829">
     <span class='ocr_line' id='line_1_117' title="bbox 1881 5746 3446 5829; baseline -0.008 -15"><span class='ocrx_word' id='word_1_865' title='bbox 1881 5760 2064 5814; x_wconf 73' lang='lat' dir='ltr'><strong>habet.</strong></span> <span class='ocrx_word' id='word_1_866' title='bbox 2107 5758 2242 5814; x_wconf 74' lang='lat' dir='ltr'><strong>Nam</strong></span> <span class='ocrx_word' id='word_1_867' title='bbox 2283 5758 2371 5813; x_wconf 88' lang='lat' dir='ltr'><strong>ille</strong></span> <span class='ocrx_word' id='word_1_868' title='bbox 2405 5758 2534 5814; x_wconf 83' lang='lat' dir='ltr'><strong>odio</strong></span> <span class='ocrx_word' id='word_1_869' title='bbox 2567 5756 2759 5829; x_wconf 83' lang='lat' dir='ltr'><strong>majori</strong></span> <span class='ocrx_word' id='word_1_870' title='bbox 2788 5754 3008 5812; x_wconf 67' lang='lat' dir='ltr'><strong>Graecos</strong></span> <span class='ocrx_word' id='word_1_871' title='bbox 3044 5754 3099 5808; x_wconf 93' lang='lat' dir='ltr'><strong>in</strong></span> <span class='ocrx_word' id='word_1_872' title='bbox 3154 5768 3213 5809; x_wconf 89' lang='lat' dir='ltr'><strong>se</strong></span> <span class='ocrx_word' id='word_1_873' title='bbox 3260 5746 3446 5806; x_wconf 77' lang='lat' dir='ltr'><strong>conci-</strong></span> 
     </span>
    </p>
   </div>
  </div>
