3970 6190
406 366 512 428 ιῦῖ)

1601 327 2032 395 NICEPHORI
2074 323 2423 386 CALLlSTI

3561 314 3592 376 4
3603 315 3672 377 55

412 481 651 534 taverat,
681 482 750 524 eo
782 459 929 535 quod
964 455 1140 530 patria
1181 463 1374 508 eorum
1419 461 1574 502 sacra
1625 440 1983 504 inhibuisset,

2116 439 2248 498 ιϊσος
2300 437 2369 488 ἐκ
2421 434 2531 488 τῶν
2572 433 2961 505 Ἑλληνιστῶν,
3005 427 3270 482 κωλύοντι
3321 427 3546 479 ἐκείνων
3595 431 3667 480 τὰ

415 565 616 634 templa
678 560 908 614 deorum
968 546 1371 606 destruxisset,
1427 537 1742 595 simulacris
1794 530 1987 586 convi—

416 627 618 714 ciaiido
688 649 992 706 illusisset.
1066 649 1125 695 et
1180 639 1325 692 bona
1381 646 1573 686 eorum
1631 627 1986 697 publicasset.

414 750 618 805 Adhzec
649 740 913 797 invidiam
943 745 1164 802 quoque
1196 729 1319 798 ejus
1350 723 1529 784 auxit,
1570 721 1716 790 quod
1754 716 1988 771 multum

420 839 564 910 apud
624 837 1036 903 imperatorem
1073 821 1400 878 auctoritate
1452 813 1735 868 valuisset.
1799 809 1993 862 Solent

417 905 566 986 enim
602 921 974 983 multitudini,
1031 915 1123 985 qui
1177 913 1420 981 aliquam
1465 905 1722 961 obtinent
1751 906 1994 971 potesta-

419 1034 552 1085 tem,
594 1033 718 1073 esse
751 1013 931 1069 exosi.
963 1011 1195 1077 Insuper
1229 1014 1344 1058 tum
1378 1012 1601 1070 quoque
1631 995 1778 1065 quod
1813 994 1890 1063 (l)
1925 990 1993 1045 de

420 1111 646 1166 Mithrio
679 1107 757 1176 (Ξ)
805 1113 983 1159 actum
1042 1098 1243 1159 fuerat,
1299 1090 1594 1150 tumultum
1643 1093 1834 1139 contra
1866 1097 1992 1136 eum

420 1215 633 1259 motum
695 1195 992 1252 admodum
1051 1188 1222 1244 auxit.
1295 1184 1429 1238 Nam
1482 1181 1664 1233 locum
1717 1190 1842 1230 eum
1901 1173 1994 1228 diu

422 1296 760 1365 neglectum,
791 1281 1150 1343 Constantius
1183 1274 1434 1332 ecclesiae
1472 1265 1866 1324 Alexandrina:
1897 1263 1997 1316 do-

424 1394 674 1442 naverat.
707 1380 978 1450 Georgius
1006 1384 1189 1428 autem
1219 1383 1345 1424 eum
1373 1375 1700 1433 repurgans,
1734 1366 1797 1410 ut
1823 1357 1995 1408 aedem

425 1495 636 1538 sacram
682 1479 791 1531 Deo
845 1471 1133 1532 excitaret,
1189 1463 1618 1518 subterraneum
1659 1461 1877 1507 antrum
1913 1465 1999 1504 re-

427 1574 574 1646 perit
601 1591 614 1625 :
650 1572 705 1626 in
746 1582 856 1637 quo
900 1561 1219 1624 simulacra,
1247 1564 1304 1609 et
1332 1552 1439 1606 alia
1470 1546 1720 1619 quaedam
1751 1539 1997 1614 symbola

425 1639 482 1722 et
516 1667 670 1735 signa
700 1661 1014 1716 Graecarum
1043 1661 1316 1720 nugarum
1357 1653 1414 1700 et
1455 1639 1882 1712 prastigiarum,
1940 1641 2002 1686 ut

427 1762 501 1816 ita
530 1724 736 1817 dicam,
770 1760 1076 1817 eorumque
1112 1741 1206 1812 qui
1241 1738 1414 1794 sacris
1459 1735 1527 1789 ab
1579 1732 1714 1802 ipsis
1760 1724 1998 1782 instituti

429 1864 594 1922 atque
643 1845 848 1902 initiati
883 1841 1140 1898 fuissent,
1193 1839 1377 1887 erant.
1409 1828 1540 1892 Quae
1591 1836 1726 1878 sane
1763 1817 1998 1873 ridicula

429 1908 648 1998 etiiova
673 1930 1031 1990 cernentibus
1065 1933 1194 1980 sunt
1219 1923 1360 1982 visa,
1411 1913 1756 1986 proindeque
1802 1908 2000 1963 merito

431 2050 530 2106 per
557 2026 860 2086 ludibrium
891 2021 1078 2076 irrisa.
1107 2014 1280 2071 Graeci
1315 2019 1501 2064 autem
1533 2005 1742 2076 pudore
1775 2009 2001 2072 propter

436 2094 698 2197 inysteria
725 2128 782 2174 et
815 2129 1017 2170 arcana
1058 2125 1156 2166 sua
1189 2104 1429 2160 revelata
1463 2098 1671 2163 affecti,
1707 2094 1999 2151 confertim

433 2187 597 2270 manu
630 2220 840 2272 coacta,
871 2203 1090 2276 gladiis,
1126 2197 1406 2268 lapidibus
1447 2203 1504 2246 et
1539 2189 1712 2244 clavis
1737 2187 2002 2255 impetum

435 2309 490 2360 in
540 2302 888 2358 Christianos
940 2295 1230 2354 fecerunt,
1284 2296 1342 2343 et
1399 2284 1600 2338 multos
1655 2279 2001 2341 occiderunt,

435 2395 706 2467 quosdam
742 2391 1125 2448 vulnerarunt,
1177 2390 1236 2436 et
1281 2375 1581 2433 nonnullos
1619 2374 1787 2427 etiam
1821 2385 1889 2423 ex
1920 2369 2006 2423 eis

435 2489 502 2542 ad
534 2483 804 2555 dogmatis
843 2473 1236 2533 contumeliam
1281 2471 1333 2523 in
1381 2481 1602 2523 crucem
1639 2469 1891 2533 egerunt,
1926 2468 2007 2514 at-

437 2595 544 2650 que
568 2579 846 2632 abierunt.
882 2569 1156 2638 Georgius
1181 2572 1425 2632 coeptum
1451 2574 1590 2629 opus
1622 2555 2005 2626 imperfectum

625 2669 686 2721 it.
744 2664 916 2719 Graeci
993 2672 1162 2730 porro
1197 2652 1402 2709 Juliani
1443 2648 1699 2716 imperio,
1753 2655 2007 2712 tanquam

442 2755 862 2830 opportunitate
917 2750 1155 2821 quadam
1197 2743 1405 2806 oblata,
1457 2756 1556 2810 pro
1595 2753 1663 2793 eo
1705 2746 1869 2804 atque
1909 2750 2008 2789 vo-

442 2828 621 2914 luere,
681 2847 790 2911 usi,
833 2845 1013 2913 ipsum
1071 2839 1239 2894 etiam
1294 2832 1588 2902 Georgium
1657 2828 2010 2882 interemere.

442 2943 557 2997 lloc
585 2944 764 3010 ipsum
803 2937 1105 3003 imperator
1133 2940 1353 2998 quoque
1402 2921 1605 2977 litteris
1647 2919 1787 2984 suis,
1838 2917 2013 2987 magis

442 3033 658 3088 scilicet
687 3029 948 3098 populum
970 3019 1431 3080 Alexandrinum,
1469 3027 1636 3084 quam
1663 3010 2013 3067 Christianos

2091 527 2318 597 πάτρια,
2343 525 2700 579 κατασπῶντί
2720 543 2780 578 τε
2813 525 2942 588 τοὺς
2969 523 3197 578 ἐκείνων
3229 521 3388 585 νεὼς,
3420 525 3512 576 καὶ
3541 521 3670 586 ξοά-

2091 634 2201 680 νοις
2226 616 2646 686 λοιδορουμένῳ,
2697 619 2792 671 καὶ
2828 615 2923 680 τὰς
2956 615 3150 676 οὐσίας
3206 613 3538 684 δημεύοντι·
3572 618 3673 668 καὶ

2089 709 2152 761 τὸ
2177 707 2390 778 μεγάλα
2417 708 2473 760 δέ
2498 707 2762 761 δύνασθαι
2791 708 2944 777 παρὰ
2979 707 3197 777 βασιλεί
3236 708 3424 758 πλεῖον
3461 706 3679 774 ἀνῆπτε

2091 801 2152 853 τὸ
2183 802 2360 870 μῖσος.
2412 799 2563 852 Φιλεῐ
2597 799 2706 869 γὰρ
2741 803 2767 852 ὁ
2815 799 2991 869 δῆμος
3019 799 3158 870 πρὸς
3191 798 3321 860 τοὺς
3349 801 3410 851 ἐν
3438 798 3683 866 δυνάμει

2094 892 2348 960 ἀπεχθῶς
2380 892 2549 960 ἔχειν.
2578 892 2817 944 Ἔπειτα
2866 891 2962 944 καὶ
2993 891 3053 943 τὸ
3091 889 3402 960 τηνικαῦτα
3454 891 3591 958 περὶ
3622 888 3687 941 τὸ

2094 985 2329 1052 Μιθρίον
2353 983 2690 1054 καλούμενον
2721 983 2966 1051 γεγονὸς,
2999 981 3090 1035 ἐπὶ
3121 982 3266 1052 μέγα
3292 978 3395 1053 ἦρε
3421 981 3524 1050 τὴν
3558 983 3685 1034 κατ’

2096 1075 2260 1128 αὑτοῦ
2298 1075 2536 1144 κίνησιν.
2580 1075 2954 1144 Ἀτημέλητον
3010 1072 3118 1140 γὰρ
3167 1072 3298 1126 ὄντα
3351 1076 3444 1126 τὸν
3486 1075 3686 1133 τόπον,

2097 1169 2479 1231 Κωνστάντιος
2529 1169 2595 1237 τῇ
2637 1167 2942 1237 Ἐκκλησία
2972 1168 3179 1219 ἐκεῖνον
3229 1167 3490 1236 ἐδωρεῖτο
3531 1165 3689 1218 Ἀλε-

2100 1262 2389 1329 ξανδρέων.
2424 1258 2696 1328 Γεὼργιος
2729 1258 2774 1312 δ’
2817 1259 3164 1328 ἐκκαθαίρων
3197 1260 3287 1312 τὶν
3333 1259 3506 1312 τόπον
3552 1259 3688 1312 ὥστ’

2099 1356 2389 1425 εὺκτήριον
2419 1350 2564 1408 οἷκον
2591 1355 2875 1421 ἀνεγεῖραι
2923 1352 3064 1422 Θεῷ,
3100 1352 3358 1418 ὑπόγειόν
3385 1369 3440 1404 τι
3483 1353 3691 1420 ἄντρον

2101 1449 2347 1518 εὑρίσκει
2368 1463 2382 1477 ·
2411 1449 2468 1499 ἐν
2497 1440 2542 1514 ᾧ
2586 1445 2749 1509 ξόανά
2779 1462 2839 1498 τε
2874 1445 2971 1497 καὶ
3001 1443 3136 1498 ἄλλα
3191 1443 3440 1512 σύμϐολα
3487 1443 3690 1510 Ἐλληο

2103 1541 2262 1608 νικῆς
2313 1537 2620 1611 τερθρείας,
2664 1538 2739 1602 ὡς
2766 1537 2834 1592 ἄν
2873 1555 2956 1601 τις
2987 1537 3156 1600 εἴποι,
3185 1536 3296 1589 τῶν
3326 1533 3463 1604 παρ’
3497 1537 3693 1595 αὐτοῖς

2107 1629 2432 1701 μυουμένων
2466 1630 2498 1700 ἦ
2537 1629 2878 1698 τελουμένων
2912 1623 3056 1698 ἦσαν
3082 1643 3095 1656 ⁸
3140 1626 3176 1681 ἃ
3210 1626 3400 1693 γελοῖά
3429 1643 3556 1678 τινα
3589 1625 3694 1678 καὶ

2108 1723 2234 1788 ξένα
2287 1722 2460 1774 ἐδόκει
2517 1724 2632 1784 τοῖς
2688 1721 3024 1789 θεωμένοιςο
3062 1713 3144 1783 οἷς
3191 1719 3256 1790 δὴ
3289 1720 3386 1773 καὶ
3434 1717 3688 1770 ἐπισκὼο

2107 1831 2356 1877 πτοντες,
2405 1811 2761 1877 διετώθαζον.
2808 1813 2873 1864 Οἱ
2908 1812 2966 1865 δέ
3011 1813 3124 1874 τοῖς
3159 1809 3488 1879 μυστηρίοις
3517 1812 3689 1861 ἐπαι-

2109 1911 2453 1982 σχυνθέντες,
2483 1909 2680 1979 ἀθρόον
2743 1907 3098 1976 συλλεγέντες
3132 1907 3314 1974 ξίφεσι
3372 1906 3470 1959 καὶ
3509 1905 3686 1968 λίθοις

2108 2001 2202 2060 καὶ
2258 2004 2514 2075 ῥοπάλοις
2571 2004 2683 2065 τοῖς
2735 2001 3091 2070 Χριστιανοῖς
3148 1998 3525 2050 ἐπιτίθενται·
3586 1999 3688 2049 καὶ

2109 2097 2340 2159 πολλοὺς
2376 2098 2476 2166 μὲν
2523 2092 2842 2165 ἀναιροῦσιν
2865 2133 2879 2158 ,
2932 2092 3034 2145 οὐκ
3065 2091 3281 2160 ὀλίγους
3307 2089 3365 2142 δὲ
3405 2089 3496 2140 καὶ
3525 2105 3698 2158 τραυ-

2115 2189 2312 2260 ματίας
2347 2187 2697 2257 ἐργάζονται,
2749 2185 2980 2246 πολλοὺς
3008 2184 3052 2236 δ’
3082 2185 3146 2236 ἐκ
3192 2182 3399 2235 τούτων
3433 2179 3696 2250 σταυρώ-

2114 2299 2326 2346 σαντες,
2355 2280 2436 2348 ἐφ’
2453 2279 2610 2348 ὕϐρει
2636 2278 2798 2344 δῆθεν
2815 2277 2912 2330 τοῦ
2941 2276 3232 2344 δόγματος,
3257 2275 3699 2346 ἀπηλλάττοντο.

2114 2375 2226 2427 Καὶ
2255 2373 2314 2425 τὸ
2349 2372 2450 2442 μέν
2483 2372 2646 2440 ἔργον
2683 2368 2874 2427 ἀτελὲς
2903 2367 2982 2439 τῷ
3007 2367 3272 2437 Γεωργίῳ
3303 2365 3698 2418 κατελείπετοο

2113 2468 2162 2519 οἱ
2213 2464 2258 2518 δ’
2293 2466 2356 2517 ἐκ
2399 2462 2496 2516 τοῦ
2539 2460 2881 2531 Ἑλληνικοῦ,
2934 2463 3001 2530 τῇ
3056 2459 3150 2511 τοῦ
3193 2458 3487 2510 Ἰουλιανοῦ
3545 2459 3697 2527 ἀρχῇ

2114 2560 2461 2628 χρησάμενοι
2494 2555 2574 2626 τῷ
2605 2553 2804 2624 καιρῷ,
2842 2552 3098 2622 καθάπερ
3133 2551 3449 2620 ἠϐούλοντο,
3475 2549 3571 2603 καὶ
3595 2551 3702 2602 αὒ-

2114 2653 2208 2703 τὸν
2236 2651 2445 2703 ἀνεῖλον
2496 2647 2794 2718 Γεώργιον.
2841 2647 3014 2699 Τοῦτο
3042 2645 3099 2698 δὲ
3142 2646 3238 2696 καὶ
3269 2644 3433 2705 αὐτος
3479 2645 3506 2695 δ
3537 2641 3702 2712 βασι-

2117 2743 2242 2805 λεὺς
2299 2741 2448 2803 ἰδίοις
2479 2741 2777 2810 γράμμασι
2813 2740 3105 2808 μαρτυρεῖ,
3154 2736 3233 2805 τῷ
3279 2737 3435 2804 δήμῳ
3470 2735 3571 2802 τῆς
3607 2735 3701 2785 ’Δ-

2115 2833 2448 2903 λεξανδρέων
2490 2831 2693 2900 μᾶλλον
2727 2829 2976 2898 ἐγκαλῶν
3025 2830 3172 2899 ἢπερ
3221 2829 3592 2895 Χριστιανοίς.
3627 2826 3699 2878 Ὃ

2120 2927 2238 2996 δῆτ’
2266 2928 2365 2980 οὐκ
2405 2926 2471 2978 ἂν
2499 2923 2964 2996 ἐπαρρησιάζετο,
2997 2923 3046 2974 εί
3085 2922 3160 2991 μὴ
3196 2923 3261 2990 τῇ
3297 2919 3387 2989 βίᾳ
3427 2918 3530 2987 τῆς
3559 2917 3703 2986 ἁλη-

2123 3018 2275 3081 θείας
2301 3015 2592 3087 ἠλαύνετο.
2633 3014 2743 3066 Καὶ
2791 3015 2899 3082 γὰρ
2935 3013 3121 3083 ᾑρεῖτο
3157 3003 3519 3079 Χριστιανοὺς
3552 3003 3700 3060 εἶναι

445 3124 729 3184 incusans,
757 3126 990 3172 testatur
1018 3130 1032 3166 :
1057 3112 1201 3181 quod
1244 3110 1334 3163 ille
1363 3106 1608 3178 profecto
1635 3119 1743 3158 non
1767 3103 2008 3168 fecisset,

2122 3109 2248 3172 τοὺς
2281 3107 2558 3178 Γεωργίου
2593 3105 2786 3174 φονέας
2817 3105 2962 3175 ἥπερ
2990 3104 3137 3167 οἴους
3161 3103 3362 3174 δήποτε
3399 3099 3698 3169 Ἕλληνας.

445 3210 553 3265 nisi
587 3223 715 3264 eum
748 3205 1000 3261 veritatis
1023 3204 1108 3257 vis
1130 3199 1438 3268 coegisset:
1467 3195 1811 3250 Christianos
1839 3201 2011 3257 certe,

448 3303 867 3373 qualescunque
921 3297 1044 3350 illos
1119 3291 1363 3354 tandem,
1441 3288 1760 3357 Georgianae
1825 3283 2014 3349 caedis,

450 3409 614 3463 quam
645 3391 887 3452 Graecos,
924 3397 1181 3440 auctores
1203 3383 1372 3436 fuisse
1407 3377 1712 3434 maluisset.
1764 3374 1873 3430 Sed
1925 3374 2020 3428 ille

453 3486 678 3539 minime
719 3497 833 3536 rem
883 3479 1100 3541 celavit,
1154 3472 1408 3546 quamvis
1440 3470 1658 3542 gravius
1707 3467 1874 3522 etiam
1920 3480 2022 3520 nos

453 3575 854 3648 perstringens.
911 3571 970 3625 ln
1023 3567 1260 3638 epistola
1309 3565 1456 3620 enim
1498 3562 1564 3616 ad
1601 3559 2020 3623 Alexandrinos,

453 3667 791 3724 stomachari
837 3680 897 3720 se
948 3663 1239 3724 simulans,
1294 3658 1482 3714 verbis
1531 3671 1629 3710 eos
1681 3652 2023 3723 perstringit,

457 3756 830 3814 coerctionem
865 3756 1176 3807 remittens.
1226 3749 1282 3804 ld
1337 3745 1484 3817 quod
1529 3759 1587 3799 se
1635 3744 1820 3798 facere
1869 3741 2023 3807 dicit,

457 3852 527 3906 ob
566 3847 931 3903 reverentiam
989 3845 1144 3899 urbis
1201 3841 1419 3913 patroni
1459 3840 1547 3894 dei
1604 3835 1913 3905 Serapidis,
1969 3845 2028 3889 et

459 3942 764 3998 conditoris
799 3940 920 4010 ejus
953 3937 1108 3992 urbis
1143 3933 1466 3996 Alexandri,
1499 3939 1664 4000 atque
1700 3931 1830 3984 item
1857 3944 2030 3981 avun-

460 4035 570 4092 culi
599 4032 828 4094 Juliani,
866 4030 960 4101 qui
995 4027 1344 4084 Alexandriae
1374 4033 1428 4078 et
1466 4022 1689 4094 [Egypti
1736 4019 2030 4090 praefectus

463 4131 590 4193 fuit,
641 4127 727 4181 vir
770 4123 1153 4194 superstitioni
1190 4121 1504 4176 Graecarum
1561 4131 1829 4185 nugarum
1871 4113 2026 4168 dedi-

467 4220 734 4279 tissimus.
753 4228 803 4271 et
824 4215 1263 4270 Christianorum
1287 4211 1465 4264 hostis
1485 4205 2032 4262 vehementissimus.

2123 3200 2234 3255 Καὶ
2279 3201 2441 3253 τοῦτο
2489 3199 2590 3252 οὐκ
2641 3195 3096 3265 ἀποκρύπτεται·
3160 3197 3220 3247 ἐν
3267 3195 3377 3264 γὰρ
3420 3195 3486 3262 τῇ
3561 3192 3705 3260 πρὶς

2133 3293 2525 3362 Ἀλεξανδρέας
2567 3289 2830 3361 ἐπιστολῇ
2894 3287 3372 3359 προσποιούμενος
3429 3285 3707 3356 χαλεπαί-

2123 3405 2258 3451 νειν,
2297 3388 2462 3456 μέχρι
2491 3383 2665 3452 λόγων
2709 3382 3074 3447 καθάπτεται,
3105 3379 3207 3450 τὴν
3234 3378 3506 3451 τιμωρίαν
3535 3374 3706 3446 δῆθεν

2123 3476 2570 3547 ὑπερτιθέμενος.
2613 3472 2944 3543 Ἐπέχεσθαι
3008 3472 3065 3524 δέ
3112 3487 3248 3541 φησι
3303 3472 3372 3540 τῇ
3425 3468 3563 3536 πρὸς
3610 3469 3709 3519 τὸν

2125 3569 2412 3639 πολιοῦχον
2445 3570 2696 3637 Σάραπιν
2734 3566 2895 3630 αίδοῖ,
2951 3566 3047 3618 καὶ
3075 3563 3164 3617 διὰ
3217 3563 3309 3615 τὸν
3341 3560 3443 3628 τῆς
3492 3559 3710 3621 πόλεως

2125 3662 2372 3732 οἰκιστὴν
2391 3659 2764 3728 Ἀλέξανδρον,
2795 3659 2890 3710 καὶ
2914 3657 3009 3709 τὸν
3027 3656 3172 3708 θεῖον
3199 3652 3369 3707 αὑτοῦ
3387 3651 3712 3716 Ἰουλιανδν,

2127 3757 2184 3819 ὃς
2232 3754 2513 3822 Αίγύπτου
2566 3753 2661 3805 καὶ
2699 3750 3116 3821 Ἀλεξανδρείας
3145 3748 3254 3818 πρὸ
3284 3746 3480 3817 καιροῦ
3508 3741 3708 3816 ἦρξεν,

2129 3846 2270 3915 ἀνὴρ
2298 3843 2598 3914 ἐπιμᾶλλον
2625 3844 2746 3902 ταῖς
2787 3840 3134 3910 Ἑλληνικαῖς
3165 3837 3478 3908 τερθρείαις
3500 3852 3712 3905 προσε-

2134 3936 2374 4008 σχηκὼς.
2411 3935 2696 4003 διαπύρως
2721 3950 2780 3987 τε
2810 3932 3260 4002 ἀπεχθανόμενος
3286 3932 3398 3990 τοῖς
3445 3929 3716 3997 Χριστιαο

2132 4032 2268 4091 νοῖς.
2327 4029 2496 4080 Τόσον
2525 4028 2569 4080 δ’
2603 4022 2670 4096 ἦν
2699 4024 2892 4095 ἐκείνῳ
2934 4027 3093 4093 μῖσος
3147 4023 3209 4076 τὸ
3259 4022 3397 4088 πρὸς
3430 4022 3602 4090 ἡμᾶς,
3631 4019 3715 4083 ὡς

2131 4123 2226 4175 καὶ
2257 4117 2352 4173 τοῦ
2409 4117 2741 4189 κρατοῦντος
2788 4116 3018 4186 γνώμης
3055 4116 3186 4169 ἄνευ
3239 4115 3473 4178 πολλοὺς
3523 4131 3719 4186 παρα·

2138 4214 2405 4267 σκευάσαι
2435 4213 2630 4281 μέχρις
2647 4211 2875 4279 αἵματος
2893 4211 2983 4261 τὸν
3003 4208 3190 4276 ἀγῶνα
3212 4207 3556 4278 διαδραμεῖν.
3576 4208 3721 4275 Ἐγὼ

468 4312 577 4380 20
609 4309 786 4362 Tanto
813 4307 960 4361 enim
995 4306 1041 4358 is
1067 4319 1193 4373 erga
1224 4317 1326 4356 nos
1349 4301 1479 4356 odio
1502 4299 1770 4368 ﬂagravit,
1807 4305 1866 4351 ut
1893 4297 2008 4350 citr:

2134 4307 2178 4359 δ’
2208 4307 2306 4358 οὐκ
2338 4305 2578 4374 ὀκνήσω,
2613 4302 2688 4372 μὴ
2717 4302 2815 4353 καὶ
2842 4301 3010 4368 αὐτὴν
3039 4301 3258 4368 ἐκείνην
3285 4301 3384 4365 τὴν
3415 4298 3717 4367 ἐπιστολὴν

471 4399 823 4470 imperatoris
859 4394 1214 4455 sententiam,
1253 4389 1444 4445 multis
1492 4400 1683 4444 auctor
1733 4386 1921 4452 fuerit,
1976 4401 2008 4439 u

2151 4395 2448 4451 Ἰουλιανοῦ
2507 4395 2586 4464 τῷ
2641 4395 2874 4463 παρόντι
2928 4392 3256 4461 παραθεῖναι
3321 4392 3713 4458 συντάγματι·

471 4495 537 4546 ad
562 4489 883 4561 sanguinem
912 4500 1089 4554 usque
1111 4482 1358 4553 martyrii
1381 4489 1660 4536 certamen
1685 4486 2008 4547 peragerent

2142 4487 2260 4546 εἷτα
2283 4491 2378 4542 καὶ
2405 4489 2503 4540 ὅσα
2522 4489 2549 4540 ὁ
2568 4487 2712 4549 θεῖος
2735 4484 2901 4539 αὑτοῦ
2930 4483 3220 4545 Ἰουλιανὸς
3252 4482 3396 4535 κατὰ
3428 4481 3532 4549 τῆς
3561 4481 3726 4550 ἡμῶν

471 4585 604 4640 Mihi
659 4583 825 4637 etiam
883 4579 1176 4632 molestum
1235 4588 1344 4628 non
1397 4570 1526 4634 erit,
1583 4568 1869 4637 epistolam
1917 4581 2008 4619 ean

2141 4586 2379 4645 πίστεως
2409 4581 2660 4650 ἔδρασεν.
2689 4580 2765 4634 Ἥ
2797 4595 2862 4647 γε
2920 4579 3027 4650 μὴν
3065 4577 3328 4645 ἐπιστολὴ
3358 4576 3575 4638 τούτοις
3605 4580 3721 4638 τοῖς

467 4676 697 4738 .luliani,
731 4673 885 4741 operi
918 4671 1049 4725 huic
1083 4676 1273 4722 nostro
1314 4663 1636 4724 adnectere,
1667 4669 1832 4728 atque
1867 4657 2008 4711 etian

2145 4679 2445 4746 γράμμασι
2470 4676 2831 4746 περιείληπτο
2849 4688 2866 4706 ·

389 4829 406 4846 .
469 4812 590 4868 qua!
617 4791 924 4848 avunculus
955 4783 1354 4860 ejuslulianus
1382 4780 1648 4834 adversus
1715 4773 1843 4827 fidei
1921 4780 2126 4826 nostra:
2166 4770 2564 4842 professionem
2616 4767 2813 4837 egerit.
2863 4765 3110 4835 Epistola
3161 4763 3313 4818 hisce
3365 4761 3555 4815 verbis
3589 4775 3729 4813 con-

472 4891 677 4958 scripta
705 4888 809 4942 fuit
834 4903 847 4938 :

2717 4965 2949 5021 ΚΕΦΛΛ
3025 4965 3099 5018 Z'.

2162 5060 2486 5127 Ἐπιστολὴ
2533 5055 2893 5127 Ἰουλιανοῦν
2933 5055 3014 5120 τῷ
3073 5055 3244 5124 δήμῳ
3281 5053 3398 5108 τῶν
3446 5055 3730 5120 Ἀλεξαν-

2256 5133 2444 5201 ὁρέων
2482 5129 2783 5184 σταλεῖσα
2812 5126 2910 5179 διὰ
2946 5129 3051 5180 τὸν
3084 5129 3275 5195 φόνον
3294 5128 3616 5193 Γεωργίου.

1072 4987 1297 5047 CAPUT
1336 4985 1446 5040 VII.

469 5094 679 5154 Iuliani
709 5087 931 5159 epistola
991 5085 1058 5138 ad
1095 5075 1817 5159 populum-Aleaandrinum
1855 5069 2040 5133 missa,

910 5148 1120 5227 propter
1157 5148 1371 5221 Georgii
1401 5148 1592 5203 eadem
1605 5185 1617 5198 .

555 5301 575 5336 ι
599 5284 908 5348 imperator
954 5275 1135 5328 Caesar
1164 5268 1414 5325 Julianus
1447 5262 1715 5318 Maximus
1745 5261 2046 5328 Augustus,

475 5332 1140 5448 populoriAlexandrino.
1190 5358 1474 5429 Siquidem
1528 5353 1926 5414 Alexandrum,
1954 5365 2008 5418 qi

2161 5339 2431 5408 ξανδρέων
2465 5335 2542 5404 τῷ
2573 5335 2754 5403 δήμῳ.
2786 5335 2846 5386 Εἰ
2882 5332 2957 5403 μὴ
3001 5335 3096 5386 τ“.ν
3137 5332 3491 5402 Ἀλέξανδρον
3526 5332 3615 5385 τὸν
3651 5334 3737 5385 ol-

545 5531 620 5600 (i)
651 5527 905 5582 Mithram
949 5521 1129 5575 Persae
1161 5516 1330 5572 solem
1387 5527 1509 5567 esse
1553 5518 1768 5580 putant,
1816 5505 1903 5560 cui
1940 5504 2044 5558 ho-
2153 5493 2414 5562 templum
2468 5510 2482 5544 :
2539 5490 2848 5570 Mitiiriaca,
2906 5488 3052 5570 Solis
3107 5504 3280 5544 sacra.
3336 5489 3618 5558 Lamprid.
3663 5491 3735 5545 de

1199 5599 1204 5600 ,
1275 5587 1313 5600 ..
1364 5585 1376 5597 ο
1431 5599 1434 5600 ,
1495 5599 1507 5600 γ
1558 5581 1658 5600 Νι-
1706 5593 1812 5600 _.....
1860 5575 2012 5600 :-.:.:..
2123 5562 2450 5600 'l‘nmmmln
2485 5577 2497 5592 ο
2541 5562 2705 5600 Rmrn
2753 5562 3031 5600 Mulir-mon
3091 5559 3392 5600 hnminidin
3432 5575 3565 5600 nam
3616 5562 3735 5600 nnl-

475 5559 620 5656 ειεὶῖ
649 5559 1815 5656 illiilli;'"sa'c‘éiiiFaEII‘ii'ujag‘gaza;'nan
1860 5575 2046 5629 initia-
2123 5559 2498 5656 perri-nodo:
2541 5562 2708 5615 sacra
2750 5562 3034 5615 Mutarim
3089 5559 3392 5614 hmuicidio
3432 5575 3565 5615 vero
3615 5562 3736 5628 ροι-

478 5637 674 5729 iatur,
701 5667 805 5719 nisi
839 5665 929 5734 qui
970 5677 1064 5730 per
1101 5657 1304 5729 gradus
1339 5637 1604 5724 quosdam
1639 5655 2042 5726 tormentprum
2151 5637 2301 5734 Ιιιὶιιόἱ
2362 5703 2414 5734 In
2475 5716 2583 5734 mm
2641 5701 2710 5734 ΛΓ

517 5699 569 5720 ιιι
618 5699 629 5719 l
702 5699 752 5718 ΙΙΙ
792 5699 805 5718 ι
839 5699 852 5716 ι
880 5699 929 5716 ul
1004 5699 1055 5715 υι
1139 5699 1304 5711 uuuuv
1381 5699 1604 5707 ..ν-------
1643 5699 1708 5702 --ν

478 5699 547 5791 ξιι
578 5699 1046 5802 ἴθ’ρετδινθιίίεδὲι,
1076 5699 1132 5783 οῗ
1176 5699 1424 5780 δοιιριδιη
1473 5739 1530 5776 sc
1567 5717 2044 5789 perpessii'misqne
2160 5778 2171 5802 ι
2226 5705 2301 5784 (2)
2362 5703 2417 5755 In
2475 5716 2586 5802 quq
2636 5701 2770 5802 |olim
2811 5699 3009 5802 (lignei,
3049 5700 3282 5802 Illllithrze
3336 5700 3734 5802 sacrificantes,

1377 5795 1405 5802 ρ.
1455 5796 1464 5802 .
1493 5795 1502 5802 .
1583 5789 1622 5802 ιι
1658 5791 1690 5802 γ.
1750 5789 1759 5797 ι
1902 5785 1932 5802 n
1982 5785 2041 5802 ις,
2179 5791 2409 5802 ...η-...ιιι-
2452 5787 2568 5802 πη...
2599 5789 2624 5802 η
2654 5788 2734 5802 ιη..
2894 5788 2990 5802 η’,-
3068 5775 3121 5802 ί.
3185 5786 3242 5802 ..ι
3295 5789 3393 5802 "un
3510 5775 3524 5802 \

803 5769 1330 5856 ξξξξδᾙέεῖεξτξδπιξ
1375 5795 1526 5848 sum.
1568 5769 1861 5850 3i.{t.}im.,
1902 5769 2045 5838 Salis
2160 5769 2411 5830 homines
2452 5769 2784 5826 “iactabant.
2832 5771 3010 5840 (Socr.
3049 5775 3142 5827 lib.
3184 5786 3268 5836 ut,
3294 5789 3412 5839 cap.
3440 5769 3525 5836 2.)

2232 5266 2251 5300 t
2284 5245 2654 5314 Αὐτοκράτωρ
2689 5244 2905 5312 Καῖσαρ
2943 5241 3236 5305 Ἰουλιανὸς
3263 5241 3538 5309 Μέγιστος
3581 5243 3736 5295 Ἀλε-
3821 5233 3823 5235 ’
