3970 6190
242 328 325 393 Δῦἳ
1119 312 1718 380 ΕΟΕΕΕΞΙΑΞΤΙϐιΕ
1760 314 2149 376 HISTORIE
2190 316 2340 376 LIB.
2383 315 2450 375 Χ.

3341 315 3453 376 4Ξ3

238 433 591 508 κιστὴνὴμῶν,
622 429 717 483 καὶ
740 430 849 499 πρό
874 445 935 497 γε
976 428 1168 482 τούτου
1199 430 1289 482 τδν
1319 427 1439 481 θεὸν
1467 427 1560 481 τὸν
1599 426 1773 496 μέγαν

1886 427 2081 483 urbem
2125 438 2365 482 vestram
2396 424 2666 485 condidit.
2703 432 2754 474 et
2806 437 2915 490 prro
2955 436 3021 474 eo
3088 434 3340 490 magnum
3373 434 3454 476 at-

236 534 314 586 τδν
342 525 630 597 ἁγιώτατον
677 522 931 592 Σαράπιν
979 519 1237 587 αἰδεῖσθε,
1265 516 1361 572 τοῦ
1424 516 1606 570 κοινοῦ
1639 514 1770 583 γοῦν

235 624 364 694 ὑμᾶς
404 620 493 672 καὶ
542 614 887 684 ἀνθρωπίνου
940 613 1035 666 καὶ
1090 612 1393 678 πρέποντος
1447 608 1566 671 πῶς
1597 607 1770 668 οὐδεὶς

235 714 428 783 εἰσῆλθε
456 710 641 774 λόγοςς
695 705 994 777 προσθήσω
1015 703 1097 771 δέ,
1120 705 1203 757 δτι
1227 706 1321 757 καὶ
1358 702 1518 774 ἡμῶν
1546 717 1561 732 '
1594 700 1688 764 οῦς
1722 701 1770 752 οἰ

233 806 333 859 θεοὶ
360 803 570 864 πάντες.
616 802 675 852 ὲν
708 799 949 869 πρώτοις
976 797 1033 851 δὲ
1089 798 1182 849 καὶ
1228 797 1256 848 ὁ
1289 795 1463 865 μέγας
1495 793 1771 862 Σάραπις,

232 896 400 963 ἄρχειν
430 893 759 968 ἐδικαίωσεν
797 888 899 958 τῆς
932 888 1270 958 οἰκουμένης
1293 901 1310 918 ο
1342 881 1424 946 οἷς
1459 884 1672 953 πρέπον
1708 878 1772 949 ἧν

231 992 315 1056 την
340 982 469 1055 ὑπὲρ
494 982 604 1035 τῶν
632 982 975 1049 ἠδικηκότων
1003 979 1148 1046 ὑμᾶς
1183 976 1421 1046 φυλάξαι
1450 976 1769 1043 διάγνωσιν.

240 1076 363 1131 Ἀλλ’
384 1076 518 1147 ὀργὴ
547 1073 709 1142 τυχδν
746 1072 877 1133 ἴσως
910 1071 1058 1140 ὑμᾶς
1089 1068 1404 1141 ἐξηπάτησε
1442 1068 1536 1120 καὶ
1562 1065 1736 1135 θυμός
1755 1079 1768 1093 ·

228 1173 383 1239 ὅσπερ
406 1163 495 1221 οῦν
524 1165 685 1219 εἴωθε
720 1167 787 1219 τὰ
805 1162 955 1218 δεινὰ
984 1162 1270 1232 πράττειν,
1290 1160 1390 1221 τὰς
1427 1157 1637 1229 φρένας
1672 1172 1771 1227 με-

227 1259 466 1319 τοικίσας.
490 1252 626 1309 Εἶτα
648 1255 750 1324 τῆς
776 1256 952 1325 ὁρμῆς
983 1252 1423 1316 ἀναστείλαντες,
1452 1251 1569 1311 τοῖς
1596 1265 1776 1317 παρα-

229 1354 399 1422 χρῆμα
426 1347 878 1429 βεϐουλευμένοις
919 1347 1099 1410 καλῶς
1128 1344 1358 1415 ὕστερον
1387 1343 1638 1413 ἐπήγαγε
1676 1341 1775 1409 τὴν

226 1442 573 1513 παρανομίαν.
606 1439 744 1493 Οὐδὲ
768 1437 1099 1509 ῂσχύνΘητε,
1133 1437 1306 1506 δῆμος
1353 1434 1529 1500 ὄντες,
1569 1433 1775 1501 τολμῆ-

229 1546 307 1584 σαι
362 1529 554 1594 ταῦτα,
612 1529 699 1598 ἐφ’
736 1523 820 1590 οἷς
879 1529 1122 1589 ἐκείνους
1180 1528 1484 1594 ἐμισήσατε
1525 1523 1772 1585 δικαίως.

227 1617 410 1671 Εἴπατε
441 1617 553 1685 γάρ
588 1634 701 1686 μοι,
738 1617 876 1687 πρὸς
923 1617 1018 1669 τοῦ
1050 1617 1384 1687 Σαράπιδος,
1419 1614 1561 1685 ὑπὲρ
1606 1613 1774 1667 ποίων

225 1709 561 1777 ἀδικημάτων
592 1706 971 1777 ἐχαλεπήνατε
1002 1704 1293 1776 Γεωργίῳ;
1325 1706 1430 1757 Τὸν
1489 1702 1774 1775 μακαριώ-

222 1814 370 1853 τατον
396 1798 805 1864 Κωνστάντιον,
836 1800 1011 1869 ἐρεῖτε
1036 1798 1329 1868 δήπουθεν,
1358 1798 1440 1850 ὅτι
1475 1797 1598 1850 καθ’
1620 1796 1775 1866 ἡμῶν

224 1889 564 1959 παρώξυνεν
613 1884 733 1942 εἶτα
790 1891 1090 1959 εἰσήγαγεν
1149 1890 1230 1952 είς
1268 1889 1369 1954 τὴν
1419 1888 1574 1959 ίεράν
1620 1888 1777 1942 πόλιν

223 1981 572 2051 στρατόπεδον
592 1996 607 2010 °
651 1982 747 2034 καί
800 1981 1102 2034 κατέλαϐεν
1132 1982 1161 2033 ὁ
1214 1981 1521 2050 στρατηγὸς
1551 1980 1651 2049 τῆς
1684 1981 1778 2032 Λί-

220 2072 408 2139 γύπτου
435 2072 495 2125 τὸ
518 2071 835 2140 ἁγιώτατον
861 2073 1086 2140 τέμενος
1113 2068 1206 2125 τοῦ
1239 2069 1399 2131 Θεοῦ,
1425 2069 1779 2138 ἀποσυλήσας

218 2165 405 2218 ἐκεῖθεν
465 2165 693 2226 εἰκόνας
733 2162 831 2216 καὶ
878 2162 1211 2231 ἀναθήματα
1263 2163 1361 2215 καὶ
1416 2161 1507 2215 τὸν
1561 2164 1620 2214 ἐν
1667 2166 1779 2221 τοῖς

220 2260 368 2326 ἰεροῖς
419 2258 657 2327 κόσμον,
691 2255 848 2326 ὑμῶν
882 2253 1346 2323 ἀγανακτούντων
1396 2253 1645 2317 εἰκότως,
1686 2253 1779 2305 καὶ

217 2350 565 2420 πειρωμένων
616 2348 849 2418 ἀμύνειν
896 2348 975 2417 τῷ
1031 2346 1173 2416 Θεῷ,
1200 2346 1406 2415 μᾶλλον
1433 2345 1490 2400 δὲ
1542 2347 1655 2409 τοῖς
1683 2346 1778 2398 τοῦ

214 2441 336 2494 Θεοῦ
371 2442 679 2511 κτήμασιν.
717 2439 777 2491 Ὀ
811 2439 868 2492 δὲ
918 2438 1221 2508 ἐτόλμησεν
1279 2439 1409 2506 ύμῖν
1464 2436 1779 2506 ἐπιπέμψαι

218 2535 327 2597 τοὺς
354 2533 589 2595 ὁπλίτας
636 2531 840 2594 ἀδίκως
894 2531 990 2585 καὶ
1025 2530 1357 2600 παρανόμως
1387 2529 1482 2581 καὶ
1526 2529 1739 2592 ἀσεϐῶς
1762 2544 1775 2558 ·

217 2627 333 2689 ἴσως
350 2627 385 2677 Γ
389 2625 632 2696 εώργιον
673 2623 873 2692 μᾶλλον
896 2622 929 2692 ἦ
963 2623 1057 2676 τὸν
1086 2621 1474 2676 Κωνστάντιον
1501 2620 1777 2686 δεδοικὼς,

216 2720 389 2772 ἑαυτὸν
414 2718 870 2787 παρεφύλαττεν,
904 2718 952 2769 εί
978 2714 1349 2786 μετριώτερον
1387 2716 1518 2785 ὑμῖν
1557 2714 1656 2767 καὶ
1684 2730 1780 2766 πο-

217 2811 574 2881 λιτικώτερον,
610 2808 748 2862 ἀλλά
780 2808 854 2878 μὴ
883 2807 1774 2878 τυραννικώτερονπροσεφέρετο.

216 2903 415 2955 Τούτων
461 2901 560 2956 οὖν
621 2900 809 2952 ἕνεκεν
872 2898 1221 2970 ὀργιζόμενοι
1273 2898 1352 2970 τῷ
1401 2898 1543 2960 θεοῖς
1595 2896 1777 2967 ἐχθρῷ

216 2995 476 3067 Γεωργίῳ,
529 2993 636 3063 τὴν
700 2993 857 3062 ἱερὰν
908 2992 1063 3053 αὖθις
1118 2992 1379 3060 ἐμιάνατε
1416 2990 1591 3051 πόλιν,
1655 2989 1777 3054 ἐξδν
1826 3012 1832 3019 ο

219 3083 527 3136 ὑποϐάλλειν
558 3081 728 3135 αὐτὸν
758 3082 882 3142 ταῖς
910 3080 1021 3132 τῶν
1054 3078 1326 3131 δικαστῶν
1359 3077 1584 3147 ψήφοις.
1619 3076 1776 3129 Οὕτω

218 3174 313 3242 γὰρ
327 3174 538 3240 ἐγίνετο
567 3172 639 3225 ἂν
660 3170 723 3222 οὐ
743 3169 924 3237 φόνος,
942 3168 1063 3221 οὐδὲ
1093 3186 1163 3219 πα
1175 3168 1412 3237 ρανομία
1436 3167 1497 3219 τὸ
1518 3166 1775 3233 πρᾶγμα,

218 3267 329 3335 δίκη
357 3268 413 3320 δέ
446 3264 727 3337 ἐμμελὴς,
762 3263 906 3332 ὑμᾶς
970 3261 1068 3330 μὲν
1096 3259 1306 3322 ἀθώους
1358 3260 1535 3327 πάντη
1572 3260 1779 3326 φυλάτ-

215 3378 387 3423 τουσα,
421 3358 829 3430 τιμωρουμένη
868 3357 967 3423 μὲν
994 3355 1086 3406 τὸν
1120 3353 1316 3407 ἀνίατα
1344 3353 1775 3423 δυσσεϐησαντα,

216 3453 624 3522 σωφρονίζουσα
672 3450 729 3503 δέ
785 3449 914 3511 τοὺς
968 3448 1165 3510 ἄλλους
1225 3447 1459 3512 πάντας,
1519 3448 1635 3500 ὅσοι
1668 3446 1777 3499 τῶν

213 3543 335 3597 θεῶν
356 3543 697 3615 ὀλιγωροῦσι
721 3583 737 3608 ,
773 3543 864 3595 καί
892 3542 1119 3611 προσέτι
1149 3540 1245 3602 τὰς
1276 3539 1530 3601 τοιαύτας
1560 3538 1768 3601 πόλεις,

213 3634 445 3700 καὶτοὺς
482 3635 795 3696 ἀνθοῦντας
826 3633 1034 3704 δήμους
1065 3634 1123 3685 ἐν
1151 3631 1329 3685 οὐδενί
1367 3632 1645 3695 τίθενται,
1676 3630 1777 3699 τῆς

212 3730 409 3784 ἑαυτῶν
469 3730 531 3784 δὲ
602 3728 893 3781 ποιοῦνται
956 3728 1240 3797 πάρεργον
1308 3725 1628 3786 δυναστείας
1683 3723 1780 3793 τὴν

213 3819 321 3874 κατ’
347 3821 581 3874 ἐκείνων
609 3818 890 3889 ὠμότητα.
939 3817 1325 3887 Παραϐἀλλετε
1360 3815 1543 3869 τοίνυν
1572 3813 1777 3886 ταύτην

212 3931 305 3981 μου
331 3912 429 3985 τὴν
475 3911 800 3982 ἐπιστολὴν,
924 3910 1107 3982 μικρῷ
1166 3909 1402 3980 πρόσθεν
1447 3908 1773 3963 ἐπέστειλαο

213 4004 296 4055 καὶ
323 4004 382 4056 τὸ
434 4003 702 4072 διάφορον
759 4002 1179 4070 κατανοήσατε·
1236 3999 1443 4062 πόσους
1476 3998 1576 4069 μὲν
1622 3998 1776 4069 ὑμῶν

208 4096 453 4158 ἐπαίνους
487 4095 736 4163 ἔγραφον
771 4093 929 4145 τότε·
960 4093 1079 4147 νυνὶ
1120 4092 1199 4157 δὲ,
1228 4092 1305 4160 μα
1344 4091 1474 4155 τοὺς
1505 4092 1690 4157 θεοὺς,
1720 4092 1777 4144 ὁ·

211 4187 366 4252 φείλω
397 4190 548 4255 ὑμᾶς
583 4186 829 4239 ἐπαινεῖν
854 4225 870 4251 ,
909 4185 970 4238 ού
1000 4184 1238 4255 δύναμαι
1267 4184 1324 4236 δέ
1363 4182 1454 4236 διὰ
1476 4181 1575 4254 τὴν
1599 4200 1777 4254 παρα-

210 4279 412 4347 νομίαν.
464 4278 663 4347 Τολμᾷ
711 4266 916 4347 δῆμος,
969 4276 1159 4345 ὥσπερ
1189 4277 1239 4329 οἱ
1271 4276 1454 4339 κύνες,
1484 4276 1777 4344 ἄνθρωπον

210 4374 589 4443 σπαράττεινς
638 4366 773 4424 Εῐτα
828 4371 930 4423 οὐκ
977 4369 1295 4439 αἰσχύνεται
1349 4366 1459 4421 καῖ’
1484 4367 1778 4437 φυλάττειν

210 4462 446 4535 καθαρὰς
471 4464 581 4526 τὰς
604 4464 824 4533 χεῖρας,
855 4460 931 4525 ὡς
960 4463 1265 4530 προσάγειν
1296 4459 1434 4530 πρὸς
1461 4459 1586 4522 τοὺς
1617 4459 1773 4522 θεοὺς
1805 4484 1852 4542 Β

211 4554 429 4622 αἵματος
469 4552 929 4623 καθαρευούσαςς
977 4550 1142 4604 Ἀλλὰ
1192 4550 1468 4621 Γεώργιος
1507 4549 1658 4615 ἄξιος
1707 4546 1776 4619 ἦν

209 4642 293 4696 τοῦ
317 4644 550 4698 τοιαῦτα
588 4644 811 4710 παθεῖν;
848 4644 943 4697 xui.
973 4641 1183 4696 τούτων
1215 4641 1346 4705 ἴσως
1374 4641 1485 4709 ἐγὼ
1511 4642 1678 4712 φαίην
1709 4642 1776 4695 ἂν

210 4734 420 4805 χείρονα
452 4736 553 4790 καὶ
580 4736 891 4805 πικρότερα
912 4746 928 4764 ⁸
957 4736 1052 4787 καὶ
1082 4733 1152 4786 δι’
1205 4733 1350 4801 ὑμᾶς
1384 4734 1597 4803 ἐρεῖτε;
1627 4730 1777 4801 Σύμ-

212 4844 345 4898 ςςημι
379 4830 478 4883 καὶ
505 4829 692 4892 αὐτός.
743 4829 888 4897 Ιίαρ⁹
936 4827 1093 4898 ὑμῶν
1129 4827 1207 4892 δέ,
1249 4826 1297 4879 εἰ
1334 4826 1774 4895 λέγοιτο.τοῦτο,

210 4918 383 4971 οὗκέτι
433 4918 753 4989 συγχωρῶ·
784 4919 942 4986 νόμοι
997 4919 1106 4987 γὰρ
1161 4918 1300 4972 εἰσὶν
1339 4916 1432 4982 οὓς
1476 4918 1582 4988 χρὴ
1616 4921 1779 4987 τιμᾶ-

212 5006 361 5059 σθαι·
400 5009 648 5077 μάλιστα
694 5008 798 5078 μὲν
838 5009 944 5062 ὑπὸ
1000 5010 1224 5064 πάντων
1258 5010 1365 5079 ἰδίᾳ
1400 5013 1495 5062 καὶ
1547 5009 1779 5081 στέργει

213 5097 327 5151 σθαι
353 5118 369 5132 ο
400 5101 547 5170 πλὴν
582 5102 770 5172 ἐπειδὴ
809 5101 1104 5171 συμϐαίνει
1133 5102 1241 5155 τῶν
1267 5101 1605 5155 καθέκαστόν
1628 5118 1791 5164 τινας

211 5195 575 5261 παρανομεῖν,
622 5193 760 5247 ἀλλά
787 5194 855 5248 τὰ
898 5193 1056 5247 κοινὰ
1086 5192 1217 5262 γοῦν
1248 5192 1597 5262 εὐνομεῖσθαι
1646 5192 1776 5262 χρὴ.

210 5283 293 5334 καὶ
322 5284 651 5355 πειθαρχεῖν
678 5289 791 5351 τοῖς
830 5288 1019 5356 νόμοις
1049 5288 1218 5358 ὑμᾶς.
1251 5286 1345 5340 καὶ
1392 5286 1468 5355 μὴ
1504 5286 1779 5357 παραϐαί-

210 5388 309 5426 νειν
339 5376 568 5447 ὅσαπερ
597 5377 654 5443 ἐξ
691 5380 868 5451 ἀρχῆς
920 5380 1187 5450 ἐνομίσθη
1238 5380 1442 5443 καλῶς.
1480 5378 1779 5450 Εὐτύχημα

208 5470 423 5532 γέγονεν
457 5472 616 5540 ὑμῖν,
641 5471 837 5542 ἄνδρες
870 5471 1271 5540 Ἀλεξανδρεῖς,
1308 5471 1394 5523 ἐπ’
1432 5469 1568 5540 ἐμοῦ
1597 5471 1780 5539 πλημ-

215 5559 438 5631 μελῆσαι
495 5562 709 5617 τοιοῦτό
741 5577 832 5616 τι-’
871 5563 932 5627 ὃς
988 5563 1130 5617 αἰδοῖ
1162 5565 1229 5635 τῇ
1289 5563 1430 5635 πρὸς
1480 5563 1573 5616 τδν
1620 5562 1776 5627 Θεὸν,

212 5651 295 5701 καὶ
324 5652 416 5706 διὰ
446 5653 547 5705 τὸν
570 5651 706 5707 θεῖον
734 5657 828 5707 τὸν
864 5655 997 5724 ἐμὸν
1034 5657 1130 5708 καὶ
1161 5653 1477 5724 ὁμώνυμον.
1507 5655 1566 5719 ὃς
1609 5650 1778 5727 ἦρξεν

220 5739 379 5813 αὐτῆς
413 5761 477 5799 τε
507 5745 786 5810 Αἰγύπτου
813 5746 911 5800 καὶ
931 5746 1033 5816 τῆς
1060 5747 1337 5815 ὑμετέρας
1367 5746 1600 5815 πόλεως,
1622 5748 1777 5802 ἀδελ-

446 5842 720 5906 Ρλτιιοι.
751 5847 868 5908 Gn.
901 5842 997 5904 CX
1012 5840 1134 5912 Ll’l

1874 533 1984 587 que
2015 520 2422 574 sanctissimum
2450 519 2609 569 deum
2646 514 2964 581 Serapidem
3004 528 3110 565 non
3156 514 3446 575 veremini,

1875 611 2149 678 quomodo
2180 610 2385 680 publici
2411 608 2707 671 commodi,
2741 606 3104 659 humanitatis
3146 616 3200 658 et
3256 606 3445 659 decori

1875 700 2080 752 nullam
2119 714 2349 768 prorsus
2403 700 2672 751 rationem
2726 696 3038 749 habuistis?
3094 697 3237 748 addo
3282 698 3450 748 etiam

1877 792 2100 847 nostri?
2134 807 2276 861 quos
2309 791 2384 843 dii
2416 805 2634 851 omnes,
2689 790 2741 841 in
2803 789 2994 856 primis
3042 803 3173 840 vero
3218 803 3451 857 magnus

1879 883 2125 953 Serapis,
2162 886 2437 951 imperare
2464 882 2562 934 toti
2598 879 2718 933 orbi
2763 880 3076 932 voluerunt.
3137 880 3452 933 Convenie-

1878 977 1972 1029 bat
2001 986 2172 1038 certe,
2214 975 2570 1044 utjudicium
2602 972 2667 1025 de
2724 973 2792 1025 iis
2836 974 2927 1038 qui
2981 973 3240 1041 injuriain
3292 973 3450 1027 vobis

1879 1070 2143 1132 intulere,
2187 1066 2350 1121 nobis
2383 1077 2788 1121 reservaretur.
2844 1068 2948 1118 Sed
2992 1068 3068 1120 ira
3114 1067 3353 1122 fortasse
3393 1080 3453 1121 et

1877 1158 2031 1212 furor
2078 1173 2176 1213 vos
2226 1157 2493 1227 decepit:
2528 1158 2621 1225 qui
2673 1174 2803 1210 sane
2846 1167 3084 1210 mentem
3133 1159 3454 1211 hominibus

1877 1249 2162 1312 auferens,
2210 1250 2397 1319 gravia
2430 1250 2573 1303 solet
2612 1238 2913 1303 admittere
2961 1250 3186 1319 ﬂagitia.
3246 1250 3453 1304 Deinde

1879 1354 2065 1396 autem
2094 1341 2301 1410 impetu
2334 1340 2549 1404 sedato,
2594 1341 2853 1400 consilio,
2903 1346 3049 1410 quod
3084 1341 3269 1395 subito
3304 1352 3455 1395 recte

1879 1433 2035 1487 vobis
2063 1442 2285 1501 captum
2322 1442 2467 1497 erat,
2520 1447 2644 1485 mov
2702 1446 2798 1501 per
2829 1442 3209 1503 contemptum
3247 1434 3453 1503 legum.

1880 1523 1990 1576 vim
2039 1523 2315 1592 publicam
2355 1523 2637 1591 adjeeistis
2668 1541 2683 1577 :
2716 1541 2893 1594 neque
2938 1541 3056 1589 vos,
3104 1528 3195 1595 qui
3264 1528 3453 1595 populi

1882 1614 2105 1668 nomine
2153 1614 2484 1674 censen'iini,
2540 1630 2604 1669 ea
2642 1625 2853 1670 tentare
2903 1626 2959 1670 et
3002 1617 3185 1672 facere
3232 1618 3454 1687 puduit,

1879 1721 2002 1775 quia
2040 1706 2093 1759 in
2154 1706 2259 1759 illis
2317 1719 2466 1758 reete
2521 1705 2956 1774 reprehendistis
3010 1718 3176 1777 atque
3230 1709 3449 1763 odistis.

1886 1798 2058 1852 Dicite
2094 1813 2333 1865 namque
2371 1798 2524 1861 mibi,
2565 1813 2661 1866 per
2705 1798 3049 1866 Serapidem.
3090 1816 3339 1869 quzenam
3385 1800 3456 1854 ob

1882 1888 2079 1940 delicta
2107 1887 2341 1956 Georgio
2374 1889 2776 1942 succmtsuistis
2800 1890 2822 1940 ?
2850 1887 3258 1949 ileatissimum,
3301 1892 3452 1943 vide—

1879 1978 2043 2043 licet,
2100 1979 2340 2042 dicetis,
2401 1977 2788 2032 Constantium
2857 1982 2912 2033 in
2975 1996 3075 2034 nos
3134 1994 3455 2043 cmumovn,

1881 2070 2085 2125 deinde
2126 2071 2178 2124 iu
2226 2070 2418 2123 urbem
2465 2086 2680 2125 sacram
2730 2074 3037 2127 exercitum
3095 2075 3344 2139 induxit;
3401 2087 3460 2129 et

1889 2162 2113 2232 Agypti
2182 2162 2496 2231 praefectus,
2557 2163 2650 2218 ubi
2716 2166 3130 2220 sanctissinntm
3180 2168 3273 2221 liei
3317 2179 3457 2221 tem-

1884 2255 2030 2322 plum
2065 2252 2287 2312 invasit.
2356 2254 2642 2323 imagines,
2696 2255 2947 2320 donaria,
2999 2269 3054 2310 et
3102 2274 3318 2311 sacrum
3370 2274 3461 2311 or-

1882 2355 2068 2398 natum
2132 2344 2383 2413 diripuit,
2440 2345 2598 2399 vobis
2659 2349 2858 2401 merito
2926 2349 3345 2418 indignantibus
3395 2361 3453 2404 et

1885 2435 2054 2488 Deum
2101 2451 2197 2489 seu
2249 2438 2436 2506 potius
2464 2438 2603 2491 bona
2637 2438 2734 2492 Dei
2773 2438 3074 2494 defendere
3111 2442 3452 2497 Veientibus.

1880 2527 2060 2596 Atque
2104 2528 2215 2582 ille'
2247 2539 2489 2584 armatos
2547 2530 2602 2584 in
2662 2547 2761 2586 vos
2814 2533 3024 2601 inique,
3085 2534 3367 2603 illegititnc
3399 2546 3456 2590 et

1881 2618 2050 2687 impie
2099 2620 2395 2674 immittere
2451 2630 2538 2675 est
2589 2637 2800 2685 ausus,
2864 2623 3105 2678 fortasse
3154 2625 3453 2697 Georgium

1884 2712 2056 2776 magis
2102 2726 2268 2781 quam
2302 2711 2692 2766 Constantium
2745 2723 3001 2769 metuens
3050 2733 3064 2768 :
3111 2717 3204 2781 qui
3257 2718 3457 2774 melius

1881 2801 2093 2869 sihiipsi
2145 2801 2553 2867 consuluisset,
2613 2803 2658 2856 si
2711 2804 2999 2859 moderate
3052 2807 3339 2869 vobiscum
3394 2822 3453 2863 ct

1879 2894 2141 2958 civiliter,
2172 2909 2275 2948 nec
2309 2907 2413 2947 tam
2444 2897 2731 2966 tyrannice
2761 2898 2985 2966 egisset.
3032 2901 3134 2968 21
3196 2901 3453 2956 Scdenim

1880 3000 1973 3039 eas
2011 2986 2082 3040 ob
2128 2986 2359 3056 injurias
2410 2988 2640 3042 deorum
2709 2990 2854 3045 hosti
2921 2992 3159 3063 Georgio
3225 2984 3451 3057 infersi,

1882 3093 2097 3131 sacram
2146 3078 2363 3146 piaculo
2402 3081 2828 3136 contaminastis
2877 3084 3093 3146 urbem,
3143 3101 3265 3139 cum
3303 3089 3455 3141 illum

1878 3171 2125 3239 judicum
2156 3172 2385 3225 calculis
2414 3174 2688 3243 subjicere
2716 3180 3033 3243 potueritis.
3061 3180 3151 3233 Sic
3182 3184 3329 3234 enim
3366 3197 3454 3237 res

1880 3279 1943 3317 ea
1980 3279 2088 3316 non
2123 3265 2324 3325 cmdes,
2354 3283 2528 3334 neque.
2555 3269 2731 3335 legum
2754 3270 3000 3334 violatio,
3026 3272 3119 3325 Sed
3152 3274 3457 3343 legitimum

1882 3355 2074 3410 fuisset
2129 3358 2404 3425 judicium
2460 3378 2473 3411 :
2527 3363 2675 3427 quod
2752 3379 2847 3415 vos
2902 3365 3125 3432 quidem
3189 3368 3459 3423 immcuos

1881 3462 2290 3513 conservasset,
2333 3452 2487 3503 illum
2535 3463 2718 3506 autem
2770 3455 2863 3522 qui
2916 3458 3149 3510 maxima
3182 3462 3459 3515 commisit

1879 3542 2151 3605 facinora,
2198 3545 2574 3603 coercuisset.
2628 3557 2790 3614 atque
2835 3562 3027 3599 omnes
3080 3560 3343 3616 przutcrra
3390 3555 3456 3606 al

1880 3635 2164 3688 meliorem
2233 3635 2442 3704 [iugem
2515 3636 2856 3699 reduxisset,
2925 3639 3017 3707 qui
3081 3643 3215 3696 deos
3264 3654 3457 3697 conte-

1880 3735 2098 3785 mnunt.
2131 3736 2183 3779 ct
2215 3735 2397 3780 tantas
2433 3729 2595 3781 urbes
2628 3734 2971 3800 populosque
3007 3733 3269 3789 ﬂorentes
3301 3736 3456 3789 nihili

1878 3818 2106 3880 faciunt,
2159 3820 2531 3888 potestatique
2602 3839 2736 3883 sine,
2781 3824 3049 3877 adversus
3123 3827 3250 3881 illos
3295 3847 3453 3883 seve-

1880 3910 2131 3974 ritatem,
2208 3913 2435 3980 perinde
2493 3923 2659 3982 atque
2718 3917 3091 3972 accessionem
3154 3922 3451 3990 quamdam

1880 4003 2169 4073 adjiciunt.
2227 4006 2489 4059 Conferte
2553 4005 2697 4061 hanc
2759 4024 2883 4061 cum
2943 4026 3006 4063 ea
3070 4028 3233 4081 quam
3290 4021 3455 4085 paufo

1880 4103 2017 4147 ante.
2063 4095 2129 4147 ad
2171 4109 2264 4148 vos
2312 4095 2439 4148 dedi
2490 4098 2748 4165 cpistola,
2797 4113 2851 4153 et
2897 4112 3165 4170 quantum
3217 4104 3360 4161 inter
3397 4126 3455 4163 se

1879 4181 2499 4252 diti‘erantcognoscite.
2535 4189 2682 4251 Quas
2707 4191 2853 4241 enim
2888 4200 2999 4244 tmn
3036 4193 3105 4247 ad
3137 4211 3235 4251 vos
3262 4197 3460 4256 laudes

1879 4272 2119 4342 scripsi?
2154 4272 2312 4327 Nune
2333 4289 2493 4340 vero,
2530 4293 2629 4346 per
2657 4282 2791 4332 deos
2822 4280 2970 4348 ipsos
2991 4282 3140 4353 juro,
3173 4284 3456 4342 laudarem

1880 4363 2108 4433 quidem
2150 4380 2248 4418 vos
2307 4367 2572 4433 libenter,
2634 4371 2812 4425 facere
2874 4372 2928 4425 id
2987 4386 3170 4429 autem
3232 4388 3458 4448 propter

1880 4455 2033 4525 leges
2060 4456 2294 4511 violatas
2324 4475 2567 4528 nequeo.
2604 4461 2857 4517 Audetne
2900 4466 3161 4534 p0pulus,
3200 4481 3259 4522 ut
3291 4487 3457 4525 canes

1879 4548 2080 4611 solent,
2132 4548 2413 4603 hominem
2455 4551 2817 4621 discerpere?
2869 4555 3074 4611 Deinde
3116 4557 3271 4611 illum
3322 4562 3448 4629 ejus

1883 4640 1958 4694 rei
1998 4639 2137 4694 nihil
2183 4642 2374 4711 pudet,
2434 4658 2617 4713 neque
2674 4662 2844 4714 puras
2889 4640 3086 4704 manus
3121 4665 3456 4706 conservare

1881 4742 2063 4794 curat,
2121 4741 2179 4785 ut
2229 4748 2325 4788 cas
2376 4735 2586 4804 absque
2640 4738 2927 4806 sanguinis
2983 4742 3455 4800 contaminatione

1880 4824 2148 4878 innocuas
2189 4826 2257 4880 ad
2309 4825 2444 4880 deos
2500 4829 2726 4881 tendat?
2769 4828 2969 4883 Verum
3019 4831 3310 4905 Georgius,
3358 4841 3453 4908 qui

1882 4916 2009 4971 talia
2059 4926 2364 4986 pateretur,
2416 4919 2637 4989 dignus'
2671 4932 2794 4976 erat
2830 4938 2847 4976 :
2880 4925 2992 4979 imo
3043 4929 3298 4995 lortasse,
3355 4948 3458 5001 ego

1885 5008 2143 5074 dixerim,
2185 5009 2335 5064 hisce
2387 5012 2643 5078 graviora
2689 5023 2747 5068 et
2802 5017 3094 5072 acerbiora
3131 5036 3145 5074 :
3182 5029 3240 5075 et
3273 5036 3455 5079 vestra

1880 5121 2044 5161 causa
2096 5105 2338 5161 dicetis?
2389 5107 2540 5161 idem
2591 5124 2695 5179 ego
2737 5126 2957 5181 quoque
3001 5115 3125 5169 dico
3163 5135 3177 5171 :
3216 5118 3297 5170 sin
3342 5129 3452 5171 uta

1882 5198 2039 5253 vobis
2074 5198 2192 5254 haec
2223 5209 2530 5269 pateretur,
2581 5203 2802 5269 dicatis,
2856 5206 2908 5260 id
2934 5208 3046 5277 jam
3082 5225 3190 5264 non
3223 5226 3454 5265 conces-

1880 5292 2070 5346 serim.
2118 5293 2289 5363 Leges
2338 5294 2486 5350 enim
2552 5306 2702 5363 sunt,
2750 5315 2877 5369 quae
2922 5301 3123 5356 delicta
3171 5313 3452 5358 coercent.

1882 5384 1953 5439 Et
2009 5385 2249 5439 maxime
2305 5388 2529 5456 quidem
2588 5407 2686 5458 pro
2721 5406 2780 5446 se
2813 5393 3048 5462 quisque
3082 5394 3326 5450 universi
3358 5412 3452 5451 eas

1883 5492 2111 5531 servare
2138 5476 2364 5532 debent.
2396 5480 2463 5533 Et
2489 5482 2744 5549 quamvis
2780 5483 3016 5547 accidat,
3049 5495 3109 5537 ut
3141 5502 3207 5540 ex
3238 5488 3453 5544 civibus

1881 5567 2137 5622 nonnulli
2172 5579 2365 5622 contra
2396 5570 2541 5639 leges
2575 5582 2760 5640 agant,
2809 5575 3120 5642 respublica
3159 5586 3342 5633 tamen
3395 5590 3453 5634 ct

1880 5658 2119 5728 populus
2151 5658 2267 5727 ipse
2320 5660 2534 5730 legibus
2571 5664 2683 5733 regi
2742 5674 2800 5718 et
2835 5666 3326 5725 constitutionibus
3355 5689 3455 5741 pa-

1882 5764 2023 5818 rere,
2056 5766 2236 5821 neque
2269 5767 2390 5821 qua:
2417 5754 2487 5810 ab
2522 5755 2683 5811 initio
2722 5769 2873 5813 recte
2909 5769 3114 5815 statuta
3148 5772 3300 5830 sunt,
3333 5766 3451 5818 vio-

2948 5856 3013 5915 15
