3970 6190
431 307 562 369 ’49

1683 315 2102 375 ΝιαΕριΙΟιιι
2151 314 2498 376 CALLIS’I‘I

3591 313 3704 376 ‘6‘)

456 428 573 480 lare
625 423 809 480 debet.
894 425 1189 479 Felicitatis
1245 426 1406 491 loco,
1478 427 1584 483 viri
1641 429 2024 495 Alexandrini,

2138 431 2296 500 ρικῖιν
2319 431 2449 501 ὑμῖν
2475 430 2682 484 ἔννοιαν
2724 427 3015 494 ἀποσὼζω.
3054 429 3130 483 Τὸ
3157 429 3265 501 γὰρ
3309 429 3409 500 τῆς
3447 416 3707 495 ἐξουσίας

457 520 662 571 ducere
723 519 976 585 potestis,
1026 517 1173 585 quod
1228 517 1495 573 delictum
1535 520 1641 578 hoc
1681 532 1928 576 vestrum
1967 524 2023 575 in

459 607 682 676 imperii
709 607 814 660 ιιι(ιί
846 615 1089 675 tempora
1121 608 1311 661 incidit
1343 628 1356 662 :
1385 610 1478 679 qui
1511 620 1736 681 propter
1766 626 2031 666 reveren-

463 702 591 753 tiam
653 713 783 768 erga
825 699 1017 764 Deum,
1063 708 1121 753 et
1166 709 1394 769 prapler
1450 704 1835 773 cognominem
1888 704 2023 758 mihi

459 791 814 855 avunculum,
848 790 943 858 qui
981 788 1220 861 .Egypto
1258 802 1314 847 et
1361 794 1483 848 urbi
1514 804 1710 848 vestrm
1756 811 1881 849 cum
1919 795 2023 848 im-

460 881 615 950 perio
645 880 885 949 prefuit,
916 881 1220 936 fraternam
1265 898 1393 954 erga
1447 900 1546 938 vos
1579 884 2020 941 benevolentiam

458 982 750 1023 conservo.
778 968 899 1025 Non
926 971 1074 1024 enim
1108 972 1372 1041 populum
1405 973 1642 1042 aliquem
1667 975 1870 1029 audere
1892 991 2023 1030 cou-

460 1063 635 1127 vcnit,
668 1071 997 1131 potestatem
1055 1080 1350 1130 summam,
1410 1081 1535 1133 qua:
1589 1067 1873 1121 contemni
1914 1084 2025 1122 non

458 1153 644 1219 debet,
674 1164 731 1210 ct
764 1156 1114 1211 seVerilatem
1142 1157 1639 1229 sinceritatemque
1669 1161 1888 1231 imperii
1929 1162 2027 1217 ob-

459 1247 623 1313 tinet,
658 1247 949 1316 despicere
982 1265 1095 1301 :ne
1144 1249 1511 1305 temeritatem
1566 1261 1797 1315 tantam,
1830 1314 1835 1318 ,
1864 1252 2024 1307 sicuti

459 1355 679 1409 gravem
724 1340 974 1409 aliquem
1044 1342 1324 1405 morbum,
1391 1342 1673 1398 acerbiore
1728 1360 2025 1415 repurgare

462 1447 601 1499 opus
637 1433 711 1487 sit
754 1434 1024 1487 remedio.
1069 1433 1319 1491 Exhibeo
1351 1446 1537 1490 autem
1574 1445 1629 1490 ct
1662 1452 1910 1507 propono
1939 1454 2030 1492 vo-

2128 523 2602 593 ἀκαταφρόνητον,
2634 526 2729 578 καὶ
2771 523 2834 576 τὸ
2886 524 3267 593 ἀπηνέστερον
3313 525 3412 575 καὶ
3452 522 3712 592 καθαρδι

2124 617 2227 687 τῆς
2260 616 2459 685 ἀρχῆς,
2487 614 2678 668 οὔποτ’
2720 615 2787 669 ἃν
2824 615 3005 684 δήμου
3038 614 3309 680 περιιδεῖν
3331 614 3588 684 τόλμημα
3626 616 3709 683 μὴ

2084 772 2094 782 ,
2125 710 2381 780 καθάπερ
2434 708 2652 779 νόσημα
2685 706 2946 777 χαλεπὸν,
3004 707 3321 777 πικροτέρῳ
3360 705 3709 783 διακαθᾶραι

2125 804 2426 872 φαρμάκῳ.
2456 800 2764 870 Προσφὲρω
2789 798 2849 853 δέ
2878 798 2992 867 ἐγὼ
3018 799 3153 869 ὑμῖν
3172 798 3240 852 δι’
3268 798 3455 869 ἇσπερ
3471 797 3709 869 ἔναγχος
3804 874 3811 879 ι

2128 892 2269 961 ἔφην
2316 892 2517 954 αίτίας,
2553 892 2619 942 τὸ
2683 891 3151 961 προσηνέστατον,
3215 890 3547 960 παραίνεσιν
3604 893 3710 944 καὶ

2130 983 2323 1053 λόγους
2348 998 2361 1011 °
2395 983 2483 1053 ἐφ’
2508 977 2583 1038 ὧν
2615 977 2677 1037 εὖ
2715 979 2813 1035 οἷδ’
2840 984 2925 1035 δτι
2958 964 3328 1051 πεισθήσεσθε
3363 981 3593 1051 μᾶλλον,
3620 980 3708 1031 εί-

2126 1092 2235 1144 περ
2266 1074 2414 1139 ἐστὶ,
2470 1073 2726 1145 καθάπερ
2782 1073 2990 1139 ἀκούω,
3039 1073 3102 1127 τὸ
3132 1072 3365 1143 ἀρχαῖον
3386 1072 3657 1141 Ἕλληνες
3683 1087 3705 1104 ο

2124 1168 2175 1220 εί
2216 1169 2313 1219 καὶ
2330 1166 2399 1220 τά
2431 1164 2527 1218 νῦν
2547 1165 2638 1218 ἐπὶ
2686 1164 2787 1234 τῆς
2840 1164 3123 1232 εὐγενείας
3175 1163 3396 1233 ἐκείνης
3457 1161 3694 1216 ὕπεστιν

2127 1260 2258 1328 ὑμῖν
2287 1258 2565 1326 ἀξιόλογος
2598 1258 2695 1312 καὶ
2738 1257 2987 1326 γενναῖος
3017 1256 3075 1309 ἐν
3124 1257 3192 1326 τῇ
3226 1254 3439 1325 διανοίᾳ
3464 1256 3562 1308 καὶ
3587 1256 3709 1316 τοῖς

2127 1348 2567 1419 ἐπιτηδεύμασιν
2595 1350 2624 1401 ὁ
2670 1348 2989 1418 χαρακτήρ.
3021 1347 3350 1416 Προτεθήτω
3380 1348 3496 1411 τοῖς
3546 1347 3709 1416 ἐμοῖς

2128 1441 2375 1504 πολίταις
2416 1438 2851 1509 ’Δλεξανδρεῦσι.
2886 1456 2906 1489 ι

464 1529 571 1589 Με,
603 1527 676 1580 ob
707 1541 800 1581 eas
834 1542 973 1595 quas
1006 1528 1169 1582 modo
1204 1527 1317 1582 dixi
1358 1544 1581 1593 causas,
1609 1545 1873 1600 perquam
1945 1533 2159 1601 placide
2220 1534 2668 1589 cobortstionem
2727 1541 2785 1587 et
2816 1531 3013 1596 verba,
3045 1531 3252 1601 quibus
3303 1546 3403 1589 vos
3432 1535 3538 1602 (sat
3560 1535 3708 1598 scio)

459 1621 968 1691 persuadebimini:
1003 1620 1301 1693 siquidem,
1355 1631 1415 1675 ut
1467 1623 1654 1688 audio,
1709 1624 1780 1678 ab
1814 1626 2028 1696 origine
2065 1626 2241 1683 Graeci
2291 1624 2465 1691 'estis,
2505 1634 2671 1697 atque
2736 1639 2887 1681 nunc
2914 1625 3084 1680 etiam
3117 1640 3187 1680 ex
3212 1625 3386 1680 veteri
3416 1624 3508 1679 illa
3538 1625 3707 1678 nobi—

468 1722 622 1774 litate
682 1721 736 1773 in
788 1719 993 1773 animis
1049 1718 1359 1788 studiisque
1404 1721 1603 1774 vestris
1676 1722 1941 1791 impressa
1991 1732 2075 1778 est
2114 1724 2347 1795 insignis
2397 1724 2580 1794 aliqua

459 1816 675 1869 civibus
701 1813 841 1869 meis
868 1812 1276 1869 Alexandrinis.
1319 1831 1338 1858 ι

2658 1732 2715 1779 et
2757 1736 3022 1794 generosa
3072 1719 3307 1776 indoles.
3354 1720 3710 1790 PrOponatur

534 1910 641 1978 22
697 1907 789 1963 Sic
841 1908 1142 1977 imperator
1183 1908 1391 1978 scripto
1421 1909 1527 1964 isto
1556 1923 1665 1964 non
1692 1911 2030 1967 Christianis

2209 1909 2319 1961 Ka‘t
2371 1911 2400 1962 ὁ
2455 1907 2558 1975 μὲν
2590 1905 2847 1975 βασιλεὺς
2876 1901 3107 1958 τοιαῦτα
3152 1902 3405 1974 γράφων,
3441 1902 3585 1957 ἐοικε
3627 1906 3710 1975 μὴ

464 1998 637 2067 magis
693 2012 858 2066 quam
913 1997 1287 2051 Alexandrino
1340 1999 1565 2068 populo,
1625 2015 1847 2056 causam
1905 2004 2027 2073 ejus

462 2090 628 2145 cmdis
665 2089 942 2144 ascribere
974 2088 1212 2143 videtur.
1250 2090 1325 2144 De
1363 2090 1565 2145 Iuliani
1610 2102 1817 2157 autem,
1863 2095 2027 2163 cujus

468 2180 631 2234 modo
682 2180 1060 2243 meminimus,
1105 2180 1339 2243 saevitia,
1392 2181 1507 2235 haec
1558 2182 1829 2237 feruntur.
1887 2165 2024 2239 Cum

466 2274 513 2326 is
545 2272 804 2325 Ecclesia:
847 2270 1208 2326 Antioeheuze
1260 2272 1525 2326 mundum
1566 2283 1732 2342 atque
1769 2284 2025 2329 ornatum

465 2364 750 2433 permagni
783 2363 948 2433 pretii
979 2363 1225 2421 auferre.
1250 2372 1306 2417 et
1340 2363 1721 2433 imperialibus
1754 2366 2029 2423 thesauris

462 2457 691 2520 inferre,
739 2472 804 2510 ac
854 2457 1058 2526 templa
1094 2458 1523 2527 arationumque
1550 2458 1747 2513 domos
1775 2457 2031 2513 ﬁdelibus

462 2546 719 2598 claudere
769 2546 1160 2600 constituisset
1206 2564 1219 2600 :
1269 2548 1454 2602 clerus
1510 2547 1731 2616 quidem
1786 2549 2030 2618 reliquus

460 2638 725 2708 profugit,
771 2638 926 2692 solus
963 2647 1147 2692 autem
1182 2638 1571 2693 Tlteodoretus
1610 2640 1688 2709 (Ι)
1740 2639 2029 2709 presbyter

464 2729 540 2784 ibi
580 2730 902 2799 permansit.
949 2730 1104 2785 IIunc
1138 2731 1285 2800 quod
1334 2745 1623 2785 sacrorum
1665 2731 2028 2786 denariorum

346 2847 355 2856 -
464 2835 653 2878 custos
705 2835 875 2888 esset,
933 2833 990 2878 et
1037 2822 1283 2878 indicare
1334 2839 1423 2889 ea,
1470 2824 1517 2879 si
1558 2824 1764 2888 vellet,
1820 2833 2027 2894 posset,

464 2914 725 2984 quodque
772 2915 824 2968 vi
883 2913 1103 2970 admota
1159 2914 1214 2968 id
1264 2914 1445 2969 facere
1507 2915 1695 2978 nollet,
1746 2926 2027 2985 arreptum

463 3005 766 3059 crudeliter
793 3003 1162 3068 excruciavit,
1204 3013 1260 3058 et
1307 3012 1587 3073 postremo
1612 3004 1792 3075 gladio
1820 3006 2029 3060 intere-

468 3097 565 3150 mit
602 3114 615 3150 :
652 3111 779 3151 cum
820 3096 1045 3165 quidem
1076 3096 1142 3150 ad
1171 3095 1434 3166 quaelibet
1464 3096 1734 3151 intentata
1782 3097 1887 3151 sibi
1918 3107 2032 3151 tor-

468 3199 654 3243 menta
683 3202 966 3258 generosa:
1016 3189 1218 3243 utentis
1270 3202 1598 3259 responsum
1648 3189 1915 3253 dedisset,
1974 3198 2031 3245 et

2134 2001 2488 2071 Χριστιανοῖς
2522 1998 2728 2067 μᾶλλον
2781 1998 2817 2068 ἢ
2851 1997 2930 2065 τῷ
2967 1998 3128 2066 δήμῳ
3166 1995 3269 2063 τῆς
3306 1994 3713 2067 Ἀλεξανδρέων

2134 2094 2233 2161 τὴν
2264 2093 2447 2144 αἰτίαν
2495 2088 2812 2143 ἀνατιθείςο
2862 2089 2991 2158 περὶ
3048 2086 3107 2139 δέ
3146 2087 3243 2155 τῆς
3286 2088 3559 2153 ἀπηνείας
3607 2088 3710 2140 τοῦ

2137 2181 2538 2251 προειρημένου
2556 2176 2848 2231 Ἰουλιανοῦ
2880 2178 2976 2229 καὶ
3003 2176 3130 2230 τάδε
3161 2176 3297 2244 φασί
3322 2193 3336 2206 ·
3373 2175 3710 2246 βουλομένου

2135 2276 2245 2343 γὰρ
2271 2271 2433 2325 αὐτοῦ
2470 2272 2559 2323 τὸν
2612 2272 2815 2339 κνῐσμον
2862 2271 2962 2337 τῆς
3008 2268 3331 2338 Ἀντιοχέων
3370 2269 3713 2337 Ἐκκλησίας

2135 2365 2406 2435 πολυτελῆ
2441 2380 2504 2432 γε
2533 2363 2665 2415 δντα
2715 2361 3057 2431 μεταθεῖναι,
3104 2360 3201 2413 καὶ
3247 2360 3363 2421 τοῖς
3396 2358 3714 2429 βασιλικοῖς

2136 2457 2433 2528 θησαυροῖς
2459 2455 2701 2528 ἐντάξαι.
2724 2454 2823 2506 καὶ
2852 2453 2978 2514 τοὺς
2996 2451 3322 2521 εὐκτηρίους
3338 2450 3395 2503 δέ
3414 2450 3523 2502 τῶν
3539 2452 3718 2504 οἴκων

2135 2551 2247 2611 τοῖς
2286 2548 2498 2607 πιστοῖς
2523 2544 2875 2607 ἀποκλεῖσαι,
2904 2544 3033 2605 τοὺς
3067 2542 3170 2611 μὲν
3209 2541 3405 2604 ἀλλους
3431 2541 3539 2593 τῶν
3574 2542 3716 2610 κλη-

2137 2641 2310 2711 ρικῶν
2338 2638 2550 2692 ἀπιδεῖν
2568 2676 2585 2700 ,
2623 2641 2784 2706 μόνον
2813 2636 2872 2688 δέ
2905 2633 3258 2705 Θεοδὼρητον
3281 2634 3372 2687 τδν
3398 2633 3713 2705 πρεσϐύτε-

2140 2747 2234 2801 ρον
2271 2729 2347 2799 μὴ
2377 2727 2595 2782 ἑλέσθαι
2623 2728 2722 2796 τὴν
2753 2723 3131 2797 ὑποχώρησιν.
3165 2724 3368 2778 Τοῦτον
3399 2724 3457 2776 δδ
3486 2723 3714 2792 φύλακα

2136 2822 2268 2876 δντα
2295 2820 2403 2875 τῶν
2433 2820 2738 2890 κειμηλίων
2770 2817 2869 2872 καὶ
2899 2814 3289 2887 καταμηνύσαι
3330 2815 3505 2869 ταῦτα
3549 2815 3719 2868 δυνάο

2142 2930 2305 2984 μενον
2325 2953 2340 2979 ,
2366 2912 2490 2965 ἐπεὶ
2514 2910 2589 2981 μή
2614 2909 2765 2963 τοῦθ’
2792 2910 2981 2981 ᾑρεῖτο
3021 2907 3430 2976 ἐκϐιαζόμενος,
3461 2909 3541 2970 είς
3596 2910 3718 2977 χεῖ·

2141 3020 2238 3073 ρας
2260 3000 2464 3067 λαϐὼν,
2513 3000 2735 3073 ᾐκίζετο
2784 2998 3032 3069 ἀπηνῶς.
3068 2997 3236 3061 Τέλος
3270 2998 3329 3051 δέ
3370 2998 3467 3052 καὶ
3494 2998 3587 3050 τὸν
3618 2997 3718 3051 διὰ

2140 3084 2330 3166 ξίφους
2363 3094 2542 3164 ἐπῆγε
2568 3093 2821 3157 θάνατον,
2849 3088 3106 3159 γενναίαν
3132 3089 3219 3159 ἐφ’
3253 3087 3461 3161 ἐκάστῃ
3484 3087 3719 3159 βασάνῳ

2138 3194 2240 3263 τὴν
2270 3190 2565 3261 ἀπόκρισιν
2597 3187 3017 3259 προϊσχόμενον,
3051 3184 3322 3256 ἀνδρείως
3349 3201 3408 3236 τε
3445 3184 3594 3254 ὺπέρ
3613 3181 3714 3236 τοῦ

467 3279 544 3334 ita
582 3289 644 3333 ut
671 3280 851 3333 virum
885 3279 1066 3341 decet,
1115 3296 1213 3349 pro
1242 3279 1497 3350 dogmate
1544 3280 1902 3334 dccertasset.
1937 3281 2030 3336 Ju-

2138 3285 2402 3354 δόγματος
2429 3281 2915 3351 διαγωνιζόμενον.
2940 3278 3027 3332 Τά
3054 3277 3115 3332 δι
3148 3275 3319 3347 σκεύη
3347 3275 3716 3345 ληϊσάμενος,

465 3372 650 3426 liattus
679 3386 833 3425 sacra
869 3386 994 3425 vasa
1033 3371 1269 3441 direpta,
1305 3381 1362 3426 et
1404 3374 1521 3427 solo
1557 3373 1722 3437 illisa,
1766 3389 1861 3442 per
1893 3374 2036 3428 Iudi-

470 3465 651 3517 brium
691 3464 811 3517 risit
848 3479 861 3515 :
899 3472 1067 3535 atque
1113 3465 1204 3518 ubi
1254 3480 1376 3534 quae
1422 3466 1596 3520 voluit
1645 3466 2033 3536 blasphemans

469 3560 522 3613 itt
551 3557 830 3613 Christum
863 3558 1023 3622 dixit,
1053 3559 1272 3614 tandem
1315 3560 1706 3614 contumeliam
1746 3571 2030 3624 aucturus,

467 3664 635 3720 super
689 3651 772 3704 eis
826 3650 1099 3705 consedit.
1161 3648 1413 3705 Vindicta
1468 3661 1652 3707 autem
1707 3653 1894 3707 statim
1950 3661 2035 3706 est

467 3743 785 3796 subsecuta.

1052 3852 1277 3910 CAPUT
1314 3853 1448 3909 VIII.

474 3944 546 3996 De
579 3943 819 4008 Eusebio,
853 3943 1080 3998 Nestabo
1107 3953 1156 3997 et
1204 3941 1416 3997 Zenone
1446 3944 1722 4013 fratribus,
1757 3945 1846 4012 qui
1879 3942 2036 4000 Gazae

542 4014 855 4084 martyrium
880 4016 1241 4067 sustinueth
1271 4029 1290 4069 :
1329 4015 1471 4068 etde
1508 4024 1692 4069 sancto
1735 4015 2035 4081 Hilarione,

542 4085 920 4137 miraculorum
950 4086 1167 4138 euitare.
1687 4106 1703 4122 ·

541 4193 1001 4263 Quandoquidem
1051 4211 1120 4250 eo
1168 4211 1290 4250 sum
1336 4199 1591 4251 oratione
1633 4205 1944 4266 provectus,
1980 4205 2039 4251 ut

471 4284 694 4353 Georgii
760 4294 817 4339 et
878 4286 1216 4342 Theodoreti
1264 4288 1471 4343 eadem
1528 4290 2038 4356 commcmorarim,

471 4377 702 4429 aliarum
742 4390 966 4445 quoque
1001 4377 1343 4433 mentionem
1391 4380 1574 4436 facere
1622 4381 1800 4436 visum
1850 4391 1955 4449 est,
1984 4392 2040 4437 et

473 4486 525 4521 Itt
553 4470 746 4539 primis
768 4469 1017 4536 Eusebii,
1043 4470 1389 4544 Nestabim,
1418 4482 1475 4528 et
1498 4472 1740 4530 Zenonis
1759 4475 1992 4531 fratrum
2022 4492 2035 4530 :

2137 3376 2231 3429 καὶ
2264 3375 2344 3445 τῷ
2374 3374 2562 3442 ἐδάφει
2607 3371 2748 3426 αὐτά
2785 3369 3258 3443 προσαρρἀσων,
3301 3366 3545 3431 ἐτώθαζι
3566 3383 3583 3397 ο
3617 3370 3716 3419 καὶ

2137 3468 2479 3539 βλασφημῶν
2520 3467 2624 3521 ὅσα
2655 3481 2723 3534 γε
2752 3459 2823 3537 ἦν
2872 3462 3211 3536 βουλομένῳ,
3250 3461 3511 3533 Χριστὸν,
3554 3459 3716 3520 τέλος

2136 3560 2389 3627 ἐπαύξων
2423 3561 2524 3634 τήν
2558 3559 2738 3632 ὓϐριν,
2762 3558 2852 3613 ἐπ’
2885 3559 3067 3614 αὐτῶν
3094 3557 3342 3623 ἐκάθιζε.
3379 3558 3491 3613 Καὶ
3517 3558 3552 3627 ή
3579 3554 3713 3625 δίκη

2136 3656 2299 3720 εὐθὺς
2330 3656 2535 3715 εἵπετο.

2743 3852 2993 3907 ΚΕΦΑΛ.
3027 3850 3107 3907 Η’.

2138 3947 2281 4017 Περὶ
2316 3946 2436 4017 τῶν
2475 3945 2547 4001 ἐν
2595 3944 2752 4015 Γάζῃ
2785 3942 3324 4017 partemue-circum.
3374 3943 3718 4017 Εἰρεόίου.

2209 4012 2541 4079 Νεστάόου,
2597 4018 2701 4070 καί
2723 4012 3026 4081 ’Ζήνωνός
3076 4012 3200 4067 τῶν
3240 4012 3559 4081 ἀδελφῶν·
3610 4016 3715 4067 καί

2210 4087 2472 4156 περὶτοῦ
2505 4087 2680 4161 ἁγίου
2720 4085 3065 4154 Ἰλαρίωνος
3092 4082 3199 4139 τοῦ
3221 4083 3715 4153 Θαυματουργσῦ.

2128 4244 2139 4259 .
2222 4201 2378 4256 Ἐπεὶ
2403 4202 2462 4255 δέ
2487 4202 2567 4265 είς
2600 4198 2760 4253 τοῦτο
2803 4196 3115 4268 προήχθην,
3152 4196 3263 4250 καὶ.
3293 4196 3393 4267 τήν
3422 4196 3716 4266 Γεωργίου

2140 4296 2236 4351 καὶ
2256 4295 2622 4366 Θεωδωρήτου
2655 4293 2940 4363 ἀναίρεσιν
2966 4289 3247 4361 διεξῆλθον
3268 4327 3283 4353 ,
3317 4288 3545 4357 εὔλογον
3567 4288 3719 4343 εἷναί

2143 4406 2233 4461 μοι
2254 4390 2406 4443 δοκεῖ
2436 4391 2532 4444 καὶ
2560 4386 2739 4442 ἀλλων
2778 4385 3006 4457 μνήμην
3042 4383 3399 4454 ποιήσασθαι,
3431 4383 3527 4435 καὶ
3575 4384 3721 4453 μᾶλ-

2139 4486 2232 4540 λον
2264 4484 2527 4539 Εὐσεδίου
2562 4484 2658 4537 καὶ
2690 4481 2982 4536 Νεστάὅου
3008 4479 3104 4534 καὶ
3133 4480 3379 4549 Ζήνωνος
3404 4479 3521 4532 τῶν
3551 4479 3720 4532 ἀδελ.

469 4576 612 4629 quos
642 4560 960 4617 Gazazorum
998 4564 1236 4633 papulus
1264 4564 1332 4620 de
1364 4566 1694 4636 templorum
1748 4570 2030 4624 eversione

470 4662 521 4677 -.ι
554 4651 753 4677 0-..-..
784 4656 1201 4677 ---_.-_-.:.:.._-:-
1238 4656 1529 4677 -I_-I:.!-_-
1575 4670 1817 4677 __-_----,
1840 4664 1868 4677 ι·
1996 4661 2007 4671 ο

2144 4578 2260 4647 φῶν
2282 4591 2298 4608 ⁶
2319 4573 2413 4638 οὓς
2440 4578 2470 4629 ὁ
2491 4574 2605 4629 τῶν
2634 4575 2882 4638 Γαζαίων
2907 4572 3100 4642 δῆμος,
3133 4571 3230 4624 ἐπὶ
3256 4570 3573 4640 incomptus
3602 4572 3722 4626 τῶν

464 4662 525 4707 ct
554 4651 755 4708 Graeca:
782 4656 1203 4725 superstitionis
1235 4656 1536 4714 abolitione
1570 4664 1879 4727 accusatos,
1930 4661 2040 4730 pti-

471 4761 622 4801 tuum
677 4747 729 4801 in
782 4748 945 4804 domo
1004 4749 1243 4819 quadam
1302 4751 1407 4806 sub
1461 4752 1712 4807 custodia
1764 4753 2034 4819 habuere,

468 4840 670 4895 rciude
715 4840 900 4909 ﬂagris
953 4856 1128 4897 caesos
1182 4843 1398 4898 carceri
1449 4844 1818 4900 iucluserunt.
1879 4846 2035 4901 Post.

471 4949 521 4986 tn
548 4933 693 4987 idum
723 4950 851 4989 cum
878 4936 973 4989 ditt
1005 4937 1350 5009 multumque
1389 4939 1441 4993 in
1477 4939 1693 4995 theatro
1746 4941 2040 4996 discurris—

469 5035 624 5091 sent,
678 5036 770 5091 et,
826 5028 970 5097 quod
1034 5030 1231 5101 vulgus
1280 5031 1462 5086 facere
1518 5035 1834 5097 consuevit,
1892 5033 2036 5091 alius

468 5119 639 5171 alium
688 5122 1041 5185 concitasset,
1093 5122 1374 5197 furibuqdi
1419 5124 1476 5177 in
1520 5139 1802 5181 carcerem
1848 5128 2031 5182 irrue-

471 5219 621 5273 ruut,
671 5222 729 5265 et
778 5214 929 5267 viros
982 5214 1107 5266 inde
1157 5215 1462 5282 productos
1503 5217 1894 5272 crudelissime
1931 5234 2032 5273 ne-

471 5316 690 5370 carunt,
733 5306 1040 5375 praecipites
1071 5319 1236 5376 atque
1268 5315 1497 5378 supinos
1527 5312 1837 5375 trahentes,
1864 5320 2034 5381 atque

470 5393 534 5445 ad
565 5409 693 5449 saxa
726 5395 1003 5450 illidentes
1038 5413 1051 5449 :
1082 5406 1138 5450 et
1167 5397 1259 5452 alii
1288 5398 1550 5464 fustibus,
1594 5400 1685 5454 alii
1729 5401 2032 5470 lapidibus,

470 5485 562 5539 alii
614 5503 735 5557 qua:
784 5503 908 5543 sors
956 5490 1177 5556 obtulit,
1230 5491 1355 5545 telis
1414 5491 1539 5545 aliis
1587 5492 2030 5549 diverberantes.

472 5577 738 5635 Dicuntur
768 5583 1034 5638 mulieres
1058 5598 1279 5654 quoque
1311 5600 1341 5639 a
1366 5583 1611 5640 laniﬁcio
1641 5599 2030 5651 excurrentes,

543 5744 617 5813 (ι)
646 5743 805 5813 Apud
834 5744 1052 5802 Sozom.
1084 5745 1380 5801 Theodorus
1412 5746 1746 5804 nominatur.

2144 4669 2327 4741 ἱερῶν,
2375 4669 2471 4722 καὶ
2522 4665 2757 4736 ἀφανείᾳ
2804 4664 2903 4718 τοῦ
2939 4662 3302 4735 Ἑλληνισμοῦ
3359 4664 3717 4735 αίτιώμενοι,

2141 4762 2387 4830 συνεῖχον
2418 4758 2487 4811 τὰ
2515 4755 2710 4826 πρῶτα
2745 4754 2831 4807 ἐπ’
2872 4752 3026 4808 οἴκου
3059 4752 3509 4824 φυλαττομίνους
3529 4795 3546 4813 .
3588 4750 3722 4809 εἶτα

2138 4853 2203 4924 δὴ
2236 4854 2332 4906 καὶ
2364 4850 2636 4923 μάστιγας
2660 4848 2967 4914 ἐπιθέντες,
2998 4847 3361 4918 δεσμωτηρίῳ
3386 4848 3719 4917 καθεῖργον.

2144 4946 2379 4998 Ἔπειτα
2414 4943 2508 4997 ἐπὶ
2565 4942 2796 5012 θεάτρου
2843 4939 3074 4994 πλεῖστα
3120 4940 3587 5010 καταδραμόντες,
3623 4936 3723 4994 οἶά

2142 5055 2205 5106 γε
2242 5038 2411 5108 δῆμος
2453 5034 2599 5104 φιλεῖ
2641 5034 2931 5105 πράττειν,
2974 5032 3239 5103 ἀλλήλους
3287 5031 3721 5103 παραθήξαντες

2143 5128 2318 5199 θυμοῦ
2347 5129 2598 5199 πλήρεις,
2622 5129 2683 5180 τὸ
2703 5127 3081 5196 δεσμωτήριον
3110 5125 3437 5179 κατέλαὸονο
3464 5125 3555 5176 καὶ
3581 5128 3719 5189 τοὺς

2143 5218 2366 5290 ἄνδρας,
2395 5218 2604 5271 ἐκεῖθεν
2632 5216 3017 5286 ἐξαγαγόντες,
3039 5215 3299 5286 ὠμότατα
3323 5214 3716 5283 διεχρήσαντο,

2142 5313 2373 5384 πρηνεῖς
2402 5311 2495 5365 καὶ
2540 5310 2766 5375 ὑπτίους
2797 5308 3073 5375 ἕλκοντες,
3118 5309 3214 5362 καὶ
3257 5305 3721 5377 προσρηγνύντες

2137 5408 2253 5469 τοῖς
2306 5404 2510 5469 λίθοιςο
2568 5406 2664 5458 καὶ
2700 5405 2751 5458 oi
2811 5404 2912 5475 μὲν
2944 5401 3147 5468 ξύλοις,
3188 5401 3237 5453 οί
3267 5399 3323 5453 δέ
3358 5398 3550 5461 λίθοις,
3588 5398 3644 5450 οῖ
3669 5396 3724 5449 δ’

2141 5498 2292 5552 ἄλλοι
2318 5497 2446 5552 ἀλλο
2472 5513 2524 5550 τι
2549 5498 2578 5551 δ
2598 5513 2651 5552 τι
2671 5496 2825 5567 τύχοι
2841 5495 3362 5566 κρατῶν,παίοντες.
3380 5492 3632 5561 Ἐλέγετδ
3654 5508 3724 5559 γε

2146 5592 2252 5662 μὴν
2277 5594 2374 5644 καὶ
2421 5593 2690 5659 γυναῖκας
2716 5591 2824 5643 τῶν
2857 5589 3025 5645 ἱστῶν
3048 5590 3303 5657 ἐξιούσας
3331 5590 3455 5654 ταῖς
3491 5588 3724 5659 κερκίσι

2213 5751 2290 5820 (2)
2323 5750 2656 5808 Theodorei.
2686 5750 2852 5808 habet
2885 5749 3217 5809 Nectarium.
