3970 6190
244 406 333 468 ιι
1146 400 1754 465 ΕεειιζδιΑδτι-ΩΕ
1795 400 1993 460 ΙΙΙΞΤι
2032 400 2181 459 RLE
2218 400 2358 457 LIB.
2405 397 2471 457 Χ.
3358 399 3455 457 Alii

243 516 452 579 1951-11);
483 515 847 587 κατακεντᾷν.
875 516 938 569 Ol
965 515 1011 569 δ’
1052 516 1141 568 ἐπ’
1165 516 1373 583 ἀγορᾶς
1403 514 1653 582 μᾶγειροι
1690 526 1792 565 κα-

1914 510 2066 563 'adiis
2096 521 2147 575 et
2180 512 2319 562 tusis
2349 508 2590 576 punctim
2614 522 2709 561 eos
2738 506 3174 561 convulnerasse
3211 524 3223 560 :
3254 516 3310 561 et
3342 510 3457 562 coci

244 607 527 678 κλάζοντας
565 606 802 677 λέϐητας
852 607 965 660 τῶν
1016 606 1369 677 χυτροπτῐδων
1431 605 1789 675 ἁρπάζοντες.

1921 619 1950 655 ιι
2012 602 2134 656 foro
2177 602 2407 673 publici,
2460 601 2668 657 lebetes
2711 611 2765 656 et
2816 602 2953 656 ollas
3009 616 3149 671 aqua
3201 601 3459 657 bullienti

245 699 469 767 γυμναῖς
496 698 618 760 ταῖς
671 696 866 766 σαρξὶν
899 698 1125 750 ἐκείνων
1158 698 1435 766 κατέχεον.
1461 693 1642 748 Ἦσαν
1664 694 1707 746 δ’
1745 695 1793 746 οἳ

1914 694 2175 749 'erventcs
2243 711 2272 750 a
2337 693 2770 765 chytropodihus
2836 702 3067 761 raptas,
3133 693 3465 763 corporibus

246 785 334 839 καὶ
356 786 652 850 ὀϐελίσκοις
672 791 767 841 καὶ
799 787 1056 851 σούόλαις
1080 789 1302 852 τούτους
1327 789 1626 857 διέπειρον,
1644 784 1795 839 Ἐπεὶ

1914 778 2293 843 eorumnndis
2342 787 2651 841 ditfudissc.
2697 786 2930 853 Quidum
2983 788 3225 840 verubus
3271 796 3327 839 et
3368 801 3464 840 su-

247 876 291 930 δ’
335 878 525 939 ίκανῶς
572 880 1008 948 κατακόψαντες,
1045 879 1142 933 καὶ
1198 880 1299 942 τὰς
1330 880 1572 948 κεφαλὰς
1604 878 1697 931 καὶ
1728 878 1794 930 τὰ

1914 882 2045 937 )ιιιίε
2103 880 2228 934 illos
2274 880 2597 951 perlodisse.
2644 876 2748 949 23
2805 867 2979 949 Atque
3038 880 3127 932 ubi
3182 880 3315 933 satis
3369 894 3467 933 eos

247 968 396 1021 ὀστέα
450 969 807 1034 συνέθλασαν,
862 971 939 1033 ὡς
994 972 1091 1025 καὶ
1147 971 1242 1024 τδν
1293 972 1601 1040 ἐγκέφαλον
1643 970 1796 1037 δίκην

1914 973 2291 1033 :oncitlissent,
2323 970 2617 1041 capitaque
2651 980 2707 1024 et
2735 986 2855 1024 ossa
2892 986 3084 1024 eorum
3136 972 3275 1025 adeo
3318 987 3467 1025 com-

244 1061 421 1124 ῦδατος
445 1064 733 1135 ἀπορρεῖν,
766 1063 869 1133 πρὸ
892 1062 988 1116 τοῦ
1017 1062 1208 1127 ἄστεος
1232 1064 1455 1131 ἄγουσιν
1474 1080 1488 1093 ·
1587 1063 1650 1132 δὴ
1678 1062 1797 1125 ἔθος

244 1153 308 1206 τὰ
335 1154 440 1208 τῶν
471 1154 818 1225 θνησκόντων
852 1155 1069 1225 ῥίπτειν
1097 1156 1264 1210 ὀστέα
1297 1153 1454 1220 ζώων
1476 1171 1490 1185 ·
1525 1154 1654 1208 ἔνθα
1687 1154 1799 1224 πῦρ

243 1245 663 1311 ἀνακαύσαντες,
693 1247 871 1316 τούτῳ
912 1247 982 1302 τὰ
1011 1246 1245 1318 σώματα
1275 1247 1620 1319 παρεδίδουν.
1655 1244 1798 1300 Ὅσα

241 1352 302 1405 γε
341 1338 447 1408 μὴν
463 1339 576 1391 τῶν
604 1339 811 1393 ὀστέων
840 1339 929 1394 διὰ
962 1340 1022 1393 τὸ
1072 1340 1303 1413 στερρὸν
1337 1339 1413 1412 μὴ
1444 1340 1502 1392 τὸ
1538 1337 1649 1409 πῦρ
1685 1339 1801 1391 ἐδα-

245 1429 464 1498 πάνησε,
497 1429 611 1493 τοῖς
637 1430 822 1484 ὲκεῖσε
854 1431 1123 1500 καμήλων
1150 1432 1244 1484 καὶ
1275 1431 1413 1484 δνων
1444 1432 1653 1493 ὀστέοις
1681 1430 1799 1483 ἀνέ-

246 1519 430 1590 μιεανο
459 1519 608 1573 ὥστε
657 1521 736 1592 μὴ
785 1521 978 1592 ῥᾳδίαν
1010 1518 1155 1577 εἶναι
1183 1526 1295 1585 τοῖς
1327 1521 1671 1592 βουλομένοις
1703 1522 1801 1592 τὴν

241 1610 466 1684 αἰρεσιν.
502 1613 581 1668 Ού
615 1615 723 1685 μήν
746 1628 811 1683 γε
846 1613 1037 1668 λαθεῖν
1063 1610 1177 1685 εἶχε
1200 1630 1215 1646 ο
1252 1613 1473 1685 νύκτωρ
1519 1613 1629 1684 γὰρ
1668 1615 1803 1677 Θεδς

240 1702 364 1774 ἔχρα
389 1704 498 1757 τινὶ
538 1705 748 1777 γυναίῳ
790 1704 891 1777 τὴν
926 1704 1038 1758 τῶν
1094 1704 1298 1759 ὀστέων
1334 1704 1602 1774 ἀνάληψιν
1628 1722 1645 1737 ο
1679 1706 1803 1776 ἢδη

242 1796 373 1850 κατὰ
394 1795 495 1868 τὴν
525 1796 681 1852 θείαν
712 1796 968 1864 σύνταξιν
991 1796 1390 1870 ἀναλεξαμένη,
1420 1798 1595 1869 χύτρᾳ
1641 1797 1804 1852 κατέ-

240 1903 461 1957 κρυπτε,
482 1889 586 1941 καὶ
609 1888 689 1959 τῷ
706 1887 816 1942 τῶν
848 1887 1146 1959 μαρτύρων
1175 1887 1381 1957 ἀνεψιῷ
1416 1888 1629 1958 Ζήνωνι
1661 1902 1806 1959 παρ-

239 1979 394 2034 ετίθει
416 1978 691 2052 ἀγνώστῳ
728 1981 843 2035 δντι
879 1984 943 2051 τῇ
978 1981 1222 2047 γυναικὶ,
1252 1972 1494 2054 ᾖδιὰγοι
1522 1979 1617 2033 τοῦ
1644 1978 1802 2033 Θείου

238 2069 754 2141 καταμηνύσαντοςο
818 2070 1128 2141 ἐκρύπτετο
1175 2070 1286 2141 γὰρ
1341 2071 1438 2126 καὶ
1492 2070 1655 2131 αὐτὸς
1710 2067 1805 2122 τοῦ

236 2164 467 2234 διωγμοῦ
506 2164 860 2235 κινουμένου.
887 2161 998 2217 Τοῦ
1044 2163 1154 2233 γὰρ
1182 2163 1362 2232 δήμου
1398 2164 1531 2232 περὶ
1564 2163 1663 2230 τὴν
1692 2162 1806 2215 τῶν

238 2251 388 2305 θείων
414 2250 592 2306 αὑτοῦ
622 2250 905 2319 ἀναίρεσιν
931 2249 1147 2320 ἔχοντος
1166 2247 1267 2320 τὴν
1303 2249 1562 2320 σπουδὴν,
1594 2251 1804 2313 ἐκεῖνος

239 2340 309 2404 είς
347 2340 650 2412 Ἀνθηδόνα
680 2340 837 2394 πόλιν
885 2340 1023 2411 πρὸς
1060 2339 1338 2394 θάλασσαν
1389 2339 1567 2407 φυγὰς
1608 2338 1803 2408 ᾠχετο.

240 2434 405 2503 Διίχει
433 2432 492 2487 δε
555 2433 738 2503 Γάζης
768 2434 801 2502 ἡ
851 2432 1126 2502 ’Λνθηδὼν
1152 2430 1286 2486 ὡσεὶ
1331 2431 1579 2494 σταδίους
1610 2432 1804 2485 εἴκοσι.

242 2526 388 2588 Πόλις
415 2526 473 2579 δὲ
531 2526 629 2579 καὶ
666 2524 828 2596 αὕτη,
861 2524 1210 2596 Ἐλληνισμῷ
1263 2525 1557 2596 χαίρουσα,
1595 2523 1690 2576 καὶ
1739 2525 1806 2596 τῇ

240 2616 337 2670 τῶν
399 2617 621 2683 ξοάνων
688 2614 961 2688 θεραπείᾳ
1017 2617 1098 2682 ὡς
1148 2618 1406 2671 πλεῖστον
1472 2616 1805 2685 ἐπτοημένη.

242 2708 440 2763 Ἐκείσε
460 2710 529 2780 δὴ
562 2704 664 2764 οῦν
690 2709 864 2763 πολλὰ
892 2709 1044 2780 παρὰ
1066 2709 1175 2764 τῶν
1205 2707 1567 2780 Ἀνθηδονίων
1597 2706 1807 2770 παθὼν,

247 2802 390 2863 είςτδ
410 2802 520 2855 τῶν
552 2799 811 2865 Γαζαίων
840 2801 1081 2856 ἐπίνειον
1098 2800 1279 2857 λαθὼν
1302 2801 1611 2872 ῑκρύπτετο
1633 2814 1648 2830 ο
1673 2799 1809 2852 ὅπου

244 2892 303 2964 δὴ
329 2895 386 2946 τὸ
407 2894 636 2962 γύναιον
664 2894 860 2966 ικείνῳ
887 2894 1232 2965 παρατυχόν,
1255 2892 1428 2946 ἐδίδου
1453 2891 1523 2945 τὰ
1555 2894 1611 2944 λε
1622 2880 1807 2960 ῑψανα.

247 2985 346 3040 Καὶ
373 2985 553 3059 καιρῷ
586 2985 688 3056 μέν
720 3002 831 3039 τινι
862 2976 1022 3047 οὗτος
1049 2984 1227 3040 ταῦτα
1254 2985 1391 3039 οῐκοι
1423 2984 1702 3053 κατεῖχεν·
1734 2983 1810 3048 ὡς

246 3077 299 3129 δὲ
323 3078 495 3150 χρόνῳ
541 3077 778 3149 ὕστερον
823 3077 1108 3133 Θεοδοσίου
1140 3077 1211 3131 τὰ
1248 3076 1506 3147 σκῆπτρα
1553 3075 1813 3147 διαχειρί-

1900 1064 2252 1128 minuissent,
2288 1071 2345 1116 ut
2370 1063 2659 1117 cerebrum
2686 1060 2751 1116 ad
2783 1063 2957 1117 instar
2984 1077 3139 1132 aqua:
3170 1062 3464 1126 difflueret,

1902 1164 2054 1209 extra
2093 1155 2287 1209 urbem
2315 1168 2435 1213 eos.
2464 1156 2519 1209 in
2556 1155 2735 1209 locum
2767 1156 2858 1208 ubi
2896 1155 3188 1210 morticina
3219 1155 3470 1209 animan-

1905 1246 1978 1300 tia
2030 1260 2333 1311 congerere
2384 1248 2530 1301 soliti
2574 1255 2753 1309 erant,
2806 1248 3105 1311 duxerunt,
3168 1256 3332 1315 atque.
3389 1246 3466 1301 ibi

1903 1336 2015 1407 igni
2072 1352 2301 1390 accensa
2363 1352 2593 1405 eet-pora
2648 1352 2840 1390 eorum
2892 1338 3343 1391 combttsscrunt.
3405 1337 3469 1391 lit

1904 1442 2248 1497 quaecunque
2284 1443 2407 1483 ossa
2442 1436 2662 1497 propter
2707 1429 3046 1483 soliditatem
3096 1428 3311 1485 ll:unn.a
3361 1447 3468 1483 non

1905 1526 2362 1586 comsumpserat,
2412 1521 2745 1573 camelorum
2794 1531 2845 1574 et
2872 1522 3155 1575 asinorum
3201 1537 3321 1590 quae
3354 1524 3472 1576 di;-

1904 1609 2050 1678 jecta
2107 1608 2182 1662 ibi
2214 1619 2395 1674 erant,
2432 1611 2654 1666 ossibus
2693 1613 3058 1674 miscuerunt,
3094 1623 3153 1667 ut
3197 1630 3265 1673 ne
3314 1613 3471 1667 facil"

1905 1715 1936 1755 a
1984 1702 2366 1773 quaerentibus
2419 1703 2657 1756 inveniri
2705 1714 2953 1772 possent.
3007 1704 3113 1759 Sed
3162 1704 3365 1758 frustra
3420 1707 3469 1757 id

1907 1790 2031 1846 fuit.
2065 1790 2240 1845 Noctu
2267 1793 2414 1846 enim
2449 1793 2594 1847 Deus
2628 1794 2973 1848 mulierculae
3006 1795 3250 1858 cuidam,
3280 1798 3470 1865 oppidi

1904 1882 2024 1953 ejus
2061 1882 2349 1952 inquilinte
2380 1894 2590 1953 postca,
2647 1894 2706 1938 ut
2768 1885 3033 1955 reliquias
3088 1902 3181 1941 eas
3232 1888 3471 1946 tolleret.

1906 1974 2231 2030 insinuavit.
2263 1974 2395 2042 Quae
2428 1992 2524 2032 eas
2571 1976 2938 2049 dispositione
2970 1979 3155 2034 divina
3183 1981 3471 2043 collectas,

1905 2076 1961 2123 ct
1992 2080 2162 2123 urceo
2195 2068 2458 2133 inclusas,
2493 2069 2637 2138 apud
2662 2081 2966 2141 martyrum
2997 2086 3190 2125 eorum
3220 2083 3473 2142 ιιιῚιοίι-υε

1909 2158 1990 2227 (l)
2023 2158 2301 2213 Zenonem
2338 2161 2439 2228 ipsi
2476 2161 2723 2230 ignotum
2768 2161 3047 2232 deposuit,
3091 2158 3342 2217 Numinis
3392 2165 3476 2217 iu-

1913 2250 2061 2306 dicio
2093 2253 2160 2306 ad
2195 2253 2538 2307 domicilium
2570 2255 2690 2323 ejus
2725 2254 2983 2310 deducta.
3036 2256 3269 2311 Latebat
3312 2258 3473 2310 nimi.

1910 2354 2033 2396 rum
2090 2351 2144 2397 et
2198 2343 2337 2412 ipse,
2402 2353 2627 2413 propter
2680 2347 3477 2415 persecutionemexcitatam.

1908 2432 2043 2490 Cum
2102 2435 2251 2489 enim
2308 2435 2507 2503 vulgus
2558 2438 2631 2504 (2)
2671 2448 2995 2504 patruorum
3055 2439 3175 2509 ejus
3238 2442 3478 2493 caedibus

1908 2536 2237 2596 occupatum
2272 2536 2443 2589 esset,
2480 2527 2597 2597 ipse.
2631 2537 2743 2583 tum
2784 2526 3163 2584 Anthedonem
3205 2533 3256 2584 in
3311 2536 3477 2586 mari-

1910 2616 2100 2669 timam
2150 2617 2347 2670 ttrbem
2399 2617 2665 2688 profugit,
2710 2619 2905 2675 stadiis
2958 2620 3072 2674 fere
3106 2622 3296 2690 viginti
3336 2624 3476 2676 Gaza

1912 2706 2231 2774 distantem,
2264 2709 2566 2778 Grzecaque
2605 2713 3002 2782 superstitione
3051 2717 3286 2769 maxime
3336 2733 3469 2785 gau-

1912 2796 2155 2862 dentem,
2197 2806 2252 2853 et
2301 2798 2368 2853 ad
2418 2800 2846 2856 sitnulacrorunt
2908 2804 3117 2858 cultum
3178 2807 3476 2874 plurimum

1912 2887 2218 2942 animorum
2268 2893 2719 2946 consternatione
2775 2904 3116 2964 stupentem.
3168 2900 3344 2968 Atque.
3404 2903 3475 2954 ibi

1914 2980 2084 3034 multa
2116 2997 2143 3035 α
2180 2982 2395 3037 civibus
2438 2999 2740 3053 perpessus
2773 2988 2878 3053 (ὅ),
2919 2989 2973 3044 in
3025 2991 3344 3047 Gazaeorum
3387 3012 3485 3049 ua-

1914 3070 2034 3123 Vale
2068 3069 2193 3124 inde
2232 3086 2291 3126 se
2319 3074 2554 3127 contulit
2583 3091 2597 3128 :
2624 3086 2677 3130 et
2709 3080 2760 3130 itt
2798 3095 2864 3134 eo
2894 3081 3015 3136 loco
3044 3086 3260 3139 occulte
3299 3087 3479 3139 latuit.
3518 3070 3529 3085 \

249 3170 437 3237 ζοντος,
473 3173 576 3226 καὶ
611 3172 711 3241 τῆς
740 3170 989 3236 Γαζαίων
1020 3170 1325 3240 ἐκκλησίας
1373 3169 1473 3239 τὴν
1504 3167 1810 3237 ἐπισκοπὴν

1916 3161 2020 3218 Ubi
2054 3163 2217 3218 etiam
2253 3168 2577 3221 muliercula
2610 3170 2661 3223 ei
2704 3183 2925 3242 reperto
2961 3191 3087 3230 ossa
3117 3193 3272 3231 sacra
3305 3180 3481 3244 dedit,

248 3263 557 3333 ἐκληροῦτο,
578 3263 970 3335 θυσιαστήριον
989 3263 1098 3335 πρὸ
1110 3262 1207 3317 τοῦ
1228 3264 1419 3324 ἄστεος
1438 3261 1698 3330 πήγνυσι,
1716 3262 1811 3313 καὶ

248 3350 521 3421 εύκτήριον
554 3346 709 3403 οἷκον
745 3352 944 3420 ἐγείρει
966 3366 982 3382 ο
1013 3351 1108 3402 καὶ
1140 3349 1209 3401 τὰ
1246 3348 1382 3401 ὀστᾶ
1411 3346 1505 3399 τοῦ
1534 3348 1809 3417 μάρτυρος

249 3438 354 3493 ἐκεῖ
380 3440 712 3510 κατατίθησι
744 3440 973 3511 πλησίον
999 3439 1093 3493 τοῦ
1116 3438 1456 3509 ὀμολογητοῦ
1496 3437 1773 3507 Νέστορος
1794 3453 1809 3468 ’

250 3534 301 3599 ὃς
339 3536 559 3606 σύναμα.
616 3536 730 3598 τοῖς
769 3532 994 3594 οἰκείοις
1046 3529 1290 3600 ἀνεψιοῖς
1326 3529 1676 3598 συλληφθεκ,
1718 3530 1815 3581 καὶ

248 3625 450 3695 δεσμῶν
477 3626 580 3680 καὶ
607 3623 889 3695 μαστίγων
914 3621 989 3685 ὡς
1017 3622 1273 3674 πλεῖστον
1303 3621 1587 3691 μετέσχεν.
1622 3619 1814 3689 Ἠλέη-

1914 3266 2035 3325 qmc
2094 3257 2415 3327 aliquandiu
2473 3261 2624 3316 domi
2675 3279 2787 3320 sum
2839 3265 3052 3321 habuit.
3107 3267 3300 3323 Postea
3352 3286 3484 3325 vero

1913 3360 2077 3416 quam
2128 3345 2444 3405 Theodosio
2503 3354 2834 3422 imperante,
2884 3356 3205 3412 Gazmorum
3265 3365 3483 3429 episco-

1914 3451 2099 3509 patum
2134 3453 2220 3496 est
2250 3444 2506 3511 sortitus,
2539 3454 2695 3500 extra
2743 3449 3035 3517 oppidum,
3080 3454 3305 3504 sacrum
3353 3469 3486 3507 con-

1915 3532 2055 3587 didit
2118 3535 2332 3601 altare,
2379 3546 2437 3591 et
2485 3538 2791 3592 oratorium
2851 3542 3046 3603 erexit,
3102 3553 3270 3610 atque
3320 3545 3372 3598 in
3417 3562 3483 3598 eo

1918 3633 2223 3694 martyrum
2260 3626 2523 3694 reliquias
2559 3627 2828 3696 reposuit,
2883 3643 3051 3698 prope
3102 3631 3479 3687 confessorem

255 3719 344 3773 σάν
371 3735 433 3787 γε
469 3718 585 3789 μὴν
618 3717 668 3770 οἱ
718 3714 992 3779 ἕλκοντες,
1034 3714 1235 3785 ὡραῖον
1292 3712 1486 3783 ἔχοντα
1536 3712 1598 3764 τὸ
1653 3711 1810 3781 σῶμα

1916 3715 2202 3769 Nestorem
2242 3732 2255 3770 :
2293 3716 2387 3785 qui
2442 3733 2549 3770 una
2599 3733 2725 3771 cum
2776 3719 3128 3774 consobrinis
3166 3724 3290 3777 suis
3332 3740 3485 3779 com-

254 3810 438 3873 ἰδόντες
460 3826 475 3841 ο
513 3810 619 3862 καὶ
648 3805 1017 3878 προσδόκιμον
1045 3805 1177 3858 ὄντα
1206 3803 1413 3865 θανεῖν,
1445 3804 1641 3874 μικρὸν
1666 3803 1723 3855 δὲ
1753 3803 1810 3854 τὴ

1919 3806 2245 3873 prehensus,
2281 3806 2503 3859 vincula
2534 3816 2591 3861 et
2618 3805 2785 3877 flagra
2815 3810 3085 3877 permulta
3115 3816 3485 3867 connunniter

254 3898 430 3973 ἆσθμα
458 3897 866 3970 περισώζοντα,
919 3897 1174 3967 ῥίπτουσι
1232 3895 1337 3966 πρὸ
1366 3896 1477 3949 τῶν
1504 3895 1688 3948 πυλῶν
1709 3911 1722 3925 ·
1756 3891 1810 3949 ὃν

1917 3910 2041 3949 cum
2100 3898 2182 3950 eis
2241 3897 2527 3951 sustinuit.
2584 3898 2849 3953 Tortores
2901 3911 3085 3956 autem
3145 3906 3285 3973 ejus.
3339 3908 3482 3976 quod

252 4009 386 4055 τινες
420 3992 769 4059 ἀνελόμενοι,
810 3988 967 4060 παρὰ
1017 3989 1111 4042 τὸν
1143 3988 1439 4058 εἰρημένον
1474 3987 1813 4056 ἀνεκόμισαν

258 4086 506 4154 Ζήνωναο
550 4087 687 4151 παρ’
730 4075 775 4149 ᾧ
813 4082 883 4135 τὰ
932 4081 1069 4150 ἕλκη
1120 4082 1217 4134 καὶ
1268 4079 1368 4142 τὰς
1413 4080 1626 4149 πληγὰς
1656 4080 1817 4148 θερα-

257 4179 547 4247 πευόμενος
598 4175 975 4245 ἐτελεύτησεν.
1014 4173 1082 4227 Οἵ
1124 4189 1190 4241 γε
1247 4172 1353 4241 μὴν
1394 4170 1615 4235 Γαζαῖοι
1664 4188 1819 4241 περι-

250 4269 378 4332 δ;εῐς
402 4267 545 4342 ἦσαν
584 4272 651 4338 τῇ
683 4269 857 4337 τόλμῃ
883 4282 898 4296 ·
929 4267 1021 4319 καὶ
1045 4266 1205 4336 φήμη
1237 4264 1628 4333 διεθρυλλείτο,
1658 4265 1819 4334 χαλε-

254 4363 453 4416 παίνειν
475 4362 634 4431 σφίσι
652 4363 741 4415 τὸν
764 4361 1009 4432 βασιλέα,
1029 4362 1123 4412 καὶ
1139 4356 1508 4412 ἀποδεκατοῦν
1526 4356 1586 4409 τὸ
1606 4356 1816 4422 πλῆθος

256 4452 552 4522 βούλεσθαι.
572 4454 784 4515 Ψεῦδος
800 4453 847 4504 δ’
864 4447 953 4522 ἦν,
967 4450 1169 4505 καὶτοῦ
1186 4449 1250 4520 δή
1261 4466 1363 4519 μου
1381 4448 1611 4521 θρύλλος
1636 4447 1814 4510 κενὸς,

1917 3978 2093 4041 forma
2126 3998 2272 4043 esset
2304 3989 2612 4058 praestanti,
2644 3998 2700 4045 et
2737 3979 2968 4061 corpore
3011 3996 3239 4065 vigenti,
3276 3998 3484 4052 miserti

1919 4078 1993 4147 (et
2035 4078 2147 4148 jam
2201 4079 2254 4132 in
2315 4082 2735 4149 exspectatione
2797 4086 2989 4139 mortis
3020 4096 3160 4151 erat,
3204 4097 3257 4141 et
3289 4104 3481 4157 parum

1917 4170 2214 4225 admodum
2246 4187 2369 4226 cum
2406 4169 2727 4229 difﬁcultate
2762 4175 3029 4247 spirabat)
3086 4189 3215 4234 ante
3268 4190 3485 4250 portant

1918 4275 2044 4314 eum
2072 4262 2414 4330 abjecerunt.
2451 4262 2625 4328 Quem
2659 4263 2939 4321 sublatum
3001 4270 3255 4323 nonnulli
3286 4271 3352 4325 ad
3387 4270 3489 4325 Ze-

1921 4365 2146 4415 nonem,
2196 4367 2359 4421 quem
2421 4354 2686 4421 diximus,
2748 4354 3072 4413 delulerunt
3104 4377 3117 4412 :
3148 4360 3293 4429 apud
3323 4377 3485 4431 quem

1922 4442 2105 4512 plagas
2134 4454 2191 4498 et
2220 4445 2404 4499 ulcera
2433 4461 2637 4500 curans
2685 4457 2769 4501 est
2822 4458 3093 4504 mortuus.
3140 4451 3338 4514 Gazaei,
3376 4465 3486 4505 tam

253 4516 324 4617 τῷ
353 4546 656 4599 συνειδέναι
676 4516 1075 4614 ζπεπράχασι
1114 4516 1446 4612 παραλόγως
1476 4538 1810 4612 θορυόουμέ-

1920 4536 2117 4590 audaci
2151 4536 2395 4592 facinore
2436 4547 2681 4607 peracto,
2721 4539 2777 4593 in
2828 4555 3023 4610 magno
3046 4540 3209 4596 fuere
3240 4544 3437 4597 timore
3472 4561 3486 4594 :

256 4655 376 4693 νων.
405 4638 542 4691 Οὐδὲ
585 4640 696 4708 γὰρ
740 4638 880 4706 ὅπερ
924 4628 1373 4704 Ἀλεξανδρεῦσιν
1408 4631 1608 4696 ἐποίει,
1634 4630 1815 4698 λόγοις

256 4730 388 4799 τάχα
439 4729 848 4798 ἐπαιτιώμενος
887 4728 981 4779 καὶ¹
1026 4725 1274 4789 Γαζαίοις
1320 4724 1516 4795 ἐπῆγε.
1566 4722 1734 4775 Τόσον
1772 4720 1817 4775 δ’

259 4820 359 4874 οὐδ’
386 4824 444 4873 εν
490 4821 828 4892 γράμμασιν
854 4819 1143 4889 ᾐτιάσατο,
1170 4818 1246 4879 ὡς
1306 4817 1400 4869 καὶ
1432 4815 1526 4891 τὸν
1556 4814 1816 4884 τηνικάδε

256 4911 344 4964 τοῦ
384 4910 574 4973 ἔθνους
610 4910 920 4980 ἡγούμενον
965 4905 1066 4976 τῆς
1099 4906 1275 4975 ἀρχῆς
1326 4904 1556 4975 μεθίστη
1608 4905 1705 4958 καὶ
1759 4907 1818 4959 εν

260 4998 509 5068 ὑποψίαις
539 5002 601 5051 ού
629 4999 825 5060 καλαῖς
858 4994 974 5067 εῐχε
998 5011 1013 5027 ο
1046 4996 1142 5048 καὶ
1169 4994 1452 5063 ἀγώγιμον
1483 4995 1598 5055 τοῖς
1629 4995 1820 5064 νόμοις

260 5093 504 5162 ποιήσας,
532 5092 597 5144 τὸ
651 5092 726 5162 μὴ
756 5092 970 5144 κτεῖναι
1016 5089 1112 5142 καὶ
1142 5086 1374 5141 θάνατον
1401 5086 1614 5140 ἐκείνου
1644 5102 1818 5139 κατα-

259 5182 615 5253 ψηφίσασθαι,
665 5182 1057 5254 φιλάνθρωπον
1111 5179 1407 5248 ἐλογίζετο.
1447 5177 1536 5231 Ἐν
1587 5177 1714 5248 δίκῃ
1770 5178 1818 5231 δ’

261 5276 488 5327 ἐποιεῖτο
538 5275 631 5327 τδν
658 5274 859 5344 ἄνδρασ
893 5273 1086 5341 ὅτιπερ
1112 5270 1263 5333 τινὰς
1299 5269 1407 5323 τῶν
1436 5270 1534 5338 τῆς
1576 5271 1819 5334 στάσεως

263 5364 577 5435 ἀρξαμένων
610 5365 858 5429 Γαζαίων
899 5361 1265 5434 δεσμωτηρίῳ
1313 5360 1627 5433 καθείρεεν,
1661 5361 1821 5414 εὐθύ-

267 5475 352 5521 νας
381 5460 527 5514 κατὰ
582 5461 774 5531 νόμους
806 5460 998 5514 αἰτῶν.
1033 5457 1100 5510 Τί
1121 5458 1254 5527 γὰρ,
1301 5457 1460 5528 φησὶ,
1488 5458 1596 5514 τῶν
1627 5456 1820 5514 κακῶν

264 5543 391 5605 ἦσαν
446 5554 824 5621 εἰργασμένα,
866 5552 915 5603 εί
969 5550 1295 5614 Γαλιλαίους
1327 5548 1543 5619 ὀλίγους
1582 5546 1701 5605 ἀνθ’
1746 5543 1820 5604 ὧν

326 5743 398 5809 (ι)
439 5742 710 5814 ῗΔνεψιδν,
737 5742 1129 5814 consobrinum.
1168 5740 1436 5814 (Sozom.)

327 5817 400 5883 ιτ)
443 5813 702 5882 Ἀνεψιῶν
733 5811 955 5868 Sozom.

1919 4637 1974 4683 et
2013 4627 2157 4684 fama
2195 4632 2516 4701 vulgaverat
2551 4631 2751 4684 iratum
2801 4632 2885 4686 eis
2918 4633 3305 4700 imperatorem
3341 4649 3485 4691 esse.

1918 4722 2297 4792 pepulumque
2331 4739 2457 4779 eum
2491 4723 2773 4778 decimare
2804 4724 2967 4778 velle.
3024 4725 3132 4780 Sed
3182 4724 3379 4781 falsum
3427 4729 3480 4783 id

1918 4813 2046 4876 fuit,
2080 4814 2364 4884 plebisque
2397 4828 2588 4867 rumor
2620 4829 2793 4868 vanus
2818 4829 2887 4869 ex
2918 4816 3259 4871 conscientia
3287 4822 3484 4887 patrati

1921 4905 2183 4961 facinoris
2232 4922 2265 4961 a
2319 4905 2598 4976 plerisque
2638 4920 2914 4976 sparsus:
2950 4906 3018 4962 ad
3080 4923 3245 4979 quem
3288 4919 3487 4981 praeter

1923 4998 2197 5051 rationem
2233 5006 2288 5051 et
2310 5011 2532 5051 causam
2556 5011 2778 5052 omnem
2808 4997 3061 5054 homines
3106 5011 3236 5057 sunt
3282 5003 3485 5057 tumul-

1908 5077 2083 5144 ~tuati.
2141 5082 2251 5161 24.
2294 5086 2430 5144 Nam
2470 5104 2539 5145 ne
2571 5089 2757 5146 verbis
2785 5090 3009 5161 quidem
3038 5090 3306 5163 fortasse},
3343 5097 3490 5164 quod

1922 5182 2309 5238 Alexandrinis
2348 5178 2826 5251 fecerat,Gazazos
2858 5184 2949 5238 ille
2994 5185 3290 5242 incusavit.
3346 5186 3491 5255 Quin

1925 5284 2139 5327 tantum
2180 5274 2336 5329 abest
2371 5282 2431 5329 ut
2487 5291 2585 5345 per
2632 5276 2860 5333 litteras
2900 5292 2999 5333 eos
3045 5278 3380 5349 objurgarit,
3432 5290 3494 5333 ut

1923 5363 2049 5418 duci
2082 5364 2249 5419 etiam
2286 5365 2381 5435 qui
2424 5377 2541 5421 tum
2594 5366 2645 5423 ei
2698 5369 2847 5440 genti
2885 5369 3127 5439 praefuit,
3166 5370 3489 5440 dignitatem

1922 5454 2216 5522 ademerit,
2268 5458 2523 5528 maleque
2564 5470 2884 5529 suspectum
2924 5460 3204 5515 habuerit.
3256 5460 3326 5515 Et
3363 5476 3490 5517 cum

1922 5563 2049 5600 eum
2086 5547 2299 5618 legibus
2322 5550 2620 5605 obnoxium
2642 5550 2890 5615 fecisset,
2909 5551 3054 5621 quod
3080 5552 3353 5608 sententia
3382 5568 3492 5609 not

1965 5741 2329 5824 _(5)_._Sozom.
2357 5742 2543 5824 ﬂagris
2591 5757 2793 5803 caesum
2838 5753 2895 5801 et
2940 5743 3077 5801 urbe
3102 5747 3336 5819 ejectum
3359 5750 3495 5807 scri-

1925 5812 2027 5880 bit,
2061 5813 2157 5868 lib.
2191 5828 2244 5881 ν,
2274 5827 2395 5883 cap.
2419 5812 2478 5871 9.
