3970 6190
243 333 325 398 ἰ65
1124 336 1734 399 ΕεοιΕδιΑδΤιωΕ
1773 336 2163 398 ΗΙΞΤΟΒΙίΕ
2207 336 2353 403 LIB.
2396 336 2465 398 X.

3338 337 3447 399 45‘}

241 451 412 522 τροφῆς
466 449 553 503 καὶ
592 450 691 520 τὴν
739 450 888 504 ἔνδον
940 453 1180 517 ἐκείναις
1224 455 1512 510 διάπλασιν
1560 453 1772 521 σύναμα

1881 468 2201 523 conspersa,
2251 466 2351 507 eos
2381 452 2447 506 ad
2495 458 2789 506 consuetas
2838 465 2994 505 escas
3045 466 3435 520 provocarent.

240 548 337 607 ταῖς
373 547 583 616 τροφαῖς
620 544 1091 617 κατεδίόρωσκον,
1130 547 1339 612 ξώσαις
1368 548 1512 603 οὕτω
1550 549 1645 601 καὶ
1677 547 1771 602 τοῦ

236 638 412 701 πάθους
430 636 675 707 αἴσθησιν
701 638 1094 708 κεκτημέναις.
1128 640 1434 710 Συμδάλλω
1461 640 1520 693 δέ
1567 639 1775 695 Ἡλιου-

236 728 431 790 πολίτας
453 730 505 790 ἐς
520 726 639 780 τόδε
666 727 865 797 μανίας
888 727 1033 782 κατά
1057 729 1165 782 τῶν
1186 731 1350 801 ίερῶν
1380 731 1665 794 παρθένων
1689 731 1774 784 ἐλ-

235 820 348 879 θεῖν,
371 820 549 887 ὅτιπερ
596 822 693 870 καὶ
726 817 964 890 πάτριον
992 815 1059 891 ἦν
1086 821 1320 883 ἐκείνοις
1342 822 1441 884 τὰς
1474 821 1775 891 παρθένους

236 909 363 979 παρὰ
402 908 493 961 τοῦ
550 910 952 980 προστυχόντος
1012 912 1281 983 πρότερον
1319 913 1769 982 ἐκπορνεύεσθαι,

234 1004 341 1072 πρὶν
379 1001 406 1071 ἦ
451 1001 758 1070 μνηστῆρσι
808 1001 948 1072 πρὸς
1004 1002 1187 1073 γάμου
1232 1003 1513 1057 κοινωνίαν
1565 1004 1771 1056 ἐλθεῖν·

230 1094 390 1163 ὃπερό
429 1093 601 1161 μέγας
637 1095 1072 1157 Κωνσταντῖνος,
1104 1096 1269 1164 νόμον
1313 1094 1447 1159 θεὶς,
1491 1096 1776 1167 ἄπρακτον

230 1185 376 1234 ἐποίει
417 1180 629 1250 πρῶτος
653 1196 667 1211 ⁵
700 1182 794 1234 καὶ
824 1182 916 1235 τὸν
940 1185 1117 1235 ἐκεῖσε
1152 1184 1251 1253 τῆς
1281 1182 1605 1253 Ἀφροδίτης
1637 1184 1776 1237 νεὼν

229 1272 462 1330 καθελὼν.
482 1273 778 1341 ἐκκλησίαν
802 1273 994 1343 ἀνίστη
1028 1275 1168 1344 Θεῷ,
1197 1276 1272 1337 ὼς
1304 1277 1364 1326 ἐν
1394 1278 1505 1336 τοῖς
1539 1275 1775 1344 πρόσθεν

228 1359 346 1411 ius)
390 1363 566 1427 χώραν
622 1359 820 1428 ἐλέχθη
877 1378 988 1429 μοι.
1024 1362 1098 1413 Τὸ
1126 1361 1171 1413 δ’
1204 1362 1265 1413 ἐν
1315 1362 1540 1432 Φοινίκῃ
1591 1363 1776 1425 αὐτοῖς

222 1450 460 1518 τολμηθὲν
503 1449 624 1511 πῶς
653 1451 718 1502 ἄν
747 1467 832 1513 τις
872 1452 1257 1520 παραδραμεῖν
1296 1451 1508 1517 Dono;
1537 1450 1631 1503 ’Ev
1668 1453 1776 1522 γὰρ

221 1539 370 1611 ταύτῃ
396 1539 481 1591 τδν
513 1539 918 1603 Ἡλιουπόλεως
949 1542 1200 1595 διάκονον
1238 1542 1508 1612 Κύριλλον
1547 1542 1776 1613 ἀπηνῶς

220 1629 488 1695 ἀνελόντες,
519 1632 620 1683 καὶ
642 1631 739 1701 τὴν
769 1631 1019 1702 γαστέρα
1047 1632 1423 1702 διατεμόντες,
1452 1635 1544 1688 τοῦ
1565 1636 1777 1705 ἥπατος

220 1723 589 1791 ἀπεγεύσαντο.
625 1725 736 1778 Καὶ
760 1725 860 1777 οὐκ
894 1727 975 1787 εἰς
1004 1723 1224 1794 μακρὰν
1274 1723 1400 1788 τοὺς
1434 1726 1705 1795 τολμητὰς
1740 1728 1772 1796 ἡ

1877 545 2065 614 Itaque
2094 545 2299 614 impetu
2329 543 2532 614 agresti
2586 543 2865 597 irruentes
2917 542 3094 611 porci,
3144 558 3441 599 secernere

1875 637 2199 691 alimentum
2241 651 2364 689 cum
2401 634 2560 689 facile
2594 649 2703 688 non
2752 642 2997 703 possent,
3034 634 3199 688 simul
3235 634 3446 688 viscera

1876 740 2007 784 sunt
2053 728 2341 798 aggressi:
2374 735 2429 780 et
2474 724 2622 780 soliti
2667 723 2775 779 cibi
2807 724 3131 793 cupiditate,
3175 723 3447 795 famisque

1877 821 2213 875 necessitate
2268 819 2593 887 adurgente,
2637 833 2744 871 una
2793 832 2916 871 cum
2968 817 3182 872 hordeo
3230 819 3446 872 interna

1875 911 2041 966 etiam
2072 914 2340 975 memhra,
2368 926 2493 964 cum
2539 909 2647 962 illa:
2683 907 2863 962 adhuc
2903 908 3174 970 viverent,
3221 917 3278 963 et
3317 925 3447 962 cru-

1877 1002 2083 1057 ciatum
2133 1017 2259 1056 eum
2313 1002 2608 1065 sentirent,
2659 1000 2893 1069 depasti.
2948 998 3210 1054 Existimo
3260 1007 3446 1062 autent

1877 1095 2314 1164 Heliopolitanos
2375 1092 2505 1146 inde
2558 1107 2626 1147 eo
2691 1090 2941 1153 furoris,
3002 1098 3062 1143 ut
3123 1089 3205 1143 sic
3254 1099 3446 1144 contra

1877 1199 2096 1242 sanctas
2135 1187 2378 1256 virgines
2408 1185 2685 1246 smvirenl,
2724 1185 2992 1245 evasisse,
3031 1183 3176 1251 quod
3210 1183 3447 1251 patrium

1875 1280 1957 1333 eis
1992 1277 2182 1339 fuerit,
2238 1288 2297 1331 ut
2341 1277 2583 1345 virgines
2634 1276 2791 1344 prius
2831 1274 3260 1344 prostituerent,
3316 1282 3373 1327 et
3419 1291 3446 1324 ,ι

1876 1382 2210 1437 quocunque
2268 1366 2449 1420 vitiari
2510 1373 2791 1427 curarent,
2847 1379 3013 1433 quant
3079 1362 3146 1417 ad
3201 1363 3444 1434 conjugii

1877 1459 2322 1513 communionem
2376 1473 2498 1512 cum
2550 1455 2769 1525 sponsis
2814 1455 2932 1509 suis
2970 1455 3244 1509 venirent.
3289 1452 3442 1520 Quod

1875 1550 2267 1605 Constantinus
2302 1564 2531 1618 magnus
2562 1548 2679 1616 lege
2714 1548 2824 1601 lata
2855 1547 3068 1617 primus
3092 1562 3161 1600 ne
3202 1545 3445 1615 amplius

1878 1643 2071 1707 fieret,
2121 1642 2406 1712 prohibuit
2432 1659 2458 1717 ι
2500 1652 2556 1696 et
2603 1641 2836 1696 Veneris
2879 1640 3081 1707 templo
3112 1640 3185 1694 ibi
3223 1638 3444 1698 diruto,

1876 1732 2165 1787 ecclesiam
2230 1733 2340 1786 Deo
2387 1732 2681 1796 exstruxit,
2742 1724 3212 1799 quemadmodum
3276 1745 3445 1798 supra

216 1819 323 1885 δίκη
359 1818 734 1886 παρέδραμεν.
777 1818 934 1871 Ὅσοι
974 1818 1086 1889 γὰρ
1118 1817 1213 1870 τοῦ
1263 1818 1518 1871 τοσούτου
1571 1818 1772 1887 μύσους

1879 1823 1998 1877 loco
2027 1838 2129 1878 suo
2157 1840 2185 1878 a
2221 1839 2305 1878 me
2338 1833 2421 1878 est
2454 1822 2685 1878 dictum.
2719 1821 2874 1889 Quod
2907 1832 3090 1877 autem
3124 1820 3331 1876 ibidem
3365 1821 3449 1873 in-

219 1910 468 1977 μετέσχον,
497 1909 723 1971 ὀδόντας
745 1926 804 1962 τε
846 1910 937 1963 καὶ
971 1909 1229 1980 γλώσσας
1259 1910 1351 1963 καὶ
1385 1910 1640 1981 ὑπερῴας
1665 1912 1771 1965 ἀπ-

216 1999 475 2061 εϐάλοντο,
511 2002 811 2072 σηπεδόνος
865 2004 1066 2073 ἀγρίας
1109 2003 1528 2074 προσὸαλούσης
1567 2005 1767 2067 αὐτοῖς.

217 2092 280 2142 οὐ
309 2091 407 2161 μὴν
437 2093 492 2145 δὲ
525 2094 666 2146 ἀλλὰ
690 2094 782 2147 καὶ
812 2094 1112 2164 ὀφθαλμῶν
1144 2097 1407 2166 στέρησιν
1435 2095 1660 2150 ἔπαθον.
1690 2096 1770 2149 Δι’

216 2175 279 2233 ὧν
305 2184 393 2250 τῆς
415 2185 707 2246 εὐσεϐείας
740 2185 773 2254 ἡ
804 2185 1037 2253 δύναμις
1068 2185 1424 2256 ἐκηρύττετο.

1879 1930 2046 1982 super
2070 1915 2187 1968 ausi
2216 1925 2368 1977 sunt,
2389 1914 2666 1992 quomodo
2689 1913 2908 1967 silentio
2933 1911 3206 1982 prateriri
3235 1911 3450 1980 potest?

1876 2007 2078 2077 Cyrillo
2115 2025 2351 2078 uamque
2405 2008 2813 2077 llcliOpolitano
2859 2007 3097 2061 diacono
3147 2004 3451 2059 crudeliter

1877 2100 2065 2153 occiso
2112 2099 2211 2171 (l),
2244 2109 2496 2154 ventrem
2548 2115 2771 2169 quoque
2822 2100 2944 2168 ejus
2999 2098 3339 2160 inciderunt,
3394 2106 3451 2149 et

1869 2190 2032 2259 jecur
2100 2191 2487 2260 degustaruut.
2547 2192 2747 2249 Verum
2804 2192 2928 2244 talia
2982 2206 3146 2243 ausos
3211 2191 3451 2242 vindicta

214 2280 374 2330 statim
403 2280 585 2333 divina
624 2289 709 2334 est
739 2290 1062 2336 consecuta.
1089 2282 1418 2353 Quicunque
1483 2282 1633 2337 enim
1692 2284 1826 2337 tanti
1873 2286 2070 2354 piaculi
2124 2289 2421 2356 participes
2468 2288 2644 2349 fuere,
2680 2288 2902 2351 dentes,
2958 2287 3173 2353 linguas
3204 2296 3259 2339 et
3296 2284 3445 2353 pala-

213 2379 327 2429 tum,
357 2387 450 2439 per
480 2388 684 2425 sacram
711 2374 1085 2441 putretliuem,
1114 2376 1419 2446 oculosque
1484 2376 1622 2431 adeo
1685 2375 1835 2445 ipsos
1872 2380 2202 2433 amiserunt.
2241 2380 2343 2433 Per
2371 2397 2509 2449 quas
2542 2381 2725 2450 plagas
2783 2379 2865 2433 vis
2913 2389 2967 2433 et
3018 2377 3259 2433 ellicaeia
3301 2393 3445 2430 vera:

212 2463 405 2529 pictatis
433 2476 519 2518 cst
550 2464 948 2533 deprzedicata.

273 2553 352 2605 Ἐν
378 2556 589 2625 Ἑμέσῃ
618 2557 677 2608 δὲ
707 2560 771 2626 τῇ
813 2559 999 2629 ὁμόρῳ
1027 2560 1198 2631 ταύτῃ
1226 2561 1404 2627 πόλει,
1434 2562 1672 2634 Διονύσῳ
1694 2560 1771 2631 τῷ

211 2647 482 2717 γυναικείῳ
499 2649 826 2719 ἀνδραπόδῳ
853 2651 954 2719 τὴν
986 2652 1284 2722 ἐκκλησίαν
1313 2654 1652 2726 ἀφιέρωσαν,
1677 2655 1772 2710 καὶ

210 2740 262 2789 τὸ
301 2740 626 2810 ἀνδρόγυνον
656 2742 867 2795 ἐκείνου
900 2745 994 2796 καὶ
1043 2745 1451 2812 καταγέλαστον
1489 2745 1789 2817 ἱδρύσαντο

211 2829 409 2900 ἄγαλμα
430 2848 443 2861 ·
472 2835 531 2884 ἐν
562 2831 645 2902 τῷ
669 2833 768 2902 τῆς
783 2833 1005 2905 Θρᾴκης
1028 2835 1084 2888 δέ
1110 2838 1422 2907 Δοροστόλῳ
1444 2838 1772 2909 Λίμυλιανδς

210 2924 233 2972 ὁ
278 2923 562 2993 νικηφόρος
615 2925 924 2996 ἀγωνιστὴς
968 2928 1072 2980 ὑπὸ
1107 2929 1497 2983 Καπετωλίνου
1539 2928 1635 2982 τοῦ
1666 2931 1767 3000 τῆς

210 3013 409 3083 Θρᾴκης
453 3016 824 3085 ἐπάρχοντος,
867 3020 1036 3089 πυρδς
1088 3019 1307 3086 ἐγένετο
1359 3021 1766 3093 παρανάλωμα.

212 3102 460 3169 Δωρόθεον
482 3104 537 3158 δὲ
576 3104 671 3158 τὸν
702 3105 1026 3173 πολύαθλον,
1059 3110 1151 3160 τὸν
1173 3110 1376 3181 πολλὴν
1408 3111 1649 3180 ἱστορίαν
1680 3115 1769 3166 ἐκ·

211 3194 595 3266 κὶησιαστικὴν
631 3198 1130 3268 συγγραψάμενον,
1163 3202 1380 3272 θανάτῳ
1416 3201 1767 3275 παρέπεμψε.

209 3284 365 3353 Τύρου
396 3288 452 3340 δὲ
480 3284 649 3351 οὗτος
678 3289 776 3360 τὴν
809 3291 905 3359 τῆς
935 3291 1229 3362 ἐκκλησίας
1260 3290 1409 3364 εἶχεν
1442 3296 1767 3366 ἐπιτροπήν·
1812 3348 1821 3355 ν

207 3372 301 3428 Ναὶ
339 3377 441 3447 μὴν
481 3379 586 3432 καὶ
614 3380 876 3449 Δομέτιον
906 3384 999 3435 τὸν
1029 3384 1087 3434 ἐν
1122 3385 1389 3455 ἁσκηταῖς
1421 3386 1767 3457 περιϐόητον,

209 3465 438 3539 σπηλαίῳ
483 3471 869 3542 κρυπτόμενον
912 3473 1147 3543 παριὼν,
1183 3476 1352 3539 λίθοις
1386 3478 1770 3549 ἀπανθρώπως

206 3559 478 3629 σδνέχωσε.
524 3563 611 3615 Τὸ
635 3563 692 3618 δέ
722 3581 783 3633 γε
816 3564 1033 3636 Μάρκῳ
1066 3568 1122 3617 ἐν
1155 3566 1452 3641 ’Λρεθούσῃ
1478 3570 1770 3637 γενόμενον

205 3650 308 3713 πῶς
354 3655 816 3726 παραδράμοιμι;
845 3657 1113 3727 Αἰσχύλου
1149 3660 1257 3730 γὰρ
1293 3660 1388 3713 καὶ
1436 3661 1771 3730 Σοφοκλέους

202 3740 350 3796 δεῖται
370 3745 468 3813 τῆς
497 3746 936 3818 μεγαληγορίας,
960 3748 1025 3801 ἵν’
1050 3750 1214 3815 ἀξίως
1241 3752 1302 3803 τὸ
1325 3752 1535 3806 ἐκείνου
1556 3770 1640 3816 τις
1663 3754 1768 3808 πά-

202 3829 280 3893 θος
310 3837 778 3909 ἐκτραγῳδήσειε.
818 3841 1020 3895 Τοῦτον
1046 3844 1156 3913 γὰρ
1178 3842 1517 3914 Ἀρεθούσιοι
1546 3845 1771 3899 ἐπίσκο-

200 3941 289 3979 πον
331 3930 540 3985 τούτων
590 3931 755 3985 πάλαι
785 3933 1096 4003 γενόμενον,
1132 3936 1303 4006 ἀνδρα
1352 3935 1452 4007 βίῳ
1484 3938 1579 3990 καὶ
1623 3938 1770 4010 λόγῳ

201 4022 284 4073 καί
311 4021 470 4095 πολιᾷ
498 4023 643 4077 πολὺ
673 4024 731 4077 τὸ
751 4025 1033 4096 αίδέσιμον
1061 4026 1518 4098 προϐαλλόμενον,
1545 4031 1769 4101 ἀπηνῶς

199 4111 571 4184 διεχρήσαντο.
607 4112 770 4186 Εἶχον
814 4116 913 4187 μὲν
943 4117 1054 4188 γὰρ
1082 4118 1179 4172 καὶ
1211 4119 1477 4189 πρότερον
1512 4120 1675 4173 αὑτὸν
1710 4124 1770 4174 ἐν

201 4205 354 4275 ὀργῇ·
381 4203 461 4271 οἷς
490 4210 587 4261 ἐπὶ
608 4209 1011 4274 Κωνσταντίου,
1044 4209 1273 4273 πολλοὺς
1300 4211 1361 4264 οὐ
1396 4212 1538 4265 κατά
1568 4213 1760 4273 πειθὼ.

1949 2559 2058 2628 26
2114 2558 2286 2613 Porro
2339 2559 2565 2619 Emesa).
2621 2575 2739 2628 quae
2787 2559 3015 2612 finitima
3060 2558 3111 2613 ei
3164 2558 3296 2612 urbs
3337 2572 3444 2617 esu.

1876 2649 2114 2720 Dionyso
2172 2651 2428 2704 muliebri
2471 2650 2745 2718 mancipio
2780 2651 2953 2704 aedem
2984 2665 3195 2705 sacram
3221 2647 3446 2704 dedica-

1873 2752 2021 2806 runt,
2052 2751 2218 2810 atquc
2255 2742 2327 2795 ibi
2365 2750 2601 2795 statuam
2636 2741 2977 2811 Audrogyni,
3001 2739 3265 2807 ambiguo
3299 2738 3450 2792 inter

1874 2849 2082 2888 marem
2112 2842 2167 2887 et
2191 2833 2451 2887 feminam
2485 2849 2618 2889 sexu
2654 2833 2961 2898 ridiculam,
2991 2833 3043 2887 ci
3076 2832 3439 2887 collocarunt.

1872 2923 2149 2979 Dorostoli
2189 2937 2377 2979 autent
2430 2925 2678 2979 Thracia:
2730 2923 3116 2993 «Emylianutn,
3166 2923 3433 2977 invictum

1872 3017 2160 3082 athletam,
2210 3016 2559 3085 Capitolinus
2618 3017 2869 3070 Thratize
2917 3014 3211 3085 praefectus
3250 3014 3440 3068 vivum

1871 3109 2194 3163 combussit.
2229 3107 2537 3162 Dorotheus
2576 3108 2707 3161 item
2755 3117 2999 3161 certator
3043 3105 3318 3175 egregius,
3350 3105 3444 3173 qui

1868 3216 2124 3271 magnam
2167 3201 2502 3270 conscripsit
2541 3200 2976 3255 ecclesiasticam
3030 3199 3346 3258 historiam,
3387 3206 3445 3248 (ιι

1872 3289 2000 3360 Tyri
2038 3291 2416 3359 episcopatum
2471 3290 2672 3352 lenuit,
2722 3290 2845 3344 neci
2900 3290 3083 3343 datus.
3138 3287 3440 3342 Domitium

1872 3397 2002 3435 vero
2038 3382 2313 3436 celebrem
2361 3381 2695 3436 monachum
2725 3380 2779 3435 in
2828 3381 3090 3451 spelunca
3124 3396 3223 3434 sua
3259 3380 3441 3434 lateru-

1873 3479 2007 3534 tem,
2059 3471 2383 3541 prreteriens
2435 3470 2900 3525 inhumanissimo
2952 3485 3150 3539 aggere
3195 3468 3444 3537 lapidum

1872 3563 2144 3633 quispiam
2168 3564 2376 3618 obruit.
2406 3562 2517 3618 Nec
2548 3562 2786 3629 Marcus,
2817 3562 2909 3630 qui
2935 3560 3224 3615 Arethusae
3250 3561 3441 3630 gravia

1872 3650 2325 3723 perpessus‘est,
2382 3653 2666 3708 tacendus.
2724 3653 2969 3721 PerOpus
3028 3660 3215 3706 autem
3274 3650 3440 3704 nobis
3492 3650 3500 3661 '

1872 3755 2020 3800 esset
2050 3744 2298 3817 [Eschyli
2342 3754 2398 3801 et
2442 3745 2737 3814 Sephnclis
2776 3744 3000 3800 dicendi
3047 3745 3340 3815 gravitate,
3386 3755 3446 3799 ut

1873 3838 2122 3906 martyrii
2146 3837 2268 3908 ejus
2293 3837 2615 3907 tragoediam
2652 3846 2802 3891 recte
2827 3851 3259 3906 exponeremus.
3287 3836 3451 3891 lluue

1871 3929 2018 3984 enim
2050 3928 2358 3991 Arethusii,
2389 3928 2480 3983 ubi
2521 3928 2819 3997 episcopus
2847 3928 2939 3981 ditt
2981 3927 3183 3988 fuerat,
3230 3936 3299 3982 et
3332 3928 3443 3980 vita

1872 4030 1927 4077 et
1991 4018 2277 4085 doctrina,
2342 4019 2658 4089 canitieque
2728 4020 2958 4088 insuper
3019 4025 3331 4088 spectatum
3388 4026 3445 4072 et

1872 4110 2267 4177 venerandum,
2298 4110 2616 4165 immaniter
2650 4110 3005 4165 occiderunt.
3060 4108 3275 4164 Dudum
3313 4125 3446 4161 vero

1873 4216 2033 4259 antea
2091 4204 2291 4260 infensi
2353 4203 2407 4258 ei
2466 4203 2710 4267 fuerant,
2765 4203 2913 4272 quod
2968 4204 3070 4255 sub
3118 4200 3446 4256 Constantio

202 4293 325 4348 ἀλλά
371 4315 478 4350 τινι
528 4297 807 4367 κρείττονι
852 4296 1162 4368 δυναστείᾳ,
1211 4298 1340 4361 τοὺς
1393 4299 1769 4370 ἐλληνίζοντας

1875 4297 2075 4351 multos
2102 4298 2305 4352 Graeca!
2334 4296 2755 4367 superstitionis
2794 4305 3120 4355 sectatores.
3158 4310 3266 4348 non
3319 4309 3444 4363 per-

203 4388 531 4453 ἀσπάζεσθαι
560 4387 629 4441 τά
657 4388 999 4457 Χριστιανῶν
1033 4389 1237 4441 ἐποίειο
1273 4389 1367 4443 καὶ
1398 4389 1491 4443 τὸν
1521 4390 1652 4461 παρ’
1676 4392 1771 4446 αὐ-

202 4481 302 4541 τοῖς
334 4483 537 4551 σεμνόν
557 4498 619 4534 τε
654 4482 747 4533 καὶ
774 4479 1098 4551 πολυτελείᾳ
1122 4480 1412 4551 οίκοδομῆς
1452 4481 1770 4552 ἡττώμενον

202 4570 578 4635 οὐδενὸς-νεὼν
620 4570 871 4625 καθεῖλεν
903 4572 984 4633 είς
1013 4569 1226 4638 ἔδαφος.
1281 4570 1367 4632 Ὠς
1400 4570 1457 4623 δὲ
1492 4571 1770 4642 μετερρύη

200 4657 344 4724 αὖθις
372 4661 439 4716 τά
468 4661 802 4732 πράγματα,
840 4657 978 4728 ὁμοῦ
1009 4660 1107 4728 μὲν
1130 4657 1227 4711 τοῦ
1264 4658 1441 4728 δήμου
1478 4660 1769 4730 κεκινημέ-

201 4768 304 4815 νου,
344 4754 461 4820 ἅμα
492 4755 551 4806 δὲ
600 4754 695 4807 καὶ
738 4750 881 4805 κατὰ
924 4750 1257 4820 πρόσταγμα
1297 4750 1391 4803 τοῦ
1437 4750 1771 4819 κρατοῦντος

202 4846 649 4911 καταδικάζοντος
681 4846 714 4916 ἢ
742 4845 840 4916 τὴν
884 4845 1217 4914 ἀποτίμησιν
1251 4844 1466 4897 ἐκτίσαι
1496 4845 1592 4898 τοῦ
1643 4845 1768 4910 νεὼ,

200 4935 228 5000 ἦ
273 4932 427 5000 αὖθις
483 4940 601 5000 οίος
646 4933 712 5009 ἦν
753 4940 1033 5008 ἀνεγεῖραι
1071 4938 1269 4991 αὐτόν·
1321 4938 1447 4991 ἐπεὶ
1498 4939 1590 4992 καὶ
1631 4942 1771 5010 πρὸς

204 5024 357 5095 ἄμφω
402 5028 689 5092 ἀδυνάτως
737 5025 904 5098 εἶχεν,
957 5027 1214 5096 ἀθέμιτον
1257 5029 1303 5082 δ’
1335 5026 1404 5100 ἦν
1450 5031 1770 5084 παντάπασι

203 5121 287 5172 ἰαὶ
318 5121 381 5172 τὸ
409 5120 692 5190 δεύτερον,
730 5122 890 5191 μήτοι
923 5137 983 5188 γε
1016 5123 1172 5189 ἱερεῖ,
1205 5121 1319 5174 ἀλλ’
1351 5122 1471 5175 οὐδὲ
1502 5122 1607 5193 ἰδία
1638 5122 1772 5189 Χρι-

204 5212 391 5277 στιανῷ
427 5212 589 5281 ἀνδρί
611 5230 623 5243 '
655 5215 802 5284 φυγῇ
845 5212 946 5282 μὲν
978 5212 1048 5266 τὰ
1076 5212 1271 5282 πρῶτα
1302 5214 1597 5284 ἐχρήσατο.
1632 5216 1772 5268 Πολ·

202 5299 309 5362 is);
335 5302 392 5354 δὲ
427 5303 498 5355 δι’
555 5304 759 5358 ἐκεῖνον
788 5305 1022 5373 πάσχειν
1059 5302 1267 5374 μαθὼν,
1302 5304 1396 5358 καὶ
1430 5303 1618 5358 δεινῶν
1652 5321 1772 5358 πει-

208 5394 393 5458 ρᾶσθαι
424 5395 716 5453 πλείστων,
753 5395 1066 5448 ἐπανελθὼν
1089 5397 1188 5467 τῆς
1218 5397 1400 5465 φυγῆς
1428 5399 1771 5467 κατεμήνυεν

205 5484 402 5550 ἑαυτὸν,
438 5487 582 5554 δρᾷν
615 5488 641 5538 ὃ
688 5503 739 5537 τι
782 5485 1096 5554 βουλομένῳ
1141 5486 1255 5539 ἐστὶ
1301 5485 1375 5555 τῷ
1408 5486 1587 5556 δήμῳ,
1629 5485 1771 5538 ἑκὼν

205 5574 334 5638 avsi;
387 5574 610 5629 ἑαυτόν.
664 5580 727 5629 Οἱ
761 5577 815 5629 δὲ
855 5577 972 5629 δέον
1022 5576 1222 5644 μᾶλλον
1274 5576 1573 5645 θαυμάζειν
1606 5577 1769 5631 αὐτὸν

1875 4389 2155 4451 suasione.
2183 4389 2282 4444 sed
2315 4398 2589 4458 potestate
2611 4389 2844 4459 quadam
2870 4388 3149 4459 graviore,
3176 4386 3447 4443 Christia-

1872 4494 2069 4532 norum
2109 4494 2262 4532 sacra
2292 4479 2475 4533 colere
2520 4481 2786 4548 coegerit.
2816 4491 2869 4533 et
2909 4479 3171 4547 templum
3199 4477 3441 4537 celebre,

1872 4582 2279 4640 structuraque
2319 4570 2499 4641 pretio
2532 4579 2588 4624 et
2629 4570 3037 4640 magniﬁcentia
3075 4568 3212 4622 nulli
3240 4583 3441 4623 secunc

1873 4663 2028 4728 dum,
2055 4664 2175 4718 solo
2206 4664 2529 4733 a-quaverit.
2563 4663 2738 4717 Porro
2785 4677 2973 4715 rerum
3012 4668 3160 4714 statu
3202 4668 3440 4724 mutato,

1872 4770 1995 4810 cum
2030 4754 2197 4808 simul
2245 4764 2303 4808 et
2344 4753 2542 4823 vulgus
2588 4760 2930 4807 commotum
2967 4759 3139 4816 esset,
3175 4759 3236 4805 et
3268 4751 3446 4820 impe—

1874 4829 2076 4901 ratoris
2108 4846 2425 4900 mandatum
2457 4845 2805 4906 accessisset,
2858 4859 2969 4914 quo
3014 4843 3259 4897 Marcum
3309 4858 3442 4898 sen-

1875 4938 2045 4994 tentia
2074 4938 2186 4992 lata
2212 4937 2299 4991 vel
2323 4936 2746 4991 aestimationem
2784 4935 2972 5004 templi
2998 4935 3235 5000 solvere,
3264 4935 3350 4990 vel
3381 4934 3440 4991 id

1872 5029 2034 5099 quale
2069 5038 2230 5083 antea
2273 5028 2493 5095 fuisset,
2539 5028 2833 5083 restituere
2859 5027 3067 5099 jussit;
3102 5026 3196 5081 ubi
3228 5037 3445 5082 utrum-

1872 5138 1978 5192 que
2010 5122 2191 5176 facere
2222 5136 2449 5190 prorsus
2477 5136 2589 5176 non
2621 5122 2824 5191 potuit;
2855 5124 3088 5177 alterum
3120 5121 3311 5185 etiam,
3332 5138 3444 5175 non

1872 5215 2002 5270 dico
2041 5214 2325 5284 episcopo,
2357 5216 2452 5269 sed
2484 5229 2552 5268 ne
2588 5217 2806 5283 privato
2840 5215 3066 5287 quidem
3119 5214 3443 5270 Christiano

1872 5304 2057 5361 facere
2095 5304 2208 5359 ullo
2256 5304 2422 5359 modo
2468 5305 2551 5361 {as
2591 5305 2730 5372 fuit;
2765 5306 3004 5376 primum
3044 5305 3264 5376 quidem
3317 5304 3443 5374 fuga

1881 5410 2019 5452 usus
2048 5405 2133 5450 est
2162 5414 2175 5450 :
2215 5406 2270 5450 at
2311 5396 2404 5451 ubi
2446 5398 2652 5453 multos
2680 5413 2780 5453 sua
2809 5413 2975 5452 causa
3007 5398 3167 5467 amigi
3222 5407 3279 5450 et
3316 5395 3443 5466 plu-

1873 5490 2042 5544 rimas
2060 5490 2404 5545 calamitates
2436 5491 2589 5545 ferre
2605 5492 2968 5558 cognovit,cx
2995 5490 3119 5556 fuga
3154 5502 3444 5550 reversus,

1873 5584 2117 5652 seipsum
2149 5584 2425 5645 exhibuit,
2457 5593 2512 5638 ct
2558 5584 2784 5652 populo,
2832 5582 3104 5652 quidquid
3140 5581 3325 5646 vellet,
3369 5580 3439 5634 de

266 5711 342 5789 (ll
366 5711 525 5789 apud
557 5710 781 5789 Suidam
812 5715 1252 5789 cattsaittarlyrii
1288 5712 1447 5769 istius
1485 5711 1704 5768 additur
1741 5732 1754 5768 ι
1800 5715 1941 5783 quod
2007 5718 2219 5775 scilicet
2282 5717 2514 5789 Cyril'us
2562 5716 2664 5771 sub
2699 5717 3141 5773 Constantinoct
3171 5717 3449 5774 Constatu-

209 5778 271 5830 lio
296 5778 571 5835 idolorum
612 5784 801 5851 totttpld
829 5800 909 5838 cr:
936 5787 1048 5837 rtil.
