3970 6190
281 256 388 320 475
1505 255 1934 319 NICEPHORI
1976 254 2323 318 CALLISTI
2678 208 2699 229 ’
3429 250 3542 316 me

280 385 401 425 mos
431 382 529 424 eos
571 367 723 424 viros
770 366 837 423 ad
894 380 953 420 se
991 363 1239 429 accitos,
1290 361 1553 433 quidnam
1606 362 1661 417 id
1702 371 1848 418 esset

1974 365 2206 433 ιὰμενοι,
2241 365 2289 417 οἱ
2320 361 2575 434 εὐσεϐείᾳ
2610 361 2946 432 τραφέντες,
2992 356 3170 428 εἷπον,
3221 381 3242 416 ι
3276 358 3347 418 '0
3377 366 3542 433 βασι-

278 458 429 531 quod
463 459 518 514 in
552 474 709 515 coena
745 459 813 513 de
842 473 901 512 se
931 456 1223 519 dixissent,
1258 454 1636 524 interrogavit.
1670 452 1750 507 lbi
1778 454 1846 508 illi

1976 456 2076 510 le5.
2107 455 2205 509 καὶ
2245 456 2432 520 νόμοις
2462 455 2706 525 ἀρίστοις
2749 454 3211 526 ύπηρετούμενοι,
3271 453 3349 520 ὡς
3379 458 3544 512 Κων-

272 550 378 619 qui
429 549 488 604 in
532 564 662 605 vera
713 550 919 615 pietate
972 544 1190 599 educati
1242 554 1467 607 essent,
1519 560 1715 614 magna
1774 559 1840 597 us

1976 550 2247 611 τταντῖνος
2299 550 2328 601 ό
2364 546 2726 618 πανεύιρημος
2780 547 3057 616 βασιλεὺς,
3118 549 3212 601 καὶ
3245 548 3295 602 οῑ
3324 549 3544 605 ἐκείνου

274 640 563 704 "libertate,
596 639 785 693 dixere
817 654 832 691 :
870 655 888 688 ι
927 636 1187 707 Optimis,
1220 650 1253 689 ο
1291 636 1608 705 imperator,
1646 636 1842 705 legihm

1979 640 2155 703 παῖδες
2208 638 2539 709 παρέδοσαν,
2596 638 2690 692 νῦν
2720 640 2891 709 μύσος
2928 638 3184 693 τοσοῦτον
3210 641 3446 711 ὁρῶντες
3485 642 3547 695 ἔν

275 731 599 801 respublica
654 738 740 785 est
790 728 1218 791 administrata,
1262 740 1401 796 quas
1450 726 1843 780 laudatissimu:

1981 750 2021 786 τε
2048 732 2305 803 βρώμασί
2334 750 2391 786 τε
2420 732 2515 786 καὶ
2545 731 2812 800 πόμασιν,
2843 732 3230 802 ὀλοφυρόμεθα
3259 733 3361 804 τὴν
3387 734 3549 804 ἐνάρ-

285 823 546 891 princeps
579 817 977 877 Consmmimls
1013 825 1071 871 ει
1122 815 1219 869 nm
1269 813 1390 882 eius
1427 812 1672 866 ῑυιετυηῑ
1707 829 1719 863 ³
1754 812 1862 882 32
1965 838 2158 894 γειανο
2198 827 2296 880 καὶ
2324 824 2464 878 οῐκοι
2498 825 2598 893 μὲν
2626 823 2957 894 θρηνοῦντες
2984 824 3341 894 διατελοῦμεν
3367 843 3382 859 ⁸
3447 828 3551 880 καὶ

284 926 432 965 nunc
457 919 640 964 autem
679 909 958 979 piaculum
1003 918 1216 962 tantum
1252 906 1305 958 in
1336 904 1476 959 cibis
1502 911 1664 972 atque
1694 917 1852 972 pocu-

1972 915 2064 969 σοῦ
2090 917 2146 969 δὲ
2171 914 2466 985 παρόντος,
2499 914 2575 978 ὡς
2597 917 2754 986 ὁρᾷς,
2784 903 3129 987 sumam
3152 916 3488 987 ὀδυρόμενοι.
3522 938 3540 969 ι

283 1002 351 1057 lis
403 1010 715 1064 cernentes,
760 1001 960 1056 merito
1007 1001 1210 1057 factum
1265 1000 1316 1055 id
1371 1000 1746 1070 deploramus.
1800 1001 1851 1054 Et

1982 1007 2136 1061 Ταῦτ’
2160 1006 2400 1071 ἀκούσας
2428 1009 2456 1060 ό
2487 1007 2776 1075 τύραννος,
2811 1009 3019 1077 πικρὰς
3044 1008 3298 1062 ἐκέλευεν
3332 1008 3550 1064 ὲπιθεῖ-

286 1107 410 1147 cum
461 1090 612 1145 domi
663 1091 840 1146 vicem
888 1102 1133 1147 nostram
1184 1093 1458 1162 lugemus,
1502 1102 1615 1148 tum
1665 1092 1721 1146 in
1772 1099 1854 1144 tua

1981 1114 2058 1150 θαι
2080 1096 2295 1162 τούτοις
2323 1098 2562 1170 πληγάς.
2602 1098 2712 1152 Καὶ
2744 1100 2882 1169 μετά
2907 1099 3106 1163 πολλὰς
3132 1100 3423 1171 βασάνους,
3444 1104 3549 1154 καὶ

287 1184 597 1250 νηεειιιία,
620 1192 680 1236 ut
706 1184 875 1249 vides,
912 1193 1213 1239 maerentes
1250 1184 1562 1238 tristamnr.
1603 1182 1731 1236 illis
1762 1197 1855 1236 au-

1981 1188 2065 1251 τὰς
2103 1188 2345 1254 κεφαλὰς
2375 1187 2773 1257 ἀποτμηθῆναι
2798 1190 3194 1258 προσέταττεν.
3229 1191 3339 1243 Καὶ
3362 1192 3412 1242 οἱ
3444 1189 3549 1257 μὲν

286 1272 453 1338 ditis,
487 1283 756 1343 tyrannus
799 1274 1137 1330 diverberari
1179 1290 1275 1331 eos
1327 1276 1529 1332 acriter
1557 1274 1724 1345 jussit
1755 1274 1854 1344 (l),

1980 1273 2199 1342 ἡγοντο·
2227 1274 2361 1337 Θεὸς
2396 1275 2451 1327 δὲ
2480 1274 2553 1338 ὡς
2590 1275 2913 1347 νικηφόροις
2963 1277 3031 1328 τά
3061 1278 3235 1344 στέφη
3271 1275 3366 1328 τοῦ
3397 1294 3548 1345 μαρ-

287 1370 345 1415 et
383 1372 508 1431 post
552 1365 833 1419 ernciatns
869 1368 1073 1420 multos
1108 1367 1290 1436 capite
1320 1368 1483 1421 etiam
1528 1366 1689 1435 plecti
1721 1379 1855 1435 pra:-

1984 1366 2155 1436 τυρίου
2185 1365 2474 1437 ὲδράὄευε.
2514 1367 2736 1421 Τούτων
2764 1371 2793 1421 ό
2829 1368 2930 1435 μὲν
2972 1368 3552 1433 Ἰουϐεντῖνος.Μαξι-

286 1454 456 1521 cepit.
506 1454 684 1524 Atque
733 1457 812 1511 illi
860 1458 934 1511 ita
984 1458 1210 1512 abducti
1263 1467 1448 1512 sunt:
1501 1457 1646 1511 Deus
1681 1465 1854 1511 autem

1982 1461 2124 1528 μῖνος
2157 1458 2214 1511 δὲ
2241 1460 2268 1511 ὁ
2300 1458 2489 1530 ἕτερος
2521 1459 2947 1531 προσηγόρευτο
2969 1476 2983 1490 '
3009 1459 3103 1522 οὒς
3124 1461 3193 1530 δὴ
3221 1461 3320 1512 καὶ
3349 1460 3382 1529 ἡ
3425 1459 3550 1511 Ἀν-

286 1546 596 1602 victoribus
649 1550 732 1603 eis
800 1552 1047 1612 martyrii
1108 1566 1345 1607 coronas
1403 1551 1653 1606 donavit.
1713 1551 1854 1606 Altel

1987 1550 2152 1619 :téxou
2206 1550 2387 1614 πόλις,
2422 1549 2498 1613 ὡς
2555 1552 2656 1620 τῆς
2705 1552 2992 1616 εὐσεϐείας
3030 1552 3342 1621 ἀγωνιστὰς
3374 1566 3555 1621 προσ-

287 1636 484 1692 ltorum
524 1639 878 1704 Juventinns.
936 1645 1074 1699 alter
1121 1644 1450 1699 Maximinus
1492 1652 1722 1698 vocatus
1762 1652 1855 1697 est.

1985 1642 2216 1708 ηκόντως
2251 1643 2551 1712 τιμήσασα,
2579 1644 2641 1695 ού
2677 1644 2838 1713 μόνον
2887 1643 3057 1716 θήκῃ,
3084 1642 3222 1699 ἀλλά
3253 1643 3348 1696 καὶ
3380 1644 3447 1712 τῇ
3478 1640 3553 1694 δι’

290 1728 400 1785 llos
433 1732 775 1788 Antiochena
810 1736 1010 1791 civitas
1032 1778 1045 1803 ,
1081 1744 1139 1791 ut
1182 1738 1434 1807 egregios
1484 1735 1707 1805 pictatis
1741 1749 1858 1803 pro-

1486 1735 1707 1805 pictatis
1741 1749 1869 1803 pro-
1897 1721 1941 1782 Β
1970 1731 2126 1789 ἔτους
2151 1732 2436 1785 πολυτελεῖ
2459 1733 2811 1804 παραδέδωκε
2842 1735 3054 1805 μνήμῃ.

291 1823 647 1891 pugnatores,
677 1827 876 1882 merito
903 1845 1012 1882 non
1040 1830 1219 1884 solum
1264 1844 1423 1886 sacro
1486 1829 1671 1884 loculo
1715 1827 2028 1891 honoravit,
2093 1839 2288 1881 verum
2361 1825 2527 1880 etiam
2594 1827 2881 1896 magnifice
2915 1826 3309 1882 anniversaria:
3341 1838 3557 1880 memo-

291 1917 386 1974 ria:
418 1924 784 1978 consecravit.

876 2061 1105 2118 CAPUT
1147 2064 1279 2119 Xlll.
2564 2059 2815 2113 KE‘th.
2856 2059 2951 2113 ll".

367 2148 440 2203 De
472 2151 711 2224 reliquiis
734 2164 1039 2224 sanctorum
1081 2158 1436 2224 prophetarun
1460 2198 1475 2221 ,
1511 2156 1715 2215 Elisazi.
1747 2161 1799 2208 et

1986 2153 2111 2224 Περὶ
2140 2153 2259 2208 τῶν
2283 2151 2593 2224 λειψάνων
2616 2150 2732 2204 τῶν
2761 2153 2947 2224 (ξγίων
2975 2146 3305 2224 προφήτῶγξ
3341 2154 3554 2208 Ἐλισ.

585 2222 809 2277 Joannis
840 2220 1194 2280 Praecurs'on’s
1221 2236 1271 2280 et
1300 2220 1585 2297 Baptistae.
2044 2220 2153 2280 ἆται

2044 2220 2226 2307 irata}:
2256 2226 2356 2278 καὶ
2392 2220 2677 2279 Ἰωάννου
2704 2220 2811 2274 τοῦ
2840 2220 3189 2291 Προδρόμου
3213 2222 3313 2277 καί
3329 2226 3557 2279 Baza-

2042 2312 2218 2351 στου.

359 2407 495 2464 Cum
526 2425 553 2464 a
576 2409 776 2466 Cra-cae
800 2412 1212 2480 superstitionis
1234 2411 1640 2485 professoribus
1660 2412 1867 2482 ubique

2040 2412 2163 2465 Τῶν
2207 2408 2254 2461 δ’
2310 2406 2673 2479 Ἑλληνιστῶν
2720 2408 2949 2462 τοιαῦτα
3000 2409 3145 2463 κοιτά
3202 2408 3555 2480 Χριστιανῶν

294 2499 421 2554 talia
454 2501 720 2557 adversus
757 2503 1105 2561 Christianos
1152 2513 1525 2576 patrarentur,
1577 2515 1693 2561 tum
1730 2505 1862 2561 illud

1987 2504 2394 2576 ταλαμωμένων
2433 2500 2775 2572 ἁπανταχοῦ,
2804 2506 2898 2556 καὶ
2930 2503 3050 2557 τόδε
3083 2503 3145 2557 τὺ
3176 2502 3396 2557 πάντων
3418 2503 3555 2557 ἀτο-

293 2608 516 2663 quoque
549 2596 793 2648 ninnium
830 2597 1068 2652 maxime
1100 2597 1385 2666 indignum
1423 2609 1589 2668 atque
1629 2598 1861 2653 horren-

1984 2597 2222 2653 πώτατόν
2245 2614 2306 2651 τε
2332 2598 2429 2650 καὶ
2465 2596 2912 2666 φρικωδέστατον
2934 2597 3094 2664 λόγος
3117 2597 3177 2649 ὲν
3207 2596 3552 2667 Παλαιστίνῃ

291 2683 424 2738 dum
475 2684 737 2739 Sebastiaa
788 2686 840 2740 in
890 2688 1177 2743 Palaestina
1223 2697 1310 2744 est
1353 2688 1680 2745 admissum.
1728 2689 1859 2745 Ossa

1987 2689 2534 2763 ῖραματουργηθῆναι
2561 2689 2702 2742 κατά
2727 2689 3056 2742 Σεϐάστειαν
3077 2704 3094 2721 ⁸
3121 2689 3188 2742 τὰ
3208 2688 3303 2742 τοῦ
3330 2689 3555 2759 προφή-

292 2790 534 2845 namque
601 2777 781 2832 Elisari
841 2780 1166 2848 prephetze,
1233 2789 1290 2835 et
1333 2779 1561 2835 Joannis
1609 2780 1860 2850 Baptista

1985 2800 2066 2837 του
2097 2783 2408 2836 Ἐλισσαίου
2431 2782 2567 2836 ὀστᾶ
2595 2782 2690 2835 καὶ
2718 2782 2787 2836 τὰ
2820 2781 2916 2835 τοῦ
2952 2780 3260 2835 Βαπτιστοῦ
3294 2781 3553 2837 Ἰωάννου

291 2863 551 2933 (uterque
575 2866 721 2920 enim
761 2868 1076 2936 sepulcrum
1109 2869 1184 2923 ibi
1208 2885 1369 2925 suum
1406 2869 1644 2940 habuit),
1673 2870 1859 2926 loculi:

1986 2876 2131 2948 [ἐκεῖ
2159 2876 2268 2944 γάρ
2296 2875 2391 2928 καὶ
2421 2875 2591 2946 ἄμφω
2634 2876 2810 2945 τάφου
2854 2876 3160 2945 μετέσχον)
3198 2874 3309 2928 τῶν
3359 2873 3554 2944 θηκῶν

290 2955 412 3009 suis
439 2965 707 3024 extracta,
736 2968 793 3013 et
826 2961 1228 3015 irrationalinm
1255 2962 1617 3017 animantium
1648 2963 1858 3019 ossibus

1985 2967 2365 3037 ίξαγαγόντες,
2422 2968 2635 3036 ἀλόγων
2696 2985 2756 3021 τε
2815 2966 2970 3032 ζώων
3002 2966 3214 3030 ὀστέοις
3276 2965 3419 3035 (φεῦ
3447 2965 3553 3035 τῆς

296 3047 352 3116 (ο
394 3048 684 3105 immanem
718 3053 1027 3123 audaciam)
1072 3056 1231 3110 mista
1253 3097 1268 3121 ,
1299 3057 1606 3128 atqueigni
1641 3056 1864 3121 tradita,

1984 3020 2175 3128 ςέλιὲἐιξ
2193 3057 2244 3126 l)
2300 3020 2796 3126 εἶκαταιὶιξαντες,
2824 3020 2954 3110 ’κει
3012 3058 3150 3126 πυρὶ
3185 3020 3552 3127 squis“;

296 3139 351 3194 in
391 3141 610 3196 cineres
656 3144 902 3210 redacta,
938 3155 1103 3216 atque
1136 3148 1189 3202 in
1221 3164 1405 3204 aerem
1443 3149 1671 3221 disiecta
1715 3161 1864 3205 sunt.

1991 3138 2319 3203 ιατὲκαυσαν
2342 3165 2359 3182 ·
2392 3150 2488 3202 καὶ
2548 3151 2629 3212 εἰς
2669 3150 2828 3219 ἁέρα,
2865 3149 3016 3201 κόνιν
3074 3150 3442 3220 γεγενημένα,
3476 3150 3559 3203 δι-

293 3233 874 3300 Αιιιιαιο,,ϐιιι’ἰειὶοιιί
929 3241 1316 3309 comprehensi
1358 3241 1561 3298 alicubi
1611 3252 1861 3313 tanquam

1984 3243 2257 3313 ἑσπειραν.
2308 3241 2448 3305 Τοὺς
2508 3241 2563 3294 δὲ
2621 3242 2986 3312 Χριστιανοὺς
3049 3240 3552 3309 συλλαμϐάνοντες,

292 3327 532 3382 victimae
562 3342 730 3399 super
758 3344 881 3384 aras
909 3344 1169 3385 accensas
1199 3332 1521 3403 praecipitati
1552 3350 1569 3390 :
1600 3343 1658 3389 et
1685 3333 1860 3389 homi-

1989 3334 2120 3388 ἱστιν
2171 3334 2261 3386 ὅτε
2305 3334 2514 3403 βωμοῖς
2564 3334 2964 3401 ἀναπτομένοις
3015 3332 3091 3396 ὡς
3121 3332 3299 3403 ἱερεῖα
3326 3334 3557 3404 ἐπέρρι-

290 3436 394 3476 nes
428 3422 495 3475 ad
526 3421 632 3476 alia
666 3422 903 3477 nefanda
933 3423 1136 3494 ﬂagitia
1177 3436 1369 3480 contra
1406 3441 1508 3480 nos
1548 3425 1706 3481 furiis
1739 3435 1858 3482 sunt

1988 3442 2106 3478 ττον
2130 3442 2144 3456 ο
2180 3426 2277 3479 καὶ
2318 3426 2397 3488 εἰς
2433 3424 2638 3495 πολλὴν
2680 3425 2848 3494 ἄλλην
2871 3426 3284 3498 ἀρῤητουργίαν
3319 3425 3556 3492 ἔξεδακ-

290 3515 576 3570 concitati.
608 3516 742 3571 Nam
776 3517 1082 3588 Patrophili
1124 3519 1271 3590 apud
1307 3519 1685 3591 Scythopolim
1734 3521 1858 3575 reli-

1990 3517 2269 3588 ίεύθησαν.
2315 3519 2426 3571 Καὶ
2452 3518 2801 3587 Πατροφίλου
2828 3517 2885 3570 δὲ
2908 3519 3001 3570 τοῦ
3045 3519 3102 3570 ἐν
3126 3519 3460 3571 Σκυθοπόλει
3482 3519 3558 3573 τά

290 3609 455 3677 quias
492 3608 825 3674 effoderunt,
860 3621 919 3667 et
943 3628 1136 3667 earum
1169 3622 1380 3684 partem
1409 3613 1670 3685 reliquam
1711 3613 1858 3668 dissi-

1989 3611 2203 3679 ιείψανα
2233 3611 2617 3681 ἀνορύξαντες,
2646 3612 2714 3663 τά
2746 3610 2847 3681 μὲν
2879 3611 3014 3664 ἀλλα
3048 3611 3143 3664 τοῦ
3188 3612 3442 3681 σώματος
3473 3612 3557 3666 δι-

295 3711 522 3770 parnnt.
580 3702 890 3758 Calcariam
954 3714 1139 3760 autem
1194 3707 1315 3777 ejus
1369 3706 1539 3761 altius
1596 3707 1863 3761 sublatam

1989 3701 2340 3772 εσκόρπισαν,
2403 3701 2465 3753 τδ
2518 3700 2575 3752 δέ
2607 3717 2669 3767 γε
2726 3701 2952 3768 κρανίον
2987 3700 3202 3753 ἐκείνου
3255 3703 3557 3771 ἀπαιωρή..

288 3793 657 3859 contumelia,
680 3793 817 3849 nihil
849 3795 917 3850 ad
947 3798 1343 3852 exsecrandum
1375 3798 1633 3868 injuriam
1668 3798 1856 3867 reliqui

2062 3809 2185 3859 ντες,
2217 3794 2528 3856 ἐνέπαιζον,
2564 3793 2719 3845 οὐδέν
2743 3809 2799 3845 τι
2838 3795 3095 3861 μυσαρὶς
3147 3792 3362 3863 ῦσρεως
3412 3797 3558 3848 ἀπο·
3624 3864 3630 3869 η

290 3883 580 3949 facientes,
615 3894 747 3940 sunt
775 3887 1080 3955 prosecuti.
1128 3889 1370 3944 Plurima
1408 3904 1537 3944 vero
1573 3900 1629 3944 et
1657 3889 1787 3955 alia,
1816 3901 1858 3944 ei

1991 3884 2271 3947 ιείποντες.
2299 3884 2476 3937 Πολλὰ
2501 3885 2556 3937 δὲ
2591 3887 2684 3936 καὶ
2711 3884 2879 3950 ἕτερα
2916 3885 3142 3937 πλεῖστα
3174 3886 3338 3949 αύτός
3371 3901 3430 3938 τε
3453 3889 3559 3941 καὶ

298 3978 418 4044 ipse
447 3984 504 4031 et
540 3977 714 4033 Judaei
759 3987 816 4033 et
847 3976 1019 4034 οι·ωοί
1054 3990 1245 4036 contra
1282 3997 1386 4037 nos
1420 3972 1640 4053 indigna
1683 3997 1866 4053 egere.

1986 3976 2227 4030 Ἰουδαῖοι
2248 3978 2344 4028 καὶ
2398 3976 2661 4045 Ἕλληνες
2705 3976 2829 4028 καθ’
2862 3976 3019 4045 ήμῶν
3079 3974 3318 4045 ἔδρασαν
3345 3992 3361 4006 ο
3405 3976 3554 4047 ἅπερ

286 4067 430 4134 Qua
459 4083 583 4123 cum
628 4069 720 4124 ille
754 4069 995 4135 audiret,
1031 4081 1296 4137 certoque
1326 4072 1517 4135 sciret,
1552 4089 1661 4127 non
1704 4072 1854 4128 modr

1989 4069 2137 4133 ιύτὸς
2174 4071 2391 4123 ἀκούων
2425 4068 2519 4122 καὶ
2548 4069 2798 4139 ἀκριϐῶς
2838 4063 3225 4136 ἐπιστάμενος,
3258 4070 3359 4139 οὐχ
3401 4071 3557 4134 ὅπως

288 4161 382 4219 eis
413 4176 522 4215 non
566 4160 833 4223 offensus,
880 4162 976 4217 sed
1023 4163 1189 4217 etiam
1244 4163 1618 4234 maximopere
1649 4164 1856 4235 gavisus

1989 4161 2197 4234 ᾐχθετοζ
2231 4160 2369 4214 ἀλλά
2423 4163 2518 4214 καὶ
2557 4160 2928 4233 διαφερόντως
2975 4161 3184 4230 ἔχαιρε,
3209 4161 3310 4229 τῆς
3347 4161 3449 4231 μὲν
3496 4166 3557 4217 ὲν

287 4262 385 4308 est
435 4271 449 4307 :
490 4268 615 4307 cum
666 4252 890 4322 quidem
940 4254 1131 4307 talium
1179 4252 1486 4309 facinorum
1539 4255 1764 4310 infamia
1814 4255 1855 4310 ir

1989 4254 2087 4315 rei;
2120 4251 2424 4322 δρωμένοις
2453 4249 2743 4314 δυσκλείας
2778 4252 2858 4312 είς
2882 4251 3108 4321 ἑτέρους
3139 4250 3423 4321 ἀνιούσης,
3451 4253 3557 4322 τῆς

296 4346 439 4402 alios
467 4344 826 4412 redundaret,
857 4345 1026 4400 animi
1067 4352 1251 4400 autem
1280 4347 1399 4416 ejus
1436 4347 1707 4402 sententia
1743 4347 1864 4403 illo-

1986 4344 2018 4399 5'
2060 4343 2226 4399 αὐτοῦ
2254 4343 2480 4415 γνώμης
2507 4346 2621 4407 τοῖς
2650 4344 2875 4397 ἐκείνων
2901 4344 3085 4413 ἔργοις
3117 4348 3554 4416 περαιουμένης.

294 4459 422 4499 tum
475 4440 636 4496 factis
681 4437 1067 4511 perficeretur.
1114 4437 1606 4493 Verumenimvero
1640 4438 1731 4494 ubi
1776 4455 1862 4510 per

1989 4439 2084 4490 Kal
2114 4436 2180 4508 δὴ
2213 4437 2440 4491 συνιδὼν
2472 4437 2642 4508 μηδὲν
2674 4437 2736 4489 ὲκ
2779 4436 2880 4505 τῆς
2913 4438 3185 4506 τοσαύτης
3244 4440 3443 4507 μανίας
3474 4440 3557 4511 τῷ

292 4538 542 4593 (urorem
572 4536 736 4591 talem
777 4534 1072 4590 consilium
1127 4548 1291 4589 suum
1337 4532 1520 4587 minus
1546 4532 1860 4598 succedere,

1988 4529 2165 4599 τκοπῷ
2227 4528 2645 4601 περαινόμενον,
2702 4528 2908 4598 μᾶλλον
2963 4530 3064 4599 μὲν
3090 4530 3184 4583 οὖν
3207 4531 3460 4584 ἐντεῦθεν
3491 4533 3556 4585 τὸ

292 4642 356 4689 et
385 4631 830 4689 Christianorum
866 4627 1082 4683 animos
1116 4627 1245 4682 inde
1278 4626 1467 4696 augeri
1501 4625 1673 4696 magis
1705 4635 1860 4697 atque

1986 4620 2365 4692 Κριστιανικὺν
2392 4619 2841 4691 ὲπιρῤωνύμενον
2881 4622 3164 4688 φρόνημα,
3211 4621 3554 4690 μηχανᾶται,

291 4723 616 4780 confirmari
675 4722 849 4786 vidit,
902 4721 1093 4777 fraude
1144 4722 1249 4776 alia
1287 4719 1579 4791 episcopos
1628 4735 1725 4775 eos
1776 4722 1859 4791 qui

1988 4714 2099 4776 τοὺς
2117 4717 2175 4768 ὲν
2202 4712 2405 4777 αίτίαις
2437 4712 2883 4781 ἑκόεδλημένους
2922 4712 3031 4764 τῶν
3068 4714 3410 4775 ἐπισκόπων,
3452 4717 3556 4767 καὶ

298 4825 527 4887 propter
549 4829 767 4870 causam
791 4814 1031 4883 aliquam
1058 4812 1282 4868 sedibus
1304 4811 1419 4866 suis
1443 4809 1606 4881 eiecti
1628 4810 1866 4874 fuerant,

1985 4808 2098 4869 τοὺς
2127 4806 2243 4860 ἀντ’
2274 4806 2499 4860 ἐκείνων
2528 4806 2619 4858 τὸν
2668 4805 2859 4877 θρόνον
2890 4806 3244 4873 κατέχοντας,
3276 4805 3553 4874 συρῤἀξαι

291 4925 426 4966 cum
454 4908 872 4964 successoribus
897 4923 1114 4970 eorum,
1142 4906 1209 4961 ad
1240 4915 1543 4969 certamen,
1567 4904 1674 4976 33
1706 4903 1859 4959 sicuti

1985 4899 2111 4968 πρὸς
2141 4898 2399 4968 πόλεμον,
2438 4896 2628 4968 ὥσπερ
2685 4897 2895 4952 ἀνωθεν
2943 4899 3289 4965 διελάὄομεν.
3345 4898 3455 4949 Καὶ
3485 4899 3553 4969 δὴ

297 5014 463 5059 antea
493 5002 768 5068 diximus,
801 5002 1066 5070 impulsos
1108 4998 1385 5056 commisit
1421 5016 1434 5054 :
1466 5008 1521 5055 et
1554 4999 1693 5069 parti
1729 4997 1865 5052 utri-

1984 4988 2430 5071 πᾶσανρξουσίαν
2461 4990 2703 5062 ἑκατέρᾳ
2740 4990 3025 5059 παρεδίδου
3058 4991 3247 5061 μοίρᾳ,
3281 4991 3552 5061 πράττειν

298 5112 408 5168 que
445 5096 765 5170 facultatem
804 5109 1022 5149 omnem
1060 5092 1235 5160 dedit,
1273 5102 1333 5148 ut
1367 5107 1709 5163 qnzecnnquc
1742 5107 1866 5160 pos-

1982 5082 2071 5134 ὗπα
2097 5081 2190 5135 καὶ
2224 5082 2425 5135 δυνατὰ
2463 5080 2552 5152 εἴη
2588 5084 2794 5145 αὐτοῖς,
2828 5085 2961 5152 πρὸς
2985 5085 3085 5153 τὴν
3112 5086 3320 5137 οἰκείαν
3345 5083 3550 5136 σύστα-

299 5197 427 5244 sent
473 5188 541 5243 ad
593 5202 684 5242 res
731 5202 859 5242 suas
892 5184 1270 5239 defendendas
1308 5194 1472 5253 atque
1517 5182 1867 5238 stabiliendas

1982 5186 2059 5221 σιν
2089 5173 2183 5222 καὶ
2240 5172 2561 5239 ἀσφάλειαν.
2608 5173 2701 5239 Ἐξ
2753 5170 2827 5227 ὧν
2859 5177 3059 5227 ἐκεῖνοι
3122 5175 3258 5244 πρὸς
3283 5173 3550 5243 ἀλλήλους

298 5283 474 5338 libere
503 5280 768 5337 facerent.
802 5278 880 5333 lta
917 5278 991 5331 illi
1025 5278 1173 5331 inter
1203 5292 1261 5332 se
1302 5278 1604 5345 congressi,
1636 5276 1866 5329 multum

1981 5263 2443 5335 συῤῥηγνύμενοι,
2511 5266 2713 5336 πολλὴν
2751 5268 3143 5335 ἀτχημοσύνην
3179 5269 3272 5320 καὶ
3314 5267 3549 5337 μέμψιν,

302 5375 618 5443 ignominiaa
644 5380 700 5426 et
725 5368 1172 5441 reprehensionis
1204 5368 1350 5437 quod
1385 5367 1653 5421 desertori
1688 5366 1870 5420 studio

1983 5352 2192 5426 ὅπερῆν
2224 5357 2302 5428 τῷ
2335 5359 2624 5426 ἀποστάτῃ
2658 5358 3009 5425 σπούδασμα,
3039 5360 3462 5430 προσετρίϐοντο
3486 5363 3551 5427 τῇ

302 5469 502 5532 fuerat,
557 5483 697 5520 vera:
749 5463 938 5535 pietati
992 5462 1246 5516 attuli-re.
1297 5460 1414 5513 Alia
1467 5458 1693 5528 insuper
1742 5458 1870 5511 dolo

1984 5451 2248 5520 εὖσε6-ίᾳ.
2282 5451 2389 5505 Καὶ
2418 5451 2553 5505 ἄλλα
2580 5450 2626 5503 δ’
2658 5452 2822 5520 ἕτερα
2854 5451 2954 5519 τῆς
2986 5452 3153 5503 αὐτοῦ
3185 5451 3552 5518 κακοτεχνίας

378 5619 819 5685 (l)Jnliannsin
866 5622 1043 5674 cisse
1091 5619 1430 5687 majestatem
1477 5615 1868 5687 lmsatirvindi-
1976 5620 2276 5687 martyrum
2353 5624 2552 5663 nomen
2628 5619 2680 5664 et
2761 5609 3025 5663 honorent
3111 5609 3194 5664 eis
3266 5607 3548 5662 invidens.

301 5680 445 5744 ςδιὰ
490 5690 647 5754 dixit,
678 5700 841 5757 atque
901 5692 954 5744 id
1015 5694 1085 5743 ita
1122 5680 1191 5743 ad
1235 5680 1316 5744 eis
1362 5688 1639 5755 vulgatum
1667 5680 1865 5750 voluit,
1979 5680 2171 5732 ΤΙιι-υιι.
