3970 6190
382 290 485 354 181

1286 291 1892 353 ECCLESIASTICJE
1938 295 2324 393 ΠίδῚῸίξίιΕ
2358 294 2501 355 LIB.
2554 294 2623 356 Χ.

3549 304 3653 368 482

384 407 551 476 ἡμεῖς
575 404 705 475 περὶ
735 404 927 468 οὐσίας
953 404 1049 459 καὶ
1082 402 1435 466 ὑποστάσεως
1483 404 1667 471 ἴσμεν,
1698 402 1869 463 οὐδεῖς
1908 401 1969 454 ἂν

2080 403 2204 455 Ilaec
2231 418 2361 456 sane
2388 400 2730 456 Alexandria:
2758 401 2977 457 decreta
3004 410 3155 458 sunt.
3183 405 3311 471 Quae
3335 424 3462 462 vero
3492 413 3649 467 nobis

385 498 601 567 γένοιτο
633 498 832 568 φθόνος
865 499 953 553 διὰ
977 498 1223 570 βραχέων
1253 500 1449 553 εἰπεῖν.
1483 499 1547 551 Οί
1571 497 1703 566 παρ’
1735 495 1968 565 Ἕλλησι

383 590 487 656 τὴν
513 589 839 660 φιλοσοφίαν
860 591 1307 660 στοιχειὼσαντες
1330 588 1688 650 ὑποστάσεως
1721 589 1819 655 μὲν
1844 587 1969 639 οὐδὲ

395 681 583 744 ανείας
612 682 675 734 τὸ
707 682 971 751 παράπαν
1020 682 1260 749 ἠξίωσαν
1288 681 1462 751 ὄνομα
1480 697 1495 712 ο
1534 680 1749 742 πολλοῖς
1771 681 1827 732 δὲ
1858 680 1972 747 ὁρι-

387 776 549 841 σμοῖς
574 773 677 845 τὴν
708 774 902 828 οὐσίαν
956 775 1287 841 παρέδοσαν.
1332 771 1623 843 Εἰρηναῖος
1674 772 1729 824 δὲ
1781 773 1809 824 ό
1837 770 1968 841 παρ’

416 868 621 930 κείνοις
679 868 1069 937 γραμματικδς
1104 866 1164 919 ὲν
1219 865 1295 934 τῷ
1319 864 1790 934 ἐπιγεγραμμένῳ
1824 864 1970 917 κατᾶ

391 961 663 1027 στοιχεῖον
696 956 1030 1024 Ἀττικιστῇ
1063 958 1158 1009 καὶ
1189 955 1465 1027 βάρϐαρον
1489 955 1586 1026 τὴν
1613 955 1757 1020 λέξιν
1787 956 1963 1008 καλεῖ·

389 1052 528 1121 μηδὲ
563 1051 675 1120 γὰρ
705 1052 817 1114 τοῖς
848 1050 1094 1111 παλαιοῖς
1120 1054 1178 1103 ὲν
1207 1050 1371 1120 μνεία
1402 1044 1543 1101 εἷναί
1570 1064 1736 1114 φησιν
1763 1066 1774 1077 ·
1813 1047 1861 1099 εί
1910 1047 1967 1099 δέ

388 1140 497 1194 πού
525 1157 610 1203 τις
663 1140 796 1203 ίσως
848 1139 944 1193 καὶ
982 1140 1273 1209 μέμνηται,
1327 1138 1402 1208 μὴ
1433 1137 1519 1205 ίφ’
1548 1129 1627 1197 οἷς
1656 1134 1751 1187 νῦν
1782 1150 1968 1203 παρα-

386 1232 754 1303 λαμϐάνεται,
816 1233 1057 1302 εἴρηται.
1121 1230 1400 1301 Σοφοκλῆς
1455 1229 1557 1299 μὲν
1607 1229 1715 1297 γὰρ
1743 1226 1967 1295 ἐνέδραν

388 1324 685 1393 σημαίνειν
713 1323 815 1394 τὴν
848 1326 1197 1378 ὑπόστασιν
1225 1324 1284 1376 ὲν
1316 1321 1543 1389 Φοινίκῃ
1572 1320 1783 1372 τίθεται
1802 1334 1818 1351 ·
1858 1319 1972 1372 Μέ-

386 1417 619 1489 νανδρος
646 1417 703 1470 δὲ
734 1417 1040 1471 ὑπόστασιν
1084 1413 1236 1484 λέγει
1287 1415 1356 1468 τά
1389 1415 1791 1486 καρυκεύματα
1818 1431 1831 1445 ·
1875 1416 1969 1467 καὶ

385 1510 552 1572 ἄλλος
609 1510 712 1580 τὴν
764 1510 824 1562 ὲν
875 1509 1020 1581 πίθῳ
1068 1508 1246 1582 τρύγα
1287 1508 1475 1579 φησίν.
1536 1508 1749 1561 Είδέναι
1783 1508 1968 1578 μέντοι

387 1598 592 1669 χρεὼν,
626 1600 704 1665 ὡς
737 1602 789 1654 εί
843 1604 940 1656 καὶ
987 1599 1341 1670 παλαιότεροι
1391 1599 1500 1654 τῶν
1532 1600 1839 1668 φιλοσόφων
1868 1598 1971 1669 τὴν

387 1686 537 1751 λέξιν
563 1688 622 1739 ὲν
658 1686 837 1740 οὐδενὶ
869 1683 1038 1756 είχον,
1066 1685 1128 1739 ὀί
1145 1702 1207 1752 γε
1241 1684 1348 1755 μὴν
1377 1684 1635 1755 νεώτεροι
1670 1686 1882 1756 συχνῶς
1900 1687 1968 1755 τῇ

390 1777 488 1845 τῆς
541 1774 899 1837 ὑποστάσεως
947 1774 1093 1840 λέξει
1132 1775 1253 1826 ἀντὶ
1284 1775 1381 1842 τῆς
1418 1773 1606 1835 οὐσίας
1641 1776 1969 1846 ἐχρήσαντο.

390 1869 664 1937 Διάφορον
693 1866 750 1920 δὲ
781 1867 872 1921 τὸν
903 1867 1032 1938 ὅρον
1057 1867 1159 1937 τῆς
1185 1864 1375 1928 οὐσίας
1426 1865 1863 1919 ἀποδεδώκασιν.
1908 1867 1969 1919 El

393 1959 445 2010 ἰὲ
478 1959 512 2026 ἡ
538 1958 698 2010 οὐσία
743 1959 856 2028 ὅρῳ
905 1956 1239 2026 διείληπται,
1282 1956 1402 2019 πῶς
1456 1958 1549 2009 ἐπὶ
1584 1955 1721 2009 Θεοῦ
1752 1958 1784 2026 ἡ
1818 1958 1970 2027 φωνὴ

390 2048 695 2119 ἀξιόχρεως
725 2051 929 2118 κυρίως
953 2047 1200 2118 λεχθείη,
1233 2047 1308 2117 μὴ
1334 2046 1637 2116 δυναμένου
1668 2049 1780 2118 ὅρῳ
1813 2064 1971 2116 περι-

389 2141 762 2209 λαμϐάνεσθαι
788 2158 801 2204 ;
854 2141 914 2192 ’0
935 2140 980 2191 δ’
1007 2139 1252 2209 ἀσκητὴς
1289 2138 1564 2207 Εὐάγριος
1598 2140 1654 2191 ὲν
1682 2139 1759 2209 τῷ
1803 2155 1971 2206 μονα-

398 2256 420 2303 τ
430 2233 533 2304 ικῷ
554 2232 723 2286 αὐτοῦ
750 2234 1098 2302 συντάγματι
1125 2230 1400 2299 θεολογείν
1428 2231 1527 2299 μὲν
1549 2230 1624 2293 ὡς
1658 2230 1814 2300 ἔτυχε
1840 2230 1972 2299 θρα-

391 2329 531 2388 σέως
589 2325 685 2378 καὶ
718 2323 951 2384 ἀναιδῶς
1012 2321 1524 2392 ἀποσυμϐουλεύει·
1582 2322 1658 2385 ὡς
1688 2322 1733 2374 δ’
1763 2321 1969 2375 ἁπλοῦν

386 2420 453 2472 τὸ
488 2418 649 2470 Θεῖον
674 2415 956 2485 ὁρίζεσθαι
1006 2415 1355 2467 παντάπασιν
1389 2413 1789 2483 ἀποτρέπεται.
1845 2413 1969 2466 Τῶν

390 2509 666 2562 συνθέτων
715 2508 824 2578 γὰρ
873 2510 1000 2571 τοὺς
1035 2508 1196 2576 ὄρους
1227 2502 1370 2558 εἷναί
1409 2522 1597 2576 φησιν.
1641 2506 1700 2559 Ὀ
1731 2507 1777 2561 δ’
1806 2506 1970 2570 αὐτὸς

387 2601 490 2653 καὶ
542 2597 720 2652 ταῦτα
755 2597 1118 2668 προστίθησιν
1162 2616 1180 2649 ι
1230 2598 1387 2651 Πᾶσα
1434 2598 1699 2666 πρότασις
1749 2598 1970 2668 ἦγένος

389 2694 504 2763 ἔχει
533 2691 1037 2761 κατηγορούμενον,
1093 2690 1126 2759 ἢ
1161 2685 1320 2752 εἶδος,
1354 2689 1386 2761 ἢ
1427 2689 1712 2760 διαφορὰν,
1749 2691 1780 2762 ἢ
1812 2692 1966 2758 ἴδιον,

387 2786 423 2850 ἢ
471 2784 853 2853 συμϐεϐηκός*
932 2782 1059 2852 im
1090 2783 1154 2834 ἐκ
1207 2781 1415 2836 τούτων
1472 2785 1850 2853 συγκείμενον.
1906 2783 1968 2838 Εί

387 2873 548 2927 οὐδὲν
574 2873 632 2926 δὲ
667 2875 761 2926 ἐπὶ
788 2873 887 2943 τῆς
916 2873 1081 2941 ἁγίας
1109 2872 1345 2944 Τριὰδος
1374 2872 1484 2927 τῶν
1514 2875 1826 2945 εἰρημένων
1850 2875 1968 2928 ἔστι

390 2964 600 3028 λαϐεῖν,
641 2968 818 3035 σιωπῇ
860 2965 1280 3035 προσκυνείσθω
1339 2965 1400 3018 τὸ
1452 2965 1712 3037 ἄρρητον.
1752 2986 1772 3020 ι
1832 2970 1968 3040 Περὶ

2073 491 2141 544 de
2170 493 2481 547 substantia
2523 504 2578 547 et
2603 493 2956 548 subsistentia
2994 495 3212 565 cognita
3240 508 3389 561 sunt,
3421 515 3483 554 ea
3517 516 3652 570 pau-

2071 583 2151 637 cis
2185 583 2322 636 citra
2373 583 2638 638 invidiam
2684 600 2959 653 exponere
2994 587 3084 641 hic
3115 588 3297 642 liceat.
3331 589 3430 656 Qui
3473 607 3503 644 a
3535 593 3651 661 pri-

2074 677 2180 728 mis
2224 676 2396 728 initiis
2430 677 2834 746 philosophiam
2866 679 3007 748 apud
3035 679 3174 733 Graec
3192 696 3252 734 os
3281 684 3514 751 gentiles
3545 685 3649 737 dn-

2073 775 2336 828 cuerunt,
2395 784 2464 822 ne
2528 771 2869 822 mentionem
2924 773 3148 838 quidem
3201 773 3361 826 ullam
3419 791 3650 843 prorsus

2072 853 2446 907 subsistentia:
2486 855 2743 911 fecerunt
2792 859 3045 920 εούσίαν,
3091 863 3193 913 hoc
3233 872 3337 927 est,
3390 866 3650 919 substan-

2072 943 2203 997 tiam
2276 956 2459 999 autem
2529 948 2644 1002 sive
2715 952 3012 1003 essentiam
3086 954 3234 1007 varie
3293 954 3647 1009 deﬁnierunt.

2071 1033 2312 1088 lrenaaus
2338 1038 2727 1107 grammaticus
2751 1037 2895 1106 apud
2927 1054 3043 1103 eos,
3076 1041 3130 1095 in
3154 1042 3297 1095 libro
3322 1058 3483 1111 quem
3515 1046 3653 1097 Aui-

2072 1128 2258 1179 cistam
2290 1126 2594 1197 inscripsit,
2624 1129 2716 1184 ubi
2746 1130 3298 1206 ,litterarnm'ordine
3337 1136 3499 1188 verba
3536 1137 3651 1188 col-

2070 1216 2194 1287 ligit
2226 1228 2281 1272 et
2320 1220 2603 1288 explanat.
2648 1221 2947 1276 dictionem
2978 1223 3332 1279 subsistentia
3360 1226 3648 1280 barbaram

2073 1320 2253 1373 vocat,
2284 1327 2461 1382 neque
2500 1328 2621 1366 eam
2654 1314 2797 1383 apud
2834 1326 3047 1371 veteres
3084 1319 3313 1386 reperiri
3348 1317 3481 1371 dicit
3515 1336 3528 1372 :
3562 1322 3649 1373 sin

2072 1413 2257 1457 autem
2311 1409 2641 1474 reperiatur,
2703 1410 2976 1464 diversam
3026 1413 3097 1465 ab
3143 1415 3342 1467 usitata
3384 1415 3484 1467 ista
3530 1432 3650 1469 eam

2072 1493 2325 1549 obtinere
2359 1499 2814 1567 signiﬁcationem
2863 1502 3125 1555 ostendit.
3159 1502 3464 1570 Sophocles
3495 1520 3651 1557 nani-

2072 1600 2181 1654 que
2218 1588 2270 1639 in
2299 1582 2581 1653 Pliintiice,
2604 1591 2924 1658 ὑπόστασιν,
2950 1594 3487 1663 subsistentiam,pro
3518 1597 3652 1649 ins-'-

2076 1676 2184 1730 diis
2218 1677 2501 1733 collocatis
2546 1684 2750 1749 posuit.
2788 1682 3080 1739 Menander
3111 1698 3293 1739 autem
3343 1686 3485 1738 idem
3531 1701 3654 1738 ver-

2076 1769 2204 1822 bnin
2243 1785 2342 1837 pro
2381 1771 2519 1836 juris
2549 1774 2919 1838 condimento,
2956 1777 3065 1847 36
3104 1779 3246 1832 alius
3280 1794 3498 1833 rursum
3551 1797 3651 1851 pro

2073 1860 2185 1913 vini
2215 1860 2330 1915 fece
2365 1864 2419 1916 in
2458 1865 2626 1919 fundo
2658 1868 2777 1920 cadi
2814 1869 3152 1926 subsistente
3193 1880 3501 1941 usurpavit.
3527 1878 3647 1931 Cae-

2076 1962 2255 2005 terum
2300 1954 2432 2007 illud
2466 1958 2897 2026 observandum,
2926 1965 3180 2030 quamvis
3218 1976 3434 2021 veteres
3469 1969 3649 2036 plnlo-

2072 2043 2231 2112 sophi
2273 2044 2516 2101 dictione
2548 2064 2612 2102 ea
2646 2050 2729 2103 usi
2761 2066 2869 2104 non
2917 2054 3049 2115 sint,
3102 2057 3441 2112 recentiores
3470 2070 3651 2114 tamen

2077 2135 2399 2205 frequenter
2430 2140 2850 2195 subsistentiam
2880 2159 2981 2213 pro
3009 2145 3315 2201 substantia
3349 2154 3648 2218 accepisse.

2074 2230 2407 2285 Substantize
2429 2241 2613 2287 autem
2638 2234 2887 2289 diversas
2905 2237 3258 2294 deﬁnitiones
3281 2242 3648 2302 tradiderunt.

2073 2324 2141 2375 At
2171 2322 2215 2375 si
2259 2322 2568 2378 substantia
2600 2326 2923 2381 deﬁnitione
2955 2332 3473 2399 comprehenditur,
3507 2352 3649 2404 qua-

2071 2427 2197 2465 nam
2231 2414 2443 2468 ratione
2477 2417 2698 2484 proprie
2724 2427 2782 2470 et
2831 2428 2980 2471 recte
3018 2434 3080 2473 ea
3116 2436 3214 2474 vox
3249 2423 3316 2476 de
3359 2424 3470 2477 Deo
3499 2426 3651 2479 dica-

2074 2512 2186 2569 tur,
2223 2521 2386 2574 quem
2421 2506 2528 2561 ﬁne
2579 2508 2690 2561 ullo
2719 2510 3054 2595 concludere
3084 2528 3198 2567 non
3236 2515 3356 2569 cst?
3385 2517 3652 2587 Evagrius

2073 2611 2205 2651 sane
2220 2600 2464 2662 Ascetes,
2501 2599 2555 2652 in
2586 2599 2727 2653 libro
2764 2616 2866 2655 suo
2906 2604 3234 2669 monastico,
3268 2606 3338 2660 de
3362 2607 3651 2663 divinitate

2074 2688 2347 2745 disserere
2397 2700 2603 2746 tenuere
2636 2707 2761 2746 cum
2803 2693 3117 2764 impudenti
3157 2698 3490 2755 conﬁdentia
3540 2703 3653 2755 dis-

2071 2782 2298 2846 suadet,
2353 2793 2411 2838 et
2434 2783 2601 2838 Deum
2636 2787 2811 2854 ipsum
2847 2797 2904 2840 ut
2933 2788 3235 2858 simplicem
3259 2792 3490 2848 deﬁnire
3512 2797 3651 2850 velle

2070 2889 2302 2944 prorsus
2332 2875 2678 2931 dehortatur.
2717 2878 3077 2936 Deﬁnitiones
3102 2883 3252 2937 enim
3290 2901 3399 2939 non
3432 2886 3645 2956 simpli-

2072 2972 2242 3036 cium,
2283 2971 2376 3027 sed
2403 2974 2839 3042 compositorum
2873 2991 2998 3031 esse
3033 2978 3188 3033 dicit.
3238 2979 3382 3034 Idem
3425 2991 3479 3036 et
3509 2984 3645 3038 illud

392 3059 492 3126 μὲν
507 3054 602 3111 οὖν
624 3058 892 3127 Εὐαγρίου
914 3058 1291 3128 διαληψόμεθα
1312 3061 1407 3112 καὶ
1428 3061 1483 3123 ὲς
1507 3058 1738 3131 ὕστερον
1759 3076 1773 3090 ·
1797 3062 1969 3116 ταῦτα

2076 3062 2316 3132 adjicit:
2361 3081 2380 3115 ι
2434 3065 2749 3133 Propositio
2797 3081 2893 3121 seu
2945 3070 3256 3124 enuntiatio
3303 3072 3501 3140 omnis,
3551 3087 3649 3131 ant

395 3151 438 3166 ιν

390 3151 438 3200 δ’
463 3150 514 3203 εί
542 3149 639 3203 xui.
667 3148 773 3215 ἔξω
799 3149 895 3202 τοῦ
932 3152 1304 3221 προκειμένου
1351 3147 1492 3204 εῖναι
1527 3150 1699 3219 δοκεῖ,
1750 3153 1866 3205 ἀλλ’
1891 3154 1969 3216 ὠς

2076 3170 2252 3224 genus
2280 3154 2424 3225 quod
2478 3156 2778 3221 indicetur,
2811 3161 3077 3224 continet,
3107 3170 3203 3215 aut
3246 3162 3507 3231 speciem,
3550 3173 3646 3215 aut
3686 3146 3727 3195 λ-

389 3243 645 3313 χρήσιμα
690 3243 785 3294 καὶ
812 3244 878 3311 τῇ
916 3242 1124 3312 ἱστορία
1174 3241 1579 3313 συμϐάλλοντα,
1609 3244 1682 3314 μὴ
1713 3244 1968 3300 τοσοῦτον

2076 3246 2471 3312 diﬁ'erentiam,
2512 3257 2607 3302 aut
2640 3251 2946 3318 proprium,
2991 3260 3085 3305 ant
3120 3253 3396 3318 accidens,
3444 3262 3539 3307 aut
3577 3269 3646 3309 ex

389 3330 537 3385 εἶναι
568 3332 844 3403 ἀπᾴδοντα
870 3333 1076 3401 οἴομαι.

2077 3341 2147 3394 iis
2215 3339 2607 3407 compositum.
2676 3341 2900 3432 Quodsi
2931 3343 3065 3397 nihil
3114 3342 3309 3397 harum
3358 3360 3542 3398 rerum
3592 3348 3646 3400 in

390 3433 582 3480 sancta
630 3424 907 3480 Trinitate
955 3425 1370 3495 deprehendere
1417 3437 1541 3483 est:
1585 3445 1710 3484 cum
1745 3429 1967 3486 silentio
2008 3432 2061 3486 id
2102 3431 2383 3495 adoretur,
2416 3431 2563 3500 quod
2598 3432 2705 3487 diei
2735 3424 2900 3502 atque
2942 3434 3175 3503 proferri
3220 3450 3329 3489 non
3374 3447 3575 3504 potest.
3619 3456 3637 3488 ι

391 3522 501 3577 Sed
534 3522 605 3576 de
646 3520 883 3590 Evagrio
914 3533 1101 3591 postea
1136 3524 1589 3581 memorabimus.
1621 3527 1747 3581 llaec
1778 3539 1964 3583 autem
2006 3529 2257 3598 quamvis
2312 3539 2467 3581 extra
2494 3528 2814 3583 institutum
2849 3542 3098 3585 nostrum
3133 3544 3258 3585 esse
3327 3530 3644 3597 videantur,

392 3619 554 3674 utilia
589 3627 797 3684 tamen,
831 3618 1189 3689 bistorimque
1220 3621 1634 3689 convenientia,
1661 3638 1841 3695 neque
1877 3624 2171 3679 admodum
2199 3623 2377 3677 aliena
2410 3638 2531 3677 esse
2562 3624 2824 3679 arbitror.

983 3763 1240 3818 ΚΕΦΑΛ.
1281 3760 1396 3830 ις’.

405 3859 507 3912 Ἐκ
529 3853 808 3929 τοῦίπερί
837 3854 949 3929 τῆς
989 3854 1734 3929 φυχῆς-ἐπιγεγραμμένου
1779 3859 1967 3929 λόγου

647 3921 1036 3991 Ἀθὶινασίοὺ,
1060 3921 1155 3978 οἵα
1186 3924 1315 3979 ἐκεῖ
1334 3921 1733 3996 διεξέρχεται.

475 4038 602 4091 Ἐπὶ
630 4038 687 4091 δὲ
714 4040 781 4109 τῇ
813 4036 1017 4104 συνόδῳ
1050 4035 1223 4110 ταύτῃ
1272 4036 1365 4090 καὶ
1404 4037 1723 4101 ’Δθανάσιος
1756 4039 1845 4092 τὸν
1874 4040 1965 4093 ἔκ·
2036 4050 2053 4062 ’

2656 3761 2880 3817 CAPUT
2921 3761 3057 3816 XVI.

2076 3859 2208 3926 Qua:
2228 3858 2546 3913 Athanasius
2577 3859 2628 3909 in
2652 3859 2890 3909 oratione
2917 3873 3077 3924 quam
3102 3856 3165 3908 de
3196 3854 3320 3924 fuga
3352 3857 3642 3926 inscripsit,

2667 3934 3052 3979 commemoret.

2148 4041 2205 4095 In
2241 4041 2450 4112 synodo
2484 4041 2585 4095 ista
2619 4040 2953 4095 Athanasius
2982 4040 3185 4095 librum
3228 4042 3390 4096 etiam
3428 4048 3638 4099 dudum

392 4130 564 4186 παλαι
620 4129 998 4200 πεποιημένον
1058 4131 1189 4199 περὶ
1239 4129 1339 4199 τῆς
1401 4131 1583 4198 φυγῆς
1631 4132 1780 4200 αὐτῷ
1811 4132 1969 4200 λόγον

2076 4148 2103 4185 a
2157 4149 2214 4187 se
2252 4133 2319 4187 de
2370 4132 2495 4199 fuga
2543 4131 2910 4201 compositum
2957 4132 3250 4198 recitavit,
3283 4149 3348 4187 ex
3382 4150 3493 4203 quo
3523 4134 3644 4189 loca

390 4224 609 4293 ἀνέγνω
632 4238 647 4253 ⁸
718 4217 780 4276 οὐ
839 4222 906 4274 τὰ
940 4220 1142 4289 μᾶλλον
1182 4221 1376 4289 καίρια
1424 4220 1525 4290 τῆς
1561 4221 1872 4285 ὑποθέσεως
1898 4225 1965 4291 τῇ

2076 4224 2320 4292 quaedam
2347 4231 2669 4292 argumento
2693 4223 2743 4277 ei
2772 4223 3003 4277 maxime
3036 4224 3307 4294 apposita,
3335 4225 3489 4293 operi
3517 4225 3646 4281 huic

390 4316 644 4386 παρούσῃ
698 4311 1062 4384 πραγματείᾳ
1117 4312 1352 4364 ἐνθεῖναι
1408 4310 1716 4366 σπουδάσω.
1774 4312 1879 4363 Τὸν
1910 4311 1967 4365 δὲ

2076 4315 2336 4370 inseram.
2363 4315 2680 4371 Orationem
2703 4325 2889 4370 autem
2914 4316 3209 4385 integram,
3232 4331 3353 4385 qua:
3381 4316 3645 4386 prolixior

390 4410 511 4462 ὅλον
565 4407 726 4476 λόγον
769 4406 827 4467 ἐς
888 4404 1023 4457 πολὺ
1082 4403 1456 4475 προηγμένον,
1508 4405 1620 4466 τοῖς
1656 4402 1966 4471 φιλοπόνοις

2076 4416 2179 4481 est,
2222 4407 2457 4463 studiosi
2492 4407 2594 4477 ipsi
2634 4407 2937 4477 inquirent.
2974 4407 3053 4461 lta
3085 4418 3265 4462 autem
3300 4407 3501 4462 scribit
3537 4424 3552 4460 :

390 4503 580 4591 ζητεῖν
609 4499 912 4591 ἐπιτρέπω.
930 4495 1104 4591 .AéY-a;
1228 4492 1406 4591 οὖτξος
1431 4510 1445 4524 .

469 4610 487 4642 ι
530 4589 663 4642 Ἰδοὺ
685 4586 858 4640 ταῦτα
885 4585 996 4638 τῶν
1033 4582 1248 4637 ἀσεϐῶν
1287 4581 1356 4636 τὰ
1394 4583 1719 4651 τολμήματα
1746 4598 1759 4612 °
1790 4581 1966 4636 ταῦτα

390 4685 628 4756 δρῶντες
651 4686 750 4738 καὶ
781 4681 858 4752 μὴ
904 4680 1278 4749 ἐκτραπέντες
1310 4679 1398 4748 ἐφ’
1428 4674 1508 4740 οἷς
1544 4676 1812 4748 πρότερον
1845 4676 1965 4729 καθ’

390 4776 549 4847 ἡμῶν
584 4775 890 4845 ἐτύρευσαν
939 4777 1154 4839 κακοῖς,
1188 4773 1270 4825 ἔτι
1301 4774 1395 4825 καὶ
1440 4772 1534 4824 νῦν
1559 4770 1965 4841 κακηγοροῦσιν

392 4869 658 4938 ἐκφυγεῖν
682 4866 1023 4937 δυνηθέντων
1042 4865 1224 4919 αὐτῶν
1245 4863 1345 4927 τὰς
1364 4863 1725 4934 ἀνδροφόνους
1753 4863 1961 4934 χεῖρας

397 4962 598 5032 μᾶλλον
654 4960 711 5015 δὲ
744 4958 1030 5029 ὀδύρονται
1067 4956 1304 5027 πικρῶς,
1345 4958 1428 5011 ὃτι
1466 4956 1540 5026 μὴ
1578 4956 1671 5008 καὶ
1721 4952 1966 5007 ἐκποδὼν

390 5054 591 5115 τελέως
621 5051 965 5122 πεποιήκασι
982 5064 996 5079 '
1029 5049 1124 5102 καὶ
1161 5048 1350 5102 λοιπὸν
1379 5048 1831 5116 προφασίζονται.
1855 5044 1965 5098 δει-

392 5148 515 5200 λίαν
534 5144 894 5208 ὀνειδίζοντες
916 5159 930 5173 ·
972 5140 1295 5210 ἀγνοοῦντες
1328 5139 1411 5193 ὅτι
1444 5140 1536 5191 καὶ
1565 5136 1725 5189 τοῦτο
1758 5137 1967 5204 γογγύο

395 5242 601 5305 ζοντες,
632 5240 714 5301 είς
742 5237 976 5299 ἑαυτοὺς
1028 5234 1419 5303 ἐπιστρέφουσι
1468 5228 1670 5301 μᾶλλον
1694 5228 1791 5298 τὴν
1823 5228 1967 5298 μέμ-

393 5334 508 5400 ψιν.
544 5331 610 5384 El
668 5330 779 5399 γὰρ
812 5326 1021 5397 φαῦλον
1048 5325 1111 5379 τδ
1155 5324 1399 5393 φεύγειν,
1453 5319 1633 5390 πολλῷ
1689 5322 1872 5390 χεῖρον
1905 5318 1966 5372 τὸ

394 5423 632 5477 διώκειν.
672 5422 732 5474 Ὀ
768 5420 870 5490 μὲν
900 5418 1010 5492 γὰρ
1044 5416 1134 5471 ἵνα
1166 5415 1242 5485 μὴ
1267 5412 1538 5482 ἀποθάνῃ,
1568 5410 1902 5480 κρύπτεται·
1937 5409 1966 5461 ό

393 5517 449 5571 δὲ
484 5516 674 5570 διώκει
726 5512 908 5583 ζητῶν
952 5510 1294 5565 ἀποκτεῖναι.
1359 5503 1468 5558 Καὶ
1522 5502 1581 5555 τὸ
1615 5502 1715 5572 μὲν
1743 5501 1966 5569 φεύγειν

395 5610 710 5680 γέγραπται
738 5624 751 5640 ο
791 5608 820 5660 ό
846 5605 905 5661 δὲ
956 5602 1137 5674 ζητῶν
1168 5597 1464 5669 ἀναιρῆσαι
1520 5594 1850 5666 παραϐαίνει
1878 5594 1964 5647 νό-

400 5718 498 5771 μον
523 5715 538 5731 ⁸
601 5700 698 5755 καὶ
755 5699 954 5771 μᾶλλον
981 5695 1143 5760 αὐτὸς
1193 5691 1291 5764 τὴν
1324 5690 1601 5762 πρόφασιν
1631 5687 1726 5742 τοῦ
1772 5687 1962 5758 ψέγειν

2146 4606 2166 4639 ι
2206 4587 2348 4642 Ecce
2397 4587 2513 4642 haec
2555 4597 2642 4642 est
2687 4587 2984 4655 impiorum
3036 4585 3284 4639 audacia.
3339 4585 3465 4639 Haec
3512 4600 3639 4639 cum

2070 4678 2329 4741 fecerint,
2381 4693 2559 4747 neque
2594 4678 2805 4746 pudore
2850 4679 2904 4730 in
2945 4676 3027 4729 eis
3063 4691 3200 4744 quas
3244 4685 3403 4728 antea
3451 4684 3643 4730 contra

2071 4785 2172 4824 nos
2205 4769 2379 4823 moliti
2412 4778 2561 4833 sunt,
2592 4769 2834 4830 insidiis,
2864 4767 3047 4822 aﬁ'ecti
3078 4767 3186 4820 sint
3220 4784 3234 4818 :
3264 4780 3315 4819 et
3345 4782 3491 4822 nunc
3522 4782 3640 4830 nos,

2071 4861 2217 4931 quod
2245 4859 2626 4930 sanguinarias
2653 4874 2848 4914 eorum
2881 4873 3078 4912 manus
3108 4858 3353 4928 eﬁugere
3386 4862 3641 4927 patueri-

2072 4968 2218 5018 mus,
2259 4953 2649 5016 criminantur,
2703 4967 2768 5004 ae
2807 4951 2991 5020 potius
3033 4951 3432 5017 amarulenter,
3492 4950 3637 5019 quod

2073 5059 2172 5097 nos
2199 5059 2229 5098 e
2258 5043 2440 5098 medio
2464 5059 2692 5113 prorsus
2725 5058 2833 5097 non
2866 5042 3215 5106 sustulerint,
3247 5043 3640 5098 lamentantur.

2075 5135 2135 5189 Et
2169 5136 2385 5190 tandem
2408 5151 2574 5191 causa
2602 5137 2851 5206 quaesita,
2879 5137 3227 5192 timiditatem
3258 5135 3418 5190 nobis
3440 5149 3642 5205 expro-

2074 5229 2283 5284 brant:
2329 5247 2508 5301 neque
2552 5232 2890 5300 intelligunt,
2922 5230 3053 5285 dum
3105 5230 3211 5285 hoc
3246 5232 3537 5299 ganniuut,
3584 5231 3643 5285 in

2072 5322 2284 5391 scipsos
2328 5339 2385 5378 se
2420 5339 2639 5379 onmem
2673 5323 2997 5398 pertrahere
3038 5321 3547 5391 reprehensionem.
3584 5322 3642 5377 Si

2071 5416 2223 5469 enim
2256 5416 2445 5487 fugere
2490 5418 2691 5471 malum
2731 5425 2836 5482 est,
2871 5416 3043 5470 multo
3076 5413 3321 5468 deterius
3362 5414 3643 5484 persequi.

2068 5508 2174 5574 Qui
2198 5509 2344 5564 enim
2372 5509 2496 5578 fuga
2526 5509 2627 5564 sibi
2653 5508 2913 5568 consulit,
2943 5523 3012 5562 ne
3039 5506 3292 5571 intereat,
3314 5506 3644 5562 occultando

2072 5599 2227 5656 latet.
2268 5599 2335 5653 At
2367 5600 2462 5668 qui
2510 5599 2674 5653 alium
2713 5598 3083 5668 persequitur,
3114 5597 3371 5654 occidere
3406 5610 3641 5655 conten-

2072 5691 2174 5745 dit.
2210 5690 2277 5746 Et
2328 5690 2394 5748 de
2435 5689 2694 5760 fugiendo
2736 5689 2958 5761 quidem
3001 5688 3272 5761 scriptura
3303 5700 3498 5761 exstat.
3534 5691 3640 5761 Qui
