3970 6190
322 313 427 380 435

1226 305 1828 370 ΕΩΟιΕΞΙΑΞΤῙΟιΕ
1866 304 2259 367 ΗΙΞΤΟΒΙᾹΞ
2298 306 2451 368 LIB.
2488 305 2561 365 Χ.

3459 311 3563 375 495

319 447 514 488 κωσιν
545 428 696 499 ὑμᾶς
736 429 803 482 ἐκ
840 426 949 497 τῆς
987 427 1220 491 πόλεως
1246 425 1492 489 ταύτης,
1536 421 1785 491 φεύγετε
1807 420 1895 483 είς

2006 418 2054 473 in
2086 419 2205 489 lege
2241 419 2387 473 enim
2423 423 2755 489 praeceptum
2793 429 3016 487 quoque
3059 416 3184 485 fuit,
3221 428 3279 474 ut
3308 422 3565 479 civitates

321 527 436 592 τὴν
494 522 723 590 ἑτέραν.
774 522 883 573 Καὶ
950 520 1069 590 μετ’
1095 519 1256 587 ὀλίγα
1297 518 1502 588 φησιν’
1537 517 1723 569 Ὀταν
1773 509 1888 568 οὖν

321 618 491 685 ιδητε
517 614 582 667 τὸ
605 612 924 683 βδέλυγμα
957 611 1068 681 τῆς
1098 610 1469 680 ἐρημώσεως,
1494 612 1558 664 τὸ
1578 608 1765 679 ῥηθὲν
1792 606 1891 661 διὰ

330 708 545 778 Δανιὴλ
583 706 688 760 τοῦ
722 703 1058 774 προφήτου,
1107 704 1300 769 ἑστὼς
1328 702 1397 757 ἐν
1448 702 1611 767 τόπῳ
1650 700 1828 770 drlip'
1859 701 1892 753 ὁ

326 797 757 866 ἀναγινώσκων
808 796 1057 851 νοείτωο
1111 796 1246 849 τότε
1276 797 1328 849 οι
1363 794 1433 849 ἐν
1487 794 1562 862 τῇ
1629 792 1894 859 Ἰουδαίᾳ

322 890 714 961 φευγέτωσαν
745 890 831 954 εις
860 887 932 941 τὰ
982 886 1090 955 ὅρη
1114 902 1128 916 ·
1182 887 1217 939 ὀ
1252 886 1320 939 ἐκ
1376 884 1480 939 τοῦ
1508 883 1773 953 δώματος
1805 882 1891 952 μὴ

324 982 636 1050 καταόήτω
665 974 802 1048 ἆραι
833 980 904 1032 τὰ
931 977 1001 1031 ἐκ
1035 977 1146 1046 τῆς
1175 977 1373 1041 οίκιας
1402 975 1617 1029 αὐτοῦ’
1652 977 1685 1028 ό
1711 976 1779 1027 ἐν
1816 970 1893 1038 τῷ

323 1073 485 1145 ἀγρῷ
537 1072 622 1143 μὴ
676 1068 1098 1138 ἐπιστρεψάτω
1147 1063 1284 1139 ἆραι
1329 1069 1402 1123 τὰ
1428 1067 1626 1137 ἱμάτια
1682 1066 1890 1121 αὐτοῦ.

322 1167 511 1220 Ταῦτα
544 1163 653 1234 γὰρ
681 1162 885 1223 εἰδότες
917 1162 965 1215 οί
996 1161 1167 1230 ἅγιοι,
1195 1160 1466 1229 τοσαύτην
1494 1153 1639 1230 εἶχον
1670 1160 1768 1227 τῆς
1797 1174 1895 1210 που

322 1256 531 1317 λιτείας
552 1254 779 1324 ἀγωγήν
803 1269 816 1283 ο
850 1251 886 1307 ἃ
913 1252 1024 1322 γὰρ
1074 1251 1171 1304 νῦν
1204 1250 1540 1320 προσέταξεν
1592 1251 1620 1303 6
1664 1249 1892 1321 Κύριος,

1992 509 2188 578 refugii
2222 520 2512 580 propterea
2547 508 2943 572 conderentur,
2976 519 3035 562 ut
3083 511 3178 579 qui
3229 510 3296 565 ad
3330 522 3562 568 mortem

1990 599 2428 668 inquirerentur,
2459 614 2789 670 quocunque
2819 609 3047 669 possent
3078 602 3244 657 modo
3274 617 3566 658 servaren-

1992 698 2102 744 tur.
2145 690 2203 745 ln
2231 692 2713 747 consummatione
2751 701 2931 747 autem
2972 697 3320 757 saeculorum,
3348 710 3471 750 cum
3497 695 3565 749 ad

1991 798 2096 837 nos
2123 783 2365 838 venisset
2403 784 2582 853 ipsum
2622 784 2766 839 idem
2794 786 2940 854 quod
2975 802 3103 841 cum
3140 786 3288 841 Mose
3324 788 3568 842 locutum

1992 886 2077 931 est
2111 876 2349 931 Verbum
2383 874 2562 930 Patris
2584 918 2600 943 ,
2648 892 2871 932 rursum
2906 881 3224 934 mandatum
3270 880 3374 933 hoc
3408 879 3571 934 nobis

1993 968 2169 1033 dedit,
2200 970 2390 1026 dicens
2419 987 2435 1024 :
2466 970 2689 1036 Quando
2719 974 2976 1043 persecuti
3002 989 3089 1027 vos
3120 974 3315 1043 fuerint
3348 990 3412 1027 ea:
3437 976 3570 1028 ciri-

1995 1071 2102 1115 tate
2125 1078 2251 1125 una,
2295 1062 2460 1131 fugite
2496 1063 2552 1116 in
2592 1061 2760 1117 aliam
2793 1064 2833 1114 '.
2863 1062 2931 1117 Et
2970 1065 3133 1133 paulo
3181 1073 3308 1133 post
3340 1065 3520 1135 inquit
3551 1082 3567 1120 :

1994 1153 2123 1210 Cum
2155 1155 2318 1223 igitur
2342 1154 2581 1208 videritis
2614 1154 3061 1209 abominatianem
3087 1157 3429 1213 desolationis
3451 1176 3570 1229 qua:

1995 1246 2139 1300 dicta
2172 1255 2248 1300 est
2292 1264 2325 1299 a
2367 1245 2590 1299 Daniele
2618 1249 2901 1318 prapheta,
2936 1257 3166 1302 stantem
3198 1251 3252 1303 in
3288 1251 3399 1303 loco
3441 1268 3569 1305 san-

322 1348 502 1400 ταῠτα
558 1345 656 1397 καὶ
699 1342 808 1413 πρὸ
864 1342 968 1411 τῆς
1020 1342 1285 1411 ἔνσὰρκου
1329 1339 1636 1410 παρουσίας
1686 1341 1744 1392 ὲν
1781 1341 1896 1401 τοῖς

2006 1347 2077 1392 tto
2110 1337 2246 1407 :qui
2290 1335 2430 1405 legit,
2464 1336 2733 1407 intelligat
2769 1353 2789 1392 :
2822 1349 2945 1391 tunc
2982 1339 3073 1407 qui
3106 1339 3162 1392 in
3209 1339 3395 1395 Indica
3425 1351 3570 1409 sunt,

324 1436 507 1504 ἁγίοις
530 1433 737 1490 ἐλάλει.
774 1434 886 1488 Καὶ
912 1433 1061 1488 ἔστιν
1094 1428 1248 1496 οὗτος
1289 1435 1415 1502 ὄρος
1443 1431 1757 1503 ἀνθρώποις
1813 1430 1896 1493 είς

2006 1431 2204 1500 fugiant
2237 1431 2293 1483 in
2324 1440 2576 1484 montana
2601 1445 2620 1483 :
2652 1441 2699 1483 et
2732 1431 2826 1500 qui
2850 1432 2904 1483 in
2939 1438 3074 1484 tecto
3098 1440 3195 1495 est,
3231 1449 3334 1485 non
3360 1433 3573 1488 descen-

322 1504 641 1595 τελειότητα
671 1525 876 1593 φέρων,
908 1523 937 1576 6
962 1523 1008 1576 δ’
1057 1524 1125 1576 ἂν
1158 1526 1185 1576 6
1220 1523 1353 1587 Θεὸς
1400 1522 1707 1594 προστάξῃ,
1735 1519 1895 1574 τοῦτο

2006 1522 2112 1585 dat,
2147 1530 2205 1574 at
2241 1537 2268 1573 c
2302 1522 2454 1574 domo
2491 1537 2592 1575 sua
2637 1523 2927 1591 quidquam
2962 1523 3142 1576 tollat.
3186 1521 3292 1588 Qui
3326 1527 3381 1577 in
3419 1540 3571 1594 agro,

323 1616 526 1670 ποιεῖν.
558 1613 659 1666 Διὰ
688 1613 851 1667 τοῦτο
879 1614 975 1666 καὶ
1012 1612 1177 1676 αὐτὸς
1197 1615 1224 1666 6
1250 1613 1442 1681 Λόγος,
1480 1613 1713 1683 δι’ήμᾶς
1744 1612 1897 1681 γενό-

2006 1631 2101 1669 non
2130 1625 2447 1679 revertatur,
2483 1625 2539 1669 ut
2564 1616 2701 1685 [erat
2728 1618 3035 1670 vestimenta
3062 1633 3162 1671 sua
3186 1618 3229 1670 ².
3256 1618 3435 1687 Atque
3458 1618 3573 1673 haec

325 1725 487 1781 μενος
544 1707 853 1780 ἄνθρωπος,
902 1705 1214 1775 κατηξίωσε
1260 1705 1591 1776 ζητούμενος
1621 1704 1698 1769 ὡς
1731 1705 1893 1775 ἡμεῖς

2006 1714 2288 1775 perspecta
2339 1706 2603 1760 habentes
2648 1708 2823 1760 sancti
2872 1707 3165 1775 homines,
3208 1710 3445 1780 idipsum
3480 1726 3573 1764 se-

324 1764 603 1873 αρυϐἧναι
623 1764 765 1853 ’.καὶ
794 1764 961 1852 παλιν
1012 1764 1369 1867 έιιοκόμενος,
1397 1764 1643 1867 φεύγείν,
1676 1764 1895 1867 ναί-τὴν

2006 1801 2108 1854 cuti
2149 1808 2278 1853 sunt
2308 1798 2434 1853 vitae
2470 1798 2806 1853 institutum.
2842 1798 2976 1855 Nam
3015 1815 3137 1871 quze
3183 1816 3333 1856 nunc
3364 1816 3575 1872 praece-

322 1890 624 1960 ἐπιϐουλὴν
684 1888 955 1944 ικκλῖναι.
1029 1889 1331 1958 Ἐπὲτρεπε
1368 1889 1479 1959 γὰρ
1535 1890 1700 1942 αὐτὸν
1727 1888 1804 1952 ὡς
1831 1889 1898 1942 ὲκ

2006 1890 2077 1960 pit
2108 1890 2394 1954 Dominus,
2448 1890 2640 1945 eadem
2689 1892 2854 1946 etiam
2895 1904 3025 1947 ante
3058 1894 3357 1948 adventum
3407 1910 3571 1949 suum

319 1982 415 2036 τοῦ
438 1984 640 2053 πεινῇν
672 1983 770 2035 καὶ
797 1982 977 2052 Bal/ﬁt),
1015 1981 1110 2032 καὶ
1136 1980 1294 2033 τοῦτο
1314 1981 1529 2046 παθεῖν,
1552 1980 1695 2033 οὕτω
1721 1981 1814 2033 καὶ
1834 1981 1897 2032 εκ

2006 1982 2053 2036 in
2088 1997 2254 2037 carne
2321 1976 2445 2038 c'um
2476 1983 2683 2038 sanctis
2717 1991 2801 2039 est
2832 1985 3073 2041 locutus.
3118 1986 3283 2056 Atqui
3325 1986 3416 2042 hic
3447 2004 3576 2058 pro-

319 2075 521 2128 τούτου
551 2073 819 2127 δεικνύειν
838 2072 1030 2124 ἑαυτὸν
1059 2072 1577 2143 ενανθρωπήσανια.
1597 2070 1690 2136 Ἐξ
1721 2071 1897 2140 ἀρχῆς

322 2168 422 2240 μὲν
474 2166 597 2236 ἅμα
644 2164 722 2236 τῷ
774 2165 1031 2233 γενέσθαι
1073 2163 1383 2234 ἄνθρωπος,
1441 2165 1527 2217 ὅτε
1566 2164 1777 2219 παιδίον
1805 2161 1896 2237 ἦν,

319 2262 489 2324 αὐτὸς
547 2260 636 2313 διὰ
696 2257 792 2312 τοῦ
847 2257 1086 2325 ἀγγέλου
1157 2256 1467 2309 ἐνετείλατο
1522 2258 1599 2325 τῷ
1674 2256 1896 2326 Ἰωσὴφ,

330 2350 632 2423 Ἐγερθεὶς
686 2349 994 2419 παράλαϐε
1030 2350 1098 2403 τὸ
1129 2348 1371 2402 παιδίον
1397 2348 1493 2402 καί
1538 2347 1654 2414 τὴν
1673 2348 1900 2417 μητέρα

319 2444 537 2506 αὐτοῦ,
595 2441 694 2497 καί
742 2442 928 2513 φεῦγε
983 2444 1069 2508 εἱς
1136 2444 1474 2510 Afy-vastae“
1523 2441 1735 2511 μέλλει
1788 2441 1899 2511 γὰρ

328 2536 599 2608 Ἡρώδης
653 2534 854 2603 ζητεῖν
903 2536 1018 2601 τὴν
1050 2533 1263 2603 ψυχὴν
1316 2533 1421 2588 τοῦ
1469 2532 1753 2587 παιδίου·
1806 2531 1901 2585 καὶ

320 2630 700 2691 ἀποθανόντος
724 2628 782 2681 δὲ
814 2626 1073 2697 Ἡρώδου,
1104 2629 1358 2695 φαίνεται
1390 2626 1458 2679 δι’
1498 2626 1789 2696 Ἀρχέλαον
1809 2627 1902 2680 τὸν

324 2721 438 2773 υἱὸν
473 2719 645 2773 αὐτοῦ
671 2718 973 2787 ἀναχωρῶν
1004 2719 1083 2780 είς
1108 2718 1207 2787 τὴν
1240 2715 1519 2787 Ναζαρέτ.
1551 2717 1681 2769 Ὅτε
1709 2718 1765 2770 δὲ
1793 2717 1903 2771 λοι·-

324 2812 426 2866 πδν
452 2815 555 2865 καὶ
589 2811 722 2863 Θεδν
752 2810 914 2863 αὑτὸν
967 2809 1230 2871 ἐδείκνυε,
1279 2810 1372 2862 καὶ
1410 2809 1507 2879 τὴν
1540 2808 1713 2879 ξηρὰν
1745 2813 1905 2880 χεῖρα

322 2901 643 2970 πεποίηκεν
672 2899 825 2969 ὑγιῆ,
856 2900 904 2951 al
936 2899 1035 2968 μὲν
1068 2899 1355 2969 Φαρισαῖοι
1393 2898 1726 2963 ἐξελθόντες,
1763 2917 1904 2969 συμ-

324 2990 551 3043 δούλιον
575 2990 796 3043 ἐποίουν
819 2987 941 3041 κατ’
967 2987 1155 3052 αὐτοῦ,
1176 2988 1325 3052 ὅπως
1352 2990 1514 3042 αὐτὸν
1540 2989 1899 3043 ἀπολέσωσιν·

1996 2076 2211 2147 positus
2249 2086 2336 2130 est
2390 2075 2715 2131 hominibus
2760 2076 2886 2132 linis
2923 2078 2992 2131 ad
3030 2078 3427 2148 perfectionem
3481 2080 3577 2135 dn-

1997 2182 2169 2233 cens,
2219 2165 2369 2237 quod
2423 2167 2567 2220 Deus
2607 2166 2919 2235 imperarit,
2965 2168 3017 2223 id
3069 2181 3131 2224 ut
3175 2178 3572 2239 exsequantur.

1997 2258 2239 2314 Proinde
2291 2269 2347 2313 et
2398 2258 2579 2328 ipsum
2638 2259 2912 2324 Verbum,
2970 2269 3154 2314 nostra
3192 2275 3356 2315 causa
3410 2260 3577 2314 homo

2001 2348 2225 2413 factum,
2255 2365 2364 2403 non
2390 2349 2743 2418 dedignatum
2775 2359 2879 2413 est,
2917 2363 3041 2403 cum
3074 2351 3143 2405 ad
3178 2352 3379 2406 eadem
3419 2367 3573 2421 qua:-

2000 2449 2243 2504 reretur,
2296 2442 2458 2495 sicuti
2495 2457 2617 2504 nos,
2668 2457 2790 2497 sese
2839 2442 3145 2506 occultare,
3197 2454 3361 2512 atque
3407 2443 3575 2496 etiam

2002 2547 2124 2587 cum
2160 2543 2346 2587 essent
2378 2535 2471 2603 qui
2520 2533 2576 2587 id
2615 2543 3109 2603 persequerentur,
3144 2533 3352 2604 lugere,
3396 2543 3452 2587 et
3490 2535 3577 2587 in-

2002 2622 2173 2678 sidias
2195 2624 2463 2679 devitarc.
2489 2623 2567 2678 Ita
2595 2624 2739 2678 enim
2767 2625 3137 2679 conveniebat
3167 2626 3268 2679 hoc
3291 2624 3575 2679 Christum

2005 2713 2272 2784 experiri,
2299 2723 2362 2768 ut
2390 2714 2857 2783 quemadmodum
2885 2730 2952 2770 ex
2996 2714 3141 2771 fame
3172 2722 3229 2768 et
3255 2713 3370 2778 siti,
3406 2715 3481 2769 ita
3507 2730 3574 2769 ex

2003 2804 2128 2875 fuga
2187 2805 2356 2860 etiam
2412 2806 2694 2859 hominem
2751 2821 2810 2861 se
2859 2806 3224 2875 assumpsisse
3283 2805 3580 2860 indicaret.

2005 2896 2200 2951 Statim
2249 2896 2395 2950 enim
2450 2896 2521 2950 ab
2571 2897 2750 2964 initio,
2798 2913 2923 2951 cum
2961 2897 3127 2952 homo
3178 2896 3357 2952 lactus
3400 2896 3582 2951 infans

2003 2989 2307 3042 etiamnum
2342 2996 2511 3052 esset,
2548 2988 2664 3057 ipse
2696 3003 2792 3058 per
2816 2990 3070 3058 angelum
3104 2988 3390 3042 mandavit
3421 2988 3578 3044 Joseo

325 3081 431 3135 ὁδὶ
484 3079 691 3150 Ἰησοῦς
742 3079 928 3146 γνοὺς,
979 3078 1330 3150 ἀνεχώρησεν
1381 3080 1610 3134 ἐκεῖθεν.
1654 3081 1763 3134 Καὶ
1796 3081 1903 3152 γὰρ

2009 3080 2118 3146 pbo
2154 3099 2167 3134 :
2200 3080 2504 3150 Exsurgens
2533 3083 2713 3151 accipe
2742 3098 2964 3151 puerum
3006 3089 3056 3134 et
3097 3088 3321 3136 matrem
3357 3081 3491 3150 ejus,
3531 3093 3580 3133 et

328 3172 422 3225 καὶ
451 3169 546 3222 ὅτε
571 3168 667 3221 τὸν
695 3166 946 3235 Λάζαρον
978 3167 1203 3238 ἠγειρεν
1236 3170 1299 3221 ix
1337 3169 1571 3239 νεκρῶν,
1602 3170 1703 3225 ἀπ’
1753 3170 1905 3225 ὲκεί-

324 3279 475 3330 νης,
504 3259 660 3328 φησὶ,
692 3256 803 3325 τῆς
852 3257 1079 3327 ἡμέρας
1133 3258 1578 3315 ἐϐουλεύσαντο
1629 3262 1731 3315 ινα
1755 3262 1903 3316 ἀπο-

326 3352 660 3407 κτείνωσιν
689 3352 896 3405 αὐτόν.
936 3350 995 3404 ⁸0
1020 3349 1112 3404 οὖν
1175 3350 1386 3422 Ἰησοῦς
1413 3353 1595 3407 οὐκέτι
1620 3355 1905 3427 παρρησίᾳ

329 3441 670 3512 περιεπάτει
694 3441 751 3493 ὲν
772 3441 881 3503 τοῖς
927 3440 1203 3504 Ἰουδαίοις
1223 3483 1237 3506 ,
1272 3443 1387 3495 ἀλλ’
1412 3443 1654 3512 ἀπῆλθεν
1690 3444 1904 3498 ἐκεῖθεν

325 3536 406 3598 είς
442 3531 549 3601 τὴν
572 3532 759 3601 χώραν
793 3530 960 3598 ἔγγὺς
987 3530 1085 3600 τῆς
1110 3533 1344 3600 ἐρήμου.
1372 3529 1506 3587 Εἶτα
1534 3534 1784 3602 λέγοντος
1808 3533 1903 3587 τοῦ

328 3624 617 3694 Σωτῆρος,
677 3622 829 3691 Πρὶν
889 3622 1139 3693 Ἀϐραὰμ
1189 3622 1488 3692 γενέσθαι,
1522 3626 1637 3695 ἐγώ
1671 3627 1827 3691 εἰμι,
1855 3628 1904 3680 oi

333 3718 436 3785 μὶν
476 3714 720 3767 Ἰουδαῖοι
747 3711 939 3766 ἔλαϐον
961 3712 1167 3776 λίθους,
1205 3714 1292 3766 ἵνα
1318 3710 1589 3784 βάλλωσιν
1611 3716 1699 3769 ἐπ’
1718 3718 1900 3772 αὐτόν’

328 3808 356 3857 ὁ
392 3804 461 3857 δὲ
502 3800 712 3872 Ἰησοῦς
734 3800 967 3872 ἐκρύϐη,
994 3802 1088 3854 καὶ
1118 3802 1344 3867 ἐξῆλθεν
1365 3806 1429 3857 ὲκ
1457 3804 1550 3858 τοῦ
1582 3807 1729 3875 ίεροῦ
1759 3848 1774 3872 ,
1812 3811 1904 3861 καὶ

331 3888 565 3948 διελθὼν
592 3892 683 3948 διὰ
707 3893 869 3963 μέσου
904 3893 1083 3946 αὐτῶν
1120 3894 1412 3965 ἐπορεύετο
1436 3938 1453 3961 ,
1508 3899 1601 3950 καὶ
1651 3901 1905 3971 παρῆγεν

333 3980 537 4043 οὕτως.
566 3976 717 4051 Ἀρα
743 3979 916 4034 ταῦτα
940 3978 1251 4048 βλέποντες,
1282 3983 1479 4051 μᾶλλον
1502 3985 1556 4038 δὲ
1579 3988 1907 4042 κατανοοῦν-

331 4091 456 4139 τες,
480 4074 605 4127 ἐπεὶ
628 4073 709 4141 ’μὴ
742 4071 981 4142 βλέπωσι
1008 4073 1148 4127 κατὰ
1176 4074 1237 4126 τὸ
1269 4078 1679 4147 γεγραμμένον,
1723 4081 1783 4133 οὐ
1821 4082 1907 4135 0i-

333 4170 490 4221 λουσι
516 4167 777 4235 γενέσθαι
830 4167 1195 4237 πυρίκαυστοι
1224 4183 1239 4234 ;
1285 4168 1366 4220 ὃτι
1388 4169 1605 4223 ἐναντία
1633 4166 1706 4225 ὧν
1733 4175 1761 4226 6
1795 4174 1909 4241 Κύτ

338 4275 459 4330 ριος
499 4257 647 4310 ποιεῖ
690 4255 788 4310 καὶ
821 4255 1084 4320 διδάσκει,
1120 4255 1469 4325 βουλεύονται
1507 4260 1600 4311 καὶ
1638 4259 1926 4330 φθέγγονε

337 4366 455 4403 ται.
510 4348 624 4402 Καὶ
669 4348 780 4419 γὰρ
817 4348 909 4400 ὅτε
969 4347 1224 4417 Ἰωάννης
1284 4350 1703 4421 μεμαρτύρηκε,
1737 4355 1830 4407 καὶ
1855 4355 1905 4407 οἱ

2011 3173 2135 3243 fuge
2171 3173 2225 3226 in
2275 3170 2569 3243 .IEgyptunt
2612 3189 2632 3230 .'
2684 3171 2914 3227 llerodes
2964 3174 3107 3227 enim
3147 3173 3462 3240 qua'siturus
3506 3184 3582 3225 est

2010 3261 2249 3314 animam
2283 3261 2433 3329 pueri
2460 3261 2501 3315 ³.
2536 3261 2707 3315 Porro
2760 3261 2980 3317 Herode
3034 3271 3275 3329 mortuo,
3326 3263 3583 3318 eumdem

2009 3360 2258 3422 apparet,
2292 3360 2522 3422 propter
2548 3352 2879 3407 Archelaum
2913 3354 3149 3409 Herodis
3181 3348 3377 3419 ﬁlium,
3405 3369 3585 3409 seces-

2010 3444 2154 3499 sisse
2194 3442 2249 3497 in
2285 3442 2579 3499 Nazaretli.
2621 3443 2731 3514 39
2772 3444 2843 3498 At
2874 3461 2996 3498 cum
3037 3444 3253 3498 tandem
3306 3445 3475 3499 Deum
3522 3460 3582 3500 se

2007 3548 2130 3589 esse
2162 3533 2517 3597 ostendisset,
2550 3544 2605 3589 et
2639 3550 2862 3589 manum
2899 3534 3109 3588 aridam
3155 3534 3455 3590 restituens
3490 3550 3584 3590 sa-

2010 3632 2217 3689 nasset,
2248 3624 2509 3679 Pharisaei
2541 3625 2761 3695 quidem
2789 3626 3028 3697 aggressi
3057 3627 3348 3682 consilium
3388 3638 3581 3683 contra

2010 3729 2136 3769 eum
2163 3720 2449 3782 ceperunt,
2481 3722 2541 3768 ut
2570 3713 2749 3785 ipsum
2776 3715 3164 3769 interimerent
3197 3715 3397 3771 :Jesus
3428 3732 3579 3780 vero,
3636 3774 3641 3779 ,

2010 3821 2079 3861 eo
2113 3806 2356 3875 cognito,
2390 3804 2519 3861 inde
2563 3807 2809 3861 secessit.
2862 3807 3101 3862 Rursum
3143 3824 3267 3863 cum
3313 3809 3580 3864 Lazarum

2011 3913 2043 3953 e
2093 3898 2327 3953 mortuis
2368 3897 2756 3954 resuscitasset
2791 3916 2807 3954 :
2854 3899 2934 3953 Ea:
2976 3916 3038 3954 ea
3075 3902 3216 3968 ipsa,
3259 3902 3455 3973 inquit,
3498 3906 3586 3957 die

2011 3989 2289 4043 consilium
2335 3989 2520 4054 iniere,
2563 3999 2619 4043 ut
2656 4006 2773 4044 eum
2803 3992 3166 4046 occiderent‘.
3206 3992 3394 4062 Itaque
3424 3993 3584 4050 Jesus

2011 4080 2376 4161 non/amplius
2400 4082 2680 4150 propalam
2702 4082 2755 4135 in
2767 4091 2848 4137 ter
2862 4082 3081 4138 Iudaeos
3097 4095 3178 4138 est
3200 4093 3469 4151 versatus,
3485 4090 3580 4142 sed

2012 4171 2140 4227 inde
2184 4171 2407 4226 divertit
2444 4173 2497 4225 in
2543 4172 2823 4242 regionem
2863 4175 3152 4229 solitudini
3191 4176 3578 4247 propinquam.

2011 4265 2303 4327 Praeterea,
2340 4263 2638 4328 Servatore
2676 4267 2916 4329 dicente,
2955 4267 3273 4338 Priusquam
3312 4269 3585 4322 Abraham

2016 4355 2136 4416 fuit,
2174 4369 2267 4425 ego
2294 4370 2410 4408 sum
2434 4354 2457 4385 ⁸
2482 4394 2498 4419 ,
2563 4353 2738 4409 Judzni
2785 4356 3006 4424 quidem
3046 4357 3257 4425 lapides
3295 4359 3589 4426 corripue-

343 4437 588 4512 μαᾚηταὶ
615 4439 678 4494 τδ
702 4439 863 4510 σῶμα
890 4438 1122 4509 ἔθαψαν,
1164 4443 1406 4505 ἀκούσας
1437 4446 1464 4495 6
1517 4445 1752 4513 Ἰησοῦς,
1788 4449 1903 4501 ἁνε·

2015 4454 2161 4508 runt,
2193 4455 2253 4500 ut
2283 4446 2433 4499 illum
2475 4456 2749 4515 peterent,
2780 4448 2940 4503 Jesus
2962 4458 3144 4502 autem
3175 4449 3466 4503 abscondit
3499 4464 3584 4512 se,

341 4533 599 4605 χώρησεν
654 4532 867 4585 ἐκεῖθεν
924 4533 983 4585 ἐν
1018 4532 1189 4603 πλοίῳ
1223 4537 1303 4596 είς
1328 4534 1537 4604 ἔρημον
1570 4537 1738 4589 τόπον
1787 4536 1907 4590 κατ’

347 4624 503 4679 ίόίαν.
536 4625 600 4676 '0
633 4624 732 4693 μὲν
765 4622 967 4691 Κύριος
996 4625 1165 4676 ἐποίει
1195 4625 1388 4690 ταῦτα,
1415 4627 1507 4679 καὶ
1535 4624 1708 4688 οὕτως
1739 4628 1912 4681 ἐδίδα-

350 4722 480 4767 σιιεν
503 4728 516 4744 '
559 4714 675 4766 είθε
704 4713 761 4767 δὲ
789 4706 936 4767 οὗτοι
957 4714 1059 4767 κᾶν
1091 4713 1264 4777 οὕτως
1297 4716 1656 4784 αίσχυνοῶσι,
1688 4718 1781 4770 καὶ
1814 4719 1912 4786 μὲ-

346 4822 438 4875 χρι
482 4804 594 4859 τῶν
642 4803 951 4876 ἀνθρώπιον
1003 4806 1277 4876 στήσωσιν
1325 4807 1536 4860 ἑαυτῶν
1574 4809 1671 4879 τὴν
1700 4812 1911 4879 προπέ-

347 4915 522 4960 τειαν,
561 4897 658 4949 καὶ
692 4898 765 4966 μὴ
798 4896 961 4951 πλέον
1017 4900 1379 4967 ἐμμανέντες,
1438 4900 1781 4968 ὲγκαλέσωσι
1820 4904 1913 4955 καὶ

348 4987 425 5057 τῷ
458 4988 676 5058 Σωτῆρι
729 4987 956 5051 δειλίαν,
990 4986 1137 5051 ἅπαξ
1191 4989 1311 5042 κατ’
1365 4988 1534 5041 αὐτοῦ
1572 4989 1913 5060 βλασφημεῖν

354 5079 771 5151 μελετήσαντες.
843 5079 984 5133 Ἀλλ’
1045 5079 1169 5132 οὗτε
1230 5081 1577 5149 μαινομένων
1623 5082 1807 5135 αὐτῶν
1830 5099 1915 5146 τις

352 5173 636 5238 ἀνέξεταιο
666 5171 866 5242 μᾶλλον
907 5172 963 5224 δὲ
994 5173 1088 5225 καὶ
1113 5173 1181 5225 τὰ
1212 5171 1519 5241 Εὑαγγέλια
1568 5173 1642 5245 μὴ
1665 5173 1913 5239 νοοῦντες

353 5262 789 5334 ἔλεγχῦήσονται.
828 5263 979 5315 Ἔστι
1009 5266 1119 5333 γὰρ
1147 5265 1179 5333 ἡ
1215 5263 1491 5332 πρόφασις
1519 5266 1620 5334 τῆς
1653 5266 1912 5335 τοιαύτης

353 5354 751 5424 ἀναχωρήσεως
816 5356 909 5406 καὶ
950 5352 1131 5422 φυγῆς
1177 5353 1400 5422 εὔλογος
1449 5357 1541 5408 καὶ
1571 5356 1814 5427 ἀληθής·
1848 5359 1914 5427 ἢν

352 5446 442 5497 ἰπὶ
470 5445 565 5498 τοῦ
595 5444 848 5514 Σωτῆρος
871 5445 919 5497 oi
958 5445 1345 5514 εὖαγγελισταὶ
1377 5447 1637 5517 κειμένην
1665 5448 1915 5518 ἀπεμνη-

359 5537 645 5604 μόνευταν.
677 5537 767 5589 Δεῖ
793 5536 849 5589 δὲ
878 5538 941 5590 ὲκ
990 5537 1197 5591 τούτων
1234 5538 1383 5610 ἡμᾶς
1415 5539 1505 5592 ἐπὶ
1534 5541 1754 5595 πάντων
1806 5542 1913 5593 τῶν

2014 4548 2070 4592 et
2095 4538 2265 4592 exivit
2313 4553 2381 4591 ex
2428 4539 2657 4607 templo,
2707 4549 2763 4593 et
2804 4554 2901 4608 per
2937 4539 3145 4592 medios
3176 4553 3273 4593 eos
3304 4539 3586 4593 transiens

2012 4627 2150 4681 abiit
2177 4635 2342 4696 atque
2373 4627 2651 4682 discessit.
2708 4627 2965 4682 Scdeniin
2999 4642 3122 4681 cum
3162 4627 3277 4681 haec
3305 4627 3578 4686 videntes.

2014 4734 2079 4773 ac
2117 4721 2305 4789 potius
2336 4720 2729 4789 intelligentes,
2763 4736 2858 4787 pro
2888 4734 2955 4772 eo
2981 4730 3143 4786 atque
3172 4719 3438 4788 scriptum
3471 4729 3576 4776 est.

2015 4825 2123 4863 non
2148 4809 2390 4874 videant,
2417 4809 2512 4878 qui
2536 4823 2723 4878 quaso
2753 4808 2867 4862 ﬁeri
2900 4808 3093 4861 nolunt
3114 4808 3238 4877 igne
3264 4809 3535 4862 combusti
3560 4806 3587 4859 ἲ

2015 4901 2142 4955 dum
2168 4899 2379 4954 scilicet
2400 4908 2589 4953 contra
2614 4913 2775 4967 quam
2799 4906 2853 4951 et
2881 4896 3009 4950 facit
3032 4907 3084 4950 et
3104 4896 3265 4951 docet
3293 4897 3580 4962 Dominus,

2014 4990 2119 5060 ipsi
2161 4999 2216 5043 et
2258 4990 2501 5058 cogitant
2538 4998 2593 5042 et
2631 4986 2973 5057 loquuntur?
3003 4988 3294 5055 Postquam
3347 5002 3587 5055 namque

2015 5084 2253 5139 Joannes
2287 5082 2550 5152 martyrio
2594 5090 2680 5135 est
2722 5080 3035 5144 defunctus,
3067 5089 3124 5133 et
3161 5079 3415 5149 discipuli
3453 5095 3589 5133 cor-

2018 5192 2120 5247 pus
2155 5177 2275 5247 ejus
2305 5176 2666 5245 sepelierunt,
2697 5174 2884 5226 audito
2912 5190 2974 5227 eo
3006 5172 3167 5227 Jesus
3197 5172 3421 5227 secessit
3454 5171 3588 5225 inde

2020 5270 2075 5324 in
2121 5267 2372 5326 navicula
2415 5266 2470 5319 in
2516 5266 2796 5320 desertum
2844 5265 3021 5318 locum
3055 5265 3221 5318 solus.
3260 5264 3436 5332 Atque
3476 5264 3585 5317 Do-

2021 5362 2203 5415 minus
2226 5360 2452 5430 quidem
2484 5359 2552 5413 ad
2588 5358 2734 5413 hunc
2769 5359 2987 5410 inodum
3022 5367 3076 5409 et
3106 5355 3239 5409 fecit
3286 5365 3341 5408 et
3372 5354 3585 5409 docuit.

2018 5453 2242 5510 Utinam
2272 5468 2398 5507 vero
2427 5453 2553 5505 boni
2587 5450 2677 5505 isti
2708 5449 2809 5503 viri
2842 5448 2914 5501 ita
2941 5445 3275 5501 verecundia
3300 5444 3589 5501 aﬂiceren-

2024 5557 2131 5613 tur,
2170 5555 2230 5601 ut
2280 5545 2471 5600 saltem
2524 5544 2785 5597 adversus
2842 5537 3091 5594 homines
3145 5538 3434 5609 praefracta
3481 5556 3585 5596 sua

430 5713 447 5745 ¹
474 5716 666 5772 Matth.
698 5732 751 5784 ι,
783 5716 874 5775 23.
947 5719 968 5749 ³
1006 5716 1192 5775 Matth.
1228 5735 1375 5788 μιν,
1414 5719 1480 5773 13
1511 5734 1665 5791 seqq.
1744 5721 1764 5753 ³
1818 5722 1897 5776 Ma

2050 5738 2103 5789 ιι,
2146 5724 2227 5783 13.
2302 5724 2324 5757 ⁵
2359 5724 2518 5780 Joan.
2558 5740 2630 5792 xi,
2683 5722 2771 5778 55.
2846 5723 2866 5753 ⁸
2898 5695 3053 5777 .loan.
3096 5738 3208 5788 im,
3250 5721 3338 5779 ΞΒ.
