3970 6190
245 291 329 352 ίῗΠ

1156 294 1756 353 ECCLESIASTIC.E
1801 294 2186 354 lli:TOiil.E
2229 293 2374 354 LIB.
2421 293 2496 350 Χ.

3368 289 3474 349 498

243 401 318 454 ιο]
347 405 802 475 μαρτυρήσαντας
835 403 912 468 ὼς
958 404 1046 458 διὰ
1077 407 1243 474 τιμῆς
1274 407 1469 476 ἤγοντο
1514 409 1626 468 τοῖς
1660 407 1778 474 Χριι

1903 404 2340 474 impurissimum
2377 409 2588 460 vultutn
2623 415 2776 458 tuum
2813 405 2879 458 ad
2925 404 3262 473 impie2atem
3312 405 3478 456 ιίυιίι-

243 501 477 564 στιανοῖς,
511 500 600 550 καὶ
626 498 686 549 τὸ
720 496 1006 566 πρόθυμον
1042 500 1151 551 τῶν
1181 502 1488 569 μαρτυρεῖν
1520 501 1795 569 ἠπειγμέ-

239 608 332 643 νων
361 591 520 658 ὁρῶν,
553 589 742 658 ὥσπερ
769 591 870 642 κάν
917 591 1093 661 τούτῳ
1119 592 1330 655 τούτοις
1371 592 1602 660 φθονῶν,
1634 593 1800 660 ἄλλην

239 685 509 750 ἐτράπετο.
544 684 651 735 Καὶ
677 683 738 735 τὺ
767 683 867 751 μὲν
893 683 988 751 τῆς
1008 683 1294 754 ὠμότητος
1321 685 1684 751 ὑπερϐάλλον,
1709 687 1800 737 καὶ

237 779 291 830 τδ
341 777 404 827 δι’
444 775 639 828 ἑαυτοῦ
686 776 941 839 κολάζειν
972 777 1358 846 Χριστιανοὺς,
1411 777 1756 830 ἀπεῦἀλλετο
1783 793 1796 807 ο

238 869 403 937 ἡρέμα
433 869 487 920 δὲ
523 868 740 920 διώκειν
771 868 870 920 οὐκ
915 869 1243 935 ἀπηρνεῖτο,
1281 869 1341 920 τὸ
1376 867 1632 919 πλεῖστον
1681 869 1797 927 τοῖς

236 961 410 1028 δήμοις
459 961 550 1012 καὶ
592 959 670 1028 τῷ
701 959 1012 1030 βουλομένῳ
1059 959 1235 1012 δεινόν
1281 977 1336 1012 τι
1367 959 1626 1028 πρᾶττειν
1656 959 1798 1010 κατὰ

235 1051 559 1117 Χριστιανῶν
584 1050 776 1116 ἐφιείς.
811 1048 970 1102 Οὕτω
993 1048 1100 1117 γὰρ
1130 1048 1326 1117 ἐκείνῳ
1343 1047 1520 1100 ἐδόκει
1541 1048 1632 1099 τὸν
1672 1045 1796 1098 Ἐλ-

234 1137 474 1203 ληνισμδν
504 1137 792 1205 κρατῦναι,
817 1140 909 1189 τὸν
939 1137 1258 1201 ἀνεξίκακον
1291 1132 1380 1189 οἷα
1407 1137 1602 1206 δέλεαρ
1632 1136 1800 1206 δῆθεν

233 1229 664 1298 προίεϐλημὲνῳ,
694 1232 789 1283 καὶ
815 1233 928 1292 τοῖς
955 1231 1063 1281 ἀπὸ
1098 1227 1340 1300 Χριστοῦ
1381 1227 1791 1298 φιλάνθρωπον,

228 1319 399 1387 ὥσπερ
428 1325 518 1372 καὶ
549 1323 747 1390 πρᾶον,
777 1318 921 1374 εἶναι
945 1322 1404 1392 ὑποκρινόμενον.

1905 492 2128 551 nantem
2161 497 2562 566 conspicerem.
2603 515 2621 548 ι
2661 497 2727 551 Εῐ
2760 496 2850 552 ille
2895 496 3326 566 placabilitatem
3359 497 3478 563 qui-

1904 589 2029 643 dem
2096 590 2450 650 assimulans,
2501 589 2638 643 nihil
2695 590 3000 658 respondit,
3042 590 3136 642 sed
3191 604 3303 642 rem
3361 603 3480 640 eam

1905 692 2088 734 tamen
2122 682 2372 750 graviter
2400 683 2700 736 admodum
2735 683 2968 749 accepit.
3001 682 3131 735 Nam
3163 697 3286 734 cum
3321 681 3483 734 sciret

1906 775 1960 827 in
2005 791 2116 843 quo
2163 775 2372 829 honore
2420 776 2565 844 apud
2600 775 2948 830 Christianos
2988 786 3194 836 essent,
3233 777 3325 843 qui
3376 778 3483 827 sul;

1906 865 2246 920 Diocletiano
2273 867 2601 934 martyrium
2629 868 2917 929 obierunt,
2943 879 2998 922 et
3029 867 3258 937 insuper
3283 869 3449 922 alacri
3469 898 3482 906 -

1902 968 2068 1011 latent
2102 973 2293 1011 eorum
2340 958 2432 1026 qui
2482 957 2549 1011 ad
2599 959 2743 1012 idem
2789 961 3112 1030 maityrium
3149 960 3478 1028 aspirarent,

1899 1060 2178 1111 cerneret,
2208 1050 2438 1119 gloriam
2471 1050 2553 1107 eis
2589 1052 2751 1105 talem
2786 1053 3060 1114 invidens,
3091 1054 3250 1106 aliam
3282 1055 3480 1106 institit

1903 1142 2070 1192 viam.
2123 1139 2278 1204 Quod
2326 1141 2474 1192 enim
2524 1155 2752 1195 summa:
2799 1152 2945 1196 esset
2989 1141 3234 1205 san-itit»,
3285 1150 3343 1195 ut
3384 1158 3480 1212 per

1900 1229 2144 1296 scipsum
2202 1227 2552 1283 Christianos
2627 1230 3035 1286 excruciandos
3093 1241 3351 1297 curaret,
3424 1233 3480 1285 id

1901 1319 2207 1387 repudiavit
2247 1339 2260 1375 ;
2300 1329 2358 1373 ut
2389 1337 2486 1376 eos
2530 1334 2714 1376 autem
2764 1325 2980 1378 occulte
3022 1335 3476 1394 persequeretur,

229 1427 324 1464 non
353 1415 693 1481 posthabuit.
727 1416 1080 1484 Quapropter
1112 1415 1276 1485 vulgo
1311 1414 1551 1484 populis,
1621 1423 1676 1467 et
1743 1413 1866 1466 aliis
1905 1414 2221 1482 quicunque
2247 1414 2468 1468 tandem
2496 1415 2695 1469 vellent
2721 1415 2775 1469 in
2805 1417 3153 1472 Christianos
3173 1417 3475 1487 quidquam

226 1508 573 1575 committere,
618 1509 670 1564 id
704 1511 957 1577 permisit
989 1528 1002 1564 :
1040 1511 1114 1564 ita
1165 1511 1386 1564 demum
1431 1508 1887 1576 superstitionem
1955 1505 2272 1562 Graacorum
2341 1496 2693 1562 invalituram
2758 1510 3081 1575 arbitratus,
3128 1513 3172 1566 si
3205 1512 3473 1564 malorum

227 1599 553 1653 tolerantiam
597 1603 768 1656 Vt‘lllli
816 1604 1210 1656 inescationclll
1257 1600 1627 1671 praetendens,
1700 1598 2080 1668 placiditatem
2149 1609 2318 1670 atque
2384 1601 2785 1656 humanitatem
2846 1603 3012 1658 etiam
3043 1620 3169 1674 erga
3201 1603 3474 1660 Christia-

223 1706 314 1744 nos
341 1691 648 1745 simularet.

772 1808 1023 1862 ΚΕΦΑΛ.
1052 1809 1181 1862 KA'.

223 1901 334 1954 Ὅτι
358 1900 537 1968 τέχνῃ
565 1902 878 1966 κρατύνων
900 1903 970 1955 τὰ
1009 1901 1324 1965 Ἑλλήνων
1354 1904 1387 1954 ό
1422 1900 1778 1965 Ἰουλιανὸς,

283 1972 347 2022 τὰ
375 1969 482 2036 τῆς
506 1970 804 2039 ἡμετέρας
858 1972 1138 2039 ἰδιώματα
1170 1974 1485 2038 πολιτείας
1509 1986 1784 2040 μετεχει-

275 2040 459 2107 ρίζετο
493 2043 566 2092 ἐν
595 2042 719 2107 τοῖς
739 2041 1091 2108 εἰδωλείοις.

288 2151 440 2214 ’ίίδὺς
468 2154 573 2222 μὲν
600 2157 709 2222 γὰρ
734 2154 801 2208 τὰ
827 2155 1023 2226 πρῶτα
1039 2159 1150 2218 τοῖς
1178 2156 1312 2210 πᾶσι
1337 2157 1544 2225 φανεὶς,
1576 2154 1782 2224 προῖὼν

217 2244 300 2310 οὐχ
329 2245 509 2310 ὅμοιον
547 2247 749 2300 ἑαυτὸν
799 2249 1156 2317 παρεδείκνυ.
1189 2249 1367 2301 Ὀπου
1406 2247 1506 2318 μὲν
1539 2247 1648 2316 γὰρ
1683 2262 1782 2298 συ-

217 2337 460 2404 κοφαντία
479 2355 568 2400 τις
606 2339 698 2391 καὶ
723 2339 945 2410 διαδολὴ
976 2343 1116 2395 κατὰ
1143 2340 1522 2394 Κωνσταντίου
1543 2339 1780 2405 ἐγένετο,

216 2431 488 2499 προθύμως
518 2432 742 2486 ἅπαντα
764 2435 1112 2504 Χριστιανοῖς
1131 2436 1400 2503 ἔπραττεν
1421 2449 1436 2465 ο
1469 2434 1598 2486 ἔνθα
1615 2433 1671 2485 δε
1705 2434 1780 2502 μὴ

215 2525 354 2578 τοῦτο
375 2522 460 2596 ἦν,
484 2527 512 2578 δ
539 2530 701 2597 κοινῇ
731 2531 902 2581 πᾶσιν
934 2532 1068 2598 ἡμῖν
1099 2529 1362 2597 ἐταμίευε
1399 2529 1574 2596 μῖσος,
1613 2541 1780 2594 φανεο

217 2621 309 2688 ρῶς
331 2620 797 2691 ἐπαρρησιάζετο.
833 2622 1092 2675 Σπεύδων
1122 2622 1179 2675 δὲ
1214 2622 1312 2692 τὴν
1339 2621 1580 2690 ὑπήκοον
1598 2620 1779 2671 πᾶσαν

216 2711 304 2764 ὑπὸ
333 2713 406 2782 τῷ
446 2712 803 2782 Ἑλληνισμῷ
845 2713 1101 2780 γενέσθαι
1126 2754 1139 2774 ,
1185 2713 1442 2782 χαλεπῶς
1469 2709 1637 2782 εἶχεν,
1674 2710 1779 2763 ὑπὸ

214 2799 294 2854 τοῦ
338 2803 778 2871 Χριστιανισμοῦ
841 2803 1436 2874 παρευδοκιμουμένην
1495 2803 1596 2873 τὴν
1641 2802 1775 2871 θρη-

215 2893 381 2946 σκείαν
423 2894 578 2964 ὁρῶν
603 2909 618 2924 ·
665 2895 720 2947 οἵ
744 2911 804 2946 τε
849 2895 958 2963 γὰρ
991 2893 1099 2964 νεῲ
1130 2895 1223 2948 καὶ
1250 2896 1433 2947 θυσίαι
1463 2895 1558 2947 καὶ
1591 2895 1647 2946 αἱ
1675 2895 1780 2947 πά-

213 3001 337 3054 τριοι
367 2987 557 3056 ἑορταὶ
589 2986 700 3038 τῶν
734 2987 1014 3057 Ἐλλήνων
1056 2989 1200 3040 κατὰ
1253 2985 1440 3048 πόλεις
1475 2985 1611 3056 πρὸς
1641 2987 1780 3052 γνὼ-

215 3093 306 3146 μης
325 3073 456 3149 ἦσαν
477 3079 640 3147 αὑτῷ
661 3095 673 3108 '
707 3081 944 3148 μάλιστα
989 3079 1034 3132 δ’
1065 3081 1253 3150 ἠνιᾶτο
1279 3078 1627 3148 λογιζόμενος
1662 3077 1776 3139 πῶς

2463 1804 2695 1860 CAPUT
2738 1806 2882 1863 XXI.

1889 1892 2162 1959 Quomodo
2202 1893 2451 1950 Julianus
2477 1907 2592 1950 arte
2622 1907 2670 1950 et
2701 1899 2820 1953 (lqu
2854 1901 3219 1958 idololatrian:
3277 1909 3474 1959 confir-

1961 1976 2222 2040 maturus,
2252 1965 2520 2040 religionis
2546 1979 2740 2040 nostra!
2770 1973 3012 2040 proprio:
3045 1977 3177 2028 ritus
3210 1975 3473 2030 idolorum

1955 2036 2097 2104 fanis
2128 2038 2529 2090 accommodare
2567 2036 2825 2094 instituit.

1956 2147 2025 2202 Et
2059 2150 2298 2218 primum
2337 2152 2564 2220 quidem
2600 2153 2816 2208 facilem
2847 2167 2903 2210 et
2934 2167 3158 2227 gratum
3185 2175 3245 2214 se
3284 2163 3472 2213 omni-

1884 2238 1990 2294 bus
2019 2241 2218 2294 callide
2250 2243 2486 2310 prsebuit
2517 2260 2532 2297 :
2568 2260 2894 2314 prOgressus
2925 2249 3149 2311 deinde,
3177 2267 3283 2303 non
3316 2267 3474 2306 eum-

1883 2330 2030 2392 dem,
2069 2343 2165 2386 aut
2209 2334 2297 2388 sui
2346 2351 2405 2389 se
2453 2336 2691 2390 similem
2745 2339 3026 2392 exhibuit.
3077 2341 3180 2397 Ubi
3228 2359 3471 2413 namque

1882 2423 2158 2476 calumnia
2203 2433 2299 2480 aut
2346 2427 2663 2481 criminatio
2701 2428 2885 2498 aliqua
2943 2429 3260 2487 Constantii
3300 2446 3469 2497 esset,

1882 2515 2146 2569 alacriter
2179 2516 2511 2572 Christianis
2557 2521 2742 2574 omnia
2782 2523 2999 2578 tribuit.
3036 2525 3106 2578 At
3133 2526 3178 2579 si
3211 2541 3275 2580 ea
3305 2543 3472 2581 causa

1885 2623 1995 2660 non
2025 2616 2270 2661 exstaret
2303 2626 2317 2662 :
2352 2608 2542 2663 odium
2589 2612 2738 2680 quod
2775 2613 2831 2666 in
2875 2630 2976 2669 nos
3009 2617 3378 2672 communiter
3412 2619 3467 2672 in

1881 2710 2106 2769 pectore
2144 2701 2496 2756 reconditum
2534 2703 2794 2768 habebat,
2836 2707 2889 2760 in
2928 2718 3182 2776 apertum
3215 2711 3466 2779 protulit.

1883 2793 2102 2846 Etcum
2137 2793 2240 2847 hoc
2275 2809 2446 2848 unum
2483 2797 2718 2852 maxime
2753 2809 2960 2867 ageret,
2991 2808 3048 2852 ut
3078 2801 3468 2871 utnnesimpe-

1881 2885 1964 2938 rio
2009 2885 2258 2939 Romano
2293 2887 2503 2941 subditi
2523 2929 2536 2948 ,
2567 2887 2812 2944 Griecam
2842 2893 3344 2962 complecterentur
3373 2910 3470 2948 suo

1882 2979 2297 3045 perstitionem,
2352 2982 2748 3050 permolestum
2797 2983 2849 3038 ei
2883 2984 3005 3048 fuit,
3053 2987 3201 3055 quod
3245 2987 3479 3056 religio--

1883 3086 2008 3124 nem
2056 3088 2213 3126 suam
2258 3088 2287 3126 a
2335 3073 2764 3130 Christianismo
2801 3077 2974 3147 gloria
3019 3079 3184 3149 l0nge
3213 3080 3480 3148 superari.

211 3173 268 3222 ἂν
288 3173 374 3225 καὶ
401 3175 694 3226 είσέπειτα
712 3175 773 3226 τὸ
805 3172 1039 3242 ἔμπεδον
1073 3172 1270 3242 ἔχοιεν.
1300 3171 1438 3241 Ἕρη
1451 3188 1524 3240 μα
1542 3173 1650 3239 γὰρ
1681 3171 1775 3239 τῆς

1885 3163 2117 3218 videret.
2152 3165 2382 3235 Templa
2413 3167 2662 3234 quidem,
2690 3174 2987 3232 sacriﬁcia,
3021 3181 3076 3225 et
3108 3173 3296 3242 patria:
3320 3171 3468 3228 Gm—

209 3257 395 3313 htaivou
445 3262 782 3330 ἐπικουρίας
826 3262 1119 3330 γενόμενα,
1157 3263 1216 3312 ὲν
1273 3260 1477 3328 ἑτοίμῳ
1505 3259 1657 3325 ἔχειν
1683 3275 1777 3309 ται

207 3354 342 3419 χείαν
362 3355 459 3425 τὴν
497 3355 838 3423 μεταϐολήν.
859 3355 1115 3407 Μάλιστα
1144 3352 1204 3406 δὲ
1234 3353 1455 3422 καιρίαν
1477 3352 1777 3420 ὲπλήττετο

207 3445 391 3500 πολλῶν
418 3447 625 3515 ἱερέων
655 3446 749 3500 καὶ
777 3446 1028 3514 γαμετὰς
1060 3446 1155 3498 καὶ
1199 3443 1401 3506 παῖδας
1435 3442 1530 3496 καὶ
1561 3443 1776 3503 οἰκέτας

208 3534 532 3606 Χριστιανίζε
547 3556 599 3590 ιν
635 3539 942 3606 μανθάνων.
973 3538 1114 3591 Καθ’
1141 3537 1338 3590 ἑαυτόν
1360 3552 1419 3588 τε
1445 3535 1776 3604 συμϐάλλων

213 3629 545 3685 συνίστασθαι
569 3632 676 3700 τὴν
704 3630 1007 3698 θρησκείαν
1031 3629 1188 3699 ἡμῶν
1211 3628 1276 3682 ἐκ
1301 3645 1363 3682 τι
1397 3627 1494 3682 τοῦ
1533 3628 1651 3698 βίου
1679 3629 1776 3681 καὶ

208 3721 294 3790 τῆς
316 3723 418 3778 τῶν
453 3725 764 3792 μετιόντων
791 3723 966 3793 αὐτὴν
1000 3723 1214 3792 ἀγαθῆς
1246 3719 1550 3784 πολιτείας,
1597 3721 1776 3772 πάντα

210 3815 370 3867 κάλων
407 3817 617 3881 ἐκίνει,
674 3815 816 3868 ὥστε
865 3817 930 3882 δὴ
961 3817 1054 3868 καὶ
1106 3816 1176 3868 τὰ
1213 3815 1486 3884 Ἑλλήνων
1525 3813 1660 3883 πρὸς
1709 3813 1776 3865 τὰ

207 3908 434 3979 ἡμέτερα
463 3909 826 3980 μεταφέρειν.
864 3909 1007 3973 Τοὺς
1036 3926 1096 3961 τε
1145 3909 1256 3977 γὰρ
1299 3908 1614 3968 είδωλικοὺς
1639 3905 1776 3969 νεὼς

207 3997 500 4066 διεσκεὺαζε
537 4002 756 4072 βήμασι
802 4019 862 4054 τε
895 4003 992 4054 καὶ
1027 4002 1383 4072 προεδρίαις·
1434 3999 1774 4067 ἀναγνώσεις

207 4108 256 4144 τε
288 4096 376 4147 καὶ
422 4096 780 4158 διδασκαλίας
822 4095 1164 4164 Ἑλληνικοῖς
1213 4095 1486 4163 δόγμασιν
1514 4094 1775 4160 ἐγκειμέ-

209 4199 321 4246 ναςο
355 4189 449 4239 καὶ
490 4187 806 4256 θυηπόλους
854 4189 951 4241 καὶ
989 4185 1346 4254 ἀναγνώστας
1369 4187 1565 4256 ἐπίσης
1596 4186 1731 4255 ἡμῖν
1755 4199 1770 4215 ·

209 4275 349 4345 εὐχὰς
375 4278 724 4348 τεταγμένας
755 4277 914 4345 ὡρῶν
943 4294 1003 4329 τε
1027 4281 1119 4330 καὶ
1146 4276 1378 4348 ἡμερῶν
1397 4293 1410 4306 ·
1436 4278 1516 4329 ἔτι
1535 4277 1591 4330 δὲ
1610 4293 1774 4347 φρον-

207 4372 437 4441 τιστήρια
467 4371 685 4442 ἀνδρῶν
719 4370 1140 4440 καὶγυναικῶν,
1174 4370 1502 4440 καταγώγιά
1531 4387 1591 4423 τε
1633 4371 1771 4442 ᾠκο-

1880 3270 2076 3308 eorum
2123 3257 2543 3324 solemnitates,
2591 3259 2826 3330 festique
2875 3262 2997 3316 dies
3043 3278 3140 3332 per
3191 3265 3358 3318 urbes
3396 3279 3469 3318 ex

1879 3351 2154 3402 sententia
2180 3354 2230 3405 ei
2257 3350 2374 3404 fere
2401 3353 2797 3420 procedebant.
2825 3355 2934 3426 47
2961 3356 3054 3409 llla
3077 3372 3206 3410 vero
3231 3358 3464 3412 maxime

1879 3441 2255 3497 Sollicitudine
2320 3445 2652 3513 angebatur,
2709 3447 2991 3516 quomodo
3055 3447 3110 3500 in
3177 3458 3461 3514 posterum

1877 3549 2102 3602 quoque
2145 3535 2354 3588 cultum
2403 3537 2567 3591 talem
2619 3539 2896 3593 stabiliret
2933 3557 2948 3593 :
2982 3540 3126 3608 quod
3167 3550 3474 3604 metueret,

1877 3625 1923 3678 si
1971 3625 2020 3678 is
2058 3626 2311 3692 praesidio
2359 3642 2461 3681 suo
2504 3629 2926 3694 destitueretur,
2963 3647 3034 3684 ne
3081 3632 3232 3685 brevi
3274 3648 3462 3686 rerum

1879 3720 2184 3774 mutatione
2230 3719 2619 3774 collaberetur.
2665 3722 2723 3776 ltt
2772 3723 2970 3792 primis
3012 3741 3145 3779 sane
3183 3727 3340 3794 quasi
3389 3727 3465 3780 le-

1879 3810 2026 3864 thale
2057 3812 2256 3867 vulnus
2286 3812 2338 3866 ei
2374 3813 2480 3867 hoc
2513 3813 2734 3877 inﬂixit,
2766 3819 2913 3883 quod
2964 3817 3264 3870 multorum
3297 3819 3464 3870 sacri-

1878 3903 2170 3958 ﬁculorum
2211 3905 2575 3974 coniuges-et
2619 3905 2828 3960 liberos
2859 3916 2916 3961 et
2952 3907 3258 3970 ministros,
3305 3909 3462 3961 Chri-

1875 3994 2085 4048 stianos
2113 4009 2235 4048 esse
2268 3995 2520 4059 videret;
2552 4005 2608 4050 et
2639 3995 2787 4065 quod
2831 4012 3021 4052 secum
3056 3998 3176 4067 ipse
3206 3999 3462 4052 conside~

1877 4094 2048 4150 raret,
2086 4087 2408 4156 religionem
2457 4097 2703 4142 nostram
2745 4089 2798 4142 in
2840 4091 3136 4144 sanctitate
3176 4091 3302 4144 vita:
3339 4106 3459 4144 mo-

1877 4193 2109 4247 rumque
2152 4178 2498 4249 integritate,
2533 4196 2728 4236 eorum
2774 4181 2866 4251 qui
2913 4198 3034 4236 eam
3081 4185 3462 4250 complectun-

1877 4281 1986 4336 tur,
2021 4273 2356 4337 consistere,
2390 4289 2611 4328 omuem
2659 4277 2831 4330 movit
2869 4275 3056 4330 funem
3080 4315 3095 4338 ,
3134 4285 3194 4331 ut
3239 4276 3458 4332 Graeco-

1875 4381 1994 4419 rum
2056 4381 2241 4420 mores
2295 4366 2363 4420 ad
2427 4367 2680 4422 instituta
2743 4381 2931 4423 nostra
2991 4371 3455 4423 accommodaret.
3536 4356 3537 4359 Ἴ

208 4453 342 4524 δόμει
381 4458 556 4524 ξένοις
609 4475 668 4512 τε
719 4459 814 4511 καὶ
856 4460 1093 4528 πτωχοῖς
1117 4476 1130 4488 ο
1163 4461 1257 4511 καὶ
1309 4459 1408 4529 τὴν
1441 4459 1610 4528 ἀλλην
1647 4461 1771 4512 ιπε-

1885 4458 2066 4526 ltaque
2097 4457 2155 4510 in
2197 4458 2474 4513 idolorum
2517 4461 2738 4529 templis
2781 4461 2899 4514 ﬁeri
2939 4460 3158 4516 curavit
3190 4461 3459 4516 subsellia

209 4546 426 4604 δείκνυτο
493 4550 918 4622 φιλανθρωπίαν
947 4592 961 4616 ,
1029 4551 1097 4604 τὰ
1175 4552 1448 4622 Ἑλλήνων
1515 4551 1773 4605 ἐντεῦθεν

211 4638 473 4707 σεμνύνειν
523 4640 876 4711 αἱρούμενος.
930 4641 1054 4695 Τῶν
1081 4641 1128 4694 δ’
1157 4642 1430 4696 ἑκουσίων
1476 4643 1572 4696 καὶ
1609 4646 1776 4697 ἀκου-

211 4731 324 4786 σίων
350 4735 793 4807 ἁμαρτημάτων,
829 4735 1020 4806 ὥσπερ
1061 4736 1194 4805 ἡμῖν
1234 4735 1378 4800 ἔθος,
1424 4737 1774 4807 προσήκοντα

209 4822 357 4878 ἐτίθει
386 4830 842 4898 σωφρονίσματα.
871 4829 984 4897 Οὐχ
1009 4829 1214 4898 ἥκιστα
1249 4830 1435 4900 μέντοι
1465 4829 1555 4881 διὰ
1603 4845 1773 4882 σπου-

207 4911 291 4982 δῆς
318 4911 430 4986 εἶχε
454 4920 656 4989 ζηλοῦν
684 4921 754 4973 τὰ
795 4919 906 4973 τῶν
941 4921 1261 4973 ἐπισκόπων
1307 4919 1653 4991 συνθήματα,
1688 4915 1771 4988 οἷς

211 5004 314 5069 ἔθος
339 5011 461 5073 τοὺς
500 5013 685 5077 ξένους
734 5013 860 5066 ὅθεν
904 5012 970 5082 δή
1009 5028 1140 5065 ποτε
1193 5011 1456 5074 διιόντας,
1494 5014 1590 5067 καὶ
1637 5017 1770 5083 παρ’

209 5095 288 5159 οὓς
332 5097 396 5152 ἂν
440 5103 728 5169 γένωνται,
783 5103 1084 5172 θεραπείας
1133 5102 1419 5167 ἀξιοῦσθαι
1454 5107 1766 5174 καταγομέ-

211 5206 343 5255 νους,
361 5188 557 5264 οἷάπερ
576 5194 892 5268 γνωρίμους
915 5198 1006 5250 καὶ
1037 5198 1225 5264 φίλους
1256 5197 1343 5250 διὰ
1373 5196 1474 5266 τὴν
1498 5198 1592 5250 τοῦ
1628 5216 1690 5250 συ
1701 5218 1766 5268 μ-

212 5279 348 5333 ϐδλου
404 5287 744 5356 μαρτυρίαν·
783 5287 877 5340 καὶ
925 5287 1116 5350 ἁπλῶς
1143 5289 1343 5348 εἰπεῖν.
1389 5285 1543 5340 ταῦτ’
1577 5291 1636 5341 ἐν
1691 5290 1766 5357 νῷ

214 5365 354 5435 ἔχων,
407 5373 602 5441 ἐπίσης
638 5373 1023 5445 παρεσκεύαζε
1080 5376 1205 5438 τοὺς
1239 5373 1593 5446 Ἐλληνιστᾰς
1651 5381 1763 5440 τοίς

213 5454 537 5527 Χριστιανοῖς
572 5463 745 5534 βιοῦν,
767 5464 1117 5537 προσεθίζειν
1152 5482 1212 5519 τε
1249 5467 1363 5529 τοῖς
1389 5467 1616 5520 ἑκείνων
1639 5471 1764 5521 ἐπι-

214 5549 497 5620 τηδεύματι
517 5595 533 5620 ,
570 5557 662 5609 καὶ
692 5559 834 5628 πλήν
861 5575 926 5626 γε
956 5558 1066 5610 τῶν
1120 5556 1414 5625 δογμάτων
1444 5560 1764 5629 ἁκραιφνῶς

216 5645 310 5705 τοῖς
357 5645 541 5710 ἄλλοις
591 5653 689 5719 τῆς
752 5653 1031 5716 πολιτείας
1081 5653 1300 5722 ἐκείνης
1358 5650 1760 5723 ἐξομοιοῦσθαι.

207 5729 322 5809 ι’(Ιτι
363 5739 417 5792 δὲ
451 5741 608 5798 τοῦτο
645 5744 818 5813 οὕτως
873 5748 994 5817 ἕχον
1026 5750 1194 5822 ἐστὶν,
1249 5746 1305 5818 ἐξ
1335 5746 1503 5818 αὐτῆς
1538 5751 1635 5822 τῆς
1665 5752 1758 5806 τοῦ

1876 4559 1932 4603 et
1954 4550 2247 4618 primarius
2271 4564 2594 4620 suggestus:
2615 4553 2855 4606 instituit
2878 4553 3147 4607 lectiones
3171 4563 3227 4606 ct
3250 4554 3456 4607 doctri-

1875 4655 1996 4703 nas,
2021 4656 2145 4710 quae
2181 4651 2365 4696 tamen
2397 4641 2604 4698 Graecis
2635 4644 2993 4715 dogmatibus
3039 4645 3456 4710 inniterentur;

1873 4744 2141 4804 praeterea
2178 4735 2499 4790 sacerdotes
2527 4745 2582 4790 et
2613 4737 2856 4791 lectores
2891 4751 3045 4791 more
3078 4746 3292 4800 nostro,
3326 4737 3454 4790 item

1873 4833 2057 4879 certas
2086 4834 2366 4879 certarum
2398 4826 2660 4880 horarum
2689 4835 2746 4880 et
2774 4826 2993 4881 dierum
3026 4841 3243 4897 preces.
3276 4825 3453 4878 Scho-

1871 4920 1954 4974 las
1994 4921 2161 4976 etiam
2211 4930 2267 4974 et
2317 4919 2718 4989 pbrontisteria
2766 4920 3018 4975 virorum
3061 4928 3118 4974 et
3161 4919 3452 4974 mulierum

1872 5013 2236 5084 philosophiae
2285 5015 2526 5069 ethnicte
2570 5015 2958 5079 addictarutu,
3003 5015 3424 5085 peregrinorum

1870 5122 1978 5175 que
2006 5115 2062 5161 et
2089 5121 2393 5177 egenorum
2422 5109 2738 5163 construxit
2759 5109 3062 5174 domicilia,
3091 5116 3257 5178 atque
3285 5108 3446 5161 aliam

1873 5197 2103 5266 insuper
2126 5197 2372 5253 ostendit
2397 5199 2826 5266 humanitatem,
2858 5211 2916 5256 ut
2943 5200 3263 5257 Graecorum
3295 5213 3445 5252 sacra

1870 5292 2078 5346 talibus
2123 5292 2294 5346 rebus
2340 5292 2768 5350 admirationem
2809 5299 3288 5364 consequerentur
3331 5303 3444 5342 ma-

1864 5387 2070 5456 iorem.
2107 5386 2441 5441 Delictorum
2490 5403 2712 5458 quoque
2745 5404 2868 5458 qua:
2900 5387 2986 5442 vel
3016 5403 3047 5440 a
3080 5383 3446 5455 prudentibus

1869 5479 1953 5530 vel
1977 5476 2048 5530 ab
2073 5477 2520 5547 imprudentibus
2545 5479 2701 5540 ﬁunt,
2723 5495 2790 5533 ex
2817 5477 3223 5534 consuetudine
3253 5485 3440 5527 nostra

1869 5571 2200 5640 paenitentia
2258 5571 2684 5634 interveniente,
2730 5582 3105 5639 congruentes
3155 5570 3446 5621 constituit

1871 5663 2256 5718 coercitiones.
2284 5664 2486 5719 Eodem
2521 5666 2686 5717 etiam
2713 5662 2898 5716 studio
2927 5661 3175 5716 auuulari
3212 5671 3442 5714 conatus

1870 5766 1956 5812 cst
2006 5773 2187 5812 comm
2224 5757 2583 5812 udatitiaruzu
2639 5756 2949 5811 luet-arum
3007 5765 3264 5821 tcS:CI'u.~,
3304 5768 3442 5823 quas
