3970 6190
490 304 598 368 49)
1723 314 2149 375 NICEPHORI
2185 315 2534 376 CALLISTI
3629 324 3723 392 500

487 424 737 494 συνίερορί
786 423 923 480 dare
969 423 1168 487 solent,
1207 431 1267 478 ut
1313 424 1684 491 undecunque
1717 433 1772 477 et
1805 424 1871 478 ad
1907 439 2055 494 quos

2141 465 2148 485 ,
2178 423 2445 494 βασιλέως
2478 427 2799 495 ἐπιστολῆς,
2850 428 2915 496 ἦν
2962 427 3240 497 ’Ᾱρσακίῳ
3270 428 3346 499 τῷ
3376 434 3595 501 ἀρχιερεῖ
3621 437 3709 501 Γα..

486 534 709 587 (ιιιηιιιιο
742 517 870 572 hinc
903 525 960 571 et
1003 516 1129 570 inde
1175 514 1431 586 hospites
1468 516 1787 579 adveniant,
1818 516 2054 572 moribus

2176 518 2364 580 λατίας
2395 518 2737 579 ἀπέστειλεν,
2769 518 2847 581 ὡς
2874 515 2989 572 οἷόν
3028 536 3116 577 τε.
3147 520 3306 572 τοῦτο
3354 523 3511 586 δεῖξαι
3543 530 3713 596 napi.

491 612 695 665 nostris
733 609 983 678 exceptis
1029 609 1269 678 benigne
1304 617 1596 676 curentur,
1634 608 1865 677 perinde
1903 620 2059 679 atque

1370 617 1596 676 trcntur,
1634 608 1865 677 perinde
1903 620 2067 679 atque
2177 626 2366 680 σομαι.
2400 611 2611 678 Γράφει
2644 610 2699 663 δὲ
2729 609 2938 673 οὕτως·

490 706 607 758 noti
656 714 712 759 ct
758 704 923 758 amici
967 719 1066 774 per
1111 715 1332 758 tessera
1372 713 1429 759 et
1474 704 1613 774 signi
1655 702 1776 773 ejus
1821 702 2225 759 testimonium.
2291 704 2398 765 Et,
2472 713 2534 757 ut
2596 705 2928 774 simpliciter
2956 707 3451 776 dicam,ejusmotli
3484 712 3533 764 in
3562 716 3717 768 animo

486 811 714 850 versans
760 796 1016 862 consilia,
1053 797 1278 853 Graecos
1327 797 1521 852 eodem
1571 812 1682 866 quo
1753 796 2103 851 Christianos
2143 797 2307 850 modo
2340 797 2529 851 vivere
2572 798 2808 851 instituit
2849 817 2862 851 :
2895 814 3107 868 eosque
3141 801 3341 853 studiis
3374 812 3528 870 atque
3589 808 3716 859 insli-

486 887 622 940 tutis
651 888 775 942 aliis
811 891 1019 944 nostris
1050 890 1333 960 prapalam
1397 901 1741 951 assuescere,
1807 896 1964 941 extra
2040 887 2290 958 dogmata
2331 895 2539 951 tamen,
2572 895 2628 940 et
2663 889 2868 956 :cquari
2905 889 3069 942 nobis
3110 890 3304 942 voluit.
3350 891 3513 945 Porro
3572 896 3616 947 id
3661 901 3715 950 ita

486 1000 546 1035 se
598 983 828 1047 habere,
871 1000 939 1039 ex
987 987 1161 1056 ipsius
1211 985 1564 1056 imperatoris
1601 982 1859 1049 epistola,
1899 997 2064 1051 quam
2104 983 2169 1034 ad
2239 983 2554 1044 Arsacium,
2628 997 2919 1038 sacrorum
2957 1000 3190 1039 suorum
3236 985 3292 1038 iu
3330 984 3528 1041 Galatia
3572 996 3717 1058 pumi-

488 1078 683 1143 fwem,
737 1077 922 1143 dedit,
970 1087 1238 1149 quantum
1290 1078 1455 1141 licet,
1505 1074 1816 1131 ostendam.
1866 1073 2071 1128 Scribit
2108 1083 2291 1127 autem
2327 1074 2395 1127 ad
2431 1074 2578 1129 hunc
2610 1076 2834 1130 modum
2870 1095 2885 1131 :
3731 1070 3772 1115 θ’

982 1190 1097 1262 48
1131 1189 1360 1247 CAPUT
1400 1189 1590 1245 xuu.

2742 1192 2999 1246 ΚΕΦΑΛ.
3047 1194 3176 1247 KB'.

488 1285 734 1356 Epistolis
773 1283 983 1337 Iuliani
1023 1284 1092 1336 ad
1141 1282 1445 1356 Pontiﬁeem
1494 1280 1724 1356 Galatiae
1768 1278 2045 1332 Arsacium

2193 1280 2522 1356 Ἐπιστολὴ
2544 1282 2915 1356 ΔἸουλᾼιαγοῦ
2959 1286 3256 1356 ’ᾼρσακίφ
3275 1287 3534 1356 ἀρχιερεῖ
3555 1295 3720 1348 Γαλα-

594 1364 653 1408 ut
675 1355 1101 1409 Christianorum
1131 1368 1299 1405 mores
1332 1353 1590 1405 imitando
1620 1357 1962 1404 consectetur.

2349 1352 2501 1417 τίας,
2532 1350 2689 1405 ὥστε
2716 1352 2949 1421 ἐπίσης
2981 1350 3131 1423 ἡμῖν
3159 1350 3592 1416 πολιτεύεσθαι.

569 1486 589 1518 ι
628 1467 817 1521 Graeca
877 1466 1070 1536 religio
1124 1465 1372 1520 nondum
1426 1480 1493 1519 ex
1532 1458 1824 1519 'seutentia
1881 1469 2071 1515 nostra

2232 1444 2273 1512 ἰ
2320 1464 2382 1516 Ὀ
2426 1464 2786 1534 Ἑλληνισμὸς
2812 1464 2974 1520 οῦπω
3007 1466 3242 1536 πράττει
3268 1471 3407 1522 κατὰ
3433 1470 3577 1538 λόγον
3596 1475 3723 1543 ἡμῶν

491 1560 769 1629 procedit,
822 1559 988 1630 idque
1038 1573 1235 1614 eorum
1281 1559 1377 1628 qui
1427 1574 1547 1614 eam
1601 1560 2059 1629 complectuntur.

2175 1554 2336 1606 ἕνεκα
2360 1554 2472 1607 τῶν
2499 1556 2794 1626 μετιόντων
2825 1557 3014 1611 αὐτόν.
3048 1559 3134 1611 Τὰ
3163 1560 3275 1628 γὰρ
3304 1561 3411 1614 τῶν
3455 1563 3588 1616 θεῶν
3607 1565 3722 1634 λαμ-

493 1622 678 1722 culpa.
722 1622 1045 1722 Amplitudo
1093 1652 1241 1705 enim
1280 1622 1336 1704 et
1370 1622 1779 1720 magnificentia
1819 1652 2061 1717 deorum,

2178 1649 2291 1715 πρά
2317 1645 2411 1698 καὶ
2454 1622 2691 1716 μεγάλα,
2730 1622 3028 1720 διρείττονα
3059 1622 3258 1719 πάέηέ
3303 1652 3402 1721 μὲν
3433 1656 3607 1724 εὐχῆς.
3643 1622 3725 1711 πά-

495 1752 680 1812 optata
718 1746 886 1798 etiam
926 1744 1113 1798 omnia
1150 1753 1206 1798 et
1237 1758 1389 1812 spem
1428 1757 1648 1796 omnem
1688 1743 1927 1799 excedit.
1966 1744 2063 1799 Sed

2178 1753 2278 1805 σης
2307 1737 2365 1790 δὲ
2394 1738 2642 1802 ἐλπίδος*
2692 1742 2852 1805 τλεως
2884 1742 2941 1795 δὲ
2978 1743 3122 1796 ἔστω
3154 1746 3273 1807 τοῖς
3307 1745 3484 1813 λόγοις
3514 1748 3656 1817 ἡμῶν
3697 1756 3721 1819 ἡ

495 1834 737 1904 propitia
774 1835 845 1887 sit
876 1834 1083 1888 nostris
1112 1832 1467 1888 sermonibus
1497 1830 1747 1888 Nemesis
1781 1834 1881 1903 (l).
1924 1834 2063 1890 Tan-

2212 1828 2528 1898 Αδράστεια.
2575 1830 2686 1900 Τὴν
2715 1831 2827 1902 γὰρ
2872 1833 2931 1885 ἐν
2962 1833 3133 1904 ὀλίγῳ
3174 1834 3448 1904 τοσαύτην
3490 1838 3578 1889 καὶ
3606 1838 3726 1907 τηλι-

496 1938 606 1980 tam
648 1942 891 1995 namque
927 1936 1037 1981 tam
1071 1927 1223 1980 brevi
1259 1927 1642 1989 mutationem,
1677 1941 1747 1979 ne
1777 1928 1923 1981 votis
1952 1932 2064 1991 qui-

2176 1922 2386 1992 καύτην
2420 1922 2722 1994 μεταϐολὴν
2771 1925 2893 1977 οὐδὲ
2926 1923 3207 1990 εὔξασθαί
3233 1945 3322 1991 τις
3370 1929 3530 2000 ὀλίγῳ
3562 1935 3726 1999 πρότε-

496 2019 622 2073 tlcm
662 2020 826 2089 paulo
863 2031 990 2075 ante
1034 2030 1294 2088 expetere
1330 2019 1623 2089 quisquam
1658 2034 1828 2074 ausus
1858 2018 2064 2074 fuisset.

2179 2029 2271 2082 pov
2295 2014 2517 2083 ἐτόλμα.
2537 2015 2606 2068 Τί
2629 2014 2900 2086 οὒνήμεῖς
2924 2019 3154 2087 οἰόμεθα
3183 2019 3357 2072 ταῦτα
3383 2023 3564 2089 ἀρκεῖν
3583 2042 3596 2088 ;
3615 2025 3726 2076 Οὐδὲ

498 2112 643 2177 Quid
676 2113 882 2183 igitur?
913 2129 982 2166 an
1016 2112 1268 2166 sullicere
1314 2112 1417 2166 ista
1453 2121 1715 2181 putamus
1741 2132 1754 2166 :
1785 2128 1887 2168 nec
1913 2114 1979 2167 ad
2010 2128 2066 2167 ea

2178 2101 2566 2172 ἀποϐλέπομεν
2597 2104 2626 2156 ὃ
2661 2104 2907 2172 μάλιστα
2944 2108 3046 2175 τὴν
3079 2107 3363 2180 ἀθεότητα
3406 2112 3726 2181 συνηύξησε),

496 2206 854 2276 respicimus,
889 2220 1013 2273 quze
1059 2206 1299 2259 maxime
1344 2205 1683 2274 impietatem
1730 2204 2064 2273 deorumque

2178 2197 2211 2262 ἡ
2243 2196 2374 2263 περὶ
2404 2196 2534 2259 τοὺς
2557 2197 2743 2262 ξένους
2761 2198 3184 2269 φιλανθρωπία,
3213 2205 3309 2254 καὶ
3333 2204 3366 2273 ὴ
3400 2205 3522 2271 περὶ
3549 2206 3636 2265 τὰς
3658 2221 3732 2255 τα-

499 2307 882 2365 contemplum
923 2296 1231 2351 auxerunt?
1264 2296 1329 2350 ad
1361 2311 1482 2350 eam
1515 2297 1750 2358 scilicet,
1781 2313 1886 2366 qua
1915 2297 2067 2349 adve-

2180 2288 2285 2355 φὰς
2337 2289 2447 2341 τῶν
2502 2290 2718 2359 νεκρῶν
2768 2292 3107 2361 προμήθεια.
3178 2295 3275 2347 καὶ
3328 2296 3365 2365 ἡ
3417 2298 3733 2365 πεπλασμένη

499 2405 603 2443 nas
646 2389 955 2458 excipimus
1000 2388 1456 2458 hospitalitatem,
1490 2387 1557 2441 ad
1598 2402 1788 2442 curam
1832 2394 2067 2441 mortuo-

2183 2379 2451 2448 σεμνότης
2476 2380 2619 2433 κατὰ
2641 2380 2734 2433 τὸν
2770 2381 2907 2451 βίον.
2942 2380 3044 2437 Ὧν
3078 2385 3324 2438 ἕκαστον
3353 2387 3533 2456 οἴομαι
3561 2388 3732 2458 χρῆναι

498 2496 624 2535 rum
674 2482 1148 2549 sepeliendorum,
1176 2490 1344 2550 atque
1384 2479 1450 2533 ad
1496 2479 1674 2535 fictam
1708 2479 1835 2533 vitae
1872 2477 2066 2533 sancti-

2181 2473 2313 2541 παρ’
2341 2473 2373 2542 ὴ
2386 2471 2501 2541 μῶν
2533 2472 2751 2542 ἀληθῶς
2783 2475 3240 2544 ἐπιτηδεύεσθαι.
3281 2478 3388 2531 Καὶ
3415 2480 3513 2532 οὐκ
3544 2479 3733 2549 ἀπόχρη

505 2577 669 2630 moui:
692 2590 746 2628 m
782 2594 796 2630 :
830 2591 1065 2645 quorum
1102 2574 1534 2645 unumquodque
1576 2575 1719 2643 apud
1764 2589 1863 2627 nos
1894 2575 2073 2641 singu‘

2178 2565 2240 2616 τό
2268 2580 2327 2616 σι
2363 2564 2524 2631 μόνον
2550 2557 2694 2616 εἶναι
2716 2564 2985 2633 τοιοῦτον,
3017 2567 3158 2619 ἀλλὰ
3189 2570 3400 2632 πάντας
3435 2571 3731 2633 ἁπαξαπλῶς

497 2667 602 2725 lari
637 2668 825 2723 studio
855 2685 985 2724 vere
1022 2669 1141 2724 fieri
1178 2681 1435 2740 oportere
1483 2667 1745 2721 arbitror.
1787 2666 1901 2721 Nec
1943 2668 2065 2721 sati:

2181 2655 2231 2708 οἳ
2271 2655 2401 2725 περὶ
2424 2655 2521 2725 τὴν
2570 2656 2847 2710 Γαλατίαν
2875 2660 3015 2711 εἰσὶν
3052 2661 3227 2730 ίερεῖς
3250 2677 3267 2693 °
3320 2661 3471 2731 οὒςῆ
3512 2662 3733 2732 δυσώπη-

498 2770 587 2816 est
621 2770 673 2816 te
709 2762 890 2817 solum
947 2764 1134 2826 talem,
1169 2778 1360 2817 verum
1406 2763 1576 2815 etiam
1614 2776 1809 2815 omnes
1852 2760 2066 2814 omninc

2183 2763 2300 2810 σον,
2351 2747 2384 2814 ἦ
2417 2750 2607 2800 πεῖσον
2647 2742 2791 2801 εῖναι
2840 2750 3203 2815 σπουδαίους·
3267 2753 3299 2823 ἢ
3347 2753 3446 2821 τῆς
3484 2755 3733 2823 ἱερατικῆς

499 2854 597 2922 qui
646 2855 700 2909 in
748 2854 957 2910 Galatia
1008 2869 1139 2911 sunt
1186 2854 1530 2912 sacerdotes.
1576 2855 1654 2908 tui
1701 2853 1910 2907 similes
1956 2867 2067 2907 esse

2182 2839 2528 2909 λειτουργίας
2558 2842 2915 2911 ἀπόστησον,
2952 2846 3001 2896 εί
3065 2844 3141 2914 μὴ
3181 2845 3571 2917 προσέρχονται
3617 2846 3733 2914 μετὰ

503 2947 811 2999 convenit:
861 2961 1002 3015 quos
1050 2946 1135 2999 vel
1190 2955 1423 3007 terrore,
1460 2944 1544 2999 vel
1600 2943 1978 3014 persuasione,
2021 2952 2071 2997 ut

2183 2931 2461 2997 γυναικῶν
2497 2933 2589 2983 καὶ
2643 2933 2854 2985 παίδων
2910 2936 3006 2987 καὶ
3048 2934 3415 3004 θεραπόντων
3448 2938 3553 2998 τοῖς
3580 2936 3731 2997 θεοῖς,

501 3036 664 3106 probi
700 3038 835 3101 sint,
867 3037 1166 3100 adducito,
1196 3047 1292 3092 aut
1324 3038 1468 3092 sacri
1513 3036 1809 3091 ministerii
1846 3036 2069 3092 functio-

2185 3021 2297 3075 ἀλλ’
2351 3023 2630 3092 ἀνέχοιντο
2679 3025 2789 3077 τῶν
2842 3026 3139 3096 οίκετῶνῆ
3182 3028 3373 3090 υἱέων,
3407 3031 3440 3098 ἢ
3472 3029 3571 3081 τῶν
3602 3026 3734 3080 Γαλι-

503 3145 630 3183 nem
660 3144 758 3184 eos
788 3129 1067 3199 deponere
1099 3132 1316 3200 cogito;
1347 3128 1617 3199 siquidem
1654 3144 1762 3183 una
1792 3144 1917 3183 cum
1952 3143 2071 3183 con-

2183 3111 2348 3165 λαίων
2399 3113 2683 3180 γαμετῶν,
2752 3115 3099 3169 ἀσεϐούντων
3150 3117 3261 3187 μὲν
3293 3119 3374 3181 είς
3426 3120 3545 3181 τοὺς
3581 3118 3730 3178 θεοὺς.

501 3221 753 3289 jogihus,
784 3221 978 3276 liberis
1016 3234 1072 3276 et
1118 3222 1295 3275 servis
1339 3221 1404 3275 ad
1455 3222 1687 3275 deorum
1722 3220 1933 3275 cultum
1971 3235 2069 3275 non

2185 3204 2452 3275 ἀθεότητα
2480 3206 2536 3257 δέ
2571 3206 2886 3269 θεοσεϐείας
2935 3208 3363 3277 προτιμώντων.
3404 3210 3624 3262 ΙἜπειτα
3648 3224 3734 3261 πα·

505 3318 868 3379 accesserint,
904 3314 999 3369 sed
1038 3329 1226 3371 servos
1256 3327 1349 3368 aut
1383 3315 1592 3370 liberos
1621 3322 1718 3369 aut
1749 3329 1948 3369 uxores
1981 3313 2073 3368 Ga-

2189 3298 2438 3365 ραίνεσον
2471 3300 2644 3367 ἱερέα,
2686 3298 2827 3365 μήτε
2856 3302 2914 3351 ἐν
2948 3298 3164 3370 θεάτρῳ
3204 3301 3587 3371 παραϐάλλειν,
3619 3302 3734 3368 μήτε

502 3406 675 3460 Ιὶιωαε
723 3408 1089 3469 retinuerint;
1126 3407 1331 3477 quippe
1376 3422 1504 3475 erga
1552 3406 1685 3461 deos
1731 3407 1880 3476 ipsos
1918 3406 2070 3476 impie

2185 3391 2243 3442 ἐν
2267 3390 2552 3459 καπηλείῳ
2586 3390 2789 3449 πίνειν.
2839 3390 2873 3460 ἢ
2924 3391 3122 3460 τέχνης
3161 3393 3313 3455 τινὸς
3368 3393 3460 3445 καὶ
3506 3391 3736 3461 ἐργασίας

506 3512 566 3551 se
609 3507 892 3567 gerentes,
940 3506 1434 3567 contemptumque
1486 3497 1719 3551 deorum
1763 3499 1935 3552 cultui
1986 3512 2074 3551 eo-

2187 3485 2418 3554 αίσχρᾶς
2470 3485 2568 3538 καὶ
2624 3484 2996 3545 ἐπονειδίστου
3054 3486 3451 3554 προΐστασθαι.
3486 3486 3587 3538 Καὶ
3633 3486 3736 3543 τοὺς

508 3590 759 3642 rumdcm
809 3590 1189 3659 praeferentes.
1247 3589 1451 3644 Deinde
1513 3589 1854 3643 sacerdotem
1894 3604 2076 3658 quem

2190 3576 2290 3645 μὲν
2309 3575 2670 3645 πειθομένους
2704 3576 2863 3645 τίμα,
2890 3577 3019 3638 τοὺς
3039 3576 3099 3629 δὲ
3136 3579 3507 3638 ἀπειθοῦντας
3552 3575 3733 3642 ἐξώθει.

506 3700 616 3751 que
647 3684 963 3746 cohortare,
989 3699 1056 3738 ue
1084 3684 1137 3737 itt
1170 3684 1389 3738 theatro
1416 3678 1814 3752 couSpiciatur,
1842 3696 1910 3734 ue
1938 3681 2074 3751 apud

2185 3667 2501 3737 Ξενοδοχεῖα
2533 3667 2659 3720 καθ’
2691 3668 2933 3736 ἑκάστην
2972 3669 3129 3723 πόλιν
3171 3673 3517 3741 κατάστησον
3555 3666 3733 3722 πυκνά·

508 3790 789 3845 caupones
823 3784 996 3846 potet,
1032 3791 1171 3831 neve
1200 3775 1306 3831 arti
1340 3775 1598 3845 cuiquam
1642 3783 1739 3828 aut
1772 3789 1955 3843 opera:
1986 3788 2076 3842 pu-

2187 3760 2275 3812 ἵνα
2308 3760 2694 3813 ἀπολαύσωσιν
2744 3763 2792 3814 oi
2830 3761 2973 3828 ξένοι
3003 3764 3103 3827 τῆς
3130 3763 3265 3835 παρ’
3290 3763 3446 3834 ἡμῶν
3475 3762 3738 3831 φιλανθρω·

506 3869 701 3923 danda:
737 3879 792 3924 et
826 3868 1207 3939 ignominiosa:
1241 3868 1446 3939 prtesil.
1492 3867 1559 3922 Et
1605 3881 1814 3921 morem
1860 3866 2074 3935 quidem

2187 3851 2313 3914 πίας
2332 3866 2346 3880 ⁸
2379 3850 2441 3903 ού
2470 3851 2580 3904 τῶν
2609 3852 2901 3921 ἡμετέρων
2934 3854 3120 3920 μόνον.
3148 3856 3289 3908 ἀλλὰ
3314 3858 3405 3908 καὶ
3438 3854 3542 3908 τῶν
3583 3854 3734 3907 ἄλλων

507 3970 764 4033 gerentes
793 3962 1001 4016 honore
1033 3976 1389 4031 prosequere,
1421 3960 1657 4015 rebelles
1683 3973 1819 4012 vero
1852 3971 1883 4010 a
1916 3965 1967 4011 te
2000 3971 2075 4011 re‘

2186 3942 2337 4004 ὅστις
2368 3942 2435 3995 ἂν
2464 3942 2631 4011 δεηθῇ
2655 3959 2669 3973 ·
2706 3944 3008 4013 χρημάτων
3036 3945 3083 3998 δ’
3129 3945 3258 3998 ὅθεν
3282 3947 3618 4016 εὐπορήσεις,
3640 3946 3737 3994 ἐπι-

512 4059 680 4124 pcllc.
727 4057 785 4111 lu
834 4058 969 4110 urbe
1002 4070 1222 4125 quaque
1271 4054 1577 4123 frequentia
1611 4052 1677 4107 ad
1720 4048 2080 4120 excipiendos

2188 4034 2439 4104 νενόηταί
2471 4051 2562 4103 μοι
2589 4034 2749 4097 τέως.
2798 4035 3069 4089 Ἐκάστου
3109 4039 3221 4104 γὰρ
3252 4037 3503 4091 ἐνιαυτοῦ
3530 4050 3731 4103 τρισμυ-

515 4149 753 4218 benigne
781 4149 1027 4217 boSpites
1074 4145 1415 4201 xenodochia
1466 4154 1705 4208 exstrue,
1755 4153 1816 4197 ut
1861 4142 2083 4196 advenae

2191 4129 2341 4198 ρίους
2377 4127 2592 4196 μοδίους
2642 4128 2786 4180 κατά
2819 4129 3000 4180 πᾶσαν
3052 4128 3154 4200 τὴν
3190 4130 3460 4183 Γαλατίαν
3509 4127 3732 4180 ἐκέλευσα

511 4257 622 4294 nou
665 4253 869 4295 nostra:
920 4246 1131 4292 tantum
1185 4236 1489 4308 religionis,
1529 4236 1622 4291 sed
1679 4234 1845 4289 alieni
1894 4234 2079 4297 etiam,

2191 4216 2412 4286 δοθῆναι
2437 4217 2607 4281 σίτου,
2638 4217 2732 4270 καὶ
2754 4217 3191 4286 ἑξακισμυρίους
3228 4219 3375 4273 οίνου
3408 4218 3610 4283 ξέστας.
3644 4211 3728 4268 *ον

512 4332 836 4401 quicunque
881 4328 1166 4400 petierint,
1196 4293 1319 4391 aut“
1345 4325 1706 4395 iudiguerint,
1742 4323 2080 4378 humanitate

2162 4316 2164 4330 '
2189 4311 2247 4361 τὸ
2271 4314 2521 4378 πέμπτον
2551 4309 2649 4379 μὲν
2679 4310 2761 4374 είς
2791 4312 2915 4373 τοὺς
2946 4310 3187 4380 πένητας
3220 4314 3352 4374 τοὺς
3375 4312 3492 4373 ,τοῖς
3531 4306 3730 4379 ἱερεῦσιν

512 4436 703 4477 nostra
736 4422 1113 4492 perfruantur.
1146 4417 1299 4474 Unde
1327 4430 1512 4473 autem
1539 4418 1605 4471 ad
1632 4432 1755 4472 eam
1784 4432 1899 4471 retu
1927 4432 2080 4486 pecu-

2189 4402 2671 4471 ύπηρετουμένους
2706 4402 3096 4455 ἀναλίσκεσθαί
3137 4421 3285 4473 φημι
3336 4403 3558 4474 χρῆναιο
3592 4400 3651 4453 τὰ.
3685 4396 3731 4450 δὲ

511 4517 603 4570 nia
650 4514 991 4585 suppeditet,
1034 4512 1317 4584 provisum
1355 4510 1487 4563 mihi
1528 4519 1634 4564 est.
1667 4508 1912 4578 Triginta
1942 4509 2079 4561 enim

2190 4496 2329 4550 ἄλλα
2358 4496 2469 4556 τοῖς
2498 4494 2668 4558 ξένοις
2703 4497 2799 4547 καὶ
2840 4496 2954 4557 τοῖς
2994 4495 3353 4563 μεταιτοῦσιν
3404 4492 3729 4562 ἐπινέμεσθαι

513 4609 684 4664 millia
745 4609 1057 4664 modiorum
1115 4605 1415 4665 frumenti,
1467 4612 1521 4658 et
1584 4603 1865 4671 sexaginta
1923 4601 2081 4655 millia

2193 4589 2323 4657 παρ’
2351 4587 2529 4655 ἡμῶν.
2564 4586 2800 4657 Αίσχρδν
2838 4587 2969 4657 γὰρ,
3001 4588 3052 4640 εί
3100 4588 3212 4640 τῶν
3251 4588 3353 4658 μὲν
3385 4587 3641 4666 Ἰουδαίων
3663 4584 3732 4634 ού-

511 4702 878 4758 sextariorum
912 4701 1047 4761 vini.
1080 4699 1381 4771 quotannis
1418 4697 1471 4751 in
1503 4710 1629 4751 eum
1664 4709 1826 4749 usum
1858 4709 1957 4763 per
1982 4692 2079 4749 Ga-

2192 4685 2303 4746 δεὶς
2342 4685 2606 4754 μεταιτεῖ,
2654 4687 2917 4755 τρέφουσι
2969 4684 3027 4738 δὲ
3056 4687 3106 4739 οἱ
3159 4684 3440 4748 δυσσεϐεῖς
3494 4682 3730 4736 Γαλιλαῖοι

509 4795 698 4850 latiam
750 4794 993 4849 conferri
1043 4792 1219 4864 jussi;
1270 4800 1325 4846 et
1371 4790 1621 4860 quintam
1676 4787 1842 4858 hujus
1894 4786 2077 4840 tributi

2198 4778 2338 4845 πρὸς
2366 4778 2480 4839 τοῖς
2509 4777 2721 4830 ἐαυτῶν
2748 4778 2843 4830 καὶ
2876 4779 3004 4840 τοὺς
3034 4778 3340 4850 ἡμετέρους
3362 4795 3374 4807 ·
3405 4780 3453 4830 oi
3487 4777 3539 4830 δέ
3562 4774 3730 4844 ἡμέτε-

510 4896 730 4956 partcm
783 4886 1123 4956 pauperibus
1172 4883 1267 4955 qui
1320 4880 1705 4937 sacerdotibus
1755 4878 2078 4943 inserviunt,

2202 4886 2286 4940 P'"
2320 4868 2418 4937 τῆς
2461 4868 2589 4939 παρ’
2642 4869 2800 4939 ἡμῶν
2845 4870 3171 4938 ἐπικουρίας
3216 4870 3420 4932 ἐνδεεῖς
3472 4867 3729 4936 φαίνοιντο.

511 4953 631 5032 dari
668 4996 682 5034 :
718 4953 990 5048 reliquum
1025 4953 1209 5032 autem
1241 4989 1407 5030 omne
1434 4973 1663 5027 advenis
1693 4982 1748 5025 ct
1776 4969 2079 5041 hospitibus

2201 4962 2431 5015 Δίδασκε
2460 4960 2541 5026 δέ,
2587 4962 2680 5014 καὶ
2714 4961 3092 5031 συνεισφέρειν
3120 4962 3248 5025 τοὺς
3291 4958 3622 5030 Ἐλληνιστὰς
3666 4953 3732 5011 εἰς

515 5072 750 5141 aliisque
788 5042 1108 5142 petentibus
1148 5085 1177 5123 a
1221 5069 1381 5123 nobis
1414 5067 1584 5122 dividi
1629 5065 1834 5120 debere
1866 5078 2083 5119 censeo.

2199 5054 2297 5117 τὰς
2328 5053 2585 5116 τοιαύτας
2618 5052 2984 5122 λειτουργίας,
3025 5053 3122 5106 καὶ
3173 5054 3270 5115 τὰς
3311 5051 3615 5120 Ἑλληνικὰς

516 5166 704 5233 'l‘urpe
733 5163 1006 5233 siquidem
1036 5173 1203 5223 esset,
1230 5150 1529 5216 cum’intcr
1557 5158 1775 5213 Iudaeos
1807 5156 2084 5211 mendicus

2205 5162 2309 5212 μσς
2338 5142 2687 5212 ἀπάρχεσθαι
2727 5145 2837 5205 τοῖς
2886 5142 3028 5205 θεοῖς
3059 5142 3168 5195 τῶν
3194 5142 3426 5211 καρπῶν
3448 5156 3461 5168 ο
3516 5137 3600 5189 καὶ
3624 5137 3730 5191 τοὺς

516 5273 629 5311 non
679 5256 770 5319 sit,
813 5264 869 5310 et
913 5253 1068 5321 impii
1117 5252 1325 5307 ϐειΙίΙωί
1378 5266 1487 5305 non
1539 5265 1671 5303 suos
1720 5256 1954 5307 tantum,
1998 5244 2084 5298 sed

2212 5238 2558 5309 Ἑλληνικοὺς
2590 5238 2708 5301 ταῖς
2750 5236 3030 5298 τοιαύταις
3071 5236 3341 5298 εύποιίαις
3389 5225 3730 5303 προεθιζε,διο

514 5356 739 5402 nostros
770 5346 938 5402 etiam
971 5342 1226 5399 homines
1261 5340 1430 5405 alant,
1468 5341 1510 5394 si
1547 5353 1705 5407 opem
1740 5346 1795 5392 et
1829 5336 2082 5391 auxiliun

2202 5330 2418 5383 δάσκων
2447 5330 2664 5395 αὐτοὺς,
2693 5329 2768 5392 ὡς
2799 5327 2959 5382 τοῦτο
3001 5328 3168 5381 πάλαι
3195 5322 3261 5396 ἦν
3287 5326 3548 5396 ἡμέτερον
3572 5318 3729 5387 ἔργον·

519 5450 771 5498 nostrum
824 5439 1109 5510 requirere
1160 5435 1334 5490 nostri
1386 5432 1725 5487 viderentur.
1772 5429 1885 5502 49
1926 5428 2087 5483 Portc

2066 5440 2099 5481 0
2206 5423 2455 5493 ’Όμηρος
2486 5421 2617 5490 γοῦν
2638 5421 2771 5474 αύτδ
2800 5420 3103 5489 πεποίηκεν
3133 5419 3372 5487 Εὔμαιον
3404 5416 3629 5481 λέγοντα·

517 5536 725 5592 Graeca:
766 5507 1054 5606 religionis
1091 5528 1497 5593 observatores,
1532 5532 1592 5581 ut
1621 5527 1689 5577 ad
1725 5520 2094 5576 ministerium
2136 5515 2451 5588 huiusmodi
2495 5512 2704 5586 aliquid
2753 5512 2921 5568 etiam
2971 5513 3302 5569 conferant:
3366 5519 3420 5565 et
3454 5507 3594 5562 vicos
3650 5510 3735 5552 e0-

590 5693 668 5759 (I)
708 5693 1033 5759 Ἀδράστεια
1064 5688 1270 5757 εἷργοιτ
1302 5690 1586 5759 στομάτων
1617 5682 1812 5759 φθόνον
1839 5697 1853 5711 ο
1913 5689 1989 5744 ct,
2029 5680 2131 5736 σὺν

2168 5677 2213 5732 δ’
2246 5675 2546 5749 ἀδραστείᾳ
2572 5675 2769 5746 λέγων.
2804 5673 3051 5746 Euripid.
3083 5670 3329 5731 Adrastia
3359 5681 3525 5723 coerce
3550 5662 3733 5731 lingua-

520 5755 645 5829 rnin
672 5755 947 5818 invidiam.
989 5755 1342 5818 Gum‘int‘idia
1376 5756 1525 5812 verba
1560 5755 1777 5824 [ιιτίσηδ.
