3970 6190
462 274 567 336 ξ.θῖ

1663 295 2093 366 NICEPHORI
2134 304 2487 365 CALLISTI
2579 333 2588 340 -

3590 313 3684 376 506

461 394 542 446 eis
566 395 764 453 tabulis
794 400 1038 468 scipsum
1070 403 1292 475 depingi
1325 422 1521 478 magno
1550 409 1743 466 studio
1770 418 1986 472 curavit
2013 435 2025 473 :

2152 416 2271 470 »τῶν
2289 418 2455 471 αὐτοῦ
2481 416 2601 482 Διά,
2627 415 2703 481 ὦς
2734 414 2797 470 ἐκ
2825 432 2975 479 τινος
3010 416 3265 488 οὐρανίου
3310 423 3528 496 νεφιλης
3570 449 3683 501 πρ.)Δ

461 496 626 554 atque
676 488 906 559 insuper
955 509 1277 563 supremum
1310 498 1545 555 deorum
1578 518 1808 560 suorum
1843 509 2037 568 Jovem

459 576 666 649 aﬂingi,
700 582 873 637 veluti
909 599 939 638 e
965 588 1178 642 C(BiCall
1217 590 1365 644 nube
1400 580 1812 663 despectantem
1836 640 1852 662 ,
1879 617 2041 659 coro-

461 684 703 740 namque
732 682 788 727 et
814 691 1148 744 purpuream
1207 692 1414 737 vestem
1460 696 1623 756 atque
1676 689 1780 745 alia
1821 692 2040 765 imperii

463 760 701 831 insignia
728 764 1114 824 demitteuteni
1153 791 1163 824 :
1198 772 1528 833 Mercurium
1585 780 1778 838 itidem
1814 795 1871 840 et
1892 760 2043 842 ’δίει--

462 861 573 907 tem
596 894 611 918 ,
641 867 873 926 utraque
899 874 966 915 ex
1007 876 1163 930 parte
1194 884 1324 922 eum
1378 869 1582 929 blande
1634 876 1917 936 intuentes
1939 922 1954 947 ,
1988 891 2042 937 et

458 947 870 1016 quodammodo
914 957 1203 1013 oculorum
1259 974 1397 1019 nutu
1459 969 1865 1039 testificantes,
1927 976 2046 1030 elo-

460 1041 688 1105 quentia
719 1060 847 1098 eum
885 1051 1157 1105 excellere
1187 1092 1203 1115 ,
1241 1070 1344 1111 nec
1377 1058 1560 1115 minus
1592 1062 1662 1117 ab
1691 1071 1808 1120 arte
1840 1068 2045 1124 bellica

460 1128 694 1196 pollere.
751 1132 875 1188 "ch
923 1148 981 1192 et
1032 1141 1137 1195 alia
1187 1142 1337 1200 hisce
1374 1147 1577 1206 similia
1629 1153 1922 1226 plerosque
1974 1161 2043 1214 ad

458 1218 705 1275 Graecam
734 1224 1052 1295 religionem
1090 1230 1402 1299 iuvitantia,
1440 1218 1677 1307 publicis
1709 1218 2044 1313 imaginibus

461 1315 676 1384 aspergi
712 1319 1010 1375 mandavit.
1044 1323 1230 1396 Atque
1265 1327 1316 1383 id
1366 1330 1535 1398 fecit,
1573 1343 1633 1388 ut
1672 1352 1768 1405 per
1794 1339 2044 1393 occasio-

463 1421 585 1458 nem
615 1407 846 1464 honoris
880 1413 1023 1482 ejus,
1051 1432 1217 1485 quem
1261 1424 1509 1479 moribus
1542 1426 1859 1497 imperatori
1887 1432 2044 1485 exitio

465 1498 596 1552 here
623 1500 772 1556 soliti
808 1517 988 1572 erant,
1025 1513 1290 1580 paulatim
1327 1531 1425 1571 eos
1448 1534 1667 1589 quoque
1688 1522 1782 1591 qui
1811 1539 1917 1578 una
1944 1524 2043 1579 dc-

460 1589 596 1659 picti
618 1605 797 1661 erant,
817 1599 1052 1658 adorare
1083 1604 1334 1662 homines
1362 1589 1735 1678 addiscerent.
1752 1625 1811 1669 et
1829 1626 2041 1672 vetusta

462 1687 876 1744 consuetudine
910 1691 1124 1751 abusus
1159 1699 1395 1783 vafritie‘
1448 1713 1502 1758 et
1542 1705 1843 1763 calliditate
1890 1711 2045 1765 omni

2143 508 2443 570 κύπτοντα,
2476 508 2570 561 καὶ
2609 509 2826 577 στέφος,
2885 512 2980 564 καὶ
3034 511 3132 581 τὴν
3175 512 3439 585 ἁλουργὸν
3487 521 3689 591 ισοῆτα,

2143 601 2237 653 καὶ
2288 602 2389 653 ὅσα
2437 600 2540 667 τῆς
2596 600 2881 668 βασιλείας
2931 601 3199 671 σύμϐολα,
3248 608 3690 676 καταπέμποντο-

2142 690 2280 761 πρὸς
2298 692 2355 744 δὲ
2378 693 2471 744 καὶ
2520 692 2731 762 Ἑρμῆν
2757 710 2814 746 τε
2846 694 2944 747 καὶ
2993 696 3535 766 Ἀρεα.ἑκατέρωθεν
3575 709 3694 773 πρδς

2144 781 2306 835 αὑτὸν
2377 784 2623 847 ὁρῶντας
2704 782 2894 852 ἡδέως,
2941 786 3142 840 ὡσανεὶ
3218 788 3695 862 ἐπιμαρτυροῦντος

2142 875 2256 935 τοῖς
2280 876 2608 944 ὀφθαλμοῖς,
2635 874 2709 937 ὡς
2733 874 2822 945 ἄρ’
2858 878 3060 945 ἀγαθὸς
3085 880 3170 950 εἴη
3208 880 3339 949 περὶ
3386 882 3588 952 λόγους,
3615 891 3695 940 att".

2145 963 2243 1033 ούχ
2273 957 2436 1036 ἦττον
2486 965 2813 1035 πολεμικός.
2840 967 3030 1020 Ταῦτά
3070 985 3129 1022 τε
3184 972 3278 1023 καὶ
3331 970 3467 1026 ἀλλα
3514 977 3696 1042 τούτοις

2145 1057 2529 1126 προσεοικότα,
2603 1059 2701 1112 καὶ
2753 1058 2893 1130 πρὸς
2965 1061 3065 1132 τὴν
3137 1062 3378 1132 Ἕλληνα
3430 1065 3697 1138 θρησκείαν

2144 1147 2527 1221 ὲκκαλούμενα
2578 1151 2707 1215 τοὺς
2763 1151 3017 1217 πολλοὺς,
3083 1156 3532 1225 παραμίγνυσθαι
3594 1164 3697 1225 ταῖς

2144 1239 2435 1311 δημοσίαις
2485 1243 2660 1296 εἰκόσι
2717 1245 3081 1313 προσέταττε.
3141 1245 3328 1298 Ταῦτα
3355 1247 3399 1300 δ’
3429 1249 3607 1313 ἐποίει,
3636 1252 3698 1315 ὼς

2145 1334 2211 1388 ἄν
2240 1350 2303 1402 γε
2332 1336 2609 1406 προφάσει
2637 1338 2735 1406 τῆς
2767 1335 2828 1401 ἐξ
2866 1336 3025 1400 ἔθους
3063 1338 3117 1400 ἐς
3155 1336 3388 1407 βασιλέα
3416 1341 3589 1410 τιμῆς,
3621 1347 3699 1395 καὶ

2145 1427 2271 1488 τοὺς
2312 1429 2843 1496 συγγεγραμμένους
2894 1429 3082 1499 ἡρέμα
3111 1446 3232 1494 πως
3297 1431 3515 1485 ὲθίσωσι
3557 1450 3699 1502 προσ-

2147 1522 2350 1574 κυνεῖν.
2390 1520 2513 1583 Τοῖς
2568 1520 2613 1572 δ’
2665 1524 2729 1573 ὲκ
2779 1521 3014 1574 παλαιοῦ
3072 1521 3255 1576 ἔθεσιν
3314 1524 3694 1596 ἀποχρώμενος,

2148 1611 2401 1683 περινοίᾳ⁸
2432 1611 2584 1682 πάσῃ
2607 1612 2706 1680 τὴν
2729 1612 2841 1664 τῶν
2866 1611 3129 1681 ὑπηκόων
3180 1613 3408 1667 κλέπτει
3468 1616 3696 1685 προαίρε-

2149 1720 2257 1755 σιν.
2319 1703 2461 1772 Πρὸς
2517 1702 2724 1757 σκοποῦ
2767 1704 2877 1773 γὰρ
2938 1700 3082 1757 εἶναι
3139 1703 3292 1773 αὐτῷ
3343 1703 3496 1776 ᾤετο,
3536 1706 3621 1768 ὡς,
3657 1708 3696 1760 εί

463 1775 811 1836 subditorum
846 1797 1087 1844 mentem
1118 1800 1175 1847 et
1214 1775 1487 1864 judicium
1533 1797 1721 1854 furtim
1753 1802 2044 1859 subverte-

2152 1794 2319 1858 οὕτως
2354 1796 2579 1858 ἑκόντας
2614 1796 2880 1860 πείσειεν,
2920 1798 2979 1849 ὲν
3028 1797 3239 1866 ἑτοίμῳ
3269 1775 3414 1867 ἔχειν
3447 1801 3538 1852 καὶ
3586 1802 3698 1869 api;

465 1879 569 1923 ret.
598 1870 736 1927 Tum
761 1877 908 1932 enim
942 1878 1165 1937 demum
1207 1900 1273 1941 ex
1300 1889 1580 1945 sententia
1607 1893 1903 1949 consilium
1937 1896 2042 1951 sibi

466 1975 854 2026 processurum
896 1985 1020 2026 esse
1051 1976 1440 2045 exsistimavit,
1471 1984 1515 2035 si
1559 1986 1919 2051 persuasione
1947 1989 2048 2040 ltu-

461 2052 706 2150 jusmodi
739 2075 850 2128 quo
877 2064 1042 2121 vellet
1064 2067 1315 2127 homines
1342 2074 1588 2138 duceret.
1624 2087 1679 2132 et
1701 2078 1902 2135 deinde
1925 2096 2047 2150 quae

466 2143 679 2214 reliqua
709 2163 915 2216 essent,
941 2155 1104 2213 facile
1148 2163 1563 2233 aggrederetur.
1605 2166 1877 2238 Legititne
1908 2143 2042 2225 vero

464 2252 523 2290 se
556 2254 747 2295 rursus
776 2243 828 2298 in
870 2262 967 2305 eos
1009 2252 1528 2313 animadversurum
1574 2263 1830 2329 putavit,
1862 2266 1957 2334 qui
1990 2266 2043 2319 ei

466 2344 575 2384 non
603 2332 1068 2409 obsequerentur,
1099 2356 1155 2400 et
1187 2345 1244 2402 in
1274 2351 1559 2408 veteribus
1590 2353 1818 2411 Romani
1857 2332 2044 2428 pepuli

468 2424 716 2482 moribus
747 2445 951 2493 novare
984 2435 1284 2507 quidquam
1309 2441 1702 2503 instituerent:
1741 2424 2046 2519 praesertim

466 2530 592 2567 cum
615 2515 884 2576 adversus
914 2523 1135 2594 longam
1159 2530 1477 2601 reipublicae
1505 2515 1963 2597 consuetudinem
1991 2553 2047 2599 et

466 2607 758 2678 imperium
793 2612 970 2684 ipsum
1001 2618 1327 2695 delinquere
1363 2626 1711 2686 viderentur.
1768 2634 2043 2690 Astutiam

467 2704 632 2759 talem
661 2707 819 2775 pauci
852 2709 1214 2775 intellexere:
1256 2719 1352 2788 qui
1395 2723 1587 2785 etiam.
1618 2726 1769 2794 quod
1810 2729 2045 2787 adorare

464 2796 734 2867 imagines
762 2802 898 2859 tales
922 2807 1150 2875 nollent,
1185 2824 1374 2879 pceuas
1412 2813 1660 2873 luerunt.
1698 2818 1800 2889 51
1840 2822 2046 2891 Vulgus

464 2899 673 2957 autem,
711 2894 873 2952 sicuti
934 2900 1097 2966 solet,
1144 2903 1456 2972 ignorantia
1510 2911 1711 2979 supina
1758 2923 1814 2967 et
1862 2916 2048 2970 animo

465 2981 652 3039 minus
710 2986 974 3053 sollicito,
1025 3000 1287 3063 tanquam
1331 3000 1504 3054 veteri
1569 3001 1674 3072 legi
1739 3006 2044 3073 parendum

468 3086 654 3141 esset,
683 3076 757 3132 ita
796 3090 858 3135 ut
887 3095 1010 3137 sors
1037 3085 1184 3149 tulit,
1219 3094 1424 3145 temere
1457 3091 1525 3146 ad
1560 3091 1830 3165 imagines
1857 3112 2043 3151 acet-s-

468 3167 564 3222 sit.
596 3168 662 3223 Et
702 3170 793 3226 ille
839 3187 964 3227 cum
1000 3176 1128 3233 talia
1174 3182 1537 3253 excogitaret,
1591 3186 1731 3241 nihil
1784 3199 2047 3258 praeterea

467 3259 674 3316 eﬂ‘ecit.
696 3262 990 3321 Enimvero
1026 3273 1240 3326 tametsi
1267 3273 1418 3330 fraus
1447 3277 1568 3347 ejus
1603 3278 1678 3333 ita
1706 3280 2048 3349 deprehensa

468 3361 638 3417 esset,
670 3353 833 3409 aliam
870 3366 1053 3414 tamen
1086 3363 1318 3417 tentavit
1352 3364 1495 3419 viam
1517 3407 1532 3434 ,
1584 3370 1767 3424 omnia
1827 3374 2049 3439 excogi~

469 3450 595 3499 tans
623 3455 789 3517 atque
817 3450 1130 3520 experiens,
1157 3465 1218 3509 ut
1249 3457 1402 3512 cives
1427 3473 1557 3514 suos
1591 3458 1645 3513 in
1683 3463 2008 3530 superstitio
2031 3493 2048 3502 -

469 3549 594 3590 neut
639 3554 838 3595 vanam
882 3546 1252 3613 pertraheret.
1281 3550 1463 3621 Atque
1520 3552 1570 3606 id
1601 3555 1747 3623 quod
1787 3554 2048 3619 instituit,

2149 1887 2210 1941 τὸ
2239 1888 2426 1941 λεῖπον
2465 1890 2769 1959 ἐπιχειρεῖν
2812 1904 2828 1920 ·
2875 1888 3105 1952 δικαίως
3156 1891 3205 1943 δ’
3257 1885 3414 1953 αὖθις
3463 1890 3700 1954 κολάσειν,

2149 1981 2266 2048 εἴγε
2324 1981 2623 2043 ἀπειθοῖεν,
2680 1983 2775 2036 καὶ
2829 1985 3180 2054 νεωτερίζειν
3258 1984 3418 2053 δῆθεν
3470 1985 3590 2053 περὶ
3646 1986 3704 2036 τὶ

2160 2073 2453 2142 Ῥωμαίων
2493 2074 2701 2129 ἕλοιντο
2729 2075 2862 2143 ἔθη·
2894 2076 3071 2139 ἄλλως
3119 2093 3184 2130 τε
3238 2078 3335 2129 καὶ
3382 2078 3457 2139 είς
3520 2078 3703 2145 μακρὸν

2149 2165 2429 2231 πολιτείας
2466 2167 2589 2230 ἔθος
2641 2168 2737 2222 καὶ
2783 2168 3068 2238 βασιλείαν
3126 2169 3610 2239 ἐξαμαρτάνοντες.
3645 2171 3705 2221 Τὸ

2152 2259 2254 2328 μὲν
2286 2253 2380 2313 οὖν
2410 2259 2685 2329 ἑπινόημα
2747 2259 2923 2327 ὀλίγοι
2972 2260 3219 2330 συνῆκαν
3255 2274 3270 2288 ·
3329 2259 3380 2312 οἱ
3442 2262 3531 2313 καὶ
3573 2259 3715 2322 δίκας

2149 2352 2598 2427 εἰσεπράχθησαν
2629 2353 2704 2424 μὴ
2752 2356 3086 2422 προσκυνεῖν
3132 2352 3495 2418 ἐθελήσαντες
3520 2369 3533 2383 ·
3559 2354 3613 2403 τι
3656 2351 3705 2402 δέ

2149 2462 2211 2514 γε
2253 2441 2702 2514 πλῆθος,οἷαπερ
2743 2443 2911 2512 φιλεῖ,
2976 2448 3070 2496 καὶ
3132 2445 3336 2513 ἀγνοίᾳ.
3396 2448 3488 2497 καὶ
3535 2443 3706 2515 γνώμη

2148 2540 2251 2590 ἀπε
2263 2538 2491 2608 ριέργῳ,
2511 2537 2713 2591 ὡσανεὶ
2735 2538 2887 2608 νόμῳ
2914 2538 3216 2608 ἡγούμενοι
3242 2535 3457 2599 παλαιῷ
3482 2536 3703 2598 ἔπεσθαι,

2146 2632 2220 2694 ὼς
2248 2632 2404 2703 ἔτυχε
2423 2634 2541 2694 ταῖς
2575 2632 2749 2685 εἰκόσι
2779 2631 3117 2702 προσῄεσαν.
3155 2631 3271 2684 Καὶ
3305 2630 3383 2698 τῷ
3413 2629 3509 2699 μὲν
3540 2629 3705 2681 rotati-

2147 2742 2217 2777 τα
2244 2724 2614 2793 διανοουμένῳ
2667 2725 2762 2775 καὶ
2793 2724 3089 2793 πράττοντι
3116 2722 3274 2773 οὐδὲν
3304 2720 3464 2773 πλέον
3490 2720 3664 2788 ἠνύετο
3691 2735 3703 2746 ·

2149 2821 2353 2888 καίπερ
2395 2817 2440 2870 δ’
2490 2816 2633 2869 οὕτω
2678 2817 2775 2885 τῆς
2830 2814 3029 2884 τέχνης
3078 2813 3476 2882 ἐληλεγμένης,
3536 2814 3706 2879 ἑτέραν

2147 2911 2382 2976 ἐϐάδιζε,
2418 2910 2505 2963 διὰ
2559 2911 2776 2963 πάντων
2814 2908 3069 2973 ἐπινοῶν,
3094 2906 3169 2970 ὥς
3206 2907 3275 2962 ἀν
3330 2905 3501 2975 ἑαυτῷ
3538 2906 3706 2972 ἐπίσης

2151 2999 2484 3068 θρησκεύειν
2507 2999 2671 3070 πείσῃ
2707 2998 2833 3060 τοὺς
2864 2997 3231 3067 ἀρχομένους.
3272 2995 3344 3052 Ὃ
3394 2998 3450 3050 δὲ
3479 2995 3708 3061 διεπράτ-

2153 3108 2293 3155 τετο,
2331 3093 2485 3145 οὐδέν
2517 3109 2570 3145 τι
2602 3092 2695 3145 τοῦ
2771 3092 3036 3162 προτέρου
3099 3090 3369 3145 ἐλλείπει.
3418 3086 3707 3157 Περιφανῶς

2149 3183 2207 3236 δὲ
2228 3170 2339 3238 και
2381 3186 2692 3255 βιαιότερον
2755 3184 2950 3255 ἐκείνῳ
3006 3185 3363 3254 ἑπετολμήθη
3398 3201 3410 3212 ·
3467 3181 3494 3235 ὃ
3531 3181 3590 3249 δὴ
3633 3179 3709 3229 καὶ

2155 3278 2431 3347 ’πρόφασιν
2462 3279 2687 3348 ἀνδρίας
2711 3277 2813 3330 οὐκ
2863 3276 3056 3345 ὀλίγης
3115 3276 3346 3340 ἔνδειξις
3401 3269 3466 3344 ἦν
3508 3272 3607 3325 τῶν
3662 3271 3708 3319 ἐν

2154 3369 2454 3437 βασιλείοις
2490 3373 2961 3438 στρατευομένων.
2993 3362 3095 3420 Οἷα
3131 3368 3246 3438 γὰρ
3276 3370 3331 3418 εν
3363 3361 3706 3437 χωνευτηρίῳ.

2153 3461 2207 3514 οἵ
2262 3479 2321 3513 τε
2380 3462 2735 3531 νομιζόμενοι
2791 3461 2885 3515 καὶ
2946 3461 2995 3513 ol
3075 3463 3197 3522 ταῖς
3258 3459 3535 3530 ἀληθείαις
3581 3456 3709 3514 ὖντες

2157 3555 2500 3624 Χριστιανοὶ,
2552 3555 2848 3624 κατάδηλοι
2901 3555 3067 3607 πᾶσιν
3127 3554 3391 3622 ἐγίνοντο.

470 3629 641 3695 Priori
670 3634 798 3689 dolo
825 3652 935 3692 non
964 3639 1068 3695 fuit
1106 3641 1359 3700 inlerius.
1401 3644 1545 3712 Quin
1586 3648 1770 3717 potius
1845 3648 2220 3704 manifestiore
2279 3650 2331 3703 id
2366 3659 2422 3702 et
2455 3651 2662 3720 majore
2729 3649 2997 3704 violentia
3026 3658 3112 3704 est
3143 3664 3340 3703 ausus.
3396 3646 3709 3715 Quapropter

469 3723 640 3779 etiam
676 3729 1026 3786 occasionem
1061 3734 1287 3801 multis,
1319 3739 1411 3808 qui
1445 3739 1498 3792 iu
1562 3740 1686 3794 aula
1757 3741 2109 3809 imperatoria
2153 3741 2425 3810 stipendia
2482 3742 2778 3805 faciebant,
2838 3741 3096 3812 praebuit,
3158 3754 3220 3795 ut
3296 3733 3506 3794 animos
3547 3736 3708 3790 viriles

469 3817 817 3875 cxltiberent.
860 3820 1037 3878 Veluti
1074 3827 1220 3881 enim
1258 3827 1310 3882 in
1347 3828 1668 3886 conﬂatum:
1703 3833 2022 3889 fornacibus
2059 3835 2352 3904 explorati,
2414 3843 2471 3890 et
2520 3833 2612 3904 qui
2645 3835 2822 3890 habiti
2882 3845 3036 3902 sunt,
3065 3845 3122 3889 et
3152 3836 3249 3906 qui
3280 3838 3458 3905 reipsa
3491 3833 3705 3896 ruerunt,

473 3910 775 3969 Christiani
817 3916 997 3986 palam
1034 3934 1363 3988 apparuere.

549 4010 846 4082 Postquam
896 4015 1043 4069 enim
1099 4027 1317 4089 tempus
1356 4022 1600 4086 advenit,
1635 4030 1696 4078 ut
1754 4022 2055 4092 imperator

475 4103 693 4160 civibus
726 4110 1070 4179 congiarium
1105 4110 1284 4176 daret,
1308 4113 1385 4183 (id
1409 4114 1553 4184 quod
1578 4114 1887 4184 antiquitus
1905 4114 2050 4183 apud

472 4198 755 4254 llomanos
811 4201 1068 4257 Kalendis
1121 4204 1428 4273 praecipue,
1483 4207 1944 4277 imperatorisque
1997 4216 2053 4262 et

470 4290 843 4360 imperialiunt
910 4294 1133 4350 urbium
1172 4298 1343 4352 natali
1405 4299 1495 4354 die
1540 4300 1724 4355 facere
1762 4310 2050 4371 receptum

473 4382 625 4453 fuit),
684 4398 872 4451 secum
932 4386 1048 4454 ipse
1109 4388 1501 4452 considerans.
1570 4392 1771 4447 milites
1832 4404 2050 4449 nostros

2241 4023 2332 4084 Ὣς
2362 4024 2471 4092 γὰρ
2529 4022 2720 4090 καιρὸς
2774 4020 2969 4089 ἐνέστη
3022 4018 3252 4088 βασιλέα
3293 4017 3572 4088 δωρεῖσθαι
3613 4015 3708 4074 τοῖς

2159 4115 2422 4183 ὑπηκόοις
2472 4112 2756 4183 χρήματα,
2807 4112 2927 4174 ἔθος
2972 4111 3019 4164 δ’
3058 4106 3127 4182 ἦν
3180 4113 3248 4164 ἐκ
3308 4109 3530 4164 παλαιοῦ
3577 4106 3707 4160 τοῦτο

2168 4204 2479 4276 Ῥωμαίους
2526 4205 2815 4275 πράττειν,
2847 4202 2905 4256 ἐν
2933 4220 2994 4256 τε
3041 4204 3392 4273 ἱερομηνίαις
3437 4202 3529 4254 καὶ
3577 4198 3708 4269 βασι-

2154 4301 2291 4353 λέων
2319 4301 2413 4353 καὶ
2444 4297 2732 4368 βασιλίδων
2769 4298 2978 4351 πόλεων
3010 4297 3312 4364 γενεθλίοις
3361 4298 3465 4349 τῶν
3494 4293 3705 4364 ἡμερῶν,

2154 4393 2603 4461 διαλογισάμενος
2660 4392 2737 4453 ὼς
2802 4390 2865 4443 τὸ
2939 4390 3071 4460 παρ’
3126 4393 3263 4460 ἡμῖν
3326 4385 3703 4459 στρατιωτικὸν,

477 4478 652 4548 aperti
689 4479 946 4536 candoris
968 4492 1022 4538 et
1061 4498 1269 4554 magnae
1299 4484 1669 4555 simplicitatis
1708 4501 1853 4550 esse,
1887 4503 2048 4556 pecu-

2158 4481 2382 4554 εύηθείᾳ
2408 4483 2468 4534 τὸ
2494 4480 2748 4534 πλεῖστον
2790 4480 2882 4533 καὶ
2928 4480 3196 4550 ἁπλότητι
3258 4479 3441 4549 διαζῇ,
3504 4474 3707 4546 ἣττηται

468 4571 695 4641 'niacque
729 4573 1030 4644 cupiditate
1058 4577 1235 4630 teneri
1257 4618 1272 4642 ,
1316 4588 1371 4633 et
1402 4588 1669 4635 consueto
1693 4578 1951 4634 donativo
1972 4581 2056 4634 la-

480 4663 585 4719 cile
613 4665 734 4735 capi
760 4681 953 4735 posse,
991 4677 1110 4722 arte
1153 4668 1413 4737 quadam,
1454 4678 1513 4723 ut
1549 4668 1635 4725 vel
1671 4669 1829 4724 inviti
1856 4669 2057 4726 daemo-

484 4753 650 4809 uihus
677 4755 1076 4823 sacriﬁcarent,
1096 4757 1385 4813 consilium
1412 4757 1643 4813 invenit.
1661 4754 1802 4828 Lege
1820 4771 2056 4826 namque

482 4850 611 4904 olim
639 4862 860 4907 cautum
902 4863 1055 4921 erat,
1084 4861 1143 4909 ut
1188 4855 1255 4908 ad
1298 4868 1499 4908 munus
1530 4853 1853 4923 capiendum
1902 4868 2059 4909 acce-

483 4947 678 5000 dentes
710 4947 1110 5003 sacriﬁcarent.
1152 4949 1329 5018 Atque
1373 4948 1609 5018 idipsum
1642 4948 1718 5003 illi
1756 4947 1938 5002 facere
1966 4947 2055 5017 ju-

478 5037 772 5091 bebantur.
820 5039 1282 5111 Propositumque
1317 5041 1482 5095 simul
1519 5041 1584 5093 ad
1631 5040 1809 5110 ignem
1846 5048 1965 5094 erat
2004 5048 2059 5093 et

482 5133 613 5185 thus
645 5141 698 5183 ct
724 5146 944 5185 aurum.
985 5133 1058 5186 lbi
1095 5131 1294 5187 fortem
1341 5133 1584 5187 animum
1619 5134 1841 5203 quidam
1876 5132 2059 5188 declat-

482 5236 695 5284 rat'nut.
717 5225 862 5294 quod
900 5226 1122 5280 adolere
1150 5226 1307 5281 thura
1331 5227 1777 5292 nollent,donum
1812 5240 2059 5281 content—

479 5330 695 5374 nentes.
735 5318 995 5374 Nonnulli
1024 5326 1233 5374 natura:
1262 5319 1668 5390 improbitatem
1694 5321 1897 5375 veteris
1920 5321 2059 5391 legis

483 5418 714 5470 obtentu
755 5424 1135 5487 contegeutes,
1159 5415 1550 5486 neiutelligere
1577 5414 1799 5486 quidem
1835 5416 2058 5486 adquod

483 5508 687 5563 malum
720 5508 925 5580 delapsi
974 5517 1179 5573 essent,
1206 5518 1524 5578 potuerunt.
1552 5506 1659 5564 Alii
1691 5508 1906 5564 lucrosa
1942 5509 2062 5580 jac—

482 5608 697 5669 tura,et
717 5604 946 5657 fortasse
966 5599 1261 5658 formidine
1278 5601 1572 5656 multorum
1591 5602 1929 5656 tumultuum
1942 5601 2061 5656 ine-

483 5693 648 5756 scati,
671 5694 926 5760 quamvis
938 5708 1130 5749 errare
1151 5708 1210 5749 se
1226 5692 1617 5763 intelligerent,
1639 5704 1821 5748 tamen
1844 5692 2063 5762 quomi-

489 5799 598 5863 nus
619 5783 818 5843 animis
852 5786 1321 5857 excruciareutur,
1343 5785 1585 5858 eﬂugere
1610 5801 1719 5842 non
1739 5793 2059 5913 ptuucrunt.

2158 4593 2217 4628 τε
2280 4575 2586 4646 χρημάτων
2634 4575 2701 4643 τῇ
2746 4572 2871 4625 κατ’
2911 4571 3032 4634 ἔθος
3093 4571 3378 4642 πλεονεξίᾳ
3440 4568 3704 4633 ἁλώσιμον,

2157 4672 2324 4743 τέχνῃ
2350 4669 2502 4723 θύειν
2561 4670 2676 4731 τοῖς
2729 4667 2954 4735 δαίμοσι
3011 4667 3106 4721 καὶ
3157 4667 3391 4729 ἄκοντας
3439 4663 3702 4736 ᾠκονόμει.

2158 4764 2465 4834 Νενόμιστο
2489 4761 2598 4832 γὰρ
2625 4760 2787 4825 δῆθεν
2817 4761 2881 4814 ἐκ
2904 4758 3138 4814 παλαιοῦ
3168 4759 3292 4823 τοὺς
3347 4759 3439 4812 ἐπὶ
3486 4755 3576 4826 τὴν
3620 4753 3704 4805 δω-

2160 4856 2291 4926 ρεὰν
2313 4856 2610 4925 παριόντας
2638 4853 2792 4907 θύειν
2817 4869 2832 4885 ⁶
2865 4853 2957 4906 καὶ
2983 4851 3145 4907 τοῦτο
3162 4850 3530 4905 ἐνεκελεύοντο
3556 4845 3670 4914 δρᾷν
3687 4857 3699 4871 ⁸

2160 4946 2456 5018 προῦκειτο
2483 4949 2593 5020 γὰρ
2646 4948 2741 5001 καὶ⁵
2770 4948 2799 5000 δ
2827 4945 3045 5009 λίϐανος
3075 4946 3167 4998 καὶ
3209 4943 3430 5017 χρυσός.
3510 4933 3702 5034 divertii-

2159 5040 2229 5093 θα
2258 5039 2354 5109 τὴν
2394 5039 2618 5109 ἀνδρίαν
2662 5039 2712 5090 οἱ
2740 5037 2841 5108 μὲν
2866 5035 3203 5101 ἐνεδείξαντο
3236 5050 3252 5066 ·
3280 5034 3344 5086 τό
3390 5048 3449 5084 τε
3481 5030 3579 5097 γὰρ
3610 5025 3699 5077 δῶ-

2163 5150 2253 5204 ρον
2285 5132 2627 5197 ἀπεώσαντο,
2692 5131 2768 5202 μὴ
2821 5130 3022 5200 θυμιᾷν
3077 5128 3390 5200 ᾑρημένοι·
3435 5125 3483 5176 σί
3615 5116 3697 5218 τὴἶΙ

2163 5226 2469 5298 μοχθηρίαν
2495 5226 2595 5296 τῆς
2624 5225 2838 5295 φύσεως
2876 5223 2953 5294 τῷ
2986 5227 3334 5310 προσχήματι
3364 5218 3457 5271 τοῦ
3493 5214 3695 5310 παλαιοί)

2161 5321 2326 5391 νόμου
2361 5319 2766 5391 συγχώσαντες,
2827 5316 2947 5370 οὐδὲ
3007 5316 3245 5369 συνιέναι
3275 5309 3422 5383 εἶχον
3466 5303 3519 5363 οἵ
3550 5319 3695 5360 κακον

2159 5414 2422 5483 γένοιντο.
2458 5412 2757 5484 Ἕτεροιδὲ
2801 5413 2866 5483 τῇ
2925 5411 3200 5481 ἐπικερδεῖ
3244 5407 3439 5477 ζημίᾳ,
3489 5405 3605 5461 ἴσως
3645 5395 3696 5448 δὲ

2161 5508 2255 5561 καὶ
2272 5507 2380 5561 δέει
2398 5505 2506 5562 τῶν
2550 5498 2763 5561 πολλῶν
2814 5505 3060 5575 θορύϐων
3108 5500 3500 5563 δελεασθέντες,
3533 5495 3577 5546 εί
3613 5487 3697 5543 καὶ

2161 5599 2575 5672 ἁμαρτάνοντες
2607 5599 2984 5669 διεγίνωσκον,
3041 5598 3195 5668 ὅμως
3248 5595 3310 5690 οὐ
3353 5593 3592 5690 διέφυγον
3619 5582 3696 5690 ⁹τὸ

2163 5690 2239 5763 μὴ
2268 5693 2482 5745 παθεῖν.
2514 5691 2638 5745 Τῶν
2664 5708 2728 5761 γε
2759 5692 2868 5763 μὴν
2931 5692 3127 5764 ἀγνοίᾳ
3180 5687 3324 5751 τινὲς
3381 5688 3444 5754 τῇ
3486 5687 3693 5745 τοσαύτη

2161 5782 2667 5852 περιπεπτωκότων
2722 5784 2891 5855 κακίᾳ
2944 5783 3071 5839 τάδε
3126 5779 3329 5855 πρᾶξαι
3391 5776 3690 5846 ἱστόρηνται.
