3970 6190
451 312 557 374 ΜΤ

1678 309 2101 370 NltZEPIIURI
2141 308 2491 367 CALIJSI‘I

3579 312 3668 375 508

450 440 541 478 res
593 432 875 485 canerent,
909 426 1001 477 aut
1050 424 1103 476 in
1156 423 1276 477 aula
1318 421 1669 492 imperatoria
1732 433 2029 478 mererent.

2136 419 2421 487 συλλόγων
2450 418 2506 471 δὲ
2539 419 2632 471 καὶ
2656 415 2874 487 ἀγορῶν
2900 415 3093 482 ἐξώθει
3127 432 3139 445 ·
3177 414 3265 469 καὶ
3315 416 3405 469 τοῦ
3437 419 3673 489 δικάζειν,

450 517 829 570 Conrentihns
864 515 1185 570 solennibus
1218 524 1270 569 et
1301 515 1420 569 foro
1452 531 1549 570 eos
1570 516 1770 587 exegit.
1802 519 1845 569 A
1875 518 2030 588 judi-

452 608 614 661 candi
669 625 887 677 quoque
922 622 1182 668 munere,
1225 617 1280 662 et
1305 609 1717 677 magistratibus
1750 610 2032 679 dignitati-

455 702 668 771 busque
699 702 956 771 gerendis
1012 702 1268 757 removit.
1319 702 1380 756 Et
1416 704 1588 773 legem
1627 706 1786 758 talem
1822 706 2029 767 ferens,

456 794 591 847 illud
652 792 905 845 addidit:
975 792 1317 849 Christianas
1383 798 1699 852 sanctiones
1760 808 2029 860 statuere,

457 884 635 951 gladio
662 885 927 938 adversus
956 901 1052 939 eos
1087 888 1351 941 utendum
1400 904 1505 941 non
1555 906 1696 945 esse.
1742 893 1842 962 qui
1878 892 2031 959 capi-

459 974 585 1026 talia
641 975 871 1029 crimina
925 979 1354 1032 committerent.
1403 980 1758 1034 Occasionem
1809 999 2033 1053 quoque

455 1082 607 1119 suam
645 1083 766 1121 esse
805 1078 953 1122 ratus
981 1108 995 1128 ,
1048 1070 1248 1123 bellum
1285 1071 1429 1139 quod
1459 1086 1647 1127 contra
1688 1073 1904 1140 Persas,
1936 1077 2030 1146 qui

455 1156 737 1212 Orientem
773 1163 1167 1225 percurrebant
1192 1203 1206 1227 ,
1237 1164 1534 1229 gerendum
1563 1176 1699 1231 erat,
1735 1169 1879 1236 quod
1916 1174 2035 1224 sine

457 1248 692 1314 pecunia
737 1249 871 1303 nihil
905 1266 964 1305 se
1011 1264 1156 1306 recte
1196 1263 1477 1322 gesturum
1534 1257 1898 1324 existimaret,
1938 1264 2036 1316 do-

456 1339 594 1400 lum,
629 1351 685 1393 ut
717 1358 835 1394 eam
866 1362 893 1396 τι
926 1345 1253 1399 Christianis
1280 1350 1543 1418 exigeret,
1570 1361 2031 1411 estcommcntns.

457 1432 523 1486 Et
559 1436 869 1503 quicunque
897 1438 1004 1492 diis
1047 1440 1359 1494 sacrificare
1392 1444 1638 1511 nollent,
1674 1447 1753 1500 eis
1792 1454 2035 1517 pecunia:

458 1527 683 1579 innlhnn
705 1530 967 1595 grandeur
992 1531 1145 1584 dixit.
1172 1531 1355 1602 Itaque
1380 1550 1605 1589 cernere
1633 1547 1747 1591 tum
1769 1551 1889 1593 erat
1912 1557 2038 1610 per»

460 1633 621 1685 quam
661 1621 910 1673 acerbam
940 1621 1386 1684 Christianorum
1425 1628 1961 1689 condemnationem.
2006 1652 2035 1688 a

457 1711 659 1776 quibus
674 1728 733 1763 ea
752 1729 781 1765 e
809 1715 912 1766 iam
935 1731 1055 1783 quae
1077 1716 1302 1769 minime
1333 1718 1628 1783 habebant,
1650 1724 2034 1792 exigebantur,

458 1817 581 1856 cum
607 1806 825 1872 quidem
855 1807 944 1860 alii
977 1824 1166 1863 omnes
1190 1826 1288 1878 pro
1317 1812 1581 1867 bonorum
1614 1832 1839 1873 suorum
1864 1820 2036 1873 facul-

461 1897 668 1950 tatibus
717 1899 981 1953 tributum
1029 1902 1352 1969 penderent.
1396 1908 1472 1959 Ita
1529 1908 1828 1978 imperator
1851 1914 2034 1969 subito

459 2004 560 2057 per
630 1990 870 2058 iniquam
922 1995 1165 2061 pecuniae
1220 1998 1564 2053 exacuonem
1623 2004 1880 2073 copiosus
1949 2018 2035 2061 est

460 2087 660 2136 lactus.
682 2083 798 2149 Quo
825 2096 1066 2153 tempore
1089 2088 1252 2141 etiam
1273 2089 1442 2146 Graeci
1471 2091 1640 2148 libere
1662 2096 2033 2168 quodcunque

461 2176 569 2229 illis
603 2176 777 2229 vistnn
826 2188 990 2238 essel,
1031 2180 1331 2248 facientes,
1363 2184 1524 2239 nobis
1556 2186 1894 2243 insultarunt
1922 2206 1937 2244 :
1979 2200 2034 2245 et

462 2268 835 2338 nndequaqne
868 2272 1326 2340 philosophorum
1382 2277 1651 2335 colluvies
1698 2282 2029 2347 confluebat,

460 2360 757 2425 qnivetcra
818 2362 1104 2429 gentilium
1159 2380 1315 2419 sacra
1367 2380 1727 2434 renovarunt,
1780 2377 2032 2442 extisque

461 2451 823 2519 inspiciendis
876 2463 933 2507 et
989 2453 1357 2526 haruSpieinae
1416 2471 1728 2517 vaearunt:
1782 2464 1920 2519 adeo
1977 2476 2036 2521 ut

462 2558 663 2612 pueros
695 2546 967 2601 masculos
996 2561 1052 2602 et
1076 2548 1323 2606 femellas
1371 2551 1685 2620 impuberes
1738 2566 1901 2626 atque
1947 2560 2035 2614 in-

460 2648 776 2706 currupms,
802 2639 867 2692 ad
900 2656 1023 2693 aras
1048 2642 1276 2697 deorum
1302 2646 1609 2712 mactarint,
1642 2656 1697 2701 et
1723 2664 1916 2703 carnes
1943 2667 2039 2706 eo-

461 2745 582 2782 rum
619 2730 980 2799 degustarint.
1014 2732 1193 2801 Atque
1220 2736 1334 2789 haec
1358 2753 1481 2791 cum
1522 2740 1645 2793 aliis
1686 2742 1741 2794 in
1779 2745 2034 2811 urbibus,

464 2831 578 2872 tum
613 2822 844 2875 maxime
882 2823 1116 2877 Athenis
1146 2834 1199 2877 et
1237 2824 1577 2882 Alexandriae
1625 2829 1894 2887 fecerunt.
1932 2833 2032 2889 Ubi

460 2917 607 2985 quod
639 2920 972 2975 Athanasius
1007 2921 1300 2992 episcopus
1332 2922 1552 2993 ﬂagitiis
1596 2927 1762 2980 tantis
1786 2927 2033 2983 obstitiss-

454 3020 565 3070 set.
612 3013 795 3066 studio
841 3024 898 3066 et
931 3030 1098 3082 opera
1142 3030 1332 3068 eoium
1385 3018 1579 3072 exsilio
1632 3022 1896 3075 multatus
1925 3033 2027 3076 est.

459 3101 561 3166 Qui
612 3104 736 3155 navi
783 3119 880 3171 per
906 3105 1085 3158 Nilum
1119 3106 1172 3159 in
1207 3106 1497 3178 Egyptum
1552 3110 1819 3176 tendens,
1868 3129 2033 3168 cursu

461 3191 664 3245 deinde
699 3208 964 3249 converso
1022 3194 1077 3250 in
1127 3199 1376 3253 eamdem
1410 3200 1601 3253 urbem
1636 3201 1820 3265 rediit,
1872 3204 2034 3258 sicuti

462 3287 626 3354 p-ulo
663 3298 790 3342 ante
818 3289 1126 3366 retulimus.
1176 3290 1347 3347 Porro
1398 3294 1803 3363 provinciarum
1852 3306 2032 3352 recto-

460 3394 550 3431 res
580 3379 740 3432 talem
792 3380 1141 3450 imperatoris
1180 3385 1519 3454 religionem,
1561 3390 2035 3457 opportunitatem

460 3486 615 3522 suam
641 3486 761 3525 esse
793 3483 1082 3529 censentes
1107 3517 1121 3540 ,
1154 3478 1373 3546 gravius
1400 3479 1563 3533 etiam
1604 3497 1765 3549 quam
1794 3483 2032 3552 impera-

463 3562 1180 3632 torjubcbat,Christianos
1214 3568 1550 3637 aflligeliant,
1581 3572 1902 3640 ampliorem
1935 3589 2032 3643 pe-

459 3655 679 3709 cuniam
714 3667 1129 3727 extorquentes,
1161 3670 1216 3714 et
1255 3661 1437 3731 plagas
1466 3663 1630 3717 etiam
1661 3680 1780 3718 eam
1805 3666 1874 3721 ob
1903 3680 2033 3721 cau-

460 3761 575 3797 sam
609 3748 936 3815 corporibus
964 3751 1293 3816 ingerentes.
1317 3751 1473 3818 Quod
1511 3754 1812 3823 imperator
1844 3757 2033 3826 cogni-

460 3850 575 3891 tnm
612 3840 934 3907 parvifecit,
972 3849 1027 3896 et
1062 3842 1394 3900 Christianis
1449 3862 1574 3900 eum
1618 3849 2032 3914 accedentibus,
2070 3882 2073 3885 -

460 3931 874 4000 molestiamque
892 3942 1180 4003 propterea
1202 3935 1250 3989 ei
1272 3935 1691 4002 lacessentibus,
1709 3940 2030 4009 respondit:

466 4043 484 4071 ι
535 4023 643 4076 Lex
676 4025 834 4079 vobis
854 4040 883 4077 a
915 4025 1137 4082 Christo
1171 4028 1370 4083 tradita
1399 4040 1486 4085 est
1506 4068 1523 4094 ,
1551 4041 1610 4085 ut
1641 4032 1782 4086 male
1811 4034 2034 4088 tractati

460 4116 673 4169 fortiter
698 4133 968 4170 :erumnas
994 4117 1201 4182 feratis,
1221 4129 1276 4175 et
1298 4121 1495 4191 injuria
1512 4123 1691 4178 affecti
1720 4137 1788 4178 ne
1811 4139 2038 4195 reapon-

460 4207 612 4259 setis.
643 4225 660 4257 ι
686 4206 793 4278 54
825 4208 889 4261 Ει
920 4207 971 4261 id
1008 4226 1071 4263 ex
1093 4224 1157 4263 eo
1174 4212 1309 4265 satis
1340 4213 1534 4283 liquet,
1554 4216 1699 4283 quod
1732 4216 2036 4271 Amachius

459 4297 620 4357 fecit,
654 4310 713 4352 ut
753 4314 916 4366 supra
972 4302 1418 4359 memoravimus.
1446 4305 1649 4360 Verum
1688 4323 1794 4361 non
1841 4310 2037 4364 absur-

461 4387 592 4440 dum
627 4386 833 4452 fuerit,
872 4404 986 4443 rem
1041 4405 1185 4455 eam,
1242 4392 1389 4461 quod
1437 4392 1491 4447 in
1524 4397 1716 4463 primis
1769 4400 2032 4454 memoria

2129 512 2164 582 ἥ
2201 511 2413 579 ἄρχειν,
2472 511 2505 581 ἢ
2561 509 2894 578 ἀξιωμάτων
2935 508 3236 573 κοινωνέτν,
3292 508 3533 578 ἀπεῖργε.
3583 514 3679 567 Καὶ

2128 601 2301 654 ταῦτα
2356 600 2692 669 ἐνομοθέτει,
2754 598 3045 667 ἐπιλέγων,
3123 599 3200 669 μὴ
3269 600 3496 669 χρῆσθαι
3550 600 3678 670 ξίφει

2131 692 2275 745 κατά
2306 709 2489 756 τινων,
2520 693 2631 745 τῶν
2651 693 2777 758 ἄξια
2815 691 3202 761 εἰργασμένων
3261 690 3504 745 Θανάτου.
3556 695 3679 763 Πρόε

2133 801 2296 853 φασιν
2327 785 2383 837 δέ
2414 791 2508 837 καὶ
2538 786 2638 853 τὴν
2677 784 2813 853 πρὸς
2848 783 3062 854 Πέρσας
3100 781 3279 853 εὑρὼν
3325 784 3551 852 ἄμυναν,
3595 786 3679 855 τὴν

2136 875 2249 926 Ἐω
2278 877 2775 945 κατατρεχόντων*
2839 876 3203 944 λογισάμενος
3268 876 3345 939 ὡς
3412 881 3682 947 χρημάτων

2134 967 2262 1019 ἄνευ
2296 967 2449 1020 οὐδέν
2474 984 2526 1019 τι
2554 967 2953 1035 κατορθοῦσθαι
3005 967 3257 1033 δύναται,
3275 968 3463 1031 δολίως
3491 972 3681 1024 ἐπενόει

2136 1061 2289 1129 παρᾶ
2318 1061 2428 1111 τῶν
2462 1060 2811 1127 Χριστιανῶν
2844 1060 3137 1129 συλλέγειν
3182 1062 3252 1114 τὰ
3310 1066 3575 1132 χρήματα.
3608 1065 3684 1133 Τῷ

2136 1152 2245 1220 γὰρ
2278 1152 2351 1221 μὴ
2378 1152 2527 1203 θύειν
2561 1154 2846 1223 ᾑρημένῳ,
2874 1154 3112 1224 ζημιοῦν
3142 1157 3199 1218 ἐς
3229 1157 3490 1224 χρήματα
3529 1157 3681 1224 ἔλεγε.

2141 1244 2248 1295 Καὶ
2271 1239 2340 1313 ἦν
2375 1242 2505 1295 ίδεῖν
2538 1247 2747 1314 πικράν
2777 1262 2898 1299 τινα
2932 1247 3233 1315 καταδίκην
3262 1246 3399 1299 κατὰ
3452 1248 3685 1315 Χριστια-

2138 1334 2267 1396 νῶν,
2315 1338 2733 1406 ἀπαιτουμένων
2794 1338 2930 1407 ὅπερ
2978 1338 3183 1409 ἥκιστα
3249 1339 3397 1407 εἰχον
3431 1354 3444 1368 ·
3507 1340 3685 1406 καίπερ

2140 1426 2359 1478 παντων
2411 1428 2777 1499 εἰσφερόντων
2837 1430 3119 1498 ἀναλόγως
3191 1433 3257 1500 τῇ
3312 1431 3517 1498 κτήσει.
3595 1432 3688 1483 Καὶ

2140 1515 2401 1586 ἑ-ξπιπίνης
2454 1518 2483 1568 δ
2534 1518 2792 1587 βασιλεὺς
2847 1520 3111 1583 πλούσιος
3158 1515 3227 1590 ἦν
3269 1521 3334 1571 ἐκ
3398 1521 3490 1589 τῆς
3525 1519 3685 1574 ἀδίκου

2142 1602 2409 1675 συλλογῆς
2436 1606 2546 1657 τῶν
2577 1609 2899 1676 χρημάτων.
2969 1609 3243 1679 Ὀπηνίκα
3304 1607 3399 1658 καὶ
3457 1607 3687 1676 Ἕλληνες

2141 1694 2311 1757 ἀδεῶς
2370 1696 2528 1764 ἡμῶν
2580 1698 3034 1767 κατατρέχοντες,
3084 1699 3191 1751 πᾶν
3254 1699 3315 1751 τὸ
3376 1696 3526 1762 δόξαν
3575 1697 3686 1765 δρᾷν

2069 1767 2110 1824 Β
2141 1781 2308 1855 εἶχον.
2335 1788 2444 1839 Καὶ
2472 1791 2750 1857 πανταχοῦ
2795 1791 3028 1860 ξύρῤοιά
3072 1808 3157 1852 τις
3198 1790 3500 1857 φιλοσόφων
3553 1792 3687 1842 συνέ-

2137 1892 2297 1945 τρεχε
2331 1890 2346 1905 ⁶
2380 1878 2474 1930 καί
2512 1880 2609 1941 τὰς
2638 1880 2699 1944 ἐξ
2753 1882 2986 1950 ἀρχαίου
3056 1881 3399 1943 ἀνεκαίνιζον
3451 1884 3684 1942 τελετάς·

2138 1968 2231 2020 καὶ
2270 1967 2599 2039 σπλάγχνοις
2632 1972 2724 2024 καὶ
2773 1972 3219 2041 ὴπατοσκοπίαις
3277 1964 3552 2042 ἐσχόλαζον
3576 1985 3589 2000 ·
3625 1972 3687 2034 ὡς

2138 2061 2231 2111 καὶ
2301 2060 2495 2121 παῖδας
2551 2062 2784 2133 ἄρρενάς
2843 2081 2905 2116 τε
2970 2065 3063 2117 καὶ
3124 2064 3348 2133 θηλείας
3431 2064 3687 2116 καταθύειν

2137 2151 2428 2221 ἀφθόρους,
2456 2156 2685 2209 καὶτῶν
2740 2156 2958 2225 σαρκῶν
2992 2157 3386 2224 ἀπογεύεσθαι.
3426 2158 3526 2209 Καὶ
3558 2155 3687 2208 ταῦτ’

2138 2243 2411 2313 ἔπραττον
2436 2248 2531 2299 καὶ
2558 2247 2697 2300 κατά
2722 2253 2822 2310 τὰς
2862 2248 3026 2312 ἄλλας
3055 2248 3153 2318 μὲν
3207 2247 3414 2311 πόλεις,
3480 2250 3689 2317 μάλιστα

2138 2333 2185 2388 δ’
2210 2340 2269 2388 ἐν
2310 2336 2689 2411 Ἀλεξανδρείᾳ
2719 2357 2731 2370 ·
2789 2340 2918 2394 ἔνθα
2951 2341 3013 2410 δὴ
3064 2342 3158 2394 τοῦ
3217 2326 3512 2394 ἐπισκόπου
3564 2343 3694 2393 ἀντι-

2142 2430 2470 2498 πράττοντος
2514 2431 2837 2485 Ἀθανασίου
2894 2434 3228 2505 σκευωρίαις
3259 2435 3499 2496 ἐκείνων,
3530 2449 3689 2500 φυγας

2138 2522 2309 2592 πλοίῳ
2338 2524 2424 2576 δια
2457 2523 2549 2576 τοῦ
2622 2525 2814 2577 Νείλου
2882 2528 2961 2589 εἰς
3005 2526 3287 2595 Αιγυπτον
3334 2534 3688 2597 πορευόμενος,

2138 2614 2315 2667 λαθὼν
2338 2617 2434 2685 τὴν
2482 2617 2887 2685 Ἀλεξάνδρειαν
2945 2621 3190 2677 εἰσε.σιν,
3230 2619 3536 2687 ὡς,μικρὸν
3579 2618 3690 2671 6m-

2141 2711 2265 2757 σίεν
2286 2706 2625 2775 διελαόυμεν.
2654 2709 2715 2759 υἱ
2749 2706 2807 2759 δέ
2839 2724 2902 2775 γε
2931 2708 3041 2759 τῶν
3095 2707 3383 2777 ἐπαρχιῶν
3430 2710 3700 2776 ἄρχοντες,ο

2137 2797 2198 2848 τὸ
2232 2796 2563 2867 θρησκεύειν
2588 2798 2731 2853 οὕτω
2762 2800 2856 2852 τὸν
2905 2800 3133 2869 βασιλέα
3176 2802 3381 2853 οἰκεῖον
3419 2799 3689 2867 λογισάμε-

2140 2907 2219 2942 νοι
2255 2890 2463 2961 κέρδος,
2501 2894 2596 2945 καὶ
2623 2896 2809 2962 μεῖζον
2837 2893 2871 2964 ἢ
2907 2896 3125 2947 ἐκέλευε
3166 2894 3446 2965 βασιλεὺς,
3480 2897 3543 2946 τὰ
3574 2892 3691 2965 Χρι-

2141 2973 2373 3037 στιανῶν
2414 2985 2601 3049 κακῶς
2664 2987 2935 3056 ἔπραττον
2994 3005 3010 3022 ο
3066 2990 3333 3059 χρήματα
3392 2988 3485 3058 μέν
3530 2986 3691 3054 πολλῷ

2067 3098 2109 3151 C
2142 3078 2364 3131 πλείονα
2423 3081 2922 3150 είσπραττύμενοι,
2991 3084 3084 3133 καὶ
3140 3085 3365 3151 σώμασι
3421 3082 3465 3134 δ’
3509 3081 3695 3149 ἐπῆγον

2136 3171 2199 3223 οὑ
2234 3172 2462 3243 μετρίας
2513 3173 2601 3225 διὰ
2630 3173 2806 3227 ταῦτα
2840 3173 3075 3242 πληγάς.
3115 3176 3185 3227 Ἀ
3218 3176 3283 3245 δὴ
3316 3175 3408 3228 καὶ
3465 3174 3689 3244 βασιλεὺς

2138 3267 2446 3334 μανθάνων,
2480 3268 2536 3318 ἐν
2576 3266 2755 3318 οὐδενὶ
2802 3268 3048 3320 ἐποιεῖτο
3076 3283 3091 3299 ⁸
3129 3268 3424 3339 προσιοῦσι
3474 3270 3526 3321 δέ
3572 3268 3691 3338 Χρι-

2138 3361 2372 3419 στιανοῖς
2419 3361 2515 3412 καὶ
2534 3358 2600 3413 δι’
2627 3359 2783 3427 ὄχλου
2843 3360 2992 3430 αὑτῷ
3039 3363 3372 3430 γινομένοις,
3419 3362 3686 3427 ἀντέλεγε·

2142 3467 2161 3502 ι
2193 3450 2374 3519 Νόμος
2404 3450 2551 3503 ἔστιν
2587 3451 2715 3520 ὑμῖν
2748 3451 3038 3522 εἰρημένος
3101 3454 3352 3523 Χριστῷ,
3410 3454 3690 3523 πάσχοντας

2434 3547 2732 3616 ὑποφέρειν
2788 3547 3052 3615 γενναίως
3086 3590 3099 3613 ,
3169 3549 3271 3600 καὶ
3336 3548 3689 3614 ἀδικουμένους

2137 3638 2214 3705 μὴ
2242 3638 2564 3705 ἀντ.λέγέιν.
2606 3658 2625 3690 ι
2665 3639 2774 3690 Καὶ
2802 3638 2959 3691 τοῦτο
2992 3638 3155 3707 δῆλον
3216 3641 3272 3705 ἐξ
3331 3633 3405 3692 ὧν
3457 3640 3687 3707 Ἀμάχιος

2135 3729 2490 3799 διεπράξατο,
2524 3730 2600 3793 ὼς
2635 3730 2818 3801 μικρῷ
2873 3730 3107 3801 πρόσθεν
3140 3732 3467 3802 είρὴκαμεν.
3496 3733 3560 3784 Οὐ
3595 3729 3686 3799 μὴν

2134 3822 2341 3893 ἀπᾷδον
2371 3821 2437 3875 ἂν
2468 3822 2617 3893 δόξῃ,
2651 3824 2749 3875 καὶ
2788 3824 2948 3885 αὖθις
2991 3824 3325 3895 ἐπιδραμεῖν
3384 3824 3466 3875 διὰ
3511 3826 3567 3875 τὸ
3609 3824 3685 3873 ευρ

2139 3916 2511 3986 μνημόνευτον
2559 3918 2660 3985 τὴν
2720 3916 2994 3987 διήγησιν.
3056 3918 3154 3969 Ἐν
3222 3937 3329 3971 τινι
3386 3921 3489 3987 γὰρ
3541 3916 3686 3984 μικρᾷ

2138 4010 2293 4063 πόλει
2316 4012 2413 4079 τῆς
2451 4010 2721 4079 ἐπαρχίας
2772 4011 3011 4080 Φρυγίας
3061 4011 3342 4064 εἰδωλικόν
3396 4029 3442 4064 τι
3489 4011 3684 4076 τέμενος

2135 4099 2685 4172 ἐκκαθαίρεσθαιτδν
2729 4103 2794 4154 ἐκ
2841 4101 2937 4155 τοῦ
3000 4105 3198 4172 χρόνου
3252 4104 3440 4175 ῥύπον,
3501 4106 3584 4154 καὶ
3629 4116 3684 4149 τα

2135 4193 2429 4263 ἀγάλματα
2489 4192 2810 4263 ἐπιμελείας
2868 4194 2963 4260 τῆς
3038 4196 3421 4264 προσηκούσης
3464 4193 3684 4244 ἐκέλευεν

2135 4286 2341 4352 ἀξιοῦν.
2366 4285 2440 4337 Τὸ
2467 4285 2567 4354 μὲν
2602 4281 2695 4338 οὖν
2723 4286 2885 4355 ἔργον
2916 4286 3126 4353 ἐγίνετο
3156 4301 3173 4317 '
3205 4287 3362 4339 τοῦτο
3388 4287 3439 4338 δε
3495 4285 3574 4338 διὰ
3605 4283 3656 4331 λυ

2137 4395 2245 4446 πης
2280 4378 2515 4446 μάλιστα
2549 4372 2617 4447 ἦν
2646 4379 2758 4439 τοῖς
2799 4378 3172 4447 Χριστιανοῑς.
3208 4379 3320 4432 Καὶ
3344 4378 3406 4447 δή
3440 4392 3570 4434 τινες
3618 4371 3681 4439 μὴ

2137 3544 2322 3608 κακῶς
2356 3587 2370 3610 ,

459 4480 624 4550 digna
656 4483 747 4545 sit,
809 4483 999 4552 paucis
1052 4492 1322 4552 repetere.
1379 4484 1435 4538 In
1500 4502 1665 4555 parva
1734 4490 2033 4557 provinciae

2137 4472 2197 4522 τὸ
2229 4468 2406 4522 θλίόον
2440 4468 2650 4537 στέγειν
2679 4457 2970 4538 δυνάμενοι
3038 4470 3395 4539 (Μακεδόνιος
3447 4467 3537 4520 καὶ
3575 4465 3685 4516 Θεό-

458 4574 706 4645 Phrygize
737 4576 891 4638 urbe,
923 4576 1213 4631 delubrum
1264 4578 1539 4646 quoddam
1573 4578 1799 4636 deorum
1850 4597 1878 4635 a
1912 4582 2036 4636 diu-

460 4678 626 4722 turno
663 4668 772 4723 situ
799 4678 854 4724 et
899 4669 1158 4739 squalore
1189 4686 1510 4741 repurgare,
1546 4682 1601 4727 et
1627 4673 1919 4728 simulacra
1945 4676 2035 4730 di-

458 4761 645 4831 ligenti
671 4778 803 4817 cura
832 4765 1122 4817 restituere
1150 4764 1197 4819 is
1217 4765 1398 4835 jussit.
1420 4765 1614 4836 quue,
1637 4775 1697 4821 ut
1717 4768 2032 4823 mandatum

457 4853 658 4915 fuerat,
681 4853 908 4909 factum.
943 4856 1018 4909 Ea
1041 4871 1129 4909 res
1153 4857 1402 4912 dolorem
1440 4859 1736 4914 maximum
1760 4860 2000 4917 Christia
2017 4893 2032 4903 -

458 4947 547 5001 nis
592 4948 797 5002 attulit.
846 4948 1105 5004 Nonnulli
1140 4951 1326 5020 igitur,
1359 4950 1715 5017 Macedonius
1750 4954 2032 5020 videlicet,

457 5048 507 5093 et
538 5037 878 5105 Theodulus,
903 5051 960 5095 et
986 5040 1250 5097 Tatianus
1274 5084 1288 5107 ,
1318 5043 1465 5114 quod
1501 5045 1883 5125 indignitatem
1913 5063 2033 5103 eam

456 5133 606 5186 ferre
654 5146 763 5186 non
795 5143 1046 5201 possent,
1094 5134 1343 5204 flagranti
1383 5138 1740 5193 aetnulatione
1795 5139 2031 5205 incensi,

456 5232 738 5292 noctuque
770 5223 955 5277 fanum
986 5225 1217 5294 ingressi
1244 5266 1258 5289 ,
1285 5236 1494 5281 statuas
1525 5226 1867 5300 confregere.
1898 5230 2036 5285 Prat-

454 5316 634 5368 l'ectus
653 5330 720 5370 eo
745 5318 891 5369 facto
914 5316 980 5370 ad
1028 5316 1163 5370 iram
1195 5320 1523 5383 concitatus,
1560 5320 1764 5376 multos
1789 5321 1882 5390 qui
1914 5323 2035 5393 ejus

455 5408 535 5461 rei
577 5411 737 5477 culpa
768 5419 1056 5473 vacarent,
1087 5411 1209 5465 neci
1241 5410 1444 5467 dedere
1487 5412 1748 5468 instituit.
1792 5413 1861 5468 Et
1904 5428 2034 5468 ecce

456 5499 721 5555 facinoris
749 5503 952 5572 egregii
1004 5511 1314 5571 patratores
1336 5504 1547 5574 seipsos
1593 5503 1905 5561 deferentes
1934 5505 2002 5559 ad
2022 5534 2034 5545 -

452 5602 605 5657 sunt,
636 5595 919 5661 pulchrius
938 5611 1059 5651 esse
1098 5597 1366 5652 ducentes
1394 5638 1409 5662 ,
1447 5608 1507 5652 ut
1532 5597 1637 5668 ipsi
1664 5608 2033 5663 morerentur,

434 5694 631 5747 quam
679 5682 816 5737 alios
856 5699 952 5736 sua
1011 5701 1174 5739 causa
1238 5686 1388 5739 nullo
1436 5686 1655 5740 illorum
1707 5688 2036 5741 commerita

453 5770 755 5837 periclitari
782 5786 1091 5830 cernerent.
1121 5776 1419 5832 Praefectus
1454 5792 1652 5832 noxam
1684 5777 1810 5847 illis,
1857 5777 1900 5832 si
1951 5793 2036 5834 sa-

2136 4562 2317 4626 δουλος
2344 4557 2483 4634 ἦσαν
2518 4560 2687 4625 οὗτοι,
2712 4563 2803 4614 καὶ
2853 4562 3167 4628 Τατιανδς),
3200 4564 3348 4632 ζήλῳ
3384 4560 3681 4625 διαθερμαν-

2137 4656 2345 4719 θέντες,
2397 4653 2591 4716 νυκτὸς
2648 4653 2912 4716 εἰσιόντες
2955 4653 3015 4705 τὸ
3066 4654 3318 4722 τέμενος,
3373 4648 3678 4718 συντρίὸουσι

2134 4750 2203 4802 τὰ
2226 4749 2535 4818 ἀγάλματα.
2572 4747 2680 4800 Τοῦ
2723 4747 2780 4801 δὲ
2816 4749 3087 4817 ἡγεμόνος
3139 4749 3252 4801 tot:
3300 4744 3679 4814 πεπραγμένοις

2134 4840 2515 4917 ἀσχάλλοντος,
2569 4842 2664 4894 καὶ
2724 4838 2956 4902 πολλοὺς
3009 4841 3120 4892 τῶν
3168 4837 3424 4892 ἀναιτίων
3474 4836 3678 4888 κτείνειν

2138 4933 2561 4997 σπουδάζοντος,
2594 4930 3062 5000 καταγγέλλουσιν
3115 4932 3339 4992 ἑαυτοὺς
3372 4931 3419 4982 οἰ
3455 4928 3677 4981 αὐθένται

2135 5027 2230 5082 τοῦ
2282 5026 2448 5098 ἐργου
2490 5043 2506 5060 ο
2570 5024 2776 5096 μᾶλλόν
2811 5040 2872 5076 τε
2934 5024 3089 5078 αὐτοὶ
3154 5023 3407 5094 θνήσκειν
3455 5018 3674 5091 ᾑροῦντο,

2136 5122 2168 5189 ἦ
2203 5120 2396 5183 ἄλλους
2431 5120 2710 5183 ἀναιτίους
2733 5120 2866 5188 όρᾷν
2897 5119 3040 5189 ὑπὲρ
3069 5118 3248 5172 αὐτῶν
3275 5117 3673 5170 κινδυνεύοντας.

2146 5213 2206 5266 '0
2240 5214 2294 5267 δὲ
2324 5213 2510 5285 ἄρχων
2534 5212 2774 5266 διαλύειν
2795 5211 2855 5265 τὸ
2883 5212 3127 5282 ἀδίκημα
3160 5212 3221 5264 τὸ
3252 5207 3516 5280 αἱρεῖσθαι
3547 5202 3674 5257 θύειν

2140 5309 2386 5369 ἐκέλευε,
2425 5309 2502 5380 μὴ
2538 5309 2894 5379 βουλομένοις
2948 5308 2994 5360 δ’
3029 5310 3299 5377 ἀναιρεῖν,
3356 5301 3575 5373 ἠπείλει.
3620 5293 3671 5345 οε

2136 5404 2181 5456 δ’
2242 5403 2486 5471 εὐγενεῖς
2549 5404 2745 5456 ἐκεῖνοι
2811 5400 2906 5454 καὶ
2961 5402 3061 5470 τὴν
3125 5398 3302 5471 ψυχὴν
3358 5394 3672 5465 ἀδαμάντινοι

2140 5497 2299 5554 πάνθ’
2329 5497 2539 5566 ἕτοιμοι
2579 5496 2783 5567 μᾶλλον
2808 5490 2947 5567 ἦσαν
2981 5495 3234 5564 πάσχειν,
3264 5492 3296 5564 ἢ
3325 5493 3440 5555 ταῖς
3483 5483 3670 5541 θυσίαις

2144 5590 2491 5664 μολύνεσθαι.
2524 5589 2755 5652 Πολλαῖς
2792 5585 2887 5643 οὖν
2947 5589 3209 5659 πρότερον
3265 5586 3508 5656 βασάνοις
3564 5575 3667 5634 τοὺς

2141 5683 2329 5750 ἁγίους
2353 5682 2554 5753 ἄνδρας
2603 5682 2847 5743 ἐκείνους
2877 5680 3227 5742 κατασείσας,
3289 5678 3405 5729 ἐπεὶ
3454 5673 3521 5744 μὴ
3568 5666 3666 5720 πεί·

2139 5776 2253 5832 θειν
2295 5769 2430 5845 εἶχε,
2456 5772 2605 5838 τέλος
2640 5770 2726 5824 ἐπ’
2759 5770 3022 5842 ἐσχάραις
3056 5771 3250 5833 αὐτοὺς
3305 5768 3536 5836 seps-0;.
3590 5753 3665 5809 τίλῖ
