3970 6190
331 267 443 331 509

1281 278 1882 345 EFClESIASTICAE
1921 289 2306 357 IlISTORI/E
2343 298 2484 359 LIB.
2530 299 2603 357 X.

3493 306 3604 371 530

331 388 447 457 πῦρ
510 386 712 458 λάϐρον
785 392 1074 461 vna-idea;
1124 396 1331 460 αὐτοῖς,
1399 396 1544 451 οὕτω
1592 400 1899 472 διέφθειρεν

2035 410 2303 477 criﬁcent,
2342 416 2544 471 remitti
2576 415 2750 480 jubet.
2783 416 2958 486 Atque
2991 417 3041 471 id
3072 419 3177 473 illis
3208 420 3592 486 abnuentibus.

330 478 397 529 0i
437 479 493 530 δὲ
548 481 687 548 πρὸς
725 482 998 550 τοσαύτην
1046 484 1329 554 ὠμότητος
1378 488 1706 560 ὑπερϐολὴν,
1769 512 1921 562 cnvi-

328 570 510 624 καῦτα
536 571 638 641 τὴν
668 573 769 642 τῆς
793 575 1019 643 ἀνδρίας
1053 578 1404 642 ἐπεδείξαντο
1459 585 1751 652 κορωνίδα,
1814 586 1919 654 τὴν

325 662 580 730 ἀοίδιμον
616 666 834 736 ἐκείνην
885 668 1208 731 ἐπειπόντες
1239 672 1426 741 φωνήν
1472 688 1488 705 ⁸

325 939 522 1005 γεῦσιν
554 941 819 1008 ἡμίοπτοί
849 960 931 994 σοι
964 944 1225 1012 φανῶμεν
1264 947 1355 998 καὶ
1388 947 1578 1016 ἀηδίας
1638 949 1848 1016 μεστοί.
1891 968 1909 1001 ι

334 1029 482 1082 ἈΠ’
510 1031 657 1086 οὕτω
697 1034 796 1102 μὲν
826 1036 875 1087 oi
917 1039 1156 1103 γενναῖοι
1201 1038 1261 1090 τὸ
1290 1038 1383 1090 τοῦ
1432 1037 1738 1109 μαρτυρίου
1802 1040 1919 1110 διή-

320 1139 497 1176 νυσαν
552 1125 811 1185 στάδιον..

1544 692 1562 725 ι
1599 673 1659 726 Εἰ
1717 677 1919 744 ὀπτῶν,

325 748 374 807 ὧ
422 756 676 824 Ἀμὰχιε,
716 758 904 826 κρεῶν,
942 759 1234 829 ἐπιθυμεῖς
1292 763 1731 832 ἀπογεύσασθαι,
1782 768 1922 821 κάπὶ

325 848 426 909 τὰς
455 849 652 916 ἐτέρας
686 851 920 918 στρέψον
950 854 1099 921 ἡμᾶς
1136 854 1269 906 πλευ
1290 855 1413 923 ρὰς,
1449 856 1535 908 ἵνα
1566 857 1641 926 μὴ
1693 857 1758 910 τὰ
1784 859 1921 928 πρὸς

1966 551 1969 554 ,
2029 502 2207 557 minas
2247 505 2499 562 intentat.
2534 508 2601 561 At
2630 510 2873 575 prteclari
2898 511 2974 565 illi
3016 512 3377 568 adamantinis
3400 518 3595 573 animis

2030 593 2156 655 viri,
2187 598 2367 651 omnia
2405 584 2586 666 potius
2634 602 2864 670 perpeti,
2900 618 3062 670 quam
3109 614 3169 658 ut
3215 606 3503 661 sacriliciis
3533 624 3592 664 se

2028 688 2419 751 contaminent,
2463 701 2593 745 sunt
2623 694 2815 760 parati.
2847 694 2996 749 Ilicet
3047 696 3136 749 ille
3190 697 3339 751 viros
3373 710 3592 754 sanctos

2030 777 2218 831 multis
2272 780 2501 849 primum
2554 786 2896 838 excruciatos
2946 788 3256 849 tormentis.
3306 790 3397 843 ubi
3443 792 3588 857 quod

2024 869 2281 935 volebat,
2341 874 2420 927 eis
2476 891 2580 927 non
2639 879 2927 945 persuasit,
2974 889 3249 946 postremo
3308 881 3588 935 craticulis

2023 953 2277 1021 imponit,
2314 956 2490 1025 ignem
2530 963 2822 1030 plurimum
2857 967 3097 1035 sulijieit,
3135 979 3293 1036 atque
3329 969 3398 1020 ita
3442 969 3579 1021 inte-

2021 1044 2190 1099 rimit.
2248 1048 2418 1102 Porro
2472 1051 2543 1103 illi
2608 1055 2983 1109 crudelitatem
3047 1059 3287 1126 praefecti
3352 1068 3584 1124 tantam,

2016 1134 2359 1193 fortitudinis
2399 1152 2509 1196 tum
2569 1161 2680 1200 sure
2719 1150 3035 1201 coronidem
3090 1165 3210 1204 esse
3263 1151 3580 1214 ostendunt,

321 1221 589 1288 praeclara
628 1223 716 1276 illa
755 1223 900 1279 edita
934 1240 1066 1280 voce
1103 1244 1118 1280 :
1159 1246 1177 1278 ι
1229 1226 1283 1282 Si
1320 1242 1472 1282 assas
1504 1242 1695 1282 carnes
1733 1226 2023 1297 degustare
2085 1235 2264 1302 cupis.
2308 1238 2536 1293 Amachi
2564 1282 2578 1304 ,
2605 1242 2657 1295 in
2690 1243 2923 1297 alterum
2967 1245 3109 1299 latus
3140 1262 3238 1299 nos
3274 1226 3457 1310 verte,
3516 1262 3581 1299 ne

322 1313 630 1367 semicrudi
704 1324 759 1370 et
825 1317 893 1370 ad
932 1318 1206 1375 edendum
1253 1336 1443 1390 parum
1525 1321 1622 1374 tibi
1658 1334 1854 1375 suaves
1917 1322 2231 1379 reddamur.
2267 1346 2285 1378 ι
2350 1330 2427 1383 Ad
2475 1349 2599 1386 eum
2660 1335 2879 1389 modum
2944 1337 3195 1406 generosi
3244 1337 3332 1400 isti
3362 1339 3464 1391 viri
3526 1340 3580 1392 in

324 1409 579 1479 martyrii
613 1411 792 1467 stadio
827 1413 1217 1475 decurrerunt.

915 1562 1166 1618 ΚΕΦΑΛ.
1197 1563 1327 1616 KE'.

321 1652 459 1707 Ὀτι
490 1657 642 1722 πρὸς
673 1658 799 1721 τοῖς
822 1659 1033 1723 ἄλλοις
1057 1661 1090 1712 ὀ
1118 1654 1467 1719 ἀποστάτης
1501 1654 1600 1707 καὶ
1625 1655 1736 1724 τῆς
1769 1657 1905 1711 Ἐλ-

399 1728 661 1794 ληνικῆς
691 1729 964 1792 παιδείας
992 1729 1154 1797 νόμῳ
1188 1724 1434 1797 ἀπεῖργε
1460 1726 1859 1797 Χριστιανούς
1884 1744 1899 1759 ·

398 1797 501 1848 καὶ
534 1797 695 1863 ὅπως
734 1794 1119 1865 Γρητόριοςίό
1147 1794 1354 1864 μέγας,
1386 1796 1492 1865 καί,
1515 1799 1566 1848 el
1600 1796 1668 1850 ἐκ
1701 1798 1908 1863 Σύρων

412 1863 883 1935 Ἀπολλινάριοι,
929 1863 1043 1931 ’τὰς
1083 1863 1251 1935 θείας
1298 1863 1544 1933 Γραφὰς
1598 1869 1906 1931 παντοίοις

394 1936 634 2007 μέτροις
663 1934 1106 2004 adlidi-artae,
1127 1936 1208 2002 τῷ
1230 1934 1467 1989 ἐκείνου
1500 1935 1710 2002 σκοπῷ
1739 1937 1908 1990 ἀντε-

397 2006 685 2072 τάξαντα.

401 2126 548 2195 “po;
579 2124 635 2177 δέ
692 2124 755 2195 δὴ
788 2127 903 2187 τοῖς
930 2125 1114 2183 ἄλλοις
1150 2128 1245 2180 καὶ
1306 2129 1456 2198 νόμῳ
1506 2127 1725 2181 ἐκέλευε
1771 2127 1908 2195 Χρι-

323 2218 567 2272 στιανῶν
597 2218 791 2280 παῖδας
828 2218 903 2288 μὴ
953 2218 1289 2281 παιδεύσεως
1346 2219 1596 2289 μετέχειν
1663 2218 1907 2286 Ἐλληνι-

318 2310 430 2374 uti;
461 2325 477 2339 ·
516 2310 653 2378 μηδέ
675 2309 800 2373 τοὺς
832 2310 966 2376 παρ’
999 2309 1229 2372 ἐκείνοις
1259 2311 1491 2379 ποιητάς
1523 2311 1614 2363 καὶ
1664 2325 1905 2379 συγγρα·

322 2403 465 2471 φέας
499 2402 870 2465 διδάσκεσθαι,
899 2402 1020 2454 οὐδὲ
1049 2403 1160 2463 τοῖς
1198 2402 1328 2470 παρ’
1364 2402 1595 2464 ἐκείνοις
1653 2401 1904 2455 διδασκα-

320 2493 490 2554 λείοις
517 2494 711 2561 φοιτᾷν
736 2507 751 2522 °
790 2492 880 2545 ἵνα
914 2493 1011 2563 μὴ,
1039 2494 1206 2561 φησι,
1242 2491 1341 2556 τὰς
1389 2493 1640 2561 γλώσσας
1700 2493 1907 2546 ἀκονώ-

325 2601 502 2653 μενοι,
536 2586 595 2636 ἐν
632 2583 837 2654 ἑτοίμῳ
876 2580 986 2636 εἷεν
1010 2583 1145 2653 πρὸς
1179 2587 1305 2648 τοὺς
1343 2585 1474 2655 παρ’
1503 2587 1635 2656 ἡμῖν
1679 2588 1906 2640 ἀντικα-

322 2676 611 2731 Οίστασθαι
646 2677 1048 2741 διαλεκτικοὺς,
1074 2677 1171 2730 καὶ
1207 2677 1495 2748 σεμνύνειν
1532 2680 1631 2747 μὲν
1670 2678 1737 2732 τὰ
1778 2682 1905 2733 ἐαυ-

319 2768 455 2830 τῶν,
480 2769 773 2833 εὖέλεγκτα
796 2770 851 2822 δέ
888 2768 1177 2823 δεικνύωσι
1207 2770 1581 2839 ταήμέτερα.
1638 2770 1904 2824 Ἐλύπουν

321 2875 387 2927 γε
417 2858 525 2929 μὴν
558 2859 749 2913 τοῦτον
779 2862 839 2913 οὐ
876 2862 1074 2931 μέτρια
1128 2862 1431 2931 Γρηγόριος
1486 2862 1580 2914 καὶ
1624 2862 1902 2924 Βασίλειος

318 2954 370 3005 oi
405 2950 798 3018 Καππαδόκαι,
824 2953 1180 3024 παντοδαπὴν
1218 2953 1655 3022 ἐπιδεδειγμένοι
1679 2954 1898 3022 τέχνην,

318 3044 571 3106 καὶτοὺς
607 3045 728 3096 τότε
783 3044 1020 3113 ῥήτορας
1076 3044 1303 3115 μεγέθει
1359 3046 1573 3112 φύσεως
1626 3044 1898 3115 ὑπερὸἁλ·

317 3134 506 3197 λοντες
533 3150 546 3166 ο
576 3135 672 3187 καὶ
707 3134 910 3204 μᾶλλον
957 3137 1278 3208 Γρηγόριος,
1313 3136 1448 3206 πρὸς
1478 3139 1705 3189 παντοῖα
1736 3137 1898 3206 ποιή-

318 3241 461 3277 σεων
491 3226 604 3294 εἴδη
650 3228 1048 3295 μεταπλάττων
1066 3229 1191 3289 τοὺς
1227 3228 1438 3296 λόγους,
1468 3228 1503 3282 ἃ
1535 3225 1649 3296 ἔπη
1683 3228 1901 3299 ὠνόμα-

317 3332 380 3368 σε
414 3332 428 3347 ·
459 3318 554 3370 καὶ
608 3316 757 3371 ἄλλοι
816 3317 1058 3371 πλεῖστοι
1119 3319 1310 3391 ἄνδρες
1361 3318 1680 3386 ἐλλόγιμοι·
1738 3313 1812 3371 ῶν
1848 3320 1898 3372 oi

318 3409 427 3474 μὲν
451 3409 551 3477 τὴν
576 3411 632 3460 ἐν
660 3409 866 3479 Νικαίᾳ
896 3410 1081 3462 πίστιν
1133 3411 1386 3481 ἐζήλουν,
1418 3411 1468 3463 oi
1491 3411 1548 3463 δέ
1578 3410 1675 3480 τὴν
1724 3411 1901 3480 Ἀρεί-

313 3516 383 3552 ου
437 3501 802 3566 συνεκρότουν
835 3500 1032 3563 δόξαν·
1074 3500 1155 3553 ἔτι
1210 3501 1267 3553 δὲ
1322 3503 1417 3553 καὶ
1475 3501 1524 3552 οἱ
1591 3501 1654 3553 ἐκ
1714 3500 1901 3570 Σύρων

325 3592 758 3662 Ἀπολλινάριοι,
788 3591 922 3662 πρὸς
953 3593 1137 3644 πᾶσαν
1167 3591 1311 3644 ἰδέαν
1367 3591 1525 3659 λόγον
1601 3592 1696 3644 καὶ
1720 3598 1723 3601 “
1749 3586 1900 3646 οὗτοι

311 3684 878 3752 παρεσκευασμένον
955 3684 1005 3737 οἳ
1071 3684 1166 3737 καὶ
1215 3684 1591 3752 φανερώτεροι
1645 3683 1901 3737 ἐντεῦθεν

313 3766 539 3845 μᾶλλον
555 3775 927 3847 κατέστησαν.
959 3776 1148 3846 Πατὴρ
1176 3777 1233 3830 δὲ
1271 3772 1409 3848 ἦσαν
1442 3769 1588 3829 οὗτοι
1619 3780 1714 3831 καὶ
1741 3777 1856 3838 υίός
1882 3789 1897 3804 ·

309 3865 608 3936 ὁμώνυμοι
668 3866 764 3919 καὶ
829 3867 997 3936 ἄμφω
1077 3867 1216 3937 ἴδρις
1271 3867 1447 3933 λόγων
1508 3870 1823 3920 παντοίων·
1873 3868 1901 3920 ὁ

312 3959 423 4028 μὲν
486 3960 596 4027 γὰρ
654 3960 839 4029 πατὴρ
881 3960 1312 4029 γραμματικῶν,
1374 3960 1705 4028 σοφιστικῶν
1769 3959 1825 4012 δὲ
1871 3961 1899 4013 ὁ

311 4053 458 4113 υἱός.
504 4052 733 4121 Ἐπίσης
767 4052 823 4104 δὲ
853 4052 1138 4121 χρειώδεις
1173 4052 1404 4114 ἑαυτοὺς
1457 4054 1722 4120 παρεῖχον
1766 4051 1899 4119 Χρι-

312 4143 561 4201 στιανοῐς
583 4138 660 4207 τῷ
709 4138 907 4209 καιρῷ,
941 4140 1216 4206 ἐγκαίρως
1246 4141 1315 4208 τῇ
1344 4139 1658 4209 πολυμαθία
1687 4140 1778 4191 καὶ
1830 4141 1895 4209 τῇ

308 4233 482 4301 φύσει
518 4233 884 4301 χρησάμενοι.
935 4231 995 4283 '0
1057 4232 1157 4300 μὲν
1207 4232 1336 4301 γὰρ,
1392 4231 1485 4285 ἅτε
1525 4230 1589 4299 δὴ
1634 4248 1900 4299 γραμμα-

308 4325 478 4393 τικὴν
502 4327 583 4385 είς
616 4324 787 4394 ἄκρον
815 4324 1291 4393 ἀκριϐωσάμενος.
1313 4324 1433 4376 ἀντὶ
1472 4322 1568 4391 μὲν
1587 4324 1685 4393 τῆς
1727 4322 1900 4392 Ὀμήιι

314 4435 416 4489 pou
448 4420 727 4485 ποιήσεως
771 4417 989 4487 ἡρωῖκῷ
1028 4419 1212 4490 μέτρῳ
1259 4416 1358 4487 τὴν
1407 4416 1650 4479 Μωσέως
1713 4417 1895 4485 βίϐλον
1929 4443 1971 4498 ο

313 4511 417 4563 καὶ
452 4510 553 4578 τὴν
600 4508 873 4579 Ἐϐραίων
940 4508 1332 4579 ἀρχαιολογίαν
1386 4507 1731 4572 συνέταττεν,
1767 4509 1896 4578 ἄχρι

313 4602 385 4669 δὴ
440 4605 537 4655 καὶ
588 4602 689 4669 τῆς
746 4600 1026 4671 βασιλείας
1081 4599 1176 4652 τοῦ
1225 4599 1400 4652 Σαοὺλ
1448 4599 1747 4654 κατελθών.
1801 4601 1896 4663 Εἰς

313 4695 745 4763 εἰκοσιτέσσαρα
776 4693 833 4745 δὲ
883 4693 1150 4761 τμήματα
1196 4691 1293 4762 τὴν
1321 4690 1589 4758 τοσαύτην
1636 4709 1897 4761 πραγμα-

310 4788 470 4837 τείαν
505 4783 726 4846 διεῖλεν,
753 4784 970 4853 ἑκάστῳ
1019 4784 1269 4851 τμήματι
1330 4786 1444 4843 τοῖς
1492 4783 1620 4851 παρ’
1672 4781 1895 4850 Ἕλλησι

318 4877 611 4945 στοιχείοις
637 4875 735 4944 τὴν
764 4874 1140 4945 προσηγορίαν
1177 4873 1432 4944 θέμενος,
1465 4874 1606 4925 κατὰ
1663 4874 1896 4942 μίμησιν

316 4971 419 5038 τῆς
465 4968 710 5038 Ὀμήρου
765 4967 1039 5036 ποιήσεως
1072 4981 1087 4996 ’
1139 4966 1235 5018 καὶ
1291 4964 1598 5035 τραγῳδίαν
1631 4964 1891 5034 δραματι-

317 5060 423 5128 κὴν
471 5058 845 5127 ἐξειργάζετο,
903 5058 996 5109 τὸν
1036 5056 1334 5126 Εὐριπίδην
1390 5055 1747 5124 μιμούμενος,
1802 5055 1897 5108 καὶ

316 5154 417 5224 τὴν
451 5153 717 5218 Πινδάρου
742 5150 934 5219 λύραν.
966 5151 1075 5224 καὶ
1112 5150 1245 5218 πρὸς
1300 5148 1396 5212 τὰς
1453 5151 1741 5220 κωμῳδίας
1783 5152 1897 5204 Με-

315 5246 549 5311 νάνδρου
607 5245 943 5311 είκασμένας
1004 5220 1293 5302 ὑ⁶ποθέσεις
1361 5240 1570 5293 ἐτίθει·
1625 5242 1786 5294 παντί
1835 5258 1895 5294 τε

319 5335 505 5404 μέτρῳ
567 5334 853 5402 ρυθμικῶς
914 5333 1163 5403 ἐχρῆτο’
1229 5331 1418 5395 ἁπλῶς
1471 5348 1527 5383 τε
1585 5331 1773 5400 φάναι,
1832 5332 1896 5383 ἐκ

316 5427 427 5479 τῶν
465 5424 635 5477 θείων
671 5423 907 5492 Γραφῶν
937 5425 1032 5483 τὰς
1064 5422 1320 5491 ἀφορμὰς
1361 5421 1673 5490 λαμϐάνων,
1723 5420 1895 5491 ίσαρί-

314 5519 488 5587 θμους
517 5517 803 5575 ὑποθέσει,
835 5516 945 5570 τῶν
968 5515 1275 5582 ἐγκυκλίων
1328 5514 1682 5582 καλουμένων
1716 5513 1893 5583 μαθη-

319 5612 510 5681 μάτων
567 5610 804 5671 ἐπενόει,
874 5609 972 5672 τὰς
1038 5606 1425 5677 πραγματείας
1492 5607 1550 5658 ἐν
1623 5604 1894 5676 ἐλαχίστῳ

316 5705 682 5776 χρόνῳαύτας
712 5720 837 5756 συντ
867 5702 997 5770 θεὶς,
1034 5703 1089 5755 ἐν
1110 5719 1166 5755 τε
1220 5701 1339 5771 ἤθει
1405 5700 1497 5752 καὶ
1549 5700 1744 5769 φράσει
1801 5702 1895 5753 καὶ

2581 1565 2806 1624 CAPUT
2848 1568 3013 1624 XXV.

2018 1651 2082 1706 Ut
2112 1653 2622 1731 insuper'apostota,
2643 1660 2755 1727 lege
2784 1660 2917 1731 lata,
2944 1661 3256 1716 Christianis
3274 1662 3577 1718 Crazcarnm

2083 1730 2282 1776 artium
2322 1735 2369 1776 et
2400 1727 2785 1782 institutionum
2813 1730 2997 1784 litteris
3028 1734 3356 1785 interdixerit
3394 1752 3406 1786 :
3438 1743 3484 1786 et
3522 1742 3578 1786 ut

2082 1790 2362 1871 regorius
2389 1813 2630 1871 magnus,
2666 1806 2713 1849 et
2747 1802 2851 1852 duo
2874 1800 3205 1868 Apollinares
3236 1802 3377 1871 Syri,
3397 1820 3579 1857 sacras

2081 1861 2579 1942 Scripturaspntni
2635 1884 2824 1942 genere
2870 1861 3166 1942 carminum
3226 1861 3575 1942 eipolientes,

2080 1933 2299 1985 consilio
2326 1945 2374 1986 et
2410 1933 2653 1990 instituto
2684 1938 2797 2006 ejus
2846 1940 3151 1994 obstiterint.

2076 2109 2157 2164 Ad
2192 2109 2327 2177 haec,
2365 2127 2434 2167 ne
2481 2112 2926 2170 Christianorum
2967 2119 3123 2186 pueri
3156 2116 3362 2173 Graecis
3405 2119 3574 2174 disci-

2006 2203 2174 2271 plinis
2201 2205 2578 2270 erudirentur,
2599 2216 2692 2261 aut
2723 2219 2916 2277 poetas
2947 2210 3359 2279 scriptoresque
3380 2227 3573 2265 eorum

2005 2295 2288 2364 legerent,
2324 2300 2608 2353 scholasve
2652 2300 2899 2368 publicas
2955 2300 3395 2371 frequentarent,
3455 2305 3574 2372 lege

2004 2388 2150 2441 cavit
2182 2404 2197 2441 :
2226 2389 2306 2444 Ne
2340 2390 2544 2459 linguis
2574 2408 2788 2458 eorum,
2835 2391 3015 2461 inquit
3042 2434 3056 2453 ,
3090 2394 3344 2448 acumine
3374 2410 3572 2463 perpo-

2004 2481 2138 2547 litis,
2158 2481 2319 2537 facile
2351 2484 2789 2553 disputatoribus
2821 2487 3025 2539 nostris
3045 2487 3319 2551 resistere,
3339 2497 3394 2539 et
3415 2501 3568 2539 sacra

2004 2574 2228 2643 quidem
2285 2591 2382 2629 sua
2430 2577 2786 2645 amplificare,
2857 2578 3177 2647 religionem
3230 2588 3413 2631 autem
3469 2592 3571 2631 no-

2005 2670 2173 2714 strain
2232 2662 2486 2717 refellere
2544 2664 2702 2719 facile
2746 2676 2973 2734 queant.
3007 2665 3114 2735 55
3165 2667 3283 2720 Non
3339 2682 3568 2735 parvum

2004 2756 2152 2809 enim
2215 2757 2264 2809 ei
2323 2756 2567 2811 dolorem
2602 2766 2825 2815 movere
2874 2758 3175 2825 Gregorius
3218 2769 3274 2813 et
3335 2748 3570 2813 Basilius

2003 2844 2354 2915 Cappadoces
2381 2886 2396 2910 ,
2433 2850 2527 2918 qui
2578 2851 2926 2918 omnigenum
2983 2859 3157 2905 artem
3193 2865 3349 2904 suam
3401 2849 3568 2904 rebus

2006 2938 2195 2993 multis
2225 2938 2663 3006 declaraveram,
2696 2943 2818 3012 ejus
2868 2942 3132 3012 temporis
3162 2950 3408 2996 oratores
3435 2980 3450 3004 ,
3480 2941 3571 2993 in-

2004 3033 2149 3102 genii
2184 3036 2498 3104 praestantia
2528 3036 2688 3107 longe
2735 3046 3057 3107 superantes
3092 3053 3106 3089 :
3136 3036 3410 3107 praecipue
3430 3035 3569 3091 Gre-

2005 3122 2215 3192 gorius,
2246 3126 2340 3195 qui
2368 3127 2532 3181 verba
2554 3130 2717 3181 etiam
2746 3128 2912 3182 variis
2936 3136 3248 3197 poematum
3278 3126 3573 3198 generibus

2004 3215 2250 3278 inclusit,
2292 3232 2466 3287 eaque
2493 3234 2687 3274 versus
2716 3220 3052 3274 nominavit:
3077 3230 3133 3274 et
3162 3219 3250 3273 alii
3284 3217 3573 3287 quamplu-

2004 3307 2129 3361 rimi
2176 3309 2405 3377 spectati
2430 3310 2555 3374 viri,
2606 3325 2839 3378 quorum
2894 3309 3147 3364 nonnulli
3173 3309 3450 3364 Nicaenam
3487 3322 3577 3363 se-

2003 3402 2318 3473 quebantur
2348 3401 2531 3464 ﬁdem,
2571 3401 2792 3469 quidam
2827 3400 2943 3454 Arii
2974 3401 3289 3469 Opinionem
3321 3414 3574 3467 compro-

2001 3491 2231 3546 babant.
2277 3491 2399 3561 Syri
2430 3495 2594 3545 etiam
2623 3492 2970 3560 Apollinares
2990 3531 3004 3555 ,
3038 3490 3185 3545 omni
3216 3490 3431 3543 dicendi
3472 3505 3568 3560 ge-

2001 3599 2135 3638 nere
2160 3582 2330 3654 probe
2379 3582 2631 3638 instructi
2662 3624 2675 3645 ,
2722 3583 2965 3652 praeclari
3003 3583 3236 3635 maxime
3265 3597 3333 3637 eo
3384 3582 3570 3636 studio

2001 3690 2247 3740 evasere,
2284 3686 2442 3745 pater
2471 3687 2527 3728 et
2562 3676 2709 3730 [ilius
2758 3676 2861 3729 sibi
2896 3674 3277 3745 cognomines,
3316 3682 3375 3727 et
3410 3672 3572 3727 disci-

2001 3766 2274 3835 plinarum
2333 3767 2578 3821 omnium
2620 3767 2800 3836 periti.
2852 3766 2919 3821 Et
2955 3775 3109 3836 pater
3138 3765 3359 3836 quidem
3390 3780 3572 3835 gram-

2002 3860 2235 3911 maticus
2278 3858 2542 3929 insignis,
2596 3858 2741 3912 (ilius
2775 3866 2956 3911 autem
2999 3856 3145 3911 inter
3212 3856 3486 3926 sephistas
3516 3864 3573 3909 et

2000 3949 2252 4004 rhetores
2297 3950 2534 4005 celebris
2577 3952 2699 4005 fuit.
2735 3951 2977 4019 Uterque
3030 3964 3161 4004 sane
3195 3964 3265 4004 eo
3323 3958 3569 4016 tempore

2004 4042 2191 4096 utilem
2230 4042 2562 4097 Christianis
2593 4052 2653 4098 3e
2688 4044 2952 4112 praebuit,
2994 4050 3302 4111 opportune
3327 4051 3383 4095 et
3412 4055 3567 4094 com-

2001 4134 2165 4189 mode
2226 4134 2461 4204 ingeniis
2516 4136 2632 4189 suis
2696 4146 2752 4189 et
2811 4134 3094 4203 multijuga
3145 4133 3396 4187 doctrina
3459 4133 3568 4186 usi.

2000 4227 2402 4282 Grammaticus
2430 4228 2575 4283 enim
2604 4228 2739 4283 artis
2768 4243 2880 4282 suae
2914 4227 3303 4297 peritissimus,
3336 4242 3435 4293 pro
3461 4225 3571 4279 llo-

2001 4323 2137 4377 meri
2190 4332 2462 4393 poemate,
2516 4322 2759 4377 heroicis
2805 4322 3056 4376 versibus
3102 4321 3262 4375 Mosa-
3294 4320 3463 4374 lihros
3515 4328 3572 4373 et

2002 4427 2217 4472 veteres
2274 4414 2626 4470 Hebraeorum
2665 4430 2754 4469 res
2804 4428 2978 4483 usque
3024 4412 3090 4467 ad
3147 4412 3295 4466 Sauli
3344 4426 3568 4481 regnum

2001 4508 2315 4585 composuit
2350 4525 2368 4563 :
2400 4517 2564 4578 atque
2595 4508 2646 4562 id
2684 4523 2822 4573 opus
2880 4507 2934 4560 in
2989 4506 3180 4575 viginti
3219 4513 3275 4558 et
3327 4514 3568 4574 quatuor

2003 4604 2174 4657 libros
2208 4602 2418 4664 divisit,
2448 4601 2589 4655 libro
2638 4599 2887 4669 quolibet
2923 4597 3239 4652 Graecorum
3267 4596 3572 4649 elemento-

2002 4710 2124 4747 rum
2161 4690 2548 4763 appellatione,
2580 4691 2733 4758 juxta
2766 4688 2982 4740 illorum
3011 4684 3259 4738 ordinem
3287 4695 3342 4736 et
3371 4695 3567 4734 nume-

1999 4800 2143 4848 rum,
2173 4784 2241 4837 ad
2290 4780 2589 4836 Homerica:
2632 4778 2811 4847 poesis
2861 4773 3223 4830 imitationem
3282 4771 3565 4838 inscripto.

2001 4875 2187 4928 Edidit
2240 4887 2492 4942 quoque,
2573 4868 2889 4937 Euripidem
2946 4865 3275 4927 tumulatus,
3333 4863 3566 4931 tragicos

1999 4974 2174 5019 actus.
2211 4962 2430 5018 Pindari
2461 4961 2625 5016 etiam
2655 4961 2823 5031 lyram
2857 4959 3059 5030 attigit,
3090 4967 3144 5011 et
3170 4956 3379 5011 comica
3401 4970 3564 5023 argu-

2002 5066 2184 5112 menta
2230 5054 2299 5109 ad
2358 5052 2636 5109 Menandri
2685 5052 2995 5121 exemplum
3048 5049 3340 5112 tractavit,
3381 5048 3571 5100 unius-

2000 5152 2267 5217 cujusque
2308 5146 2568 5201 carminis
2626 5146 2838 5216 legibus
2862 5145 2964 5198 rite
2996 5144 3227 5197 servatis
3261 5150 3485 5208 :atque,
3512 5146 3571 5191 ut

2000 5241 2170 5295 semel
2203 5240 2406 5306 dicam,
2451 5248 2669 5309 sumpta
2709 5253 2776 5291 ex
2818 5237 3019 5290 divinis
3071 5235 3270 5291 litteris
3315 5231 3563 5295 materia,

1998 5333 2343 5401 argumentis
2367 5331 2449 5385 eis
2482 5328 2802 5392 tractandis,
2837 5328 3104 5395 librisque
3150 5320 3565 5392 componendis.

1999 5439 2292 5477 numerum
2340 5420 2706 5492 Cyclicarum,
2749 5436 2872 5488 qua:
2924 5428 3210 5481 vocantur,
3244 5424 3301 5468 et
3334 5413 3479 5467 inter
3510 5427 3568 5466 sc

2000 5515 2052 5570 in
2084 5515 2275 5569 orbem
2304 5515 2603 5577 cohaerent,
2634 5512 3043 5582 disciplinarum
3080 5506 3317 5578 aequavit
3350 5523 3365 5561 :
3402 5505 3570 5575 idque

1996 5608 2153 5664 brevi
2191 5607 2486 5662 admodum
2518 5616 2763 5674 tempore
2797 5612 2880 5658 est
2918 5613 3227 5656 assecutus.
3267 5599 3345 5653 lta
3376 5608 3435 5651 ut
3466 5597 3565 5661 illi,

1999 5701 2211 5767 habitu,
2240 5699 2566 5765 elocutione,
2600 5707 2652 5752 ct
2695 5695 3054 5766 dispositione
3094 5693 3229 5749 nihil
3262 5691 3328 5747 ab
3355 5691 3436 5747 eis
3459 5690 3570 5746 dif.
