3970 6190
321 228 451 296 ενδ
1570 189 1929 282 metarum

2033 223 2382 284 CALLlSTI
3503 216 3616 279 515

280 322 514 414 Ἶιιιίιις
552 346 944 401 obscuraturas
1001 339 1097 408 (l),
1131 346 1187 392 et
1227 336 1646 392 criminationis
1695 353 1916 393 emsam

2033 338 2127 389 καὶ
2169 338 2232 389 τὸ
2283 337 2573 391 κάλλιστον
2625 338 3023 406 ἐκλεγομένους
3053 337 3117 389 ἐκ
3145 335 3344 397 παντὸς
3382 335 3619 406 τρόπον.

318 434 609 489 adversus
629 448 755 488 eum
775 432 1039 486 allaturas
1060 443 1074 479 :
1097 442 1236 495 quas
1261 427 1428 480 etiam
1454 426 1736 490 Socrates,
1771 429 1917 480 inter

324 519 561 579 Graecos
596 520 955 593 philosophos
1011 516 1344 586 pracipuam
1394 515 1613 569 laudent
1645 532 1917 571 consecu-

329 620 608 677 tus,eum
662 611 821 665 nihili
875 610 1100 669 laceret,
1158 607 1324 659 veluti
1386 604 1704 661 adulterare
1761 620 1917 660 sacra

332 703 685 767 Cra-corum,
715 710 770 757 et
832 714 1004 753 novos
1033 698 1170 753 deos
1198 697 1402 752 inlerre
1452 697 1749 767 inciperet,
1780 713 1919 752 con-

339 797 642 851 demnatus
674 804 778 850 est.
817 792 1004 847 Tertia
1043 792 1185 846 ratio
1218 801 1407 845 nostra
1460 791 1573 844 hac
1599 799 1707 846 est.
1752 790 1922 859 Spec-

340 885 902 942 tatusnummularios
924 900 1025 938 nos
1044 900 1163 937 esse
1183 883 1426 937 divinum
1446 882 1729 936 oraculum
1746 882 1926 952 jubet,

339 992 397 1036 ct
421 991 480 1035 ut
504 979 933 1049 pulcherrimum
967 975 1225 1045 quodque
1267 989 1333 1026 ex
1363 973 1532 1028 rebus
1552 976 1812 1028 omnibus
1842 975 1929 1041 di-

340 1074 607 1143 ligentes,
628 1070 775 1139 quod
807 1070 1007 1122 malum
1039 1077 1124 1122 est
1152 1067 1516 1137 abjiciamus;
1539 1067 1684 1135 quod
1720 1067 1925 1129 bonum

343 1175 533 1218 autem
565 1162 966 1231 disquiramus,
1004 1166 1170 1229 atque
1203 1158 1490 1238 inventum
1540 1159 1921 1223 retineamus;

344 1252 544 1307 attenti
574 1266 793 1320 quoque
828 1248 1101 1319 praecipue
1132 1257 1190 1301 ut
1223 1247 1418 1308 simus,
1454 1261 1521 1300 ne
1538 1245 1662 1314 quis
1682 1247 1922 1315 prmdam

2022 427 2371 497 διαρρίπτειν
2408 430 2469 481 τὸ
2500 433 2682 499 χεῖρον
2708 446 2722 459 ·
2753 431 2815 482 τὸ
2861 429 2909 481 δ’
2941 427 3143 496 ἀγαθὸν
3174 427 3477 497 αἱρεῖσθαι,
3524 430 3623 476 καὶ

2024 520 2287 587 εὑρόντας
2337 518 2588 590 κατέχειν
2613 537 2629 553 ο
2664 522 2722 575 ὲν
2747 523 2995 590 προσοχῇ
3022 519 3068 572 δ’
3102 517 3263 581 εἶναι,
3301 521 3375 587 μή
3405 536 3492 580 τις
3524 535 3626 570 συ·-

2023 611 2295 677 λαγωγεῖν
2336 614 2547 683 αἱροίτο
2577 617 2711 684 κενῇ
2759 615 2887 685 δόξῃ
2926 613 3020 666 καὶ
3068 611 3260 681 ἀπάτῃ
3288 613 3394 662 τῶν
3438 617 3498 662 ἐν
3533 629 3627 678 φι-

2025 703 2253 773 λοσοφία
2281 705 2596 773 δογμὰτων.
2634 706 2808 758 Τοῦτο
2829 707 2887 758 δὲ
2923 706 3042 768 πῶς
3077 706 3141 759 ἂν
3172 704 3393 774 ἔχοιμεν
3423 703 3626 756 διειδέ-

2031 814 2143 860 ναι,
2182 799 2230 848 εἰ
2266 796 2343 866 μὴ
2377 798 2445 849 τὰ
2475 798 2704 851 ἐκείνων
2729 798 3061 868 ὑπέλθοιμεν
3088 797 3267 861 ὅπλα;
3305 797 3397 865 Μὴ
3432 799 3626 866 μέντοι

2031 885 2088 938 δὲ
2131 888 2228 939 καὶ
2261 888 2329 941 τὰ
2368 888 2599 942 ἐκείνων
2654 893 2898 960 φρονεῖν,
2934 889 3052 942 ἀλλ’
3081 889 3158 952 ὠς
3187 889 3379 951 ὅπλοις
3407 890 3475 941 ἐκ
3521 907 3625 940 πε-

2033 978 2278 1048 ριουσίας
2320 980 2545 1044 οἰκείοις
2584 982 2708 1035 κατ’
2738 982 2923 1034 αὐτῶν
2956 982 3222 1052 χρῆσθαι.
3274 981 3385 1034 Καὶ
3417 982 3483 1033 τὸ
3518 982 3623 1049 μὲν

2028 1071 2200 1123 κακὸν
2234 1071 2641 1141 ὲκτρεπιὲιμεθα
2665 1089 2682 1104 ο
2715 1073 2953 1143 τάληθὲς
2980 1074 3038 1126 δὲ
3081 1073 3175 1126 καὶ
3206 1073 3427 1142 καίριον
3461 1072 3627 1125 ἐκλε-

2029 1163 2255 1229 γόμενοι
2287 1164 2386 1215 σὺν
2409 1163 2617 1234 δοκιμῇ
2642 1166 3187 1236 προσλαμϐἁνωμεν.
3217 1165 3392 1217 Ὅπου
3419 1164 3533 1235 γὰρ
3559 1165 3628 1216 ἂν

2030 1252 2117 1323 εἴη
2146 1256 2410 1323 τάγαθὸν,
2436 1258 2539 1326 τῆς
2564 1258 2825 1328 ἀληθείας
2862 1260 3031 1313 ἐστίν.

347 1362 378 1400 e
410 1346 570 1399 nobis
602 1354 721 1413 agat
763 1359 859 1412 per
905 1342 1124 1395 inanem
1156 1353 1213 1395 et
1267 1358 1462 1395 vanam
1526 1342 2037 1412 philosophicorum
2106 1345 2427 1415 dogmatum
2497 1351 2901 1405 seductiouem.
2963 1351 3018 1405 ld
3070 1360 3253 1405 autem
3330 1353 3624 1422 (ιιιοιιιοιῗυ

348 1438 667 1507 perspicere
755 1434 1049 1503 possimus,
1112 1433 1216 1487 nisi
1287 1434 1341 1486 iu
1388 1434 1608 1487 illorum
1667 1434 1967 1488 subeamus
2002 1440 2200 1490 arma?
2253 1454 2364 1493 non
2418 1440 2704 1510 equidem,
2754 1452 2813 1496 ut
2875 1442 2958 1496 eis
3024 1444 3362 1513 usurpandis
3422 1445 3625 1498 eadem

346 1549 471 1602 qua:
509 1532 585 1585 illi
613 1530 918 1583 sentiamus
945 1544 959 1591 ;
986 1527 1082 1581 sed
1133 1543 1200 1580 ex
1231 1529 1555 1591 abundanti,
1594 1531 1709 1583 suis
1735 1540 1927 1583 contra
1967 1546 2065 1585 eos
2130 1536 2317 1601 potius
2384 1545 2610 1589 utamur
2642 1537 2787 1591 telis.
2824 1537 2889 1591 Et
2914 1539 3115 1592 malum
3139 1540 3360 1609 quidem
3395 1556 3629 1593 averse-

350 1644 494 1689 mur.
530 1626 675 1696 quod
706 1640 894 1678 verum
947 1632 1131 1676 autem
1162 1629 1218 1673 et
1247 1631 1622 1691 Opportunum
1688 1632 1814 1687 est,
1877 1622 2123 1691 legentes
2176 1638 2340 1682 caute
2404 1629 2761 1699 recipiamus.
2806 1631 3131 1701 Ubicunque
3178 1633 3328 1689 enim
3407 1633 3628 1704 aliquid

350 1722 481 1779 boni
509 1730 617 1784 est,
653 1719 826 1788 ipsius
853 1716 1100 1769 veritatis
1128 1714 1181 1769 id
1212 1724 1318 1767 σει.

425 1837 582 1904 Quod
618 1838 663 1890 si
709 1836 834 1904 quis
881 1833 1225 1888 aceuratiore
1264 1833 1624 1902 persuasione
1677 1850 1776 1888 nos
1810 1834 1925 1888 haec

2101 1835 2162 1886 Εἰ
2219 1835 2278 1887 δέ
2310 1853 2395 1896 τις
2445 1839 2597 1905 ἡμᾶς
2662 1837 2987 1910 πιθανότητι
3050 1842 3377 1909 χρωμένους
3443 1845 3625 1898 οῐεται

350 1941 718 1997 cmitorquere
757 1927 918 1995 atque
946 1927 1199 1980 allectate
1224 1925 1411 1979 dicere
1435 1926 1756 1993 arbitretur,
1786 1926 1921 1981 illud

354 2020 488 2073 mihi
523 2017 841 2071 consideret
868 2016 1030 2069 velim
1052 2053 1068 2078 ,
1112 2014 1287 2083 ipsum
1319 2013 1725 2068 divinissimum
1787 2015 1927 2069 Pau-

353 2112 468 2166 lum
501 2125 611 2163 non
648 2108 825 2162 solum
858 2106 1064 2161 Graecis
1090 2105 1356 2160 doctrinis
1395 2106 1552 2160 nobis
1590 2121 1701 2160 non
1752 2106 1927 2160 inter-

353 2203 584 2266 dixisse,
610 2200 704 2254 sed
735 2204 901 2254 etiam
943 2198 1143 2252 alicubi
1174 2197 1230 2251 in
1270 2197 1536 2266 Epistolis
1578 2198 1717 2263 suis,
1744 2199 1925 2252 verbis

352 2309 542 2347 earum
574 2307 730 2345 usum
766 2305 909 2355 esse,
944 2298 1005 2343 ut
1032 2290 1127 2358 qui
1162 2304 1255 2342 eas
1282 2304 1502 2359 quoque
1532 2291 1796 2359 attigerit.
1838 2289 1926 2344 Vi-

351 2386 517 2439 detur
550 2398 681 2437 sane
731 2382 902 2435 multa
930 2396 1052 2450 qua:
1092 2394 1121 2432 a
1150 2380 1354 2435 Graecis
1399 2382 1721 2445 suntdicta,
1777 2381 1923 2435 didi-

353 2480 517 2531 cisse.
579 2475 693 2529 Nisi
744 2476 892 2528 enim
952 2472 1296 2542 Epimenidis
1366 2471 1646 2527 Cretensis
1701 2471 1921 2526 oracula
1975 2477 1979 2481 ’

354 2569 604 2637 legisset,
637 2568 736 2620 viri
769 2580 925 2619 sacra
979 2574 1037 2618 et
1063 2564 1420 2617 caeremonias
1455 2564 1793 2618 instituentis
1822 2565 1922 2637 (2),

354 2660 637 2732 quomodo
669 2674 888 2713 versum
913 2659 1065 2712 illum
1092 2657 1432 2726 protulisset,

429 2788 556 2843 Cres
590 2803 796 2858 semper
818 2785 1066 2849 mendax,
1095 2783 1241 2838 mala
1274 2784 1473 2851 bellua,
1505 2795 1684 2840 venter
1708 2786 1930 2842 obesus?

357 2949 515 3007 Unde
550 2951 716 3004 etiam
750 2945 1167 3001 hemistichium
1202 2943 1330 2995 illud
1373 2943 1718 3011 sumpsisset,

429 3063 604 3131 Hujus
636 3077 864 3131 namque
888 3075 1070 3113 sumus
1094 3073 1256 3127 genus
1279 3098 1293 3121 ,

2030 1926 2222 1995 βιαίως
2259 1927 2437 1981 ταῦτα
2462 1928 2672 1997 λέγειν,
2719 1930 2899 1983 ἐκεῖνό
2927 1947 2991 1998 γε
3038 1933 3150 2003 μὴν
3186 1936 3469 1988 σκοπείτω
3495 1974 3512 1999 ν
3545 1937 3627 2001 ὡς

2027 2019 2055 2069 ὁ
2107 2018 2386 2082 Θειότατος
2445 2020 2661 2085 Παῦλος
2708 2023 2769 2074 οὐ
2814 2023 2978 2092 μόνον
3029 2024 3124 2078 τὸν
3171 2027 3413 2097 Ἕλληνα
3464 2030 3629 2098 λόγον

2028 2110 2090 2160 οὐ
2118 2108 2433 2163 κεκώλυκεν
2464 2113 2913 2182 ὲκπαιδεύεσθαι,
2944 2115 3090 2170 ὥστε
3124 2119 3215 2171 καὶ
3239 2119 3406 2182 αὐτὸς
3430 2123 3632 2191 φαίνε-

2028 2201 2117 2253 ταί
2145 2219 2245 2256 που
2265 2205 2376 2255 τῶν
2411 2204 2587 2272 λόγων
2622 2209 2868 2276 ῥήμασιν
2893 2210 3122 2265 ἐκείνων
3144 2214 3589 2283 προσχρώμενος
3610 2232 3627 2247 ο

2030 2290 2127 2343 ἅτε
2161 2292 2226 2364 δὴ
2265 2295 2360 2347 καὶ
2410 2296 2585 2364 αὐτὴν
2625 2299 2926 2367 μετελθών.
2969 2302 3081 2354 Καὶ
3129 2301 3279 2355 ἔοικέ
3313 2320 3379 2372 γε
3443 2306 3628 2360 πολλὰ

2028 2383 2137 2435 τῶν
2163 2385 2477 2455 εἰρημένων
2510 2391 2623 2452 τοῖς
2650 2388 2913 2460 Ἕλλησιν
2965 2394 3227 2462 ἐγνωκώς
3250 2411 3266 2426 ο
3303 2397 3355 2449 εί
3403 2398 3484 2468 μὴ
3515 2390 3628 2470 γὰρ

2029 2474 2158 2537 τοὺς
2215 2476 2565 2546 Ἐπιμενίδου
2617 2480 2713 2534 τοῦ
2768 2484 2986 2554 Κρητὸς
3039 2486 3256 2555 ἀνέγνω
3308 2492 3625 2561 χρησμοὺς,

2031 2567 2226 2639 ἀνδρὸς
2256 2569 2631 2640 ὀργιάζοντος,
2668 2574 2787 2638 πῶς
2809 2577 2875 2630 ἂν
2910 2577 2993 2644 τὸ,

2033 2784 2263 2855 Κρῆτες
2311 2754 2406 2842 ἀεὶ
2466 2791 2760 2861 ψεῦσται,
2796 2795 3171 2940 πρισἾνεγκε,
3224 2799 3382 2855 κακὰ
3425 2804 3627 2872 θηρία,

2998 2871 3289 2938 γαστέρες
3319 2873 3502 2940 ἀργαί
3529 2891 3552 2940 ;

2998 2871 3289 2938 γαστέρες
3319 2871 3506 2943 ἀργαί
3529 2891 3552 2941 ;

2036 2946 2208 2999 Πόοεν
2238 2949 2297 3001 δὲ
2326 2951 2488 3003 πάλιν
2517 2953 2670 3024 αὐτῷ
2697 2955 2933 3026 ἐπῆλθεν
2969 2960 3150 3012 εἰπεῖν
3181 2961 3268 3025 τὸ,

2110 3061 2221 3114 Τοῦ
2255 3061 2367 3132 γὰρ
2405 3064 2507 3117 καί
2540 3067 2716 3136 γένος
2740 3069 2952 3140 ἐσμὲν,

361 3179 404 3232 si
442 3175 588 3229 Arati
643 3173 944 3229 astronomi
980 3172 1309 3238 Φαινόμενα,
1360 3170 1461 3224 hoc
1493 3179 1600 3234 est,
1635 3171 1704 3226 de
1760 3173 1929 3231 stellis

2035 3178 2081 3229 si
2109 3179 2185 3248 μὴ
2213 3183 2326 3243 τοῖς
2344 3183 2698 3254 Φαινομένοις
2721 3185 2816 3239 τοῦ
2841 3189 3181 3260 ἁστρονὸμου
3202 3191 3431 3262 Ἀράτου
3449 3210 3627 3266 προσ-

357 3268 750 3339 appareutibus
782 3266 1008 3328 librum,
1036 3279 1145 3318 non
1175 3262 1483 3331 attigisset?
1518 3263 1624 3318 Sed
1649 3274 1705 3319 et
1734 3265 1894 3333 illud,

428 3381 630 3437 Studiis
659 3381 798 3435 obest
821 3383 1085 3436 convictus
1136 3379 1399 3449 improbus
1430 3380 1608 3446 bonis,

355 3519 489 3571 satis
519 3516 743 3580 indicat,
785 3530 910 3568 eum
974 3515 1028 3568 in
1091 3511 1376 3582 Euripidis
1439 3511 1637 3567 fabulis
1692 3511 1931 3567 libenter

353 3619 633 3667 versatum
656 3609 851 3663 fuisse.
876 3607 933 3661 Id
962 3606 1312 3677 quoditidem
1344 3613 1470 3659 ante
1489 3605 1640 3659 illum
1670 3603 1930 3659 Solomon

356 3705 409 3758 iu
435 3703 682 3757 eamdem
710 3702 1034 3756 sententiam
1055 3700 1164 3771 59
1183 3699 1341 3753 dixit.
1386 3696 1588 3753 Verum
1614 3697 1744 3768 quid
1793 3713 1935 3768 Opus

355 3805 441 3850 est
470 3796 722 3866 pluribus
749 3796 888 3848 hanc
919 3811 1032 3849 rem
1068 3793 1497 3864 persequi?Jam
1530 3794 1658 3848 inde
1688 3793 1833 3847 enim
1864 3793 1934 3847 ab

358 3888 544 3951 initio,
585 3888 751 3942 veluti
785 3886 1189 3941 consuetudine
1220 3895 1277 3940 et
1306 3885 1491 3940 studio
1523 3901 1591 3940 eo
1620 3901 1728 3938 non
1762 3884 1936 3939 inter-

357 3979 654 4044 dictu,\'iri
708 3978 882 4033 saneti
935 3978 1118 4032 favore
1163 3987 1219 4033 et
1254 3979 1426 4046 gratia
1479 3978 1720 4049 Spiritus
1779 3982 1934 4037 locu-

356 4071 552 4139 pletes,
570 4080 623 4122 et
646 4068 903 4123 Ecclesiae
920 4078 1121 4122 nostra:
1137 4068 1391 4124 doctores
1415 4070 1677 4140 insignes,
1698 4088 1726 4126 a
1747 4082 1933 4129 tenera

360 4160 476 4227 ipsa
501 4169 658 4213 aetate
678 4160 741 4213 ad
775 4169 1120 4213 senectutem
1144 4177 1315 4229 usque
1364 4162 1557 4217 sedulo
1613 4164 1930 4222 Graecorum

357 4250 843 4319 lihroslcgerunt:
886 4252 1083 4320 partim
1131 4251 1196 4304 ad
1230 4252 1470 4320 linguam
1508 4269 1933 4327 sermonemque

356 4341 775 4410 expoliendum,
833 4351 889 4395 ct
925 4350 1163 4395 mentem
1199 4343 1598 4399 exercendam:
1633 4349 1832 4414 partim
1874 4359 1934 4405 ut

358 4449 423 4487 ex
462 4433 625 4487 rebus
664 4432 1039 4488 deterioribus
1068 4431 1119 4485 id
1154 4435 1302 4502 quod
1354 4435 1499 4489 inest
1548 4436 1678 4491 boni
1714 4440 1934 4511 collige-

2045 3269 2274 3338 ἐϐαλενς
2320 3274 2483 3328 Ἀλλὰ
2517 3277 2627 3348 μὴν
2650 3280 2748 3332 καὶ
2776 3281 2859 3347 τὸ,

2110 3385 2473 3453 Φθείρουσιν
2507 3389 2624 3458 ἢθη
2653 3392 2893 3461 χρηστὰ
2922 3395 3151 3460 ὁμιλίαι
3179 3401 3378 3467 κακαὶ,

2034 3517 2281 3572 δείκνυσι
2312 3519 2504 3576 τοῦτον
2540 3525 2635 3576 καὶ
2661 3529 2776 3589 τοῖς
2804 3527 3105 3599 Εὐριπίδου
3145 3532 3423 3604 δράμασιν
3450 3538 3629 3609 ἐμφι-

2038 3611 2452 3682 λοχωρήσαντα.
2490 3615 2666 3671 Τοῦτο
2695 3619 2741 3671 δ’
2773 3621 2905 3684 ἴσως
2938 3624 3034 3676 καὶ
3076 3625 3186 3694 πρὸ
3216 3628 3430 3682 ἐκείνου
3464 3631 3630 3686 Σολο-

2040 3701 2158 3771 μὼν
2185 3702 2398 3773 εἴρηκε.
2435 3707 2544 3761 Καὶ
2574 3710 2627 3761 τί
2670 3710 2755 3763 δεῖ
2793 3713 2967 3767 πλείω
3002 3717 3134 3787 περὶ
3170 3718 3381 3772 τούτων
3410 3722 3630 3793 διέρχε-

2039 3794 2197 3860 σθαι;
2230 3797 2500 3851 ἀνέκαθεν
2534 3803 2641 3871 γὰρ
2666 3802 2740 3867 ὡς
2778 3805 2854 3875 μὴ
2886 3808 3280 3880 κεκωλυμένης
3305 3814 3626 3884 συνηθείας,

2039 3891 2133 3941 καὶ
2165 3889 2215 3940 οἱ
2243 3889 2339 3943 τοῦ
2374 3893 2696 3960 Πνεύματος
2730 3897 2827 3967 τὴν
2862 3899 3023 3969 χάριν
3053 3903 3465 3974 πλουτήσαντες
3491 3907 3631 3963 θεῖοι

2037 3980 2254 4049 ἄνδρες.
2318 3986 2413 4039 καὶ
2466 3987 2565 4055 τῆς
2617 3988 2741 4041 καθ’
2785 3992 2936 4060 ἡμᾶς
3001 3994 3332 4067 Ἑκκλησίας
3382 4005 3631 4069 γενναῖοι

2034 4074 2368 4141 διδάσκαλοι,
2404 4077 2470 4129 ἐκ
2526 4080 2671 4133 πάνυ
2701 4084 2825 4143 νέας
2854 4080 2953 4153 τῆς
2983 4087 3203 4156 ἡλικίας
3252 4090 3383 4160 ἄχρι
3433 4094 3631 4163 γήρως

2033 4170 2104 4221 τὰ
2149 4168 2419 4238 Ἑλλήνων
2453 4171 2786 4242 ἀσκούμενοι
2817 4176 3127 4245 διεγένοντο
3146 4196 3163 4212 ·
3199 4184 3360 4237 τοῦτο
3386 4185 3508 4255 μὲν,
3533 4191 3635 4242 καὶ

2035 4262 2374 4329 εὐγλωττίας
2405 4266 2568 4335 χάριν
2600 4269 2698 4321 καὶ
2725 4271 3040 4340 γυμνασίας
3069 4274 3167 4327 τοῦ
3197 4276 3316 4339 νοῦ.
3352 4280 3516 4334 τοῦτο
3546 4284 3629 4347 δὲ,

2039 4355 2135 4408 καὶ
2165 4354 2232 4408 ἶν’
2266 4357 2331 4408 ἐκ
2361 4357 2455 4409 τοῦ
2488 4360 2735 4429 χείρονος
2770 4364 2830 4414 τὸ
2884 4367 3138 4432 κρεῖττον
3183 4371 3635 4440 καταλαμϐάνω-

2038 4460 2143 4511 σιν,
2184 4445 2245 4497 οὗ
2282 4447 2511 4515 μετρίαν
2568 4451 2875 4517 ἐπάγοντες
2927 4455 3113 4518 αὐτοῖς
3147 4457 3247 4526 τὴν
3277 4463 3635 4529 κατάγνωσιν

360 4535 506 4580 rent.
535 4525 649 4593 Qua
708 4541 765 4580 re
797 4526 928 4579 illud
968 4525 1132 4580 etiam
1167 4537 1296 4581 sunt
1343 4528 1616 4592 assecuti,
1681 4538 1742 4584 ut
1783 4542 1929 4589 recte

2036 4533 2117 4599 οἷς
2146 4536 2241 4589 τοῦ
2282 4537 2498 4601 δέοντος
2519 4542 2946 4611 ἀπεσφάλησαν.
2981 4546 3237 4602 Δείκνυσι
3265 4552 3361 4603 τοῦ
3376 4569 3427 4603 :0
3457 4554 3634 4608 Βασίο

357 4617 577 4673 Graecos
612 4619 664 4671 in
697 4635 763 4672 eo
793 4617 939 4688 quod
994 4634 1022 4672 a
1055 4618 1260 4673 decoro
1319 4618 1668 4686 exciderunt,
1722 4631 1779 4676 et
1836 4640 1934 4693 per

357 4726 603 4764 errorem
638 4711 774 4779 lapsi
805 4720 954 4776 sunt,
988 4710 1247 4766 damnare
1282 4721 1524 4782 possent.
1572 4713 1779 4769 Iudicat
1831 4716 1935 4772 hoc

358 4801 596 4855 Basilius
625 4818 877 4871 magnus,
915 4810 970 4855 et
992 4800 1254 4867 Joannes,
1287 4805 1379 4873 qui
1412 4814 1637 4872 propter
1668 4804 1934 4874 eloquen-

358 4894 447 4947 tiae
501 4893 828 4946 suavitatem
889 4891 1269 4963 Cltrysostomi
1333 4892 1533 4947 n'omett
1577 4894 1819 4963 accepit:
1877 4902 1935 4948 et

358 4999 590 5054 magnus
623 4983 812 5036 itidem
860 4983 914 5037 in
956 4984 1229 5054 theologia
1284 4985 1605 5055 Gregorius,
1635 4985 1728 5053 qui
1788 4985 1934 5040 hunc

357 5077 518 5130 etiam
547 5076 728 5132 locum
763 5077 829 5131 de
851 5078 1057 5131 Gratcis
1080 5077 1390 5146 disciplinis
1424 5080 1477 5130 in
1534 5078 1787 5131 oratione
1842 5075 1931 5130 l‘u-

358 5167 517 5220 nebri
548 5166 616 5220 de
658 5183 857 5235 magno
901 5167 1104 5221 Basilio
1135 5176 1352 5221 tractat.
1391 5165 1631 5235 AEquum
1665 5182 1796 5221 sane
1847 5173 1933 5220 est

363 5258 561 5325 visum,
599 5276 724 5314 eum
752 5260 934 5314 locum
985 5260 1308 5329 tempestive
1339 5260 1469 5313 huic
1520 5260 1698 5329 Operi,
1757 5259 1821 5313 ad
1871 5273 1933 5313 ca

427 5445 503 5509 (l)
544 5445 613 5499 lis
651 5447 889 5502 ethnicis
918 5446 1139 5517 scriptis
1181 5446 1383 5516 optima
1411 5460 1643 5517 quaeque
1677 5460 1704 5498 a
1735 5444 1845 5517 piis
1866 5445 1931 5497 ad

298 5512 839 5571 .Christiauismum
910 5512 1297 5572 trun'sleren'da
1376 5512 1521 5581 esse,
1556 5512 1745 5569 'docet
1820 5515 1935 5568 Au-

358 5595 501 5651 gust.
541 5602 615 5650 ix,
666 5588 741 5639 De
785 5588 1024 5641 doctrina
1078 5586 1402 5650 Christiana,
1440 5587 1536 5641 lib.
1588 5601 1647 5649 tt,
1689 5601 1810 5651 cap.
1844 5588 1933 5645 ιιι),

360 5653 493 5708 illud
527 5664 768 5710 tractans
804 5673 818 5709 :
868 5656 1139 5710 Petierunt
1189 5660 1252 5712 ab
1288 5656 1551 5729 zEgyptiis
1587 5672 1712 5711 vasa
1747 5672 1939 5726 argen-

2035 4630 2178 4691 λειος
2201 4629 2228 4680 ὁ
2265 4631 2467 4699 μέγας,
2500 4632 2595 4685 καὶ
2627 4635 2655 4685 ὁ
2682 4633 2780 4703 τὴν
2806 4636 3057 4703 γὶῶτταν
3090 4642 3326 4710 χρυσοῦς
3345 4642 3633 4715 Ἰωάννης,

2036 4723 2132 4776 καὶ
2162 4726 2189 4775 ὁ
2218 4724 2386 4785 πολὺς
2413 4725 2471 4775 ὲν
2522 4724 2775 4797 Θεολογίᾳ
2825 4729 3133 4801 Γρηγόριος
3159 4749 3172 4764 ·
3208 4734 3268 4796 ὃς
3317 4738 3413 4788 καὶ
3445 4738 3633 4791 ταῦτα.

2036 4813 2140 4883 τῆς
2171 4814 2494 4884 Ἑλληνικῆς
2539 4816 2703 4887 χάριν
2735 4821 2990 4883 παιδείας
3034 4824 3092 4874 ὲν
3120 4824 3198 4894 τῷ
3231 4826 3311 4888 εἰς
3341 4827 3635 4883 Βασίλειον

2038 4906 2316 4975 ἐπιταφίῳ
2344 4906 2439 4958 τὸν
2495 4907 2676 4975 μέγαν
2706 4908 2937 4972 διέξεισι
2964 4926 2978 4939 ’
3016 4913 3187 4966 καλὸν
3226 4915 3337 4984 γὰρ
3373 4915 3472 4967 καὶ
3501 4918 3635 4969 τοὺ-

2037 5011 2144 5047 των
2182 4998 2262 5057 εἰς
2293 4994 2556 5049 σύστασιν
2589 4998 3086 5066 ἀπομνημονεῦσαι
3134 5004 3226 5056 ἐπὶ
3289 5006 3491 5074 καιροῦ
3553 5007 3634 5077 τῷ

2040 5086 2271 5156 παρόντι
2307 5087 2669 5157 συντάγματι.
2709 5089 2969 5145 Φαίνεται
3021 5092 3133 5165 γὰρ
3183 5096 3284 5149 οὐκ
3316 5099 3483 5162 αὐτὸς
3528 5119 3635 5171 με·

2039 5178 2247 5232 τελθὼν
2276 5180 2515 5251 ἀρίστως
2569 5182 2754 5252 μόνον,
2789 5184 2924 5238 ἀλλὰ
2959 5187 3053 5239 καὶ
3098 5191 3226 5250 τοὺς
3259 5189 3459 5255 ἄλλους
3496 5212 3635 5265 προ-

2038 5268 2261 5340 τρέπειν
2283 5271 2363 5335 εἰς
2387 5273 2625 5344 ἄσκησιν
2647 5288 2663 5307 ·
2695 5274 2793 5328 καὶ
2827 5279 2907 5341 εἰς
2943 5275 3102 5349 ὕϐριν
3128 5280 3302 5344 τιθεὶς
3353 5285 3483 5348 τοὺς
3532 5290 3634 5356 ἑμ-

2045 5456 2128 5524 tia
2177 5456 2225 5501 et
2273 5466 2460 5524 aurea.
2492 5452 2546 5507 ld
2584 5455 2774 5524 sedulo
2810 5456 2865 5511 in
2914 5456 3075 5513 libris
3128 5459 3466 5518 Stromalum
3497 5464 3640 5524 fecit

2043 5515 2298 5573 Clemens
2329 5521 2760 5581 Alexandrinus.

2125 5588 2200 5659 (ἓ)
2227 5591 2611 5661 Ὀργιάζοντος
2643 5596 2836 5670 ἀνδρὸς
2871 5598 3120 5672 τελετήν,
3151 5600 3371 5660 Sozam.
