3970 6190
331 273 441 339 517

1262 278 1872 341 ECCLESIASTICE
1914 279 2302 341 HISTORl/E
2337 281 2477 340 LIB.
2519 240 2614 338 Χ.¹

3473 275 3576 340 518

334 389 520 442 ποδῶν
565 389 1002 462 καθισταμένους
1036 391 1146 454 τοῖς
1196 390 1496 460 ᾑρημένοις
1528 390 1902 444 παιδεύεσθαι.

2015 406 2134 460 qua:
2161 392 2372 458 agimus
2399 387 2832 459 comprobanda,
2865 387 3130 443 inserere.
3161 385 3305 442 Satis
3339 401 3573 457 namque

334 483 542 551 Γράφει
576 483 635 535 δὲ
673 481 850 546 οὕτως
877 498 892 514 ο
966 500 976 512 ·

2018 491 2266 550 apparet,
2309 495 2416 535 non
2450 481 2627 549 ipsum
2660 479 2835 534 solum
2869 479 3074 548 optime
3112 479 3164 532 in
3193 477 3275 532 eis
3324 475 3572 545 discipli-

332 572 422 626 nis
448 574 911 629 eruditumcsse:
947 573 1042 628 sed
1102 573 1240 628 alios
1288 588 1506 643 quoque
1571 573 1720 627 illum
1775 573 1842 627 ad
1885 587 1982 629 eas
2015 571 2308 626 discendas
2364 571 2675 626 exhortari:
2731 570 3003 640 simulque
3089 569 3412 640 iniuriarum
3481 583 3577 620 cus

333 654 626 730 accusare,
675 667 771 736 qui
804 669 1176 724 eruditionem
1209 667 1450 722 Graecam
1490 665 1896 720 assectantibus
1937 665 2178 718 obstant.
2235 664 2324 718 Sic
2350 662 2496 717 enim
2535 661 2766 715 scribit:

419 781 438 814 ι
473 757 643 832 Οἶμαι
675 762 734 816 δὲ
778 763 946 814 πᾶσιν
972 761 1424 832 ἀνομολογεῖσθαι
1463 759 1572 812 τῶν
1607 759 1734 813 νοῦν
1759 760 1908 829 exe»-

333 873 468 913 των.
522 854 808 906 παίδευσιν
861 854 971 906 τῶν
1017 853 1148 922 παρ’
1190 855 1322 922 ἡμῖν
1377 851 1598 920 ἀγαθῶν
1659 847 1798 904 εἶναι
1845 851 1907 902 τὺ

338 943 559 1014 πρῶτον
581 957 598 974 ·
632 943 692 994 οὐ
719 941 922 1012 ταύτην
953 943 1126 1012 μόνην
1147 942 1246 1010 τὴν
1292 941 1685 1011 εὐγενεστέραν
1719 942 1812 994 καὶ
1845 943 1906 1010 ἡ·

337 1032 599 1101 μετὲραν,
641 1031 674 1100 ἦ
705 1032 816 1083 πᾶν
847 1031 908 1083 τὸ
947 1032 1006 1082 ἐν
1059 1031 1238 1097 λόγοις
1266 1029 1475 1100 κομψὸν
1504 1033 1593 1082 καὶ
1623 1029 1906 1101 φιλότιμον

334 1125 704 1194 ἀτιμάζουσα,
738 1125 907 1192 μόνης
929 1122 1116 1192 ἔχεται
1137 1123 1410 1192 σωτηρίας
1440 1123 1534 1175 καὶ
1561 1122 1654 1176 τοῦ
1680 1122 1906 1185 κάλλους

335 1217 447 1268 τῶν
469 1217 782 1282 νοουμένων
805 1231 821 1248 ο
859 1213 996 1267 ἀλλὰ
1031 1215 1122 1267 καὶ
1152 1213 1250 1283 τὴν
1295 1213 1518 1277 ἔξωθεν,
1545 1213 1612 1284 ἣν
1640 1215 1690 1266 οἱ
1722 1213 1910 1268 πολλοὶ

337 1305 684 1372 Χριστιανῶν
701 1305 1060 1357 διαπτύουσιν
1082 1305 1156 1367 ὡς
1185 1305 1471 1356 ἐπίϐουλον
1505 1309 1600 1357 καὶ
1633 1303 1907 1372 σφαλερὰν

336 1399 434 1448 καὶ
462 1397 599 1448 Θεοῦ
634 1397 822 1466 πόρρω
868 1395 1192 1465 βάλλουσαν,
1223 1396 1411 1458 κακῶς
1441 1395 1644 1458 εἰδότες
1670 1397 1764 1448 καὶ
1791 1395 1908 1448 λίιν

339 1487 716 1548 ἐπικινδύνως.
751 1487 966 1556 Ὠσπερ
1020 1488 1126 1556 γὰρ
1165 1485 1416 1556 οὐρανὸν,
1446 1486 1538 1538 καὶ
1586 1486 1712 1553 γῆν,
1748 1487 1906 1554 ἀέρα,

338 1583 438 1634 καὶ
470 1583 570 1632 ὅσα
595 1580 825 1644 τούτων,
857 1581 956 1632 οὐκ
982 1578 1168 1648 ἐπειδή
1197 1595 1341 1641 τινες
1383 1579 1569 1640 κακῶς
1618 1577 1911 1646 ὲξειλήφα-

341 1691 451 1738 σιν,
479 1674 598 1726 ἀντὶ
629 1673 766 1726 Θεοῦ
802 1673 870 1724 τὰ
907 1671 1001 1724 τοῦ
1036 1670 1170 1724 Θεοῦ
1195 1670 1470 1734 σέϐοντες,
1507 1669 1594 1722 διὰ
1620 1669 1776 1722 τοῦτο
1809 1686 1909 1722 πεο

341 1765 699 1835 ριιρρονητὲον
722 1780 736 1794 ·
764 1763 882 1816 ἀλλ’
907 1764 1032 1816 ὅσον
1060 1764 1339 1834 χρήσιμον
1388 1761 1568 1814 αὐτῶν
1598 1761 1912 1830 ἐκκαρπού-

343 1868 521 1921 μενοι,
559 1851 692 1920 πρός
722 1867 780 1904 τε
815 1850 961 1921 ζωὴν
991 1851 1087 1902 καὶ⁸
1103 1849 1431 1913 ἀπόλαυσιν,
1464 1848 1589 1901 ὅσον
1627 1849 1910 1902 ἐπικίνδυ-

337 1959 430 1994 νον
457 1943 851 2012 διαφεύγομενο
893 1943 952 1994 οὐ
994 1942 1070 2010 τῷ
1120 1941 1331 2012 κτίστῃ
1365 1939 1460 2010 τὴν
1507 1941 1680 1992 κτίσιν
1719 1941 1912 1994 ἐπανι-

339 2036 593 2096 στάντες,
617 2040 758 2088 κατὰ
790 2035 913 2095 τοὺς
960 2033 1224 2102 ἄφρονας,
1259 2031 1374 2084 ἀλλ’
1405 2034 1468 2084 ὲκ
1510 2033 1612 2084 τῶν
1647 2033 1910 2102 δημιουρ-

338 2127 611 2196 γημάτων
663 2125 754 2177 τὸν
794 2124 1138 2194 Δημιουργὺν
1167 2123 1707 2192 καταλαμϐάνοντεςσ
1735 2127 1830 2176 καὶ
1881 2124 1936 2180 ὅ,

337 2236 506 2289 φησιν
530 2218 556 2270 ὁ
581 2217 722 2279 θεῖος
737 2213 1087 2280 Ἀπόστολος,
1122 2213 1625 2285 αἰχμαλωτίζοντες
1648 2216 1754 2268 πᾶν
1783 2218 1907 2284 νόη-

337 2328 416 2380 μα
436 2315 512 2373 εἰς
534 2309 770 2380 Χριστόν
786 2323 802 2338 ο
821 2307 896 2371 ὡς
913 2307 968 2360 δὲ
988 2309 1080 2361 καὶ
1103 2309 1271 2377 πυρὸς
1289 2308 1383 2360 καὶ
1407 2310 1635 2378 τροφῆς,
1657 2312 1748 2360 καὶ
1769 2309 1908 2375 σιδή-

337 2419 458 2472 ρου,
496 2403 590 2455 καὶ
617 2402 727 2454 τῶν
742 2400 941 2466 ἄλλων,
967 2399 1116 2452 οὐδὲν
1138 2399 1260 2452 καθ’
1284 2399 1448 2452 ἑαυτὸ
1485 2399 1906 2470 χρησιμώτατον

333 2497 496 2565 ίσμεν
519 2495 552 2566 ἢ
586 2493 1020 2563 βλαϐερώτατον,
1053 2493 1167 2546 ἀλλ’
1190 2495 1339 2556 ὅπως
1365 2493 1428 2546 ἂν
1455 2495 1586 2562 δοκῇ
1611 2497 1725 2554 τοῖς
1761 2509 1905 2562 χριο-

335 2587 528 2656 μένοις
547 2602 561 2616 ·
600 2585 703 2656 ἠδη
731 2586 787 2638 δὲ
827 2585 919 2638 καὶ
939 2586 1046 2638 τῶν
1071 2584 1420 2655 ἑρπυστικῶν
1447 2584 1652 2654 Θηρίων
1686 2585 1830 2636 ἔστιν
1869 2582 1906 2638 ἃ

330 2681 446 2740 τοῖς
508 2679 644 2748 πρὸς
697 2671 1000 2748 σωτηρίαν’
1033 2677 1352 2747 φαρμάκοις
1407 2675 1856 2743 συνεκεράσαμεν
1886 2689 1900 2705 ·

329 2764 480 2818 οὕτω
519 2767 612 2817 καὶ
649 2764 880 2832 τούτων,
927 2763 989 2816 τὸ
1041 2765 1141 2833 μὲν
1174 2763 1522 2827 ἐξεταστικὸν
1552 2779 1612 2816 τε
1642 2763 1733 2814 καὶ¹
1765 2767 1904 2814 θεω-

331 2858 564 2929 ρητικὸν
597 2855 896 2926 ἐδεξάμεθα
920 2873 935 2888 ο
965 2856 1090 2910 ὅσον
1117 2855 1175 2909 δὲ
1202 2856 1280 2919 είς
1313 2855 1576 2924 δαίμονας
1613 2857 1770 2925 φέρει
1814 2857 1906 2908 καὶ

2089 778 2106 808 ι
2131 758 2353 825 Omnes,
2417 757 2636 826 opinor,
2667 756 2760 826 qui
2797 756 3015 810 saniore
3045 767 3228 810 mente
3260 765 3409 823 sunt,
3473 756 3578 809 hoc

2012 849 2288 909 confiteri.
2319 849 2624 902 doctrinam
2657 848 2800 902 inter
2830 863 2892 901 ea
2915 865 3036 917 quae
3069 848 3230 904 nobis
3254 859 3384 902 sunt
3411 849 3572 912 bona,

2014 943 2343 1010 praecipuam
2379 956 2539 996 esse:
2575 957 2684 994 non
2737 941 2897 994 istam
2930 944 3107 994 solum
3141 943 3575 1010 praestantiorem

2013 1039 2283 1094 nostram,
2333 1046 2457 1099 qua:
2500 1031 2826 1100 elegantiam
2865 1032 3403 1100 ostentationemque
3455 1046 3580 1085 ora-

2019 1124 2184 1176 tionis
2209 1139 2432 1178 omncm
2450 1125 2754 1193 negligens,
2783 1125 2944 1178 saluti
2977 1125 3067 1178 uni
3086 1133 3142 1178 et
3172 1141 3352 1177 rerum
3376 1124 3580 1178 intelli-

2011 1213 2316 1282 gendarum
2373 1215 2771 1284 pulchritudini
2831 1215 3098 1269 inhaeret:
3157 1217 3248 1270 sed
3294 1227 3577 1270 externam

2015 1305 2178 1356 etiam
2212 1305 2578 1374 illam,'quam
2615 1307 2770 1360 multi
2796 1305 3096 1361 Christiani
3126 1307 3356 1376 perinde
3415 1317 3579 1374 atque

2013 1395 2436 1460 insidiatricem,
2472 1398 2740 1460 fallacem,
2771 1408 2827 1452 et
2857 1398 3070 1467 longius
3113 1414 3143 1452 a
3171 1399 3278 1452 Deo
3301 1400 3581 1451 abducen-

2017 1495 2148 1550 tem,
2201 1497 2620 1544 contemnentes
2669 1491 2967 1559 deSpuunt,
3025 1505 3276 1558 perVersa
3329 1505 3462 1543 sane
3523 1502 3580 1544 et

2016 1579 2322 1644 periculosa
2382 1581 2762 1648 persuasione.
2817 1577 3288 1644 Quemadmodum
3341 1591 3578 1644 namque

2015 1676 2240 1740 caelum.
2269 1685 2492 1740 terram,
2523 1693 2730 1736 aerem.
2757 1687 2813 1732 et
2844 1690 3186 1744 quaecunque
3217 1674 3272 1728 in
3304 1674 3392 1728 his
3421 1684 3574 1737 sunt,

2012 1771 2265 1838 quamvis
2302 1769 2554 1823 homines
2584 1769 2832 1823 nonnulli
2877 1769 3015 1821 male
3061 1783 3124 1822 ea
3157 1776 3399 1834 accepta,
3455 1781 3578 1834 qme

2013 1860 2106 1914 Dei
2129 1869 2334 1925 essent,
2370 1875 2558 1929 Opera,
2593 1875 2694 1930 pro
2731 1860 2842 1913 Deo
2894 1861 3189 1912 coluerunt
3213 1898 3228 1923 ,
3284 1865 3576 1926 prolitrrea

2013 1959 2190 2006 tamen
2217 1968 2324 2004 non
2348 1951 2710 2020 deSpicimus,
2746 1951 2842 2004 sed
2875 1961 3141 2016 quantum
3198 1949 3450 2002 utilitatis
3483 1948 3548 2000 ha

2011 2043 2144 2097 bent
2169 2059 2234 2098 ex
2265 2044 2347 2097 eis
2397 2045 2462 2097 ad
2500 2044 2810 2110 vitatusum
2858 2043 3213 2112 percipimus,
3255 2041 3403 2110 quod
3445 2055 3578 2093 vero

2012 2133 2234 2185 noxium
2263 2141 2350 2186 est
2381 2132 2433 2186 in
2479 2116 2582 2193 eis.
2639 2132 2916 2202 fugimus:
2964 2147 3164 2201 neque,
3218 2130 3364 2199 quod
3416 2130 3574 2182 stulti

2009 2221 2240 2283 faciunt,
2267 2225 2534 2279 adversus
2551 2223 2866 2279 Creatorem
2889 2235 3194 2278 creaturam
3215 2224 3388 2292 ipsam
3413 2227 3568 2290 quasi

2007 2316 2074 2369 ad
2127 2316 2483 2370 rebellionem
2530 2331 2979 2370 commovemus:
3037 2331 3228 2368 verum
3283 2330 3349 2368 ex
3411 2315 3578 2368 rebus

2007 2405 2243 2460 conditis
2272 2403 2624 2460 Conditorem
2643 2404 3130 2474 deprehendimus,
3163 2413 3219 2458 et
3243 2403 3392 2472 quod
3417 2402 3578 2456 divus

2007 2497 2210 2551 Paulus
2244 2499 2344 2557 ait,
2400 2498 2453 2550 in
2485 2498 2858 2566 captivitatem
2905 2497 3207 2566 redigimus
3265 2495 3576 2564 intelligen-

2009 2589 2138 2642 tiam
2171 2604 2390 2642 omncm
2425 2589 2476 2641 in
2514 2587 2836 2653 Christum;
2899 2602 2962 2640 ac
3011 2587 3172 2640 sicuti
3231 2586 3434 2656 ignem,
3477 2586 3578 2639 ali—

2007 2687 2278 2740 mentum,
2339 2680 2569 2742 ferrum,
2597 2687 2765 2747 atque
2809 2677 2937 2741 alia,
2986 2691 3082 2746 per
3110 2675 3288 2745 sripsa
3349 2675 3576 2744 quidem

2007 2772 2092 2826 vel
2116 2772 2268 2824 utilia
2293 2771 2376 2824 vel
2401 2769 2746 2824 incommoda
2783 2770 3020 2822 maxime
3053 2783 3176 2822 esse
3223 2769 3573 2838 ignoramus:

2005 2863 2116 2933 60
2141 2864 2235 2916 sed
2263 2864 2329 2916 de
2353 2862 2456 2928 eis,
2493 2878 2590 2930 pro
2639 2877 2704 2915 eo
2757 2870 2923 2930 atque
2959 2860 3278 2915 hominibus
3335 2859 3444 2912 illis
3481 2858 3576 2928 qui

325 2950 611 3012 ἀπωλείας
641 2947 827 3018 βυθὸν,
863 2947 1258 3016 διεπτύσαμεν.
1297 2947 1422 3000 Ὀτι
1459 2949 1534 3018 μὴ
1562 2948 1668 3002 κάκ
1707 2948 1899 3001 τούτου

2015 2955 2088 3009 eis
2125 2964 2380 3016 utuntur,
2433 2955 2684 3020 videtur,
2735 2955 3050 3024 iudicamus
3101 2953 3246 3020 (cum
3299 2952 3462 3004 etiam
3520 2950 3574 3004 in

327 3039 474 3134 πρρς
526 3040 840 3092 θεοσέϐειαν
888 3037 1239 3109 ὠφελήμεθα,
1301 3041 1365 3092 ἐκ
1421 3039 1514 3092 τοῦ
1566 3039 1810 3109 χείρονος
1840 3039 1900 3092 τὸ

325 3131 584 3203 κρεῖττον
613 3133 1048 3202 καταμαθόντες,
1087 3131 1180 3184 καὶ
1223 3131 1322 3202 τὴν
1355 3131 1643 3186 ἀσθένειαν
1675 3133 1900 3186 ἐκείνων

325 3225 492 3292 ἰσχὺν
525 3224 620 3276 τοῦ
673 3223 798 3276 καθ’
851 3224 999 3293 ἡμᾶς
1024 3222 1186 3290 λόγου
1241 3222 1625 3292 ποιησάμενοι.
1654 3223 1770 3278 Οὐκ
1806 3223 1900 3277 οὖν

319 3314 666 3383 ἀτιματτέον
698 3314 798 3384 τὴν
828 3315 1130 3376 παίδευσιν,
1163 3314 1245 3366 ὅτι
1299 3313 1458 3367 τοῦτο
1519 3315 1669 3368 δοκεῖ
1713 3331 1854 3368 τισιν
1881 3333 1896 3347 ο

319 3405 471 3459 ἀλλὰ
525 3407 750 3468 σκαιοὺς
813 3407 907 3482 καί
961 3405 1323 3469 ἀπαιδεῦτους
1378 3405 1720 3477 ὑποληπτέον
1771 3409 1898 3468 τοὺς

318 3499 504 3559 οὕτως
536 3499 790 3568 ἔχοντας·
822 3499 875 3552 οἳ
911 3498 1174 3570 βούλοιντ’
1200 3498 1266 3552 ἂν
1303 3499 1549 3562 ἅπαντας
1604 3494 1744 3552 εἶναι
1777 3499 1900 3552 καθ’

318 3595 582 3656 ἑαυτοὺς,
618 3591 687 3645 ἶν’
721 3595 778 3645 ἐν
795 3591 872 3662 τῷ
905 3591 1070 3662 κοινῷ
1093 3591 1152 3644 τὺ
1177 3592 1298 3644 κατ’
1329 3592 1528 3654 αὐτοὺς
1562 3591 1896 3662 κρύπτηται,

319 3685 428 3737 καὶ
473 3683 600 3746 τοὺς
654 3683 753 3752 τῆς
805 3683 1168 3746 ἀπαιδευσίας
1217 3681 1473 3752 ἐλέγχους
1509 3681 1899 3750 διαδιδράσκω-

319 3793 439 3833 σιν.
473 3794 492 3826 ι

2008 3046 2303 3116 reptilibus
2324 3045 2455 3098 feris
2486 3045 2732 3113 qua-dam
2762 3044 2894 3105 sint,
2931 3060 3054 3113 qua:
3081 3043 3290 3099 utiliter
3328 3041 3395 3094 ad
3429 3041 3577 3095 salu-

2011 3147 2118 3193 tem
2154 3137 2468 3207 pharmacis
2498 3145 2554 3191 et
2580 3137 2840 3206 remediis
2865 3137 3220 3200 miscemus):
3249 3135 3328 3188 sic
3355 3147 3577 3202 quoque

2008 3247 2073 3286 ex
2093 3229 2400 3299 disciplinis
2434 3229 2556 3282 istis
2573 3227 2719 3296 quod
2755 3227 2821 3280 ad
2850 3229 3136 3280 Veritatem
3168 3226 3576 3296 inquirendam,

2007 3327 2060 3371 et
2086 3319 2354 3386 judicium
2397 3320 2732 3380 acuemlum,
2769 3333 2870 3372 nec
2898 3333 3007 3371 non
3039 3319 3106 3371 ad
3158 3315 3578 3386 contemplatio-

2009 3424 2130 3463 nem
2164 3409 2528 3462 exercendam
2567 3409 2720 3469 facit.
2749 3409 2803 3461 id
2843 3409 3138 3477 recipimus
3165 3425 3180 3461 ι
3205 3408 3350 3476 quod
3387 3419 3572 3461 autem

2005 3501 2070 3551 ad
2131 3499 2404 3552 (Immunes
2463 3500 2610 3566 ipsos
2663 3507 2720 3552 et
2762 3498 2826 3552 ad
2876 3497 3200 3566 perditionis
3240 3496 3576 3565 profundunt

2005 3592 2254 3654 deducit,
2291 3593 2626 3661 despuentes
2659 3591 2948 3661 rejecimus
2971 3607 2986 3644 :
3013 3600 3302 3660 propterea
3334 3591 3479 3660 quod
3501 3606 3571 3644 ex

2003 3687 2084 3741 eis
2113 3687 2280 3738 rebus
2306 3684 2360 3737 in
2397 3701 2536 3737 vera:
2563 3684 2783 3752 pietatis
2805 3684 2986 3755 studio
3024 3699 3131 3736 non
3185 3683 3377 3737 itidem
3415 3684 3574 3750 adju-

2003 3794 2218 3841 vcmur,
2237 3792 2303 3831 eo
2325 3786 2480 3846 pacto
2497 3776 2722 3829 meliora
2750 3791 2814 3828 ex
2837 3776 3204 3830 deterioribus
3226 3775 3574 3830 addiscentes

319 3879 387 3924 ct.
421 3867 848 3924 imbecillitatem
876 3868 1095 3923 illorum
1123 3869 1176 3922 in
1210 3869 1380 3922 robur
1400 3867 1664 3924 doctrina:
1689 3880 1892 3927 nostrae
1928 3881 2336 3927 convertentes.
2407 3869 2529 3924 Non
2598 3871 2762 3940 igitur
2789 3869 3191 3922 contemnenda
3216 3878 3299 3922 est
3321 3869 3572 3922 doctrina

316 3971 631 4032 liberalior.
672 3974 960 4038 propterea
986 3970 1128 4038 quod
1162 3967 1266 4021 hoc
1311 3967 1392 4020 sic
1447 3968 1773 4038 quibusdam
1825 3971 2135 4026 faciendum
2215 3971 2476 4025 videtur:
2523 3969 2616 4022 sed
2694 3965 2846 4036 pravi
2889 3977 3053 4034 atque
3118 3963 3403 4026 ineruditi,
3475 3964 3569 4032 qui

319 4070 388 4119 in
421 4081 483 4117 ea
507 4071 635 4116 sunt
669 4065 962 4120 sententia.
1008 4059 1271 4116 censendi
1298 4068 1448 4122 sunt,
1519 4060 1610 4129 qui
1673 4052 1810 4116 alios
1851 4077 2044 4118 omnes
2095 4062 2200 4116 sibi
2270 4063 2481 4116 similes
2509 4075 2632 4114 esse
2662 4060 2857 4124 velint,
2908 4069 2967 4110 ut
3032 4057 3084 4110 in
3144 4057 3422 4110 communi
3479 4056 3568 4111 sui

315 4157 591 4212 similium
627 4153 937 4222 frequentia
969 4153 1162 4216 latere,
1198 4161 1253 4204 et
1288 4149 1521 4206 inscitia:
1553 4166 1668 4207 suae
1724 4155 2206 4224 reprehensionem
2235 4155 2472 4224 effugere
2529 4153 2760 4206 vah-ant.
2793 4170 2810 4202 ι

407 4250 516 4303 Καὶ
549 4247 723 4302 ταῦτα
758 4247 858 4316 μὲν
892 4245 920 4297 ὁ
971 4245 1116 4306 οείος
1146 4245 1446 4317 Γρηγόριος
1473 4261 1487 4277 ·
1529 4247 1810 4312 Βασίλειος
1837 4249 1896 4302 δὲ

315 4346 352 4398 ὁ
403 4344 573 4410 μέγας
601 4340 663 4392 οὐ
701 4338 862 4408 μόνον
917 4337 1016 4407 τὴν
1051 4335 1371 4406 Ἑλληνικὴν
1400 4337 1651 4390 παιδείαν
1699 4343 1896 4408 ἀναγι-

2075 4250 2201 4305 Hzec
2227 4250 2388 4304 divus
2415 4246 2734 4318 Gregorius.
2768 4243 3002 4298 Basilius
3039 4257 3168 4296 vero
3199 4258 3428 4311 magnus
3463 4260 3568 4298 non

2002 4342 2178 4396 solum
2201 4339 2513 4394 Graecorum
2534 4338 2746 4390 discere
2778 4336 3070 4404 permittit,
3104 4333 3198 4386 sed
3235 4337 3398 4385 etiam
3431 4349 3568 4402 pra:-

316 4435 564 4487 νὼσκειν
587 4430 831 4500 ἐφίησιν,
866 4428 1003 4480 ἀλλὰ
1048 4427 1143 4480 καὶ
1197 4427 1436 4498 γενναίῳ
1472 4429 1617 4500 λόγῳ
1667 4431 1898 4500 μάλιστα

2015 4434 2148 4488 :laro
2178 4433 2364 4487 libello
2396 4433 2630 4483 maxime
2685 4429 2788 4482 hoc
2840 4427 3148 4487 continuat,
3201 4427 3287 4479 cui
3350 4427 3568 4480 titulqu

317 4525 488 4580 τοῦτο
535 4525 836 4592 κρατύνει·
879 4519 1072 4584 Ὅπως
1117 4517 1195 4572 ἂν
1251 4517 1380 4572 νέοι
1413 4518 1607 4586 ὄντες.
1663 4521 1731 4574 ἐκ
1779 4521 1898 4576 τῶν

333 4615 716 4683 Ἑλληνικῶν
756 4611 1176 4680 παιδευμάτων
1223 4609 1550 4678 ὠφελοῐντο
1599 4611 1900 4667 διαταττό-

312 4726 528 4782 μενος.
561 4705 819 4760 Τοσαῦτα
875 4703 974 4774 μὲν
1025 4703 1286 4772 καὶπερὶ
1337 4703 1449 4756 τῶν
1472 4705 1898 4773 Ἀπολλιναρίων

320 4802 550 4871 καὶτῆς
587 4797 918 4866 Ἑλληνικῆς
943 4795 1200 4857 παιδείας
1229 4793 1495 4866 είρήσθω.
1530 4796 1536 4802 ”

914 4915 1169 4968 ΚΕΦΛΔ.
1204 4911 1328 4966 ΚΖ’.

327 5008 428 5072 Ὠς
457 5011 542 5072 εὶς
572 5008 934 5075 Ἀντιόχειαν
965 5004 1115 5059 κατὰ
1148 5001 1392 5075 Περσῶν
1415 4999 1612 5056 ἐλθὼν
1651 5002 1893 5075 domita:

397 5069 536 5142 νὸς-ί
551 5077 651 5130 καὶ
681 5069 1122 5143 πεῇιυϐρισθεὶς
1159 5069 1268 5126 τὸν
1299 5073 1578 5143 πώγωνα,
1608 5073 1716 5143 τὸν
1741 5069 1895 5123 κατὰ

396 5140 517 5200 τῶν
582 5140 925 5214 Ἀντιὸχέων
991 5143 1399 5213 Μισοπώγωνα
1465 5140 1745 5210 διεξῆλθε
1783 5143 1892 5194 λό-

392 5235 525 5286 τον.

390 5331 663 5391 Βασιλεὺς
688 5329 734 5382 δ’
769 5333 834 5384 ὲκ
858 5329 1201 5400 Χριστιανῶν
1227 5327 1456 5380 πλεῖστα
1491 5325 1894 5394 συλλεξάμενος

317 5429 608 5498 γρήμιτα,
643 5426 700 5486 ἐς
754 5423 970 5490 Πέρσας
1018 5422 1122 5492 ἠδη
1177 5421 1237 5472 τὸ
1261 5421 1492 5489 ὅρμημα
1527 5420 1778 5487 θέμενος,
1813 5417 1893 5480 είς

332 5517 672 5584 Ἀντιόχειαν
701 5509 804 5586 ἧκε
836 5513 943 5566 τῶν
973 5511 1184 5582 Σύρων.
1215 5509 1290 5562 Τὸ
1311 5509 1356 5560 δ’
1384 5510 1584 5560 οίκείον
1606 5507 1894 5574 φιλότιμον

330 5608 670 5678 Ἀντιοχεῦσι
695 5609 870 5672 δεῖξαι
907 5605 1253 5674 βουλόμενος,
1287 5601 1356 5654 τὰ
1389 5600 1474 5653 ἐπ’
1509 5599 1717 5669 ἀγορᾶς
1751 5595 1889 5649 ὥνια

320 5703 414 5754 καὶ
448 5701 516 5754 τὰ
564 5703 848 5771 ἐπιτήδεια
901 5702 998 5770 τῆς
1047 5693 1446 5771 νενομισμένης
1476 5695 1638 5763 τιμῆς
1668 5689 1888 5745 κατεϐί-

2002 4519 2133 4578 fecit
2160 4539 2174 4577 :
2209 4523 2481 4588 Quomodo
2504 4523 2725 4590 juvenes
2757 4535 2821 4572 ex
2851 4519 3046 4574 Cra'cis
3075 4516 3367 4584 disciplinis
3417 4517 3568 4568 utili-

2009 4626 2173 4671 tatem
2239 4632 2430 4686 rapere
2464 4615 2684 4684 possint.
2737 4611 2862 4664 llaec
2920 4609 2984 4663 de
3027 4607 3454 4676 Apollinaribus,
3515 4615 3571 4660 ct

2000 4707 2315 4762 Graecorum
2347 4705 2616 4760 doctrinis
2666 4703 2810 4756 dicta
2847 4699 3142 4754 sufﬁciant.

2552 4900 2780 4958 CAPUT
2804 4899 3016 4956 XXVII.

2003 4999 2067 5054 Ut
2103 4997 2350 5053 Julianus
2393 4995 2716 5064 expeditione
2763 4993 2815 5044 in
2852 4991 3346 5064 Persltslsuscepta.
3379 4987 3566 5064 ᾼιιιὶο-
3663 5019 3673 5028 -

2067 5071 2239 5122 chiam
2275 5057 2512 5120 uenerii:
2545 5073 2702 5132 atque
2725 5064 2794 5116 ibi
2819 5072 3029 5132 propter
3055 5057 3271 5132 barbam
3302 5057 3566 5132 prolixam

2071 5138 2296 5192 ludibrio
2326 5137 2553 5191 habitus.
2607 5126 2790 5187 contra
2819 5126 3186 5186 'An'tiochenoa
3217 5131 3428 5185 librum.
3464 5126 3567 5179 Mi-

2065 5224 2351 5278 sopogana.
2387 5208 2480 5260 hoc
2517 5214 2612 5268 est,
2643 5203 3086 5269 Barbw-osorem,
3121 5199 3490 5281 composuerit.

2067 5323 2373 5392 Imperator
2409 5329 2590 5373 autem
2621 5317 2826 5387 ingenti
2864 5333 2894 5370 a
2946 5313 3276 5370 Christianis
3333 5309 3564 5378 pecunia

1997 5419 2238 5474 extorta,
2267 5411 2673 5479 expeditionem
2696 5409 2958 5462 adversus
2988 5407 3182 5460 Persas
3211 5400 3434 5454 molitus
3456 5410 3562 5464 est,

1997 5513 2051 5560 ct
2073 5501 2420 5558 Antiochiam
2469 5499 2638 5572 Syriae
2671 5515 2728 5554 sc
2753 5499 3002 5554 contulit.
3033 5496 3211 5564 Atque
3247 5491 3320 5546 ibi
3369 5491 3566 5546 libera-

1995 5595 2166 5651 litatis
2193 5608 2304 5650 sua
2326 5593 2566 5648 studium
2593 5589 2950 5644 Antioclienis
2977 5585 3212 5657 probare
3239 5583 3450 5643 volens,
3473 5596 3561 5634 res

1997 5687 2050 5740 in
2085 5685 2202 5741 foro
2225 5683 2443 5741 venales
2477 5691 2531 5736 et
2558 5679 2900 5735 necessarias
2959 5678 3024 5732 ad
3075 5682 3285 5732 certmn
3353 5669 3562 5728 consti-
