3970 6190
269 289 374 357 531

269 412 458 480 ἔρωτα
495 406 543 459 δ’
571 399 684 459 οἷον
720 402 1252 474 παραμυθούμενον,
1288 406 1393 464 τοῖς
1427 403 1527 471 τῆς
1567 401 1851 473 ἐρωμένης
1874 404 1926 473 ⁸Α
1955 415 2278 454 conversam
2314 416 2329 457 :

265 500 493 562 κλάδοις
526 496 627 568 τὴν
660 494 909 565 κεφαλὴν
945 494 1358 562 ἀναδήσασθαι,
1396 494 1490 547 καί
1532 512 1596 564 γε
1637 493 1851 563 δένδρον

266 589 614 660 γενομένην,
652 584 1066 657 περιπλακῆναι
1109 586 1204 637 καὶ
1251 584 1721 655 περιπτύξασθαι,
1760 583 1855 637 καὶ

272 685 399 755 μηδ’
430 678 879 736 ἀπαλλάττεσθαι
922 678 1068 748 μάλα
1111 680 1382 748 αἰρεῖσἸαι
1411 719 1426 743 ,
1470 678 1608 733 ἀλλὰ
1652 694 1853 747 προσεο

267 776 489 848 δρεύειν
509 774 683 847 ταύτῃ
710 774 805 825 σὺν
833 772 1164 840 ἀστειὸτητι,
1189 771 1484 825 κᾶντεῦθεν
1508 772 1603 824 καὶ
1624 772 1854 841 τιμῆσαι

268 872 368 922 τον
409 867 589 939 χῶρον
634 869 703 937 τῇ
748 865 939 935 μακρᾷ
979 863 1309 934 προσεδρείᾳ
1335 880 1347 894 ο
1395 864 1487 916 καὶ
1530 864 1639 915 τῶν
1678 863 1856 916 ἄλλων

270 965 471 1036 χώρων
519 959 733 1029 ἐκφανῆ
787 960 1016 1027 ποιῆσαι
1068 959 1167 1013 καὶ
1219 960 1625 1030 κεχαρισμένον
1680 959 1853 1030 αὐτῷ.

284 1058 540 1115 Ἐνταῦθ*
566 1057 617 1110 oi
667 1055 974 1121 σωφρονεῖν
1017 1052 1335 1125 αἱρούμενοι
1383 1052 1476 1105 καὶ
1520 1053 1611 1106 τὸν
1650 1054 1857 1122 τρόπον

269 1154 540 1214 ἐπιεικεῖς
576 1147 878 1219 διατρίϐειν
907 1147 1113 1218 ἥκιστα
1145 1146 1359 1218 ἧθελον.
1392 1145 1556 1199 Μάλα
1591 1144 1700 1215 γὰρ
1730 1139 1800 1215 ἢν
1831 1146 1859 1198 ὁ

269 1247 454 1317 χῶρος
496 1243 635 1314 πρὸς
675 1238 963 1313 ῥᾳστώνην
995 1239 1306 1310 ἀνειμένος.
1341 1239 1466 1302 Τοῖς
1500 1255 1565 1306 γε
1603 1238 1712 1310 μὴν
1744 1240 1854 1291 διε-

269 1341 509 1412 φθορόσι
541 1338 653 1390 τῶν
685 1336 858 1399 νέων,
892 1333 1196 1404 ἐπέραστος
1228 1349 1313 1397 τις
1346 1333 1713 1403 διαφερόντως
1746 1330 1861 1385 ἐδό-

269 1452 387 1498 κει,
420 1432 514 1485 an
543 1431 609 1500 δὴ
640 1429 737 1483 καὶ
764 1427 842 1499 τῷ
877 1426 1037 1497 μύθῳ
1068 1424 1481 1497 βοηθουμένοις,
1514 1423 1768 1499 ἐρωτικῷ
1795 1441 1858 1494 γε

269 1528 418 1580 δντι.
456 1525 543 1577 Ἐν
570 1520 747 1591 διπλῷ
776 1522 886 1591 γὰρ
912 1519 1141 1581 ἐκείνοις
1167 1516 1229 1571 τὸ
1257 1517 1751 1587 πάθοςηάνήπτετο,
1779 1517 1860 1578 είς

274 1618 617 1689 παραίτησιν
656 1614 758 1668 οὐκ
803 1610 1007 1681 ἀγεννῆ
1053 1610 1471 1681 προῖσχομένοις
1509 1609 1601 1662 τὸν
1646 1608 1814 1678 μῦθον
1842 1625 1856 1638 ·

271 1711 511 1781 ἁναίδην
555 1726 618 1762 τε
667 1710 776 1778 γὰρ
825 1708 891 1777 τῇ
942 1705 1211 1776 ἀκολασίᾳ
1255 1702 1499 1776 ἐχώρουν
1552 1702 1678 1775 μήτ’
1705 1703 1863 1756 αὐτοὶ

275 1803 589 1870 σωφρονεῖν
616 1797 905 1866 δυνὰμενοι
926 1836 942 1861 ,
975 1792 1092 1848 ἀλλ’
1117 1793 1240 1847 οὐδὲ
1272 1791 1558 1862 σώφρονας
1585 1791 1664 1862 τῷ
1697 1791 1863 1864 χώρῳ

273 1893 583 1964 διατρίϐειν
613 1890 913 1963 ἠνείχοντο.
946 1888 1038 1957 Μὴ
1071 1887 1181 1958 γὰρ
1217 1886 1338 1956 μετ’
1363 1885 1650 1958 ἐρωμένης
1682 1887 1863 1939 ἐκεῖσε

271 1985 568 2057 διατριϐήν
597 2000 682 2048 τις
715 1984 886 2052 ἔχων,
919 1980 1158 2049 ἀγεννής
1187 1996 1271 2043 τις
1305 1978 1371 2034 ἂν
1402 1978 1551 2043 εδοξε
1585 1978 1733 2049 μάλα
1766 1980 1865 2033 καὶ

273 2080 517 2150 ἄχαρις,
554 2076 653 2131 καὶ
682 2068 921 2144 ὡς’ἇγος
953 2091 1005 2127 τι
1039 2073 1413 2144 ἀποτρόπαιον
1454 2072 1663 2126 ἐκεῖθεν
1695 2070 1864 2142 ἠλαύ-

279 2188 432 2226 νετο.
470 2168 571 2223 Διὰ
616 2166 876 2236 πλείστης
919 2165 976 2219 δὲ
1015 2164 1114 2237 τῆς
1152 2163 1322 2236 τιμῆς
1360 2158 1432 2234 ἦν
1469 2165 1497 2216 ὁ
1536 2163 1713 2235 χῶρος
1750 2163 1865 2226 τοῖς

277 2260 681 2331 ἑλληνίζουσιν.
710 2257 972 2329 Ἀγαλμα
1014 2255 1122 2326 γὰρ
1166 2254 1401 2309 ἐνταῦθα
1444 2255 1743 2325 ἐτύγχανεν
1784 2257 1865 2318 είς

275 2358 489 2420 κάλλος
516 2355 638 2407 λίαν
664 2351 1037 2421 ἀπεξεσμένον
1065 2349 1337 2418 Δαφναίου
1370 2346 1706 2414 Ἀπόλλωνος
1725 2364 1741 2379 '
1772 2348 1865 2401 xui.

270 2450 420 2513 νεὼς
447 2448 761 2511 κάλλιστος,
789 2447 868 2508 εἰς
899 2443 1035 2514 ὕψος
1061 2443 1184 2511 ἅμα
1210 2435 1302 2496 καὶ
1331 2441 1565 2512 μέγεθος
1592 2441 1865 2513 φιλοτίμῳ

275 2539 711 2611 ἐξειργασμένος
751 2536 897 2608 χειρί
921 2554 936 2568 ο
977 2535 1037 2589 δν
1081 2535 1344 2588 Σέλευκον
1386 2534 1665 2605 ἀνεγεῖραι
1705 2532 1867 2601 λόγος

273 2633 375 2686 τὸν
410 2630 686 2698 Ἀντιόχου
721 2628 937 2696 πατέρα
963 2640 978 2654 ⁶
1012 2624 1069 2687 ὃς
1102 2624 1194 2679 καὶ
1225 2623 1327 2691 τὴν
1359 2622 1649 2689 ἐπώνυμον
1685 2619 1861 2683 πόλιν,

272 2726 385 2794 τὴν
425 2723 704 2790 Ἀντιόχου
740 2719 922 2790 φημὶ,
966 2715 1406 2786 μεγαλοπρεπῶς
1442 2715 1503 2768 τὸ
1537 2712 1660 2767 κατ’
1686 2711 1864 2782 ἀρχὰς

275 2818 501 2886 ὀνιστᾷ.
548 2815 739 2877 ﬂint;
786 2829 850 2881 γε
902 2813 1011 2882 μὴν
1059 2811 1269 2880 προσῆν
1313 2811 1377 2861 ἐκ
1425 2806 1623 2861 πολλοῦ
1669 2805 1764 2858 καί
1813 2821 1865 2858 τι

283 2909 553 2980 μαντικὸν
589 2907 735 2977 ὕδωρ
771 2906 835 2958 ἐκ
871 2902 1185 2966 Κασταλίας
1215 2901 1315 2971 τῆς
1352 2901 1536 2971 πηγῆς
1571 2899 1866 2987 καταρρεῖν

280 3002 464 3052 ἐκεῖσε
488 3039 503 3063 ,
534 2996 631 3048 καὶ
663 2992 830 3065 μηδὲν
855 3010 910 3045 τι
944 2991 1348 3061 παραλλάττειν
1377 2990 1477 3059 τήν
1510 2990 1556 3040 τ’
1578 2988 1866 3057 ἐνέργειαν

1205 286 1807 347 ΕΩΟἱΕΒΙΑΞΤΙΟίΕ
1849 282 2243 347 ΗΙΞΤΟΙΠίΕ
2279 285 2428 348 LIB.
2463 286 2531 344 Χ.

3427 289 3528 359 522

2386 399 2565 469 ipsum
2614 409 2798 454 autem
2850 399 3028 454 deum.
3059 414 3127 455 ne
3181 399 3262 457 sic
3307 404 3528 473 quidem

1957 492 2155 562 puellae
2201 490 2546 546 desiderium
2596 490 2903 561 abji-cisse,
2961 505 3321 560 amoremque
3371 508 3531 548 suum

1956 584 2128 638 veluti
2178 585 2471 646 solantem,
2519 593 2713 636 amata:
2757 582 2985 652 virginis
3033 583 3327 639 frondibus
3371 594 3537 655 caput

1957 677 2223 739 cinxisse,
2242 692 2474 746 eamque
2491 675 2656 730 etiam
2683 676 2939 730 arborem
2962 674 3162 730 factam
3188 676 3532 745 complexum

1957 786 2121 825 esse:
2161 785 2344 840 neque
2394 769 2462 822 ab
2512 784 2573 821 ea
2622 768 2908 823 discedere
2955 768 3267 832 volentem,
3301 768 3374 822 illi
3411 784 3535 823 cum

1958 862 2259 918 festivitate
2305 861 2541 931 quadam
2586 860 2891 924 assedisse,
2943 862 3287 931 proindeque
3328 862 3537 917 honore

1958 953 2327 1008 diuturnioris
2362 968 2526 1007 morae
2556 968 2681 1007 eum
2726 951 2910 1006 locum
2946 963 3337 1022 prosecutum,
3373 964 3539 1025 atque

1960 1048 2085 1103 aliis
2135 1048 2275 1102 locis
2330 1047 2723 1111 illustriorem,
2768 1046 2986 1116 sibique
3026 1047 3191 1101 etiam
3239 1049 3535 1117 gratiorem

1960 1139 2212 1195 eiTecisse
2263 1138 2471 1194 ierunt.
2526 1138 2627 1192 llic
2675 1138 2930 1192 homines
2982 1138 3117 1193 casti
3164 1150 3222 1194 et
3268 1141 3537 1196 moderati

1962 1233 2190 1288 minime
2222 1232 2429 1285 versari
2478 1230 2896 1297 sustinuerunt,
2949 1230 3097 1302 quod
3158 1233 3313 1304 regio
3359 1249 3420 1288 ea
3472 1237 3540 1288 ad

1962 1322 2232 1377 desidiam
2267 1330 2324 1376 et
2366 1321 2653 1376 libidinem
2707 1321 3004 1376 admodum
3055 1332 3204 1378 esset
3254 1325 3539 1394 proclivis.

1961 1413 2271 1470 Juvenibus
2312 1421 2497 1467 autent
2540 1415 2822 1484 corruptis
2861 1414 3105 1488 jucunda
3148 1418 3444 1488 plurimum
3488 1427 3544 1472 ct

1962 1520 2111 1579 grata
2141 1511 2256 1564 visa
2298 1519 2416 1575 est,
2460 1518 2518 1565 et
2566 1525 2795 1580 prorsus
2845 1512 3156 1567 amatoria:
3188 1530 3330 1583 quos
3371 1516 3539 1569 etiam

1964 1620 2082 1658 eam
2115 1602 2169 1658 in
2204 1619 2319 1657 rem
2355 1603 2541 1657 fabula
2573 1604 2690 1674 ipsa
2722 1605 2995 1661 invitarit.
3033 1606 3102 1661 Et
3129 1605 3331 1679 duplex
3360 1609 3442 1663 eis
3471 1610 3539 1667 ad

1966 1697 2141 1766 culpa:
2168 1695 2615 1769 deprecationem
2654 1695 2895 1755 fabulam
2928 1714 3039 1754 non
3083 1700 3365 1770 illepidum
3406 1718 3543 1771 prze—

1967 1786 2325 1842 tendentibus
2377 1787 2604 1843 incensa
2651 1797 2741 1844 est
2789 1789 2994 1855 libido,
3044 1800 3103 1845 ut
3154 1794 3277 1849 sine
3328 1796 3541 1864 pudore

1968 1892 2145 1948 neque
2175 1878 2277 1950 ipsi
2308 1879 2489 1949 pudici
2520 1890 2728 1947 essent,
2748 1898 2952 1955 .neque
2989 1885 3218 1956 pudicos
3248 1887 3302 1941 in
3330 1904 3396 1943 eo
3423 1889 3546 1944 loco

1966 1984 2089 2026 esse
2131 1980 2473 2041 paterentur.
2520 1971 2624 2039 Qui
2676 1974 2822 2029 ettim
2870 1976 2947 2031 ibi
2990 1978 3108 2034 sine
3141 1982 3316 2036 amica
3360 1999 3544 2039 versa-

1966 2072 2164 2129 retur,
2215 2064 2499 2119 illiberalis
2545 2067 2709 2137 piane
2773 2084 3085 2139 parumque
3131 2082 3323 2142 gratus
3368 2074 3544 2141 visus,

1969 2156 2196 2225 perinde
2224 2170 2387 2228 atque
2427 2159 2709 2229 piaculum
2750 2161 2974 2232 aliquod
3002 2164 3391 2220 detestandum
3417 2168 3547 2224 inde

1968 2248 2313 2318 abigehatur.
2350 2250 2549 2309 Graeca:
2593 2263 2777 2308 autem
2823 2257 3237 2326 superstitionis
3286 2261 3549 2321 observa-

1976 2341 2191 2396 toribus
2224 2342 2498 2411 praecipue
2531 2345 2585 2399 in
2618 2349 2860 2402 maximo
2890 2350 3047 2405 locus
3075 2351 3299 2408 habitus
3326 2365 3412 2410 est
3440 2357 3542 2411 ho-

1967 2449 2124 2489 nore.
2161 2433 2298 2488 Nam
2328 2445 2509 2490 statua
2546 2437 2621 2491 ibi
2649 2438 2922 2508 Apollinis
2952 2440 3208 2514 Daphnmi
3242 2446 3318 2517 (Ι)
3351 2465 3546 2520 magna

1974 2537 2266 2583 venustate
2316 2530 2639 2598 exsculpta,
2688 2544 2741 2585 et
2791 2535 3056 2604 templum
3110 2539 3541 2607 pulcherrimum

1967 2619 2257 2676 altitudine
2284 2629 2340 2677 et
2361 2623 2730 2696 amplitudine
2759 2626 3014 2694 miriﬁca,
3042 2630 3342 2687 artificiosa
3377 2650 3541 2690 manu

1968 2724 2346 2768 constructum
2394 2715 2542 2770 fuit:
2574 2719 2719 2789 quod
2755 2718 3047 2776 Seleucum
3074 2764 3089 2788 ,
3126 2725 3409 2789 Antiochi.
3450 2729 3544 2800 qui

1968 2805 2161 2860 urbem
2208 2822 2330 2861 eam
2381 2809 2486 2863 sub
2535 2824 2637 2864 suo
2688 2811 2914 2866 nomine
2967 2813 3255 2883 magniﬁce
3307 2819 3543 2886 primum

1966 2897 2246 2963 condidit,
2298 2908 2509 2968 patrem
2573 2903 2951 2960 construxisse
2994 2904 3204 2963 ierunt.
3261 2908 3545 2966 Creditum

1968 2990 2133 3045 etiam
2178 2992 2343 3062 longo
2391 3003 2637 3064 tempore
2672 3005 2752 3051 est
2777 3037 2793 3063 ,
2829 2984 3049 3069 aquam‘
3082 2998 3157 3052 ibi
3190 3014 3220 3054 e
3253 2999 3403 3056 fonte
3445 3001 3550 3057 Cu-

282 3094 384 3145 καὶ
421 3090 796 3159 προσηγορίαν
827 3086 1062 3140 ἐκείνου.
1093 3084 1232 3136 Φασὶ
1265 3082 1320 3135 δέ
1357 3082 1450 3136 καὶ
1483 3080 1751 3152 Ἀδριανῷ
1781 3079 1863 3151 τῷ

1971 3082 2131 3136 stalio
2160 3084 2575 3151 divinatricem,
2609 3086 2745 3145 nihil
2786 3104 3012 3159 prorsus
3043 3091 3112 3145 ab
3141 3092 3244 3146 alia
3281 3095 3373 3150 illa
3404 3097 3545 3168 apud

282 3185 504 3254 βασιλεῖ
533 3185 590 3235 ἐν
624 3182 857 3243 ἰδιώταις
888 3179 972 3231 ἔτι
1004 3178 1340 3246 ταττομένῳ,
1372 3173 1606 3230 ἐνταῦθα
1637 3187 1866 3245 προφοι-

282 3276 558 3345 ϐασθῆναι
587 3275 647 3326 τὸ
679 3272 875 3343 μέλλον
900 3289 914 3302 ⁸
946 3271 1156 3340 δάφνης
1185 3270 1293 3340 γὰρ
1321 3267 1519 3338 φύλλον
1544 3268 1866 3338 ἑμϐάψαντα

264 3376 348 3443 ⁴τῇ
391 3371 569 3439 πηγῇ,
600 3366 700 3438 τὴν
731 3364 825 3418 τοῦ
862 3364 1146 3435 μέλλοντος
1180 3361 1492 3435 ἀρύσασθαι
1526 3364 1863 3433 πρόγνωσιν,

280 3464 582 3534 γράμμασι
611 3455 1099 3528 καταμηνυθεῖσαν
1126 3453 1277 3527 αὐτῷ
1302 3470 1318 3486 ⁵
1350 3453 1473 3508 ἐπεὶ
1502 3453 1559 3507 δὲ
1590 3454 1686 3506 καὶ
1715 3452 1875 3518 τέλος,

278 3557 444 3625 ἔσχεν
468 3554 503 3623 ἡ
531 3552 834 3625 πρόρρησις
862 3551 948 3604 ἐπ’
971 3547 1140 3619 αὐτῷ,
1170 3549 1258 3602 ἵνα
1288 3547 1364 3619 μὴ
1395 3548 1488 3601 καὶ
1515 3545 1698 3610 ἄλλοις
1725 3544 1868 3601 οὕτω

277 3650 343 3702 τὸ
376 3646 572 3716 μέλλον
603 3644 899 3714 μανθάνειν
925 3640 1043 3727 ἐξῇ,
1067 3640 1284 3712 χώμασι
1314 3639 1529 3704 πολλοῖς
1553 3639 1655 3711 τὴν
1682 3637 1866 3710 πηγὴν

275 3743 569 3814 ἀφανίσαι.

353 4015 550 4072 ταῦτα
587 4012 687 4084 μὲν
718 4011 992 4081 Ἑλλήνων
1022 4008 1210 4072 παῖδές
1241 4022 1407 4076 φασιν
1429 4021 1443 4036 ⁶
1474 4007 1548 4071 ὡς
1578 4007 1635 4060 δὲ
1667 4007 1866 4071 Γάλλος

280 4115 505 4180 Καῖσαρ
528 4108 635 4179 πρὸ
656 4103 1037 4159 Κωνσταντίου
1058 4100 1458 4173 χειροτονηθεὶς
1481 4102 1538 4153 ἐν
1563 4100 1866 4172 Ἀντιοχείᾳ

274 4205 529 4277 διέτριϐε
552 4245 565 4268 ,
598 4203 696 4263 τὰς
729 4200 906 4252 ἐκεῖσε
934 4196 1045 4249 τῶν
1075 4194 1369 4265 βαρϐάρων
1398 4192 1743 4249 ἀναστέλλων
1773 4197 1866 4265 δρ-

276 4305 403 4374 μὰς
421 4317 437 4330 ·
468 4298 593 4351 ἐπεὶ
618 4291 945 4366 Χριστιανὸς
971 4289 1074 4355 ὣν,
1106 4292 1161 4353 ἐς
1186 4290 1253 4343 τὰ
1285 4289 1522 4359 μάλιστα
1550 4290 1714 4358 ἐτίμα
1740 4289 1867 4354 τοὺς

273 4394 434 4463 ὑπὲρ
470 4386 709 4459 Χριστοῦ
745 4384 840 4442 καὶ
869 4383 963 4437 τοῦ
996 4382 1266 4453 δόγματος
1299 4383 1563 4451 γενναίως
1593 4384 1865 4451 ἀγωνισα-

1970 3172 2226 3246 Delphos,
2252 3186 2312 3231 ut
2332 3177 2576 3244 nomine,
2620 3179 2701 3236 sic
2723 3182 2888 3238 etiam
2916 3183 3155 3240 efﬁcacia
3179 3186 3543 3257 dilicrctttem,
3592 3168 3607 3181 “

1966 3270 2313 3339 proﬂuxisse.
2351 3273 2513 3327 Fama
2557 3273 2689 3329 item
2734 3274 2869 3342 fert,
2913 3277 3155 3335 Adriano
3197 3281 3543 3349 imperatori,

1968 3378 2093 3418 cum
2123 3363 2369 3433 privatus
2395 3365 2577 3422 adhuc
2606 3379 2770 3434 esset,
2806 3386 3135 3441 responsum
3176 3373 3248 3427 ibi
3279 3375 3347 3430 de
3382 3378 3545 3432 rebus

1970 3455 2172 3511 futuris
2205 3456 2416 3510 editum
2466 3473 2622 3525 esse,
2665 3474 2907 3529 cumque
2944 3461 3084 3515 lauri
3134 3462 3267 3517 folio
3301 3466 3352 3518 in
3396 3466 3544 3525 fonte

1972 3547 2143 3619 tincto
2176 3545 2347 3601 futuri
2391 3549 2763 3619 cognitionem
2802 3551 3003 3606 litteris
3034 3552 3372 3627 designalam
3411 3556 3548 3613 hau-

1969 3640 2105 3695 SESse
2133 3655 2147 3693 :
2186 3649 2241 3694 et
2272 3654 2398 3693 eum
2432 3655 2754 3709 responsum
2789 3642 2842 3695 id
2881 3642 2947 3701 ad
2979 3645 3191 3699 exitum
3224 3662 3386 3700 somn
3424 3665 3547 3718 per.

1972 3731 2241 3794 venisset,
2289 3747 2358 3785 ne
2390 3731 2512 3787 aliis
2537 3748 2756 3802 quoque
2795 3733 2887 3800 alii
2913 3734 3168 3789 eumdem
3199 3738 3421 3793 modum
3457 3758 3546 3798 trs

1970 3824 2185 3879 htturas
2234 3840 2564 3895 cognoscere
2607 3827 2839 3894 liceret,
2888 3842 3084 3899 aggere
3115 3830 3289 3886 multo
3335 3832 3543 3889 fontem

1970 3918 2349 3973 obstruxisse.

2042 4009 2165 4065 llaec
2197 4010 2419 4079 quidem
2473 4011 2555 4066 sic
2600 4011 2772 4067 ϐπ·ωοί
2816 4012 3059 4070 tradunt.
3107 4015 3297 4072 Gallus
3337 4028 3544 4083 autem,
3622 4001 3631 4009 ’

1971 4100 2066 4153 ubi
2115 4099 2299 4155 C;esar
2348 4111 2434 4156 est
2484 4117 2515 4156 a
2565 4102 2893 4158 Constantio
2929 4115 3192 4172 creatus,
3239 4108 3547 4165 Antiochia:

1967 4195 2143 4257 vixit,
2189 4194 2561 4250 Barbarorum
2613 4195 2689 4250 ibi
2738 4197 3006 4267 impetum
3056 4209 3115 4255 et
3166 4200 3542 4259 incursionem

1970 4304 2345 4359 compescens.
2382 4289 2484 4345 llic
2519 4299 2579 4345 ut
2610 4287 2980 4358 Christianus,
3014 4309 3141 4348 eum
3177 4295 3413 4351 maxime
3452 4312 3549 4353 eos

1970 4383 2066 4453 qui
2098 4398 2197 4453 pro
2236 4382 2461 4438 Christo
2498 4391 2555 4438 et
2588 4381 2843 4453 dogmate
2876 4392 3065 4440 nostro
3098 4383 3319 4441 fortiter
3353 4387 3546 4443 decer-

277 4490 491 4560 μένους
513 4523 527 4546 ,
561 4480 701 4549 ἔγνω
730 4478 792 4550 δὴ
825 4476 917 4529 τὸν
946 4474 1123 4544 χῶρον
1154 4473 1253 4537 τῆς
1287 4476 1506 4543 μακρᾶς
1537 4473 1863 4542 δεισιδαιμο-

1972 4483 2179 4539 tarunt,
2213 4475 2321 4548 63
2377 4487 2763 4541 veneraretur,
2799 4476 2980 4531 locum
3016 4476 3176 4531 talem
3213 4493 3242 4532 a
3284 4478 3544 4533 diuturna

272 4582 407 4640 νίας
442 4576 540 4631 καὶ
572 4574 667 4627 τοῦ
704 4569 1008 4626 ἀκολάστου
1042 4568 1248 4637 τρόπον
1287 4567 1523 4636 μάλιστα
1559 4567 1866 4638 ἐκκαθᾶραι

273 4672 383 4726 καὶ
420 4664 752 4729 ἀπαλλάξαι.
788 4658 1033 4730 Νομίσας
1071 4654 1164 4710 οὖν
1200 4656 1275 4721 ὡς
1315 4657 1417 4710 οὐκ
1452 4656 1627 4719 ἄλλως
1666 4673 1729 4724 γε
1774 4673 1869 4709 πε-

278 4763 531 4835 ριέσοιτο
552 4755 647 4810 τοῦ
679 4753 882 4819 δεινοῦ,
910 4752 957 4804 εί
992 4749 1069 4821 μὴ
1095 4751 1383 4820 εὖκτήριον
1408 4752 1591 4803 ἐκεῖσε
1625 4751 1687 4820 δὴ
1718 4751 1868 4803 ἀντι-

277 4853 687 4919 καταστήσειεν
720 4841 871 4899 οἷκον
891 4884 906 4906 .
936 4842 1094 4896 τοῦτο
1125 4839 1184 4896 εὖ
1215 4843 1704 4914 διαπεπραγμένος
1724 4882 1737 4902 ,
1771 4841 1865 4895 καὶ

274 4952 389 5018 τὴν
423 4946 599 5013 θήκην
632 4938 853 4994 Βαϐύλα
882 4936 977 4990 τοῦ
1021 4938 1301 5007 μάρτυρος
1336 4937 1417 4997 είς
1448 4934 1657 5004 δάφνην
1697 4934 1866 5003 μετή-

278 5054 464 5109 γαγεν
486 5052 499 5065 ·
527 5034 583 5095 δς
613 5033 719 5099 πρὸ
746 5029 944 5082 πολλοῦ
972 5027 1244 5099 λαμπρῶς
1268 5026 1366 5097 τὴν
1400 5027 1719 5096 Ἀντιοχέων
1744 5029 1865 5079 ἐπι-

278 5128 594 5201 «ganeam,
622 5128 715 5179 ἐπὶ
741 5119 1125 5192 Νουμεριανοῦ
1155 5120 1420 5187 γενναίως
1446 5119 1538 5172 τὸν
1565 5120 1703 5190 ὑπὲρ
1732 5120 1868 5189 Χρι-

280 5225 418 5282 στοῦ
467 5221 654 5288 ἀγῶνα
692 5217 970 5286 διήνεγκε.
1017 5214 1090 5266 Τὸ
1131 5213 1189 5267 δὲ
1237 5214 1538 5282 μαρτύριον
1580 5212 1640 5277 ἐξ
1683 5212 1865 5275 αἰτίας

275 5316 549 5381 τοιαύτης
586 5310 734 5378 αὐτῷ
772 5306 1044 5377 προϐῆναι
1067 5321 1082 5334 ·
1118 5305 1417 5367 ἐπίσκοπος
1457 5304 1557 5373 μὲν
1590 5305 1698 5373 γὰρ
1733 5300 1803 5378 ἦν
1839 5307 1867 5356 ὁ

280 5410 538 5469 Βαϐὑλας
567 5424 579 5435 ·
625 5404 769 5457 κατὰ
810 5401 869 5453 δέ
916 5415 1038 5451 τινα
1079 5397 1313 5466 δαίμονα
1358 5396 1604 5466 γνώμην,
1651 5395 1867 5465 Νουμε.

283 5505 459 5575 ριανῷ
494 5500 631 5568 ἔρως
653 5494 941 5564 ἐμπεσεῖν,
968 5489 1283 5561 πληθούσης
1304 5488 1403 5557 τῆς
1427 5488 1725 5557 ἐκκλησίας
1755 5491 1840 5540 sic
1856 5516 1868 5527 .

277 5596 460 5648 ελθεῖν
494 5595 552 5644 ἐν
590 5588 729 5655 αὑτῇ
757 5599 773 5615 ⁸
807 5584 899 5636 τδν
931 5581 976 5634 δ’
1017 5582 1288 5651 ίεράρχην
1331 5581 1471 5633 κατὰ
1513 5580 1583 5634 τὰ
1616 5582 1867 5652 πρόθυρα

353 5705 433 5776 (Ι)
475 5702 535 5756 in
578 5697 851 5776 umbroso
878 5691 1271 5776 [iaphttteluco
1316 5691 1867 5776 Constantinusnlia-

280 5763 428 5850 gutta:
458 5771 624 5828 matri
662 5781 778 5822 suae
814 5764 1032 5817 Helenae
1077 5771 1315 5815 statuam
1347 5763 1659 5817 culicem-il.
1698 5763 1761 5818 El
1792 5765 1864 5819 οι)

622 5861 897 5922 Γηιιοι.
926 5856 1040 5915 Gtt.
1084 5853 1322 5917 CXLVI

1968 4569 2368 4638 superstitione
2424 4577 2482 4623 et
2535 4568 2787 4638 improbo
2835 4567 2930 4622 illo
2990 4582 3143 4622 more
3199 4569 3543 4626 liberandum

1971 4670 2136 4731 atque
2186 4658 2597 4731 repurgandum
2638 4660 2817 4717 duxit.
2859 4659 3153 4733 Postquam
3203 4670 3389 4718 autem
3436 4679 3544 4721 non

1968 4752 2131 4808 aliter
2163 4768 2224 4807 se
2261 4751 2467 4810 malum
2501 4760 2712 4805 tantum
2748 4750 3189 4822 exstirpaturum
3228 4766 3348 4807 esse
3388 4763 3551 4827 puta-

1966 4845 2077 4908 vit,
2133 4844 2240 4899 nisi
2296 4853 2488 4897 contra
2541 4845 2803 4913 templum
2856 4843 2912 4897 id
2985 4844 3256 4900 orationis
3318 4845 3546 4905 domum

1969 4943 2349 5001 construeret,
2386 4950 2553 5004 opere
2596 4950 2665 4990 eo
2714 4936 2940 5005 pulchre
2985 4936 3270 5006 perfecto,
3303 4938 3545 4995 loculum

1967 5030 2130 5084 etiam
2164 5028 2378 5101 Babylae
2404 5029 2662 5099 martyris
2688 5027 2743 5082 in
2780 5029 3045 5098 Daphnen
3082 5032 3411 5087 transtulit:
3443 5034 3545 5103 qui

1966 5132 2093 5175 ante
2126 5136 2299 5175 annos
2337 5121 2525 5190 plures
2554 5120 2914 5176 Antiochenze
2963 5123 3213 5179 ecclesiae
3253 5125 3545 5195 Splendide

1967 5214 2201 5268 antistes
2232 5213 2547 5281 praefuerat,
2583 5223 2641 5267 et
2665 5215 2767 5269 sub
2799 5214 3142 5273 Numeriano
3176 5217 3395 5272 fortiter
3425 5234 3547 5272 cer-

1971 5314 2151 5357 tamen
2199 5319 2299 5374 pro
2343 5302 2567 5359 Christo
2606 5306 2933 5375 pertulerat.
2986 5307 3225 5381 Martyrii
3275 5309 3395 5380 ejus
3427 5308 3546 5364 haec

1968 5410 2131 5450 causa
2169 5396 2314 5449 fuit:
2360 5397 2753 5468 Episcopatum
2794 5399 3026 5471 Babylas
3061 5404 3303 5471 geret-at.
3338 5401 3546 5456 Numeo

1970 5489 2187 5542 rianum
2237 5499 2423 5543 autem
2481 5491 2549 5546 de
2608 5490 2879 5547 dtemonis
2935 5494 3218 5564 cujusdam
3272 5497 3548 5551 sententia

1968 5578 2174 5649 cupido
2240 5581 2478 5644 invasit,
2535 5582 2826 5636 ecclesiam
2885 5583 3367 5651 Christianorum,
3420 5601 3546 5641 cum

1968 5710 2114 5773 eam_
2138 5710 2381 5773 catt_sam_
2405 5697 2587 5773 locum
2619 5712 2745 5754 cum
2774 5698 3164 5769 Αὖγουστεῖον,
3196 5700 3546 5773 Augusteum.

1968 5765 2295 5821 nominavit.
2328 5765 2532 5840 (Suid.)

3109 5864 3176 5929 1'1
