3970 6190
297 305 399 369 525

1220 305 1832 368 ECCLESIASTICIE
1871 302 2259 367 HISTORIA!
2299 304 2444 366 LIB.
2481 303 2552 362 Χ.

3437 304 3539 370 523

300 416 683 488 δεσμωτήριον
713 413 871 487 ἦγεν.
900 415 1036 471 Ἕνα
1064 416 1121 471 δέ
1155 417 1358 472 τούτων
1391 419 1600 489 προῆγε
1623 461 1638 485 ,
1667 419 1874 474 Θεόδω-

2004 434 2079 472 :os
2119 417 2214 488 qui
2260 417 2522 487 praecipui
2573 415 2626 470 in
2660 430 2724 471 ca
2766 430 2929 487 quam
2975 416 3214 472 diximus
3247 419 3543 487 psalmmlia

302 531 399 586 ρον
440 514 636 585 ὄνομα,
679 514 897 569 νεανίαν
939 515 1031 569 τὸν
1072 515 1266 591 χρόνον
1291 531 1308 548 ·
1347 515 1406 568 ὃν
1448 515 1734 568 κολάσεσιν
1773 515 1873 566 οὑκ

299 607 513 677 ὀλίγαις
546 607 857 674 ὑποϐαλὼν,
895 609 988 662 καὶ
1023 607 1167 680 ξύλῳ
1201 609 1604 678 βασανιστηρίῳ
1640 607 1872 675 ἀνήρτα.

313 700 541 764 Ἱκανῶς
580 702 641 755 δέ
682 701 1088 772 καταξανθῆναι
1133 702 1566 771 παρασκευάσας
1596 699 1657 752 τὸ
1696 699 1875 766 σῶμα,

302 793 430 846 ἐπεὶ
471 793 714 863 ἄληπτον
755 792 903 864 ἐώρα
944 793 1036 846 τὸν
1083 794 1356 865 μάρτυρα,
1402 795 1478 863 μὴ
1520 790 1878 862 λιπαροῦντα,

305 883 576 940 ἀνώδυνον
624 883 683 935 δὲ
731 877 846 936 οἷον
892 884 1182 951 φαίνεσθαι
1232 885 1604 956 παρεχόμενον
1631 901 1645 916 ·
1692 883 1878 953 ὥσπερ

302 976 417 1044 γὰρ
449 973 648 1045 θεατὴς
672 975 782 1028 τῶν
807 977 894 1029 ἐπ’
917 975 1066 1049 αὑτῷ
1095 979 1416 1048 γινομένων,
1445 979 1562 1032 ἀλλ’
1585 979 1684 1033 οὑκ
1715 978 1881 1046 dom-

304 1066 406 1136 τὴς
445 1067 556 1130 ὢν,
597 1067 840 1139 στερρῶς
873 1069 934 1122 τὸ
975 1072 1209 1141 πάσχειν
1244 1071 1625 1143 διεκαρτέρει,
1662 1071 1756 1124 καὶ
1790 1069 1880 1123 τὸν

308 1159 579 1230 πρότερον
611 1160 759 1224 αὖθις
797 1164 959 1233 ἐπῇδε
991 1163 1212 1232 ψαλμὸν
1233 1203 1248 1228 ,
1285 1163 1469 1234 ἔργοις
1501 1162 1766 1218 δεικνύων
1804 1160 1880 1230 μὴ

311 1250 474 1318 μέλον
499 1252 644 1321 αὑτῷ
669 1249 752 1315 οἷς
778 1253 907 1324 παρ’
929 1255 1134 1308 ἐκείνου
1158 1256 1418 1325 ήτάζετοο
1451 1255 1603 1325 μόλις
1626 1255 1747 1308 ἐλυε
1773 1253 1884 1306 τῶν

308 1340 522 1396 δεινῶν.
557 1335 689 1396 Τότε
722 1343 768 1396 δ’
790 1343 1014 1414 ἠφίετο,
1045 1345 1135 1404 ὅτε
1175 1346 1250 1416 μὴ
1282 1346 1382 1416 ζῇν
1415 1345 1498 1399 ἔτι
1531 1345 1609 1416 τῷ
1643 1345 1882 1414 κολαστῇ

309 1432 511 1487 ἐδόκει.
549 1433 790 1489 Ἑκείνου
819 1436 875 1489 δέ
902 1438 1000 1506 τὴν
1029 1436 1280 1492 ἔνστασιν
1309 1441 1368 1493 ἐν
1395 1438 1660 1509 ἐκπλήξει
1696 1437 1885 1490 ποιού-

314 1539 477 1591 μενος
505 1523 534 1576 ὀ
566 1524 889 1590 Σαλούστιος
911 1565 927 1590 ,
959 1529 1110 1598 παρά
1134 1528 1226 1581 τὸν
1257 1527 1484 1598 βασιλέα
1514 1529 1685 1582 ἐλθὼν
1715 1529 1888 1598 ἀνήγ-

312 1612 496 1679 γειλεν
520 1627 533 1642 ·
566 1611 644 1676 ὡς
680 1631 700 1663 ι
739 1611 802 1667 Εἰ
839 1615 914 1684 μὴ
948 1615 1264 1686 παύσαιμεν
1293 1616 1643 1686 Χριστιανοῖς
1677 1617 1888 1670 ἐπικεί-

316 1720 495 1772 μενοι,
543 1703 787 1774 ἐνδόξους
837 1706 938 1776 μέν
981 1707 1180 1767 αὑτοὺς
1225 1705 1439 1767 θᾶττον.
1488 1708 1548 1759 ἐν
1593 1707 1794 1775 γέλωτι
1840 1707 1886 1760 δ’

1979 510 2253 573 fuissent,
2309 509 2740 579 comprehensos
2787 519 3090 564 coerceret.
3144 510 3240 564 llle
3288 515 3545 580 quamvis

1979 617 2132 656 rante
2161 601 2475 658 Graecorum
2505 601 2752 670 religioni
2785 613 2931 658 esset
2958 603 3389 664 addictissimus,
3417 621 3549 659 cou-

1980 695 2166 750 silium
2207 694 2260 749 id
2295 703 2477 749 tamen
2516 709 2624 749 non
2669 695 2936 751 laudavit.
2971 695 3127 761 Quod
3177 705 3361 752 autem
3395 712 3550 752 man-

1983 788 2111 842 dato
2173 789 2523 856 imperatoris
2578 790 2834 844 reluctari
2923 790 3216 859 nequiret,
3279 791 3546 859 postridie

1982 880 2186 934 multos
2234 879 2578 935 Christianos
2617 880 3037 950 comprehendit
3091 890 3147 936 et
3201 880 3411 935 carceri
3466 880 3550 934 iu-

1982 971 2168 1025 clusit.
2218 969 2282 1024 Et
2326 971 2527 1025 deinde
2569 987 2635 1025 ex
2687 973 2769 1026 eis
2802 988 3004 1037 unum,
3055 972 3405 1025 Theodorum
3451 987 3544 1024 no.

1987 1065 2170 1127 mine,
2220 1064 2626 1120 adolescentem
2673 1065 2881 1126 adhuc,
2928 1067 3204 1135 produxit.
3249 1067 3384 1120 Eum
3427 1079 3550 1119 cum

1985 1159 2274 1216 tormentis
2306 1159 2619 1226 ingentibus
2646 1159 3015 1222 subdidisset,
3071 1169 3127 1214 et
3180 1158 3246 1214 ad
3305 1159 3547 1227 stipitem

1985 1251 2275 1304 tortorium
2309 1250 2595 1320 suspendi,
2628 1266 2943 1321 corpusque
2976 1252 3095 1321 ejus
3134 1251 3268 1305 satis
3302 1251 3551 1305 diverbc.

1986 1342 2096 1398 rari
2130 1351 2185 1398 et
2213 1343 2427 1399 concidi
2458 1353 2728 1406 curasset,
2765 1344 2911 1413 quod
2947 1353 3246 1414 martyrem
3282 1343 3548 1397 invictum

1985 1448 2108 1488 esse
2156 1432 2416 1497 videret,
2469 1449 2577 1490 nou
2626 1433 3014 1502 deprecantem
3043 1475 3056 1497 ,
3119 1448 3300 1502 neque
3349 1432 3556 1486 doloris

1986 1527 2216 1596 alicujus
2243 1527 2508 1582 indicium
2553 1529 2884 1597 praebentem
2935 1527 3183 1599 (perinde
3213 1528 3358 1584 enim
3390 1535 3553 1594 atque

1988 1634 2099 1672 non
2131 1627 2374 1673 certator
2401 1618 2542 1687 ipse,
2569 1618 2665 1673 sed
2696 1628 2973 1688 spectator
3001 1633 3192 1673 earum
3225 1633 3406 1672 rerum
3432 1634 3554 1686 qua:

1989 1709 2044 1768 in
2083 1723 2152 1764 eo
2205 1708 2432 1772 ﬁebant,
2475 1717 2641 1773 esset,
2691 1717 3007 1766 constanter
3052 1709 3330 1763 cruciatus
3377 1707 3556 1775 peric-.-

315 1797 466 1865 ἡμᾶς
511 1797 590 1866 τῷ
641 1797 805 1851 παντὶ
850 1797 1131 1854 κείσεσθαι
1177 1799 1482 1869 πράξομεν.
1535 1817 1555 1855 ι
1608 1798 1886 1864 Δοξοὶντων

2004 1800 2168 1867 rebat,
2203 1810 2260 1856 et
2307 1801 2628 1858 beSteruum
2679 1802 2830 1856 illum
2877 1800 3208 1856 concinebat
3253 1799 3553 1861 Psalmum,

314 1887 360 1944 δ’
388 1889 444 1940 ἐν
471 1888 718 1958 ἀμείνονι
746 1889 888 1944 εἶναι
918 1889 954 1943 ἃ
983 1890 1305 1953 Σαλούστιος
1333 1891 1550 1959 ἔλεγεν,
1581 1892 1885 1962 ἀφείθησαν

314 1979 365 2032 οἱ
388 1979 685 2050 δεσμῶται.
715 1980 993 2053 Θεόδωρος
1015 1983 1060 2034 δ’
1079 1982 1284 2036 ἐπεϐίω
1311 1982 1448 2052 μετὰ
1470 1981 1569 2053 τὴν
1591 1983 1887 2052 ὁμολογίαν

314 2075 509 2143 χρόνον
552 2073 770 2144 συχνόν.
818 2073 1054 2142 Λέγεται
1084 2076 1152 2128 ’δὲ
1193 2075 1339 2145 μετὰ·
1372 2076 1567 2140 ταῦτα,
1611 2076 1888 2142 Ῥουφῖνον

315 2166 584 2236 εὑρόντα,
634 2166 694 2227 ὃς
743 2166 810 2220 τὰ
865 2167 1298 2238 ἐκκλησιαστικα
1339 2168 1624 2237 Ῥωμαίων
1671 2167 1890 2239 γλώττῃ

315 2257 556 2321 ἐξέθετο,
580 2254 808 2327 ’ἔρεσθαι
840 2256 996 2329 εἴπερ
1027 2259 1282 2329 αῐσθησιν
1309 2260 1420 2313 τῶν
1448 2259 1636 2318 δεινῶν
1664 2259 1889 2328 πάσχων

318 2347 458 2420 εἶχε,
488 2352 581 2403 καὶ
611 2351 662 2404 εί
691 2349 957 2414 ἀνώδυνος
986 2351 1148 2426 ἔφερε
1172 2353 1271 2415 τὰς
1302 2352 1517 2423 πληγάς
1541 2369 1555 2384 ⁸
1588 2353 1680 2406 τὸν
1706 2352 1762 2412 δὲ
1791 2355 1904 2423 φά-

321 2460 432 2506 ναι,
461 2443 532 2505 ὡς
565 2442 742 2513 πάντη
780 2443 879 2512 μὲν
909 2445 1010 2497 οὑκ
1038 2439 1106 2512 ἦν
1136 2443 1403 2507 ἀνώδυνος
1425 2460 1441 2475 ⁸
1475 2444 1804 2515 παρεστῶτα
1835 2445 1892 2498 δέ

321 2551 441 2591 τινα
488 2534 738 2598 νεανίαν,
787 2534 1070 2602 ὑφάσματι
1117 2535 1442 2607 λεπτοτάτῳ
1483 2537 1611 2600 τοὺς
1659 2536 1893 2606 ἱδρῶτας

323 2627 428 2691 μὲν
459 2625 795 2694 ἁπομὰττειν
814 2667 828 2689 ,
866 2625 1010 2697 ὕδωρ
1040 2628 1087 2680 τ’
1113 2627 1352 2698 ἐπιχέειν
1386 2628 1536 2697 μάλα
1569 2629 1778 2700 ψυχρὸν
1799 2669 1814 2691 ,
1849 2624 1894 2698 ᾦ

326 2722 423 2780 τας
450 2716 560 2769 τῶν
587 2717 764 2770 πόνων
788 2717 1018 2789 ἀνὲψυχε
1048 2720 1388 2790 φλεγμονὰς,
1415 2721 1512 2774 καὶ
1537 2721 1596 2777 τὸ
1622 2722 1758 2778 πολὺ
1783 2721 1894 2774 τῶν

1987 1893 2095 1964 65
2137 1894 2316 1964 reipsa
2356 1895 2494 1949 nihil
2535 1894 2603 1948 ad
2652 1909 2712 1948 se
2748 1894 3029 1963 pertinere
3074 1909 3197 1963 quas
3237 1893 3306 1947 ab
3354 1907 3422 1946 eo
3462 1908 3558 1961 pcrr

1987 1986 2345 2056 qumsﬁonem
2371 1987 2816 2056 requirebantur,
2847 1986 3190 2056 ostendens),
3216 1986 3304 2040 vix
3332 1986 3552 2040 tandem

1989 2079 2158 2133 tantis
2191 2078 2374 2148 pmnis
2401 2079 2677 2134 liberavit.
2711 2078 2766 2142 Id
2807 2079 2954 2149 quod
2990 2088 3106 2136 tum
3140 2078 3360 2133 domum
3399 2077 3552 2139 fecit,

1989 2185 2114 2226 cum
2142 2171 2253 2240 jam
2298 2171 2604 2227 tortoribus
2633 2172 2748 2228 vita
2775 2173 3070 2232 destitutus
3099 2186 3220 2228 esse
3252 2171 3556 2226 videretur.
3599 2233 3605 2242 ι

1990 2262 2169 2331 Atque
2214 2262 2364 2317 illius
2402 2272 2609 2318 tantam
2655 2262 3036 2324 fortitudinem
3084 2273 3142 2320 et
3188 2262 3558 2319 constantiam

1991 2372 2114 2411 cum
2156 2364 2384 2425 stupore
2414 2357 2718 2412 admiratus
2753 2358 3050 2418 Salustius.
3088 2359 3179 2413 ubi
3211 2357 3277 2411 ad
3320 2357 3562 2426 imperas

1993 2455 2169 2506 torem
2216 2449 2405 2514 venit,
2465 2448 2578 2504 Nisi
2598 2489 2621 2514 ,_,
2671 2450 2884 2518 inquit,
2929 2450 3273 2507 Christianos
3323 2448 3564 2518 afﬂigere

1995 2539 2387 2611 destiterimus,
2414 2541 2548 2610 ipsis
2578 2540 2806 2610 quidem
2834 2542 3051 2601 laudem
3073 2551 3130 2600 et
3150 2541 3381 2612 gloriam
3407 2541 3594 2596 brevi-

1997 2632 2344 2702 parabimus,
2395 2647 2496 2686 nos
2519 2643 2702 2690 autem
2755 2633 3019 2689 ridendas
3063 2635 3322 2689 omnibus
3364 2649 3568 2704 propo-

2000 2738 2212 2778 nemus.
2253 2741 2272 2774 ι
2307 2723 2478 2778 Porro
2519 2723 2746 2778 Salustii
2779 2725 3057 2780 sententia
3102 2725 3357 2789 laudata,
3387 2735 3445 2780 et
3474 2741 3568 2779 ea-

327 2810 638 2878 ἅλγηδόνων
682 2809 879 2881 ὑφῄρει
905 2826 922 2844 ⁸
964 2812 1374 2884 ἐπιρῤωννὺντα
1415 2813 1477 2866 τὺ
1516 2813 1760 2884 πνεῦμα,
1800 2814 1897 2868 καὶ

2004 2814 2135 2884 ptivi
2167 2814 2244 2868 illi
2283 2814 2494 2869 dimissi
2539 2824 2699 2881 sunt,
2738 2826 2794 2870 et
2837 2816 3164 2874 Theodorus
3200 2825 3324 2887 post
3353 2817 3570 2873 confes-

325 2904 570 2975 ἄρρητον
596 2904 805 2957 ἐνιέντα
834 2903 933 2973 τὴν
960 2904 1150 2973 τέρψιν
1176 2906 1286 2967 τοῖς
1320 2906 1525 2968 πίνοις.
1561 2906 1667 2964 Καί
1697 2922 1788 2974 μοι
1814 2906 1899 2958 δο-

2004 2908 2214 2962 sionem
2258 2924 2377 2962 eam
2410 2909 2576 2978 longo
2621 2909 2758 2970 vixit
2803 2917 3074 2980 tempore.
3127 2911 3338 2969 Dicitur
3386 2921 3569 2972 autem

326 2999 438 3059 κεῖ,
472 2995 547 3066 μὴ
577 2995 920 3066 ἀνθρώπινον
949 2992 1089 3051 εἶναι
1119 2995 1262 3054 οὗτοι
1291 2997 1388 3055 τοῦ
1423 2997 1670 3067 σώματος
1701 2998 1895 3072 ὑπερι-

2004 3009 2190 3071 postea
2216 3001 2468 3064 Ruﬁnus,
2491 3002 2585 3072 qui
2612 3001 2897 3064 historiam
2926 3004 3354 3060 ecclesiasticam
3378 3005 3573 3062 Latine

322 3091 464 3154 δεῖν,
499 3093 573 3164 μὴ
603 3091 702 3162 τῆς
737 3090 889 3156 θείας
923 3091 1340 3162 προηγουμένης
1372 3093 1566 3162 ῥοπῆς.

2004 3095 2200 3159 vertit,
2244 3093 2424 3147 virum
2456 3107 2582 3154 eum
2623 3093 2920 3162 aliquando
2953 3106 3284 3151 conventum
3328 3112 3572 3167 rogasse,

323 3186 668 3240 sensissetne
717 3197 998 3252 poenarum
1079 3191 1386 3247 tormenta,
1438 3198 1505 3238 an
1552 3184 1739 3255 plagas
1789 3183 1925 3244 citra
1966 3185 2212 3244 dolorem
2260 3199 2481 3244 omnem
2559 3186 2926 3256 pertulisset?
2971 3189 3072 3242 Cui
3127 3189 3219 3251 ille
3267 3191 3574 3260 respondit,

322 3295 443 3336 non
475 3295 536 3334 se
565 3277 790 3349 quidem
823 3280 942 3334 siue
991 3294 1157 3336 sensu
1189 3279 1495 3333 cruciatum
1547 3279 1754 3336 fuisse:
1800 3281 2208 3338 adolescentem
2257 3291 2442 3338 autem
2505 3283 2798 3351 quemdam
2841 3282 2947 3336 sibi
3000 3281 3348 3336 assistentem
3407 3281 3576 3338 fascia

326 3373 658 3430 tenuissima
683 3373 944 3428 sudorem
970 3373 1318 3434 abstersisse,
1342 3381 1400 3429 et
1455 3389 1650 3444 aquam
1711 3375 1964 3446 frigidam
2006 3376 2275 3431 infudisse
2297 3417 2312 3442 ,
2351 3390 2460 3444 qua
2500 3375 2754 3430 dolorum
2785 3375 3037 3429 ardorem
3077 3375 3432 3437 relocillarit,
3467 3385 3579 3428 lOl'v

321 3479 758 3537 mentorumque
806 3468 916 3522 vim
957 3467 1246 3522 sustulerit
1279 3483 1295 3522 :
1343 3466 1563 3537 spiritui
1609 3477 1874 3536 praeterea
1914 3483 2015 3522 suo
2081 3469 2253 3524 robur
2312 3469 2599 3531 indidisse,
2629 3477 2686 3522 et
2715 3467 3101 3524 incredibilem
3132 3469 3184 3520 in
3221 3467 3384 3522 tantis
3424 3469 3576 3523 Ιεώοτ

249 3570 260 3579 ·
321 3560 492 3615 ribus
537 3559 938 3629 iucunditatem
989 3558 1388 3628 suppeditasse.
1427 3558 1558 3614 Mihi
1603 3568 1752 3622 certe
1801 3560 2046 3623 hominis
2084 3577 2203 3627 esse
2273 3578 2384 3618 non
2435 3563 2687 3630 videtur,
2734 3578 2936 3639 corpus
3013 3561 3192 3631 ipsum
3257 3562 3333 3618 ita
3393 3561 3576 3632 despi.

320 3669 485 3718 cere,
511 3654 620 3714 nisi
651 3653 898 3710 divinum
929 3664 1127 3724 praesto
1153 3653 1225 3708 sit
1258 3653 1545 3712 auxilium.

409 3791 661 3846 Τοσαῦτα
699 3792 794 3860 μὲν
827 3792 958 3860 περὶ
989 3790 1083 3844 τοῦ
1119 3790 1436 3861 θαυμαστοῦ
1473 3789 1774 3860 Θεοδώρου.
1813 3790 1907 3843 Ἐκ
1934 3782 1977 3838 C

319 3887 538 3955 ταᾶτης
565 3885 628 3951 δὴ
652 3886 747 3954 τῆς
776 3883 947 3946 αἰτίας
973 3885 1001 3942 ὁ
1029 3884 1239 3953 μάρτυς
1269 3882 1511 3947 Βασὺλας
1539 3885 1596 3935 ἰν
1621 3885 1688 3953 τῇ
1715 3882 1904 3957 Δάφνῃ

322 3978 584 4056 ἀπήχθη,
613 3978 705 4030 καὶ
735 3975 891 4038 αὖθις
923 3976 1254 4045 μετεκινήθη
1284 3973 1516 4033 ἐκεῖθεν.
1543 3975 1698 4029 Μετὰ
1727 3974 1785 4026 δὲ
1815 3992 1906 4044 μι-

328 4076 475 4142 κρὸν
496 4113 512 4136 ,
541 4071 653 4139 πῦρ
686 4068 953 4137 αἰφνίδιον
985 4067 1222 4138 ἐμπεσὸν
1256 4067 1332 4136 τῷ
1368 4067 1472 4136 νεῷ
1504 4065 1598 4119 τοῦ
1631 4065 1904 4135 Δαφναίου

341 4163 720 4227 Ἀπόλλωνος,
755 4160 917 4213 αὑτόν
948 4175 1008 4211 τε
1043 4157 1140 4216 καὶ
1173 4159 1232 4212 τὸ
1265 4158 1489 4228 ἄγαλμα
1527 4159 1620 4210 καὶ
1653 4159 1751 4228 τὴν
1785 4159 1907 4228 ὄρος-

332 4258 454 4326 φὴν
485 4259 663 4314 πᾶσαν
696 4255 774 4316 είς
807 4255 1014 4324 τέφραν
1045 4251 1241 4311 ἐποίει.
1280 4252 1367 4304 Ἑν
1400 4252 1602 4322 ἀκαρεῖ
1633 4251 1690 4310 δέ
1727 4251 1907 4307 πάντα

331 4347 488 4419 ἦσαν
526 4345 706 4420 γυμνὰ
731 4383 747 4410 ,
783 4345 837 4397 οῖ
867 4361 928 4404 τε
959 4347 1130 4416 τοῖχοι
1153 4343 1272 4410 ςκαὶ
1310 4344 1361 4403 οί
1403 4341 1686 4414 περίϐολοι
1727 4345 1822 4396 καὶ
1858 4343 1910 4398 οἱ

337 4443 454 4510 πρὸ
481 4441 588 4494 τῶν
618 4439 800 4500 πυλῶν
829 4437 1025 4503 κίονες,
1058 4439 1150 4490 καὶ
1178 4439 1205 4490 ὁ
1234 4436 1615 4508 ὀπισθόδομος.
1645 4435 1752 4488 Καὶ
1778 4433 1914 4505 Χρι-

341 4535 590 4594 στιανοῖς
634 4532 729 4601 μὲν
764 4530 940 4590 ἐδόκει
973 4529 1033 4582 τὸ
1071 4529 1180 4598 πῦρ
1212 4529 1292 4602 τῷ
1326 4528 1541 4597 δαίμονι
1582 4526 1912 4596 προσϐαλεῖν

341 4625 718 4695 αἰτησαμένου
759 4621 856 4676 τοῦ
903 4624 1182 4694 μάρτυρος
1207 4638 1222 4654 ’
1252 4621 1511 4692 ’Έλληνες
1552 4621 1609 4675 δέ
1648 4620 1709 4674 τὸ
1751 4619 1916 4690 ἔργον
1970 4613 1978 4618 ⁷

342 4721 691 4790 Χριστιανοῖς
728 4715 1024 4777 ἐνετίθουν.
1061 4715 1155 4768 Ἐκ
1194 4712 1259 4786 δὴ
1292 4713 1498 4784 ταύτης
1531 4713 1630 4783 τῆς
1670 4711 1848 4774 αἰτίας
1888 4713 1917 4764 ό

342 4813 446 4866 τοῦ
475 4811 578 4864 νεὼ
605 4811 786 4880 ἱερεὺς
815 4809 893 4871 είς
924 4807 1170 4871 ἐξέτασιν
1195 4807 1362 4879 ἦγετο
1389 4805 1798 4876 καταμηνύσων
1824 4805 1918 4862 τὸν

345 4905 650 4974 τολμητὴν.
680 4903 790 4956 Καὶ
821 4900 884 4970 δὴ
916 4900 1118 4964 πολλὰς
1149 4899 1388 4964 ὑποστὰς
1418 4899 1707 4970 βασάνους,
1738 4900 1832 4952 καὶ
1862 4899 1922 4951 ἐν

349 5000 573 5067 δεσμοῖς
622 4994 884 5069 γεγονὼς,
932 4993 1134 5064 ἥκιστά
1180 5010 1302 5046 τινα
1350 4989 1465 5063 εἶχε
1515 4990 1918 5062 καταμηνύειν.

2083 3788 2210 3844 lla-c
2259 3788 2328 3844 de
2380 3788 2706 3846 admirando
2762 3790 2867 3844 isto
2914 3791 3229 3847 Theodoro.
3275 3794 3450 3862 Atque
3501 3791 3573 3846 oh

2013 3897 2133 3936 eam
2185 3899 2304 3953 qua:
2348 3882 2494 3936 dicta
2550 3893 2635 3936 est
2685 3898 2937 3952 causam,
2989 3884 3218 3955 Baliylas
3264 3895 3470 3956 martyr
3519 3885 3576 3940 in

2013 3975 2278 4044 Daphnen
2309 3976 2627 4038 translatus,
2660 3986 2824 4048 atque
2856 3977 2981 4031 inde
3007 3993 3202 4031 rursus
3227 3977 3579 4046 deportatus.

2016 4067 2172 4123 Brevi
2226 4082 2356 4122 vero
2418 4077 2542 4138 post
2602 4072 2951 4139 repentinum
3004 4071 3319 4124 incendium
3372 4071 3425 4125 in
3484 4071 3588 4124 Da-

2019 4161 2199 4230 phnaei
2248 4161 2518 4231 Apollinis
2566 4162 2828 4230 templum
2883 4163 3111 4226 incidit,
3176 4179 3286 4232 quo
3342 4163 3396 4218 id
3459 4179 3585 4219 cum

2019 4262 2167 4308 tecto
2197 4253 2346 4308 omni
2382 4265 2436 4308 et
2474 4253 2594 4322 ipso
2623 4254 2713 4309 dei
2753 4255 3048 4312 simulacro
3087 4255 3443 4326 conflagravit
3473 4274 3486 4309 :
3533 4268 3586 4309 et

2019 4345 2178 4416 quasi
2235 4347 2502 4414 temporis
2550 4357 2832 4402 momento
2891 4350 3145 4416 protinus
3204 4349 3350 4401 nuda
3403 4347 3588 4402 omnia

2022 4453 2368 4508 apparuere,
2419 4438 2562 4492 muri
2607 4440 2817 4494 scilicet
2857 4440 2957 4508 ipsi
3005 4454 3129 4494 cum
3167 4439 3335 4492 lorica
3369 4453 3498 4505 sua,
3536 4447 3594 4502 et

2022 4532 2292 4586 columna}
2324 4546 2448 4602 quae
2492 4531 2827 4602 propylteum
2862 4540 2918 4591 et
2959 4531 3232 4598 posticum
3280 4529 3465 4596 templi
3502 4544 3591 4582 sa-

2024 4623 2266 4678 crarium
2344 4621 2741 4676 sustinuerant.
2794 4620 3089 4677 Christiani
3162 4619 3479 4679 incendium
3538 4619 3590 4672 id

2027 4712 2297 4776 dmmoni,
2368 4721 2606 4782 martyre
2665 4719 2925 4779 petente,
2979 4711 3246 4768 accidisse
3289 4718 3588 4780 putarunt;
3689 4761 3696 4778 ,

2027 4800 2202 4856 (ἱεωοὶ
2246 4801 2313 4853 ad
2356 4799 2704 4861 Christianos
2749 4809 3004 4860 auctores
3038 4799 3300 4855 retulere.
3346 4801 3418 4855 Ea
3447 4811 3595 4856 certe
3688 4803 3693 4810 ’

2031 4893 2252 4968 quidem
2287 4894 2354 4948 de
2399 4907 2564 4947 causa
2608 4891 2798 4967 templi
2844 4891 3102 4951 sacerdos
3138 4892 3430 4952 tormentis
3462 4893 3598 4948 sub-
3651 4863 3696 4960 ,ί

2033 4986 2181 5042 ditus
2211 4993 2316 5048 est,
2353 4993 2411 5036 ιιι
2444 4983 2842 5037 incendiarium
2884 4983 3154 5043 indicaret
3190 5001 3203 5044 ;
3246 4985 3338 5039 sed
3381 4984 3598 5045 crucia-
3691 4993 3694 4996 ‘

357 5095 424 5143 ’Ὀ
455 5090 520 5160 δὴ
545 5089 907 5158 Χριστιανοὺς
936 5087 1029 5139 ἐπὶ
1060 5086 1204 5156 μέγα
1229 5081 1332 5162 ἦρε
1353 5102 1367 5116 ο
1399 5085 1476 5155 μὴ
1503 5083 1625 5140 κατ’
1648 5081 1902 5153 ἀνθρωπίη

2035 5078 2182 5138 tibus
2229 5077 2416 5137 multis
2456 5077 2704 5137 toleratis
2741 5079 2793 5131 in
2830 5078 3105 5143 vinculis,
3144 5079 3390 5137 indicare
3425 5077 3600 5132 nemi—

353 5201 455 5250 νην
487 5181 796 5250 ἐπιϐουλὴν,
831 5178 952 5252 θεία
979 5179 1034 5230 δέ
1070 5177 1250 5248 μήνιδι
1282 5178 1341 5230 τὸ
1373 5175 1483 5247 πῦρ
1511 5175 1589 5245 τῷ
1619 5174 1724 5245 νεῷ
1754 5191 1926 5226 κατα-

357 5275 587 5345 σκῆψαι.
617 5273 726 5326 Καὶ
760 5273 828 5331 τὰ
863 5272 962 5342 μὲν
995 5265 1096 5324 ὧδε
1131 5269 1279 5342 εἶχεν
1304 5287 1318 5301 ⁸
1352 5272 1417 5326 ἐκ
1451 5269 1508 5322 δὲ
1540 5269 1648 5321 τῶν
1685 5265 1930 5339 συμϐάν-

355 5386 466 5422 των
500 5367 576 5436 τῴ
611 5367 710 5435 τῆς
746 5367 962 5433 Δάφνης
997 5363 1103 5434 νεῷ
1126 5403 1140 5428 ,
1173 5364 1246 5424 ὣς
1283 5379 1345 5430 γε
1381 5360 1622 5427 εἰκάζειν
1655 5360 1808 5425 ἔστι,
1843 5358 1932 5412 διὰ

362 5462 610 5516 Βισύλαν
639 5462 732 5512 τὸν
764 5460 1040 5530 μάρτυρα,
1072 5457 1259 5526 μαθὼν
1293 5455 1580 5518 Ἰουλιανὸς
1612 5456 1706 5506 καὶ
1737 5454 1931 5514 ἄλλους

2034 5187 2161 5226 nem
2213 5170 2416 5240 potuit.
2472 5169 2604 5236 Quae
2662 5186 2751 5225 res
2807 5169 3137 5230 Christianis
3188 5185 3395 5238 magna:
3450 5167 3600 5229 laudi

2040 5264 2163 5317 fuit.
2184 5264 2249 5317 Et
2284 5262 2534 5323 homines
2571 5263 2822 5340 plerique
2861 5279 2970 5323 non
2997 5263 3242 5324 mortalis
3276 5261 3598 5333 cujusquam

2040 5355 2289 5421 insidiis,
2339 5356 2433 5414 sed
2479 5355 2667 5410 divina
2704 5358 2944 5410 vindicta
2992 5357 3253 5425 templum
3297 5353 3348 5406 id
3395 5351 3601 5410 conﬂa-

2035 5463 2255 5520 grasse,
2297 5449 2421 5518 igne
2453 5449 2670 5503 C(Blitus
2705 5448 2980 5513 demisso,
3028 5446 3439 5500 existimarunt.
3477 5443 3604 5498 llztc

357 5556 538 5616 οἴκους
582 5549 726 5609 εἶναι
767 5551 1032 5620 μάρτυσιν
1063 5549 1403 5618 ἀνειμένους,
1439 5545 1672 5615 ἄγχιστα
1706 5545 1801 5597 τοῦ
1843 5549 1902 5597 Δι

2037 5545 2116 5598 sic
2147 5557 2205 5596 se
2241 5541 2508 5595 habuere.
2537 5541 2807 5595 Caeterum
2838 5555 2961 5595 cum
2993 5538 3126 5592 satis
3151 5537 3410 5607 colligere
3439 5552 3504 5592 ex
3536 5553 3603 5594 co

359 5645 591 5716 δυμαίου
627 5639 986 5702 ’Δπόλλωνος,
1018 5636 1077 5698 ὃς
1108 5639 1216 5703 πρὸ
1241 5636 1337 5704 τῆς
1369 5635 1618 5704 Μιλήτου
1651 5633 1789 5696 ἐστὶ,
1822 5636 1933 5696 τοῖς

487 5777 492 5782 ,
536 5732 753 5811 Καρίαν
795 5730 1036 5807 ἐγραιρεν
1079 5730 1342 5798 ἡγεμόσιν
1369 5741 1384 5757 °
1431 5729 1479 5781 ει
1528 5727 1604 5800 μὴ
1648 5725 1934 5800 τράπεζαν

2038 5631 2184 5700 quod
2217 5631 2419 5685 factum
2449 5639 2570 5684 erat
2591 5670 2605 5693 ,
2639 5630 2864 5694 liceret,
2900 5629 3110 5682 cladem
3155 5641 3275 5682 eam
3308 5627 3511 5696 templo
3544 5627 3602 5689 in

2043 5721 2267 5798 Daphne
2338 5727 2560 5794 propter
2621 5725 2918 5788 martyrem
2985 5715 3240 5779 Babvlam
3298 5713 3602 5784 accidisse,
