3986 6190
443 249 551 314 53f)

1670 269 2093 336 NICEPIIORI
2137 279 2475 344 CALLISTI

3583 289 3706 357 540

439 379 622 438 insse.
651 385 816 437 quam
849 371 1029 426 verbis
1054 373 1280 428 disertis
1317 387 1566 433 veterum
1614 383 2006 450 prophetarum

2117 391 2304 446 όντων.
2341 397 2403 446 Οί
2437 397 2535 464 μὲν
2573 395 2664 450 οὖν
2702 395 2845 450 οὕτω
2892 399 3094 469 σπουδῇ
3127 398 3218 453 τοῦ
3256 399 3420 470 ἔργον
3453 402 3703 470 εῖχοντοο

439 460 658 514 oracula
684 461 954 528 denegem
981 472 1035 516 et
1061 467 1325 522 abnuant.
1348 469 1620 526 Caeterum
1657 480 1794 530 'cum
1857 487 2008 533 tanto

440 549 626 604 studio
656 552 721 605 ad
754 553 807 606 id
859 567 998 624 opus
1055 555 1360 622 ferrentur,
1409 563 1730 634 quicunque
1779 568 1832 621 in
1889 582 2009 625 arte

440 641 799 696 a-difieiorum
831 647 1242 702 coudendorum
1269 652 1513 710 celebres
1547 667 1733 710 essent
1778 674 2012 730 congre-

437 733 596 800 gatis,
617 735 893 788 materiam
915 737 980 790 ad
999 747 1327 796 structuram
1344 759 1562 800 omnem
1588 763 2006 820 compararunt,

331 898 344 910 χ
440 824 727 893 lucumque
757 826 934 894 ipsum
973 830 1260 898 splendide
1302 849 1711 907 repurgaruut:
1753 853 1810 896 et
1860 860 2010 898 sum-

440 922 542 980 ptts
567 929 632 968 ex
696 917 918 985 publico
973 921 1261 991 impensis,
1322 937 1611 997 argenteos
1667 934 1835 987 etiam
1887 935 2004 990 fieri

435 1017 698 1061 curarunt
719 1007 952 1078 ligones.
987 1011 1161 1067 Tanto
1190 1032 1319 1069 vero
1363 1017 1415 1070 in
1451 1034 1613 1089 Opere
1650 1023 1742 1076 tali
1809 1026 2007 1081 ardore

437 1093 610 1162 fuere,
639 1107 695 1152 et
723 1100 1002 1159 alacritate
1030 1116 1175 1160 tanta
1195 1107 1571 1175 elaborarunt,
1602 1124 1659 1168 ut
1705 1115 1835 1184 ipsae
1885 1134 2008 1173 mu-

438 1187 598 1241 lieres
635 1189 688 1242 in
722 1192 845 1246 sinu
874 1195 1228 1268 vestibuSque
1254 1201 1367 1254 suis
1408 1216 1764 1274 purgamenta
1803 1225 2006 1278 expor-

437 1280 605 1334 tarint
642 1298 658 1336 :
686 1294 740 1338 et
768 1301 1109 1358 quaecunque
1142 1291 1223 1346 eis
1255 1305 1440 1349 essent
1477 1299 1726 1364 monilia,
1757 1315 1813 1356 et
1847 1319 2009 1359 mun-

435 1371 566 1425 dum
598 1377 922 1432 muliebrem
948 1396 1165 1436 omnem
1235 1399 1342 1440 non
1375 1399 1596 1458 gravate
1656 1392 1710 1446 in
1763 1402 2006 1451 structu-

439 1479 549 1516 ram
583 1480 703 1519 eam
732 1467 1118 1537 impenderim.
1150 1473 1217 1528 Et
1248 1479 1499 1546 quamvis
1527 1481 1700 1537 Graeci
1732 1485 1907 1541 aliena
1939 1488 2007 1544 ab

437 1555 541 1608 iliis
578 1567 758 1612 esseut
788 1561 1088 1630 voluntate,
1127 1576 1307 1623 tamen
1343 1580 1400 1626 et
1434 1573 1533 1642 ipsi
1565 1592 1666 1632 eos
1717 1578 1772 1632 in
1819 1581 2007 1638 studio

433 1658 488 1698 et
523 1647 708 1704 labore
736 1667 800 1704 eo
822 1653 1179 1726 adjuvarunt,
1213 1675 1472 1718 conatum
1505 1668 1666 1722 talem
1696 1671 1763 1724 ad
1799 1675 2004 1728 exitum

430 1753 592 1793 suum
627 1744 950 1809 perductum
999 1749 1064 1805 iri
1130 1753 1426 1811 arbitrati:
1475 1775 1588 1829 quo
1640 1761 1743 1832 ipsi
1787 1780 2006 1838 quoque

436 1829 599 1886 falsas
633 1850 751 1890 esse
783 1836 988 1897 Christi
1029 1845 1440 1916 przedictiones,
1505 1829 1840 1927 oraculaque
1885 1829 2008 1930 eius

437 1919 780 1981 intercidisse
826 1929 1121 1998 jactarent.
1175 1939 1353 2009 Atque
1418 1943 1510 1998 ubi
1561 1946 1674 2016 jam
1743 1919 2008 2022 reliquias

435 2022 726 2070 structurae
759 2023 960 2077 veteris
985 2040 1049 2078 ex
1079 2026 1200 2083 imis
1236 2031 1614 2092 fundamentis
1670 2039 2005 2109 eﬂ‘oderunt,

434 2113 489 2205 et
522 2106 698 2162 solum
721 2109 792 2164 ita
825 2129 1214 2188 repurgaruut,
1243 2133 1303 2176 ut
1341 2140 1411 2180 ne
1431 2127 1569 2198 lapis
1593 2131 1819 2200 quidem
1843 2106 2009 2205 super

436 2194 693 2265 lapidem,
720 2201 870 2270 juxta
899 2222 1221 2279 responsum
1273 2214 1432 2281 illud,
1485 2194 1854 2289 permaneret
1887 2194 1927 2278 ς’
1951 2235 2009 2282 et

412 2291 698 2356 postridie
733 2305 790 2348 ut
835 2299 1072 2368 primum
1126 2306 1383 2376 jacercnt
1440 2310 1882 2384 fundamentum,
1938 2321 2004 2374 ad

437 2380 613 2436 locum
633 2400 758 2441 eum
786 2404 1078 2460 venerunt,
1110 2405 1268 2455 terra:
1287 2413 1495 2458 motum
1515 2406 1789 2478 ingentem
1821 2423 2004 2468 ortutn

432 2484 553 2524 e~se
594 2473 785 2531 dicunt
816 2495 830 2531 :
868 2490 924 2534 et
954 2484 1102 2553 quod
1136 2489 1450 2548 vehementi
1493 2497 1612 2566 ejus
1643 2504 2008 2560 concussione

433 2579 499 2616 ex
537 2565 669 2633 ipsis
699 2570 1072 2632 fundamentis
1104 2580 1314 2651 lapides
1343 2565 1682 2655 ejicereutur
1729 2611 1835 2648 non
1867 2612 2003 2665 pau-

438 2672 534 2708 cos
557 2675 622 2712 ex
675 2661 876 2719 Jud:eis
927 2681 1186 2727 enecatos
1235 2691 1378 2743 esse,
1433 2681 1526 2750 qui
1583 2684 1665 2738 vel
1703 2687 1772 2740 ad
1823 2661 2006 2757 operis

439 2752 808 2815 spectaculum
843 2773 1126 2828 venerant,
1160 2767 1242 2820 vel
1273 2777 1610 2828 structuram
1645 2777 1815 2844 ipsam
1851 2795 2010 2836 cura-

435 2838 586 2894 bant.
643 2845 868 2903 Publica
915 2853 1060 2908 enitn
1118 2857 1351 2914 aedilicia
1407 2863 1509 2932 ipsi
1565 2838 1770 2938 tem-plu
1829 2873 2006 2930 vicina

2117 487 2364 549 καὶτοὺς
2397 489 2488 543 ἐπὶ
2521 489 2688 560 τέχνῃ
2733 490 3026 560 λαμπροὺς
3075 491 3268 560 ἀθρόον
3314 492 3703 558 ἀθροίσαντες,

2114 577 2212 641 τὰς
2247 581 2385 650 πρὸς
2435 581 2596 634 τοῦτο
2625 582 2751 644 ῦλας
2779 583 3286 652 παρεσκευάζοντο·
3314 583 3407 636 τόν
3427 600 3488 637 τε
3517 584 3708 655 χῶρον

2114 672 2431 740 περιφανῶς
2463 673 2839 740 ἐξεκάθαιρον,
2864 675 3143 744 ἀργυρέας
3172 674 3460 740 σκαπάνας
3492 675 3698 746 ηὐτρε-

2113 762 2391 829 πισμένοι,
2428 764 2493 816 ἐκ
2524 764 2802 833 δημοσίων
2835 766 2932 834 τῆς
2965 766 3214 837 δαπάνης
3252 767 3436 830 αὐτοῖς
3471 767 3703 836 ἀνειμέ-

2111 870 2234 923 νης.
2271 853 2527 924 Τοσαύτη
2569 856 2616 908 δ’
2648 851 2716 926 ἦν
2749 857 2933 919 αὐτοῖς
2965 859 2998 927 ἡ
3029 859 3238 928 σπουδὴ
3271 859 3366 912 καὶ
3398 858 3694 928 προθυμίᾳ⁵

2111 947 2243 1016 περὶ
2282 947 2342 1000 τὸ
2387 946 2548 1016 ἔργον
2587 947 2760 1012 οὕτως
2815 949 3065 1016 ἐπόνουν,
3099 950 3174 1012 ὡς
3219 952 3314 1004 καὶ
3365 950 3469 1013 τὰς
3516 950 3705 1004 αὐτῶν

2109 1041 2376 1102 γυναῖκας
2409 1041 2523 1103 τοῖς
2570 1040 2855 1110 σφετέροις
2879 1041 3103 1104 κόλποις
3125 1059 3185 1094 τε
3231 1043 3327 1095 καὶ
3359 1043 3702 1110 κρασπέδοις

2108 1126 2200 1180 τὸν
2230 1127 2360 1196 χοῦν
2386 1130 2674 1198 ἐκφορεῖνσ
2702 1129 2802 1182 ὅσα
2827 1146 2887 1182 τε
2918 1125 2988 1200 ἦν
3011 1131 3198 1193 αὐτοῖς
3227 1131 3434 1199 κόσμος
3464 1131 3563 1182 καὶ
3601 1146 3700 1182 πε-

2109 1217 2385 1288 ριδέραια,
2421 1211 2654 1288 ἑτοίμως
2682 1219 2828 1290 ἔχειν
2857 1220 3233 1290 συνεισφέρειν
3262 1225 3327 1290 τῇ
3355 1221 3576 1292 δαπάνῃ
3604 1221 3705 1273 τοῦ

2107 1311 2297 1385 ἔργου.
2331 1311 2596 1380 ’Έλληνες
2641 1312 2698 1366 δὲ
2744 1314 2952 1382 καίπερ
3000 1313 3074 1384 μὴ
3113 1308 3258 1366 εὖνοι
3300 1314 3455 1376 ὅντες
3492 1313 3704 1375 αὐτοῖς,

2109 1402 2260 1472 ὅμως
2291 1403 2612 1457 ἐκοινώνουν
2645 1403 2833 1467 αὐτοῖς
2862 1403 2965 1474 τῆς
2996 1404 3255 1474 σπουδῆς,
3294 1407 3542 1474 οἰόμενοι
3563 1408 3708 1472 πρὸς

2107 1494 2261 1552 τέλος
2308 1495 2535 1562 ἀγαγεῖν
2561 1494 2620 1547 τὸ
2645 1497 2984 1566 ἐγχείρημα·
3017 1496 3093 1557 ὡς
3121 1497 3188 1550 ἂν
3225 1498 3320 1548 καὶ
3349 1497 3530 1558 αὑτοῖ,
3562 1497 3705 1562 ψευ-

2107 1586 2220 1648 δεῖς
2256 1590 2356 1649 τὰς
2391 1587 2522 1658 περὶ
2547 1587 2644 1640 τοῦ
2669 1587 2910 1658 Χριστοῦ
2943 1589 3289 1660 προρρήσεις
3319 1589 3584 1656 ἐλέγξωσι
3607 1593 3706 1642 καὶ

2109 1679 2389 1732 διαπεσεῖν
2425 1681 2549 1742 τοὺς
2593 1679 2900 1750 χρησμούς.
2932 1681 3090 1734 Ἐπεὶ
3136 1680 3196 1733 δέ
3229 1681 3324 1733 καὶ
3366 1683 3438 1734 τὰ
3468 1682 3705 1749 λείψανα

2109 1766 2211 1834 τῆς
2265 1767 2324 1819 έν
2365 1765 2520 1836 βάθει
2565 1767 2878 1838 οἰκοδομίας
2915 1767 3254 1836 ἀνέσκαψαν,
3294 1769 3392 1822 καὶ
3425 1769 3702 1835 τοῦδαφος

2108 1859 2476 1930 ἐξεκὰθηραν,
2509 1861 2658 1923 ὅπως
2712 1860 2788 1931 μὴ
2835 1860 2980 1924 λίθος
3015 1861 3109 1914 ἐπὶ
3155 1861 3290 1932 λίθῳ
3339 1862 3522 1932 μείνῃ,
3557 1864 3704 1916 κατά

2107 1951 2206 2021 τὴν
2229 1951 2562 2022 πρόρρησιν,
2587 1953 2651 2020 τῇ
2687 1950 2919 2022 ἐπιούσῃ
2943 1950 3209 2004 ἐλθόντων
3235 1949 3310 2013 ὡς
3337 1950 3403 2004 ἃν
3429 1952 3519 2002 τὸν
3547 1951 3705 2018 πρῶ-

2107 2061 2200 2096 τον
2244 2042 2494 2112 θεμέλιον
2543 2042 2887 2112 ὐποθὴσωσι,
2921 2043 3148 2114 σεισμόν
3180 2060 3314 2111 φασι
3356 2043 3532 2113 μέγαν
3571 2045 3703 2096 ἐπι-

2109 2133 2367 2205 γενέσθαι
2389 2147 2403 2162 ·
2436 2131 2517 2203 τῷ
2545 2133 2603 2186 δὲ
2639 2133 2822 2204 πολλῷ
2851 2133 2953 2202 τῆς
3002 2135 3104 2202 γῆς
3136 2133 3312 2204 κλόνῳ
3347 2134 3406 2197 ἐξ
3443 2134 3703 2202 ἐσχάτων

2109 2225 2392 2296 κρηπίδων
2435 2225 2762 2294 ἀναδοθῆναι
2794 2225 2922 2287 τοὺς
2962 2224 3176 2286 λίθους’
3223 2224 3326 2277 οὐκ
3369 2223 3585 2290 ὀλίγους
3637 2222 3703 2274 δὲ

2110 2319 2205 2372 καὶ
2257 2319 2367 2371 τῶν
2402 2317 2676 2371 Ἰουδαίων
2729 2317 3121 2388 διαφθαρῆναι,
3173 2316 3228 2368 οἵ
3270 2332 3331 2368 τε
3385 2313 3529 2368 κατὰ
3563 2315 3704 2366 θέαν

2109 2412 2363 2482 παρῆσαν
2389 2411 2484 2463 τοῦ
2517 2409 2703 2480 ἔργου,
2735 2413 2830 2464 καὶ
2851 2411 2901 2464 οῖ
2927 2410 2994 2462 τὰ
3019 2409 3118 2480 τῆς
3149 2408 3441 2479 οἰκοδομῆς
3464 2407 3707 2475 ἐπετρό-

2110 2523 2291 2559 πευον.
2328 2506 2394 2558 Ai
2432 2505 2529 2574 μιν
2561 2506 2669 2574 γάρ
2699 2520 2780 2556 τοι
2813 2501 2960 2573 ίεροῦ
2989 2501 3225 2572 ἄγχιστα
3251 2502 3513 2572 δημόσιαι
3536 2502 3697 2553 οίκο-

2109 2599 2294 2669 δομαὶ,
2337 2593 2426 2661 αἷς
2453 2598 2586 2667 δῆτα
2633 2596 2894 2650 κατέλυον
2937 2595 3138 2666 ἀθρόον
3189 2595 3558 2668 διαρρυεῖσαι,
3594 2593 3703 2656 οὓς

2111 2693 2212 2762 μὲν
2237 2691 2386 2744 ἔνδον
2404 2690 2703 2744 κατέλαϐον
2722 2688 3131 2759 διαφθείρασαι,
3163 2687 3499 2757 πολυάνδρια
3520 2682 3702 2756 ἦσαν,

2109 2788 2220 2840 ὅσοι
2245 2785 2288 2837 δ’
2317 2785 2608 2853 ἐκδραμεῖν
2631 2785 2882 2852 ἴσχυσαν,
2901 2781 3202 2853 ἡμιθνῆτες
3233 2776 3704 2848 ἐγένοντοθιὶσαν

2109 2881 2154 2935 δ’
2181 2879 2230 2932 οἳ
2263 2877 2634 2949 πεπηρωμένα
2662 2877 2730 2929 τὰ
2763 2875 2930 2940 σκέλη
2960 2875 3059 2927 καὶ
3082 2874 3179 2938 τὰς
3216 2876 3404 2942 χεῖρας
3429 2874 3524 2927 καὶ
3555 2874 3705 2926 ἄλλα

434 2934 636 3000 soluta,
667 2951 830 3010 atque
852 2961 975 3000 eum
1011 2949 1216 3019 impetu
1253 2955 1516 3025 collapsa,
1550 2961 1632 3014 eis
1677 2978 1816 3030 quos
1857 2966 2008 3020 intus

2117 2970 2244 3039 δῆτα
2265 2967 2374 3022 τῶν
2396 2934 2584 3036 ’μελῶν
2617 2965 2689 3027 ώς
2721 2934 3193 3033 ἐτυχεννέκαστος,
3218 2934 3600 3030 ⁷ἐδυστύχησαν
3627 2964 3702 3030 τῇ

437 3042 783 3099 Oppressere,
838 3041 1219 3108 sepulcrorum
1260 3047 1382 3104 loco
1443 3051 1618 3108 fuere.
1664 3055 1769 3122 Qui
1823 3069 2004 3114 autem

2117 3061 2284 3132 ἀθρόᾳ
2329 3058 2424 3113 τοῦ
2462 3057 2870 3128 συμπτώματος
2902 3054 3202 3124 προσδολῇ.
3260 3053 3415 3106 Ἐπεὶ
3442 3053 3499 3106 δὲ
3535 3052 3705 3124 μόλις

436 3121 679 3194 effugere
717 3129 1034 3202 voluerunt,
1063 3140 1371 3198 semineces
1404 3145 1653 3216 jacuere.
1704 3149 1882 3205 Fuere
1911 3152 2006 3221 qui

434 3230 599 3272 crura
621 3229 675 3274 et
699 3237 892 3280 manus
924 3237 981 3282 et
1012 3233 1254 3288 membra
1279 3236 1404 3300 alia,
1452 3255 1550 3308 pro
1575 3255 1642 3294 eo
1667 3251 1833 3312 atque
1893 3244 2009 3298 cla-

436 3307 534 3362 des
555 3309 694 3367 forte
715 3329 988 3388 quemque
1009 3307 1463 3392 comprehendit,
1511 3331 1805 3398 repentino
1846 3348 2010 3390 easus

437 3399 642 3468 impetu
669 3410 915 3464 mutilata
947 3417 1274 3472 retulerunt.
1305 3415 1489 3475 Terra:
1519 3433 1699 3477 motus
1742 3424 1830 3478 vix
1873 3439 2006 3480 cou-

435 3496 742 3567 quieverat,
776 3507 938 3575 etqui
965 3509 1162 3580 reliqui
1193 3522 1370 3580 erant,
1402 3531 1544 3585 opus
1563 3533 1784 3574 rursum
1803 3533 2002 3590 aggre-

436 3586 688 3658 diuntur,
733 3603 790 3648 ut
820 3597 986 3654 simul
1038 3611 1094 3655 et
1137 3605 1282 3672 quod
1335 3620 1671 3678 magnopere
1705 3586 2007 3680 etipiebaut

438 3684 790 3754 perficerent,
817 3701 872 3745 et
897 3692 1272 3752 inevitabilem
1303 3699 1756 3772 indignationem,
1796 3720 1918 3774 qum
1939 3722 2007 3760 ex

435 3779 762 3835 necessitate
793 3780 1094 3853 imperialis
1147 3792 1565 3849 constitutionis
1594 3795 1696 3860 fcis
1749 3797 2010 3852 immine-

439 3869 554 3933 bat,
593 3871 923 3944 effugerent.
982 3879 1164 3936 Facile
1221 3900 1456 3956 namque
1495 3897 1690 3943 natura
1737 3889 2010 3958 homines,

435 3963 637 4028 quibus
661 3965 1008 4025 delectantur
1054 3975 1255 4030 studiis
1315 3987 1369 4031 et
1425 3977 1733 4045 laboribus,
1786 3984 2011 4038 tendere

432 4068 654 4124 semper
679 4060 746 4113 ad
777 4061 1168 4120 detrimentum
1195 4068 1376 4123 solent
1405 4085 1419 4121 :
1465 4071 1558 4141 qui
1593 4071 1646 4126 i-d
1681 4089 1850 4128 unum
1881 4091 2011 4144 pro-

2117 3155 2312 3222 ἔληγεν
2343 3153 2634 3220 ὁσεισμδς,
2656 3151 2704 3202 οῖ
2737 3147 3184 3220 περιλειφθέντες
3216 3142 3368 3210 αὖθις
3387 3146 3709 3214 ἐπειρῶντο

2117 3247 2212 3300 τοῦ
2253 3245 2439 3314 ἔργου,
2467 3242 2601 3314 ὁμοῦ
2643 3243 2742 3312 μὲν
2773 3241 2834 3294 τδ
2867 3242 3012 3295 κατά
3049 3239 3176 3294 νοῦν
3222 3240 3419 3294 άνῦσαι
3456 3238 3705 3290 σπουδά-

2118 3340 2324 3404 ζοντες,
2349 3336 2485 3407 ὁμοῦ
2507 3337 2563 3390 δὲ
2585 3337 2677 3389 καὶ
2703 3335 2763 3389 τὸ
2784 3333 3158 3404 ἀπαραίτητον
3192 3331 3251 3398 ἐξ
3278 3331 3578 3399 ἀναγκαίου
3597 3329 3706 3380 τοῦ

2119 3431 2404 3503 βασιλικοῦ
2427 3430 2798 3500 θεσπίσματος
2829 3426 3222 3496 εὖλαὸούμενοι
3245 3440 3260 3455 ⁸
3287 3423 3707 3491 ἀταλαιπώρως

2109 3527 2218 3594 γὰρ
2249 3526 2282 3594 ἡ
2316 3523 2632 3594 ἀνθρωπεία
2683 3521 2846 3590 φύσις
2876 3520 3021 3588 φιλεῖ
3058 3514 3141 3582 οἷς
3169 3518 3292 3573 καθ’
3329 3516 3523 3586 ἡδονὴν
3553 3516 3706 3581 πρό-

2113 3634 2290 3672 κειται
2317 3617 2598 3687 πράττειν,
2632 3614 2769 3685 πρὸς
2794 3614 2856 3666 τὸ
2887 3612 3207 3682 ἀσύμφορον
3236 3611 3314 3682 (ι)
3347 3610 3534 3680 ῥέπειν
3563 3610 3659 3662 ἀεί
3686 3623 3702 3636 ·

2115 3709 2336 3762 κακεῖνο
2361 3708 2605 3762 συνοῖσον
2623 3709 2821 3769 οἴεται,
2849 3705 2878 3759 ὃ
2896 3703 3246 3775 κατορθῶσαι
3271 3702 3537 3773 προέθετο
3560 3717 3575 3732 ο
3597 3701 3707 3754 καί

2115 3818 2181 3871 γε
2209 3802 2276 3870 τῇ
2316 3799 2556 3870 σφετέρᾳ
2587 3798 2774 3869 ἀπάτῃ
2803 3797 3096 3867 ἑλκομένη,
3136 3795 3262 3849 οῦτε
3307 3795 3368 3848 τὸ
3411 3794 3709 3862 συμφέρον

2118 3896 2182 3949 ἐκ
2208 3891 2549 3964 προμηθείας
2577 3890 2816 3962 θηρᾶσαι
2843 3889 3101 3952 δύναται,
3128 3887 3253 3942 οὔτε
3288 3886 3552 3942 κινδύνων
3591 3901 3704 3937 πε-

2119 3984 2425 4054 πειραμένη
2460 3982 2698 4052 σώφρονι
2720 3983 2967 4053 λογισμῶ
2988 3982 3123 4052 πρὸς
3147 3983 3202 4034 τὸ
3222 3981 3342 4034 δέον
3366 3977 3709 4047 ἐξυποστρέ-

2117 4094 2211 4146 φει
2233 4093 2248 4109 ο
2286 4071 2376 4130 οἷα
2409 4077 2474 4147 δὴ
2503 4078 2600 4130 καὶ
2631 4077 2910 4140 Ἰουδαίοις
2944 4075 3250 4145 τηνικαῦτα
3284 4071 3625 4140 συμσέσηκε.

437 4149 686 4207 futurum
724 4157 1232 4232 existimant,quod
1297 4165 1404 4221 sibi
1479 4167 1826 4224 efﬁciendum
1883 4187 2238 4240 proposuere,
2301 4189 2400 4228 suo
2451 4174 2696 4243 ipsorum
2761 4173 2830 4227 ad
2883 4171 2936 4226 id
2997 4171 3259 4240 protracti
3287 4183 3520 4224 errore:
3583 4167 3703 4236 75

441 4261 618 4314 neque
656 4248 734 4302 illi
771 4249 1060 4308 utilitatem
1125 4259 1360 4314 consilio
1413 4271 1541 4316 ante
1601 4273 1842 4334 emptum
1902 4281 2041 4335 opus
2075 4267 2346 4337 capiendo
2416 4267 2833 4333 deprehendere
2891 4266 3155 4336 possint:
3213 4280 3388 4335 neque
3432 4265 3708 4332 pericula

435 4337 693 4404 Involuti,
730 4351 786 4397 et
814 4348 1150 4414 experientia
1212 4351 1332 4422 ipsa
1369 4353 1437 4411 de
1505 4357 1586 4412 eis
1643 4359 1954 4427 admoniti,
1999 4360 2300 4429 prudenter
2358 4376 2439 4428 se,
2509 4376 2608 4432 pro
2662 4375 2730 4417 eo
2782 4369 2948 4431 atque
2999 4361 3289 4423 deberent,
3361 4357 3642 4427 explicant
3687 4374 3704 4408 :

438 4437 603 4491 sicuti
635 4449 684 4493 et
708 4439 914 4498 Judaeis
938 4454 1051 4498 tum
1072 4446 1294 4504 accidit.

975 4558 1200 4620 CAPUT
1249 4563 1488 4621 XXXIII.

440 4646 516 4705 De
547 4654 686 4724 igne,
715 4658 806 4725 qui
837 4667 947 4710 tum
975 4657 1163 4712 ibidem
1185 4671 1398 4729 repente
1421 4671 1498 4716 est
1517 4672 1766 4718 exortus:
1797 4667 1928 4718 etde
1955 4668 2020 4721 iis

509 4742 626 4790 qua:
661 4729 976 4801 vestimentis
1019 4730 1290 4784 hominum
1337 4732 1512 4801 ﬁgura
1568 4738 1733 4788 cruris
1781 4739 2017 4791 adlla'se-

510 4807 656 4876 runt,
683 4799 882 4867 signis;
906 4809 951 4852 et
979 4801 1042 4854 de
1067 4801 1242 4856 divino
1267 4799 1557 4875 Evangelia
1580 4807 1630 4859 iu
1658 4807 2016 4876 fundamentis

509 4875 740 4921 invento.

509 4975 910 5049 Impedimento
938 4998 1172 5053 namque
1211 4994 1366 5040 tanto
1421 4986 1660 5054 obiecto,
1707 4991 1841 5043 satis
1893 4991 2014 5043 evi-

436 5072 635 5127 denter
687 5075 1041 5131 cousiderare
1064 5088 1206 5142 erat,
1261 5079 1538 5150 indignari
1581 5083 1836 5136 instituto
1856 5083 2011 5150 operi

442 5169 455 5216 l
484 5182 634 5221 eum.
669 5169 736 5220 At
772 5167 846 5221 illi
881 5169 1064 5223 denuo
1097 5171 1315 5226 admota
1348 5189 1534 5234 manu,
1565 5190 1686 5242 qua:
1748 5174 2013 5244 perficere

434 5261 754 5328 nequirent,
796 5258 926 5314 sunt
974 5265 1238 5331 aggressi.
1285 5262 1391 5318 Sed
1437 5265 1584 5320 enim
1635 5281 1758 5320 cum
1809 5258 2008 5320 iterum

434 5363 779 5406 structuram
811 5355 1214 5422 experirentur,
1241 5354 1380 5425 ignis
1398 5372 1461 5410 ex
1489 5357 1618 5424 ipsis
1641 5357 2012 5412 fundamentis

433 5445 721 5506 exsiliens,
747 5454 804 5499 et
841 5447 984 5500 alius
1023 5446 1152 5500 item
1189 5448 1258 5502 de
1287 5450 1426 5503 cwlo
1461 5449 1774 5513 imminens,
1826 5451 2014 5520 plures

434 5538 607 5591 etiam
642 5552 802 5608 quam
835 5549 991 5593 antea
1021 5541 1430 5611 consumpsisse
1472 5542 1667 5596 fertur.
1725 5543 1904 5612 Atque
1956 5543 2010 5598 id

518 5683 594 5747 (ἶ)
628 5683 768 5746 ne”;
798 5684 858 5736 ἐδ
893 5686 1198 5754 σὀμψὲρον,
1228 5687 1376 5749 Sez.,
1408 5668 1512 5742 hoc
1549 5697 1650 5749 est,
1686 5695 1752 5739 ml
1799 5685 2000 5738 emota.

445 5762 700 5804 mcn‘um.
736 5755 838 5808 Sed
889 5767 1182 5825 utrumque
1240 5761 1488 5826 verbum,
1533 5759 1778 5827 quamris
1827 5757 2006 5812 diver-

2696 4568 2943 4622 ΚΕΨΑΛ.
2976 4566 3096 4621 ΛΓ.

2124 4665 2265 4740 Περὶ
2309 4660 2416 4740 τοῦ
2447 4662 2964 4740 κατασκήψαντος
3010 4663 3144 4740 tots
3171 4661 3358 4740 πυρός
3379 4676 3393 4690 ο
3423 4660 3521 4713 καὶ
3555 4661 3706 4740 περὶ

2192 4733 2312 4787 τῶν
2368 4732 2800 4809 ἁνυφιινένζων
2828 4732 2984 4809 ἑτοξς
3039 4731 3294 4809 {nativae
3351 4732 3708 4809 thvptlubv

2189 4807 2424 4857 τύπων-ο
2460 4801 2554 4857 καὶ
2582 4801 2711 4869 περὶ
2753 4802 2856 4855 τοῦ
2890 4804 3240 4869 εὑρεθέντος
3271 4801 3342 4854 ἐν
3372 4801 3496 4865 τοῖς
3519 4806 3704 4868 θεμε-

2189 4877 2348 4940 λίοις
2376 4874 2540 4927 σείου
2565 4873 2957 4942 Εὐαγγελίου.

2187 4989 2295 5043 Τοῦ
2340 4991 2448 5058 γὰρ
2475 4987 2797 5056 κωλύματος
2822 4987 3012 5040 τούτου
3049 4987 3234 5040 ίκανοῦ
3263 5005 3326 5056 γε
3358 4986 3511 5048 ὄντος
3545 5003 3704 5056 παρε-

2125 5084 2249 5154 ιστᾷ
2279 5081 2574 5152 ἁριδήλως,
2596 5079 2669 5143 ὡς
2704 5079 3023 5148 χαλεπαίνει
3053 5080 3110 5130 το
3136 5081 3290 5132 Θεῖον
3317 5081 3429 5142 τοῖς
3458 5095 3705 5148 πραττο-

2125 5176 2327 5245 μένοις.
2361 5175 2424 5226 Οἱ
2454 5173 2509 5225 δὲ
2540 5173 2632 5225 καὶ
2661 5172 2814 5234 αὖθις
2852 5175 3011 5242 χεῖρα
3037 5172 3407 5234 ἐπιϐαλόντες,
3446 5173 3703 5240 ἀνήνυτα

2120 5265 2406 5319 ἔσπευδον.
2453 5265 2692 5334 Δευτέρᾳ
2729 5261 2861 5330 γοῦν
2890 5263 3060 5332 πείρᾳ
3090 5262 3548 5333 ἐπιχειρούντων,
3585 5263 3705 5332 πῦρ

2119 5356 2330 5411 ἐκεῖθεν
2355 5356 2574 5424 λέγεται
2611 5355 2720 5408 τῶν
2751 5354 3019 5424 θεμελίων
3051 5354 3425 5424 ἀναπηδῆσαν,
3446 5358 3539 5408 καὶ
3563 5355 3707 5408 ἄλλο

2118 5450 2176 5502 δὲ
2225 5448 2477 5516 οὐράνιον
2526 5445 2903 5515 κατασκῆψαν,
2953 5447 3046 5498 καὶ
3085 5447 3304 5508 πλείους
3351 5447 3382 5515 ἢ
3426 5449 3711 5515 πρότερον

2119 5541 2446 5610 διαφθεῖραι.
2484 5541 2591 5592 Καὶ
2615 5538 2770 5592 τοῦτο
2800 5540 2932 5592 πᾶσι
2973 5539 3194 5607 λέγεται
3229 5543 3322 5596 καὶ
3357 5541 3709 5605 πιστεύεται,

2115 5701 2260 5747 sunt.
2285 5694 2430 5766 recta
2452 5686 2561 5742 inte
2575 5688 2902 5758 rprctationc
2930 5687 2994 5745 ad
3022 5703 3142 5745 cam
3167 5692 3176 5703 ‘
3197 5705 3270 5744 ut:
3296 5689 3488 5744 referri
3511 5697 3711 5757 potes'

2119 5767 2469 5813 ευιιῑειιῑιίιιη.
