3986 6190
466 277 570 340 51.7

1692 256 2116 320 NICEPIIORI
2158 251 2510 315 CALLISTI

3607 255 3698 318 548

470 407 583 447 non
639 386 794 442 adire
832 404 847 442 :
884 382 1104 452 captivo
1153 379 1392 451 quodam
1444 375 1735 448 qumstioni
1795 385 2086 434 tarmen-1

2188 371 2336 424 νιὸὡν
2384 388 2443 423 τε
2477 368 2576 437 τὴν
2627 364 2893 436 στρατιὰν
2932 361 3087 434 αύτῷ
3113 363 3278 434 ἄρδην
3319 366 3705 424 κινδυνεύουσαν

473 493 653 536 torum
707 479 969 534 subdito.
1030 474 1233 529 fossam
1284 470 1582 539 quamdam
1639 468 1786 521 illius
1838 465 2044 519 indicio

473 571 703 642 reperit,
758 568 1024 637 temporis
1055 564 1446 618 diuturnitate
1492 574 1687 629 aggere
1737 557 2044 626 oppletam,

475 677 574 730 per
605 673 770 728 quam
798 653 1104 724 antiquitus
1151 651 1385 707 navibus
1433 649 1501 703 ad
1540 647 1734 701 urbem
1792 657 2050 698 accessus

476 753 677 806 fuerat.
738 748 926 813 Itaque
981 747 1072 814 qui
1130 745 1178 797 ei
1224 741 1500 803 obstabat,
1537 755 1734 808 aggere
1765 737 2048 808 perfosso,

477 842 813 909 Euphratem
869 839 920 889 in
973 835 1180 904 Tigrim
1229 833 1520 891 derivavit,
1574 841 1738 898 atque
1779 845 1845 882 eo
1892 837 2052 896 parto

477 931 784 984 exercitum
842 942 950 980 una
1000 942 1126 978 cum
1174 925 1405 978 navibus
1450 925 1514 976 al
1551 921 1742 973 urbem
1797 920 2050 972 adduxit.

481 1025 548 1078 Et
583 1023 783 1081 I'ersm,
829 1035 953 1072 cum
992 1017 1285 1086 splendido
1329 1015 1579 1083 equitum
1625 1021 1680 1064 et
1715 1019 2051 1064 armatorum

483 1122 773 1184 apparatu,
805 1121 857 1165 et
891 1126 1014 1163 cum
1045 1107 1373 1175 elephantis,
1421 1104 1476 1157 in
1517 1102 1782 1156 ulteriore
1819 1098 2055 1167 Tigridis

487 1209 605 1275 ripa
639 1221 761 1258 sese
792 1204 1109 1256 ostendere.
1159 1199 1339 1266 Atque
1390 1197 1507 1263 ipse
1560 1208 1686 1248 cum
1745 1193 1887 1244 inter
1943 1189 2056 1242 duo

489 1295 727 1348 maxima
789 1292 1019 1345 ﬂumina
1075 1305 1138 1342 se
1190 1288 1461 1349 clausum,
1528 1293 1583 1337 cl
1647 1283 1949 1338 exercitum
2002 1283 2057 1334 in

491 1401 770 1440 summum
812 1383 1112 1437 discrimen
1146 1381 1470 1438 adductum,
1525 1374 1799 1442 siquidem
1836 1385 2060 1426 manere

493 1479 566 1532 ibi
605 1477 792 1537 vellet,
851 1475 936 1528 sin
973 1481 1156 1526 autem
1191 1467 1395 1524 reverti
1433 1465 1636 1531 mallet,
1685 1481 1780 1534 per
1807 1464 1956 1519 vicos
2010 1471 2067 1518 et

493 1569 717 1640 oppida,
753 1584 872 1638 qua:
903 1566 1190 1620 combusta
1233 1563 1344 1635 jam
1373 1567 1580 1623 essent,
1633 1567 1690 1613 et
1737 1572 1921 1612 rerum
1970 1571 2066 1609 ne-

2151 461 2471 524 ἀπολέσθαι,
2503 461 2569 530 ἦν
2594 476 2655 510 τε
2687 460 2874 526 μένειν
2890 457 3090 513 ἕλοιτο.
3118 457 3217 509 εἴθ’
3244 457 3610 528 ὑποστρέφειν,
3631 465 3710 517 sti

2148 557 2258 608 τῶν
2289 554 2494 622 κωμῶν
2522 571 2581 606 τε
2609 555 2706 604 καὶ
2737 551 2951 604 πύλεων
2979 551 3148 614 αὐτὸς
3177 551 3412 618 διῆλθεν,
3447 553 3711 624 ῂθαλωμέ-

2151 665 2256 700 νων
2282 647 2405 715 ἤδη.
2437 647 2530 697 καὶ
2553 649 2618 714 τῇ
2655 644 2852 696 σπάνει
2883 644 2992 696 τῶν
3023 643 3337 709 ἀναγκαίων
3365 644 3708 715 πιεζομένων·

2153 733 2293 794 ἆθλα
2319 738 2373 788 δέ
2399 736 2644 804 προθεὶς,
2677 735 2751 796 ὡς
2777 735 2862 803 ἐφ’
2895 735 3290 805 ἱπποδρομίαν,
3325 737 3450 799 τοὺς
3477 741 3713 807 στρατιὼ-

2154 846 2250 889 τας
2279 827 2481 880 ἐκάλει·
2506 826 2565 878 οὗ
2591 827 2906 894 γινομένου,
2937 825 3066 887 τοὺς
3095 827 3372 896 ἡγεμόνας
3405 827 3511 879 τῶν
3541 831 3714 885 πλοίων

2157 919 2410 970 ἐκέλευεν
2430 918 2819 986 ἀπορορτίξειν
2844 919 2941 980 τὰς
2964 919 3120 981 ναῦςν
3143 922 3239 972 καὶ
3260 920 3359 989 τὴν
3380 923 3616 991 σιτηγίαν
3635 924 3713 978 τοῦ

2160 1008 2397 1077 στρατοῦ
2428 1007 2504 1076 τῷ
2534 1006 2687 1061 ὕδατι
2722 1007 3075 1077 ἐπιρρὶπτειν
3100 1023 3115 1039 ⁶
3149 1010 3223 1071 ὡς
3254 1008 3319 1060 ἀν
3346 1010 3402 1060 ἐν
3426 1009 3614 1080 ἀπορίᾳ
3630 1013 3717 1064 τῶν

2161 1100 2482 1166 ἀναγκαίων
2527 1098 2574 1150 οἱ
2616 1099 2954 1166 στρατιῶται
3009 1099 3315 1167 γενόμενοι.
3370 1102 3464 1152 καὶ
3501 1103 3626 1168 σφᾶς
3670 1106 3718 1156 ἐν

2161 1190 2395 1260 κινδύνῳ
2448 1191 2597 1260 μέσῳ
2655 1191 3090 1260 ἐνειλημμένους
3149 1193 3392 1255 ἰδόντες,
3445 1191 3628 1260 θράσος
3669 1211 3717 1246 τε

2163 1281 2572 1350 ἀναλήψωνται,
2595 1283 2691 1335 καὶ
2722 1283 2860 1350 πρὸς
2881 1283 2981 1352 τὴν
3010 1284 3192 1353 μάχην
3213 1285 3383 1352 sese:
3415 1284 3717 1355 χωρήσαιεν.

2165 1375 2303 1436 τοὺς
2325 1374 2382 1427 δὲ
2404 1374 2745 1444 προῦχοντας
2762 1377 2790 1428 ὁ
2819 1374 3078 1443 βασιλεὺς
3097 1377 3239 1444 μετά
3273 1376 3334 1428 τὸ
3359 1376 3568 1429 δεῖπνον
3588 1378 3720 1445 ἀγεὶο

2170 1483 2292 1534 ρας,
2330 1466 2551 1518 ἐκέλευε
2592 1466 2691 1535 τὴν
2741 1468 3007 1537 στρατιὰν
3042 1467 3268 1534 ἀνάγειν
3298 1469 3394 1520 ἐπὶ
3442 1468 3536 1531 τὰς
3577 1469 3718 1528 ναύςο

2169 1560 2265 1610 καὶ
2308 1557 2372 1626 δὴ
2402 1558 2596 1620 νυκτὸς
2637 1558 2729 1611 τὸν
2757 1558 3012 1628 Τίγρητα
3047 1559 3421 1624 πλεύσαντες,
3457 1560 3582 1629 πρὸς
3621 1563 3721 1624 ταῖς

493 1661 861 1716 cessariarum
909 1658 1142 1728 penuria
1193 1663 1604 1724 premerentur,
1659 1649 1906 1704 eundum
1959 1645 2086 1708 sibL

2188 1651 2348 1719 πέραν
2416 1646 2558 1720 ἦσαν
2627 1649 2840 1720 ὄχθαις.
2917 1653 3030 1706 Καὶ
3105 1651 3492 1716 ἐκεαίνοντες.
3568 1651 3720 1721 μάχης

494 1767 616 1808 esse
657 1751 912 1815 videret;
949 1747 1188 1819 praemiis
1221 1743 1539 1815 propositis,
1567 1742 1771 1795 milites
1804 1749 2064 1808 tanquam

2188 1740 2428 1810 ιλιττοντο.
2475 1740 2632 1798 Ὀσοι
2687 1743 2788 1811 μὲν
2819 1741 2912 1797 οὖν
2943 1743 3052 1795 τῶν
3103 1745 3334 1814 Περσῶν
3366 1743 3608 1813 ᾔσθοντο,
3639 1744 3721 1794 ἀνά

497 1846 564 1898 ad
636 1844 916 1912 equestris
997 1837 1320 1894 certaminis
1383 1832 1757 1904 spectaculum
1827 1829 2066 1886 vocavit.

498 1935 657 2001 Quod
687 1949 809 1987 eum
844 1934 1017 1995 fieret,
1054 1929 1272 1984 navium
1305 1928 1592 1998 praefectos
1622 1939 1924 1980 exonerare
1948 1938 2066 1985 cas,

501 2040 556 2082 et
590 2029 930 2081 frumentum
970 2025 1252 2082 exercitus
1289 2036 1450 2076 omne
1481 2029 1535 2074 et
1569 2017 1966 2084 impedimenta
2014 2017 2069 2071 in

504 2119 682 2172 undas
731 2118 915 2186 jacere
969 2115 1158 2184 jussit,
1214 2121 1274 2166 ut
1319 2111 1521 2164 milites
1571 2125 1690 2164 sese
1744 2108 1799 2162 in
1854 2122 2072 2162 summa

507 2225 687 2263 rerum
748 2207 933 2277 inepia
983 2215 1040 2260 et
1092 2205 1145 2258 in
1200 2204 1384 2258 medio
1427 2201 1676 2273 periculo
1705 2198 1913 2255 versari
1953 2213 2074 2254 cer-

505 2316 718 2360 nentes,
754 2299 923 2354 fortes
954 2298 1310 2367 conciperent
1358 2295 1596 2355 animos,
1643 2302 1700 2346 et
1747 2301 1974 2346 strenue
2021 2290 2077 2344 in

2175 1835 2377 1904 κράτος
2401 1834 2693 1903 ἠμύνοντο.
2731 1836 2954 1898 Πολλοῖς
2989 1836 3046 1889 δὲ
3088 1835 3294 1890 τούτων
3325 1835 3551 1900 ἐξάπινα
3583 1854 3725 1907 προσ-

2176 1925 2430 1988 ϐαλόντες
2485 1926 2772 1995 Ῥωμαῖοι,
2808 1927 3091 1980 ἔκτειναν
3126 1930 3218 1982 καὶ
3271 1929 3344 1982 δι’
3377 1930 3504 1995 ὅλης
3543 1931 3727 2000 ἡμέρας

2179 2018 2585 2087 συνερρήγνυτο
2611 2019 2760 2088 μάχη
2793 2017 3044 2088 λαμπρά.
3072 2019 3313 2082 Πολλοὺς
3348 2020 3524 2074 τοίνυν
3551 2021 3730 2074 ditata.

2177 2109 2390 2172 λόντες,
2414 2111 2514 2178 οὐχ
2540 2104 2701 2179 ἦττον
2725 2110 2782 2162 δέ
2800 2115 2895 2162 καὶ
2923 2109 3262 2176 κτείναντες,
3284 2114 3371 2175 εἰς
3400 2113 3489 2165 τὸν
3519 2112 3732 2181 ποταμὸν

2182 2197 2360 2272 ἧκονο
2421 2205 2514 2252 καὶ
2561 2200 2666 2269 πρὸ
2726 2203 2826 2270 τῆς
2893 2203 3290 2273 Κτησιφῶντος
3343 2204 3404 2258 τὸ
3453 2204 3736 2274 στράτευμα

2187 2290 2586 2359 παρετάσσετο.

505 2397 696 2464 pra-lio
724 2410 846 2448 cum
883 2393 1137 2446 hostibus
1167 2389 1652 2460 congrederentur.
1703 2385 1769 2441 Et
1837 2383 2094 2439 ordinum
2135 2381 2464 2441 ductoribus
2539 2393 2662 2454 post
2721 2401 2935 2442 comam
2981 2387 3331 2455 convocatis,
3375 2387 3572 2446 milites
3605 2389 3740 2444 navi-

507 2491 614 2544 bus
647 2491 933 2557 imponere
979 2485 1302 2539 mandavit;
1339 2492 1618 2551 noctuque
1689 2477 1915 2550 Tigride
1962 2477 2307 2542 transmisso,
2335 2477 2390 2532 in
2424 2477 2601 2547 ripam
2669 2479 3001 2536 ulteriorem
3072 2482 3146 2536 illi
3191 2482 3458 2551 expositi,
3531 2498 3737 2552 pugnam

509 2586 704 2639 iniere.
739 2583 896 2650 Quod
930 2583 1026 2636 ubi
1061 2583 1350 2638 Persarum
1386 2578 1612 2652 quidam
1687 2589 1934 2636 sensere,
2005 2581 2231 2628 strenue
2297 2574 2380 2629 eis
2446 2574 2665 2630 obviam
2700 2592 3044 2645 processere.
3080 2576 3217 2632 Cum
3247 2579 3458 2647 quibus
3483 2578 3740 2634 confestim

511 2678 745 2734 Romani
783 2691 944 2730 manu
975 2681 1251 2736 conserta,
1296 2673 1499 2731 multos
1563 2670 1878 2732 concidere,
1943 2664 2146 2720 multos
2183 2665 2352 2720 etiam
2415 2684 2613 2722 somno
2662 2669 2846 2725 adhuc
2911 2686 3207 2740 Oppressus
3269 2673 3616 2742 interi-mere.
3677 2672 3742 2726 Ac

513 2771 712 2825 deinde
737 2767 825 2821 die
861 2775 973 2820 toto
1009 2767 1202 2834 ingens
1237 2772 1521 2820 certamen
1548 2775 1633 2817 est
1691 2761 2074 2814 continuatum

2115 2775 2128 2810 :
2171 2770 2227 2813 et
2266 2760 2522 2829 pluribus
2589 2763 2828 2831 rejectis,
2871 2778 2977 2822 nec
3027 2765 3390 2835 paucioribus
3437 2765 3644 2830 occisis,
3686 2766 3743 2819 ad

517 2864 744 2917 “Mill!!!
799 2858 1029 2914 [loniani
1085 2857 1324 2919 rediere.
1375 2865 1431 2912 et
1481 2863 1609 2907 ante
1659 2853 1851 2908 urbem
1903 2850 2318 2920 Ctesiphontem
2359 2863 2542 2907 castra
2569 2869 2832 2924 posuere.

595 2955 1014 3027 80.Cazterum
1045 2950 1362 3022 imperatori
1396 2957 1455 3002 ut
1479 2947 1712 3002 ulterius
1737 2943 2088 3015 preredcret,

517 3049 814 3104 consilium
851 3059 974 3098 esse
1009 3043 1188 3096 visum
1223 3056 1331 3093 non
1371 3046 1458 3096 est
1491 3055 1504 3092 :
1541 3037 1636 3104 sed
1691 3035 1864 3105 magis
1903 3035 1979 3098 ei,
2027 3043 2088 3086 ut

522 3155 694 3196 naves
718 3136 1166 3195 incenderentur,
1193 3137 1484 3201 propterea
1526 3128 1672 3198 quod
1699 3141 1887 3180 earum
1921 3140 2087 3179 causa

522 3233 730 3288 milites
763 3228 967 3282 multos
992 3242 1020 3278 a
1060 3239 1240 3294 pugna
1282 3223 1472 3276 abesse
1513 3227 1816 3288 Oporteret,
1860 3217 2090 3286 placuit.

523 3322 590 3377 Et
613 3321 724 3390 jam
749 3331 873 3371 cum
901 3313 1078 3383 copiis
1103 3312 1219 3367 suis
1249 3310 1487 3364 reditum
1521 3306 1576 3361 in
1606 3306 1838 3362 Romani
1876 3301 2094 3374 imperii

523 3415 792 3469 ditionem
845 3405 1177 3470 maturabat,
1211 3402 1436 3472 Tigride
1489 3415 1650 3455 amne
1703 3398 1770 3453 ad
1805 3397 2089 3452 sinistram

524 3505 737 3560 relicto.
787 3499 864 3556 Ae
894 3499 1132 3568 primum
1176 3495 1398 3565 quidem
1429 3493 1484 3550 in
1515 3491 1797 3562 regionem
1826 3489 2092 3553 fertilem,

523 3607 579 3652 et
606 3595 772 3649 rebus
799 3593 1061 3648 omnibus
1090 3591 1484 3654 abundantem,
1517 3587 1864 3656 captivorum
1887 3582 2096 3638 indicio

525 3695 821 3743 venerunt.
847 3684 1054 3739 Deinde
1084 3692 1269 3737 autem
1302 3695 1470 3736 senex
1500 3678 1748 3748 quidam,
1795 3676 1894 3747 qui
1923 3675 2092 3730 vitam

528 3795 628 3849 pro
654 3779 934 3832 communi
969 3777 1263 3831 Persarum
1307 3773 1564 3832 libertate
1591 3771 1912 3834 devoverat,
1961 3784 2096 3824 con-

530 3872 676 3925 sulto
718 3882 776 3924 ut
811 3880 1126 3939 caperetur,
1169 3865 1376 3920 nostris
1428 3865 1779 3920 occasionem
1831 3863 2092 3932 praebuit.

531 3965 702 4034 Igitur
734 3977 854 4014 mox
888 3961 1058 4015 velttli
1094 3975 1204 4014 non
1237 3975 1336 4013 sua
1377 3968 1574 4025 sponte
1611 3967 1828 4027 captus,
1872 3954 1942 4010 ad
1993 3956 2098 4009 im-

534 4065 848 4124 peratorem
875 4063 958 4107 est
981 4052 1272 4106 adductus.
1307 4050 1372 4103 Et
1399 4051 1466 4105 de
1505 4050 1672 4103 rebus
1707 4048 1898 4102 multis
1925 4046 2100 4100 inter-

535 4155 778 4215 rogatus.
816 4159 1058 4212 veraque
1090 4142 1276 4196 dicere
1310 4141 1676 4203 existimatus,
1721 4141 1770 4193 ei
1802 4147 1860 4194 ut
1901 4152 2102 4208 sequa-

538 4248 628 4289 tur
676 4235 1014 4306 persuadet:
1056 4234 1336 4303 pollicitus
1381 4248 1615 4302 namque
1655 4241 1762 4292 est,
1796 4230 2100 4284 exercitum

538 4344 596 4384 se
627 4327 1034 4398 quamprimum
1069 4326 1135 4380 ad
1170 4327 1542 4382 Romanorum
1567 4334 1569 4336 '
1591 4325 1728 4379 fines
1766 4325 2101 4386 ducturum;

541 4419 744 4473 inviam
783 4424 996 4486 tantum
1029 4415 1320 4484 quamdam
1352 4416 1585 4470 duorum
1633 4424 1730 4470 aut
1776 4415 1942 4471 trium
1983 4412 2104 4467 die-

542 4527 663 4564 rum
714 4510 910 4564 itinere
965 4509 1243 4577 regionem
1304 4507 1734 4578 peragrandam,
1783 4504 1993 4559 cibaria
2051 4513 2106 4558 ct

541 4603 678 4656 alias
710 4617 798 4656 res
833 4601 1172 4655 necessarias
1197 4599 1478 4664 ferendas,
1527 4608 1581 4653 et
1629 4598 1815 4668 copias
1850 4613 1946 4667 per
1977 4596 2109 4650 soli-

545 4693 790 4748 tudinem
817 4692 1100 4747 ducendas
1126 4707 1269 4757 esse,
1301 4693 1582 4747 dictitans.
1611 4690 1824 4745 Fraude
1847 4705 1910 4743 ea
1940 4697 2108 4758 atque

545 4786 868 4840 seductione
915 4785 1178 4854 sapientis
1243 4800 1339 4840 seu
1398 4785 1580 4854 potius
1615 4781 1905 4853 sopliistici
1959 4780 2110 4834 senis

547 4892 848 4944 persuasus
883 4876 1165 4938 seductor,
1193 4877 1284 4944 qui
1317 4876 1520 4932 multos
1543 4875 1840 4946 sophistica
1871 4889 1968 4928 sua
1992 4882 2110 4926 arte

544 4970 858 5036 deer-perat,
909 4968 1154 5027 cundum
1200 4984 1321 5022 esse
1365 4983 1472 5038 qua
1522 4982 1688 5020 senex
1719 4966 1964 5028 duceret,
1997 4973 2113 5018 sta-

547 5062 672 5114 tuit.
703 5061 894 5114 Tridui
925 5061 1029 5113 iter
1057 5063 1353 5129 progressi,
1385 5061 1442 5112 in
1491 5059 1642 5112 locos
1681 5058 1920 5112 incultos
1969 5055 2131 5110 inci-.

547 5155 751 5206 drrunt
779 5169 792 5203 :
821 5161 874 5204 et
904 5151 1006 5202 viae
1041 5152 1148 5203 dux
1184 5161 1379 5211 tortus,
1428 5149 1721 5203 consilium
1777 5165 1963 5212 suum,
2013 5165 2112 5203 sua

548 5245 804 5299 videlici-t
837 5256 1029 5312 Sponte
1074 5254 1295 5313 propter
1325 5245 1474 5296 cives
1518 5251 1574 5296 et
1623 5238 1920 5312 populares
1963 5259 2114 5305 suos,

547 5354 605 5392 sc
635 5338 699 5390 ad
753 5349 984 5390 mortem
1043 5338 1404 5406 procurrisse,
1466 5337 1861 5404 cruciatusque
1922 5315 2116 5388 omnes

549 5434 796 5501 perferre
849 5441 1099 5502 paratum
1145 5447 1288 5495 esse,
1352 5433 1632 5501 professus
1677 5440 1780 5483 est.
1838 5430 1892 5483 In
1926 5429 2119 5487 «ἤθει-ἰν

551 5528 699 5577 mine
729 5540 944 5577 summo
968 5524 1244 5578 exercitus
1276 5523 1622 5582 versabatur,
1676 5519 1998 5572 diﬂicultate
2031 5517 2120 5572 iti-

553 5616 701 5667 neris
759 5625 812 5668 et
873 5616 1259 5668 alimentorum
1323 5614 1552 5684 penuria
1612 5611 1949 5666 confectus:
1993 5625 2116 5661 cum

556 5701 848 5770 splendida
908 5705 1195 5758 Persarum
1254 5689 1752 5773 acics'dcrcpente
1811 5703 2002 5766 adest,
2067 5712 2121 5755 et

2277 2947 2484 3000 Ἐδόκει
2505 2947 2551 3001 δ’
2579 2948 2672 3002 οὖν
2696 2949 2931 3020 βασιλεῖ,
2967 2951 3042 3022 μὴ
3077 2952 3418 3023 προσωτέρω
3455 2954 3606 3020 ἰέναι,
3628 2954 3746 3008 ἀλλά

2191 3037 2290 3102 τὰς
2341 3039 2442 3109 μὲν
2478 3040 2609 3104 ναῦς
2653 3042 2960 3114 ἐμπιπρᾷν,
2994 3042 3068 3106 ὡς
3113 3043 3179 3098 δι’
3210 3046 3387 3110 αὐτὰς
3419 3048 3618 3101 πολλῶν
3655 3049 3747 3102 ἀπο

2195 3133 2294 3200 τῆς
2319 3134 2498 3202 μάχης
2523 3136 2856 3204 γενομένων.
2887 3135 2996 3194 Καί
3022 3153 3086 3208 γε
3116 3136 3214 3207 τὴν
3237 3139 3501 3196 ἐπάνοδον
3523 3141 3743 3195 ἐποιοῦνο

2196 3243 2279 3290 το,
2311 3229 2445 3296 πρὸς
2477 3227 2575 3298 τὴν
2600 3229 2911 3300 ἀρχομένην
2941 3228 3123 3284 αὐτῶν
3153 3234 3540 3303 πορευόμενοι,
3567 3237 3622 3288 ἐν
3647 3236 3752 3306 apt.

2200 3320 2366 3389 στερᾷ
2403 3318 2493 3378 τὸν
2521 3320 2771 3392 Τίγρητα
2806 3321 3052 3392 ποταμὸν
3086 3322 3400 3395 διαφέντες.
3433 3327 3539 3379 Καὶ
3572 3328 3637 3380 τὰ
3663 3328 3747 3396 μὲν

2200 3412 2414 3482 πρῶτα,
2452 3414 2687 3485 εύιρόρου
2711 3416 2815 3485 γῆς
2837 3415 2930 3470 καὶ
2964 3417 3119 3474 πάντ’
3148 3417 3387 3488 ἐχούσης
3413 3419 3482 3472 τὰ
3506 3419 3748 3488 ἀναγκαῖα

2197 3503 2516 3574 ἀρκούντως
2555 3507 2855 3572 ἀπέλαυον,
2900 3509 3008 3561 τῶν
3039 3509 3408 3580 αἰχμαλώτων
3437 3512 3634 3566 ἕκαστα
3664 3529 3749 3566 καφ

2198 3599 2586 3667 ταμηνυόντων
2607 3615 2621 3629 ·
2651 3601 2789 3668 μετὰ
2807 3600 2865 3653 δέ
2891 3599 3050 3652 τοῦτο
3071 3602 3388 3672 πρεσϐύτης
3416 3621 3500 3667 τις
3525 3604 3653 3674 ὑπὲρ
3667 3604 3748 3673 τῆς

2202 3686 2390 3754 κοινῆς
2409 3685 2722 3757 ἐλευθερίας
2742 3688 2969 3758 Περσῶν
2994 3687 3057 3740 τὸ
3080 3689 3261 3744 θανεῖν
3280 3693 3639 3762 προτιμήσας,
3656 3692 3752 3754 ἑξε-

2201 3775 2424 3842 πίτηδες
2454 3775 2658 3828 ἁλῶναι
2683 3776 3056 3848 πλασάμενος,
3081 3780 3177 3832 καὶ
3205 3781 3280 3843 ὡς
3321 3781 3485 3852 δῆθεν
3511 3785 3603 3852 ούχ
3630 3782 3750 3836 ἑκὼν

2204 3865 2558 3934 συλληφθεὶς,
2590 3866 2786 3934 ἄγεται
2820 3868 2957 3938 πρὸς
2988 3869 3238 3938 βασιλέα.
3272 3871 3453 3928 Πολλὰ
3480 3873 3522 3924 δ’
3555 3877 3752 3942 ἀνακριι-

2204 3959 2317 4020 θεὶς
2351 3958 2446 4010 καὶ
2492 3957 2649 4022 δόξας
2679 3959 2855 4030 ἀληθῆ
2882 3960 3084 4030 λέγειν,
3119 3962 3296 4016 πείθει
3329 3965 3480 4032 αὐτῷ
3515 3964 3750 4017 ἓπεσθαι¹

2203 4045 2366 4116 τάχος
2397 4046 2506 4116 γὰρ
2550 4048 2674 4099 ὅσον
2705 4049 2760 4108 ἐς
2798 4050 2868 4101 τὰ
2911 4049 3200 4120 Ῥωμαίων
3219 4053 3346 4127 ὅρια
3379 4054 3475 4125 τὴν
3522 4055 3753 4125 στρατιὰν

2205 4136 2526 4207 ἐπιστήσειν
2559 4142 2915 4209 κατηγγυᾶτο
2935 4157 2950 4172 ο
2977 4142 3345 4211 δυσπρόσοδον
3383 4145 3440 4204 δὲ
3476 4147 3634 4218 μόνην
3661 4147 3753 4200 δεῖν

2204 4247 2328 4282 τινα
2370 4230 2474 4300 γῆν
2513 4231 2690 4285 ἐλθεῖν
2719 4233 2917 4298 αὐτοὺς
2969 4237 3116 4287 δυεῖν
3145 4235 3177 4307 ῆ
3211 4237 3382 4307 τριῶν
3410 4239 3649 4309 ἡμερῶν,
3678 4241 3755 4292 καὶ

2205 4323 2402 4394 χρῆναι
2427 4323 2497 4377 τά
2519 4324 2802 4395 ἐπιτήδεια
2832 4327 3020 4396 φέρειν
3041 4343 3053 4356 ·
3081 4329 3152 4382 δι’
3185 4330 3400 4400 ἐρήμου
3429 4332 3538 4401 γάρ
3563 4330 3652 4397 τῆς
3670 4330 3756 4395 γῆς

2139 4449 2182 4503 D
2209 4418 2459 4487 ἀνάγκην
2483 4413 2626 4477 εἶναι
2671 4419 2731 4472 τὸ
2767 4420 3086 4490 στράτευμα
3123 4421 3375 4477 διελθεῖν.
3416 4425 3524 4478 Καὶ
3557 4425 3617 4492 δὴ
3655 4426 3756 4484 ταῖς

2211 4510 2449 4572 ἀπάταις
2514 4510 2610 4562 τοῦ
2677 4511 2841 4580 σοφοῦ
2909 4513 3088 4570 εἶτουν
3154 4515 3412 4583 σοφιστοῦ
3477 4513 3755 4586 πρεσϐύτου

2211 4601 2459 4666 πεισθεὶς
2495 4604 2522 4654 ὁ
2552 4602 2804 4656 ἀπατεὼν
2842 4607 2938 4657 καὶ
2972 4605 3199 4670 πολλοὺς
3253 4609 3753 4678 κατασοφισάμενος,

2213 4691 2352 4758 ἔγνω
2377 4691 2486 4746 δεῖν
2517 4695 2688 4764 ταύτῃ
2718 4697 3015 4766 πορευτέον
3041 4692 3202 4758 εἶναι,
3238 4698 3364 4752 ἔνθα
3398 4701 3463 4756 ἂν
3492 4703 3519 4755 ὸ
3551 4698 3757 4767 πρεσσύο

2211 4803 2310 4854 της
2336 4785 2548 4861 ἡγοῖτο.
2591 4785 2678 4846 '0;
2709 4786 2764 4838 δὲ
2800 4789 3138 4857 προσωτέρω
3166 4791 3469 4860 χωροῦντες
3504 4793 3632 4860 μετὰ
3655 4789 3756 4859 τρί-

2213 4892 2314 4943 την
2349 4875 2564 4945 ἡμέραν
2601 4875 2787 4936 τόποις
2817 4877 3028 4948 ἀγρίοις
3066 4880 3342 4946 ἐνέδαλον,
3373 4883 3403 4934 ὁ
3435 4882 3533 4950 μὲν
3569 4881 3755 4950 γέρων.

2217 4965 2472 5036 βασάνοις
2505 4965 2776 5034 ὡμολόγει
2805 4968 2904 5038 τὴν
2933 4970 3192 5038 πρόθεσιν
3212 5013 3226 5036 ,
3256 4973 3330 5036 ὡς
3360 4974 3467 5026 τῶν
3498 4970 3755 5043 ὁμοφύλων

2217 5059 2377 5128 χάριν
2424 5057 2790 5128 αύτομολήσοι
2844 5061 2978 5129 πρὸς
3025 5061 3254 5120 θάνατον
3282 5080 3296 5095 '
3335 5065 3426 5118 καί
3479 5065 3527 5132 γ’
3569 5066 3754 5129 ἕτοιμον

2218 5149 2409 5201 ἐαυτὸν
2463 5151 2724 5220 παρέχειν
2774 5151 2909 5221 πρὶς
2945 5154 3050 5204 πᾶν
3083 5155 3561 5223 ἐπερχόμενονοέν
3591 5152 3752 5210 δεινοῖς

2217 5240 2262 5292 δ’
2291 5240 2558 5308 ἀφύκτοις
2597 5244 2697 5312 τῆς
2729 5246 2990 5315 στρατιᾶς
3030 5247 3529 5318 ἐναπειλημμένης,
3563 5247 3645 5300 καὶ
3669 5242 3754 5312 ἥδη

2221 5336 2562 5402 ἐκτετηκόσι,
2615 5339 2680 5403 τῇ
2725 5352 2783 5393 τε
2816 5339 3000 5406 μακρᾷ
3043 5339 3323 5409 ὁδοιπορίᾳ
3357 5341 3448 5392 καί
3475 5339 3639 5408 ἐνδείᾳ
3661 5335 3754 5387 τῶν

2221 5427 2560 5493 ἀναγκαίων,
2590 5429 2752 5490 εὐθὺς
2797 5430 2893 5485 καὶ
2927 5430 3170 5500 Περσικὴ
3201 5431 3501 5502 παράταξις
3531 5425 3755 5482 ἐπεισπέσ-

2222 5535 2346 5576 πτει
2390 5518 2598 5581 τούτοις
2636 5521 2780 5587 μάλα
2814 5522 3080 5590 λαμπρά·
3130 5525 3225 5576 καὶ
3285 5525 3459 5593 μάχης
3511 5519 3753 5591 καρτερᾶς

2226 5611 2618 5680 συῤῥαγείσης,
2637 5612 2837 5682 ἄνεμο;
2889 5613 3145 5682 ἐκνεφίας
3171 5607 3399 5679 πνεύσας
3427 5615 3657 5685 σφοδρὸν,
3676 5611 3754 5660 τόν

2227 5719 2281 5754 τε
2308 5702 2537 5772 ούρκνδι
2564 5705 2657 5756 καὶ
2676 5706 2764 5757 τὶν
2793 5707 2946 5775 ἥλιον
2971 5710 3282 5781 πυκνοτάτῳ
3311 5710 3451 5778 νέφει
3479 5707 3719 5762 ἐκάλυπτε
3737 5714 3750 5729 ⁹
