3986 6190
267 298 375 361 5ί9

1210 304 1808 366 ECCLESIASTICJ".
1850 307 2239 370 lliSTORUE
2279 312 2429 375 LIB.
2468 314 2542 376 X.

3420 324 3525 387 55‘

263 414 363 466 καὶ
394 412 492 483 τὴν
522 412 674 467 κόνιν
710 414 789 478 εἰς
829 416 969 487 ἀέρα
999 416 1205 488 ἐλίκμα
1236 459 1251 483 ,
1285 418 1507 480 σκᾶτους
1541 416 1735 471 πολλοῦ
1765 420 1837 470 κα

1962 421 2148 489 prielio
2182 422 2386 492 ingenti
2438 427 2757 495 commisso,
2811 432 3073 490 turbidus
3113 443 3311 492 ventus
3358 440 3527 493 velte-

259 506 469 574 ἀχλύος
498 506 734 576 μάλιστα
757 508 1212 581 ὲπιπο).αζοῦσης.
1247 511 1319 561 Τὸ
1348 509 1405 562 δὲ
1428 510 1697 579 Περσικὸν
1726 513 1849 562 ἑπε-

260 597 488 664 λαῦνον,
526 600 798 668 συνεπῆγε
822 601 917 654 καὶ⁸
944 602 1072 665 τοὺς
1092 603 1460 665 ὑποσπόνδους
1484 604 1847 673 κοντοφόρους

262 689 625 759 Σαρακηνούς
648 706 662 720 ο
686 684 763 744 ὧν
786 686 869 754 εἷς
893 692 954 746 τὸ
982 692 1110 765 δόρυ
1136 696 1406 758 ἐκτείνας,
1433 695 1670 763 ἰσχυρῶς
1694 693 1846 748 παίει

256 782 360 836 τὸν
394 783 623 852 βασιλέα
648 785 790 839 κατὰ
817 787 875 838 τδ
906 788 1273 858 περιτόναιον.
1302 789 1456 857 ’Ἅμα
1483 788 1539 841 δὲ
1568 792 1634 859 τῇ
1671 791 1843 859 αἰχμῇ

256 873 599 946 ὲξελκομίνῃ
628 875 838 945 κόπρος
867 876 1226 947 ἐπηκολούθει
1267 881 1736 951 συνεπισπωμένη
1768 882 1846 953 τῷ

254 964 481 1035 αἵματι.
527 964 633 1020 Τὸν
665 967 767 1037 μὲν
798 964 896 1021 οὖν
942 973 1233 1024 κτείναντα
1262 967 1345 1035 εἷς
1385 972 1499 1026 τῶν
1529 973 1843 1042 δορυφόρων

252 1054 509 1108 ἐπελθὼν
552 1055 653 1125 τῆς
682 1056 930 1126 κεφαλῆς
960 1060 1278 1129 ἀφαιρεῖται
1297 1078 1313 1092 ο
1339 1061 1562 1131 καιρίαν
1590 1061 1644 1114 δὲ
1700 1078 1841 1132 τρωο

252 1143 424 1198 θέντα
450 1143 541 1197 τὸν
569 1143 863 1199 Ἰουλιανὸν
891 1146 980 1201 ἐπ’
1023 1148 1250 1212 ἀσπίδος
1279 1150 1329 1203 οί
1353 1150 1547 1204 οίκείοι
1576 1149 1843 1204 ἀναλασό-

256 1253 445 1305 μενοι,
472 1236 609 1306 πρὸς
634 1235 734 1308 τὴν
764 1237 1054 1311 βασιλικὴν
1090 1240 1413 1311 ἀπεχώρουν
1452 1243 1683 1313 σκηνήν.
1714 1244 1841 1299 Τισὶ

246 1328 318 1380 δὲ
352 1329 453 1380 καὶ
472 1325 574 1397 τὴν
609 1327 827 1397 πληγὴν
849 1329 938 1384 διὰ
974 1330 1036 1383 τὸ
1062 1331 1260 1401 ἀθρόον
1296 1331 1422 1403 μηδ’
1449 1332 1575 1387 ὅθεν
1602 1334 1839 1406 ἐπῆλθεν

254 1417 460 1483 ἰδοῦσι,
503 1420 660 1488 παρά
696 1438 843 1484 τινος
875 1421 984 1474 τῶν
1030 1423 1250 1477 οίκείων
1283 1424 1547 1494 ἐνομίσθη
1576 1426 1638 1480 τὸ
1667 1427 1838 1492 πάθος
1870 1435 1875 1440 ’

1960 520 2178 565 menter
2216 515 2347 569 tlare
2382 514 2676 585 incipiens,
2706 519 2869 574 densa
2923 522 3067 577 nube
3112 524 3313 579 ccelum
3365 537 3528 596 atque

1954 599 2123 655 solem
2154 601 2438 669 obscurat,
2482 607 2762 676 pulverem
2793 612 2845 665 in
2880 627 3060 668 aerem
3092 616 3367 670 sublatum
3397 634 3522 673 veno

1954 690 2094 750 tilat.
2155 692 2559 765 caliginemque
2598 708 2654 754 et
2695 701 2950 758 tenebras
2998 705 3251 774 ingentes
3300 711 3523 763 excitat.

1951 779 2021 833 Et
2066 781 2322 838 Persicus
2369 789 2644 845 exercitus
2718 791 2772 845 in
2824 804 3043 851 nostros
3075 796 3316 863 irruens,
3347 802 3525 854 sor-ius

1950 878 2118 939 atque
2143 873 2440 931 auxiliares
2473 894 2658 933 Secum
2708 881 3008 939 Saracenos
3060 886 3302 943 hastatos
3353 892 3526 945 addu~

1950 975 2125 1023 xerat.
2161 966 2361 1022 [lorum
2395 970 2596 1040 aliquis
2627 973 2781 1028 hasta
2811 984 3091 1043 protensa,
3123 982 3514 1050 imperatorem

1949 1063 2189 1131 graviter
2219 1063 2472 1118 vulnerat
2505 1082 2519 1118 :
2558 1067 2879 1122 membrana
2922 1084 2986 1123 ea
3017 1087 3140 1140 qua:
3170 1073 3516 1142 pcritoneum

1948 1154 2171 1219 dicitur,
2210 1164 2266 1209 et
2309 1165 2434 1210 exta
2484 1158 2669 1211 omnia
2724 1158 3061 1216 intrinsecus
3107 1167 3261 1234 tegit,
3303 1166 3374 1220 ita
3407 1168 3520 1222 dis-

1953 1257 2141 1315 rupta,
2186 1257 2246 1301 ut
2274 1248 2501 1319 cuspide
2553 1260 2799 1305 extracta
2852 1266 3205 1310 excrementa
3249 1261 3517 1330 sanguine

1949 1336 2110 1391 mista
2137 1351 2258 1391 eam
2282 1338 2394 1391 sint
2422 1348 2746 1393 consecuta.
2799 1341 3117 1398 Percussori
3165 1361 3232 1400 ex
3280 1347 3551 1417 impera--

1947 1426 2082 1480 toris
2144 1427 2473 1483 satellitibus
2537 1429 2761 1500 quidam
2819 1444 2985 1502 caput
3052 1440 3358 1505 amputavit
3412 1442 3515 1512 (l).

247 1510 569 1581 προελθεῖν.
602 1511 665 1563 Ol
685 1512 792 1580 μὲν
819 1510 913 1565 οὗν
940 1512 1178 1583 Πέρσην,
1205 1514 1253 1567 οί
1278 1514 1334 1567 δὲ
1356 1515 1697 1588 Σαρακηνὸν,
1729 1520 1837 1572 είσὶ

1947 1518 2336 1588 Imperatorem
2396 1532 2579 1576 autem
2644 1523 2714 1577 ita
2799 1524 3076 1585 lethaliter
3136 1510 3513 1594 vulneratum.

246 1599 319 1654 δὶ
341 1598 392 1652 οἳ
425 1602 521 1653 καὶ
555 1598 833 1671 Ῥωμαῖον
869 1601 1214 1673 στρατιώτην
1239 1602 1672 1675 διισχυρίζονται
1698 1602 1837 1663 εἶναι

1946 1618 2104 1664 scuto
2142 1611 2460 1679 impositum
2483 1649 2499 1670 .
2532 1613 2796 1668 satellites
2841 1616 2958 1685 ejus
2994 1616 3049 1671 in
3099 1618 3516 1677 tabernaculqu

245 1691 350 1743 τὸν
402 1691 707 1763 πλήξαντα,
759 1692 1238 1763 ἀγανακτήσαντα,
1298 1693 1372 1758 ὡς
1426 1696 1595 1763 εἰκὸς,
1644 1698 1836 1769 ὅτιπερ

1947 1699 2367 1772 imperatorium
2411 1704 2747 1759 detulerunt.
2775 1706 2882 1777 81
2930 1707 3101 1763 Porro
3130 1712 3379 1766 nonnulli
3419 1715 3513 1782 qui

245 1783 491 1853 ἀϐουλίᾳ.
518 1782 615 1837 καὶ
655 1782 957 1856 θρασύτητι
983 1786 1213 1857 γνώμης
1259 1786 1530 1860 τοσαύτην
1575 1767 1837 1861 στρατιὰ-ν

1949 1793 2151 1848 vulnus
2180 1792 2327 1848 unde
2358 1795 2695 1862 pervenerit,
2730 1795 2799 1850 ob
2838 1798 3191 1865 rep'entinum
3230 1800 3513 1857 incursum

244 1877 684 1948 παραπώλεσεν.
943 1934 954 1944 ,

1947 1898 2174 1954 prorsus
2230 1878 2340 1938 non
2401 1885 2684 1950 viderunt,
2746 1900 2778 1939 a
2840 1888 3103 1959 quopiam
3157 1891 3513 1949 familiarium

244 1986 489 2027 suorum
545 1970 816 2027 iullietum
863 1984 988 2025 esse
1028 1970 1436 2029 existimarunt.
1490 1972 1671 2044 Atque
1726 1972 1819 2031 alii
1854 1974 2083 2045 quidem
2144 1976 2394 2042 Persam,
2456 1979 2549 2033 alii
2604 1978 2965 2066 garacenum,
3025 1984 3280 2055 suntqui
3318 1986 3518 2042 Roma-

247 2084 395 2124 num
426 2068 660 2125 militem
685 2083 817 2122 eum
850 2066 1121 2123 occidisse
1159 2066 1455 2132 aﬂirmant,
1520 2070 1871 2141 indignatum
1911 2071 2197 2137 videlicet,
2261 2072 2429 2129 sicuti
2466 2075 2768 2135 verisimile
2803 2085 2942 2144 erat,
2989 2080 3137 2148 quod
3180 2079 3516 2152 imprudenti

247 2161 576 2218 temeritate
618 2171 673 2216 et
715 2159 953 2231 gloriosa
983 2159 1213 2217 audacia
1244 2167 1459 2217 tantum
1490 2162 1819 2233 perdidisset
1855 2168 2186 2222 exercitum.

324 2256 589 2329 Δισάνιος
620 2256 678 2310 δὲ
705 2258 733 2309 ὁ
764 2256 934 2326 Σὰρος
969 2256 1257 2327 σοφιστὴς,
1290 2258 1443 2327 φίλος
1485 2259 1638 2329 αὐτῷ
1672 2262 1732 2324 ὲς
1762 2262 1830 2315 τά

2012 2261 2295 2322 ιίδαιιὶυε
2323 2278 2456 2319 sane
2486 2262 2661 2337 Syrus
2698 2267 2964 2338 sephista,
2992 2270 3204 2327 amicus
3229 2272 3349 2344 ejus
3382 2273 3515 2328 inti-

250 2351 502 2420 μάλιστα
534 2350 632 2406 καὶ
672 2348 1010 2412 ⁷διδασκαλος
1045 2348 1312 2419 γεγονὼς,
1341 2353 1400 2404 ὲν
1431 2349 1511 2420 τῷ
1543 2352 1626 2416 είς
1670 2352 1836 2406 αὐτὸν

1940 2368 2063 2408 mus
2114 2362 2171 2409 et
2218 2364 2543 2425 praeceptor,
2568 2357 2636 2412 de
2670 2373 2995 2427 percussore
3023 2361 3139 2430 ejus
3190 2362 3245 2416 in
3294 2364 3514 2421 funebri

249 2443 542 2511 ἐπιταφίῳ
563 2442 746 2498 τοιάδε
782 2442 912 2511 περὶ
939 2440 1028 2494 τοῦ
1060 2440 1370 2507 κτείναντος
1402 2444 1567 2497 αὑτὸν
1596 2446 1832 2516 ίστορεῖο

256 2556 280 2588 ι
323 2535 431 2599 Τίς
456 2530 556 2590 οὖν
588 2537 616 2587 ὁ
662 2533 905 2601 κτείνας,
948 2534 1105 2587 ποθεῖ
1140 2549 1224 2594 τις
1265 2534 1533 2601 ἀκοῦσαις
1580 2535 1835 2605 Τοῦνομα

253 2628 370 2695 μὲν
402 2628 506 2680 οὐκ
529 2620 649 2679 οἶδα
670 2638 686 2654 '
719 2623 815 2679 τοῦ
870 2624 927 2678 δὲ
979 2623 1344 2694 μηπολέμιον
1383 2621 1526 2680 εἴναι
1555 2627 1648 2680 τὸν
1694 2628 1839 2680 κτεί-

252 2735 439 2774 ναντα
474 2719 698 2786 σημεῖον
729 2715 960 2786 ἐναργὲς
992 2715 1054 2769 τὸ
1100 2716 1309 2786 μηδένα
1342 2717 1608 2789 πολέμιον
1646 2721 1745 2773 ἐπὶ
1767 2722 1833 2790 τῇ

256 2811 461 2881 πληγῇ
495 2809 864 2879 τετιμῆσθαι·
899 2809 1078 2863 καίτοι
1126 2809 1216 2863 διὰ
1259 2808 1520 2881 κηρύκων
1547 2812 1577 2865 ὁ
1620 2811 1838 2882 tum“;

260 2904 461 2959 ἐκάλει
495 2904 591 2956 τὸν
644 2901 1008 2965 ἀπεκτονότα,
1057 2903 1152 2956 καὶ
1198 2902 1459 2970 μεγάλων
1494 2903 1851 2983 ὑπῆρχεητιῖρσ

260 2995 497 3065 φανέντι
525 2995 732 3062 τυχεῖν.
777 2991 919 3046 Ἀλλ’
950 2992 1103 3062 ὅμως
1133 2992 1243 3046 οὐδ’
1283 2992 1450 3066 ἔρωτι
1480 2994 1660 3065 γερῶν
1706 2995 1840 3065 ηλα-

1937 2445 2205 2511 oratione,
2264 2462 2429 2516 quam
2463 2447 2534 2503 de
2576 2464 2645 2504 eo
2695 2453 3026 2522 composuit,
3081 2455 3206 2510 talia
3264 2457 3511 2516 scribit:

1945 2553 1965 2587 ι
2015 2535 2149 2603 Quis
2202 2537 2369 2608 igitur
2406 2554 2533 2594 eum
2582 2540 2943 2609 interemerit,
2990 2545 3185 2600 audire
3236 2547 3511 2618 quispiam

1938 2629 2133 2698 cupit?
2155 2628 2364 2684 Nomen
2391 2631 2513 2701 ejus
2542 2634 2747 2687 nescio.
2779 2633 2898 2687 Non
2925 2634 3137 2690 hostem
3166 2646 3349 2692 autem
3382 2655 3511 2709 per-

1939 2734 2218 2776 cussorem
2256 2738 2382 2777 eum
2406 2723 2595 2791 fuisse,
2628 2735 2877 2793 apertum
2910 2726 3170 2781 indicium
3199 2738 3322 2795 est,
3362 2732 3510 2800 quod

1939 2826 2005 2867 ex
2060 2812 2312 2869 hostibus
2350 2830 2513 2871 nemo
2558 2817 2803 2872 vulneris
2837 2818 2959 2888 ejus
2985 2819 3208 2875 nomine
3244 2820 3511 2877 honorem

1940 2911 1997 2958 et
2024 2906 2310 2972 praemium
2345 2907 2621 2974 acceperit
2649 2922 2664 2961 :
2694 2924 2818 2963 cum
2847 2908 3069 2978 quidem
3098 2911 3388 2969 Persarum
3416 2929 3510 2968 rex

1942 3009 2040 3064 per
2070 3010 2348 3065 prmcoues
2380 3011 2757 3065 percussorem
2808 3000 2929 3070 ejus
2970 3001 3306 3065 evocaverit,
3338 3012 3394 3055 et
3427 3002 3513 3056 iu-

262 3084 599 3150 ζονεύσατο.
633 3082 746 3147 Καὶ
797 3082 970 3155 πολλή
997 3100 1060 3152 γε
1112 3086 1224 3148 τοῖς
1258 3084 1545 3157 πολεμίοις
1586 3086 1623 3156 η
1655 3084 1837 3156 χάρις,

1942 3087 2144 3156 gentia.
2185 3089 2280 3157 qui
2335 3102 2456 3143 sese
2515 3088 2831 3155 indicasset,
2890 3091 3112 3161 praemia
3152 3102 3514 3163 percepturus

256 3180 350 3231 ὅτι
383 3170 459 3231 ὧν
488 3177 589 3230 οὐκ
619 3175 880 3247 ἔδρασαν,
901 3176 963 3228 οὐ
991 3175 1322 3247 προσέθεντο
1346 3178 1446 3246 τὴν
1477 3173 1659 3241 δόξαν.
1687 3175 1836 3231 Ἀλλ’

256 3271 462 3332 Ξδοσαν
485 3272 618 3337 παρ’
642 3269 775 3339 ἡμῖν
802 3268 989 3330 αὐτοῖς
1014 3270 1103 3321 τὸν
1129 3269 1342 3337 σφαγέα
1366 3265 1575 3338 ζητεῖν.
1604 3263 1699 3332 Οἷς
1727 3268 1842 3339 γὰρ,

254 3363 372 3416 οὐκ
404 3358 702 3415 ἐλυσιτέλει
747 3359 896 3423 ζῶνο
931 3351 1080 3412 οὗτοι
1110 3358 1169 3412 δὲ
1230 3354 1374 3429 ἦσαν
1424 3360 1474 3410 ot
1522 3357 1724 3423 ζῶντες
1773 3360 1835 3411 οὐ

252 3450 413 3505 κατὰ
438 3450 568 3510 τοὺς
597 3449 820 3517 νόμους,
862 3445 1031 3500 πάλαι
1057 3463 1119 3499 τε
1159 3445 1544 3512 ὲπεὸούλευον,
1576 3448 1669 3500 καὶ
1717 3447 1838 3500 τότε

254 3541 590 3612 δυνηθέντες
622 3542 955 3611 εῑργάσαντο
974 3557 990 3573 ·
1012 3542 1113 3613 τῆς
1138 3558 1199 3594 τε
1232 3541 1399 3610 ἀλλης
1432 3543 1648 3607 ἀδικίας
1670 3543 1840 3612 ἀναγ-

255 3634 571 3703 καζούσης,
603 3635 706 3689 οὐκ
747 3633 978 3704 ἐχούσης
1026 3635 1119 3689 ἐπὶ
1167 3636 1268 3703 τῆς
1314 3634 1523 3695 ἐκείνου
1555 3635 1835 3705 βασιλείας

253 3730 520 3796 ἐξουσίαν
539 3744 554 3757 ·
603 3727 701 3780 καὶ
738 3725 979 3796 μάλιστά
1013 3742 1076 3796 γε
1106 3727 1169 3780 τδ
1194 3728 1465 3798 τιμᾶσθαι
1502 3730 1629 3792 τοὺς
1656 3729 1833 3795 θεοὺς,

252 3821 309 3874 οἳ
341 3818 660 3875 τουναντίον
687 3817 937 3889 ἐζήτουν.
981 3838 1001 3873 ι
1045 3818 1104 3874 ὐ
1150 3818 1251 3889 μὲν
1278 3818 1659 3883 οὖνΛιΕάνιος
1688 3819 1835 3873 ἔοικε

250 3912 595 3983 Χριστιανὸν
618 3912 800 3981 λέγειν
822 3912 916 3966 τὸν
945 3910 1167 3981 σφαγέα
1197 3910 1292 3965 τοῦ
1342 3909 1668 3980 παραδάτου
1692 3925 1708 3941 ·
1742 3911 1837 3962 καὶ

251 4006 422 4064 οὐδὲν
446 4003 676 4068 ἀπεικὸς
703 4003 813 4057 τῶν
840 4003 1575 4074 τηνικάδεστρατευόμενον
1603 4003 1685 4065 είς
1709 4001 1835 4057 νοῦν

252 4100 474 4172 βαλεῖν,
507 4098 577 4159 ὡς
600 4096 923 4168 ἀτύραννον,
943 4095 1154 4151 ἀνελὼν
1181 4095 1250 4147 δι’
1277 4096 1502 4148 ίπαίνου
1522 4094 1835 4164 παρ’ἆπασι

252 4192 538 4259 πέφυκεν,
576 4189 675 4244 ἅτε
715 4188 781 4260 δὴ
811 4189 913 4258 τῆς
977 4188 1165 4268 κοινῆς
1197 4187 1508 4259 ἐλευθερίας
1558 4187 1836 4261 ᾑρημένος

252 4283 487 4338 θανεῖνυ
520 4283 661 4346 ἴσως
697 4281 754 4338 δὲ
780 4281 874 4337 καί
906 4298 1018 4336 τισι
1066 4280 1177 4334 τῶν
1219 4281 1463 4349 γνησίων
1510 4279 1832 4349 ὲπαμύνων.

256 4378 378 4434 Καὶ
407 4375 507 4428 οὐκ
539 4376 605 4432 ἀν
632 4391 719 4438 τις
749 4374 946 4445 ἐκείνῳ
978 4372 1260 4444 μέμψαιτο
1280 4372 1368 4426 διὰ
1390 4371 1521 4426 Θεὸν
1552 4374 1643 4425 καὶ
1667 4371 1836 4440 θρησ-

258 4468 427 4523 κείαν
455 4467 696 4536 ἑλομένῳ
750 4464 1213 4534 προκινδυνεῦσαι
1237 4481 1251 4496 ·
1294 4466 1419 4535 δμοὶ
1466 4464 1528 4518 δὲ
1566 4462 1836 4534 περὶτῶν

259 4559 577 4629 εἰρημένων
601 4556 1139 4627 διακρισολογείσθαι
1160 4552 1468 4624 λελόγισται
1493 4553 1628 4624 παρ’
1645 4554 1831 4606 οὐδέν*

258 4654 359 4704 καὶ
389 4652 498 4723 γὰρ
518 4650 612 4708 καὶ
633 4650 933 4712 Κάλλιστος
959 4651 987 4701 ὀ
1011 4647 1080 4700 τὰ
1110 4647 1232 4700 κατ’
1256 4647 1417 4701 αὑτὸν
1446 4648 1614 4718 ἠρώῳ
1642 4648 1831 4719 μέτρῳ

256 4739 575 4804 διεξελθὼν,
610 4738 679 4790 τὰ
714 4736 862 4791 κατὰ
901 4735 993 4788 τὸν
1027 4735 1267 4802 πόλεμον
1315 4734 1695 4805 διηγούμενος,
1729 4735 1833 4787 ὑπὸ

255 4829 518 4899 δαίμονός
551 4846 690 4899 φησι
744 4825 1025 4897 πληγέντα
1068 4826 1261 4880 τοῦτον
1295 4825 1497 4881 θανεῖν.
1530 4826 1723 4898 Ὅμως
1752 4843 1833 4878 τι*

258 4924 388 4993 μῶν
419 4923 511 4975 τὸν
540 4918 747 4976 οἰκεῖον
774 4920 1041 4991 δεσπότην
1076 4917 1250 4984 οὕτως
1290 4917 1551 4988 ἔγραψεν.
1584 4918 1743 4979 ’Ῑσως
1785 4918 1831 4972 δ’

254 5015 332 5069 ἂν
389 5016 488 5068 καὶ
536 5013 801 5081 ἀληθείας
833 5011 921 5078 εἴη
974 5013 1270 5083 ἐχόμενον
1322 5013 1422 5064 οὐκ
1469 5010 1691 5080 ὀλίγους
1721 5009 1833 5080 γὰρ

256 5107 510 5178 ιριννύες
570 5105 857 5177 μετῆλθον.
912 5104 1001 5171 Ὠς
1050 5104 1096 5158 δ’
1143 5104 1515 5174 ἀληθέστατος
1563 5102 1684 5156 λίαν
1736 5105 1837 5157 καὶ

256 5201 556 5268 σύμφωνος
591 5200 784 5268 κρατεῖ
843 5195 1001 5264 λόγος
1047 5194 1389 5265 ἁπανταχοῦ,
1444 5194 1538 5248 καὶ
1576 5195 1654 5258 είς
1684 5194 1833 5265 ἡμᾶς

256 5292 518 5360 ἀφίκετο,
541 5293 684 5342 κατὰ
711 5288 1010 5358 θεομηνίαν
1058 5288 1349 5352 Ἰουλιανὸς
1372 5288 1679 5356 ἀναιρεῖται
1696 5298 1711 5314 ·
1736 5288 1833 5339 καὶ

261 5382 485 5451 σφαγὲα
511 5380 703 5432 τούτου
734 5379 907 5448 ptem
942 5381 1076 5450 ἡμῖν
1107 5375 1251 5433 εἶναι
1289 5378 1381 5433 τὸν
1421 5378 1589 5432 πολὺν
1613 5379 1709 5433 καὶ
1734 5380 1833 5449 μέ-

257 5488 363 5541 γαν
390 5470 743 5541 Μερκούριον
779 5470 1134 5526 ἑκδεδώκασι.

1940 3174 2126 3232 fuerit.
2164 3175 2269 3231 Sed
2304 3191 2371 3232 ne
2406 3192 2597 3233 eorum
2629 3181 2850 3249 quidem
2880 3181 3181 3252 cupiditate
3214 3186 3508 3255 quisquam

1938 3277 2023 3325 est
2052 3268 2345 3330 adductus.
2366 3279 2426 3324 ut
2456 3270 2670 3329 facinus
2699 3272 2803 3326 sibi
2837 3281 3046 3329 tautmu
3070 3276 3504 3345 perjactantiam

1940 3371 2243 3432 arrogaret.
2310 3361 2377 3417 Et
2441 3364 2610 3417 multa
2671 3364 2919 3434 profecto
2977 3365 3228 3421 hostibus
3274 3367 3512 3422 debetur

1939 3454 2137 3522 gratia.
2188 3454 2333 3523 quod
2384 3454 2541 3523 cujus
2598 3456 2721 3509 lacti
2787 3465 3043 3512 auctores
3095 3473 3204 3512 non
3259 3458 3506 3524 fuerunt,

1938 3544 2185 3616 ejusdem
2229 3545 2332 3600 sibi
2364 3546 2591 3615 gloriam
2628 3561 2738 3600 non
2770 3547 3137 3604 vindicarunt.
3191 3547 3296 3604 Sed
3328 3550 3509 3616 nobis,

1942 3645 2002 3692 ut
2033 3636 2446 3693 interfectorem
2482 3638 2903 3708 inquireremus,
2947 3642 3315 3709 permiserunt
3336 3682 3353 3708 ,
3386 3644 3512 3714 qui-

1938 3728 2043 3784 bus
2077 3728 2232 3783 illum
2264 3727 2474 3782 diutius
2497 3730 2683 3784 vivere
2702 3730 2846 3784 bono
2875 3746 2983 3785 non
3013 3730 3135 3787 fuit.
3157 3732 3297 3789 Sunt
3326 3746 3508 3790 autem

1938 3822 2050 3887 isti,
2094 3820 2187 3891 qui
2229 3820 2394 3877 nullis
2442 3821 2629 3876 vivunt
2670 3822 2901 3893 legibus.
2937 3823 3040 3892 Qui
3082 3827 3306 3894 quidem
3361 3829 3509 3897 quod

1938 3911 2146 3967 dudum
2180 3922 2308 3965 sunt
2340 3913 2544 3979 conati,
2572 3922 2683 3966 tum
2713 3914 2932 3968 demum
2963 3929 3085 3969 eum
3120 3926 3362 3985 possent,
3388 3934 3513 3987 per-

1937 4011 2209 4075 egerunt:
2253 4003 2537 4073 iniquitate
2581 4003 2792 4073 reliqua
2833 4021 2931 4060 eos
2969 4017 3217 4075 cogente,
3262 4010 3349 4062 cui
3404 4012 3507 4063 sub

1938 4096 2085 4150 illius
2129 4096 2359 4164 imperio
2410 4096 2565 4150 locus
2614 4112 2724 4150 non
2770 4096 2895 4163 fuit,
2926 4108 2981 4153 et
3016 4099 3246 4154 maxime
3279 4100 3506 4156 deorum

1937 4189 2112 4252 cultu,
2136 4188 2224 4241 cui
2269 4187 2371 4258 ipsi
2413 4188 2645 4243 maxime
2694 4199 2822 4243 sunt
2860 4190 3156 4245 adversati.
3188 4210 3207 4243 ι
3244 4191 3509 4248 Libanins

1937 4279 2161 4349 quidem
2220 4278 2594 4334 Christianum
2633 4281 2802 4335 fuisse
2831 4284 3253 4353 transgressoris
3283 4300 3507 4356 percus-

1940 4389 2117 4427 sorem
2148 4412 2164 4439 ,
2211 4371 2397 4428 dicere
2436 4372 2674 4427 videtur.
2712 4373 2902 4444 Neque
2938 4375 3344 4432 dissentaneum
3403 4389 3507 4445 est,

1942 4465 2184 4534 aliquem
2219 4479 2285 4519 ex
2326 4465 2592 4520 militibus
2622 4464 2716 4534 qui
2740 4465 2845 4521 sub
2870 4466 3040 4545 signis
3060 4470 3178 4538 ejus
3194 4480 3369 4535 erant,
3394 4474 3507 4525 hinc

1941 4555 2023 4617 sic
2056 4571 2244 4611 secum
2299 4555 2717 4609 considerasse:
2760 4556 2905 4623 quod
2942 4555 2989 4609 si
3036 4558 3129 4624 qui
3158 4556 3287 4611 olim
3323 4568 3508 4627 tyran-

1933 4661 2067 4703 num
2096 4644 2431 4708 sustulisset,
2454 4643 2501 4700 is
2527 4643 2594 4697 ab
2624 4644 2881 4699 omnibus
2906 4656 3129 4713 propter
3156 4660 3504 4700 communem

1934 4736 2247 4795 libertatem
2283 4734 2659 4796 asserendam,
2685 4744 2778 4788 aut
2806 4735 3043 4804 aliquem
3078 4750 3144 4789 ex
3179 4737 3507 4793 necessariis

1933 4835 1989 4880 et
2021 4823 2345 4896 propinquis
2377 4823 2790 4889 vindicandum,
2826 4822 2912 4876 vel
2940 4836 3064 4877 cum
3108 4824 3232 4877 vitae
3262 4825 3506 4892 periculo

1934 4918 2149 4975 facinus
2197 4925 2406 4971 tantum
2462 4931 2669 4978 ausus.
2703 4914 2919 4969 laudem
2963 4915 3149 4970 retulit
3185 4930 3400 4985 :neque
3448 4933 3506 4971 se

1898 5055 1910 5064 .
1936 5025 2266 5081 quemquam
2318 5008 2779 5076 repreliensurntu
2812 5022 2966 5073 csse,
3002 5008 3047 5062 si
3079 5008 3169 5063 Dei
3203 5017 3259 5062 et
3287 5009 3506 5080 religio-

1936 5106 2021 5158 nis
2039 5118 2224 5167 causa,
2262 5115 2317 5155 se
2348 5100 2401 5154 in
2431 5109 2640 5154 certum
2692 5100 2993 5169 periculum
3028 5100 3342 5170 conjiceret.
3374 5100 3503 5154 Mihi

1937 5211 2066 5249 vero
2094 5193 2161 5247 de
2210 5193 2297 5247 his
2337 5207 2458 5261 qua:
2487 5192 2633 5245 dicta
2676 5194 2828 5245 varie
2876 5203 3037 5255 sunt,
3065 5190 3371 5246 accuratius
3422 5178 3515 5244 in;

1937 5287 2159 5356 quirere
2204 5285 2429 5337 minime
2464 5283 2833 5337 necessarium
2864 5283 3101 5337 videtur.
3140 5283 3269 5335 Nam
3301 5290 3356 5335 et
3384 5279 3507 5337 Cal.

1936 5379 2117 5442 listus,
2153 5377 2245 5446 qui
2281 5391 2371 5431 res
2421 5375 2541 5443 ejus
2585 5375 2805 5429 beroico
2838 5390 2999 5428 versu
3031 5374 3346 5442 complexus
3395 5382 3501 5437 est,

1937 5473 2098 5522 rebus
2146 5468 2362 5524 bellicis
2391 5466 2655 5536 expositis
2679 5505 2695 5530 ,
2724 5482 2754 5519 α
2791 5465 3036 5520 ἀίειηοιιο
3081 5480 3206 5519 eum
3245 5466 3501 5519 vulnera.

259 5581 377 5624 tum
403 5568 734 5622 occubuisse
760 5568 1107 5638 dicit.Atque
1131 5568 1176 5621 is
1204 5567 1418 5622 tametsi
1452 5566 1645 5621 herum
1704 5583 1864 5621 suum
1908 5566 2118 5620 honore
2187 5575 2657 5634 proseqtteretur,
2712 5563 2828 5616 haec
2905 5570 3084 5616 tamen
3136 5562 3378 5631 scripsit.
3439 5562 3506 5616 Et
3552 5630 3553 5635 η

336 5688 415 5754 (1)
445 5683 810 5745 Sozomenus,
843 5699 1221 5753 percussorem
1251 5683 1452 5738 Juliani
1486 5692 1607 5754 post
1634 5684 1834 5740 vulnus

262 5752 352 5811 illi
382 5756 676 5823 intlictum,
716 5752 963 5821 latuisse,
1020 5763 1075 5809 ct
1116 5769 1260 5823 equo
1291 5754 1530 5809 adutisso
1557 5752 1684 5825 fuga
1718 5755 1820 5809 sibi

1942 5682 2291 5738 consuluisse
2328 5681 2497 5735 dicit:
2533 5682 2643 5737 Καὶ
2670 5681 2765 5737 τοῦ
2793 5682 2965 5735 ἵππου
2985 5680 3332 5745 καταλαῦὼν,
3355 5681 3505 5744 ὅστις

1933 5749 2022 5823 ἦν,
2056 5753 2263 5824 ἀπῆλθε
2292 5752 2491 5804 λαθών.
3099 5777 3104 5783 -
