3986 6190
278 222 381 281 55⁸8

1194 226 1794 291 ECCLESIASTlC/E
1834 230 2220 294 HlSTORl/E
2252 236 2404 298 LIB.
2447 235 2521 297 X.

3417 239 3533 304 551,

275 330 308 395 η
340 328 660 398 προφητεία
714 328 966 383 πεισάτω
1018 332 1228 397 τοῦτον,
1260 336 1329 405 ἦν
1380 354 1464 400 τις
1515 338 1654 403 θεῖος
1706 340 1821 408 divi“

1952 343 2274 408 monachus,
2309 353 2362 398 et
2409 342 2823 399 ecclesiasticus
2863 344 3229 415 philosophus
3258 342 3523 417 Didymus

275 420 680 489 πρθηγόρευσε.
727 423 1080 492 προσφοιτῶν
1126 426 1224 494 μὲν
1254 427 1520 499 Λιὸανίφ,
1554 432 1623 484 τὰ
1654 431 1710 485 δὲ
1742 433 1840 499 τῆς

285 510 617 580 Ἐκκλησίας
668 513 1153 584 ἑκπαιδευόμενος.
1195 518 1675 590 Ἑπιστρατεύοντι
1732 524 1839 593 γὰρ

270 603 469 673 ἐκείνῳ
505 605 620 667 τοῖς
648 605 908 675 Πέρσαις,
947 607 1311 673 διατωθάζων
1354 612 1635 678 Λιϐἀνιος,
1671 634 1690 666 ι
1726 616 1840 669 Νῦν

269 690 327 744 δὲ
352 691 480 761 ἄρα,
523 691 602 763 τῷ
655 694 786 765 θείῳ
839 696 1041 767 ἐκείνῳ
1073 700 1231 768 ἀνδρὶ
1266 700 1448 770 ἔλεγε,
1482 703 1536 758 τί
1564 705 1629 758 ἂν
1663 707 1692 758 ὁ
1741 705 1837 760 τοῦ

269 784 522 847 τέκτονος
552 787 787 856 πράττοι
825 790 974 856 υίός;
1008 790 1068 844 '0
1121 793 1199 858 δὲ,
1251 794 1484 865 Ξυλίνην
1533 797 1711 867 θήκην
1743 815 1842 853 κα.

270 876 603 940 τασκευάζει
628 879 765 949 πρὸς
795 877 1047 945 θάνατον,
1071 881 1443 955 ἀντεπήγαγε,
1473 887 1551 957 τῷ
1574 888 1659 958 σῷ
1684 889 1839 957 βασι-

270 965 372 1028 λεῖ,
410 983 429 1014 ι
466 967 561 1019 καὶ
586 971 706 1035 μετ’
730 969 918 1037 ’ὀλίγον
941 966 1044 1043 ἦκε
1070 975 1262 1045 νεκρὸς
1288 979 1317 1029 ὁ
1348 978 1579 1050 σοϐαρὸς
1605 981 1837 1047 ἐκεῖνος,

271 1056 363 1107 καὶ
389 1055 537 1124 μέγα
563 1058 773 1124 φυσῶν,
808 1062 906 1114 καὶ
929 1054 1040 1132 τὴν
1061 1064 1418 1137 Ἀλεξάνδρου
1450 1067 1610 1132 δόξαν
1632 1069 1842 1142 ὀνειρο-

272 1146 469 1208 πολῶν,
501 1148 535 1217 ἢ
572 1152 664 1201 καὶ
709 1152 913 1218 μᾶλλον
961 1146 1378 1223 ὑπερϐαλέσθαι
1429 1159 1623 1214 τοῦτον
1656 1164 1837 1233 οίόμε-

266 1253 353 1297 νος
376 1252 394 1266 ο
431 1236 490 1298 ὃς
521 1239 661 1291 κατᾶ
713 1241 812 1309 τὴν
853 1243 1173 1313 Πυθαγόρου
1205 1245 1363 1310 δόξαν
1406 1249 1507 1311 τὰς
1557 1252 1839 1320 μετεμψυ-

265 1325 467 1395 χώσεις
497 1331 695 1399 τιμῶν,
734 1333 798 1385 ὲκ
853 1337 1405 1406 μετενσωματὼσεως
1450 1340 1551 1412 τὴν
1577 1342 1838 1408 Ἀλεξάν-

262 1417 390 1485 δρου
419 1420 565 1488 ἔχειν
588 1422 792 1492 ψυχὴν,
821 1426 1021 1494 μᾶλλον
1045 1427 1104 1481 δὲ
1133 1429 1295 1493 αὐτὸς
1320 1425 1459 1486 εἶναι
1487 1433 1837 1505 Ἀλέξανδρος

264 1509 321 1560 ἐν
350 1511 530 1581 ἑτέρῳ
557 1513 760 1585 δηλαδὴ
797 1516 1013 1586 σώματι
1046 1519 1202 1588 ἔλεγε
1221 1537 1236 1553 ο
1271 1523 1407 1591 μηδὲ
1446 1524 1605 1589 εἰδὼς
1630 1526 1706 1589 ὡς
1728 1528 1838 1596 ἄρα

263 1599 424 1664 νικᾷν
451 1599 555 1667 μὲν
578 1601 767 1669 καλὸν,
802 1604 1103 1678 ὑπερνικᾷν
1151 1609 1209 1662 δὲ
1255 1611 1575 1682 ἐπίφθονον.
1622 1613 1836 1671 Ἦπάτα

1946 432 2369 497 Alexandrinus,
2417 443 2473 489 ct
2510 446 2769 502 praeterea
2802 437 3101 491 desertoris
3149 435 3323 505 ipsius
3360 438 3520 490 fami-

1947 524 2103 579 liaris
2146 540 2202 579 et
2260 528 2603 595 propinquus
2660 527 2937 593 viderint,
2971 527 3101 582 talia
3139 538 3285 582 sunt.
3329 526 3519 595 Neque

1947 618 2163 671 illorum
2199 620 2489 687 quisquam
2515 619 2792 673 averitatc
2821 620 3124 685 aberravit,
3147 634 3312 688 quam
3345 619 3522 673 cmdcs

1945 720 2138 781 postea
2200 711 2516 766 renuntiata
2565 712 2928 767 continuavit.
2957 713 3077 778 Quo
3130 711 3176 765 si
3241 710 3519 780 quispiam

1944 802 2124 858 adhuc
2155 802 2309 856 illum
2338 802 2433 872 qui
2466 803 2546 857 sic
2565 804 2830 858 ecclesias
2853 801 3301 867 vastaverit,nou
3334 803 3518 856 divina

1943 893 2186 949 vindicta
2233 895 2628 965 interemptum
2661 909 2785 950 esse
2827 895 3125 950 contendat
3165 912 3180 948 :
3222 896 3272 948 ei
3320 895 3371 949 id
3426 910 3521 947 va-

1945 983 2199 1038 ticinium
2250 985 2599 1053 persuadeat,
2665 984 2811 1052 quod
2869 983 3084 1038 divinus
3130 982 3352 1053 quidam
3408 985 3516 1047 vir,

1943 1062 2157 1127 Libauii
2204 1072 2427 1142 quidem
2456 1073 2780 1140 familiaris,
2814 1074 3083 1128 institutis
3109 1083 3293 1127 autem
3345 1075 3517 1129 eccle-

1942 1164 2177 1220 siasticis
2232 1165 2408 1234 probe
2447 1165 2738 1230 eruditus,
2774 1164 3044 1233 praedixit.
3083 1164 3218 1219 Cum
3272 1181 3510 1235 namque

1941 1254 2194 1311 Julianus
2224 1258 2527 1312 exercitum
2568 1256 2626 1311 in
2657 1258 2854 1311 Persas
2885 1256 3134 1321 duceret,
3163 1263 3219 1311 et
3249 1256 3517 1311 Libauius

1942 1348 2180 1403 illudens
2206 1348 2276 1403 ad
2315 1358 2565 1404 sanctum
2621 1349 2775 1404 illum
2807 1352 2985 1404 virum
3017 1349 3248 1405 diceret.
3289 1368 3308 1401 ι
3344 1348 3516 1417 Quid-

1942 1454 2066 1493 nam
2093 1438 2235 1494 fabri
2264 1439 2468 1496 faceret
2497 1441 2677 1495 ﬁlius?
2701 1441 3041 1511 respondens
3071 1442 3163 1501 ille
3202 1460 3215 1496 :
3250 1441 3512 1510 Ligneum

1940 1530 2142 1600 inquit,
2166 1533 2403 1587 loculum
2442 1535 2511 1588 ad
2546 1544 2776 1589 mortem
2826 1535 3176 1605 imperatoris
3208 1536 3285 1589 tui
3328 1534 3515 1588 elabo-

1941 1630 2046 1676 rat.
2084 1642 2104 1675 ι
2143 1625 2210 1679 Et
2238 1627 2736 1695 parvaintercessit
2768 1643 2939 1692 mora,
2975 1643 3100 1681 cum
3139 1636 3390 1681 mortuus
3421 1627 3512 1682 ille

258 1688 315 1740 δὲ
336 1690 506 1745 αὐτὸν
528 1695 621 1745 καὶ
648 1696 902 1766 Μάξιμος
940 1699 972 1751 ὀ
998 1701 1313 1771 φιλόσοφος,
1342 1705 1652 1777 συμπαρὼν
1683 1709 1821 1779 αὑτᾷ

1938 1714 2206 1771 adductus
2238 1688 2384 1784 est,
2417 1719 2512 1787 qui
2572 1721 2845 1788 superbus
2892 1731 2946 1775 ct
3010 1720 3233 1774 inﬂatus
3282 1719 3511 1791 gloriam

258 1781 354 1834 καί
374 1799 491 1836 τισι
521 1786 811 1855 μαντείαις
843 1790 1055 1858 ἐξάγων
1079 1794 1173 1846 τοῦ
1208 1794 1447 1860 δέοντος.

1938 1806 2234 1862 Alexandri
2278 1810 2673 1876 somniaverat,
2733 1826 2794 1866 ac
2834 1812 3017 1880 potius
3049 1814 3210 1884 longe
3236 1815 3392 1867 illum
3423 1829 3514 1868 su—

256 1893 481 1948 perasse
511 1882 619 1938 sibi
651 1884 802 1940 visus
834 1886 1048 1944 fuerat:
1077 1900 1135 1945 et
1164 1892 1320 1962 juxta
1389 1892 1712 1967 Pythagorae
1770 1903 2127 1970 sententiam,
2175 1903 2484 1959 animarum
2521 1908 3033 1975 transmigrationes
3096 1908 3511 1981 magnifacicns,

252 1988 319 2029 ex
350 1988 653 2045 corporum
689 1982 1144 2038 transmutatione
1172 1985 1470 2042 Alexandri
1535 1990 1773 2046 animam
1837 2008 1897 2048 se
1937 1995 2160 2061 habere,
2198 2008 2364 2068 atque
2394 1999 2534 2054 adeo
2558 2000 2930 2056 Alexandrum
2965 2002 3018 2055 iu
3055 2016 3287 2072 corpore
3324 2001 3431 2055 alio
3454 2016 3514 2055 se

249 2085 395 2136 esse,
427 2070 661 2128 dixerat.
694 2073 883 2144 Neque
916 2077 1047 2132 satis
1114 2079 1408 2149 intellexit,
1433 2084 1672 2142 Vincere
1741 2089 1966 2157 quidem
2031 2092 2324 2162 pulchrum
2396 2110 2520 2151 esse
2556 2114 2571 2151 :
2621 2097 2855 2153 victoria
2898 2108 3081 2152 autem
3138 2113 3237 2168 per
3269 2096 3515 2153 insolen-

252 2167 384 2218 tiam
456 2165 650 2226 abuti.
717 2167 1074 2227 invidiosum.
1156 2173 1386 2229 Seduxit
1444 2188 1628 2235 autem
1683 2195 1812 2237 eum
1868 2184 2139 2242 Maximus
2201 2188 2368 2243 etiam
2427 2189 2814 2260 pbiIOSOphus,
2854 2191 2947 2260 qui
2974 2191 3024 2245 ei
3046 2165 3346 2247 adfuitzet
3372 2191 3513 2269 divi-

249 2259 579 2314 nationibus
608 2261 939 2329 quibusdam
972 2272 1343 2322 transversum
1372 2271 1507 2340 egit.
1610 2298 1627 2313 κ

316 2351 395 2405 Οὐ
438 2352 550 2423 μὴν
573 2352 826 2407 ἀλλὰκαὶ
857 2357 1022 2421 αὐτὸς
1051 2359 1177 2413 ὅθεν
1212 2361 1440 2431 ἐϐλάϐη,
1472 2365 1825 2433 ἀμωσγέπως

248 2445 454 2514 συνῆκε
479 2483 497 2510 ,
551 2446 645 2499 καὶ
672 2446 985 2501 παντάπασι
1019 2452 1112 2505 τὸν
1140 2454 1241 2520 τῆς
1284 2456 1576 2524 συμφορᾶς
1603 2457 1703 2509 οὐκ
1729 2459 1830 2530 ἠγ-

247 2539 451 2608 νόησεν
485 2540 680 2594 αἴτιον.
719 2543 830 2596 Καὶ
878 2545 986 2613 γάρ
1018 2563 1149 2613 φασι
1176 2548 1275 2617 τῆς
1323 2549 1557 2619 ὠτειλῆς
1589 2552 1652 2605 τδ
1683 2546 1827 2621 αἷμα

245 2631 560 2700 ἀρυόμενος
578 2635 643 2703 τῇ
676 2634 900 2705 κοτύλῃ,
953 2638 1031 2699 είς
1066 2638 1262 2707 αἰθέρα
1311 2640 1700 2708 διακοντὶζειν,
1735 2638 1823 2699 οἷά

249 2740 309 2789 γε
335 2723 582 2793 Χριστὸν
615 2727 777 2794 ὁρῶν,
816 2730 909 2782 καὶ
940 2730 1038 2799 τῆς
1065 2732 1333 2803 σφετέρας
1374 2737 1590 2805 σφαγῆς
1615 2738 1714 2808 τὴν
1737 2740 1824 2791 αὶ-

245 2818 367 2870 τίαν
393 2817 729 2888 ἐπιγράφων
767 2819 937 2890 αύτῷ,
989 2823 1084 2874 καὶ
1115 2822 1322 2892 λέγειν,
1354 2824 1430 2887 ὡς
1484 2826 1818 2899 Νενίκηκας,

247 2906 507 2960 Γαλ.ιλαῖε
533 2944 550 2972 ,
580 2908 894 2978 νενίκηκας.
924 2909 1110 2963 Ἀλλοι
1134 2911 1191 2965 δέ.
1222 2929 1386 2981 φασιν
1412 2914 1488 2977 ὡς
1507 2915 1599 2968 τὸν
1622 2917 1820 2985 ἔφορον

2008 2368 2116 2424 Sed
2144 2368 2290 2424 enim
2341 2367 2487 2423 unde
2524 2369 2575 2422 ci
2609 2366 2792 2423 clades
2822 2382 2886 2421 ea
2911 2367 3197 2433 evenerit,
3241 2365 3513 2436 quodam-

1936 2461 2099 2517 modo
2130 2463 2362 2531 ipsemet
2391 2458 2679 2522 intellexit.
2712 2477 2891 2531 neque
2921 2476 3150 2531 prorsus
3181 2462 3508 2531 calamitatis

1936 2561 2218 2609 auctorem
2270 2554 2562 2624 ignoravit.
2602 2554 2814 2609 Dicitur
2846 2555 3017 2617 enim,
3053 2567 3181 2607 eum
3210 2568 3242 2608 ο
3277 2554 3508 2608 vulnere

1936 2660 2067 2699 cava
2125 2660 2285 2699 manu
2338 2646 2658 2715 sanguinem
2711 2646 3010 2710 hausisset,
3041 2656 3208 2717 atque
3262 2661 3389 2701 eum
3446 2646 3503 2699 in

1930 2739 2161 2802 ctelum,
2194 2738 2360 2792 veluti
2418 2737 2697 2793 Christum
2732 2739 3101 2809 conspiciens,
3149 2739 3504 2809 coniecisset,

1930 2830 2158 2901 perinde
2187 2840 2352 2901 atque
2378 2845 2598 2887 causam
2639 2832 2804 2887 caedis
2848 2848 2961 2888 suae
2994 2832 3046 2886 iu
3084 2848 3211 2887 cum
3244 2832 3501 2896 referret,

1930 2921 2254 2978 vociferatus
2292 2938 2411 2978 esse
2444 2938 2458 2976 :
2492 2922 2700 2991 Vicisti,
2724 2922 2963 2989 Galilaae,
3009 2924 3215 2979 vicisti.
3245 2923 3358 2994 84,
3393 2922 3501 2976 Alii
3572 2966 3577 2971 .

244 3000 343 3067 τῆς
403 2998 578 3052 αὐτοῦ
635 3005 945 3068 γεννήσεως
1001 3002 1157 3073 ἥλιον
1211 3005 1353 3059 κατά
1388 3023 1508 3061 τινα
1571 3010 1819 3079 περίοδον

1928 3027 2052 3067 vero
2083 3012 2339 3082 tradunt,
2388 3029 2515 3069 eum
2551 3014 2723 3070 solem
2758 3015 2958 3070 natalis
2993 3016 3141 3071 horae
3171 3031 3284 3070 suae
3316 3016 3504 3085 inspe-

244 3092 659 3162 ἀστρονομικὴν
689 3095 746 3145 ὲν
777 3094 978 3158 αἰτίαις
1010 3096 1205 3164 ἐτίθει,
1247 3099 1330 3152 ὅτι
1371 3099 1667 3171 Ῥωμαίοις
1688 3104 1826 3175 ἐπή-

252 3196 449 3248 μυνεν,
479 3182 644 3235 αὑτὸν
666 3182 724 3235 δὲ
751 3183 811 3235 οὐ
843 3184 1118 3240 διέσωσεν.
1153 3188 1216 3240 Et
1240 3188 1286 3240 δ’
1308 3189 1532 3261 ἀληθὲς,
1561 3193 1826 3265 τελευτᾷν

250 3272 494 3341 μέλλων,
512 3274 612 3343 τῆς
640 3275 1202 3348 ψυχῆςχωριζομένης
1238 3280 1333 3334 τοῦ
1372 3281 1654 3350 σώματος,
1684 3286 1827 3339 θειό-

243 3380 376 3431 τερα
447 3365 638 3433 ῆκατ’
688 3367 980 3437 ἄνθρωπον
1032 3370 1271 3439 ὴδύνατο
1325 3373 1573 3445 θεωρεῖν,
1607 3375 1683 3439 ὡς
1732 3378 1826 3430 καὶ

243 3454 491 3524 Χριστὸν
545 3459 702 3527 ὀρᾷν,
762 3459 943 3528 λέγειν
999 3461 1100 3515 οὐκ
1127 3462 1268 3531 ἔχω’
1311 3464 1374 3517 οὐ
1404 3470 1515 3535 γὰρ
1546 3467 1757 3521 πολλῶν
1793 3469 1821 3520 ό

242 3547 435 3614 λόγος,
465 3546 583 3599 ἀλλ’
612 3548 734 3601 οὐδὲ
762 3548 837 3612 ὡς
866 3549 1061 3619 ψεῦδος
1090 3551 1200 3605 ὅντ’
1227 3554 1614 3624 ἀποτρέπομαι
1635 3573 1650 3589 ο
1676 3557 1821 3621 εἰκὸς

244 3640 288 3691 δ’
311 3635 468 3693 εἶναι
495 3640 586 3693 καὶ
612 3639 807 3706 ταῦτα,
835 3643 932 3694 καὶ
964 3641 1172 3697 τούτων
1196 3644 1377 3714 πολλῷ
1405 3645 1824 3718 θαυμαστότερα

242 3726 526 3794 γίνεσθαι,
578 3727 666 3780 ἵνα
690 3730 765 3797 μὴ
796 3728 1115 3801 ἀνθρωπίνῃ
1150 3734 1356 3805 σπουδῇ
1415 3736 1676 3805 συστῆναι
1720 3736 1819 3805 τὴν

242 3819 543 3888 ἐπώνυμον
587 3819 829 3889 Χριστοῦ
877 3820 1173 3892 θρησκείαν
1209 3824 1323 3894 ἔχοι
1360 3842 1445 3888 τις
1474 3826 1680 3895 λέγειν.
1712 3829 1820 3880 Καὶ

241 3917 267 3966 ὁ
297 3916 403 3982 μὲν
436 3913 663 3967 τοιαῦτα
700 3916 979 3984 πράττων,
1011 3918 1105 3969 καὶ
1134 3916 1195 3970 τὸ
1228 3914 1368 3987 αἷμα
1399 3920 1623 3989 ῥαίνων,
1667 3920 1814 3989 διαρ-

246 4008 444 4078 ρήδην,
478 4007 789 4079 κορέσθητι
826 4006 1140 4078 Ναζωραῖε,
1195 4011 1475 4079 ἐπέλεγεν.
1505 4012 1733 4081 ’Υΰριζε
1760 4018 1817 4070 δὲ

247 4104 341 4153 καὶ
373 4102 509 4162 τοὺς
536 4100 729 4164 ἄλλους
761 4100 939 4167 θεοὺς,
970 4103 1174 4164 κακοὺς
1200 4104 1295 4156 καὶ
1323 4103 1589 4173 ὀλετῆρας
1610 4106 1818 4163 ἀποκα-

241 4194 370 4247 λῶν.
420 4193 480 4248 Ὀ
512 4193 696 4258 μέντοι
721 4194 946 4261 ἄριστος
976 4193 1175 4264 ίατρῶν
1195 4197 1222 4248 ὀ
1252 4196 1424 4259 Λυδὸς
1456 4198 1813 4268 Ὠρειῦἀσιος,

243 4286 269 4336 ὁ
290 4285 355 4337 ὲκ
384 4283 656 4353 Σάρδεων,
682 4282 835 4353 αὐτῷ
864 4285 1049 4354 συνῆν.
1083 4284 1225 4338 Ἀλλ’
1253 4287 1543 4356 ἐχλεύαζεν
1570 4292 1605 4361 η
1631 4290 1813 4362 πληγὴ

241 4374 336 4441 τὴν
367 4373 585 4425 ἐκείνου
610 4371 831 4426 ἃπασαν
865 4371 1201 4441 θεραπείαν·
1232 4377 1323 4427 καὶ
1356 4376 1413 4428 ἐν
1458 4378 1638 4448 τρισὶν
1670 4380 1813 4448 ἡμέ-

246 4483 367 4533 ραις
405 4465 531 4527 τοὺς
593 4462 821 4526 πολλοὺς
858 4465 1065 4527 αἰῶνας
1114 4464 1304 4535 ζήσειν
1347 4468 1619 4539 οἰόμενον,
1650 4470 1811 4539 ἐξῆγε

242 4557 334 4609 τού
366 4556 499 4627 ζῇν·
530 4557 588 4608 ὲν
621 4555 722 4625 μὲν
766 4554 846 4624 τῷ
876 4554 972 4608 τοῦ
1023 4557 1306 4629 Καίσαρος
1354 4561 1599 4630 σχήματι
1647 4562 1810 4615 πέντε

242 4650 549 4713 ἐνιαυτοὺς,
583 4651 640 4704 ὲν
672 4649 729 4701 δὲ
762 4649 840 4717 τῷ
874 4648 1172 4719 διαδήματι
1208 4652 1349 4715 μετὰ
1395 4652 1486 4705 τὸν
1514 4655 1811 4708 Κωνσταν-

241 4742 359 4793 τίου
392 4740 629 4794 θάνατον
660 4741 754 4794 δύο
813 4741 952 4809 πρὸς
983 4740 1060 4811 τῷ
1089 4742 1279 4812 ἡμίσει
1328 4744 1661 4798 διανύσαντα
1687 4747 1806 4814 ἔτη.

243 4832 398 4894 Ἐτος
431 4832 479 4883 δ’
524 4827 593 4901 ἦν
620 4831 770 4901 αὐτῷ
794 4831 895 4901 τῆς
922 4832 1073 4901 ζωῆς
1101 4834 1402 4903 τηνικαῦτα
1443 4838 1581 4906 πρὸς
1613 4838 1693 4908 τῷ
1727 4840 1807 4892 ἑνὶ

240 4923 332 4975 καὶ
364 4924 681 4992 τριάκοντα.
717 4923 823 4976 Τόν
856 4940 919 4991 γε
968 4926 1074 4993 μὴν
1106 4924 1320 4978 ἅπαντα
1354 4927 1547 4997 χρόνον
1571 4929 1674 5000 τῆς
1710 4933 1808 4984 αὐ-

239 5014 329 5065 τοῦ
358 5012 633 5081 βασιλείας
663 5015 993 5083 ἀγανακτῶν
1012 5016 1040 5068 ὁ
1058 5017 1192 5079 Θεὸς
1225 5021 1534 5089 συμφοραῖς
1555 5023 1807 5094 ἀπείροις

240 5109 332 5157 καὶ
389 5107 750 5169 παντοδαποῖς
804 5108 1000 5169 κακοῖς
1058 5107 1299 5162 ὑπέϐαλε
1349 5110 1450 5180 τὴν
1517 5113 1806 5184 Ῥωμαίων

241 5198 497 5267 ὑπήκοον.
535 5198 610 5250 Ἦ
639 5216 697 5249 τε
735 5200 846 5267 γὰρ
879 5200 948 5268 γῆ
983 5200 1194 5269 σφόδρα
1243 5204 1519 5274 σειομένη,
1553 5206 1653 5259 οὐκ
1708 5208 1806 5261 ἀσ-

240 5290 381 5358 φαλῆ
415 5294 672 5359 παρεῖχεν
705 5289 818 5342 οὔτ’
849 5295 907 5343 ἐν
936 5293 1070 5361 οἴκῳ
1106 5293 1294 5361 μένειν
1319 5294 1432 5348 οὔτ’
1458 5300 1516 5350 ἐν
1549 5298 1804 5371 ὑπαίθρῳ

238 5380 514 5451 διατριϐὴν
550 5382 695 5452 ἒχειν
722 5385 850 5443 τοὺς
888 5385 1225 5453 περιοίκους.
1260 5387 1384 5440 Ἐπὶ
1419 5390 1474 5442 δὲ
1505 5393 1603 5460 τῆς
1634 5394 1801 5447 αὐτοῦ

237 5472 404 5540 ἀρχῆς
441 5474 537 5525 καὶ
586 5473 645 5525 τὸ
692 5472 1092 5544 θρυλλούμενον
1118 5479 1175 5529 ἐν
1224 5480 1601 5553 Ἀλεξανδρείᾳ
1627 5487 1800 5549 πάθος

239 5563 489 5629 ἐγένετοο
536 5566 779 5633 ὁπηνίκα
842 5570 1049 5638 σφόδρα
1100 5572 1133 5639 ἡ
1189 5571 1437 5625 θάλασσα
1494 5577 1794 5644 πνεύσασα,

237 5656 357 5718 τοὺς
383 5656 614 5719 οικείους
638 5660 986 5729 παρήμειψεν
1026 5663 1188 5728 ὅρους
1211 5703 1226 5725 ,
1260 5666 1357 5719 καὶ
1396 5667 1557 5738 μέχρι
1592 5670 1787 5723 πολλοῦ

532 5750 804 5812 PATROL.
841 5757 956 5818 Gn.
1006 5760 1235 5823 CXLVI

1930 3112 2160 3169 ctorem,
2185 3114 2409 3176 propter
2429 3106 2856 3162 astronomicum
2889 3108 3183 3178 quemdam
3214 3108 3503 3164 circuitum

1930 3213 2238 3264 accusasse,
2275 3199 2420 3268 quod
2475 3199 2659 3255 Persis
2682 3201 2948 3255 auxilium
2989 3202 3196 3264 tulerit,
3233 3217 3291 3257 se
3316 3212 3502 3258 autem

1928 3302 2036 3341 non
2069 3289 2390 3343 servaverit.
2411 3288 2497 3354 Et,
2533 3289 2805 3359 siquidem
2838 3305 3027 3344 verum
3056 3301 3163 3354 est,
3187 3291 3298 3362 jam
3331 3292 3499 3346 moric

1929 3387 2109 3444 turus,
2163 3379 2345 3434 anima
2390 3380 2683 3436 secedente
2727 3397 2756 3435 a
2793 3397 3048 3451 corpore,
3079 3382 3321 3436 divinius
3364 3398 3502 3452 quo-

1925 3470 2217 3525 dammodo
2250 3487 2414 3540 quam
2447 3487 2547 3542 pro
2576 3472 2861 3528 hominum
2886 3486 3045 3541 captu
3080 3476 3276 3543 potuit,
3308 3476 3499 3530 oculos

1925 3560 2233 3616 intendisse
2271 3563 2345 3616 ita
2375 3561 2573 3626 fertur,
2628 3573 2687 3617 ut
2734 3564 2898 3618 etiam
2931 3564 3209 3619 Christum
3261 3565 3494 3623 viderit:

1925 3655 2071 3723 quod
2100 3669 2231 3709 sane
2262 3654 2533 3709 afﬁrmare
2560 3670 2671 3709 non
2706 3670 2931 3724 possum
2974 3674 2987 3709 :
3024 3670 3133 3710 non
3160 3656 3314 3710 multi
3345 3658 3495 3712 enim

1927 3748 2030 3801 hoc
2053 3747 2329 3804 dixerunt.
2365 3747 2755 3803 Verumtamen
2802 3749 2855 3803 id
2883 3751 3047 3804 etiam
3079 3750 3247 3805 veluti
3278 3753 3497 3805 menda-

1924 3839 2068 3893 cium
2111 3854 2220 3893 non
2262 3839 2473 3893 refello.
2521 3839 2830 3913 Verisimile
2866 3843 3015 3896 enim
3043 3850 3150 3906 est,
3181 3844 3389 3910 ethoc,
3437 3854 3495 3899 et

1922 3946 1988 3986 eo
2011 3924 2396 3987 adliuc'multo
2421 3932 2743 3995 admiranda
2769 3936 2940 4017 magis
2973 3935 3240 3990 accidisse
3263 3973 3279 4000 .
3301 3951 3368 3990 nc
3394 3937 3494 3991 btt-

1923 4039 2085 4077 mauo
2141 4025 2393 4087 consilio,
2429 4027 2521 4095 qui
2564 4025 2837 4081 aChristo
2881 4043 3082 4083 nomen
3143 4029 3327 4093 habet,
3369 4025 3493 4086 relié-

1920 4114 2139 4185 giouem
2174 4117 2521 4180 constitisse,
2559 4119 2738 4173 dicere
2762 4120 3038 4189 quispiam
3073 4122 3267 4190 possit.
3311 4125 3490 4193 Atque

1922 4206 2014 4260 ille
2043 4207 2123 4261 sic
2151 4222 2210 4261 se
2252 4207 2480 4273 habens,
2508 4218 2563 4263 et
2600 4210 2867 4280 sanguine
2909 4212 3188 4278 difﬂuens,
3237 4216 3441 4272 diserte
3474 4238 3489 4273 :

1922 4297 2203 4362 Saturare,
2230 4299 2533 4367 Nazarene,
2561 4302 2902 4359 exclamavit.
2936 4306 3081 4361 Alios
3109 4324 3329 4378 quoque
3360 4312 3493 4366 deos

1917 4391 2249 4443 contumelia
2282 4390 2486 4456 aﬁ‘ecit,
2543 4394 2716 4448 malos
2743 4410 2838 4449 eos
2860 4405 2916 4449 et
2948 4400 3284 4465 perniciosos
3314 4404 3492 4471 appel-

1915 4480 2053 4534 lans.
2112 4482 2316 4537 Praesto
2365 4484 2412 4537 ci
2457 4484 2615 4539 alluit
2666 4485 2851 4542 Sardis
2893 4498 3046 4544 ortus
3074 4492 3319 4547 medicus
3353 4508 3491 4562 prae-

1914 4572 2306 4635 stautissimus,
2341 4573 2627 4631 Oribasius
2661 4577 2970 4633 Sardeusis.
3007 4580 3113 4634 Sed
3146 4597 3338 4637 curam
3370 4587 3489 4654 ejus

1914 4679 2129 4719 onmem
2162 4667 2362 4721 vulnus
2389 4669 2535 4723 illius
2564 4669 2681 4723 risit
2714 4680 2877 4739 atque
2908 4674 3261 4742 contempsit.
3283 4675 3357 4728 Ita
3391 4678 3486 4745 qui

1913 4772 1972 4809 se
2010 4758 2193 4811 multis
2221 4760 2435 4813 saeculis
2463 4761 2735 4815 victurum
2773 4764 3028 4831 credidit,
3062 4766 3207 4822 intra
3242 4770 3485 4825 triduum

1911 4857 1993 4903 est
2026 4850 2329 4903 exstinctus
2356 4867 2368 4902 :
2397 4852 2489 4920 qui
2537 4853 2588 4904 iu
2619 4854 2848 4909 Cazsaris
2878 4857 3140 4925 dignitate
3180 4862 3484 4931 quinqucu-

1912 4941 2085 5007 nium,
2119 4941 2170 4996 iu
2204 4944 2437 5012 imperio
2465 4956 2645 4999 autem
2680 4963 2709 5000 a
2758 4948 3063 5004 Constantii
3106 4965 3279 5008 morte
3312 4972 3483 5009 annos

1909 5032 2048 5089 duos
2079 5049 2201 5087 cum
2237 5034 2465 5091 dimidio
2494 5038 2692 5108 exegit.
2720 5040 2966 5096 Mortuus
2992 5052 3076 5098 cst
3108 5047 3286 5099 aetatis
3343 5064 3482 5101 auito

1911 5126 2186 5180 tricesimo
2218 5127 2415 5196 primo.
2449 5128 2587 5182 Toto
2632 5146 2763 5186 sane
2813 5132 3030 5203 imperii
3062 5139 3183 5205 ejus
3234 5148 3481 5207 tempore

1908 5220 2081 5272 iratus
2112 5218 2255 5273 Deus
2277 5260 2291 5284 ,
2325 5222 2503 5275 varias
2538 5224 2876 5281 calamitates
2920 5236 2975 5281 ct
3024 5229 3308 5283 innumera
3342 5232 3478 5283 mala

1907 5308 2277 5364 Romanorum
2336 5312 2560 5367 immisit
2618 5316 2835 5371 ditioui.
2886 5320 3165 5388 Siquidem
3201 5333 3341 5374 terra
3398 5322 3476 5374 iu-

1905 5404 2051 5473 gcnti
2104 5417 2251 5460 motu
2282 5424 2549 5465 concussa
2582 5411 2784 5479 eflecit,
2817 5427 2877 5468 ut
2911 5431 3085 5484 neque
3130 5417 3181 5475 in
3223 5415 3476 5471 domibus

1908 5503 2022 5548 tuto
2054 5497 2306 5554 homines
2334 5514 2640 5565 manerent,
2670 5522 2846 5573 neque
2877 5507 2981 5561 sub
3011 5507 3102 5559 dio
3125 5509 3287 5563 etiam
3326 5518 3474 5563 recte

1905 5600 2285 5644 versarentur.
2320 5594 2433 5647 Sub
2466 5595 2634 5663 ipsius
2665 5612 2883 5666 quoque
2937 5598 3170 5667 imperio
3218 5600 3457 5654 decauta

1903 5678 2106 5735 tissima
2128 5682 2215 5738 illa
2237 5686 2353 5742 urbi
2387 5687 2766 5745 Alexandriam
2796 5691 3075 5745 calamitas
3104 5692 3325 5760 accidit,
3346 5710 3470 5750 cum

3039 5787 3108 5853 18
