3986 6190
486 211 593 274 555

1673 208 1722 269 Ν
1728 208 2092 269 ICEPHORI
2133 210 2481 270 CALLISTI
3570 219 3662 282 556

482 338 632 381 mare
659 320 974 379 vehementi
1007 328 1142 380 astu
1170 320 1469 387 concitum,
1493 329 1549 377 et
1583 320 1723 376 ultra
1758 319 1895 376 ﬁnes
1918 335 2049 376 suos

2157 323 2245 391 τῆς
2273 324 2448 393 ξηρᾶς
2469 318 2622 393 ἦλθε,
2653 322 2749 376 κού⁸
2791 322 3001 395 ταύτην
3031 321 3355 380 κατέκλυσεν
3378 340 3392 355 ·
3427 323 3554 380 ὥστε
3584 334 3667 385 καὶ

483 430 855 487 progressum,
875 415 951 470 ita
983 414 1191 468 diluvio
1216 410 1423 467 aridam
1452 421 1506 467 et
1535 411 1906 467 continentem
1931 421 2044 468 ter-

486 524 599 564 ram
628 507 937 572 inundavit,
971 515 1030 561 ut
1073 521 1140 561 eo
1174 507 1228 560 in
1261 505 1439 559 locum
1469 519 1630 559 suum
1663 518 1916 575 regresso
1940 544 1955 565 ,
1988 505 2046 558 in

485 609 753 656 tectorum
779 599 975 668 tegulis
998 596 1213 665 scapha:
1235 594 1459 648 marinae
1475 593 1586 648 sint
1615 602 1867 664 reperta.
1890 594 2046 650 Unde

482 690 858 753 Alexandrini,
917 688 985 742 ab
1035 701 1099 741 eo
1160 694 1403 755 tempore
1439 698 1548 754 quo
1586 684 1708 739 talis
1758 684 2047 741 inundatio

485 792 668 839 coorta
731 789 832 844 est,
886 777 1030 833 diem
1095 776 1293 833 festum
1331 790 1459 831 eum
1511 784 1854 847 peragentes.
1901 777 2049 833 faces

486 876 683 930 multas
722 874 776 927 in
811 870 946 926 urbe
982 871 1310 935 accendunt,
1352 869 1796 938 carminibusque
1829 877 1885 923 et
1923 885 2050 940 gra-

485 969 680 1021 tiarum
716 963 1021 1018 actionibus
1054 962 1190 1017 iram
1229 959 1327 1015 Dei
1374 959 1656 1031 supplices
1677 959 1925 1028 placant,
1955 973 2047 1015 so-

484 1057 930 1124 lemnitatemque
977 1052 1409 1109 anniversariam
1459 1065 1583 1105 cum
1615 1051 1811 1121 insigni
1847 1051 2048 1121 pietate

482 1156 536 1200 et
563 1145 828 1214 religione
857 1145 1167 1197 observant.
1201 1140 1487 1195 Siccitates
1512 1140 1679 1195 etiam
1722 1140 1951 1194 intensa:
1981 1155 2048 1195 eo

484 1240 791 1307 imperante
852 1249 976 1289 cum
1031 1234 1214 1303 fruges
1258 1232 1660 1293 exstinxerunt,
1711 1238 1827 1285 tum
1863 1244 2046 1286 aerem

482 1344 703 1399 quoque
746 1325 1064 1397 pestiferum
1108 1323 1419 1379 reddidere.
1474 1321 1817 1393 Quapmpter
1868 1321 2051 1377 homi-

483 1421 645 1476 nibus
678 1434 859 1480 rerum
892 1417 1119 1487 penuria
1149 1413 1591 1485 pressis,~lames
1628 1412 1925 1468 admodum
1956 1429 2054 1469 ex-

2155 413 2293 482 ὐπέρ
2325 413 2432 466 τῶν
2466 415 2751 484 κεράμων,
2775 414 2873 468 τοῦ
2901 415 3096 479 ὕδατος
3131 414 3284 476 αὖθις
3312 415 3673 489 ὑπονοστήσαν-

2150 520 2264 565 τος,
2292 502 2556 556 θαλάττια
2578 502 2872 574 εὑρεθῆναι
2910 505 3120 576 σκάφη.
3150 506 3216 558 '0
3244 506 3307 575 δὴ
3337 504 3674 579 Ἀλεξανδρεῖς

2151 597 2239 648 ἀεὶ
2273 594 2610 649 διατελοῦσιν
2642 597 2840 667 ἑορτὴν
2880 597 3106 666 ἄγοντες
3144 599 3203 663 ἐξ
3245 578 3449 652 ἐκείνοιῖ
3480 578 3587 654 καθ⁴
3618 605 3676 671 ῆν

2151 686 2369 755 ἡμέραν
2415 686 2667 754 ἐγένετο·
2730 685 2953 756 λύχνους
3014 686 3247 750 πολλοὺς
3298 691 3530 754 καίοντες
3586 693 3678 747 ἀνά

2154 780 2336 832 πᾶσαν
2366 779 2463 849 τὴν
2502 778 2682 845 πόλιν,
2736 781 3118 849 χαριστηρίοις
3148 797 3209 833 τε
3260 780 3422 850 ᾠδαῖς
3459 784 3543 838 τδν
3567 785 3679 837 Θεὸν

2156 869 2476 938 ἱλεούμενοι,
2512 868 2849 937 δυσωποῦσι,
2880 870 3203 939 περιφανῶς
3254 872 3395 942 μάλα
3425 874 3518 928 σὺν
3541 877 3679 930 εὐλα·

2152 961 2276 1033 ϐείᾳ
2327 960 2556 1030 ὲτησίως
2590 962 2800 1030 ταύτην
2853 964 3262 1027 ἐπιτελοῦντες.
3321 964 3424 1019 Ναὶ
3477 968 3575 1037 μὴν
3602 970 3683 1021 καὶ

2152 1054 2356 1125 αὐχμοὶ
2388 1055 2595 1124 σφόδρα
2624 1056 2854 1118 ἑαυτοὺς
2878 1057 3273 1124 ἐπιτείναντες,
3300 1058 3392 1112 ἐπὶ
3416 1060 3508 1130 τῆς
3537 1062 3683 1115 αὐτοῦ

2151 1144 2474 1215 ἡγεμονίας.
2498 1146 2625 1210 τούς
2655 1163 2717 1202 τε
2742 1137 2995 1217 καρποὺς
3027 1148 3309 1219 ἐφθειραν,
3347 1152 3440 1203 καὶ
3466 1153 3549 1203 τὸν
3565 1153 3685 1222 ἀέρα

2153 1236 2480 1307 φθοροποιὸν
2503 1239 2937 1309 ἀπειργάσαντο.
2964 1240 3277 1294 Κάντεῦθεν
3312 1244 3381 1313 τῇ
3413 1242 3577 1313 ἐνδείᾳ
3596 1244 3686 1295 τῶν

2152 1324 2457 1395 ἀνθρώπων
2488 1328 2856 1398 πιεζομένων,
2887 1331 3028 1383 κατὰ
3051 1329 3213 1399 βάθος
3238 1332 3268 1385 ὁ
3297 1330 3455 1400 λιμὸς
3484 1332 3685 1402 ἐχώρει,

2154 1417 2250 1470 καὶ
2280 1416 2359 1480 είς
2392 1416 2494 1479 τάς
2518 1417 2629 1470 τῶν
2661 1417 2874 1485 ἀλόγων
2904 1417 3057 1482 ζώων
3089 1420 3318 1489 τροφὰς,
3357 1423 3539 1482 κα“ιείς
3562 1425 3686 1493 ἀήθη

482 1512 679 1576 crevit,
733 1508 844 1580 85
883 1509 1024 1563 adeo
1056 1517 1116 1562 ut
1142 1506 1395 1561 homines
1436 1505 1503 1560 ad
1537 1505 1789 1561 insolitas
1821 1520 2050 1577 prorsus

2157 1506 2367 1562 δίαιταν
2414 1508 2476 1562 τὸ
2517 1509 2859 1589 ἀνθρώπινον
2892 1510 3117 1579 ἦλαυνε.
3158 1512 3249 1581 Τῷ
3289 1511 3349 1564 δὲ
3374 1511 3514 1581 λιμῷ
3540 1512 3687 1582 τούτῳ

483 1603 606 1656 vitae
636 1603 858 1672 agenda:
894 1599 1168 1661 rationes,
1193 1606 1248 1651 et
1273 1599 1340 1650 ad
1374 1598 1778 1653 irrationalium
1802 1598 2052 1654 animam-

2154 1597 2250 1649 καὶ⁵
2279 1596 2436 1665 λιμὸς
2463 1597 2655 1666 ἕτερος
2688 1596 3005 1666 ἠκολούθει,
3034 1599 3129 1651 καὶ
3170 1599 3284 1661 τοῖς
3317 1599 3558 1669 σώμασιν
3586 1603 3691 1654 ἐλυ-

484 1695 617 1748 tium
675 1694 933 1751 alimenta
985 1690 1094 1743 siut
1133 1688 1402 1743 conversi.
1452 1686 1674 1744 Famem
1701 1703 1836 1744 vero
1889 1691 2049 1745 istam

2157 1686 2403 1756 μαίνετο,
2468 1688 2657 1752 νόσους
2713 1688 2967 1751 ποικίλας
3019 1689 3365 1757 ἀπογεννῶν,
3411 1688 3468 1755 ἐξ
3516 1684 3585 1744 ὦν
3636 1692 3692 1745 τὰ

484 1786 792 1856 pestilentia
822 1795 907 1839 est
954 1794 1272 1849 consecuta,
1326 1796 1449 1852 quas
1488 1796 1717 1850 corpora
1743 1779 2048 1846 infestavit,

482 1888 538 1932 et
566 1878 746 1933 varios
778 1875 1067 1946 progenuit
1096 1875 1339 1938 morbos,
1360 1872 1505 1928 unde
1526 1872 1750 1943 plurimi
1788 1871 2054 1927 mortales

485 1970 765 2024 interiere.
793 1966 995 2022 Juliani
1048 1982 1137 2021 res
1182 1966 1332 2021 hunc
1368 1965 1613 2020 habuere
1659 1964 1848 2029 linem.
1876 1965 2052 2021 omni-

484 2063 587 2117 bus
611 2061 830 2132 quidem
858 2059 1205 2123 Christianis,
1242 2057 1529 2128 przecipue"
1551 2068 1732 2113 tamen
1751 2056 2051 2113 Antioche-

486 2156 595 2219 nis,
627 2163 843 2224 gratum
869 2160 926 2207 et
948 2150 1289 2223 jucundum:
1317 2150 1409 2220 qui
1442 2159 1660 2219 propter
1694 2150 1897 2206 eaedem
1929 2151 2051 2219 ejus

482 2247 702 2316 publico
729 2243 982 2299 instituto
1039 2241 1310 2311 tripudio,
1338 2240 1631 2294 Maximum
1671 2240 1834 2296 etiam
1867 2240 2053 2309 philo-

482 2337 716 2407 sophum
765 2333 1025 2390 convitiis
1073 2331 1473 2402 prosciderunt,
1520 2329 1653 2385 illud
1715 2330 2049 2395 acciuentes,

490 2448 508 2480 ι
542 2429 639 2485 Ubi
663 2436 791 2483 sunt
819 2426 1185 2482 divinationes
1211 2434 1336 2486 tuae,
1366 2423 1531 2479 stulte
1557 2421 1829 2477 Maxime?
1856 2439 1876 2472 ›
1907 2420 2053 2476 Vicit

482 2524 654 2584 Deus,
691 2528 746 2575 et
778 2519 1029 2573 Christus
1052 2516 1189 2583 ejus.
1218 2514 1385 2571 Multa
1417 2523 1596 2569 autem
1640 2514 1818 2582 capita
1846 2520 1902 2567 et
1929 2525 2051 2565 cor-

484 2627 616 2680 pora
654 2610 940 2666 hominum
969 2608 1343 2679 iugulatorum
1378 2606 1433 2660 in
1473 2604 1646 2668 cistis,
1676 2603 1730 2657 in
1758 2602 1960 2672 puteis,
1994 2610 2052 2658 et

483 2704 538 2756 in
568 2701 702 2758 locis
725 2701 1117 2767 secretioribus
1150 2698 1511 2769 imperatoriae
1560 2696 1715 2762 aulae,
1747 2694 2051 2750 Antiochia:

483 2804 612 2850 sunt
637 2805 876 2865 reperta,
901 2809 1040 2864 quos
1069 2794 1179 2855 ille,
1207 2806 1297 2846 res
1319 2791 1534 2845 futuras
1566 2788 1867 2857 inquirens,
1904 2787 2046 2841 clam

410 2913 416 2919 ο
485 2887 757 2943 mactavit.
797 2887 973 2942 Sicuti
1006 2896 1063 2940 et
1100 2886 1153 2937 in
1185 2881 1388 2952 oppido
1419 2880 1626 2935 Carris.
1654 2879 1789 2933 Nam
1816 2879 1892 2932 ibi
1918 2887 2051 2933 tem-

484 2980 633 3049 plum
666 2977 945 3045 iugressus
971 2984 1075 3039 est,
1104 2973 1423 3041 foribusque
1450 2970 1618 3040 probe
1658 2970 1909 3024 claustris
1931 2983 2051 3022 mu-

2156 1778 2383 1833 πλεῖστα
2409 1779 2520 1833 τῶν
2554 1779 2828 1839 σωμάτων
2857 1778 3163 1850 ἐφθείρετο.
3200 1782 3313 1836 Καὶ
3356 1783 3423 1835 τὰ
3452 1784 3547 1851 μὲν
3570 1785 3693 1841 κατὰ

2164 1865 2452 1945 Ἰουλιανδν
2494 1870 2740 1924 τοιοῦτον
2769 1870 2897 1942 ἔσχε
2953 1872 3014 1924 τὸ
3045 1872 3240 1943 πέρας.
3267 1875 3565 1944 ἐπέραστον
3607 1877 3692 1945 μὲν

2152 1963 2249 2018 καὶ
2272 1965 2406 2017 πᾶσι
2432 1944 2810 2033 Χριστιανοῖς,
2839 1963 3209 2034 διαφερόντως
3233 1964 3278 2017 δ’
3314 1944 3691 2037 Ἀντιοχεῦσιν

2151 2054 2202 2108 οἳ
2236 2055 2329 2107 καὶ
2364 2054 2553 2126 κοινὴν
2598 2055 2820 2126 χορείαν
2847 2058 2910 2126 τῇ
2967 2055 3062 2109 τοῦ
3119 2056 3395 2127 τυράννου
3447 2059 3697 2129 ἀναιρέσει

2156 2149 2510 2216 στησάμενοι,
2546 2134 2928 2218 καὶίΜάξιμον
2957 2148 3048 2201 τὸν
3081 2148 3383 2220 φιλόσοφον
3416 2150 3698 2221 ἐλοιδόρουν

2152 2239 2448 2309 ἐπᾴδοντες
2468 2258 2480 2270 ·
2521 2259 2540 2294 ι
2575 2240 2685 2294 Ποῦ
2715 2240 2809 2295 σοῦ
2838 2242 2907 2294 τά
2942 2245 3193 2312 μαντεῖα,
3229 2243 3453 2315 Μάξιμε
3482 2247 3649 2315 μωρέ;
3677 2265 3693 2294 ι

2167 2332 2451 2399 Ἐνίκησεν
2482 2334 2509 2384 ὁ
2540 2332 2695 2399 Θεὸς,
2719 2333 2817 2388 καὶ
2845 2334 2873 2386 ὁ
2896 2335 3132 2403 Χριστὸς
3186 2336 3383 2390 αὐτοῦ.
3438 2337 3624 2390 Πολλαῖ
3651 2338 3698 2389 δὲ

2153 2420 2389 2489 κεφαλαὶ
2439 2422 2534 2475 καὶ
2588 2421 2818 2492 σώματα
2853 2424 3179 2494 ἐσφαγμένα
3212 2427 3270 2479 ἐν
3297 2429 3413 2491 τοῖς
3446 2428 3700 2490 κιϐωτίοις

2152 2512 2249 2565 καὶ
2276 2512 2478 2583 φρέασι
2513 2513 2610 2566 καὶ
2653 2515 2771 2576 τοῖς
2811 2515 3148 2586 ἀπορρήτοις
3180 2519 3375 2581 τόποις
3407 2518 3513 2571 τῶν
3561 2517 3699 2587 βατι-

2151 2602 2312 2657 λείων
2344 2603 2685 2675 εὑρέθησαν*
2736 2604 2832 2668 οὓς
2871 2605 2997 2658 ἔθυε
3038 2607 3246 2675 κρύφα,
3273 2609 3339 2661 τδ
3371 2610 3557 2678 μέλλον
3596 2613 3702 2662 ἐπι·

2155 2692 2357 2761 ζητῶν,
2388 2694 2464 2755 ὡς
2497 2693 2591 2746 καὶ
2620 2695 2680 2746 ἐν
2708 2692 2958 2764 Κάρραις
2982 2698 3046 2765 τῇ
3072 2696 3248 2751 πόλει.
3276 2697 3388 2749 Τὸν
3411 2700 3517 2768 γὰρ
3540 2700 3701 2752 ἐκεῖσε

2155 2782 2293 2837 νεὼν
2324 2784 2532 2849 εἰσιὼν,
2560 2784 2651 2837 καὶ
2688 2784 2920 2854 κλεῖθρα
2942 2786 3119 2858 τούτῳ
3142 2787 3445 2851 ἐπιϐαλὼν,
3478 2791 3703 2859 μυσαρὰς

2157 2878 2499 2948 μαγγανείας
2552 2878 2864 2947 εἰργάζετο.
2920 2878 3033 2933 Καὶ
3078 2879 3221 2950 γυνὴ
3252 2880 3304 2932 δ’
3354 2881 3530 2935 ἐκεῖσε
3582 2883 3707 2951 μετὰ

2160 2971 2325 3040 μόρον
2352 2972 2559 3024 ἐκείνου
2596 2971 2980 3043 ἀπῃωρημένη
3028 2971 3250 3044 εὑρέθη,
3289 2973 3361 3044 ῆν
3407 2975 3622 3044 ἀνέτεμε
3654 2975 3705 3027 τδ

484 3076 614 3129 nitis
638 3114 652 3139 ,
685 3066 1019 3124 exsecranda
1065 3067 1273 3136 peregit
1305 3077 1401 3132 per
1444 3060 1838 3116 incantationes
1865 3067 1919 3113 et
1952 3058 2051 3114 im-

2159 3062 2355 3131 μέλλον
2377 3041 2826 3135 διερευνώμενος.

487 3184 742 3239 posturas
794 3165 1004 3235 magica
1033 3175 1206 3217 sacra.
1237 3158 1428 3214 Mulier
1456 3172 1675 3227 quoque
1727 3166 1853 3227 post
1906 3157 2025 3229 ejus
2065 3170 2297 3214 mortem
2343 3160 2438 3227 ibi,
2474 3160 2548 3216 ita
2586 3172 2646 3218 ut
2677 3164 2730 3217 iu
2762 3162 2998 3217 sublime
3020 3161 3271 3232 sublata,
3327 3172 3385 3220 et
3409 3179 3473 3219 ex
3514 3162 3709 3234 capillis

484 3277 748 3334 suspensa
792 3260 995 3323 fuerat,
1038 3263 1249 3324 reperta
1308 3262 1411 3315 est,
1451 3266 1613 3320 quam
1637 3251 1879 3306 futurum
1902 3250 2238 3322 investigans
2264 3255 2522 3312 resecuit.

1003 3417 1231 3474 CAPUT
1282 3415 1520 3472 XXXVI.

483 3565 611 3628 Qum
666 3561 913 3615 Libanius
968 3558 1026 3611 in
1059 3556 1553 3628 Hfunebriorationc
1599 3553 1809 3628 Iuliani
1865 3565 2053 3611 contra

554 3649 645 3754 ιιιίῗ
698 3630 985 3700 scripserit.
1043 3627 1111 3681 Et
1182 3641 1526 3696 responsum,
1595 3627 1741 3680 dicta
1802 3629 1915 3698 ejus
1967 3642 2055 3680 re-

554 3711 598 3754 le
647 3717 757 3754 cm.

550 3711 757 3771 [elicita

552 3816 628 3869 De
668 3812 821 3883 impii
873 3810 1143 3882 principis
1174 3808 1339 3878 hujus
1379 3817 1553 3863 morte
1594 3809 1878 3879 lugubrem
1908 3825 2056 3867 com.

480 3904 992 3976 posuitorationem
1044 3900 1296 3971 Sephista
1344 3899 1628 3965 Libanius,
1665 3916 1825 3969 quam
1877 3903 2057 3956 Julia-

481 4014 606 4052 unm
649 3997 763 4051 sive
819 3994 1109 4049 Funebrem
1152 3990 1423 4061 querelam
1470 3992 1795 4062 inscripsit,
1835 3993 1892 4047 in
1946 4008 2053 4063 qua

480 4090 680 4141 multas
706 4089 823 4157 ejus
847 4086 1037 4139 laudes
1067 4096 1320 4139 recenset
1347 4124 1363 4149 ,
1397 4093 1453 4137 et
1488 4099 1575 4139 res
1602 4099 1820 4153 quoque
1854 4097 2053 4154 gestas,

480 4187 642 4245 prout
681 4176 861 4229 visum
892 4183 978 4227 est
1005 4174 1076 4238 ei,
1096 4181 1515 4237 commemorat,
1566 4175 1897 4229 mentionem
1917 4189 2051 4244 quo-

480 4283 587 4336 que
617 4266 884 4320 librorum
914 4267 1034 4336 ejus
1062 4265 1288 4329 faciens,
1320 4279 1458 4332 quos
1490 4264 1754 4319 adversus
1784 4266 2053 4321 Christia-

2712 3418 2957 3475 ΚΕΦΑΛ.
3015 3420 3156 3488 AG".

2160 3546 2266 3610 οἷα
2296 3555 2573 3621 Λιϐάνιος
2613 3555 2683 3609 ὲν
2732 3555 2815 3621 τῷ
2858 3554 3150 3624 ἐπιταφίῳ
3206 3556 3550 3612 Ἰουλίαν-οῦ
3595 3556 3710 3611 καθ’

2229 3627 2400 3695 ἡμῶν
2427 3626 2637 3694 γράφει
2663 3641 2678 3658 ι
2710 3629 2811 3679 καὶ
2844 3628 3156 3695 ἀντιλογία
3183 3628 3339 3695 πρὸς
3374 3629 3558 3683 αὑτὸν
3584 3629 3712 3682 ἀνα·

2230 3698 2537 3765 τρέπουσα
2559 3695 2631 3749 τὰ
2664 3695 2969 3765 εἰρημένα.

2243 3809 2368 3862 Ἐπὶ
2409 3807 2465 3861 δέ
2500 3808 2578 3873 τῷ
2606 3806 2822 3877 θανάτῳ
2869 3805 2963 3858 τοῦ
3001 3805 3232 3870 ἀσεϐοῦς
3264 3809 3366 3863 καὶ⁸
3396 3810 3425 3863 ό
3476 3807 3710 3877 σοφιστὴς

2161 3898 2417 3959 Λιϐἀνιος
2453 3898 2648 3968 θρῆνον
2680 3896 2986 3961 συντάττει,
3015 3895 3074 3947 ὅν
3113 3895 3461 3952 Ἰουλιανόν
3488 3899 3517 3969 ἢ
3567 3896 3713 3953 Ἐπι-

2160 3990 2381 4059 nigror
2415 3988 2717 4060 ἐπιγράφει
2740 4001 2755 4018 ο
2784 3988 2841 4039 ἐν
2864 3978 2909 4054 ᾧ
2930 3986 3098 4039 πολλὰ
3123 3988 3231 4040 τῶν
3258 3990 3556 4058 ἐγκωμίων
3580 3987 3713 4056 αὐτῷ

2160 4082 2482 4150 καταλέγει,
2541 4082 2637 4135 καὶ
2693 4078 2920 4150 πράξεις
2962 4080 3056 4140 τὰς
3107 4079 3379 4151 δοκούσας
3423 4079 3570 4149 αὐτῷ
3616 4080 3715 4132 διε-

2164 4175 2329 4244 ξῆλθε
2353 4188 2366 4203 °
2394 4175 2632 4227 ποιεῖται
2658 4172 2714 4225 δέ
2743 4172 2937 4243 μνείαν
2970 4171 3064 4225 καὶ
3096 4172 3207 4225 τῶν
3241 4172 3466 4240 βίϐλων,
3500 4174 3561 4235 ἃς
3587 4171 3713 4224 κατά

2161 4272 2272 4325 τῶν
2310 4269 2654 4339 Χριστιανῶν
2712 4269 3035 4322 συνέταττεν
3063 4267 3375 4334 Ἰουλιανὶς,
3407 4272 3520 4331 τοῖς
3564 4267 3716 4327 θείοις

479 4349 581 4412 nes
645 4356 987 4426 composuit,
1053 4370 1211 4409 sacra
1278 4352 1567 4423 Evangelia
1609 4369 1950 4423 oppugnatis,
2001 4366 2051 4410 ct

2162 4360 2513 4428 Εὑαγγελίοις
2541 4359 2988 4427 ἀντιφερόμενος,
3039 4360 3133 4412 καὶ
3169 4358 3342 4429 ψευδῆ
3371 4376 3437 4427 γε
3485 4356 3707 4423 ἀπελέγ-

479 4452 646 4504 veluti
701 4449 834 4502 falsa
877 4463 942 4503 ea
975 4463 1101 4502 esse
1152 4445 1403 4500 refellere
1448 4454 1682 4499 tentans.
1727 4444 1826 4499 Ubi
1866 4446 2052 4511 etiam,

478 4541 627 4611 quod
661 4556 723 4595 ea
762 4539 1064 4594 ludibrium
1110 4551 1393 4607 nugasque
1427 4550 1547 4590 esse
1581 4534 1671 4589 ille
1708 4536 2055 4592 demonstra-

474 4638 643 4697 γονέι,
678 4631 862 4686 tradit.
890 4628 1048 4697 Quod
1082 4630 1128 4683 si
1158 4629 1296 4683 alias
1339 4627 1485 4681 illius
1523 4641 1609 4681 res
1641 4625 1906 4682 Libauius
1936 4628 2055 4681 lau-

474 4727 607 4779 dare
638 4723 1034 4788 constituisset,
1084 4719 1305 4776 silentio
1334 4734 1398 4774 ea
1451 4716 1868 4788 praeteriissem,
1903 4727 1960 4772 et
1986 4717 2053 4773 ad

477 4817 760 4871 historiam
826 4823 1070 4869 nostram
1125 4808 1556 4866 continuandam
1633 4809 2051 4879 processissem.

475 4907 930 4976 Quandoquidem
986 4914 1166 4960 autem
1208 4902 1426 4958 dicendi
1473 4902 1527 4956 vi
1590 4912 1647 4957 et
1692 4910 1810 4956 arte
1861 4902 2053 4965 fretus,

476 5001 628 5054 illum
672 5007 726 5052 et
759 4998 932 5051 libros
966 4996 1117 5050 illius
1146 4993 1404 5047 laudibus
1443 4990 1703 5056 cﬂereus,
1734 4990 2053 5060 religionem

475 5099 719 5144 nostram
755 5087 948 5142 acerbe
994 5084 1358 5154 perstringit:
1397 5082 1652 5152 injuriam
1705 5080 1924 5135 veritati
1974 5079 2055 5136 fa-

474 5197 682 5245 cerem,
712 5178 819 5234 nisi
845 5178 1024 5247 ipsum
1066 5184 1387 5245 nugatorem
1422 5188 1544 5230 esse
1588 5175 1957 5238 ostenderem,
1997 5182 2054 5227 et

478 5292 540 5330 ea
564 5288 671 5345 qua
699 5286 799 5326 nos
826 5268 1009 5337 attigit
1053 5277 1209 5337 parte
1245 5266 1707 5335 reprehenderem
1758 5275 1921 5335 atque
1964 5281 2053 5320 re-

476 5371 827 5437 darguerem.
873 5362 986 5434 86
1017 5360 1123 5416 Sed
1171 5361 1326 5431 prius
1355 5374 1527 5428 pauca
1559 5359 1808 5428 quaedam
1831 5375 1951 5429 qua:
1998 5360 2051 5414 in

475 5459 625 5513 illius
670 5457 920 5512 oratione
978 5462 1127 5518 sunt,
1175 5466 1473 5521 exponam,
1505 5459 1561 5505 et
1591 5449 1789 5504 deinde
1828 5460 2050 5504 senten—

474 5549 605 5602 tiam
634 5563 808 5603 meam
832 5546 1107 5618 adjiciam.
1131 5565 1149 5597 ι
1173 5544 1308 5605 Cum
1348 5543 1615 5608 hibernae,
1646 5542 1841 5612 inquit,
1864 5550 2052 5596 noctes

475 5639 752 5708 longiores
778 5649 996 5705 essent,
1035 5636 1357 5694 incumbens
1407 5636 1488 5691 cis
1516 5636 1673 5690 libris
1724 5637 2043 5705 imperator,

2164 4469 2278 4521 χειν
2305 4449 2477 4503 ταῦτα
2535 4449 2877 4517 πειρώμενος
2901 4465 2918 4481 ·
2969 4452 3029 4503 ἐν
3075 4444 3119 4517 ᾧ
3159 4451 3255 4502 καὶ
3288 4450 3366 4514 ὡς
3398 4452 3485 4520 εἰη
3519 4448 3718 4517 γέλωτα

2162 4546 2258 4597 καὶ
2288 4542 2569 4613 φλήναφον
2594 4542 2882 4607 ἀποδείξας
2935 4542 3079 4595 αὑτά
3140 4544 3373 4613 ἱστορεῖ.
3415 4543 3479 4595 Ei
3506 4543 3601 4612 μὲν
3631 4537 3716 4592 οῦν

2163 4633 2331 4687 τᾶλλα
2359 4636 2574 4692 ἐκείνου
2624 4633 2897 4703 προῦθετο
2930 4635 2957 4687 ὁ
2984 4634 3247 4698 Λιϐἀνιος
3297 4636 3567 4698 ἐπαινεῖν,
3597 4635 3719 4703 ἠσυ-

2162 4725 2287 4793 χίαν
2316 4720 2558 4795 ἀνῆγον,
2609 4726 2706 4777 καὶ
2735 4725 2826 4777 ἐπὶ
2847 4724 2909 4777 τὸ
2939 4726 3165 4794 συνεχὲς
3202 4723 3303 4794 τῆς
3336 4725 3580 4795 ἱστορίας
3603 4722 3719 4777 tes.

2161 4815 2332 4880 διζον.
2350 4816 2504 4868 Ἐπεὶ
2529 4816 2585 4869 δὲ
2606 4816 2873 4887 δεινότητι
2897 4817 3098 4884 τέχνης
3126 4817 3337 4870 ἐκεῖνον
3364 4814 3718 4886 ἐγκωμιάζων

2162 4907 2261 4959 καὶ
2287 4905 2387 4968 τὰς
2418 4906 2628 4958 ἐκείνου
2655 4905 2893 4975 βίϐλους,
2934 4905 3035 4975 τῆς
3064 4908 3347 4974 ἡμετέρας
3384 4906 3717 4959 καθάπτεται

2163 4996 2421 5061 πίστεως,
2456 4997 2828 5069 ἀδικήσαιμεν
2860 4998 2925 5051 ἂν
2965 5002 3061 5050 καὶ
3097 4998 3269 5067 αὐτὴν
3301 4999 3403 5070 τὴν
3449 4998 3715 5068 ἀλήθειαν,

2162 5088 2212 5139 εἰ
2246 5087 2322 5155 μὴ
2379 5086 2581 5156 μᾶλλον
2625 5092 2719 5139 καὶ
2754 5087 2915 5156 ἡμεῖς
2951 5087 3116 5140 αὑτὸν
3150 5088 3225 5150 ὠς
3260 5087 3547 5158 φλήναφον
3591 5088 3717 5137 ἀπε-

2162 5176 2468 5248 λέγξωμεν,
2497 5180 2591 5232 καὶ
2644 5179 3022 5249 καθαψώμεθα
3074 5181 3171 5233 καὶ
3200 5181 3361 5249 ἡμεῖς
3398 5174 3483 5243 οἷς
3528 5180 3717 5237 ἐκεῖνος

2159 5272 2522 5338 καθάπτεται,
2556 5273 2695 5335 τέως
2723 5272 2780 5325 δὲ
2807 5271 2984 5342 μέτρι’
3012 5271 3152 5325 ἄττα
3180 5273 3397 5325 ἐκείνου
3432 5272 3539 5325 τῶν
3566 5273 3620 5324 ἐν
3649 5267 3719 5337 τῷ

2164 5363 2431 5434 ἐγκωμίῳ
2484 5365 2802 5434 φερομένων
2853 5362 3145 5434 ἐκθὼμεθα
3193 5364 3492 5435 πρότερον,
3538 5363 3718 5415 ἔπειτα

2160 5455 2256 5506 καὶ
2277 5454 2345 5506 τά
2370 5454 2616 5525 ἡμέτερα
2641 5455 3058 5526 παραθήσομεν.
3084 5473 3103 5507 t
3131 5456 3239 5509 Τοῦ
3259 5456 3551 5525 χειμῶνος,
3573 5451 3718 5520 φησὶ,

2163 5546 2259 5607 τὰς
2293 5544 2493 5607 νύκτας
2525 5548 2877 5613 ἐκτείνοντος,
2907 5546 3226 5616 ἐπιθέμενος
3258 5548 3284 5599 ὁ
3314 5546 3573 5613 βασιλεὺς
3606 5543 3718 5602 ταῖς

2163 5638 2473 5708 βίϐλοις,αἳ
2521 5641 2609 5695 τὶν
2641 5642 2704 5694 ἐκ
2757 5640 3126 5710 Παλαιστῖνης
3177 5639 3467 5710 ἄνθρωπον
3518 5636 3645 5689 Θεὸν
3665 5647 3719 5686 τε
