3986 6190
248 268 361 332 557

1163 262 1766 329 ECCLESIASTICAS
1799 261 2195 323 HISTOlil/E
2234 262 2379 324 LIB.
2422 263 2495 326 Χ.

3414 262 3520 327 558

250 385 354 437 καὶ
377 380 518 436 Θεοῦ
552 379 680 435 Υίδν
715 378 955 448 ποιοῦσι,
989 379 1140 451 μάχῃ
1164 396 1223 433 τε
1251 377 1444 448 μακρᾷ
1475 377 1572 430 καὶ
1594 375 1839 444 ἐλέγχων

1954 374 2036 444 μιξί
2071 374 2351 431 hominem
2386 375 2737 431 Palatinum
2776 376 2947 431 Deum
2976 383 3032 429 et
3078 375 3174 430 Dei
3209 373 3408 430 Filium
3439 378 3521 432 fa-

255 476 411 547 ἰσχύϊ
435 475 656 544 γέλωτα
679 474 969 544 ἀποφήνας
990 472 1086 526 καὶ
1110 472 1400 540 φλήναφον
1426 468 1495 520 τὰ
1523 466 1838 535 τιμώμενα,

253 570 575 640 σοφώτερος
609 570 669 622 ἐν
698 568 813 631 τοῖς
843 567 1032 630 αὐτοῖς
1058 565 1331 618 δέδεικται
1382 560 1477 615 τοῦ
1504 559 1709 631 Τυρίου
1742 557 1844 626 γέ-

250 678 471 735 ροντος.
501 660 695 724 Ἵλεώς
728 658 786 714 δὶ
839 658 998 720 οὗτος
1024 657 1053 709 ό
1101 655 1303 725 Τύριος
1351 650 1465 721 εἰη,
1497 648 1594 704 καὶ
1633 648 1843 718 δέχοιτο

252 754 507 824 εὐμενῶς
532 752 597 805 τὸ
631 752 819 823 ῥηθὲν,
850 750 925 814 ώς
946 749 1017 803 ἂν
1046 746 1151 818 υίῷ
1181 744 1520 818 ἡττώμενος.
1552 759 1573 796 ι

332 939 445 993 Καὶ
482 940 512 991 ὁ
546 937 646 1008 μὲν
681 932 948 1005 σοφιστὴς
981 931 1156 985 ταῦτα
1177 945 1192 961 ·
1223 930 1336 998 ἐγὼ
1364 928 1424 984 δὲ
1474 929 1700 999 ἄριστον
1746 924 1844 996 μὲν

262 1029 545 1100 σοφιστῶν
578 1025 698 1081 οἰδα
728 1028 818 1081 τὸν
851 1026 1044 1098 ἄνδρα,
1078 1024 1176 1077 καὶ
1197 1023 1446 1092 γλῶτταν
1477 1022 1692 1090 αὐχεῖν,
1722 1018 1844 1072 οῖαν

261 1125 373 1178 ἔδει
402 1120 583 1176 δεινὸν
619 1122 827 1193 ῥήτορα
848 1118 1155 1188 κεκτῆσθαι
1182 1133 1197 1148 ·
1229 1115 1373 1169 ὥστε
1410 1113 1686 1169 καὶτοῦτο
1711 1115 1846 1166 πᾶσι

259 1213 747 1287 διαμαρτύρομαι,
783 1212 860 1274 ώς
894 1212 943 1263 εἰ
976 1209 1129 1280 αύτῷ
1158 1206 1211 1277 γ’
1241 1206 1436 1278 ἐκείνῳ
1476 1204 1551 1276 μὴ
1578 1203 1677 1274 τῆς
1723 1203 1844 1272 ῖσης

264 1306 552 1362 ἐκοινώνει
582 1304 763 1375 δόξης,
797 1303 895 1356 καὶ
930 1302 1106 1355 πλείω
1139 1300 1172 1370 ἢ
1203 1297 1526 1371 Χριστιανοὶ
1555 1295 1677 1350 κατ’
1701 1294 1848 1348 ὲκεί-

264 1416 362 1451 νου
398 1399 721 1468 εἰρήκεσαν,
756 1395 854 1448 καὶ
879 1386 1036 1457 οὗτος
1064 1394 1131 1446 ἂν
1160 1384 1284 1445 εἷπε
1314 1429 1330 1459 ,
1369 1389 1463 1443 καὶ
1500 1388 1847 1458 μεγαλοπρε-

268 1490 392 1553 πῶς
419 1490 487 1542 ἂν
522 1487 683 1552 αὐτὰ,
738 1487 837 1541 ἅτε
867 1485 932 1557 δὴ
966 1488 1229 1554 σοφιστὴς
1273 1481 1373 1547 ὢν,
1414 1480 1726 1550 διεξῆλθενο
1766 1479 1849 1533 ὅτι

267 1599 334 1651 γε
357 1587 460 1639 καὶ
489 1579 653 1645 ζῶντι
700 1577 800 1647 μὲν
828 1577 1197 1646 Κωνσταντίῳ
1232 1574 1495 1636 ἐπαίνους
1539 1571 1689 1637 ἔλεξε
1714 1609 1730 1635 ,
1759 1587 1849 1624 τε-

267 1671 599 1739 λευτήσαντι
630 1667 711 1734 δὲ,
743 1664 948 1736 ψόγους
1009 1666 1356 1719 συνέταττεν.
1397 1663 1461 1716 Εί
1500 1662 1557 1717 δὲ
1588 1664 1683 1717 ita).
1706 1661 1850 1732 Πορ-

272 1758 474 1829 φύριος
505 1756 744 1828 διάδημα
773 1755 1109 1826 περιέκειτο,
1145 1749 1303 1825 οἶμαι
1334 1752 1517 1824 πολλῷ
1546 1752 1612 1807 ἂν
1647 1750 1851 1822 σεμνύ-

272 1869 364 1905 ναι
393 1850 461 1903 τά
490 1850 705 1903 ἐκείνου
739 1848 849 1901 τῶν
879 1845 1197 1904 Ἰουλιανοῦ.
1236 1846 1302 1901 Εἰ
1330 1845 1388 1899 δὲ
1436 1846 1528 1900 καὶ
1557 1842 1851 1909 Ἰουλιανὸς

276 1942 599 2013 σοφίζεσθαι
626 1941 810 2013 ηθελε,
840 1941 937 1995 καὶ
966 1940 1132 1995 αὐτὸν
1164 1938 1234 1994 ἂν
1259 1940 1430 1993 κακδν
1462 1937 1654 2011 εἴρηκε
1696 1954 1853 2008 σοφι-

274 2037 433 2106 στὴν,
463 2035 653 2104 ῶσπερ
692 2033 832 2102 δῆτα
889 2033 986 2087 καλ⁸
1031 2031 1352 2101 Ἐκησόλιον
1403 2026 1562 2096 οὗτος
1594 2031 1850 2094 Λιϐάνιος

271 2127 336 2179 ἐν
368 2125 449 2195 τῷ
480 2123 755 2193 εἰρημένῳ
796 2122 1125 2193 Ἐπιταφίῳ.
1161 2122 1312 2177 Ἐπεὶ⁵
1339 2122 1385 2176 δ’
1414 2124 1621 2185 ἐκεῖνος
1656 2124 1751 2176 καὶ
1773 2121 1851 2186 ώς

267 2214 373 2283 τῆς
401 2211 570 2265 αὑτοῦ
600 2210 879 2263 κοινωνῶν
908 2208 1088 2280 δόξης,
1120 2210 1214 2262 καὶ
1238 2210 1314 2274 ώς
1341 2211 1517 2279 φίλος,
1549 2211 1599 2264 εί
1628 2208 1686 2264 δὲ
1723 2209 1850 2279 poti-

266 2305 380 2369 λει,
418 2305 514 2357 καὶ
543 2302 619 2366 ώς
653 2303 940 2372 σοφιστὴς,
974 2304 1074 2356 ὅσα
1108 2302 1160 2371 γ’
1193 2302 1367 2357 ἐδόκει
1412 2303 1848 2374 καταχαρίζεται

278 2395 587 2467 ἰουλιανῷ,
622 2396 754 2465 φέρε
783 2394 849 2466 δὴ
868 2397 964 2448 καὶ
987 2395 1150 2465 ἡμεῖς
1174 2395 1251 2459 ὡς
1291 2395 1358 2450 ἂν
1389 2395 1573 2466 ἰσχύος
1610 2398 1847 2466 ἔχωμεν,

266 2488 666 2558 ἀντιλέξωμεν.
709 2485 1022 2540 Ἐπιθέσθαι
1048 2485 1157 2558 γάρ
1186 2504 1320 2557 φησι
1357 2490 1479 2550 ταῖς
1507 2487 1717 2557 βίόλοις
1749 2505 1853 2556 μα-

265 2582 415 2652 κράς
450 2582 549 2642 τὰς
578 2578 777 2642 νύκτας
807 2579 903 2631 τοῦ
934 2578 1205 2649 χειμῶνος
1236 2577 1633 2650 ἐργαζομένου.
1664 2580 1849 2632 Ἔοικα

264 2674 328 2728 δὲ
361 2675 422 2726 τὸ
476 2671 764 2726 ἐπιθέσθαι
792 2670 1011 2742 δηλοῦν,
1046 2672 1121 2736 ώς
1169 2671 1261 2726 διὰ
1324 2672 1562 2743 σπουδῆς
1609 2674 1850 2727 ἐποιεῖτο

263 2766 444 2837 ψόγον
484 2764 719 2834 γράψαι,
781 2763 971 2833 ὥσπερ
999 2763 1135 2836 δῆτα
1168 2766 1421 2831 σοφισταὶ
1469 2765 1684 2819 ποιοῦσι
1723 2767 1850 2829 τοὺς

268 2858 435 2920 νέους
468 2855 868 2926 γυμνάζοντες.
890 2854 1052 2917 Εἰκὸς
1092 2854 1192 2923 μὲν
1220 2853 1330 2924 γὰρ
1375 2856 1472 2918 τὰς
1498 2855 1712 2926 βίϐλους
1742 2856 1852 2910 πά-

265 2948 369 3002 λαι
408 2947 737 3002 ἐπίστασθαι
782 2942 866 3011 οἷς
925 2945 1236 3018 διηκόνητο.
1275 2947 1534 3001 Ἐπέθετο
1583 2948 1640 3002 δὲ
1698 2949 1850 3022 μάχῃ

1942 467 2118 532 ciunt,
2149 467 2357 538 ingenti
2387 468 2743 523 contentione
2777 477 2834 523 et
2867 468 2919 522 vi
2951 482 3048 523 eos
3073 468 3351 533 refutavit,
3392 469 3523 524 reli-

1942 557 2268 628 gionemque
2315 572 2434 614 eam
2472 558 2645 614 risum
2690 572 2921 628 prorsus
2950 568 3004 614 et
3044 574 3217 629 nugas
3248 573 3372 615 esse
3426 557 3527 613 de-

1942 648 2194 704 claravit.
2241 648 2359 717 Qua
2424 648 2480 704 in
2538 664 2601 705 re
2651 649 3041 720 sapientiorem
3090 665 3150 706 se
3181 650 3346 722 Tyrio
3392 667 3523 706 sene

1943 740 2220 811 praestitit.
2255 740 2365 797 Sed
2397 742 2501 798 hoc
2544 741 2680 796 mihi
2729 742 2976 813 ignoscat
3031 741 3231 813 Tyrius
3281 741 3406 806 iste,
3467 753 3525 795 ct

1938 833 2158 905 placide
2195 835 2302 892 hoc
2331 835 2536 890 dictum
2572 836 2714 890 ferat
2737 876 2753 903 ,
2787 835 2935 905 quod
2964 852 2992 890 a
3022 835 3133 890 tilio
3161 836 3233 890 sit
3258 836 3459 889 victus.
3499 855 3517 886 ι

2020 927 2147 982 llaec
2176 928 2419 998 sophista
2454 928 2567 983 ille.
2605 930 2784 999 Atque
2816 942 2916 998 ego
2937 926 3163 997 quidem
3194 941 3318 981 eum
3346 929 3523 980 virum

1945 1020 2214 1090 optimum
2247 1020 2416 1077 fuisse
2444 1020 2768 1090 sophistam,
2797 1030 2854 1076 et
2899 1019 2967 1073 ab
2997 1018 3316 1088 eloquentia
3350 1017 3523 1086 pluri«

1947 1124 2096 1166 mum
2131 1112 2400 1180 potuisse,
2431 1124 2490 1166 ut
2528 1120 2802 1167 oratorem
2857 1111 3140 1181 egregium
3165 1149 3179 1171 .
3208 1111 3347 1165 scio.
3378 1108 3527 1175 Qua-

1948 1215 2172 1277 propter
2198 1205 2342 1275 apud
2372 1220 2563 1262 omnes
2586 1206 2751 1261 etiam
2796 1213 3098 1268 contestor,
3125 1203 3305 1268 illum,
3338 1203 3444 1257 nisi
3471 1206 3527 1257 in

1946 1297 2139 1354 eadem
2171 1312 2295 1354 cum
2321 1299 2562 1365 Iuliano,
2596 1299 2651 1353 in
2690 1297 2979 1368 religione,
3021 1296 3219 1352 fuisset
3241 1298 3523 1366 opinione,

1947 1392 2105 1463 plura
2124 1391 2290 1446 etiam
2343 1391 2398 1444 in
2434 1390 2588 1445 illum
2609 1405 2774 1460 quam
2819 1388 3121 1443 Christiani
3170 1386 3433 1447 dixerint,
3472 1394 3529 1440 et

1949 1482 2170 1553 quidem
2200 1491 2261 1536 ut
2294 1480 2571 1535 hominem
2610 1480 2937 1551 sepltistam,
2972 1477 3318 1548 Splendidius
3347 1477 3528 1531 dictu-

1950 1590 2071 1630 rum
2095 1574 2302 1641 fuisse;
2334 1573 2595 1644 quoniam
2630 1581 2686 1628 et
2730 1572 2787 1627 in
2821 1570 3202 1631 ConStantiutn
3248 1571 3525 1625 viventem

1951 1665 2172 1736 quidem
2194 1666 2474 1721 orationes
2499 1664 2832 1719 laudatorias
2871 1662 3202 1733 composuit,
3235 1662 3293 1715 in
3326 1661 3526 1716 defun-

1952 1767 2102 1816 ctum
2139 1768 2322 1814 autem
2354 1757 2657 1813 invectivas
2694 1757 3049 1824 conscripsit.
3076 1755 3156 1811 Ac
3196 1755 3243 1810 si
3279 1753 3529 1824 Porphy-

1951 1852 2071 1908 rius
2116 1850 2401 1921 imperiale
2441 1849 2773 1920 sumpsisset
2804 1849 3053 1904 diadema
3075 1888 3091 1912 ,
3121 1850 3327 1915 scripta
3380 1848 3526 1902 illius

1949 1943 2110 2012 longe
2134 1941 2337 1998 Juliani
2366 1940 2543 2006 libris,
2571 1941 2712 2012 style
2730 1954 2795 1994 ea
2831 1941 3141 2006 celebrans,
3177 1949 3236 1994 ut
3264 1938 3525 2009 equidem

1948 2043 2105 2103 puto,
2139 2030 2486 2103 praetulisset.
2517 2031 2574 2087 Si
2597 2045 2727 2087 vero
2752 2029 3003 2086 Julianus
3036 2039 3211 2084 artem
3254 2029 3530 2097 sophisti-

1951 2140 2071 2181 cam
2099 2124 2464 2187 exerCuisset,
2494 2137 2620 2178 eum
2640 2122 2821 2194 ipsum
2840 2136 3063 2192 quoque
3094 2122 3395 2192 sophistam
3414 2136 3525 2176 non

1951 2219 2156 2273 bonum
2210 2216 2381 2272 fuisse
2441 2214 2716 2270 dixisset:
2757 2214 2921 2270 sicuti
2954 2213 3024 2268 de
3056 2213 3315 2269 Ecebolio
3377 2212 3526 2278 fecit,

1953 2308 2009 2361 in
2028 2307 2222 2362 eadem
2245 2306 2313 2362 de
2333 2305 2551 2362 Iuliano
2574 2303 2824 2360 oratione
2854 2302 3073 2358 funebri
3107 2319 3226 2357 sua.
3255 2300 3527 2358 Caeterum

1951 2413 2078 2453 cum
2132 2397 2220 2452 ille
2257 2395 2501 2467 ejusdem
2532 2394 2815 2450 sententiae
2838 2409 2962 2450 cum
2985 2392 3204 2448 Juliano
3229 2392 3525 2462 particeps,

1952 2490 2275 2561 amicusque
2308 2489 2449 2560 ejus,
2488 2496 2544 2544 et
2572 2488 2620 2543 si
2650 2487 2854 2542 addere
2883 2487 3037 2551 libet,
3068 2486 3336 2556 sophista,
3377 2500 3529 2555 quae-

1950 2598 2170 2655 cunque
2203 2583 2255 2637 ei
2289 2582 2405 2636 visa
2447 2588 2612 2645 sunt,
2642 2580 2861 2635 Juliano
2893 2579 3150 2634 tribuerit
3187 2595 3202 2632 :
3272 2592 3371 2649 age
3426 2593 3528 2633 nos

1950 2692 2169 2750 quoque
2208 2674 2387 2747 quoad
2439 2687 2763 2745 possumus,
2790 2686 2915 2727 eum
2963 2672 3330 2728 confutemus.
3363 2671 3528 2726 incu-

1950 2770 2137 2826 buisse
2159 2769 2306 2825 enim
2329 2767 2504 2832 illum,
2532 2766 2731 2836 inquit,
2753 2764 2910 2821 libris
2937 2765 3283 2837 longioribus
3326 2766 3528 2822 hiemis

1949 2863 2226 2920 noctibus.
2264 2861 2495 2919 Videtur
2531 2871 2714 2917 autem
2766 2876 2865 2930 per
2927 2862 3158 2916 verbum
3198 2861 3530 2917 incumbendt'

1951 2956 2282 3029 signiﬁcare,
2316 2955 2501 3011 studio
2539 2954 2616 3009 illi
2664 2953 2858 3020 fuisse,
2908 2954 3213 3010 invectivas
3239 2954 3487 3009 scribere
3511 2994 3527 3017 .

268 3038 554 3110 σχολάζων
610 3040 820 3111 μακρᾷ,
878 3040 995 3093 ἀλλ’
1030 3039 1133 3093 ούκ
1190 3040 1437 3111 ἐλέγχων
1468 3041 1636 3112 ἰσχύϊ,
1671 3042 1746 3107 ώς
1790 3046 1849 3098 σὺ

1959 3050 2123 3107 sicuti
2148 3049 2413 3120 sophistae
2455 3046 2700 3103 studium
2745 3048 3020 3103 collocant
3065 3048 3121 3102 in
3160 3046 3531 3102 adolescenti-

270 3133 424 3202 φής’
470 3131 727 3203 ἀσθενείᾳ
762 3132 818 3185 δὲ
863 3130 1135 3203 τάληθοῦς
1177 3130 1255 3194 ώς
1298 3132 1733 3204 φιλοσκώμμων,
1778 3136 1848 3191 τὰ

262 3223 461 3287 καλῶς
482 3224 802 3296 ἡδρασμένα
825 3223 1159 3294 ἰιπεχείρησε
1185 3223 1490 3295 διασύρειν.
1530 3226 1590 3280 '0
1613 3231 1718 3297 γάρ
1740 3244 1848 3281 τινι

260 3319 416 3388 πρός
449 3320 631 3389 μάχην
663 3318 779 3385 ἰών,
803 3316 873 3371 τὰ
905 3320 1006 3387 μὲν
1026 3318 1471 3391 παρασκώπτων,
1498 3319 1567 3373 τὰ
1594 3321 1651 3374 δὲ
1674 3337 1845 3393 προσ-

258 3411 471 3475 τιθεὶς,
548 3411 644 3464 καὶ
673 3410 836 3462 παντὶ
878 3410 1065 3480 τρόπῳ
1092 3410 1192 3480 τὴν
1221 3411 1309 3479 ἐφ’
1336 3409 1553 3481 ἑκάστῳ
1588 3411 1848 3483 ἀλήθειαν

263 3503 719 3577 παρακρύτειιων,
782 3503 1077 3574 ψεύδει-αι’
1134 3506 1233 3557 καὶ
1295 3504 1552 3575 ἀπεχθῶς
1610 3506 1748 3573 ἔχων
1787 3506 1847 3559 οὐ

262 3598 544 3668 πράττειν
591 3599 778 3667 μόνον,
813 3596 952 3650 ἀλλά
1001 3597 1096 3650 καὶ
1141 3596 1325 3665 λέγειν
1371 3596 1704 3660 σπουδάζειο
1755 3598 1852 3652 καὶ

266 3693 348 3744 τὰ
374 3691 522 3760 αύτῷ
551 3693 600 3743 οἱ
653 3690 928 3762 πρρσόντα
961 3688 1142 3758 φαῦλα
1169 3690 1249 3760 τῷ
1293 3689 1475 3760 ὲχθρῷ
1510 3687 1851 3760 περιτιθέναι

266 3778 482 3849 μᾶλλον
504 3780 802 3841 οἰκονομεῖ.
830 3774 973 3829 Ἀλλ’
1004 3777 1086 3830 ὅτι
1120 3776 1221 3845 μὲν
1250 3777 1345 3829 καὶ
1391 3779 1585 3847 ἄμφω,
1621 3774 1850 3830 Ἰουλια-

263 3872 367 3933 νός
400 3888 541 3941 φημι
574 3869 670 3923 καὶ
705 3868 1040 3941 Πορφύριος,
1071 3867 1133 3921 δν
1170 3868 1370 3938 Τύριον
1402 3868 1563 3922 καλεῖ
1589 3866 1847 3936 γέροντα,

266 3962 658 4032 φιλοσκῶπται
698 3958 861 4032 ἦσαν,
905 3962 1014 4014 ἀπδ
1042 3960 1153 4013 τῶν
1202 3960 1350 4013 ἰδίων
1391 3960 1851 4030 συγγραμμάτων

269 4054 469 4123 σαφῶς
498 4053 863 4122 ἐπιδείξομεν.
903 4052 992 4106 Ἑν
1026 4052 1126 4123 μὲν
1154 4052 1263 4122 γάρ
1289 4048 1354 4122 τῇ
1386 4050 1851 4123 ἐπιγεγραμμένη

268 4145 428 4217 αύτῷ
453 4147 770 4214 dicionem)
786 4144 1042 4215 Ἱστορίᾳ
1073 4146 1384 4217 [top—969:0;
1410 4146 1502 4198 τὸν
1529 4145 1854 4215 Σωκράτους

272 4238 394 4309 βίον
432 4237 507 4300 ὡς
551 4238 795 4309 μάλιστα
842 4239 1119 4310 διασύρει,
1178 4238 1419 4291 τοσαῦτα
1469 4237 1850 4306 συκοφαντῶν,

270 4333 358 4385 ὅσ*
403 4333 469 4385 ἂν
514 4333 636 4385 ούδὶ
662 4334 890 4394 Ἄνυτος
947 4332 1069 4385 οὐδὲ
1126 4333 1365 4389 Μέλιτος
1407 4332 1455 4383 οί
1517 4330 1854 4400 παρανόμων

1955 3143 2059 3199 bus
2107 3141 2455 3199 exercendis.
2511 3139 2955 3197 Consentaneum
3025 3151 3159 3194 vero
3206 3147 3313 3205 est,
3358 3138 3531 3194 libros

1954 3235 2094 3292 istos
2120 3250 2245 3292 eum
2276 3244 2436 3290 antea
2464 3235 2707 3299 novisse,
2755 3232 2959 3303 quibus
2988 3231 3251 3288 videlicet
3280 3232 3335 3287 in
3369 3246 3531 3288 sacro

1956 3326 2252 3397 aliquando
2283 3324 2591 3380 ministerio
2620 3338 2753 3378 usus
2789 3321 2978 3378 fuerit.
3011 3323 3076 3378 Et
3127 3322 3379 3378 incubuit
3423 3321 3535 3376 illis

1956 3420 2139 3475 studio
2155 3429 2211 3475 et
2227 3418 2581 3474 contentione
2598 3416 2966 3482 diuturniore,
2988 3414 3085 3469 sed
3116 3429 3214 3470 eos
3234 3415 3287 3468 vi
3309 3414 3532 3469 dicendi

1957 3527 2067 3568 non
2099 3510 2457 3581 redarguitet
2486 3507 2707 3573 refellit,
2756 3516 2815 3562 ut
2865 3515 2919 3560 tu
2954 3506 3134 3572 dicis,
3181 3521 3377 3561 verum
3426 3506 3535 3560 imo

1958 3602 2256 3659 becillitate
2310 3600 2492 3671 potius
2525 3596 2750 3668 ingenii,
2785 3606 2843 3651 et
2888 3596 3103 3652 defectu
3153 3595 3424 3663 veritatis,
3474 3606 3536 3651 ut

1956 3692 2126 3748 homo
2152 3692 2381 3757 facetus,
2404 3700 2460 3745 et
2486 3687 2881 3745 scommatibus
2912 3687 3149 3742 libenter
3171 3687 3391 3753 ludens,
3412 3703 3535 3758 quze

1959 3787 2132 3857 probe
2174 3782 2399 3839 fundata
2451 3791 2621 3850 sunt,
2658 3783 2970 3838 convellere
3020 3789 3077 3836 et
3120 3781 3411 3836 traducere
3450 3791 3536 3837 est

1958 3885 2210 3932 conatus.
2238 3875 2375 3931 Nam
2405 3874 2499 3944 qui
2525 3888 2651 3928 cum
2682 3872 2792 3927 alio
2815 3872 2918 3926 hoc
2951 3887 3148 3943 pugna:
3172 3886 3376 3942 genere
3399 3886 3535 3926 con-

1959 3969 2244 4040 greditur,
2301 3965 2550 4038 quaedam
2606 3964 2925 4020 adulterans
2985 3972 3150 4033 atque
3202 3964 3534 4033 depravans,

1959 4060 2210 4132 quaedam
2246 4059 2314 4115 de
2352 4074 2453 4114 suo
2500 4059 2801 4131 adjiciens,
2830 4057 3119 4129 modisque
3162 4056 3422 4112 omnibus
3477 4058 3534 4112 in

1961 4169 2020 4209 re
2051 4163 2107 4209 et
2127 4152 2400 4208 sententia
2424 4168 2643 4224 quaque
2668 4152 2960 4208 veritatem
2985 4153 3357 4223 supprimens,
3379 4166 3539 4207 nien-

1962 4244 2095 4301 titur
2131 4258 2185 4299 et
2230 4245 2369 4300 fallit
2403 4261 2416 4298 :
2476 4255 2639 4316 atque
2684 4246 2813 4301 odio
2851 4254 2907 4301 et
2946 4246 3251 4302 inimicitiis
3280 4247 3534 4312 infestus,

1963 4353 2073 4392 non
2107 4336 2289 4393 facere
2319 4338 2519 4403 solum,
2551 4337 2648 4393 sed
2687 4337 2854 4393 etiam
2899 4337 3086 4393 dicere
3120 4339 3396 4394 hostiliter
3423 4351 3540 4393 stu-

273 4428 491 4478 ἐκεῖνον
523 4424 872 4494 γραψάμενοι
914 4424 1210 4494 ἐνενόησαν
1234 4442 1247 4457 ο
1282 4422 1580 4477 καὶταῦτα
1628 4422 1849 4493 Σωκρά-

1962 4429 2052 4485 det
2094 4429 2237 4501 :87
2275 4445 2338 4495 ac
2370 4445 2716 4501 quarumque
2744 4430 2849 4486 sibi
2884 4431 3073 4487 insunt
3106 4432 3272 4496 mala,
3313 4432 3538 4486 inimico

272 4533 380 4585 την
409 4516 470 4568 δν
500 4518 593 4570 ἐπὶ
629 4516 955 4590 σωφροσύνῃ
982 4517 1077 4571 καὶ
1110 4515 1433 4588 δικαιοσύνῃ
1468 4516 1563 4571 καὶ
1592 4517 1714 4579 ταῖς
1741 4514 1854 4568 λοι-

278 4612 409 4673 παῖς
438 4611 661 4679 ἀρεταῖς
708 4611 771 4664 ού
819 4609 1045 4663 Πλάτων
1074 4611 1235 4681 μόνον
1279 4611 1368 4663 καὶ
1397 4609 1674 4678 Ξενοφῶν,
1714 4605 1854 4663 ἀλλὰ

277 4704 645 4766 καὶόλοιπδς
696 4701 806 4755 τῶν
861 4702 1170 4772 φιλοσόφων
1223 4703 1430 4768 θίασος,
1482 4701 1853 4772 διαφερόντως

274 4794 667 4864 θαυμάσαντες
689 4796 763 4858 ὡς
793 4795 1044 4865 θεοφιλῆ,
1078 4797 1174 4848 καὶ
1198 4794 1273 4858 ώς
1307 4792 1494 4863 μεῖζον
1523 4793 1554 4864 ῆ
1586 4794 1730 4847 κατὰ
1754 4794 1850 4846 άν-

275 4887 503 4960 θρωπον
553 4888 925 4958 φρονήσαντα,
958 4887 1349 4941 ὲκδεδώκασιν.
1398 4887 1454 4941 '0
1488 4885 1546 4940 δὲ
1597 4886 1853 4957 παραϐά-

272 4998 378 5050 της
407 4979 497 5033 τδν
521 4981 735 5049 πατέρα
758 4978 1031 5050 ζηλώσας,
1066 4979 1136 5033 τὰ
1166 4979 1257 5034 ίσα
1285 4980 1367 5043 εἰς
1389 4978 1514 5044 τοὺς
1548 4978 1655 5050 πρὸ
1681 4978 1846 5033 αύτοῦ

275 5069 569 5142 Καίσαρας
597 5070 965 5141 διειργάσατο·
992 5071 1128 5124 πᾶσι
1164 5072 1273 5142 γὰρ
1304 5071 1498 5143 μῶμον
1526 5071 1847 5141 ἐπαγαγὼν,

272 5163 397 5216 οὐδὲ
424 5160 521 5215 τοῦ
557 5162 854 5230 φιλοσόφου
886 5162 1148 5232 ἐφείσατο
1189 5162 1442 5235 Μάρκου.
1483 5162 1754 5219 Τοσοῠτόν
1786 5179 1852 5233 γε

274 5259 390 5330 μὴν
421 5258 839 5312 Κωνσεαντίνου
888 5257 985 5312 τοῦ
1019 5259 1263 5329 μεγάλου
1318 5260 1412 5314 καὶ
1457 5261 1846 5315 Κωνσταντίου

270 5351 367 5403 τοῦ
397 5349 520 5403 υίού
549 5351 902 5422 κατατρέχει,
925 5350 998 5415 di;
1030 5355 1287 5423 συνάγειν
1311 5353 1431 5406 ἐνὸν
1473 5349 1639 5417 εἶναι,
1671 5352 1747 5424 μὴ
1781 5351 1850 5405 δι’

271 5439 405 5494 ἄλλο
425 5456 481 5493 τι
512 5440 733 5494 ἑλέσθαι
765 5442 827 5495 τὸ
860 5441 1173 5513 σύνταγμα,
1205 5444 1238 5513 ἢ
1265 5443 1352 5498 διὰ
1380 5444 1443 5497 τὸ
1483 5444 1700 5515 σκῶψαι
1721 5442 1880 5497 τούυ⁶

268 5550 397 5599 τους
419 5533 499 5597 ὡς
533 5532 808 5603 θεοφιλεῖς
843 5535 1069 5607 ἄνδρας,
1099 5538 1195 5591 καὶ
1229 5537 1318 5591 ἐπ’
1351 5539 1575 5609 ἀρεταῖς
1611 5538 1708 5590 καὶ
1751 5538 1851 5590 άν-

272 5626 454 5697 δρεαις
485 5628 582 5681 καὶ
612 5628 679 5698 τῇ
725 5627 920 5697 ἀληθεῖ
950 5629 1240 5703 φιλοσοφίᾳ
1270 5631 1333 5683 τὸ
1359 5630 1646 5701 διαϐόητον
1684 5632 1851 5700 ἐσχη-

1963 4537 2026 4578 ea
2066 4538 2167 4578 suo
2191 4523 2473 4593 imponere
2509 4522 2818 4579 contendit.
2850 4522 2956 4578 Sed
2992 4524 3138 4578 enim
3174 4524 3320 4593 quod
3350 4524 3535 4587 ambo,

1960 4614 2210 4670 Julianus
2267 4616 2514 4685 inquam,
2566 4622 2623 4670 et
2676 4614 3057 4685 Porphyrius,
3111 4630 3274 4684 quem
3312 4615 3537 4685 Tyrium

1961 4722 2146 4762 senem
2177 4715 2360 4773 vocat,
2385 4722 2746 4763 scomtnatum
2775 4716 3186 4763 consectatores
3216 4706 3441 4773 fuerint,
3479 4709 3535 4761 id

1960 4811 2027 4852 ex
2047 4796 2207 4851 libris
2225 4811 2415 4851 eorum
2449 4806 2636 4866 aperte
2657 4797 3030 4852 ostendemus.
3078 4796 3139 4849 In
3162 4794 3537 4866 Philosophica

1959 4890 2127 4953 enim,
2177 4904 2342 4959 quam
2390 4886 2463 4942 ita
2506 4887 2845 4959 Porphyrius
2894 4886 3202 4957 inscripsit,
3264 4885 3533 4953 Historia,

1961 4980 2161 5035 mirum
2210 4986 2296 5035 est
2345 4989 2686 5050 quantopere
2724 4980 2889 5035 vitam
2923 4979 3377 5051 philosophorum
3438 4995 3535 5035 co-

1961 5070 2165 5142 rypbzei
2193 5070 2438 5127 Socratis
2473 5070 2783 5127 cavillando
2832 5081 3008 5138 taxet,
3042 5081 3121 5127 tot
3154 5073 3209 5127 in
3245 5086 3370 5128 eum
3398 5087 3533 5126 con-

1959 5161 2104 5216 fictis
2132 5161 2527 5233 sycophantiis,
2561 5171 2696 5232 quot
2726 5177 2908 5233 neque
2931 5163 3145 5235 Anytus
3167 5205 3182 5229 ,
3210 5178 3389 5234 tteque
3421 5163 3536 5217 Me-

1956 5253 2110 5317 litus,
2141 5254 2235 5323 qui
2267 5253 2442 5319 illum,
2492 5254 2640 5325 quod
2685 5270 2774 5311 res
2810 5271 2982 5312 novas
3018 5268 3210 5313 contra
3261 5258 3405 5325 leges
3440 5268 3536 5309 ve-

1960 5353 2106 5401 teres
2136 5344 2449 5413 induceret,
2480 5358 2836 5415 accusarunt,
2860 5364 3102 5419 unquam
3126 5348 3529 5417 «:xcogitarunt.

1959 5441 2134 5511 Atque
2174 5439 2228 5495 id
2250 5440 2473 5511 quidem
2505 5442 2561 5495 in
2595 5440 2901 5505 Socratem,
2937 5455 3101 5511 quem
3141 5448 3366 5510 propter
3397 5448 3537 5493 tent-

1957 5534 2287 5604 pcrantiatn,
2314 5534 2610 5605 justitiam,
2642 5543 2699 5590 et
2749 5534 2991 5603 reliquas
3021 5532 3255 5588 virtutes
3304 5547 3413 5587 nou
3446 5546 3536 5586 so-

1957 5628 2070 5683 lum
2129 5628 2279 5682 Plato
2332 5636 2389 5681 et
2440 5626 2789 5696 Xenoiihon,
2833 5640 3023 5681 verum
3063 5624 3231 5680 etiam
3286 5626 3535 5697 reliquus
