3986 6190
546 234 653 297 559
1739 236 2162 297 NICEPHORI
2201 240 2549 300 CALLlS'I‘I
3672 246 3767 311 360

547 346 1001 419 philosophorum
1026 358 1202 405 caelus
1229 348 1502 418 prmeipue
1535 357 1786 409 miratus,
1831 357 1891 402 ut
1921 349 2028 404 diis
2050 350 2097 419 (l

2229 351 2412 415 κότας.
2454 351 2599 403 Ἀλλ’
2625 351 2705 403 ὅτι
2741 349 2839 420 μὲν
2895 350 3151 421 ὑϐρισταὶ
3205 352 3295 405 καὶ
3323 353 3487 423 ἄμφω
3519 350 3667 426 ἦσαν,
3706 362 3764 413 οὐ

544 443 795 501 illarum,
819 450 875 494 et
900 456 1065 510 supra
1102 440 1340 493 hominis
1360 449 1579 508 raptum
1615 440 1945 510 sapientem,
1970 456 2119 495 com-

546 531 895 597 tuendarum,
949 531 1040 585 ille
1096 530 1245 584 fecit.
1305 528 1702 600 Transgressor
1746 547 1875 585 vero
1906 541 2116 600 patrem

541 624 850 685 :emulalus,
883 623 1025 676 idem
1066 623 1150 676 eis
1190 622 1340 686 fecit,
1388 624 1593 691 quibus
1625 626 1912 685 successit,
1947 627 2122 694 impe-

544 714 841 768 ratoribus.
871 711 1073 768 Omnes
1096 728 1335 783 namque
1378 715 1748 782 reprehendit,
1771 727 1827 769 et
1852 731 1919 770 ne
1938 715 2120 771 Marco

545 805 766 873 quidem
817 805 1149 877 philosoriho
1200 808 1473 876 pepercit.
1523 807 1673 863 Adeo
1716 822 1846 862 sane
1881 809 1936 862 in
1970 808 2115 863 Con-

2222 446 2303 498 δεῖ
2335 462 2424 513 μοι
2477 443 2738 497 πλειόνων
2760 464 2772 476 ·
2805 444 3020 514 ἀπόχρη
3053 445 3164 515 γὰρ
3200 444 3293 498 καὶ
3332 447 3504 500 ταῦτα
3532 451 3607 514 εἰς
3649 469 3766 518 γεν-

2223 535 2380 590 ναίαν
2414 536 2760 605 παράστασιν
2786 535 2887 604 τῆς
2922 534 3087 588 αὑτοῦ
3138 538 3527 608 κακομηχάνου
3568 539 3766 610 ilex-Er

2225 628 2566 697 μαρτυρήσει
2592 627 2648 679 δέ
2683 644 2771 696 μοι
2804 629 2919 689 τοῖς
2948 627 3356 697 λόγοιςημικρὸν
3389 628 3613 701 ὕστερον
3639 632 3724 685 καὶ
3746 634 3772 686 ὁ

2224 717 2538 785 θαυμαστὸς
2576 716 2901 786 Γρηγόριος,
2937 716 3037 786 τὴν
3079 715 3243 784 φύσιν
3268 715 3437 770 αὑτοῦ
3467 718 3633 771 καὶτὸ
3655 716 3770 789 ἦθος

2222 809 2419 877 ἄριστα
2441 807 2776 875 διαγράφων.

539 899 844 956 stantinum
879 913 1135 968 magnum
1162 909 1218 954 et
1254 899 1637 954 Constantium
1673 900 1844 954 lilium
1885 901 2003 967 ejus
2066 909 2151 955 est
2191 900 2459 962 invectus,
2492 909 2551 954 ut
2615 899 2773 954 facile
2828 901 3146 955 existimare
3175 901 3358 963 liceat,
3394 917 3503 956 non
3530 903 3680 957 aliam
3710 903 3770 957 oh

538 1009 758 1048 musam
786 993 938 1047 illum
976 992 1256 1049 scribendi
1308 992 1552 1048 laborem
1588 995 1916 1061 suscepisse,
1978 1009 2143 1063 quam
2184 1002 2245 1049 ut
2273 994 2407 1046 istos
2471 993 2855 1062 proseinderet
2908 1003 3097 1060 utpote
3131 995 3276 1048 viros
3307 994 3402 1049 Dei
3439 1006 3693 1055 amantes.
3723 1006 3772 1050 et

537 1085 632 1155 qui
666 1084 1013 1150 fortitudine,
1043 1085 1341 1139 virtutibus
1368 1084 1510 1147 aliis,
1565 1096 1620 1139 et
1654 1101 1781 1140 vera
1843 1086 2190 1155 philosophia
2229 1085 2447 1140 laudem
2498 1099 2747 1155 magnam
2799 1086 3082 1139 consecuti
3114 1096 3319 1141 essent.
3357 1087 3559 1142 Verum
3602 1090 3772 1146 ambos

538 1179 640 1232 hos
665 1176 1066 1231 conviciatores
1088 1176 1281 1241 fuisse,
1329 1177 1596 1246 ampliore
1618 1176 1944 1246 probatione
1970 1177 2102 1231 mihi
2143 1192 2284 1246 opus
2355 1191 2463 1230 non
2495 1187 2599 1231 est.
2664 1174 2951 1230 Sullieiunt
2984 1177 3131 1231 enim
3177 1177 3278 1231 ista
3301 1218 3315 1241 ,
3348 1178 3416 1231 ad
3450 1190 3649 1233 certam
3680 1198 3775 1236 ma-
3818 1174 3827 1229 Ϊ

536 1274 833 1330 levolentis
859 1274 1005 1328 illius
1031 1272 1201 1326 animi
1232 1270 1687 1328 declarationem:
1714 1280 1770 1326 et
1804 1272 1965 1342 paulo
1988 1281 2112 1342 post
2152 1271 2337 1327 verbis
2398 1272 2516 1325 suis
2551 1269 2687 1323 mihi
2752 1269 3107 1325 admirandus
3146 1270 3238 1327 ille
3269 1269 3571 1342 Gregorius
3603 1275 3775 1331 sullra-

537 1369 780 1440 gabitur,
813 1367 906 1437 qui
962 1376 1218 1421 naturam
1269 1374 1326 1420 et
1382 1381 1562 1422 mores
1591 1376 1854 1437 apostatae
1912 1369 2120 1437 Optime
2159 1364 2428 1436 depinxit.

606 1462 778 1518 Porro
817 1459 962 1530 quod
998 1460 1161 1514 etiam
1206 1468 1335 1513 ante
1375 1458 1511 1513 istos
1548 1460 1806 1530 permulti
1845 1460 2112 1515 doctrinae

538 1566 739 1611 nostra:
789 1552 1075 1607 veritatem
1127 1552 1176 1606 vi
1225 1566 1545 1622 Oppugnare
1573 1554 1818 1623 aggressi
1848 1562 2020 1618 sunt,
2077 1568 2110 1609 e

2294 1459 2420 1511 Ὅτι
2444 1457 2499 1512 δὲ
2527 1457 2622 1509 καὶ
2656 1458 2765 1529 πρὸ
2797 1458 2979 1513 αὐτῶν
3003 1458 3190 1513 πολλοὶ
3216 1457 3314 1513 τοῦ
3344 1460 3472 1514 καθ’
3502 1462 3643 1531 ἡμᾶς
3666 1462 3771 1531 δόγ·

2220 1566 2390 1618 ματος
2422 1550 2717 1619 βιάσασθαι
2737 1550 2835 1623 τὴν
2856 1551 3117 1621 ἀλήθειαν
3145 1550 3537 1623 ἐπεχείρησαν,
3553 1553 3667 1606 τινὰ
3684 1556 3772 1623 μὲν

533 1647 740 1702 divinis
793 1644 1033 1700 oraculis
1087 1644 1333 1713 quaedam
1396 1654 1798 1714 pervertentes,
1858 1645 2102 1715 quaedam

2214 1642 2323 1696 τῶν
2355 1642 2516 1697 θείων
2577 1644 2847 1714 χρησμῶν
2878 1644 3359 1714 παρατρέψαντες,
3427 1644 3562 1699 ἄλλα
3601 1646 3655 1698 δέ
3690 1646 3770 1700 καὶ

533 1748 717 1794 autem
751 1737 817 1792 ad
857 1751 1079 1792 sensum
1111 1751 1271 1790 suum
1323 1736 1735 1805 detorquentes,
1779 1752 1888 1791 non
1947 1734 2107 1805 pauci

533 1831 918 1894 ostenderunt,
954 1828 1196 1899 quicum
1245 1828 1352 1883 illis
1398 1828 1696 1897 congressi,
1731 1828 2111 1883 cavillationes

534 1938 728 1980 eorum
785 1922 1098 1976 confutatas
1130 1920 1185 1974 in
1231 1920 1455 1989 publica
1510 1927 1864 1975 monumenta
1904 1919 2108 1974 retule-

535 2024 686 2070 runt.
747 2012 806 2067 ln
860 2012 1053 2082 primis
1109 2027 1240 2065 vero
1285 2011 1642 2066 doctissimus
1689 2010 1976 2081 Origenes,
2012 2009 2108 2081 qui

534 2107 698 2176 longo
725 2112 852 2159 ante
882 2101 1160 2157 lulianum
1208 2114 1461 2172 tempore
1513 2101 1641 2164 fuit,
1676 2116 2017 2171 quascunque
2053 2101 2106 2155 in

534 2199 707 2254 sacris
757 2197 983 2251 Litteris
1020 2196 1205 2250 turbas
1257 2196 1444 2257 ciere,
1500 2202 1595 2248 aut
1634 2194 1869 2249 lectores
1917 2207 2105 2248 earum

532 2291 864 2363 perturbare
899 2290 1014 2344 visa
1035 2297 1185 2350 sunt,
1218 2287 1386 2356 probe
1416 2285 1692 2350 distinxit,
1737 2284 2108 2355 subjectisque

534 2383 833 2439 contrariis
882 2381 1258 2451 argumentis,
1304 2389 1363 2434 et
1397 2378 1536 2434 locis
1566 2377 1898 2447 quibusque,
1943 2379 2018 2431 ita
2047 2386 2108 2432 ut

532 2476 745 2540 debuit,
780 2474 1094 2537 declaratis,
1129 2486 1320 2528 eorum
1356 2471 1450 2541 qui
1485 2486 1582 2526 eos
1610 2469 1751 2524 male
1769 2479 1825 2525 et
1853 2470 2106 2540 imperite

533 2572 873 2638 acciperent,
906 2583 1079 2638 nugas
1100 2568 1291 2637 longas
1308 2575 1362 2620 et
1379 2563 1705 2633 sephisticas
1728 2564 2107 2635 aggressiones

529 2660 751 2717 refellit.
800 2659 1051 2714 Indicant
1082 2657 1207 2719 hoc,
1235 2670 1357 2726 qua:
1398 2655 1443 2710 is
1481 2655 1549 2709 ad
1578 2653 1822 2709 Galatam
1874 2654 2105 2709 Marce].

527 2752 643 2807 lum
694 2751 1023 2818 composuit,
1053 2760 1108 2804 et
1142 2764 1263 2819 quae
1312 2748 1377 2801 ad
1426 2746 1787 2817 Porphyrium
1832 2745 1906 2815 (2‘)
1940 2760 2103 2814 quem

528 2847 793 2911 diximus,
826 2844 1133 2899 luculenter
1159 2838 1816 2911 rescripsit,88libellis
1845 2837 1912 2894 de
1937 2838 2105 2894 rebus

526 2935 868 3005 ejuscemodi
903 2934 1090 2998 editis,
1106 2932 1308 3003 quibus
1327 2937 1553 3001 propter
1570 2932 1781 3000 copiam
1809 2930 2100 2987 verborum

2214 1736 2351 1806 πρὸς
2406 1738 2499 1789 τὴν
2550 1737 2683 1790 [διον
2739 1736 2941 1790 σκοπὸν
2996 1736 3387 1805 ἐκλαϐἇμενοι,
3438 1736 3642 1803 ἔδειξαν
3685 1740 3770 1805 μὲν

2212 1828 2402 1882 πολλοὶ
2447 1830 2527 1891 είς
2589 1831 2917 1901 ἀντίρρησιν
2967 1830 3345 1892 καταστάντες
3391 1830 3638 1894 ἐκείνοις,
3690 1830 3770 1882 καὶ

2213 1920 2664 1990 στηλιτεύσαντες
2696 1919 2903 1992 ἐλέγχῳ
2930 1922 3001 1975 τὰ
3039 1921 3269 1974 ἐκείνων
3305 1922 3641 1990 σοφίσματα.
3673 1923 3769 1992 Πρὸ

2210 2010 2267 2064 δέ
2302 2010 2525 2065 πάντων
2558 2014 2587 2064 ό
2618 2011 2714 2082 τὴν
2761 2011 2965 2080 γνῶσιν
3005 2012 3176 2075 πολὺς
3223 2011 3546 2083 Ὠριγένης,
3594 2013 3767 2084 μακρῷ

2210 2102 2388 2173 χρόνῳ
2445 2104 2540 2157 καὶ
2571 2103 2681 2172 πρὸ
2728 2103 3021 2157 Ἰουλιανοῦ
3075 2103 3365 2172 γεγονώς·
3416 2104 3486 2158 τὰ
3531 2104 3768 2157 δοκοῦντα

2209 2194 2503 2263 ταράττειν
2524 2196 2644 2259 ταῖς
2678 2194 2851 2265 ἱεραῖς
2882 2194 3087 2264 βίϐλοις
3118 2194 3534 2267 διευκρινήσας,
3556 2194 3766 2248 ἀνθυπε-

2209 2285 2421 2356 νεγκὼν
2449 2304 2508 2341 τε
2536 2288 2630 2341 καὶ
2665 2286 2741 2351 ὡς
2771 2284 2950 2358 χρεὼν
2975 2288 3307 2357 σαφηνίσας,
3340 2288 3450 2340 τῶν
3480 2288 3663 2350 κακῶς
3685 2287 3766 2339 καὶ

2208 2378 2548 2448 ἀγνωμόνως
2578 2378 2804 2442 ταύταις
2844 2380 3236 2447 διακειμένων,
3264 2377 3371 2450 τὴν
3429 2380 3637 2449 μακρὰν
3657 2379 3760 2448 ἐρε-

2212 2471 2429 2541 σχελίαν
2459 2472 2553 2524 καὶ
2588 2472 2686 2536 τὰς
2721 2472 3048 2541 σοφιστικὰς
3089 2473 3477 2543 ἐπιχειρήσεις
3512 2471 3761 2541 ἐξήλεγξε.

2207 2558 2461 2613 Δείκνυσι
2490 2558 2545 2612 δὲ
2579 2557 2615 2612 ἃ
2647 2562 2783 2629 πρός
2810 2575 2869 2611 τε
2907 2559 2997 2612 τὸν
3025 2558 3273 2629 Γαλάτην
3298 2561 3628 2630 Μάρκελλον
3654 2578 3763 2613 συν-

2208 2650 2384 2717 έταξε,
2422 2651 2514 2703 καὶ
2552 2650 2589 2705 ἃ
2642 2651 2780 2723 πρὸς
2829 2653 2920 2705 τὸν
2966 2652 3261 2722 είρημένον
3327 2654 3629 2724 Πορφύριον
3658 2669 3762 2720 γεν-

2208 2746 2371 2808 ναίως
2401 2746 2661 2798 ἀντεῖπε·
2698 2745 2880 2816 βίϐλον
2907 2746 2992 2812 ἐιρ⁹
3024 2745 3246 2816 ἑκάστῳ
3278 2746 3491 2800 τούτων
3533 2762 3760 2800 συντετα-

2206 2840 2340 2908 χὼς,
2375 2838 2474 2893 καὶ
2528 2836 2785 2907 ἀφώνους
2843 2838 3165 2909 ἁπελέγχων
3209 2840 3275 2910 τῇ
3334 2838 3442 2892 τῶν
3472 2839 3638 2908 λόγων
3673 2839 3758 2908 τῆς

2207 2930 2465 3000 ἀληθείας
2497 2931 2789 3001 περιουσίᾳ
2809 2946 2823 2960 ³
2856 2924 2941 2993 οἷς
2971 2932 3021 2984 εί
3053 2930 3151 3001 μὴ,
3177 2930 3251 2993 ὡς
3282 2930 3504 3002 ἔτυχεν,
3535 2933 3758 3003 ἐνέτυχεν

524 3026 779 3081 veritatis
802 3025 1006 3090 etl‘ecit,
1033 3033 1092 3079 ut
1126 3024 1204 3079 illi
1252 3023 1398 3094 quod
1440 3030 1631 3078 contra
1681 3022 1956 3088 dicereut,
1991 3039 2101 3078 non

2218 3022 2529 3087 Ἰουλιανὸς,
2568 3023 2670 3076 οὐκ
2714 3023 2781 3076 ἂν
2824 3023 2968 3077 οὕτω
3005 3024 3329 3091 σοφίζεσθαι
3362 3026 3453 3078 καὶ
3488 3024 3757 3093 βλάσφημα

526 3115 818 3171 baberent.
868 3113 1017 3179 Quos
1051 3113 1222 3169 llbros
1257 3113 1303 3167 si
1339 3128 1451 3167 non
1495 3111 1569 3166 ita
1618 3112 1823 3168 cursim
1853 3111 2103 3167 Julianus

525 3206 774 3277 legisset,
801 3219 1085 3274 nunquam
1126 3206 1195 3258 ad
1237 3203 1616 3258 cavillationes
1650 3211 1705 3257 et
1732 3202 2104 3273 blasphemias

523 3296 853 3355 scribendas
885 3297 1143 3367 delapsus
1166 3305 1333 3353 esset.
1363 3295 1470 3352 Sed
1493 3296 1644 3351 enim
1672 3294 1891 3351 Juliano
1918 3295 2103 3350 studio

525 3393 717 3457 fuisse,
747 3402 804 3446 ut
834 3390 1228 3445 scommatibus
1264 3397 1322 3444 et
1367 3388 1659 3445 dicacitate
1693 3395 1963 3454 uteretur,
1990 3403 2101 3444 non

524 3483 669 3552 apud
709 3497 806 3538 eos
837 3482 932 3551 qui
961 3480 1193 3536 solidam
1213 3479 1431 3549 pietatis
1455 3479 1741 3535 veritatem
1776 3487 1833 3533 et
1867 3478 2100 3533 formam

525 3586 736 3640 tenent,
763 3574 859 3631 Sed
891 3573 1173 3643 simplices
1216 3584 1273 3629 et
1318 3574 1604 3641 imperitos
1632 3572 1903 3636 homines,
1935 3589 2004 3627 ex
2033 3586 2101 3627 eo

526 3669 663 3723 satis
693 3677 926 3723 constat.
973 3666 1077 3722 Ubi
1120 3665 1268 3719 enim
1308 3680 1339 3719 e
1373 3664 1696 3734 Scripturis,
1757 3680 2099 3734 qutecunque

522 3762 808 3816 hominum
842 3774 1015 3825 more,
1059 3766 1220 3828 prout
1253 3773 1339 3811 res
1385 3756 1605 3819 ferunt,
1642 3755 1709 3810 ad
1752 3766 1971 3826 captum
2003 3771 2102 3811 no-

527 3869 726 3921 strum,
758 3853 828 3909 de
866 3853 999 3918 Deo,
1025 3861 1079 3906 et
1125 3851 1396 3920 precipue
1441 3850 1510 3906 de
1534 3848 1739 3904 Christi
1767 3850 2097 3916 meonomia,

525 3947 827 4016 salutisque
857 3954 1060 4000 nostra:
1105 3943 1586 3999 administratione
1630 3941 1773 3997 dicta
1801 3950 1951 4008 sunt,
2007 3942 2103 3997 de-

522 4040 747 4109 cerpsit,
809 4048 866 4093 et
920 4038 1040 4107 ejus
1081 4035 1300 4106 generis
1351 4033 1496 4089 dicta
1549 4034 1799 4103 qumdam
1856 4033 2097 4103 collegit,

524 4130 727 4184 deinde
780 4129 932 4183 hisce
961 4124 1146 4182 verbis
1203 4127 1410 4181 infert:
1473 4144 1493 4178 ι
1536 4126 1742 4180 [lorum
1775 4125 1941 4195 igitur
1983 4139 2101 4179 0m-

522 4223 701 4285 nium,
735 4220 843 4274 nisi
879 4222 1018 4273 ratio
1042 4219 1310 4288 quaepiam
1345 4228 1450 4282 est,
1479 4234 1733 4273 arcanam
1755 4218 2014 4287 aliquam,
2041 4224 2101 4271 ut

521 4328 625 4383 ego
657 4321 812 4381 puto,
869 4311 1391 4381 contemplationem
1436 4311 1645 4366 habens
1670 4352 1682 4374 ,
1735 4312 1934 4365 multas
1969 4310 2097 4365 libri

2205 3114 2442 3185 γράφειν
2476 3113 2813 3180 ἐξεκυλίετο.
2843 3116 2968 3170 Ὅτι
3023 3116 3081 3169 δὲ
3140 3116 3369 3187 σκῶψαι
3425 3117 3512 3170 διὰ
3546 3115 3756 3184 σπονδῆς

2206 3207 2360 3260 ἔθετο
2375 3204 2703 3272 ζιουλιανδς,
2734 3207 2796 3261 ού
2828 3207 2965 3277 πρὸς
2989 3207 3118 3271 τοὺς
3148 3208 3247 3278 τὴν
3279 3209 3464 3279 ἀληθῆ
3496 3211 3752 3279 μόρφωσιν

2205 3297 2305 3367 τῆς
2334 3296 2618 3361 εὐσεϐείας
2646 3299 3096 3370 περικειμένους,
3129 3299 3269 3352 ἀλλὰ
3306 3299 3444 3371 πρὸς
3488 3300 3605 3362 τοὺς
3637 3299 3755 3351 ιδιά·

2205 3406 2305 3452 τας
2340 3390 2435 3444 καὶ⁸
2480 3388 2854 3460 ἁπλούστερον
2912 3390 3327 3461 διακειμένους,
3368 3392 3527 3463 δῆλον
3569 3391 3752 3444 ἐκεῖθέν

2205 3481 2343 3538 ἐστι.
2381 3481 2523 3537 Ὅσα
2561 3481 2671 3552 γὰρ
2721 3482 2820 3552 τῆς
2848 3482 3073 3554 Γραφῆς
3102 3483 3478 3554 οἰκονομικῶς
3509 3482 3752 3553 ἀνθρωπι·

2204 3572 2344 3625 κώτε
2353 3589 2447 3642 ρον
2469 3574 2755 3639 τέτακται,
2774 3574 3164 3645 ἐκλαϐόμενος,
3195 3577 3294 3629 καὶ
3326 3576 3550 3630 τοιαῦτα
3569 3575 3626 3644 δή
3648 3589 3749 3625 τινα

2205 3663 2578 3733 ἐπισυνείρας,
2631 3664 2827 3717 ἔπειτα
2876 3664 3153 3734 ἐπιφέρει,
3212 3666 3396 3735 λέγων
3436 3666 3527 3719 ἐπὶ
3574 3663 3744 3728 λέξεως

2204 3749 2377 3815 οὕτως
2403 3769 2416 3784 ·
2451 3772 2472 3805 ‹
2506 3752 2727 3808 Τούτων
2759 3753 2943 3808 τοίνυν
2973 3754 3226 3819 ἕκαστον,
3259 3757 3314 3809 εί
3350 3756 3427 3826 μὴ
3452 3757 3599 3824 λόγος
3618 3753 3744 3808 ἐστίν

2203 3844 2516 3915 ἀπόρρητον
2544 3844 2685 3915 ἔχων
2728 3848 2850 3902 τινὰ
2886 3845 3144 3917 θεωρίαν,
3175 3848 3318 3918 ὅπερ
3353 3848 3463 3916 ἐγὼ
3489 3848 3741 3916 νενόμικα,

2204 3937 2407 4007 πολλῆς
2451 3937 2716 4008 γέμουσιν
2757 3939 2807 3991 οί
2854 3938 3005 4008 λόγοι
3035 3939 3171 4011 περὶ
3210 3940 3310 3994 τοῦ
3347 3940 3481 3994 Θεοῦ
3525 3940 3740 4009 βλασφη-

2206 4031 2354 4101 μίας.
2398 4051 2416 4083 ι
2466 4031 2637 4085 Ταυτὶ
2688 4031 2789 4101 μέν
2844 4034 2903 4084 ἐν
2947 4031 3024 4102 τῷ
3057 4033 3228 4104 τρίτῳ
3257 4034 3428 4087 αὐτοῦ
3459 4033 3591 4087 κατὰ
3630 4029 3740 4099 Χρι-

2205 4121 2438 4176 στιανῶν
2470 4121 2663 4194 βιϐλίῳ
2712 4122 2968 4190 διέξεισιν
2993 4139 3009 4154 ο
3041 4125 3101 4178 ἐν
3134 4125 3192 4178 δὲ
3230 4125 3312 4196 τῷ
3342 4125 3483 4196 λόγῳ
3525 4124 3580 4178 ὃν
3621 4119 3738 4188 Περὶ

2203 4213 2509 4283 κυνισμοῦ
2541 4215 2869 4284 ἐπιγράφει,
2891 4214 3199 4284 φιλοσοφῶν
3227 4217 3379 4279 ὅπως
3409 4216 3489 4268 δεῖ
3515 4213 3738 4268 πλάττειν

2205 4308 2334 4368 τοὺς
2368 4307 2575 4375 μύθους
2610 4309 2736 4370 τοὺς
2797 4309 2986 4378 ἱερεῖς,
3041 4310 3137 4362 καὶ
3164 4288 3344 4363 ταύτά
3398 4320 3588 4379 φησιν’
3622 4322 3640 4355 ι
3663 4301 3741 4354 Δεῖ

522 4401 613 4454 isti
647 4401 715 4455 de
752 4402 861 4455 Deo
908 4399 1194 4453 rontincnt
1240 4399 1630 4465 blasphemias.
1669 4419 1686 4452 ι
1718 4400 1842 4454 Haec
1870 4399 2095 4470 quidem

2207 4397 2471 4469 κρύπτειν
2504 4400 2601 4470 τὴν
2650 4402 2780 4470 περὶ
2830 4402 2937 4453 τῶν
3000 4400 3265 4455 τοιούτων
3307 4400 3587 4469 ἀλήθειαν⁹
3614 4393 3735 4464 φιλξῖ

519 4493 577 4545 in
605 4491 768 4545 tertio
803 4506 903 4544 suo
934 4478 1130 4543 Comm
1169 4489 1497 4543 Christianos
1544 4488 1684 4543 libro
1713 4491 1881 4544 refert
1912 4491 2000 4544 ειη
2030 4506 2095 4546 eo

518 4596 706 4639 autem
736 4584 878 4637 libro
918 4598 1080 4651 quem
1117 4581 1195 4635 De
1244 4581 1547 4653 Cynicismo
1596 4582 1898 4652 inscripsit,
1958 4601 2096 4654 quo-

522 4677 687 4731 modo
740 4674 1033 4730 conveniat
1084 4690 1269 4728 sacras
1301 4674 1503 4744 lingere
1531 4673 1745 4729 fabulas
1791 4676 2093 4745 disserens.

514 4772 639 4831 luec
665 4769 860 4824 scribit
888 4786 900 4820 :
940 4785 958 4818 ι
995 4768 1067 4821 De
1097 4767 1261 4821 rebus
1293 4766 1629 4836 ejuscemodi
1672 4768 1955 4822 veritatem
1998 4786 2093 4825 oc-

523 4862 721 4915 cultari
778 4871 1041 4930 oportet,
1082 4861 1199 4913 vult
1252 4862 1401 4914 enim
1448 4866 1645 4913 natura
1694 4862 1982 4925 occultari,
2043 4872 2096 4916 et

519 4953 669 5023 quod
696 4954 762 5008 de
792 4954 1019 5008 deorum
1055 4953 1296 5008 essentia
1321 4952 1598 5005 occultum
1632 4964 1734 5018 est,
1774 4953 1941 5007 nudis
1969 4970 2094 5007 ver-

518 5046 608 5101 bis
661 5046 717 5099 in
775 5060 935 5099 aures
987 5044 1250 5113 impuras,
1285 5044 1481 5114 conjici
1523 5060 1632 5097 non
1682 5045 1937 5100 sustinet.
1967 5064 1984 5096 ι
2016 5046 2094 5099 Ex

518 5137 722 5207 quibus
758 5136 941 5192 verbis
964 5140 1097 5191 satis
1149 5145 1405 5205 apparet,
1442 5136 1809 5206 suspicionem
1848 5154 1972 5191 eum
1998 5141 2096 5191 ob-

519 5233 722 5293 tinere,
763 5228 1055 5298 mysticum
1080 5227 1340 5297 quiddam
1377 5237 1432 5280 et
1461 5244 1723 5282 arcanum
1758 5243 1966 5282 sacram
2011 5238 2095 5282 te-

517 5338 645 5393 gere
675 5322 1041 5390 Scripturam.
1092 5320 1327 5375 Videtur
1368 5334 1591 5388 quoque
1629 5320 1923 5390 indignari,
1983 5336 2094 5375 non

589 5483 666 5548 (ι)
698 5481 951 5552 Justinus
1006 5479 1373 5552 philosophus
1405 5488 1460 5532 et
1494 5487 1699 5552 martyr
1732 5478 1959 5539 Christi,
1997 5479 2098 5534 So-

518 5565 721 5604 cratem
747 5560 799 5603 et
825 5549 1158 5606 lleraclilum
1190 5549 1240 5602 in
1274 5550 1467 5603 eodem
1497 5550 1744 5618 catalogo
1774 5559 2091 5603 sanctorum

517 5636 641 5742 cuin
675 5622 947 5674 Abraham
976 5633 1029 5675 et
1064 5622 1174 5675 Elia
1199 5628 1469 5687 recenset,
1519 5629 1774 5686 tanquam
1814 5623 1960 5674 verbi
1999 5622 2092 5674 Dei

520 5704 583 5742 cu
614 5698 775 5744 tores.

520 5704 775 5742 CUllOl‘CS.

2200 4495 2308 4565 γὰρ
2348 4498 2381 4565 ἠ
2411 4495 2575 4565 φύσις
2609 4497 2955 4566 κρύπτεσθαι
2980 4512 2995 4529 ο
3027 4497 3124 4551 καὶ
3157 4498 3216 4551 τὸ
3265 4494 3633 4567 κεκρυμμένον
3653 4488 3735 4558 τῆς

2199 4587 2308 4640 τῶν
2335 4585 2475 4639 θεῶν
2500 4587 2690 4650 οὐσίας
2731 4578 3115 4658 ούιίὰνέχεται
3144 4592 3372 4659 γυμνοῖς
3413 4588 3493 4648 είς
3520 4582 3732 4648 ἁκαθὰρ·

2200 4695 2325 4741 τους
2360 4678 2533 4741 ἀκοὰς
2557 4680 2851 4748 ῥίπτεσθαι
2882 4683 3153 4751 ῥήμασιν.
3198 4700 3217 4733 ι
3257 4681 3351 4744 Ἐξ
3379 4675 3450 4733 ὧν
3479 4678 3538 4747 δὴ
3576 4672 3733 4743 φαίνε-

2200 4789 2290 4823 ται
2330 4773 2386 4823 ἐν
2418 4772 2705 4835 ὑπονοίαις
2764 4771 2901 4825 εἶναι
2959 4774 3228 4843 μυστικόν
3255 4792 3307 4826 τι
3340 4774 3433 4828 καὶ⁴
3456 4770 3729 4839 ἀπόρρητον

2199 4862 2470 4930 κρύπτειν
2511 4864 2609 4932 τὴν
2651 4864 2801 4917 θείαν
2838 4866 3085 4935 Γραφήν.
3124 4867 3303 4920 Ἔοικε
3335 4865 3510 4920 δὲκαὶ
3554 4864 3727 4929 ἀγανα-

2201 4956 2372 5020 κτεῖν,
2402 4955 2484 5007 ὅτι
2531 4955 2610 5025 μὴ
2642 4959 2844 5020 πάντες
2896 4957 2992 5029 τὴν
3046 4959 3168 5029 ίσην
3203 4959 3454 5011 ὑπόνοιαν
3485 4956 3600 5023 περὶ
3629 4948 3727 5003 τού·

2199 5063 2307 5101 των
2339 5047 2561 5117 ἔχουσι’
2608 5053 2703 5104 καὶ
2752 5053 2860 5104 τῶν
2912 5052 3258 5122 Χριστιανῶν
3302 5050 3635 5120 κατατρέχειν
3658 5042 3724 5093 ἐν·

2200 5139 2412 5203 τεῦθεν,
2458 5139 2553 5192 ἅτε
2580 5142 2643 5210 δὴ
2673 5142 3050 5213 ἁπλούστερον
3080 5143 3387 5213 δεχομένων
3420 5142 3484 5192 τὰ
3515 5140 3717 5209 ῥήματα·

2214 5228 2412 5299 Ἐχρῆν
2445 5230 2500 5283 δὲ
2544 5234 2619 5302 μὴ
2649 5232 2791 5285 οὕτω
2837 5234 2925 5286 διὰ
2960 5237 3061 5303 τὴν
3094 5236 3204 5287 τῶν
3244 5233 3452 5286 πολλῶν
3478 5226 3717 5292 ἁπλότητα

2199 5320 2342 5370 κατὰ
2370 5319 2477 5374 τῶν
2514 5321 2675 5391 ἱερῶν
2706 5323 3090 5393 ἐκτυφωθῆνλι
3139 5324 3390 5395 Γραιρών,
3424 5319 3550 5391 μηδέ
3582 5310 3720 5383 μεσῆο

2274 5475 2351 5544 (⁵2)
2414 5475 2541 5548 Fuit
2613 5477 2952 5548 Porphyrius
3023 5464 3717 5548 condiscipulus_Origeuis,

2202 5550 2347 5618 apud
2384 5547 2660 5600 l’lotiuum
2705 5546 3049 5615 magistrum,
3082 5558 3135 5603 et
3186 5563 3356 5615 usque
3407 5546 3467 5599 ad
3515 5546 3718 5603 tempora

2203 5618 2363 5672 l’robi
2392 5618 2527 5687 imp.
2565 5619 2717 5672 vixit.
2752 5619 2907 5673 Suid.

3879 5087 3882 5181 ί

3872 5494 3873 5557 l

3868 5564 3871 5651 l

3866 5658 3869 5745 ι

3866 5778 3867 5839 l

3860 5870 3865 5933 ι

3860 5940 3863 6027 l

3860 6032 3861 6079 l

3896 4260 3899 4335 l
