3986 6190
262 366 352 432 5']

1139 360 1743 422 ECCLESIASTICAZ
1786 362 2174 422 lIISTORI/E
2218 365 2357 425 LIB.
2400 362 2468 424 X.

3387 359 3487 423 διε

257 494 347 532 σαι
377 478 467 531 καὶ
526 474 891 545 ἀποστρόφως
925 472 1165 537 ἐκείναις
1194 475 1338 543 ἔχειν
1395 476 1584 538 κακῶς
1618 477 1811 546 ἐκείνῳ

1925 478 2160 532 eamdem
2203 493 2386 532 secum
2430 491 2620 530 omnes
2660 474 2975 543 opinionem
3009 475 3074 531 de
3115 474 3219 531 hac
3258 476 3483 532 habere.

248 587 304 624 τε
333 567 675 639 νοουμέναις,
702 569 783 620 ὅτι
845 568 921 635 μὴ
954 566 1164 629 πάντες
1198 566 1274 628 ὡς
1335 567 1482 637 αὑτῷ
1516 568 1568 635 γ’
1615 568 1814 637 ἐκείνῳ

253 661 445 725 ἐδόκει,
498 659 753 729 ἐνόησαν.
788 660 970 711 Ἕοεκε
1020 659 1077 712 δὲ
1123 660 1193 711 τὰ
1256 661 1346 711 ῐσα
1391 660 1483 711 καὶ
1541 659 1704 722 αὐτὸς
1738 659 1816 728 τῷ

253 753 413 820 πατρὶ
448 753 544 805 καὶ
594 749 901 819 διδασκάλῳ
965 750 1264 819 Πορφυρίῳ
1322 751 1550 802 παθεῖν’
1602 748 1819 820 πληγὰς

251 846 357 913 γὰρ
403 844 612 905 ἐκεῖνος
662 844 720 895 ἐν
771 843 1083 912 Καισαρείᾳ
1118 844 1223 895 ὑπό
1254 860 1419 895 τινων
1470 843 1816 913 Χριστιανῶν

253 934 509 1002 ἐνεγκὼν,
555 934 630 1005 μὴ
658 935 842 1004 φέρων
878 937 977 1005 τὴν
1007 936 1187 1006 ὓϐριν,
1234 932 1327 990 οἷα
1375 937 1813 1007 μελαγχολήσας,

254 1027 539 1096 ἐξόμνυται
570 1026 671 1097 μὲν
701 1026 794 1080 τὸν
829 1027 1266 1097 Χριστιανισμόν
1297 1044 1309 1058 ·
1349 1028 1429 1099 τῷ
1456 1028 1514 1081 δὲ
1539 1030 1648 1081 τῶν
1674 1029 1814 1098 πλη-

255 1119 542 1185 γωσάντων
571 1119 739 1188 μίσει,
768 1120 848 1180 είς
885 1120 945 1171 τὸ
976 1119 1316 1188 βλασφημεῖν
1342 1119 1576 1190 Χριστὸν
1605 1120 1817 1182 καὶτὰς

253 1209 592 1277 Χριστιανῶν
627 1210 946 1280 ἐξεκυλίσθη
976 1211 1202 1281 Γραφάς
1225 1228 1239 1241 ·
1272 1211 1347 1274 ὥς
1386 1210 1553 1281 φησιν
1580 1212 1609 1264 ὁ
1659 1211 1817 1281 Παμ-

254 1300 403 1367 φίλου
437 1300 721 1367 Εὐσέϐιος,
764 1302 1094 1372 ἀνατρέπων
1139 1304 1336 1372 ἄριστα
1366 1304 1466 1365 τὰς
1505 1302 1630 1357 καθ’
1658 1302 1818 1374 ἡμῶν

253 1389 415 1442 αὐτοῦ
451 1391 795 1459 συγγραφάς.
837 1391 896 1443 '0
928 1391 983 1445 δὲ
1011 1393 1300 1455 Ἰουλιανὸς
1338 1393 1613 1463 ὑπεροψίᾳ
1663 1394 1818 1448 πλεί-

253 1493 349 1547 στῃ
397 1479 543 1531 κατὰ
576 1479 925 1550 Χριστιανῶν
960 1478 1059 1550 τὴν
1092 1479 1268 1551 ὁρμὴν
1300 1479 1549 1551 ἐσχηκὼς
1578 1480 1667 1534 διὰ
1691 1482 1820 1545 τοὺς

252 1566 676 1637 ἁπλουστέρους,
714 1569 812 1639 ἴσῳ
840 1568 1003 1622 πάθει
1049 1570 1187 1639 πρὸς
1215 1570 1315 1641 τὴν
1343 1572 1661 1642 Πορφυρίου
1691 1570 1819 1624 λύσ-

250 1654 356 1712 σαν⁶
379 1659 674 1713 ἀπέκλινεν
697 1675 713 1692 '
754 1662 845 1715 καὶ
872 1660 1042 1732 ἄμφω
1068 1661 1363 1734 τοιγαροῦν
1390 1663 1532 1734 μετὰ
1563 1663 1819 1731 γνώσεως

250 1751 498 1819 ἑλόμενοι
556 1753 658 1821 τὴν
718 1753 1080 1819 δυσσέὗειαν,
1136 1757 1504 1827 ἀποτρόπαιοι
1554 1757 1654 1822 τὰς
1719 1761 1819 1829 τῆς

248 1843 500 1896 ἑκουσίου
537 1845 814 1916 ἁμαρτίας
844 1848 1294 1918 εἰσπραττόμενοι
1318 1848 1494 1913 δίκας.
1533 1849 1691 1904 Ἐπεὶ
1712 1849 1758 1904 δ’
1786 1852 1813 1904 ὁ

1925 1854 2212 1909 admodum
2272 1853 2540 1909 Eusebius
2596 1851 2863 1920 Pamphili
2932 1849 3133 1919 inquit,

246 1937 505 1999 Διόἀνιος
539 1938 911 2009 ἐπιχλευάζων
941 1938 1149 2011 ὥσπερ,
1190 1941 1294 1994 Τὸν
1335 1942 1399 1995 ὲκ
1423 1940 1814 2012 Παλαιστίνης,

244 2031 437 2099 φησὶν,
469 2029 782 2098 ἄνθρωπον,
810 2031 942 2084 Θεόν
975 2049 1036 2085 τε
1063 2031 1155 2085 καὶ
1180 2032 1318 2086 Θεοῦ
1351 2034 1518 2087 παῖδα
1544 2034 1816 2102 ποιοῦσιν,

242 2119 429 2173 ἔοικεν
460 2120 622 2183 αὐτὸς
651 2121 1006 2192 ἐπιλελῆσθαι
1038 2123 1186 2188 ὅπως
1216 2125 1312 2178 ἐπὶ
1340 2125 1488 2180 τέλει
1531 2127 1627 2180 τοῦ
1657 2128 1816 2200 είρη-

244 2215 414 2283 μένου
440 2212 602 2282 λόγου
630 2214 723 2268 τὸν
754 2214 1046 2270 ’ῐουλιανὸν
1073 2217 1320 2285 ἀποθεοῖ,
1349 2218 1576 2288 φάσκων
1605 2219 1779 2282 οὕτως
1800 2234 1816 2252 ⁸

244 2304 350 2357 Τὸν
388 2305 613 2374 πρῶτον
645 2305 882 2376 ἄγγελον
909 2308 1007 2377 τῆς
1030 2308 1286 2380 τελευτῆς
1332 2309 1530 2380 μικροῦ
1562 2311 1823 2365 κατέλευ-

242 2410 365 2460 σαν,
434 2393 511 2459 ὠς
560 2394 696 2448 Θεοῦ
731 2396 1239 2467 καταψευδόμενον·
1274 2400 1373 2453 καὶ
1429 2394 1586 2463 αὖθις
1645 2401 1822 2473 μικρὰ

240 2481 522 2552 εἰρηκώς·
555 2478 677 2534 «Ὦ
728 2482 1001 2554 δαιμόνων
1045 2484 1170 2555 μὲν,
1227 2487 1383 2557 φησι,
1442 2488 1507 2541 σὺ
1559 2488 1820 2559 τρόφιμε,

239 2575 525 2646 δαιμόνων
559 2575 615 2629 δὲ
642 2576 887 2648 μαθητὰ,
919 2578 1187 2650 δαιμόνων
1214 2578 1272 2631 δὲ
1301 2581 1666 2653 παρεδρευτά.
1710 2601 1729 2634 ι
1756 2583 1820 2636 Εἰ

240 2669 336 2721 καὶ
361 2668 557 2732 ἄλλως
584 2664 739 2733 οὗτος
776 2670 940 2741 δῆθεν
968 2671 1107 2724 ἐνόει
1141 2671 1218 2742 μὴ
1242 2672 1342 2741 τὴν
1374 2673 1701 2744 ὁμωνυμίαν
1728 2675 1824 2730 ὲκ·-

240 2761 464 2828 κλίνας,
501 2763 651 2832 ὅμως
679 2764 854 2817 ταῦτα
881 2764 1065 2833 λέγειν
1087 2765 1259 2832 δοκεῖ,
1290 2764 1327 2819 ἃ.
1356 2768 1450 2822 καὶ
1498 2768 1822 2839 Χριστιανοὶ

238 2853 501 2923 λέγοντες
541 2855 918 2920 ὀνειδίζονται.
966 2857 1031 2911 El
1081 2854 1175 2913 οῦν
1240 2858 1480 2913 ἐπαίνων
1542 2862 1703 2931 μόνον
1754 2856 1822 2933 ἦν

239 2944 445 3012 ἐκείνῳ
462 2946 711 3015 φροντὶς,
737 2946 848 2999 ἔδει
866 2947 966 3018 τὴν
981 2947 1271 3019 ὁμώνυμον
1298 2948 1625 3006 ἀπώσασθαι
1646 2950 1822 3019 λέξιν,

242 3034 445 3107 ὥσπερ
474 3037 617 3108 δῆτα
646 3039 743 3092 καλ⁹
772 3039 1007 3110 ἀλλαχοῦ
1039 3039 1356 3111 πεποιηκὼς
1394 3041 1682 3112 φαίνεται*
1714 3044 1823 3098 λοι-

239 3129 503 3199 δορηθεὶς
558 3134 665 3204 γὰρ
715 3131 805 3186 διὰ
854 3132 1022 3202 λέξιν,
1051 3133 1161 3188 τῶν
1209 3134 1408 3189 ἑαυτοῦ
1457 3135 1633 3205 λόγων
1659 3135 1824 3203 ἐξέω-

243 3237 357 3278 σεν.

1919 570 2061 625 Etin
2096 570 2437 626 Christianos
2467 570 2765 629 invehitur.
2804 570 2951 640 quod
2994 568 3299 638 simplicius
3321 572 3489 622 verba

1919 661 2264 717 oraculorum
2290 661 2577 730 accipiant.
2618 661 2837 716 Minime
2866 676 2996 715 vero
3026 672 3248 730 propter
3289 661 3490 714 multo-

1919 769 2042 808 rum
2084 754 2513 823 simplicitatem,
2550 754 2701 807 illum
2731 764 2879 810 tanto
2918 754 3059 809 fastu
3102 753 3363 808 adversus
3400 769 3488 807 sa-

1919 860 2038 901 cras
2064 845 2377 916 Scripturas
2406 846 2590 900 elIerri
2637 848 2916 915 oportuit,
2969 861 3150 915 neque
3184 845 3364 900 odisse
3394 860 3488 899 eas

1918 948 2014 992 aut
2037 941 2276 993 aversari
2311 947 2599 1007 propterea
2641 936 2852 1001 debuit,
2881 935 3027 1007 quod
3058 952 3195 1007 quas
3219 937 3337 1006 ipse
3365 952 3489 1005 per-
3518 1003 3523 1007 ο

1920 1044 2106 1099 peram
2133 1030 2210 1100 (l)
2243 1029 2594 1093 intellexerit,
2626 1045 2738 1082 non
2769 1043 2980 1095 omnes,
3004 1028 3162 1083 sicuti
3212 1028 3263 1082 ei
3306 1028 3483 1082 visum

1920 1131 2086 1186 esset,
2126 1122 2490 1192 accepissent.
2528 1121 2729 1177 Verum
2765 1121 2909 1176 idem
2953 1121 3001 1175 ei
3036 1120 3303 1174 accidisse
3331 1120 3486 1174 vide-

1922 1221 2031 1279 tur,
2062 1213 2203 1281 quod
2231 1212 2368 1281 patri
2400 1223 2456 1268 et
2498 1213 2760 1283 magistro
2790 1213 2909 1281 ejus
2946 1211 3249 1282 Porphyrio
3276 1210 3482 1265 evenit.

1921 1304 1965 1355 Α
1993 1303 2318 1373 quibusdam
2360 1319 2595 1373 namque
2630 1302 2958 1359 Christianis
2987 1302 3250 1358 Cmsareae
3293 1301 3488 1355 verbe-

1920 1401 2072 1449 ratus
2118 1395 2231 1460 ille,
2293 1394 2439 1464 quod
2496 1394 2749 1465 iniuriam
2774 1378 2910 1449 'eam
2953 1409 3061 1446 non
3108 1393 3249 1447 bene
3296 1390 3486 1453 ferret,

1918 1484 2087 1540 veluti
2116 1494 2231 1539 atra
2266 1484 2376 1539 bile
2415 1485 2693 1554 percitus,
2740 1483 3222 1538 Christianismum
3263 1481 3487 1551 quidem

1918 1578 2191 1650 abjuravit
2214 1595 2227 1631 :
2252 1593 2443 1634 eorum
2471 1585 2654 1631 autem
2678 1577 2770 1646 qui
2791 1576 2962 1645 plagis
2990 1574 3139 1629 illum
3167 1572 3486 1631 all‘ecerant.

1919 1670 2067 1735 odio,
2098 1671 2164 1725 ad
2193 1670 2471 1726 Christum
2502 1668 3015 1724 etChristianorum
3045 1667 3356 1736 Scripturas
3385 1664 3489 1718 im-

1918 1763 2008 1833 pie
2037 1760 2301 1817 conviciis
2331 1759 2762 1831 proscindendas
2792 1767 2877 1814 est
2905 1772 3269 1829 progressus:
3295 1772 3489 1827 quem—

3214 1847 3310 1917 qni
3371 1847 3491 1918 ejus

1919 1946 2186 2002 adversus
2234 1960 2336 2001 nos
2364 1946 2697 2015 compositos
2744 1943 2914 1998 libros
2947 1941 3154 2012 optime
3203 1939 3489 1994 reiutavit.

1918 2039 2168 2096 Julianus
2201 2047 2383 2093 autem
2435 2052 2533 2107 per
2574 2036 2941 2105 arrogantiam
2990 2035 3294 2104 ingentem,
3328 2047 3491 2102 .pro-

1919 2141 2041 2203 pter
2069 2130 2672 2202 simpliciores,impctu
2704 2129 2913 2184 furioso
2945 2138 3134 2184 contra
3149 2126 3492 2183 Christianos

1921 2233 2220 2295 concepto,
2265 2224 2460 2279 eodem
2514 2223 2674 2278 modo
2718 2222 2785 2277 ad
2826 2221 3111 2292 Porphyrii
3160 2220 3367 2275 rabiem
3399 2219 3495 2273 de-

1920 2316 2165 2371 clinavit.
2201 2315 2315 2386 89
2347 2315 2535 2385 Itaque
2565 2314 2727 2368 ambo
2763 2313 3071 2369 detestandi
3118 2329 3131 2366 :
3166 2312 3368 2382 quippe
3397 2311 3491 2380 qui
3563 2352 3571 2360 .

1921 2405 2225 2476 prudentes
2288 2416 2453 2476 atque
2525 2407 2767 2461 scientes
2793 2404 3162 2474 {impietatem
3218 2400 3489 2472 complexi

1922 2498 2056 2563 sint,
2086 2506 2143 2554 et
2175 2498 2473 2553 voluntarii
2520 2506 2809 2567 propterea
2864 2495 3230 2564 consultoque
3264 2493 3490 2546 admissi

1921 2591 2131 2661 peccati
2178 2590 2514 2660 supplicium
2551 2588 2814 2660 pendant.
2861 2587 3160 2642 Enimvero
3204 2583 3491 2649 Libanius,

1922 2682 2075 2750 dum,
2107 2682 2276 2738 veluti
2320 2697 2420 2737 nos
2470 2681 2731 2743 irridens,
2782 2678 3135 2735 Palaastinum
3169 2675 3449 2732 hominem
3478 2716 3493 2739 ,

1924 2773 2126 2845 inquit,
2154 2775 2326 2831 Deum
2354 2774 2564 2845 Deique
2595 2773 2793 2827 Filium
2837 2772 3050 2826 faciunt
3075 2810 3091 2837 ,
3134 2769 3341 2824 oblitus
3369 2782 3492 2822 esse

1923 2865 2167 2931 videtur,
2197 2864 2474 2936 quomodo
2526 2864 2581 2918 in
2622 2863 2729 2918 fine
2759 2863 2878 2932 ejus
2909 2875 3032 2930 quae
3063 2858 3211 2912 dicta
3237 2865 3329 2911 est
3363 2869 3492 2910 ora-

1927 2958 2115 3026 tionis,
2177 2958 2455 3014 Julianum
2508 2957 2564 3011 in
2614 2970 2910 3010 numerum
2959 2954 3190 3009 deorum
3244 2950 3492 3005 referat:

1924 3052 2166 3123 primum
2224 3051 2426 3107 Juliani
2476 3049 2665 3104 obitus
2718 3047 2973 3101 nuntium
3035 3058 3178 3110 pene
3223 3042 3499 3111 lapidibus

1927 3143 2185 3198 obrutum
2216 3157 2358 3207 esse,
2384 3141 2554 3196 veluti
2589 3141 2639 3194 is
2661 3139 2926 3193 adversus
2946 3136 3116 3190 Deum
3146 3131 3496 3188 mentiretur.

1852 3216 1897 3274 ο
1928 3234 2143 3291 dicens.
2180 3236 2250 3290 Et
2280 3234 2471 3305 paucis
2524 3230 2875 3301 interpositis
2913 3227 3121 3290 verbis,
3147 3239 3364 3280 rursum
3400 3237 3495 3276 ex-

238 3315 494 3373 clamans
528 3334 542 3371 :
584 3335 602 3370 ι
635 3317 680 3375 Ο
723 3318 1037 3377 daemonum
1080 3323 1326 3390 alumne,
1357 3324 1667 3381 daemonum
1732 3335 1996 3394 sectator,
2065 3329 2377 3383 dannonum
2442 3340 2712 3381 assessor.
2756 3342 2773 3375 ι
2806 3323 2875 3377 Ει
2923 3320 3177 3391 quamvis
3210 3317 3303 3372 ille
3345 3315 3497 3370 hisce

238 3411 439 3467 verbis
472 3413 623 3468 aliud
670 3416 926 3481 sentiret,
966 3426 1149 3473 tamen
1192 3434 1303 3474 non
1331 3421 1501 3475 vitato
1539 3422 1825 3491 atquivoco
1859 3437 1954 3476 seu
1991 3422 2249 3492 ambiguo
2282 3421 2476 3485 verbo,
2525 3418 2671 3473 idem
2742 3417 2928 3470 dicere
2960 3413 3202 3475 videtur,
3274 3422 3398 3478 quae
3442 3417 3502 3462 et

238 3504 552 3562 Christiani
583 3508 688 3579 ipsi
732 3524 830 3579 per
871 3512 1187 3567 convicium
1236 3513 1303 3568 de
1338 3515 1564 3571 Juliano
1610 3516 1824 3572 dicunt.
1867 3515 2024 3582 Quod
2049 3517 2097 3570 si
2157 3514 2415 3584 Sophista
2451 3527 2620 3568 unum
2664 3513 2803 3573 hoc,
2846 3516 2905 3561 ut
2933 3513 3236 3576 apostatam
3307 3500 3502 3556 lauda-

239 3615 344 3666 ret,
399 3602 532 3673 egit,
585 3603 884 3660 dictionem
936 3618 1086 3662 certe
1130 3610 1441 3680 ambiguam
1474 3611 1706 3681 rejicere
1766 3610 2066 3665 debuisset.
2134 3608 2290 3676 Quod
2324 3607 2546 3677 quidem
2603 3603 2736 3659 alibi
2785 3616 2911 3656 eum
2966 3598 3184 3661 fecisse,
3250 3602 3501 3664 apparet.

240 3698 383 3754 Nam
438 3698 508 3754 de
550 3699 720 3756 verbo
749 3703 985 3771 quodam
1028 3706 1291 3774 probrose
1325 3710 1729 3778 reprehensus,
1754 3708 1809 3763 in
1849 3708 2197 3764 orationibus
2234 3706 2349 3761 suis
2388 3704 2442 3758 id
2476 3702 2713 3758 induxit.

323 3790 480 3845 Ἀλλ’
501 3794 651 3857 ὅπως
674 3794 702 3846 ὁ
727 3795 866 3847 κατά
895 3794 1254 3865 Χριστδνᾶνθ
1266 3816 1444 3868 ρωπος
1467 3798 1822 3867 θεολογεῖται·

2009 3801 2204 3856 Verum
2233 3798 2518 3853 enimvero
2540 3794 2816 3865 quomodo
2863 3792 3119 3847 Christus
3160 3790 3328 3845 homo
3362 3791 3504 3844 lteus

241 3885 341 3936 καὶ
388 3883 465 3945 ὡς
500 3884 558 3935 τὸ
594 3884 696 3954 μὲν
726 3885 1059 3956 φαινόμενον
1091 3887 1376 3957 ἄνθρωπος
1406 3884 1497 3958 ἦν,
1528 3890 1656 3951 Θεὸς
1684 3889 1741 3941 δὲ
1770 3888 1822 3942 τὸ

1930 3908 2152 3963 quoque
2182 3893 2275 3956 sit,
2323 3889 2551 3959 etquod
2584 3889 2638 3942 in
2674 3902 2741 3942 eo
2792 3892 3043 3956 apparet,
3101 3883 3298 3937 homo:
3354 3883 3502 3945 quod

241 3976 549 4044 νοούμενον
569 3994 582 4008 ·
612 3979 708 4031 καὶ
734 3979 902 4048 ἄμφω
933 3982 1096 4035 πάλιν
1142 3983 1291 4044 ὅπως
1345 3984 1463 4035 ἐστὶ
1488 3983 1583 4035 καὶ
1609 3980 1824 4052 ἅνθρω-

239 4084 370 4135 πος,
412 4069 582 4138 ἄμφω
607 4069 823 4141 Γραφαί
856 4089 914 4124 τε
947 4073 1093 4126 θεῖαι
1136 4073 1408 4143 ἁριδήλως
1447 4074 1699 4140 amatam,
1732 4074 1827 4127 καὶ

242 4162 602 4232 Χριστιανῶν
650 4166 848 4229 παῖδες
910 4167 1110 4219 ῐσασιν.
1173 4168 1435 4236 ’Έλληνες
1485 4167 1561 4233 δὲ,
1598 4168 1702 4238 πρὸ
1733 4166 1826 4221 τοῦ

241 4257 574 4322 πιστεῦσαι,
601 4258 722 4320 πῶς
744 4258 811 4311 ἂν
847 4258 1039 4313 εἰδεῖεν
1065 4277 1080 4326 ;
1123 4261 1490 4330 Προσίσεαται
1516 4261 1624 4330 γὰρ
1647 4261 1826 4314 ἐκεῖνο

243 4350 387 4421 θείῳ
434 4351 677 4419 χρησθὲν
720 4351 1040 4421 Πνεῦματι’
1111 4352 1249 4417 Ἐὰν
1291 4353 1377 4421 μὴ
1434 4352 1824 4420 πιστεύσητε,

243 4443 395 4497 οὐδὲ
408 4445 501 4511 μὴ
535 4445 789 4512 συνῆτε.
820 4445 1038 4498 Μᾶλλον
1070 4447 1167 4512 μὲν
1192 4446 1286 4499 οῦν
1316 4447 1513 4509 αὐτοὺς
1544 4448 1639 4499 καὶ
1661 4450 1826 4514 ἐγκα-

243 4537 556 4591 λύπτεσθαι
587 4538 720 4603 ἔδει,
759 4541 995 4602 πολλοὺς
1023 4540 1333 4610 ἀνθρώπων
1365 4540 1787 4601 ἀποθεώσιιντας
1812 4555 1824 4571 ο

1934 3994 2117 4038 autem
2149 3981 2508 4051 intelligentia
2532 3977 2860 4049 percipitur,
2899 3976 3041 4030 Deus
3069 3973 3177 4028 sit:
3199 3984 3255 4028 et
3281 3988 3503 4027 rursum

1931 4078 2207 4147 quomodo
2230 4077 2374 4133 idem
2398 4078 2564 4131 homo
2599 4075 2743 4130 Deus
2764 4072 3015 4134 exsistat,
3038 4077 3332 4138 utrumque
3369 4068 3506 4121 satis

1933 4176 2081 4230 clare
2108 4173 2309 4226 divinae
2335 4168 2896 4230 ostenduntLitterm,
2927 4174 3091 4231 atque
3120 4162 3173 4216 id
3200 4160 3504 4216 Christiani

1932 4276 2153 4323 norunt.
2181 4264 2381 4320 Grrcca:
2399 4273 2577 4316 autem
2595 4257 3006 4330 superstitionis
3028 4257 3290 4315 cultores.
3321 4254 3508 4322 prius.

1931 4375 2094 4432 quam
2126 4357 2373 4419 credant,
2418 4352 2694 4425 quomodo
2742 4352 2795 4406 id
2828 4352 2972 4405 scire
3002 4346 3242 4418 queant?
3306 4344 3508 4400 Obstat

1938 4468 2177 4521 namque
2206 4449 2365 4513 illud,
2405 4447 2552 4517 quod
2583 4445 2758 4501 divini
2789 4443 3028 4512 Spiritus
3050 4441 3277 4496 oraculo
3296 4438 3502 4493 dictutr

1936 4556 2055 4602 cst:
2086 4545 2143 4600 Si
2169 4558 2271 4599 non
2304 4540 2655 4605 credideritis,
2685 4553 2790 4590 non
2816 4534 3121 4599 intelliqetis
3150 4531 3186 4585 ¹.
3221 4530 3362 4596 Quin
3387 4530 3503 4583 illos

243 4634 349 4684 καὶ
378 4632 556 4685 ταῦτα
592 4631 781 4697 τίνας;
827 4633 951 4686 Εἴθε
987 4635 1085 4704 μὲν
1127 4630 1240 4693 οὖν,
1296 4633 1399 4687 κᾶν
1423 4634 1694 4686 εἱὸίκαιοι
1735 4634 1822 4685 κα]

1937 4640 2176 4694 obducta
2211 4646 2383 4700 veste,
2423 4632 2633 4703 pudore
2689 4629 2872 4699 potius
2929 4625 3069 4681 allici
3106 4622 3502 4683 conveniebat,

245 4730 563 4796 σώφρονεςο
622 4728 657 4796 ἢ
694 4727 787 4780 τὸν
818 4730 1021 4797 τρόπον
1054 4746 1117 4796 γε
1152 4724 1292 4798 ἦσαν
1344 4728 1610 4799 χρηστοί·
1650 4727 1744 4779 νῦν
1775 4726 1832 4779 δὲ

243 4818 572 4873 τούναντίον
616 4820 784 4883 ἅπαν,
847 4820 1036 4891 ἀδικίᾳ
1085 4823 1180 4873 καὶ
1223 4821 1364 4891 μέθῃ
1408 4821 1502 4874 καὶ
1537 4818 1830 4889 διαφθορᾷ,

246 4911 550 4979 ζήσαντας.
605 4908 859 4964 Δείκνυσι
888 4909 1047 4963 τοῦτο
1108 4911 1408 4981 Ἡρακλῆς,
1432 4910 1529 4963 καὶ
1558 4891 1855 4974 Διόνυσος,’

247 5004 354 5055 καὶ
398 5003 762 5072 Ἀσκληπιός”
801 5004 926 5056 καθ’
964 4998 1041 5069 [by
1080 5004 1321 5075 συνεχῶς
1363 5006 1534 5075 ὀμνὺς
1568 5003 1829 5068 Λιὸἀνιος

244 5097 358 5148 οὐκ
391 5095 705 5165 αἰσχύνεται
734 5113 747 5127 ·
785 5093 861 5152 ὧν
902 5098 1026 5161 τοὺς
1063 5098 1275 5167 ἔρωτας
1301 5100 1398 5152 καὶ
1437 5099 1535 5170 τὴν
1568 5098 1830 5168 περιττὴν

248 5190 532 5259 φλυαρίαν
562 5191 611 5243 εἰ
639 5192 831 5262 καιρὸς
852 5191 1025 5245 ἐδίδου
1052 5191 1503 5262 ἀπαριθμείσθαι,
1532 5192 1737 5254 πλατὺς
1765 5191 1831 5244 ἂν

250 5287 351 5335 καὶ
381 5283 647 5345 ἄσϐεστος
677 5284 958 5355 ἀνερράγη
996 5285 1170 5352 γέλως
1224 5286 1337 5346 τοῖς
1381 5282 1643 5352 σώφροσι.
1682 5282 1830 5353 Πλὴν

247 5374 565 5444 ἀποχρήσει
596 5378 710 5438 τοῖς
741 5378 1022 5431 ἐθέλουσιν
1056 5377 1131 5441 ὡς
1155 5377 1320 5447 τάχος
1355 5378 1506 5440 ἰδεῖν,
1535 5378 1562 5429 δ
1595 5393 1652 5429 τε
1677 5375 1828 5445 Ἀρι’

252 5470 547 5532 στοῖέλους
572 5471 799 5536 πέπλος,
838 5474 866 5525 ὁ
916 5473 1173 5525 Διονύσου
1214 5472 1504 5540 στέφανος,
1543 5473 1632 5523 καὶ
1676 5474 1703 5522 ὀ
1734 5487 1832 5522 πο-

252 5562 565 5632 λυμνήμων
628 5564 909 5633 Ῥηγίνου,
964 5567 1112 5620 καὶὸ
1143 5565 1525 5635 τῶνποιητῶν
1560 5568 1744 5634 χορὸς.
1783 5561 1831 5613 οἳ

340 5680 355 5709 ⁸
380 5679 461 5736 [sa
518 5697 618 5744 vti,
649 5682 704 5736 9.

1938 4732 2032 4802 qui
2066 4731 2319 4785 homines
2345 4727 2549 4781 multos
2591 4724 2645 4777 in
2681 4721 2910 4775 deorum
2966 4731 3258 4771 numerum
3301 4714 3508 4768 retule-

1938 4824 2073 4885 rint,
2102 4830 2267 4890 atque
2312 4832 2408 4872 eos
2454 4828 2719 4886 quosnam
2754 4810 2979 4881 quaeso?
3007 4806 3318 4876 Optandum
3374 4821 3507 4859 sane

1937 4922 2109 4981 esset,
2139 4913 2317 4983 justos
2344 4923 2439 4963 eos
2466 4916 2523 4961 et
2555 4910 2949 4972 temperantes,
2987 4899 3264 4953 autaliter
3289 4912 3504 4950 morum

1942 5007 2251 5077 integritate
2282 5000 2540 5071 probatos
2570 4997 2759 5051 luisse.
2792 4994 2989 5051 Verum
3018 4991 3299 5048 contraria
3323 4993 3506 5044 omnia

1941 5103 1997 5156 in
2021 5102 2103 5155 cis
2135 5096 2482 5167 reperiuntur
2512 5089 2741 5161 :quippe
2770 5087 2863 5157 qui
2892 5083 3180 5157 injustitia,
3212 5083 3504 5139 ebrietate.

1943 5205 2000 5248 et
2055 5191 2262 5261 stupris
2296 5183 2576 5258 probrosis
2608 5182 2773 5235 vitam
2811 5178 3200 5248 transegerint.
3257 5175 3509 5230 Declarat

1942 5285 2045 5340 hoc
2072 5282 2346 5343 llerculcs,
2379 5277 2689 5347 Dionysius,
2741 5284 2796 5329 et
2833 5271 3213 5339 Esculapius:
3248 5282 3345 5336 per
3369 5280 3507 5332 quo-

1942 5384 2060 5431 rum
2094 5375 2316 5429 numina
2347 5373 2475 5425 dum
2518 5368 2782 5422 Lib-anius
2813 5367 3071 5421 continue
3105 5365 3157 5416 in
3192 5361 3353 5416 libris
3385 5358 3505 5411 suis

1934 5473 2104 5540 jurat,
2136 5483 2243 5520 non
2272 5465 2766 5519 erubescittatnen.
2801 5458 2963 5527 Atqui
3015 5457 3232 5510 illorum
3289 5466 3507 5505 atnorcs

1942 5564 2161 5615 insanos
2186 5567 2241 5613 et
2264 5563 2588 5626 nngatncnta
2650 5553 2775 5617 alia,
2814 5553 2857 5606 si
2909 5563 3006 5619 per
3041 5559 3253 5618 tempus
3301 5546 3507 5600 referre

339 5801 413 5873 (5)
445 5803 669 5865 Κακῶς.
699 5800 776 5856 Ita
808 5802 957 5860 enim
989 5800 1281 5875 legendum
1314 5799 1479 5856 etiam
1510 5798 1657 5867 apud
1691 5797 1846 5854 Socr.
1888 5794 1987 5849 lib.
2029 5809 2110 5858 III,
2143 5805 2262 5858 cap.
2297 5791 2366 5842 :25
