3986 6190
511 277 615 342 567

1692 300 2116 367 NICEPHORI
2158 309 2528 373 CALLISTI'
3616 331 3710 393 [5‘5

510 403 618 456 que
641 398 696 442 et
719 390 894 447 mistte
919 408 1060 448 novo
1090 411 1314 466 prorsus
1348 410 1403 457 et
1427 401 1650 461 insolito
1682 410 1846 464 modo
1906 421 2063 467 natu-

2171 421 2236 488 τῇ
2265 420 2410 491 μάχῃ
2471 419 2565 474 καὶ
2594 420 2703 473 τῶν
2737 421 3008 477 ἀπόντων.
3067 425 3129 478 Οἱ
3175 424 3269 495 μὲν
3305 429 3415 497 γὰρ
3445 430 3596 485 αὐτὸν
3618 437 3711 489 ὑπ’)

510 493 605 533 re.
624 480 827 537 Verum
857 483 1077 556 dignum
1131 504 1351 561 quoque
1383 503 1530 551 tanta
1572 500 1834 557 vecordia
1874 513 1928 558 et
1961 506 2078 558 im-

510 578 848 640 portunilale
876 577 1077 634 exitum
1112 585 1256 640 tulit.
1313 585 1387 642 De
1437 607 1548 660 quo
1599 609 1708 649 non
1737 613 1844 652 una
1902 609 2080 656 exstat

509 661 719 733 Opinio.
757 668 901 736 quod
953 670 1045 726 alii
1100 675 1247 730 aliud
1310 681 1495 737 dicant
1551 695 1606 739 et
1663 687 2073 758 circumferant,

513 761 623 806 tam
656 755 747 823 qui
774 770 967 827 puguze
1012 760 1308 829 alluerunt,
1342 783 1505 837 quam
1544 774 1636 841 qui
1669 775 1741 830 ab
1774 792 1834 832 ea
1864 755 2079 847 longius

510 845 826 901 abfuerunt.
850 848 1106 919 Quidam,
1136 871 1163 908 a
1193 857 1372 913 Persis
1397 877 1521 916 eum
1551 865 1731 933 jaculo
1759 870 2076 926 confossum

507 952 627 991 esse
656 939 868 1006 dicunt,
909 958 1032 997 cum
1072 956 1277 1002 temere
1309 951 1691 1023 incompositis
1727 962 2073 1017 excursioni-

506 1024 632 1091 bus,
665 1043 774 1083 non
808 1031 926 1086 sine
950 1035 1247 1092 stoliditate
1271 1055 1416 1097 nunc
1444 1043 1550 1098 huc
1576 1060 1723 1100 nunc
1760 1048 1889 1103 illuc
1919 1066 2076 1120 pere—

511 1116 757 1184 quitans,
795 1129 1066 1176 uteretur.
1100 1124 1236 1180 Sunt
1269 1130 1360 1196 qui
1393 1131 1497 1186 tale
1513 1134 1771 1202 quiddam
1795 1138 1859 1192 de
1879 1116 1944 1194 eo
1965 1155 2076 1196 me-

505 1218 744 1264 morant.
772 1211 829 1265 ln
859 1216 1132 1270 tumulum
1163 1234 1289 1272 eum
1321 1222 1612 1280 editiorem
1660 1232 2071 1297 conscendisse,

510 1309 569 1353 nt
598 1303 755 1371 quasi
782 1319 812 1358 e
846 1309 1064 1375 specula
1092 1312 1393 1368 exercitum
1428 1316 1712 1385 lustraret,
1738 1332 2072 1392 etquantum

507 1406 661 1446 exeo
687 1393 833 1449 bello
871 1399 1151 1467 copiarum
1187 1415 1522 1472 superesset,
1565 1422 1942 1480 cognosceret.
1982 1415 2077 1469 At-

509 1497 617 1550 que
675 1499 799 1538 cum
830 1488 1024 1557 ingens
1060 1490 1134 1556 ei,
1171 1507 1378 1565 speque
1396 1498 1533 1553 adeo
1554 1516 1649 1555 sua
1675 1504 1910 1572 amplior
1937 1507 2075 1560 mul-

508 1575 687 1629 titudo
739 1592 860 1633 esse
898 1583 1009 1636 visa
1059 1594 1228 1651 esset,
1291 1588 1366 1642 ita
1416 1605 1540 1645 eum
1603 1593 1840 1651 dixisse:
1900 1598 2072 1664 Quam

503 1682 669 1735 grave
702 1668 948 1724 futurum
983 1678 1151 1739 est,si
1203 1693 1396 1735 omnes
1447 1683 1533 1737 isti
1588 1685 1642 1739 in
1699 1687 2071 1745 Romanorum

2186 502 2410 575 Περσῶν
2451 509 2884 583 κκατηκοντίσθαι
2945 512 3108 577 φασιν
3159 512 3417 577 ἀτάκτοις
3453 518 3714 587 ἐκδρομαῖς

2182 592 2487 663 χρώμενον,
2520 598 2613 649 καὶ
2649 596 2876 667 ᾄττοντα
2898 598 3023 670 τῇδε
3051 602 3273 654 κάκεῖσε
3301 610 3396 656 σὺν
3425 606 3681 681 ἐμπληξῖᾳ
3699 629 3712 644 ·

2180 688 2227 738 oi
2260 687 2315 738 δὲ
2340 687 2581 741 τοιοῦτόν
2608 706 2730 742 τινα
2761 691 2846 741 ἐπ’
2871 691 3018 760 αὐτῷ
3048 692 3363 761 διηγοῦνται
3394 696 3548 763 λόγον
3567 716 3581 731 ο
3608 700 3716 754 Ἐπί

2179 791 2299 828 τινα
2340 776 2505 846 λόφον
2536 778 2644 831 τῶν
2686 779 2907 849 ὑψηλῶν
2960 782 3219 847 ἀνελθὼν,
3255 783 3329 848 ὡς
3362 787 3426 837 ὲκ
3456 793 3715 857 περιωπῆς

2178 868 2269 920 τὸν
2318 871 2551 940 στρατὸν
2609 870 2731 940 ὄψει
2786 872 2993 937 λαϐεῖν,
3029 873 3124 925 καὶ
3161 874 3284 937 ὅσος
3346 875 3632 949 ὑπελείφθη
3653 882 3716 948 τῷ

2181 957 2408 1027 πολέμῳ
2442 959 2650 1026 μαθεῖν.
2700 963 2918 1033 Ἐπειδὴ
2945 964 2995 1016 οἱ
3024 964 3259 1032 φανῆναι
3292 966 3429 1020 πολὺ
3459 969 3517 1021 τὸ
3542 970 3715 1040 πλῆθος

2179 1048 2273 1102 καὶ
2298 1049 2396 1117 τῆς
2427 1051 2640 1114 ἐλπίδος
2677 1054 3081 1127 ἀφθονώτερον,
3128 1057 3218 1119 Ὠς
3248 1058 3443 1124 δεινὸν,
3465 1063 3648 1123 είττεῖν,
3675 1067 3716 1115 εί

2181 1139 2390 1202 πάντας
2427 1144 2491 1212 τῇ
2554 1143 2841 1213 Ῥωμαίων
2873 1149 2943 1217 γῇ
2995 1146 3208 1210 τούτοις
3257 1151 3717 1216 ὲπανάξομεν’ὠς

2178 1231 2244 1285 ἄν
2274 1247 2357 1294 τις
2383 1230 2690 1299 βασκαίνων
2715 1237 2899 1296 αὐτοῖς
2924 1236 3024 1306 τῆς
3054 1239 3352 1308 σωτηρίας.
3394 1240 3509 1306 Ἐφ’
3541 1234 3582 1307 ᾧ
3615 1259 3717 1293 τινα

2177 1322 2289 1374 τῶν
2355 1325 2707 1394 στρατιωτῶν
2750 1326 3134 1397 χαλεπήναντα
3164 1331 3260 1382 καὶ
3308 1330 3371 1382 ού
3402 1332 3716 1400 κατασχόντα
3802 1392 3833 1405 Α,

2178 1413 2277 1484 τὴν
2305 1413 2496 1486 ὀργὴν,
2551 1432 2691 1468 ωσαι
2748 1418 2889 1471 κατὰ
2936 1420 3045 1472 τῶν
3102 1421 3432 1490 σπλάγχνων
3463 1422 3522 1473 τὸ
3568 1422 3714 1490 ξίφος,

2178 1504 2524 1575 ἀλογήσαντα
2576 1508 2677 1577 τῆς
2707 1510 3004 1579 σωτηρίας.
3075 1511 3167 1574 Ὠς
3204 1511 3259 1564 δὲ
3294 1512 3449 1566 ἄλλοι
3515 1514 3616 1565 τῶν
3644 1531 3717 1580 γε-

2177 1594 2442 1650 λοιαστῶν
2490 1598 2790 1669 βαρϐάρων
2848 1602 2974 1655 τινὰ
3022 1601 3183 1655 τοῦτο
3212 1605 3518 1673 τολμῆσαι·
3547 1605 3595 1657 οἶ
3623 1607 3713 1666 τοῖς

2180 1682 2540 1756 στρατιώταις
2560 1690 2811 1755 ἕπονται,
2843 1689 3023 1759 λύπης
3058 1709 3118 1744 τε
3146 1692 3479 1761 ψυχαγωγία
3527 1696 3617 1747 καὶ
3639 1695 3716 1748 πό-

504 1760 768 1816 ditionem
799 1766 1172 1823 reducentur?
1197 1772 1315 1837 Quo
1338 1775 1460 1844 ejus
1480 1778 1673 1843 verbo,
1695 1788 1948 1851 tauquam
1964 1785 2063 1839 illis

2176 1755 2290 1840 τοις
2337 1778 2579 1847 ἥδυσμα,
2639 1781 2760 1833 Elei.
2820 1781 2878 1834 δὲ
2924 1755 3107 1835 οἳ-καὶ
3160 1755 3506 1854 Σαίρακηνῶν
3534 1803 3631 1838 τινι
3669 1788 3717 1839 τὸ

502 1850 734 1905 salutem
773 1854 1071 1913 invidentis
1104 1861 1334 1917 militem
1360 1868 1655 1934 quemdam
1688 1873 1782 1939 qui
1807 1850 1864 1927 id
1910 1889 2071 1929 exce-

482 1934 605 2011 pit,
637 1954 995 2012 commotum,
1042 1950 1187 2017 quod
1238 1953 1375 2008 iram
1415 1971 1528 2010 non
1583 1934 1874 2028 perferret,
1922 1966 2066 2020 nulla

505 2029 698 2085 salutis
729 2046 842 2089 sua:
879 2038 1093 2093 ratione
1137 2040 1345 2109 habita,
1374 2059 1506 2100 ense
1540 2047 1686 2104 latus
1716 2052 1834 2121 ejus
1884 2056 2065 2123 perfo-

502 2118 652 2176 disse
687 2122 784 2193 (l).
818 2126 922 2180 Alii
951 2143 1119 2198 porro
1143 2131 1193 2185 id
1227 2148 1422 2190 ausum
1452 2152 1576 2194 esse
1603 2118 1814 2207 dicunt,
1839 2118 1905 2199 es
1937 2145 2068 2199 Bar-

501 2208 960 2271 barisridiculum
998 2222 1292 2289 quemdam
1359 2243 1427 2281 ex
1482 2229 1563 2285 eis
1615 2232 1912 2301 hominem,
1973 2238 2065 2306 qui

500 2303 829 2373 exercitum,
851 2317 913 2363 ut
944 2310 995 2363 in
1024 2328 1261 2371 mmrore
1296 2319 1512 2387 solatio,
1548 2331 1602 2377 et
1629 2324 1681 2377 in
1711 2331 2067 2396 compotatio-

502 2392 668 2448 nibus
717 2395 957 2454 ludibrio
988 2403 1118 2467 sint,
1150 2407 1307 2475 sequi
1358 2409 1554 2465 solent.
1588 2392 1853 2471 Nonnulli
1898 2419 2064 2474 etiam

500 2483 671 2540 caedis
705 2488 825 2557 ejus
845 2489 1064 2546 laudem
1096 2493 1370 2552 Saraceno
1393 2501 1608 2558 cuidam
1645 2506 1916 2563 tribuunt.
1956 2510 2064 2580 93

499 2574 700 2631 Verum
743 2590 1023 2652 utcunque
1078 2600 1139 2640 se
1192 2603 1278 2643 res
1333 2591 1555 2659 habeat,
1599 2596 1799 2653 vulnus
1847 2600 2065 2669 quidem

497 2676 649 2723 certe
684 2670 775 2726 ille
825 2673 1027 2730 lethale
1062 2680 1296 2750 accepit,
1335 2684 1456 2738 orbi
1486 2689 1745 2743 universo
1780 2690 1960 2746 laetum
2013 2706 2066 2750 et

496 2760 760 2817 salutare.
794 2763 863 2818 Et
893 2767 1001 2821 ictu
1038 2784 1148 2824 uno
1174 2773 1473 2829 multorum
1531 2789 1807 2845 extorum,
1866 2784 2069 2853 quibus

495 2853 638 2909 male
665 2855 994 2925 crediderat,
1018 2863 1280 2930 persolvit
1315 2881 1525 2934 pcenas.
1558 2869 1755 2926 Mirum
1784 2888 1916 2929 sane
1960 2887 2062 2940 est,

495 2947 778 3013 quomodo
814 2963 989 3006 vanus
1025 2953 1143 3019 ille,
1168 2956 1264 3024 qui
1315 2973 1414 3026 per
1462 2963 1832 3031 aruspicinam
1882 2969 2065 3023 omnia

490 3050 553 3090 se
582 3052 746 3092 nosse
773 3043 1004 3108 putavit,
1027 3058 1196 3099 unum
1247 3047 1373 3113 hoc,
1399 3051 1611 3120 plagam
1670 3055 1880 3110 scilicet
1908 3068 2059 3111 exto-
2092 3086 2134 3142 ο

493 3144 616 3182 rum
641 3140 693 3184 et
717 3131 989 3187 viscerum
1018 3149 1242 3191 suorum
1272 3154 1380 3193 non
1401 3146 1765 3213 perspexerit.
1790 3146 2060 3203 Caeterum

496 3222 633 3276 illud
661 3238 883 3293 quoque
909 3226 1153 3284 hominis
1188 3228 1392 3286 factum
1452 3235 1677 3291 minime
1728 3249 2062 3308 praetereun-

491 3313 626 3367 dum
660 3315 897 3380 videtur,
924 3319 1069 3388 quod
1101 3319 1246 3375 inter
1272 3324 1377 3378 alia
1415 3326 1583 3380 multa
1630 3330 1923 3385 maximum
1952 3332 2063 3386 de-

493 3406 759 3461 moniacw
790 3407 961 3476 ipsius
1005 3415 1207 3468 mentis
1257 3424 1344 3470 est
1399 3414 1686 3474 indicium.
1745 3420 1968 3476 Jacebat
2006 3425 2060 3477 in

493 3498 967 3567 ﬂuminislittorc,
994 3505 1234 3573 graviter
1271 3522 1339 3560 ex
1394 3509 1627 3564 vulnere
1680 3512 1960 3578 laborans,
2006 3524 2063 3569 et

489 3590 634 3657 quod
663 3592 864 3647 multos
884 3603 1011 3649 ante
1028 3609 1087 3649 se
1110 3596 1339 3665 gloriam
1365 3613 1488 3654 esse
1514 3613 1843 3659 consecutos
1869 3606 2059 3671 sciret,

489 3684 562 3736 ita
599 3694 657 3738 ut
691 3685 815 3753 plus
844 3700 1006 3755 quam
1038 3688 1296 3745 homines
1321 3699 1487 3762 atque
1511 3694 1652 3749 adeo
1681 3695 1756 3750 dii
1782 3712 1903 3752 esse
1944 3712 2061 3753 cre-

487 3775 587 3829 diti
611 3777 744 3841 sint,
771 3788 1062 3849 prepterea
1089 3783 1236 3851 quod
1263 3794 1381 3840 arte
1407 3788 1666 3858 quapiam
1684 3805 1753 3844 ex
1772 3790 2057 3846 hominum

489 3881 724 3921 iit-mero
740 3869 942 3925 sublati
976 3869 1229 3928 fuerint:
1264 3877 1608 3947 ejuscemodi
1638 3880 1831 3951 etipse
1881 3882 2058 3939 laudis

485 3969 651 4030 atque
679 3961 953 4030 opinionis
997 3978 1183 4019 amere
1248 3976 1461 4036 captus,
1511 3970 1675 4026 simul
1728 3972 1875 4041 quod
1924 3991 2054 4038 eum

488 4053 808 4123 huiusmodi
838 4056 1032 4111 mortis
1061 4058 1278 4125 generis
1304 4068 1361 4113 ct
1383 4061 1766 4131 turpitudinis,
1813 4065 1867 4118 in
1891 4082 2053 4135 quam

488 4162 589 4214 per
619 4147 988 4201 inconsultam
1024 4150 1394 4205 temeritatem
1440 4152 1733 4220 inciderat,
1787 4156 2052 4225 puderet:

484 4237 617 4306 quid
652 4252 784 4307 rogo
815 4239 1060 4304 molitur,
1088 4249 1144 4294 et
1173 4242 1305 4310 quid
1338 4244 1451 4313 agit
1481 4246 1504 4298 ?
1533 4262 1711 4317 neque
1738 4252 1886 4304 enim
1928 4266 2053 4306 cum

479 4334 594 4386 vita
620 4333 786 4386 etiam
835 4332 1163 4402 improbitas
1199 4337 1589 4407 extinguitur.
1650 4340 1934 4412 Conjicere
1994 4359 2052 4399 se

2172 1868 2328 1930 κλέος
2364 1868 2525 1923 τοῦτο
2553 1871 2780 1928 διδόασι.
2838 1874 2986 1944 Πλὴν
3011 1876 3228 1946 δέχεται
3266 1879 3486 1948 πληγὴν
3519 1900 3619 1948 λα,
3652 1883 3716 1930 ἰν

2168 1955 2337 2018 ὅντως
2359 1957 2457 2027 καὶ
2484 1961 2649 2013 παντὶ
2670 1960 2751 2030 τῷ
2773 1961 2965 2030 κόσμῳ
2990 1966 3258 2033 σωτήριον
3278 1982 3292 1996 ο
3333 1968 3427 2017 καὶ
3451 1968 3544 2036 μιᾷ
3562 1967 3714 2037 τόλμῃ

2170 2047 2380 2101 πολλῶν
2411 2049 2735 2119 σπλάγχνων
2770 2052 3084 2106 ἀπαιτεῖται
3110 2056 3268 2123 δίκην
3308 2056 3497 2119 κακῶς
3516 2074 3715 2110 πιστευ-

2170 2135 2395 2189 θέντων.
2435 2136 2498 2188 Ὃ
2546 2139 2639 2190 καὶ
2679 2137 2970 2207 θαυμάζω,
3004 2141 3127 2204 πῶς
3166 2142 3356 2195 πάντα
3394 2142 3714 2211 γινώσκεινὸ

2175 2227 2400 2296 μάταιος
2436 2228 2691 2282 ἐντεῦθεν
2723 2230 2997 2300 οἰόμενος,
3025 2230 3083 2284 ἒν
3112 2231 3292 2298 τοῦτο,
3325 2234 3427 2300 τὴν
3460 2233 3575 2286 καθ’
3603 2236 3714 2288 ἐαυ-

2169 2322 2260 2373 τοῦ
2293 2320 2617 2391 σπλάγχνων
2667 2321 2883 2393 πληγὴν
2942 2324 3239 2393 ἠγνόησεν.
3304 2324 3490 2389 Ἄξιον
3508 2325 3561 2378 δὲ
3598 2326 3712 2397 μηδὲ

2169 2412 2325 2466 τοῦτο
2354 2413 2741 2485 παραδραμεῖν
2769 2416 2865 2469 τοῦ
2883 2416 3096 2486 ἀνδρὸς,
3154 2417 3430 2488 μεγίστην
3462 2419 3554 2489 τῆς
3584 2420 3713 2470 ἑκεί-

2170 2521 2261 2558 νου
2315 2505 2745 2576 κακοδαιμονίας
2798 2507 2896 2559 ὲπὶ
2965 2509 3179 2572 πολλοῖς
3253 2509 3383 2577 ἔχων
3440 2512 3709 2575 ἀπόδειξιν.

2172 2596 2387 2648 Ἐκειτο
2421 2598 2519 2667 μὲν
2549 2599 2641 2650 ἐπὶ
2664 2601 2728 2669 τῇ
2761 2597 2893 2668 ὄχθῃ
2920 2597 3016 2651 τοῦ
3057 2601 3335 2669 ποταμοῦ,
3365 2604 3459 2654 καὶ
3496 2622 3523 2652 .:
3560 2608 3713 2669 νῄρως

2166 2684 2277 2757 εἶχε
2311 2687 2407 2740 τοῦ
2461 2691 2802 2761 τραύματος.
2859 2691 3097 2754 Πολλοὺς
3153 2691 3210 2745 δὲ
3276 2692 3440 2756 εἰδὼς
3488 2696 3588 2746 τῶν
3624 2693 3716 2762 πρὸ

2167 2778 2332 2830 αὐτοῦ
2361 2778 2521 2848 δόξης
2547 2780 2890 2849 ἠξιωμένων,
2923 2780 3001 2841 ὡς
3029 2782 3096 2834 ἂν
3132 2782 3274 2853 ὑπὲρ
3334 2783 3611 2852 ἄνθρωπον
3636 2799 3708 2834 vo-

2173 2870 2435 2938 μισθεῖεν,
2469 2873 2687 2942 τέχναις
2708 2874 2853 2926 τισὶν
2888 2874 2950 2938 ἐξ
2981 2873 3292 2946 ἀνθρώπων
3316 2876 3709 2946 ἁφανισθέντας,

2168 2961 2262 3011 καὶ
2289 2958 2377 3012 διὰ
2408 2958 2570 3014 τοῦτο
2620 2960 2780 3022 θεοὺς
2816 2961 3197 3031 νομισθέντας,
3236 2962 3408 3036 ἔρωτι
3449 2964 3544 3034 τῆς
3569 2963 3715 3016 αὑτοῦ

2166 3049 2323 3121 δόξης
2347 3049 2627 3116 ἑαλωκὼς,
2692 3052 2789 3105 καὶ
2817 3052 2934 3123 ἅμα
2972 3053 3052 3124 τῷ
3106 3055 3298 3126 τρόπῳ
3349 3056 3453 3126 τῆς
3480 3054 3716 3124 τελευτῆς

2167 3139 2256 3192 διὰ
2285 3142 2348 3193 τὸ
2369 3141 2469 3211 τῆς
2496 3141 2756 3217 ἀϐουλίας
2806 3144 2997 3211 ἄδοξον
3027 3145 3449 3215 αἰσχυνόμενος,
3480 3148 3529 3200 τί
3557 3163 3714 3217 μηχα-

2167 3235 2324 3286 νᾶται
2347 3235 2441 3286 καὶ
2466 3214 2516 3286 τί
2554 3237 2735 3302 ποιεῖς
2793 3236 2918 3289 οὐδὲ
2948 3238 3058 3308 γὰρ
3091 3238 3171 3307 τῷ
3348 3239 3713 3294 συναναλίσκε-

2163 3345 2253 3381 ται
2279 3328 2535 3398 πονηρία.
2579 3328 2764 3398 Ῥίψαι
2799 3330 2946 3385 κατὰ
2968 3330 3065 3384 τοῦ
3094 3333 3349 3403 ποταμοῦ
3392 3334 3640 3403 πειρᾶται
3662 3334 3714 3383 τὺ

2167 3418 2327 3490 σῶμα
2346 3435 2361 3451 ο
2393 3422 2487 3474 καὶ
2512 3422 2648 3493 πρὸς
2676 3423 2838 3476 τοῦτο
2868 3423 3072 3495 ἐχρῆτο
3100 3441 3212 3478 τισι
3238 3427 3350 3481 τῶν
3384 3426 3585 3480 πιστῶν
3605 3426 3715 3478 ἑαυ-

2162 3510 2242 3581 τῷ
2277 3516 2562 3583 συνεργοῖς
2588 3513 2683 3566 καὶ
2720 3514 2954 3584 μύσταις
2983 3515 3093 3569 τῶν
3124 3518 3484 3589 ἀπορρήτων.
3543 3518 3640 3570 Καὶ
3668 3517 3711 3567 εί

2170 3606 2244 3674 μὴ
2272 3605 2380 3657 τῶν
2420 3605 2716 3682 βασιλικῶν
2768 3608 3041 3679 εὐνούχων
3068 3627 3154 3673 τις
3197 3612 3256 3665 τὸ
3282 3614 3519 3683 πρᾶγμα
3547 3611 3711 3665 αἰσθό-

2165 3713 2346 3764 μενος,
2380 3699 2474 3752 καὶ
2500 3700 2613 3762 τοῖς
2642 3699 2826 3763 ἄλλοις
2848 3701 3274 3771 καταμηνύσας,
3320 3704 3471 3774 μίσει
3500 3702 3588 3756 τοῦ
3617 3719 3707 3755 κα-

2112 3859 2123 3867 _
2163 3790 2368 3856 κουργή
2381 3806 2549 3858 ματος
2578 3790 2678 3861 τὴν
2706 3790 2886 3862 ὁρμὴν
2914 3791 3239 3860 διεκώλυσε,
3271 3797 3383 3851 κᾶν
3421 3797 3585 3865 ἐφάνη
3610 3796 3707 3853 τοῖς

2162 3876 2409 3946 ἀνοήτοις
2430 3877 2563 3941 Θεὸς
2588 3880 2715 3942 ’νέος
2741 3880 2800 3945 ἐξ
2824 3882 3181 3952 ἀτυχήματος
3204 3900 3219 3917 ⁶
3248 3887 3320 3940 τὰ
3352 3886 3398 3939 δ’
3422 3888 3543 3957 ἑξῆς
3567 3889 3705 3955 μῖμοί

2160 3966 2385 4033 γελοίων
2419 3964 2554 4039 ἦγον
2588 3970 2770 4034 αὐτὸν,
2797 3973 3017 4036 καὶτοῖς
3039 3975 3145 4028 ἀπὸ
3168 3979 3266 4047 τῆς
3299 3979 3504 4047 σκηνῆς
3534 3979 3702 4046 αἴσχε-

2160 4077 2244 4112 σιν
2269 4061 2615 4130 ὲπομπεύετο
2646 4064 3089 4136 καταυλούμενος
3133 4084 3192 4121 τε
3227 4073 3326 4122 καὶ
3355 4068 3704 4142 κατορχούμε-

2158 4168 2269 4215 νος,
2290 4152 2383 4205 καὶ
2404 4153 2503 4225 τὴν
2527 4154 2758 4224 ἄρνησιν
2784 4159 2876 4209 καὶ
2897 4157 2994 4230 τὴν
3011 4153 3182 4229 ἧτταν
3203 4161 3297 4214 καὶ
3320 4162 3382 4215 τὸ
3400 4163 3551 4225 τέλος
3579 4162 3707 4213 ὀνει-

2158 4248 2458 4319 διζόμενος.
2497 4250 2608 4302 Καὶ
2631 4250 2684 4303 τί
2711 4251 2819 4322 γὰρ
2844 4253 2904 4305 οὐ
2930 4256 3159 4324 πάσχων
3206 4258 3401 4323 κακὸν,
3456 4257 3582 4311 τίδὲ
3615 4257 3702 4310 οὐκ

2158 4340 2396 4403 ἀκούων,
2411 4338 2490 4404 οἷς
2509 4342 2559 4394 oi
2574 4341 2809 4396 τοιοῦτοι
2826 4347 3216 4411 νεανιεύονται,
3236 4350 3434 4422 τέχνην
3451 4352 3547 4421 τὴν
3562 4348 3702 4419 ὖόριν

482 4428 535 4478 in
561 4439 778 4479 amnem
830 4433 1094 4480 conatur:
1157 4428 1210 4480 in
1262 4438 1445 4499 coapto
1499 4440 1605 4485 tam
1666 4448 1870 4490 arcano
1927 4437 2053 4492 fidis

2165 4433 2376 4503 ἔχοντες
2397 4449 2413 4497 ;
2441 4432 2544 4496 ἕως
2563 4435 2595 4505 ἡ
2623 4435 2882 4504 Ταρσέων
2901 4437 3062 4493 αὐτὸν
3079 4418 3403 4512 ὑποδέχεται
3427 4418 3594 4506 πόλις,
3613 4418 3700 4494 οὐκ

478 4515 810 4583 quihusdam
866 4516 1235 4587 adjutoribus,
1279 4529 1335 4574 et
1378 4522 1606 4590 perinde
1652 4536 1816 4595 atque
1866 4527 1918 4580 in
1993 4544 2050 4583 re

477 4609 730 4679 quapiam
788 4609 996 4677 divina,
1050 4612 1434 4669 sacerdotibus
1498 4631 1650 4670 usus.
1714 4618 1781 4671 Et
1841 4619 1945 4672 nisi
1980 4635 2047 4674 ex

477 4700 862 4769 imperialibus
892 4704 1168 4759 eunuchis
1199 4706 1426 4774 quidam
1459 4709 1695 4763 consilio
1752 4723 1819 4764 eo
1848 4709 2043 4780 depre-

2157 4522 2255 4577 οἷδ’
2279 4526 2425 4588 ὅπως
2459 4530 2553 4578 καὶ
2596 4526 2713 4579 ἀνθ’
2765 4527 2889 4580 ὅτου
2920 4528 3018 4598 τὴν
3048 4530 3205 4603 ὕϐριν
3229 4551 3433 4605 ταυτην
3466 4550 3704 4603 κατακρι-

2158 4614 2332 4671 θεῖσα.
2346 4616 2518 4670 Ἔνθα
2533 4618 2588 4671 δέ
2608 4619 2656 4670 οί
2683 4620 2905 4691 τέμενος
2921 4620 3116 4691 ἄτιμον
3132 4625 3229 4678 καὶ
3248 4628 3417 4696 τάφος
3441 4626 3700 4693 ἐξάγιστος

2158 4709 2254 4761 καί
2275 4708 2649 4778 ἀπόπτυστος,
2670 4713 2765 4765 καὶ
2786 4712 2905 4765 οὐδὲ
2931 4712 3121 4778 θεατὸς
3141 4716 3383 4770 εὐσεϐῶν
3410 4718 3610 4787 ὄψεσιν
3627 4717 3696 4778 ὡς

474 4797 672 4858 henso,
720 4796 954 4865 aliisque
986 4808 1212 4868 pmpter
1245 4796 1434 4867 ﬂagitii
1495 4799 1681 4855 odium
1739 4805 2049 4858 communi-

2165 4799 2212 4854 se
2240 4801 2351 4869 ἐγώ
2374 4819 2523 4865 τινος
2541 4803 2773 4871 ἥκουσα,
2796 4806 2931 4875 μηδὲ
2946 4805 3023 4876 τῷ
3047 4807 3205 4878 τάφῳ
3233 4809 3697 4880 προσλαμϐανόμε-

473 4898 617 4950 cato,
652 4887 915 4958 impetum
948 4890 1111 4944 talem
1168 4890 1566 4960 prohibuisset,
1615 4894 1913 4949 exstitisset
1976 4911 2043 4950 ex

475 4993 539 5032 ca
568 4978 725 5033 clade
756 4980 900 5049 apud
935 4982 1220 5050 imperitos
1245 4982 1503 5039 homines
1538 5000 1713 5039 novus
1774 4986 1937 5041 Deus.
1980 4989 2049 5041 Et

473 5086 599 5142 qua:
625 5070 824 5127 deinde
852 5083 1196 5142 sequuntur:
1227 5085 1501 5130 mortuum
1534 5079 1842 5132 cum‘mimi
1873 5089 1926 5132 et
1950 5079 2048 5132 ho-

471 5164 652 5219 mines
706 5163 949 5239 ridiculi,
977 5181 1100 5219 cum
1129 5168 1277 5221 omni
1329 5168 1544 5222 scenica
1585 5169 1833 5224 fteditate
1874 5172 2047 5225 duxe-

2155 4910 2269 4959 νος,
2287 4893 2401 4946 ἀλλ’
2419 4895 2524 4949 ὑπὸ
2551 4895 2651 4965 τῆς
2666 4898 2975 4967 σεισθείσης
2990 4897 3059 4952 δι’
3081 4901 3248 4954 αὑτοῦ
3267 4905 3368 4972 γῆς
3390 4903 3693 4969 ἀποσειόμεο

2108 5020 2112 5025 λ
2154 5003 2242 5049 νος
2259 4987 2353 5039 καὶ
2383 4986 2860 5058 ἁναόρασσόμενος
2881 5006 2894 5019 °
2930 4991 3218 5062 προοίμιον
3249 4993 3346 5062 τῆς
3366 4997 3541 5048 ἐκεῖσε
3562 4988 3692 5060 οἶμαι

2146 5079 2442 5142 κολάσεως.
2463 5079 2520 5133 Ὀ
2542 5081 2640 5149 μὲν
2656 5077 2750 5134 οὖν
2767 5081 2908 5136 οὕτω
2931 5082 3282 5153 βασιλεύσας,
3306 5085 3447 5140 οὕτω
3472 5087 3525 5139 δὲ
3548 5100 3691 5154 στρα-

2145 5172 2411 5241 τηγήσας,
2450 5171 2591 5225 οὕτω
2614 5174 2710 5226 καὶ
2740 5173 2831 5226 τὸν
2860 5174 2977 5244 βίον
3010 5176 3255 5247 αἰσχρῶς
3281 5176 3607 5230 καταλείπει.
3644 5191 3660 5222 ι

471 5265 622 5323 runt,
656 5258 929 5327 funusque
961 5260 1078 5328 ejus
1099 5262 1374 5328 prosecuti
1404 5273 1555 5325 sunt,
1616 5263 1766 5316 tibiis
1829 5274 2111 5326 canentes,
2153 5274 2209 5318 et
2255 5265 2588 5332 saltitantes,
2663 5266 3049 5337 religionisque
3100 5270 3521 5339 abjurationetn,
3573 5264 3685 5321 belli

469 5351 704 5416 cladem,
732 5362 789 5407 et
819 5360 1052 5408 mortem
1086 5355 1256 5422 ipsam
1287 5355 1545 5423 probrose
1604 5357 1654 5411 ci
1687 5358 2031 5427 objicientes.
2076 5360 2213 5426 Quid
2265 5363 2411 5416 enim
2480 5363 2605 5416 mali
2677 5380 2868 5432 passus
2908 5381 3015 5419 non
3077 5366 3197 5420 est?
3231 5365 3358 5436 quid
3420 5379 3545 5419 vero
3590 5375 3683 5415 non

470 5439 894 5497 audivitearum
916 5457 1125 5507 rerum,
1162 5458 1298 5513 quas
1327 5458 1525 5527 genus_
1556 5444 1609 5498 id
1687 5447 1968 5503 hominum
2021 5451 2340 5517 juvenilitcr
2405 5456 2610 5509 audet?
2660 5460 2806 5526 quod
2868 5458 3122 5529 iniuriam
3190 5476 3290 5530 pro
3339 5471 3451 5514 arte
3512 5457 3681 5511 habet:

2149 5591 2522 5673 obequitaret.
2566 5610 2659 5650 eas
2698 5595 2765 5649 ad
2819 5594 3201 5651 fortitudinem
3259 5590 3595 5673 cohortando,
3623 5598 3703 5673 εξ

2151 5665 2446 5739 improviso
2499 5665 2662 5739 hasta
2687 5682 3008 5739 percussum
3042 5682 3163 5723 esse
3192 5685 3312 5739 qua:
3344 5664 3607 5721 brachium
3633 5667 3684 5712 ει

2147 5733 2288 5786 latus
2321 5734 2440 5803 cjus
2478 5733 2799 5802 perl‘oderit.

541 5577 621 5647 (l)
660 5580 816 5656 Apud
844 5583 1128 5656 Socratem
1162 5593 1265 5649 est,
1296 5584 1575 5639 lulianum
1602 5601 1744 5656 equo
1797 5587 2042 5643 insiden~

474 5651 947 5725 tctn_._ct_quid_em
998 5664 1222 5724 propter
1268 5672 1453 5709 rerum
1487 5651 1851 5712 secundarum
1884 5676 2034 5725 spem

470 5722 529 5769 et
557 5714 815 5772 ﬁduciam
847 5714 1135 5793 inermem,
1160 5740 1283 5779 cum
1320 5727 1525 5782 circqu
1554 5728 1820 5785 militares
1854 5714 2037 5798 co'pias
