3986 6190
353 307 459 370 589
1279 308 1881 371 ECCLESIASTICA’.
1921 312 2305 375 HISTORLE
2345 317 2492 377 LIB.
2528 315 2579 378 Χ
3491 322 3596 381 5'0

352 419 532 475 donec
556 433 683 475 eum
712 417 1005 476 Tarsensis
1030 422 1160 478 urbs
1179 425 1415 493 excepit,
1450 426 1637 479 nescio
1665 425 1959 494 quomodo,
2004 438 2098 481 aut
2123 445 2285 498 quam
2343 430 2414 485 ob
2442 444 2663 485 causam
2702 428 2768 484 ad
2802 429 3191 485 contumeliam
3245 429 3405 484 talem
3460 447 3594 487 con-

351 520 631 572 demnata.
691 519 770 577 lbi
825 519 915 573 ille
959 521 1228 575 tumulum
1300 522 1465 576 habet
1525 522 1908 575 inhonoratum
1947 533 2003 578 et
2055 525 2368 594 sepulcrum
2426 526 2822 581 exsecrandum
2853 527 3089 581 maxime
3114 526 3589 593 etdespuendum,

351 625 535 679 neque
561 612 636 681 pii
671 613 907 681 alicujus
935 614 1114 668 oculis
1155 615 1634 683 conspiciendum.
1670 615 1738 668 Et
1763 617 1921 670 siculi
1966 632 2068 685 ego
2136 617 2357 686 quidem
2397 618 2465 672 de
2528 618 2785 687 quoniam
2806 618 3013 683 audivi,
3037 634 3106 673 ne
3134 620 3445 687 sepulcrum
3476 619 3597 684 qui-

350 702 475 757 dem
505 721 631 759 enm
661 707 1110 775 recepitzvernm
1138 724 1258 779 quae
1284 709 1402 778 ejus
1432 724 1591 765 causa
1623 720 1891 765 commota
1931 721 2017 765 est
2058 721 2228 777 terra,
2297 712 2529 767 cadaver
2582 713 2702 781 ejus
2740 712 3016 767 “excussit
3063 720 3228 780 atque
3290 711 3500 780 rejecit,
3541 722 3597 764 ut

350 795 456 852 hoc
486 800 559 852 sit
600 798 909 854 futurorum
933 802 1330 871 suppliciorum
1360 804 1517 871 quasi
1550 804 1822 873 quoddam
1856 804 2204 871 prteludium.
2232 803 2298 859 Et
2337 805 2557 875 quidem
2598 807 2679 860 sic
2710 805 2803 876 qui
2855 805 3230 873 imperaverit.
3290 804 3371 860 sic
3389 805 3592 859 bellum

350 893 605 959 gesserit,
637 893 719 947 sic
754 909 977 964 quoque
1009 896 1245 964 turpiter
1279 896 1441 949 vitam
1475 896 1705 952 ﬁnivit.»

927 1014 1181 1071 ΚΕΦΑΛ.
1210 1014 1341 1069 AH'.

425 1100 564 1171 Περὶ
589 1098 699 1171 τῆς
722 1101 1051 1169 βασιλείας
1089 1103 1197 1157 τοῦ
1231 1104 1523 1170 εὐσεϐοῦς
1544 1102 1853 1171 ,βασιλέως

825 1172 1109 1227 ἰοϐιανοῦ
1137 1175 1208 1226 ἐν
1233 1176 1499 1242 Περσίδι.

427 1288 491 1341 ΟΞ
514 1286 571 1339 δέ
599 1303 664 1354 γε
698 1289 1028 1358 στρατιῶται
1059 1290 1153 1342 καὶ
1182 1293 1481 1360 στρατηγοὶ
1512 1293 1580 1362 τῇ
1608 1291 1740 1361 ἐξῆς
1772 1292 1926 1361 βασι-

354 1379 454 1433 λέα
487 1378 933 1432 ἀναδεικνύουσιν
976 1379 1256 1445 Ἰοϐιανδν,
1293 1380 1463 1450 ἄνδρα
1498 1382 1740 1451 ἐπιφανῆ
1768 1381 1836 1434 τά
1862 1398 1923 1435 τε

354 1472 491 1526 ἄλλα
520 1474 617 1525 καὶ
642 1474 740 1542 τὴν
764 1473 1054 1525 εὐσέϐειαν
1087 1473 1181 1526 καὶ
1232 1474 1292 1526 τὸ
1322 1470 1486 1538 εἶδος,
1519 1474 1829 1543 τυραννίδος
1849 1474 1924 1537 ὡς

352 1560 576 1632 άληθῶς
613 1563 800 1628 ἄξιον·
826 1557 885 1625 ὅς
924 1564 1198 1634 χιλίαρχος
1236 1563 1312 1617 ὢν
1364 1567 1655 1635 πρότερον,
1686 1568 1923 1635 ὁπηνίκα

364 1655 657 1719 Ἰουλιανὸς
692 1659 809 1719 τοῖς
836 1658 1297 1726 στρατευομένοις
1349 1657 1563 1725 αἵρεσιν
1618 1658 1918 1728 προύτίθει,

350 1744 386 1814 ἦ
408 1742 556 1799 θύειν
581 1746 611 1815 ἦ
639 1746 736 1817 τὴν
768 1747 945 1818 ζώνην
967 1746 1347 1814 ἀποτίθεσθαι,
1375 1750 1432 1800 τὸ
1456 1747 1709 1819 δεύτερον
1738 1750 1922 1821 ᾑρεῖτο

356 1837 560 1906 μᾶλλον
590 1837 622 1906 ἢ
656 1836 896 1891 τοιοῦτον
925 1837 1121 1901 ἀσεϐὲς
1160 1839 1441 1909 ἐπίταγμα
1487 1841 1818 1910 ἐκπληροῦν.
1860 1843 1922 1896 '0

358 1928 457 1996 μὲν
485 1920 580 1982 οῦν
615 1929 892 1998 βασιλεὺς,
921 1932 987 1998 τῇ
1022 1928 1115 1982 τοῦ
1149 1930 1500 2000 ἐπικειμένου
1534 1932 1770 2002 πολέμου
1806 1933 1918 2005 βίᾳ,

353 2013 553 2089 οἷάπερ
606 2021 910 2090 στρατηγὸν
944 2021 1193 2089 ἄριστον,
1250 2022 1348 2076 σὺν
1378 2024 1489 2085 τοῖς
1527 2024 1732 2087 λοιποῖς
1786 2020 1921 2095 ἦγεν

354 2109 551 2161 αὐτόν’
602 2107 724 2160 τότε
768 2108 824 2161 δὲ
852 2108 932 2171 είς
980 2108 1041 2161 τὸ
1070 2108 1375 2177 βασιλεύειν
1400 2111 1605 2180 μεταξὺ
1639 2116 1737 2181 τῆς
1768 2114 1922 2166 πολε-

354 2200 487 2268 μίας
540 2199 636 2251 ἆτε
691 2198 756 2268 δὴ
804 2199 912 2252 τῶν
942 2200 1119 2253 ἄλλων
1168 2201 1444 2271 διαφέρων
1473 2204 1743 2271 αἱρεθεὶς,
1785 2224 1923 2273 παρ-

1947 1020 1999 1080 Δ

2449 1010 2561 1087 94
2604 1013 2827 1071 CAPUT
2882 1013 3147 1070 xxxvm

2132 1104 2210 1163 De
2272 1109 2489 1178 imperio
2553 1109 2626 1178 pii
2686 1110 3020 1178 imperatoris
3075 1106 3372 1173 Joviuiani,
3428 1110 3487 1163 in‘

2680 1177 2919 1231 Perside.

2094 1290 2372 1345 Postridie
2429 1300 2614 1344 autem
2674 1297 2728 1343 et
2782 1288 2986 1343 milites
3047 1298 3104 1344 et
3168 1288 3440 1343 exercitus
3491 1287 3594 1341 du—

2024 1396 2117 1437 ces
2128 1380 2477 1437 Iovinianum
2498 1382 2885 1451 imperatorem
2904 1380 3243 1443 renuntiant,
3260 1378 3439 1433 virum
3466 1393 3590 1432 cum

2025 1474 2189 1528 rebus
2220 1473 2365 1537 aliis,
2396 1483 2511 1527 tum
2537 1487 2665 1527 vera
2694 1473 2896 1541 pietate
2927 1471 3222 1534 illustrem,
3256 1484 3591 1539 prorsusque

2023 1563 2199 1618 forma
2253 1572 2309 1618 et
2373 1573 2581 1619 statura
2615 1563 2862 1633 corporis
2919 1562 3152 1632 imperio
3193 1562 3455 1633 dignum;
3496 1562 3590 1631 qui

2024 1655 2283 1709 tribunus
2301 1664 2461 1710 antea
2490 1655 2687 1717 fuerat,
2720 1670 2845 1709 cum
2866 1654 3116 1709 Julianus
3144 1653 3430 1724 eptionem
3485 1654 3591 1707 mi-

2023 1748 2217 1802 litibus
2241 1748 2487 1812 oii‘erret,
2513 1757 2573 1801 ut
2599 1747 2684 1801 vel
2714 1748 2821 1801 diis
2852 1746 3246 1809 sacriﬁcarent,
3281 1746 3364 1801 vel
3397 1747 3594 1816 cingu-

2022 1840 2137 1894 lum
2171 1838 2380 1893 militiae
2414 1846 2469 1893 et
2519 1837 2802 1908 dignitatis
2850 1838 3210 1907 deponerent.
3258 1837 3435 1907 Atque
3496 1838 3590 1894 ille

2023 1933 2260 1988 alterum
2302 1929 2411 1984 hoc
2438 1928 2619 1985 facere
2651 1929 2863 1994 maluit,
2923 1945 3085 1999 quam
3119 1930 3299 1999 impia:
3351 1930 3588 2001 jussioni

2024 2036 2242 2091 parere.
2268 2019 2519 2075 Julianus
2541 2036 2706 2090 porro
2745 2021 3072 2076 necessitate
3106 2021 3254 2097 quod
3306 2029 3591 2092 tantopere

2026 2113 2256 2178 urgebat
2286 2112 2414 2168 belli
2456 2112 2745 2178 adductus,
2791 2128 2978 2168 secum
3033 2114 3203 2179 hunc,
3271 2122 3334 2169 ut
3387 2115 3583 2171 ducem

2024 2203 2314 2272 Optimum,
2336 2219 2463 2258 cum
2488 2204 2611 2259 aliis
2632 2205 2687 2258 in
2716 2204 2997 2259 Persidem
3026 2205 3202 2259 duxit.
3228 2204 3369 2261 Tum
3401 2217 3588 2262 autem

349 2288 540 2359 ῃτεῖτο
605 2290 705 2360 τὴν
758 2290 1078 2359 ἡγεμονίαν,
1147 2292 1240 2345 καὶ
1290 2292 1358 2346 τὰ
1396 2294 1497 2361 τῆς
1556 2295 1829 2365 βασιλείας
1857 2298 1916 2348 οὐ

2024 2293 2078 2346 in
2108 2292 2293 2348 hostili
2323 2295 2568 2364 regione,
2610 2304 2671 2349 ut
2702 2295 2825 2350 aliis
2856 2297 3229 2364 praestantior,
3290 2274 3588 2368 impe‘rator

351 2355 615 2450 προσίετο
659 2355 944 2450 σύμϐολα,
978 2382 1153 2449 λέγων
1202 2385 1279 2455 μὴ
1324 2355 1585 2438 δύνασθαι
1614 2355 1916 2456 βασιλεῦειν

2023 2383 2223 2448 lectus,
2258 2355 2585 2454 dignitatem
2617 2400 2738 2440 eam
2760 2355 2973 2456 rejecit,
3005 2395 3060 2440 et
3085 2387 3318 2456 insignia
3349 2355 3590 2459 impera-

347 2471 562 2541 ἀνδρῶν
604 2471 935 2543 Ἐλληνίζειν
975 2472 1283 2541 μαθόντων,
1314 2476 1371 2527 ἐν
1405 2474 1750 2546 Χριστιανοῖς
1778 2480 1921 2531 ἐκεῖ-

351 2580 447 2625 νος
474 2562 676 2615 τελῶν·
716 2563 897 2616 εἰσότε
926 2563 990 2632 δὴ
1017 2567 1173 2635 κοινῇ
1201 2568 1352 2635 φωνῇ
1393 2566 1755 2637 Χριστιανοὺς
1778 2564 1920 2622 εἶναι

353 2655 499 2722 σφᾶς
526 2652 912 2726 ὡμολόγησαν.
977 2655 1065 2708 Ἐν
1101 2657 1253 2727 μέσῳ
1298 2657 1353 2710 δὲ
1381 2659 1456 2727 τῷ
1489 2658 1677 2730 πλάνῳ
1728 2662 1822 2712 καὶ
1850 2664 1917 2731 τῇ

348 2749 566 2816 ταραχῇ
595 2746 714 2800 τῶν
754 2746 1097 2817 πραγμάτων
1128 2748 1499 2815 ἀπολειφθεὶς,
1524 2751 1621 2820 τῆς
1656 2754 1921 2821 στρατιᾶς

349 2840 415 2893 ἐκ
439 2840 536 2908 τῆς
566 2840 675 2910 πρὸ
702 2840 873 2894 αὐτοῦ
901 2847 1233 2917 στρατηγίαι,
1259 2845 1575 2915 ἐμπλήκτου
1604 2848 1918 2920 καμνούσης

350 2933 418 3000 τῇ
454 2931 653 2985 σπάνει
684 2932 794 2986 τῶν
830 2934 1174 3005 ἐπιτηδείων,
1203 2937 1344 3006 ἔγνω
1367 2936 1475 2990 δεῖν
1496 2938 1593 2991 καὶ
1622 2940 1918 3007 ἀναγκαῖον

350 3022 495 3080 εἶναι
521 3027 662 3096 πρὸς
694 3027 992 3095 συμϐάσεις
1018 3029 1235 3100 χωρεῖν.
1267 3030 1377 3084 Καὶ
1403 3030 1467 3100 δή
1499 3047 1622 3084 τινα
1650 3031 1757 3085 τῶν
1782 3032 1916 3085 ὐπο-

349 3115 523 3169 τελῶν
564 3116 866 3187 Ῥωμαίοις
900 3118 1175 3186 παραδοὺς
1206 3118 1465 3187 Πέρσαις,
1494 3120 1595 3190 τήν
1631 3137 1688 3174 τε
1729 3122 1917 3191 Σύρων

348 3208 527 3279 ἀρχήν
557 3225 699 3280 φημι
729 3211 823 3262 καὶ
868 3210 966 3279 τὴν
1002 3210 1063 3262 ἐν
1095 3210 1495 3282 Μεσοποταμίᾳ
1525 3210 1762 3277 Νίσιϐιν,
1823 3215 1918 3266 ἐπὶ

348 3301 658 3371 συνθήκαις
685 3303 755 3357 τὰ
789 3302 882 3356 τοῦ
930 3304 1168 3374 πολέμου
1199 3304 1406 3358 διέλυεν
1430 3320 1445 3335 ’
1500 3304 1766 3372 ἀπρεπῶς
1815 3305 1915 3374 μὲν

356 3391 656 3459 Ῥωμαίοις
705 3391 940 3462 πράξας,
1000 3393 1314 3461 ἀναγκαίως
1360 3392 1405 3446 δ’
1431 3393 1600 3464 ὅμως,
1633 3392 1822 3465 ὥσπερ
1852 3395 1914 3448 οὗ

346 3485 653 3556 βασιλείας,
709 3484 825 3537 ἀλλ’
877 3485 1049 3555 ἥττης
1102 3485 1438 3555 κληρονόμος
1482 3485 1804 3556 γινόμενοςο
1837 3487 1915 3549 ὡς

343 3578 464 3644 είγε
495 3574 574 3646 μὴ
599 3576 747 3630 τοῦτ’
778 3575 1016 3647 ἔπραττε
1043 3576 1177 3646 (καὶ
1206 3576 1415 3646 Πέρσαι
1447 3577 1761 3648 μετριάζειν
1781 3578 1914 3631 εἰδό-

342 3686 458 3733 τες,
485 3670 582 3721 καὶ
612 3669 726 3739 ὅρῳ
758 3668 857 3737 τήν
878 3667 1193 3738 εὐπραγίαν
1236 3671 1479 3739 μετρεῖν,
1509 3669 1542 3740 ἢ
1578 3670 1673 3723 καί
1705 3686 1759 3722 τι
1791 3670 1911 3723 ἐτε-
1933 3700 1980 3765 C

341 3778 440 3829 ρον
466 3760 738 3824 δείσαντες
798 3761 878 3823 είς
916 3760 1217 3831 συμϐάσεις
1264 3761 1582 3832 ἐτράποντο,
1616 3762 1709 3815 καὶ
1738 3762 1910 3816 ταῦτα

342 3851 766 3923 (τιλανθρώπους
795 3852 940 3906 οὕτω
986 3854 1083 3907 καὶ
1111 3853 1411 3924 ἀδοκήτους
1430 3853 1472 3921 )°
1516 3854 1668 3907 οὐδὲν
1700 3854 1908 3908 ἐκώλυε

341 3947 482 4016 μηδέ
515 3946 819 4017 πυρφόρον,
845 3947 906 4000 τὸ
930 3947 1023 4001 τοῦ
1053 3947 1241 4014 λόγου,
1271 3946 1687 4018 ὑπολειφθῆναι.
1717 3947 1831 4001 Νῦν
1863 3947 1910 4000 δ’

336 4036 370 4087 ὁ
403 4035 504 4104 μὲν
561 4033 887 4104 βιαζόμενος
937 4033 1205 4087 διασῶσαι
1263 4032 1431 4105 νεῦρα
1486 4036 1552 4105 τῇ
1618 4033 1908 4105 Ῥωμαίων

336 4130 510 4198 ἀρχῇ,
538 4127 631 4180 ἐπὶ
648 4126 948 4197 συνθήκαις
976 4124 1151 4190 οὕτως
1172 4127 1428 4198 αἰσχραῖς
1452 4144 1512 4181 τε
1545 4127 1640 4181 καὶ
1659 4127 1907 4195 ἀναξίαις

338 4221 661 4275 συνέϐαινεν
688 4220 917 4292 ἀϐουλίᾳ
948 4220 1150 4291 μᾶλλον
1177 4220 1270 4274 τοῦ
1324 4220 1434 4292 πρὸ
1472 4220 1639 4274 αὑτοῦ
1670 4239 1907 4293 στρατη-

330 4314 615 4383 γήσαντος
645 4313 678 4382 ἢ
706 4312 857 4382 σφῶν
884 4312 1064 4368 αὐτῶν
1088 4314 1353 4386 ἀνανδρίᾳ
1375 4331 1391 4348 ο
1425 4314 1520 4367 καί
1545 4331 1609 4382 γε
1632 4315 1906 4386 ἀγνώμων

329 4407 474 4475 παρ’
526 4405 652 4476 ἐμοὶ
678 4408 838 4477 κριτῇ
903 4405 1134 4473 γένοιτο,
1182 4405 1241 4469 ὃς
1289 4407 1495 4460 ἐκεῖνον
1524 4407 1703 4475 ἀφεὶς,
1731 4407 1904 4478 τούτῳ

327 4496 408 4549 τὰ
430 4498 529 4565 τῆς
558 4495 822 4566 μέμψεως
843 4496 1142 4566 ἐπιγράφοι
1167 4511 1182 4528 ο
1210 4496 1241 4549 ὁ
1258 4497 1366 4566 γάρ
1392 4496 1595 4566 στάχυς
1621 4495 1719 4550 τοῦ
1750 4498 1904 4550 σπεί-

331 4603 532 4658 ραντος
570 4587 771 4655 μᾶλλον
804 4588 837 4657 ἢ
867 4585 960 4639 τοῦ
1001 4586 1322 4655 θερίσαντος
1342 4603 1357 4617 ·
1392 4588 1488 4639 καὶ
1514 4588 1542 4639 ὁ
1573 4586 1901 4658 ἐμπρησμὸς

326 4678 396 4731 οῦ
424 4678 520 4731 τοῦ
580 4678 772 4731 σϐέσαι
833 4677 909 4747 μὴ
964 4678 1305 4746 δυνηθέντος,
1342 4676 1476 4731 ἀλλὰ
1510 4677 1605 4731 τοῦ
1646 4678 1900 4745 καθάπαξ

325 4767 679 4837 ἐμϐαλόντος.
714 4769 824 4820 Καὶ
851 4768 912 4820 τὸ
940 4766 1037 4820 τοῦ
1071 4767 1377 4838 Ἡροδότου,
1406 4786 1426 4820 ι
1472 4768 1644 4821 Τοῦτο
1671 4770 1731 4821 τὸ
1769 4769 1901 4822 ὑπό-

323 4860 480 4980 δημα
509 4860 716 4930 ἔρριψε
741 4861 840 4930 μὲν
886 4860 1162 4924 Ἱστιαῖος,
1206 4860 1516 4931 ὑπεδήσατο
1558 4861 1616 4913 δέ
1649 4862 1899 4929 Ἀριστα-

323 4947 349 4980 α.
399 4946 515 4980 ρας.
551 4949 570 4980 ›

323 4946 515 4997 γορας.
551 4949 570 4981 ι

2026 2472 2161 2526 toria
2198 2488 2305 2527 non
2332 2474 2574 2542 recepit:
2609 2490 2719 2529 non
2760 2491 2919 2547 posse
2961 2491 3022 2531 se
3053 2475 3267 2538 dicens,
3310 2478 3405 2547 qui
3428 2477 3592 2533 Chri-

2021 2563 2235 2619 stianus
2259 2565 2351 2627 sit,
2391 2565 2663 2633 imperare
2699 2568 2853 2633 viris,
2886 2568 2981 2638 qui
3022 2571 3363 2640 graecissare,
3389 2585 3585 2638 super-

2022 2655 2386 2727 stitionesque
2419 2659 2619 2713 sectari
2672 2659 3021 2727 didicissent;
3054 2660 3229 2715 donec
3258 2677 3366 2716 una
3392 2677 3586 2717 omnes

2020 2762 2154 2802 voce
2184 2746 2528 2805 Christianos
2559 2765 2618 2806 se
2648 2765 2783 2807 esse
2822 2760 2952 2807 sunt
2990 2752 3250 2822 professi.
3310 2755 3583 2810 Caeterum

2020 2838 2077 2892 in
2107 2853 2294 2894 errore
2321 2840 2505 2896 medio
2528 2850 2584 2896 et
2612 2856 2802 2897 rerum
2835 2844 2993 2897 turba
3018 2860 3047 2898 a
3068 2844 3288 2900 Juliano
3336 2846 3584 2912 relictus,

2019 2931 2167 3000 quod
2189 2933 2469 2988 exercitus
2499 2933 2682 3003 priore
2711 2934 2946 3004 imperio
2975 2944 3362 2993 consternatus
3413 2947 3583 3003 esset,

2020 3035 2316 3093 rerumque
2339 3026 2775 3080 necessariarum
2829 3027 3013 3096 inopia
3063 3038 3429 3098 premeretur,
3484 3046 3584 3085 ne-

2019 3113 2332 3170 cessitatem
2359 3114 2464 3170 sibi
2484 3115 2796 3185 impositam
2832 3132 2959 3172 esse
2980 3118 3256 3187 cognovit,
3289 3128 3348 3173 ut
3375 3119 3580 3174 bellum

2016 3205 2392 3275 paciﬁcatione
2426 3208 2773 3279 transigeret.
2814 3206 3161 3279 Quapropter
3186 3210 3303 3265 loca
3329 3212 3577 3282 quaedam

2018 3312 2139 3366 qua:
2165 3295 2426 3353 Romanis
2476 3298 2678 3354 tributa
2708 3302 3083 3369 pensitabant,
3135 3301 3307 3371 Syria:
3364 3303 3578 3359 scilicet

2018 3386 2332 3456 imperium,
2357 3399 2413 3444 et
2444 3404 2566 3459 qua:
2597 3391 2651 3445 in
2680 3390 3069 3461 Mesopotamia
3108 3404 3194 3447 est
3221 3393 3482 3458 Nisibim,
3512 3411 3577 3448 ex

2013 3476 2192 3544 pactis
2220 3478 2533 3546 conventis,
2598 3479 2778 3535 Persis
2817 3482 3107 3548 concessit,
3149 3491 3205 3537 et
3259 3482 3461 3537 bellum
3527 3483 3579 3537 id

2015 3566 2177 3621 solvit
2198 3567 2237 3621 ί.
2274 3567 2429 3633 Quod
2463 3569 2684 3638 quidem
2720 3586 2829 3625 non
2869 3587 2899 3626 e
2923 3571 3185 3642 dignitate
3217 3574 3430 3642 imperii
3464 3575 3575 3637 ille,

2014 3661 2328 3713 necessario
2380 3668 2559 3715 tamen
2611 3660 2758 3729 iecit,
2792 3671 2853 3717 ut
2878 3664 2973 3732 qui
3033 3678 3143 3717 non
3186 3664 3427 3734 imperii,
3481 3667 3574 3720 sed

2017 3750 2186 3806 cladis
2205 3752 2380 3808 haeres
2392 3762 2536 3808 esset
2579 3754 2657 3809 Ac
2678 3754 2782 3809 nisi
2797 3754 2903 3809 hoe
2930 3754 3168 3820 fecisset,
3193 3767 3249 3809 et
3274 3755 3377 3810 nisi
3400 3755 3577 3812 Persae

2017 3842 2298 3899 moderate
2322 3858 2380 3899 se
2395 3854 2671 3913 gerentes,
2692 3855 2747 3901 et
2781 3861 3100 3916 prosperum
3127 3862 3309 3901 rerum
3360 3863 3578 3904 succes-

2010 3949 2131 3989 sum
2185 3944 2339 3990 certo
2388 3938 2498 3992 line
2556 3936 2898 4001 claudentes,
2948 3945 3041 3991 aut
3083 3937 3227 3992 aliud
3295 3938 3574 4009 quippiam

2011 4032 2343 4091 metuentes,
2385 4025 2733 4083 conditiones
2763 4012 2911 4097 pacis
2933 4036 3039 4082 tam
3075 4029 3345 4083 humanas
3367 4039 3423 4085 et
3450 4031 3572 4085 ino-

2007 4118 2220 4199 pinatas
2264 4118 2698 4189 proposuissent,
2741 4122 2880 4177 nihil
2924 4122 3181 4193 profecto
3242 4124 3570 4188 obstitisset,

2009 4209 2141 4278 quin
2170 4223 2236 4265 ex
2266 4225 2332 4266 eo
2356 4211 2500 4265 bello
2531 4226 2600 4266 ne
2653 4212 2848 4283 ignifer
2899 4217 3120 4287 quidem
3185 4217 3333 4287 quod
3391 4218 3569 4281 aiunt,

2008 4298 2300 4354 incolumis
2334 4302 2618 4356 evasisset.
2650 4303 2831 4369 Quare
2858 4308 3187 4363 necessitate
3230 4307 3477 4373 adactus,
3515 4321 3574 4362 ut

2006 4404 2205 4445 nervos
2226 4405 2354 4446 suos
2379 4392 2630 4449 Romano
2662 4396 2895 4465 imperio
2945 4409 3323 4465 conservaret,
3377 4402 3569 4456 condi-

2006 4480 2248 4535 tionibus
2276 4486 2528 4552 turpibus
2555 4495 2719 4555 atque
2743 4489 2983 4558 indignis
3022 4505 3145 4543 cum
3178 4490 3426 4544 hostibus
3469 4489 3570 4543 dc-

2003 4571 2168 4627 cidit:
2198 4576 2507 4630 temeritate
2533 4579 2704 4648 magis
2720 4581 2965 4648 proxima
3002 4582 3373 4650 imperatoris,
3402 4598 3564 4651 quam

2005 4676 2104 4718 sua
2132 4671 2228 4718 aut
2267 4666 2501 4722 militum
2562 4683 2789 4725 suorum
2824 4672 3149 4727 timiditate:
3207 4687 3295 4726 me
3348 4673 3565 4741 quidem

1998 4755 2186 4826 judice
2228 4757 2549 4828 periniquus
2588 4759 2777 4825 fuerit,
2809 4762 2901 4830 qui
2945 4762 3039 4816 illo
3080 4762 3294 4826 relicto,
3349 4761 3564 4829 culpam

2002 4848 2123 4917 ejus
2166 4847 2561 4917 paciﬁcationis
2614 4850 2668 4903 in
2699 4852 2847 4905 hunc
2889 4851 3156 4907 conferat.
3200 4852 3367 4923 Seges
3418 4852 3563 4905 enim

2001 4938 2199 4993 satoris
2229 4939 2410 5008 potius
2440 4954 2601 5009 quam
2652 4943 2911 4996 messoris
2969 4953 3095 4997 est:
3138 4951 3196 4998 et
3250 4943 3561 4998 incendium

324 5039 437 5077 non
471 5023 702 5094 ejusqui
730 5024 783 5080 id
813 5024 1165 5094 exstinguere
1191 5025 1381 5094 possit,
1442 5025 1537 5081 sed
1577 5027 1671 5097 qui
1742 5027 1795 5083 id
1854 5033 2024 5086 semel
2087 5034 2363 5099 excitarit,
2431 5050 2556 5091 esse
2594 5036 2874 5092 creditur:
2935 5037 3045 5109 95
3086 5039 3343 5111 quodque
3417 5043 3560 5110 apud

326 5117 669 5174 Herodotum
699 5127 806 5185 est,
838 5136 857 5170 ι
887 5118 1144 5174 Calcenm
1190 5117 1412 5187 quidem
1470 5120 1633 5175 istum
1687 5122 1904 5178 consuit
1931 5125 2207 5196 llistiaaus,
2235 5127 2414 5184 induit
2445 5139 2625 5186 autem
2655 5131 3058 5206 Aristagoras.»

396 5307 475 5378 (l)
504 5307 750 5378 Gregorii
775 5307 1105 5364 Nazianzeni
1146 5310 1262 5366 haec
1290 5311 1452 5366 verba
1482 5319 1631 5366 sunt.

392 5381 473 5452 (Ξ)
497 5378 866 5462 Theodoritus
898 5380 1225 5436 tricennales
1262 5381 1509 5436 inducias
1549 5389 1732 5452 pactas
1760 5395 1881 5439 esse
1918 5383 2131 5440 scribit.

1926 5616 1993 5631 ἀ
