3986 6190
478 350 569 411 ὅῗί

996 472 1211 531 CAPUI
1265 475 1515 530 XXXIX.

483 557 549 619 ιὶι
569 561 879 617 Iovinianus
912 568 1159 633 episcopis
1196 570 1560 624 exsulantibus
1605 568 1848 624 exsilium
1888 572 2047 624 remi-

544 636 695 694 serit,
730 644 858 688 etut
895 647 1034 689 stata
1071 638 1497 692 Christianorum
1541 657 1695 693 sacra
1739 640 1794 692 iu
1824 639 2049 693 ecclesiis

547 704 831 785 honoriﬁce
871 708 1177 771 restituerit,
1220 717 1270 762 et
1315 708 1578 764 idolorum
1620 710 1819 763 cultum
1871 711 2047 765 abole-

549 787 700 826 veru.

550 887 854 957 Imperator
903 889 1229 948 Iovinianus
1274 893 1617 964 experientia
1653 893 1905 958 edoctus,
1965 893 2051 948 di-

483 976 605 1030 vina
635 978 875 1033 vindicta
923 980 1203 1037 Iulianum
1267 985 1526 1054 gravibus
1582 986 1741 1040 malis
1788 985 2048 1040 afﬂictum

483 1083 624 1130 esse,
646 1070 711 1122 ad
735 1085 926 1126 omnes
952 1075 1156 1144 ubique
1181 1076 1445 1144 praesides
1466 1077 1710 1146 scripsit,
1739 1090 1799 1130 ut
1821 1069 2051 1132 cunctos

483 1159 653 1213 libere
689 1175 805 1215 rem
859 1163 1098 1218 divinam
1134 1165 1334 1233 facere,
1364 1174 1666 1223 conventus
1720 1183 1937 1235 cogere,
1994 1178 2052 1223 et

483 1250 653 1304 Deum
688 1268 753 1306 ex
783 1254 967 1307 animo
998 1256 1176 1310 colere
1201 1266 1526 1326 paterentur
1541 1266 1597 1311 et
1637 1267 1695 1311 ut
1721 1275 1826 1312 una
1862 1259 2048 1312 in'im-

484 1340 637 1405 perio
667 1341 908 1396 Romano
948 1345 1333 1400 observaretur
1358 1346 1492 1401 ﬁdes
1539 1356 1594 1401 et
1633 1348 1843 1416 religio,
1894 1347 2054 1403 Chri-

484 1431 787 1486 stianorum
818 1435 1098 1502 videlicet,
1140 1438 1375 1508 juraque
1397 1439 1627 1509 pristina
1656 1440 1905 1495 ecclesiis
1922 1439 2051 1495 red-

485 1521 648 1577 didit.
688 1524 756 1578 Et
806 1540 1149 1596 quzecunque
1199 1529 1367 1592 clero,
1422 1528 1602 1584 viduis
1646 1536 1703 1584 et
1747 1527 2054 1599 virginibus

486 1612 693 1667 dudum
716 1630 745 1668 a
778 1615 1140 1672 Constantino
1167 1628 1221 1673 et
1242 1619 1370 1673 ﬁliis
1390 1619 1528 1685 ejus.
1561 1620 1731 1674 divini
1757 1622 1939 1675 cultus
1957 1635 2055 1674 au-

485 1704 647 1773 gendi
667 1708 839 1775 gratia
864 1722 1125 1764 concessa
1171 1711 1490 1781 legibusque
1515 1713 1748 1776 ﬁrmata,
1783 1726 1812 1765 a
1834 1711 2053 1765 Juliano

1691 358 2105 423 NICEPIIUBI
2147 363 2492 425 CALLISTI
3593 380 3685 425 me

3593 414 3685 442 υί..

2725 484 2977 541 ΚΕΦᾹΛ.
3009 487 3131 542 AG'.

2165 574 2265 640 Ὣς
2317 575 2593 651 Ἰοόιαγὸς
2654 574 2846 651 ἀνῆκε
2871 577 3011 651 Δ-ετὰς
3055 579 3290 647 ἐξορίας
3326 584 3447 651 τοῖς
3479 587 3689 644 ἐπισκό.

2226 662 2385 719 ποις,
2411 646 2508 719 καὶ
2530 645 2604 698 τὰ
2635 646 2844 719 {point
2860 648 3034 719 ἔθιμα
3058 645 3188 716 ταῒξ
3218 653 3336 705 τῶν
3356 645 3693 719 Χριστιανῶν

2223 715 2789 786 ἐκκλησίᾳιςμαῦθις
2818 715 3192 786 ἐϐράϐευσεο
3222 722 3293 776 τὰ
3316 715 3523 778 δὲτῶν
3552 729 3695 781 sua.

2225 787 2352 837 λων
2380 784 2686 854 ἠφάνιζεν.

2236 898 2297 953 '0
2324 900 2382 953 δὲ
2409 888 2666 970 βασιλεὺς
2702 901 2957 968 ’Ῑοϐιανδς
2982 905 3071 958 διά
3093 905 3288 976 πείρας
3316 908 3477 976 γνοὺς
3500 910 3572 979 τῷ
3597 912 3691 981 πρὸ

2155 988 2321 1040 αὐτοῦ
2356 987 2568 1057 βασιλεῖ
2598 992 2667 1042 τὰ
2696 990 2848 1044 δεινά
2875 993 3183 1063 ἐπισκῆψαι
3205 994 3339 1048 Θεοῦ
3362 997 3500 1050 κατά
3527 998 3691 1068 μῆνιν,

2154 1082 2266 1142 τοῖς
2300 1081 2616 1151 ἁπανταχοῦ
2657 1084 2923 1152 ἡγεμόσιν
2950 1084 3214 1154 ἔγραφεν,
3248 1087 3344 1157 ἐᾷν
3380 1089 3544 1151 ἀδεῶς
3573 1090 3693 1143 πᾶν·

2153 1188 2251 1233 τας
2281 1171 2633 1240 θρησκεύειν,
2674 1174 2768 1227 καὶ
2806 1176 2926 1239 ταῖς
2972 1175 3296 1246 ἐκκλησίαις
3353 1177 3694 1248 ἀθροίζεσθαι,

2154 1263 2248 1314 καὶ
2275 1263 2335 1315 τὸ
2363 1263 2505 1328 θεῖον
2545 1265 2765 1334 θερμῶς
2825 1265 3152 1335 θεραπεύειν
3179 1307 3194 1332 ,
3248 1269 3343 1321 καὶ
3377 1270 3539 1339 μόνην
3567 1273 3696 1338 ἡγεῖ-

2157 1355 2281 1408 σθαι
2313 1354 2498 1407 πίστιν
2529 1357 2586 1407 ἐν
2617 1359 2767 1427 πάσῃ
2791 1360 2855 1428 τῇ
2895 1359 3176 1432 ἀρχομένῃ
3212 1361 3313 1428 τὴν
3336 1360 3445 1411 τῶν
3473 1362 3701 1430 Χριστια-

2154 1448 2279 1501 νῶν.
2316 1448 2424 1499 Kal
2475 1446 2544 1501 τὰ
2577 1449 2706 1519 πρὶν
2768 1450 2932 1519 ἔθιμα
2966 1453 3086 1514 ταῖς
3137 1452 3456 1520 ἐκκλησίαις
3493 1454 3695 1523 ἀφίησιο

2153 1542 2265 1600 τοῖς
2295 1555 2355 1590 τε
2392 1538 2617 1609 κλήροις
2646 1540 2737 1592 καὶ
2766 1542 2960 1610 χήραις
2994 1544 3088 1594 καὶ
3118 1542 3438 1608 παρθένοις,
3460 1544 3553 1597 ὅσα
3577 1541 3698 1616 ἦσαν

2156 1627 2215 1692 ἐξ
2235 1630 2463 1698 ἀρχαίου
2492 1630 2763 1699 προνόμια
2797 1632 2887 1684 ἐπί
2917 1647 2974 1683 τε
3011 1632 3421 1687 Κωνσταντίνου
3495 1636 3584 1688 καὶ
3609 1637 3699 1691 τῶν

2157 1718 2365 1771 παίδων
2393 1719 2601 1772 ἐκείνου
2635 1720 2722 1771 ἐπ’
2769 1720 3009 1802 ὠφελείᾳ
3054 1722 3154 1791 τῆς
3210 1722 3508 1792 θρησκείας
3536 1725 3699 1797 δωρη-

486 1807 670 1851 autem
713 1810 938 1869 propter
983 1815 1257 1856 summum
1313 1804 1436 1872 ejus
1488 1803 1542 1856 in
1586 1802 1746 1857 ﬁdem
1809 1814 2051 1858 nostram

2172 1808 2318 1862 ὶέντα
2340 1827 2400 1862 τε
2431 1811 2528 1863 καὶ
2554 1811 3008 1881 νομοθετηθέντα,
3050 1810 3342 1875 Ἰουλιανὸς
3368 1814 3423 1866 δὲ
3461 1815 3598 1885 μίσει
3619 1817 3701 1885 τῆς

487 1892 696 1954 odium,
730 1894 968 1960 pessimo
987 1895 1222 1949 consilio
1264 1895 1513 1964 adempta
1537 1906 1594 1950 et
1623 1896 1797 1950 accisa
1817 1897 2050 1955 fuerant,

487 1985 773 2054 privilegia
855 1997 911 2040 et
988 1986 1254 2042 beneﬁcia
1322 1988 1584 2042 restituit.
1675 1986 1757 2041 Ad
1827 1986 2057 2057 praefec-

490 2085 607 2131 tum
677 2079 936 2147 praetorio
985 2094 1206 2149 quoque
1268 2081 1578 2150 generalem
1640 2078 1792 2133 dedit
1857 2076 2060 2132 consti-

491 2168 783 2233 tutionem,
814 2181 872 2224 ut
909 2170 1173 2240 deinceps
1201 2172 1510 2240 capitaliter
1534 2171 1591 2224 in
1631 2185 1757 2224 eum
1803 2169 2057 2224 animad-

489 2271 821 2329 verteretur,
840 2265 931 2334 qui
963 2280 1176 2319 sacram
1202 2265 1487 2336 virginem,
1517 2279 1628 2318 non
1647 2263 1823 2318 dicam
1844 2278 2058 2333 rapere,

492 2354 589 2409 sed
636 2364 910 2411 attentare
974 2358 1375 2416 tantummodo.
1431 2355 1696 2426 iungendi
1773 2358 2059 2409 matrimo-

491 2447 566 2501 nii
591 2457 886 2509 eausa,aut
915 2449 1425 2519 oculosimpudicos
1446 2451 1495 2503 ei
1528 2449 1768 2520 adjicere
1812 2448 2060 2502 auderet.

490 2537 734 2609 Eamque
788 2541 961 2610 legem
1021 2552 1080 2596 ut
1157 2543 1553 2612 promulgaret,
1620 2541 1895 2597 adductus
1952 2549 2057 2604 est,

491 2631 637 2700 quod
682 2632 932 2687 homines
973 2633 1198 2703 quidam
1244 2634 1478 2704 improbi
1535 2643 1704 2704 atque
1758 2632 2049 2702 impudici,

2158 1905 2398 1966 πίστεως
2430 1904 2850 1974 προσαφείλετο,
2877 1889 3197 1974 κακοσχόλῳ
3228 1905 3428 1977 γνώμῃ
3451 1910 3704 1976 περιαιρήο

2161 2009 2277 2058 σας,
2314 1994 2501 2046 εἴασεν
2531 1989 2711 2055 αὖθις.
2779 1993 2869 2060 Τῷ
2902 1994 2958 2045 δέ
2998 1993 3098 2063 τὴν
3129 1992 3385 2063 ὕπαρχον
3418 1996 3567 2062 ἀξίαν
3599 1998 3703 2049 ἐπι-

2158 2085 2535 2154 τετραμμένῳ
2562 2084 2788 2153 γενικην
2812 2083 2980 2136 ἐτίθει
3011 2084 3346 2153 νομοθεσίαν
3391 2085 3469 2149 είς
3491 2085 3706 2156 κεφαλὴν

2159 2176 2461 2243 τιμωρεῖν,
2490 2174 2582 2227 τδν
2608 2174 2722 2253 -τοῦ
2771 2173 2961 2227 λοιποῦ
3005 2176 3159 2245 ίεράν
3196 2175 3472 2246 παρθένον
3499 2179 3706 2246 μνᾶσθαι

2163 2268 2443 2337 ἑλόμενον,
2484 2268 2517 2338 ἢ
2576 2269 2879 2322 ἀκόλαστον
2927 2268 3048 2338 ὕψιν
3078 2270 3401 2324 ἐπιϐάλλειν
3432 2271 3707 2339 τολμῶντα,

2166 2361 2326 2428 μήτοι
2377 2344 2441 2426 γε
2490 2358 2815 2428 διαρπάζειν
2866 2358 3073 2428 ταύτην
3128 2360 3494 2431 πειρώμενον.
3547 2360 3613 2413 Τὸ
3659 2361 3707 2413 δὲ

2163 2453 2417 2523 προήχθη
2454 2454 2788 2524 νομοθετεῖν,
2814 2456 3009 2525 ὅτιπερ
3037 2455 3236 2526 ἄνδρες
3272 2457 3336 2527 δή
3360 2473 3500 2518 τινες
3530 2455 3709 2525 μοχθη-

2168 2550 2251 2618 ροὶ
2292 2550 2388 2600 καὶ
2446 2547 2734 2601 ἀκόλαστοι
2789 2550 3008 2618 γάμους
3070 2548 3353 2614 τοιούτους
3409 2548 3708 2609 ἀκολάστους

2166 2636 2448 2701 ἐτέλεσαν,
2489 2636 2610 2706 βίαν
2643 2635 2996 2699 ἐπιϐαλόντες
3033 2635 3064 2705 ἢ
3100 2637 3193 2689 καὶ
3218 2637 3403 2690 πειθοί
3430 2652 3531 2688 τινι
3567 2651 3709 2703 προσ-

494 2724 753 2778 scelestas
799 2733 963 2793 atque
1032 2726 1271 2778 incestas
1325 2723 1640 2793 hujusmodi
1694 2722 1938 2792 nuptias,
1971 2720 2057 2775 vel

494 2814 549 2869 vi
575 2814 746 2880 illata,
774 2815 859 2869 vel
891 2816 1241 2884 persuasione
1292 2815 1561 2882 adhibita,
1599 2814 1907 2884 virginibus
1939 2829 2065 2869 cor-

496 2907 696 2976 ruptis,
731 2917 1150 2972 contraxerant;
1188 2906 1292 2962 sub
1350 2907 1549 2963 Juliani
1606 2908 1857 2977 imperio,
1891 2908 2068 2977 impo-

499 3000 639 3054 lenti
661 3000 1057 3054 consuetudine
1073 3010 1130 3055 et
1156 2999 1298 3055 [uada
1327 3000 1554 3054 libidine
1586 2999 1789 3070 ﬂagitia
1815 2999 1941 3053 talia
1970 3015 2064 3053 au-

2172 3004 2233 3057 Λί
2265 3004 2363 3073 μὲν
2390 3003 2482 3057 οὖν
2503 3003 2788 3071 ἐκκλησίαι
2813 3003 2910 3056 τοῦ
2939 3004 3074 3055 Θεοῦ
3095 3004 3379 3074 ἠνοίγοντο
3397 3044 3413 3069 ,
3444 3005 3507 3055 τὰ
3534 3003 3584 3054 δέ
3606 3001 3710 3067 ιερὰ

499 3092 628 3146 dere
662 3091 1033 3161 permittente,
1053 3102 1110 3145 et
1133 3092 1392 3161 religione
1415 3100 1526 3144 tum
1553 3101 1738 3144 nostra
1757 3092 2066 3160 periclitan-

2172 3095 2278 3149 τῶν
2317 3095 2587 3166 Ἐλλήνων
2612 3090 2769 3159 αὖθις
2796 3096 3070 3148 ἐκλείοιτο
3088 3110 3101 3124 ·
3156 3095 3316 3148 αὐτοὶ
3342 3094 3384 3147 δ’
3417 3095 3515 3148 ὑπὸ
3545 3095 3712 3162 μυχοῖς

500 3190 576 3236 ιο.
600 3157 789 3250 Itaque
807 3183 1051 3237 ceclesia:
1082 3181 1177 3237 Dei
1201 3157 1416 3237 rursum
1442 3190 1569 3237 sunt
1594 3157 1797 3246 apertae
1819 3199 1832 3235 :
1852 3180 2066 3236 ϐιαιοο-

2175 3186 2279 3255 γῆς
2313 3186 2425 3240 θεοὶ
2456 3157 2802 3241 κατεδύοντο.
2836 3188 2899 3240 υἱ
2945 3187 3003 3239 δὲ
3054 3189 3167 3250 τοῖς
3202 3186 3432 3257 τρίϐωσι
3460 3157 3713 3256 χαίροντες

498 3290 623 3328 rum
655 3285 836 3329 autem
873 3276 1071 3345 templa
1106 3275 1311 3341 clausa,
1355 3285 1411 3331 et
1442 3275 1543 3345 ipsi
1572 3275 1649 3329 dii
1688 3285 1845 3330 terra:
1880 3290 2066 3329 caver-

2177 3281 2257 3341 είς
2312 3277 2373 3330 τὸ
2424 3278 2604 3331 κοινὸν
2668 3279 3016 3347 μετετίθεντο
3053 3279 3267 3349 σχῆμα.
3332 3279 3473 3333 Ἡδὲ
3505 3274 3713 3346 δημοσίᾳ

500 3384 600 3422 nas
627 3377 681 3421 et
707 3382 956 3423 recessus
987 3368 1228 3422 subiere.
1263 3366 1328 3420 Et
1352 3367 1443 3437 qui
1477 3366 1542 3421 ad
1573 3366 1626 3421 id
1660 3381 1833 3435 usque
1853 3375 2066 3433 tempus

2178 3372 2439 3440 γινομένη
2471 3370 2698 3440 σπονδὴ,
2738 3371 2833 3423 καὶ
2865 3373 2893 3424 ὁ
2930 3369 3000 3424 δι’
3032 3369 3270 3441 αἵματος
3304 3367 3713 3440 μολυσμὸς,ἐλη-

2167 2725 2492 2797 φθαρέντες,
2512 2724 2606 2778 τοῦ
2640 2724 2930 2779 Ἰουλιανοῦ
2958 2725 3350 2797 βασιλεύοντος
3371 2743 3385 2757 ’
3415 2726 3509 2796 τῆς
3543 2724 3710 2778 auola-

2170 2834 2296 2870 στου
2329 2817 2563 2887 διαίτης,
2599 2817 2701 2887 τῆς
2726 2817 2775 2872 τ’
2807 2820 3041 2889 αἰσχρᾶς
3062 2819 3369 2889 ἐπιθυμίας
3394 2818 3587 2872 τοιαῦτ’
3610 2820 3711 2869 ἐπι-

2167 2912 2477 2981 τρεπούσης
2511 2911 2741 2982 τολμᾷν,
2805 2911 2905 2982 τῆς
2933 2912 3237 2983 θρησκείας
3300 2907 3709 2980 δυσπραγούσης.

502 3459 707 3513 vilibus
729 3460 906 3529 palliis
928 3460 1010 3514 usi
1041 3459 1280 3526 fuerant,
1345 3459 1412 3513 ad
1443 3472 1793 3514 communem
1853 3457 2066 3511 rediere

2172 3477 2301 3524 γεν’
2331 3455 2409 3523 οἷς
2461 3462 2786 3531 κατακόρως
2835 3461 2932 3514 ἐπὶ
2995 3460 3296 3515 Ἰουλιανοῦ
3337 3460 3712 3528 ἀπεχρήσαντο.

501 3555 783 3610 vestitum.
807 3553 935 3619 Quae
961 3553 1178 3623 publice
1197 3552 1312 3606 ﬁeri
1333 3560 1732 3607 consueverant
1780 3549 2070 3604 libationes

507 3656 565 3698 et
620 3645 982 3714 sanguinariae
1017 3643 1529 3706 contaminatioues,
1574 3642 1769 3711 quibus
1824 3640 1925 3694 sub
1978 3639 2075 3693 .lu-

503 3738 658 3795 liano
695 3741 759 3791 ad
795 3736 1273 3793 satietatemabusi
1303 3744 1480 3800 erant,
1511 3734 1670 3789 ﬁnem
1702 3749 1861 3787 suum
1897 3732 2070 3786 habu-

2173 3549 2329 3603 Ὅσοι
2358 3549 2415 3603 δὲ
2441 3550 2546 3601 τῶν
2575 3551 2891 3603 ἐπισκόπων
2920 3550 2997 3620 μὴ
3026 3549 3276 3617 ἔφθασαν
3307 3550 3410 3603 ὑπὸ
3455 3542 3712 3600 ἰουλιανοῦ

2173 3640 2564 3712 ἀνακληθῆναι,
2598 3641 3018 3711 μετεστέλλοντο
3041 3641 3168 3711 ήδη,
3193 3642 3291 3694 καὶ
3315 3640 3493 3693 οίκαδε
3513 3638 3712 3694 ἕκαστος

2175 3734 2306 3788 ῐετο.

509 3847 624 3886 ere.
650 3830 972 3903 Quicunque
1001 3839 1184 3886 autem
1215 3827 1461 3900 episcopi
1493 3827 1562 3883 ab
1590 3826 1809 3883 Juliauo
1832 3825 2071 3880 revocati
2113 3825 2182 3879 ab
2242 3825 2439 3881 exsilio
2510 3840 2619 3881 non
2650 3833 2829 3894 erant,
2860 3835 2975 3881 tum
2997 3823 3236 3891 reducti,
3260 3824 3478 3881 domum
3508 3821 3712 3894 quisque

507 3941 661 3981 suam
703 3924 887 3980 rediit.

1040 4039 1152 4110 96
1174 4036 1397 4094 CAPUT
1436 4035 1552 4090 XL.

514 4137 582 4193 Ut
617 4137 895 4191 Jovininno
931 4136 1091 4188 etiam
1129 4132 1498 4187 Macedoninni
1532 4129 1821 4183 Antiochia!
1846 4126 2079 4182 libellum

582 4208 867 4279 supplicem
913 4204 1235 4279 obtulerint;
1266 4211 1311 4253 et
1340 4212 1404 4279 ιιιΔ
1426 4202 1653 4279 synodus
1681 4199 1868 4252 ibidem
1905 4196 2079 4279 Νίσαια

582 4271 705 4330 nam
733 4278 888 4343 ﬁdem
921 4273 1251 4341 approbarit,
1280 4271 1752 4343 confessionemque
1772 4285 1928 4323 suam
1952 4271 2083 4321 scri—

582 4342 740 4417 ptam,
760 4348 827 4398 ad
860 4346 1233 4412 imperatorem
1265 4342 1480 4394 miserit.

582 4460 751 4515 Paulo
787 4458 985 4512 deinde
1020 4466 1163 4526 post,
1189 4453 1543 4507 ecclesiarum
1577 4451 1836 4521 prmsides
1864 4449 2082 4520 quaesti-

514 4571 647 4612 ones
670 4555 737 4608 de
785 4552 1135 4623 dogmatibus
1168 4564 1360 4604 rursus
1416 4554 1731 4601 moverunt.
1790 4543 1923 4597 Nam
1982 4545 2084 4597 sub

512 4647 714 4703 Juliani
739 4646 991 4716 imperio,
1019 4643 1165 4714 quod
1205 4642 1337 4697 ﬁdes
1387 4637 1610 4694 omnino
1651 4635 1961 4705 periclitata
1992 4648 2083 4686 es-

514 4751 624 4809 set,
677 4741 847 4812 quieti
907 4753 1098 4793 omnes
1155 4751 1278 4792 esse
1351 4739 1872 4805 perseveraverant:
1928 4742 2080 4782 com-

514 4836 757 4890 muniter
835 4833 1088 4905 precibus
1180 4829 1383 4891 Deum,
1486 4835 1545 4881 ut
1625 4823 1943 4893 religionem
2045 4836 2077 4875 a

519 4938 669 4984 tanta
772 4926 1035 4981 liberaret
1116 4924 1436 4993 tyrannide,
1534 4919 1912 4989 implorantes.
2002 4916 2082 4969 Ita

517 5021 664 5075 enim
721 5018 1123 5089 quodammodo
1189 5025 1377 5070 natura
1455 5012 1737 5066 hominum
1813 5008 1945 5074 fert,
2027 5016 2090 5061 ut

520 5114 666 5168 inter
680 5126 739 5168 se
756 5110 1019 5179 quietem,
1049 5107 1269 5161 aliunde
1300 5108 1380 5160 eis
1396 5103 1716 5158 discrimine
1742 5101 2083 5165 imminente,

520 5205 671 5259 cives
703 5203 947 5272 agitent:
986 5207 1042 5252 at
1075 5198 1120 5252 si
1151 5212 1342 5268 pacem
1371 5209 1499 5253 cum
1553 5195 1757 5251 exteris
1819 5193 2083 5256 habeant,

522 5295 828 5352 seditiones
865 5291 1016 5347 domi
1063 5290 1362 5345 concitent.
1389 5287 1495 5342 Sed
1545 5289 1692 5341 enim
1730 5285 2084 5339 ecclesiarum

521 5387 824 5454 antistites,
857 5383 1002 5456 quod
1024 5380 1292 5454 principis
1318 5380 1577 5450 pietatem
1603 5386 1851 5442 nossent,
1883 5389 2092 5446 praeoc-

600 5567 679 5638 (ί)
702 5563 1111 5638 Constitutione
1158 5560 1381 5638 publice
1432 5555 1736 5638 proposita,
1764 5553 2093 5638 Iovinianus

526 5624 746 5693 restitui
782 5634 1033 5712 ecclesiis
1057 5624 1332 5712 ann-qnam
1358 5624 1553 5712 jussit;
1578 5628 1798 5712 Verum
1824 5624 2092 5712 quodda-

530 5720 652 5761 mes
682 5705 899 5772 gravior
929 5711 1151 5772 prapter
1179 5699 1385 5756 Iuliani
1416 5699 1753 5772 impietatem
1786 5705 1901 5751 tum

1938 5709 2097 5763 gras-

2782 4027 3032 4081 ΚΕΦᾹΛ.
3064 4028 3154 4081 Μ’.

2198 4120 2297 4187 Ὠς
2326 4117 2425 4173 ἐπὶ
2457 4117 2675 4172 τούτου
2705 4116 2804 4171 καί
2854 4121 2909 4172 al
2967 4119 3401 4174 Μακεδονιανοί
3438 4120 3504 4173 ἐν
3528 4121 3709 4173 Ἀντίου

2258 4192 2389 4260 χείᾳ
2437 4190 2597 4256 παρὰ
2639 4190 3273 4260 Μελετίῳτενόμενοι,
3319 4188 3713 4260 τὴνένΝικαίᾳ

2258 4259 2471 4314 πίστιν
2522 4259 2857 4329 κυροῦσαν,
2913 4259 3215 4328 ἔγγραφον
3270 4259 3384 4328 τὴν
3428 4260 3710 4329 ὁμολογίαν

2114 4354 2158 4410 D
2257 4330 2481 4397 ταύτης
2509 4328 2989 4397 διαπεμψάμενοι
3003 4331 3278 4395 βασιλεῖ.

2261 4445 2335 4498 Οὐ
2376 4442 2559 4513 πολλῷ
2607 4442 2654 4495 δ’
2689 4441 2915 4514 ὕστερον
2951 4445 3065 4508 τοῖς
3104 4444 3214 4497 τῶν
3260 4442 3558 4514 ἐκκλησιῶν
3610 4455 3711 4510 προ

2190 4539 2421 4593 εστῶσιν
2470 4538 2526 4591 ai
2579 4538 2709 4608 περὶ
2761 4535 3054 4604 δογμάτων
3110 4535 3373 4608 ζητήσεις
3423 4532 3569 4597 αὖθις
3592 4531 3712 4587 κεκί·

2190 4647 2373 4702 νηντο.
2402 4629 2513 4684 Kal
2545 4630 2655 4698 γάρ
2682 4630 2775 4681 ἐπὶ
2801 4628 2902 4698 τῆς
2940 4625 3239 4681 Ἱουλιανοῦ
3278 4628 3450 4698 ἀρχῆς
3478 4625 3547 4688 ὡς
3573 4627 3644 4685 είς
3666 4619 3712 4674 τὲ

2192 4721 2451 4785 παντελές
2478 4720 2890 4790 κινδυνευούσης
2915 4719 3013 4790 τῆς
3036 4721 3296 4789 πίστεως,
3318 4720 3545 4778 ἅπαντες
3566 4709 3714 4784 ήσυχί

2192 4815 2466 4869 διετέλουν
2495 4816 2650 4884 κοινῇ
2680 4814 2773 4868 τὸν
2799 4812 2935 4866 Θεὸν
2985 4811 3291 4883 ἱλεούμενοι
3344 4812 3439 4881 τῆς
3484 4806 3714 4870 τοσαύτηι

2198 4908 2632 4963 ἀπαλλάττεσθαι
2665 4905 2765 4978 τὴν
2791 4905 3092 4976 θρησκείαν
3126 4904 3459 4978 τυραννίδος.
3505 4900 3606 4956 Καὶ
3626 4896 3713 4965 γάρ

2195 5021 2313 5067 πως
2341 5002 2485 5058 οὓτω
2534 5002 2688 5071 φίλον
2740 5003 2808 5071 τῇ
2839 4999 3161 5070 ἀνθρωπίνῃ
3191 4997 3376 5065 φύσει,
3405 4993 3576 5064 ἠρέμα
3602 4988 3713 5057 πρὸς

2188 5098 2250 5150 τὸ
2269 5095 2541 5168 ὁμόφυλον
2581 5092 2914 5158 διακεῖσθαι,
2970 5089 3061 5161 ὑφ’
3110 5090 3314 5160 ἐτέρων
3364 5081 3711 5158 πειραζομένῃν

2187 5190 2297 5242 δεῖν
2319 5188 2367 5242 δ’
2421 5186 2870 5258 ἀπηλλαγμένοις
2908 5184 3017 5238 τῶν
3074 5183 3294 5249 ἔξωθεν,
3326 5180 3459 5253 πρὸς
3488 5176 3611 5246 σφᾶς
3632 5171 3711 5223 αὐ·

2190 5284 2323 5345 τοὺς
2345 5280 2773 5343 διαστασιάζειν.
2799 5278 2909 5331 Kal
2928 5277 2995 5347 δὴ
3016 5278 3130 5340 τοῖς
3157 5276 3261 5330 τῶν
3285 5270 3578 5343 ἐκκλησιῶν
3601 5278 3711 5332 προ·

2192 5372 2413 5437 εστῶσι,
2436 5372 2498 5425 τὸ
2528 5369 2753 5433 εὐσεϐὲς
2785 5369 2882 5422 τοῦ
2922 5368 3157 5430 ἄνακτος
3192 5363 3472 5433 ἐγνωκόσι,
3507 5352 3712 5427 προτρέ-

2194 5551 2428 5607 curavit.
2490 5547 2905 5619 Quamprimum
2967 5556 3149 5619 autem
3212 5543 3376 5597 fames
3431 5525 3711 5619 savirgff‘

2195 5621 2402 5687 siisset,
2434 5612 2707 5690 integrum
2762 5634 2821 5672 se
2859 5616 3128 5690 frumenti
3166 5625 3445 5690 numerum
3492 5612 3567 5690 ςξξ
3592 5612 3707 5690 νεεδ·

2198 5672 2633 5745 iiii’iiéii'nime‘éi
2687 5688 2987 5759 pollicitus.
3046 5681 3445 5755 (Theudor-itus,
3505 5672 3588 5727 lib.
3641 5677 3704 5726 tv.

531 5761 767 5832 sarctnr,
796 5781 853 5825 et
885 5761 1217 5825 frumentum
1269 5786 1411 5840 aegre
1451 5761 1803 5840 penderetur,
1836 5761 2066 5840 rpiinpd

2200 5775 2344 5840 cap;
2357 5761 2438 5840 4:)

536 5859 676 5907 οιον,
708 5843 813 5895 hoc
852 5853 956 5905 est,
987 5841 1203 5895 tertiam
1251 5833 1368 5912 ejus
1399 5833 1602 5910 partem
1653 5837 1801 5891 clero
1849 5833 2098 5889 exhiberi

2276 5823 2352 5902 (Ξ)
2385 5823 2445 5886 ι..
2485 5831 2702 5897 Siquis.
2734 5829 2794 5885 C.
2842 5829 2916 5886 De
2956 5828 3126 5891 episc.
3155 5835 3208 5883 et
3234 5823 3366 5878 cler.
