3986 6190
364 281 470 349 5'3

1272 288 1878 364 ECCLESIASTIC/E
1918 307 2314 375 msromxs
2348 294 2494 380 LIB‘.
2537 316 2606 383 x.

3521 336 3626 400 574

361 419 481 472 χειν
508 396 586 514 ᾖν
622 403 855 514 σπουδή.
908 402 1050 462 Hist
1087 409 1201 483 γὰρ
1254 414 1427 470 ἐδόκει
1480 418 1572 472 τὸν
1626 390 1858 491 βαόιλέα
1883 428 1940 496 τῇ

2054 433 2369 499 cupandum
2399 435 2515 491 sibi
2548 452 2674 492 eum
2705 452 2828 495 esse
2870 438 3054 496 studio
3107 456 3304 512 magno
3334 444 3616 514 putabant-

362 492 605 566 σφετέρᾳ
664 495 849 550 πίστει
907 501 1343 574 προσθήσεσθαι,
1397 512 1529 580 παρ’
1562 511 1728 566 αὐτοῦ
1758 532 1817 568 τε
1845 492 1944 584 τὴν

359 585 505 638 κατὰ
533 585 649 639 τῶν
694 587 999 646 δοκούντων
1057 595 1242 661 αὐτοῖς
1288 601 1602 656 ἀντιπάλων
1626 594 1945 678 παρρησίαν

359 676 627 749 ὑπάρξειν
663 682 998 751 νομίζοντες,
1077 687 1139 741 '0
1168 688 1214 742 δ’
1263 691 1323 757 ἐξ
1351 694 1526 766 ἀρχῆς
1552 700 1619 768 τῇ
1649 676 1945 768 ὁμο-ούσίου

358 771 543 824 πίστει
572 774 901 841 προσέκειτο
921 793 937 808 °
967 779 1064 831 καὶ
1095 783 1230 836 πᾶσι
1255 785 1413 839 τοῦτο
1445 791 1764 859 περιφανῶς
1792 791 1943 863 ὡμο-

356 857 531 927 λόγει.
560 864 668 916 Καὶ
707 867 915 934 πρῶτοι
948 870 1170 925 πάντων
1202 876 1467 945 παρῆσαν·
1503 857 1896 934 Μακεδονιανοί
1923 892 1940 910 ⁸

358 949 406 1003 οἳ
436 952 549 1003 τῶν
583 955 684 1023 μὲν
722 957 1022 1027 Ἀνομοίων
1054 964 1421 1033 καλουμένων
1470 970 1571 1040 τὴν
1601 971 1818 1043 αἵρεσιν
1842 976 1949 1030 ἀπ-

356 1042 709 1136 εστρέφοντο,
769 1050 831 1101 τὸ
881 1051 936 1104 δὲ
994 1054 1311 1123 όμοιούσιον
1361 1060 1483 1115 ἀντὶ
1529 1064 1623 1119 τοῦ
1648 1042 1939 1136 όμοουοίου

357 1135 641 1233 sBéZ-ovro'
683 1139 732 1233 οί
759 1143 854 1195 καὶ
885 1142 1095 1214 βιϐλίον
1121 1148 1333 1216 βασιλεί
1368 1151 1574 1220 δόντες,
1605 1135 1767 1228 χάριν
1795 1161 1939 1233 ἔχειν

354 1227 670 1325 ιῦμολόγουν
701 1232 822 1303 Θεῷ
872 1237 972 1306 τῆς
996 1240 1163 1293 αὑτοῦ
1188 1240 1379 1296 ἕνεκεν
1413 1227 1715 1316 ἡγεμονίας
1739 1267 1751 1281 ·
1778 1227 1943 1325 ᾔτουν

355 1319 647 1413 δὲτοὺςτδ
709 1325 968 1395 ἀνόμοιον
1023 1330 1458 1401 romanam;
1496 1339 1607 1392 τῶν
1632 1319 1943 1413 ἐκκλησιῶν

354 1411 785 1508 ἀπελαύνεσθαι,
811 1418 1001 1484 αὐτοῖς
1030 1420 1076 1473 δ’
1097 1423 1421 1495 ἐπιτρέπειν
1471 1430 1662 1495 αὐτάς.
1702 1411 1843 1502 Πρός
1878 1437 1942 1508 δὴ

354 1501 718 1573 τούτοιςῆτά
735 1507 793 1558 ὲν
841 1507 1109 1583 Ἀριμίνῳ
1160 1514 1257 1568 καὶ
1305 1516 1599 1594 Σελευκείᾳ
1641 1501 1807 1595 κύρια
1848 1501 1943 1597 μέλ

356 1610 494 1690 νειν,
529 1596 626 1649 καὶ
655 1598 724 1651 τὰ
755 1599 849 1670 βίᾳ
880 1602 1033 1673 παρά
1066 1620 1230 1657 τινων
1251 1614 1601 1682 γεγενημένα
1645 1596 1873 1687 ἀργεῖν,
1908 1620 1940 1690 ἢ

355 1686 454 1740 τοῦ
484 1690 680 1761 πρώην
711 1694 1013 1762 σχίσματος
1045 1697 1323 1766 μένοντος,
1349 1686 1693 1773 ἐπιτρεπτέα
1711 1725 1772 1777 γε
1798 1686 1941 1765 εἶναι

2044 522 2110 577 Et
2138 540 2237 593 pro
2260 540 2319 581 se
2347 528 2583 597 quisque
2618 544 2833 598 omnes,
2887 532 3275 611 imperatorem
3332 535 3403 590 ad
3436 536 3625 592 factio-

2046 614 2135 670 nis
2200 632 2312 673 sute
2349 618 2511 673 ﬁdem
2554 634 2936 689 accessurum,
2987 624 3330 695 proindeque
3373 642 3441 681 se
3478 627 3623 682 illius

2058 708 2390 765 auctoritate
2416 714 2678 781 majorem
2711 714 3017 770 libertatem
3049 725 3236 770 contra
3269 733 3368 773 eos
3393 719 3484 788 qui
3517 719 3619 775 sibi

2045 799 2325 854 adversari
2356 801 2701 869 viderentur,
2738 805 3031 861 habituros
3059 821 3182 862 esse
3212 808 3529 863 credebant.
3554 810 3623 863 At

2044 891 2134 947 ille
2146 894 2256 963 jam
2275 894 2402 950 inde
2428 896 2499 950 ab
2529 897 2688 952 initio
2710 899 2805 952 τοῦ
2820 900 3112 968 όμοουσίου
3129 901 3619 955 consubstantialis

2048 988 2381 1058 professioni
2438 990 2692 1049 addictus
2723 990 2920 1055 fuerat,
2974 1000 3031 1047 et
3086 992 3139 1046 id
3185 1000 3298 1045 tum
3332 993 3620 1049 manileste

2043 1094 2156 1149 prze
2184 1093 2243 1135 se
2281 1081 2427 1136 tulit.
2467 1081 2637 1137 Primi
2684 1083 2933 1137 omnium
2962 1082 3620 1151 aﬂ‘uercilacedoniani,

2045 1171 2138 1242 qui
2175 1170 2397 1241 quidem
2430 1173 2683 1241 haeresim
2721 1190 2913 1230 eorum
2944 1176 3037 1245 qui
3077 1175 3343 1245 ἀνόμοιοι,
3366 1176 3468 1231 hoc
3515 1186 3618 1241 est,

2044 1264 2363 1329 dissimiles,
2390 1265 2737 1333 dicebantur,
2771 1268 3116 1339 rejiciebant,
3141 1278 3198 1323 et
3228 1270 3289 1321 τὸ
3311 1268 3620 1338 ὀμοιούσιον

2042 1358 2284 1415 similem
2317 1360 2622 1415 substantia
2653 1374 2755 1429 pro
2786 1360 2882 1413 τοῦ
2929 1361 3224 1431 ὁμοουσίου
3259 1362 3621 1416 consubstan-

2048 1450 2190 1515 tiali,
2250 1450 2615 1521 recipiebant.
2651 1452 2717 1506 Et
2753 1453 2998 1508 libellum
3041 1453 3079 1508 ii
3109 1453 3423 1523 imperatori
3458 1452 3621 1507 obtu-

2045 1539 2250 1603 lerunt,
2270 1540 2327 1595 in
2344 1556 2454 1610 quo
2483 1542 2594 1598 Deo
2617 1542 2821 1612 gratias
2844 1543 2912 1598 de
2941 1544 3174 1613 imperio
3204 1542 3324 1610 ejus
3344 1542 3578 1613 agebant
3602 1558 3617 1595 :

2046 1646 2111 1686 ac
2142 1631 2401 1701 deinceps
2428 1634 2711 1701 petebant,
2741 1642 2802 1689 ut
2830 1634 2913 1690 eis
2948 1634 3043 1704 qui
3080 1634 3347 1689 dissimile
3403 1647 3632 1687 assere--

2048 1720 2195 1786 bant,
2231 1736 2299 1776 ex
2332 1722 2585 1777 ecclesiis
2611 1724 2880 1793 expulsis,
2928 1725 3063 1794 ipsis
3091 1725 3197 1778 illa:
3249 1721 3623 1793 gubernanda!

355 1783 471 1844 τοῖς
505 1782 829 1854 ἁπανταχοῦ
878 1788 1203 1852 ἐπισκόποις
1270 1791 1379 1863 ὅπη
1439 1793 1720 1863 βούλοιντο
1753 1803 1940 1855 συνελς

2048 1812 2548 1869 committerentur.
2577 1813 2846 1871 Praeterea
2888 1826 2948 1871 ut
2977 1817 3061 1872 vel
3086 1830 3151 1870 ea
3202 1829 3325 1884 qua
3382 1811 3615 1869 Arimini

358 1870 494 1936 θεῖν,
534 1875 610 1943 μή
639 1892 785 1940 τινος
842 1879 1109 1948 κοσμικόῦ
1140 1884 1531 1947 κοινωνοῦντος
1550 1901 1565 1915 ·
1623 1890 1721 1942 καὶ
1753 1893 1828 1962 μὴ
1857 1894 1941 1957 είς

354 1965 536 2036 πέρας
559 1967 956 2036 προϐαίνειν,εἰ’
976 1988 1063 2033 τις
1094 1973 1152 2024 ὲν
1179 1975 1340 2046 μέρει
1363 1994 1417 2031 τι
1454 1980 1720 2050 πράττειν
1738 1978 1943 2053 ἕλοιτο,

350 2056 389 2126 ἦ
420 2060 654 2130 ἀπιτᾷν,
676 2060 864 2132 ὥσπερ
890 2064 982 2115 ἐπὶ
1008 2065 1395 2124 Κωνσταντίου
1423 2074 1648 2144 συνέϐη.
1679 2075 1939 2142 Ἐδήλουν

352 2151 415 2204 δὲ
454 2153 595 2242 μηδὲ
625 2156 706 2216 είς
734 2154 793 2207 τὸ
840 2158 1210 2229 στρατόπεδον
1270 2162 1588 2231 ἀφικέσθαι,
1649 2167 1738 2222 ἵνα
1766 2170 1842 2242 μὴ
1869 2170 1939 2225 δι’

356 2244 519 2314 ὄχλον
554 2241 687 2299 εἷεν.
709 2246 771 2299 Ei
794 2246 839 2299 δ’
865 2249 1175 2320 ἐπιτρέψειε
1200 2252 1477 2322 βασιλεὺς,
1497 2259 1747 2328 ἀσμένως
1765 2241 1938 2314 ποιεῖν

357 2334 583 2389 ἃπαντα
619 2336 888 2400 δαπάναις
914 2340 1009 2392 καὶ
1035 2340 1354 2411 ὑποζυγίοις
1387 2345 1496 2408 τοῖς
1527 2347 1761 2403 οἴκοθεν.
1796 2350 1858 2402 Οἱ
1879 2350 1936 2403 δὲ

354 2428 419 2479 τὸ
447 2428 657 2498 βιϐλίον
689 2430 906 2499 βασιλεί
944 2432 1129 2496 δόντες
1156 2431 1300 2504 ἦσαν
1325 2429 1474 2492 οὗτοι
1495 2453 1510 2467 ·
1571 2440 1859 2505 Βασίλειος
1909 2444 1938 2495 ό

371 2519 675 2590 Ἀγκύρας,
706 2522 968 2588 Σιλϐανὺς
1008 2526 1251 2596 Ταρσοῦ,
1275 2530 1587 2601 Σωφρόνιος
1615 2534 1937 2606 Πομπηϊου-

357 2614 591 2705 πόλεως,
632 2615 981 2705 ᾲΠαυσίνικος
1037 2617 1245 2688 Ζήλων,
1321 2622 1577 2687 Λεόντιος
1639 2625 1971 2705 Κομάνωνη

357 2699 751 2772 Καλλικράτης
792 2703 1303 2772 Κλαυδιουπόλεως,
1351 2710 1610 2780 Θεόφιλος
1638 2715 1938 2769 Κασταϐἀ-

357 2789 494 2855 λων,
522 2792 620 2844 καὶ
645 2793 849 2864 ἕτεροι.
894 2793 954 2849 Ὅ
983 2796 1041 2849 δὲ
1074 2796 1327 2868 βασιλεὺς
1368 2801 1431 2854 τὸ
1464 2802 1674 2872 βιϐλίον
1706 2805 1939 2877 δεξάμε-

359 2894 473 2944 νος,
516 2878 638 2932 οὐδὲ
671 2881 1023 2952 ἀποκρίσεως
1045 2887 1215 2951 ἀξιοῖ,
1243 2886 1403 2941 τοῦτο
1441 2891 1601 2959 μόνον
1630 2892 1939 2964 φθεγξάμε-

357 2987 448 3034 νος
468 2988 482 3002 ·
520 2990 539 3023 ι
586 2971 729 3041 Ἐγὼ
757 2975 857 3043 τὴν
887 2976 987 3045 μὲν
1015 2976 1358 3044 φιλονεικίαν
1386 2981 1531 3050 μισῶ
1553 2998 1567 3012 ·
1606 2985 1730 3048 τοὺς
1760 2984 1815 3038 δὲ
1835 2987 1936 3058 τὴν

356 3063 617 3130 ιμόνοιαν
641 3064 1061 3133 ἀσπαζομένους
1097 3067 1219 3121 λίαν
1252 3069 1455 3135 ἀγαπῶ
1482 3074 1572 3125 καὶ
1601 3076 1769 3145 τιμῶ.
1808 3096 1828 3130 ι
1868 3079 1933 3131 Ὀ

355 3152 425 3225 δὴ
454 3154 550 3206 καὶ
590 3153 690 3216 τὰς
724 3153 834 3206 τῶν
860 3155 1038 3209 ἄλλων
1075 3158 1295 3227 φθάσαν
1344 3162 1507 3227 εὐθὺς
1539 3139 1730 3231 ἀκοάς,
1761 3168 1820 3219 τὸ
1849 3168 1937 3221 ἐν-
1966 3139 2013 3201 c

357 3260 512 3296 τονον
537 3244 639 3313 τῆς
678 3243 1016 3312 φιλονεικίας
1072 3249 1265 3317 ὲχάλα,
1320 3251 1422 3304 καὶ
1475 3252 1543 3305 τὰ
1569 3255 1712 3307 κατά
1740 3256 1940 3310 σκοπὸν

356 3333 441 3402 τῷ
473 3332 686 3404 βασιλεῖ
732 3334 1023 3403 ἔπραττον.
1055 3337 1125 3391 Ὀ
1152 3355 1210 3391 τε
1266 3339 1578 3407 φιλόνεικος
1603 3344 1803 3411 αὐτῶν,
1832 3347 1941 3400 τῶν

359 3428 495 3496 περὶ
542 3428 804 3482 Ἀκάκιον
829 3428 998 3496 λέγω,
1037 3431 1239 3499 τρόπος
1273 3431 1561 3503 ἠλέγχετο,
1615 3435 1710 3488 καὶ
1738 3437 1815 3500 ὡς
1851 3440 1942 3493 ἀεὶ

358 3518 501 3589 πρὸς
530 3519 594 3572 τὸ
622 3519 815 3574 δοκοῦν
844 3522 960 3584 τοῖς
986 3520 1281 3591 κρατοῦσιν
1328 3524 1650 3593 ἀπέκλιναν,
1686 3528 1941 3597 ἐμφανῶς

360 3611 605 3674 ἔδειξαν·
630 3612 823 3680 ἐπειδὴ
858 3612 977 3683 γὰρ
1000 3615 1093 3668 τὸν
1160 3614 1494 3686 Ἀντιοχείας
1523 3617 1792 3672 Μελέτιον
1846 3621 1943 3673 επὶ

360 3709 616 3762 πλεῖστον
669 3707 883 3778 βασιλεί
931 3708 1019 3762 διὰ
1067 3710 1236 3780 τιμῆς
1264 3711 1395 3764 ὄντα
1441 3710 1653 3782 ἑώρων,
1684 3715 1801 3768 ἐκεῖ
1830 3719 1940 3787 γὰρ

356 3799 663 3869 τηνικαῦτα
696 3800 1008 3870 διέτριϐενο
1058 3804 1139 3865 είς
1190 3803 1378 3872 λόγους
1434 3806 1629 3877 ἐκείνῳ
1669 3808 1939 3873 ἐλθόντες,

362 3888 614 3943 πείθουσι
645 3888 863 3942 σύνοδον
892 3893 948 3940 ὲν
982 3887 1286 3964 Ἀντιοχείᾳ
1319 3892 1479 3946 πάλιν
1514 3894 1788 3961 γενέσθαι.
1830 3892 1941 3950 Ἦν

361 3980 420 4032 δὲ
450 3980 715 4041 Μελέτιος
752 3978 932 4047 οὗτος,
972 3981 1031 4043 ὃς
1063 3982 1249 4052 μικρῷ
1295 3983 1536 4053 πρόσθεν
1563 3987 1741 4041 αὐτῶν
1776 4006 1944 4060 χωρι·

361 4070 537 4136 σθεὶς,
569 4072 644 4143 τῷ
672 4073 951 4143 όμοουσίῳ
984 4074 1305 4144 προσέθετο.
1347 4077 1457 4130 Καὶ
1475 4077 1657 4131 τοίνυν
1683 4080 1741 4140 ἐς
1770 4081 1940 4134 ταυτὸ

362 4163 712 4227 συνελθόντες
735 4168 793 4218 ἐν
829 4164 1128 4237 Ἀντιοχείᾳ
1158 4166 1270 4219 τῶν
1299 4166 1502 4237 Σύρων,
1523 4171 1620 4240 τὴν
1648 4173 1705 4225 ἐν
1737 4171 1942 4244 Νικαίᾳ

362 4255 647 4327 βεϐαιοῦσι
686 4257 872 4310 πίστιν
895 4296 911 4321 ,
964 4259 1060 4312 καὶ
1091 4258 1343 4328 κυροῦσι,
1367 4260 1427 4313 τὸ
1455 4261 1744 4333 ὁμοούσιον
1766 4265 1941 4332 ἀναμ-

365 4348 654 4421 φηρίστως
682 4348 930 4415 δοξάζειν
957 4351 1050 4405 τὸν
1080 4352 1209 4405 Υίδν
1251 4351 1330 4422 τῷ
1363 4352 1559 4424 Πατρί.
1592 4355 1851 4409 Κοινωνοὶ
1881 4357 1942 4410 δὲ

2050 1913 2104 1961 et
2142 1903 2412 1961 Seleucia:
2444 1914 2648 1961 statuta
2706 1908 2946 1971 inerant,
3000 1906 3156 1961 ﬁrma
3206 1911 3529 1959 manerent:
3560 1912 3616 1957 et

2048 2011 2171 2066 quae
2202 2012 2232 2050 a
2262 1997 2545 2053 nonnullis
2584 2014 2683 2069 per
2716 1999 2824 2053 vim
2859 2007 3051 2053 contra
3085 2013 3148 2053 ea
3179 2005 3300 2052 acta
3328 2004 3508 2059 erant,
3538 1994 3617 2048 ir-

2049 2088 2155 2142 rita
2191 2096 2417 2143 essent:
2472 2088 2556 2143 vel
2592 2090 2775 2159 priore
2828 2089 3122 2143 schismate
3177 2096 3340 2157 atque
3386 2085 3614 2142 dissidio

2047 2180 2305 2241 durante,
2368 2180 2642 2250 episcopis
2700 2181 2960 2236 omnibus
3022 2194 3354 2250 quocunque
3409 2179 3617 2233 vellent

2045 2269 2172 2326 loco
2204 2271 2501 2326 convenire
2548 2270 2761 2326 liceret.
2811 2271 2869 2326 In
2901 2286 3012 2340 quo
3042 2280 3313 2326 conventu
3372 2284 3440 2323 ne
3492 2268 3615 2337 quis

2045 2364 2325 2419 sacularis
2354 2363 2612 2429 adesset,
2643 2379 2783 2420 neve
2836 2364 2998 2419 linem
3032 2379 3189 2420 suum
3247 2377 3613 2431 consequere-

2047 2463 2160 2519 tur,
2194 2455 2241 2511 si
2269 2456 2396 2525 quis
2428 2456 2659 2512 scorsim
2704 2457 3002 2527 quidquam
3037 2458 3266 2526 egisset,
3294 2464 3390 2511 aut
3424 2456 3612 2509 fallere

2043 2547 2397 2615 instituisset,
2448 2548 2614 2604 sicuti
2665 2549 2769 2603 sub
2818 2549 3141 2605 Constantio
3195 2548 3396 2604 factum
3441 2555 3608 2604 esset.

2044 2650 2332 2710 rogarunt.
2369 2640 2509 2695 Illud
2534 2654 2758 2711 quoque
2782 2641 3183 2711 signiﬁcarunt,
3211 2654 3271 2695 se
3301 2639 3436 2694 citra
3463 2638 3614 2709 priu—

2042 2731 2560 2803 cipisvoluutatem,
2592 2734 2647 2788 in
2669 2734 2851 2789 aulam
2892 2741 2953 2788 et
3000 2733 3320 2788 comitatum
3354 2731 3612 2801 imperia-

2047 2824 2190 2891 lem,
2247 2840 2320 2880 ne
2385 2825 2603 2881 molesti
2648 2840 2772 2882 esse
2813 2825 3150 2892 viderentur,
3239 2840 3348 2879 non
3414 2834 3611 2877 ventu-

2042 2928 2153 2968 ros.
2209 2912 2306 2969 Sin
2380 2913 2434 2969 id
2483 2916 2564 2970 eis
2620 2914 3090 2985 pcrmittercturt
3154 2911 3487 2981 perlibenter
3556 2909 3609 2963 id

2041 3003 2289 3060 {acturos
2344 3018 2466 3061 esse
2532 3004 2847 3073 sumptibus
2904 3014 2960 3059 et
3007 3004 3276 3073 iumentis
3348 3002 3610 3072 propriis,

2043 3094 2425 3151 ostenderunt.
2452 3096 2561 3167 97
2590 3096 2692 3163 Qui
2724 3110 2856 3151 vero
2900 3095 3136 3167 principi
3196 3096 3270 3149 ita
3335 3093 3614 3163 supplica-

2045 3196 2196 3251 runt,
2226 3187 2403 3252 fuere,
2435 3188 2669 3244 Basilius
2695 3190 3038 3259 Ancyranus,
3067 3185 3337 3257 Sylvanus
3374 3184 3615 3241 Tarsen-

2042 3280 2141 3348 sis,
2172 3279 2514 3349 Sopbronius
2534 3278 3097 3350 Pompeiopolitanus,
3167 3276 3494 3331 Pausinicus
3533 3276 3609 3345 (l)

2041 3368 2316 3435 Zelorum,
2376 3369 2639 3425 Leontius
2721 3368 3089 3424 Comanorum
3128 3366 3228 3436 (2),
3288 3366 3609 3420 Callicrates

2041 3460 2574 3531 Claudiopolitanus,
2628 3459 2971 3529 Theophilus
3037 3458 3456 3519 Castabalenus,
3548 3466 3606 3511 et

2041 3551 2157 3606 alii.
2191 3551 2691 3622 Imperatorlibello
2726 3550 2961 3620 supplici
2999 3556 3247 3616 accepto,
3282 3561 3608 3615 responsum

2041 3641 2122 3696 eis
2148 3656 2255 3696 non
2279 3641 2448 3708 dedit,
2485 3641 2580 3697 sed
2610 3641 2742 3696 illud
2787 3649 2998 3694 tantum
3031 3638 3210 3695 dixit:
3244 3653 3343 3709 ego
3375 3648 3606 3691 conten—

2044 3732 2212 3787 tionis
2237 3731 2479 3787 studium
2510 3732 2624 3797 odi,
2670 3730 2980 3786 concordiae
3010 3740 3195 3784 autem
3245 3737 3611 3784 assectatores

2045 3823 2208 3878 unice
2260 3824 2563 3898 amplector
2601 3831 2663 3878 ct
2703 3822 2845 3877 colo.
2875 3839 2894 3873 ι
2933 3820 3086 3886 Quod
3141 3820 3347 3876 dictum
3400 3820 3491 3875 ubi
3542 3822 3609 3880 ad

2044 3915 2279 3969 aliorum
2305 3929 2525 3984 quoque
2547 3928 2710 3968 aures
2747 3912 3022 3982 pervenit,
3062 3912 3429 3966 intentionem
3479 3927 3611 3967 cou-

2045 4008 2310 4062 tcutionis
2337 4007 2562 4073 laxavit,
2586 4016 2645 4060 et
2687 4013 2748 4058 ut
2781 4002 3132 4073 imperatoris
3160 4001 3456 4057 consilium
3483 4017 3610 4056 suc-

2044 4104 2292 4168 cederet,
2352 4101 2557 4157 ell'ecit.
2588 4099 2997 4163 lAltercationis
3054 4113 3290 4168 namque
3339 4099 3608 4166 studium,

2042 4210 2233 4251 eorum
2289 4192 2593 4264 quiAcacii
2645 4191 3028 4248 auctoritatem
3078 4190 3490 4261 sequebantur,
3530 4199 3610 4246 tet

2041 4303 2259 4359 semper
2318 4287 2607 4359 opiniones
2647 4300 2774 4341 suas
2828 4283 2898 4339 ad
2955 4283 3269 4354 principum
3321 4282 3609 4337 arbitrium

2045 4389 2231 4451 aperte
2255 4378 2764 4445 accommodabant,
2789 4376 3191 4447 deprehensum
3211 4385 3314 4430 est.
3333 4375 3467 4431 Nam
3484 4390 3610 4431 cum

364 4444 470 4510 τῆς
507 4441 733 4495 συνόδου
772 4440 981 4512 ταύτης
1038 4444 1371 4499 καθίσταντο
1402 4445 1433 4497 ό
1463 4446 1754 4519 εἰρημένος
1796 4450 1940 4511 θεῖος

2043 4440 2321 4529 Βίειειὶιιιιι
2343 4470 2650 4529 Antiochiae
2675 4470 2992 4540 episcopum
3025 4466 3168 4538 apud
3194 4466 3607 4537 imperatorem,

366 4534 655 4601 Μελὲτιος,
683 4533 782 4605 τὴν
805 4536 902 4605 τῆς
929 4533 1211 4607 Ἀντιόχου
1242 4535 1381 4608 ἔχων
1410 4537 1709 4610 ἐπιτροπήν
1729 4556 1751 4575 ο
1772 4540 1942 4597 Εὐσέ-

370 4625 487 4689 ϐιός
516 4641 577 4678 τε
606 4626 634 4677 ό
664 4625 1022 4694 Σαμοσάτων,
1058 4626 1323 4694 Πελάγιος
1351 4628 1672 4692 Λαοδικείας
1699 4629 1798 4699 τῆς
1836 4629 1938 4693 Σύο

372 4735 503 4788 ρων,
529 4718 625 4769 καὶ
673 4716 928 4780 Ἀκάκιος
958 4718 986 4770 ό
1033 4719 1377 4788 Καισαρείας
1405 4721 1504 4788 τῆς
1551 4722 1937 4791 Παλαιστίνης,

370 4813 463 4861 καί
486 4810 759 4880 Εἱρηνίων
811 4812 839 4864 ὁ
865 4810 1067 4880 Γάζης,
1096 4810 1191 4864 καὶ
1220 4812 1250 4866 ό
1291 4812 1562 4883 Ἀγκύρας
1597 4812 1937 4878 Ἀθανάσιος,

366 4902 455 4955 διὰ
493 4902 752 4973 ὐρφίτου
784 4903 877 4955 καὶ
914 4901 1128 4957 Ἀετίου
1188 4903 1599 4975 πρεσϐυτέρων,
1647 4906 1800 4970 Τίτος
1841 4906 1941 4961 Βό-

369 5010 572 5062 στρων,
599 4994 863 5066 Θεότιμος
905 4996 1176 5068 Ἀράϐων,
1208 4997 1508 5062 Λουκιανὸς
1554 5000 1786 5070 Ἀρκῶν,
1844 5002 1939 5055 καὶ

363 5088 547 5159 ἕτεροι
567 5086 811 5140 πλεῖστοι
840 5090 935 5141 καὶ
957 5089 1235 5158 ἐλλόγιμοι
1254 5089 1470 5161 ἄνδρες.
1499 5090 1685 5145 Ταῦτα
1716 5092 1774 5145 δὲ
1799 5093 1940 5163 πρά-

365 5179 575 5247 ξιντες,
629 5182 721 5235 καὶ
775 5182 853 5254 τῷ
883 5182 1096 5254 βασιλεί
1122 5181 1195 5236 τὰ
1246 5183 1566 5254 ἐγνωσμένα
1612 5185 1794 5250 αὐτοῖς
1819 5186 1937 5240 δια-

361 5275 704 5342 πέμπονται,
735 5274 1048 5346 γράψαντες
1105 5274 1279 5339 οὕτως
1301 5292 1317 5308 ο
1358 5292 1377 5328 ι
1411 5277 1505 5347 Τῷ
1556 5277 1935 5350 εὐσεϐεστάτῳ

362 5371 461 5423 καὶ
488 5367 890 5439 θεοφιλεστάτῳ
936 5370 1094 5441 ἡμῶν
1119 5371 1354 5445 δεσπότῃ
1410 5374 1677 5445 Ἰοϐιανῷ,
1713 5374 1933 5447 Νικητῇ

359 5459 678 5529 Αὐγούστῳ.
706 5461 739 5531 ἡ
759 5461 868 5514 τῶν
895 5463 954 5515 ὲν
989 5452 1301 5536 Ἀντιοχείᾳ
1319 5465 1685 5519 συνελθόντων
1707 5466 1931 5521 ὲπισκόυ

361 5567 475 5604 πων
504 5551 569 5603 ἐκ
597 5549 873 5623 διαφόρων
926 5554 1209 5627 ἐπαρκῶν
1250 5555 1468 5623 σύνοδος
1500 5558 1600 5629 τὴν
1633 5558 1928 5631 ἐκκλησιασ-

430 5731 506 5800 (1)
537 5732 791 5790 Socrates
822 5734 1006 5805 habet,
1046 5735 1340 5795 Pasinicus.

2040 4563 2137 4635 qui
2186 4575 2298 4620 tum
2346 4563 2421 4618 ibi
2450 4570 2587 4628 erat,
2625 4562 2680 4616 in
2726 4575 2923 4631 magno
2951 4560 3129 4631 pretio
3182 4573 3303 4613 esse
3338 4558 3607 4623 viderent,

2040 4669 2171 4710 cum
2199 4670 2266 4709 eo
2293 4654 2571 4720 collocuti,
2622 4660 2684 4706 ut
2734 4666 2953 4706 rursum
3013 4649 3321 4705 Antiochia:
3367 4651 3610 4719 synodus

2040 4744 2435 4808 celebraretur,
2460 4741 2713 4799 eﬂ‘ecere.
2764 4740 3011 4796 Mcletius
3051 4750 3233 4795 autem
3263 4739 3308 4793 is
3336 4740 3460 4805 fuit,
3501 4742 3596 4810 qui

2039 4838 2205 4908 paulo
2229 4846 2355 4891 ante
2382 4836 2452 4891 ab
2481 4837 2563 4891 eis
2586 4835 2887 4905 seiunctus,
2917 4831 2985 4887 ad
3029 4832 3125 4887 τοῦ
3147 4831 3439 4904 όμοουσίου
3470 4846 3607 4887 cou-

2039 4928 2421 4988 substantialis
2446 4926 2851 4998 professionem
2873 4933 3206 4980 accesserat.
3256 4924 3447 4995 Itaque
3477 4937 3608 4977 con-

2039 5023 2167 5078 cilio
2186 5020 2492 5076 Antiochia:
2518 5019 2781 5089 Syrorum
2836 5028 3052 5081 coacto,
3095 5016 3366 5072 Nicaanam
3423 5014 3605 5078 ﬁdem,

2041 5125 2101 5171 ut
2123 5115 2335 5170 scilicet
2364 5114 2503 5169 citra
2538 5112 2970 5169 controversiam
3024 5111 3312 5183 ὁμοούσιος
3357 5107 3605 5166 Consub-
3680 5111 3683 5115 ‘

2036 5206 2308 5263 stantialis
2337 5205 2485 5261 Patri
2523 5205 2699 5261 Filius
2735 5204 3041 5271 diceretur,
3103 5203 3393 5260 stabiliunt
3441 5211 3605 5266 atque

2036 5297 2385 5355 conﬁrmant.
2415 5298 2475 5354 In
2513 5312 2575 5354 ea
2600 5296 2810 5368 synodo
2832 5296 3009 5363 fuere,
3035 5288 3217 5359 divus,
3244 5307 3407 5363 quem
3463 5292 3605 5345 dixi-

2034 5406 2178 5455 mus,
2237 5389 2490 5445 Meletius
2538 5388 2914 5443 Autiochenus
2984 5387 3253 5448 antistes,
3331 5382 3604 5438 Eusebius

2035 5480 2450 5544 Samosateuus,
2480 5478 2731 5550 Pelagius
2750 5477 3031 5532 Laodiceae
3054 5476 3339 5546 Syrorum,
3373 5473 3611 5529 Aeacius

2032 5576 2294 5633 Caesareae
2359 5573 2693 5637 Palatstinm,
2772 5569 2990 5627 lrenion
3074 5566 3233 5625 Gazae
3263 5606 3280 5634 ,
3355 5567 3608 5623 Athana-

2104 5743 2179 5815 (2)
2207 5744 2332 5801 cha
2365 5749 2421 5800 et
2453 5742 2714 5809 Comana,
2749 5739 2946 5812 oppida
2974 5739 3352 5813 Cappadociae.
3380 5738 3526 5794 l’liw.
