3986 6190
470 372 578 443 5Ἶὸ

1698 383 2053 446 NICEPIIOI

2162 385 2506 469 CALLiS’I‘I
3603 382 3689 464 576

473 496 590 549 sius
645 492 888 565 Ancyra).
946 509 1043 564 per
1094 492 1385 563 Orpltitum
1431 504 1487 550 et
1548 497 1765 554 Aetium
1828 502 2053 573 presby-

2162 506 2348 575 στικὴν
2377 507 2598 576 εἰρήνην
2631 521 2685 558 τε
2707 502 2800 558 καὶ
2830 502 3106 574 ὁμόνοιαν.
3134 503 3255 559 Ὀτι
3288 522 3378 559 σου
3408 508 3496 560 καὶ
3523 513 3691 583 πρώτη

474 597 645 649 teros,
674 584 830 639 Titus
855 585 1183 649 Bostrcusis,
1206 586 1532 641 Tltcotitnus
1562 590 1824 654 Arabum,
1855 591 2055 645 Lucia-

472 692 581 731 nus
621 679 914 740 Arcorum,
943 685 1108 745 atque
1143 677 1234 730 alii
1267 678 1452 746 plures
1489 681 1563 749 (l)
1628 681 1896 751 episcopi,
1950 684 2053 739 viri

472 767 737 831 insignes.
774 768 845 819 Ea
876 784 933 819 re
969 778 1109 829 acta,
1136 771 1201 822 ad
1237 771 1626 838 imperatorem
1659 788 1880 841 quoque
1926 789 2049 842 qua:

466 861 827 911 decreverant
865 856 928 908 ad
961 864 1101 911 illlllC
1132 859 1351 912 modum
1377 861 1684 926 scripsere:
1717 881 1735 912 ι
1775 862 2053 927 Piissimo,

468 945 562 999 Dei
597 947 972 1000 amantissimo
997 947 1224 1002 Domino
1259 961 1448 1003 nostro
1481 951 1792 1017 Jo'viniano,
1822 954 2051 1021 Victori,

466 1039 880 1108 Augttsto,qn:e
910 1041 1213 1093 Antiochiae
1266 1042 1650 1111 cpisropornm
1695 1060 1762 1098 ex
1820 1047 2055 1103 diversis

468 1128 776 1188 provinciis
838 1132 1106 1183 convenit
1173 1132 1438 1201 synodus.
1493 1135 1648 1199 Quod
1705 1136 1879 1205 pietas
1938 1148 2051 1202 tua,

468 1221 742 1289 priuecps,
769 1223 1200 1277 ecclesiasticam
1242 1240 1428 1293 pacem
1463 1236 1519 1280 et
1548 1229 1897 1281 concordiam
1924 1244 2055 1285 con-

464 1312 661 1365 eiliare
692 1313 987 1377 studuerit,
1013 1323 1069 1367 et
1107 1315 1206 1383 ipsi
1236 1318 1404 1384 probe
1426 1319 1703 1382 novimus,
1744 1318 1836 1374 Dei
1869 1338 2055 1374 aman-

472 1403 690 1457 tissime
721 1403 1040 1473 imperator.
1071 1407 1226 1472 Quod
1275 1423 1408 1462 vero
1434 1418 1491 1463 ct
1522 1419 1682 1478 caput
1716 1412 2052 1480 ejnscemodi

469 1496 694 1549 nnionis
732 1512 853 1551 esse
881 1493 1303 1553 formam‘verae
1345 1509 1401 1554 et
1462 1510 1626 1556 rectae
1684 1502 1809 1556 ﬁdei
1859 1503 2050 1558 cadent

469 1585 613 1641 bene
675 1590 1005 1659 perceperit,
1059 1601 1116 1644 et
1143 1591 1196 1644 id
1250 1607 1471 1662 quoque
1543 1610 1653 1649 non
1709 1596 2048 1666 ignoramus.

470 1677 815 1749 Quapropter
838 1695 907 1735 ne
947 1689 1001 1735 et
1027 1696 1128 1735 nos
1164 1683 1307 1735 inter
1351 1699 1445 1738 eos
1487 1700 1899 1751 recensemnur,
1959 1688 2051 1758 qui

472 1771 729 1840 dogmata
781 1772 1029 1826 veritatis
1067 1773 1429 1829 adulterando
1469 1776 1797 1844 depravant.
1838 1780 1903 1833 ad
1941 1781 2052 1848 pie-

2161 595 2490 665 πρεσδεύειν
2553 597 2888 649 ἐσπούδακεν
2948 599 2979 666 ἡ
3029 597 3307 661 εὐσέϐεια,
3354 598 3411 651 εὖ
3442 601 3588 666 ἴσμεν
3610 605 3691 657 καὶ

2160 687 2335 753 αὐτοὶ,
2372 686 2754 755 θεοφιλέστατε
2788 688 3006 757 βασιλεῦ
3028 705 3042 719 ·
3086 690 3170 741 ὅτι
3212 682 3268 741 δὲ
3303 690 3577 757 κεφάλαιον
3609 695 3702 763 τῆς,

2160 779 2413 847 τοιαύτης
2446 778 2698 848 ἐνότητος
2752 778 2853 846 τῆς
2905 777 3138 849 ἀληθοῦς
3196 779 3289 832 καὶ
3332 781 3596 851 ὀρθοδόξου
3620 784 3693 837 πί-

2162 885 2331 931 στεως
2367 865 2545 931 καλῶς
2574 869 2881 937 ὑπείληφας
2905 869 2995 921 τὸν
3035 871 3382 941 χαρακτῆρα,
3417 872 3543 924 οὐδὲ
3560 874 3693 927 τοῦτο

2161 960 2486 1027 ἀγνοοῦμεν.
2540 959 2657 1013 ἰνα
2714 960 2897 1013 τοίνυν
2955 960 3030 1031 μὴ
3070 960 3208 1029 μετά
3235 961 3343 1013 τῶν
3371 978 3693 1033 παραχαρασ-

2164 1046 2367 1098 σόν-των
2395 1046 2465 1099 τὰ
2495 1048 2745 1115 δόγματα
2776 1048 2875 1116 τῆς
2907 1045 3167 1114 ἀληθείας
3207 1048 3465 1116 τετάχθαι
3489 1050 3693 1117 νομιζὼο

2166 1138 2327 1206 μεθα,
2388 1140 2743 1209 ἀναφέρομεν
2798 1142 2866 1208 τῇ
2902 1143 2966 1207 σῇ
3019 1139 3297 1210 εὐλαϐείᾳ,
3331 1141 3411 1192 ὅτι
3438 1139 3528 1208 τῆς
3559 1143 3694 1207 ἁγίας

2162 1228 2383 1279 συνόδου
2407 1228 2505 1296 τῆς
2531 1229 2587 1280 ἐν
2612 1229 2815 1299 Νικαίᾳ
2847 1229 3013 1281 πάλαι
3048 1230 3315 1297 πρότερον
3340 1232 3693 1300 συγκροτηθεί-

2161 1335 2261 1386 σης
2290 1321 2390 1388 τὴν
2449 1320 2654 1384 πίστιν,
2718 1322 2812 1373 καὶ
2840 1307 3225 1391 ἀποδεχόμεθα
3283 1323 3378 1373 καί
3406 1324 3692 1393 κατέχομενο

2159 1413 2319 1464 ὁπότε
2356 1411 2449 1462 καὶ
2508 1410 2569 1462 τὸ
2632 1411 2830 1465 δοκοῦν
2871 1414 2926 1464 ἐν
2954 1413 3092 1481 αὐτῇ
3136 1429 3247 1465 τισι
3278 1412 3422 1476 ξένον
3448 1413 3693 1483 ὄνομα,τό

2159 1501 2252 1554 τοῦ
2282 1502 2569 1571 ὁμοουσίου
2596 1503 2795 1571 φαμὲν.
2827 1503 3107 1571 ἀσφαλοῦς
3142 1504 3408 1573 τετύχηκε
3440 1506 3577 1574 παρὰ
3601 1508 3695 1568 τοῖς

2160 1595 2437 1662 Πατράσιν
2462 1594 2761 1664 ἑρμηνείας
2787 1610 2801 1625 ⁶
2836 1596 3209 1665 σημαινούσης
3238 1596 3323 1648 ὅτι
3343 1598 3403 1648 ἐκ
3424 1595 3518 1664 τῆς
3537 1597 3692 1660 οὐσίας

2159 1686 2252 1738 τοῦ
2297 1685 2506 1755 [ἰατρὸς
2559 1687 2587 1740 ὁ
2649 1685 2776 1749 Υἱὸς
2807 1687 3100 1756 ἐγεννήθη,
3155 1689 3250 1739 καὶ
3279 1687 3362 1740 ὅτι
3391 1687 3563 1756 ὅμοιος
3592 1690 3693 1740 κατ’

2157 1776 2347 1830 οὐσίαν
2377 1779 2453 1846 τῷ
2486 1778 2679 1847 Πατρί.
2707 1777 2841 1831 Οὔτε
2878 1778 2933 1831 δὲ
2969 1778 3044 1841 ὡς
3071 1777 3279 1841 πάθους
3304 1778 3444 1841 τινὸς
3472 1783 3587 1849 περὶ
3611 1778 3691 1848 τὴν

472 1872 639 1918 tatem
667 1873 816 1918 tuam
858 1864 1170 1929 referimus,
1198 1867 1310 1936 98
1359 1883 1461 1922 nos
1490 1870 1695 1925 dudum
1761 1872 2051 1926 celebrata:

2162 1868 2397 1939 ἄρρητον
2467 1870 2723 1936 γέννησιν
2788 1869 3205 1937 ἐπινοουμένου,
3270 1867 3391 1921 οὔτε
3443 1870 3569 1921 κατά
3594 1886 3694 1921 τινα

468 1963 673 2010 sanctae
700 1955 935 2011 Nicmnaz
962 1957 1153 2025 synodi
1184 1958 1308 2012 lidci
1342 1958 1738 2027 professionem
1772 1964 2044 2030 recipere,

470 2057 636 2117 atque
662 2056 870 2104 tenere.
926 2049 993 2100 Et
1026 2049 1173 2117 quod
1229 2050 1283 2103 in
1313 2066 1377 2104 ea
1425 2052 1754 2121 quibusdam
1807 2053 2050 2121 peregri-

468 2154 603 2193 num
637 2148 693 2192 et
737 2138 979 2194 insolens
1009 2140 1225 2194 videtur
1282 2156 1403 2195 esse
1446 2141 1675 2196 verbum
1740 2143 2047 2211 ὁμοούσιον,

466 2231 959 2296 consubstantiale,
995 2232 1048 2285 id
1103 2247 1223 2293 nos,
1252 2245 1458 2287 certam
1517 2248 1546 2286 a
1576 2234 1828 2302 patribus
1885 2248 2049 2287 acce-

469 2327 617 2393 pisse
638 2325 875 2380 dicimus
903 2327 1439 2395 interpretationem.
1471 2324 1755 2395 Signiﬁcat
1790 2325 1839 2378 id
1870 2328 2049 2391 enim,

469 2434 538 2473 cx
574 2418 884 2473 substantia
911 2419 1095 2472 Patris
1124 2417 1317 2471 Filium
1364 2432 1484 2472 esse
1516 2417 1784 2487 genitum,
1811 2426 1867 2471 et
1894 2418 2051 2472 simi-

468 2509 579 2565 lem
603 2525 727 2564 esse
759 2502 1060 2565 substantia
1082 2509 1277 2563 Filium
1301 2508 1469 2563 Patri.
1493 2509 1683 2579 Neque
1720 2509 1868 2563 enim
1896 2509 2052 2578 quasi

470 2602 759 2672 perpessio
784 2602 1082 2671 quaepiam,
1125 2601 1179 2656 in
1209 2601 1473 2656 ineifabili
1504 2600 1863 2671 generatione
1897 2599 2057 2655 intel-

467 2682 661 2764 ligitur
697 2711 712 2748 :
750 2708 936 2761 neque
967 2694 1123 2762 juxta
1154 2708 1312 2748 usum
1345 2700 1440 2747 aut
1467 2692 1923 2747 consuetudinem
1953 2690 2054 2745 ali-

468 2801 634 2855 quam
697 2783 1037 2850 Gra'corum,
1098 2784 1421 2841 substantias
1476 2784 1705 2839 verbum
1765 2783 2055 2853 accipitur.

466 2874 578 2930 Sed
602 2875 666 2929 ad
692 2876 905 2941 Arium,
928 2878 1020 2946 qui
1040 2893 1106 2932 ex
1124 2891 1232 2931 non
1254 2876 1648 2931 exsistcntibus
1671 2876 1831 2930 nobis
1853 2875 2056 2929 Filium

469 2966 644 3037 impie
663 2967 967 3036 producere
992 2983 1158 3024 ausus
1180 2977 1281 3031 est.
1307 2967 1695 3030 evertendam,
1748 2968 1799 3021 id
1827 2981 2060 3036 usurpa-

471 3068 580 3112 tur.
606 3058 1142 3125 Quemadmodumet
1165 3062 1308 3114 nunc
1326 3061 1417 3129 qui
1437 3064 1613 3114 exorti
1638 3069 1767 3112 sunt
1791 3058 2058 3128 ἀνόμοιοι,

472 3148 581 3203 hoc
635 3160 741 3212 est,
800 3152 1120 3216 dissimiles,
1146 3153 1398 3222 graviore
1466 3151 1647 3204 adhuc
1710 3149 1941 3204 audacia
1999 3157 2059 3204 et

2160 1963 2354 2031 χρῆσιν
2396 1960 2720 2029 ⁹ίίλληνωιὴν
2752 1959 3091 2028 λαμϐάνεται
3119 1960 3179 2013 τὸ
3208 1960 3380 2030 ὄνομα
3402 1961 3493 2029 τῆς
3512 1961 3692 2022 οὐσίας·

2159 2054 2237 2115 είς
2284 2054 2602 2122 ἀνατροπὴν
2632 2053 2689 2106 δὲ
2727 2053 2819 2107 τοῦ
2853 2053 2912 2116 ἐξ
2961 2054 3062 2106 οὐκ
3120 2052 3296 2105 ὄντων
3327 2057 3450 2122 περὶ
3478 2054 3562 2106 τοῦ
3588 2054 3693 2107 Υίοῦ

2158 2144 2373 2207 ἀσεϐῶς
2414 2144 2783 2214 τολμηθέντος
2823 2145 3020 2215 Ἀρείῳ
3044 2162 3056 2175 °
3081 2144 3275 2215 ὥσπερ
3302 2146 3393 2198 καὶ
3424 2147 3468 2197 οἱ
3495 2144 3579 2198 νῦν
3600 2146 3696 2199 ἐπι-

2161 2234 2518 2304 φοιτήσαντες
2577 2235 2855 2304 Ἀνόμοιοι
2902 2236 2985 2289 ἔτι
3035 2235 3376 2308 θρασύτερον
3416 2239 3504 2290 καὶ
3530 2238 3699 2308 τολμη-

2163 2330 2387 2398 ρότερον
2445 2326 2539 2379 ἐπὶ
2596 2327 2744 2397 λύμῃ
2807 2327 2905 2390 τ’ἦς
2966 2327 3443 2397 ἐκκλησιαστικῆς
3482 2328 3701 2396 ὁμονοίας

2159 2416 2533 2486 ἀναισχύντως
2567 2415 3067 2487 παρῤησιάζονται.
3116 2416 3497 2487 Συνετάξαμεν
3522 2417 3570 2469 δὲ
3593 2415 3698 2485 τῇδε

2160 2506 2318 2576 ἡμῶν
2342 2509 2407 2576 τῇ
2436 2507 2686 2576 ἀναφορᾷ
2719 2507 2810 2558 καὶ
2840 2506 2900 2559 τὸ
2944 2506 3292 2577 ἀντίγραφον
3319 2507 3414 2577 τῆς
3428 2505 3598 2575 αὐτῆς
3624 2506 3700 2558 πί-

2165 2599 2459 2670 στεως-τῆς
2489 2601 2544 2651 ἐν
2567 2598 2772 2670 Νικαίᾳ
2807 2599 2914 2651 ὑπὸ
2945 2599 3052 2651 τῶν
3102 2599 3574 2670 συγκροτηθὲντων
3601 2599 3701 2648 ἐπι-

2165 2668 2384 2744 σκόπών
2413 2690 2665 2759 τεθείσης
2686 2707 2700 2723 ο
2749 2668 2940 2759 ἦντινα
2989 2690 3085 2743 καὶ
3124 2668 3453 2761 ἀγαπῶμεν.
3478 2690 3617 2741 Ἐστι
3645 2686 3691 2740 δὲ

2164 2778 2304 2851 αὕτη
2327 2796 2341 2810 ο
2382 2780 2723 2849 Πιστεύομεν
2751 2781 2829 2843 είς
2880 2780 2981 2833 ἕνα
3007 2779 3145 2833 Θεὸν
3177 2781 3403 2850 Πατέρα
3432 2778 3702 2845 παντοκρά-
3770 2846 3779 2855 ⁸

2164 2888 2298 2941 τορα
2319 2886 2334 2901 ⁸
2366 2869 2461 2923 καὶ
2491 2869 2562 2922 τὰ
2581 2870 2744 2923 λοιπὰ
2765 2869 2858 2922 τοῦ
2894 2870 3225 2941 μαθήματος
3253 2911 3267 2934 ,
3304 2869 3701 2940 ἀπαραλλάκτως

2165 2963 2242 3024 ὡς
2290 2961 2468 3031 χρεὼν
2513 2960 2805 3030 εἰρημένα.
2852 2980 2872 3013 ι
2931 2961 3038 3016 Καὶ
3071 2964 3122 3015 oi
3179 2963 3285 3033 μὲν
3323 2964 3378 3017 ὲν
3433 2960 3703 3031 Ἀντιοχείᾳ

2170 3051 2523 3116 συνελθόντες
2543 3044 2715 3122 ’ἱερεῖς
2752 3053 2929 3106 τοιάδε
2971 3053 3389 3123 ἐπεψηφίσαντο
3416 3054 3585 3116 αὐτοῖς
3615 3052 3702 3123 ρη-

2166 3148 2280 3208 τοῖς
2320 3143 2417 3214 τὴν
2448 3145 2505 3196 ἐν
2529 3143 2731 3215 Νικαίᾳ
2760 3144 2941 3198 πίστιν
2976 3145 3349 3212 κυρώσαντες.

472 3245 779 3302 temeritate
828 3247 893 3300 ad
912 3247 1336 3301 ecclesiasticam
1359 3246 1709 3301 concordiam
1743 3243 2224 3316 pessumdandam,
2243 3239 2590 3311 impudenter
2606 3240 2876 3296 feruntur.
2897 3241 3168 3296 Relationi
3187 3253 3370 3297 autem
3393 3240 3515 3297 huic
3530 3247 3703 3296 nostra:

470 3338 640 3393 etiam
658 3337 1041 3409 subjunximus
1062 3339 1371 3408 exemplum
1391 3338 1564 3408 ipsius
1583 3338 1818 3393 Nicatore
1839 3336 1992 3402 ﬁdei,
2009 3336 2076 3390 ab
2096 3335 2229 3405 ipsis
2246 3333 2340 3403 qui
2364 3347 2484 3387 eam
2503 3334 2921 3403 promulgarunt
2943 3336 3220 3405 epise0pis
3244 3337 3573 3405 editasqnam
3592 3347 3702 3388 sane

469 3446 528 3492 et
550 3436 986 3505 complectimur.
1018 3436 1115 3491 Est
1139 3449 1319 3491 autem
1335 3436 1479 3491 talis:
1498 3434 1787 3491 Credimus
1808 3435 1862 3488 in
1883 3448 2054 3488 unum
2076 3432 2244 3486 Deum
2272 3439 2479 3496 patrem
2499 3430 2951 3499 omnipotentem:
2970 3440 3025 3485 et
3046 3431 3262 3501 reliqua
3286 3433 3451 3502 ipsius
3470 3429 3700 3494 formulae,

471 3532 591 3587 sine
641 3532 942 3587 mutatione
994 3534 1170 3600 omni,
1200 3534 1272 3588 ita
1301 3543 1361 3588 ιιι
1407 3532 1687 3595 convenit,
1741 3532 1993 3601 allegata.
2033 3531 2211 3598 Atque
2243 3526 2842 3596 episcopiquidemqui
2869 3527 3178 3583 Antiochia:
3211 3539 3587 3596 convenerant,
3610 3532 3704 3582 haec

469 3628 860 3694 decreverunt,
890 3629 1112 3685 disertis
1138 3630 1326 3686 verbis
1372 3630 1649 3685 Nicmnam
1685 3627 1847 3682 ﬁdem
1912 3625 2328 3681 conﬁrmantes.

1055 3748 1284 3806 CAPUT
1324 3749 1466 3804 XLI.

2728 3734 2982 3818 ΚΕΦΑΛ.
3034 3744 3171 3800 MA'.

470 3840 548 3897 De
596 3849 783 3922 sancto
832 3842 1159 3922 Athanasio,
1190 3854 1290 3922 _ttt_
1322 3844 1386 3922 ab
1445 3842 1629 3922 exsilio
1663 3849 1963 3922 revocatus,
1996 3841 2051 3894 in

2162 3840 2304 3922 Περί
2319 3841 2626 3922 τοῦ-ἀγίρπξ
2664 3841 3052 3922 Ἀθανασζυιμ
3077 3841 3157 3908 ὠς
3184 3840 3304 3922 τῆς
3328 3841 3702 3922 gemine-dra:

544 3929 734 3983 magno
764 3915 960 3983 honore
999 3915 1143 3982 apud
1174 3913 1518 3968 Iovinianum
1559 3915 1736 3983 fuerit,
1770 3922 1817 3965 at
1843 3929 1923 3966 res
1957 3927 2047 3983 ecp-

2229 3914 2500 3979 κληθείς,
2534 3914 2632 3983 διᾴ
2662 3912 2840 3981 τιμῆς
2873 3913 3171 3978 πλείστης
3201 3912 3286 3977 τῷ
3330 3913 3578 3983 Ἰοόιᾳνῷ
3598 3912 3702 3983 ἐγέ-

541 3977 825 4037 clesiarum
875 3977 1247 4054 /Egyptiurum
1296 3983 1466 4037 denuo
1502 3977 1620 4037 cu'm
1656 3991 1911 4053 potestate
1953 3981 2053 4035 ad-

2227 3977 2366 4054 νετο
2391 4002 2401 4013 ·
2436 3977 2530 4054 καί
2557 3982 2677 4035 τῶν
2702 3977 2830 4034 ita?
2851 3983 2953 4052 Αῑγ
2965 3977 3161 4036 vnto?
3192 3982 3534 4051 ἐκκλησιῶν
3554 3977 3700 4044 αὖθις

545 4054 889 4108 ministrarit.

544 4164 687 4220 Tum
716 4180 850 4220 vero
880 4173 938 4219 et
980 4163 1315 4220 Athanasius
1351 4165 1486 4220 eleri
1534 4162 1897 4220 Alexandrini
1935 4163 2056 4231 epi-

470 4273 697 4327 scopus,
748 4256 817 4313 de
875 4257 1180 4311 amicorum
1204 4258 1440 4312 consilio
1479 4256 1833 4312 Antiochiam
1870 4255 2056 4328 profe-

472 4360 600 4404 ctus
629 4364 754 4403 cum
802 4346 1140 4419 imperatore
1186 4348 1334 4402 fuit:
1388 4357 1554 4419 atque
1584 4349 1658 4404 ibi
1692 4350 1857 4404 rebus
1910 4363 2050 4417 quas

474 4440 730 4510 oportuit
784 4439 837 4495 ei
896 4439 1195 4510 suggestis,
1234 4439 1617 4493 Alexandriam
1669 4438 1855 4494 rediit.
1909 4438 2054 4494 Sunt

476 4540 656 4588 autem
691 4534 786 4604 qui
826 4532 1035 4597 dicunt,
1062 4531 1131 4588 ab
1175 4532 1512 4602 imperatore
1550 4532 1741 4602 potius
1771 4546 1898 4587 eum
1926 4544 2058 4584 evo-

476 4637 663 4684 catura
687 4642 835 4697 esse,
867 4637 928 4682 ut
960 4626 1041 4682 illi
1067 4642 1189 4697 quae
1218 4629 1283 4681 de
1315 4624 1581 4696 religione
1611 4623 1822 4695 agenda
1845 4632 2053 4687 essent,

475 4730 803 4793 exponeret.
858 4722 1082 4777 Etcum
1131 4721 1204 4776 ibi
1255 4736 1343 4778 res
1392 4720 1655 4776 Ecclesiae
1690 4719 1795 4774 rite
1849 4716 2059 4773 consti-

475 4813 695 4877 tuisset,
735 4822 795 4867 et
843 4822 991 4868 certa
1025 4813 1173 4882 apud
1232 4813 1623 4884 imperatorem
1680 4811 1807 4867 ﬁdei
1859 4810 2060 4866 funda-

475 4914 661 4960 menta
685 4905 934 4976 jecisset,
965 4904 1190 4960 domum
1237 4907 1555 4961 revertisse.
1597 4904 1701 4972 Qui
1729 4912 1913 4959 autem
1947 4904 2058 4957 An-

2228 4051 2527 4123 ὲγκρατῖις
2554 4055 2843 4119 κατέστη.

2229 4161 2546 4236 Τηνικαῦτα
2589 4162 2647 4217 δέ
2692 4166 2791 4216 καὶ
2848 4162 3169 4226 Ἀθανάσιος
3232 4163 3328 4217 τοῦ
3370 4164 3563 4233 κλήρου
3611 4159 3699 4211 τῶν

2170 4254 2571 4325 Ἀλεξανδρέων
2622 4253 3012 4326 προεστηκὼς,
3066 4257 3180 4307 ’τισί⁵
3210 4256 3323 4308 τῶν
3383 4251 3697 4308 οἰκειοτάτων

2162 4347 2489 4419 συμὸούλοις
2523 4348 2890 4420 χρησάμενος,
2950 4348 3091 4401 κατᾶ
3140 4348 3243 4420 τὴν
3280 4348 3541 4418 ’Δντιόχου
3566 4344 3700 4413 γενό-

2164 4458 2347 4511 μενος,
2398 4441 2476 4510 τῷ
2526 4440 2737 4511 βασιλεί
2797 4440 3118 4509 συγγίνεται
3146 4456 3160 4471 ο
3224 4443 3320 4495 καὶ
3366 4440 3432 4493 τὰ
3479 4452 3597 4506 περι
3635 4428 3698 4488 ὧν

2159 4535 2329 4605 ἐχρῆν
2355 4533 2713 4603 ὑποθέμενος,
2741 4531 3007 4603 ἀνεχώρει
3036 4532 3217 4597 αὖθις.
3247 4534 3366 4587 Elei.
3392 4533 3445 4586 δέ
3466 4531 3517 4585 οἵ
3539 4546 3698 4600 φασιν,

2159 4626 2236 4689 ὡς
2265 4625 2293 4677 ό
2324 4624 2581 4695 βασιλεὺς
2632 4624 2836 4693 μᾶλλον
2869 4625 3034 4678 αὐτὸν
3093 4625 3490 4695 μετεστείλατο,
3535 4623 3623 4675 ὅσα
3646 4618 3699 4686 δὴ

2160 4719 2412 4789 πρακτέα
2440 4720 2508 4787 τῇ
2568 4716 2839 4788 θρησκείᾳ
2895 4718 3346 4788 εἰσηγησάμενον.
3402 4716 3506 4768 Καὶ
3547 4713 3605 4781 δὴ
3643 4710 3699 4761 τὰ

2160 4810 2305 4864 κατά
2329 4809 2429 4879 τὴν
2457 4806 2792 4879 Ἐκκλησίαν
2839 4805 3023 4870 καλῶς
3052 4808 3400 4879 διαθέμενος,
3426 4805 3513 4859 καὶ
3539 4802 3593 4856 τὺ
3619 4800 3698 4866 τῆς

2162 4902 2397 4963 πίστεως
2447 4900 2687 4969 ἀσφαλὲς
2722 4900 2957 4969 ἐδράσας
2983 4899 3061 4971 τῷ
3099 4899 3334 4970 βασιλεῖ,
3372 4899 3551 4952 νόστου
3591 4892 3697 4960 ἐμέ-

478 4997 699 5055 tiochia:
752 4998 1086 5052 Arianorum
1142 4999 1340 5054 haeresi
1401 4997 1621 5069 przefuit
1681 4998 1941 5060 Euzoius,
1994 5003 2053 5049 ut

2165 5007 2355 5060 μνητο.
2382 4990 2443 5043 Ὀ
2472 4989 2528 5042 δὲ
2554 4989 2653 5058 τῆς
2695 4989 2994 5057 Ἀρειανῶν
3021 4989 3318 5062 θρησκείας
3348 4992 3403 5043 ἐν
3428 4982 3695 5053 Ἀντιοχείᾳ

476 5090 758 5159 opinionis
784 5106 895 5146 suze
918 5107 988 5146 ex
1015 5091 1292 5146 eunuchis
1340 5092 1565 5163 quidam
1598 5091 1826 5146 nomine
1856 5090 2053 5146 Proba-

2162 5082 2440 5152 προεστὼς
2454 5081 2697 5144 Εύζὼῖος
2719 5081 2820 5150 τῆς
2852 5095 2977 5149 ῑσης
3003 5084 3245 5147 πίστεως
3279 5076 3694 5151 σπουδὴνέποιεῖ-
3792 5144 3795 5148 ρ

475 5182 589 5238 tius
619 5182 878 5238 Ecclesiae
924 5183 1311 5239 Alexandrina:
1362 5184 1761 5254 praeﬁceretur,
1817 5186 2053 5241 maximo

2162 5189 2218 5225 το
2256 5170 2536 5241 πλείστην,
2557 5170 2696 5225 κάπὶ
2730 5171 2828 5240 τῆς
2859 5171 3211 5243 Ἀλεξάνδρου
3258 5172 3368 5226 τῶν
3396 5185 3511 5223 τινα
3535 5160 3694 5218 εὐνού-

474 5273 663 5330 studio
720 5273 1031 5330 contendit.
1066 5274 1249 5344 Atque
1311 5290 1430 5331 eam
1480 5273 1551 5329 ob
1598 5290 1821 5331 causam
1868 5275 2053 5330 Euzeii

2162 5282 2269 5337 χων
2296 5265 2728 5335 προεστηκέναν
2755 5255 3056 5335 Προϐἀτιος
3082 5262 3149 5337 ἦν
3172 5267 3339 5335 ὄνομα
3361 5262 3435 5332 τῷ
3468 5255 3691 5324 εὐνούχῳ·

476 5382 645 5422 suasu
677 5365 1085 5422 Alexandrinus
1110 5365 1337 5435 quidam
1370 5367 1482 5437 99
1508 5366 1735 5431 Lucius,
1768 5367 2053 5437 presbyter

2162 5358 2269 5411 Καὶ
2302 5357 2366 5427 δὴ
2401 5359 2514 5419 τοῖς
2546 5356 2678 5427 περὶ
2708 5356 2952 5422 Εύζὼῖον
2978 5358 3438 5428 είσηγησαμένοις
3475 5351 3693 5415 ’Δλεξανο

471 5473 509 5512 a
544 5457 775 5529 Georgio
798 5467 1037 5525 creatus,
1071 5459 1215 5528 apud
1246 5459 1659 5528 imperatorem,
1695 5458 2056 5512 Athanasium

463 5552 839 5633 'vehementcr
866 5549 1215 5606 criminando
1249 5539 1488 5618 detulit',
1523 5550 1669 5620 quod
1718 5550 2059 5619 temporibus

478 5641 865 5709 superioribus
894 5645 949 5697 in
981 5644 1304 5714 episcopatu
1343 5657 1445 5699 suo
1474 5658 1693 5713 semper
1724 5658 1854 5697 reus
1879 5650 2057 5705 actus,

478 5739 542 5785 et
573 5747 601 5784 a
634 5731 914 5799 prioribus
957 5733 1390 5804 imperatoribus
1430 5736 1624 5791 exsilio
1671 5744 1729 5788 ut
1765 5733 2056 5789 seditionis

2164 5449 2326 5518 δρεύς
2357 5466 2441 5512 τις
2471 5448 2703 5509 Λούκιος
2751 5449 3129 5522 πρεσϐυτέρου
3163 5449 3320 5514 ἀξίαν
3354 5443 3692 5520 ὴμφιεσμένσς

2166 5544 2230 5594 ἐκ
2257 5543 2367 5594 τῶν
2396 5541 2674 5612 Γεωργίου
2704 5543 2905 5612 χειρῶν
2932 5544 2988 5605 ἐς
3014 5541 3237 5613 βασιλέα
3264 5543 3533 5613 εἰσήγετο’
3566 5532 3692 5587 πλεῖ·

2170 5635 2271 5689 στά
2299 5652 2357 5687 τε
2388 5633 2711 5687 ’Λθανάσιον
2743 5633 3112 5705 ἐϐλασφήμει,
3145 5634 3222 5697 ὡς
3246 5633 3331 5687 ἀεὶ
3358 5629 3559 5703 γραφὶς
3584 5625 3693 5676 ὑπολ

2173 5731 2352 5800 μένων
2383 5730 2496 5793 τοῖς
2530 5727 2722 5799 πρώην
2758 5726 2992 5799 χρόνοις,
3035 5727 3331 5799 ὑπερόριος
3353 5727 3459 5788 τοῖς
3492 5718 3584 5792 πρὸ
3608 5713 3694 5773 αὖ·

557 5843 642 5913 (ι)
678 5841 880 5899 Eorum
930 5846 1152 5902 nomina
1196 5860 1325 5905 sunt
1374 5849 1518 5919 apud
1574 5849 1787 5906 Socr-at.
1839 5849 1934 5903 lib.
1988 5864 2062 5912 ιιι,
2110 5862 2229 5915 cap,
2264 5846 2351 5901 9.3.
