3986 6190
332 206 442 275 377

1251 203 1848 266 ΕΟΕιΕδΙΛδΤΙΟιΕ
1890 199 2278 260 ΗΙΒΤΟΒΙΕ
2318 196 2466 255 LIB.
2508 194 2578 251 X.

3471 188 3576 253 578

330 322 430 373 τοῦ
454 319 772 389 βασιλεῦσιν
802 320 1071 388 ἐκρίνετο,
1110 321 1203 373 καὶ
1231 321 1303 382 ὡς
1332 320 1426 373 ἅτε
1448 320 1513 388 δὴ
1537 320 1779 379 στάσεως
1810 318 1908 369 καὶ

2018 325 2064 367 rt
2115 310 2406 365 discordiae
2461 313 2657 359 auctor
2713 302 2978 356 multatus
3023 300 3206 365 fuerit,
3242 310 3297 356 et
3344 305 3573 371 proinde

335 414 609 483 διχονοίας
639 413 833 477 αἴτιον,
875 412 1062 482 ἕτερον
1091 414 1407 480 εἰσάγεσθαι
1440 416 1505 481 τῇ
1551 411 1902 481 Ἀλεξάνδρου

338 504 510 555 ἐδεῖτο
567 502 884 557 ιπίσκοπον.
945 504 1003 556 '0
1033 504 1088 557 δὲ
1119 504 1395 573 βασιλεὺς.
1445 506 1545 557 οὐκ
1576 505 1761 572 ἠγνόει
1796 501 1904 570 γὰρ

335 594 437 645 ὅσα
468 592 620 659 αὐτῷ
652 592 947 662 μοχθηρῶς
994 594 1042 645 οἱ
1080 595 1136 658 ἐξ
1177 595 1390 663 Ἀρείου
1429 594 1754 663 ἐφρόνησαν,
1786 594 1909 663 ἤκι-

338 698 440 733 στα
493 684 617 743 ταῖς
668 682 1030 751 κατηγορίαις
1084 684 1420 751 προσέθετο·
1456 684 1648 752 ἀμέλει
1697 699 1778 735 τοι
1811 682 1907 734 καὶ

337 775 574 826 Λούκιον
613 774 866 825 δκέλευεν
922 775 1097 842 ησυχῆ
1155 775 1464 843 καθῆσθαι’
1499 775 1796 843 Προϐἀτιον
1848 774 1906 826 δὲ

340 864 439 916 καὶ
475 865 603 926 mi);
631 866 760 932 περὶ
793 865 956 916 αὐτὸν
990 865 1301 933 εὐνούχους,
1332 866 1407 927 ὼς
1456 868 1659 927 αἰτίους
1706 882 1769 932 γε
1800 864 1908 917 τῶν

337 952 601 1005 τοιούτων
644 952 1050 1021 καθεστηκότας
1086 954 1335 1024 θορύϐων
1360 994 1374 1015 ,
1429 955 1757 1024 προσέταττε
1800 971 1907 1006 σω-

342 1042 717 1109 φρονίζεσθαι.
768 1044 871 1096 Τὸν
922 1045 969 1096 δ’
1019 1044 1338 1098 Ἀθανάσιον
1382 1050 1443 1121 τῇ
1486 1048 1604 1097 τότε
1652 1044 1909 1114 συνουσίᾳ

341 1134 434 1184 καὶ
456 1133 768 1202 ἀστειότητι
802 1133 954 1198 φίλον
984 1134 1207 1203 ἄριστον
1264 1138 1655 1205 ποιησάμενος,
1689 1134 1773 1187 ἐπ’
1811 1134 1907 1185 Αἷ-

338 1242 549 1291 γυπτον
581 1228 818 1293 ἑπεμπε,
868 1225 967 1288 τὰς
1000 1226 1293 1296 ἐκκλησίας
1324 1229 1416 1279 καὶ
1444 1228 1537 1279 τὸν
1567 1230 1744 1279 ἐκεῖσε
1777 1226 1906 1278 λαὸν

338 1311 375 1388 ᾖ
409 1317 585 1369 ἐδόκει
611 1316 875 1379 κελεύσας
893 1317 1192 1370 παιδεύειν.
1226 1321 1457 1370 Πλεῖστα
1484 1318 1539 1369 δέ
1565 1335 1723 1385 φασιν
1754 1321 1911 1370 ἐπαι-

338 1410 492 1461 νέσαι
542 1407 636 1459 τὸν
664 1406 832 1477 ἄνδρα
878 1409 973 1460 τοῦ
1005 1425 1063 1460 τε
1092 1410 1209 1478 βίον
1235 1411 1332 1461 καὶ
1366 1410 1569 1477 ἀρετῆς
1599 1410 1782 1474 ἓνεκα,
1813 1409 1910 1462 καὶ

338 1500 449 1553 τῶν
478 1501 675 1569 λόγων,
707 1504 805 1554 σὺν
838 1502 1127 1573 θαυμαστῇ
1179 1503 1440 1573 φρονήσει
1471 1502 1907 1570 καλλυνομένων,

2005 406 2171 457 alium
2236 397 2623 453 Alexandrinis
2675 396 2995 462 episcOpum
3043 393 3160 446 dari
3195 393 3373 462 petiit.
3404 394 3574 454 ιιογί-

2005 499 2207 549 uiantis
2236 502 2443 552 autem,
2478 505 2650 558 quem
2695 503 2804 542 non
2847 486 3049 539 latebat
3100 486 3334 539 Arianos
3390 484 3576 539 hostili

2005 588 2166 657 plane
2207 586 2260 638 in
2296 584 2450 637 illum
2484 596 2609 636 esse
2650 584 2858 642 animo,
2892 578 3221 632 criminibus
3255 578 3334 631 eis
3356 578 3578 630 minimc

2010 689 2214 742 motus,
2251 676 2482 730 Lucium
2538 676 2783 741 quietum
2816 687 2975 733 esse,
3012 671 3330 725 Probatium
3396 680 3580 724 autem

2004 782 2060 826 et
2090 773 2333 839 reliquos
2370 769 2488 835 ejus
2543 768 2850 825 ettuuchos.
2904 765 3070 818 veluti
3106 763 3278 817 turba:
3311 763 3432 816 talis
3482 777 3581 815 au-

2007 876 2209 926 ctores,
2258 859 2565 913 modestius
2620 874 2679 911 se
2737 872 2927 925 gerere
2976 857 3158 925 jussit.
3215 854 3578 908 Athanasium

2007 970 2171 1024 porro
2202 969 2329 1006 cum
2366 951 2470 1005 sibi
2510 954 2770 1017 temporis
2786 949 2907 1016 ejus
2931 947 3329 1002 consuetudine
3355 945 3581 998 amicis-

2008 1048 2211 1100 simum
2255 1044 2492 1105 fecisset,
2521 1042 2575 1095 in
2608 1041 2901 1110 [Egyptum
2939 1040 3170 1093 remisit.
3204 1039 3581 1105 ecclesiasque

2008 1138 2059 1192 ei
2093 1146 2146 1190 et
2177 1135 2436 1203 populum
2487 1134 2559 1186 ibi
2613 1133 2843 1185 arbitrio
2872 1146 2971 1184 suo
3002 1128 3396 1183 instituendum
3434 1143 3585 1183 com-

2010 1228 2180 1285 misit.
2209 1227 2377 1278 Porro
2402 1224 2696 1292 plurimum
2747 1223 2793 1277 is
2837 1224 3016 1275 virum
3048 1237 3174 1275 eum
3209 1221 3457 1273 laudasse
3506 1219 3586 1272 di-

2008 1322 2187 1382 citur,
2243 1324 2466 1385 pr0pter
2524 1317 2828 1377 virtutem,
2885 1322 2938 1365 ct
2995 1312 3119 1364 vitae
3187 1310 3581 1372 innocentiam,

2006 1407 2273 1462 orationis
2333 1406 2501 1459 etiam
2576 1402 2782 1457 festivae
2840 1410 3231 1463 venustatem,
3287 1399 3581 1467 prudentia

2012 1500 2246 1571 quadam
2272 1497 2593 1550 admiranda
2622 1505 2979 1565 temperatam
3001 1505 3090 1547 :et
3118 1502 3344 1561 prOpter
3375 1507 3437 1545 ea
3462 1508 3585 1561 quae

337 1592 438 1644 καὶ
493 1595 605 1655 τοῖς
655 1593 848 1661 ἐκείνῳ
898 1595 1029 1664 περὶ
1086 1595 1187 1665 τὴν
1221 1593 1523 1665 θρησκείαν
1571 1594 1911 1665 ὁριζομένοις

2018 1593 2062 1647 is
2111 1592 2180 1646 de
2223 1590 2484 1660 religione
2518 1597 2704 1642 nostra
2743 1588 2846 1643 rite
2896 1587 3114 1642 decreta
3138 1626 3154 1652 ,
3178 1585 3234 1640 in
3263 1585 3466 1654 scripta
3503 1600 3587 1639 rc-

337 1684 655 1755 ὲγγράφως.
686 1698 701 1709 κ
1178 1722 1189 1731 -

598 1874 603 1880 λ
915 1798 1168 1855 ΚΕΦΑΛ.
1201 1798 1334 1853 MB'.

336 1912 484 1985 Περί
550 1911 665 1980 τῆς
717 1912 799 1985 (ἐνΔ
866 1884 1289 1985 Ἀλεξανδρείᾳ
1319 1914 1637 1985 ᾲσυνόδου.
1685 1911 1761 1985 ἧς
1809 1915 1917 1985 τὸν

412 1983 561 2052 ὅρον
589 1986 621 2036 ό
654 1981 850 2045 πολὺς
894 1983 1238 2048 Ἄθανάσιος
1268 1983 1346 2049 τῷ
1397 1985 1652 2047 ,ϐασιλεῖ
1674 1981 1914 2051 διεπέμ-

411 2057 574 2121 ψατο
597 2067 610 2080 ·
650 2052 750 2103 καί
772 2052 925 2122 ὡςᾼή
956 2054 1026 2104 ἐν
1062 2054 1278 2119 Νικαίῃ
1302 2056 1508 2118 πίστις
1540 2056 1745 2108 πολὺν
1773 2056 1915 2122 χρόα

410 2119 526 2175 ἆ·ον
545 2119 982 2192 εξολεμηθεῖσα,
1018 2126 1105 2190 εἰς
1149 2124 1263 2192 τὴν
1287 2125 1584 2192 προτέραν
1613 2119 1913 2178 κατάᾶτα-

413 2205 521 2244 σιν
546 2186 755 2261 ἤλθετ’.

425 2305 744 2370 ’Δθανάσιος
776 2304 835 2359 δὲ
885 2307 982 2377 τὴν
1024 2306 1380 2377 Ἀλεξάνδρου
1420 2305 1560 2377 μετὰ
1590 2308 1759 2376 τιμῆς
1809 2306 1911 2375 τῆς

338 2398 734 2470 προσηκούσης
783 2397 1126 2461 καταλαϐὼν,
1155 2400 1277 2452 ἐπεὶ
1305 2398 1565 2468 βασιλεὺς
1592 2398 1783 2468 ἐδήλου
1823 2397 1915 2467 ἔγ-

338 2505 559 2559 γραφον
592 2490 739 2560 αὐτῷ
774 2491 1016 2561 πέμπειν
1064 2494 1163 2562 τῆς
1197 2492 1502 2561 ἀμωμήτου
1536 2491 1772 2554 πίστεως
1816 2489 1915 2559 τὴν

339 2583 653 2655 ἀκρίϐειαν,
686 2583 903 2638 σύνοδον
936 2584 1169 2651 τοπικὴν
1220 2583 1489 2653 κηρύξας,
1531 2585 1621 2635 καὶ
1662 2583 1788 2644 τοὺς
1823 2582 1914 2633 ἑλ-

341 2680 752 2750 λογιμωτέρους
796 2680 906 2733 τῶν
936 2679 1247 2731 ἐπισκόπων
1299 2677 1576 2748 ἀθροίσας,
1605 2676 1913 2746 ἀντέγραφε

341 2772 524 2839 τούτῳ
543 2771 644 2840 τὴν
670 2771 727 2822 ὲν
751 2769 958 2839 Νικαὲᾳ
985 2768 1165 2841 πίστιν
1190 2767 1467 2838 διατηρεῖν
1496 2766 1912 2836 ἀπαράτρωτον,

344 2861 423 2921 ὡς
452 2862 566 2923 τοῖς
604 2860 978 2928 εὐαγγελικοϊς
1009 2857 1409 2927 συμϐαίνουσαν
1438 2857 1725 2927 δόγμασιν.
1770 2855 1915 2925 Ἐγὼ

343 2954 404 3006 δὲ
426 2952 527 3021 τῆς
553 2953 663 3007 τῶν
692 2953 1090 3023 ἐντευξομένων
1137 2952 1327 3005 ἕνεκεν
1364 2950 1657 3021 ὠφελείας,
1688 2952 1779 3004 καὶ
1808 2951 1908 3005 αὐ·
1934 2973 1981 3037 C

343 3047 447 3116 τὴν
478 3046 692 3114 ἐκείνην
740 3044 840 3115 τὴν
893 3043 1204 3113 ἐπιστολὴν,
1258 3042 1334 3105 ὡς
1367 3042 1459 3095 ἐπὶ
1488 3041 1688 3106 λέξεως
1741 3037 1911 3111 εἶχεν,

344 3138 562 3208 ἐνθήσω
594 3139 663 3208 τῇ
715 3136 1003 3207 συγγραφῇ
1027 3149 1041 3163 ’
1086 3134 1201 3186 ἔστι
1230 3133 1287 3186 δὲ
1315 3131 1454 3202 αὕτη
1474 3149 1491 3164 ·
1535 3152 1553 3185 ι
1579 3134 1669 3202 Τῷ
1694 3133 1913 3187 εὐσεϐε-

340 3232 526 3300 στάτῳ
560 3228 655 3282 καὶ
696 3225 1198 3297 φιλανθρωποτάτῳ
1227 3226 1444 3295 Νικητῇ
1476 3224 1777 3293 Αὐγούστῳ
1817 3226 1915 3280 Ἰο-

341 3322 519 3391 ϐιανῷ
554 3319 869 3384 Ἀθανὰσιος
906 3320 1003 3374 καὶ
1028 3320 1078 3372 σί
1107 3318 1287 3372 λοιποὶ
1311 3317 1624 3382 δπίσκοποι,
1654 3318 1705 3370 οι
1727 3316 1912 3371 ἐλθόν·

340 3426 436 3471 τες
455 3409 522 3461 ὲκ
554 3407 849 3478 προσώπου
878 3406 1095 3460 πάντων
1115 3406 1225 3459 τῶν
1255 3406 1364 3461 ἀπὸ
1388 3410 1487 3478 τῆς
1517 3405 1795 3475 Αἰγύπτου
1817 3406 1910 3459 καὶ

341 3500 612 3571 θηϐαἲδος
650 3502 746 3553 κα)⁵
771 3499 982 3569 Λιϐύης
1015 3499 1337 3553 ἐπισκόπων
1357 3517 1373 3534 ο
1411 3501 1697 3571 πρέπουσα
1731 3500 1914 3567 θεοφι-

340 3594 425 3645 λεῖ
444 3592 653 3664 βασιλεῖ
678 3591 982 3662 φιλομαθὴς
1014 3591 1334 3663 προαίρεσις
1358 3593 1453 3645 καὶ
1484 3593 1649 3656 πόθος
1679 3592 1790 3643 τῶν
1817 3590 1911 3644 οὐο

344 3685 566 3756 ρανίιυν.
600 3681 759 3739 Οὕτω
789 3684 898 3751 γὰρ
946 3682 1037 3735 καὶ
1093 3682 1190 3752 τὴν
1221 3683 1451 3754 καρδίαν
1482 3683 1627 3754 ἔχεις
1680 3686 1739 3737 ὲν
1764 3683 1911 3753 χειρὶ

338 3775 503 3840 Θεοῦ,
538 3777 633 3828 καὶ
666 3775 765 3845 τὴν
790 3774 1070 3845 βασιλείαν
1110 3775 1230 3845 μετ’
1255 3777 1477 3846 εἰρήνης
1513 3774 1738 3838 πολλαῖς
1773 3774 1911 3827 ἑτῶν

340 3868 616 3940 περιόδοις
649 3866 1005 3929 ὲπιτελέσεις.
1052 3864 1371 3935 Θελησάσης
1433 3866 1617 3919 τοίνυν
1666 3866 1767 3936 τῆς
1807 3866 1909 3936 σῆς

340 3959 628 4021 εὐσεϐείας
659 3957 854 4028 μαθεῖν
877 3958 1007 4028 παρ’
1034 3959 1066 4027 η
1077 3957 1193 4028 μῶν
1217 3959 1315 4028 τὴν
1338 3958 1440 4027 τῆς
1468 3958 1762 4029 καθολικῆς
1790 3959 1913 4012 Ἐκ-

338 4050 576 4119 κλησξας
599 4049 804 4113 πίστιν,
841 4048 1337 4121 εὐχαριστήσαντες
1368 4051 1461 4106 ἐπὶ
1487 4050 1662 4121 τούτῳ
1699 4052 1909 4122 κυρίῳ»

335 4143 788 4214 ἐϐουλευσάμεθα
840 4144 1060 4198 πάντων
1098 4140 1299 4215 μᾶλλον
1344 4146 1443 4215 τὴν
1478 4146 1630 4217 παρὰ
1661 4146 1769 4199 τῶν
1800 4147 1912 4197 Πα-

333 4241 518 4307 οςὲρων
545 4235 973 4307 ὁμολογηθεῖσαν
1010 4238 1068 4290 ὲν
1116 4237 1324 4309 Νικαίᾳ
1360 4237 1545 4291 πίστιν
1593 4238 1909 4308 ὑπομνῆσαι

2019 1686 2165 1740 tulit.

2583 1795 2808 1852 CAPUT
2849 1795 3012 1851 XLII.

2014 1915 2094 1969 De
2130 1914 2346 1986 synodo,
2382 1912 2749 1986 Alexandrina
2772 1951 2785 1974 ,
2848 1912 3014 1986 cujus
3044 1910 3311 1986 decretum
3368 1924 3590 1986 magnus

2086 1983 2411 2038 Athanasius
2449 1984 2516 2035 ad
2542 1984 2914 2050 imperatorem
2947 1983 3086 2036 misit
3109 1997 3128 2034 :
3166 1990 3214 2033 et
3249 1991 3304 2032 ut
3336 1983 3589 2049 professio

2083 2054 2208 2123 ﬁdei
2242 2052 2455 2107 Nirama
2494 2051 2658 2105 multo
2675 2052 2794 2123 jam
2826 2062 3058 2121 tempore
3085 2051 3378 2121 exagitata,
3402 2051 3456 2103 in
3481 2050 3591 2119 pri-

2082 2122 2279 2177 stinum
2308 2131 2508 2177 statum
2536 2123 2603 2175 sit
2637 2122 2906 2176 restituta.

2086 2308 2192 2364 Sed
2224 2308 2372 2364 enim
2411 2307 2736 2362 Athanasius
2776 2307 3160 2363 Alexandriam
3207 2323 3329 2363 cum
3356 2312 3444 2371 eo,
3478 2322 3589 2378 quo

2014 2417 2113 2472 par
2143 2410 2281 2465 erat,
2309 2400 2520 2455 honore
2554 2415 2807 2454 reversus
2833 2440 2848 2465 ,
2877 2400 3023 2470 quod
3058 2402 3109 2454 ei
3165 2401 3467 2467 imperator
3517 2402 3593 2454 si-

2014 2493 2390 2564 gnificaverat,
2426 2500 2485 2545 ut
2514 2491 2580 2545 ad
2608 2507 2667 2545 se
2686 2498 2893 2545 certam
2929 2490 3430 2559 irreprehensibilis
3464 2491 3589 2545 fidei

2013 2586 2303 2641 formulam
2354 2583 2618 2646 mitteret,
2655 2582 2867 2653 synodo
2921 2583 3243 2651 provinciali
3294 2593 3504 2649 coacta,
3536 2592 3593 2637 et

2014 2677 2431 2749 spectatissimis
2466 2677 2777 2745 quibusque
2827 2676 3106 2745 episcopis
3134 2678 3201 2731 ad
3232 2692 3292 2731 sc
3322 2678 3588 2739 evocatis,

2015 2768 2274 2840 principi,
2321 2778 2381 2821 ut
2415 2767 2690 2822 Nicenam
2729 2766 2890 2821 tidem
2944 2767 3257 2822 inviolatam
3303 2778 3467 2838 atque
3504 2770 3592 2822 iu-

2018 2869 2245 2930 tegram,
2293 2873 2417 2928 qua:
2460 2858 2669 2914 scilicet
2701 2856 3044 2927 Evangelicis
3071 2858 3419 2928 dogmatibus
3458 2874 3592 2913 con-

2016 2950 2225 3012 veniat,
2278 2950 2557 3015 servaret,
2608 2949 2914 3018 rescripsit.
2964 2948 3164 3005 Verum
3208 2950 3345 3004 nihil
3381 2952 3588 3017 obstat,

2015 3043 2149 3113 quin
2182 3041 2441 3097 utilitatis
2472 3055 2665 3096 eorum
2690 3042 2862 3110 gratia
2886 3042 2980 3111 qui
3008 3042 3111 3098 ista
3145 3041 3348 3115 legent,
3385 3046 3593 3114 episto‘

2013 3137 2120 3190 lam
2152 3139 2271 3205 ejus
2298 3134 2366 3188 de
2399 3132 2572 3190 verbo
2601 3131 2669 3187 ad
2694 3127 2925 3188 verbum
2958 3133 3049 3188 hic
3081 3150 3374 3203 apponam.
3409 3137 3483 3189 Ea
3513 3136 3593 3191 sic

2015 3226 2217 3281 habet:
2260 3243 2278 3277 ι
2318 3224 2580 3279 Piissimo
2605 3231 2663 3278 et
2687 3222 3087 3277 humanissimo
3113 3222 3315 3278 Victori
3346 3225 3593 3294 Augusto

2013 3314 2325 3379 Joviniano,
2357 3314 2700 3368 Athanasius
2731 3321 2787 3367 et
2834 3314 3033 3382 reliqui
3066 3312 3335 3382 episcopi,
3368 3315 3463 3382 qui
3493 3329 3595 3367 no-

2014 3410 2162 3464 mine
2192 3407 2437 3462 omnium
2483 3403 2701 3478 Egypti
2735 3417 2790 3461 et
2824 3405 3123 3461 Thebaidis
3152 3414 3206 3459 et
3245 3406 3426 3476 Libya:
3463 3422 3595 3462 con-

2014 3510 2307 3566 venerunt,
2350 3500 2741 3569 episcoporum
2778 3497 3152 3562 :Admodum,
3191 3496 3282 3553 Dei
3314 3510 3588 3554 amantem

2014 3593 2425 3662 imperatorem,
2470 3591 2717 3646 discendi
2740 3591 2981 3646 studium
3008 3631 3023 3655 ,
3054 3591 3469 3660 ctelestiumque
3509 3606 3595 3645 rc-

2014 3699 2139 3739 rum
2191 3683 2527 3739 desiderium
2579 3683 2758 3737 decet.
2801 3682 2895 3737 Sic
2935 3697 3171 3752 namque
3214 3698 3340 3737 cum
3386 3699 3483 3739 cor
3536 3685 3592 3739 in

2015 3793 2180 3832 manu
2225 3777 2321 3833 Dei
2353 3776 2603 3842 habebis,
2647 3784 2761 3831 tum
2805 3775 3098 3844 imperium
3137 3776 3190 3829 in
3240 3791 3370 3844 pace
3397 3777 3596 3831 multo-

2016 3885 2138 3923 rum
2175 3868 2472 3924 curriculis
2500 3883 2769 3922 annorum
2806 3867 3239 3922 administrabis.
3262 3866 3398 3923 Cum
3426 3869 3594 3939 igitur

2016 3974 2352 4029 cegnoscere
2403 3976 2432 4013 a
2468 3958 2626 4014 nobis
2655 3960 2829 4028 pietas
2865 3974 2963 4013 sua
3016 3959 3301 4014 catholicas
3329 3961 3594 4015 Ecclesia:

2016 4052 2178 4105 fidem
2228 4052 2377 4116 velit,
2435 4050 2593 4121 100
2632 4052 2826 4121 gratiis
2871 4051 2983 4106 Deo
3031 4050 3099 4105 de
3152 4052 3242 4105 tali
3289 4053 3474 4107 animo
3498 4063 3592 4109 tuo

2015 4145 2172 4208 actis,
2215 4144 2394 4197 visum
2431 4142 2592 4196 nobis
2625 4152 2711 4197 est
2757 4158 2869 4212 prae
2913 4144 3170 4200 omnibus
3224 4145 3369 4209 aliis,
3402 4147 3593 4215 pietati

2020 4247 2177 4292 tuaea
2212 4236 2465 4306 patribus
2503 4234 2697 4290 Nicaeae
2740 4237 3138 4306 promulgatam
3192 4237 3355 4293 fidem
3389 4240 3441 4293 in
3480 4256 3596 4294 me-

336 4331 442 4400 τὴν
474 4329 575 4400 σὴν
594 4328 929 4383 θεοσέϐειαν.
963 4327 1179 4399 Ταύτην
1215 4329 1325 4401 γὰρ
1357 4329 1719 4399 ἁθετήσαντὲς
1744 4347 1910 4397 τινες,

2018 4330 2246 4384 moriam
2273 4328 2545 4398 redigere.
2574 4326 2690 4395 Qua
2745 4330 2997 4384 nonnulli
3052 4331 3365 4399 proculcata
3392 4373 3406 4398 ,
3439 4334 3597 4387 nobis

339 4426 476 4491 ἡμῖν
506 4422 607 4493 μὲν
636 4421 895 4485 ποικίλως
929 4421 1418 4489 ὲπεϐουλεύσαντο,
1445 4423 1526 4475 ὃτι
1557 4422 1633 4492 μὴ
1655 4422 1915 4491 πειθόμε-

340 4517 410 4566 υα
438 4514 505 4583 τῇ
559 4512 811 4581 Ἀρειανῇ
841 4509 1054 4580 αἱρέσει
1079 4525 1095 4540 ·
1120 4508 1285 4562 αἴτιοι
1326 4510 1382 4562 δὲ
1423 4510 1710 4578 γεγόνασιν
1766 4508 1920 4577 αίρέ-

344 4623 483 4669 eam;
545 4607 639 4658 καὶ
700 4605 1015 4674 σχισμάτων
1070 4607 1135 4673 τῇ
1170 4602 1430 4672 καθολικῇ
1490 4603 1809 4671 Ἐκκλησία.
1852 4601 1917 4656 Ἡ

344 4701 447 4769 μὲν
487 4698 697 4767 ἀληθὴς
730 4699 823 4749 καί⁸
866 4695 1098 4766 εὐσεϐὴς
1126 4696 1208 4759 εἰς
1237 4696 1329 4749 τὸν
1371 4696 1576 4765 Κύριον
1608 4692 1766 4764 ἡμῶν
1805 4693 1915 4762 ’1η-

343 4792 475 4845 εοῦν
522 4790 758 4860 Χριστὸν
788 4790 974 4853 πίστις
1007 4787 1216 4856 φανερὰ
1273 4790 1405 4842 πᾶσι
1444 4787 1776 4855 καθέστηκε,
1821 4785 1918 4838 καὶ

344 4888 407 4933 ἐκ
434 4880 547 4933 τῶν
583 4879 743 4933 θείων
777 4879 1011 4949 Γραφῶν
1040 4877 1415 4948 γινωσκομένη
1444 4893 1501 4929 τε
1529 4877 1624 4929 καὶ
1653 4879 1918 4944 ἀναγινω-

351 4972 585 5041 σκομένη
615 4984 630 4998 ³
664 4973 725 5022 ὲν
749 4969 922 5038 ταύτῃ
947 4969 1052 5039 γὰρ
1077 4970 1125 5020 οἱ
1150 4967 1296 5035 ἅγιοι
1327 4965 1725 5033 τελειωθέντες,
1748 4968 1919 5035 ἐμαρ-

342 5064 681 5134 τυρήθησαν,
738 5064 829 5115 καὶ
858 5060 952 5113 νῦν
1001 5059 1368 5121 ἀναλύσαντές
1411 5062 1548 5112 εἰσιν
1598 5060 1654 5112 ἐν
1688 5060 1912 5130 Κυρίῳ·

343 5171 526 5223 εειεινε
557 5155 614 5207 δὲ
646 5155 679 5223 ἡ
713 5152 895 5215 πίστις
948 5151 1230 5222 ἀϐλαϐἠςο
1269 5154 1316 5205 εἰ
1367 5151 1442 5222 μὴ
1490 5153 1725 5224 πονηρία
1755 5153 1917 5206 τινῶν

342 5244 638 5318 οἱρετικὼν
664 5243 1045 5315 παραποιῆσαι
1099 5244 1418 5312 ἐτόλμησεν.
1453 5246 1668 5312 Ἀρειος
1699 5247 1806 5317 γάρ
1837 5262 1919 5309 τις

343 5360 373 5393 κ
400 5344 439 5393 οὶ
471 5342 521 5391 ri
556 5342 653 5392 σὺν
688 5337 837 5408 αὐτῷ
882 5338 1196 5408 διαφθετραι
1229 5338 1459 5407 ταύτην,
1512 5339 1608 5391 καὶ
1660 5338 1919 5390 ἀσέϐειαν

343 5433 735 5498 ἒπεισαγαγείν
793 5432 913 5483 κατ’
947 5431 1116 5500 αὐτῆς
1169 5431 1556 5500 ἐπεχείρησαν,
1617 5430 1918 5498 φάσκοντες

342 5536 400 5583 ες
423 5521 524 5573 οὐκ
574 5522 765 5587 ὄντων,
798 5524 891 5575 καὶ
924 5522 1151 5592 κτίσμα,
1188 5524 1282 5575 καὶ
1313 5523 1523 5591 ποίημα
1556 5524 1645 5574 καὶ
1684 5525 1918 5592 τρεπτὸν

342 5606 483 5665 εἶναι
514 5611 605 5665 τὸν
642 5612 769 5666 Υἱὸν
796 5612 888 5666 τοῦ
916 5612 1073 5668 Θεοῦ.
1133 5613 1240 5666 Καὶ
1268 5612 1493 5676 πολλούς
1515 5629 1573 5667 τε
1624 5614 1679 5667 ἐν
1708 5614 1919 5679 τούτοις

2020 4423 2242 4493 quidem
2277 4421 2355 4475 illi
2386 4421 2565 4475 varias
2600 4421 2776 4477 moliti
2804 4432 2934 4477 sunt
2966 4422 3194 4477 insidias
3240 4425 3386 4493 quod
3422 4425 3599 4479 haere-

2021 4515 2123 4570 sim
2150 4514 2404 4569 Arianam
2465 4513 2619 4582 sequi
2676 4513 3020 4568 uoluerimus
3056 4533 3069 4565 :
3104 4526 3359 4570 auctores
3412 4527 3596 4571 autent

2021 4620 2301 4665 sectarum
2330 4618 2387 4666 et
2408 4610 2766 4665 dissidiorum
2804 4609 3062 4663 Ecclesia:
3092 4610 3393 4664 universali
3423 4613 3596 4666 exsti-

2023 4712 2157 4756 tere.
2204 4703 2325 4770 lpsa
2364 4717 2496 4756 sane
2533 4717 2660 4756 vera
2707 4710 2761 4755 et
2792 4702 2879 4771 pia
2931 4702 2985 4755 in
3021 4702 3313 4756 Dominum
3346 4714 3596 4758 nostrum

2019 4793 2205 4847 Jesum
2233 4792 2512 4846 Christum
2548 4792 2703 4871 fides,
2739 4801 2928 4861 aperta
2961 4802 3046 4846 cst
3072 4801 3127 4845 et
3159 4793 3445 4848 manifesta
3477 4810 3596 4847 om-

2023 4882 2207 4945 nibus,
2250 4897 2316 4935 ex
2344 4880 2547 4935 divinis
2578 4880 2882 4950 Scripturis
2911 4881 3129 4951 cognita
3150 4890 3313 4953 atque
3338 4885 3591 4939 collecta.

2021 4974 2081 5027 In
2114 4988 2220 5043 qua
2260 4972 2434 5026 sancti
2468 4972 2719 5026 homines
2750 4973 3119 5027 consummati
3152 5015 3165 5037 ,
3199 4979 3416 5046 egregie
3451 4993 3595 5029 mar-

2023 5049 2164 5136 tyrio
2210 5074 2340 5119 sunt
2392 5064 2635 5119 defuncti
2669 5082 2681 5117 :
2717 5073 2773 5118 et
2803 5080 2949 5119 nunc
3008 5082 3303 5136 corporum
3358 5068 3594 5123 vinculis

2022 5156 2185 5212 Soluti
2248 5157 2300 5209 in
2368 5156 2592 5210 Domino
2648 5159 3070 5227 conquiescunt.
3115 5160 3177 5213 Et
3207 5161 3594 5229 permansisset

2022 5249 2113 5302 illa
2148 5249 2486 5318 incorrupta,
2521 5249 2624 5303 nisi
2675 5251 3037 5319 quorumdam
3067 5252 3444 5305 haereticorum
3495 5252 3598 5304 im-

2021 5344 2263 5411 probitas
2314 5346 2602 5396 immutare
2661 5359 2781 5397 eam
2823 5357 2985 5414 atque
3044 5346 3344 5414 depravare
3401 5345 3595 5398 fuisset

2024 5451 2175 5488 ausa.
2203 5436 2367 5489 Arius
2404 5437 2701 5505 siquidem,
2736 5447 2791 5489 ct
2833 5439 3123 5506 populares
3167 5439 3307 5504 ejus,
3340 5452 3595 5491 corrum-

2022 5542 2152 5597 pere
2182 5528 2351 5591 illam,
2387 5539 2440 5582 et
2480 5530 2812 5597 impietatem
2849 5530 3113 5583 adversus
3155 5545 3274 5582 cam
3307 5529 3596 5582 subintro-

2026 5617 2226 5673 duccre
2260 5617 2439 5672 conati
2473 5627 2627 5674 sunt:
2666 5620 2856 5673 Filium
2894 5620 2987 5675 Dei
3020 5636 3083 5674 ex
3131 5636 3234 5673 non
3271 5621 3585 5677 exdstentb
