3986 6190
446 225 557 295 5ἶ9

1656 217 2087 283 NICEPHORI
2125 218 2475 281 CALLlSTI

3578 223 3672 288 588

446 344 592 409 lius,
651 350 709 398 et
760 351 1071 399 creaturam
1148 338 1571 406 facturamque,
1608 345 1665 392 et
1722 332 2019 395 mutationi

2129 331 2451 404 ἠπάτησαν,
2475 333 2617 388 ὥστε
2653 334 2745 387 καὶ
2770 334 2898 396 τοὺς
2927 332 3219 393 δοκοῦντας
3244 328 3379 387 εἷναί
3409 352 3461 389 τι
3488 348 3673 395 συναπ-

444 437 745 493 obnoxium
781 450 903 490 esse
958 433 1224 488 dicentes.
1264 432 1345 484 Ae
1378 428 1585 484 multos
1616 426 1870 497 profecto
1924 441 2024 497 per

447 532 563 585 haec
597 529 958 591 seduxerunt,
978 526 1115 580 adeo
1148 533 1208 578 ut
1239 523 1406 579 etiam
1438 519 1535 592 qui
1559 520 1883 576 videremur
1905 533 2025 574 esse

440 621 673 692 aliquid,
717 621 771 676 in
817 619 1037 674 illorum
1064 616 1277 685 abrepti
1306 615 1415 669 sint
1456 611 1879 683 blasphemiam.
1912 609 2023 667 Sed

442 715 590 767 enim
648 711 819 766 sancti
868 711 1064 764 Patres
1110 716 1323 763 mature
1383 706 1492 761 illis
1516 705 1741 761 obviam
1801 713 2021 770 euntes,

444 805 609 860 sicuti
668 802 927 867 diximus,
978 799 1217 855 concilio
1255 799 1449 855 Nicaeae
1494 806 1708 862 coacto,
1763 795 2021 851 Arianam

443 897 661 965 quidem
708 886 961 947 haeresim
996 892 1347 946 anathemate
1387 888 1793 952 confoderunt,
1833 888 2025 943 catlto-

442 988 561 1042 licze
586 994 770 1040 autem
803 995 859 1039 et
885 984 1216 1039 universalis
1258 982 1523 1037 Ecclesia:
1559 980 1682 1035 fidei
1720 979 2024 1050 professio-

442 1095 566 1134 nem
596 1083 650 1132 in
705 1079 973 1147 scriptmn
1022 1077 1332 1131 retulerunt
1377 1093 1390 1129 :
1442 1084 1503 1127 ut
1543 1089 1605 1128 ca
1644 1072 1760 1141 ipsa
1812 1072 2020 1141 ubique

441 1171 827 1240 depraadieata,
881 1171 1106 1224 suborta
1149 1169 1594 1237 exstingueretur
1649 1164 1893 1219 haeresis.
1953 1162 2020 1217 Et

440 1267 581 1319 lecta
614 1265 702 1317 illa
734 1272 819 1318 est
854 1272 1019 1331 atque
1049 1261 1324 1315 celebrata
1352 1261 1404 1313 in
1446 1259 1682 1313 ecclesia
1709 1257 1879 1312 omni.
1903 1255 2022 1312 Ca:-

440 1368 621 1411 terum
664 1372 787 1412 eum
820 1370 1086 1410 renovare
1117 1353 1372 1407 Arianatn
1402 1352 1657 1406 limresiiii
1703 1364 1852 1404 nunc
1879 1364 2021 1419 quo-

444 1467 552 1520 que
590 1451 861 1510 volentes,
921 1447 1163 1501 nonnulli
1211 1447 1431 1515 quidem
1465 1462 1495 1497 a
1539 1443 1793 1499 Patribns
1824 1443 2020 1497 Nicaeae

443 1542 844 1612 promulgatam
876 1539 1035 1593 (idem
1070 1539 1339 1607 abrogare
1366 1537 1624 1601 audeant,
1654 1535 1877 1605 quidam
1925 1550 2021 1588 au-

445 1645 552 1687 tl-in
588 1647 696 1701 pra:
729 1647 787 1686 se
810 1631 1033 1701 quidem
1068 1632 1292 1683 obtentu
1326 1627 1559 1697 quodam
1595 1626 1773 1681 lerant
1807 1625 2022 1694 profes-

443 1730 653 1783 sionem
684 1727 827 1796 ejus,
864 1742 922 1779 re
956 1725 1073 1793 ipsa
1102 1737 1236 1778 vero
1258 1736 1377 1774 eam
1402 1728 1622 1790 negent,
1647 1734 1935 1789 perperam
1961 1717 2022 1770 τὸ

440 1820 729 1889 ὀμοοῦσιον
759 1815 1229 1874 consubstantiale
1258 1814 1706 1882 interpretantes,
1741 1812 1836 1883 qui
1873 1812 2018 1867 blas-

443 1913 664 1984 phemia
687 1911 852 1966 etiam
885 1909 1151 1979 Spiritum
1177 1916 1430 1961 sanetum
1461 1914 1748 1975 appetunt.
1773 1918 1841 1959 eo
1872 1902 2021 1974 quod

441 2011 753 2058 creaturam
785 2016 909 2055 eum
934 2015 1030 2068 per
1057 2000 1255 2053 Filium
1289 1996 1486 2051 lactant
1515 2006 1569 2051 et
1588 1995 1867 2052 conditam
1900 2010 2023 2050 esse

443 2096 678 2151 dicunt:
735 2092 1048 2148 necessario
1069 2091 1135 2146 ad
1184 2092 1443 2161 pietatem
1484 2096 1655 2153 tuam,
1685 2102 1807 2142 eam
1846 2087 2021 2156 ipsam

444 2188 722 2243 Niea'nam
755 2186 879 2240 ﬁdei
911 2185 1311 2255 professionem
1344 2223 1358 2248 ,
1395 2181 1727 2235 detrimento
1776 2195 1844 2235 eo
1874 2178 2023 2249 quod

445 2295 512 2334 ex
546 2278 859 2348 bujusmodi
908 2275 1251 2345 blasphemia
1305 2274 1462 2328 multi
1520 2273 1705 2344 populi
1769 2274 2021 2343 capiunt,

446 2386 737 2440 perpenso,
774 2369 1095 2422 mittendam
1136 2382 1261 2422 esse
1308 2367 1588 2432 duximus,
1615 2376 1675 2420 ut
1700 2366 1875 2435 pietas
1933 2376 2025 2423 tua

446 2480 609 2533 quam
636 2474 890 2518 accurate
926 2477 989 2517 ea
1017 2462 1217 2530 scripta
1263 2462 1357 2524 sit,
1389 2468 1707 2531 cognoscat,
1738 2469 1794 2516 et
1843 2476 2023 2531 quan-

444 2566 565 2610 tum
622 2570 652 2609 a
694 2556 929 2609 veritate
986 2557 1266 2617 aberrent,
1316 2556 1411 2623 qui
1459 2553 1827 2623 prazterlianc
1876 2552 2023 2608 aliud

449 2648 670 2708 dorem.
700 2648 908 2701 videat.
943 2646 1076 2699 Illud
1095 2645 1743 2710 seito,Cliristianissime
1761 2647 2025 2716 Auguste,

447 2758 476 2795 a
536 2740 735 2795 saeculo
790 2740 931 2794 lianc
976 2753 1099 2793 esse
1166 2738 1513 2806 praedicatum
1549 2737 1731 2804 fidem,
1767 2748 1823 2791 et
1884 2738 2027 2792 lianc

447 2832 620 2901 ipsam
651 2832 926 2902 professos
956 2846 1098 2893 esse,
1124 2831 1216 2899 qui
1244 2830 1440 2885 Nicaea:
1460 2845 1770 2885 convenere
1792 2830 1982 2886 Patres
2009 2848 2022 2884 :

452 2924 607 2993 101
639 2922 816 2993 Atque
834 2923 1137 2978 etiamnum
1172 2921 1450 2992 suﬂ'ragtis
1482 2923 1596 2975 suis
1614 2938 1735 2977 eam
1768 2937 2026 2993 compro-

2127 425 2358 494 ἀχθῆναι
2394 429 2572 481 αὐτῶν
2597 431 2663 499 τῇ
2707 427 3057 498 βλασφημίᾳ.
3125 425 3239 481 Καὶ
3271 427 3556 497 φθάσαντες
3591 434 3677 502 μὲν

2127 517 2176 568 οἱ
2207 516 2353 585 ἀγιοι
2393 520 2642 588 Πατέρες
2674 519 2855 590 ἡμῶν,
2893 519 3271 581 συνελθόντες,
3299 520 3373 582 ὡς
3420 526 3675 591 προεῖπον,

2127 609 2185 663 ὲν
2219 611 2282 679 τῇ
2313 611 2455 664 κατά
2485 612 2723 665 Νίκαιαν
2751 611 2978 682 συνόδῳ,
3009 610 3110 682 τὴν
3174 611 3278 681 μὲν
3305 610 3574 683 Ἀρειανὴν
3607 616 3682 669 αῖ-

2129 717 2282 770 ρεσιν
2310 703 2742 774 ἀνεθεμάτισαν,
2797 704 2897 773 τὴν
2926 704 2985 758 δι
3031 707 3135 775 τῆς
3159 704 3448 775 καθολικῆς
3474 707 3682 778 Ἐκκλη-

2129 791 2253 856 σῖας
2295 794 2485 847 πίστιν
2522 795 2893 865 ὡμολόγησαν
2927 799 3249 867 ἐγγράφως.
3285 797 3467 864 Ὥστε,
3499 798 3681 870 ταύτης

2127 885 2403 954 πανταχοῦ
2428 889 2871 958 κηρυττομένης,
2892 888 3312 955 ἀποσϐεσθῆναι
3339 891 3436 958 τὴν
3454 887 3684 957 ἀναφθεῖο

2128 991 2229 1027 σαν
2263 976 2478 1046 αἰρεσιν
2519 979 2672 1047 παρὰ
2689 976 2797 1030 τῶν
2829 978 3147 1048 αἱρετικῶν.
3184 976 3297 1032 Ἦν
3328 981 3424 1048 μὲν
3452 979 3538 1032 οὖν
3559 980 3682 1050 αῦτη

2126 1065 2272 1123 κατὰ
2299 1070 2481 1122 πᾶσαν
2526 1069 2826 1140 ἐκκλησίαν
2856 1072 3347 1142 ἀναγινωσκομένη
3378 1088 3437 1124 τε
3468 1073 3556 1125 καὶ
3597 1090 3684 1146 κη-

2130 1158 2459 1228 ρυττομὲνη.
2520 1159 2666 1212 Ἀλλ’
2718 1162 2912 1229 ἐπειδὴ
2982 1163 3084 1231 τὴν
3151 1162 3442 1234 Ἀρειανὴν
3496 1165 3683 1232 αἵρεσιν

2125 1250 2436 1303 ἁνανεῶσαι
2498 1251 2817 1322 βουλόμενοί
2866 1270 3013 1316 τινες
3053 1254 3154 1323 μὲν
3190 1254 3360 1324 αὐτὴν
3391 1257 3488 1323 τὴν
3517 1258 3572 1310 tv
3597 1258 3683 1310 Νι-

2126 1342 2258 1414 καίᾳ
2305 1342 2459 1412 παρά
2488 1344 2595 1397 τῶν
2639 1345 2895 1416 Πατέρων
2941 1345 3381 1417 ὁμολογηθεῖσαν
3411 1347 3585 1401 πίστιν
3609 1365 3685 1401 τε·

2123 1434 2466 1504 τολμήκασιν
2502 1434 2791 1505 ἀθετῆσαι,
2832 1438 2979 1500 τινὲς
3021 1438 3078 1491 δὲ
3113 1439 3541 1508 σχηματίζονται
3573 1444 3685 1510 ὁμο-

2124 1527 2305 1595 λογεῖν
2331 1527 2524 1599 αὐτὴν,
2556 1533 2679 1588 ταῖς
2709 1528 2773 1582 δὲ
2819 1530 3111 1600 ἀληθείαις
3156 1531 3468 1602 ἀρνοῦνται,
3500 1552 3686 1608 παρερ-

2130 1618 2458 1687 μηνεὺοντες
2509 1620 2569 1672 τὸ
2597 1620 2906 1690 ὁμοούσιον,
2947 1625 3046 1677 καὶ
3078 1618 3226 1677 οὗτοι
3262 1624 3687 1697 βλασφημοῦντες

2126 1711 2186 1763 τὸ
2216 1709 2440 1779 Πνεῦμα
2490 1713 2550 1764 τὸ
2574 1712 2729 1782 ἀγιον
2754 1715 2812 1765 ὲν
2865 1714 2945 1783 τῷ
3005 1714 3237 1783 φάσκειν
3266 1719 3470 1780 αὐτοὺς
3506 1719 3688 1789 κτίσμα

2126 1800 2266 1858 εἶναι
2316 1809 2411 1861 καὶ
2445 1812 2657 1878 ποίημα
2684 1809 2772 1862 διὰ
2802 1809 2900 1863 τοῦ
2940 1809 3071 1867 Υίοῦ
3112 1812 3366 1881 γεγονὸς,
3400 1815 3687 1879 ἀναγκαὶως

2126 1898 2221 1952 καὶ
2261 1900 2426 1968 ἡμεῖς
2485 1900 2866 1971 θεωρήσαντες
2913 1901 3191 1957 ἐπιδοῦναι
3222 1906 3285 1974 τῇ
3337 1906 3405 1975 σῇ
3439 1904 3687 1975 εὐσεϐείᾳ,

2124 1990 2224 2061 τὴν
2247 1992 2304 2043 ὲν
2340 1991 2545 2062 Νικαίᾳ
2578 1993 3018 2065 ὁμολογηθεῖσαν
3057 1996 3243 2049 πίστιν
3271 1998 3685 2067 ἐσπουδάσαμεν

2128 2081 2213 2135 ἴνα
2242 2082 2354 2152 γνῷ
2389 2103 2483 2137 σου
2508 2085 2540 2154 ἡ
2564 2083 2845 2140 θεοσέϐεια
2886 2086 3008 2156 μεθ’
3039 2086 3171 2157 ὅσης
3195 2088 3484 2158 ἀκριϐείας
3509 2089 3689 2160 γέγρα-

2126 2189 2283 2236 πται,
2319 2176 2410 2227 καὶ
2456 2176 2580 2229 ὅσον
2616 2176 2928 2230 πλανῶνται
2963 2178 3013 2230 oi
3050 2178 3183 2249 παρ’
3212 2180 3390 2251 αὐτὴν
3435 2182 3690 2236 διδασκονο

2126 2284 2233 2330 τες.
2268 2268 2533 2334 Γένωσκε,
2566 2268 2953 2338 θεοφιλέστατε
2988 2269 3289 2341 Δῦγουστε,
3330 2274 3414 2337 ὅτι
3437 2273 3568 2346 αῦτη
3604 2274 3690 2344 μὲν

2127 2361 2161 2429 ἠ
2192 2358 2248 2425 ἐξ
2295 2360 2492 2424 αἰῶνος
2540 2364 2964 2431 κηρυττομένηο
3000 2363 3212 2435 ταύτην
3256 2365 3318 2419 δὲ
3350 2366 3685 2437 ὡμολόγησαν

2126 2455 2174 2504 οἱ
2209 2455 2264 2506 ἐν
2299 2453 2518 2525 Νικαίᾳ,
2543 2452 2891 2520 συνελθόντες
2944 2458 3209 2527 Πατέρες,
3236 2458 3337 2512 καὶ
3369 2458 3536 2533 ταύτῃ
3567 2461 3689 2530 σύμ-

2126 2545 2299 2616 ψηφοι
2323 2549 2654 2617 τυγχάνουσι
2690 2554 2861 2605 πᾶσαι
2903 2553 2958 2606 ad
2991 2552 3133 2605 κατά
3159 2553 3330 2607 τόπον
3359 2554 3694 2625 ὲκκλησίαιαῖ

2128 2656 2187 2690 τε
2220 2643 2359 2695 κατά
2395 2644 2493 2711 τὴν
2530 2643 2771 2697 Σπανίαν
2795 2645 2891 2698 καὶ
2920 2630 3288 2716 Βρετταννίαν
3317 2649 3414 2701 καὶ
3443 2648 3653 2711 Γαλλίας
3672 2664 3690 2679 ⁴

2129 2733 2223 2785 καὶ
2244 2733 2297 2784 at
2318 2735 2415 2803 τῆς
2458 2735 2691 2797 Ἰταλίας
2722 2737 2905 2807 πάσης
2958 2738 3053 2789 καὶ
3098 2737 3466 2807 Καμπανίας,
3498 2737 3693 2809 Δαλμαο

2128 2825 2247 2887 τέας
2288 2841 2343 2877 τε
2383 2825 2479 2879 καὶ
2533 2827 2768 2894 Μυσίας,
2800 2828 3143 2893 Μακεδονίας
3176 2832 3271 2882 καὶ
3304 2832 3485 2901 πάσης
3525 2832 3696 2885 Ἐλλά-

2128 2913 2237 2982 δος,
2280 2918 2377 2968 καὶ
2420 2919 2473 2969 αἱ
2500 2918 2641 2970 κατά
2690 2919 2963 2991 Ἀφρικὴν
2999 2922 3198 2987 πᾶσαι,
3243 2925 3345 2977 καὶ
3393 2922 3692 2995 Σαρδανίαν,

446 3017 580 3071 bare
598 3031 793 3071 omnes
810 3031 932 3086 qua:
961 3015 1164 3086 passim
1190 3023 1316 3070 sunt
1344 3014 1633 3078 ecclesias,
1653 3016 1706 3068 in
1735 3014 2020 3086 llispania,

2128 3007 2223 3061 καί
2268 3008 2513 3080 Κύπρον,
2547 3012 2642 3066 καὶ
2697 3014 2950 3084 Κρήτην,
3009 3016 3347 3085 Παμφυλίαν
3396 3034 3453 3072 τε
3483 3019 3574 3071 καὶ
3599 3018 3695 3071 Λν-

445 3118 505 3164 et
529 3108 910 3173 Britannia,et
938 3106 1136 3169 Gallia,
1168 3115 1225 3161 et
1245 3105 1562 3172 Germania,
1590 3106 1815 3161 etltalia
1845 3108 2017 3174 omni,

445 3197 843 3268 etCampania,
902 3210 957 3253 et
1004 3197 1289 3262 Dalmatia,
1339 3197 1546 3268 Mysia,
1581 3196 1920 3262 Macedonia,
1969 3208 2024 3252 et

442 3301 642 3344 cuncta
672 3288 903 3354 Gnecia,
937 3289 990 3342 in
1024 3289 1208 3343 Africa
1251 3299 1386 3355 tota,
1420 3289 1474 3344 in
1509 3289 1786 3356 Sardinia,
1816 3289 2021 3361 Cypro,

443 3382 628 3442 Creta,
664 3380 1206 3453 Pamphylia,Lycia,
1235 3382 1463 3445 Isauria,
1490 3381 1545 3434 in
1576 3380 1816 3452 Egypto
1846 3383 2021 3446 omni,

446 3475 638 3545 Libya,
667 3474 865 3540 Ponto,
903 3483 960 3527 et
997 3472 1364 3543 Cappadocia,
1418 3482 1584 3543 atque
1625 3476 1779 3531 hisce
1826 3475 2025 3531 vicinis

446 3566 631 3621 terris.
669 3567 815 3636 lpsas
858 3582 1077 3636 quoque
1121 3565 1363 3622 Orientis
1389 3568 1655 3622 ecclesias
1675 3607 1690 3632 ,
1715 3568 1905 3637 paucis
1930 3585 2025 3623 ex-

445 3656 620 3726 ceptis
664 3672 787 3726 quae
833 3672 957 3714 cum
1004 3657 1223 3712 Arianis
1273 3659 1542 3713 sentiunt.
1581 3658 1842 3714 Omnium
1873 3660 2022 3716 enim

438 3764 637 3804 earum
672 3764 810 3820 quas
844 3750 1225 3805 recensuimus
1261 3759 1543 3820 comperta
1574 3751 1734 3807 nobis
1789 3761 1873 3807 est
1900 3769 2026 3809 sen-

448 3840 639 3906 tentia,
674 3841 817 3910 quod
847 3840 916 3894 ab
945 3840 1025 3895 eis
1054 3841 1316 3911 epistolas
1338 3841 1661 3898 habeamus.
1684 3844 1753 3901 Et
1787 3844 2021 3912 scimus,
2053 3835 2064 3844 ’

445 3932 541 3988 Dei
592 3933 969 3987 amantissime
1013 3935 1277 4003 Auguste,
1314 3935 1570 4004 qtramvis
1599 3935 1758 4004 pauci
1796 3935 2023 4006 quidam

448 4024 575 4079 ﬁdei
612 4024 700 4081 iati
727 4024 1110 4092 adversentur,
1152 4026 1290 4080 nihil
1340 4034 1522 4081 tamen
1568 4041 1664 4081 eos
1712 4027 2022 4098 praejudicii

443 4116 645 4171 allerre
689 4133 849 4187 posse
887 4118 1007 4171 orbi
1049 4118 1334 4173 universo.
1377 4118 1556 4188 Atque
1589 4119 1670 4174 illi
1725 4119 1887 4190 longo
1910 4120 2024 4191 jam

453 4218 699 4277 tempore
728 4208 797 4262 ab
842 4208 1041 4262 Ariana
1083 4207 1270 4262 infecti
1318 4208 1431 4275 lue,
1470 4211 1825 4267 contentione
1855 4212 2022 4268 etiam

446 4302 653 4371 majore
710 4316 858 4354 nunc
890 4315 1031 4354 vera:
1074 4300 1345 4355 resistunt
1384 4302 1594 4373 pietati.
1629 4304 1697 4357 Et
1730 4314 1790 4359 ut
1848 4304 2025 4375 pietas

2127 3103 2276 3165 κίειν,
2310 3105 2405 3155 καὶ
2430 3103 2730 3174 Ἰσαυρίαν,
2762 3106 2860 3158 καὶ
2911 3107 2968 3158 at
3013 3108 3157 3161 κατά
3190 3111 3379 3163 πᾶσαν
3417 3111 3694 3180 Αἴγυπτον,

2128 3193 2221 3244 καὶ
2244 3193 2489 3264 Λιϐύην,
2520 3199 2614 3248 καὶ
2668 3196 2892 3261 Πόντον,
2923 3199 3018 3250 καὶ
3065 3200 3494 3265 Καππαδοκίαν,
3524 3203 3694 3258 καὶτὰ

2127 3285 2355 3353 πλησίον
2388 3285 2548 3356 μέρη,
2581 3287 2676 3339 καὶ
2707 3289 2762 3340 αί
2789 3288 2931 3341 κατά
2959 3290 3229 3355 ἀνατολὰς
3256 3294 3547 3363 ἐκκλησίαι
3574 3313 3698 3365 παρ-

2129 3376 2186 3440 ὲξ
2207 3377 2403 3444 ὀλίγων
2432 3377 2541 3432 τῶν
2572 3379 2643 3433 τὰ
2703 3379 2924 3453 Ἀρείου
2959 3382 3326 3453 φρονούντων.
3356 3388 3576 3444 Πάντων
3599 3393 3695 3463 γὰρ

2125 3469 2238 3519 τῶν
2264 3471 2684 3542 προειρημένων
2709 3475 2774 3542 τῇ
2800 3473 2965 3545 πείρα
2988 3475 3319 3546 ἐγνώκαμεν
3344 3479 3440 3550 τὴν
3466 3481 3693 3553 γνώμην,

2127 3562 2220 3614 καὶ
2253 3563 2563 3633 γράμματα
2617 3564 2837 3636 ἔχομεν,
2874 3568 2969 3620 καὶ
3019 3568 3269 3639 οἴδαμεν,
3337 3573 3696 3643 θεοφιλέστατε

2127 3651 2429 3722 Αὕγουστε,
2466 3657 2549 3710 ὅτι
2585 3658 2689 3710 κάν
2745 3658 2918 3727 ὀλίγοι
2964 3661 3110 3723 τινὲς
3147 3663 3478 3732 ἀντιλέγωσι
3536 3667 3693 3740 ταύτῃ

2126 3750 2194 3817 τῇ
2231 3747 2436 3816 πίστει,
2491 3750 2552 3803 οὐ
2604 3751 2867 3807 δύνανται
2915 3755 3206 3827 πρόκριμα
3240 3764 3420 3814 ποιεῖν
3456 3763 3597 3835 πάσῃ
3635 3765 3694 3834 τῇ

2125 3838 2447 3910 οἰκουμένῃ.
2507 3840 2696 3913 Πολλῷ
2739 3843 2851 3913 γάρ
2887 3845 3065 3916 χρόνῳ
3117 3847 3416 3917 βλαϐέντες
3465 3852 3567 3905 ὑπὸ
3604 3852 3694 3920 τῆς

2140 3928 2432 3999 Ἀρειανῆς
2464 3932 2735 4002 αἱρέσεως
2764 3936 3199 4008 φιλονεικότερον
3230 3940 3335 3995 νῦν
3369 3943 3695 3997 ἀνθίστανται

2126 4023 2193 4090 τῇ
2214 4022 2468 4094 εὐσεϐείᾳ
2489 4040 2503 4054 ’
2537 4025 2632 4077 κει.)⁵
2666 4026 2807 4099 ὑπὲρ
2831 4028 3128 4095 γινώσκειν
3152 4031 3255 4104 τὴν
3282 4034 3386 4105 σὴν
3409 4035 3692 4098 εὐσέϐειαν.

2128 4115 2311 4168 καίτοι
2361 4116 2763 4185 γινώσκουσαν,
2826 4122 2978 4192 ὅμως
3032 4125 3476 4199 ἐσπουδάσαμεν,
3507 4131 3599 4200 τὴν
3645 4131 3696 4183 ἐν

2128 4207 2337 4280 Νικαίᾳ
2370 4209 2552 4266 πίστιν
2586 4212 3021 4284 ὁμολογηθεῖσαν
3077 4219 3185 4272 ὑπὸ
3225 4221 3336 4277 τῶν
3387 4222 3694 4293 τριακοσίων

2127 4297 2258 4351 δέκα
2291 4301 2387 4353 καὶ
2416 4301 2566 4355 ὀκτὼ
2592 4306 2909 4361 ἐπισκόπων
2932 4307 3222 4374 ὑποτάξαι.
3260 4312 3419 4367 Ἔστι
3447 4314 3502 4367 δὲ
3532 4313 3654 4383 αὕτη
3677 4328 3694 4345 ·

439 4404 539 4445 tua
573 4392 732 4446 ﬁdem
763 4391 1038 4445 Nicmnam
1086 4403 1417 4463 cognoscat,
1449 4395 1696 4463 quamvis
1729 4406 1891 4452 antea
1933 4412 2024 4453 co-

2134 4388 2473 4457 Πιστεύομεν
2502 4393 2578 4457 εἰς
2603 4394 2697 4448 ἕνα
2717 4396 2878 4463 Θεὸν,
2899 4398 3116 4471 Πατέρα
3132 4376 3696 4476 παντοκράτοραωά-ν-

442 4485 673 4554 gnitam,
711 4491 951 4536 attamen
978 4484 1140 4537 sicuti
1169 4498 1232 4537 ea
1258 4499 1288 4537 a
1315 4485 1576 4539 trecentis
1600 4485 1789 4541 decem
1821 4495 1878 4542 et
1899 4497 2025 4543 octo

444 4576 720 4645 episcopis
746 4586 831 4629 est
855 4576 1223 4645 promulgata,
1266 4576 1601 4646 subjungere
1640 4578 1841 4634 litteris
1869 4578 2025 4636 hisce

448 4664 745 4719 voluimus.
762 4663 859 4718 Est
879 4674 1065 4718 autem
1090 4665 1244 4719 talis:
1267 4664 1561 4720 Credimus
1581 4666 1635 4720 in
1658 4683 1829 4722 unum
1851 4668 2023 4723 Deum

444 4756 661 4809 Patrem
703 4754 1424 4823 oinnipOtenten‘i,onmium
1454 4755 1754 4810 visibilium
1776 4767 1830 4811 et
1858 4757 2027 4814 invis-

442 4846 639 4900 bilium
666 4845 929 4901 factorem
946 4864 958 4899 :
977 4844 1045 4901 Et
1068 4847 1125 4901 in
1159 4862 1328 4901 unum
1347 4847 1636 4903 Dominum
1661 4847 1847 4904 Jesum
1866 4848 2029 4905 Chri-

444 4946 615 5003 stum,
647 4937 848 4992 Filium
887 4937 1006 5004 Dei,
1037 4940 1283 5009 genitum
1309 4955 1377 4995 ex
1415 4939 1616 5005 Patre,
1653 4942 2022 5012 unigenitum,

446 5028 557 5082 hoc
584 5037 690 5090 est,
724 5042 791 5081 ex
820 5027 1129 5083 substantia
1152 5029 1349 5096 Patris,
1370 5030 1541 5084 Deum
1573 5030 1641 5087 de
1674 5031 1804 5100 Deo,
1836 5032 2025 5088 lumen

435 5120 513 5175 de
543 5118 777 5183 lumine,
830 5117 1000 5174 Deum
1032 5136 1225 5175 verum
1271 5120 1340 5176 de
1378 5107 1504 5176 lico
1550 5138 1683 5178 vero
1713 5139 1728 5176 :
1755 5126 2023 5194 genitum,

438 5228 556 5267 non
582 5212 812 5279 laetum,
842 5211 1366 5267 consubstantialem
1386 5212 1562 5279 Patri,
1588 5230 1687 5284 per
1708 5232 1872 5285 quem
1905 5232 2027 5271 om-

440 5305 535 5358 nia
570 5306 709 5361 facta
750 5314 900 5372 sunt,
939 5320 1170 5375 quaeque
1212 5304 1269 5360 in
1309 5308 1464 5361 etelis
1506 5315 1656 5367 sunt.
1685 5323 1917 5380 quaeque
1967 5311 2023 5365 in

439 5397 630 5452 terris.
674 5398 777 5463 Qui
830 5408 1055 5468 propter
1085 5413 1185 5452 nos
1244 5397 1521 5465 homines,
1556 5409 1612 5454 et
1643 5413 1872 5472 propter
1928 5419 2027 5458 no-

438 5500 616 5543 stram
674 5492 928 5556 salutem,
985 5490 1325 5546 descendit:
1378 5501 1434 5546 et
1488 5492 1805 5549 incarnatus
1862 5496 2027 5553 homo

441 5579 648 5645 factus,
687 5591 743 5637 et
773 5597 968 5653 passus
998 5592 1083 5638 est
1112 5601 1125 5637 :
1153 5593 1208 5638 et
1265 5584 1570 5639 resurrexit
1608 5587 1768 5641 tertia
1802 5587 1912 5655 die,
1943 5604 2029 5644 as-

445 5667 644 5727 cendit
673 5672 725 5724 in
763 5675 950 5742 caelos,
986 5683 1253 5731 venturus
1301 5676 1544 5746 judicare
1581 5676 1734 5734 vivos
1768 5690 1820 5734 et
1874 5698 2022 5735 mor-

2130 4500 2238 4536 τω)
2266 4484 2479 4555 ὁρατῶν
2513 4489 2608 4541 καὶ
2640 4490 2892 4560 ἀοράτων
2919 4495 3157 4564 ποιητήν
3182 4510 3196 4527 ·
3232 4496 3330 4549 καὶ
3370 4497 3450 4558 είς
3477 4497 3568 4550 ἕνα
3591 4498 3692 4550 Κύ-

2133 4591 2250 4644 ριον
2283 4573 2493 4646 Ἰησοῦν
2527 4578 2765 4650 Χριστὸν
2804 4582 2928 4634 rw,
2958 4583 3054 4636 τοῦ
3080 4583 3217 4637 Θεοῦ
3238 4602 3249 4616 ·
3288 4590 3610 4658 γεννηθέντα
3638 4593 3694 4641 ἐκ

2128 4668 2223 4720 τοῦ
2252 4669 2469 4741 Harpe;
2501 4673 2798 4743 μονογενῆ,
2826 4676 3112 4731 τουτέστιν
3162 4681 3228 4734 ὲκ
3272 4683 3370 4751 τῆς
3404 4685 3583 4748 οὐσίας
3608 4683 3692 4738 τοῦ

2133 4762 2344 4833 Πατρός
2368 4778 2380 4792 ⁸
2420 4764 2551 4818 Θεὸν
2582 4766 2646 4845 ἐκ
2662 4766 2819 4834 Θεοῦ,
2848 4769 2963 4839 φῶς
2988 4773 3053 4825 ὲκ
3075 4775 3273 4843 φωτὸς,
3301 4777 3433 4831 Θεὸν
3458 4778 3691 4848 ἀληθινὸν

2131 4853 2195 4906 ὲκ
2224 4853 2359 4907 Θεοῦ
2378 4856 2636 4926 ἀληθινοῦ
2658 4874 2670 4888 ·
2698 4859 3054 4930 γεννηθέντα,
3082 4864 3145 4916 οὐ
3177 4866 3496 4937 ποιηθέντα,
3519 4867 3694 4938 ὁμοοῦ-

2132 4960 2247 4997 σιον
2268 4943 2344 5010 τῷ
2367 4947 2541 5018 [Ιατρί
2561 4964 2577 4978 ·
2624 4947 2692 5001 δι’
2720 4949 2781 5003 οῦ
2810 4953 2881 5005 τὰ
2902 4953 3080 5008 πάντα
3102 4956 3344 5023 ἐγένετο,
3368 4960 3439 5013 τά
3464 4977 3522 5013 τε
3550 4963 3604 5013 ἐν
3625 4958 3691 5027 τῷ

2130 5035 2345 5108 οὐρανῷ
2374 5040 2469 5092 καὶ
2498 5040 2568 5094 τὰ
2618 5042 2711 5095 ἐπὶ
2741 5045 2841 5115 τῆς
2869 5046 2975 5115 γῆς
3001 5086 3018 5112 ,
3068 5046 3163 5102 τὸν
3190 5049 3257 5103 δι’
3286 5053 3438 5123 ἡμᾶς
3469 5055 3588 5116 τοὺς
3612 5053 3693 5106 ἀν-

2132 5128 2386 5200 θρώπους
2408 5135 2502 5187 καὶ
2520 5133 2609 5188 διὰ
2630 5136 2730 5208 τὴν
2756 5139 3035 5209 ἡμετέραν
3057 5145 3333 5214 σωτηρίαν
3360 5145 3688 5211 κατελθόντα,

2133 5225 2510 5294 σαρκωθέντα,
2575 5227 3103 5303 ὲνανθρωπήσαντα,
3157 5236 3398 5290 παθόντα
3436 5239 3529 5292 καὶ
3574 5239 3691 5290 ἀνα-

2134 5321 2341 5373 στάντα
2387 5322 2451 5389 τῇ
2486 5320 2646 5395 τρίτῃ
2679 5323 2867 5396 ἡμέρᾳ
2890 5340 2904 5356 ο
2944 5327 3238 5383 ἀνελθόντα
3271 5331 3353 5391 είς
3395 5332 3521 5392 τοὺς
3546 5330 3689 5400 οὖρα-

2131 5409 2257 5474 νούς
2283 5450 2299 5477 ,
2333 5413 2629 5483 ἐρχόμενον
2659 5418 2844 5485 κρῖναι
2907 5417 3117 5483 ζῶντας
3152 5423 3247 5473 καὶ
3302 5422 3561 5493 νεκρούςο
3609 5419 3693 5474 καὶ

2131 5506 2210 5565 εἰς
2241 5502 2301 5554 τὸ
2332 5504 2556 5575 Πνεῦμα
2584 5508 2645 5560 τὸ
2680 5505 2862 5575 ἅγιον.
2890 5507 3030 5575 Τοὺς
3060 5512 3118 5566 δὲ
3153 5512 3427 5581 λέγοντας,
3454 5510 3557 5567 Ἦν
3576 5525 3691 5563 ποτε

2130 5594 2217 5647 ὅτε
2246 5598 2345 5648 οὐκ
2378 5590 2469 5667 ἦν,
2490 5597 2585 5651 καὶ
2615 5599 2699 5651 ὃτι
2734 5599 2794 5665 ἐξ
2819 5603 2921 5654 οὐκ
2963 5602 3137 5656 όντων
3163 5604 3398 5672 ἐγένετο,
3428 5604 3460 5675 ἦ
3499 5605 3553 5670 ἐξ
3588 5601 3693 5654 ἑτέ-

2134 5701 2231 5754 ρας
2268 5686 2625 5754 ὑποστάσεως
2661 5690 2693 5761 ἦ
2728 5691 2915 5756 οὐσίας
2948 5696 3254 5762 φάσκοντας
3301 5692 3456 5762 εἶναι,
3493 5697 3691 5753 τούτους
