3986 6190
268 206 377 272 εει

1194 205 1799 267 ΕΟΕΕΕΞΙΑΞΤΙΟΒ
1838 206 2229 270 ΗΙΞΤΟΒΙΑέ
2270 211 2412 273 LIB.
2456 214 2528 274 X.

3410 234 3522 300 582

266 314 662 387 ἀναθεματίζει
690 317 723 386 ἡ
754 286 883 383 aria
912 315 1173 387 καθολικὴ
1215 319 1305 369 καὶ
1341 319 1674 388 ἀποστολικὴ
1716 318 1840 371 Ἐκ·

1952 331 2089 377 tuos.
2123 324 2191 378 Et
2226 325 2280 380 in
2313 326 2582 396 Spiritum
2625 344 2897 394 sanctum.
2934 341 3040 398 Eos
3081 353 3264 402 autem
3309 350 3403 417 qui
3431 352 3516 406 di-

267 408 495 477 κλησία.
522 409 706 478 Ταύτῃ
761 411 825 477 τῇ
863 408 1065 472 πίστει,
1104 408 1486 476 θεοφιλέστατε
1539 409 1836 476 Αὔγουστε,

266 502 556 569 ἐπιμένειν
602 501 898 568 ἀναγκαῖοι
948 499 1023 563 ὡς
1055 500 1175 569 θεία
1219 501 1311 555 καὶ
1346 501 1696 573 ἁποστολικῇ,
1743 506 1839 554 καὶ

270 591 482 660 μηδένα
524 594 839 659 μετακινεῖν
896 591 1067 660 αὐτὴν
1105 593 1516 660 πιθανολογίαις
1552 594 1649 645 καὶ
1681 594 1837 657 λογο-

268 681 521 750 μαχίαις,
558 682 693 750 ὅπερ
729 683 993 752 ἐποίησαν
1025 683 1083 749 ἐξ
1116 685 1290 753 ἀρχῆς
1317 685 1368 736 oi
1412 687 1838 754 Ἀρειομανῖται,

267 773 329 837 ἒξ
362 776 463 827 οὒκ
485 775 658 827 ὄντων
687 775 778 827 τὸν
807 776 936 828 Υίὸν
956 776 1049 828 τοῦ
1080 777 1217 829 Θεοῦ
1252 778 1522 846 λέγοντες,
1553 778 1648 830 καὶ
1672 777 1753 829 ὅτι
1773 771 1841 845 ἦν

269 866 407 918 ποτὲ
440 866 525 917 ὅτε
558 867 660 919 οὐκ
692 863 777 936 ἦν,
820 867 914 921 καὶ
944 870 1159 929 κτιστὺς
1191 869 1284 920 καὶ
1314 868 1556 938 ποιητὸς,
1591 869 1684 920 καὶ
1715 883 1843 938 τρε-

269 957 409 1016 πτός
441 956 557 1009 ἐστι
581 971 595 986 ο
627 957 715 1010 διὰ
746 958 902 1011 τοῦτο
929 959 1061 1026 γὰρ,
1097 960 1240 1012 καθὰ
1281 960 1636 1029 προείπομεν,
1668 961 1765 1012 καὶ
1807 960 1840 1029 ἡ

268 1047 329 1096 ἐν
352 1046 561 1116 Νικαίᾳ.
586 1047 799 1111 σύνοδος
830 1050 1193 1116 ἀνεθεμάτισε
1218 1051 1314 1120 τὴν
1339 1050 1592 1120 τοιαύτην
1609 1050 1843 1119 αἵρεσιν,

268 1137 374 1205 τῆς
404 1139 461 1190 δὲ
490 1139 746 1210 ἀληθείας
800 1142 981 1194 πίστιν
1008 1142 1380 1211 ὡμολόγησεν.
1415 1144 1490 1195 Οὐ
1516 1144 1624 1212 γὰρ
1656 1141 1845 1203 ἁπλῶς

271 1229 464 1297 ὅμοιον
500 1230 755 1298 εἰρήκασι
808 1231 900 1284 τὸν
924 1231 1053 1284 Υίδν
1089 1233 1167 1299 τῷ
1202 1234 1396 1302 "arpi,
1429 1233 1515 1286 ἵνα
1548 1233 1621 1301 μὴ
1658 1232 1847 1295 ἁπλῶς

269 1321 460 1388 ὅμοιος
492 1319 629 1372 Θεοῦ
653 1361 667 1385 ,
705 1321 822 1374 ἀλλ’
856 1324 920 1376 ἐκ
965 1323 1058 1376 τοῦ
1091 1323 1224 1377 Θεοῦ
1271 1324 1401 1387 Θεὸς
1448 1325 1701 1395 ἀληθινὸς
1750 1341 1843 1376 πι-

272 1410 577 1480 στεύσηται
599 1428 611 1440 ·
645 1410 777 1465 ἀλλὰ
810 1415 905 1466 καὶ
927 1414 1211 1483 ὁμοούσιον
1238 1415 1505 1486 ἔγραψαν,
1550 1416 1686 1483 ὅπερ
1714 1414 1843 1468 ἴδιόν

270 1505 390 1555 ἐστι
419 1505 645 1572 γνησίου
680 1507 773 1559 καὶ
802 1505 1056 1575 ἀληθινοῦ
1083 1506 1213 1559 Υίοῦ
1249 1508 1309 1571 ἐξ
1335 1496 1586 1577 ἀληθινοῦ
1622 1507 1716 1559 καὶ
1743 1504 1844 1574 φύ-

272 1610 358 1645 σει
414 1595 651 1665 Πατρός.
690 1596 831 1648 Ἀλλ’
862 1597 981 1650 οὐδὲ
1034 1599 1479 1668 ἀπηλλοτρίωσαν
1516 1598 1577 1650 τὸ
1622 1596 1845 1665 Πνεῦμα

268 1682 333 1735 τὸ
368 1681 531 1750 ἅγιον
553 1684 659 1735 ἀπὸ
678 1683 770 1735 τοῦ
804 1684 1010 1754 Harpe;
1045 1690 1137 1738 καὶ
1170 1686 1264 1739 τοῦ
1304 1685 1455 1751 Υίοῦ,
1487 1683 1847 1765 ἀλλὰςμᾶλλον

272 1770 642 1836 συνεδὸξασαν
676 1773 808 1825 αὐτὸ
845 1775 922 1843 τῷ
962 1775 1138 1845 Πατρὶ
1194 1776 1287 1827 καὶ
1316 1775 1393 1844 τῷ
1420 1774 1535 1845 rte
1568 1777 1624 1827 ἐν
1652 1777 1716 1845 τῇ
1736 1774 1847 1845 μιᾷ

270 1862 373 1931 τῆς
410 1863 576 1930 ἁγίας
604 1864 833 1933 Τριάδος
858 1865 1061 1930 πίπει,
1101 1865 1189 1919 διὰ
1230 1864 1292 1918 τὺ
1311 1867 1405 1919 καὶ
1432 1865 1560 1935 μίαν
1585 1861 1727 1919 εἶναι
1751 1864 1847 1935 τὴν

270 1955 331 2006 ἐν
364 1956 438 2024 τῇ
469 1955 599 2025 ἁγίᾳ
649 1952 839 2025 Τριᾶδι
871 1956 1122 2028 θεότητα.
1154 1958 1375 2020 Τούτοις
1404 1958 1468 2025 δὴ
1515 1963 1629 2023 τοῖς
1668 1960 1848 2031 γράμο

273 2063 451 2116 μασιν
471 2050 498 2101 ὁ
523 2047 775 2114 βασιλεὺς
807 2047 1065 2119 ἐντυχὼν,
1101 2050 1335 2120 βεϐαίως
1363 2049 1628 2120 ήδράσθη,
1668 2050 1762 2103 καὶ
1782 2051 1849 2121 ἢν

270 2133 394 2209 εἶχε
430 2139 689 2209 περὶτῶν
724 2139 883 2193 θείων
921 2140 1128 2208 γνῶσίν
1160 2158 1218 2194 τε
1253 2142 1348 2195 καὶ
1376 2141 1618 2194 διάθεσιν
1641 2140 1809 2205 ἔδειξε
1830 2157 1843 2170 ·

270 2233 411 2294 τοὺς
456 2232 565 2300 γὰρ
596 2229 913 2296 δοξάζοντας
956 2234 1015 2285 τὸ
1049 2234 1339 2301 ὀμοούσιον
1378 2234 1445 2286 δι’
1480 2235 1661 2299 αἰδοῦς
1711 2233 1845 2305 εἶχε,

267 2326 365 2376 καὶ
397 2324 595 2393 δώροις
628 2325 927 2394 φιλοτίμως
975 2326 1251 2395 ὴμείὸετο.
1308 2328 1419 2382 Καὶ
1454 2328 1560 2397 γὰρ
1592 2329 1849 2397 πρόθεσις

266 2414 335 2487 ἦν
360 2419 582 2487 ἐκείνῳ,
615 2415 689 2481 ὥς
715 2418 762 2486 γ’
809 2417 954 2486 ἐνῆν,
986 2418 1162 2470 πειθοῖ
1194 2418 1392 2487 μᾶλλον
1423 2419 1455 2488 ἢ
1491 2419 1582 2489 βίᾳ
1606 2419 1703 2488 τὴν
1741 2420 1848 2472 τῶν

266 2508 586 2561 διεστώτων
610 2507 877 2577 ἀνακόψαι
899 2509 1250 2578 φιλονεικίαν,
1269 2511 1365 2564 καὶ
1387 2510 1575 2580 μηδενὶ
1599 2510 1666 2564 δι’
1689 2511 1847 2580 ὄχλου

267 2599 387 2651 τῶν
443 2599 794 2666 ὁπωσδήποτε
826 2600 1116 2669 ᾑρημένων
1135 2600 1409 2653 πιστεύειν
1439 2600 1655 2653 ἔσεσθαι
1679 2616 1693 2631 ο
1716 2601 1851 2668 ἀγά-

270 2708 386 2759 πης
424 2690 469 2742 δ’
496 2690 767 2741 ἐλλείπειν
800 2690 993 2758 μηδὲν,
1055 2692 1150 2743 καὶ
1191 2693 1272 2754 είς
1302 2690 1363 2743 τὸ
1403 2693 1704 2761 ἀκρότατον
1749 2692 1849 2760 τῆς

271 2784 449 2852 τιμῆς
480 2781 647 2851 ἔχειν,
676 2783 789 2834 ὅσοι
836 2782 901 2853 δὴ
946 2782 1098 2835 ἑνοῦν
1128 2782 1227 2854 τὴν
1270 2782 1600 2851 Ἐκκλησίαν
1650 2783 1849 2851 μᾶλλον

272 2876 651 2928 σπουδασωσι.
684 2873 856 2928 Τοῦτο
887 2874 944 2928 δὲ
971 2874 1031 2928 οὐ
1067 2875 1228 2945 μόνον
1257 2876 1303 2927 oi
1332 2875 1667 2944 Χριστιανοὶ.
1714 2874 1861 2945 ἄλλα

1953 427 2106 477 eunt,
2134 417 2304 473 fuisse
2331 421 2628 489 aliquando
2657 441 2780 480 cum
2809 445 2916 485 non
2951 432 3140 496 fuerit.
3176 449 3233 492 et
3267 443 3412 508 quod
3447 459 3514 497 ex

1955 521 2063 559 non
2090 509 2482 567 exsistentibus
2507 514 2682 571 factus
2703 520 2795 583 sit,
2812 531 2908 577 aut
2938 539 3004 578 ex
3023 528 3127 581 alia
3161 530 3514 590 subsistentia

1952 598 2038 652 vel
2069 601 2397 671 substantia,
2450 614 2548 660 aut
2580 608 2727 677 quod
2757 620 2979 669 creatus
3002 618 3088 672 vel
3118 622 3399 678 mutabilis
3431 626 3518 679 vel

1953 689 2254 746 alterabilis
2276 693 2368 755 sit,
2406 698 2759 756 anathemate
2788 702 2917 757 ferit
2945 717 3130 762 sancta
3165 712 3434 769 catholica
3462 727 3519 771 et

1954 782 2253 849 apostolica
2295 784 2563 844 Ecclesia.
2605 789 2664 845 In
2711 792 2814 848 hac
2845 795 2971 859 fide,
3012 799 3103 854 Dei
3136 807 3517 863 amantissime

1954 871 2218 939 Auguste,
2268 884 2329 929 ut
2377 878 2557 932 divina
2594 892 2647 936 et
2678 889 3001 952 apostolica.
3054 897 3363 950 necessario
3426 913 3518 952 ar-

1954 958 2377 1025 qttieseendum.
2414 965 2601 1034 Neque
2639 986 2700 1024 ea
2730 989 2758 1026 a
2794 976 3051 1045 qu0piam
3084 984 3375 1047 movenda,
3419 997 3517 1041 aut

1956 1050 2218 1103 mutanda
2245 1058 2412 1118 venit,
2433 1061 2805 1123 persuasionis
2821 1078 2915 1120 aut
2940 1072 3312 1128 contentionis
3332 1078 3515 1133 verbis

1955 1140 2102 1195 ullis.
2165 1140 2220 1195 Id
2259 1149 2404 1212 quod
2461 1149 2811 1209 Ariomanitaa
2855 1159 3093 1226 primum
3129 1164 3399 1231 fecerunt,
3451 1186 3519 1225 ex

1954 1248 2063 1286 non
2098 1235 2494 1294 exsistentibus
2544 1242 2739 1297 Filium
2775 1248 2867 1302 Dei
2924 1266 3065 1314 esse,
3096 1264 3151 1310 et
3202 1257 3372 1314 fuisse
3420 1262 3520 1317 ali-

1946 1322 2174 1390 quando
2236 1340 2359 1379 cum
2413 1344 2520 1383 non
2574 1331 2696 1396 fuit,
2727 1346 2783 1390 et
2812 1341 3092 1396 conditum
3161 1360 3519 1420 creatumque

1955 1421 2121 1482 atque
2178 1418 2314 1471 adeo
2367 1423 2660 1479 mutationi
2718 1427 3016 1486 obnoxium
3066 1451 3187 1491 esse
3245 1418 3515 1499 dicentes.

1961 1506 2118 1576 102
2157 1508 2328 1574 Quam
2366 1513 2436 1567 ob
2492 1531 2712 1571 causam
2744 1522 2933 1587 etiam,
2984 1527 3144 1582 sicuti
3185 1539 3347 1587 antea
3380 1535 3523 1591 dixi-

1957 1615 2099 1663 mus,
2152 1605 2393 1673 synodus
2424 1607 2642 1665 Nicena
2676 1617 3010 1673 anathemati
3057 1623 3293 1694 subjecit
3348 1628 3522 1685 luere-

1950 1693 2051 1746 sim
2091 1709 2232 1760 eam,
2260 1713 2558 1767 veramque
2593 1703 2753 1760 fidem
2793 1713 3179 1782 promulgavit.
3211 1718 3333 1773 Non
3367 1723 3515 1777 enim

1950 1782 2271 1853 simpliciter
2309 1802 2495 1858 patres
2544 1792 2889 1867 illi_sitnilem
2925 1803 3073 1859 Patri
3119 1807 3317 1863 Filium
3349 1811 3507 1868 dixe-

1950 1885 2101 1938 runt,
2137 1893 2204 1932 ne
2236 1879 2559 1949 simpliciter
2594 1887 2702 1942 Deo
2735 1890 2953 1956 similis,
2992 1896 3089 1949 sed
3120 1913 3185 1952 ex
3231 1899 3341 1956 Deo
3372 1904 3518 1959 Deus

1953 1980 2115 2019 verus
2146 1984 2267 2023 esse
2313 1973 2652 2033 crederetur.
2704 1979 2809 2036 Sed
2849 1994 2903 2038 et
2945 1987 3231 2055 ὀμοούσιον
3280 1996 3520 2051 consub-

1951 2061 2262 2116 stantialem
2315 2065 2663 2135 adjecerunt,
2713 2077 2860 2145 quod
2893 2078 2946 2131 id
2984 2083 3266 2150 proprium
3294 2086 3365 2140 sit
3396 2103 3518 2157 ger-

1953 2154 2116 2218 mani,
2146 2156 2373 2224 verique
2409 2176 2473 2214 ex
2522 2178 2654 2218 vero
2683 2176 2739 2221 et
2787 2172 2973 2227 nativo
3017 2176 3179 2231 Patre
3224 2179 3367 2234 Filii.
3401 2181 3517 2237 Non

1949 2245 2113 2298 etiam
2143 2246 2222 2300 illi
2257 2248 2519 2317 Spiritum
2550 2267 2804 2314 sanetum
2835 2265 3146 2322 alienarunt
3188 2286 3218 2323 a
3266 2272 3426 2328 Patre
3460 2283 3517 2328 et

1950 2344 2004 2390 et
2033 2338 2196 2404 Filio,
2239 2342 2335 2396 sed
2387 2346 2572 2411 potius
2615 2364 2741 2403 eum
2773 2368 2896 2407 cum
2929 2357 3087 2412 Patre
3121 2372 3178 2414 et
3213 2363 3348 2417 Filio
3385 2380 3521 2420 con-

1949 2430 2344 2498 glorificaruut,
2391 2438 2446 2491 in
2476 2455 2582 2493 una
2644 2454 2846 2501 sancta:
2899 2448 3183 2508 Trinitatis
3216 2455 3320 2510 fide
3342 2499 3356 2522 ,
3390 2475 3525 2525 pro-

1950 2531 2137 2590 pterea
2178 2526 2323 2593 quod
2374 2543 2480 2583 una
2517 2533 2678 2586 etiam
2713 2536 2787 2588 sit
2833 2537 2888 2590 in
2914 2554 2977 2592 ea
3014 2540 3130 2610 ipsa
3168 2554 3357 2600 saneta
3399 2549 3522 2602 Tri-

1950 2610 2119 2664 nitate
2148 2611 2429 2667 divinitas.
2483 2635 2501 2666 ι
2529 2617 2688 2672 llisce
2716 2621 2917 2678 litteris
2976 2626 3277 2696 imperator
3335 2634 3515 2699 lectis,

1950 2698 2124 2753 solide
2153 2709 2237 2754 est
2267 2704 2627 2761 confirmatus
2657 2720 2751 2764 :et
2783 2727 2947 2780 quam
2995 2717 3063 2771 de
3093 2720 3259 2775 rebus
3313 2721 3520 2779 divinis

1952 2792 2193 2847 obtinuit
2222 2795 2569 2852 affectionem
2600 2810 2654 2854 ct
2699 2807 3028 2862 sententiam
3058 2849 3073 2872 ,
3108 2823 3298 2880 aperte
3334 2817 3515 2871 statim

1954 2881 2267 2938 declaravit.
2302 2885 2404 2952 Qui
2432 2887 2580 2942 enim
2618 2894 3083 2952 eousubstantial:
3112 2901 3343 2969 professi
3365 2915 3516 2968 sunt,

270 2968 370 3021 καὶ
394 2970 424 3020 ὁ
455 2969 587 3037 παρ’
611 2967 840 3037 Ἕλλησι
894 2967 1221 3037 περιϐόητος
1253 2967 1542 3074 Θεμίστιος
1571 2969 1601 3073 ρ
1631 2966 1846 3074 ξριλόισο-

1953 2986 2048 3026 eos
2095 2973 2433 3039 observavit,
2457 2986 2511 3030 et
2549 2979 2851 3036 liberaliter
2895 2966 3216 3042 muneratus
3243 3001 3348 3044 est.
3381 2992 3516 3045 lliud

273 3072 379 3123 φος
407 3052 617 3123 πρᾶξαι
642 3054 802 3106 αὑτὸν
860 3055 1127 3123 μαρτυρεῖ
1157 3054 1215 3105 ὲν
1235 3052 1312 3118 τῷ
1343 3053 1483 3122 πρὸς
1526 3054 1687 3107 αὑτὸν
1706 3053 1849 3124 λόγῳ

271 3148 331 3199 ὃν
370 3142 700 3197 ’Υπατικὸν
718 3144 1036 3213 ἐπιγράφει.
1068 3142 1365 3206 Διεξελθὼν
1397 3142 1500 3211 γὰρ
1518 3145 1612 3208 τὰς
1640 3147 1849 3198 ἐκείνου

272 3236 511 3308 ἀρετὰς,
546 3236 640 3287 καὶ
678 3232 1043 3304 ύπερθειάσας
1076 3234 1222 3303 μάλα
1246 3232 1340 3286 τὸν
1364 3234 1555 3305 ἄνδρα,
1586 3237 1644 3288 ἐν
1675 3237 1849 3307 τούτῳ

276 3330 489 3400 μᾶλλον
544 3328 769 3398 ἐξαίρει,
800 3322 881 3391 οἷς
929 3327 1098 3397 ἀνῆκε
1158 3328 1486 3399 θρησκεύειν
1520 3329 1737 3399 ἑκάστῳ
1776 3330 1851 3394 ὡς

274 3423 526 3495 βούλοιτο
556 3436 569 3450 ·
602 3420 671 3474 δι’
701 3416 761 3473 οὗ
792 3437 926 3490 φησι
979 3421 1072 3474 καὶ
1116 3421 1223 3474 τῶν
1253 3422 1497 3476 κολάκων
1521 3424 1612 3476 τὸν
1647 3423 1850 3477 ἀκόλα-

273 3534 409 3570 στον
460 3517 678 3585 ἐνίκησε
707 3517 949 3585 τρόπον·
1002 3513 1095 3578 οὓς
1129 3516 1221 3569 καὶ
1268 3515 1568 3579 διαπαίζων
1618 3516 1850 3578 ἀστείως
1916 3514 1925 3523 ’

275 3610 430 3679 μάλα
484 3610 577 3672 καὶ
609 3608 943 3678 περιφανῶς,
975 3609 1186 3661 οἴκοθεν
1234 3608 1430 3672 αὐτοὺς
1478 3607 1848 3679 διελέγχεσθαι

271 3702 430 3768 λέγει
462 3689 753 3769 ἁλουργίδα
772 3699 865 3753 καὶ
889 3699 950 3750 ού
973 3699 1106 3753 Θεὸν
1135 3697 1536 3767 θεραπεύοντας
1558 3715 1572 3731 ’
1607 3700 1702 3753 καὶ
1725 3700 1849 3752 κατ’

271 3793 437 3847 οὐδὲν
466 3792 745 3863 διαφέρειν
776 3792 1042 3862 Εὐρίπου,
1074 3792 1169 3844 νῦν
1207 3790 1306 3861 μὲν
1332 3793 1428 3845 ἐπὶ
1459 3792 1635 3856 τοῦτο,
1683 3792 1777 3847 νῦν
1803 3793 1852 3847 δ’

271 3884 369 3939 ἐπ’
405 3886 600 3947 ἐκεῖνο,
634 3885 730 3938 καὶ
771 3885 1083 3937 τούναντίον
1107 3882 1167 3935 τὸ
1205 3882 1384 3951 ῥόθιον
1416 3884 1846 3955 μεταρῤἐοντος.

1952 3079 2170 3134 quoque
2215 3067 2260 3122 is
2300 3071 2640 3138 propositum
2691 3074 2883 3130 habuit
2923 3081 3251 3143 consilium,
3290 3094 3348 3138 ut
3396 3090 3522 3154 per-

1950 3156 2208 3211 suasione
2241 3159 2423 3226 potius
2450 3176 2613 3230 quam
2646 3164 2716 3226 vi.
2747 3167 2890 3220 inter
2917 3168 3250 3227 dissidentes
3282 3183 3516 3229 conten-

1954 3247 2126 3302 tionis
2160 3248 2446 3306 dirimeret
2502 3255 2744 3309 stndium
2773 3272 2788 3309 :
2825 3274 2926 3314 nec
2959 3262 3216 3330 cuipiam,
3278 3268 3523 3333 qualem-

1953 3352 2171 3409 cunque
2231 3341 2446 3397 tandem
2506 3358 2920 3403 consectaretur
2979 3351 3162 3415 ﬁdem,
3213 3358 3519 3412 molestiam

1955 3427 2274 3495 facesseret,
2327 3449 2508 3501 neque
2542 3437 2841 3507 quidquam
2892 3442 2959 3495 ad
2996 3444 3318 3500 charitatem
3369 3464 3522 3503 sum-

1951 3539 2094 3578 mam
2130 3524 2335 3579 faceret
2372 3529 2591 3599 reliqui.
2636 3531 2728 3586 Eis
2757 3549 2888 3587 vero
2917 3537 3009 3603 qui
3058 3537 3126 3590 ad
3165 3545 3517 3596 concordiam

1949 3624 2005 3669 et
2061 3617 2483 3673 unanimitatem
2535 3622 2836 3677 Ecclesium
2888 3628 3154 3683 reducere
3206 3631 3517 3699 studerent,

1952 3706 2250 3762 maximum
2280 3710 2570 3767 exhiberet
2608 3713 2897 3770 honorem.
2927 3716 2983 3773 Id
3013 3718 3165 3774 illum
3198 3721 3417 3788 fecisse,
3451 3726 3521 3782 de

1949 3811 2017 3851 eo
2050 3812 2161 3850 non
2212 3799 2387 3852 solum
2428 3799 2767 3870 Christiani,
2793 3822 2981 3862 verum
3017 3812 3184 3866 etiam
3235 3815 3328 3882 qui
3375 3818 3519 3885 apud

1950 3889 2169 3944 Graecos
2205 3891 2436 3946 celebris
2472 3895 2726 3962 habetur,
2771 3897 3109 3957 Thcmistius
3155 3903 3521 3974 philosophus

273 3989 536 4044 testatur,
562 3981 617 4035 in
645 3980 890 4036 oratione
928 3980 997 4035 ad
1029 3995 1155 4034 eum
1187 3981 1413 4049 scripta,
1453 3994 1616 4049 quam
1643 3978 1983 4038 Consularem
2052 3987 2371 4041 nominavit.
2446 3989 2754 4047 Virtutibus
2816 3993 2963 4048 enim
3031 3998 3150 4067 ejus
3185 4015 3521 4055 commento-

270 4080 437 4141 ratis,
467 4077 781 4148 divinisque
810 4078 1008 4133 additis
1034 4078 1314 4143 laudibus,
1341 4095 1408 4134 eo
1431 4078 1581 4133 illum
1618 4083 1841 4135 nomine
1883 4083 2226 4151 potissimum
2302 4086 2486 4150 effert,
2542 4089 2690 4157 quod
2769 4092 3071 4163 unicuique
3121 4112 3283 4166 quam
3334 4100 3521 4163 vellet,

272 4178 603 4246 religionem
669 4175 827 4246 sequi
896 4176 1171 4246 permisit.
1210 4175 1327 4242 Qua
1359 4192 1418 4231 re
1450 4176 1605 4231 illum
1633 4175 1988 4247 impotentem
2046 4179 2389 4236 adulatorum
2418 4187 2848 4242 assentationem
2881 4188 3109 4260 fregisse
3173 4192 3335 4247 dicit:
3380 4211 3522 4265 quos

274 4287 548 4345 perquam
622 4271 800 4326 facete
864 4280 922 4326 et
959 4272 1269 4327 luculenter
1295 4273 1555 4337 irridens,
1588 4288 1654 4328 ex
1694 4274 1938 4330 moribus
1984 4292 2181 4332 eorum
2232 4278 2574 4348 deprehendi
2631 4283 2727 4344 ait,
2787 4299 3087 4354 purpuram
3126 4288 3302 4358 ‘ipsos
3353 4293 3525 4362 magis

349 4337 379 4362 ο

2307 4337 2321 4348 .
2715 4337 2726 4344 .
2787 4337 2800 4352 .
3152 4337 3301 4358 τ---
3353 4337 3519 4362 -.η-ο.-

273 4337 443 4440 quam
513 4366 684 4420 Deum
735 4365 916 4420 colere
945 4384 959 4420 :
1007 4380 1188 4436 neque
1253 4366 1435 4436 aliqua
1484 4382 1543 4421 re
1564 4367 1634 4422 ab
1681 4367 1887 4437 Euripo
1920 4370 2164 4435 differre,
2199 4388 2347 4427 nunc
2382 4373 2509 4440 huc,
2537 4390 2684 4430 nunc
2710 4376 2861 4444 illuc,
2895 4389 3062 4449 atque
3096 4381 3150 4435 in
3180 4388 3519 4439 contrarium

272 4464 416 4517 adeo
442 4467 781 4514 momentum
817 4456 1108 4513 refluente.

835 4597 1087 4651 ΚΕΦᾹΛ.
1117 4595 1250 4651 ΜΓ·

282 4719 383 4779 Ὠς
418 4718 451 4768 ὁ
479 4712 783 4794 ,βασιλεῦς
808 4709 1622 4794 ὶζοόιανὸςιέγΔαὲασσάνοις
1653 4708 1839 4794 ἥκων,

341 4777 627 4838 ἐτελεύτα
659 4783 770 4835 τὸν
790 4782 959 4846 βίον,
994 4783 1246 4850 μεγίστη
1290 4777 1464 4850 ζημία
1513 4780 1639 4848 τοῖς
1667 4782 1842 4835 εὐσε-

345 4854 479 4909 ϐέσι
511 4854 860 4921 γενόμενος.

342 4965 547 5020 Τοῦτον
582 4964 679 5033 μὲν
710 4960 804 5018 οὖν
831 4964 922 5019 τὸν
970 4963 1168 5030 τρόπον
1211 4967 1241 5019 ὁ
1280 4963 1531 5033 βασιλεὺς
1558 4963 1667 5019 τῶν
1689 4980 1844 5034 τηνι-

271 5055 452 5111 καῦτα
485 5052 849 5119 ὲκταράσσειν
893 5051 987 5103 καὶ
1029 5053 1335 5120 ἐρεσχελεῖν
1383 5049 1484 5121 τὴν
1517 5051 1844 5122 Ἐκκλησίαν

272 5149 565 5217 ᾑρημένων
593 5144 654 5195 τί·
682 5142 883 5211 θράσος
911 5142 1104 5213 ἀνέσχε
1126 5159 1142 5176 ο
1167 5143 1259 5195 καὶ
1280 5143 1312 5212 ἡ
1334 5145 1393 5195 ἐν
1417 5142 1621 5214 Νικαίᾳ
1640 5144 1842 5205 πίστις,

272 5239 419 5292 οὕτω
449 5238 622 5289 πολὺν
658 5235 751 5288 τὸν
780 5236 837 5287 ἐν
875 5235 1024 5304 μέσῳ
1052 5235 1244 5304 χρόνον
1278 5233 1717 5304 πολιορκηθεῖσα,
1753 5234 1846 5286 ἐπὶ

271 5331 369 5398 τῆς
402 5328 683 5399 παρούσης
716 5326 1015 5396 ἡγεμονίας
1038 5328 1118 5387 είς
1139 5324 1237 5395 τὴν
1271 5326 1545 5396 προτέραν
1571 5325 1840 5396 ἐπανῆλθε

272 5422 430 5486 δόξαν
477 5436 538 5472 τε
565 5419 660 5472 καὶ
694 5415 1007 5488 ἤμολογίαν.
1049 5418 1123 5469 UO
1164 5418 1272 5487 μὴν
1295 5417 1386 5469 ἐπὶ
1420 5418 1668 5471 πλεῖστον
1698 5416 1840 5470 οὓτω

274 5514 559 5584 προελθεῖν
593 5511 810 5581 ἔμελλε,
847 5509 942 5564 καὶ
974 5509 1049 5580 μὴ
1077 5510 1176 5581 τῆς
1215 5508 1410 5579 ὁμοίας
1439 5506 1594 5574 αὖθις
1639 5510 1841 5580 συγκύ-

276 5622 411 5669 σεως
447 5602 798 5675 πειραθῆναι.
847 5601 960 5656 Καὶ
988 5601 1097 5670 γὰρ
1142 5600 1262 5654 οὐδὲ
1288 5603 1399 5667 τοῖς
1434 5603 1527 5656 ἐπὶ
1554 5603 1844 5656 Κωνσταν-

1877 4601 1925 4659 Ι)

2397 4602 2552 4672 103
2591 4602 2820 4658 CAPUT
2864 4604 3051 4659 xuu.

1956 4709 2018 4766 Ut
2055 4712 2347 4783 imperator
2371 4712 2687 4797 Iovinianus
2708 4718 2764 4769 in
2793 4716 3111 4797 Dadastanis
3138 4760 3159 4797 1
3178 4738 3295 4797 cant
3327 4741 3518 4797 magna

2160 4788 2364 4851 piorum
2393 4787 2625 4837 oumium
2655 4786 2898 4855 jactura,
2929 4791 3091 4843 vitam
3121 4791 3341 4858 ﬁnierit.

2020 4959 2099 5015 Ad
2133 4960 2279 5015 hunc
2321 4957 2541 5014 modum
2587 4958 2909 5016 Iovinianus
2941 5004 2956 5027 ,
3009 4965 3294 5022 audaciam
3325 4983 3518 5025 eorum

1952 5052 2186 5122 quitum
2241 5051 2585 5121 nugamentis
2616 5052 2731 5107 suis
2769 5055 2992 5110 turbare
3042 5056 3340 5114 Ecclesium
3382 5076 3518 5115 eon-

1953 5147 2283 5209 stitoerant,
2326 5145 2689 5213 compescuit.
2750 5146 2817 5201 Et
2862 5147 3076 5204 Nieaeua
3129 5149 3264 5206 fides
3317 5153 3518 5223 longo,

1954 5236 2100 5307 quod
2139 5237 2459 5300 intervenit,
2487 5248 2734 5308 tempore
2778 5252 3109 5313 oppugnata,
3136 5244 3242 5299 sub
3286 5244 3517 5314 imperio

1948 5332 2068 5399 ejus
2093 5329 2159 5383 ad
2206 5328 2498 5399 pristinam
2534 5331 2697 5385 rediit
2724 5332 2950 5400 gloriam
2999 5343 3053 5388 ct
3091 5334 3516 5403 professionem.

1949 5421 2471 5476 Verumsuccessus
2502 5423 2567 5484 is,
2593 5438 2661 5476 ne
2685 5438 2747 5477 ea
2781 5424 2849 5477 ad
2882 5426 3115 5480 similem
3151 5440 3344 5479 rursus
3374 5426 3519 5479 reci-

1947 5510 2103 5565 deret
2136 5511 2349 5566 turbam
2384 5522 2439 5567 ct
2467 5513 2867 5580 confusionem,
2908 5519 3132 5571 minime
3156 5518 3375 5572 futurus
3393 5530 3516 5572 erat

1906 5629 1917 5635 -
1948 5604 2265 5659 diuturnus.
2298 5604 2417 5661 Non
2457 5606 2603 5659 enim
2629 5607 2713 5660 eis
2752 5606 2937 5673 rebus,
2983 5623 3101 5677 qua:
3126 5608 3383 5666 Ecclesia:
3408 5609 3515 5665 sub
