3986 6190
521 328 625 391 587

1754 324 2177 386 NICEPHORI
2220 326 2566 388 CALLlhTf

3642 323 3734 386 588

524 462 630 502 nus
668 447 719 500 in
753 444 929 501 Gallia
973 441 1301 498 occidentali
1333 440 1516 495 adhuc
1544 449 1725 505 esset,
1752 451 1807 494 et
1834 440 2101 511 templum

2215 441 2707 511 παραστησάμενον
2728 455 2740 467 ο
2774 437 2833 491 τὸ
2866 436 2912 489 δ’
2942 434 3164 503 ἀληθὲς,
3195 433 3380 502 ὅτιπερ
3406 433 3457 484 ἐν
3484 435 3584 496 τοῖς
3617 452 3731 505 προς

520 540 797 611 quoddain
839 539 914 607 (l)
953 534 1207 591 sacrificii
1239 533 1416 605 gratia
1446 542 1682 603 peteret,
1724 533 2105 588 Valentiniano

524 639 794 700 praesente
826 631 1005 697 (vetus
1043 626 1192 682 enim
1221 627 1567 680 consuetudo
1604 634 1746 691 erat,
1787 635 1844 680 ut
1881 626 1974 693 qui
2014 625 2106 680 Jo-

528 725 702 779 vianw
726 733 782 778 et
806 721 1172 784 Herculianae,
1226 720 1300 774 ita
1336 718 1406 773 ab
1426 717 1562 775 .love
1585 727 1640 774 et
1674 718 1909 774 Hercule
1940 716 2106 773 dictis

525 814 849 870 cohortibus
894 821 1227 882 praeessent,
1273 810 1577 879 principem
1626 823 1657 863 a
1692 818 1844 878 tergo
1901 823 2106 877 seque-

526 909 760 978 rentur)
809 915 866 960 et
905 908 1016 978 jam
1073 905 1337 976 templum
1392 902 1791 974 ingredientem
1844 900 2105 957 sacerdos

522 998 813 1053 frondibus
868 996 1201 1067 quibusdam
1263 994 1493 1050 roscidis
1552 999 1981 1063 conspergeret,
2046 1000 2107 1046 et

522 1097 674 1159 gutta
705 1103 812 1143 una
848 1088 901 1141 in
927 1086 1296 1142 Valentiniani
1323 1094 1530 1139 vestem
1562 1084 1846 1146 incideret,
1876 1083 2023 1153 quod
2058 1082 2106 1137 is

523 1183 730 1236 factum
764 1180 871 1234 tale
908 1195 1049 1249 aegre
1074 1179 1279 1241 ferens,
1312 1191 1439 1231 cum
1469 1176 1807 1231 sacerdotem
1835 1176 2104 1230 conviciis

522 1272 878 1344 prosciderit.
926 1280 1039 1327 tum
1097 1270 1219 1339 ipso
1266 1268 1491 1323 vidente
1527 1266 1768 1332 Juliano,
1804 1282 1937 1322 ense
1981 1282 2102 1321 eam

522 1375 735 1435 partem
759 1363 950 1429 vestis,
993 1362 1048 1416 in
1080 1375 1245 1431 quam
1279 1359 1479 1413 humor
1510 1374 1575 1412 ex
1608 1359 2003 1427 conspersione
2034 1372 2100 1411 ea

522 1465 852 1527 pervenerat
883 1455 1058 1525 (tanto
1110 1447 1481 1507 Christianam
1525 1452 1785 1521 pietatem
1815 1460 2106 1505 consecta-

520 1548 685 1603 batur
735 1546 983 1614 ardore.)
1050 1543 1339 1599 resciderit
1395 1553 1561 1613 atque
1615 1543 1897 1612 abiecerit.
1945 1541 2101 1597 Unde

521 1638 784 1708 deinceps
829 1637 906 1691 illi
966 1634 1221 1690 Julianus
1274 1632 1546 1699 infensus,
1589 1647 1698 1687 non
1746 1632 1921 1687 multo
1980 1640 2103 1702 post

520 1752 646 1790 eum
697 1736 1127 1791 condemnatum
1160 1730 1418 1788 Melitinas
1459 1731 1515 1786 in
1539 1731 1797 1787 Armenia
1832 1741 2101 1800 perpetuo

2211 534 2364 587 δύσιν
2403 533 2675 595 Γαλάταις
2702 531 2782 584 ἐτι
2817 530 2893 583 ὢν
2922 528 3238 590 Ἰουλιανὸς,
3292 528 3413 579 ἐπεὶ
3462 528 3587 595 πρός
3632 546 3735 583 τινα

2213 625 2352 679 νεὼν
2383 620 2518 699 ἧκεν
2559 624 2636 687 ὡς
2666 623 2848 677 θύσων
2886 622 3156 695 παρόντος
3203 620 3293 673 καὶ
3329 619 3735 675 υύαλεντινιανοῦ

2211 718 2353 786 (ἔθος
2381 717 2492 788 γὰρ
2521 712 2591 788 ἦν
2624 718 2688 770 ἐκ
2716 713 2933 786 μακροῦ
2958 715 3057 767 τοῦ
3087 713 3199 766 τῶν
3220 712 3489 766 Ἰοϐιανῶν
3514 714 3599 766 καὶ
3631 715 3736 783 Ἐρ-

2208 812 2508 865 κουλιανῶν
2566 811 2847 879 τάγματος
2903 808 3211 877 ἡγουμένου
3235 821 3252 837 ⁸
3320 807 3659 875 στρατιωτικὰ
3686 807 3734 860 δὲ

2208 904 2466 975 τάγματα
2511 902 2703 968 ταῦτα,
2737 902 2799 954 τὸ
2834 902 2931 970 μὲν
2981 899 3092 953 ἀπὸ
3131 899 3271 961 Διὸς,
3309 898 3368 951 τὸ
3404 897 3447 952 δ’
3472 898 3556 965 ἀφ’
3595 898 3735 969 Ἦρα.

2208 997 2401 1061 κλέους
2430 996 2531 1066 τὴν
2575 994 2955 1065 προσηγορίαν
3014 992 3365 1060 κτησάμενα·
3416 991 3624 1045 κατόπιν
3672 990 3735 1058 τῷ

2207 1089 2425 1161 βασιλεῖ
2450 1084 2817 1154 ἐπεσθαι),ὦς
2844 1083 2942 1137 τοῦ
2970 1084 3076 1137 νεὼ
3108 1084 3210 1153 ἤδη
3240 1081 3533 1135 ἐπιϐαίνειν
3556 1080 3757 1150 ἔμελλε,

2207 1180 2332 1233 καθ’
2363 1179 2604 1249 Ἕλληνα
2637 1178 2803 1246 νόμον
2830 1176 2957 1237 τοὺς
2981 1176 3251 1235 εἰσιόντας
3277 1172 3489 1235 θαλλοῖς
3523 1188 3622 1225 τισι
3642 1172 3737 1226 δια·

2208 1270 2428 1341 ϐρόχοις
2457 1270 2662 1341 ῥαίνων
2684 1252 2941 1338 δ’ίερεύς.
2972 1267 3083 1318 Καὶ
3119 1264 3186 1336 δὴ
3226 1265 3355 1333 μιᾶς
3376 1262 3483 1315 τῶν
3506 1263 3737 1329 σταγόνων

2206 1363 2553 1435 ἐμπεσούσης
2603 1362 2680 1431 τῷ
2736 1363 2938 1430 ίματίῳ
2967 1401 2983 1423 ,
3063 1355 3502 1415 Οὐαλεντινιανὸς
3558 1355 3735 1425 βαρέως

2205 1459 2408 1528 ἧνεγκε
2433 1496 2448 1521 ,
2511 1456 2607 1509 καὶ
2644 1453 3027 1522 διελοιδορεῖτο
3065 1452 3143 1522 τῷ
3188 1450 3455 1519 ραίνοντι*
3485 1449 3735 1519 ὑπερφυῶς

2205 1551 2317 1621 γὰρ
2336 1550 2404 1603 τὰ
2435 1549 2778 1619 Χριστιανῶν
2800 1545 3101 1618 ἠσπάζετο.
3134 1545 3247 1600 Καὶ
3278 1544 3475 1608 τοίνυν,
3505 1542 3591 1595 τοῦ
3612 1542 3738 1612 βασι-

2203 1643 2336 1707 λέως
2368 1642 2627 1713 ὁρῶντος,
2661 1638 2935 1710 περιελὼν
2969 1639 3221 1710 μαχαίρᾳ
3245 1638 3368 1691 ὅσον
3401 1637 3464 1689 ἐκ
3485 1637 3574 1706 τῆς
3595 1636 3734 1704 ψεκά-

2203 1737 2294 1800 δος
2344 1734 2654 1806 διάϐροχον,
2708 1734 2809 1804 τῆς
2863 1733 3089 1802 ἐσθῆτος
3139 1731 3468 1801 ἁπάρῤιπτε.
3500 1728 3737 1791 Κακῶςθ

519 1830 775 1887 exsulare
819 1828 1030 1898 jussit:
1075 1841 1198 1881 eam
1248 1840 1415 1895 quam
1478 1824 1715 1879 diximus
1792 1832 2101 1893 praetexens

2215 1800 2487 1883 ἐντεῦθεν⁷
2514 1800 2781 1890 διατεθεὶς
2814 1800 3129 1890 Ἰουλιανὸς,
3178 1800 3420 1878 ούῗπάνυ
3459 1824 3626 1893 πόρρω
3660 1841 3737 1875 κα-

523 1936 767 1984 eausam,
805 1918 949 1990 quod
980 1918 1183 1973 milites
1216 1917 1340 1987 ejus
1367 1916 1612 1987 segniter
1640 1931 1755 1970 rem
1784 1914 2101 1986 gessissent.

522 2002 640 2079 Qua
672 2014 726 2067 in
754 2027 813 2066 re
834 2012 882 2067 ei
914 2010 1162 2082 martyrii
1199 2009 1492 2074 honorem,
1520 2008 1668 2079 quod
1700 2023 1800 2078 pro
1835 2006 2103 2077 religione

526 2102 946 2160 Valentinianus
988 2099 1280 2155 subiturus
1318 2098 1520 2167 fuerat,
1556 2097 1773 2153 invidit.
1802 2095 1940 2153 Nam
1982 2111 2102 2152 eam

525 2200 597 2254 ob
625 2212 848 2254 causam
882 2195 1006 2251 aliis
1032 2209 1253 2264 quoque
1276 2191 1606 2249 Christianis
1632 2189 1878 2261 pepercit
1901 2229 1918 2253 .
1955 2191 2100 2258 quod

522 2305 621 2346 eos
674 2304 739 2344 ex
790 2286 1054 2359 periculis
1115 2285 1430 2355 huiusmodi
1499 2283 1717 2337 laudem
1777 2293 1833 2337 et
1874 2282 2102 2353 gloriam

524 2383 791 2453 consequi
828 2381 1311 2437 animadverteret.
1362 2376 1467 2433 Ubi
1515 2384 1698 2430 autem
1726 2374 1988 2430 Iovianus
2037 2374 2106 2428 ad

523 2476 817 2546 imperium
850 2473 1123 2545 pervenit,
1153 2472 1224 2526 ab
1242 2470 1439 2526 exsilio
1464 2478 1548 2524 est
1587 2474 1898 2524 revocatus.
1931 2467 2106 2521 Porro

523 2570 755 2627 Joviano
798 2568 1083 2633 defuncto,
1135 2565 1329 2621 Nicane
1387 2563 1557 2619 totius
1594 2565 1871 2618 exercitus
1914 2572 1972 2616 et
2006 2577 2110 2615 eo-

525 2683 651 2720 rum
702 2665 941 2721 maxime
992 2662 1088 2733 qui
1150 2659 1438 2730 primarias
1468 2660 1737 2731 gerebant
1786 2655 2104 2726 dignitates,

524 2763 582 2816 in
635 2758 833 2831 primis
870 2765 1053 2811 autem
1094 2753 1239 2808 Datii
1299 2751 1537 2821 patricii,
1562 2750 1656 2819 qui
1687 2764 1756 2804 ex
1794 2747 2007 2803 Galatia
2036 2746 2107 2802 ad

526 2869 654 2909 cum
691 2853 906 2907 litteras
954 2848 1182 2902 dederat
1211 2887 1224 2908 ,
1254 2843 1491 2899 Secundi
1541 2839 1802 2911 pra-fecti,
1855 2838 2107 2893 Arinthei

527 2947 707 3011 ducis,
740 2954 797 3000 et
822 2942 1039 3010 Glaipbi
1064 2984 1077 3008 ,
1117 2942 1210 3009 qui
1244 2936 1560 2993 domesticis
1595 2934 1838 3005 praefuit.
1872 2932 2105 2989 consilio

525 3051 586 3100 et
618 3043 903 3097 voluntate
947 3040 1250 3107 imperator
1301 3041 1387 3087 est
1434 3032 1663 3085 electus.
1704 3028 1857 3098 ιιι
1890 3027 2103 3080 Etcum

2204 1922 2495 1988 τεδίκαζεν
2549 1922 2717 1976 αὑτὸν
2744 1919 2844 1990 τὴν
2882 1921 2984 1989 τῆς
3027 1916 3330 1988 Ἀρμενίας
3360 1916 3628 1985 Μελιτινὴν
3675 1918 3736 1979 εἰς

2205 2016 2267 2070 τὸ
2294 2014 2541 2086 διηνεκὲς
2577 2015 2859 2073 κατοικεῖν
2909 2028 2923 2043 ⁸
2959 2010 3245 2081 πρόφασιν
3272 2008 3514 2080 εὑρηκὼς
3537 2009 3624 2078 τὴν
3649 2009 3736 2061 τῶν

2209 2109 2340 2177 περὶ
2367 2106 2532 2162 αὑτὸν
2560 2104 2910 2176 στρατιωτῶν
2939 2102 3257 2176 ῥᾳστώνην.
3283 2102 3389 2156 Kal.
3415 2100 3515 2172 γὰρ
3543 2101 3737 2170 ἐφθόνει,

2211 2203 2288 2271 μὴ
2339 2199 2427 2252 διὰ
2474 2198 2573 2270 τὴν
2628 2196 2931 2269 θρησκείαν
2977 2196 3150 2266 τιμῆς
3214 2194 3379 2248 αὐτὸν
3441 2194 3739 2264 μαρτυρικῆς

2208 2292 2525 2359 ἀξιώσειεν·
2568 2293 2688 2345 ἐπει
2742 2290 2915 2358 τοίγε
2957 2290 3052 2343 καί
3083 2288 3194 2342 τῶν
3242 2288 3415 2341 ἄλλων
3447 2287 3743 2358 Χριστιανῶν

2210 2389 2270 2455 ἐξ
2293 2387 2472 2449 αἰτίας
2498 2384 2755 2454 τοιαύτης
2810 2384 3054 2453 ἐφείδετο
3072 2397 3088 2414 °
3121 2379 3324 2434 ἐννοῶν
3352 2381 3426 2443 ὼς
3463 2385 3567 2444 τοῖς
3591 2380 3741 2433 κινδύ-

2211 2497 2325 2543 νοις
2360 2480 2422 2533 τδ
2471 2479 2714 2539 εὐκλεεῖς
2750 2471 2893 2529 εἶναι
2934 2474 3286 2546 πορίζονται.
3321 2474 3407 2537 Ὠς
3450 2473 3504 2527 δέ
3529 2472 3745 2533 Ἰοϐιανὸς

2210 2583 2309 2652 τὴν
2347 2580 2627 2651 βασιλείαν
2660 2575 2961 2645 παρέλαϐε,
3016 2573 3419 2644 μετάπεμπτον
3446 2572 3671 2625 κάκεῖνον
3693 2573 3742 2623 ὲιι

2211 2675 2313 2743 τῆς
2339 2672 2641 2744 ὑπερορίας
2666 2672 2902 2724 ποιεῖται
2924 2683 2938 2698 ·
2972 2668 3113 2737 πρὸς
3146 2667 3392 2721 Νίκαιαν
3413 2667 3467 2721 δέ
3484 2666 3743 2734 γεγονότος,

2213 2767 2429 2836 συμϐὰν
2469 2767 2674 2843 ἐκεῖνον
2694 2762 2787 2817 τὸν
2821 2762 2939 2832 βίον
2971 2760 3293 2826 ἀπολιπεῖν,
3325 2759 3481 2830 βουλῇ
3504 2757 3589 2811 τοῦ
3609 2774 3744 2826 στρο-

2212 2862 2441 2913 τοπέδου
2489 2857 2716 2919 παντὸς,
2776 2853 3010 2907 καὶτῶν
3060 2854 3158 2915 τὰς
3203 2850 3444 2923 μεγάλας
3493 2851 3745 2905 διεπόντων

2213 2954 2407 3024 ἀρχὰς,
2444 2952 2537 3004 καὶ
2576 2949 2815 3022 μάλιστα
2853 2947 3050 3001 Δατίου
3080 2946 3174 2999 τοῦ
3212 2946 3494 3017 πατρικίου
3519 2947 3578 2998 ἐκ
3604 2942 3745 2997 Γαλα-

2212 3048 2332 3108 τίας
2386 3040 2864 3112 διαμηνυσαμένου
2891 3080 2908 3105 ,
2943 3038 3249 3093 Σεκούνδου
3282 3056 3340 3092 τε
3379 3037 3468 3091 τοῦ
3518 3036 3745 3107 ἐπάρχου,

526 3135 880 3208 imperatoris
908 3130 1143 3198 sumptis
1174 3126 1480 3197 insignibus
1527 3126 1581 3179 in
1630 3123 1840 3194 clypeo,
1882 3120 2104 3174 militari

2215 3142 2309 3192 καὶ
2348 3136 2658 3201 Ἀρινθαίου
2707 3132 2803 3185 τοῦ
2855 3131 3198 3202 στρατηγοῦ,
3254 3133 3345 3185 καὶ
3383 3129 3619 3197 Γλαῖρου,
3660 3128 3744 3180 τῶν

526 3245 703 3294 mere,
747 3223 1224 3284 circumferretur,
1261 3218 1543 3274 exercitus
1588 3230 1714 3271 eum
1743 3254 1759 3279 ,
1793 3222 1853 3269 ut
1884 3215 1985 3267 sibi
2010 3213 2114 3266 im-

526 3322 668 3394 perii
700 3318 910 3375 socium
944 3315 1261 3379 ascisceret,
1301 3310 1534 3382 rogavit.
1589 3310 1767 3378 Atque
1805 3307 1896 3361 ille
1944 3321 2111 3360 manu

527 3418 708 3482 eis,ut
739 3411 1264 3476 silerent,innucns,
1292 3406 1445 3477 gravi
1482 3413 1539 3457 et
1577 3401 1851 3473 imperiali
1877 3408 2112 3455 senten-

529 3512 623 3572 t'a,
662 3526 681 3558 ‹
717 3504 974 3560 Vestrum
1005 3501 1253 3571 quidem,
1276 3497 1475 3567 inquit,
1501 3496 1606 3551 fuit
1633 3503 1693 3549 ut
1718 3494 1991 3564 privatum
2026 3508 2112 3546 me

527 3607 595 3657 ad
630 3598 977 3671 imperialem
1004 3594 1346 3651 extolleretis
1386 3591 1710 3661 dignitatem
1754 3605 1770 3642 :
1804 3603 1897 3642 res
1926 3598 2109 3641 autem

529 3694 941 3754 administrare,
973 3705 1080 3743 non
1110 3689 1220 3759 jam
1255 3684 1446 3749 vestri,
1499 3682 1595 3737 sed
1629 3679 1899 3752 principis
1938 3679 2113 3748 ipsius

533 3786 750 3841 arbitrii
786 3799 929 3847 esse,
961 3796 1063 3835 vos
1093 3780 1192 3848 ipsi
1228 3794 1448 3848 quoque
1473 3776 1747 3832 dixeritis.
1794 3774 1988 3842 itaque
2018 3786 2115 3824 vos

531 3880 797 3948 deinceps
860 3874 1129 3945 imperata
1190 3871 1372 3926 facere
1421 3879 1479 3924 et
1541 3867 1764 3939 quietos
1811 3880 1971 3930 esse,
2026 3878 2114 3916 me

532 3982 740 4037 autem,
773 3967 907 4041 quid
940 3966 1086 4022 facto
1123 3979 1264 4033 Opus
1296 3965 1389 4028 sit,
1416 3976 1609 4017 curare
1634 3960 1814 4015 decet.
1837 3977 1855 4010 ι
1893 3958 2114 4012 Actum

532 4063 754 4134 quidem
787 4061 1057 4116 militibus
1079 4073 1187 4112 non
1224 4055 1434 4111 cessit:
1472 4064 1763 4125 postquam
1800 4066 1935 4107 vero
1974 4049 2117 4106 Con-

536 4154 952 4225 stantinopolim
994 4149 1177 4213 venit,
1213 4149 1491 4202 tricesimo
1526 4163 1555 4201 a
1587 4153 1846 4215 suscepto
1877 4142 2116 4213 imperio

533 4254 647 4316 die,
668 4250 880 4306 socium
901 4247 1006 4302 sibi
1038 4246 1255 4315 imperii
1291 4244 1516 4297 fratrem
1546 4241 1830 4296 Valentem
1845 4239 2117 4310 adjunxit.

535 4345 603 4400 lit
632 4342 951 4415 provincias
996 4338 1293 4393 orientales
1315 4376 1330 4401 ,
1360 4344 1416 4389 et
1462 4333 1729 4403 quasdam
1756 4333 1923 4387 etiam
1966 4331 2117 4386 occi-

537 4437 789 4493 dentales
820 4436 886 4489 ad
919 4432 1200 4503 lllyricnm
1245 4443 1419 4497 usque
1451 4425 1606 4480 fratri
1635 4424 1949 4479 concessit:
1985 4421 2118 4475 reli-

2214 3231 2551 3300 δομεστίκων
2581 3228 2625 3280 δ’
2656 3219 2813 3290 οὗτος
2838 3228 3047 3297 ἠγεῖτο,
3086 3225 3168 3286 είς
3211 3228 3273 3278 τὸ
3295 3224 3578 3295 βασιλεύειν
3600 3222 3745 3289 αἱρεῖ-

2215 3341 2331 3379 ται.
2368 3318 2477 3376 Κάὶ
2515 3321 2580 3392 δὴ
2605 3322 2674 3374 τὰ
2731 3319 2979 3391 σύμϐολα
3026 3317 3416 3389 περιθέμενον,
3445 3317 3530 3370 καὶ
3567 3315 3647 3367 ἐπὶ
3668 3313 3743 3379 τῆς

2214 3416 2464 3481 ἀσπίδος,
2498 3414 2577 3480 ὡς
2609 3412 2756 3480 ἐθος,
2789 3412 3111 3483 ὀχούμενον,
3145 3412 3174 3465 ὁ
3216 3409 3441 3483 στρατὸς
3477 3409 3630 3460 ἐδεῖτο
3657 3422 3744 3456 χιι-

2216 3511 2384 3563 νωνόν
2435 3524 2560 3562 τινα
2589 3509 2657 3578 τῇ
2717 3508 2865 3577 ἀρχῇ
2900 3503 3340 3575 προσλαϐέσθαι.
3382 3503 3439 3555 ὐ
3465 3499 3517 3552 δὲ
3545 3501 3601 3567 τῇ
3630 3512 3743 3567 χειρί

2219 3602 2379 3673 σιγᾷν
2412 3599 2734 3670 ἐπιτρέψας,
2752 3597 2974 3669 ἀτρέμα
2990 3598 3048 3651 δὲ
3071 3599 3170 3651 καὶ
3209 3594 3466 3668 βασιλικῷ
3489 3592 3558 3661 τῷ
3580 3591 3740 3661 φρονή-

2221 3714 2371 3765 ματι,
2412 3713 2433 3749 ι
2478 3693 2778 3765 ’Υμέτερον
2811 3692 2932 3764 μὲν,
2960 3691 3088 3762 ἔφη,
3114 3690 3172 3758 ἐξ
3212 3690 3418 3745 ἰδιώτου
3447 3689 3537 3759 ἐμὲ
3562 3683 3745 3757 βασιλέα

2220 3791 2392 3842 ποιεῖν
2414 3802 2428 3819 ⁸
2462 3787 2525 3841 τό
2545 3803 2609 3855 γε
2648 3787 2754 3858 μὴν
2776 3786 2845 3839 τὰ
2876 3788 3128 3856 πρακτέα
3152 3785 3449 3838 διευθετεῖν
3473 3782 3528 3835 οὐ
3550 3780 3645 3831 τῶν
3668 3778 3745 3841 ἀρ·

2220 3883 2484 3952 χομένων,
2521 3880 2614 3933 τού
2646 3879 2704 3934 δὲ
2740 3876 3128 3950 βασιλεύοντος
3168 3879 3202 3949 ἡ
3248 3877 3444 3947 κρίσις,
3481 3873 3671 3932 πάντως
3692 3867 3743 3927 ἄν

2220 3976 2314 4029 καὶ
2350 3975 2507 4047 ὑμεῖς
2543 3974 2765 4045 φαίητε.
2808 3974 2900 4025 Δεῖ
2918 3969 3011 4026 οὖν
3067 3970 3215 4041 ὑμᾶς
3240 3968 3331 4023 τοῦ
3364 3965 3542 4021 λοιποῦ
3571 3965 3647 4018 ὑπ’
3667 3963 3746 4031 ἁρ-

2220 4070 2319 4141 ὶίὴν
2345 4068 2521 4133 δντας.
2546 4068 2791 4139 ἡσυχίαν
2817 4065 2974 4133 ἄγειν
2998 4081 3011 4095 ·
3054 4065 3183 4135 ἐμοὶ
3215 4064 3270 4117 δὲ
3302 4062 3393 4116 τοῦ
3421 4060 3647 4131 ποιητέον
3668 4072 3745 4124 με⁹

2220 4162 2399 4231 λήσει.
2426 4178 2446 4212 ι
2491 4161 2600 4215 Καὶ
2629 4160 2753 4213 τότε
2804 4159 2905 4228 μὲν
2938 4157 3041 4211 ούκ
3071 4152 3183 4221 εῐΕε
3241 4159 3354 4221 τοῖς
3403 4151 3739 4219 στρατιώταις·

2220 4256 2278 4308 ἐν
2304 4254 2361 4307 δέ
2390 4255 2460 4324 τῇ
2491 4252 2911 4308 Κωνσταντίνου
2967 4252 3284 4321 γενόμενος,
3339 4247 3473 4319 μετὰ
3499 4241 3745 4316 τριάκοντα

2220 4347 2435 4419 ἡμέρας
2492 4346 2607 4423 τῆς.
2652 4342 3048 4415 ἁνακηρύξεως
3103 4339 3509 4415 προσλαμϐάνει
3548 4337 3605 4404 τῇ
3630 4330 3744 4401 ἀρχῇ

2224 4444 2319 4496 καὶ
2347 4440 2437 4494 τδν
2467 4439 2696 4507 ἀδελφὸν
2733 4438 3038 4492 Οὐάλεντα.
3099 4437 3217 4490 Καὶ
3246 4435 3312 4489 τὰ
3347 4432 3442 4504 μὲν
3490 4428 3610 4500 πρὸς
3653 4424 3746 4476 ἀνί-

537 4546 677 4602 qnas
732 4529 799 4583 ad
838 4487 1249 4582 occidentalem.
1295 4487 1573 4577 oceanum
1631 4517 2011 4587 pertinentes,
2064 4523 2111 4568 et

2225 4547 2426 4608 σχοντα
2917 4487 3291 4594 ἐξένειιᾷἶτβς
3308 4487 3400 4579 καὶ
3422 4487 3744 4591 τῆς’ἐσπέριις

536 4625 910 4679 continentem
948 4634 1016 4673 ex
1048 4617 1114 4672 ad
1125 4630 1283 4671 verso
1300 4627 1540 4679 omnem,
1559 4626 1731 4681 usque
1754 4610 1820 4663 ad
1842 4619 2121 4664 extremos

539 4717 759 4789 Libyes,
792 4713 897 4770 sibi
934 4709 1211 4774 attribuit,
1249 4717 1310 4761 ut
1341 4705 1443 4760 toti
1468 4704 1771 4775 imperaret
1807 4700 2116 4757 Occidenti.

534 4810 694 4865 Brevi
718 4807 884 4863 etiam
909 4803 1110 4860 deinde
1139 4800 1462 4857 Gratianum
1501 4799 1676 4851 lilium
1722 4796 1904 4849 adhuc
1930 4792 2121 4849 adole-

534 4900 875 4962 scentulum,
906 4897 973 4951 ad
1010 4894 1301 4965 imperium
1335 4900 1629 4957 evectum,
1663 4888 1912 4943 moribus
1953 4885 2117 4941 insti-

537 4966 779 5067 tutisque
851 4992 968 5049 suis
1019 4987 1332 5044 assuefecit.
1409 4981 1666 5039 Sedenim
1719 4980 1919 5035 fratres
1962 4978 2123 5033 ambo

534 5085 831 5144 Christiani
857 5084 1079 5155 quidem
1122 5081 1237 5149 jam
1287 5075 1416 5131 inde
1452 5074 1521 5129 ab
1550 5073 1709 5128 initio
1737 5072 1915 5135 fuere,
1967 5068 2120 5124 cultu

533 5195 670 5239 vero
688 5177 877 5236 divino
915 5184 972 5231 et
1003 5176 1249 5230 moribus
1282 5169 1588 5225 variarunt.
1621 5166 1757 5220 Nam
1788 5163 2019 5229 Valens,
2055 5162 2125 5217 ab

534 5272 787 5330 Eudoxio
839 5268 1047 5325 Ariano
1100 5265 1454 5334 baptizatus,
1504 5274 1631 5314 acer
1690 5257 1794 5311 fuit
1854 5256 2124 5326 dogmatis

535 5367 723 5425 Ariani
756 5362 1067 5428 aemulator,
1127 5356 1534 5423 molestumque
1579 5352 1632 5406 ei
1680 5351 1807 5415 fuit,
1838 5349 1986 5419 quod
2014 5362 2125 5401 non

537 5475 729 5517 omnes
766 5455 1019 5517 eamdem
1075 5450 1232 5520 sequi
1285 5444 1619 5503 sententiam
1656 5453 1900 5513 cogeret.
1930 5440 2128 5497 Valen-

542 5556 779 5608 tinianus
812 5557 1027 5609 autem,
1069 5543 1304 5598 Nicaina:
1326 5536 1684 5608 professionis
1731 5545 2127 5605 propugnator,

539 5643 814 5697 ornandos
850 5639 1073 5709 quidem
1108 5634 1388 5704 religionis
1421 5645 1535 5686 suae
1585 5630 1880 5700 pOpuIares
1946 5628 2127 5696 duxit,

616 5801 693 5865 (Ι)
724 5797 1013 5865 Templum
1044 5796 1316 5851 Fortunae.
1352 5791 1631 5863 (Eutrop.)

2222 4625 2385 4695 ἄχρις
2439 4621 2756 4691 ἰλλυριῶνο
2813 4620 2885 4674 τὰ
2920 4620 2966 4673 δ’
3023 4619 3235 4673 ἐκεῖθεν
3285 4621 3375 4672 ἐπὶ
3407 4615 3494 4669 τὸν
3535 4608 3745 4677 ἑσπέριον

2222 4714 2464 4771 ὠκεανὸν
2515 4716 2615 4767 καὶ
2648 4711 2870 4766 Λιϐύων
2901 4752 2916 4776 ,
2967 4711 3068 4780 τὴν
3121 4709 3349 4781 ἀντικρὺ
3383 4707 3594 4779 ἦπειρον
3618 4700 3746 4766 ἄχρις

2224 4806 2466 4876 ἐσχάτων
2494 4806 2672 4876 πᾶσαν
2695 4803 2873 4871 ἐαυτῷ
2893 4802 3390 4874 ἀπεκλήρωσε,καὶ
3402 4799 3492 4868 τῆς
3524 4792 3745 4858 Ἐσπέρας

2223 4894 2543 4948 ἐϐασίλευσε
2582 4895 2784 4963 πάσης.
2827 4894 2960 4947 Μετ’
2989 4893 3051 4946 ού
3089 4891 3224 4945 πολὺ
3252 4891 3308 4944 δὲ
3333 4890 3424 4941 καὶ
3452 4883 3597 4940 παῖδα
3633 4879 3741 4946 Γραο

2222 4988 2403 5041 τιανὸν
2433 4986 2514 5040 ἐτι
2542 4989 2829 5057 μειράκιον
2866 4987 2933 5055 τῇ
2969 4984 3225 5055 βασιλείᾳ
3254 4978 3586 5039 ἐπιϐιϐάσας,
3634 4967 3742 5039 “.054

2225 5083 2317 5134 τὸν
2365 5076 2561 5132 ἑαυτοῦ
2598 5078 2860 5148 συνήσκει
2919 5076 3144 5147 τρόπον.
3208 5075 3405 5145 ’Δμφω
3437 5070 3489 5123 δέ
3536 5058 3737 5148 τάδελφῷ

2226 5169 2547 5239 Χριστιανοὶ
2578 5167 2679 5238 μέν
2706 5147 2846 5239 ἦσαν
2878 5166 2935 5219 τὸ
2976 5165 3037 5230 ἐξ
3069 5163 3271 5235 ἀρχῆς*
3317 5165 3414 5230 τήν
3440 5176 3500 5227 γε
3550 5154 3640 5227 μὴν
3665 5147 3739 5203 καὶ

2230 5261 2531 5332 θρησκείαν
2556 5260 2648 5313 τὸν
2687 5263 2889 5330 τρόπον
2918 5259 3193 5329 διάφοροι·
3223 5256 3431 5324 ούάλης
3465 5253 3553 5323 μὲν
3580 5247 3667 5316 γὰρ
3683 5239 3741 5307 τῷ

2242 5352 2507 5423 Ἀρειανῷ
2540 5352 2774 5423 Εύδοξίῳ
2804 5353 3151 5422 χρησάμενος
3196 5348 3478 5420 βαπτιστῇ,
3528 5341 3743 5423 διάπυροξ

2228 5420 2321 5513 ἦν
2357 5420 2604 5514 ζηλιυτὴς
2638 5420 2757 5498 τῶν*
2779 5420 3005 5514 ⁹Ᾰρε⁷ίου
3038 5443 3344 5512 δογμάτων,
3403 5438 3491 5491 καὶ
3534 5435 3584 5485 ἐν
3613 5420 3741 5491 δεινῷ

2230 5538 2490 5601 ἐποιεῖτο,
2527 5537 2601 5606 μὴ
2657 5538 2864 5601 πάντας
2896 5536 3181 5606 βιάζεσθαι
3215 5536 3281 5587 τὰ
3321 5534 3408 5585 ίσα
3431 5525 3603 5593 ἐκείνῳ
3638 5531 3743 5585 ipp?

2233 5632 2344 5684 νεῖν
2366 5643 2379 5658 ·
2414 5628 2860 5694 Ούαλεντινιανος
2884 5630 2938 5683 δέ
2966 5630 3067 5701 τῆς
3110 5632 3166 5683 ἐν
3197 5624 3397 5695 Νικαίᾳ
3430 5612 3742 5688 ὑπεριστάμε’
