3986 6190
268 282 377 345 589

1197 272 1800 339 ΕεαιΕςιΑδΤῐοίιι
1839 269 2231 330 HISTORIA?
2268 266 2415 327 LIB.
2459 264 2563 325 XI.

3428 264 3531 326 590

266 417 359 461 νος
381 395 645 461 πίστεως,
680 395 809 456 τοὺς
842 392 1132 464 ὁμοδόξους
1171 386 1401 463 ὡφὲλεῖν
1435 395 1534 464 μὲν
1570 392 1850 461 ἐπειρᾶτο,

1979 384 2097 438 iihil
2154 393 2339 437 autem
2392 380 2475 436 eis
2505 378 2793 441 molestiae,
2827 376 2920 447 qui
2956 375 3025 430 ab
3057 391 3123 430 eo
3155 375 3528 442 dissentirent,

265 493 425 547 οὐδὲν
451 490 507 543 δὲ
531 491 648 553 τοῖς
682 488 858 551 ἄλλως
891 486 1178 553 δοξάζουσι
1207 488 1520 558 διηνώχλει.
1560 489 1765 556 Ἀμιρω
1794 484 1853 539 δὲ

1984 473 2163 529 ntulit.
2218 473 2490 528 Caeterum
2549 470 2602 523 in
2637 468 2802 523 rebus
2865 465 3322 522 administrandis
3373 482 3532 536 pares

264 588 399 658 περὶ
430 586 530 656 τὴν
562 585 674 638 τῶν
696 584 874 640 ἄλλων
906 586 1251 656 πραγμάτων
1274 584 1539 655 διοίκησιν
1561 582 1853 653 παραπλήο

266 699 378 736 σιοι
407 678 661 751 ἀλλήλοις
685 677 838 742 ὄντες
867 679 1191 750 ἐτύγχανον.

900 790 1167 847 ΚΕΦΛΝ.
1192 791 1251 844 Β.

271 886 450 952 Τίνες
483 884 819 953 τηνικαῦτα
845 883 969 939 τῶν
993 883 1277 952 μεγάλων
1304 884 1543 953 πόλεων
1570 881 1688 948 τὴν
1726 881 1855 935 ἐπι-

453 951 691 1024 τροπὴν
727 953 881 1010 κατὰ
908 951 1204 1023 διαδοχὴν
1230 951 1677 1022 ἐκληρώσαντο.

351 1067 503 1122 Κατὰ
536 1067 731 1120 τοῦτον
776 1066 835 1119 δέ
881 1064 975 1119 τὸν
1028 1064 1246 1136 χρόνον,
1280 1064 1379 1135 τῆς
1431 1063 1531 1133 μέν
1570 1062 1859 1131 Ῥωμαίων

287 1162 628 1231 Ἐκκλησίας
674 1161 774 1223 τὰς
832 1157 991 1230 ἡνίας
1038 1153 1153 1228 εἶχε
1204 1157 1483 1226 Διδέριος,
1532 1155 1592 1220 ὃς
1637 1156 1860 1210 Ἰούλιον

268 1253 583 1318 διεδέξατοο
620 1252 725 1323 πρὸ
764 1251 977 1304 ἐκείνου
1009 1249 1065 1303 δέ
1099 1248 1425 1318 Σίλϐεστρος
1445 1248 1541 1301 ἐπὶ
1569 1249 1861 1302 Κωνσταν-

266 1350 428 1401 τίνου
470 1344 744 1414 ἡγήσατο.
782 1340 911 1396 Ἐπὶ
939 1341 1000 1395 δέ
1045 1342 1145 1410 τῆς
1190 1338 1553 1409 Ἀλεξάνδρου
1608 1338 1709 1407 τῆς
1760 1337 1862 1408 μὲν

270 1438 572 1508 ὀμοουσίου
626 1435 868 1498 πίστεως
923 1435 952 1487 6
988 1432 1156 1494 πολὺς
1186 1431 1510 1494 Ἀθανάσιος
1570 1432 1868 1501 προειστή-

273 1544 394 1591 κει,
426 1525 705 1595 Γεώργιον
743 1526 839 1576 καὶ
868 1522 1177 1594 Γρηγόριον
1222 1524 1348 1582 τοὺς
1374 1521 1712 1594 αἱρεσιώτας
1744 1522 1862 1576 δια-

274 1618 580 1687 δεξάμενος
605 1631 618 1647 ·
645 1615 696 1670 οἶ
727 1614 891 1670 πάλιν
924 1614 1091 1669 αὑτὸν
1130 1614 1475 1676 Ἀθανάσιον,
1508 1614 1567 1679 ὃς
1604 1612 1881 1680 Ἀλέξαν-,

1959 571 2132 625 fuere.

2580 765 2803 823 CAPUT
2846 762 2911 819 ll.

1961 867 2066 934 Qui
2086 883 2146 922 eo
2167 875 2397 935 tempore
2423 865 2477 917 in
2503 864 2709 935 magnis
2732 860 2951 915 urbibus
2969 856 3321 935 ecclesiarum
3351 873 3539 910 curam

2323 951 2419 1004 per
2445 932 2828 988 successionem
2849 931 3022 984 sortiti
3055 932 3184 983 sint.

2036 1049 2114 1104 Ea
2168 1056 2493 1118 tempestate
2544 1045 2805 1102 Ecclesia
2858 1041 3119 1098 Romana:
3168 1043 3542 1114 gubernacula

1966 1143 2144 1199 tenuit
2173 1142 2455 1205 Liberius,
2489 1140 2623 1197 Julii
2658 1152 2972 1195 successor.
3018 1139 3160 1193 Ante
3195 1153 3323 1193 eum
3358 1146 3543 1191 autem

1968 1236 2248 1307 Sylvester
2276 1235 2380 1291 sub
2408 1234 2778 1291 Constantino
2814 1232 3119 1287 Ecclesism
3153 1246 3273 1286 eam
3303 1242 3543 1286 rexerat.

1964 1329 2310 1385 Alexandria:
2372 1327 2472 1399 (ί)
2526 1338 2713 1382 autem
2781 1327 3277 1383 consubstantialis
3333 1326 3545 1395 profes-

1964 1422 2110 1477 sioni
2162 1435 2393 1490 magnus
2426 1419 2650 1490 praefuit
2679 1418 3039 1485 Athanasius,
3066 1418 3305 1489 Georgio
3331 1429 3390 1473 et
3417 1416 3547 1472 Gre-

1964 1516 2126 1586 gorio
2166 1513 2448 1570 haereticis
2494 1517 2867 1582 subrogatus:
2900 1513 2997 1581 qui
3052 1523 3235 1567 tamen
3268 1522 3326 1566 et
3363 1511 3465 1582 ipsi
3499 1511 3548 1566 ei

1968 1615 2378 1663 successerant.
2434 1604 2575 1660 Ante
2621 1603 2984 1660 Athanasium
3039 1604 3373 1670 Alexander,
3426 1616 3549 1659 ante

274 1712 446 1779 ἓρονυ
479 1707 841 1778 Ἀλέξανδρος
891 1707 950 1762 δὲ
1009 1707 1303 1778 Ἀχιλλᾶνο
1357 1710 1388 1763 ὁ
1417 1708 1475 1763 δὲ
1515 1708 1723 1779 Πέτρον
1772 1709 1865 1764 τὸν

1979 1699 2351 1756 Alexandrum
2382 1696 2648 1761 Achillas,
2681 1697 2838 1765 112
2865 1707 2996 1751 ante
3029 1697 3176 1753 hunc
3206 1697 3424 1762 Petrus,
3456 1699 3550 1765 qui

276 1804 380 1855 ἐπὶ
423 1799 774 1871 Μαξιμιανοῦ
825 1802 1285 1871 μαρτυρήσαντα.
1318 1800 1441 1854 Τῶν
1486 1802 1536 1855 δ’
1571 1802 1628 1854 ἐν
1660 1801 1868 1856 Ἀντιο-

275 1894 413 1965 isi;
431 1894 531 1964 τῆς
553 1893 654 1963 μὲν
672 1893 888 1963 Ἀρείου
913 1892 1213 1961 θρησκείας
1238 1892 1476 1958 Εὑζώῖος
1493 1893 1829 1962 ὑπερίστατο
1850 1912 1865 1927 ο

276 1987 388 2056 τῆς
442 1987 499 2040 δὲ
551 1988 842 2056 ὀμοουσίου
876 1986 1114 2048 πίστεως
1148 1985 1274 2056 διχῆ
1327 1986 1587 2057 διῄρηντο
1624 1989 1675 2041 oi
1730 2004 1868 2058 προ·

274 2079 485 2133 στάται
512 2095 528 2111 ·
556 2078 669 2131 τῶν
703 2078 807 2147 μὲν
844 2078 955 2149 γὰρ
998 2078 1266 2142 Παυλῖνος
1313 2080 1524 2148 ἠγεῖτο,
1576 2079 1687 2143 τῶν
1739 2082 1798 2133 δέ
1838 2082 1871 2134 6

276 2172 433 2235 οεῖος
456 2170 742 2237 Μελέτιος.
771 2164 935 2224 Οὗτοι
956 2170 1014 2224 δέ
1043 2170 1154 2224 τῶν
1180 2169 1240 2237 ἐξ
1270 2171 1491 2237 ’Δρείου
1519 2166 1663 2241 ἦσαν
1689 2171 1872 2226 διάδοο

276 2280 415 2333 χοι.
470 2257 547 2319 ὧν
599 2266 628 2317 ὁ
681 2267 783 2333 μὲν
828 2264 1106 2334 προσεχὴς
1160 2263 1414 2331 Μελετίῳ
1472 2262 1722 2329 Εὑδόξιος
1776 2262 1867 2336 ἦν.

274 2354 547 2416 Λεόντιος
575 2354 636 2408 δέ
666 2354 774 2423 πρὸ
807 2355 1045 2409 ἐκείνου.
1080 2355 1193 2425 Πρὸ
1239 2354 1297 2408 δέ
1346 2355 1537 2409 τούτου
1568 2357 1865 2424 Στέφανος,

275 2442 345 2507 ὃς
372 2442 663 2505 Φλάκιτον,
694 2443 957 2508 Φλάκιτος
985 2444 1040 2497 δέ
1067 2445 1385 2514 Εὐφρόνιον,
1417 2439 1572 2509 οὗτος
1604 2447 1650 2500 δ’
1687 2447 1863 2501 Εὐλα-

277 2538 309 2587 λ
327 2553 408 2589 ιον
445 2535 737 2601 διεδέξατο.
770 2536 980 2599 Πάντες
1010 2535 1054 2588 δ’
1088 2531 1236 2590 οὗτοι
1272 2538 1369 2605 τῆς
1404 2538 1622 2607 Ἀρείου
1667 2537 1871 2607 λύσσης

276 2624 433 2698 ἦσαν
467 2629 744 2697 ἀνάπλεῳ.
798 2629 914 2700 Πρὸ
948 2628 1005 2682 δὲ
1051 2628 1148 2681 τοῦ
1183 2629 1449 2683 Εὐλαλίου
1500 2630 1799 2692 Εὑστάθιος
1842 2636 1871 2686 6

283 2722 468 2791 μέγας
505 2720 748 2782 εὐσεϐῶς
774 2719 878 2790 τῆς
905 2719 1188 2789 Ἀντιόχου
1214 2723 1424 2790 ἠγεῖτο,
1463 2722 1557 2776 τοῦ
1592 2723 1871 2793 μάρτυρος

280 2812 608 2880 Φιλογονίου
644 2811 893 2881 διάδοχος
920 2825 935 2840 ⁸
967 2810 1063 2863 τοῦ
1114 2811 1172 2863 δὲ
1221 2812 1536 2880 Φιλογονίου
1574 2816 1872 2883 προηγεῖτο

281 2905 563 2965 Βιτάλιος.
598 2904 721 2957 Τῶν
745 2902 791 2956 δ’
815 2906 874 2955 ἐν
916 2901 1314 2973 Ἰεροσολύμοις
1342 2903 1613 2971 Κύριλλος
1635 2904 1730 2958 ἐπὶ
1760 2905 1871 2957 τῶν

290 2998 461 3068 ἱερῶν
495 2997 700 3049 οἰάκων
731 2990 888 3057 αὖθις
935 2996 1177 3066 καθῆστο
1204 3011 1219 3026 ·
1256 2997 1314 3060 ὃς
1347 2998 1567 3067 πρῶτον
1605 2998 1708 3063 μὲν
1744 2998 1868 3051 Μά-

1971 1788 2075 1844 sub
2123 1786 2458 1842 Maximiano
2498 1786 2764 1856 martyrio
2794 1793 2881 1840 est
2913 1785 3231 1850 defunctus,
3263 1787 3554 1855 episcopus

1970 1879 2048 1934 itii
2090 1879 2217 1934 fuit.
2251 1879 2426 1936 Porro
2466 1878 2778 1933 Antiochia
2810 1877 3031 1933 Arianis
3070 1878 3247 1948 praeiit
3289 1879 3551 1933 Euzuius.

1969 1970 2478 2028 Consuhstantialis
2501 1977 2686 2024 autem
2718 1970 3083 2039 professionis
3116 1969 3230 2023 duo
3267 1978 3428 2024 erant
3459 1987 3557 2023 an-

1975 2064 2179 2120 tistites
2211 2082 2226 2119 :
2256 2063 2414 2119 alteri
2470 2076 2713 2131 namque
2757 2062 2899 2129 parti
2948 2061 3236 2123 Paulinus,
3270 2060 3432 2116 alteri
3471 2062 3556 2116 di-

1975 2173 2077 2213 vus
2120 2156 2344 2228 praefuit
2397 2156 2668 2210 Meletius.
2714 2155 2806 2210 Isti
2850 2165 3036 2210 autem
3078 2155 3300 2209 Arianis
3334 2169 3557 2210 succes-

1975 2266 2122 2306 sere.
2171 2249 2237 2303 Et
2288 2249 2454 2319 hujus
2506 2248 2733 2317 quidem
2788 2248 3051 2302 decessor
3103 2249 3392 2316 proximus
3441 2247 3555 2301 Eu-

1973 2340 2197 2404 doxius,
2240 2339 2391 2392 illius
2422 2346 2609 2393 autem
2644 2338 2915 2392 Leontius
2962 2336 3166 2392 fuerat.
3219 2342 3368 2392 Ante
3405 2339 3553 2392 hunc

1974 2434 2355 2501 episcopatum
2392 2431 2467 2484 ibi
2502 2440 2749 2499 gesserat
2779 2430 3117 2500 Stephanus,
3156 2430 3244 2482 cui
3278 2432 3556 2499 praecessit

1976 2523 2240 2586 Placitus,
2272 2522 2480 2576 Placito
2511 2522 2893 2590 Euphronius,
2929 2521 3253 2589 Euphronio
3281 2520 3551 2590 Eulalius,

1975 2615 2069 2685 qui
2103 2628 2298 2669 omnes
2324 2614 2527 2667 Ariana
2564 2612 2716 2666 rabie
2762 2612 2957 2682 repleti
2993 2611 3229 2665 fuerant.
3267 2612 3409 2667 Ante
3444 2612 3554 2667 Eu-

1975 2708 2166 2761 lalium
2196 2721 2427 2776 magnus
2459 2704 2786 2759 Eustathius
2810 2705 2898 2774 pie
2924 2704 3230 2758 Ecclesiam
3256 2704 3556 2759 Antioche-

1974 2816 2101 2853 nam
2151 2799 2501 2869 gubernavit,
2541 2797 2854 2866 Philogonii
2903 2797 3162 2868 martyris
3214 2812 3501 2853 successor
3542 2816 3554 2851 :

1975 2893 2366 2961 Philogoniuni
2403 2905 2534 2945 vero
2577 2890 2770 2945 Vitatis
2818 2891 3123 2959 praeessit.
3160 2888 3557 2963 Hierosolymis

1978 2994 2163 3037 autem
2196 2981 2438 3053 Cyrillus
2470 2982 2655 3036 denuo
2694 2981 3060 3051 episcopalem
3098 2983 3342 3037 obtinuit
3372 2983 3557 3053 digni-

287 3092 453 3159 ξιμον
478 3088 750 3153 διεδέξατο
771 3105 785 3121 ·
826 3088 932 3158 πρὸ
957 3088 1012 3142 δέ
1048 3090 1305 3158 Μαξίμου
1335 3093 1363 3143 6
1395 3090 1561 3153 πολὺς
1586 3092 1871 3162 Μακάριος

1982 3087 2186 3141 tatem,
2242 3075 2335 3145 qui
2394 3076 2634 3145 primum
2691 3075 2917 3144 quidem
2946 3074 3213 3129 ’Maximo
3268 3078 3556 3130 successit.

290 3181 675 3251 καθηγήσατο.
728 3181 1019 3250 Μακάριος
1052 3183 1109 3235 δὲ
1154 3182 1401 3252 διάδοχος
1434 3183 1726 3253 Ἕρμωνος
1759 3181 1828 3255 ἦν
1854 3201 1868 3215 ·

288 3274 388 3326 τὸν
411 3273 468 3326 δέ
493 3274 765 3342 Κύριλλον
795 3274 1070 3344 Ἐρέννιος
1093 3275 1371 3345 διεδέχετο
1395 3292 1409 3306 ·
1439 3274 1500 3329 6v
1516 3276 1837 3345 ’ίΙράκλειος
1855 3293 1867 3308 ·

290 3368 387 3419 τὶν
416 3367 462 3420 δ’
506 3366 738 3436 Ἰλάριος
763 3384 776 3397 ο
813 3366 1008 3420 τοῦτον
1038 3367 1083 3419 δ’
1115 3366 1274 3430 αὖθις
1301 3368 1364 3421 τὸ
1389 3368 1652 3434 τηνικάδε
1680 3369 1708 3421 6
1731 3369 1875 3421 θειόο

287 3476 461 3522 τατος
510 3458 804 3530 Κύριλλος.
841 3456 964 3511 Τῶν
1014 3457 1072 3510 δὲ
1098 3459 1200 3527 τῆς
1238 3460 1874 3523 Κωνσταντινουσιόλεως

290 3548 612 3620 ἐκκλησιῶν
637 3548 941 3619 τηνικαῦτα
973 3550 1198 3619 ἐκράτει
1229 3549 1504 3615 Εὐδόξιος,
1528 3551 1629 3618 τὴν
1660 3550 1874 3620 Ἀρείου

290 3642 457 3705 δόξαν
482 3641 630 3711 μάλα
662 3640 1009 3711 πρεσϐεύων.
1029 3640 1094 3692 Oi
1124 3641 1181 3694 δὲ
1203 3641 1301 3711 τῆς
1326 3641 1618 3710 ὁμοουσίου
1639 3643 1878 3704 πίστεως

286 3735 447 3788 ἔνδον
492 3736 595 3805 τῆς
633 3734 843 3796 πόλεως
874 3734 1107 3804 οίκίσκῳ
1136 3734 1465 3806 βραχυτάτῳ
1493 3735 1591 3798 τὰς
1625 3752 1875 3804 συναγω-

284 3834 401 3892 γάς
443 3825 750 3879 ἐποιοῦντο.
781 3824 896 3894 Τῆς
922 3826 982 3882 δὲ
1008 3826 1426 3897 Μακεδονιανῆς
1458 3828 1758 3898 θρησκείας
1792 3828 1874 3882 ἐτι

287 3919 440 3972 κατὰ
473 3919 573 3979 τὰς
610 3917 797 3980 πόλεις
827 3919 938 3970 τῶν
964 3918 1279 3989 εὐκτηρίων
1310 3921 1474 3973 οίκων
1504 3921 1557 3974 οἱ
1596 3922 1655 3974 ἐν
1683 3921 1880 3974 Σελευ-

287 4013 423 4082 κεὶᾳ
453 4009 746 4077 ἐκράτουν,
776 4010 1119 4080 διδαχθέντες
1140 4010 1176 4064 ἃ
1203 4012 1254 4064 οἱ
1288 4013 1420 4081 περὶ
1453 4012 1734 4067 Ἀκάκιον.
1770 4014 1877 4067 Εὑ-

283 4101 469 4167 εὸξιος
499 4100 555 4155 δὲ
608 4101 946 4156 Μακεδόνιον
998 4101 1306 4167 διεδέξατο·
1360 4104 1468 4175 πρὸ
1505 4104 1564 4159 δέ
1624 4104 1817 4159 τούτου
1850 4108 1879 4159 6

287 4192 641 4265 ὀμολογητὴς
671 4192 885 4257 Παῦλος
915 4195 1015 4264 τὴν
1042 4194 1355 4266 ἐπισκοπὴν
1388 4196 1689 4275 ἐκληροῦτο
1709 4214 1723 4229 ·
1754 4198 1878 4252 τού.

287 4304 391 4340 του
427 4285 486 4339 δὲ
520 4285 700 4357 προῆν
723 4285 751 4337 ὁ
777 4286 1059 4357 Ἀρειανὺς
1084 4289 1149 4340 ἐκ
1183 4288 1559 4359 Νικομηδξίας
1592 4289 1876 4355 Εὑσέδιος.

1980 3169 2279 3225 Maximum
2310 3177 2494 3222 autem
2530 3183 2762 3238 magnus
2790 3168 3061 3224 Macarius
3088 3170 3387 3238 praecessit,
3421 3169 3555 3224 Her-

1979 3260 2162 3314 monis
2211 3256 2523 3313 successor.
2578 3257 2787 3328 Cyrillo
2846 3258 3124 3313 Erennius
3183 3260 3554 3325 substitutus,

1976 3363 2145 3422 atque
2186 3352 2319 3406 huic
2356 3366 2581 3406 rursum
2627 3351 2935 3418 Heraclius,
2986 3352 3241 3407 Heraclio
3293 3354 3555 3420 Hilarius,

1977 3446 2069 3500 cui
2107 3456 2223 3498 tum
2255 3460 2450 3499 rursus
2483 3445 2646 3499 divus
2676 3446 2947 3500 successit
3024 3446 3282 3515 Cyrillus.
3312 3448 3380 3499 At
3418 3445 3561 3501 Con-

1979 3533 2343 3601 stantinopoli
2363 3533 2665 3588 Ecclesiam
2685 3548 2755 3589 eo
2781 3543 3031 3603 tempore
3054 3537 3232 3588 tenuit
3251 3536 3556 3603 Eudoxius,

1981 3640 2216 3695 magnus
2262 3626 2483 3682 Arianae
2534 3626 2816 3695 Opinionis
2856 3637 3259 3697 propugnator.
3307 3628 3560 3685 Consuli-

1979 3718 2257 3772 stantialis
2289 3726 2475 3772 autem
2508 3717 2856 3786 professores
2895 3718 3041 3772 intra
3078 3718 3270 3775 urbem
3304 3720 3358 3775 in
3391 3738 3559 3792 parva

1981 3811 2148 3865 domo
2192 3821 2504 3867 conventus
2549 3811 2810 3882 agebant.
2862 3811 3109 3881 Templis
3155 3813 3562 3872 Macedoniam:

1982 3904 2264 3974 religionis
2318 3905 2373 3959 in
2421 3904 2681 3972 urbibus.
2702 3905 2980 3976 plerisque
3029 3908 3214 3962 adhuc
3269 3919 3380 3963 tum
3423 3926 3561 3979 prae-

1980 3998 2231 4060 fuerunt,
2267 3997 2362 4067 qui
2405 3996 2461 4051 in
2510 3997 2761 4053 Seleucia
2816 3999 2941 4055 fidei
2983 4001 3274 4055 formulam
3319 4004 3561 4072 promul-

1980 4099 2264 4161 gaverant,
2294 4090 2489 4146 eadem
2517 4107 2639 4160 «tua:
2667 4093 2902 4147 Aeacius
2927 4096 3252 4150 sentientes.
3282 4096 3562 4152 Eudoxius

1979 4184 2306 4240 Macedonio
2344 4197 2713 4248 successerat,
2748 4185 3106 4241 Macedonius
3139 4189 3309 4243 Paulo
3348 4190 3562 4245 confes-

1981 4277 2118 4340 sori,
2152 4273 2355 4331 Paulus
2386 4274 2798 4333 Nicomediensi
2840 4279 3078 4335 Eusebio
3109 4281 3337 4345 Ariano,
3390 4282 3560 4338 Euse-

287 4371 471 4440 Οὗτος
526 4376 585 4431 δέ
632 4376 991 4449 Ἀλέξανδρον
1018 4379 1293 4450 διεδέχετο
1315 4397 1331 4413 ·
1359 4381 1417 4445 ὃς
1476 4383 1871 4456 Μητροφάνους

1985 4367 2111 4444 hius
2160 4368 2516 4432 Alexandro,
2584 4386 2749 4439 quem
2810 4372 3091 4441 praecessit
3149 4373 3556 4445 Metrophanes.

285 4472 542 4542 διάδοχος
576 4470 970 4542 ἐχρημάτιζεν.
1012 4471 1169 4526 Οὖτω
1202 4474 1303 4542 μὲν
1342 4473 1411 4526 τὰ
1439 4475 1549 4529 τῶν
1570 4476 1871 4547 ἐκκλησιῶν

1986 4463 2088 4518 llic
2121 4464 2346 4535 quidem
2382 4474 2494 4520 tum
2534 4466 2908 4522 Ecclesiarum
2939 4468 3043 4522 fuit
3074 4477 3277 4523 status.

286 4564 604 4637 τηνικαῦτα
639 4564 889 4634 ἐφέρετο.

909 4681 1157 4735 ΚΕΦΛΛ.
1192 4679 1265 4735 l'.

286 4788 438 4859 Περὶ
467 4788 580 4856 τῆς
626 4789 697 4843 ἐν
729 4787 1041 4859 Λαμψάκῳ
1067 4787 1394 4856 γενομένης
1419 4790 1690 4844 συνόδου
1717 4807 1732 4824 ·
1780 4790 1881 4845 καὶ

436 4860 517 4926 ὡς
537 4860 842 4928 ὺπερόριοι
868 4863 923 4913 at
945 4858 1051 4912 τοῦ
1072 4860 1401 4926 όμοουσίου
1428 4859 1731 4927 ἐγένοντο.

378 4971 537 5025 Ἐπεὶ
561 4972 610 5027 δ’
640 4974 674 5041 ή
702 4971 810 5026 τῶν
840 4970 1114 5041 ἐσπερίων
1145 4972 1493 5041 πραγμάτων
1537 4978 1759 5043 φροντὶς
1788 4976 1882 5029 ἐπὶ

300 5059 532 5131 Ῥώμην
578 5061 763 5117 ἐκάλει
819 5061 913 5113 τὸν
970 5058 1442 5124 οὑαλεντινιινὸν,
1496 5061 1593 5112 καὶ
1637 5061 1727 5115 διὰ
1779 5060 1881 5132 τῆς

287 5153 525 5224 Θρᾴκης
580 5150 674 5206 ίὼν
728 5149 1030 5221 ἐπορεύετο
1055 5165 1069 5180 ·
1109 5152 1157 5203 oi
1203 5150 1310 5204 άνὰ
1362 5153 1460 5221 τὴν
1497 5152 1754 5206 Βιθυνίαν
1788 5156 1881 5207 καὶ

285 5248 394 5299 τὸν
437 5244 835 5313 Ἑλλήσποντον
889 5242 1082 5311 ἱερεῖς,
1118 5242 1213 5294 καὶ
1245 5242 1396 5296 ἄλλοι
1425 5244 1540 5297 ὅσοι
1571 5245 1650 5314 τῷ
1678 5247 1880 5313 δμοου-

292 5336 406 5407 σίῳ
439 5335 821 5404 προσέκειντο,
862 5332 1183 5404 ’Υπατιανῷ
1232 5333 1311 5404 τῷ
1348 5335 1450 5403 τῆς
1486 5337 1755 5408 Περίνθου
1788 5338 1884 5392 Ἦ-

374 5495 450 5562 (1)
476 5492 824 5547 Alexandria:
869 5502 984 5546 tum
1024 5489 1245 5549 Arianis
1274 5493 1451 5563 prasiit
1494 5492 1721 5550 Lucius.
1752 5494 1880 5567 (So-

290 5570 695 5704 crﬁzsticrat.
728 5634 824 5689 lib.
862 5649 933 5699 iv,
957 5648 1077 5702 cap.
1105 5634 1163 5698 2,
1199 5635 1622 5692 Macedonianos
1663 5635 1880 5706 episco-

296 5722 396 5779 pos
421 5711 694 5777 synodum
724 5707 882 5759 istam
913 5705 1140 5772 petiisse
1170 5722 1200 5761 a
1235 5707 1460 5762 Valente
1489 5705 1727 5762 scribit:
1774 5707 1881 5761 Va-

2482 4666 2639 4736 113
2677 4666 2905 4723 CAPUT
2946 4667 3033 4721 Ill.

1983 4779 2060 4833 De
2092 4778 2316 4834 concilio
2342 4777 2901 4856 Lampsa‘cenotethut
2935 4780 2988 4856 in
3021 4780 3262 4834 exsilium
3293 4783 3432 4850 pulsi
3455 4784 3560 4856 sint

2400 4849 2864 4903 consubstantialis
2891 4850 3136 4903 cultores.

2053 4961 2353 5031 Postquam
2395 4960 2471 5031 (2)
2522 4975 2655 5014 vero
2705 4975 2891 5014 rerum
2945 4960 3376 5017 occidentalium
3428 4980 3561 5019 cura

1986 5053 2437 5109 Valentinianum
2466 5052 2693 5107 Romam
2720 5054 2964 5120 vocavit,
3002 5066 3165 5124 atque
3195 5055 3241 5109 is
3271 5074 3368 5127 per
3390 5057 3563 5111 Thra-

1983 5150 2125 5203 ciam
2177 5148 2284 5202 iter
2324 5146 2492 5211 fecit,
2545 5146 2639 5216 qui
2690 5146 2743 5199 in
2796 5147 3054 5219 Bithynia
3098 5161 3157 5206 et
3209 5152 3564 5220 Hellesponto

1984 5240 2161 5302 fuere,
2199 5238 2404 5307 aliique
2457 5237 2585 5293 item
2623 5239 2891 5309 episcopi,
2947 5240 3043 5294 τοῦ
3091 5241 3402 5310 αᾷιιοουσίου,
3433 5257 3563 5294 con-

1985 5330 2390 5396 substantialis,
2422 5329 2546 5384 ﬁdei
2580 5331 2812 5398 addicti,
2847 5332 2917 5386 ab
2953 5331 3260 5405 Hypatiano
3290 5334 3564 5388 lleracieze

1982 5493 2325 5561 lcutemquc,
2358 5506 2469 5545 non
2497 5500 2740 5561 gravate,
2775 5502 2832 5545 ut
2864 5507 2926 5544 ea
2978 5503 3293 5560 cogeretur,
3320 5508 3559 5547 consen-

1984 5563 2145 5626 sisse,
2183 5572 2472 5631 propterea
2510 5561 2671 5631 quod
2722 5563 3124 5616 existimaverit
3180 5578 3293 5616 rem
3341 5579 3559 5618 onmem

1984 5633 2060 5687 ibi
2097 5648 2166 5686 ex
2194 5630 2473 5687 Sententia
2507 5630 2733 5685 Eudoxii
2770 5642 2826 5686 ct
2860 5632 3042 5686 Acacii
3076 5645 3255 5687 actum
3290 5634 3381 5688 iri.
