3986 6190
507 291 606 357 591
1738 295 1786 356 Ν
1801 296 2159 359 lCEPHORI
2202 296 2543 362 CALLISTI
3619 319 3706 378 592

509 412 625 465 sive
658 409 904 466 Perinthi
940 410 1226 482 episcopo,
1254 420 1314 464 ut
1343 408 1411 465 ad
1447 410 1838 482 imperatorem
1877 416 2083 484 legatus

2132 420 2166 479 λ
2193 415 2452 484 ρακλείας
2479 416 2726 487 ἀρχιερεῖ
2762 418 3103 488 προσιόντες,
3141 416 3319 485 ἠξίουν
3353 418 3477 489 πρὸς
3514 421 3706 491 βασιλέα

512 504 637 568 iret,
687 504 989 572 petierunt,
1027 509 1088 556 ut
1125 502 1419 571 episcopos
1465 518 1659 558 omnes
1703 505 2078 560 constituendi

2191 505 2543 575 πρεσϐεύειν,
2579 505 2719 559 ὥστε
2752 507 3136 577 προτραπῆναι
3187 505 3422 570 ἃπαντας
3459 511 3531 571 είς
3561 508 3611 562 ἐν
3635 530 3708 565 συσ

507 594 782 665 dogmatis
809 595 982 664 gratia
1013 595 1070 648 in
1105 610 1274 647 unum
1304 595 1487 649 locum
1512 596 2078 667 convenirejuberet.

2191 596 2399 651 νελθεῖν
2428 597 2520 651 ἐπὶ
2542 597 2828 667 διορθώσει
2856 598 2953 650 τοῦ
2982 599 3274 668 δόγματος.
3304 598 3408 652 Τοῦ
3430 599 3484 652 δὲ
3498 605 3708 670 προσιόνσ

509 688 611 755 Qui
646 688 737 741 ubi
771 686 839 740 ad
883 687 1271 755 imperatorem
1310 684 1638 756 legationem
1669 703 1790 741 eam
1828 689 2077 757 pertulit,

2190 705 2306 752 τος,
2334 691 2430 744 καὶ
2452 690 2553 761 τὴν
2583 690 2880 757 πρεσϐείαν
2902 690 3011 743 τῶν
3037 690 3349 743 ἐπισκόπων
3372 691 3708 759 ἀγγείλαντος,

506 781 811 855 imperator
844 778 956 845 (l),
997 795 1016 829 ι
1054 777 1207 842 Mihi,
1261 778 1460 847 inquit,
1512 778 1745 848 negotiis
1789 791 2079 850 occupato,

2189 786 2217 835 ὁ
2243 782 2519 851 βασιλεὺς,
2551 802 2568 834 ι
2594 782 2778 851 Ἐμοὶ,
2816 785 2971 853 φησὶ,
3001 783 3325 852 πράγμασιν
3353 782 3707 858 ἐνειλημμένιιι,

510 881 563 924 et
587 870 901 940 reipublicae
922 870 1075 924 curis
1098 869 1364 935 distento,
1387 886 1476 924 res
1497 871 1769 940 ejusmodi
1796 873 2082 943 inquirere

2190 875 2286 926 καὶ
2316 875 2384 927 τά
2407 875 2502 927 τοῦ
2530 874 2770 945 πλήθους
2792 875 3281 945 ἐπιτετραμμένῳ,
3311 876 3420 928 οὐκ
3437 878 3635 947 εὐχερὲς
3658 883 3711 935 τὰ

502 956 618 1015 non
666 961 822 1014 facile
862 970 966 1015 est.
1002 960 1111 1016 Vos
1142 970 1353 1024 autem,
1383 960 1588 1030 quibus
1618 963 1734 1017 haec
1764 964 2076 1032 procuratio

2188 965 2412 1030 τοιαῦτα
2436 966 2849 1037 διερευνᾶσθαι.
2891 968 3057 1036 Ὑμῖν
3083 967 3139 1018 δὲ
3164 961 3241 1030 οἷς
3266 968 3423 1021 τοῦτο
3445 969 3603 1037 μέλει,
3623 972 3710 1041 ὅπη

511 1054 769 1111 mandata
817 1064 936 1120 est,
985 1070 1320 1123 quocunque
1369 1055 1537 1110 vultis
1581 1055 1701 1110 loco
1747 1064 2081 1111 conventum

2190 1056 2445 1127 βούλεσθε
2481 1058 2607 1111 καθ’
2632 1059 2865 1122 ἑαυτοὺς
2912 1060 3220 1127 γενόμενοι,
3257 1059 3513 1129 θεοφιλῶς
3537 1061 3713 1115 ἕκαστα

506 1150 678 1219 agite,
711 1157 769 1203 et
798 1147 868 1203 de
900 1148 1070 1203 rebus
1104 1138 1362 1202 omnibus
1407 1148 1498 1217 pie
1537 1148 1859 1204 deliberate.
1904 1168 1922 1200 ι
1968 1150 2080 1204 Hoc

2186 1151 2574 1221 διασκέψασθε.
2617 1171 2636 1203 ι
2678 1150 2836 1205 Κατά
2872 1150 2937 1222 δὴ
2967 1152 3175 1221 ταύτην
3224 1151 3321 1222 τὴν
3373 1154 3643 1221 ἀπόκρισιν
3669 1144 3756 1251 ὲςί

507 1250 738 1309 accepto
769 1253 1058 1309 responso,
1094 1239 1377 1308 Lampsaci
1412 1254 1741 1305 convenere,
1776 1249 1832 1295 et
1863 1240 2081 1296 duobus

2244 1242 2491 1313 ίιμψακον
2517 1242 2826 1311 γεγονότες,
2860 1242 2952 1294 ἐπὶ
2985 1241 3110 1294 δυσὶ
3136 1242 3269 1310 μησί
3302 1242 3401 1312 τὴν
3428 1242 3594 1313 ψῆφον
3616 1245 3715 1317 ἐξῆ·
3742 1236 3751 1293 ῗ
3808 1236 3818 1251 ’

508 1332 796 1387 mensibus
835 1330 981 1401 pust,
1020 1332 1087 1386 de
1134 1330 1306 1385 rebus
1350 1331 1626 1401 plerisque.
1660 1341 1908 1387 statuere
1942 1334 2082 1401 (erat

2189 1351 2391 1403 νεγκαν
2412 1350 2428 1366 ⁸
2465 1334 2624 1388 τοῦτο
2653 1333 2699 1387 δ’
2722 1329 2790 1405 ἦν
2820 1332 3054 1402 ἕϐδομον
3086 1333 3206 1396 ἔτος
3235 1334 3342 1386 ἀπὸ
3363 1335 3458 1402 τῆς
3485 1338 3538 1387 ἐν
3558 1337 3715 1389 Σελευ-

506 1432 691 1479 autem
728 1424 774 1478 is
813 1438 992 1477 annus
1018 1438 1048 1476 a
1078 1422 1287 1493 synodo
1317 1421 1618 1477 Seleucena
1648 1422 1960 1493 septimus),
2022 1423 2077 1476 in

2188 1425 2313 1493 κείᾳ
2349 1424 2596 1478 συνόδου.
2643 1425 2756 1478 Καὶ
2797 1422 3233 1493 προηγουμένως
3269 1424 3368 1491 μὲν
3413 1425 3581 1494 ἄκυρα
3598 1424 3713 1481 εἶναι

510 1515 724 1584 primis,
758 1522 820 1568 ut
849 1514 1005 1568 irrita
1043 1502 1248 1576 essent,
1284 1530 1406 1584 quae
1445 1514 1925 1587 Constantinopoli
1974 1516 2083 1570 Eu-

2186 1514 2480 1580 ἐθέσπιζον
2514 1517 2586 1568 τά
2635 1517 2693 1568 ἐν
2751 1514 3338 1568 Κωνσταντινουπόλει
3389 1519 3714 1587 πεπραγμένα

507 1606 657 1661 doxii
708 1615 764 1661 et
807 1607 992 1661 Acacii
1043 1607 1399 1676 suggestione
1436 1607 1646 1661 sancita
1680 1615 1874 1673 erant;
1915 1596 2081 1676 atque

2190 1607 2396 1678 σπουδῇ
2456 1606 2569 1660 τῶν
2620 1607 2749 1676 περὶ
2776 1605 3033 1670 Εὐδόξιον
3067 1607 3166 1659 καλ⁸
3196 1607 3453 1661 Ἀκάκιον
3474 1624 3489 1640 ο
3524 1610 3608 1663 καὶ
3633 1610 3713 1679 τὴν

511 1711 571 1756 ιιι
601 1702 767 1756 etiam
801 1701 1115 1757 aboleretur
1138 1716 1201 1756 ea
1232 1700 1357 1755 fidei
1390 1700 1647 1767 formula,
1677 1708 1799 1771 qua:
1836 1701 1911 1756 ibi
1946 1716 2079 1771 pro-

2186 1699 2256 1770 ἣν
2293 1700 2473 1751 ἐκεῖσε
2508 1698 2886 1768 προεκόμισαν
2936 1698 3179 1762 πίστεως
3233 1697 3473 1763 ἔκθεσιν,
3516 1699 3585 1763 ὡς
3622 1705 3714 1764 τοῖς

507 1795 674 1848 ducta
703 1792 906 1856 fuerat,
939 1792 1168 1862 perinde
1202 1800 1367 1859 atque
1406 1792 1475 1845 ab
1504 1792 1781 1861 episcopis
1826 1792 2081 1847 occiden-

2137 1803 2157 1860 ι
2187 1789 2467 1862 ἑσπερίοις
2488 1788 2958 1861 ὑπαγορευθεῖσαν
2978 1791 3308 1855 ἐπισκόποις
3332 1808 3347 1824 ο
3379 1793 3444 1862 ἣν
3474 1793 3561 1846 καί
3584 1812 3711 1857 τινας

511 1883 715 1939 talibus
743 1881 948 1937 dictata
971 1898 986 1946 ;
1008 1882 1108 1959 ‘cui
1138 1882 1306 1935 etiam
1338 1880 1591 1935 nonnulli
1618 1880 2081 1950 subscripserant,

2185 1880 2413 1936 ἔπεισαν
2447 1881 2771 1953 ὑπογράψαι
2795 1883 2889 1934 ἐπὶ⁵
2913 1882 3209 1952 ὑποσχέσει
3241 1885 3342 1954 τῆς
3369 1885 3462 1938 τοῦ
3491 1887 3713 1956 ἀνομοίου

508 1973 878 2044 promissione
929 1988 992 2027 ea
1032 1972 1293 2035 adducti,
1352 1972 1646 2043 quaeipsis
1698 1971 1767 2027 de
1812 1972 2082 2049 abolenda

2185 1973 2308 2028 κατ’
2343 1973 2534 2027 οὐσίαν
2580 1974 2999 2045 ἀποκηρύξεως,
3036 1973 3065 2027 ὃ
3107 1975 3466 2042 διεψεύσαντο
3495 1978 3712 2033 ἀθετεῖν·

508 2065 968 2122 dissimilitudine
988 2065 1297 2121 secundum
1323 2065 1695 2119 substantiam
1718 2064 1861 2119 facta
1881 2064 2081 2129 fuerat,

2188 2065 2518 2137 στέργεινδέ
2550 2067 2631 2129 τὸ,
2687 2067 2875 2136 ὅμοιον
2911 2065 3052 2121 εῖναι
3086 2068 3208 2120 κατ’
3242 2069 3430 2121 οὐσίαν
3476 2070 3563 2123 τὸν
3613 2072 3715 2124 Υίὸν

505 2175 614 2230 qua
664 2170 849 2214 tamen
892 2160 947 2213 in
987 2174 1046 2213 re
1095 2158 1500 2229 promissorum
1542 2157 1828 2214 mendacio
1871 2158 2079 2228 decepti

2184 2159 2264 2230 τῷ
2294 2160 2469 2231 Πατρί
2494 2175 2508 2190 ’
2542 2157 2684 2213 εἶναι
2737 2160 2847 2229 γὰρ
2900 2159 2989 2212 ἐπ’
3018 2160 3274 2231 ἀνάγκης
3316 2161 3413 2232 τὴν
3446 2161 3533 2215 τοῦ
3560 2162 3714 2233 ὁμοίου

505 2258 689 2307 erant.
738 2250 1220 2321 Acquiescendum
1276 2260 1463 2304 autem
1505 2264 1627 2304 esse
1675 2249 1962 2304 sententia:
2006 2248 2079 2313 ei,

2184 2248 2509 2321 προσθήκην
2536 2247 2627 2303 διὰ
2660 2247 2761 2319 τὴν
2787 2251 3063 2319 σημασίαν
3089 2251 3197 2304 τῶν
3236 2252 3578 2306 ὑποστάσεων
3598 2270 3609 2285 ο
3634 2258 3716 2322 μό-

504 2359 629 2414 quaz
671 2344 908 2400 similem
960 2343 1268 2399 substantia
1321 2343 1470 2397 Patri
1521 2342 1718 2396 Filium
1755 2341 2078 2412 proﬁtetur;

2186 2355 2284 2409 νην
2320 2338 2380 2392 δὲ
2443 2337 2826 2393 πολιτεύεσθαι
2885 2339 3070 2394 πίστιν
3117 2341 3310 2412 ἁπάσῃ
3340 2345 3403 2413 τῇ
3435 2342 3714 2414 Ἐκκλησία,

505 2436 656 2508 quod
707 2452 950 2508 peropus
1009 2445 1158 2491 esset
1203 2444 1261 2491 et
1312 2435 1712 2496 necessarium.
1749 2445 1810 2490 ut
1849 2435 1903 2488 in
1956 2433 2079 2489 ﬁdei

2181 2430 2281 2503 τὴν
2311 2431 2367 2483 ἐν
2395 2430 2692 2501 Σελευκείᾳ
2724 2432 2824 2500 μὲν
2879 2432 2939 2483 τὸ
2970 2430 3140 2503 κῦρος
3189 2434 3495 2504 δεξαμένην
3525 2438 3608 2488 καὶ
3642 2436 3718 2506 βε-

505 2526 738 2586 formula
773 2528 838 2583 ad
884 2528 1273 2583 subsistentias
1306 2527 1731 2584 discriminatim
1773 2526 2079 2598 significan-

2183 2524 2537 2587 ϐαιωθεῖσαν,
2565 2523 2834 2594 πρότερον
2863 2524 2909 2579 δ’
2928 2526 3304 2597 ἐνἈντιοχείᾳ
3322 2527 3641 2593 ἐκτεθεῖσαν,
3668 2531 3717 2600 ἡ-

502 2627 601 2678 das
641 2623 869 2678 verbum
921 2621 1136 2688 ὁμοίου,
1175 2622 1279 2676 hoc
1332 2633 1439 2683 est,
1483 2620 1705 2684 similis,
1762 2619 2076 2673 adderetur.

2184 2617 2311 2671 νίκα
2342 2619 2375 2687 ὴ
2408 2619 2590 2671 ἐκεῖσε
2622 2616 2687 2687 δὴ
2738 2615 3045 2687 Ἐκκλησία
3100 2618 3202 2690 τὴν
3258 2621 3551 2691 ἀφιέρωσιν
3593 2623 3716 2693 ἔσχε.

504 2717 689 2772 Solam
725 2731 858 2770 vero
908 2715 962 2768 in
1006 2702 1272 2769 Ecclesiis
1320 2712 1582 2768 omnibus
1616 2712 1953 2782 frequentari
1990 2711 2078 2766 de-

2183 2709 2325 2773 Τοὺς
2347 2708 2404 2761 δέ
2436 2710 2545 2763 -τῶν
2570 2709 2781 2781 θρόνων
2812 2709 3168 2775 ἀπωσθέντας
3198 2714 3352 2783 παρά
3378 2714 3481 2767 τῶν
3503 2715 3719 2784 ἀνόμοιον

503 2808 659 2873 bere,
688 2823 812 2876 qua:
844 2804 1113 2861 Seleucia:
1152 2803 1378 2874 quidem
1416 2802 1759 2866 confirmata,
1792 2809 1953 2855 antea
1988 2816 2077 2853 au-

2184 2801 2275 2853 τὸν
2303 2801 2430 2855 Υίὸν
2458 2801 2536 2871 τῷ
2570 2801 2748 2873 Πατρὶ
2773 2802 3110 2868 δοξαζόντων
3152 2805 3555 2876 ἀναλαμϐάνειν
3587 2806 3719 2870 αὖθις

505 2911 612 2954 tem
640 2897 950 2953 Antiochia:
977 2896 1321 2966 promulgata
1353 2903 1519 2957 esset,
1557 2893 1745 2957 fidem,
1774 2907 1898 2946 eum
1933 2894 1986 2945 in
2018 2907 2079 2946 ea

2184 2892 2285 2963 τὴν
2339 2895 2668 2966 ἱερωσύνην,
2717 2895 2794 2957 ὡς
2844 2896 3103 2967 ἀθέσμως
3136 2899 3251 2951 τῶν
3299 2899 3508 2952 οἰκείων
3548 2900 3720 2971 θρᾷνων

507 2978 643 3045 urbe
683 2989 929 3045 ecclesias
962 2987 1239 3042 dedicatio
1273 2994 1359 3041 est
1392 2984 1687 3040 celebrata.
1724 2977 1975 3052 Insuper,
2024 2992 2081 3036 ut

2186 2986 2581 3049 ἀπελαθέντας.
2618 2989 2677 3040 El
2723 2987 2782 3041 δέ
2814 3005 2898 3052 τις
2941 2989 3070 3044 ἄλλο
3105 3007 3158 3044 τι
3209 2992 3391 3046 αὐτῶν
3436 2995 3720 3064 κατηγορεῖν

503 3083 597 3149 qui
630 3079 858 3134 sedibus
888 3079 1003 3133 suis
1034 3077 1106 3131 ab
1140 3078 1227 3132 eis
1259 3076 1470 3146 expulsi
1514 3085 1696 3138 erant,
1737 3079 1830 3145 qui
1882 3075 2077 3129 Filium

2148 3148 2152 3157 Ι
2186 3078 2453 3148 βούλοιτο,
2489 3079 2652 3133 τοῦτο
2681 3081 2944 3150 πράττειν
2974 3082 3069 3135 τὸν
3107 3082 3230 3136 ίσον
3263 3085 3500 3140 κίνδυνον
3530 3087 3722 3157 ἀναρρί-

506 3146 652 3227 l’atri
716 3170 1043 3226 dissimilem
1104 3183 1227 3251 esse
1284 3168 1679 3238 opinarentur,
1733 3167 2080 3236 episcopatus

2145 3147 2153 3207 ί
2186 3146 2391 3226 πτοντα
2413 3188 2429 3204 ·
2474 3146 2738 3234 δικαστὰς
2774 3173 2818 3224 δ’
2872 3168 3170 3238 εἶναιτοὺς
3199 3176 3340 3247 ὀρθὰ
3374 3180 3575 3247 φρονεῖν

504 3282 636 3319 suos
678 3264 1022 3332 reciperent,
1054 3262 1202 3329 quod
1254 3261 1538 3329 illegitime
1572 3259 1781 3314 scilicet
1809 3273 1876 3313 ex
1904 3260 2078 3313 eccle-

2188 3264 2383 3333 μένους
2412 3264 2522 3316 τῶν
2555 3265 2871 3319 ἐπισκόπων
2896 3265 2976 3336 τῷ
3010 3266 3156 3319 ἔθνει
3177 3283 3198 3300 θ
3230 3270 3354 3330 τοὺς
3383 3270 3437 3322 δὲ
3469 3270 3720 3340 μάρτυρας

503 3359 601 3412 siis
631 3356 748 3412 suis
773 3363 962 3410 essent
989 3352 1290 3409 deturbati.
1338 3352 1495 3419 Quod
1524 3351 1569 3405 si
1594 3353 1719 3421 quis
1749 3368 2077 3421 quemquam

2184 3359 2249 3409 ἐκ
2285 3358 2396 3409 τῶν
2427 3357 2592 3421 πέλας
2622 3355 2765 3411 εἶναι
2798 3359 3105 3429 ἐπαρχιῶν,
3141 3359 3194 3412 οἳ
3226 3361 3295 3415 τὰ
3328 3363 3532 3431 ἑκάστῳ
3555 3362 3718 3432 βεϐιω-

503 3450 573 3504 de
614 3463 673 3501 re
707 3446 894 3517 aliqua
931 3459 1192 3501 accusare
1239 3443 1429 3507 vellet,
1466 3450 1527 3495 ut
1567 3442 1617 3496 ei
1653 3442 1704 3497 id
1740 3442 1922 3496 facere
1955 3457 2077 3496 cum

2188 3449 2328 3518 μένα
2361 3449 2556 3503 εἰδεῖεν
2586 3450 2652 3502 ἂν
2678 3453 2736 3513 ἐς
2763 3450 2928 3503 ταυτδ
2963 3453 3266 3518 συνιόντες.
3294 3454 3475 3508 Ταῦτα
3498 3454 3717 3519 διαταξὰ-

501 3538 824 3596 eonditione
878 3536 969 3591 illa
1021 3537 1250 3600 liceret,
1302 3544 1364 3590 ut
1427 3534 1570 3589 idem
1617 3543 1675 3589 et
1712 3536 1829 3604 ipse
1869 3534 2075 3589 subiret

2187 3556 2362 3609 μενοι,
2393 3542 2518 3603 τοὺς
2544 3540 2676 3610 περὶ
2708 3539 2966 3605 nossem
3002 3545 3430 3612 συγκαλοῦντες,
3463 3548 3716 3617 μετάνοιαν

503 3634 831 3702 periculum.
883 3630 1109 3687 Iudices
1167 3636 1352 3684 autem
1412 3627 1560 3683 inter
1612 3642 1711 3684 eos
1763 3636 1825 3682 ut
1895 3635 2077 3682 essent

2183 3628 2425 3699 ἀπῄνουν
2448 3629 2556 3683 τῶν
2580 3631 2991 3700 πεπραγμένων
3030 3634 3327 3706 πρότερον.
3370 3636 3456 3700 Ὠς
3482 3636 3524 3688 δ’
3548 3636 3716 3706 ἥκιστα

503 3726 802 3795 provinciae
859 3724 979 3795 ejus
1031 3722 1302 3792 episcopi,
1342 3721 1674 3776 sententiam
1732 3729 1939 3775 rectam
1996 3734 2077 3774 se-

2183 3721 2403 3789 ἥκουον,
2437 3722 2555 3783 ταῖς
2582 3721 2903 3792 ἁπανταχοῦ
2932 3725 3260 3795 ἐκκλησίαις
3289 3730 3356 3782 τὰ
3387 3728 3712 3799 πεπραγμένα

501 3828 759 3888 quentes.
806 3816 1000 3872 Testes
1033 3825 1218 3870 autem
1252 3813 1500 3884 episcopi
1538 3829 1607 3868 ex
1665 3812 1918 3868 finitimis
1953 3827 2075 3882 pro-

2183 3812 2430 3883 ἐδήλουν.
2458 3812 2549 3866 Ἑν
2578 3814 2654 3884 νῷ
2682 3814 2740 3868 δὲ
2773 3815 2998 3886 θέμενοι
3028 3819 3119 3873 τὸν
3146 3820 3226 3891 μὴ
3261 3819 3350 3890 ὑφ’
3382 3821 3560 3876 ἑαυτὸν
3578 3822 3709 3891 ποιή-

503 3913 845 3968 ducerentur
871 3910 1217 3981 regionibus,
1243 3908 1447 3977 quibus
1473 3908 1744 3978 cujusque
1770 3906 1882 3960 vita
1910 3906 2077 3976 probe

2186 3923 2348 3977 σηται
2377 3908 2447 3960 τὰ
2484 3908 2757 3979 βασίλεια,
2796 3912 2892 3964 καὶ
2947 3914 3005 3976 ἐς
3046 3913 3309 3989 διαϐολὴν
3363 3918 3532 3971 αὐτῶν
3570 3934 3715 3969 κατα-

504 4007 722 4075 cognita
744 4010 912 4059 esset.
940 3999 1101 4071 114,
1121 3998 1283 4055 Hisce
1302 3998 1544 4056 decretis
1566 3998 1748 4063 factis,
1769 3997 2078 4053 Eudoxium

2185 4001 2367 4071 σταίη,
2398 4001 2647 4070 ἔγνωσαν
2678 4003 2892 4073 βασιλεῖ
2941 4005 3009 4059 τὰ
3062 4008 3123 4059 ἐν
3149 4009 3443 4081 Λαμψάκῳ
3487 4008 3717 4076 γενόμενα

504 4104 917 4165 sectatoresque
948 4096 1069 4164 ejus
1098 4104 1380 4160 evocatos,
1405 4093 1644 4163 primum
1672 4092 1740 4147 ad
1773 4091 2078 4147 facinorum

2183 4093 2502 4164 ἀναφέρειν.
2539 4095 2649 4147 Καὶ
2675 4094 2739 4165 δὴ
2785 4096 3068 4151 ἐπανιόντι
3100 4099 3364 4155 Οὐάλεντι
3396 4101 3519 4171 περὶ
3546 4101 3635 4169 τὴν
3669 4101 3715 4148 ἐν

503 4202 696 4241 eorum
726 4200 848 4255 qua:
878 4193 1314 4255 perpetrassent,
1340 4185 1722 4253 paenitentiam
1756 4182 2077 4238 invitarunt.

2183 4185 2373 4260 Θρᾴκῃ
2427 4187 2691 4257 Πέρινθον
2749 4189 3088 4257 ἐντυχόντες,
3122 4193 3192 4246 τὰ
3234 4192 3588 4264 πεπραγμένα
3612 4189 3714 4257 gat.

503 4275 607 4331 Ubi
640 4276 720 4329 illi
754 4284 938 4329 autem
976 4274 1031 4328 id
1063 4281 1471 4343 contempsere,
1505 4289 1594 4327 res
1625 4282 1775 4328 actas
1799 4275 1866 4327 ad
1899 4273 2077 4328 Eccle-

2184 4275 2335 4329 λουν.
2371 4276 2462 4346 Τῷ
2489 4276 2600 4348 γὰρ
2629 4279 2845 4350 ἀδελφῷ
2870 4281 3247 4353 ἀποδημούντι
3277 4285 3334 4345 ἐς
3365 4283 3463 4353 τὴν
3510 4281 3715 4351 πρεσϐυ-

503 4370 614 4427 είιπε
646 4381 839 4427 omnes
869 4364 1335 4435 perscripserunt.
1360 4362 1633 4419 Caeterum
1666 4365 1850 4429 veriti,
1874 4380 1942 4419 ue
1973 4366 2077 4418 Eu-

2186 4371 2352 4441 τέραν
2366 4371 2608 4445 Ῥώμην,
2643 4376 2810 4447 μέχρι
2834 4380 2933 4448 τῆς
2966 4350 3260 4450 Ἰλλυρίδος
3296 4350 3714 4451 συνηλθεν.Ἀ>λά

503 4466 708 4520 (huius
727 4465 906 4519 aulam
932 4457 1273 4534 juxperialem
1292 4456 1399 4511 sibi
1424 4457 1748 4511 conciliaret
1763 4466 1926 4526 atque
1948 4457 2077 4526 ipsis

2140 4487 2161 4536 )
2186 4467 2474 4537 προλαϐὼν
2508 4470 2758 4536 Εὑδόξιος
2785 4475 2885 4530 σὺν
2916 4477 3031 4539 τοῖς
3055 4476 3197 4547 ἀμφ’
3239 4479 3424 4546 αὑτὸν,
3455 4478 3526 4541 ὡς
3550 4476 3714 4542 ἐκείνῳ

502 4556 836 4624 calumniam
857 4555 1190 4621 intenderet,
1208 4549 1473 4623 placitum
1498 4549 1577 4602 eis
1592 4557 1675 4602 est
1697 4558 1813 4602 acta
1833 4547 2076 4618 Lampsa-

2160 4559 2360 4631 ,ἐδόκει
2390 4561 2599 4616 διέθετο
2628 4567 2695 4618 τά
2728 4565 3030 4638 ἀνάκτορα.
3064 4570 3175 4623 Kal.
3204 4569 3269 4641 δὴ
3295 4570 3402 4624 τῶν
3433 4573 3490 4623 ἐκ
3516 4567 3713 4637 Λαμψά-

456 4639 466 4645 ’
502 4665 638 4706 cena
666 4650 732 4705 ad
760 4650 1152 4720 imperatorem
1176 4646 1401 4702 referre.
1430 4648 1610 4715 Atque
1634 4640 1708 4697 ita
1732 4641 1967 4706 Valenti,
1986 4657 2030 4710 (ιι

2184 4666 2282 4703 κου
2318 4650 2606 4722 πρέσϐεων
2631 4653 2846 4724 βασιλεῖ
2879 4639 3266 4728 προσιόντωνς
3298 4660 3372 4731 μὴ
3395 4658 3709 4730 διαφέρεσθαι

505 4747 730 4800 fratrem
754 4740 820 4797 ad
843 4752 1082 4797 veterem
1101 4742 1331 4797 Romam
1351 4739 1794 4811 proficiscentem
1812 4749 1992 4800 usque
2014 4735 2079 4787 ad

2185 4742 2324 4812 πρὸς
2374 4742 2624 4811 Εὐδόξιον
2661 4747 2906 4813 ἐκείνους
2964 4749 3142 4821 ⁴ἠξίου.
3176 4753 3266 4817 Ὠς
3293 4754 3347 4806 δὲ
3389 4754 3482 4824 τὴν
3510 4754 3562 4804 ἐν
3588 4754 3667 4802 Κω
3692 4776 3713 4786 -

502 4836 777 4906 Illyricum
801 4834 1101 4888 comitatus
1123 4833 1484 4902 produxerat,
1504 4830 1784 4894 redeunti,
1805 4829 1870 4882 ad
1892 4824 2076 4883 Ρωίιν

2187 4839 2629 4892 σταντινουπόλει
2675 4843 2980 4913 γενομένην
3027 4827 3244 4914 ἀπάτην
3286 4845 3362 4915 τῷ
3390 4844 3620 4911 Εὐδοξίῳ.
3645 4840 3711 4893 ἔτι

504 4930 660 4983 thum
698 4928 739 4982 Τ
746 4928 945 4983 hraeize
976 4941 1092 4982 rem
1128 4939 1347 4978 omnem
1376 4938 1701 4991 exposuere.
1734 4923 1934 4978 Verum
1968 4921 2078 4976 Eu-

2183 4922 2240 4977 δὲ
2286 4926 2379 4976 καὶ
2426 4928 2497 4980 τά
2545 4930 2686 4983 κατά
2746 4930 2850 5000 τῆς
2908 4934 2966 4985 ἐν
3007 4933 3302 5005 Σελευκείᾳ
3347 4933 3710 4999 συνόδουὲπῃ·

502 5020 704 5073 doxius
722 5033 842 5071 cum
864 5015 1223 5087 p0pularibus
1238 5014 1354 5069 suis
1373 5028 1470 5069 eos
1487 5023 1851 5084 praevenerat,
1866 5023 1920 5067 et
1941 5012 2076 5068 aulae

2182 5015 2379 5071 τιῶντο
2403 5031 2420 5048 °
2448 5019 2526 5083 είς
2577 5019 2749 5091 θυμὸν
2777 5024 2805 5076 ό
2834 5023 3090 5093 βασιλεὺς
3123 5027 3437 5098 ἐκτραπεὶς,
3479 5027 3591 5086 τοὺς
3628 5020 3708 5086 μέν

502 5110 685 5165 studia
745 5108 850 5162 sibi
900 5107 1196 5162 conciliata
1245 5104 1502 5159 habebat.
1555 5104 1743 5173 Itaque
1780 5105 2076 5173 imperator

2184 5108 2446 5179 πρέσϐεις
2481 5111 2787 5182 ὑπερορίαν
2814 5117 2988 5170 οίκτῖν
3014 5119 3334 5184 κατεδίκαζε
3359 5134 3374 5149 ⁶
3404 5119 3510 5180 τοῖς
3533 5117 3583 5169 δὲ
3605 5111 3707 5179 περὶ

503 5199 894 5272 Lampsacenis
916 5200 1130 5267 legatis,
1143 5213 1212 5254 ne
1231 5198 1300 5253 ab
1316 5199 1565 5252 Eudoxio
1582 5197 1937 5258 dissiderent,
1955 5211 2077 5251 sua-

2184 5203 2436 5271 Εύδόξιον
2466 5207 2565 5270 τὰς
2604 5208 2901 5278 ἐκκλησίας
2932 5211 3266 5280 προσέταττε
3292 5210 3548 5264 δίδοσθαι.
3567 5202 3706 5261 Αὐτὸς

502 5298 594 5349 sit.
619 5285 797 5362 Aique
820 5291 911 5345 ubi
942 5290 1019 5344 illi
1043 5288 1279 5344 Eudoxii
1308 5303 1415 5351 res.
1440 5303 1578 5357 quas
1600 5288 2076 5356 ConstantinOpoli

2182 5295 2241 5348 δὲ
2285 5297 2385 5366 τὴν
2421 5299 2528 5351 τῶν
2563 5299 2754 5370 Σύρων
2781 5301 3194 5373 κατελάμϐανεν
3242 5303 3590 5373 Ἀντιόχειαν·
3614 5295 3708 5347 ἑδε-

504 5402 666 5457 atque
696 5385 862 5440 etiam
902 5385 957 5438 in
990 5382 1201 5454 synodo
1235 5381 1496 5437 Seleucia:
1543 5380 1928 5435 fraudulenter
1960 5396 2078 5451 ege-

2183 5387 2287 5440 δίει
2311 5392 2439 5458 γὰρ,
2480 5391 2555 5460 μὴ
2584 5392 2635 5444 οί
2691 5392 2903 5463 Πέρσαι
2937 5394 3037 5458 τάς
3085 5395 3178 5447 ἐπὶ
3212 5392 3469 5447 Ἰοϐιανοῦ
3496 5403 3707 5462 τριακον-

500 5611 518 5620 ‘_
577 5549 655 5618 (Ι)
680 5547 857 5620 verba
893 5546 1018 5620 haec
1038 5542 1206 5620 apud.
1243 5541 1367 5597 Soz.
1395 5540 1493 5620 llb.
1525 5555 1750 5620 vr,_cap.
1782 5542 1835 5603 7.
1867 5540 1947 5596 sic
1982 5541 2083 5620 ba-
2184 5544 2274 5620 qui
2303 5543 2468 5620 laicus
2497 5563 2639 5611 sum,
2667 5548 2799 5601 (alia
2827 5550 3028 5603 curiose
3076 5550 3337 5620 inquirere
3379 5548 3574 5620 [canon
3599 5544 3660 5620 cf!
3690 5547 3707 5620 ς

506 5606 672 5690 ιεξιίς
712 5617 864 5685 Ἐμοὶ
896 5616 1032 5690 μετὰ
1056 5606 1191 5690 λαός)
1215 5611 1542 5690 ’τεταγμένῳ
1571 5611 1634 5690 ού
1665 5606 2080 5690 θέμιςιτοιαῦτῄα

2184 5606 2408 5683 έρὶεεορί
2441 5631 2585 5684 vero,
2609 5606 2795 5686 quibus
2821 5621 2917 5676 hoc
2959 5629 3033 5674 est
3078 5606 3244 5688 cuiae,
3278 5606 3569 5690 quo'wlunt
3616 5606 3704 5660 ίυιο

512 5676 1017 5758 πολυπραγμονεῖν.ἠ
1046 5686 1108 5737 Οἱ
1131 5685 1187 5736 δὲ
1213 5676 1406 5758 ἱερεῖς,
1425 5676 1927 5758 οἷςτούτουμέλει,
1947 5682 2083 5758 ,καθ’

2185 5676 2494 5740 conventum
2520 5676 2700 5758 αᾴώιι.
3228 5676 3243 5688 ’
3292 5676 3304 5690 ’

509 5750 735 5815 ἑαυτοὺς
768 5750 874 5817 an
913 5753 1194 5819 βούλονται
1241 5750 1565 5807 συνίτωσαν.
1607 5750 1723 5805 Hoc
1766 5760 1850 5805 est
1888 5769 1901 5803 :
1933 5751 2079 5818 Mihi,
