3986 6190
304 248 419 313 593

1229 251 1824 314 ECCLESlASTICd‘I
1866 257 2251 319 HISTURHS
2292 261 2433 322 LIB.
2478 261 2579 321 Xl.

3468 258 3568 319 594

303 358 522 422 τούτεις
568 358 802 421 σπονδὰς
842 357 1128 423 λύσαντες.
1180 363 1295 425 τοῖς
1355 364 1535 416 ἐκεῖσε
1585 366 1884 422 ἐπίθωνται

2004 381 2097 434 rat.
2133 385 2457 428 accusantes
2493 370 2973 443 reprehemlerunt
3012 389 3024 423 :
3063 369 3141 422 ira
3184 368 3423 432 percitus
3467 369 3569 422 im-

305 450 564 519 μέρεσιν.
626 449 889 504 Ἐκείνων
944 450 1001 505 δὲ
1066 453 1233 524 μηδὲν
1292 458 1751 524 νεωτεριζόντων,
1798 460 1890 514 ἐπ’

312 542 646 613 Ἀντιοχείας
672 542 966 612 διατρίϐων
996 547 1093 607 τὰς
1129 546 1429 615 ἐκκλησίας
1463 552 1750 618 ἐτάραττε.
1778 555 1886 607 Καὶ

299 633 582 686 Μελέτιον
616 632 717 703 μὲν
750 634 841 686 τὸν
882 635 1029 686 θεῖον
1064 634 1343 708 ὑπερορίῳ
1373 642 1521 709 φυγῇ
1561 639 1840 709 ἐζημίωσε
1867 659 1879 671 ·

296 725 401 778 τοῦ
431 723 490 777 δὲ
539 724 809 778 Παυλίνου
850 724 937 779 διὰ
968 726 1172 798 πολλὴν
1222 731 1549 801 μετριότητα
1590 732 1683 785 τοῦ
1718 734 1885 804 ἤθους

299 816 587 885 ἐφείσατο.
618 818 728 869 Καὶ
749 818 865 870 ὅσοι
891 817 948 870 δὲ
973 816 1198 890 Εὐζωῖῳ
1228 821 1303 892 μὴ
1336 825 1610 876 κοινωνεῖν
1633 823 1880 894 ᾑροῦντο,

298 907 633 977 ὑπερορίους
664 908 873 961 ἐποίειο
911 914 1006 962 καὶ
1035 910 1213 975 ἄλλως
1234 912 1294 966 δὲ
1339 913 1634 984 ἐπιτρίϐων
1663 916 1885 987 ᾐκίζετο

297 1001 400 1050 καὶ
439 998 676 1067 ἐζημίου
700 1000 757 1063 ἐς
792 1002 1075 1071 χρήματα.

1997 476 2217 534 peralor
2241 476 2490 522 oratores
2516 466 2742 536 quidem
2769 466 2824 519 in
2849 463 3103 519 exsilium
3128 462 3261 531 egit,
3307 459 3568 513 ecclesias

1995 565 2180 610 autem
2235 573 2427 612 eorum
2479 558 2712 612 Eudoxii
2769 555 3033 611 studiosis
3089 551 3337 606 mandari
3387 549 3565 619 jussit.

1995 648 2113 719 Ipse
2144 666 2276 703 vero
2308 650 2659 705 Antiochiam
2705 648 2877 720 Syria:
2904 656 2987 702 est
3017 644 3319 716 profectus.
3353 640 3571 695 Veritus

1993 748 2231 810 namque
2268 742 2469 807 fuerat,
2503 758 2572 797 ne
2615 743 2815 808 Persze,
2847 738 3156 800 tricennali,
3186 752 3309 805 qua:
3341 734 3445 789 sub
3477 733 3568 787 Jo-

1997 833 2221 887 viniano
2270 835 2408 889 facta
2464 835 2678 898 fuerat.
2732 848 2863 901 pace
2916 832 3132 889 soluta.
3184 830 3238 883 in
3290 826 3568 895 regionem

1994 942 2113 981 eam
2163 939 2541 984 excurrerent.
2596 929 2768 983 Porro
2812 927 2907 981 ubi
2956 925 3033 980 illi
3074 937 3338 977 novarum
3388 934 3567 971 rerum

1994 1016 2131 1070 nihil
2188 1018 2372 1075 moliri
2421 1020 2689 1090 comperti
2747 1027 2913 1083 sunt,
2967 1013 3271 1071 Antiochia:
3330 1007 3569 1069 mansit,

300 1103 474 1165 atque
506 1095 583 1151 ibi
619 1097 894 1154 Ecclesiae
920 1099 1183 1159 turbavit.
1218 1100 1351 1157 Nam
1378 1104 1579 1160 divum.
1630 1106 1912 1163 Meletium
1968 1114 2145 1167 solum
2174 1116 2353 1170 exsilii
2387 1130 2552 1173 causa
2585 1125 2800 1172 vertere
2830 1114 3012 1185 coegit
3041 1127 3055 1167 :
3124 1109 3349 1166 Paulino
3384 1113 3569 1159 autem

300 1198 538 1257 propter
585 1190 923 1261 singularem
968 1207 1186 1248 morum
1239 1196 1562 1252 modestiam
1616 1202 1881 1271 pepercit.
1959 1203 2286 1278 Quicunque
2352 1218 2537 1264 autem
2579 1209 2993 1265 communicare
3043 1219 3169 1260 cum
3210 1199 3419 1255 Enzoio
3454 1195 3566 1249 nol-

297 1284 442 1348 lent,
477 1302 575 1340 eos
607 1295 705 1340 aut
751 1288 950 1343 exsilio
993 1289 1263 1358 multavit,
1316 1305 1412 1348 aut
1468 1294 1648 1361 aliter,
1695 1302 2019 1358 verberibus
2084 1306 2295 1359 scilicet
2358 1304 2600 1361 alliciens
2639 1316 2698 1362 ει
2760 1304 2988 1361 multam
3042 1301 3123 1356 eis
3166 1298 3378 1357 dicens,
3431 1292 3575 1347 male

299 1383 542 1452 accepit.

910 1485 1162 1540 ΚΕΦΑΛ.
1212 1489 1285 1541 Δ’.

301 1569 603 1649 Περὶ-τῆς
642 1577 999 1649 τυραννίδος
1037 1581 1415 1647 Προκοπίου·
1471 1581 1570 1634 καὶ
1620 1582 1761 1649 περὶ
1786 1582 1892 1638 τοῦ

376 1643 624 1719 τείχους
691 1643 1130 1719 Χαλκηδόνος)
1197 1650 1296 1719 καὶ
1360 1651 1466 1706 τοῦ
1543 1643 1894 1719 εὑρεθέντος

375 1711 579 1789 ἐκεῖσε
610 1711 933 1789 χρησμοῦξ
959 1711 1223 1789 καίάερι
1251 1719 1359 1774 τοῦ
1398 1721 1470 1775 ἐν
1518 1711 1893 1776 Κωὶιστιιντιί
1966 1764 1973 1771 .

378 1787 671 1840 νουπόλει
703 1787 961 1857 ἀγωγοῦ.

381 1897 497 1951 Καί
523 1915 587 1967 γε
620 1901 700 1964 εἰς
729 1900 934 1972 πολλὴν
962 1901 1028 1957 ἂν
1059 1902 1321 1975 ὠμότητα
1354 1904 1697 1977 προύχώρει,
1728 1908 1776 1959 εί
1818 1905 1895 1977 μὴ

304 1990 622 2066 Πρνόπιος
643 1996 986 2066 τυραννήσας
1004 1996 1140 2064 πρὸς
1165 1996 1341 2067 βραχὺ
1361 1996 1463 2065 τῆς
1492 1997 1669 2068 ὁρμῆς
1691 1999 1895 2051 ἐκεῖνον

303 2085 647 2139 ἀνέστειλεν.
683 2079 855 2151 Οὗτος
896 2088 1004 2158 γὰρ
1036 2089 1115 2149 είς
1147 2089 1439 2143 Ἰουλιανδν
1467 2091 1528 2143 τὸ
1558 2094 1720 2158 γένος
1761 2091 1894 2143 ἀνά-

302 2195 449 2245 των,
483 2179 581 2231 ἐπὶ
609 2179 870 2234 ἰοϐιανοῦ
924 2180 988 2234 τὸ
1020 2185 1310 2251 τυραννεῖν
1341 2183 1652 2238 ἐπιϐάλλει.
1684 2184 1798 2253 Τὴν
1837 2184 1895 2237 δὲ

307 2271 643 2341 Χαλκηδόνα
692 2271 1043 2341 καταλαϐὼν,
1092 2275 1270 2347 λάθρα
1298 2292 1359 2328 τε
1410 2275 1512 2347 τὴν
1542 2277 1898 2330 Κωνσταντι-

304 2365 578 2418 νούπολιν
608 2366 817 2430 είσιὼν,
851 2368 950 2440 τὴν
1007 2367 1291 2440 βασιλείαν
1343 2369 1604 2440 ἁρπάζει.
1656 2371 1897 2436 Στρατδν

299 2457 349 2510 δ’
377 2457 488 2509 οὐκ
522 2458 809 2528 ἐλάχιστον
839 2460 898 2513 ἐν
930 2459 1127 2531 βραχεῖ
1157 2461 1442 2532 ἁθροίσας.
1472 2463 1615 2517 κατᾶ
1641 2463 1735 2516 τοῦ
1762 2480 1899 2533 κρα-

300 2550 540 2614 τοῦντος
571 2553 818 2622 ἐφέρετο.
856 2553 1072 2624 Οὐάλης
1096 2553 1146 2607 δ’
1188 2556 1254 2609 ἑκ
1286 2557 1487 2628 Συρίας
1516 2557 1735 2621 ἐλάσας,
1768 2558 1898 2627 περὶ

306 2642 646 2698 Νακὼλειαν
699 2647 876 2717 τούτῳ
910 2650 1321 2719 συρρήγνυταιο
1360 2648 1572 2702 ἐκεῖθεν
1622 2649 1669 2702 δ’
1732 2652 1899 2720 ἡττη-

302 2736 457 2803 θεὶς,
518 2739 600 2802 εἰς
632 2739 867 2795 Νίκαιαν
914 2743 1307 2814 παραγίνεται.
1350 2743 1625 2814 Προδοσίᾳ
1679 2744 1737 2795 δὲ
1789 2743 1898 2796 τῶν

2515 1493 2672 1563 115
2710 1492 2935 1547 CAPUT
2978 1491 3063 1546 tv.

2002 1583 2076 1638 De
2101 1587 2386 1656 tyrannide
2416 1585 2693 1655 Procopii;
2728 1594 2776 1637 et
2814 1584 2887 1656 de,
2908 1598 3056 1636 muro
3080 1578 3446 1656 Chalcedonis,
3469 1575 3579 1656 Vibi—

2067 1649 2167 1724 qu'e
2200 1658 2411 1710 invento
2441 1649 2659 1711 oraculo
2694 1672 2714 1709 :
2754 1662 2802 1708 et
2854 1654 2918 1707 de
2964 1651 3279 1722 aquwducttt
3315 1649 3577 1704 Constan-

2068 1725 2445 1796 tinopolitano.

2068 1910 2135 1967 Et
2182 1910 2428 1982 profecto
2458 1908 2525 1963 ad
2556 1905 2865 1980 graviorem
2905 1905 2996 1963 ille
3031 1904 3307 1959 feritatem
3351 1914 3577 1971 proces-

1998 2005 2187 2068 sisset,
2228 2003 2337 2058 nisi
2386 2003 2654 2073 impetum
2696 2001 2816 2071 ejus
2857 1997 3181 2067 ProcOpius.
3219 1994 3288 2048 ad
3326 1992 3577 2064 tyranni-

1998 2097 2120 2150 dem
2171 2095 2464 2164 aspirans,
2519 2093 2588 2147 ad
2640 2092 2807 2147 breve
2855 2100 3072 2160 tempus
3120 2086 3474 2141 inhibuisset.
3530 2082 3581 2137 Is

1999 2200 2235 2255 namque
2267 2201 2441 2256 genus
2470 2198 2631 2238 suum
2668 2182 2733 2237 ad
2770 2181 3052 2237 lulianum
3085 2178 3352 2236 referens.
3383 2180 3440 2229 et
3471 2175 3573 2227 sub

1998 2278 2298 2333 Joviniano
2334 2277 2679 2349 tyrannidem
2728 2276 3019 2340 allec-laus,
3045 2270 3452 2328 Chalcedonent
3486 2281 3579 2320 occ

2000 2380 2315 2440 cupaverat,
2378 2377 2433 2424 et
2483 2369 2621 2422 clam
2670 2364 3204 2434 Constantinopolim
3265 2362 3576 2429 ingressus,

2002 2463 2288 2533 imperium
2314 2462 2644 2532 arripuerat.
2674 2460 2814 2514 Tum
2849 2474 3000 2520 vero,
3028 2473 3137 2511 non
3172 2454 3580 2510 contemnendo

2001 2566 2191 2611 coacto
2246 2556 2535 2621 exercitu,
2591 2554 2861 2609 adversus
2915 2554 3306 2622 imperatorem
3364 2546 3582 2602 infestis

2000 2650 2169 2722 signis
2212 2659 2298 2703 est
2342 2648 2640 2719 profectus.
2686 2647 2785 2701 Cui
2820 2646 3019 2704 Valens
3063 2660 3130 2700 ex
3167 2642 3326 2714 Syria
3361 2642 3580 2696 obviam

2002 2758 2349 2814 progressus,
2382 2743 2527 2797 circa
2577 2741 2857 2796 Nacoliam
2888 2738 3190 2794 certamine
3221 2751 3346 2791 cum
3387 2750 3454 2790 eo
3496 2745 3582 2790 est

303 2829 447 2895 περὶ
504 2828 668 2881 αὑτὸν
726 2829 910 2895 ἁλοὺς,
952 2811 1228 2900 Γομαρίοε)
1258 2848 1318 2885 τε
1379 2811 1473 2883 irai
1527 2811 1887 2900 ’Aﬁé‘amvo;

2004 2851 2349 2906 congressus,
2410 2846 2465 2889 et
2495 2835 2675 2889 victus
2704 2834 2831 2889 inde
2872 2832 3105 2888 Nicaeam
3166 2830 3437 2901 pervenit.
3472 2829 3579 2885 Sed

308 2923 609 2991 δεσμώτης
652 2924 917 2977 Οὐάλεντι
941 2926 1338 2997 παραδίδοται*
1385 2925 1564 2990 ξέναις
1610 2926 1668 2978 δὲ
1730 2945 1900 2996 τιμω-

313 3016 471 3082 ρίαις
505 3017 599 3068 καὶ
627 3015 796 3086 ἄμφω
847 3018 1150 3089 ἀνῄρηνται
1175 3035 1190 3050 ο
1227 3020 1354 3083 τοὺς
1391 3020 1490 3086 μὲν
1525 3019 1633 3089 γὰρ
1682 3021 1899 3089 πρίοσιν

312 3107 554 3177 ἀπηνῶς
588 3108 809 3175 διελὼν,
834 3110 1178 3175 ἀπέκτεινεν,
1211 3113 1268 3163 ὲν
1294 3110 1535 3183 δευτέρῳ
1555 3114 1682 3181 τοὺς
1702 3114 1898 3183 ὅρκους

307 3200 551 3269 θέμενος
576 3201 668 3265 οὓς
700 3203 885 3257 αὐτοῖς
917 3205 1202 3273 ὀμωμόκει
1231 3203 1362 3258 ὥστ’
1408 3204 1597 3269 εὖνους
1645 3207 1796 3259 ἐσαεὶ
1822 3203 1899 3258 εἷ-

309 3309 430 3345 ναι.
481 3292 787 3362 Προκοπίου
824 3294 881 3347 δὲ
910 3295 1156 3365 δένδρεσι
1184 3295 1280 3349 δύο
1306 3297 1368 3349 οὐ
1403 3284 1624 3367 μακρὰν
1677 3298 1901 3351 διεστῶ-

307 3401 407 3438 σιν
447 3385 769 3456 ιπικᾶμψας
820 3386 887 3439 τὰ
942 3388 1108 3457 ἄκρα,
1153 3387 1394 3458 ἐκατέρῳ
1440 3388 1593 3456 φυτῷ
1636 3388 1898 3461 ἑκάτερον

315 3478 572 3546 προσῆψε
625 3479 854 3541 σκέλοςο
894 3479 1066 3532 ἔπειτ’
1101 3482 1312 3550 ἀφῆκεν
1349 3480 1687 3550 ἐγείρεσθαι.
1719 3480 1800 3534 Τὰ
1839 3481 1896 3535 δὲ

310 3570 462 3638 πρδς
495 3570 597 3638 τὴν
627 3571 886 3623 εἰωθυῖαν
924 3571 1116 3624 στάσιν
1164 3571 1565 3642 ἀνορθωθέντα,
1596 3570 1687 3624 τὸν
1726 3570 1902 3642 ἄνδρα

306 3663 583 3715 διέσπασε
604 3679 617 3690 ·
648 3663 743 3714 xai.
777 3661 950 3725 οὕτως
1012 3662 1042 3714 ὀ
1073 3663 1367 3733 τύραννος,
1404 3663 1531 3733 διχῆ
1580 3663 1896 3732 δϊαιρεθεὶς,

309 3753 641 3822 ἀπεφθάρη.
678 3754 736 3806 Ὀ
767 3753 823 3806 δὲ
849 3753 1103 3823 βασιλεῦς
1138 3754 1291 3806 λύειν
1332 3753 1403 3807 τὰ
1432 3756 1588 3825 τείχη
1620 3754 1900 3825 Χαλκηδό-

311 3860 413 3906 νος
456 3844 558 3913 τῆς
614 3846 954 3915 καταντικρὺ
981 3840 1278 3910 Βυζαντίου
1328 3847 1592 3916 κειμένης
1622 3846 1894 3901 ἐκέλευεν.

315 3936 507 4009 Ἐιρθη
535 3938 644 4008 γὰρ
664 3930 1100 4009 ὶπαρασάμενος
1125 3940 1305 4009 ἐαυτῷ
1328 3938 1493 3993 τοῦτο
1531 3939 1762 4011 πράξειν
1814 3958 1895 3993 νι-

312 4029 502 4098 κήσας
532 4030 627 4082 τὸν
649 4029 940 4100 τύραννον,
975 4033 1169 4102 ὅτιπερ
1200 4030 1563 4101 Χαλκηδόνιοι
1596 4032 1897 4101 τυραννικά

311 4121 713 4190 φρονήσαντες,
775 4120 878 4190 τὴν
942 4121 1217 4191 βασιλέως
1284 4121 1522 4194 στοργὴν
1576 4121 1894 4192 ἠθέτησαν·

300 4211 621 4280 ,προσιόντα
651 4212 760 4281 γὰρ
800 4211 1185 4284 περιύϐρισαν,
1236 4214 1335 4278 τὰς
1363 4215 1463 4284 τῆς
1506 4212 1716 4274 πόλεως
1747 4212 1897 4285 αὐτῷ

313 4301 771 4368 ἑπιζυγὼσαντες
821 4304 1020 4370 πύλας.
1056 4305 1133 4358 Τὸ
1190 4306 1290 4375 μὲν
1322 4304 1418 4360 οὖν
1463 4308 1642 4375 τεῖχος
1677 4307 1742 4376 τῇ
1797 4324 1893 4359 κε-

315 4397 507 4450 λεύσει
540 4397 637 4451 τοῦ
666 4396 997 4468 κρατοῦντος
1047 4397 1235 4452 ἐλύετο
1256 4413 1273 4431 ο
1317 4398 1550 4465 ἐξάπινα
1583 4400 1638 4451 δὲ
1679 4399 1729 4451 οἱ
1759 4398 1897 4452 λίθοι

323 4489 384 4540 ὲν
427 4487 1006 4541 Κωνσταντινουπόλει
1054 4488 1193 4560 πρὸς
1254 4488 1317 4543 τὸ
1365 4488 1624 4557 δημόσιον
1668 4489 1897 4561 λουτρὸν

328 4576 702 4646 μετεφὲροντο
736 4577 1210 4632 Κωνσταντιανόν.
1269 4580 1375 4645 Καὶ
1414 4579 1479 4648 δὴ
1511 4580 1775 4650 λυομένου
1801 4579 1896 4631 τοῦ

322 4667 564 4737 τείχους,
590 4666 649 4721 ἔν
677 4686 783 4721 τινι
809 4668 945 4738 λίθῳ
998 4668 1276 4740 μεταρσίῳ
1307 4670 1600 4740 γράμμασι
1631 4673 1771 4723 κατὰ
1802 4670 1893 4740 βά-

323 4757 415 4821 θος
441 4761 859 4832 κεχαραγμένος
883 4761 1129 4830 χρησμὸς
1160 4759 1389 4831 εὓρηται
1411 4762 1635 4824 παλαιδις
1658 4761 1893 4826 διεξιὼν,

321 4848 397 4910 ὡς
454 4848 621 4918 ἡνίκα
677 4849 897 4919 δαψιλὲς
958 4849 1104 4920 ὕδωρ
1134 4850 1368 4918 ὑπάρξοι
1418 4852 1484 4920 τῇ
1532 4851 1706 4912 πόλει,
1739 4869 1893 4922 τηνι-

322 4939 504 4992 καῦτα
529 4939 589 4993 τὸ
620 4940 722 5009 μὲν
760 4944 941 5013 τεῖχος
996 4943 1342 5012 ὑπουργήσει
1397 4942 1611 5013 λουτρῷ
1634 4958 1648 4972 ο
1681 4943 1808 5013 ἔθνη
1840 4945 1897 4997 δὲ

234 5072 237 5077 ,
325 5030 498 5100 μυρία
527 5030 627 5100 τὴν
667 5029 957 5101 Ῥωμαίων
982 5030 1277 5086 ἐπελθόντα
1307 5034 1435 5101 γῆν,
1473 5033 1647 5087 πολλά
1676 5050 1735 5086 τε
1760 5034 1895 5106 δρά-

324 5137 405 5173 σει
434 5122 582 5173 κακά
605 5138 621 5153 ο
662 5121 814 5185 τέλος
857 5122 914 5175 δὲ
948 5123 1043 5177 καὶ⁵
1092 5121 1235 5177 αὐτὰ
1265 5122 1547 5194 φθαρέντα
1588 5124 1894 5182 διόλωνται.

324 5210 539 5263 κωλύει
569 5211 626 5264 δὲ
653 5212 762 5283 ἄρα
790 5214 945 5267 οὐδὲν
972 5214 1305 5285 φιλομαοίας
1323 5216 1488 5287 χάριν
1520 5217 1616 5269 καὶ
1644 5217 1735 5271 τὸν
1761 5237 1897 5290 χρη-

323 5304 462 5369 σμὸν
499 5304 816 5375 προσθεῖναι
842 5310 907 5376 τῇ
931 5308 1162 5380 ἱστορίᾳ.

1929 4184 1976 4241 D

2006 2946 2130 2985 mox
2166 2929 2467 2999 Procopius
2492 2944 2521 2983 a
2551 2927 2930 2997 proditoribus
2952 2925 3210 2981 Comario
3240 2936 3294 2979 et
3315 2923 3577 2992 Agelone,

2004 3037 2144 3091 quos
2194 3020 2331 3075 lidos
2372 3019 2477 3074 sibi
2528 3033 2654 3074 esse
2700 3024 3014 3089 putaverat,
3048 3023 3242 3084 captus
3273 3023 3331 3068 et
3365 3012 3583 3066 vinctus

2010 3112 2220 3169 Valenti
2265 3121 2350 3166 est
2390 3111 2647 3166 traditus.
2697 3110 2754 3165 ιιι
2800 3116 3094 3177 utrumque
3134 3121 3297 3176 porro
3337 3104 3583 3175 prodito-

2006 3220 2123 3258 rem
2179 3218 2321 3258 novo
2372 3202 2630 3273 supplicii
2684 3217 2925 3273 genere,
2968 3196 3335 3271 jurejurando
3374 3212 3485 3267 quo
3522 3210 3582 3250 se

2003 3295 2111 3349 illis
2172 3295 2505 3349 benevolum
2574 3309 2795 3364 semper
2852 3294 2969 3348 fore
3032 3299 3313 3361 receperat
3370 3298 3580 3357 Spreto,

2004 3388 2418 3444 animadvertit.
2470 3386 2763 3442 Crudelcm
2821 3387 2970 3441 enim
3033 3386 3085 3437 in
3136 3383 3357 3437 modum
3409 3381 3581 3434 serris

2003 3480 2274 3535 dissectos
2319 3478 2619 3532 interemit.
2664 3477 2971 3547 Procopius
3004 3486 3186 3529 autem
3218 3474 3284 3527 ad
3316 3471 3575 3526 arborum

2002 3573 2235 3627 duarum
2267 3587 2373 3626 non
2405 3572 2564 3642 longe
2595 3572 2739 3625 inter
2766 3584 2826 3624 se
2854 3568 3177 3622 distantimn
3212 3566 3448 3621 vertices
3485 3563 3578 3617 ad-

2001 3663 2201 3718 ductos
2246 3662 2478 3732 pedibus
2521 3661 2797 3731 alligatus,
2828 3660 3039 3714 eisdem
3081 3673 3206 3711 mox
3254 3657 3319 3711 ad
3357 3665 3582 3709 natura-

2001 3754 2107 3807 lem
2140 3762 2341 3844 statug
2380 3767 2541 3807 suum
2574 3751 2755 3805 redire
2786 3749 3093 3821 permissis,
3125 3748 3439 3817 discerptus
3469 3755 3578 3801 est.

2002 3846 2091 3902 Sic
2153 3842 2363 3901 scilicet
2420 3853 2686 3916 tyrannus
2738 3844 2803 3898 in.
2856 3842 2995 3897 duas
3047 3842 3346 3898 distractus
3397 3848 3581 3910 partes
3662 3870 3669 3875 ο

2002 3939 2236 3994 interiit.
2284 3939 2590 4008 Imperator
2625 3946 2808 3991 autem
2852 3934 3242 3998 Chalcedonis,
3277 3949 3399 4002 qua:
3428 3948 3460 3987 e
3490 3948 3581 3986 re-

2001 4033 2161 4103 gione
2202 4029 2466 4102 Byzantio
2502 4030 2604 4083 sita
2650 4038 2756 4095 est,
2790 4042 2979 4082 muros
3021 4025 3166 4081 dirui
3206 4026 3418 4097 jussit:
3453 4040 3578 4078 nam

2003 4124 2058 4179 id
2082 4139 2163 4189 se,
2195 4124 2299 4179 sibi
2329 4123 2431 4194 ipsi
2454 4138 2675 4193 quoque
2700 4122 2818 4177 dira
2848 4108 3432 4192 precatusﬂacturum
3457 4133 3579 4174 esse

2006 4228 2241 4288 tyranno
2271 4216 2489 4271 devicto
2515 4216 2822 4285 juraverat.
2851 4224 3144 4285 propterea
3174 4212 3323 4284 quod
3350 4212 3582 4268 Chalce-

2005 4308 2156 4363 donii
2191 4308 2409 4379 tyranni
2450 4316 2639 4377 partes
2669 4308 2863 4373 secuti,
2894 4308 3154 4379 pietatem
3184 4318 3243 4362 et
3277 4307 3436 4362 ﬁdem
3472 4307 3577 4359 im-

2004 4402 2246 4471 peratori
2297 4398 2540 4455 debitam
2592 4400 2926 4470 abjecerant.
2975 4397 3110 4454 Nam
3161 4415 3313 4465 emn,
3347 4415 3473 4455 cum
3512 4399 3579 4452 ad

2005 4493 2198 4545 urbem
2253 4508 2376 4547 eam
2433 4494 2799 4558 accessisset,
2856 4491 3254 4547 contumeliose
3311 4491 3579 4547 conviciis

2004 4585 2336 4654 proscissum
2397 4585 2573 4654 portis
2606 4585 2812 4639 clausis
2840 4586 3145 4639 exclusere.
3189 4584 3382 4639 Moenia
3413 4576 3580 4652 igitur

2003 4679 2274 4747 principis
2312 4679 2468 4748 jussu
2512 4678 2899 4738 diruebantur,
2935 4686 2992 4731 et
3030 4690 3157 4731 saxa
3210 4677 3394 4731 statim
3438 4676 3582 4730 Con-

2003 4770 2419 4840 stantinopolim
2469 4768 2536 4822 ad
2586 4770 2867 4837 publicum
2914 4769 3213 4830 lavacrum,
3244 4767 3390 4837 quod
3431 4766 3578 4820 Coti-

2006 4862 2346 4917 stantianum
2395 4870 2646 4915 vocatum
2692 4871 2796 4923 est.
2833 4860 3226 4915 exstruendum
3279 4859 3579 4914 transfetc-

2004 4954 2227 5008 bantur.
2280 4953 2578 5007 Enimvero
2611 4969 2737 5009 cum
2787 4953 2869 5008 sic
2915 4968 3104 5007 murus
3153 4953 3488 5017 dirueretur,
3522 4953 3578 5005 in

2003 5044 2227 5099 sublimi
2270 5044 2509 5113 quodam
2544 5060 2697 5108 saxo.
2728 5045 2928 5099 litteris
2963 5045 3128 5100 altius
3161 5044 3353 5101 incisis
3385 5057 3581 5098 oracu-

2002 5135 2115 5187 lum
2154 5134 2528 5205 conscriptum
2566 5143 2843 5205 repertum
2874 5143 2980 5201 est,
3017 5134 3152 5190 illud
3196 5133 3531 5190 denuntians
3561 5150 3576 5185 :

2004 5222 2107 5279 Ubi
2155 5227 2462 5297 copiosiore
2504 5243 2645 5298 aqua
2688 5227 2825 5282 urbs
2867 5226 3216 5282 abundatura
3252 5233 3419 5287 esset,
3461 5232 3577 5276 tum

2001 5316 2119 5372 fore
2171 5327 2232 5373 ut
2281 5336 2474 5374 murus
2527 5320 2749 5375 lavacro
2800 5319 3097 5382 inserviat;
3149 5326 3341 5388 gentes
3392 5324 3575 5368 autem

324 5396 655 5464 innumerae,
689 5398 1064 5453 Romanorum
1097 5409 1376 5455 vastantes
1408 5402 1727 5468 imperium,
1792 5406 2025 5461 multum
2087 5410 2320 5464 allerant
2384 5412 2724 5473 detrimenti.
2758 5413 2974 5466 tandem
3023 5425 3151 5465 vero
3191 5420 3243 5462 ct
3272 5410 3402 5478 ipsa:
3424 5423 3578 5463 Cal'SJ’.

335 5490 635 5545 intereant.
681 5489 788 5545 Sed
836 5491 973 5545 nihil
1021 5490 1224 5556 obstat,
1268 5492 1567 5560 quominus
1605 5491 1981 5550 studiosorum
2013 5513 2177 5554 causa
2210 5502 2496 5556 oraculum
2536 5502 2715 5571 ipsmn
2750 5502 2840 5555 hic
2866 5509 3190 5571 apponatur.

1559 5608 1708 5662 κατὰ
1738 5611 1896 5665 ἄστυ

334 5606 493 5662 Ἀλλ’
524 5608 623 5662 ὅτε
648 5607 725 5679 δὴ
751 5610 927 5682 (φησὶ)
951 5613 1178 5679 νύμφαι
1216 5608 1509 5678 δροσεριῗν
1530 5608 1715 5745 Ῐκατιῖ

540 5718 545 5724 -
1555 5697 1693 5745 χορε

540 5718 545 5724 -
1530 5697 1797 5747 ιχορειην

2010 5617 2170 5690 116
2201 5619 2258 5673 In
2292 5621 2462 5674 media
2495 5620 2720 5693 liquidas
2750 5637 2866 5674 cum
2893 5622 3085 5673 ducent
3114 5618 3239 5673 urbe
3267 5619 3447 5674 choreo
3460 5635 3519 5689 ³,,
