3986 6190
367 189 477 247 5⁸37

981 305 1233 362 ΚΕΦΑΛ.
1264 308 1339 363 E'.

368 394 510 516 Πεέί
543 394 866 449 Ἐλευσίου
897 397 1002 451 τοῦ
1032 398 1307 482 Κυζῗκηου,
1351 402 1447 455 καὶ
1492 405 1825 484 Εὐνοιιὶου·
1859 405 1946 459 ἔτι

476 462 507 517 ὲ
537 465 635 517 καί
658 468 790 517 περὶ
832 467 1095 517 Ἀνελίου
1119 486 1227 517 ton
1250 472 1588 517 ἐπισκόπου
1610 492 1729 517 των
1760 477 1946 517 Νητιη-

537 465 635 544 mil
658 468 790 535 περί
832 467 1095 535 Ἀγελίου
1119 470 1227 524 τοῦ
1250 472 1588 527 ἐπισκόπου
1610 465 1729 527 τῶν
1755 477 1950 529 Ναυα-

436 551 680 589 marcor.

452 642 598 701 Ὅ⁹δὲ
632 646 891 718 βασιλεὺς
924 649 1144 722 Οὐάλης
1178 653 1483 723 τηνικαῦτα
1518 656 1598 725 τῷ
1630 658 1772 711 κατὰ
1804 660 1948 728 Προ-

363 741 564 793 κοπίου
600 740 824 812 πολέμῳ
855 742 1253 815 ἐνευτυχήσας,
1305 750 1450 801 κατὰ
1482 749 1585 815 τῆς
1616 751 1949 823 Ἐκκλησίας

362 830 525 894 αὖθις
558 832 855 900 ὡπλίζετο,
903 838 1088 891 πᾶσαν
1140 842 1439 911 θρησκείαν
1490 843 1691 915 Ἀρείῳ
1748 848 1945 915 ἐπίσης

363 928 588 995 φρονεῖν
626 927 774 996 μάλα
809 928 1238 1000 ἐκϐιαζόμενον
1275 934 1514 1003 μάλιστα
1545 937 1599 989 δὲ
1648 938 1948 1009 ὑπερφυῶς

363 1020 513 1074 κατὰ
559 1023 671 1075 τῶν
705 1024 767 1076 ἐν
825 1023 1115 1097 Λαμψάκῳ
1168 1029 1535 1083 συνελθόντων
1585 1033 1843 1099 ἐπρίετοο
1886 1036 1946 1088 οὐ

363 1116 535 1183 μόνον
568 1116 652 1168 ὅτι
682 1116 809 1177 τοὺς
842 1117 1281 1187 Ἀρειανίζοντας
1311 1120 1421 1174 τῶν
1452 1123 1772 1178 ἐπισκόπων
1799 1126 1951 1179 ἀπώ-

361 1223 557 1271 σαντο,
591 1206 730 1260 ἀλλὰ.
756 1207 851 1260 καὶ
874 1186 976 1279 τὴν
1010 1211 1068 1262 ἐν
1096 1209 1365 1281 Ἀριμίνῳ
1386 1215 1485 1280 τῆς
1519 1217 1759 1280 πίστεως
1790 1218 1947 1271 ἔκθε-

363 1317 458 1351 σιν
483 1299 869 1369 ἀπεκήρυξαν.
914 1302 1026 1355 Καὶ
1054 1303 1171 1372 δῆτ’
1203 1305 1267 1356 ὲκ
1296 1305 1538 1371 Νικαίας
1569 1309 1813 1378 ἀπάρας,
1851 1329 1950 1366 κα-

359 1392 712 1459 ταλαμσάνει
743 1393 842 1461 τὴν
874 1394 1271 1466 Νικομήδειαν.
1300 1397 1547 1452 Ἐκεῖθεν
1603 1402 1659 1454 δὲ
1701 1404 1945 1474 πέμψας,

364 1481 496 1547 ἄγει
521 1481 653 1552 παρ’
687 1482 865 1553 ἑαυτῷ
898 1483 990 1536 τὸν
1022 1484 1264 1550 Κυζίκου
1310 1488 1612 1555 Ἑλεύσιον,
1640 1493 1699 1555 ὃς
1732 1496 1798 1563 τῇ
1828 1496 1946 1549 Μα-

360 1573 615 1627 κεδονίου
640 1577 835 1648 γνώμῃ
891 1576 1094 1644 μᾶλλον
1122 1579 1479 1648 προσέκειτοο
1541 1584 1638 1637 καὶ
1685 1585 1948 1654 σύλλογον

1322 197 1920 258 ECCLESIASTICJS
1956 201 2340 265 lllS’l'ORl/E
2380 209 2517 270 LIB.
2566 212 2676 271 Xl.

3490 194 3630 278 ἐνοι

2656 322 2885 380 CAPUT
2919 324 2982 378 V.

2058 409 2135 464 De
2170 412 2382 468 Elius-io
2434 413 2688 485 Cyziceno
2740 424 2788 469 et
2833 415 3138 482 Eunomia;
3182 416 3305 470 item
3340 421 3405 469 de
3455 414 3633 484 Agclio

2538 485 2839 540 Novatiano
2872 488 3131 557 episcopo.

2126 664 2429 733 Imperator
2470 664 2688 739 Valens,
2719 666 2866 721 bello
2909 675 3102 721 contra
3140 664 3473 734 Procopium
3511 677 3638 731 pro—

2058 771 2217 826 spere
2250 767 2403 826 gesto
2436 759 2637 818 elatus.
2669 758 2940 813 adversus
2984 757 3273 841 ecclesiam
3314 770 3506 808 rursus
3543 770 3635 809 ar-

2058 862 2144 903 ma
2183 851 2414 919 paravit,
2446 852 2554 904 vim
2604 851 2963 922 religionibus
3006 851 3287 912 omnibus,
3319 859 3379 902 ut
3423 864 3481 902 se
3518 847 3631 901 Arii

2058 942 2301 1012 dOgmati
2348 943 2862 1006 accommodarent,
2917 942 3179 996 inferens.
3230 940 3459 993 Maxime
3504 954 3635 991 vero

2058 1041 2248 1087 contra
2315 1049 2411 1087 eos
2474 1032 2565 1102 qui
2631 1032 2917 1103 Lampsaci
2979 1043 3311 1089 conventum
3371 1040 3635 1099 egerant,

2059 1121 2370 1190 frendebat,
2402 1122 2547 1192 quod
2578 1137 2685 1176 non
2714 1123 2879 1175 modo
2909 1122 3125 1176 Ariauis
3152 1121 3428 1191 episcopis
3460 1120 3638 1190 digni-

2061 1227 2227 1270 tatem
2261 1215 2637 1281 abrogassent,
2671 1216 2767 1269 sed
2809 1216 2974 1269 etiam
3018 1214 3144 1269 ﬁdei
3193 1215 3483 1267 formulam
3513 1210 3637 1266 Ari-

2056 1307 2189 1360 mini
2229 1307 2628 1376 promulgatam
2681 1306 3061 1361 damnassent.
3110 1306 3179 1360 Et
3222 1306 3401 1360 Nicaga
3455 1302 3639 1372 profe-

2056 1408 2199 1462 ctus,
2227 1390 2602 1453 Nicomediam
2635 1398 2807 1458 venit,
2842 1404 3007 1467 atque
3036 1413 3103 1451 co
3132 1397 3415 1451 Eleusium
3449 1393 3636 1465 Cyzici

2056 1490 2380 1561 episcopum
2424 1490 2489 1544 ad
2525 1506 2584 1545 se
2615 1490 2836 1554 accivit,
2876 1491 2968 1560 qui
3006 1489 3309 1543 Macedonii
3345 1486 3639 1542 sententia:

2058 1584 2233 1654 magis
2281 1583 2539 1638 addictus
2594 1592 2735 1637 erat.
2793 1581 3252 1653 Congregatoque
3297 1580 3635 1633 Arianorum

375 1667 834 1738 Ἀρειανιζόντων
854 1671 1169 1724 ἐπισκόπων
1199 1674 1263 1726 ἁθ
1275 1675 1483 1744 ροίσας,
1504 1680 1786 1732 κοινωνεῖν
1806 1681 1949 1733 ὲκεί-

2055 1679 2444 1748 episc0porum
2486 1686 2654 1740 coetu,
2699 1687 2759 1730 ut
2800 1691 2927 1731 cum
2962 1675 3071 1729 illis
3100 1674 3348 1728 eamdem
3381 1686 3627 1727 commu-

361 1778 486 1825 νοις
520 1763 615 1829 τῆς
649 1763 893 1827 πίστεως
925 1763 1180 1830 ἐϐιάζετο
1205 1783 1218 1800 ’
1245 1769 1272 1819 ό
1297 1768 1354 1821 δὲ
1389 1769 1456 1823 τὰ
1488 1771 1587 1841 μὲν
1616 1771 1811 1842 πρῶτα
1831 1790 1956 1842 γεν-

362 1854 536 1917 ναίως
570 1850 686 1926 εἶχε
732 1858 828 1911 καὶ
871 1858 1136 1927 ἀνδρείως
1183 1859 1462 1914 ἀντέτεινε
1508 1862 1608 1933 τήν
1660 1865 1951 1918 κοινωνίαν

358 1946 737 2016 ἀπαγορεύων
760 1963 775 1977 ο
818 1947 892 2011 ὡς
939 1949 984 2001 δ’
1020 1949 1317 2022 ὑπερόριον
1353 1954 1529 2006 ποιεῖν
1585 1954 1682 2007 καὶ
1716 1956 1781 2009 τὰ
1813 1974 1952 2029 προ-

361 2037 530 2090 σόντα
580 2041 627 2091 οί
659 2040 1015 2111 ἀφαιρεῖσθαι
1044 2044 1286 2113 ἠπείλει,
1317 2043 1524 2110 δείσας,
1553 2046 1699 2101 ἑκὼν
1733 2049 1952 2106 ἀέκοντί

355 2150 431 2201 γε
466 2133 625 2204 θυμῷ
664 2136 725 2187 τὸ
758 2137 1105 2205 προσταχθὲν
1156 2139 1239 2201 είς
1284 2140 1458 2209 πέρας
1482 2134 1587 2210 ἦγε
1612 2141 1691 2210 τῷ
1713 2141 1948 2211 βασιλεῖ.

359 2227 479 2279 Καὶ
537 2227 699 2288 εὐθὺς
746 2229 1042 2298 μεταμέλῳ
1095 2232 1339 2300 ἐχρῆτο,
1399 2232 1497 2285 καὶ
1546 2231 1645 2285 ἐπὶ
1703 2234 1949 2295 Κυζίκου

358 2313 682 2380 γενόμενος,
711 2303 1067 2385 ὲκκῗησιάζει
1116 2319 1179 2372 τὸ
1213 2318 1422 2388 πλῆθος
1444 2359 1462 2387 ,
1492 2322 1590 2375 καί¹
1646 2324 1747 2392 τὴν
1773 2325 1955 2394 ἁμαρ-

361 2409 491 2460 τίαν
541 2410 830 2489 παρρησίᾳ
863 2409 1161 2480 ἐξήγγελλε
1186 2428 1201 2443 ο
1260 2412 1575 2482 προσετίθει
1617 2430 1681 2483 γε
1714 2417 1823 2486 μὴν
1855 2418 1952 2470 καὶ

362 2501 559 2572 ἕτερον
584 2503 887 2556 ἐπίσκοπον
920 2505 1279 2559 ἐκκαλεῖσθαι
1302 2523 1317 2538 ο
1347 2507 1530 2579 ἐαυτῷ
1567 2509 1678 2580 γάρ
1716 2511 1791 2582 μὴ
1817 2530 1951 2580 προ-

367 2598 559 2666 σήκειν
601 2595 696 2649 τοῦ
739 2597 930 2650 λοιποῦ
984 2598 1262 2666 ἱερᾶσθαι,
1297 2601 1398 2672 τὴν
1430 2605 1705 2675 σφετέραν
1760 2605 1951 2661 πίστιν

365 2690 774 2759 προδεδωκότα.
808 2690 966 2745 Εὖνοι
1011 2693 1067 2746 δὲ
1099 2693 1166 2747 τὰ
1200 2694 1439 2764 μάλιστα
1472 2696 1621 2763 αὖτῷ
1647 2696 1802 2763 ὄντες
1834 2700 1949 2753 Κυ-

365 2782 582 2852 ζικηνοὶ
609 2823 623 2847 ,
663 2783 763 2852 τὴν
811 2784 921 2855 γὰρ
965 2785 1176 2839 ἐκείνου
1219 2787 1503 2840 πολιτείαν
1557 2787 1856 2859 κατάκρως
1887 2791 1952 2861 ῂ-

364 2876 580 2935 δοῦντο.
613 2877 804 2948 ἕτερον
835 2879 988 2948 ίερέα
1036 2880 1134 2951 οὐχ
1186 2879 1417 2944 εἴλοντο,
1446 2878 1573 2934 οὔτε
1613 2882 1720 2953 μὴν
1776 2880 1951 2953 ἑτέρῳ

368 2967 733 3039 παρεχώρουν
787 2969 888 3037 τῆς
924 2968 1298 3039 Ἐκκλησίας·
1356 2971 1453 3024 ὑπ’
1502 2973 1655 3043 αὐτῷ
1704 2973 1763 3028 δὲ
1809 2969 2021 3068 ἦσανο

366 3062 697 3128 ταττόμενοι
726 3060 823 3131 τῆς
860 3062 1070 3121 οἰκείας
1102 3062 1262 3132 δόξης
1324 3064 1746 3133 μετατιθέμενοι
1792 3066 1950 3119 οὐδαο

370 3151 512 3221 μῶς.
554 3152 641 3215 Ὡς
669 3151 724 3204 δὲ
755 3153 911 3206 ταῦτ’
942 3153 1191 3218 maesto;
1214 3154 1376 3223 ἔγνω,
1404 3156 1504 3226 τῆς
1543 3157 1837 3228 Ἀρειανῆς
1867 3159 1950 3211 ai-

366 3245 577 3313 ρὲσεως
599 3247 658 3296 ὲν
688 3246 1257 3301 Κωνσταντινουττόλει
1295 3249 1677 3318 προεστηκὼς,
1707 3267 1949 3320 χειροτο-

361 3338 451 3390 νεῖ
500 3338 688 3399 αὐτοῖς
738 3337 832 3391 τὸν
887 3337 1197 3409 Εὐνόμιονο
1236 3337 1377 3410 ᾤετο
1430 3342 1542 3409 γὰρ
1585 3342 1759 3395 δεινὸν
1817 3342 1947 3396 ὄντα

361 3431 577 3497 λέγειν,
613 3430 809 3484 θᾶττον
841 3432 1202 3501 μεταπείσειν
1240 3433 1610 3502 Κυζικηνοὺς,
1644 3436 1826 3489 πειθοῖ
1842 3453 1947 3490 τινι

354 3523 623 3595 δαιμονίᾳ
672 3525 809 3592 πρὸς
844 3524 944 3594 τὴν
978 3528 1254 3596 σφετέραν
1305 3526 1715 3592 ὲφελκὺσασθαι
1768 3530 1948 3596 δόξαν.

372 3618 536 3670 Ἐπεὶ
564 3617 620 3671 δὲ
651 3617 730 3679 είς
764 3617 1006 3681 Κύζικον
1053 3612 1189 3689 ἧκεν
1225 3618 1517 3686 Εὐνόμιος.
1556 3622 1949 3692 προστάγματι

361 3707 639 3776 βασιλέως
672 3708 780 3761 τῶν
815 3709 917 3779 μὲν
950 3709 1256 3776 ἐκκλησιῶν
1281 3712 1576 3782 ἐκράτησε,
1618 3713 1710 3766 τοῦ
1754 3715 1948 3768 Ἐλευ-

362 3804 490 3854 οίου
539 3801 927 3866 ἐξελαθέντος·
991 3805 1039 3856 οί
1092 3803 1137 3856 δ’
1190 3804 1386 3874 ἐκείνῳ
1442 3806 1783 3876 πειθόμενοι.
1844 3807 1950 3875 ἔξω

357 3897 569 3965 τειχῶν
600 3895 908 3962 γενόμενοι,
944 3897 1053 3965 πρὸ
1082 3898 1181 3963 τῆς
1216 3896 1428 3960 πόλεως
1460 3900 1563 3959 τὰς
1618 3900 1948 3968 συναγωγὰς

360 3988 683 4056 ποιούμενοι
733 3988 1115 4057 ἐκκλησίαζον.
1149 3988 1314 4042 Ἀλλὰ
1370 3990 1499 4060 περὶ
1545 3991 1644 4057 μὲν
1679 3991 1948 4063 Εὐνομίου

362 4084 462 4136 καὶ
492 4084 592 4152 τῆς
625 4080 921 4150 ἐπωνύμου
968 4082 1146 4152 τούτῳ
1176 4082 1443 4151 αίρέσεως
1481 4085 1680 4152 μικρὸν
1721 4084 1951 4156 ὕστερον

356 4177 509 4228 κατὰ
538 4174 725 4245 χώραν
760 4172 905 4242 ἐρᾶν
940 4174 1001 4226 οὐ
1062 4173 1222 4244 μόνον
1246 4175 1300 4227 δὲ
1355 4175 1774 4239 Μλκεδονιανοὶ,
1813 4178 1952 4237 ἀλλὰ

359 4269 458 4320 καὶ
489 4268 538 4319 oi
573 4268 634 4318 τὸ
682 4266 863 4333 δόγμα
892 4265 1000 4317 τῶν
1033 4267 1089 4317 ὲν
1113 4265 1320 4335 Νικαία
1374 4266 1747 4322 συνελθόντων
1780 4287 1952 4339 πρεσ-

2056 1785 2293 1839 nemque
2344 1770 2507 1824 fidem
2549 1768 3054 1839 complecteretur,
3086 1767 3403 1836 imperavit.
3465 1763 3636 1818 Porro

2055 1861 2313 1916 Eleusius
2370 1861 2611 1931 primum
2668 1875 2938 1931 generose
3004 1868 3061 1914 et
3122 1858 3341 1913 fortiter
3412 1856 3634 1911 illorum

2055 1954 2506 2008 communionem
2569 1961 2899 2021 asi.ernatus
2957 1934 3162 2006 restitit
3216 1970 3229 2006 :
3288 1948 3381 2005 ubi
3450 1956 3634 2002 autem

2054 2043 2358 2112 imperator
2390 2043 2646 2098 exsilium
2679 2043 2730 2097 ei
2766 2043 3155 2110 bonorumque
3210 2039 3635 2111 publicationem

2055 2139 2296 2191 minatus
2334 2146 2439 2202 est,
2478 2144 2626 2191 metu
2676 2136 2986 2205 perculsus,
3030 2135 3212 2189 libens
3260 2132 3505 2203 quidem,
3540 2128 3635 2186 sed

2053 2244 2163 2282 non
2217 2229 2413 2284 libenti
2466 2229 2675 2294 animo,
2715 2227 2862 2296 quod
2912 2229 3217 2297 imperator
3253 2227 3441 2297 jussit,
3483 2225 3633 2279 fecit.

2054 2320 2258 2375 Verum
2287 2322 2581 2375 confestim
2614 2322 2945 2390 pmnitentia
2975 2320 3199 2383 ductus,
3225 2333 3350 2372 eum
3375 2317 3635 2388 Cylicum

2052 2414 2318 2477 venisset,
2353 2413 2500 2483 apud
2539 2413 2955 2468 multitudinem
2996 2413 3050 2467 in
3093 2419 3369 2466 conventu
3411 2407 3635 2477 publico

2054 2515 2341 2574 peccatum
2376 2519 2535 2559 suum
2573 2504 2853 2575 propalam
2891 2514 2977 2558 est
3007 2502 3291 2557 confessus
3328 2519 3341 2555 :
3375 2499 3509 2554 illud
3547 2499 3635 2552 in-

2053 2612 2222 2666 super
2257 2597 2467 2652 addens
2500 2597 2597 2666 (l),
2637 2607 2697 2652 ut
2735 2597 2903 2652 alium
2952 2595 3056 2651 sibi
3102 2609 3385 2650 sacrorum
3428 2593 3638 2663 delige-

2055 2700 2178 2745 rent
2223 2690 2563 2758 antistitem;
2606 2691 2707 2746 sibi
2752 2691 2900 2746 enim
2947 2691 3209 2760 deinceps
3254 2689 3638 2760 episcopatu'n

2054 2801 2263 2854 gert-rc.
2302 2786 2448 2854 quod
2503 2785 2664 2839 [idem
2715 2800 2869 2838 suam
2923 2783 3248 2855 prodiderit,
3287 2784 3468 2836 minus
3506 2797 3638 2836 con-

2054 2878 2267 2931 venire.
2311 2872 2476 2948 118
2522 2876 2775 2950 Cyziceni
2812 2886 3020 2940 autem,
3056 2877 3201 2946 quod
3250 2889 3465 2931 summa
3507 2888 3635 2928 eum

2056 2974 2567 3041 complecterentur
2619 2970 3045 3035 benevolentia,
3102 2980 3161 3025 et
3213 2969 3637 3025 conversatione

2052 3065 2174 3136 ejus
2225 3065 2604 3135 maximOpere
2640 3064 3078 3132 delectarentur,
3104 3064 3431 3135 episcOpum
3466 3062 3635 3116 alium

2053 3173 2163 3211 non
2206 3168 2555 3227 receperunt,
2592 3174 2775 3229 neque
2815 3158 2908 3213 alii
2943 3155 3247 3212 Ecclesiam
3288 3154 3583 3226 regendam
3619 3171 3634 3208 :

2053 3251 2149 3307 sed
2206 3251 2311 3322 ipsi
2365 3251 2592 3308 Eleusio
2651 3251 2901 3318 subditi,
2966 3251 3297 3308 sententiam
3359 3249 3634 3320 permise-

2053 3353 2184 3399 runt
2218 3360 2375 3401 suam
2428 3344 2659 3400 minime
2712 3354 2952 3400 mutare.
2990 3344 3155 3411 Quod
3195 3344 3288 3398 ubi
3346 3342 3637 3397 Eudoxius

2049 3435 2267 3492 Arianae
2302 3446 2466 3491 secta:
2495 3425 2978 3506 Cdnstantinopoli
3025 3436 3316 3505 praefectus
3350 3433 3633 3504 cognovit,

2050 3528 2376 3596 episcopum
2413 3527 2519 3582 illis
2539 3527 2821 3582 ordinavit
2848 3522 3207 3581 Eunomium.
3236 3524 3457 3580 Putavit
3482 3540 3635 3578 nam-

2052 3633 2162 3689 que
2194 3619 2334 3682 [οι-ο,
2372 3626 2434 3672 ιιι
2478 3619 2526 3673 is
2568 3618 2888 3688 eloquentia
2936 3633 3039 3673 sua
3085 3616 3238 3673 brevi
3273 3634 3371 3687 per
3420 3617 3636 3671 felicem

2051 3711 2349 3782 quamdam
2397 3711 2767 3781 persuadendi
2821 3711 2931 3765 vim
2980 3710 3283 3781 Cyzicenos
3353 3708 3637 3765 demulsos

2052 3806 2120 3859 ad
2179 3805 2500 3875 opinionem
2562 3819 2717 3858 suam
2778 3805 3150 3875 pertraheret.
3214 3804 3301 3859 Et.
3343 3812 3633 3873 postquam

2053 3895 2365 3951 Eunomius
2387 3893 2645 3967 Cyzicum
2675 3896 2851 3960 venit,
2892 3895 3436 3969 ecclesiasquidem,
3469 3896 3634 3950 Eleu-

2053 3991 2136 4045 sio
2187 3989 2541 4059 imperatoris
2582 3989 2741 4060 jusm
2795 3988 3066 4058 expulso,
3133 4002 3339 4043 vacuas
3384 3988 3633 4058 recepit,

2053 4084 2211 4153 plebs
2231 4092 2441 4147 autem,
2476 4080 2696 4135 Eleusio
2724 4081 3057 4150 obsequens,
3087 4088 3243 4135 extra
3276 4080 3470 4136 urbem
3501 4095 3637 4138 con-

2052 4186 2255 4231 ventus
2291 4175 2511 4245 agebat.
2563 4173 2670 4229 Sed
2722 4174 2790 4229 de
2851 4174 3130 4228 Eunomio
3176 4182 3235 4228 et
3276 4174 3397 4243 ejus
3436 4173 3632 4229 haeresi

2054 4284 2155 4323 suo
2182 4269 2306 4323 loco
2338 4268 2502 4338 paulo
2547 4277 2671 4337 post
2713 4266 2919 4321 dicam.
2950 4267 3156 4323 Verum
3187 4266 3478 4322 enimvero
3516 4284 3626 4321 non

359 4359 623 4423 ίεὺοντες
653 4359 762 4411 τῶν
795 4358 928 4412 ἰσων
969 4358 1159 4410 κακῶν
1190 4361 1333 4412 κατὰ
1367 4361 1468 4430 τὴν
1498 4361 1948 4417 Κωνσταντινοὺ-

2055 4360 2218 4416 modo
2276 4359 2683 4425 Macedoniam,
2725 4362 2819 4416 sed
2880 4361 3047 4415 etiam
3103 4360 3387 4415 Nicer-num
3436 4360 3632 4429 dogma

360 4455 525 4507 πολιν
556 4452 875 4521 ἐπειρῶντο.
906 4452 1136 4521 Ἐπίσης
1163 4453 1220 4506 δὲ
1249 4455 1433 4517 αὐτοῖς
1461 4457 1557 4508 καὶ
1584 4456 1633 4508 οἱ
1658 4455 1727 4509 τὰ
1761 4455 1949 4509 Ναυά-

355 4567 457 4599 του
492 4546 840 4617 φρονοῦντες,
875 4541 972 4599 ἅτε
1004 4546 1068 4616 δὴ
1110 4548 1207 4601 καὶ
1251 4542 1399 4602 οὗτοι
1430 4550 1495 4618 τῇ
1530 4547 1625 4603 τοῦ
1651 4550 1947 4619 δμοουσίου

354 4640 487 4708 δόξῃ
525 4640 923 4709 προσκείμενοι
946 4655 959 4669 ·
997 4633 1072 4693 ὧν
1101 4639 1168 4711 δὴ
1198 4641 1414 4703 καὶτὰς
1445 4641 1749 4713 ἐκκλησίας
1771 4648 1942 4713 ἀφαι-

362 4732 576 4801 ρεῖσθαι
603 4732 820 4785 ἐκέλευε
851 4731 1132 4802 βασιλεύς*
1162 4733 1290 4795 τοὺς
1313 4735 1370 4786 δὲ
1397 4734 1591 4797 ἄλλους
1620 4737 1941 4791 ἀποκλείειν

355 4826 461 4878 οῦκ
498 4820 677 4894 εἶχεν·
711 4824 814 4894 ἤδη
844 4825 956 4895 γὰρ
978 4826 1042 4877 ὲκ
1074 4824 1277 4878 πολλοῦ
1314 4826 1505 4892 ἀφεῖλε
1537 4826 1940 4892 Κωνστάντιος.

359 4917 468 4970 Τὸν
516 4916 559 4969 δ’
613 4917 919 4970 ἐπίσκοπον
972 4916 1199 4971 ἐκείνων
1244 4916 1512 4986 ’Δγέλιον,
1576 4918 1634 4983 ὃς
1687 4920 1798 4974 ἀπὸ
1832 4921 1945 4975 τῶν

358 5008 780 5061 Κωνσταντίνου
815 5009 1024 5078 χρόνων
1046 5010 1145 5079 τῆς
1174 5009 1286 5063 τῶν
1318 5008 1683 5065 Ναυατιανῶν
1714 5010 1947 5084 Ἐκκλη-

359 5100 489 5162 σίας
547 5100 756 5169 ἡγεῖτο.
792 5102 888 5152 καὶ
947 5100 1242 5171 ὑπερόριον
1294 5102 1575 5154 ἐποιεῖτο·
1624 5102 1851 5166 ἐλέγετο
1887 5104 1944 5156 δὲ

356 5185 539 5254 οὗτος,
571 5193 645 5255 ὡς
678 5193 961 5258 Σωκράτει
992 5193 1162 5257 δοκεῖ,
1198 5192 1522 5263 θαυμασίοις
1567 5194 1742 5265 βιοῦν.
1776 5195 1852 5248 Τό
1884 5211 1942 5248 τε

358 5290 475 5355 γὰρ
507 5287 565 5339 ἐν
606 5287 901 5358 φιλοσοφίᾳ
927 5288 1189 5357 μέγιστον
1214 5286 1499 5358 ἐκέκτητο,
1527 5289 1772 5359 κτήσεως
1794 5288 1942 5342 ἁπά-

359 5396 464 5453 σης
490 5381 586 5433 καὶ
612 5382 918 5454 χρημάτων
942 5382 1224 5453 ἐλεύθερος
1257 5381 1334 5435 ὢν
1355 5398 1369 5412 ⁸
1400 5384 1496 5435 καὶ
1524 5384 1558 5451 ὴ
1606 5382 1804 5454 ἀγωγὴ
1846 5384 1942 5437 τὸν

357 5474 605 5543 ἐργάτην
652 5475 901 5527 ἐδείκνυ·
937 5477 1019 5528 ἑνὶ
1066 5476 1176 5545 γὰρ
1239 5475 1551 5546 χιτωνίσκῳ
1600 5477 1942 5547 σκεπόμενος

2057 4452 2484 4524 comprobantes
2534 4452 3018 4523 Constantinopoli
3058 4451 3267 4507 eisdem
3319 4451 3636 4507 adicieban-

2056 4556 2147 4601 tur
2178 4548 2339 4603 malis
2370 4565 2384 4602 :
2419 4562 2601 4614 neque
2639 4561 2707 4601 eo
2745 4547 2932 4601 minus
2977 4547 3143 4601 etiam
3182 4544 3503 4607 Novatiani,
3534 4547 3628 4616 qui

2053 4652 2110 4697 et
2147 4640 2257 4712 ipsi
2305 4639 2799 4697 consubstantialis
2840 4639 3246 4710 professionem
3294 4639 3634 4707 complecte-

2051 4735 2292 4801 bantur;
2345 4740 2688 4803 quapropter
2739 4733 2821 4788 eis
2869 4747 3094 4803 quoque
3145 4731 3427 4786 ecrlesias
3460 4730 3631 4785 adimi

2054 4828 2358 4898 imperator
2417 4835 2778 4896 praeceperat.
2834 4824 2987 4879 Alios
3037 4834 3325 4894 praeterea,
3359 4839 3502 4895 quos
3531 4839 3632 4878 ex-

2053 4918 2324 4982 cluderet,
2366 4931 2476 4971 non
2525 4915 2794 4979 habebat;
2838 4927 3000 4970 antea
3043 4915 3193 4969 enim
3231 4914 3442 4970 dudum
3487 4915 3633 4972 Con-

2053 5010 2291 5065 stantius
2350 5007 2630 5064 bzereticis
2692 5008 2924 5079 reliquis
2985 5010 3253 5064 ecclesias
3325 5010 3629 5080 eripuerat.

2054 5103 2303 5175 Agelium
2365 5118 2587 5174 quoque
2651 5104 3005 5174 episcopum.
3060 5106 3153 5175 qui
3203 5121 3232 5161 a
3279 5105 3640 5162 Constantini

2053 5197 2422 5269 temporibus,
2464 5198 2532 5252 ad
2577 5210 2708 5253 eum
2762 5213 2936 5268 usque
2985 5200 3154 5265 diem,
3193 5201 3628 5257 Novatianorum

2049 5290 2303 5347 ecclesiis
2359 5301 2631 5361 νείκει-ιιι,
2678 5292 2733 5346 in
2785 5294 3041 5348 exsilium
3091 5293 3288 5349 Valens
3337 5294 3470 5363 egit.
3525 5291 3630 5359 Qui

2050 5384 2735 5455 sane,.quemadmodum
2790 5385 3001 5441 Socrati
3054 5387 3297 5450 videtur,
3348 5385 3631 5441 admiran-
3723 5438 3733 5448 ,

2050 5468 2174 5531 dain
2218 5477 2333 5546 egit
2374 5478 2567 5532 vitam.
2602 5477 2738 5533 Nam
2781 5478 2835 5533 in
2869 5494 2958 5543 eo,
2991 5479 3137 5549 quod
3180 5479 3236 5533 in
3279 5478 3629 5550 philosophia

433 5659 508 5728 (ί)
548 5659 611 5715 Ει
638 5658 801 5715 simul
833 5661 899 5716 de
932 5662 980 5717 vi
1023 5662 1128 5717 sibi
1161 5663 1309 5718 illata
1344 5671 1704 5733 conquestus.
1732 5661 1890 5718 Socr.
1936 5660 2033 5716 lib.
2077 5678 2152 5728 xv,
2187 5676 2308 5732 cap.
2345 5664 2395 5717 6.
