3986 6190
447 205 553 267 599

1683 232 2108 298 NICEPHORI
2146 236 2493 303 CALLISTI
3592 243 3685 304 δθο

443 315 741 426 maximum
774 331 878 387 est,
911 324 1014 382 fuit
1043 346 1057 385 :
1089 336 1470 400 possessiones
1501 343 1651 398 enim
1696 346 1878 404 nullas
1926 364 2018 404 ne-

2133 351 2366 407 διετέλει
2390 395 2407 419 ,
2438 356 2549 417 τοῖς
2581 354 2731 426 ὅροις
2783 352 2881 409 τοῦ
2910 332 3246 421 Εὐαγγῖελῖου
3307 351 3551 423 occipiat,
3599 360 3686 409 ttat

442 418 552 471 quc
582 406 884 515 quidquam
926 419 1175 482 pecunia:
1210 423 1423 481 habuit.
1459 429 1525 485 Et
1562 431 1685 489 vita:
1714 435 1837 506 ejus
1865 438 2018 495 insti-

2128 406 3145 515 summa;si,;*s'a..'taa.e;..
3175 406 3251 498 oi.
3277 406 3461 512 πολλᾷ
3479 406 3686 498 agis;

444 506 624 554 tutum
684 501 737 555 id
793 507 1027 564 maxime
1081 512 1404 573 declaravit.
1462 520 1634 580 Unica
1680 501 1829 583 enim
1868 542 2022 588 veste

439 603 738 649 contentus
768 596 905 663 fuit,
962 610 1019 654 et
1059 609 1395 678 evaugelicis
1445 614 1687 675 decretis
1732 621 2018 691 insistens,

440 682 830 741 calceamentis
875 705 1008 745 usus
1058 710 1168 749 non
1208 709 1314 756 est.
1360 701 1631 762 Cmterum
1687 727 1796 767 non
1847 682 2021 770 multo

441 782 592 841 post,
626 776 697 830 ab
729 778 923 834 exsilio
959 797 1278 857 revocatus,
1313 795 1583 854 ecclesias
1622 816 1750 857 suas
1788 807 2021 875 recepit,

542 867 717 923 libere
768 870 822 923 in
870 874 953 930 eis
1002 892 1313 938 conventus
1354 889 1489 957 egit.
1531 891 1686 954 Quod
1733 906 1792 949 ut
1838 867 2017 964 fieret,

437 953 751 1015 Marcianus
779 964 1004 1033 quidam
1037 970 1241 1035 effecit,
1274 975 1358 1030 vir
1388 953 1495 1032 sita
1528 953 1690 1037 simul
1722 995 1779 1039 et
1805 953 2020 1042 doctri;

437 1062 508 1100 na
543 1049 842 1108 admodum
875 1070 1180 1128 spectatus,
1233 1068 1329 1136 qui
1364 1069 1572 1125 diutum
1604 1074 1825 1141 quidem
1857 1095 2020 1134 suum

438 1140 493 1193 in
546 1142 904 1214 imperatoria
945 1155 1072 1208 aula
1130 1158 1455 1219 obtinuerat
1497 1165 1721 1235 locum,
1768 1177 1881 1224 tum
1925 1190 2023 1227 au-

438 1240 557 1290 tem‘
599 1244 743 1308 apud
796 1243 1131 1305 Novatianos
1166 1253 1219 1308 in
1264 1258 1716 1329 presbyterorum
1762 1264 2018 1319 ordinem

436 1342 754 1401 cooptatus,
797 1338 1150 1409 imperatoris
1195 1346 1334 1403 filias
1373 1350 1722 1408 Auastasiam
1758 1364 1813 1410 et
1848 1357 2021 1412 Caro-

436 1434 553 1474 sam
594 1424 966 1493 grammaticae
1013 1446 1286 1506 praecepta
1335 1440 1596 1506 docebat,
1641 1446 1746 1500 sub
1781 1464 2017 1518 quarum

438 1514 664 1571 nomine
724 1520 942 1585 publica
1004 1524 1223 1584 lavacra
1282 1531 1761 1608 Constantinopoli
1819 1541 2021 1597 Valens

436 1612 768 1665 construxit.
825 1614 986 1687 119
1036 1617 1169 1688 Ejus
1221 1624 1320 1677 viri
1367 1629 1541 1697 gratia
1586 1629 2018 1688 Novatianorum

2133 550 2226 606 ρον
2262 536 2654 607 μετακληθεὶς,
2674 538 2777 599 τὰς
2801 537 2892 590 ὑπ’
2922 538 3089 591 αὐτὸν
3126 537 3433 606 ἐκκλησίας
3451 537 3682 607 κατέσχε,

2129 628 2225 681 καὶ
2277 629 2450 693 ἀδεῶς
2483 630 2841 700 ὲκκλησίαζε.
2883 630 3154 701 Πρόξενος
3196 628 3255 682 δὲ
3306 627 3514 681 τούτων
3554 628 3684 697 αὖτῷ

2128 719 2449 788 Μαρκιανός
2485 738 2539 773 τι
2576 722 2821 788 ἐγένετο,
2874 724 3017 792 ἀνὴρ
3057 720 3156 791 βίῳ
3181 722 3281 774 καὶ
3323 718 3471 789 λόγῳ
3496 719 3686 788 Θαυμα-

2128 810 2259 873 aito;
2283 811 2465 873 συζῶν
2486 830 2501 844 ·
2540 813 2599 874 ὃς
2629 814 2798 867 πάλαι
2821 814 2923 883 μὲν
2963 816 3023 866 ὲν
3050 816 3164 875 τοῖς
3188 813 3516 880 ἀνακτόροις
3541 828 3685 879 στρα-

2123 901 2277 966 τείας
2309 903 2611 972 ἐπείληπτο
2633 922 2647 937 ο
2683 908 2803 959 τότε
2854 906 2901 958 δ’
2932 906 3184 976 ἱερᾶσθαι
3216 905 3408 975 λαχὼν
3433 903 3684 958 Numana-

2124 993 2255 1058 νοῖς,
2321 994 2422 1056 τάς
2483 993 2753 1062 βασιλέως
2807 995 3145 1065 θυγατέρας,
3189 995 3554 1049 Ἀναστασίαν
3598 996 3683 1048 καὶ

2124 1082 2421 1155 Καρῶσαν,
2457 1085 2651 1154 λόγους
2712 1087 3143 1158 γραμματικοὺς
3195 1086 3577 1150 ὲξεπαίδευεν·
3617 1080 3680 1139 ὧν

2125 1174 2221 1228 καὶ
2282 1176 2351 1229 ea
2408 1176 2646 1247 δημόσια
2697 1181 2901 1248 λουτρὰ
2950 1181 3017 1248 τῇ
3077 1180 3495 1232 Κωνσταντίνου
3535 1196 3683 1231 κατα⁹

2127 1269 2500 1323 σκευασθέντα
2561 1271 2778 1340 Οὐάλης
2831 1272 3031 1327 ἐποίει.
3085 1271 3237 1325 Aiaci
3271 1271 3454 1323 τοίνυν
3484 1271 3683 1340 τάνδρὸς

2128 1361 2268 1429 πρὸς
2303 1360 2484 1429 ὀλίγον
2518 1363 2577 1415 αί
2621 1365 2730 1416 τῶν
2789 1362 3152 1418 Ναυατιανῶν
3209 1364 3505 1434 ἐκκλησίαι
3549 1364 3679 1416 κλει-

2128 1454 2342 1508 σοεῖσαι
2398 1453 2557 1519 αὖθις
2621 1458 2907 1527 ἠνοίγοντο
2932 1473 2949 1489 θ
2984 1457 3047 1512 ού
3087 1459 3275 1527 μέντοι
3324 1457 3418 1510 καὶ
3444 1454 3579 1509 οὕτω
3600 1460 3684 1525 τῆς

2126 1548 2190 1600 ὲκ
2218 1549 2329 1600 τῶν
2360 1550 2667 1621 Ἀρειανῶν
2696 1550 2948 1624 ταραχῆς
2980 1550 3335 1604 παντάπασιν
3378 1544 3514 1622 ἦσαν
3554 1548 3685 1601 ἐλεύ-

2134 1635 2287 1709 θεροι
2313 1655 2327 1670 ο
2371 1640 2459 1693 διὰ
2492 1641 2684 1710 μίσους
2714 1643 2823 1712 γὰρ
2852 1637 2996 1713 ἦσαν
3028 1642 3242 1707 αὐτοῖς,
3274 1641 3468 1711 ὅτιπερ
3490 1639 3607 1702 τοὺς
3633 1642 3684 1691 τὸ

435 1699 707 1770 ecclesia»,
760 1705 829 1759 ad
881 1708 1052 1765 breve
1107 1720 1323 1783 tempus
1371 1719 1592 1785 clausae,
1629 1738 1846 1778 rursum
1895 1735 2018 1781 sunt

2126 1699 2304 1802 6'5er
2336 1732 2431 1796 τῆς
2459 1699 2517 1786 ἐν
2551 1699 2758 1807 Νικαίᾷ
2789 1699 3029 1798 πίστεως
3060 1699 3546 1806 ὑπερασπίζοντας
3566 1699 3682 1801 ilva-

437 1803 662 1860 apertae.
702 1796 808 1851 Sed
841 1814 910 1853 ne
938 1816 1006 1856 eo
1043 1805 1265 1874 quidem
1303 1822 1463 1878 pacto
1497 1829 1725 1882 prorsus
1758 1818 1826 1870 ab
1861 1818 2021 1873 Aria-

435 1899 635 1938 norum
691 1889 869 1946 turbis
927 1894 1082 1950 fuere
1139 1897 1413 1958 immunes
1466 1921 1480 1958 :
1525 1907 1621 1975 qui
1677 1906 1757 1963 eis
1815 1908 2019 1966 infensi

2131 1841 2246 1877 πων
2279 1826 2489 1897 σφόδρα
2512 1828 2608 1881 καὶ
2639 1828 2925 1899 ἔστεργον,
2953 1828 3157 1899 καίπερ
3186 1826 3314 1882 κατ’
3360 1825 3522 1896 ἄλλην
3547 1812 3682 1891 δόξαν

2129 1917 2361 1971 πλεῖστα
2388 1920 2799 1992 διαφερόμενοι.

434 1992 729 2057 propterea
759 1997 937 2052 erant,
1010 1992 1159 2061 quod
1205 1994 1442 2053 Nicaenre
1489 2000 1612 2055 fidei
1652 2000 1923 2071 dogmatis
1995 2006 2314 2068 defensores
2362 2011 2521 2069 valde
2605 2028 2860 2071 amarent
2892 2025 2950 2073 et
2987 2015 3521 2088 complecterentur,
3579 2011 3683 2067 aliis

437 2082 792 2154 opinionibus
828 2085 1126 2154 plurimum
1157 2089 1226 2144 ab
1254 2090 1363 2184 illis
1391 2091 1747 2152 dissidentes.

1046 2209 1270 2271 CAPUT
1320 2215 1407 2272 VI.

434 2297 980 2377 De_il_l_aredouianis,
1025 2312 1075 2359 et
1119 2307 1223 2361 τοῦ
1265 2311 1618 2377 ὀμοουσίου,
1670 2315 2021 2370 οοηδιιὸειαηι

506 2371 677 2455 tiqlis,
731 2374 1043 2443 cultoribus,
1081 2387 1129 2433 et
1169 2379 1232 2433 de
1271 2371 1534 2450 legatione
1562 2371 1771 2452 piorum
1793 2384 2018 2441 Romam

506 2458 691 2497 πιιδεα.

506 2535 757 2591 Eudoxio
800 2545 856 2592 et
901 2539 1269 2609 popularibus
1307 2545 1732 2620 ejusadversus
1765 2563 1864 2604 eos
1916 2548 2012 2619 qui

435 2628 653 2684 sincere
703 2629 981 2687 Nicmnam
1025 2633 1280 2691 colebant
1341 2636 1505 2693 fidem
1561 2653 1795 2699 conatus
1844 2648 2017 2712 probe

435 2721 739 2778 succedere
773 2724 874 2780 visi
917 2735 1068 2782 sunt.
1114 2728 1248 2784 Nam
1292 2730 1350 2786 in
1381 2733 1616 2787 maxima
1654 2734 1886 2790 ditionis
1914 2736 2019 2792 Va-

435 2815 603 2871 lentis
631 2826 805 2888 parte,
838 2831 896 2875 et
935 2822 1287 2890 potissimum
1325 2824 1382 2878 in
1420 2824 1802 2895 Hellesponto,
1844 2827 2020 2883 Thra-

436 2909 559 2970 cia,
602 2908 856 2981 Bithynia
893 2920 1063 2983 atque
1118 2915 1241 2969 aliis
1296 2915 1352 2969 in
1409 2917 1652 2973 circuitu
1706 2920 1908 2977 vicinis
1962 2933 2019 2978 et

2725 2226 2980 2280 ΚΕΦΑΛ.
3036 2222 3133 2292 ς’.

2122 2320 2263 2388 Περὶ
2290 2319 2409 2373 τῶν
2430 2315 2897 2374 Μακεδονιανῶν
2920 2316 3026 2388 ξιαί
3052 2314 3193 2388 τῶν-
3226 2308 3677 2388 ερρονούηοζνμτό

2194 2383 2559 2460 δμοούσιονξ
2583 2389 2681 2443 καὶ
2715 2388 2849 2456 περί
2869 2385 2982 2455 τῆς
3006 2389 3095 2453 εις
3128 2384 3371 2455 Ῥώμην
3391 2383 3680 2452 πρεσϐείας

2194 2458 2312 2515 τῶν
2338 2458 2628 2514 εὐσεϐῶν.

2190 2555 2299 2607 Καὶ
2324 2552 2463 2620 πρὸς
2495 2551 2594 2622 μὲν
2629 2551 2759 2614 τοὺς
2792 2550 3116 2621 ἀκραιφνῶς
3151 2550 3258 2623 τὴν
3288 2551 3347 2603 ἐν
3379 2547 3576 2618 Νικαίᾳ
3604 2544 3681 2598 σέ-

2125 2648 2321 2710 ϐοντας
2340 2646 2525 2699 πίστιν
2551 2645 2704 2717 παρά
2726 2647 2839 2708 τοῖς
2873 2647 3000 2715 περὶ
3021 2645 3280 2710 Εὐδόξιον
3307 2639 3675 2712 κατορθοῦσθαι

2125 2740 2303 2794 ἐδόκει
2355 2742 2418 2792 τὸ
2474 2736 2914 2807 σπουδαζόμενον
2936 2753 2950 2768 ο
2986 2737 3066 2808 τῷ
3097 2741 3214 2809 γὰρ
3266 2737 3500 2804 πλείστῳ
3534 2732 3674 2803 μέρει

2124 2836 2223 2905 τῆς
2254 2833 2615 2902 ἐπικρατείας
2638 2829 2962 2895 Οὐάλεντος,
2995 2832 3088 2885 καὶ
3131 2831 3372 2900 μάλιστα
3405 2828 3503 2882 ἀνά
3521 2843 3573 2879 τε
3597 2825 3676 2878 τὸν

2135 2927 2537 2997 Ἑλλήσποντον
2567 2927 2664 2981 καὶ
2696 2925 2922 2996 Θρᾴκην
2950 2924 3045 2976 καὶ
3082 2923 3369 2988 Βιθυνίαν,
3397 2922 3487 2975 καὶ
3510 2919 3586 2972 ἔτι
3617 2917 3676 2970 τά

439 2999 797 3056 ulterioribus
837 3003 1003 3057 etiam
1048 3005 1233 3066 terris,
1263 3020 1444 3075 neque
1486 3007 1746 3064 ecclesiis
1784 3011 1896 3080 jam
1939 3010 2018 3067 illi

2126 3016 2314 3087 κύκλῳ
2347 3014 2555 3069 τούτων
2594 3014 2690 3068 καὶ
2714 3015 3073 3085 προσωτέρω,
3099 3012 3232 3067 οὔτε
3264 3011 3561 3082 ἐκκλησιῶν
3590 3005 3675 3080 ἦρ-

437 3093 737 3161 ιπωίυθτθ,
772 3110 952 3165 neque
980 3096 1276 3166 episcopos
1305 3111 1437 3152 suos
1469 3098 1733 3155 habuere.
1769 3102 2019 3158 Macedo-

435 3187 618 3240 nianis
660 3197 868 3252 autem,
901 3189 994 3258 qui
1043 3190 1303 3259 permulti
1354 3191 1409 3246 in
1448 3192 1675 3263 regione
1705 3209 1768 3249 ea
1804 3204 2016 3251 rectam

431 3280 546 3350 jam
594 3289 984 3337 eonsectantes
1042 3284 1377 3339 sententiam
1428 3293 1619 3349 erant,
1672 3302 1784 3340 non
1839 3289 2019 3343 minus

437 3372 649 3437 infesti,
686 3371 1066 3428 inhumaniter
1091 3381 1149 3429 et
1172 3373 1323 3444 ipsos
1352 3384 1484 3431 sunt
1508 3377 1810 3445 persecuti.
1838 3377 2018 3446 Atque

438 3466 527 3519 isti
560 3474 787 3536 propter
825 3466 1175 3521 imminentia
1218 3468 1358 3522 mala
1400 3468 1606 3538 oppido
1636 3467 1689 3522 in
1719 3481 2014 3539 angustum

439 3558 674 3626 redacti,
705 3560 796 3614 alii
840 3560 906 3614 ad
943 3560 1084 3617 alios
1110 3577 1211 3632 per
1244 3561 1411 3617 urbes
1451 3562 1655 3633 legatos
1686 3563 1890 3617 misere
1917 3579 1933 3616 :
1962 3571 2020 3617 et

441 3653 661 3709 tandem
711 3653 775 3707 ad
825 3653 1047 3709 fratrem
1086 3654 1332 3710 Valentis
1379 3655 1606 3710 Romam
1658 3654 1761 3710 sibi
1816 3654 2013 3710 confu-

437 3745 724 3819 giendum,
755 3756 809 3801 et
862 3762 986 3800 cum
1034 3746 1261 3801 Liberio
1296 3746 1502 3819 potius,
1535 3747 1693 3815 cujus
1728 3746 1853 3801 ﬁdei
1888 3761 2017 3817 pro-

438 3838 735 3893 fessionem
801 3840 1299 3908 amplectebantur,
1356 3855 1520 3913 quam
1576 3854 1703 3897 cum
1765 3839 2015 3896 Eudoxio

438 3922 961 3989 communicandum
991 3948 1114 3990 esse
1144 3945 1410 3990 statuere.
1444 3934 1631 4004 Itaque
1666 3933 2014 3989 Eustathium

2125 3124 2221 3177 χον
2245 3122 2261 3140 ·
2301 3106 2651 3177 ἀφῃρημένοι
2682 3104 2740 3157 δὲ
2768 3107 2866 3158 καὶ
2901 3104 3010 3158 τῶν
3046 3105 3309 3173 ἱερᾶσθαι
3365 3102 3567 3163 τούτοις
3595 3100 3675 3196 la-

2125 3198 2332 3269 χόντων
2366 3193 2530 3266 ἦσαν.
2557 3194 2696 3265 Πρὸς
2729 3194 2788 3247 δὲ
2818 3194 2948 3256 τοὺς
2971 3193 3037 3246 τὰ
3073 3192 3416 3248 Μακεδονίου
3444 3192 3676 3260 φρονοῦν-

2124 3308 2250 3354 τας,
2318 3288 2711 3343 πολλαπλάσιοι
2760 3285 2868 3355 γὰρ
2900 3281 3043 3356 ἦσαν
3095 3285 3209 3338 ἀνά
3261 3283 3378 3338 τόδε
3413 3283 3471 3336 τὸ
3528 3280 3675 3348 κλίμα

2126 3377 2276 3438 οὗτοι
2320 3381 2429 3434 τῶν
2461 3378 2601 3448 ὀρθά
2655 3380 2875 3447 φρονεῖν
2907 3376 3239 3448 ᾑρημένων,
3289 3373 3676 3445 χαλεπαίνοντες

2126 3473 2339 3534 τούτοις
2367 3469 2601 3543 σφόδρα,
2643 3466 3035 3540 ἀπανθρώπως
3084 3466 3338 3521 ἐδίωκον.
3396 3465 3457 3517 Ol
3480 3462 3545 3515 δὲ
3584 3460 3676 3515 τῶν

2124 3563 2499 3635 ἐπικειμένων
2529 3562 2722 3616 κακῶν
2759 3559 2840 3631 τῷ
2869 3561 2979 3614 δέει
3008 3557 3529 3630 στενοχωρούμενοι,
3559 3551 3676 3622 πρὸς

2122 3656 2389 3727 ἀλλήλους
2427 3655 2570 3709 κατά
2594 3653 2779 3717 πόλεις
2801 3650 3363 3735 διαπρεσὸευόμενοι,
3395 3648 3499 3701 δεῖν
3522 3642 3674 3699 ἐδοκί-

2130 3751 2304 3820 μαζον
2328 3746 2420 3800 ὲπί
2443 3763 2503 3799 τε
2525 3747 2618 3799 τὸν
2646 3745 2879 3814 ἀδελφὸν
2909 3743 3222 3805 Οὐάλεντος
3257 3738 3605 3809 καταφεύγειν
3625 3734 3675 3795 ἐς

2139 3838 2384 3908 Ῥώμην,
2415 3824 2658 3909 Λιόερῖῳ
2687 3854 2747 3891 τε
2782 3839 3087 3903 κοινωνεῖν,
3138 3836 3173 3908 ἢ
3205 3836 3320 3899 τοῖς
3364 3833 3488 3904 περὶ
3528 3826 3673 3884 Εὐδό-

2125 3934 2238 4000 ξιον
2269 3934 2368 4005 (a).

440 4029 729 4097 Sebastiaa,
762 4034 852 4086 cui
904 4031 1202 4101 aliquoties
1246 4033 1501 4103 adempta
1552 4031 1735 4087 fuerat
1777 4031 2041 4101 dignitas,
2080 4041 2138 4087 et
2181 4031 2478 4101 Sylvanum
2515 4031 2672 4086 Tarsi
2714 4030 2943 4097 Cilicia,
3003 4041 3173 4101 atque
3213 4027 3562 4100 Theophilum
3587 4021 3672 4078 Ca-

438 4127 775 4189 stabalorum
812 4127 886 4198 (l)
919 4128 1208 4197 episcopos
1250 4128 1478 4182 Romam
1516 4129 1789 4199 legarunt,
1821 4130 2013 4199 eisque
2056 4128 2389 4183 mandarunt
2431 4138 2491 4182 ut
2532 4145 2600 4184 ne
2645 4144 2772 4183 eum
2811 4127 3035 4183 Liberio
3077 4127 3149 4183 de
3227 4126 3334 4182 fide
3409 4118 3673 4181 contende-

440 4236 600 4289 rent,
655 4224 748 4281 sed
806 4224 993 4293 potius
1052 4239 1176 4280 cum
1235 4226 1484 4281 Romana
1540 4228 2018 4281 communicarent
2092 4225 2378 4292 Ecclesia,

2452 4242 2518 4282 ac
2568 4225 3057 4282 consubstantialis
3107 4223 3496 4295 professionem
3543 4230 3671 4272 com-

438 4319 765 4392 probarent.
807 4320 888 4375 llli
939 4336 1063 4375 cum
1121 4321 1325 4376 litteris
1372 4336 1587 4386 eorum,
1622 4324 1717 4392 qui
1775 4323 1846 4380 ab
1891 4323 2016 4378 aliis
2057 4322 2326 4379 Seleuciae
2373 4323 2644 4393 segregati
2724 4321 2970 4386 fuerant,
3009 4321 3066 4375 in
3136 4321 3345 4376 Italiam
3378 4326 3666 4389 pervenere,

438 4422 605 4484 atque
656 4413 733 4471 ibi
785 4416 1171 4484 imperatorem
1221 4412 1692 4481 Valentinianum,
1762 4428 2051 4487 propterea
2095 4418 2241 4487 quod
2308 4417 2365 4471 in
2394 4415 2570 4472 Gallia
2598 4413 2675 4485 (2)
2704 4425 2897 4470 contra
2935 4413 3290 4470 Sauromatas
3318 4411 3508 4466 bellum
3536 4418 3666 4475 gere-

440 4520 523 4551 tot
582 4526 690 4551 nnn
737 4511 990 4551 vitiarunt
1062 4510 1199 4551 Cum
1254 4522 1435 4551 mulam
1486 4512 1711 4551 [ilum-in
1791 4514 2056 4551 aniclnloa
2114 4530 2253 4551 nIIOR
2303 4529 2494 4551 annum
2550 4513 2844 4551 nllnlnrnnl
2919 4510 3180 4551 nﬂ'm-rpnl
3242 4509 3477 4551 rer-inore
3510 4502 3556 4551 is
3586 4468 3712 4551 €33!

396 4520 548 4611 ἔτει,
580 4526 692 4566 non
737 4511 1012 4568 viderunt.
1062 4510 1200 4570 Cum
1252 4522 1436 4567 autem
1485 4512 1711 4569 Liberio
1791 4514 2058 4584 epistolas
2114 4530 2254 4586 quas
2303 4529 2494 4573 secum
2548 4513 2851 4568 attulerant
2919 4510 3206 4574 offerrent,
3242 4509 3477 4577 recipere
3507 4509 3701 4611 isne”:

399 4594 626 4667 irenuit
660 4650 677 4676 ,
724 4607 960 4663 Arianos
1010 4622 1109 4662 eos
1152 4622 1306 4670 esse,
1358 4622 1463 4663 nec
1542 4607 1612 4663 ab
1660 4607 1903 4664 Ecclesia
1984 4623 2083 4663 sua
2122 4610 2346 4680 agnosci
2397 4622 2581 4678 posse,
2628 4608 2722 4677 qui
2771 4607 3046 4661 Nicaenam
3096 4603 3461 4660 abolevissent
3505 4594 3691 4702 ίίιίειηοτ

439 4704 651 4760 dicens.
700 4704 800 4761 Cui
854 4704 934 4760 illi
975 4704 1406 4775 responderunt,
1480 4720 1541 4760 se
1594 4720 1693 4774 per
1744 4704 2043 4776 legitimam
2101 4706 2487 4776 paenitentiam
2552 4704 2620 4759 ad
2685 4703 2941 4757 veritatis
3011 4701 3384 4772 cOgnitionem
3432 4691 3659 4796 rediisse.

437 4801 771 4856 sententiam
819 4801 915 4855 τοῦ
962 4802 1219 4871 ἀνομοίου
1255 4801 1547 4873 abiecisse,
1587 4812 1642 4859 et
1684 4802 1880 4857 Filium
1950 4817 2049 4871 per
2087 4801 2273 4857 omnia
2323 4801 2468 4854 Patri
2516 4800 2756 4856 similem
2825 4798 3105 4869 professos
3134 4812 3256 4852 esse
3283 4782 3660 4889 ιᾉιΞΟΔΙιξξιῙΙξ

438 4911 548 4965 que
607 4896 676 4951 ab
727 4895 1039 4963 όμοουσίου,
1080 4895 1577 4962 eousubstantiali,
1629 4897 1775 4950 κατά
1831 4897 2008 4951 πάντα

2126 4913 2263 4957 οιον,
2289 4895 2396 4949 hoc
2433 4906 2540 4959 est,
2582 4911 2680 4966 per
2711 4894 2894 4950 omnia
2926 4893 3186 4955 similem,
3212 4877 3659 4990 diﬂ'erre."9ll‘i'b"9

437 4989 628 5047 verbis
682 4986 907 5053 auditis,
947 4986 1205 5042 Liberius
1254 4987 1653 5057 professionem
1709 5001 1904 5043 eorum
1954 4987 2009 5040 in
2053 4986 2323 5056 scriptum
2392 4986 2620 5041 relatam
2663 4984 2731 5038 ab
2775 4985 2858 5038 eis
2903 4982 3106 5053 exegit.
3133 4982 3307 5049 Atque
3336 4975 3412 5030 illi
3440 4970 3654 5027 libellum

438 5088 513 5153 ei,
553 5087 752 5156 inquo
786 5084 953 5139 etiam
984 5084 1260 5140 Nicaenam
1332 5083 1494 5141 iidem
1567 5084 1942 5147 inseruerunt,
1985 5083 2336 5139 obtulerunt.
2410 5082 2682 5154 Epistolas
2733 5081 2979 5151 quidem,
3021 5093 3159 5150 quas
3224 5089 3407 5130 secum
3452 5068 3655 5136 Smyrna

438 5197 507 5238 ex
538 5179 666 5236 Asia
695 5186 752 5233 et
803 5190 871 5231 ex
922 5175 1151 5241 Pisidia,
1188 5176 1419 5235 Isauria.
1469 5176 1797 5247 Pamphylia
1848 5185 1906 5231 et
1961 5176 2151 5247 Lycia,
2212 5177 2303 5231 ubi
2351 5184 2661 5230 conventus
2707 5182 2963 5241 egerant,
2997 5172 3253 5232 attulere,
3286 5167 3654 5265 propter-Pl???

437 5277 708 5333 lixizatem
750 5278 843 5334 hic
877 5294 989 5335 non
1032 5279 1287 5348 apposui.
1328 5276 1577 5335 Libellus
1642 5286 1849 5339 autem,
1921 5284 2086 5345 quem
2126 5274 2452 5334 Eustathius
2505 5288 2630 5333 cum
2685 5272 2911 5340 collegis
2965 5268 3083 5324 suis
3131 5262 3349 5323 Liberio
3392 5254 3552 5316 dedit,
3586 5254 3654 5303 sic

439 5372 646 5429 habet:

513 5492 814 5559 (liCilieiae
841 5495 952 5549 haec
984 5494 1176 5550 civitas
1203 5501 1304 5549 est.
1341 5490 1546 5563 (Socr.)

514 5564 590 5631 (‘2)
634 5565 1031 5632 Ecclesiastica:
1091 5566 1338 5620 historiae
1397 5563 1698 5632 scriptores
1761 5563 2015 5632 videntur

441 5630 625 5689 Canes
660 5630 717 5685 et
736 5635 1038 5689 Germanos
1073 5652 1172 5705 pro
1207 5635 1400 5688 eadem
1432 5630 1592 5703 gente
1637 5633 1914 5688 habuisse.
1959 5630 2018 5687 lu

2121 5482 2367 5541 Gratiani
2404 5482 2572 5537 rebus
2611 5478 2753 5535 infra
2780 5477 3136 5532 Almanorum
3169 5482 3364 5525 nomen
3391 5455 3647 5531 reperitur.

2125 5565 2180 5610 et
2209 5554 2517 5609 Germania:
2548 5566 2659 5606 uno
2690 5560 2857 5619 atque
2889 5546 3063 5602 altero
3090 5550 3228 5600 loco.

510 5744 584 5810 (α)
619 5742 714 5813 yic
749 5742 909 5806 deﬁcit
932 5750 1089 5798 textus
1112 5749 1307 5799 Gratus
1334 5746 1478 5812 hujus
1512 5745 1684 5811 capitis
1704 5754 1749 5801 et
1780 5745 2034 5799 duodecim
2056 5736 2374 5808 sequentium.
