3986 6190
273 252 374 317 661

1245 272 1851 337 ECCLESIASTlC/E
1893 281 2283 347 IllSTORI/E
2326 289 2470 350 Lm.
2521 250 2627 353 xi.

3450 309 3554 372 602

1733 415 1961 475 CAPUT
2001 423 2111 478 γη.

850 518 1161 616 Ὁμολιξγιά
1191 525 1310 580 τῶν
1338 528 1665 598 πρέσϐεων,
1705 537 1950 602 Λιόερίῳ
1983 539 2060 603 τῷ
2103 545 2417 605 ἐπισκόπει)
2468 543 2697 613 Ῥώμης
2725 548 2992 604 δοθεῖσα.

1093 644 1359 720 Confessio
1402 649 1695 719 legatorum
1742 652 1951 709 Liberio
1997 659 2241 729 episcopo
2289 660 2526 718 Roumno
2567 665 2820 720 exhibita.

352 771 373 804 ι
412 750 648 808 Domino
683 752 843 809 fratri
877 764 934 809 et
967 757 1193 826 collegae
1228 760 1474 825 Liberio,
1509 765 1858 834 Eustathius,
1900 778 1942 832 Α
1972 769 2456 844 Constantinopoli
2503 792 2604 846 per
2643 793 2888 836 errorem
2937 785 3411 856 subscripserunt.
3459 794 3554 848 Est

265 857 331 902 et
383 847 679 919 Sylvanus,
712 847 1056 919 Theophilus
1100 852 1336 909 salutem
1386 856 1439 911 in
1484 857 1738 915 Domino.
1780 860 1861 915 Ad

266 940 564 995 evitandas
600 939 824 995 insanas
867 940 1281 1009 hasreticnrum,
1311 947 1403 1016 qui
1451 964 1557 1003 non
1601 951 1863 1007 desinunt

268 1032 543 1087 Ecclesia:
573 1033 860 1088 catholicae
888 1034 1226 1092 oﬂ'endicula
1255 1053 1464 1105 creare,
1494 1042 1859 1112 suspicianes,

264 1132 329 1178 et
375 1125 441 1179 ad
480 1141 672 1180 earum
707 1141 930 1181 causam
971 1140 1029 1183 et
1065 1131 1416 1187 occasionem
1465 1149 1685 1190 onmem
1721 1153 1861 1207 prae-

265 1216 610 1281 cidendam,
663 1219 857 1290 synodi
899 1219 1187 1291 Lampsaci
1236 1233 1295 1277 et
1336 1223 1601 1297 Smyrnae,
1640 1238 1696 1283 et
1738 1230 1860 1285 aliis

265 1309 449 1363 variis
485 1309 540 1364 in
572 1309 713 1364 locis
739 1311 810 1364 ab
842 1312 1164 1368 orthodoxis
1202 1326 1258 1370 et
1297 1329 1448 1372 recte
1492 1320 1859 1376 sentientibus

260 1401 555 1472 episcopis
581 1403 875 1460 celebrata:
907 1405 1128 1461 decreta
1158 1409 1497 1477 proﬁtentes,
1526 1413 1671 1481 apud
1699 1414 1859 1469 boni-

266 1502 448 1549 tatem
494 1504 668 1559 tuam,
723 1505 780 1550 et
821 1495 1115 1553 universos
1164 1498 1334 1555 Italia:
1373 1502 1653 1572 totiusque
1696 1502 1851 1560 Occi-

260 1587 463 1641 dentis
513 1587 802 1657 episcopos
858 1589 1135 1659 legatione
1188 1591 1490 1663 fungimur,
1540 1605 1595 1651 et
1642 1595 1855 1652 litteras

260 1678 561 1734 aﬂ‘erimus
607 1679 934 1741 catholicam
981 1698 1081 1738 nos
1129 1684 1293 1738 ﬁdem
1342 1702 1584 1753 servare,
1627 1704 1750 1758 quae
1797 1691 1852 1745 in

258 1782 467 1826 sancta
501 1772 720 1829 Nicaena
752 1775 992 1844 synodo,
1022 1777 1128 1831 sub
1158 1777 1320 1832 beato
1354 1778 1716 1835 Constantino
1749 1780 1851 1836 im-

260 1874 552 1933 peratore,
584 1881 614 1920 a
648 1868 912 1923 trecentis
944 1867 1136 1924 decem
1181 1879 1239 1924 et
1280 1879 1406 1926 octo
1439 1872 1696 1929 Patribus
1727 1889 1854 1942 pro-

257 1960 515 2029 mulgata
562 1969 729 2030 atque
775 1961 1124 2023 conﬁrmata,
1162 1963 1432 2020 hactenus
1471 1966 1524 2019 in
1563 1976 1709 2021 statu
1749 1983 1852 2024 suo

258 2051 537 2105 inviolata
578 2062 745 2122 atque
797 2053 1023 2109 immota
1073 2054 1317 2123 duravit,
1351 2069 1516 2127 atque
1556 2060 1611 2115 in
1649 2076 1847 2130 perpe-

258 2152 424 2197 tuam
462 2143 727 2198 duratura
769 2155 855 2200 est
890 2163 905 2198 :
943 2146 995 2200 in
1038 2162 1145 2217 qua
1172 2149 1232 2200 τὸ
1269 2149 1582 2219 ὁμοούσιον,
1616 2153 1857 2208 consub-

253 2236 552 2301 stantiale,
580 2238 685 2293 rite
724 2239 926 2309 pieque
957 2250 1149 2295 contra
1178 2242 1294 2297 Arii
1329 2243 1738 2314 improbitatem
1771 2258 1857 2302 est

253 2330 661 2385 constitutum.
700 2331 999 2405 Fidemque
1032 2351 1153 2390 eam
1184 2352 1285 2392 nos
1316 2354 1424 2392 una
1452 2354 1577 2393 cum
1607 2341 1689 2395 eis
1718 2356 1856 2410 quos

253 2421 518 2476 diximus
554 2423 835 2494 episcopis
876 2437 933 2481 et
968 2442 1243 2490 servasse,
1278 2440 1335 2483 et
1361 2445 1537 2500 usque
1580 2432 1647 2486 ad
1691 2431 1853 2486 ﬁnem

254 2524 596 2571 servaturos
638 2531 783 2584 esse,
812 2520 1068 2574 manibus
1108 2521 1213 2590 ipsi
1253 2523 1457 2576 nostris
1493 2522 1852 2592 proﬁtemur;

254 2608 715 2665 condemnantes
763 2612 981 2677 Arium,
1018 2612 1359 2683 impiamque
1402 2614 1716 2670 doctrinam
1768 2630 1856 2670 se-

256 2713 631 2774 ctatoresque
683 2704 975 2775 ejusdem,
1034 2722 1255 2762 necnon
1314 2722 1535 2763 omnem
1584 2707 1856 2783 Sabellii,

256 2795 846 2865 Patripassianorum,
891 2795 1225 2863 Marcionis,
1274 2798 1529 2862 Photini,
1580 2797 1854 2864 Marcelli,

256 2888 564 2957 ipsiusque
608 2887 760 2941 Pauli
808 2886 1158 2943 Samosateni
1208 2890 1483 2955 haeresim,
1522 2888 1858 2944 doctrinam-

254 2998 382 3053 que
417 2998 633 3048 eorum,
678 2999 897 3038 necnon
940 3000 1135 3040 omnes
1167 2986 1250 3041 eis
1283 2987 1686 3056 assentientes;
1724 2997 1779 3042 et
1811 2989 1855 3044 si

256 3091 395 3143 quae
437 3083 702 3144 praeterea
747 3084 877 3130 sunt
921 3076 1043 3131 alia:
1086 3087 1249 3132 secta:
1294 3087 1499 3133 sancta:
1549 3078 1699 3140 fidei,
1736 3095 1859 3149 quae

257 3168 359 3238 pie
392 3176 559 3236 atque
583 3167 855 3223 catholice
889 3168 1088 3224 Nicaeae
1122 3184 1153 3223 a
1184 3171 1391 3225 sanctis
1420 3170 1681 3226 Patribus
1710 3187 1860 3227 com-

258 3263 454 3330 posita
488 3270 655 3331 atque
688 3262 1031 3332 promulgata
1052 3272 1155 3328 est,
1185 3267 1430 3318 adversm
1461 3273 1519 3319 et
1544 3265 1857 3331 contrarias,

254 3352 623 3407 anathemate
675 3367 899 3422 quoque
933 3353 989 3408 in
1026 3353 1222 3423 primis
1262 3355 1529 3411 ferientes
1561 3356 1856 3412 formulam

1967 876 2149 917 autent
2185 865 2319 920 fides
2350 877 2559 935 nostra,
2597 882 2762 943 atque
2802 890 2995 931 eorum
3042 895 3278 949 quorum
3324 887 3550 940 nomine

1964 955 2239 1026 legatione
2263 958 2566 1031 fungimur,
2600 965 2737 1021 ista:
2767 966 3059 1026 Credimus
3088 973 3142 1026 in
3173 991 3342 1029 unum
3374 977 3546 1033 Deum

1965 1049 2182 1106 Patrem
2215 1054 2681 1124 omnipotentem,
2708 1060 3013 1117 visibilium
3048 1075 3104 1120 et
3131 1069 3378 1123 omnium
3408 1072 3550 1126 invi-

1963 1141 2206 1197 sibilium
2248 1144 2535 1203 factorem.
2577 1151 2642 1204 Et
2675 1152 2729 1206 in
2764 1169 2934 1208 unum
2962 1157 3305 1228 unigenitum
3350 1161 3544 1230 Deum,

1964 1234 2255 1291 Dominum
2297 1248 2549 1294 nostrum
2602 1243 2793 1299 Jesum
2827 1244 3134 1315 Christum,
3179 1251 3382 1307 Filium
3429 1256 3549 1321 Dei,

1962 1340 2028 1380 ex
2069 1324 2251 1391 Patre,
2296 1330 2401 1386 hoc
2445 1340 2552 1396 est,
2591 1348 2658 1389 ex
2701 1335 3011 1394 substantia
3058 1339 3238 1398 Patris
3278 1347 3593 1415 genitum,i

1960 1413 2133 1469 Deum
2177 1417 2246 1473 de
2276 1419 2410 1483 Deo,
2447 1420 2635 1477 lumen
2681 1424 2751 1479 de
2787 1426 3020 1494 lumine,
3057 1430 3225 1487 Deum
3259 1413 3451 1489 verum
3482 1438 3551 1492 de
3584 1498 3588 1502 ,

1918 1534 1921 1538 -
1959 1505 2074 1560 Deo
2104 1524 2257 1575 vero,
2292 1513 2564 1581 genitum,
2592 1532 2704 1572 non
2750 1517 2982 1586 factum,
3016 1525 3547 1584 consubstantialem

1960 1599 2129 1667 Patri,
2155 1617 2256 1672 per
2285 1621 2449 1674 quem
2481 1609 2663 1664 omnia
2697 1610 2838 1667 facta
2869 1622 3020 1680 sunt,
3051 1633 3285 1687 quaeque
3313 1620 3368 1674 in
3405 1622 3549 1677 coelo

1959 1703 2112 1755 sunt,
2159 1710 2392 1766 quaeque
2429 1698 2483 1753 in
2522 1708 2692 1757 terra.
2733 1701 2839 1770 Qui
2886 1717 3113 1776 propter
3149 1725 3248 1764 nos
3284 1711 3541 1768 homines

1956 1793 2014 1839 et
2048 1799 2275 1858 propter
2317 1800 2565 1846 nostram
2616 1795 2849 1850 salutem
2896 1798 3219 1863 descendit,
3265 1811 3322 1857 et
3362 1803 3543 1857 incar—

1956 1888 2139 1943 natus,
2170 1890 2227 1935 et
2256 1882 2421 1939 homo
2452 1885 2650 1954 factus,
2681 1896 2737 1942 et
2768 1905 2961 1956 passus
2989 1900 3093 1945 est.
3126 1892 3193 1946 Et
3232 1897 3543 1950 resurrexit

1958 1973 2123 2027 tertia
2155 1975 2266 2040 die,
2298 1986 2355 2030 et
2388 1978 2641 2032 ascendit
2684 1980 2738 2035 in
2773 1982 2965 2048 ccelos,
2996 1995 3269 2040 venturus
3306 1987 3436 2041 inde
3478 1991 3545 2042 ad

1953 2064 2315 2135 iudicandum
2347 2069 2508 2124 vivos
2547 2079 2603 2125 et
2636 2082 2912 2129 mortuos.
2943 2074 3010 2129 Et
3040 2076 3093 2130 in
3121 2076 3390 2147 Spiritum
3424 2096 3550 2135 san-

1960 2166 2133 2215 ctum.
2165 2158 2273 2226 Qui
2306 2171 2490 2218 autem
2525 2164 2741 2229 dicunt,
2772 2166 2945 2221 fuisse
2987 2168 3290 2239 aliquando
3332 2185 3549 2244 tempus

1958 2265 2082 2305 cum
2103 2267 2211 2332 non
2230 2253 2416 2316 fuerit,
2436 2254 2695 2325 quodque
2719 2257 3038 2328 priusquam
3064 2263 3284 2332 genitus
3316 2265 3409 2329 sit,
3432 2281 3541 2319 non

1957 2324 2229 2408 fuerit,'et
2254 2346 2402 2414 quod
2430 2361 2496 2400 ex
2526 2324 2636 2401 non
2667 2324 3283 2409 etsistentibus'factus
3323 2356 3418 2418 sit,
3450 2365 3547 2409 aut

1957 2450 2026 2490 ex
2065 2436 2174 2491 alia
2223 2438 2535 2494 substantia
2572 2440 2658 2495 vel
2701 2443 3086 2510 subsistentia,
3116 2447 3203 2501 vel
3252 2448 3546 2502 mutationi

1956 2536 2016 2582 et
2060 2529 2375 2585 alterationi
2421 2531 2728 2610 obnoxium
2770 2535 2969 2591 Filium
3004 2537 3101 2593 Dei
3143 2552 3285 2602 esse,
3318 2540 3549 2593 anathe-

1959 2631 2104 2676 mate
2143 2624 2359 2694 jugulat
2387 2626 2664 2682 catholica
2692 2637 2749 2683 et
2778 2630 3081 2698 apostolica
3117 2632 3391 2687 Ecclesia.
3434 2632 3546 2703 Ego

1957 2734 2089 2773 vero
2113 2718 2457 2786 Eustathius,
2483 2722 2779 2794 episcopus
2805 2723 3069 2780 Sebastire
3093 2726 3268 2791 urbis,
3288 2737 3345 2782 et
3368 2726 3549 2783 Theo—

1959 2809 2179 2874 philus,
2231 2820 2288 2865 et
2349 2810 2655 2882 Sylvanus,
2715 2812 3142 2884 Lampsacenes,
3197 2816 3549 2889 Smyrnensis

1958 2900 2303 2970 aliarumque
2352 2902 2689 2973 synodorum
2738 2905 2922 2975 legati,
2965 2906 3108 2962 hanc
3156 2906 3281 2963 fidei
3332 2908 3549 2977 profes-

1960 2991 2172 3047 sionem
2204 2993 2462 3049 manibus
2492 2997 2699 3051 nostris
2740 2998 3151 3069 voluntateque_
3178 3011 3369 3057 nostra
3400 3005 3543 3058 scri-

1960 3084 2193 3154 psimus.
2229 3084 2388 3152 Quod
2434 3087 2479 3141 si
2525 3089 2650 3157 quis
2696 3099 2898 3159 praeter
2940 3096 3085 3147 hanc
3131 3092 3317 3157 ﬁdem,
3349 3103 3544 3152 contra

1959 3191 2062 3231 nos
2085 3185 2180 3231 aut
2205 3192 2303 3232 eos
2334 3194 2363 3232 a
2390 3178 2596 3248 quibus
2620 3180 2771 3236 missi
2803 3197 3020 3250 sumus,
3050 3185 3260 3255 aliquid
3288 3188 3545 3242 criminis

1961 3269 2250 3326 intendere
2287 3272 2550 3339 voluerit,
2586 3272 2655 3328 ad
2694 3290 3063 3347 quoscunque
3104 3279 3380 3334 sanctitati
3433 3289 3541 3335 tua:

1960 3361 2139 3417 visum
2179 3362 2347 3418 fuerit
2369 3423 2374 3428 _
2399 3366 2716 3434 episc0pos,
2746 3383 2848 3423 nos
2893 3379 3063 3439 atque
3097 3370 3223 3426 illos
3258 3386 3384 3426 cum
3418 3388 3547 3426 san-

254 3445 508 3500 Arimini
552 3445 777 3509 lectam,
807 3444 1045 3500 Nicaeum
1082 3445 1297 3502 scilicet
1339 3446 1465 3501 ﬁdei
1504 3463 1731 3517 prorsus
1765 3464 1856 3503 re-
1882 3468 1926 3527 ο
1960 3453 2171 3509 ctitatis
2197 3463 2303 3509 tuae
2331 3454 2534 3513 litteris
2564 3458 2786 3512 remitte
2816 3478 2829 3514 :
2862 3467 2923 3514 ut
2947 3475 3076 3515 cum
3099 3461 3242 3531 apud
3267 3477 3362 3516 eos
3392 3462 3546 3531 ipsos

256 3544 634 3606 pugnantem.
688 3535 789 3592 Cui
843 3538 1065 3608 quidem
1116 3530 1369 3593 formulae
1417 3538 1551 3593 Nica
1605 3539 1854 3595 Thraciae

254 3632 470 3696 allatae,
495 3631 748 3685 nonnulli
773 3630 902 3687 dolo
925 3633 1070 3687 malo
1095 3640 1152 3687 et
1177 3632 1429 3704 perjurio
1453 3632 1851 3698 circumventi,

1956 3542 2176 3614 iudices
2221 3559 2387 3599 causa
2435 3545 2674 3614 dicatur,
2713 3558 2828 3604 tum
2881 3550 2936 3604 in
2978 3566 3105 3605 eum
3149 3554 3244 3621 qui
3291 3553 3543 3609 criminis

1962 3634 2253 3689 convictus
2279 3633 2474 3702 fuerit,
2497 3637 2743 3708 legitime
2766 3640 3261 3699 animadvertatur.

1608 3802 1764 3872 121
1804 3801 2033 3861 CAPUT
2078 3803 2216 3859 vm.

911 3921 1242 3992 Ἐπιστολὴ
1278 3923 1550 3992 Λιϐερίου
1600 3925 1726 3991 τοῖς
1754 3926 1825 3979 ἐν
1856 3923 1929 3994 τῇ
1965 3925 2089 3994 Ἕῳ
2118 3925 2478 3995 ἐπισκόποις
2517 3925 2876 3998 πεμφθεῖσα.

1234 4043 1479 4113 Epistola
1501 4044 1718 4109 Liberii,
1755 4046 2006 4115 episcopis
2042 4045 2388 4099 orientalibus
2420 4046 2606 4100 missa.

342 4169 463 4225 Hoc
520 4168 708 4223 libello
760 4168 932 4223 veluti
984 4166 1223 4237 quodam
1276 4168 1506 4238 pignore
1553 4162 1659 4222 sibi
1710 4166 1855 4221 obli-

265 4271 432 4332 gatos
502 4259 758 4314 Liberius
813 4262 881 4314 ad
937 4258 1387 4313 communionem
1464 4257 1728 4322 admisit,
1785 4272 1853 4313 ac

256 4354 534 4422 deinceps
592 4367 717 4407 cum
780 4351 1099 4423 hujusmodi
1161 4351 1365 4406 litteris
1431 4365 1528 4406 eos
1590 4350 1849 4406 dimisit:

264 4465 284 4497 ι
338 4444 570 4497 Dilectis
618 4443 886 4497 fratribus
924 4453 980 4498 et
1023 4443 1283 4512 collegis.
1330 4442 1570 4514 llythio,
1616 4443 1850 4515 Cyrillo,

1957 4165 2070 4231 liae,
2100 4175 2156 4222 et
2190 4167 2387 4237 reliqui
2430 4165 2751 4223 Occidentis
2776 4166 3023 4238 episcopi
3065 4168 3299 4224 salutem
3345 4186 3543 4242 perpe-

1958 4267 2111 4313 tuam
2142 4257 2197 4312 in
2230 4257 2488 4313 Domino.
2513 4256 2932 4328 Optatissimum
2959 4258 3127 4315 nobis
3150 4261 3303 4330 pacis
3326 4271 3383 4317 et
3406 4278 3544 4317 con-

1955 4350 2161 4407 cordia;
2194 4349 2456 4420 gaudium
2483 4350 2686 4406 littera:
2718 4365 2939 4421 veStrae,
2973 4352 3100 4409 ﬁdei
3132 4354 3344 4410 lumine
3373 4356 3545 4411 reful-

1954 4454 2185 4513 gentes,
2238 4443 2444 4499 fratres
2497 4443 2718 4510 dilecti,
2779 4445 3131 4511 attulerunt,
3187 4462 3326 4516 quas
3379 4447 3543 4501 nobis

258 4536 640 4607 llypercchio,
688 4536 918 4599 lleroni,
970 4535 1216 4604 Elpidio,
1262 4536 1538 4603 Maximo,
1584 4536 1847 4604 Eusebio,
1886 4575 1929 4630 ο
1958 4536 2413 4592 reverendissimi
2482 4536 2682 4592 fratres
2739 4547 2797 4593 et
2858 4538 3106 4608 episcopi
3184 4538 3538 4603 Eustathius,

256 4629 565 4698 Eucarpio,
616 4629 897 4695 Eortasio,
947 4629 1147 4695 Neoni,
1202 4630 1516 4695 Eumathio,
1560 4629 1849 4694 Faustino,

254 4723 491 4787 Proeto,
540 4722 846 4786 Passinico,
892 4724 1182 4788 Arsenico,
1236 4724 1465 4791 Severo,
1511 4717 1849 4797 Didymioni,

258 4815 578 4878 Britannio,
601 4815 904 4881 Callicrati,
928 4816 1212 4884 Damabio,
1249 4816 1500 4885 Edesio,
1522 4818 1849 4883 Eustochio,

256 4906 584 4974 Ambrosio,
640 4906 1209 4975 Gelonio,Pardalio,
1266 4909 1610 4975 Macedonio,
1658 4911 1848 4975 Paulo,

260 5000 552 5063 Marcello,
590 4999 869 5062 Heraclio,
908 5000 1250 5065 Alexandro,
1290 5002 1509 5065 Adolio,
1549 5003 1848 5068 Marciano,

258 5091 559 5157 Sthenelo,
583 5092 809 5160 Joanni,
841 5092 1065 5159 Macari,
1092 5092 1368 5156 Charisio.
1406 5094 1666 5166 Sylvauo,
1701 5095 1850 5150 Pho-

262 5183 407 5246 tino,
448 5182 654 5247 Autho,
687 5183 950 5249 Antonio,
983 5182 1165 5245 Celso.
1197 5183 1576 5253 Euphranori,
1613 5184 1845 5249 Milesio,

260 5274 545 5338 I‘att-irio,
598 5276 928 5341 Severiano,
984 5276 1248 5337 Eusebio.
1308 5277 1623 5346 Eumolpio,
1681 5276 1849 5330 Atha-

259 5368 443 5431 nasio,
482 5368 817 5437 Diophanto,
850 5369 1161 5432 Minodoro,
1196 5368 1390 5434 Diocli,
1425 5368 1844 5440 Chrysampelo,

262 5463 538 5531 Eugenio.
582 5461 892 5526 Eustathio,
933 5461 1237 5528 Callicrati,
1280 5464 1538 5529 Arsenio,
1571 5462 1840 5534 Eugenio,

264 5552 550 5624 Martyrio,
598 5553 867 5617 llieratio,
919 5554 1172 5619 Leontio;
1224 5555 1526 5624 Philagrio,
1567 5555 1758 5622 Lucio,
1790 5565 1845 5609 et

260 5646 545 5699 universis
598 5645 877 5715 episcopis
935 5644 1314 5700 Orientalibus
1366 5646 1729 5710 orthodoxis,
1789 5657 1844 5701 ct

267 5750 470 5815 rcctam
511 5738 674 5792 fidem
711 5739 1087 5802 sectantibus,
1124 5739 1382 5796 Liberius
1413 5740 1705 5815 episcopus
1740 5740 1844 5795 ιω.
1886 5800 1889 5807 ,

1959 4627 2233 4699 Sylvanus
2287 4639 2457 4699 atque
2525 4628 2872 4699 Theophilus
2920 4630 3310 4686 reddiderunt.
3359 4634 3539 4699 Atque

1957 4736 2027 4775 eo
2052 4721 2292 4776 maxime
2323 4720 2574 4786 nomine,
2604 4721 2749 4786 quod
2782 4736 3004 4776 sensum
3033 4731 3088 4777 et
3119 4722 3537 4792 persuasionem

1960 4810 2088 4868 tidei
2121 4821 2335 4874 vestrae,
2367 4827 2494 4867 cum
2528 4812 2824 4869 tenuitatis
2858 4829 2993 4868 meat
3019 4823 3182 4883 atque
3215 4814 3534 4869 ltalicorum

1956 4902 2509 4971 Occidentaliumque
2529 4902 2921 4972 episcoporum
2954 4904 3203 4957 omnium
3233 4904 3534 4970 sententia,

1956 4982 2298 5051 concordare
2346 4995 2745 5049 conﬁrmarunt
2786 5003 2843 5050 et
2891 5006 3302 5051 asseverarunt.
3356 4998 3538 5066 Atque

1954 5104 2074 5145 eam
2136 5089 2308 5156 ipsum
2363 5088 2619 5145 novimus
2676 5090 3008 5145 catholicam
3065 5103 3123 5146 et
3166 5090 3531 5162 apostolicam

1953 5197 2075 5237 esse
2112 5182 2296 5249 ﬁdem,
2333 5197 2456 5251 qua)
2500 5182 2565 5237 ad
2613 5182 2894 5238 Niemnam
2932 5201 3108 5256 usque
3141 5184 3412 5257 synodum
3455 5185 3539 5238 in-

1956 5268 2308 5344 tegra'atquc
2342 5278 2567 5330 immota
2605 5288 2821 5331 servata
2850 5287 2935 5332 est
2969 5296 2981 5331 :
3020 5293 3183 5347 quam
3224 5278 3391 5331 etiam
3435 5276 3537 5330 Pu-

1953 5376 2064 5422 tres
2109 5367 2304 5422 Nicaiae
2354 5362 2488 5423 cum
2519 5369 2728 5438 ingenti
2777 5369 3003 5431 lautitia,
3042 5384 3147 5421 non
3190 5367 3367 5421 solum
3416 5382 3533 5420 ser-

1952 5476 2135 5525 tnone,
2196 5476 2388 5514 verum
2439 5460 2607 5514 etiam
2666 5461 2945 5530 scriptura
3001 5460 3417 5525 intercedente,
3473 5469 3533 5514 ut

1949 5555 2242 5625 vestigium
2279 5567 2334 5611 ct
2366 5556 2666 5611 scintillam
2702 5572 2919 5609 omnem
2959 5556 3210 5609 absurda:
3250 5552 3529 5625 opinionis

1950 5648 2391 5717 cxstinguercnt,
2418 5659 2548 5703 sunt
2579 5648 2835 5718 prolessi.
2868 5648 2996 5719 Ejus
3021 5646 3306 5716 exeiuplar
3334 5661 3526 5702 ncces-

1949 5743 2096 5799 sario
2133 5743 2277 5799 hisce
2312 5743 2512 5801 litteris
2545 5742 2950 5809 subjiciendum
2991 5757 3109 5797 esse
3140 5740 3419 5805 duximus,
3453 5755 3523 5792 ne
