  <div class='ocr_page' id='page_1' title='image "/cluster/home/n/w/nwhite01/storage/ocr_20150623/146/hvd.32044073502601/331.png"; bbox 0 0 3986 6190; ppageno 0'>
   <div class='ocr_carea' id='block_1_1' title="bbox 516 260 623 325">
    <p class='ocr_par' dir='ltr' id='par_1_1' title="bbox 516 260 623 325">
     <span class='ocr_line' id='line_1_1' title="bbox 516 260 623 325; baseline 0.019 -2"><span class='ocrx_word' id='word_1_1' title='bbox 516 260 623 325; x_wconf 83' lang='lat'><strong>603</strong></span> 
     </span>
    </p>
   </div>
   <div class='ocr_carea' id='block_1_2' title="bbox 1745 264 3725 345">
    <p class='ocr_par' dir='ltr' id='par_1_2' title="bbox 1745 264 3725 345">
     <span class='ocr_line' id='line_1_2' title="bbox 1745 264 3725 345; baseline 0.011 -24"><span class='ocrx_word' id='word_1_2' title='bbox 1745 264 2167 325; x_wconf 80' lang='lat' dir='ltr'><strong>NICEPHORI</strong></span> <span class='ocrx_word' id='word_1_3' title='bbox 2207 266 2557 328; x_wconf 79' lang='lat' dir='ltr'><strong>CALleT[</strong></span> <span class='ocrx_word' id='word_1_4' title='bbox 3638 281 3725 345; x_wconf 78' lang='grc' dir='ltr'><strong>6οὶ</strong></span> 
     </span>
    </p>
   </div>
   <div class='ocr_carea' id='block_1_3' title="bbox 520 378 3729 464">
    <p class='ocr_par' dir='ltr' id='par_1_3' title="bbox 520 378 3729 464">
     <span class='ocr_line' id='line_1_3' title="bbox 520 378 3729 464; baseline 0.007 -35"><span class='ocrx_word' id='word_1_5' title='bbox 520 388 706 446; x_wconf 90' lang='lat' dir='ltr'><strong>postea</strong></span> <span class='ocrx_word' id='word_1_6' title='bbox 740 378 895 431; x_wconf 80' lang='lat' dir='ltr'><strong>locus</strong></span> <span class='ocrx_word' id='word_1_7' title='bbox 926 390 981 432; x_wconf 82' lang='lat' dir='ltr'><strong>et</strong></span> <span class='ocrx_word' id='word_1_8' title='bbox 1025 378 1415 447; x_wconf 89' lang='lat' dir='ltr'><strong>opportunitas</strong></span> <span class='ocrx_word' id='word_1_9' title='bbox 1461 378 1742 434; x_wconf 68' lang='lat' dir='ltr'><strong>haareticis</strong></span> <span class='ocrx_word' id='word_1_10' title='bbox 1773 379 1838 432; x_wconf 89' lang='lat' dir='ltr'><strong>ad</strong></span> <span class='ocrx_word' id='word_1_11' title='bbox 1884 392 2101 433; x_wconf 70' lang='lat' dir='ltr'><strong>Strttett-</strong></span> <span class='ocrx_word' id='word_1_12' title='bbox 2129 386 2176 440; x_wconf 73' lang='grc' dir='ltr'>Α</span> <span class='ocrx_word' id='word_1_13' title='bbox 2205 382 2441 437; x_wconf 88' lang='lat' dir='ltr'><strong>ctionem</strong></span> <span class='ocrx_word' id='word_1_14' title='bbox 2495 396 2730 438; x_wconf 82' lang='lat' dir='ltr'><strong>vestram</strong></span> <span class='ocrx_word' id='word_1_15' title='bbox 2785 388 3200 452; x_wconf 84' lang='lat' dir='ltr'><strong>scriberemus,</strong></span> <span class='ocrx_word' id='word_1_16' title='bbox 3242 401 3292 445; x_wconf 89' lang='lat' dir='ltr'><strong>et</strong></span> <span class='ocrx_word' id='word_1_17' title='bbox 3332 392 3471 463; x_wconf 84' lang='lat' dir='ltr'><strong>justa</strong></span> <span class='ocrx_word' id='word_1_18' title='bbox 3518 406 3729 464; x_wconf 77' lang='lat' dir='ltr'><strong>petentes</strong></span> 
     </span>
    </p>
   </div>
   <div class='ocr_carea' id='block_1_4' title="bbox 516 468 2096 540">
    <p class='ocr_par' dir='ltr' id='par_1_4' title="bbox 516 468 2096 540">
     <span class='ocr_line' id='line_1_4' title="bbox 516 468 2096 540; baseline 0.003 -18"><span class='ocrx_word' id='word_1_19' title='bbox 516 471 616 523; x_wconf 90' lang='lat' dir='ltr'><strong>das</strong></span> <span class='ocrx_word' id='word_1_20' title='bbox 643 468 767 524; x_wconf 88' lang='lat' dir='ltr'><strong>fidei</strong></span> <span class='ocrx_word' id='word_1_21' title='bbox 805 470 1036 526; x_wconf 81' lang='lat' dir='ltr'><strong>insidias</strong></span> <span class='ocrx_word' id='word_1_22' title='bbox 1068 472 1415 540; x_wconf 91' lang='lat' dir='ltr'><strong>relinquatur</strong></span> <span class='ocrx_word' id='word_1_23' title='bbox 1444 488 1458 525; x_wconf 88' lang='lat'>:</span> <span class='ocrx_word' id='word_1_24' title='bbox 1489 471 1690 540; x_wconf 83' lang='lat' dir='ltr'><strong>quibus</strong></span> <span class='ocrx_word' id='word_1_25' title='bbox 1719 470 1797 524; x_wconf 89' lang='lat' dir='ltr'><strong>illi</strong></span> <span class='ocrx_word' id='word_1_26' title='bbox 1823 471 2096 540; x_wconf 81' lang='lat' dir='ltr'><strong>improbi-</strong></span> 
     </span>
    </p>
   </div>
   <div class='ocr_carea' id='block_1_5' title="bbox 519 563 2092 631">
    <p class='ocr_par' dir='ltr' id='par_1_5' title="bbox 519 563 2092 631">
     <span class='ocr_line' id='line_1_5' title="bbox 519 563 2092 631; baseline 0.001 -16"><span class='ocrx_word' id='word_1_27' title='bbox 519 563 647 615; x_wconf 86' lang='lat' dir='ltr'><strong>tatis</strong></span> <span class='ocrx_word' id='word_1_28' title='bbox 677 578 788 616; x_wconf 67' lang='lat' dir='ltr'><strong>sum</strong></span> <span class='ocrx_word' id='word_1_29' title='bbox 818 563 1090 631; x_wconf 79' lang='lat' dir='ltr'><strong>igniculos</strong></span> <span class='ocrx_word' id='word_1_30' title='bbox 1121 564 1429 617; x_wconf 71' lang='lat' dir='ltr'><strong>excitantes</strong></span> <span class='ocrx_word' id='word_1_31' title='bbox 1451 602 1466 626; x_wconf 91' lang='lat'><strong>,</strong></span> <span class='ocrx_word' id='word_1_32' title='bbox 1500 563 1793 618; x_wconf 78' lang='lat' dir='ltr'><strong>discordia:</strong></span> <span class='ocrx_word' id='word_1_33' title='bbox 1837 564 2092 618; x_wconf 88' lang='lat' dir='ltr'><strong>incendia</strong></span> 
     </span>
    </p>
   </div>
   <div class='ocr_carea' id='block_1_6' title="bbox 518 656 2093 723">
    <p class='ocr_par' dir='ltr' id='par_1_6' title="bbox 518 656 2093 723">
     <span class='ocr_line' id='line_1_6' title="bbox 518 656 2093 723; baseline 0.003 -16"><span class='ocrx_word' id='word_1_34' title='bbox 518 670 671 708; x_wconf 84' lang='lat' dir='ltr'><strong>more</strong></span> <span class='ocrx_word' id='word_1_35' title='bbox 704 669 805 708; x_wconf 91' lang='lat' dir='ltr'><strong>suo</strong></span> <span class='ocrx_word' id='word_1_36' title='bbox 838 656 1073 708; x_wconf 86' lang='lat' dir='ltr'><strong>dilatare</strong></span> <span class='ocrx_word' id='word_1_37' title='bbox 1106 656 1307 710; x_wconf 80' lang='lat' dir='ltr'><strong>solent.</strong></span> <span class='ocrx_word' id='word_1_38' title='bbox 1349 656 1672 710; x_wconf 62' lang='lat' dir='ltr'><strong>I&#39;Iustathius</strong></span> <span class='ocrx_word' id='word_1_39' title='bbox 1709 672 1864 717; x_wconf 87' lang='lat' dir='ltr'><strong>sane.</strong></span> <span class='ocrx_word' id='word_1_40' title='bbox 1900 656 2093 723; x_wconf 77' lang='lat' dir='ltr'><strong>Sylva-</strong></span> 
     </span>
    </p>
   </div>
   <div class='ocr_carea' id='block_1_7' title="bbox 520 747 2094 817">
    <p class='ocr_par' dir='ltr' id='par_1_7' title="bbox 520 747 2094 817">
     <span class='ocr_line' id='line_1_7' title="bbox 520 747 2094 817; baseline 0.003 -20"><span class='ocrx_word' id='word_1_41' title='bbox 520 764 624 801; x_wconf 85' lang='lat' dir='ltr'><strong>nus</strong></span> <span class='ocrx_word' id='word_1_42' title='bbox 660 757 823 815; x_wconf 90' lang='lat' dir='ltr'><strong>atque</strong></span> <span class='ocrx_word' id='word_1_43' title='bbox 856 747 1236 817; x_wconf 85' lang='lat' dir='ltr'><strong>Theophilus,</strong></span> <span class='ocrx_word' id='word_1_44' title='bbox 1280 750 1478 802; x_wconf 78' lang='lat' dir='ltr'><strong>fratres</strong></span> <span class='ocrx_word' id='word_1_45' title='bbox 1522 750 1697 803; x_wconf 92' lang='lat' dir='ltr'><strong>nostri</strong></span> <span class='ocrx_word' id='word_1_46' title='bbox 1745 750 2094 803; x_wconf 86' lang='lat' dir='ltr'><strong>reverendis-</strong></span> 
     </span>
    </p>
   </div>
   <div class='ocr_carea' id='block_1_8' title="bbox 518 839 2090 911">
    <p class='ocr_par' dir='ltr' id='par_1_8' title="bbox 518 839 2090 911">
     <span class='ocr_line' id='line_1_8' title="bbox 518 839 2090 911; baseline 0.001 -19"><span class='ocrx_word' id='word_1_47' title='bbox 518 839 663 901; x_wconf 83' lang='lat' dir='ltr'><strong>simi,</strong></span> <span class='ocrx_word' id='word_1_48' title='bbox 696 839 854 891; x_wconf 90' lang='lat' dir='ltr'><strong>nobis</strong></span> <span class='ocrx_word' id='word_1_49' title='bbox 882 850 1069 893; x_wconf 81' lang='lat' dir='ltr'><strong>vestro</strong></span> <span class='ocrx_word' id='word_1_50' title='bbox 1094 841 1319 895; x_wconf 89' lang='lat' dir='ltr'><strong>nomine</strong></span> <span class='ocrx_word' id='word_1_51' title='bbox 1348 852 1701 911; x_wconf 86' lang='lat' dir='ltr'><strong>receperunt,</strong></span> <span class='ocrx_word' id='word_1_52' title='bbox 1732 841 2090 895; x_wconf 90' lang='lat' dir='ltr'><strong>dilectionem</strong></span> 
     </span>
    </p>
   </div>
   <div class='ocr_carea' id='block_1_9' title="bbox 516 933 2092 1005">
    <p class='ocr_par' dir='ltr' id='par_1_9' title="bbox 516 933 2092 1005">
     <span class='ocr_line' id='line_1_9' title="bbox 516 933 2092 1005; baseline 0.002 -20"><span class='ocrx_word' id='word_1_53' title='bbox 516 943 753 986; x_wconf 88' lang='lat' dir='ltr'><strong>vestram</strong></span> <span class='ocrx_word' id='word_1_54' title='bbox 811 948 922 985; x_wconf 92' lang='lat' dir='ltr'><strong>non</strong></span> <span class='ocrx_word' id='word_1_55' title='bbox 976 933 1165 988; x_wconf 83' lang='lat' dir='ltr'><strong>minus</strong></span> <span class='ocrx_word' id='word_1_56' title='bbox 1210 949 1377 1003; x_wconf 88' lang='lat' dir='ltr'><strong>atque</strong></span> <span class='ocrx_word' id='word_1_57' title='bbox 1428 935 1575 1002; x_wconf 90' lang='lat' dir='ltr'><strong>ipsos</strong></span> <span class='ocrx_word' id='word_1_58' title='bbox 1612 935 1772 989; x_wconf 86' lang='lat' dir='ltr'><strong>fidem</strong></span> <span class='ocrx_word' id='word_1_59' title='bbox 1821 936 2092 1005; x_wconf 81' lang='lat' dir='ltr'><strong>ejusmodi</strong></span> 
     </span>
    </p>
   </div>
   <div class='ocr_carea' id='block_1_10' title="bbox 516 1027 2095 1097">
    <p class='ocr_par' dir='ltr' id='par_1_10' title="bbox 516 1027 2095 1097">
     <span class='ocr_line' id='line_1_10' title="bbox 516 1027 2095 1097; baseline 0.003 -20"><span class='ocrx_word' id='word_1_60' title='bbox 516 1038 735 1093; x_wconf 85' lang='lat' dir='ltr'><strong>semper</strong></span> <span class='ocrx_word' id='word_1_61' title='bbox 757 1033 811 1079; x_wconf 91' lang='lat' dir='ltr'><strong>et</strong></span> <span class='ocrx_word' id='word_1_62' title='bbox 841 1033 1003 1079; x_wconf 82' lang='lat' dir='ltr'><strong>antea</strong></span> <span class='ocrx_word' id='word_1_63' title='bbox 1033 1041 1303 1087; x_wconf 84' lang='lat' dir='ltr'><strong>servasse.</strong></span> <span class='ocrx_word' id='word_1_64' title='bbox 1329 1035 1385 1081; x_wconf 91' lang='lat' dir='ltr'><strong>et</strong></span> <span class='ocrx_word' id='word_1_65' title='bbox 1412 1028 1476 1080; x_wconf 91' lang='lat' dir='ltr'><strong>ad</strong></span> <span class='ocrx_word' id='word_1_66' title='bbox 1513 1027 1673 1080; x_wconf 91' lang='lat' dir='ltr'><strong>finem</strong></span> <span class='ocrx_word' id='word_1_67' title='bbox 1702 1041 1877 1097; x_wconf 83' lang='lat' dir='ltr'><strong>usque</strong></span> <span class='ocrx_word' id='word_1_68' title='bbox 1911 1043 2095 1081; x_wconf 86' lang='lat' dir='ltr'><strong>serva-</strong></span> 
     </span>
    </p>
   </div>
   <div class='ocr_carea' id='block_1_11' title="bbox 518 1117 2097 1181">
    <p class='ocr_par' dir='ltr' id='par_1_11' title="bbox 518 1117 2097 1181">
     <span class='ocr_line' id='line_1_11' title="bbox 518 1117 2097 1181; baseline 0.004 -13"><span class='ocrx_word' id='word_1_69' title='bbox 518 1127 699 1169; x_wconf 90' lang='lat' dir='ltr'><strong>turam</strong></span> <span class='ocrx_word' id='word_1_70' title='bbox 744 1133 886 1181; x_wconf 86' lang='lat' dir='ltr'><strong>esse,</strong></span> <span class='ocrx_word' id='word_1_71' title='bbox 925 1117 979 1171; x_wconf 87' lang='lat' dir='ltr'><strong>itt</strong></span> <span class='ocrx_word' id='word_1_72' title='bbox 1030 1118 1249 1173; x_wconf 77' lang='lat' dir='ltr'><strong>Niczena</strong></span> <span class='ocrx_word' id='word_1_73' title='bbox 1281 1120 1534 1173; x_wconf 84' lang='lat' dir='ltr'><strong>videlicet</strong></span> <span class='ocrx_word' id='word_1_74' title='bbox 1583 1121 1718 1175; x_wconf 87' lang='lat' dir='ltr'><strong>urbe</strong></span> <span class='ocrx_word' id='word_1_75' title='bbox 1752 1136 1780 1173; x_wconf 92' lang='lat' dir='ltr'><strong>a</strong></span> <span class='ocrx_word' id='word_1_76' title='bbox 1835 1122 2097 1175; x_wconf 84' lang='lat' dir='ltr'><strong>trecentis</strong></span> 
     </span>
    </p>
   </div>
   <div class='ocr_carea' id='block_1_12' title="bbox 516 1206 2099 1281">
    <p class='ocr_par' dir='ltr' id='par_1_12' title="bbox 516 1206 2099 1281">
     <span class='ocr_line' id='line_1_12' title="bbox 516 1206 2099 1281; baseline 0.003 -20"><span class='ocrx_word' id='word_1_77' title='bbox 516 1206 709 1261; x_wconf 82' lang='lat' dir='ltr'><strong>decem</strong></span> <span class='ocrx_word' id='word_1_78' title='bbox 742 1218 799 1263; x_wconf 88' lang='lat' dir='ltr'><strong>et</strong></span> <span class='ocrx_word' id='word_1_79' title='bbox 841 1219 968 1263; x_wconf 84' lang='lat' dir='ltr'><strong>octo</strong></span> <span class='ocrx_word' id='word_1_80' title='bbox 1016 1211 1292 1281; x_wconf 81' lang='lat' dir='ltr'><strong>episcopis</strong></span> <span class='ocrx_word' id='word_1_81' title='bbox 1337 1212 1660 1266; x_wconf 77' lang='lat' dir='ltr'><strong>orthodoxis</strong></span> <span class='ocrx_word' id='word_1_82' title='bbox 1702 1223 1754 1267; x_wconf 91' lang='lat' dir='ltr'><strong>et</strong></span> <span class='ocrx_word' id='word_1_83' title='bbox 1791 1225 1939 1267; x_wconf 87' lang='lat' dir='ltr'><strong>recte</strong></span> <span class='ocrx_word' id='word_1_84' title='bbox 1973 1230 2099 1267; x_wconf 87' lang='lat' dir='ltr'><strong>sen-</strong></span> 
     </span>
    </p>
   </div>
   <div class='ocr_carea' id='block_1_13' title="bbox 521 1300 2098 1375">
    <p class='ocr_par' dir='ltr' id='par_1_13' title="bbox 521 1300 2098 1375">
     <span class='ocr_line' id='line_1_13' title="bbox 521 1300 2098 1375; baseline 0.003 -20"><span class='ocrx_word' id='word_1_85' title='bbox 521 1300 789 1356; x_wconf 89' lang='lat' dir='ltr'><strong>tientibus</strong></span> <span class='ocrx_word' id='word_1_86' title='bbox 837 1304 1272 1371; x_wconf 85' lang='lat' dir='ltr'><strong>comprobatam.</strong></span> <span class='ocrx_word' id='word_1_87' title='bbox 1319 1304 1451 1371; x_wconf 63' lang='lat' dir='ltr'><strong>Quae</strong></span> <span class='ocrx_word' id='word_1_88' title='bbox 1485 1306 1631 1373; x_wconf 86' lang='lat' dir='ltr'><strong>quod</strong></span> <span class='ocrx_word' id='word_1_89' title='bbox 1674 1316 1880 1360; x_wconf 79' lang='lat' dir='ltr'><strong>certam</strong></span> <span class='ocrx_word' id='word_1_90' title='bbox 1917 1309 2098 1375; x_wconf 82' lang='lat' dir='ltr'><strong>perfe-</strong></span> 
     </span>
    </p>
   </div>
   <div class='ocr_carea' id='block_1_14' title="bbox 519 1395 2092 1464">
    <p class='ocr_par' dir='ltr' id='par_1_14' title="bbox 519 1395 2092 1464">
     <span class='ocr_line' id='line_1_14' title="bbox 519 1395 2092 1464; baseline 0.003 -16"><span class='ocrx_word' id='word_1_91' title='bbox 519 1405 777 1463; x_wconf 89' lang='lat' dir='ltr'><strong>ctamque</strong></span> <span class='ocrx_word' id='word_1_92' title='bbox 804 1395 1195 1464; x_wconf 88' lang='lat' dir='ltr'><strong>complectitur</strong></span> <span class='ocrx_word' id='word_1_93' title='bbox 1228 1398 1543 1463; x_wconf 80' lang='lat' dir='ltr'><strong>veritatem,</strong></span> <span class='ocrx_word' id='word_1_94' title='bbox 1574 1414 1669 1452; x_wconf 84' lang='lat' dir='ltr'><strong>ora</strong></span> <span class='ocrx_word' id='word_1_95' title='bbox 1704 1401 2092 1454; x_wconf 61' lang='lat' dir='ltr'><strong>haereticorum</strong></span> 
     </span>
    </p>
   </div>
   <div class='ocr_carea' id='block_1_15' title="bbox 521 1487 2099 1560">
    <p class='ocr_par' dir='ltr' id='par_1_15' title="bbox 521 1487 2099 1560">
     <span class='ocr_line' id='line_1_15' title="bbox 521 1487 2099 1560; baseline 0.004 -21"><span class='ocrx_word' id='word_1_96' title='bbox 521 1487 771 1541; x_wconf 85' lang='lat' dir='ltr'><strong>omnium</strong></span> <span class='ocrx_word' id='word_1_97' title='bbox 814 1489 1000 1542; x_wconf 87' lang='lat' dir='ltr'><strong>omnia</strong></span> <span class='ocrx_word' id='word_1_98' title='bbox 1030 1487 1273 1542; x_wconf 85' lang='lat' dir='ltr'><strong>obstruit</strong></span> <span class='ocrx_word' id='word_1_99' title='bbox 1315 1499 1482 1560; x_wconf 91' lang='lat' dir='ltr'><strong>atque</strong></span> <span class='ocrx_word' id='word_1_100' title='bbox 1526 1491 1747 1545; x_wconf 82' lang='lat' dir='ltr'><strong>evertit.</strong></span> <span class='ocrx_word' id='word_1_101' title='bbox 1796 1491 1916 1545; x_wconf 86' lang='lat' dir='ltr'><strong>Non</strong></span> <span class='ocrx_word' id='word_1_102' title='bbox 1968 1507 2099 1545; x_wconf 83' lang='lat' dir='ltr'><strong>casu</strong></span> 
     </span>
    </p>
   </div>
   <div class='ocr_carea' id='block_1_16' title="bbox 518 1579 2099 1652">
    <p class='ocr_par' dir='ltr' id='par_1_16' title="bbox 518 1579 2099 1652">
     <span class='ocr_line' id='line_1_16' title="bbox 518 1579 2099 1652; baseline 0.003 -17"><span class='ocrx_word' id='word_1_103' title='bbox 518 1580 667 1635; x_wconf 91' lang='lat' dir='ltr'><strong>enim</strong></span> <span class='ocrx_word' id='word_1_104' title='bbox 719 1581 974 1646; x_wconf 87' lang='lat' dir='ltr'><strong>fortuito,</strong></span> <span class='ocrx_word' id='word_1_105' title='bbox 1028 1579 1124 1637; x_wconf 89' lang='lat' dir='ltr'><strong>sed</strong></span> <span class='ocrx_word' id='word_1_106' title='bbox 1169 1582 1360 1637; x_wconf 87' lang='lat' dir='ltr'><strong>divino</strong></span> <span class='ocrx_word' id='word_1_107' title='bbox 1407 1599 1639 1652; x_wconf 88' lang='lat' dir='ltr'><strong>prorsus</strong></span> <span class='ocrx_word' id='word_1_108' title='bbox 1680 1595 1854 1646; x_wconf 90' lang='lat' dir='ltr'><strong>nutu,</strong></span> <span class='ocrx_word' id='word_1_109' title='bbox 1906 1596 2099 1639; x_wconf 90' lang='lat' dir='ltr'><strong>contra</strong></span> 
     </span>
    </p>
   </div>
   <div class='ocr_carea' id='block_1_17' title="bbox 521 1676 2102 1747">
    <p class='ocr_par' dir='ltr' id='par_1_17' title="bbox 521 1676 2102 1747">
     <span class='ocr_line' id='line_1_17' title="bbox 521 1676 2102 1747; baseline 0.003 -18"><span class='ocrx_word' id='word_1_110' title='bbox 521 1676 637 1729; x_wconf 81' lang='lat' dir='ltr'><strong>Arii</strong></span> <span class='ocrx_word' id='word_1_111' title='bbox 694 1676 965 1730; x_wconf 84' lang='lat' dir='ltr'><strong>insaniam</strong></span> <span class='ocrx_word' id='word_1_112' title='bbox 1023 1687 1210 1731; x_wconf 91' lang='lat' dir='ltr'><strong>tantus</strong></span> <span class='ocrx_word' id='word_1_113' title='bbox 1258 1678 1646 1747; x_wconf 85' lang='lat' dir='ltr'><strong>episcoporum</strong></span> <span class='ocrx_word' id='word_1_114' title='bbox 1702 1694 1971 1733; x_wconf 82' lang='lat' dir='ltr'><strong>numerus</strong></span> <span class='ocrx_word' id='word_1_115' title='bbox 2015 1687 2102 1733; x_wconf 88' lang='lat' dir='ltr'><strong>est</strong></span> 
     </span>
    </p>
   </div>
   <div class='ocr_carea' id='block_1_18' title="bbox 2202 473 3727 553">
    <p class='ocr_par' dir='ltr' id='par_1_18' title="bbox 2202 473 3727 553">
     <span class='ocr_line' id='line_1_18' title="bbox 2202 473 3727 553; baseline 0.012 -28"><span class='ocrx_word' id='word_1_116' title='bbox 2202 473 2618 541; x_wconf 88' lang='lat' dir='ltr'><strong>adjuvaremus,</strong></span> <span class='ocrx_word' id='word_1_117' title='bbox 2645 479 2947 546; x_wconf 68' lang='lat' dir='ltr'><strong>praesertim</strong></span> <span class='ocrx_word' id='word_1_118' title='bbox 2980 495 3107 534; x_wconf 91' lang='lat' dir='ltr'><strong>cum</strong></span> <span class='ocrx_word' id='word_1_119' title='bbox 3134 495 3199 534; x_wconf 79' lang='lat' dir='ltr'><strong>ex</strong></span> <span class='ocrx_word' id='word_1_120' title='bbox 3231 482 3521 553; x_wconf 81' lang='lat' dir='ltr'><strong>legatorum</strong></span> <span class='ocrx_word' id='word_1_121' title='bbox 3548 496 3727 542; x_wconf 86' lang='lat' dir='ltr'><strong>vestro-</strong></span> 
     </span>
    </p>
   </div>
   <div class='ocr_carea' id='block_1_19' title="bbox 2204 569 3730 645">
    <p class='ocr_par' dir='ltr' id='par_1_19' title="bbox 2204 569 3730 645">
     <span class='ocr_line' id='line_1_19' title="bbox 2204 569 3730 645; baseline 0.01 -28"><span class='ocrx_word' id='word_1_122' title='bbox 2204 580 2326 618; x_wconf 89' lang='lat' dir='ltr'><strong>rum</strong></span> <span class='ocrx_word' id='word_1_123' title='bbox 2373 570 2814 636; x_wconf 82' lang='lat' dir='ltr'><strong>asseveratione,</strong></span> <span class='ocrx_word' id='word_1_124' title='bbox 2852 569 3165 627; x_wconf 87' lang='lat' dir='ltr'><strong>Orientales</strong></span> <span class='ocrx_word' id='word_1_125' title='bbox 3216 588 3316 629; x_wconf 86' lang='lat' dir='ltr'><strong>vos</strong></span> <span class='ocrx_word' id='word_1_126' title='bbox 3352 576 3653 645; x_wconf 82' lang='lat' dir='ltr'><strong>resipuisse,</strong></span> <span class='ocrx_word' id='word_1_127' title='bbox 3684 590 3730 634; x_wconf 72' lang='lat' dir='ltr'><strong>et</strong></span> 
     </span>
    </p>
   </div>
   <div class='ocr_carea' id='block_1_20' title="bbox 2205 658 3727 725">
    <p class='ocr_par' dir='ltr' id='par_1_20' title="bbox 2205 658 3727 725">
     <span class='ocr_line' id='line_1_20' title="bbox 2205 658 3727 725; baseline 0.01 -16"><span class='ocrx_word' id='word_1_128' title='bbox 2205 673 2330 711; x_wconf 90' lang='lat' dir='ltr'><strong>cum</strong></span> <span class='ocrx_word' id='word_1_129' title='bbox 2364 658 2815 717; x_wconf 84' lang='lat' dir='ltr'><strong>Occidentalibus</strong></span> <span class='ocrx_word' id='word_1_130' title='bbox 2846 672 2998 719; x_wconf 86' lang='lat' dir='ltr'><strong>recte</strong></span> <span class='ocrx_word' id='word_1_131' title='bbox 3040 665 3409 721; x_wconf 79' lang='lat' dir='ltr'><strong>sentientibus</strong></span> <span class='ocrx_word' id='word_1_132' title='bbox 3458 671 3727 725; x_wconf 84' lang='lat' dir='ltr'><strong>consentire</strong></span> 
     </span>
    </p>
   </div>
   <div class='ocr_carea' id='block_1_21' title="bbox 2206 751 3731 825">
    <p class='ocr_par' dir='ltr' id='par_1_21' title="bbox 2206 751 3731 825">
     <span class='ocr_line' id='line_1_21' title="bbox 2206 751 3731 825; baseline 0.01 -22"><span class='ocrx_word' id='word_1_133' title='bbox 2206 751 2661 808; x_wconf 79' lang='lat' dir='ltr'><strong>intellexerimus.</strong></span> <span class='ocrx_word' id='word_1_134' title='bbox 2719 756 3023 812; x_wconf 87' lang='lat' dir='ltr'><strong>Scribimus</strong></span> <span class='ocrx_word' id='word_1_135' title='bbox 3068 774 3199 825; x_wconf 86' lang='lat' dir='ltr'><strong>ergo</strong></span> <span class='ocrx_word' id='word_1_136' title='bbox 3247 759 3437 821; x_wconf 88' lang='lat' dir='ltr'><strong>vobis,</strong></span> <span class='ocrx_word' id='word_1_137' title='bbox 3470 769 3525 813; x_wconf 92' lang='lat' dir='ltr'><strong>ut</strong></span> <span class='ocrx_word' id='word_1_138' title='bbox 3567 763 3731 818; x_wconf 79' lang='lat' dir='ltr'><strong>noritis</strong></span> 
     </span>
    </p>
   </div>
   <div class='ocr_carea' id='block_1_22' title="bbox 2206 846 3731 920">
    <p class='ocr_par' dir='ltr' id='par_1_22' title="bbox 2206 846 3731 920">
     <span class='ocr_line' id='line_1_22' title="bbox 2206 846 3731 920; baseline 0.006 -21"><span class='ocrx_word' id='word_1_139' title='bbox 2206 861 2330 899; x_wconf 80' lang='lat' dir='ltr'><strong>cum</strong></span> <span class='ocrx_word' id='word_1_140' title='bbox 2364 846 2740 901; x_wconf 84' lang='lat' dir='ltr'><strong>Ariminenses</strong></span> <span class='ocrx_word' id='word_1_141' title='bbox 2771 850 3145 918; x_wconf 80' lang='lat' dir='ltr'><strong>blasphemias</strong></span> <span class='ocrx_word' id='word_1_142' title='bbox 3168 890 3185 911; x_wconf 85' lang='lat'><strong>,</strong></span> <span class='ocrx_word' id='word_1_143' title='bbox 3219 867 3339 919; x_wconf 69' lang='lat' dir='ltr'><strong>qua:</strong></span> <span class='ocrx_word' id='word_1_144' title='bbox 3373 862 3483 906; x_wconf 88' lang='lat' dir='ltr'><strong>tum</strong></span> <span class='ocrx_word' id='word_1_145' title='bbox 3517 868 3602 920; x_wconf 89' lang='lat' dir='ltr'><strong>per</strong></span> <span class='ocrx_word' id='word_1_146' title='bbox 3627 871 3731 907; x_wconf 84' lang='lat' dir='ltr'><strong>sur-</strong></span> 
     </span>
    </p>
   </div>
   <div class='ocr_carea' id='block_1_23' title="bbox 2210 939 3733 1013">
    <p class='ocr_par' dir='ltr' id='par_1_23' title="bbox 2210 939 3733 1013">
     <span class='ocr_line' id='line_1_23' title="bbox 2210 939 3733 1013; baseline 0.007 -23"><span class='ocrx_word' id='word_1_147' title='bbox 2210 939 2517 1005; x_wconf 82' lang='lat' dir='ltr'><strong>reptionent</strong></span> <span class='ocrx_word' id='word_1_148' title='bbox 2553 950 2684 994; x_wconf 91' lang='lat' dir='ltr'><strong>sunt</strong></span> <span class='ocrx_word' id='word_1_149' title='bbox 2709 941 2775 994; x_wconf 90' lang='lat' dir='ltr'><strong>ab</strong></span> <span class='ocrx_word' id='word_1_150' title='bbox 2806 944 3126 997; x_wconf 75' lang='lat' dir='ltr'><strong>aucrorihus</strong></span> <span class='ocrx_word' id='word_1_151' title='bbox 3153 960 3339 997; x_wconf 80' lang='lat' dir='ltr'><strong>earum</strong></span> <span class='ocrx_word' id='word_1_152' title='bbox 3371 960 3555 1013; x_wconf 88' lang='lat' dir='ltr'><strong>magno</strong></span> <span class='ocrx_word' id='word_1_153' title='bbox 3580 945 3733 1001; x_wconf 83' lang='lat' dir='ltr'><strong>Eccle-</strong></span> 
     </span>
    </p>
   </div>
   <div class='ocr_carea' id='block_1_24' title="bbox 2210 1031 3730 1104">
    <p class='ocr_par' dir='ltr' id='par_1_24' title="bbox 2210 1031 3730 1104">
     <span class='ocr_line' id='line_1_24' title="bbox 2210 1031 3730 1104; baseline 0.004 -19"><span class='ocrx_word' id='word_1_154' title='bbox 2210 1031 2306 1085; x_wconf 72' lang='lat' dir='ltr'><strong>sia:</strong></span> <span class='ocrx_word' id='word_1_155' title='bbox 2357 1032 2692 1088; x_wconf 81' lang='lat' dir='ltr'><strong>detrimento</strong></span> <span class='ocrx_word' id='word_1_156' title='bbox 2737 1034 3209 1097; x_wconf 68' lang='lat' dir='ltr'><strong>Subiutroductm,</strong></span> <span class='ocrx_word' id='word_1_157' title='bbox 3252 1037 3409 1104; x_wconf 75' lang='lat'><strong>122</strong></span> <span class='ocrx_word' id='word_1_158' title='bbox 3440 1037 3730 1092; x_wconf 83' lang='lat' dir='ltr'><strong>anathemati</strong></span> 
     </span>
    </p>
   </div>
   <div class='ocr_carea' id='block_1_25' title="bbox 2206 1125 3732 1194">
    <p class='ocr_par' dir='ltr' id='par_1_25' title="bbox 2206 1125 3732 1194">
     <span class='ocr_line' id='line_1_25' title="bbox 2206 1125 3732 1194; baseline 0.004 -17"><span class='ocrx_word' id='word_1_159' title='bbox 2206 1126 2505 1194; x_wconf 85' lang='lat' dir='ltr'><strong>subjectas,</strong></span> <span class='ocrx_word' id='word_1_160' title='bbox 2536 1136 2648 1180; x_wconf 91' lang='lat' dir='ltr'><strong>tum</strong></span> <span class='ocrx_word' id='word_1_161' title='bbox 2675 1125 3059 1181; x_wconf 82' lang='lat' dir='ltr'><strong>Occidentales</strong></span> <span class='ocrx_word' id='word_1_162' title='bbox 3089 1129 3382 1182; x_wconf 87' lang='lat' dir='ltr'><strong>universos</strong></span> <span class='ocrx_word' id='word_1_163' title='bbox 3414 1131 3464 1181; x_wconf 92' lang='lat' dir='ltr'><strong>in</strong></span> <span class='ocrx_word' id='word_1_164' title='bbox 3499 1130 3732 1184; x_wconf 80' lang='lat' dir='ltr'><strong>Niczenatn</strong></span> 
     </span>
    </p>
   </div>
   <div class='ocr_carea' id='block_1_26' title="bbox 2211 1218 3735 1292">
    <p class='ocr_par' dir='ltr' id='par_1_26' title="bbox 2211 1218 3735 1292">
     <span class='ocr_line' id='line_1_26' title="bbox 2211 1218 3735 1292; baseline 0.005 -22"><span class='ocrx_word' id='word_1_165' title='bbox 2211 1218 2334 1272; x_wconf 86' lang='lat' dir='ltr'><strong>fidei</strong></span> <span class='ocrx_word' id='word_1_166' title='bbox 2387 1220 2786 1285; x_wconf 81' lang='lat' dir='ltr'><strong>professionem</strong></span> <span class='ocrx_word' id='word_1_167' title='bbox 2839 1221 3220 1289; x_wconf 60' lang='lat' dir='ltr'><strong>conspirasse.</strong></span> <span class='ocrx_word' id='word_1_168' title='bbox 3268 1219 3615 1286; x_wconf 77' lang='lat' dir='ltr'><strong>Quamobrem</strong></span> <span class='ocrx_word' id='word_1_169' title='bbox 3657 1239 3735 1292; x_wconf 90' lang='lat' dir='ltr'><strong>per</strong></span> 
     </span>
    </p>
   </div>
   <div class='ocr_carea' id='block_1_27' title="bbox 2208 1311 3733 1382">
    <p class='ocr_par' dir='ltr' id='par_1_27' title="bbox 2208 1311 3733 1382">
     <span class='ocr_line' id='line_1_27' title="bbox 2208 1311 3733 1382; baseline 0.003 -18"><span class='ocrx_word' id='word_1_170' title='bbox 2208 1326 2306 1364; x_wconf 85' lang='lat' dir='ltr'><strong>vos</strong></span> <span class='ocrx_word' id='word_1_171' title='bbox 2341 1314 2392 1364; x_wconf 89' lang='lat' dir='ltr'><strong>id</strong></span> <span class='ocrx_word' id='word_1_172' title='bbox 2423 1311 2687 1365; x_wconf 89' lang='lat' dir='ltr'><strong>omnibus</strong></span> <span class='ocrx_word' id='word_1_173' title='bbox 2721 1312 2955 1367; x_wconf 87' lang='lat' dir='ltr'><strong>indicari</strong></span> <span class='ocrx_word' id='word_1_174' title='bbox 2989 1323 3233 1381; x_wconf 80' lang='lat' dir='ltr'><strong>oportet,</strong></span> <span class='ocrx_word' id='word_1_175' title='bbox 3260 1323 3320 1367; x_wconf 89' lang='lat' dir='ltr'><strong>ut</strong></span> <span class='ocrx_word' id='word_1_176' title='bbox 3345 1314 3439 1382; x_wconf 86' lang='lat' dir='ltr'><strong>qui</strong></span> <span class='ocrx_word' id='word_1_177' title='bbox 3467 1314 3514 1364; x_wconf 90' lang='lat' dir='ltr'><strong>vi</strong></span> <span class='ocrx_word' id='word_1_178' title='bbox 3538 1315 3733 1382; x_wconf 87' lang='lat' dir='ltr'><strong>quadam</strong></span> 
     </span>
    </p>
   </div>
   <div class='ocr_carea' id='block_1_28' title="bbox 2206 1402 3732 1470">
    <p class='ocr_par' dir='ltr' id='par_1_28' title="bbox 2206 1402 3732 1470">
     <span class='ocr_line' id='line_1_28' title="bbox 2206 1402 3732 1470; baseline 0.004 -16"><span class='ocrx_word' id='word_1_179' title='bbox 2206 1402 2419 1455; x_wconf 85' lang='lat' dir='ltr'><strong>seducti</strong></span> <span class='ocrx_word' id='word_1_180' title='bbox 2455 1411 2621 1470; x_wconf 90' lang='lat' dir='ltr'><strong>atque</strong></span> <span class='ocrx_word' id='word_1_181' title='bbox 2655 1402 2769 1456; x_wconf 69' lang='lat' dir='ltr'><strong>Iccsi</strong></span> <span class='ocrx_word' id='word_1_182' title='bbox 2803 1412 2968 1463; x_wconf 87' lang='lat' dir='ltr'><strong>sunt.</strong></span> <span class='ocrx_word' id='word_1_183' title='bbox 3007 1404 3229 1458; x_wconf 86' lang='lat' dir='ltr'><strong>tandem</strong></span> <span class='ocrx_word' id='word_1_184' title='bbox 3266 1420 3297 1459; x_wconf 86' lang='lat' dir='ltr'><strong>a</strong></span> <span class='ocrx_word' id='word_1_185' title='bbox 3331 1404 3563 1460; x_wconf 88' lang='lat' dir='ltr'><strong>tenebris</strong></span> <span class='ocrx_word' id='word_1_186' title='bbox 3591 1406 3732 1460; x_wconf 70' lang='lat' dir='ltr'><strong>hat-re-</strong></span> 
     </span>
    </p>
   </div>
   <div class='ocr_carea' id='block_1_29' title="bbox 2212 1490 3733 1551">
    <p class='ocr_par' dir='ltr' id='par_1_29' title="bbox 2212 1490 3733 1551">
     <span class='ocr_line' id='line_1_29' title="bbox 2212 1490 3733 1551; baseline 0.003 -6"><span class='ocrx_word' id='word_1_187' title='bbox 2212 1490 2334 1545; x_wconf 86' lang='lat' dir='ltr'><strong>tieis</strong></span> <span class='ocrx_word' id='word_1_188' title='bbox 2361 1493 2428 1546; x_wconf 89' lang='lat' dir='ltr'><strong>ad</strong></span> <span class='ocrx_word' id='word_1_189' title='bbox 2455 1492 2703 1546; x_wconf 84' lang='lat' dir='ltr'><strong>divinum</strong></span> <span class='ocrx_word' id='word_1_190' title='bbox 2733 1493 3024 1549; x_wconf 74' lang='lat' dir='ltr'><strong>catholica:</strong></span> <span class='ocrx_word' id='word_1_191' title='bbox 3056 1494 3335 1549; x_wconf 84' lang='lat' dir='ltr'><strong>libertatis</strong></span> <span class='ocrx_word' id='word_1_192' title='bbox 3365 1495 3538 1550; x_wconf 86' lang='lat' dir='ltr'><strong>lumen</strong></span> <span class='ocrx_word' id='word_1_193' title='bbox 3567 1498 3733 1551; x_wconf 81' lang='lat' dir='ltr'><strong>reverti</strong></span> 
     </span>
    </p>
   </div>
   <div class='ocr_carea' id='block_1_30' title="bbox 2212 1582 3733 1657">
    <p class='ocr_par' dir='ltr' id='par_1_30' title="bbox 2212 1582 3733 1657">
     <span class='ocr_line' id='line_1_30' title="bbox 2212 1582 3733 1657; baseline 0.005 -23"><span class='ocrx_word' id='word_1_194' title='bbox 2212 1582 2444 1651; x_wconf 84' lang='lat' dir='ltr'><strong>possint.</strong></span> <span class='ocrx_word' id='word_1_195' title='bbox 2484 1584 2542 1637; x_wconf 86' lang='lat' dir='ltr'><strong>Si</strong></span> <span class='ocrx_word' id='word_1_196' title='bbox 2587 1584 2680 1651; x_wconf 88' lang='lat' dir='ltr'><strong>qtti</strong></span> <span class='ocrx_word' id='word_1_197' title='bbox 2727 1601 2858 1638; x_wconf 86' lang='lat' dir='ltr'><strong>vero</strong></span> <span class='ocrx_word' id='word_1_198' title='bbox 2902 1585 3168 1654; x_wconf 88' lang='lat' dir='ltr'><strong>deinceps</strong></span> <span class='ocrx_word' id='word_1_199' title='bbox 3214 1601 3483 1639; x_wconf 85' lang='lat' dir='ltr'><strong>venenum</strong></span> <span class='ocrx_word' id='word_1_200' title='bbox 3530 1588 3733 1657; x_wconf 49' lang='lat' dir='ltr'><strong>perﬁdae</strong></span> 
     </span>
    </p>
   </div>
   <div class='ocr_carea' id='block_1_31' title="bbox 2212 1676 3733 1745">
    <p class='ocr_par' dir='ltr' id='par_1_31' title="bbox 2212 1676 3733 1745">
     <span class='ocr_line' id='line_1_31' title="bbox 2212 1676 3733 1745; baseline 0.007 -22"><span class='ocrx_word' id='word_1_201' title='bbox 2212 1688 2507 1741; x_wconf 83' lang='lat' dir='ltr'><strong>respuere,</strong></span> <span class='ocrx_word' id='word_1_202' title='bbox 2582 1686 2639 1729; x_wconf 90' lang='lat' dir='ltr'><strong>et</strong></span> <span class='ocrx_word' id='word_1_203' title='bbox 2694 1676 2810 1730; x_wconf 85' lang='lat' dir='ltr'><strong>Arii</strong></span> <span class='ocrx_word' id='word_1_204' title='bbox 2879 1676 3256 1745; x_wconf 88' lang='lat' dir='ltr'><strong>blaspltctnias</strong></span> <span class='ocrx_word' id='word_1_205' title='bbox 3311 1693 3497 1732; x_wconf 87' lang='lat' dir='ltr'><strong>omnes</strong></span> <span class='ocrx_word' id='word_1_206' title='bbox 3549 1679 3733 1734; x_wconf 78' lang='lat' dir='ltr'><strong>abolere</strong></span> 
     </span>
    </p>
   </div>
   <div class='ocr_carea' id='block_1_32' title="bbox 521 1755 3732 1841">
    <p class='ocr_par' dir='ltr' id='par_1_32' title="bbox 521 1755 3732 1841">
     <span class='ocr_line' id='line_1_32' title="bbox 521 1755 3732 1841; baseline 0.002 -20"><span class='ocrx_word' id='word_1_207' title='bbox 521 1775 772 1826; x_wconf 84' lang='lat' dir='ltr'><strong>coactus.</strong></span> <span class='ocrx_word' id='word_1_208' title='bbox 806 1778 1016 1836; x_wconf 88' lang='lat' dir='ltr'><strong>quanto</strong></span> <span class='ocrx_word' id='word_1_209' title='bbox 1051 1769 1267 1822; x_wconf 80' lang='lat' dir='ltr'><strong>scilicet</strong></span> <span class='ocrx_word' id='word_1_210' title='bbox 1306 1785 1540 1823; x_wconf 90' lang='lat' dir='ltr'><strong>numero</strong></span> <span class='ocrx_word' id='word_1_211' title='bbox 1570 1770 1768 1825; x_wconf 87' lang='lat' dir='ltr'><strong>beatus</strong></span> <span class='ocrx_word' id='word_1_212' title='bbox 1800 1771 1891 1824; x_wconf 92' lang='lat' dir='ltr'><strong>ille</strong></span> <span class='ocrx_word' id='word_1_213' title='bbox 1922 1772 2098 1824; x_wconf 74' lang='lat' dir='ltr'><strong>Abra~</strong></span> <span class='ocrx_word' id='word_1_214' title='bbox 2134 1755 2175 1809; x_wconf 78' lang='grc' dir='ltr'><strong><em>Β</em></strong></span> <span class='ocrx_word' id='word_1_215' title='bbox 2205 1766 2655 1837; x_wconf 77' lang='lat' dir='ltr'><strong>analltematique</strong></span> <span class='ocrx_word' id='word_1_216' title='bbox 2699 1768 2976 1837; x_wconf 79' lang='lat' dir='ltr'><strong>subjicere</strong></span> <span class='ocrx_word' id='word_1_217' title='bbox 3021 1768 3347 1834; x_wconf 86' lang='lat' dir='ltr'><strong>noluerint,</strong></span> <span class='ocrx_word' id='word_1_218' title='bbox 3378 1771 3512 1831; x_wconf 78' lang='lat' dir='ltr'><strong>Arii,</strong></span> <span class='ocrx_word' id='word_1_219' title='bbox 3541 1773 3732 1841; x_wconf 80' lang='lat' dir='ltr'><strong>ejusque</strong></span> 
     </span>
    </p>
   </div>
   <div class='ocr_carea' id='block_1_33' title="bbox 526 1859 2103 1916">
    <p class='ocr_par' dir='ltr' id='par_1_33' title="bbox 526 1859 2103 1916">
     <span class='ocr_line' id='line_1_33' title="bbox 526 1859 2103 1916; baseline 0.003 -5"><span class='ocrx_word' id='word_1_220' title='bbox 526 1859 651 1912; x_wconf 88' lang='lat' dir='ltr'><strong>haut</strong></span> <span class='ocrx_word' id='word_1_221' title='bbox 701 1868 781 1914; x_wconf 91' lang='lat' dir='ltr'><strong>tot</strong></span> <span class='ocrx_word' id='word_1_222' title='bbox 822 1859 1065 1913; x_wconf 89' lang='lat' dir='ltr'><strong>hostium</strong></span> <span class='ocrx_word' id='word_1_223' title='bbox 1109 1860 1279 1914; x_wconf 86' lang='lat' dir='ltr'><strong>millia</strong></span> <span class='ocrx_word' id='word_1_224' title='bbox 1320 1860 1427 1914; x_wconf 91' lang='lat' dir='ltr'><strong>fide</strong></span> <span class='ocrx_word' id='word_1_225' title='bbox 1478 1862 1793 1916; x_wconf 84' lang='lat' dir='ltr'><strong>debellavit.</strong></span> <span class='ocrx_word' id='word_1_226' title='bbox 1847 1863 1919 1916; x_wconf 81' lang='lat' dir='ltr'><strong>Ea</strong></span> <span class='ocrx_word' id='word_1_227' title='bbox 1969 1862 2103 1916; x_wconf 85' lang='lat' dir='ltr'><strong>fides</strong></span> 
     </span>
    </p>
   </div>
   <div class='ocr_carea' id='block_1_34' title="bbox 524 1952 2101 2023">
    <p class='ocr_par' dir='ltr' id='par_1_34' title="bbox 524 1952 2101 2023">
     <span class='ocr_line' id='line_1_34' title="bbox 524 1952 2101 2023; baseline 0.003 -18"><span class='ocrx_word' id='word_1_228' title='bbox 524 1967 648 2005; x_wconf 91' lang='lat' dir='ltr'><strong>cum</strong></span> <span class='ocrx_word' id='word_1_229' title='bbox 683 1952 734 2005; x_wconf 90' lang='lat' dir='ltr'><strong>in</strong></span> <span class='ocrx_word' id='word_1_230' title='bbox 775 1952 1133 2007; x_wconf 83' lang='lat' dir='ltr'><strong>subsistentia</strong></span> <span class='ocrx_word' id='word_1_231' title='bbox 1166 1964 1222 2007; x_wconf 91' lang='lat' dir='ltr'><strong>et</strong></span> <span class='ocrx_word' id='word_1_232' title='bbox 1252 1954 1477 2008; x_wconf 85' lang='lat' dir='ltr'><strong>nomine</strong></span> <span class='ocrx_word' id='word_1_233' title='bbox 1509 1953 1605 2007; x_wconf 80' lang='grc' dir='ltr'><strong>τοῦ</strong></span> <span class='ocrx_word' id='word_1_234' title='bbox 1634 1957 1945 2023; x_wconf 60' lang='lat' dir='ltr'><strong>euacuatos,</strong></span> <span class='ocrx_word' id='word_1_235' title='bbox 1970 1971 2101 2010; x_wconf 83' lang='lat' dir='ltr'><strong>cou-</strong></span> 
     </span>
    </p>
   </div>
   <div class='ocr_carea' id='block_1_35' title="bbox 524 2046 2102 2117">
    <p class='ocr_par' dir='ltr' id='par_1_35' title="bbox 524 2046 2102 2117">
     <span class='ocr_line' id='line_1_35' title="bbox 524 2046 2102 2117; baseline 0.004 -20"><span class='ocrx_word' id='word_1_236' title='bbox 524 2046 926 2111; x_wconf 72' lang='lat' dir='ltr'><strong>substantialis,</strong></span> <span class='ocrx_word' id='word_1_237' title='bbox 960 2046 1247 2110; x_wconf 74' lang='lat' dir='ltr'><strong>consistat,</strong></span> <span class='ocrx_word' id='word_1_238' title='bbox 1275 2047 1505 2115; x_wconf 88' lang='lat' dir='ltr'><strong>perinde</strong></span> <span class='ocrx_word' id='word_1_239' title='bbox 1529 2056 1693 2117; x_wconf 90' lang='lat' dir='ltr'><strong>atque</strong></span> <span class='ocrx_word' id='word_1_240' title='bbox 1729 2048 2102 2117; x_wconf 84' lang='lat' dir='ltr'><strong>munitissima</strong></span> 
     </span>
    </p>
   </div>
   <div class='ocr_carea' id='block_1_36' title="bbox 521 2116 2102 2206">
    <p class='ocr_par' dir='ltr' id='par_1_36' title="bbox 521 2116 2102 2206">
     <span class='ocr_line' id='line_1_36' title="bbox 521 2116 2102 2206; baseline 0.004 -20"><span class='ocrx_word' id='word_1_241' title='bbox 521 2135 775 2203; x_wconf 75' lang='lat' dir='ltr'><strong>quaedam</strong></span> <span class='ocrx_word' id='word_1_242' title='bbox 828 2144 885 2189; x_wconf 89' lang='lat' dir='ltr'><strong>et</strong></span> <span class='ocrx_word' id='word_1_243' title='bbox 934 2126 1383 2206; x_wconf 81' lang='lat' dir='ltr'><strong>inexpugnabilis</strong></span> <span class='ocrx_word' id='word_1_244' title='bbox 1429 2154 1561 2200; x_wconf 76' lang='lat' dir='ltr'><strong>arx,</strong></span> <span class='ocrx_word' id='word_1_245' title='bbox 1610 2116 2102 2205; x_wconf 39' lang='lat' dir='ltr'><strong>intpressiones‘et</strong></span> 
     </span>
    </p>
   </div>
   <div class='ocr_carea' id='block_1_37' title="bbox 522 2229 2098 2300">
    <p class='ocr_par' dir='ltr' id='par_1_37' title="bbox 522 2229 2098 2300">
     <span class='ocr_line' id='line_1_37' title="bbox 522 2229 2098 2300; baseline 0.004 -21"><span class='ocrx_word' id='word_1_246' title='bbox 522 2229 810 2282; x_wconf 88' lang='lat' dir='ltr'><strong>machinas</strong></span> <span class='ocrx_word' id='word_1_247' title='bbox 841 2230 1110 2299; x_wconf 85' lang='lat' dir='ltr'><strong>malignas</strong></span> <span class='ocrx_word' id='word_1_248' title='bbox 1141 2231 1359 2285; x_wconf 64' lang='lat' dir='ltr'><strong>Arianm</strong></span> <span class='ocrx_word' id='word_1_249' title='bbox 1391 2232 1638 2300; x_wconf 68' lang='lat' dir='ltr'><strong>perfidiae</strong></span> <span class='ocrx_word' id='word_1_250' title='bbox 1670 2248 1884 2291; x_wconf 83' lang='lat' dir='ltr'><strong>omnes,</strong></span> <span class='ocrx_word' id='word_1_251' title='bbox 1917 2233 1988 2284; x_wconf 89' lang='lat' dir='ltr'><strong>ita</strong></span> <span class='ocrx_word' id='word_1_252' title='bbox 2022 2232 2098 2285; x_wconf 92' lang='lat' dir='ltr'><strong>nti</strong></span> 
     </span>
    </p>
   </div>
   <div class='ocr_carea' id='block_1_38' title="bbox 521 2320 2105 2394">
    <p class='ocr_par' dir='ltr' id='par_1_38' title="bbox 521 2320 2105 2394">
     <span class='ocr_line' id='line_1_38' title="bbox 521 2320 2105 2394; baseline 0.005 -23"><span class='ocrx_word' id='word_1_253' title='bbox 521 2320 716 2385; x_wconf 88' lang='lat' dir='ltr'><strong>decet,</strong></span> <span class='ocrx_word' id='word_1_254' title='bbox 761 2323 1091 2377; x_wconf 86' lang='lat' dir='ltr'><strong>contemnit.</strong></span> <span class='ocrx_word' id='word_1_255' title='bbox 1137 2323 1205 2377; x_wconf 87' lang='lat' dir='ltr'><strong>Et</strong></span> <span class='ocrx_word' id='word_1_256' title='bbox 1247 2326 1502 2393; x_wconf 86' lang='lat' dir='ltr'><strong>quamvis</strong></span> <span class='ocrx_word' id='word_1_257' title='bbox 1537 2325 1782 2394; x_wconf 85' lang='lat' dir='ltr'><strong>episcopi</strong></span> <span class='ocrx_word' id='word_1_258' title='bbox 1834 2325 2105 2380; x_wconf 69' lang='lat' dir='ltr'><strong>Occiden-</strong></span> 
     </span>
    </p>
   </div>
   <div class='ocr_carea' id='block_1_39' title="bbox 527 2411 2099 2483">
    <p class='ocr_par' dir='ltr' id='par_1_39' title="bbox 527 2411 2099 2483">
     <span class='ocr_line' id='line_1_39' title="bbox 527 2411 2099 2483; baseline 0.004 -18"><span class='ocrx_word' id='word_1_259' title='bbox 527 2411 661 2465; x_wconf 82' lang='lat' dir='ltr'><strong>tales</strong></span> <span class='ocrx_word' id='word_1_260' title='bbox 708 2428 877 2483; x_wconf 90' lang='lat' dir='ltr'><strong>prope</strong></span> <span class='ocrx_word' id='word_1_261' title='bbox 920 2429 1113 2468; x_wconf 87' lang='lat' dir='ltr'><strong>omues</strong></span> <span class='ocrx_word' id='word_1_262' title='bbox 1154 2416 1387 2470; x_wconf 88' lang='lat' dir='ltr'><strong>Arimini</strong></span> <span class='ocrx_word' id='word_1_263' title='bbox 1435 2418 1819 2481; x_wconf 85' lang='lat' dir='ltr'><strong>convenerint,</strong></span> <span class='ocrx_word' id='word_1_264' title='bbox 1850 2434 1974 2472; x_wconf 92' lang='lat' dir='ltr'><strong>cum</strong></span> <span class='ocrx_word' id='word_1_265' title='bbox 2022 2419 2099 2471; x_wconf 91' lang='lat' dir='ltr'><strong>ibi</strong></span> 
     </span>
    </p>
   </div>
   <div class='ocr_carea' id='block_1_40' title="bbox 524 2507 2100 2578">
    <p class='ocr_par' dir='ltr' id='par_1_40' title="bbox 524 2507 2100 2578">
     <span class='ocr_line' id='line_1_40' title="bbox 524 2507 2100 2578; baseline 0.003 -20"><span class='ocrx_word' id='word_1_266' title='bbox 524 2507 820 2559; x_wconf 88' lang='lat' dir='ltr'><strong>concilium</strong></span> <span class='ocrx_word' id='word_1_267' title='bbox 855 2508 1189 2561; x_wconf 84' lang='lat' dir='ltr'><strong>Arianorum</strong></span> <span class='ocrx_word' id='word_1_268' title='bbox 1230 2509 1500 2578; x_wconf 89' lang='lat' dir='ltr'><strong>coegisset</strong></span> <span class='ocrx_word' id='word_1_269' title='bbox 1535 2510 1791 2564; x_wconf 87' lang='lat' dir='ltr'><strong>vecordia</strong></span> <span class='ocrx_word' id='word_1_270' title='bbox 1816 2553 1829 2569; x_wconf 89' lang='lat'><strong>.</strong></span> <span class='ocrx_word' id='word_1_271' title='bbox 1867 2522 1925 2564; x_wconf 83' lang='grc' dir='ltr'><strong>ιιι</strong></span> <span class='ocrx_word' id='word_1_272' title='bbox 1963 2512 2100 2564; x_wconf 87' lang='lat' dir='ltr'><strong>iusi-</strong></span> 
     </span>
    </p>
   </div>
   <div class='ocr_carea' id='block_1_41' title="bbox 478 2596 2102 2670">
    <p class='ocr_par' dir='ltr' id='par_1_41' title="bbox 478 2596 2102 2670">
     <span class='ocr_line' id='line_1_41' title="bbox 478 2596 2102 2670; baseline 0.004 -21"><span class='ocrx_word' id='word_1_273' title='bbox 478 2630 487 2635; x_wconf 88' lang='lat'><strong><em>-</em></strong></span> <span class='ocrx_word' id='word_1_274' title='bbox 525 2596 681 2649; x_wconf 81' lang='lat' dir='ltr'><strong>diosa</strong></span> <span class='ocrx_word' id='word_1_275' title='bbox 715 2596 949 2666; x_wconf 89' lang='lat' dir='ltr'><strong>quadam</strong></span> <span class='ocrx_word' id='word_1_276' title='bbox 976 2600 1259 2662; x_wconf 86' lang='lat' dir='ltr'><strong>suasione,</strong></span> <span class='ocrx_word' id='word_1_277' title='bbox 1294 2615 1387 2653; x_wconf 91' lang='lat' dir='ltr'><strong>seu</strong></span> <span class='ocrx_word' id='word_1_278' title='bbox 1428 2600 1571 2669; x_wconf 82' lang='lat' dir='ltr'><strong>quod</strong></span> <span class='ocrx_word' id='word_1_279' title='bbox 1608 2602 1797 2655; x_wconf 90' lang='lat' dir='ltr'><strong>verius</strong></span> <span class='ocrx_word' id='word_1_280' title='bbox 1832 2616 1933 2665; x_wconf 82' lang='lat' dir='ltr'><strong>est,</strong></span> <span class='ocrx_word' id='word_1_281' title='bbox 1977 2619 2102 2670; x_wconf 84' lang='lat' dir='ltr'><strong>pro-</strong></span> 
     </span>
    </p>
   </div>
   <div class='ocr_carea' id='block_1_42' title="bbox 524 2690 2103 2762">
    <p class='ocr_par' dir='ltr' id='par_1_42' title="bbox 524 2690 2103 2762">
     <span class='ocr_line' id='line_1_42' title="bbox 524 2690 2103 2762; baseline 0.004 -19"><span class='ocrx_word' id='word_1_282' title='bbox 524 2690 649 2743; x_wconf 90' lang='lat' dir='ltr'><strong>fana</strong></span> <span class='ocrx_word' id='word_1_283' title='bbox 686 2692 1015 2746; x_wconf 88' lang='lat' dir='ltr'><strong>auctoritate</strong></span> <span class='ocrx_word' id='word_1_284' title='bbox 1045 2702 1102 2747; x_wconf 90' lang='lat' dir='ltr'><strong>et</strong></span> <span class='ocrx_word' id='word_1_285' title='bbox 1136 2694 1411 2761; x_wconf 87' lang='lat' dir='ltr'><strong>potentia,</strong></span> <span class='ocrx_word' id='word_1_286' title='bbox 1460 2694 1509 2746; x_wconf 91' lang='lat' dir='ltr'><strong>id</strong></span> <span class='ocrx_word' id='word_1_287' title='bbox 1545 2694 1690 2762; x_wconf 91' lang='lat' dir='ltr'><strong>quod</strong></span> <span class='ocrx_word' id='word_1_288' title='bbox 1730 2694 1784 2748; x_wconf 83' lang='lat' dir='ltr'><strong>in</strong></span> <span class='ocrx_word' id='word_1_289' title='bbox 1824 2695 1949 2747; x_wconf 75' lang='lat' dir='ltr'><strong>fidei</strong></span> <span class='ocrx_word' id='word_1_290' title='bbox 1989 2695 2103 2749; x_wconf 31' lang='lat' dir='ltr'><strong>fora</strong></span> 
     </span>
    </p>
   </div>
   <div class='ocr_carea' id='block_1_43' title="bbox 523 2784 2098 2856">
    <p class='ocr_par' dir='ltr' id='par_1_43' title="bbox 523 2784 2098 2856">
     <span class='ocr_line' id='line_1_43' title="bbox 523 2784 2098 2856; baseline 0.002 -19"><span class='ocrx_word' id='word_1_291' title='bbox 523 2784 670 2838; x_wconf 89' lang='lat' dir='ltr'><strong>tnula</strong></span> <span class='ocrx_word' id='word_1_292' title='bbox 709 2785 1045 2839; x_wconf 90' lang='lat' dir='ltr'><strong>tutissimum</strong></span> <span class='ocrx_word' id='word_1_293' title='bbox 1085 2787 1571 2855; x_wconf 83' lang='lat' dir='ltr'><strong>certissitnumque</strong></span> <span class='ocrx_word' id='word_1_294' title='bbox 1619 2787 1857 2856; x_wconf 89' lang='lat' dir='ltr'><strong>positum</strong></span> <span class='ocrx_word' id='word_1_295' title='bbox 1899 2787 2098 2848; x_wconf 87' lang='lat' dir='ltr'><strong>ftterat,</strong></span> 
     </span>
    </p>
   </div>
   <div class='ocr_carea' id='block_1_44' title="bbox 521 2877 2099 2948">
    <p class='ocr_par' dir='ltr' id='par_1_44' title="bbox 521 2877 2099 2948">
     <span class='ocr_line' id='line_1_44' title="bbox 521 2877 2099 2948; baseline 0.004 -20"><span class='ocrx_word' id='word_1_296' title='bbox 521 2877 829 2936; x_wconf 74' lang='lat' dir='ltr'><strong>aboleri-nt.</strong></span> <span class='ocrx_word' id='word_1_297' title='bbox 868 2886 965 2932; x_wconf 90' lang='lat' dir='ltr'><strong>aut</strong></span> <span class='ocrx_word' id='word_1_298' title='bbox 1012 2878 1235 2948; x_wconf 90' lang='lat' dir='ltr'><strong>oblique</strong></span> <span class='ocrx_word' id='word_1_299' title='bbox 1278 2887 1584 2948; x_wconf 79' lang='lat' dir='ltr'><strong>negarent,</strong></span> <span class='ocrx_word' id='word_1_300' title='bbox 1629 2878 1770 2932; x_wconf 93' lang='lat' dir='ltr'><strong>nihil</strong></span> <span class='ocrx_word' id='word_1_301' title='bbox 1820 2891 2000 2933; x_wconf 90' lang='lat' dir='ltr'><strong>tamen</strong></span> <span class='ocrx_word' id='word_1_302' title='bbox 2037 2898 2099 2934; x_wconf 82' lang='lat' dir='ltr'><strong>ea</strong></span> 
     </span>
    </p>
   </div>
   <div class='ocr_carea' id='block_1_45' title="bbox 524 2969 2097 3041">
    <p class='ocr_par' dir='ltr' id='par_1_45' title="bbox 524 2969 2097 3041">
     <span class='ocr_line' id='line_1_45' title="bbox 524 2969 2097 3041; baseline 0.005 -22"><span class='ocrx_word' id='word_1_303' title='bbox 524 2969 734 3037; x_wconf 87' lang='lat' dir='ltr'><strong>profuit</strong></span> <span class='ocrx_word' id='word_1_304' title='bbox 762 2972 1055 3024; x_wconf 85' lang='lat' dir='ltr'><strong>calliditas.</strong></span> <span class='ocrx_word' id='word_1_305' title='bbox 1085 2971 1217 3023; x_wconf 85' lang='lat' dir='ltr'><strong>Nam</strong></span> <span class='ocrx_word' id='word_1_306' title='bbox 1251 2987 1444 3025; x_wconf 83' lang='lat' dir='ltr'><strong>omnes</strong></span> <span class='ocrx_word' id='word_1_307' title='bbox 1473 2972 1584 3026; x_wconf 88' lang='lat' dir='ltr'><strong>fere</strong></span> <span class='ocrx_word' id='word_1_308' title='bbox 1610 2973 1700 3041; x_wconf 87' lang='lat' dir='ltr'><strong>qui</strong></span> <span class='ocrx_word' id='word_1_309' title='bbox 1727 2982 1839 3026; x_wconf 86' lang='lat' dir='ltr'><strong>tum</strong></span> <span class='ocrx_word' id='word_1_310' title='bbox 1867 2973 2097 3027; x_wconf 83' lang='lat' dir='ltr'><strong>Arimini</strong></span> 
     </span>
    </p>
   </div>
   <div class='ocr_carea' id='block_1_46' title="bbox 2206 1861 3733 1930">
    <p class='ocr_par' dir='ltr' id='par_1_46' title="bbox 2206 1861 3733 1930">
     <span class='ocr_line' id='line_1_46' title="bbox 2206 1861 3733 1930; baseline 0.005 -20"><span class='ocrx_word' id='word_1_311' title='bbox 2206 1868 2576 1923; x_wconf 83' lang='lat' dir='ltr'><strong>sectatorum,</strong></span> <span class='ocrx_word' id='word_1_312' title='bbox 2608 1870 2663 1913; x_wconf 88' lang='lat' dir='ltr'><strong>et</strong></span> <span class='ocrx_word' id='word_1_313' title='bbox 2698 1873 3024 1915; x_wconf 51' lang='lat' dir='ltr'><strong>caeterorum</strong></span> <span class='ocrx_word' id='word_1_314' title='bbox 3065 1863 3409 1930; x_wconf 83' lang='lat' dir='ltr'><strong>serpentium</strong></span> <span class='ocrx_word' id='word_1_315' title='bbox 3442 1861 3733 1918; x_wconf 84' lang='lat' dir='ltr'><strong>Sabelliano-</strong></span> 
     </span>
    </p>
   </div>
   <div class='ocr_carea' id='block_1_47' title="bbox 2208 1952 3732 2023">
    <p class='ocr_par' dir='ltr' id='par_1_47' title="bbox 2208 1952 3732 2023">
     <span class='ocr_line' id='line_1_47' title="bbox 2208 1952 3732 2023; baseline 0.004 -19"><span class='ocrx_word' id='word_1_316' title='bbox 2208 1967 2325 2004; x_wconf 86' lang='lat' dir='ltr'><strong>runt</strong></span> <span class='ocrx_word' id='word_1_317' title='bbox 2348 1990 2363 2016; x_wconf 87' lang='lat'><strong>,</strong></span> <span class='ocrx_word' id='word_1_318' title='bbox 2397 1952 2936 2022; x_wconf 85' lang='lat' dir='ltr'><strong>Patripassianorum</strong></span> <span class='ocrx_word' id='word_1_319' title='bbox 2963 1994 2978 2017; x_wconf 96' lang='lat'><strong>,</strong></span> <span class='ocrx_word' id='word_1_320' title='bbox 3019 1965 3188 2023; x_wconf 89' lang='lat' dir='ltr'><strong>atque</strong></span> <span class='ocrx_word' id='word_1_321' title='bbox 3222 1954 3451 2008; x_wconf 88' lang='lat' dir='ltr'><strong>aliaruut</strong></span> <span class='ocrx_word' id='word_1_322' title='bbox 3486 1955 3732 2011; x_wconf 67' lang='lat' dir='ltr'><strong>haeresim</strong></span> 
     </span>
    </p>
   </div>
   <div class='ocr_carea' id='block_1_48' title="bbox 2206 2045 3733 2113">
    <p class='ocr_par' dir='ltr' id='par_1_48' title="bbox 2206 2045 3733 2113">
     <span class='ocr_line' id='line_1_48' title="bbox 2206 2045 3733 2113; baseline 0.003 -15"><span class='ocrx_word' id='word_1_323' title='bbox 2206 2061 2264 2098; x_wconf 87' lang='lat' dir='ltr'><strong>se</strong></span> <span class='ocrx_word' id='word_1_324' title='bbox 2293 2046 2614 2113; x_wconf 88' lang='lat' dir='ltr'><strong>complices,</strong></span> <span class='ocrx_word' id='word_1_325' title='bbox 2650 2046 2717 2098; x_wconf 91' lang='lat' dir='ltr'><strong>ab</strong></span> <span class='ocrx_word' id='word_1_326' title='bbox 2747 2045 3123 2100; x_wconf 85' lang='lat' dir='ltr'><strong>ecclesiastica</strong></span> <span class='ocrx_word' id='word_1_327' title='bbox 3155 2048 3537 2101; x_wconf 84' lang='lat' dir='ltr'><strong>communione</strong></span> <span class='ocrx_word' id='word_1_328' title='bbox 3562 2058 3609 2101; x_wconf 85' lang='lat' dir='ltr'><strong>et</strong></span> <span class='ocrx_word' id='word_1_329' title='bbox 3631 2066 3733 2103; x_wconf 86' lang='lat' dir='ltr'><strong>con-</strong></span> 
     </span>
    </p>
   </div>
   <div class='ocr_carea' id='block_1_49' title="bbox 2202 2138 3732 2210">
    <p class='ocr_par' dir='ltr' id='par_1_49' title="bbox 2202 2138 3732 2210">
     <span class='ocr_line' id='line_1_49' title="bbox 2202 2138 3732 2210; baseline 0.004 -21"><span class='ocrx_word' id='word_1_330' title='bbox 2202 2138 2488 2207; x_wconf 89' lang='lat' dir='ltr'><strong>junctione</strong></span> <span class='ocrx_word' id='word_1_331' title='bbox 2530 2139 2786 2193; x_wconf 78' lang='lat' dir='ltr'><strong>exclusos</strong></span> <span class='ocrx_word' id='word_1_332' title='bbox 2821 2149 2876 2193; x_wconf 90' lang='lat' dir='ltr'><strong>et</strong></span> <span class='ocrx_word' id='word_1_333' title='bbox 2920 2140 3133 2193; x_wconf 89' lang='lat' dir='ltr'><strong>alienos</strong></span> <span class='ocrx_word' id='word_1_334' title='bbox 3165 2154 3296 2194; x_wconf 89' lang='lat' dir='ltr'><strong>esse</strong></span> <span class='ocrx_word' id='word_1_335' title='bbox 3320 2180 3335 2203; x_wconf 90' lang='lat'><strong>,</strong></span> <span class='ocrx_word' id='word_1_336' title='bbox 3369 2156 3486 2210; x_wconf 77' lang='lat' dir='ltr'><strong>qua:</strong></span> <span class='ocrx_word' id='word_1_337' title='bbox 3517 2140 3732 2196; x_wconf 80' lang='lat' dir='ltr'><strong>adulterii</strong></span> 
     </span>
    </p>
   </div>
   <div class='ocr_carea' id='block_1_50' title="bbox 2208 2230 3734 2293">
    <p class='ocr_par' dir='ltr' id='par_1_50' title="bbox 2208 2230 3734 2293">
     <span class='ocr_line' id='line_1_50' title="bbox 2208 2230 3734 2293; baseline 0.005 -13"><span class='ocrx_word' id='word_1_338' title='bbox 2208 2230 2350 2282; x_wconf 86' lang='lat' dir='ltr'><strong>filios</strong></span> <span class='ocrx_word' id='word_1_339' title='bbox 2402 2246 2512 2283; x_wconf 88' lang='lat' dir='ltr'><strong>nott</strong></span> <span class='ocrx_word' id='word_1_340' title='bbox 2554 2232 2831 2293; x_wconf 87' lang='lat' dir='ltr'><strong>admittit,</strong></span> <span class='ocrx_word' id='word_1_341' title='bbox 2872 2232 3072 2287; x_wconf 89' lang='lat' dir='ltr'><strong>sciant.</strong></span> <span class='ocrx_word' id='word_1_342' title='bbox 3126 2232 3281 2287; x_wconf 86' lang='lat' dir='ltr'><strong>Deus</strong></span> <span class='ocrx_word' id='word_1_343' title='bbox 3330 2248 3425 2286; x_wconf 80' lang='lat' dir='ltr'><strong>vos</strong></span> <span class='ocrx_word' id='word_1_344' title='bbox 3475 2234 3734 2287; x_wconf 77' lang='lat' dir='ltr'><strong>incolumes</strong></span> 
     </span>
    </p>
   </div>
   <div class='ocr_carea' id='block_1_51' title="bbox 2205 2322 3735 2383">
    <p class='ocr_par' dir='ltr' id='par_1_51' title="bbox 2205 2322 3735 2383">
     <span class='ocr_line' id='line_1_51' title="bbox 2205 2322 3735 2383; baseline 0.003 -9"><span class='ocrx_word' id='word_1_345' title='bbox 2205 2332 2409 2383; x_wconf 77' lang='lat' dir='ltr'><strong>servet,</strong></span> <span class='ocrx_word' id='word_1_346' title='bbox 2436 2322 2633 2376; x_wconf 90' lang='lat' dir='ltr'><strong>fratres</strong></span> <span class='ocrx_word' id='word_1_347' title='bbox 2660 2324 2867 2377; x_wconf 76' lang='lat' dir='ltr'><strong>dilecti.</strong></span> <span class='ocrx_word' id='word_1_348' title='bbox 2906 2343 2922 2374; x_wconf 73' lang='grc' dir='ltr'><strong>ι</strong></span> <span class='ocrx_word' id='word_1_349' title='bbox 2962 2322 3123 2380; x_wconf 87' lang='lat' dir='ltr'><strong>llisce</strong></span> <span class='ocrx_word' id='word_1_350' title='bbox 3150 2326 3350 2380; x_wconf 88' lang='lat' dir='ltr'><strong>litteris</strong></span> <span class='ocrx_word' id='word_1_351' title='bbox 3377 2325 3663 2379; x_wconf 78' lang='lat' dir='ltr'><strong>Eustathius</strong></span> <span class='ocrx_word' id='word_1_352' title='bbox 3691 2334 3735 2378; x_wconf 81' lang='lat' dir='ltr'><strong>cl</strong></span> 
     </span>
    </p>
   </div>
   <div class='ocr_carea' id='block_1_52' title="bbox 2205 2414 3736 2486">
    <p class='ocr_par' dir='ltr' id='par_1_52' title="bbox 2205 2414 3736 2486">
     <span class='ocr_line' id='line_1_52' title="bbox 2205 2414 3736 2486; baseline 0.001 -20"><span class='ocrx_word' id='word_1_353' title='bbox 2205 2414 2428 2483; x_wconf 64' lang='lat' dir='ltr'><strong>collega:</strong></span> <span class='ocrx_word' id='word_1_354' title='bbox 2459 2415 2578 2484; x_wconf 89' lang='lat' dir='ltr'><strong>ejus</strong></span> <span class='ocrx_word' id='word_1_355' title='bbox 2620 2415 2899 2483; x_wconf 86' lang='lat' dir='ltr'><strong>acceptis,</strong></span> <span class='ocrx_word' id='word_1_356' title='bbox 2951 2419 3004 2468; x_wconf 90' lang='lat' dir='ltr'><strong>in</strong></span> <span class='ocrx_word' id='word_1_357' title='bbox 3040 2415 3293 2470; x_wconf 89' lang='lat' dir='ltr'><strong>Siciliam</strong></span> <span class='ocrx_word' id='word_1_358' title='bbox 3333 2417 3651 2486; x_wconf 83' lang='lat' dir='ltr'><strong>trajecerant</strong></span> <span class='ocrx_word' id='word_1_359' title='bbox 3682 2414 3736 2468; x_wconf 82' lang='lat' dir='ltr'><strong>Et</strong></span> 
     </span>
    </p>
   </div>
   <div class='ocr_carea' id='block_1_53' title="bbox 2207 2505 3733 2577">
    <p class='ocr_par' dir='ltr' id='par_1_53' title="bbox 2207 2505 3733 2577">
     <span class='ocr_line' id='line_1_53' title="bbox 2207 2505 3733 2577; baseline 0.001 -22"><span class='ocrx_word' id='word_1_360' title='bbox 2207 2518 2495 2576; x_wconf 76' lang='lat' dir='ltr'><strong>postquam</strong></span> <span class='ocrx_word' id='word_1_361' title='bbox 2561 2507 2633 2560; x_wconf 89' lang='lat' dir='ltr'><strong>ibi</strong></span> <span class='ocrx_word' id='word_1_362' title='bbox 2694 2506 3007 2561; x_wconf 86' lang='lat' dir='ltr'><strong>Siculorum</strong></span> <span class='ocrx_word' id='word_1_363' title='bbox 3066 2508 3452 2577; x_wconf 90' lang='lat' dir='ltr'><strong>episcoporum</strong></span> <span class='ocrx_word' id='word_1_364' title='bbox 3511 2505 3733 2577; x_wconf 73' lang='lat' dir='ltr'><strong>synodus,</strong></span> 
     </span>
    </p>
   </div>
   <div class='ocr_carea' id='block_1_54' title="bbox 2204 2597 3732 2667">
    <p class='ocr_par' dir='ltr' id='par_1_54' title="bbox 2204 2597 3732 2667">
     <span class='ocr_line' id='line_1_54' title="bbox 2204 2597 3732 2667; baseline -0.005 -14"><span class='ocrx_word' id='word_1_365' title='bbox 2204 2615 2395 2653; x_wconf 84' lang='lat' dir='ltr'><strong>eorum</strong></span> <span class='ocrx_word' id='word_1_366' title='bbox 2431 2598 2690 2653; x_wconf 80' lang='lat' dir='ltr'><strong>instinctu</strong></span> <span class='ocrx_word' id='word_1_367' title='bbox 2721 2598 3019 2662; x_wconf 83' lang='lat' dir='ltr'><strong>celebrata,</strong></span> <span class='ocrx_word' id='word_1_368' title='bbox 3045 2608 3213 2667; x_wconf 87' lang='lat' dir='ltr'><strong>atque</strong></span> <span class='ocrx_word' id='word_1_369' title='bbox 3236 2598 3338 2666; x_wconf 87' lang='lat' dir='ltr'><strong>ipsi</strong></span> <span class='ocrx_word' id='word_1_370' title='bbox 3363 2597 3451 2649; x_wconf 80' lang='grc' dir='ltr'><strong>τοῦ</strong></span> <span class='ocrx_word' id='word_1_371' title='bbox 3472 2598 3732 2664; x_wconf 72' lang='grc' dir='ltr'><strong>ὀμοουςὶου,</strong></span> 
     </span>
    </p>
   </div>
   <div class='ocr_carea' id='block_1_55' title="bbox 2205 2690 3734 2760">
    <p class='ocr_par' dir='ltr' id='par_1_55' title="bbox 2205 2690 3734 2760">
     <span class='ocr_line' id='line_1_55' title="bbox 2205 2690 3734 2760; baseline -0.004 -15"><span class='ocrx_word' id='word_1_372' title='bbox 2205 2692 2715 2756; x_wconf 82' lang='lat' dir='ltr'><strong>consubstantialis,</strong></span> <span class='ocrx_word' id='word_1_373' title='bbox 2749 2692 2907 2745; x_wconf 82' lang='lat' dir='ltr'><strong>fidem</strong></span> <span class='ocrx_word' id='word_1_374' title='bbox 2939 2692 3170 2760; x_wconf 76' lang='lat' dir='ltr'><strong>professi</strong></span> <span class='ocrx_word' id='word_1_375' title='bbox 3210 2700 3363 2751; x_wconf 82' lang='lat' dir='ltr'><strong>sunt,</strong></span> <span class='ocrx_word' id='word_1_376' title='bbox 3402 2690 3734 2757; x_wconf 66' lang='lat' dir='ltr'><strong>Nicatuatnque</strong></span> 
     </span>
    </p>
   </div>
   <div class='ocr_carea' id='block_1_56' title="bbox 2205 2782 3737 2850">
    <p class='ocr_par' dir='ltr' id='par_1_56' title="bbox 2205 2782 3737 2850">
     <span class='ocr_line' id='line_1_56' title="bbox 2205 2782 3737 2850; baseline -0.003 -13"><span class='ocrx_word' id='word_1_377' title='bbox 2205 2784 2498 2838; x_wconf 80' lang='lat' dir='ltr'><strong>formulam</strong></span> <span class='ocrx_word' id='word_1_378' title='bbox 2545 2786 2879 2840; x_wconf 86' lang='lat' dir='ltr'><strong>auctoritate</strong></span> <span class='ocrx_word' id='word_1_379' title='bbox 2934 2802 3033 2839; x_wconf 73' lang='lat' dir='ltr'><strong>sua</strong></span> <span class='ocrx_word' id='word_1_380' title='bbox 3081 2787 3499 2849; x_wconf 88' lang='lat' dir='ltr'><strong>confirmarunt,</strong></span> <span class='ocrx_word' id='word_1_381' title='bbox 3534 2782 3737 2850; x_wconf 87' lang='lat' dir='ltr'><strong>acceptis</strong></span> 
     </span>
    </p>
   </div>
   <div class='ocr_carea' id='block_1_57' title="bbox 2207 2870 3734 2947">
    <p class='ocr_par' dir='ltr' id='par_1_57' title="bbox 2207 2870 3734 2947">
     <span class='ocr_line' id='line_1_57' title="bbox 2207 2870 3734 2947; baseline -0.003 -19"><span class='ocrx_word' id='word_1_382' title='bbox 2207 2876 2280 2929; x_wconf 86' lang='lat' dir='ltr'><strong>ibi</strong></span> <span class='ocrx_word' id='word_1_383' title='bbox 2312 2892 2536 2947; x_wconf 88' lang='lat' dir='ltr'><strong>quoque</strong></span> <span class='ocrx_word' id='word_1_384' title='bbox 2577 2876 2825 2944; x_wconf 81' lang='lat' dir='ltr'><strong>ejusdem</strong></span> <span class='ocrx_word' id='word_1_385' title='bbox 2870 2878 3165 2929; x_wconf 81' lang='lat' dir='ltr'><strong>sententia:</strong></span> <span class='ocrx_word' id='word_1_386' title='bbox 3197 2876 3424 2935; x_wconf 81' lang='lat' dir='ltr'><strong>litteris.</strong></span> <span class='ocrx_word' id='word_1_387' title='bbox 3465 2874 3525 2928; x_wconf 88' lang='lat' dir='ltr'><strong>ad</strong></span> <span class='ocrx_word' id='word_1_388' title='bbox 3556 2887 3638 2926; x_wconf 85' lang='lat' dir='ltr'><strong>eos</strong></span> <span class='ocrx_word' id='word_1_389' title='bbox 3659 2870 3734 2941; x_wconf 85' lang='lat' dir='ltr'><strong>qui</strong></span> 
     </span>
    </p>
   </div>
   <div class='ocr_carea' id='block_1_58' title="bbox 2206 2965 3734 3039">
    <p class='ocr_par' dir='ltr' id='par_1_58' title="bbox 2206 2965 3734 3039">
     <span class='ocr_line' id='line_1_58' title="bbox 2206 2965 3734 3039; baseline -0.003 -17"><span class='ocrx_word' id='word_1_390' title='bbox 2206 2984 2265 3022; x_wconf 90' lang='lat' dir='ltr'><strong>se</strong></span> <span class='ocrx_word' id='word_1_391' title='bbox 2299 2972 2631 3039; x_wconf 84' lang='lat' dir='ltr'><strong>legaverant,</strong></span> <span class='ocrx_word' id='word_1_392' title='bbox 2669 2981 2801 3025; x_wconf 91' lang='lat' dir='ltr'><strong>sunt</strong></span> <span class='ocrx_word' id='word_1_393' title='bbox 2838 2970 3070 3024; x_wconf 81' lang='lat' dir='ltr'><strong>reversi.</strong></span> <span class='ocrx_word' id='word_1_394' title='bbox 3103 2970 3291 3038; x_wconf 79' lang='lat' dir='ltr'><strong>Atque</strong></span> <span class='ocrx_word' id='word_1_395' title='bbox 3325 2969 3398 3024; x_wconf 86' lang='lat' dir='ltr'><strong>illi</strong></span> <span class='ocrx_word' id='word_1_396' title='bbox 3433 2968 3649 3021; x_wconf 86' lang='lat' dir='ltr'><strong>redditas</strong></span> <span class='ocrx_word' id='word_1_397' title='bbox 3673 2965 3734 3018; x_wconf 86' lang='lat' dir='ltr'><strong>ibi</strong></span> 
     </span>
    </p>
   </div>
   <div class='ocr_carea' id='block_1_59' title="bbox 524 3058 3735 3149">
    <p class='ocr_par' dir='ltr' id='par_1_59' title="bbox 524 3058 3735 3149">
     <span class='ocr_line' id='line_1_59' title="bbox 524 3058 3735 3149; baseline 0.002 -39"><span class='ocrx_word' id='word_1_398' title='bbox 524 3058 753 3111; x_wconf 83' lang='lat' dir='ltr'><strong>inescati</strong></span> <span class='ocrx_word' id='word_1_399' title='bbox 806 3070 969 3128; x_wconf 85' lang='lat' dir='ltr'><strong>atque</strong></span> <span class='ocrx_word' id='word_1_400' title='bbox 1009 3059 1202 3114; x_wconf 82' lang='lat' dir='ltr'><strong>fraude</strong></span> <span class='ocrx_word' id='word_1_401' title='bbox 1237 3062 1450 3129; x_wconf 80' lang='lat' dir='ltr'><strong>decepti</strong></span> <span class='ocrx_word' id='word_1_402' title='bbox 1488 3062 1741 3122; x_wconf 89' lang='lat' dir='ltr'><strong>fuerant.</strong></span> <span class='ocrx_word' id='word_1_403' title='bbox 1779 3075 1926 3117; x_wconf 86' lang='lat' dir='ltr'><strong>nunc</strong></span> <span class='ocrx_word' id='word_1_404' title='bbox 1961 3070 2095 3119; x_wconf 65' lang='lat' dir='ltr'><strong>resi-</strong></span> <span class='ocrx_word' id='word_1_405' title='bbox 2126 3088 2170 3149; x_wconf 65' lang='grc' dir='ltr'>ο</span> <span class='ocrx_word' id='word_1_406' title='bbox 2203 3069 2414 3133; x_wconf 79' lang='lat' dir='ltr'><strong>litteras</strong></span> <span class='ocrx_word' id='word_1_407' title='bbox 2460 3065 2665 3120; x_wconf 89' lang='lat' dir='ltr'><strong>Liberii</strong></span> <span class='ocrx_word' id='word_1_408' title='bbox 2694 3109 2707 3129; x_wconf 94' lang='lat'><strong>,</strong></span> <span class='ocrx_word' id='word_1_409' title='bbox 2757 3065 2824 3118; x_wconf 89' lang='lat' dir='ltr'><strong>ad</strong></span> <span class='ocrx_word' id='word_1_410' title='bbox 2874 3066 3038 3118; x_wconf 86' lang='lat' dir='ltr'><strong>urbes</strong></span> <span class='ocrx_word' id='word_1_411' title='bbox 3093 3080 3343 3134; x_wconf 87' lang='lat' dir='ltr'><strong>quasque</strong></span> <span class='ocrx_word' id='word_1_412' title='bbox 3392 3078 3480 3132; x_wconf 82' lang='lat' dir='ltr'><strong>per</strong></span> <span class='ocrx_word' id='word_1_413' title='bbox 3525 3070 3735 3114; x_wconf 81' lang='lat' dir='ltr'><strong>oratores</strong></span> 
     </span>
    </p>
   </div>
   <div class='ocr_carea' id='block_1_60' title="bbox 523 3153 2095 3224">
    <p class='ocr_par' dir='ltr' id='par_1_60' title="bbox 523 3153 2095 3224">
     <span class='ocr_line' id='line_1_60' title="bbox 523 3153 2095 3224; baseline 0.006 -23"><span class='ocrx_word' id='word_1_414' title='bbox 523 3154 826 3220; x_wconf 68' lang='lat' dir='ltr'><strong>pisccntes,</strong></span> <span class='ocrx_word' id='word_1_415' title='bbox 860 3167 983 3205; x_wconf 91' lang='lat' dir='ltr'><strong>cum</strong></span> <span class='ocrx_word' id='word_1_416' title='bbox 1022 3153 1358 3206; x_wconf 90' lang='lat' dir='ltr'><strong>anathemati</strong></span> <span class='ocrx_word' id='word_1_417' title='bbox 1392 3170 1584 3208; x_wconf 84' lang='lat' dir='ltr'><strong>eorum</strong></span> <span class='ocrx_word' id='word_1_418' title='bbox 1616 3155 1708 3224; x_wconf 90' lang='lat' dir='ltr'><strong>qui</strong></span> <span class='ocrx_word' id='word_1_419' title='bbox 1745 3156 1818 3209; x_wconf 90' lang='lat' dir='ltr'><strong>ibi</strong></span> <span class='ocrx_word' id='word_1_420' title='bbox 1853 3173 2095 3211; x_wconf 69' lang='lat' dir='ltr'><strong>conven-</strong></span> 
     </span>
    </p>
   </div>
   <div class='ocr_carea' id='block_1_61' title="bbox 525 3243 2097 3317">
    <p class='ocr_par' dir='ltr' id='par_1_61' title="bbox 525 3243 2097 3317">
     <span class='ocr_line' id='line_1_61' title="bbox 525 3243 2097 3317; baseline 0.007 -24"><span class='ocrx_word' id='word_1_421' title='bbox 525 3252 639 3295; x_wconf 89' lang='lat' dir='ltr'><strong>tnm</strong></span> <span class='ocrx_word' id='word_1_422' title='bbox 670 3258 851 3308; x_wconf 74' lang='lat' dir='ltr'><strong>egere,</strong></span> <span class='ocrx_word' id='word_1_423' title='bbox 894 3243 1016 3297; x_wconf 87' lang='lat' dir='ltr'><strong>fidei</strong></span> <span class='ocrx_word' id='word_1_424' title='bbox 1055 3243 1344 3298; x_wconf 80' lang='lat' dir='ltr'><strong>formulam</strong></span> <span class='ocrx_word' id='word_1_425' title='bbox 1378 3247 1757 3317; x_wconf 78' lang='lat' dir='ltr'><strong>subjecerunt,</strong></span> <span class='ocrx_word' id='word_1_426' title='bbox 1819 3261 1932 3303; x_wconf 90' lang='lat' dir='ltr'><strong>tum</strong></span> <span class='ocrx_word' id='word_1_427' title='bbox 1973 3252 2097 3304; x_wconf 92' lang='lat' dir='ltr'><strong>uni-</strong></span> 
     </span>
    </p>
   </div>
   <div class='ocr_carea' id='block_1_62' title="bbox 524 3335 2098 3408">
    <p class='ocr_par' dir='ltr' id='par_1_62' title="bbox 524 3335 2098 3408">
     <span class='ocr_line' id='line_1_62' title="bbox 524 3335 2098 3408; baseline 0.01 -25"><span class='ocrx_word' id='word_1_428' title='bbox 524 3335 724 3388; x_wconf 75' lang='lat' dir='ltr'><strong>versali</strong></span> <span class='ocrx_word' id='word_1_429' title='bbox 749 3344 803 3388; x_wconf 89' lang='lat' dir='ltr'><strong>et</strong></span> <span class='ocrx_word' id='word_1_430' title='bbox 833 3338 1146 3404; x_wconf 72' lang='lat' dir='ltr'><strong>aposmlicae</strong></span> <span class='ocrx_word' id='word_1_431' title='bbox 1180 3338 1327 3400; x_wconf 85' lang='lat' dir='ltr'><strong>fidei,</strong></span> <span class='ocrx_word' id='word_1_432' title='bbox 1366 3354 1488 3408; x_wconf 76' lang='lat' dir='ltr'><strong>qua:</strong></span> <span class='ocrx_word' id='word_1_433' title='bbox 1514 3339 1708 3393; x_wconf 73' lang='lat' dir='ltr'><strong>Nica-a:</strong></span> <span class='ocrx_word' id='word_1_434' title='bbox 1739 3341 1959 3395; x_wconf 85' lang='lat' dir='ltr'><strong>decreta</strong></span> <span class='ocrx_word' id='word_1_435' title='bbox 1988 3354 2098 3406; x_wconf 86' lang='lat' dir='ltr'><strong>est,</strong></span> 
     </span>
    </p>
   </div>
   <div class='ocr_carea' id='block_1_63' title="bbox 524 3424 2096 3498">
    <p class='ocr_par' dir='ltr' id='par_1_63' title="bbox 524 3424 2096 3498">
     <span class='ocr_line' id='line_1_63' title="bbox 524 3424 2096 3498; baseline 0.006 -21"><span class='ocrx_word' id='word_1_436' title='bbox 524 3424 1000 3493; x_wconf 79' lang='lat' dir='ltr'><strong>subscripserunt.</strong></span> <span class='ocrx_word' id='word_1_437' title='bbox 1048 3427 1114 3479; x_wconf 85' lang='lat' dir='ltr'><strong>Et</strong></span> <span class='ocrx_word' id='word_1_438' title='bbox 1147 3430 1432 3480; x_wconf 70' lang='lat' dir='ltr'><strong>nobiscum</strong></span> <span class='ocrx_word' id='word_1_439' title='bbox 1474 3434 1984 3498; x_wconf 82' lang='lat' dir='ltr'><strong>communicantes,</strong></span> <span class='ocrx_word' id='word_1_440' title='bbox 2015 3449 2096 3487; x_wconf 88' lang='lat' dir='ltr'><strong>ar-</strong></span> 
     </span>
    </p>
   </div>
   <div class='ocr_carea' id='block_1_64' title="bbox 524 3516 2103 3582">
    <p class='ocr_par' dir='ltr' id='par_1_64' title="bbox 524 3516 2103 3582">
     <span class='ocr_line' id='line_1_64' title="bbox 524 3516 2103 3582; baseline 0.008 -12"><span class='ocrx_word' id='word_1_441' title='bbox 524 3516 871 3571; x_wconf 72' lang='lat' dir='ltr'><strong>dentioribus</strong></span> <span class='ocrx_word' id='word_1_442' title='bbox 903 3519 1068 3572; x_wconf 88' lang='lat' dir='ltr'><strong>etiam</strong></span> <span class='ocrx_word' id='word_1_443' title='bbox 1100 3522 1301 3574; x_wconf 88' lang='lat' dir='ltr'><strong>animis</strong></span> <span class='ocrx_word' id='word_1_444' title='bbox 1334 3533 1526 3576; x_wconf 88' lang='lat' dir='ltr'><strong>contra</strong></span> <span class='ocrx_word' id='word_1_445' title='bbox 1554 3523 1671 3577; x_wconf 84' lang='lat' dir='ltr'><strong>Arii</strong></span> <span class='ocrx_word' id='word_1_446' title='bbox 1702 3523 2014 3580; x_wconf 90' lang='lat' dir='ltr'><strong>doctrinam</strong></span> <span class='ocrx_word' id='word_1_447' title='bbox 2046 3536 2103 3582; x_wconf 90' lang='lat' dir='ltr'><strong>et</strong></span> 
     </span>
    </p>
   </div>
   <div class='ocr_carea' id='block_1_65' title="bbox 523 3616 2104 3689">
    <p class='ocr_par' dir='ltr' id='par_1_65' title="bbox 523 3616 2104 3689">
     <span class='ocr_line' id='line_1_65' title="bbox 523 3616 2104 3689; baseline 0.004 -23"><span class='ocrx_word' id='word_1_448' title='bbox 523 3616 829 3685; x_wconf 80' lang='lat' dir='ltr'><strong>discipulos</strong></span> <span class='ocrx_word' id='word_1_449' title='bbox 860 3618 981 3686; x_wconf 88' lang='lat' dir='ltr'><strong>ejus</strong></span> <span class='ocrx_word' id='word_1_450' title='bbox 1017 3616 1292 3671; x_wconf 82' lang='lat' dir='ltr'><strong>feruntur.</strong></span> <span class='ocrx_word' id='word_1_451' title='bbox 1328 3620 1497 3684; x_wconf 84' lang='lat' dir='ltr'><strong>Quam</strong></span> <span class='ocrx_word' id='word_1_452' title='bbox 1531 3635 1646 3673; x_wconf 91' lang='lat' dir='ltr'><strong>rem</strong></span> <span class='ocrx_word' id='word_1_453' title='bbox 1688 3621 1759 3674; x_wconf 87' lang='lat' dir='ltr'><strong>ita</strong></span> <span class='ocrx_word' id='word_1_454' title='bbox 1796 3620 2104 3689; x_wconf 84' lang='lat' dir='ltr'><strong>deprehen-</strong></span> 
     </span>
    </p>
   </div>
   <div class='ocr_carea' id='block_1_66' title="bbox 525 3710 2100 3779">
    <p class='ocr_par' dir='ltr' id='par_1_66' title="bbox 525 3710 2100 3779">
     <span class='ocr_line' id='line_1_66' title="bbox 525 3710 2100 3779; baseline 0.003 -21"><span class='ocrx_word' id='word_1_455' title='bbox 525 3722 641 3759; x_wconf 85' lang='lat' dir='ltr'><strong>sam</strong></span> <span class='ocrx_word' id='word_1_456' title='bbox 681 3722 823 3771; x_wconf 87' lang='lat' dir='ltr'><strong>esse,</strong></span> <span class='ocrx_word' id='word_1_457' title='bbox 867 3710 957 3759; x_wconf 89' lang='lat' dir='ltr'><strong>ubi</strong></span> <span class='ocrx_word' id='word_1_458' title='bbox 1000 3719 1252 3762; x_wconf 85' lang='lat' dir='ltr'><strong>oratores</strong></span> <span class='ocrx_word' id='word_1_459' title='bbox 1286 3713 1451 3762; x_wconf 88' lang='lat' dir='ltr'><strong>etiam</strong></span> <span class='ocrx_word' id='word_1_460' title='bbox 1489 3712 1658 3764; x_wconf 82' lang='lat' dir='ltr'><strong>vestri</strong></span> <span class='ocrx_word' id='word_1_461' title='bbox 1693 3720 2100 3779; x_wconf 70' lang='lat' dir='ltr'><strong>cognoverunt,</strong></span> 
     </span>
    </p>
   </div>
   <div class='ocr_carea' id='block_1_67' title="bbox 523 3799 2101 3872">
    <p class='ocr_par' dir='ltr' id='par_1_67' title="bbox 523 3799 2101 3872">
     <span class='ocr_line' id='line_1_67' title="bbox 523 3799 2101 3872; baseline 0.003 -18"><span class='ocrx_word' id='word_1_462' title='bbox 523 3799 578 3854; x_wconf 89' lang='lat' dir='ltr'><strong>in</strong></span> <span class='ocrx_word' id='word_1_463' title='bbox 625 3800 1032 3867; x_wconf 85' lang='lat' dir='ltr'><strong>subscriptione</strong></span> <span class='ocrx_word' id='word_1_464' title='bbox 1066 3817 1163 3854; x_wconf 90' lang='lat' dir='ltr'><strong>sua</strong></span> <span class='ocrx_word' id='word_1_465' title='bbox 1212 3818 1310 3856; x_wconf 90' lang='lat' dir='ltr'><strong>vos</strong></span> <span class='ocrx_word' id='word_1_466' title='bbox 1354 3818 1574 3872; x_wconf 87' lang='lat' dir='ltr'><strong>quoque</strong></span> <span class='ocrx_word' id='word_1_467' title='bbox 1620 3804 1991 3869; x_wconf 89' lang='lat' dir='ltr'><strong>addiderunt,</strong></span> <span class='ocrx_word' id='word_1_468' title='bbox 2046 3814 2101 3861; x_wconf 83' lang='lat' dir='ltr'><strong>ct</strong></span> 
     </span>
    </p>
   </div>
   <div class='ocr_carea' id='block_1_68' title="bbox 526 3891 2097 3964">
    <p class='ocr_par' dir='ltr' id='par_1_68' title="bbox 526 3891 2097 3964">
     <span class='ocr_line' id='line_1_68' title="bbox 526 3891 2097 3964; baseline 0.003 -19"><span class='ocrx_word' id='word_1_469' title='bbox 526 3891 740 3955; x_wconf 85' lang='lat' dir='ltr'><strong>Arium,</strong></span> <span class='ocrx_word' id='word_1_470' title='bbox 773 3903 828 3946; x_wconf 91' lang='lat' dir='ltr'><strong>et</strong></span> <span class='ocrx_word' id='word_1_471' title='bbox 863 3908 983 3961; x_wconf 67' lang='lat' dir='ltr'><strong>qua:</strong></span> <span class='ocrx_word' id='word_1_472' title='bbox 1014 3907 1044 3947; x_wconf 86' lang='lat' dir='ltr'><strong>a</strong></span> <span class='ocrx_word' id='word_1_473' title='bbox 1079 3895 1449 3949; x_wconf 85' lang='lat' dir='ltr'><strong>sectatoribus</strong></span> <span class='ocrx_word' id='word_1_474' title='bbox 1476 3897 1596 3964; x_wconf 88' lang='lat' dir='ltr'><strong>ejus</strong></span> <span class='ocrx_word' id='word_1_475' title='bbox 1631 3897 1866 3950; x_wconf 81' lang='lat' dir='ltr'><strong>Arimini</strong></span> <span class='ocrx_word' id='word_1_476' title='bbox 1905 3908 2097 3950; x_wconf 68' lang='lat' dir='ltr'><strong>contra</strong></span> 
     </span>
    </p>
   </div>
   <div class='ocr_carea' id='block_1_69' title="bbox 524 3984 2093 4057">
    <p class='ocr_par' dir='ltr' id='par_1_69' title="bbox 524 3984 2093 4057">
     <span class='ocr_line' id='line_1_69' title="bbox 524 3984 2093 4057; baseline 0.003 -19"><span class='ocrx_word' id='word_1_477' title='bbox 524 3987 798 4038; x_wconf 54' lang='lat' dir='ltr'><strong>Pin-tenam</strong></span> <span class='ocrx_word' id='word_1_478' title='bbox 834 3984 994 4038; x_wconf 89' lang='lat' dir='ltr'><strong>fidem</strong></span> <span class='ocrx_word' id='word_1_479' title='bbox 1022 3997 1143 4039; x_wconf 88' lang='lat' dir='ltr'><strong>acta</strong></span> <span class='ocrx_word' id='word_1_480' title='bbox 1172 3996 1321 4051; x_wconf 90' lang='lat' dir='ltr'><strong>sunt,</strong></span> <span class='ocrx_word' id='word_1_481' title='bbox 1366 3989 1719 4041; x_wconf 86' lang='lat' dir='ltr'><strong>anathemate</strong></span> <span class='ocrx_word' id='word_1_482' title='bbox 1758 3989 2093 4057; x_wconf 79' lang='lat' dir='ltr'><strong>jngulantcs.</strong></span> 
     </span>
    </p>
   </div>
   <div class='ocr_carea' id='block_1_70' title="bbox 522 4080 2098 4153">
    <p class='ocr_par' dir='ltr' id='par_1_70' title="bbox 522 4080 2098 4153">
     <span class='ocr_line' id='line_1_70' title="bbox 522 4080 2098 4153; baseline 0.004 -23"><span class='ocrx_word' id='word_1_483' title='bbox 522 4080 732 4143; x_wconf 74' lang='lat' dir='ltr'><strong>Quibus</strong></span> <span class='ocrx_word' id='word_1_484' title='bbox 776 4095 905 4132; x_wconf 86' lang='lat' dir='ltr'><strong>sane</strong></span> <span class='ocrx_word' id='word_1_485' title='bbox 938 4080 1111 4144; x_wconf 89' lang='lat' dir='ltr'><strong>actis,</strong></span> <span class='ocrx_word' id='word_1_486' title='bbox 1158 4095 1258 4134; x_wconf 86' lang='lat' dir='ltr'><strong>vos</strong></span> <span class='ocrx_word' id='word_1_487' title='bbox 1300 4083 1467 4135; x_wconf 85' lang='lat' dir='ltr'><strong>etiam</strong></span> <span class='ocrx_word' id='word_1_488' title='bbox 1513 4083 1872 4153; x_wconf 84' lang='lat' dir='ltr'><strong>jurisjuraudi</strong></span> <span class='ocrx_word' id='word_1_489' title='bbox 1911 4098 2098 4137; x_wconf 79' lang='lat' dir='ltr'><strong>sacra-</strong></span> 
     </span>
    </p>
   </div>
   <div class='ocr_carea' id='block_1_71' title="bbox 523 4171 2099 4243">
    <p class='ocr_par' dir='ltr' id='par_1_71' title="bbox 523 4171 2099 4243">
     <span class='ocr_line' id='line_1_71' title="bbox 523 4171 2099 4243; baseline 0.003 -20"><span class='ocrx_word' id='word_1_490' title='bbox 523 4182 710 4224; x_wconf 85' lang='lat' dir='ltr'><strong>mento</strong></span> <span class='ocrx_word' id='word_1_491' title='bbox 776 4171 1131 4225; x_wconf 85' lang='lat' dir='ltr'><strong>fraudulento</strong></span> <span class='ocrx_word' id='word_1_492' title='bbox 1188 4173 1596 4239; x_wconf 84' lang='lat' dir='ltr'><strong>circumventi,</strong></span> <span class='ocrx_word' id='word_1_493' title='bbox 1661 4176 2099 4243; x_wconf 84' lang='lat' dir='ltr'><strong>subscripsistis.</strong></span> 
     </span>
    </p>
   </div>
   <div class='ocr_carea' id='block_1_72' title="bbox 521 4264 2159 4347">
    <p class='ocr_par' dir='ltr' id='par_1_72' title="bbox 521 4264 2159 4347">
     <span class='ocr_line' id='line_1_72' title="bbox 521 4264 2159 4347; baseline 0.004 -32"><span class='ocrx_word' id='word_1_494' title='bbox 521 4264 873 4333; x_wconf 78' lang='lat' dir='ltr'><strong>Quapropter</strong></span> <span class='ocrx_word' id='word_1_495' title='bbox 896 4264 1199 4319; x_wconf 85' lang='lat' dir='ltr'><strong>convenire</strong></span> <span class='ocrx_word' id='word_1_496' title='bbox 1229 4266 1391 4321; x_wconf 83' lang='lat' dir='ltr'><strong>nobis</strong></span> <span class='ocrx_word' id='word_1_497' title='bbox 1421 4266 1599 4321; x_wconf 78' lang='lat' dir='ltr'><strong>visum</strong></span> <span class='ocrx_word' id='word_1_498' title='bbox 1624 4275 1733 4332; x_wconf 82' lang='lat' dir='ltr'><strong>est,</strong></span> <span class='ocrx_word' id='word_1_499' title='bbox 1771 4277 1833 4321; x_wconf 90' lang='lat' dir='ltr'><strong>ut</strong></span> <span class='ocrx_word' id='word_1_500' title='bbox 1862 4267 1932 4321; x_wconf 88' lang='lat' dir='ltr'><strong>ad</strong></span> <span class='ocrx_word' id='word_1_501' title='bbox 1964 4266 2105 4321; x_wconf 84' lang='lat' dir='ltr'><strong>dile-</strong></span> <span class='ocrx_word' id='word_1_502' title='bbox 2136 4326 2159 4347; x_wconf 44' lang='grc' dir='ltr'>ι</span> 
     </span>
    </p>
   </div>
   <div class='ocr_carea' id='block_1_73' title="bbox 2201 3156 3732 3227">
    <p class='ocr_par' dir='ltr' id='par_1_73' title="bbox 2201 3156 3732 3227">
     <span class='ocr_line' id='line_1_73' title="bbox 2201 3156 3732 3227; baseline -0.005 -14"><span class='ocrx_word' id='word_1_503' title='bbox 2201 3160 2266 3214; x_wconf 88' lang='lat' dir='ltr'><strong>ad</strong></span> <span class='ocrx_word' id='word_1_504' title='bbox 2319 3158 2816 3214; x_wconf 81' lang='lat' dir='ltr'><strong>consubstantialis</strong></span> <span class='ocrx_word' id='word_1_505' title='bbox 2877 3156 3001 3211; x_wconf 81' lang='lat' dir='ltr'><strong>fidei</strong></span> <span class='ocrx_word' id='word_1_506' title='bbox 3061 3166 3499 3227; x_wconf 82' lang='lat' dir='ltr'><strong>propugnatores</strong></span> <span class='ocrx_word' id='word_1_507' title='bbox 3551 3156 3732 3216; x_wconf 83' lang='lat' dir='ltr'><strong>misere,</strong></span> 
     </span>
    </p>
   </div>
   <div class='ocr_carea' id='block_1_74' title="bbox 2201 3243 3734 3315">
    <p class='ocr_par' dir='ltr' id='par_1_74' title="bbox 2201 3243 3734 3315">
     <span class='ocr_line' id='line_1_74' title="bbox 2201 3243 3734 3315; baseline -0.007 -8"><span class='ocrx_word' id='word_1_508' title='bbox 2201 3254 2562 3307; x_wconf 86' lang='lat' dir='ltr'><strong>cohortantes</strong></span> <span class='ocrx_word' id='word_1_509' title='bbox 2602 3268 2721 3315; x_wconf 90' lang='lat' dir='ltr'><strong>eos,</strong></span> <span class='ocrx_word' id='word_1_510' title='bbox 2769 3261 2825 3304; x_wconf 91' lang='lat' dir='ltr'><strong>ut</strong></span> <span class='ocrx_word' id='word_1_511' title='bbox 2868 3250 3352 3305; x_wconf 89' lang='lat' dir='ltr'><strong>consentientibus</strong></span> <span class='ocrx_word' id='word_1_512' title='bbox 3385 3249 3569 3303; x_wconf 88' lang='lat' dir='ltr'><strong>animis</strong></span> <span class='ocrx_word' id='word_1_513' title='bbox 3606 3243 3734 3299; x_wconf 83' lang='lat' dir='ltr'><strong>Tarsi</strong></span> 
     </span>
    </p>
   </div>
   <div class='ocr_carea' id='block_1_75' title="bbox 2201 3342 3734 3408">
    <p class='ocr_par' dir='ltr' id='par_1_75' title="bbox 2201 3342 3734 3408">
     <span class='ocr_line' id='line_1_75' title="bbox 2201 3342 3734 3408; baseline -0.007 -6"><span class='ocrx_word' id='word_1_514' title='bbox 2201 3346 2407 3402; x_wconf 77' lang='lat' dir='ltr'><strong>Cilicia:</strong></span> <span class='ocrx_word' id='word_1_515' title='bbox 2458 3348 2850 3408; x_wconf 83' lang='lat' dir='ltr'><strong>convenirent,</strong></span> <span class='ocrx_word' id='word_1_516' title='bbox 2903 3344 2968 3397; x_wconf 89' lang='lat' dir='ltr'><strong>ad</strong></span> <span class='ocrx_word' id='word_1_517' title='bbox 3004 3342 3171 3397; x_wconf 81' lang='lat' dir='ltr'><strong>fidem</strong></span> <span class='ocrx_word' id='word_1_518' title='bbox 3209 3343 3478 3397; x_wconf 67' lang='lat' dir='ltr'><strong>Nicatnam</strong></span> <span class='ocrx_word' id='word_1_519' title='bbox 3519 3353 3734 3407; x_wconf 79' lang='lat' dir='ltr'><strong>compro-</strong></span> 
     </span>
    </p>
   </div>
   <div class='ocr_carea' id='block_1_76' title="bbox 2202 3428 3733 3505">
    <p class='ocr_par' dir='ltr' id='par_1_76' title="bbox 2202 3428 3733 3505">
     <span class='ocr_line' id='line_1_76' title="bbox 2202 3428 3733 3505; baseline -0.008 -14"><span class='ocrx_word' id='word_1_520' title='bbox 2202 3438 2441 3491; x_wconf 86' lang='lat' dir='ltr'><strong>bandam</strong></span> <span class='ocrx_word' id='word_1_521' title='bbox 2465 3476 2479 3498; x_wconf 95' lang='lat'><strong>,</strong></span> <span class='ocrx_word' id='word_1_522' title='bbox 2514 3447 2571 3491; x_wconf 83' lang='lat' dir='ltr'><strong>et</strong></span> <span class='ocrx_word' id='word_1_523' title='bbox 2615 3453 2738 3504; x_wconf 75' lang='lat' dir='ltr'><strong>qua:</strong></span> <span class='ocrx_word' id='word_1_524' title='bbox 2773 3444 2960 3505; x_wconf 88' lang='lat' dir='ltr'><strong>postea</strong></span> <span class='ocrx_word' id='word_1_525' title='bbox 3000 3441 3213 3488; x_wconf 80' lang='lat' dir='ltr'><strong>exortae</strong></span> <span class='ocrx_word' id='word_1_526' title='bbox 3256 3441 3403 3499; x_wconf 89' lang='lat' dir='ltr'><strong>sunt,</strong></span> <span class='ocrx_word' id='word_1_527' title='bbox 3439 3444 3593 3497; x_wconf 82' lang='lat' dir='ltr'><strong>nugas</strong></span> <span class='ocrx_word' id='word_1_528' title='bbox 3623 3428 3733 3480; x_wconf 86' lang='lat' dir='ltr'><strong>abo-</strong></span> 
     </span>
    </p>
   </div>
   <div class='ocr_carea' id='block_1_77' title="bbox 2205 3522 3731 3594">
    <p class='ocr_par' dir='ltr' id='par_1_77' title="bbox 2205 3522 3731 3594">
     <span class='ocr_line' id='line_1_77' title="bbox 2205 3522 3731 3594; baseline -0.01 -9"><span class='ocrx_word' id='word_1_529' title='bbox 2205 3531 2420 3586; x_wconf 88' lang='lat' dir='ltr'><strong>lettdas.</strong></span> <span class='ocrx_word' id='word_1_530' title='bbox 2454 3531 2514 3582; x_wconf 80' lang='lat' dir='ltr'><strong>Et</strong></span> <span class='ocrx_word' id='word_1_531' title='bbox 2542 3529 2744 3582; x_wconf 80' lang='lat' dir='ltr'><strong>factum</strong></span> <span class='ocrx_word' id='word_1_532' title='bbox 2773 3528 2825 3581; x_wconf 92' lang='lat' dir='ltr'><strong>id</strong></span> <span class='ocrx_word' id='word_1_533' title='bbox 2857 3528 2998 3581; x_wconf 88' lang='lat' dir='ltr'><strong>forte</strong></span> <span class='ocrx_word' id='word_1_534' title='bbox 3026 3534 3196 3585; x_wconf 71' lang='lat' dir='ltr'><strong>esset.</strong></span> <span class='ocrx_word' id='word_1_535' title='bbox 3234 3525 3336 3578; x_wconf 84' lang='lat' dir='ltr'><strong>nisi</strong></span> <span class='ocrx_word' id='word_1_536' title='bbox 3363 3522 3452 3594; x_wconf 90' lang='lat' dir='ltr'><strong>qui</strong></span> <span class='ocrx_word' id='word_1_537' title='bbox 3479 3522 3731 3593; x_wconf 87' lang='lat' dir='ltr'><strong>plurimum</strong></span> 
     </span>
    </p>
   </div>
   <div class='ocr_carea' id='block_1_78' title="bbox 2205 3610 3732 3690">
    <p class='ocr_par' dir='ltr' id='par_1_78' title="bbox 2205 3610 3732 3690">
     <span class='ocr_line' id='line_1_78' title="bbox 2205 3610 3732 3690; baseline -0.009 -16"><span class='ocrx_word' id='word_1_538' title='bbox 2205 3622 2349 3689; x_wconf 90' lang='lat' dir='ltr'><strong>apud</strong></span> <span class='ocrx_word' id='word_1_539' title='bbox 2396 3622 2787 3690; x_wconf 84' lang='lat' dir='ltr'><strong>imperatorem</strong></span> <span class='ocrx_word' id='word_1_540' title='bbox 2829 3617 3069 3678; x_wconf 83' lang='lat' dir='ltr'><strong>valebat.</strong></span> <span class='ocrx_word' id='word_1_541' title='bbox 3113 3615 3442 3680; x_wconf 79' lang='lat' dir='ltr'><strong>obstitisset,</strong></span> <span class='ocrx_word' id='word_1_542' title='bbox 3492 3610 3732 3667; x_wconf 74' lang='lat' dir='ltr'><strong>Eudoxius</strong></span> 
     </span>
    </p>
   </div>
   <div class='ocr_carea' id='block_1_79' title="bbox 2205 3704 3730 3780">
    <p class='ocr_par' dir='ltr' id='par_1_79' title="bbox 2205 3704 3730 3780">
     <span class='ocr_line' id='line_1_79' title="bbox 2205 3704 3730 3780; baseline -0.009 -13"><span class='ocrx_word' id='word_1_543' title='bbox 2205 3715 2486 3776; x_wconf 81' lang='lat' dir='ltr'><strong>videlicet,</strong></span> <span class='ocrx_word' id='word_1_544' title='bbox 2523 3714 2745 3766; x_wconf 70' lang='lat' dir='ltr'><strong>Arianae</strong></span> <span class='ocrx_word' id='word_1_545' title='bbox 2775 3711 3059 3780; x_wconf 80' lang='lat' dir='ltr'><strong>religionis</strong></span> <span class='ocrx_word' id='word_1_546' title='bbox 3090 3708 3409 3777; x_wconf 75' lang='lat' dir='ltr'><strong>praefectus,</strong></span> <span class='ocrx_word' id='word_1_547' title='bbox 3445 3706 3530 3775; x_wconf 90' lang='lat' dir='ltr'><strong>qui</strong></span> <span class='ocrx_word' id='word_1_548' title='bbox 3558 3704 3730 3775; x_wconf 82' lang='lat' dir='ltr'><strong>synodo</strong></span> 
     </span>
    </p>
   </div>
   <div class='ocr_carea' id='block_1_80' title="bbox 2198 3796 3722 3874">
    <p class='ocr_par' dir='ltr' id='par_1_80' title="bbox 2198 3796 3722 3874">
     <span class='ocr_line' id='line_1_80' title="bbox 2198 3796 3722 3874; baseline -0.009 -16"><span class='ocrx_word' id='word_1_549' title='bbox 2198 3820 2263 3859; x_wconf 85' lang='lat' dir='ltr'><strong>ea</strong></span> <span class='ocrx_word' id='word_1_550' title='bbox 2317 3807 2515 3859; x_wconf 86' lang='lat' dir='ltr'><strong>indicta</strong></span> <span class='ocrx_word' id='word_1_551' title='bbox 2572 3810 2742 3874; x_wconf 83' lang='lat' dir='ltr'><strong>magis</strong></span> <span class='ocrx_word' id='word_1_552' title='bbox 2787 3805 2952 3857; x_wconf 89' lang='lat' dir='ltr'><strong>etiam</strong></span> <span class='ocrx_word' id='word_1_553' title='bbox 3006 3811 3357 3866; x_wconf 90' lang='lat' dir='ltr'><strong>commotus,</strong></span> <span class='ocrx_word' id='word_1_554' title='bbox 3404 3800 3591 3869; x_wconf 88' lang='lat' dir='ltr'><strong>majora</strong></span> <span class='ocrx_word' id='word_1_555' title='bbox 3636 3796 3722 3847; x_wconf 82' lang='lat' dir='ltr'><strong>illis</strong></span> 
     </span>
    </p>
   </div>
   <div class='ocr_carea' id='block_1_81' title="bbox 2201 3888 3730 3962">
    <p class='ocr_par' dir='ltr' id='par_1_81' title="bbox 2201 3888 3730 3962">
     <span class='ocr_line' id='line_1_81' title="bbox 2201 3888 3730 3962; baseline -0.01 -12"><span class='ocrx_word' id='word_1_556' title='bbox 2201 3897 2390 3951; x_wconf 89' lang='lat' dir='ltr'><strong>intulit</strong></span> <span class='ocrx_word' id='word_1_557' title='bbox 2447 3898 2799 3952; x_wconf 85' lang='lat' dir='ltr'><strong>detrimenta.</strong></span> <span class='ocrx_word' id='word_1_558' title='bbox 2853 3896 3007 3962; x_wconf 83' lang='lat' dir='ltr'><strong>Quod</strong></span> <span class='ocrx_word' id='word_1_559' title='bbox 3067 3911 3203 3948; x_wconf 88' lang='lat' dir='ltr'><strong>vero</strong></span> <span class='ocrx_word' id='word_1_560' title='bbox 3257 3888 3607 3947; x_wconf 80' lang='lat' dir='ltr'><strong>Macedoniani</strong></span> <span class='ocrx_word' id='word_1_561' title='bbox 3653 3900 3730 3953; x_wconf 84' lang='lat' dir='ltr'><strong>per</strong></span> 
     </span>
    </p>
   </div>
   <div class='ocr_carea' id='block_1_82' title="bbox 2206 3977 3726 4043">
    <p class='ocr_par' dir='ltr' id='par_1_82' title="bbox 2206 3977 3726 4043">
     <span class='ocr_line' id='line_1_82' title="bbox 2206 3977 3726 4043; baseline -0.011 -1"><span class='ocrx_word' id='word_1_562' title='bbox 2206 3999 2456 4043; x_wconf 88' lang='lat' dir='ltr'><strong>oratores</strong></span> <span class='ocrx_word' id='word_1_563' title='bbox 2475 4005 2603 4043; x_wconf 88' lang='lat' dir='ltr'><strong>suos</strong></span> <span class='ocrx_word' id='word_1_564' title='bbox 2625 4005 2746 4042; x_wconf 89' lang='lat' dir='ltr'><strong>cum</strong></span> <span class='ocrx_word' id='word_1_565' title='bbox 2773 3988 2993 4041; x_wconf 72' lang='lat' dir='ltr'><strong>Lilierio</strong></span> <span class='ocrx_word' id='word_1_566' title='bbox 3020 3984 3501 4043; x_wconf 77' lang='lat' dir='ltr'><strong>cmnmuniCarint,</strong></span> <span class='ocrx_word' id='word_1_567' title='bbox 3526 3988 3576 4031; x_wconf 91' lang='lat' dir='ltr'><strong>et</strong></span> <span class='ocrx_word' id='word_1_568' title='bbox 3597 3977 3726 4030; x_wconf 77' lang='lat' dir='ltr'><strong>lidcnt</strong></span> 
     </span>
    </p>
   </div>
   <div class='ocr_carea' id='block_1_83' title="bbox 2209 4070 3724 4148">
    <p class='ocr_par' dir='ltr' id='par_1_83' title="bbox 2209 4070 3724 4148">
     <span class='ocr_line' id='line_1_83' title="bbox 2209 4070 3724 4148; baseline -0.011 -15"><span class='ocrx_word' id='word_1_569' title='bbox 2209 4079 2478 4134; x_wconf 66' lang='grc' dir='ltr'>Νἰοιυιιιιιιι</span> <span class='ocrx_word' id='word_1_570' title='bbox 2513 4083 2893 4148; x_wconf 80' lang='lat' dir='ltr'><strong>approbarint,</strong></span> <span class='ocrx_word' id='word_1_571' title='bbox 2926 4079 3168 4132; x_wconf 86' lang='lat' dir='ltr'><strong>Sabinus</strong></span> <span class='ocrx_word' id='word_1_572' title='bbox 3203 4080 3315 4145; x_wconf 88' lang='lat' dir='ltr'><strong>ipse</strong></span> <span class='ocrx_word' id='word_1_573' title='bbox 3339 4076 3391 4130; x_wconf 90' lang='lat' dir='ltr'><strong>in</strong></span> <span class='ocrx_word' id='word_1_574' title='bbox 3421 4070 3724 4145; x_wconf 79' lang='lat' dir='ltr'><strong>synodalium</strong></span> 
     </span>
    </p>
   </div>
   <div class='ocr_carea' id='block_1_84' title="bbox 2210 4169 3301 4227">
    <p class='ocr_par' dir='ltr' id='par_1_84' title="bbox 2210 4169 3301 4227">
     <span class='ocr_line' id='line_1_84' title="bbox 2210 4169 3301 4227; baseline -0.001 -2"><span class='ocrx_word' id='word_1_575' title='bbox 2210 4172 2469 4227; x_wconf 82' lang='lat' dir='ltr'><strong>Actorum</strong></span> <span class='ocrx_word' id='word_1_576' title='bbox 2501 4174 2853 4227; x_wconf 76' lang='lat' dir='ltr'><strong>collectaneis</strong></span> <span class='ocrx_word' id='word_1_577' title='bbox 2881 4181 2964 4226; x_wconf 88' lang='lat' dir='ltr'><strong>est</strong></span> <span class='ocrx_word' id='word_1_578' title='bbox 2993 4169 3301 4225; x_wconf 84' lang='lat' dir='ltr'><strong>confessus.</strong></span> 
     </span>
    </p>
   </div>
   <div class='ocr_carea' id='block_1_85' title="bbox 1969 4413 2332 4472">
    <p class='ocr_par' dir='ltr' id='par_1_85' title="bbox 1969 4413 2332 4472">
     <span class='ocr_line' id='line_1_85' title="bbox 1969 4413 2332 4472; baseline 0.011 -6"><span class='ocrx_word' id='word_1_579' title='bbox 1969 4413 2200 4472; x_wconf 72' lang='lat' dir='ltr'>CAPUT</span> <span class='ocrx_word' id='word_1_580' title='bbox 2243 4414 2332 4470; x_wconf 75' lang='lat' dir='ltr'><strong>IX.</strong></span> 
     </span>
    </p>
   </div>
   <div class='ocr_carea' id='block_1_86' title="bbox 1446 4527 2815 4599">
    <p class='ocr_par' dir='ltr' id='par_1_86' title="bbox 1446 4527 2815 4599">
     <span class='ocr_line' id='line_1_86' title="bbox 1446 4527 2815 4599; baseline 0.003 -18"><span class='ocrx_word' id='word_1_581' title='bbox 1446 4532 1583 4596; x_wconf 74' lang='grc' dir='ltr'><strong>Ηερὶ</strong></span> <span class='ocrx_word' id='word_1_582' title='bbox 1615 4527 1734 4580; x_wconf 73' lang='grc' dir='ltr'><strong>τῶν</strong></span> <span class='ocrx_word' id='word_1_583' title='bbox 1759 4529 1827 4580; x_wconf 70' lang='grc' dir='ltr'><strong>ἐν</strong></span> <span class='ocrx_word' id='word_1_584' title='bbox 1866 4532 2113 4596; x_wconf 73' lang='grc' dir='ltr'>ἰ”ιιιὶι·υις</span> <span class='ocrx_word' id='word_1_585' title='bbox 2145 4536 2242 4586; x_wconf 79' lang='grc' dir='ltr'><strong>καὶ</strong></span> <span class='ocrx_word' id='word_1_586' title='bbox 2294 4535 2482 4599; x_wconf 77' lang='grc' dir='ltr'><strong>Καρίᾳ</strong></span> <span class='ocrx_word' id='word_1_587' title='bbox 2511 4531 2815 4585; x_wconf 79' lang='grc' dir='ltr'><strong>συνόδων.</strong></span> 
     </span>
    </p>
   </div>
   <div class='ocr_carea' id='block_1_87' title="bbox 1550 4654 2709 4725">
    <p class='ocr_par' dir='ltr' id='par_1_87' title="bbox 1550 4654 2709 4725">
     <span class='ocr_line' id='line_1_87' title="bbox 1550 4654 2709 4725; baseline -0.001 -16"><span class='ocrx_word' id='word_1_588' title='bbox 1550 4656 1622 4709; x_wconf 85' lang='lat' dir='ltr'><strong>De</strong></span> <span class='ocrx_word' id='word_1_589' title='bbox 1655 4656 1866 4725; x_wconf 72' lang='lat' dir='ltr'><strong>agundis</strong></span> <span class='ocrx_word' id='word_1_590' title='bbox 1908 4654 2100 4725; x_wconf 75' lang='lat' dir='ltr'><strong>Tyana:</strong></span> <span class='ocrx_word' id='word_1_591' title='bbox 2130 4665 2181 4710; x_wconf 77' lang='lat' dir='ltr'><strong>et</strong></span> <span class='ocrx_word' id='word_1_592' title='bbox 2212 4658 2267 4710; x_wconf 85' lang='lat' dir='ltr'><strong>in</strong></span> <span class='ocrx_word' id='word_1_593' title='bbox 2291 4656 2453 4711; x_wconf 80' lang='lat' dir='ltr'><strong>Caria</strong></span> <span class='ocrx_word' id='word_1_594' title='bbox 2484 4657 2709 4709; x_wconf 73' lang='lat' dir='ltr'><strong>coactis.</strong></span> 
     </span>
    </p>
   </div>
   <div class='ocr_carea' id='block_1_88' title="bbox 590 4758 3725 4846">
    <p class='ocr_par' dir='ltr' id='par_1_88' title="bbox 590 4758 3725 4846">
     <span class='ocr_line' id='line_1_88' title="bbox 590 4758 3725 4846; baseline -0.007 -12"><span class='ocrx_word' id='word_1_595' title='bbox 590 4780 790 4834; x_wconf 76' lang='lat' dir='ltr'><strong>Eodem</strong></span> <span class='ocrx_word' id='word_1_596' title='bbox 839 4788 1089 4846; x_wconf 88' lang='lat' dir='ltr'><strong>tempore</strong></span> <span class='ocrx_word' id='word_1_597' title='bbox 1139 4775 1436 4831; x_wconf 83' lang='lat' dir='ltr'><strong>Concilium</strong></span> <span class='ocrx_word' id='word_1_598' title='bbox 1489 4773 1689 4845; x_wconf 69' lang='lat' dir='ltr'><strong>Tyana:</strong></span> <span class='ocrx_word' id='word_1_599' title='bbox 1735 4775 1804 4829; x_wconf 87' lang='lat' dir='ltr'><strong>ab</strong></span> <span class='ocrx_word' id='word_1_600' title='bbox 1856 4773 2094 4828; x_wconf 84' lang='lat' dir='ltr'><strong>Eusebio</strong></span> <span class='ocrx_word' id='word_1_601' title='bbox 2130 4778 2170 4831; x_wconf 81' lang='grc' dir='ltr'><strong>Ι)</strong></span> <span class='ocrx_word' id='word_1_602' title='bbox 2202 4773 2401 4842; x_wconf 78' lang='lat' dir='ltr'><strong>gaudio</strong></span> <span class='ocrx_word' id='word_1_603' title='bbox 2422 4774 2765 4834; x_wconf 76' lang='lat' dir='ltr'><strong>exsilientcs,</strong></span> <span class='ocrx_word' id='word_1_604' title='bbox 2799 4773 2866 4826; x_wconf 88' lang='lat' dir='ltr'><strong>ad</strong></span> <span class='ocrx_word' id='word_1_605' title='bbox 2901 4775 3189 4825; x_wconf 79' lang='lat' dir='ltr'><strong>universas</strong></span> <span class='ocrx_word' id='word_1_606' title='bbox 3210 4771 3539 4839; x_wconf 82' lang='lat' dir='ltr'><strong>scripserunt</strong></span> <span class='ocrx_word' id='word_1_607' title='bbox 3566 4758 3725 4814; x_wconf 71' lang='lat' dir='ltr'><strong>Ecde-</strong></span> 
     </span>
    </p>
   </div>
   <div class='ocr_carea' id='block_1_89' title="bbox 516 4864 2094 4939">
    <p class='ocr_par' dir='ltr' id='par_1_89' title="bbox 516 4864 2094 4939">
     <span class='ocr_line' id='line_1_89' title="bbox 516 4864 2094 4939; baseline -0.004 -15"><span class='ocrx_word' id='word_1_608' title='bbox 516 4874 781 4924; x_wconf 65' lang='lat' dir='ltr'><strong>(li-sareze</strong></span> <span class='ocrx_word' id='word_1_609' title='bbox 822 4867 1211 4939; x_wconf 71' lang='lat' dir='ltr'><strong>Cappadoche,</strong></span> <span class='ocrx_word' id='word_1_610' title='bbox 1246 4868 1551 4922; x_wconf 80' lang='lat' dir='ltr'><strong>Athanasio</strong></span> <span class='ocrx_word' id='word_1_611' title='bbox 1584 4872 1831 4938; x_wconf 69' lang='lat' dir='ltr'><strong>Ancyrae,</strong></span> <span class='ocrx_word' id='word_1_612' title='bbox 1872 4864 2094 4935; x_wconf 81' lang='lat' dir='ltr'><strong>Pelagio</strong></span> 
     </span>
    </p>
   </div>
   <div class='ocr_carea' id='block_1_90' title="bbox 518 4956 2091 5027">
    <p class='ocr_par' dir='ltr' id='par_1_90' title="bbox 518 4956 2091 5027">
     <span class='ocr_line' id='line_1_90' title="bbox 518 4956 2091 5027; baseline -0.004 -11"><span class='ocrx_word' id='word_1_613' title='bbox 518 4962 826 5024; x_wconf 68' lang='lat' dir='ltr'><strong>Laodiceae,</strong></span> <span class='ocrx_word' id='word_1_614' title='bbox 859 4961 1079 5016; x_wconf 88' lang='lat' dir='ltr'><strong>Zenone</strong></span> <span class='ocrx_word' id='word_1_615' title='bbox 1108 4961 1285 5021; x_wconf 85' lang='lat' dir='ltr'><strong>Tarsi,</strong></span> <span class='ocrx_word' id='word_1_616' title='bbox 1321 4961 1487 5014; x_wconf 76' lang='lat' dir='ltr'><strong>Paulo</strong></span> <span class='ocrx_word' id='word_1_617' title='bbox 1527 4959 1756 5019; x_wconf 74' lang='lat' dir='ltr'><strong>Eutesze,</strong></span> <span class='ocrx_word' id='word_1_618' title='bbox 1792 4956 1984 5011; x_wconf 67' lang='lat' dir='ltr'><strong>Otrvio</strong></span> <span class='ocrx_word' id='word_1_619' title='bbox 2016 4960 2091 5027; x_wconf 74' lang='lat' dir='ltr'><strong>ll)</strong></span> 
     </span>
    </p>
   </div>
   <div class='ocr_carea' id='block_1_91' title="bbox 519 5048 2097 5122">
    <p class='ocr_par' dir='ltr' id='par_1_91' title="bbox 519 5048 2097 5122">
     <span class='ocr_line' id='line_1_91' title="bbox 519 5048 2097 5122; baseline -0.004 -15"><span class='ocrx_word' id='word_1_620' title='bbox 519 5054 807 5119; x_wconf 68' lang='lat' dir='ltr'><strong>Melitinae,</strong></span> <span class='ocrx_word' id='word_1_621' title='bbox 853 5052 1120 5122; x_wconf 85' lang='lat' dir='ltr'><strong>Gregorio</strong></span> <span class='ocrx_word' id='word_1_622' title='bbox 1151 5052 1408 5106; x_wconf 80' lang='lat' dir='ltr'><strong>Nazianzi</strong></span> <span class='ocrx_word' id='word_1_623' title='bbox 1431 5092 1445 5116; x_wconf 98' lang='lat'><strong>,</strong></span> <span class='ocrx_word' id='word_1_624' title='bbox 1478 5053 1711 5120; x_wconf 89' lang='lat' dir='ltr'><strong>aliisque</strong></span> <span class='ocrx_word' id='word_1_625' title='bbox 1756 5049 1944 5101; x_wconf 85' lang='lat' dir='ltr'><strong>multis</strong></span> <span class='ocrx_word' id='word_1_626' title='bbox 1976 5048 2097 5117; x_wconf 91' lang='lat' dir='ltr'><strong>epi-</strong></span> 
     </span>
    </p>
   </div>
   <div class='ocr_carea' id='block_1_92' title="bbox 519 5141 2094 5214">
    <p class='ocr_par' dir='ltr' id='par_1_92' title="bbox 519 5141 2094 5214">
     <span class='ocr_line' id='line_1_92' title="bbox 519 5141 2094 5214; baseline -0.004 -14"><span class='ocrx_word' id='word_1_627' title='bbox 519 5147 722 5214; x_wconf 82' lang='lat' dir='ltr'><strong>scopis,</strong></span> <span class='ocrx_word' id='word_1_628' title='bbox 756 5146 848 5214; x_wconf 88' lang='lat' dir='ltr'><strong>qui</strong></span> <span class='ocrx_word' id='word_1_629' title='bbox 872 5145 964 5196; x_wconf 80' lang='grc' dir='ltr'><strong>τοῦ</strong></span> <span class='ocrx_word' id='word_1_630' title='bbox 987 5143 1300 5214; x_wconf 73' lang='grc' dir='ltr'><strong>ὀμοουσίου,</strong></span> <span class='ocrx_word' id='word_1_631' title='bbox 1327 5142 1834 5197; x_wconf 82' lang='lat' dir='ltr'><strong>consubstantialis.</strong></span> <span class='ocrx_word' id='word_1_632' title='bbox 1865 5141 2094 5195; x_wconf 85' lang='lat' dir='ltr'><strong>verbum</strong></span> 
     </span>
    </p>
   </div>
   <div class='ocr_carea' id='block_1_93' title="bbox 519 5236 2090 5305">
    <p class='ocr_par' dir='ltr' id='par_1_93' title="bbox 519 5236 2090 5305">
     <span class='ocr_line' id='line_1_93' title="bbox 519 5236 2090 5305; baseline -0.002 -14"><span class='ocrx_word' id='word_1_633' title='bbox 519 5237 851 5291; x_wconf 72' lang='lat' dir='ltr'><strong>servandum</strong></span> <span class='ocrx_word' id='word_1_634' title='bbox 894 5253 1018 5291; x_wconf 86' lang='lat' dir='ltr'><strong>esse</strong></span> <span class='ocrx_word' id='word_1_635' title='bbox 1054 5236 1395 5302; x_wconf 76' lang='lat' dir='ltr'><strong>Antiochize,</strong></span> <span class='ocrx_word' id='word_1_636' title='bbox 1430 5236 1722 5290; x_wconf 81' lang='lat' dir='ltr'><strong>Joviniano</strong></span> <span class='ocrx_word' id='word_1_637' title='bbox 1759 5236 2090 5305; x_wconf 83' lang='lat' dir='ltr'><strong>imperante,</strong></span> 
     </span>
    </p>
   </div>
   <div class='ocr_carea' id='block_1_94' title="bbox 515 5327 2097 5395">
    <p class='ocr_par' dir='ltr' id='par_1_94' title="bbox 515 5327 2097 5395">
     <span class='ocr_line' id='line_1_94' title="bbox 515 5327 2097 5395; baseline -0.001 -12"><span class='ocrx_word' id='word_1_638' title='bbox 515 5332 902 5395; x_wconf 73' lang='lat' dir='ltr'><strong>decreverant,</strong></span> <span class='ocrx_word' id='word_1_639' title='bbox 926 5330 1281 5383; x_wconf 80' lang='lat' dir='ltr'><strong>celebratum.</strong></span> <span class='ocrx_word' id='word_1_640' title='bbox 1313 5329 1487 5384; x_wconf 77' lang='lat' dir='ltr'><strong>Lecta:</strong></span> <span class='ocrx_word' id='word_1_641' title='bbox 1514 5328 1590 5383; x_wconf 92' lang='lat' dir='ltr'><strong>ibi</strong></span> <span class='ocrx_word' id='word_1_642' title='bbox 1618 5327 1824 5383; x_wconf 88' lang='lat' dir='ltr'><strong>Liberii</strong></span> <span class='ocrx_word' id='word_1_643' title='bbox 1856 5338 1912 5382; x_wconf 93' lang='lat' dir='ltr'><strong>et</strong></span> <span class='ocrx_word' id='word_1_644' title='bbox 1938 5328 2097 5382; x_wconf 89' lang='lat' dir='ltr'><strong>Occi-</strong></span> 
     </span>
    </p>
   </div>
   <div class='ocr_carea' id='block_1_95' title="bbox 520 5420 2093 5494">
    <p class='ocr_par' dir='ltr' id='par_1_95' title="bbox 520 5420 2093 5494">
     <span class='ocr_line' id='line_1_95' title="bbox 520 5420 2093 5494; baseline -0.001 -19"><span class='ocrx_word' id='word_1_645' title='bbox 520 5420 824 5477; x_wconf 72' lang='lat' dir='ltr'><strong>dentalium</strong></span> <span class='ocrx_word' id='word_1_646' title='bbox 857 5424 1243 5494; x_wconf 88' lang='lat' dir='ltr'><strong>episcoporum</strong></span> <span class='ocrx_word' id='word_1_647' title='bbox 1274 5423 1501 5485; x_wconf 66' lang='lat' dir='ltr'><strong>litterae,</strong></span> <span class='ocrx_word' id='word_1_648' title='bbox 1537 5436 1675 5491; x_wconf 89' lang='lat' dir='ltr'><strong>quas</strong></span> <span class='ocrx_word' id='word_1_649' title='bbox 1709 5436 1896 5475; x_wconf 89' lang='lat' dir='ltr'><strong>secum</strong></span> <span class='ocrx_word' id='word_1_650' title='bbox 1929 5421 2093 5491; x_wconf 79' lang='lat' dir='ltr'><strong>legati</strong></span> 
     </span>
    </p>
   </div>
   <div class='ocr_carea' id='block_1_96' title="bbox 521 5513 2094 5587">
    <p class='ocr_par' dir='ltr' id='par_1_96' title="bbox 521 5513 2094 5587">
     <span class='ocr_line' id='line_1_96' title="bbox 521 5513 2094 5587; baseline -0.001 -18"><span class='ocrx_word' id='word_1_651' title='bbox 521 5513 825 5587; x_wconf 73' lang='lat' dir='ltr'><strong>Lampsaco</strong></span> <span class='ocrx_word' id='word_1_652' title='bbox 880 5519 1106 5572; x_wconf 78' lang='lat' dir='ltr'><strong>Romam</strong></span> <span class='ocrx_word' id='word_1_653' title='bbox 1154 5518 1304 5572; x_wconf 89' lang='lat' dir='ltr'><strong>missi</strong></span> <span class='ocrx_word' id='word_1_654' title='bbox 1348 5516 1671 5572; x_wconf 89' lang='lat' dir='ltr'><strong>attulerant.</strong></span> <span class='ocrx_word' id='word_1_655' title='bbox 1723 5516 2094 5583; x_wconf 86' lang='lat' dir='ltr'><strong>Quamobrem</strong></span> 
     </span>
    </p>
   </div>
   <div class='ocr_carea' id='block_1_97' title="bbox 2197 4849 3722 4932">
    <p class='ocr_par' dir='ltr' id='par_1_97' title="bbox 2197 4849 3722 4932">
     <span class='ocr_line' id='line_1_97' title="bbox 2197 4849 3722 4932; baseline -0.014 -10"><span class='ocrx_word' id='word_1_656' title='bbox 2197 4868 2341 4929; x_wconf 87' lang='lat' dir='ltr'><strong>sias,</strong></span> <span class='ocrx_word' id='word_1_657' title='bbox 2392 4878 2451 4921; x_wconf 91' lang='lat' dir='ltr'><strong>ut</strong></span> <span class='ocrx_word' id='word_1_658' title='bbox 2482 4868 2701 4921; x_wconf 72' lang='lat' dir='ltr'><strong>decreta</strong></span> <span class='ocrx_word' id='word_1_659' title='bbox 2735 4868 3104 4920; x_wconf 78' lang='lat' dir='ltr'><strong>Asiaticorum</strong></span> <span class='ocrx_word' id='word_1_660' title='bbox 3155 4865 3523 4932; x_wconf 78' lang='lat' dir='ltr'><strong>episcoporum</strong></span> <span class='ocrx_word' id='word_1_661' title='bbox 3562 4862 3610 4907; x_wconf 88' lang='lat' dir='ltr'><strong>et</strong></span> <span class='ocrx_word' id='word_1_662' title='bbox 3647 4849 3722 4903; x_wconf 86' lang='lat' dir='ltr'><strong>Li-</strong></span> 
     </span>
    </p>
   </div>
   <div class='ocr_carea' id='block_1_98' title="bbox 2199 4944 3720 5029">
    <p class='ocr_par' dir='ltr' id='par_1_98' title="bbox 2199 4944 3720 5029">
     <span class='ocr_line' id='line_1_98' title="bbox 2199 4944 3720 5029; baseline -0.009 -14"><span class='ocrx_word' id='word_1_663' title='bbox 2199 4961 2363 5029; x_wconf 79' lang='lat' dir='ltr'><strong>berii,</strong></span> <span class='ocrx_word' id='word_1_664' title='bbox 2393 4963 2679 5022; x_wconf 83' lang='lat' dir='ltr'><strong>Italorum,</strong></span> <span class='ocrx_word' id='word_1_665' title='bbox 2710 4960 2995 5019; x_wconf 83' lang='lat' dir='ltr'><strong>Afrorum.</strong></span> <span class='ocrx_word' id='word_1_666' title='bbox 3029 4959 3312 5013; x_wconf 80' lang='lat' dir='ltr'><strong>Gallorum</strong></span> <span class='ocrx_word' id='word_1_667' title='bbox 3347 4944 3720 5007; x_wconf 71' lang='lat' dir='ltr'><strong>occidentalium</strong></span> 
     </span>
    </p>
   </div>
   <div class='ocr_carea' id='block_1_99' title="bbox 2198 5037 3717 5125">
    <p class='ocr_par' dir='ltr' id='par_1_99' title="bbox 2198 5037 3717 5125">
     <span class='ocr_line' id='line_1_99' title="bbox 2198 5037 3717 5125; baseline -0.013 -16"><span class='ocrx_word' id='word_1_668' title='bbox 2198 5056 2446 5125; x_wconf 82' lang='lat' dir='ltr'><strong>legerent</strong></span> <span class='ocrx_word' id='word_1_669' title='bbox 2475 5056 2776 5123; x_wconf 81' lang='lat' dir='ltr'><strong>epistolas:</strong></span> <span class='ocrx_word' id='word_1_670' title='bbox 2805 5063 2862 5108; x_wconf 86' lang='lat' dir='ltr'><strong>et</strong></span> <span class='ocrx_word' id='word_1_671' title='bbox 2894 5063 3107 5107; x_wconf 88' lang='lat' dir='ltr'><strong>tantum</strong></span> <span class='ocrx_word' id='word_1_672' title='bbox 3142 5053 3278 5121; x_wconf 91' lang='lat' dir='ltr'><strong>ipsis</strong></span> <span class='ocrx_word' id='word_1_673' title='bbox 3308 5037 3717 5103; x_wconf 87' lang='lat' dir='ltr'><strong>consentientium</strong></span> 
     </span>
    </p>
   </div>
   <div class='ocr_carea' id='block_1_100' title="bbox 2200 5138 3720 5216">
    <p class='ocr_par' dir='ltr' id='par_1_100' title="bbox 2200 5138 3720 5216">
     <span class='ocr_line' id='line_1_100' title="bbox 2200 5138 3720 5216; baseline -0.012 -14"><span class='ocrx_word' id='word_1_674' title='bbox 2200 5163 2526 5209; x_wconf 68' lang='lat' dir='ltr'><strong>numerum,</strong></span> <span class='ocrx_word' id='word_1_675' title='bbox 2558 5147 2650 5216; x_wconf 88' lang='lat' dir='ltr'><strong>qui</strong></span> <span class='ocrx_word' id='word_1_676' title='bbox 2686 5147 2845 5215; x_wconf 76' lang='lat' dir='ltr'><strong>longe</strong></span> <span class='ocrx_word' id='word_1_677' title='bbox 2886 5146 3234 5199; x_wconf 81' lang='lat' dir='ltr'><strong>Ariminense</strong></span> <span class='ocrx_word' id='word_1_678' title='bbox 3279 5138 3556 5195; x_wconf 81' lang='lat' dir='ltr'><strong>concilium</strong></span> <span class='ocrx_word' id='word_1_679' title='bbox 3587 5141 3720 5195; x_wconf 78' lang='lat' dir='ltr'><strong>Stth-</strong></span> 
     </span>
    </p>
   </div>
   <div class='ocr_carea' id='block_1_101' title="bbox 2203 5220 3717 5303">
    <p class='ocr_par' dir='ltr' id='par_1_101' title="bbox 2203 5220 3717 5303">
     <span class='ocr_line' id='line_1_101' title="bbox 2203 5220 3717 5303; baseline -0.016 -11"><span class='ocrx_word' id='word_1_680' title='bbox 2203 5240 2383 5299; x_wconf 85' lang='lat' dir='ltr'><strong>rahat,</strong></span> <span class='ocrx_word' id='word_1_681' title='bbox 2414 5239 2864 5303; x_wconf 87' lang='lat' dir='ltr'><strong>considerarent,</strong></span> <span class='ocrx_word' id='word_1_682' title='bbox 2890 5247 2947 5293; x_wconf 92' lang='lat' dir='ltr'><strong>et</strong></span> <span class='ocrx_word' id='word_1_683' title='bbox 2973 5239 3039 5292; x_wconf 89' lang='lat' dir='ltr'><strong>ad</strong></span> <span class='ocrx_word' id='word_1_684' title='bbox 3067 5235 3392 5293; x_wconf 88' lang='lat' dir='ltr'><strong>sententiam</strong></span> <span class='ocrx_word' id='word_1_685' title='bbox 3424 5220 3717 5285; x_wconf 81' lang='lat' dir='ltr'><strong>commuttio-</strong></span> 
     </span>
    </p>
   </div>
   <div class='ocr_carea' id='block_1_102' title="bbox 2203 5312 3713 5401">
    <p class='ocr_par' dir='ltr' id='par_1_102' title="bbox 2203 5312 3713 5401">
     <span class='ocr_line' id='line_1_102' title="bbox 2203 5312 3713 5401; baseline -0.007 -16"><span class='ocrx_word' id='word_1_686' title='bbox 2203 5347 2437 5401; x_wconf 89' lang='lat' dir='ltr'><strong>nemque</strong></span> <span class='ocrx_word' id='word_1_687' title='bbox 2462 5348 2656 5386; x_wconf 88' lang='lat' dir='ltr'><strong>eorum</strong></span> <span class='ocrx_word' id='word_1_688' title='bbox 2682 5333 3010 5387; x_wconf 87' lang='lat' dir='ltr'><strong>accederent</strong></span> <span class='ocrx_word' id='word_1_689' title='bbox 3037 5347 3051 5386; x_wconf 89' lang='lat'><strong>:</strong></span> <span class='ocrx_word' id='word_1_690' title='bbox 3088 5344 3300 5385; x_wconf 89' lang='lat' dir='ltr'><strong>necnon</strong></span> <span class='ocrx_word' id='word_1_691' title='bbox 3330 5332 3388 5379; x_wconf 91' lang='lat' dir='ltr'><strong>ut</strong></span> <span class='ocrx_word' id='word_1_692' title='bbox 3414 5325 3489 5377; x_wconf 88' lang='lat' dir='ltr'><strong>eis</strong></span> <span class='ocrx_word' id='word_1_693' title='bbox 3510 5312 3713 5384; x_wconf 72' lang='lat' dir='ltr'><strong>ejusdem</strong></span> 
     </span>
    </p>
   </div>
   <div class='ocr_carea' id='block_1_103' title="bbox 2203 5410 3713 5495">
    <p class='ocr_par' dir='ltr' id='par_1_103' title="bbox 2203 5410 3713 5495">
     <span class='ocr_line' id='line_1_103' title="bbox 2203 5410 3713 5495; baseline -0.013 -16"><span class='ocrx_word' id='word_1_694' title='bbox 2203 5440 2261 5479; x_wconf 88' lang='lat' dir='ltr'><strong>se</strong></span> <span class='ocrx_word' id='word_1_695' title='bbox 2306 5440 2427 5480; x_wconf 67' lang='lat' dir='ltr'><strong>esse</strong></span> <span class='ocrx_word' id='word_1_696' title='bbox 2470 5427 2764 5481; x_wconf 73' lang='lat' dir='ltr'><strong>sententiae</strong></span> <span class='ocrx_word' id='word_1_697' title='bbox 2813 5425 3022 5481; x_wconf 89' lang='lat' dir='ltr'><strong>litteris</strong></span> <span class='ocrx_word' id='word_1_698' title='bbox 3072 5423 3172 5495; x_wconf 88' lang='lat' dir='ltr'><strong>ipsi</strong></span> <span class='ocrx_word' id='word_1_699' title='bbox 3221 5421 3334 5476; x_wconf 87' lang='lat' dir='ltr'><strong>suis</strong></span> <span class='ocrx_word' id='word_1_700' title='bbox 3377 5410 3713 5470; x_wconf 78' lang='lat' dir='ltr'><strong>rescriberem-</strong></span> 
     </span>
    </p>
   </div>
   <div class='ocr_carea' id='block_1_104' title="bbox 2205 5501 3712 5588">
    <p class='ocr_par' dir='ltr' id='par_1_104' title="bbox 2205 5501 3712 5588">
     <span class='ocr_line' id='line_1_104' title="bbox 2205 5501 3712 5588; baseline -0.021 -15"><span class='ocrx_word' id='word_1_701' title='bbox 2205 5518 2559 5587; x_wconf 83' lang='lat' dir='ltr'><strong>Scripseruut</strong></span> <span class='ocrx_word' id='word_1_702' title='bbox 2616 5528 2919 5588; x_wconf 64' lang='lat' dir='ltr'><strong>prteterea,</strong></span> <span class='ocrx_word' id='word_1_703' title='bbox 2974 5528 3030 5572; x_wconf 89' lang='lat' dir='ltr'><strong>ut</strong></span> <span class='ocrx_word' id='word_1_704' title='bbox 3084 5517 3150 5571; x_wconf 91' lang='lat' dir='ltr'><strong>ad</strong></span> <span class='ocrx_word' id='word_1_705' title='bbox 3204 5515 3346 5568; x_wconf 89' lang='lat' dir='ltr'><strong>diem</strong></span> <span class='ocrx_word' id='word_1_706' title='bbox 3404 5501 3712 5561; x_wconf 87' lang='lat' dir='ltr'><strong>constitutum</strong></span> 
     </span>
    </p>
   </div>
   <div class='ocr_carea' id='block_1_105' title="bbox 598 5626 3715 5730">
    <p class='ocr_par' dir='ltr' id='par_1_105' title="bbox 598 5626 3715 5730">
     <span class='ocr_line' id='line_1_105' title="bbox 598 5626 3715 5730; baseline -0.006 -21"><span class='ocrx_word' id='word_1_707' title='bbox 598 5657 676 5730; x_wconf 80' lang='lat' dir='ltr'><strong>tl)</strong></span> <span class='ocrx_word' id='word_1_708' title='bbox 703 5658 908 5730; x_wconf 57' lang='lat' dir='ltr'><strong>mentio</strong></span> <span class='ocrx_word' id='word_1_709' title='bbox 942 5661 1110 5730; x_wconf 89' lang='lat' dir='ltr'><strong>hujus</strong></span> <span class='ocrx_word' id='word_1_710' title='bbox 1151 5660 1314 5713; x_wconf 80' lang='lat' dir='ltr'><strong>etiam</strong></span> <span class='ocrx_word' id='word_1_711' title='bbox 1373 5660 1429 5713; x_wconf 86' lang='lat' dir='ltr'><strong>fit</strong></span> <span class='ocrx_word' id='word_1_712' title='bbox 1465 5660 1518 5713; x_wconf 91' lang='lat' dir='ltr'><strong>in</strong></span> <span class='ocrx_word' id='word_1_713' title='bbox 1551 5658 1786 5728; x_wconf 85' lang='lat' dir='ltr'><strong>quadam</strong></span> <span class='ocrx_word' id='word_1_714' title='bbox 1851 5654 2148 5710; x_wconf 79' lang='lat' dir='ltr'><strong>Theodosii</strong></span> <span class='ocrx_word' id='word_1_715' title='bbox 2188 5656 2611 5722; x_wconf 84' lang='lat' dir='ltr'><strong>constitutione,</strong></span> <span class='ocrx_word' id='word_1_716' title='bbox 2654 5658 2708 5712; x_wconf 88' lang='lat' dir='ltr'><strong>itt</strong></span> <span class='ocrx_word' id='word_1_717' title='bbox 2753 5656 2817 5713; x_wconf 88' lang='lat' dir='ltr'><strong>C.</strong></span> <span class='ocrx_word' id='word_1_718' title='bbox 2848 5653 3233 5710; x_wconf 88' lang='lat' dir='ltr'><strong>Theodosiano</strong></span> <span class='ocrx_word' id='word_1_719' title='bbox 3271 5647 3367 5703; x_wconf 89' lang='lat' dir='ltr'><strong>lib.</strong></span> <span class='ocrx_word' id='word_1_720' title='bbox 3415 5636 3563 5696; x_wconf 91' lang='lat' dir='ltr'><strong>ult.l.</strong></span> <span class='ocrx_word' id='word_1_721' title='bbox 3609 5626 3715 5696; x_wconf 63' lang='lat' dir='ltr'><strong>Et?&quot;</strong></span> 
     </span>
    </p>
   </div>
   <div class='ocr_carea' id='block_1_106' title="bbox 525 5727 1197 5792">
    <p class='ocr_par' dir='ltr' id='par_1_106' title="bbox 525 5727 1197 5792">
     <span class='ocr_line' id='line_1_106' title="bbox 525 5727 1197 5792; baseline 0.006 -13"><span class='ocrx_word' id='word_1_722' title='bbox 525 5728 712 5792; x_wconf 72' lang='lat' dir='ltr'><strong>scopis,</strong></span> <span class='ocrx_word' id='word_1_723' title='bbox 741 5727 813 5780; x_wconf 81' lang='lat' dir='ltr'><strong>De</strong></span> <span class='ocrx_word' id='word_1_724' title='bbox 854 5730 958 5782; x_wconf 82' lang='lat' dir='ltr'><strong>fide</strong></span> <span class='ocrx_word' id='word_1_725' title='bbox 995 5727 1197 5784; x_wconf 29' lang='lat' dir='ltr'><strong>cltle</strong></span> 
     </span>
    </p>
   </div>
  </div>
