3986 6190
236 289 351 351 605
1210 290 1814 351 ECCLESIASTICIE
1850 291 2245 354 HISTORL‘E
2286 297 2431 361 LIB.
2475 297 2581 357 Χῐ.
3110 350 3145 367 κ
3401 302 3508 364 606

236 410 253 431 ‘
280 412 416 452 orno
446 397 627 452 adhuc
659 406 909 468 tempore
936 399 1168 453 Tarsum
1194 399 1403 455 Cilicia:
1428 400 1819 455 convenirent.
1853 409 1899 464 Α
1927 404 2094 457 veluti
2149 420 2271 473 qum
2322 406 2547 461 Luciani
2598 409 2849 479 martyris
2896 425 3020 466 esse
3079 410 3419 477 crederetur,
3447 422 3501 465 et

237 490 505 546 Sedeuim
554 491 686 545 dum
759 492 841 546 sic
892 492 962 545 de
1009 491 1265 547 Tarsensi
1319 494 1528 564 synodo
1580 492 1823 562 cogenda
1930 507 1960 546 a
1991 495 2291 562 majoribus
2319 511 2510 550 eorum
2544 499 2792 566 periculo
2820 507 2877 553 et
2907 500 3111 555 sudore
3140 502 3313 555 multo
3347 516 3500 556 eom-

235 583 454 653 agitur,
507 584 728 653 triginta
783 592 842 639 et
886 592 1129 653 quatuor
1176 584 1290 639 fere
1340 586 1524 639 Asiani
1578 582 1824 653 episcopi
1930 586 2159 652 probata
2214 598 2398 654 esset,
2455 591 2876 647 confirmarunt.
2937 593 3241 663 Imperator
3295 603 3505 657 autem,

236 672 557 727 Antiochia:
586 673 642 728 in
667 672 829 729 Caria
869 675 1291 736 convenientes.
1326 675 1570 730 studium
1600 673 1825 743 quidem
1927 675 2182 731 Eudoxio
2215 680 2533 746 anniteute,
2580 682 2854 752 synodum
2896 684 2952 739 in
2998 685 3192 741 Cilicia
3236 687 3505 740 celebrari

233 765 955 821 ecclesiasticaaconcordim
973 765 1833 831 sarciendaelaudarunt:oaoou-
1930 765 2244 821 institutam
2286 770 2595 837 prohibuit,
2630 772 2831 827 edictis
2866 790 2930 828 ea
2960 776 3029 831 de
3064 791 3230 830 causa
3260 785 3315 830 et
3345 790 3499 830 com-

239 857 391 920 σίου,
420 855 934 919 consubstantialis,
959 871 1092 909 vero
1118 871 1316 910 nomen
1342 856 1691 926 repudiantes
1716 854 1833 909 for-
1933 855 2343 914 minationibus
2376 861 2600 930 publice
2633 865 2956 935 propositis.

239 949 453 1003 mulam
506 947 636 1004 ﬁdei
686 947 996 1003 Antiochiae
1041 956 1098 1002 et
1141 947 1410 1003 Seleuciae
1443 947 1830 1017 compositam,

1692 1114 1922 1172 CAPUT
1961 1115 2033 1172 Χ.

317 1232 462 1301 Περὶ
517 1233 628 1288 τοῦ
687 1235 1019 1300 τηνικαῦτα
1079 1236 1410 1305 γενομένου
1444 1236 1744 1315 Gtt-tritor”):
1775 1237 1900 1315 _2_¢al
1938 1239 2077 1315 περὶ
2103 1241 2210 1315 τοῦ
2240 1242 2417 1310 ἁγίου
2458 1244 2845 1311 Ἀθανασὼυ,
2908 1246 2989 1312 ὠς
3014 1248 3199 1313 αὐτὸς
3233 1247 3422 1315 μόνος

1455 1310 1565 1360 οὐκ
1596 1307 1869 1377 ἐξηλάθη
1903 1310 2009 1363 τοῦ
2050 1312 2289 1378 θρόνου.

242 1421 332 1475 De
382 1438 444 1478 ea
501 1439 620 1495 qui:
666 1434 775 1478 tum
820 1435 1070 1495 grassata
1121 1432 1199 1480 est
1250 1424 1653 1496 persecutione:
1693 1433 1743 1478 et
1784 1426 1847 1506 de
1877 1440 2094 1547 tsaucio
2138 1429 2455 1494 Athanasio.
2505 1442 2562 1486 ut
2629 1434 2674 1485 is
2726 1432 2870 1487 solus
2921 1432 3043 1486 sede
3116 1449 3213 1484 sua
3276 1447 3381 1484 nou
3426 1431 3493 1484 sit

526 1512 533 1519 ·
1764 1510 1872 1547 ειρε
1899 1513 1979 1547 us.

526 1512 533 1519 -
1764 1510 1979 1562 ejectus.

328 1616 488 1686 123
510 1616 926 1673 Provinciarum
952 1632 1174 1687 quoque
1197 1618 1832 1689 prsesidibussigillatim
1944 1622 2253 1689 aliquorum
2305 1624 2727 1680 denuntiatione
2785 1625 3117 1685 secesserit,
3175 1621 3370 1675 eodem
3425 1636 3516 1674 res

241 1709 560 1769 mandavit.
607 1719 668 1763 ut
703 1725 769 1764 ex
804 1709 1058 1764 ecclesiis
1088 1725 1189 1764 eos
1219 1710 1581 1764 deturbarent
1616 1710 1833 1779 episco-
1867 1691 1911 1748 Β
1941 1712 2158 1767 recidit.
2196 1714 2353 1779 Quod
2384 1715 2533 1769 enim
2580 1725 2688 1769 tam
2740 1714 3058 1769 necessario
3091 1725 3336 1782 tempore
3372 1713 3512 1766 insi-

239 1817 358 1869 pos
378 1841 392 1863 .
428 1802 519 1871 qui
568 1802 672 1855 sub
700 1800 1027 1857 Constantio
1058 1802 1448 1865 exauctorati,
1502 1800 1831 1871 dignitatem
1938 1803 2060 1857 dias
2083 1804 2186 1858 sibi
2214 1813 2450 1860 structas
2485 1805 2800 1871 praeviderit
2823 1816 2880 1860 et
2905 1806 3118 1865 vitarit,
3141 1805 3357 1858 consilii
3385 1818 3510 1857 esse

239 1892 549 1961 pristinam
592 1895 695 1947 sub
735 1894 958 1949 Iuliano
994 1893 1361 1964 recepissent.
1413 1894 1519 1948 Per
1551 1891 1833 1961 ejusmodi
1939 1894 2119 1949 visum
2153 1903 2256 1958 est,
2289 1898 2434 1965 quod
2462 1905 2683 1966 captum
2720 1897 3020 1951 humanum
3058 1895 3373 1949 excederet.
3409 1893 3513 1946 Alii

234 1984 563 2050 iussionem
610 1984 852 2055 Egyptii
881 1986 1050 2040 etiam
1083 1986 1441 2055 magistratus
1471 1985 1836 2039 Athanasium
1941 1999 2076 2038 vero
2127 1985 2344 2050 dicunt,
2385 2002 2550 2051 eum,
2600 1990 2747 2057 quod
2798 1988 2942 2056 vulgi
2996 1987 3252 2042 insanum
3304 1994 3514 2038 motuin

238 2076 512 2129 ecclesiis
534 2076 697 2130 simul
728 2088 785 2131 et
814 2081 950 2131 urbe
974 2077 1344 2132 Alexandrina
1374 2074 1580 2146 ejicere
1607 2084 1842 2131 conteu-
1941 2078 2330 2144 pmsenserit,
2362 2088 2417 2131 et
2446 2078 2611 2132 simul
2649 2078 2860 2133 veritus
2888 2079 2993 2140 sit,
3025 2077 3070 2132 si
3098 2076 3228 2146 quid
3266 2074 3392 2130 inde
3422 2075 3519 2128 de-

239 2168 480 2221 derunt.
536 2167 658 2221 Non
710 2168 849 2223 levis
903 2169 1050 2223 enim
1099 2183 1259 2238 poena
1304 2167 1573 2237 imperiali
1631 2168 1841 2221 inserta
1944 2168 2183 2222 trimeuti
2213 2170 2576 2244 provenisset,
2610 2180 2679 2225 ne
2703 2169 2819 2235 ipse
2850 2178 3052 2225 auctor
3081 2170 3207 2222 mali
3240 2168 3362 2236 ejus
3396 2182 3519 2221 esse

239 2266 378 2312 erat
412 2259 593 2314 edicto
619 2299 633 2321 ,
667 2260 817 2329 quod
855 2260 1132 2329 praefectis
1164 2260 1427 2313 omnibus
1450 2299 1466 2322 ,
1513 2268 1571 2313 et
1604 2258 1699 2328 qui
1735 2257 1841 2312 sub
1943 2260 2259 2326 videretur,
2311 2270 2430 2315 toto
2469 2278 2536 2316 eu
2566 2271 2813 2331 tempore
2842 2263 2919 2332 (1)
2970 2262 3024 2315 in
3059 2271 3288 2331 paterno
3321 2274 3520 2313 leonu-

240 2366 453 2405 eorum
485 2352 657 2421 signis
688 2359 744 2406 et
777 2359 1054 2420 potestate
1079 2359 1267 2421 essent
1296 2350 1566 2405 militibus
1593 2358 1651 2403 et
1680 2363 1843 2403 seua-
1944 2359 2128 2404 mento
2155 2350 2462 2405 delituisse.
2498 2350 2678 2420 Atque
2707 2352 2797 2405 ille
2831 2351 3055 2420 quidem
3088 2350 3169 2405 sic
3195 2347 3436 2418 profugit
3464 2354 3522 2399 et

243 2443 511 2509 toribus,
544 2420 686 2498 deum
742 2444 986 2513 ingentis
1030 2420 1287 2512 pecu’niaa
1335 2442 1543 2503 multa,
1592 2440 1846 2511 corporis
1944 2444 2127 2499 latuit.
2155 2443 2275 2498 Non
2299 2444 2462 2511 longe
2495 2453 2682 2498 autem
2709 2452 2830 2511 post
2856 2443 3160 2510 imperator
3187 2440 3382 2493 litteris
3406 2437 3521 2490 suis

243 2550 484 2605 quoque
528 2538 879 2590 coerciouem
929 2534 1316 2590 denuntiabat.
1367 2536 1438 2589 At
1489 2532 1845 2589 Christianus
1946 2551 2072 2590 eum
2105 2536 2419 2599 revocavit,
2455 2544 2511 2590 et
2538 2535 2836 2589 ecclesiam
2869 2533 3121 2590 obtinere
3147 2531 3331 2599 jussit.
3369 2528 3522 2584 5(τί-

246 2628 501 2697 populus
551 2628 893 2683 conveniens
940 2626 1263 2696 praefectum
1307 2625 1562 2697 rogavit,
1608 2634 1673 2680 ut
1722 2627 1848 2695 epi-
1948 2636 2098 2695 ptum
2131 2627 2236 2680 hoc
2281 2636 2479 2694 prater
2506 2626 2679 2680 animi
2708 2624 3039 2680 sententiam
3086 2623 3369 2677 Valentem
3401 2618 3524 2673 edi-

245 2736 491 2788 scopum
527 2735 693 2775 causa
742 2732 853 2774 non
895 2722 1031 2773 satis
1065 2718 1370 2773 deliberata
1420 2733 1529 2772 non
1565 2719 1846 2788 exigeret,
1949 2718 2096 2772 disse
2140 2716 2357 2786 Opinor,
2399 2716 2484 2771 vel
2525 2716 2674 2785 quod
2720 2715 3009 2771 Athanasii
3053 2715 3282 2784 gloriam
3331 2726 3521 2767 secum

249 2814 361 2867 sed
396 2813 715 2867 accuratius
746 2813 1062 2867 litterarum
1105 2810 1479 2879 imperialium
1515 2810 1849 2864 sententiam
1950 2811 2066 2878 ipse
2096 2817 2400 2878 reputaret,
2439 2825 2503 2864 ac
2541 2808 3038 2880 reprehensionem
3077 2808 3199 2877 ejus
3230 2807 3309 2861 rei
3345 2822 3375 2860 a
3411 2805 3520 2860 Va-

254 2903 668 2974 perpenderet,
714 2916 837 2973 quae
887 2916 984 2957 eos
1032 2912 1244 2956 tantum
1303 2901 1709 2971 proscriberet,
1752 2898 1850 2969 qui
1953 2902 2287 2963 lentiniano.
2338 2902 2435 2971 qui
2477 2902 2759 2956 Nicatnum
2809 2902 3091 2957 decretum
3139 2899 3523 2968 profitebatur,

253 2998 369 3053 sub
387 2996 714 3052 Constantio
733 2996 1160 3062 exsularejussi,
1188 2993 1531 3049 subJuliano
1558 2993 1627 3047 ab
1651 2992 1848 3047 exsilio
1872 3020 1916 3079 α
1950 3001 2297 3062 exspectaret
2326 3010 2340 3047 :
2387 2994 2475 3048 vel
2508 2996 2652 3063 quod
2703 3003 2909 3059 motum
2941 3008 3136 3048 eorum
3168 2991 3260 3061 qui
3297 2989 3519 3058 pluritni

258 3090 477 3145 reversi
511 3098 717 3145 essent.
757 3088 1128 3143 Athanasium
1174 3102 1344 3157 porro
1385 3086 1492 3141 sub
1520 3085 1848 3141 Constantio
1949 3087 2104 3142 illum
2133 3086 2455 3151 laudabant,
2497 3102 2566 3141 ne
2616 3102 2711 3156 per
2741 3102 3009 3141 novarum
3056 3100 3239 3139 rerum
3276 3083 3519 3138 studium

259 3181 493 3248 quidem
513 3180 690 3235 exsilii
716 3194 882 3233 causa
911 3180 1089 3234 solum
1116 3178 1350 3232 vertisse
1375 3177 1656 3241 dicebant,
1680 3187 1847 3245 atquo
1950 3179 2256 3249 respublica
2300 3178 2505 3248 aliquid
2528 3179 2845 3235 detrimenti
2886 3189 3133 3247 caperet,
3178 3187 3495 3246 suspectum

261 3275 337 3327 ab
373 3274 572 3327 eodem
622 3272 915 3326 reductqu
965 3280 1130 3340 atque
1174 3271 1228 3323 in
1265 3269 1645 3339 episcopatum
1686 3284 1846 3323 suum
1948 3272 2196 3326 haberet.
2245 3270 2456 3341 Opinor
2502 3286 2725 3341 quoque
2772 3271 2990 3326 Arianae
3044 3271 3271 3325 haeresis
3320 3269 3522 3321 antesi-

266 3363 590 3420 restitutum
618 3368 779 3418 esse‘.
817 3360 1103 3416 Julianum
1134 3371 1316 3416 autem
1337 3401 1351 3424 ,
1395 3375 1521 3415 cum
1553 3376 1747 3414 otnnes
1775 3361 1846 3416 ab
1947 3377 2183 3432 gnanos.
2218 3362 2291 3415 ita
2325 3371 2384 3416 ut
2415 3377 2513 3430 par
2540 3370 2684 3423 erat,
2715 3376 2823 3415 non
2851 3361 3150 3415 admodum
3170 3361 3281 3427 jam
3315 3358 3368 3411 in
3398 3358 3520 3425 ejus

262 3457 463 3512 exsilio
505 3466 832 3520 revocaret,
870 3468 1044 3508 unum
1079 3455 1228 3507 hunc
1262 3463 1616 3522 persecutum
1651 3454 1844 3519 fuisse,
1948 3454 2049 3507 viri
2101 3453 2564 3521 proscriptionem
2623 3452 2925 3521 urgendam
2970 3450 3291 3505 incubuisse
3324 3465 3340 3501 :
3379 3447 3513 3500 illud

264 3563 432 3618 quem
467 3547 687 3601 tandem
718 3539 1045 3602 Iovinianus
1073 3546 1401 3600 restituerit.
1436 3544 1573 3601 Haec
1594 3560 1718 3600 cum
1756 3545 1846 3599 di-
1948 3544 2373 3615 perpendentes.
2415 3546 2460 3599 si
2507 3547 2645 3600 urbe
2689 3546 3007 3615 ejiceretur,
3050 3542 3164 3594 iure
3203 3553 3262 3593 ut
3295 3555 3516 3593 rursum

265 3649 499 3703 cerent,
554 3655 736 3708 neque
784 3638 1040 3708 praefecto
1097 3640 1535 3708 persuaderent,
1590 3640 1847 3695 restitere
1951 3637 2382 3707 imperatoribus
2416 3637 2678 3689 molestus
2716 3636 2907 3699 ﬁeret,
2948 3636 3407 3702 occasionemque
3452 3648 3521 3686 ex

262 3747 479 3798 tamen,
511 3744 566 3788 et
599 3735 708 3787 vim
751 3733 868 3786 fieri
908 3747 1013 3785 non
1051 3732 1380 3801 permisere.
1414 3729 1686 3785 Caeterum
1719 3747 1846 3785 cum
1948 3742 2013 3782 ea
2056 3743 2114 3781 re
2164 3728 2287 3781 illos
2330 3727 2697 3795 compellandi
2734 3727 2981 3787 haberet.
3031 3726 3422 3794 Valentemque
3458 3725 3522 3777 in

260 3830 471 3896 vulgus
498 3825 740 3895 undique
776 3827 1114 3887 conﬂueret,
1162 3834 1219 3878 et
1251 3824 1411 3878 turba
1446 3823 1639 3890 ingens
1682 3832 1846 3890 atque
1949 3820 2280 3875 sententiam
2314 3833 2467 3874 suam
2498 3818 2824 3882 adduceret,
2861 3818 3308 3893 Vuletttinianum
3337 3828 3521 3870 autem

261 3918 567 3980 tumultus,
599 3917 822 3969 adcout
869 3915 1071 3969 seditio
1116 3923 1559 3982 exspectaretur,
1610 3913 1665 3966 in
1711 3913 1846 3967 urbe
1950 3912 2056 3966 sibi
2105 3913 2541 3967 consentientem
2592 3910 2660 3963 ad
2714 3912 2850 3963 iram
2900 3910 3069 3965 etiam
3121 3917 3519 3962 commoveret.

255 4020 465 4068 esset:
500 4009 793 4078 praefectus
829 4018 942 4063 rem
983 4022 1103 4061 eam
1138 4006 1461 4077 imperatori
1496 4004 1845 4073 signiﬁcavit,
1950 4003 2255 4058 Plurimum
2294 4018 2532 4071 namque
2561 4018 2691 4057 eunt
2725 4009 3069 4066 metuerant,
3102 4000 3367 4054 virtutem
3402 3999 3523 4067 ejus

256 4104 631 4159 Athanasium
660 4101 734 4154 ibi
772 4114 993 4155 manere
1027 4100 1375 4169 permittens.
1409 4098 1469 4149 Et
1501 4097 1698 4151 diebus
1726 4098 1849 4166 plu-
1951 4094 2006 4146 in
2040 4092 2207 4146 rebus
2231 4107 2354 4159 qua:
2387 4093 2489 4145 sub
2529 4090 2860 4147 Constantio
2898 4090 3252 4153 acciderant,
3284 4091 3521 4157 experti.

260 4198 430 4251 ribus
456 4195 689 4254 exactis.
714 4194 917 4247 seditio
942 4209 1005 4246 ea
1034 4193 1213 4262 sepita
1244 4195 1355 4261 jam
1378 4206 1502 4246 esse
1534 4190 1843 4253 videbatur,
1951 4181 2105 4236 Adeo
2133 4182 2280 4235 enim
2312 4191 2423 4235 tum
2454 4181 3061 4251 quoqueioimicorum
3092 4180 3324 4234 consilia
3353 4187 3411 4233 et
3440 4178 3524 4231 in-

258 4306 393 4342 cum
457 4288 789 4340 Athanasius
841 4286 1055 4355 vesperi
1114 4285 1249 4339 urbe
1305 4283 1624 4353 egreditur,
1679 4289 1735 4337 et
1788 4282 1843 4335 in
1878 4351 1905 4355 _
1953 4274 2119 4328 sidias
2149 4273 2495 4343 propuleral,
2525 4282 2587 4327 ut
2610 4274 2660 4327 ci
2696 4273 2773 4327 illi
2804 4289 2911 4327 non
2940 4281 3162 4333 gravate
3193 4271 3440 4325 ecclesiis
3468 4270 3522 4322 iu

262 4381 478 4449 praedio
526 4379 762 4448 quodam
800 4351 1000 4433 latitat.
1050 4377 1269 4448 Aﬂgypti
1308 4351 1493 4430 autem
1529 4374 1842 4445 praefectos,
1877 4351 1919 4405 ί)
1945 4365 2181 4436 Egypto
2229 4366 2512 4427 cederent,
2545 4373 2602 4419 et
2640 4380 2705 4419 ea
2737 4364 2807 4419 de
2849 4379 3016 4419 causa
3060 4365 3200 4433 ipse,
3245 4363 3336 4416 vix
3384 4363 3529 4415 Con-

259 4482 323 4526 et
356 4472 639 4540 copiarum
675 4469 993 4523 militarium
1024 4484 1149 4537 quae
1183 4468 1255 4520 ibi
1288 4477 1449 4519 erant.
1478 4466 1606 4517 dux.
1645 4465 1845 4532 intem-
1950 4458 2139 4513 stantii
2185 4458 2387 4513 litteris
2420 4457 2809 4528 acquiescens,
2832 4473 2902 4512 ex
2930 4458 3086 4511 ltalia
3120 4457 3343 4510 rediret.
3379 4455 3524 4508 Cau-

264 4572 427 4630 pesta
453 4571 618 4615 nocte
647 4563 703 4614 in
728 4560 1045 4618 ecclesiam.
1074 4560 1165 4613 ubi
1195 4559 1286 4613 ille
1311 4556 1655 4613 domicilium
1682 4568 1844 4607 suum
1949 4568 2064 4607 sam
2108 4552 2333 4618 quidem
2353 4590 2369 4615 ,
2416 4551 2777 4621 quamobrem
2811 4550 3144 4603 Athanasius
3186 4564 3295 4601 non
3334 4547 3524 4600 itidem

267 4654 533 4713 habebat.
574 4654 768 4717 venit,
817 4664 874 4706 et
916 4653 971 4705 in
1022 4650 1355 4705 habitaculis
1386 4650 1552 4704 etiam
1593 4646 1848 4716 superio-
1953 4651 2011 4694 ut
2036 4641 2129 4695 alii
2165 4657 2233 4695 ex
2273 4640 2509 4696 ecclesia
2555 4641 2751 4709 pulsus
2781 4639 2893 4700 sit,
2941 4638 3085 4691 hanc
3114 4653 3234 4691 esse
3268 4636 3522 4704 conjicio.

266 4748 428 4801 ribus
473 4746 766 4813 diligenter
812 4760 939 4797 cum
997 4744 1195 4814 quaerit
1233 4759 1247 4793 :
1281 4742 1376 4796 sed
1429 4740 1693 4809 opinione
1747 4751 1845 4791 sua
1951 4731 2056 4784 Alii
2104 4745 2240 4785 vero
2282 4730 2527 4799 episcopi
2561 4739 2774 4785 tantum
2813 4744 2924 4782 non
2957 4728 3367 4797 persecutione,
3402 4741 3526 4794 quae

268 4839 601 4898 frustratus,
657 4854 716 4890 re
767 4837 967 4891 infecta
1015 4835 1152 4889 abit.
1203 4833 1631 4887 Existimaverat
1675 4827 1845 4890 enim,
1953 4823 2061 4875 illis
2092 4837 2188 4890 par
2219 4830 2386 4883 esset,
2419 4835 2541 4889 quae
2572 4822 2642 4874 ab
2667 4818 2979 4874 idololatris
3006 4818 3254 4871 excitate
3282 4817 3524 4880 inerant,

268 4926 421 4994 quod
460 4902 631 4994 .plebs
678 4924 900 4977 tandem
956 4922 1161 4991 prioris
1211 4932 1391 4976 motus
1413 4958 1427 4983 ,
1461 4935 1570 4987 qtto
1616 4919 1844 4972 excitata
1953 4924 2081 4969 sunt
2113 4913 2365 4982 expetiti.
2399 4910 2606 4966 Exsilia
2637 4911 2784 4966 enim
2811 4919 2869 4965 et
2900 4910 3316 4979 deportatioues
3348 4910 3400 4962 in
3429 4923 3525 4961 eos

271 5020 480 5081 fuerat,
521 5018 693 5070 oblita
727 5025 895 5076 esset,
924 5026 981 5069 et
1013 5026 1267 5069 somnum
1306 5026 1503 5067 omnes
1529 5017 1844 5078 carperent,
1950 5008 2042 5076 qui
2080 5022 2185 5059 non
2232 5005 2423 5059 eadem
2466 5019 2594 5056 cum
2642 5004 2866 5058 Valente
2900 5004 3204 5061 sentirent.
3250 5001 3521 5055 decerne-

269 5111 437 5165 facile
485 5126 543 5164 se
575 5109 925 5176 imperatoris
979 5107 1249 5176 imperata
1302 5112 1737 5165 exsecuturum,
1791 5108 1849 5152 et
1953 5098 2178 5162 bantur,
2230 5107 2286 5150 et
2337 5112 2508 5152 sacrae
2551 5095 2700 5151 mdes
2740 5096 2807 5151 iis
2837 5095 3063 5166 quidem
3114 5093 3521 5154 adimebantur,

274 5203 471 5257 urbem
502 5202 619 5255 sine
641 5201 914 5256 seditione
939 5210 1182 5270 pacatam
1206 5204 1657 5254 conservaturum
1700 5205 1843 5246 esse.
1951 5190 2073 5242 aliis
2113 5198 2293 5241 autem
2341 5187 2845 5260 committebantur.
2890 5185 3159 5257 Egyptus
3205 5198 3338 5238 vero
3387 5181 3520 5235 dum

270 5293 535 5349 Sedenim
574 5292 907 5362 \preefectus.
950 5303 1007 5346 et
1045 5290 1141 5359 qui
1185 5305 1311 5345 cum
1355 5304 1423 5343 eo
1463 5295 1643 5347 erant,
1698 5280 1846 5352 quod
1953 5279 2257 5334 Athanasio
2289 5280 2395 5334 vita
2429 5279 2780 5350 suppetebat,
2820 5278 3090 5334 malorum
3122 5273 3393 5347 ejusmodi
3424 5273 3526 5326 im-

269 5383 636 5440 Azhanasium
673 5398 779 5436 non
819 5383 1181 5445 invenissent,
1216 5380 1372 5434 valde
1407 5386 1538 5434 sunt
1565 5374 1844 5431 admirati.
1954 5370 2139 5424 munis
2166 5379 2221 5423 ct
2251 5386 2451 5439 expers
2483 5369 2607 5423 fuit.

273 5477 398 5534 Sive
444 5477 593 5532 enim
636 5474 809 5530 divini
860 5475 1113 5530 Numinis
1154 5471 1359 5528 indicio
1386 5510 1401 5534 ,
1432 5485 1528 5525 seu
1561 5466 1844 5522 hominum

346 5613 423 5675 (ll
459 5609 738 5666 “ensibus
770 5618 1021 5678 quatuor.
1067 5607 1328 5676 (Socrat.)

1786 5706 1813 5715 ρ.

1880 5736 1946 5744 .—
