3986 6190
496 271 601 330 607

1718 272 2139 333 NICEPIIOIU
2176 276 2526 337 CALLISTI

3634 248 3735 355 eos

1948 386 2172 442 CAPUT
2229 388 2321 442 XI.

529 508 609 572 Ως
665 505 1034 577 διῃρέθησαν
1093 508 1148 557 οι
1196 506 1481 573 Ἀρειιινοὶ
1509 508 1635 579 ρεαὶῄ
1677 507 2079 579 Εὺνρμιανριο
2115 508 2213 579 ara}
2254 508 2389 576 περὶ
2452 512 2752 579 Εὑνομίου
2820 509 2921 564 καὶ
2961 511 3220 567 Ἀετίου·
3275 512 3372 567 καὶ
3419 513 3532 569 ὅσα
3601 523 3733 576 κατὰ

1461 575 1573 642 τῆς
1605 575 1930 644 ὀρθοδόξου
1971 575 2367 645 ἐνεωτέρισαν
2405 575 2687 646 πίστεώς.

508 692 570 743 Ut
611 691 798 745 Ariani
823 695 871 741 et
897 684 1224 739 Eunomiani
1256 704 1349 756 per
1378 688 1658 768 dimidium
1681 688 1783 742 sint
1810 688 2036 756 sejuncti
2062 703 2081 741 :
2127 697 2177 742 el
2207 690 2272 742 de
2306 695 2569 768 Erinomia
2596 702 2646 748 et
2681 695 2854 760 Aetia,
2899 704 2950 751 et
2980 713 3100 768 qua:
3165 700 3208 754 ii
3266 709 3449 757 contra
3520 707 3737 760 orthodo-

1423 773 1553 811 xam
1584 758 1740 827 [idem
1767 774 2022 812 novarum
2052 774 2227 814 rerum
2252 762 2427 815 studio
2456 764 2562 817 sint
2593 768 2793 820 conati.

578 874 736 945 125
775 873 887 927 Sub
934 873 1077 927 idem
1113 884 1332 942 tempus
1373 862 1681 927 Ennomius
1723 874 1793 927 ab
1828 874 2076 935 Eudoxio
2110 879 2157 935 Α
2183 876 2300 932 Arii
2336 882 2607 935 sententia
2647 885 3041 951 permansisse.
3080 885 3380 956 Postquam
3418 903 3548 943 vero
3573 890 3734 961 Cyzici

500 972 749 1032 secessit,
783 978 839 1022 et
866 969 1102 1023 seorsim
1141 983 1272 1021 suos
1309 967 1413 1022 sibi
1445 977 1755 1022 conventus
1782 971 1916 1038 egit,
1950 985 2081 1039 pro-

502 1076 687 1130 pterea
739 1063 888 1132 quod
943 1078 1069 1116 cum
1119 1062 1356 1131 saepius,
1427 1072 1487 1115 ut
1537 1070 1844 1131 praeceptor
1904 1061 2082 1131 ipsius

503 1154 696 1209 Aetius
738 1156 792 1207 in
838 1155 1071 1224 gratiam
1113 1164 1172 1209 et
1216 1155 1668 1210 communionem
1714 1157 2080 1226 reciperetur,

500 1245 814 1301 Eudoxiutn
866 1256 1138 1313 regasset,
1187 1246 1240 1302 id
1300 1248 1602 1317 impetrare
1647 1263 1759 1302 non
1814 1249 2081 1318 potuerit.

502 1340 619 1394 Non
668 1341 796 1396 ideo
842 1351 1024 1395 autem
1070 1341 1290 1396 Aetium
1321 1350 1605 1397 aversatus
1651 1351 1739 1397 est
1778 1342 2082 1408 Eudoxius,

502 1434 649 1500 quod
685 1434 934 1489 haeresim
976 1434 1093 1505 ejus
1118 1449 1342 1489 exesam
1384 1433 1638 1498 haberet,
1669 1448 1835 1503 quam
1874 1432 2085 1487 scilicet

504 1526 740 1579 maxime
780 1525 1204 1596 deprredicabat,
1243 1526 1338 1582 sed
1379 1526 1529 1596 quod
1568 1540 1768 1581 omnes
1799 1525 1894 1596 qui
1956 1541 2082 1579 cum

505 1617 755 1671 Eudoxio
784 1621 1209 1675 consentiebant
1256 1620 1326 1674 ab
1379 1620 1540 1674 Aetio
1572 1628 1764 1688 utpote
1810 1618 2085 1674 diversam

503 1708 573 1761 ab
612 1723 678 1762 eo
723 1711 1027 1765 doctrinam
1060 1720 1286 1767 tenente
1328 1712 1713 1765 abhorrerent.
1747 1710 1925 1779 Atque
1970 1710 2088 1764 haec

508 1802 623 1869 ipsa
650 1818 813 1858 causa
849 1804 974 1867 fuit,
1000 1820 1101 1859 cur
1135 1804 1281 1858 inter
1314 1802 1629 1857 Eudoxium
1664 1810 1721 1857 et
1747 1801 2085 1855 Eunomium

510 1894 783 1949 discessio
825 1896 1002 1950 ﬁeret.
1050 1897 1226 1950 Porro
1279 1896 1474 1951 Actius
1521 1895 1826 1950 vehemens
1859 1902 1916 1948 et
1960 1909 2088 1949 acer

507 1988 728 2042 Arianae
763 1989 988 2043 haeresis
1018 1999 1264 2044 assertor
1294 1998 1349 2044 et
1385 1998 1765 2058 propugnator
1796 1986 1935 2048 fuit,
1967 1995 2087 2040 arte

510 2080 812 2148 sophistica
849 2082 987 2136 bene
1026 2084 1358 2136 instructus.
1391 2081 1655 2136 Eatndem
1691 2091 1876 2135 autem
1911 2081 2087 2136 hmre-

510 2175 613 2226 sim
646 2173 819 2243 magis
852 2174 1018 2228 etiam
1059 2173 1369 2244 discipulus
1399 2174 1519 2245 ejus
1557 2174 1871 2229 Ennomius
1899 2172 2091 2227 defen-

2184 966 2477 1037 episcopus
2517 969 2694 1025 factus
2742 981 2926 1037 esset,
2972 989 3003 1028 a
3052 976 3206 1030 clero
3251 992 3377 1030 eum
3428 993 3563 1042 suo,
3612 986 3736 1051 quod

2184 1073 2327 1112 nova
2383 1059 2698 1116 institueret
2754 1064 3052 1135 dogmata,
3099 1077 3419 1121 accusatum
3470 1084 3607 1124 esse.
3651 1073 3743 1126 Eu-

2185 1153 2411 1208 doxium
2465 1171 2674 1225 porro,
2726 1159 2979 1228 qui'lum
3026 1160 3508 1230 Constantinopoli
3551 1162 3742 1218 Arianze

2186 1245 2384 1302 heresi
2422 1249 2665 1318 praefuit,
2701 1250 2857 1306 illum
2889 1253 3274 1316 accersivisse,
3302 1264 3471 1323 atque
3505 1263 3562 1307 ut
3587 1255 3738 1308 verba

2187 1338 2253 1392 ad
2284 1340 2547 1409 populum
2577 1340 2645 1395 de
2669 1341 2922 1397 doctrina
2948 1358 3047 1397 sua
3082 1344 3315 1409 faceret,
3347 1345 3397 1398 ei
3426 1343 3740 1413 permisisse.

2187 1429 2410 1485 Etcum
2460 1431 2597 1485 nihil
2638 1432 2695 1486 in
2729 1448 2797 1487 eo
2841 1432 3201 1497 damnasset,
3248 1448 3379 1487 eum
3416 1444 3478 1487 ut
3513 1432 3741 1504 Cyzicum

2188 1521 2396 1577 rediret
2425 1521 2773 1578 cohortatum
2798 1540 2964 1580 esse:
2997 1525 3156 1579 illum
3188 1540 3326 1580 vero
3354 1524 3659 1590 dixisse,.se
3683 1525 3742 1580 de

2189 1625 2392 1670 caetero
2427 1629 2554 1669 cum
2585 1621 2666 1671 eis
2700 1616 2795 1685 qui
2831 1631 2892 1671 se
2922 1626 3248 1685 suspectum
3287 1617 3589 1682 baberent,
3618 1618 3745 1671 lutu-

2190 1723 2310 1760 rum
2337 1722 2446 1761 non
2473 1721 2615 1771 esse,
2646 1715 3088 1776 praetextumque
3123 1722 3254 1760 eum
3280 1706 3632 1762 discessionis
3653 1722 3745 1760 sua:

2189 1798 2552 1853 obtendisse:
2607 1813 2735 1853 cum
2791 1812 2987 1853 revera
3035 1814 3205 1853 causa
3255 1799 3347 1853 illa
3400 1808 3579 1863 esset,
3622 1800 3743 1867 quod

2190 1901 2584 1962 prmeeptorem
2643 1906 2809 1946 suum
2872 1891 3094 1946 Aetium
3136 1899 3430 1961 receptum
3493 1906 3597 1945 non
3645 1906 3746 1946 esse

2191 1999 2335 2052 aegre
2372 1983 2580 2039 ferret:
2623 1982 3020 2052 hominemque
3064 1982 3122 2037 in
3156 1992 3345 2052 empto
3380 1997 3483 2037 suo
3529 1998 3747 2053 perseve-

2192 2090 2346 2131 rasse
2367 2114 2382 2138 ,
2417 2085 2477 2129 et
2510 2074 2650 2130 nihil
2691 2075 2761 2129 de
2791 2074 2984 2144 priore
3018 2074 3288 2145 opinione
3327 2090 3430 2130 sua
3474 2082 3748 2129 mutantem

2194 2167 2470 2237 privatum
2519 2164 2745 2219 vixisse.
2787 2163 2856 2220 Et
2908 2164 3028 2220 haec
3078 2164 3306 2234 quidem
3364 2165 3460 2219 alii
3511 2165 3578 2219 ad
3627 2166 3750 2219 hunc

510 2264 613 2330 (ιίι,
663 2234 770 2331 vir:
815 2265 961 2333 quod
999 2234 1235 2320 Ruﬁna-5
1278 2267 1387 2331 an,
1428 2234 1493 2320 ve;
1532 2280 1767 2335 corpore
1813 2276 1871 2321 ει
1903 2266 2086 2319 anima
2119 2234 2163 2289 Β
2191 2256 2453 2319 modum,
2500 2255 2591 2309 alii
2642 2269 2770 2309 vero
2812 2253 2979 2308 aliter
3025 2255 3276 2310 tradunt.
3330 2255 3590 2311 Sedenim
3652 2255 3753 2311 sive

510 2357 763 2426 leprosus
787 2396 802 2421 ,
835 2368 1000 2426 atque
1043 2359 1186 2411 intra
1222 2369 1280 2413 et
1312 2368 1468 2413 extra
1512 2360 1707 2413 morbo
1755 2359 1907 2429 regio
1952 2359 2089 2411 infe-

510 2461 635 2505 ctus
683 2451 799 2521 (1),
850 2451 965 2520 ipse
1008 2465 1231 2521 quoque
1272 2464 1391 2505 arte
1434 2449 1719 2506 dialectica
1758 2461 2087 2520 praepotens.

511 2539 769 2596 llazresim
801 2541 919 2611 ejus
970 2541 1194 2611 quidam
1242 2541 1312 2596 ab
1340 2541 1463 2612 ejus
1511 2542 1737 2596 nomine
1786 2542 2088 2611 appellant.

512 2629 617 2683 Alii
646 2629 754 2680 τῶν
794 2630 1089 2699 ἀνομοίων,
1140 2631 1244 2686 hoc
1291 2642 1399 2693 est,
1434 2631 1818 2694 dissimilium,
1869 2642 2088 2686 voeant.

514 2723 660 2787 Sunt
688 2736 940 2777 auctores
979 2720 1241 2789 quidam,
1281 2723 1373 2789 qui
1402 2722 1736 2777 Eunomium
1771 2722 1939 2776 istum
1975 2722 2091 2792 pri-

514 2831 664 2867 mum
707 2830 901 2870 ausum
950 2815 1121 2871 fuisse
1156 2816 1352 2870 dicunt
1386 2816 1711 2879 instituere,
1766 2825 1825 2867 ttt
1870 2814 2090 2868 divinus

515 2907 822 2976 haptismus
882 2910 1159 2964 mersione
1215 2925 1323 2962 una
1383 2917 1791 2978 perageretur:
1858 2918 1915 2961 et
1967 2923 2091 2961 eam

514 3015 636 3067 quae
664 3002 733 3054 ab
760 3002 1025 3068 apostolis
1056 3018 1152 3070 per
1183 3016 1378 3057 manus
1412 3011 1639 3069 accepta
1677 2999 1842 3054 hodie
1872 2991 2095 3069 quoque

519 3092 725 3162 ubique
757 3102 1033 3157 servatur,
1070 3094 1428 3149 traditionem
1461 3094 1800 3160 adulterare,
1836 3106 1891 3150 et
1924 3097 2093 3149 ritum

516 3184 687 3238 alium
716 3185 769 3238 in
808 3186 1042 3241 ecclesia
1070 3185 1365 3258 Cyzicena,
1406 3188 1757 3243 accuratiore
1786 3188 2097 3244 sanctiore-

516 3290 622 3346 que
654 3277 920 3347 gravitate
953 3279 1251 3333 novitatem
1293 3294 1448 3334 suam
1492 3278 1845 3349 obtegentem
1870 3318 1886 3343 ,
1937 3280 2096 3335 inve-

519 3370 688 3425 nisse.
730 3370 853 3425 lt‘uit
896 3384 1112 3437 autem,
1146 3371 1308 3427 sicuti
1358 3373 1567 3428 dictum
1601 3382 1719 3437 est,
1752 3381 1808 3429 et
1840 3372 2100 3429 Sozome—

521 3477 623 3517 nus
679 3471 947 3528 testatur,
1005 3465 1166 3535 cujus
1223 3465 1394 3520 verba
1455 3465 1739 3521 ascribere
1791 3465 1967 3530 libet,
2029 3466 2096 3521 ad

2192 2348 2648 2413 Eunomiusseu
2682 2347 2777 2401 alii
2827 2346 3057 2416 quidam
3113 2347 3479 2404 traditionem
3521 2348 3754 2418 baptismi

2196 2442 2536 2495 innovarunt
2558 2477 2575 2504 ,
2606 2440 2709 2494 soli
2744 2438 2827 2494 illi
2863 2434 3178 2509 periculosa
3216 2439 3321 2495 ista
3363 2442 3574 2495 ratione
3604 2440 3755 2494 divini

2193 2534 2450 2605 baptismi
2481 2546 2739 2603 expertes
2768 2533 2905 2587 mihi
2936 2548 2966 2588 e
3004 2532 3119 2587 vita
3153 2534 3473 2589 excessisse
3502 2533 3752 2588 videntur.

2195 2627 2252 2684 Si
2281 2626 2429 2679 enim
2478 2626 2580 2696 ipsi
2630 2626 2701 2679 ab
2752 2624 2911 2679 initio
2963 2636 3188 2694 recepta
3234 2627 3635 2680 consuetudine
3674 2626 3755 2679 ba-

2195 2717 2409 2787 ptizati,
2433 2719 2671 2785 primum
2693 2717 2911 2786 seipsos
2951 2716 3299 2785 rebaptizare
3323 2733 3436 2772 non
3461 2726 3755 2788 potuerunt,

2196 2821 2292 2865 aut
2317 2810 2463 2880 quod
2489 2810 2544 2863 in
2568 2809 2704 2880 ipsis
2731 2825 2841 2863 non
2862 2808 3087 2873 accidit,
3113 2809 3278 2878 primi
3311 2809 3754 2866 introduxerunt:

2197 2903 2458 2973 quodque
2503 2918 2687 2971 neque
2724 2903 2830 2972 ipsi
2880 2918 2980 2972 per
3026 2916 3086 2956 se
3132 2903 3425 2969 habuere,
3460 2919 3632 2973 neque
3676 2918 3757 2971 per

2198 2996 2336 3050 alios
2364 3010 2652 3064 accepere,
2681 2995 2732 3047 id
2760 2995 2813 3048 in
2843 2994 2985 3049 alios
3018 2995 3393 3050 contulerunt
3421 3014 3435 3049 :
3468 3010 3591 3049 cum
3616 3010 3759 3064 super

2200 3089 2359 3145 initio
2387 3099 2444 3144 et
2478 3088 2836 3143 fundamento
2868 3087 3019 3158 quod
3052 3088 3370 3143 subsistere
3409 3098 3645 3158 nequeat
3666 3088 3754 3157 (5).

2200 3193 2411 3249 suaque
2458 3176 2704 3247 ipsorum
2757 3175 3077 3246 arrogantia
3102 3215 3116 3238 ,
3149 3176 3354 3246 dogma
3392 3177 3497 3232 hoc
3541 3176 3761 3231 institue-

2200 3280 2369 3324 runt:
2405 3278 2521 3324 tum
2558 3284 2682 3339 quae
2715 3269 2818 3339 ipsi
2853 3283 2964 3322 non
2996 3278 3363 3338 acceperunt,
3397 3269 3519 3325 aliis
3551 3270 3761 3325 tradide-

2201 3370 2354 3426 runt,
2405 3358 2553 3429 quod
2602 3373 2734 3412 sane
2783 3357 3015 3412 stultum
3067 3372 3132 3411 ac
3177 3357 3447 3413 stolidum
3489 3367 3592 3414 est.
3641 3358 3758 3412 Illud

2201 3453 2349 3509 enim
2385 3465 2485 3506 sua
2533 3449 2700 3505 etiam
2736 3449 2985 3519 ipsorum
3031 3446 3391 3506 confessione
3426 3456 3650 3516 constat,
3680 3448 3760 3519 qui

517 3557 801 3612 orationes
840 3555 1163 3613 scribendas
1190 3573 1299 3611 non
1334 3559 1577 3627 ineptus,
1606 3559 1960 3613 contentiosa
1984 3558 2096 3613 dis-

2204 3546 2321 3615 ipse
2366 3543 2626 3614 baptismi
2670 3542 2845 3597 sacris
2870 3539 3123 3596 initiatus
3167 3556 3283 3596 non
3332 3542 3433 3609 sit,
3479 3558 3600 3596 eum
3644 3541 3760 3595 alios

518 3646 747 3715 putandi
798 3662 999 3718 genere
1056 3658 1114 3702 et
1172 3648 1505 3719 syllogismis
1559 3649 1847 3719 gaudens:
1903 3651 2099 3718 quales

519 3748 822 3793 sectatores
871 3740 992 3808 ejus
1040 3738 1224 3794 adhuc
1276 3741 1481 3794 multos
1533 3740 1723 3795 videre
1770 3748 1874 3795 est.
1915 3759 1934 3792 ι
1973 3740 2097 3795 Non

521 3839 629 3883 tam
665 3830 812 3884 enim
861 3830 940 3884 illi
985 3831 1149 3886 vitam
1187 3831 1511 3896 honestam,
1545 3846 1729 3886 mores
1776 3841 2002 3886 sanctos
2041 3841 2101 3887 et

522 3922 812 4001 benignam
863 3938 991 3992 erga
1029 3938 1233 3993 egenos
1280 3923 1756 3987 misericordiam,
1808 3924 1850 3977 si
1905 3924 2098 3978 eadem

521 4032 645 4070 cum
683 4016 818 4085 ipsis
853 4017 1117 4082 sentiant,
1159 4032 1325 4087 quam
1362 4016 1408 4070 si
1439 4016 1566 4086 quis
1598 4016 1948 4072 contentiose
1976 4017 2096 4073 dis-

522 4125 735 4173 serere,
765 4121 821 4165 et
853 4110 1186 4181 syllogismis
1213 4120 1381 4180 atque
1413 4110 1943 4166 ratiocinationibus
1974 4111 2102 4165 vin-

526 4216 654 4254 cere
682 4202 959 4265 videatur,
996 4203 1247 4261 laudant.
1284 4204 1448 4258 Tales
1478 4219 1715 4275 namque
1748 4205 1951 4274 pietate
1990 4220 2106 4259 ma-

521 4294 642 4362 jore
672 4306 837 4361 supra
874 4307 1069 4347 omnes
1101 4307 1223 4349 esse
1262 4295 1653 4350 existimantur
1680 4314 1693 4352 :
1727 4296 1892 4352 sicuti
1921 4297 2102 4351 Theo-

528 4384 800 4453 phronius
850 4384 1144 4455 Cappadox
1198 4396 1256 4441 et
1312 4387 1655 4456 Eutychius,
1716 4399 1882 4444 sectae
1940 4388 2109 4458 hujus

530 4477 786 4542 stuaiosi,
823 4479 916 4549 qui
944 4477 1250 4534 obtinentis
1277 4480 1445 4550 hujus
1470 4479 1689 4549 imperii
1726 4490 1975 4550 tempore
1998 4477 2103 4550 (Ξ).

528 4571 741 4639 s--ipsos
795 4569 865 4625 ab
924 4570 1166 4626 Ecclesia
1228 4572 1632 4633 rescindentes,
1688 4586 1819 4626 cum
1876 4572 1930 4625 in
1984 4572 2110 4627 aliis

528 4666 693 4717 rebus
725 4676 793 4717 ex
838 4663 1095 4719 Eunomii
1129 4665 1520 4735 opinionibus,
1561 4673 1676 4719 tum
1716 4665 1773 4719 in
1820 4680 1977 4720 sacro
2011 4666 2109 4721 ba-

526 4755 727 4825 ptismo
761 4770 849 4811 res
880 4770 1054 4811 novas
1094 4757 1473 4822 induxerunt,
1512 4772 1623 4811 non
1662 4756 1717 4812 in
1751 4755 2106 4823 Trinitatem,

528 4847 627 4903 sed
658 4848 713 4901 in
736 4846 940 4904 Christi
973 4861 1205 4905 mortem
1241 4850 1632 4920 baptizandttm
1662 4866 1786 4905 esse
1817 4850 2108 4926 docentes.

2206 3637 2487 3706 baptizare
2532 3650 2641 3689 non
2689 3649 2893 3705 posse:
2932 3633 3029 3702 qui
3080 3647 3212 3687 vero
3246 3634 3565 3689 traditionis
3593 3648 3759 3689 eorum

2207 3745 2361 3785 more
2408 3727 2720 3797 baptizatus
2768 3741 2879 3781 non
2911 3725 3017 3789 sit,
3050 3739 3178 3780 eum
3220 3741 3322 3795 pro
3369 3742 3482 3781 non
3517 3726 3760 3796 baptizata

2208 3823 2279 3877 ab
2319 3822 2403 3876 eis
2432 3819 2647 3882 haberi,
2680 3828 2742 3873 ut
2783 3818 2879 3889 qui
2913 3833 3022 3872 non
3058 3816 3305 3887 legitime
3338 3826 3675 3874 sacramento
3704 3830 3759 3869 eo

2212 3915 2465 3970 initiatus
2496 3913 2590 3967 sit.
2623 3911 2924 3967 Testantur
2948 3910 3055 3966 hoc
3081 3912 3325 3980 ipsimet,
3351 3912 3484 3967 dum
3516 3927 3763 3982 quoscun-

2210 4024 2319 4078 que
2354 4007 2410 4061 in
2441 4004 2775 4062 sententiam
2808 4017 2966 4058 suam
2999 4015 3347 4074 pertraxere,
3381 4005 3597 4060 etiamsi
3625 4012 3762 4059 antea

2213 4101 2373 4157 statis
2418 4098 2709 4155 catholicae
2755 4096 3016 4152 Ecclesiae
3059 4098 3416 4154 caeremoniis
3467 4099 3616 4154 tincti
3648 4096 3762 4157 sint,

2212 4194 2580 4264 rebaptizant.
2624 4190 2757 4257 Quae
2802 4189 3022 4244 nevitas
3073 4203 3183 4242 non
3228 4204 3426 4257 parum
3470 4189 3761 4259 religionem

2214 4287 2491 4350 turbavit,
2533 4295 2590 4341 et
2634 4282 3127 4339 Christianismum
3159 4283 3447 4352 suscipere
3481 4281 3764 4338 volentibus

2213 4394 2441 4455 propter
2470 4380 2785 4449 dogmatum
2815 4376 3221 4432 dissensionem
3248 4374 3414 4432 valde
3448 4375 3669 4430 obstitit.
3703 4372 3765 4424 lle

2216 4475 2487 4534 Eunomio
2520 4487 2686 4543 porro
2724 4480 2781 4526 et
2826 4471 2986 4526 Aetio
3031 4469 3165 4525 illud
3197 4467 3404 4524 addere
3429 4470 3583 4534 libet,
3610 4466 3765 4521 Euno-

2215 4571 2413 4626 mianae
2458 4565 2684 4620 hazresis
2714 4571 2998 4618 auctorem
3051 4562 3294 4633 primum
3338 4562 3556 4617 Aetium
3586 4559 3760 4629 Syrum

2215 4661 2428 4716 fuisse:
2460 4668 2517 4714 et
2552 4656 2712 4727 125
2743 4655 2835 4726 qui
2875 4654 3033 4724 juxta
3077 4654 3194 4709 Arii
3224 4655 3552 4711 sententiam
3584 4650 3760 4707 Filium

2217 4755 2371 4811 Patri
2423 4751 2784 4823 inaqualem,
2833 4757 3199 4818 creatumque
3245 4764 3406 4811 esse,
3464 4756 3519 4803 et
3561 4762 3622 4801 ex
3669 4757 3761 4797 non

2216 4845 2614 4903 exsistentihus
2640 4841 2929 4899 exstitisse
2950 4840 3218 4896 decrevit.
3251 4840 3318 4898 Et
3346 4841 3440 4911 qui
3477 4839 3762 4910 opinionem

529 4939 860 4995 Eunomium
911 4957 1043 4997 sane
1107 4943 1275 5012 aliqui
1336 4941 1537 4997 dicunt
1591 4942 1726 4997 nihil
1787 4943 1889 4997 hac
1941 4944 1999 4997 in
2051 4924 2112 4996 re
2144 4924 2338 4997 l)eam
2373 4937 2786 5008 approbarunt,
2836 4934 3052 4989 Aetiani
3100 4934 3254 5002 prius
3301 4946 3432 4988 sunt
3467 4933 3611 4987 dicti.
3645 4930 3760 4981 Cum

531 5050 790 5102 novasse,
832 5036 929 5092 sed
963 5037 1432 5108 quemadmodum
1468 5038 1537 5093 ab
1574 5036 1734 5091 initio
1768 5046 2033 5106 cmperat,
2062 5035 2116 5089 in

601 5177 680 5246 (l)
714 5174 936 5230 Sozom.
975 5176 1078 5246 libr.
1110 5191 1188 5241 vt,
1219 5174 1456 5245 “p.26.

599 5241 678 5319 (2)
708 5246 1009 5319 Theodosii
1035 5241 1303 5319 .lunioris
1342 5246 1634 5319 imperium
1668 5241 2114 5319 intelligendum,

527 5314 808 5387 ad'qucm
863 5317 1164 5372 Historiam
1215 5331 1368 5370 suam
1411 5314 1844 5371 ecclesiasticam
1897 5314 2118 5387 scripsit

530 5384 891 5450 Sozomenus,
939 5388 1098 5458 cujus
1143 5403 1207 5442 ea
1254 5396 1385 5441 sunt
1418 5390 1585 5458 verba
1626 5387 1727 5458 lib.
1761 5401 1836 5458 vn_,
1869 5400 1992 5453 cap.
2024 5384 2115 5458 26.

528 5460 787 5515 Socrates
840 5455 1132 5528 propterea
1167 5458 1500 5513 Eunomium
1549 5456 1748 5528 Cyzico
1794 5455 2109 5510 Constanti-

530 5530 773 5599 nnpolint
825 5530 891 5584 ad
936 5529 1245 5584 Eudoxium
1282 5544 1566 5583 reversum
1604 5542 1729 5599 esse
1769 5537 1823 5580 et
1869 5541 1994 5578 cum
2041 5538 2109 5599 eo

534 5594 798 5671 mansisse
828 5601 986 5665 dicit,
1015 5601 1161 5670 quod
1185 5600 1441 5671 Cyziceni
1476 5616 1583 5653 non
1626 5597 1865 5671 lerentes
1895 5594 2110 5671 ampuL

533 5669 706 5739 losam
746 5671 864 5737 ejus
892 5667 1259 5739 loquentiam}
1306 5672 1584 5724 hominem
1619 5669 1754 5722 urbe
1799 5667 2106 5739 exegerint.

550 5738 604 5791 ln
641 5736 1144 5806 prttllxllitle—Cllllll
1195 5740 1463 5796 orationis
1501 5742 1619 5809 ejus
1657 5749 1710 5793 et
1762 5736 2107 5805 mu.til'“l“i0

2224 5039 2450 5093 autem,
2503 5024 2971 5097 quemadmodum
3027 5034 3190 5081 antea
3238 5024 3515 5090 diximus,
3566 5020 3759 5094 quidam

2223 5170 2431 5240 ingens
2465 5165 2567 5240 fuit
2612 5164 3011 5240 sententiarum
3046 5161 3298 5240 perrpria.
3334 5161 3546 5240 Etcum
3590 5159 3759 5227 longos

2222 5230 2639 5306 conscripsisset
2692 5236 2742 5287 iu
2802 5234 3090 5301 epistolam
3142 5232 3410 5306 Pa_u:i__ad
3460 5230 3761 5306 κοπιώσαι-

2224 5301 2547 5372 mentarios,
2601 5316 2783 5361 timen
2838 5307 2882 5359 is
2929 5318 3157 5371 scopum
3202 5301 3352 5356 Pauli
3394 5305 3683 5372 pertingere
3715 5307 3764 5349 et

2226 5378 2445 5447 assequi
2481 5369 2585 5430 non
2615 5376 2860 5445 potuisse
2891 5369 3116 5427 dicitur.
3140 5372 3266 5447 _Lih.
3300 5388 3371 5435 tv,
3394 5369 3462 5447 'c_._
3501 5369 3554 5424 9.
3684 5445 3690 5447 _
3725 5435 3737 5446 ο

2301 5442 2384 5518 (ὂὶ
2430 5442 2637 5520 Eodem
2693 5452 3041 5520 argumento
3074 5443 3152 5496 uti
3186 5442 3551 5520 _temporibus
3587 5442 3765 5519 nostris

2218 5510 2527 5591 possemus,
2562 5519 2616 5571 in
2649 5510 2957 5569 refutandis
2991 5515 3074 5567 eis
3104 5514 3199 5582 qui
3236 5510 3428 5566 manus
3458 5510 3575 5591 aliis
3602 5510 3761 5591 impo-

2219 5580 2352 5645 nere
2388 5588 2614 5654 audent,
2657 5600 2783 5641 cum
2831 5600 2949 5638 eam
3003 5580 3329 5653 potestatem
3376 5596 3485 5637 non
3533 5580 3762 5637 habeant,

2218 5670 2274 5717 et
2314 5659 2621 5715 consecrati
2655 5670 2881 5727 prorsus
2921 5670 3029 5709 non
3062 5654 3194 5709 sint.
