3986 6190
294 277 410 341 639

1265 251 1863 335 ECCLESIASTIiUE
1906 277 2292 338 utsronua
2333 278 2477 338 LIB.
2522 275 2625 337 xv.

3442 251 3551 341 δια)

301 391 503 444 Filium
542 388 691 444 Patri
722 389 1039 460 ὁμοούσιον,
1073 389 1624 455 consubstantialem,
1652 390 1873 461 quidam
1907 417 1950 476 Λ
1977 392 2297 463 Cyzicenam
2357 393 2646 448 ecclesiam
2707 404 2807 459 pro
2866 387 3086 443 Eleusio
3129 388 3541 457 gubernandam

297 481 668 550 ὁμοωούσιον,
708 480 1344 550 aequisnbstanstialem,
1387 480 1683 534 dicendum
1748 496 1873 537 esse

297 584 661 627 assererem:
699 581 756 626 et
791 572 1108 642 imperatori
1149 584 1262 625 tum
1310 571 1569 640 placitum
1604 583 1775 636 esset,
1814 584 1875 627 ut

298 665 372 718 de
426 664 790 719 Arintinensis
847 662 1068 718 concilii
1126 663 1438 727 sententia,
1498 663 1669 718 Filius
1723 664 1872 719 Patri

296 759 513 823 ὅμοιος,
540 755 786 824 aequalis,
809 754 1131 810 crederetur
1159 772 1172 809 :
1197 755 1387 808 Aetius
1416 755 1660 824 quidem,
1693 766 1749 809 ut
1778 757 1872 825 qui

299 846 663 914 blasphemus
691 847 747 900 in
794 846 965 900 Deum
1000 855 1168 909 esset,
1201 845 1401 900 exsilio
1443 856 1526 900 est
1558 856 1870 900 mactatus:

303 934 534 988 baeres’s
558 929 742 987 autem
772 935 894 1004 ejus
924 935 1329 1004 quodammodo
1352 935 1417 988 ad
1448 943 1668 1004 tempus
1694 938 1883 1005 soluta

297 1025 516 1094 jacuit,
554 1025 701 1094 quod
736 1041 918 1095 neque
950 1026 1092 1080 alius
1138 1027 1445 1096 quispiam,
1495 1027 1586 1095 qui
1638 1026 1874 1098 alicujus

300 1127 452 1171 esset
484 1117 746 1182 nominis,
782 1132 959 1188 neque
989 1118 1107 1187 ipse
1142 1118 1441 1173 Ennomius
1471 1118 1547 1188 (1)
1591 1119 1872 1188 propalam

300 1218 363 1261 et
394 1207 567 1262 libere
599 1208 666 1262 de
703 1222 764 1262 ea
794 1208 1070 1265 disserere
1098 1208 1347 1263 auderet.
1381 1199 1651 1264 Caeterum
1696 1210 1785 1263 ubi
1828 1211 1875 1264 is

1980 484 2213 547 accepit.
2259 484 2657 553 conquiescere
2704 481 2931 536 omnino
2977 495 3082 533 non
3134 482 3346 548 potuit,
3392 488 3447 533 et
3491 479 3546 533 in

1985 576 2347 631 concionibus
2367 574 2434 629 ad
2461 574 2725 644 populum
2751 573 2889 627 Aetii
2921 571 3237 641 opinionem
3276 585 3464 624 rursus
3492 571 3548 623 in

1980 664 2218 716 medium
2269 664 2544 733 produxit.
2588 661 2767 731 Atque
2810 670 2861 714 ut
2900 659 3017 713 ﬁeri
3061 660 3228 720 solet,
3278 674 3400 711 cum
3449 658 3548 710 ho-

1982 754 2157 809 mines
2190 755 2422 820 primum
2457 755 2678 808 haeresis
2713 752 2871 807 istius
2901 761 3176 805 auctorem
3207 750 3543 819 ignorarent,

1980 843 2355 898 Eunomianos
2387 853 2693 898 sectatores
2727 843 2848 912 ejus
2879 842 3338 910 cognominarunt
3376 879 3389 897 ,
3423 856 3549 906 pro-

1979 944 2167 1006 pterea
2194 937 2338 1004 quod
2370 946 2491 1003 post
2519 937 2735 989 Aetium
2770 937 2959 1002 dogma
2995 934 3097 986 hoc
3134 931 3431 983 Eunomius
3463 944 3548 983 re-

1980 1027 2234 1089 novavit,
2272 1038 2327 1081 et
2366 1028 2572 1095 majore
2603 1026 2855 1091 audacia,
2889 1039 3050 1094 quam
3082 1023 3175 1092 qtti
3214 1021 3264 1075 id
3308 1020 3547 1089 primum

1984 1117 2309 1184 tradiderat,
2345 1116 2613 1183 defendit.

1750 1360 1978 1418 CAPUT
2016 1362 2134 1418 ΧΠ.

303 1481 450 1548 Περὶ
517 1479 627 1549 τῆς
657 1477 943 1548 αἱρέσεως
979 1477 1099 1533 τῶν
1165 1478 1649 1551 Ἀπολλιναριων,
1709 1482 1816 1534 τοῦ
1851 1498 1913 1535 τε
1951 1483 2178 1550 πατρὸς
2210 1482 2305 1536 καὶ
2337 1482 2441 1536 τοῦ
2468 1480 2602 1536 υἱοῦ
2624 1498 2637 1512 ·
2666 1480 2763 1534 καὶ
2821 1480 2982 1548 ὅπως
3013 1485 3100 1548 εις
3142 1481 3254 1550 τὴν
3317 1483 3545 1540 οἰκείαν

1621 1552 1958 1605 ἀπέκλιναν
1984 1554 2244 1620 αἵρεσιν.

734 1667 810 1722 De
838 1670 1021 1723 Iucresi
1060 1668 1447 1738 Apollinarium
1472 1670 1646 1738 patris
1684 1679 1731 1722 et
1754 1668 1876 1737 lilii,
1909 1677 1958 1722 et
1975 1671 2231 1741 quomodo
2253 1671 2307 1723 in
2348 1688 2502 1725 suam
2530 1670 2848 1723 declinarint
2881 1672 3144 1726 liwrcsim.

386 1783 732 1854 Apollinares
761 1781 904 1838 duos
932 1784 1122 1848 fuisse,
1157 1794 1369 1854 patrem
1400 1791 1457 1838 et
1489 1783 1683 1848 ﬁlium,
1719 1792 1877 1838 antea
1910 1796 1952 1851 Β
1981 1799 2275 1840 numerosa
2304 1784 2469 1840 etiam
2509 1784 2755 1839 carmina
2800 1785 3048 1855 quadam
3083 1786 3150 1841 ab
3186 1786 3304 1856 ipso
3338 1787 3548 1856 Apolli-

299 1877 571 1931 diximus.
619 1877 687 1931 Et
728 1887 887 1947 pater
916 1877 1137 1946 quidem
1168 1877 1474 1949 presbyter,
1512 1876 1653 1931 ﬁlius
1689 1888 1872 1932 autem

303 1969 482 2021 lector
520 1966 625 2021 fuit
663 1983 680 2020 :
719 1976 949 2037 uterque
977 1966 1185 2023 Grecis
1223 1967 1534 2038 disciplinis
1564 1968 1720 2023 valde
1750 1983 1878 2022 eru-

300 2060 476 2114 ditus.
537 2060 699 2115 Pater
739 2059 1148 2130 grammaticus,
1196 2059 1340 2115 ﬁlius
1386 2060 1574 2115 rhetor
1622 2060 1874 2131 insignis.

302 2151 471 2205 Pater
501 2149 851 2204 Alexandriae
879 2157 1058 2215 ortus,
1091 2150 1412 2219 aliquandiu
1446 2150 1627 2221 Beryti
1665 2150 1876 2205 litteras

303 2243 523 2295 docuit.
602 2240 884 2295 Laodiceae
956 2256 1090 2295 vero
1152 2240 1503 2295 matrimonio
1557 2249 1873 2306 contracto,

307 2332 485 2385 tilium
548 2331 924 2400 Apollinarem
986 2332 1299 2402 progenuit.
1353 2331 1549 2386 lntima
1608 2333 1690 2386 eis
1748 2348 1873 2387 cttm

309 2420 622 2491 Epiphanio
653 2420 917 2490 praeclaro
964 2422 1211 2490 sophista
1246 2420 1488 2476 amicitia
1522 2421 1647 2477 fuit.
1685 2424 1728 2476 A
1764 2438 1873 2492 quo

307 2528 372 2571 ut
410 2514 852 2584 sejungerentnr,
886 2526 954 2567 ne
988 2512 1304 2567 Theodotus
1337 2514 1557 2583 quidem
1585 2515 1878 2584 episcopus

310 2604 669 2659 Laodicensis
700 2603 1029 2657 auctoritate
1071 2613 1127 2667 et
1160 2604 1456 2657 interdicto
1490 2620 1592 2659 suo
1623 2605 1876 2660 obtinere

313 2696 516 2766 potuit.
566 2694 877 2749 Permultos
920 2693 975 2748 bi
1033 2704 1089 2748 et
1138 2695 1303 2749 utiles
1340 2695 1602 2750 Ecclesiae.
1650 2695 1877 2751 edidere

313 2787 508 2850 libros,
533 2787 693 2841 sicuti
718 2794 879 2839 antea
910 2802 938 2840 a
962 2786 1124 2840 nobis
1145 2794 1231 2840 est
1256 2786 1485 2841 dictum.
1517 2787 1723 2841 Deinde
1749 2803 1878 2842 vero

313 2878 371 2931 in
408 2878 660 2933 haeresim
702 2877 941 2931 nominis
978 2877 1059 2930 sui
1089 2876 1232 2932 fcede
1273 2886 1401 2931 sunt
1446 2878 1705 2947 prolapsi.
1741 2878 1878 2933 Nam

311 2970 646 3040 Apollinaris
674 2968 836 3032 ﬁlius,
864 2967 1048 3022 multis
1073 2968 1141 3021 ab
1170 2968 1414 3021 Ecclesia
1445 2969 1717 3033 abductis,
1749 2984 1878 3023 suos

311 3061 420 3115 sibi
453 3068 765 3114 conventus
793 3060 925 3128 egit,
966 3059 1287 3127 sociumque
1329 3059 1699 3113 constituendi
1731 3060 1876 3130 dog-

1976 1876 2095 1931 nari
2139 1877 2362 1932 inventa
2392 1876 2772 1932 decantantes.
2798 1877 2933 1932 Nam
2972 1879 3018 1931 is
3048 1888 3248 1947 pratter
3276 1881 3546 1936 eruditio-

1979 1982 2104 2022 nem
2168 1967 2438 2038 reliquam
2490 1967 2545 2020 in
2601 1966 2814 2036 poetica
2868 1982 3089 2036 quoque
3149 1969 3283 2022 varii
3331 1972 3549 2039 generis

1976 2057 2229 2112 versibus
2266 2056 2668 2127 componendis
2701 2057 2982 2111 excelluit.
3016 2058 3132 2121 Qua
3181 2059 3272 2113 ille
3307 2062 3549 2116 oblecta-

1980 2150 2127 2204 tione
2151 2149 2358 2214 multis,
2387 2159 2446 2203 ut
2478 2148 2582 2203 sibi
2616 2149 2987 2215 adhaererent,
3022 2152 3319 2219 persuasit.
3352 2153 3416 2206 Et
3441 2153 3544 2207 viri

1977 2239 2032 2294 in
2063 2238 2568 2309 compotationibus
2608 2255 2979 2309 manuumque
3033 2240 3194 2310 126
3231 2241 3543 2304 laboribus,

1978 2331 2241 2385 mulieres
2293 2345 2514 2400 quoque
2566 2331 2622 2384 in
2685 2329 2927 2383 laniﬁcio
2984 2346 3085 2384 suo
3133 2333 3375 2386 carmina
3429 2333 3549 2404 ejus

1978 2423 2304 2492 psallebant.
2330 2423 2412 2477 Ad
2439 2422 2613 2477 studii
2636 2421 2782 2476 enim
2806 2432 2857 2475 et
2877 2421 3126 2476 laborum
3150 2423 3546 2488 laxamentum,

1978 2516 2044 2570 ad
2077 2515 2196 2569 dies
2234 2515 2423 2578 festos,
2459 2522 2514 2568 et
2535 2513 2603 2568 ad
2639 2528 2726 2569 res
2767 2513 2924 2576 alias,
2964 2524 3125 2583 prout
3152 2524 3368 2585 tempus
3409 2515 3541 2581 fert,

1979 2618 2230 2678 poemata
2272 2608 2598 2671 elaboravit,
2640 2622 2761 2676 quae
2796 2607 2863 2660 ad
2894 2607 3109 2661 laudem
3150 2607 3239 2662 Dei
3274 2609 3548 2677 pertinent

1979 2700 2183 2754 omnia.
2225 2701 2372 2755 llauc
2404 2701 2654 2754 haeresim
2690 2700 2855 2754 latius
2884 2714 3125 2768 serpere,
3169 2715 3294 2753 cum
3336 2704 3548 2770 primus

1980 2793 2137 2848 urbis
2166 2792 2352 2847 Romae
2378 2792 2675 2861 episcopus
2702 2790 2967 2845 Damasus
2995 2800 3049 2845 et
3080 2791 3274 2845 Petrus
3319 2792 3544 2845 Alexan-

1979 2884 2176 2939 drinus
2215 2885 2622 2953 cognovissent,
2655 2893 2846 2937 coacto
2892 2883 3074 2936 Rome
3108 2882 3372 2947 concilio,
3411 2882 3546 2936 alie-

1979 2988 2106 3027 nam
2134 2988 2255 3028 esse
2295 2973 2364 3027 ab
2401 2973 2649 3027 Ecclesia
2687 2972 2983 3027 universali
3018 2983 3350 3027 statuerunt.
3385 2974 3547 3042 Apol-

1979 3064 2176 3119 linaris
2208 3065 2372 3119 etiam
2422 3065 2539 3133 ipse
2578 3064 2767 3118 itidem
2799 3074 3022 3133 propter
3053 3066 3221 3119 animi
3260 3067 3550 3121 imbecilli-

310 3152 478 3206 matis
512 3152 599 3204 sui
634 3150 862 3206 Vitalem
894 3148 1105 3218 accepit
1130 3149 1556 3215 Antiochenum,
1590 3164 1654 3203 ex
1685 3129 1877 3204 eorum

1985 3167 2175 3220 tatem,
2208 3156 2459 3226 dogmate
2486 3170 2588 3210 suo
2615 3156 2978 3221 instituendo,
3008 3172 3096 3211 res
3126 3173 3295 3212 novas
3324 3159 3549 3214 molitus

311 3259 548 3296 numero
578 3242 674 3312 qui
715 3241 918 3296 Meletii
948 3240 1246 3295 Ecclesiam
1284 3241 1723 3311 frequentabant,
1753 3257 1878 3311 pre-

308 3338 627 3407 sbyterum,
662 3335 842 3389 virum
891 3335 1099 3387 nemini
1144 3334 1347 3388 illustri
1390 3334 1515 3388 vita:
1560 3342 1617 3389 et
1662 3348 1877 3388 morum

306 3429 606 3484 sanctitate
650 3425 932 3480 cedentem
969 3425 1072 3494 (ἓ),
1113 3434 1170 3479 et
1212 3439 1402 3479 eorum
1444 3425 1539 3494 qui
1587 3425 1711 3479 fidei
1760 3427 1881 3496 ejus

302 3518 592 3574 commissi
622 3518 841 3571 fuerant
865 3515 1238 3571 curandorum
1261 3530 1521 3585 perquam
1545 3517 1877 3585 studiosum,

298 3623 489 3677 eaque
527 3609 597 3661 de
625 3621 789 3660 causa
817 3620 847 3659 a
893 3605 1092 3675 populo
1116 3605 1328 3677 egregie
1368 3606 1575 3660 cultum
1612 3615 1666 3661 et
1708 3620 1878 3661 vene-

302 3709 516 3753 ratum.
577 3698 747 3753 Paulo
800 3706 926 3765 post
980 3696 1171 3760 enim,
1224 3710 1349 3750 cum
1406 3711 1437 3750 a
1497 3698 1881 3754 communione

307 3795 520 3869 Meletii
548 3794 915 3859 discessisset,
942 3793 1246 3862 Apollinari
1281 3806 1341 3847 se
1372 3794 1677 3863 conjunxit,
1706 3805 1882 3850 secta-

313 3886 651 3954 toribusque
679 3886 799 3955 ejus
820 3884 1123 3939 Antiochiae
1155 3883 1391 3953 prtefuit,
1415 3884 1539 3938 vitae
1573 3886 1879 3941 reverentia

312 3993 433 4032 non
460 3976 713 4045 exiguam
746 3976 926 4045 plebis
952 3984 1161 4045 partem
1188 3975 1461 4029 addictam
1493 3976 1597 4031 sibi
1624 3976 1834 4031 habens
1860 3993 1876 4031 :

306 4070 411 4138 qui
452 4069 620 4121 etiam
654 4067 877 4122 nomine
917 4066 987 4120 ab
1024 4080 1092 4120 eo
1121 4075 1372 4135 accepto,
1417 4066 1675 4121 Vitaliani
1706 4082 1878 4136 usque

305 4161 383 4213 ad
432 4158 730 4214 Theodosii
779 4158 1019 4228 junioris
1067 4157 1359 4227 imperium
1407 4158 1476 4211 ab
1524 4156 1880 4213 Antiochenis

305 4260 445 4306 sunt
475 4251 674 4307 vocati.
712 4248 924 4305 Dicitur
954 4257 1135 4302 autem
1176 4247 1280 4302 hoc
1311 4247 1508 4303 fecisse
1541 4249 1737 4304 dolore
1776 4251 1880 4304 im-

309 4342 507 4411 pulsus
539 4357 553 4392 :
588 4339 818 4408 perinde
854 4347 1020 4407 atque
1060 4352 1091 4391 a
1138 4337 1416 4403 Flaviano,
1449 4339 1541 4406 qui
1574 4349 1760 4408 postea
1796 4354 1880 4395 se-

308 4433 438 4483 dem
473 4429 869 4483 Antiochenam
919 4426 1154 4494 accepit,
1199 4435 1314 4479 tum
1366 4430 1545 4481 auteni
1592 4428 1877 4497 presbyter
1906 4467 1956 4527 Β

309 4535 440 4573 cum
468 4520 566 4573 illo
591 4529 731 4583 erat,
777 4517 1103 4586 despectus,
1133 4525 1190 4570 et
1218 4519 1515 4586 quominus
1547 4518 1877 4574 familialiter

309 4628 443 4669 cum
471 4611 734 4679 episcopo
756 4623 879 4662 esse
900 4616 1120 4677 posset,
1157 4608 1453 4678 impeditus
1479 4609 1691 4666 fuisset.
1723 4611 1878 4677 Quod

311 4718 554 4774 namque
586 4717 649 4755 ea
693 4716 753 4755 re
796 4700 1124 4753 diminutam
1149 4715 1276 4755 esse
1311 4699 1507 4754 famam
1538 4716 1694 4755 suam
1724 4712 1880 4771 puta-

311 4804 419 4859 ret,
473 4792 757 4847 hominum
791 4804 965 4854 more,
997 4789 1186 4843 dolore
1215 4804 1282 4843 eo
1322 4790 1521 4852 victus,
1557 4793 1623 4845 ad
1670 4794 1879 4863 Apolli-

312 4901 503 4942 narem
541 4899 601 4938 se
633 4882 893 4942 contulit,
923 4890 978 4935 et
1007 4897 1132 4937 cum
1167 4897 1234 4937 eo
1268 4884 1711 4949 communicavit,
1748 4886 1883 4941 ami-

311 4979 441 5032 citia
472 4977 593 5046 ejus
635 4976 690 5029 in
727 4974 921 5043 primis
956 4988 1112 5027 usus.
1154 4973 1230 5028 Ex
1264 4990 1331 5028 eo
1366 4984 1611 5044 tempore
1657 4976 1711 5030 in
1756 4978 1881 5032 aliis

311 5082 538 5137 quoque
611 5064 844 5118 urbibus
912 5064 1016 5119 sub
1071 5065 1349 5133 episcopis
1403 5066 1520 5120 suis
1574 5080 1881 5123 conventus

314 5160 601 5223 habuere,
644 5165 702 5211 et
746 5158 888 5210 ritus
932 5156 1004 5209 ab
1052 5156 1296 5211 Ecclesia
1346 5157 1617 5212 catholica
1669 5159 1880 5213 alienos

311 5251 674 5304 celebravere
720 5265 737 5304 :
784 5256 988 5317 praeter
1034 5258 1285 5317 receptas
1328 5262 1511 5302 sacras
1553 5249 1876 5317 cantilenas,

384 5387 463 5457 (1)
501 5383 580 5438 Ad
614 5379 994 5457 declarandam
1043 5381 1280 5457 ineptam
1313 5391 1385 5457 _et
1440 5380 1743 5457 improbam
1770 5382 1880 5457 Eu-

313 5449 486 5512 noioi't
513 5456 848 5522 impietatem
866 5458 932 5522 et
955 5451 1414 5522 vaniloquentiam
1438 5449 1689 5522 Socrates
1713 5453 1875 5507 verba

310 5526 560 5599 ejusjsta
589 5519 835 5591 profert:
865 5520 1006 5573 Dens
1033 5524 1227 5599 desua
1251 5519 1365 5586 ipse
1397 5521 1707 5599 substantia
1738 5522 1876 5599 nihil

311 5590 774 5665 ainplius,7’quatn
827 5604 945 5650 nos,
992 5590 1141 5641 novit
1176 5603 1398 5665 :_tteque
1446 5604 1512 5665 ea
1563 5592 1740 5665 magis
1773 5592 1875 5655 illi,

312 5659 479 5728 quam
510 5659 691 5726 nobis,
730 5674 812 5715 est
865 5668 1166 5728 perspecta.
1202 5660 1308 5712 Sed
1342 5659 1487 5727 quod
1543 5660 1611 5713 de
1661 5659 1725 5714 ea
1779 5676 1874 5714 nos

1980 3265 2101 3306 esse
2154 3250 2399 3315 dicitur,
2466 3248 2781 3320 hujusmodi
2841 3248 2909 3303 de
2969 3266 3153 3304 causa.
3215 3252 3549 3307 Athanasius

1978 3342 2363 3397 Alexandrinae
2409 3341 2670 3396 Ecclesiae
2716 3341 3033 3410 episcOpus,
3077 3342 3179 3394 sub
3222 3342 3547 3405 C0nslanli0

1980 3436 2036 3489 in
2074 3433 2328 3489 exsilium
2358 3442 2536 3494 actus,
2582 3448 2646 3485 cu
2662 3448 2710 3485 nt
2746 3433 2799 3486 itt
2833 3432 3124 3503 [Egyptum
3162 3434 3339 3487 redire
3363 3435 3548 3503 jussus

1978 3535 2148 3590 esset,
2193 3534 2248 3580 et
2280 3541 2377 3594 per
2420 3525 2885 3603 Laodiceam’iter
2930 3525 3154 3588 faceret,
3188 3541 3310 3579 cum
3345 3526 3546 3594 Apolli-

1978 3617 2121 3681 nari,
2151 3616 2297 3687 quod
2329 3617 2699 3670 amicissimus
2722 3617 2771 3670 ei
2799 3625 2965 3682 esset,
2993 3614 3334 3670 familiariter
3364 3632 3548 3670 versa-

1938 3717 2069 3765 .tus
2115 3718 2222 3763 est.
2267 3707 2425 3775 Quod
2478 3716 2701 3770 autem,
2742 3707 2838 3776 qui
2883 3707 3102 3760 diversa
3150 3719 3309 3762 erant
3354 3719 3502 3763 secta
3530 3748 3544 3771 ,

1980 3799 2372 3854 commercium
2405 3807 2462 3853 et
2496 3798 2939 3852 communionem
2970 3800 3091 3868 ejus
3120 3800 3289 3854 veluti
3316 3801 3548 3871 jurisju-

1982 3890 2143 3946 randi
2190 3898 2536 3945 sacramento
2577 3889 2901 3957 abnegatam
2944 3899 3352 3955 aversarentur,
3403 3892 3546 3946 inter

1980 3997 2121 4053 quos
2182 3992 2239 4038 et
2299 3981 2566 4052 Georgius
2623 3979 2979 4034 Laodicensis
3036 3979 3346 4049 episcopus-
3389 3982 3537 4038 fuit:

1980 4073 2352 4144 Apollinarem
2382 4072 2429 4127 is
2451 4086 2518 4126 eo
2541 4071 2763 4125 nomine
2792 4072 2860 4125 ab
2880 4070 3119 4125 Ecclesia
3147 4072 3399 4137 exclusit,
3430 4082 3548 4127 tan-

1981 4177 2145 4232 quam
2176 4169 2368 4216 contra
2398 4174 2639 4214 canones
2672 4171 2727 4214 et
2754 4174 2937 4214 sacras
2961 4160 3389 4215 constitutiones
3420 4178 3543 4218 cum

1978 4253 2284 4307 Athanasio
2331 4252 2543 4307 fuisset.
2604 4250 2671 4305 Et
2730 4266 2856 4305 cum
2913 4251 3167 4306 criminis
3217 4252 3339 4308 loco
3391 4255 3440 4308 itl
3493 4255 3546 4309 ei

1982 4345 2207 4414 obiecit,
2255 4352 2369 4397 tum
2421 4343 2691 4396 rationem
2734 4341 2900 4396 etiam
2947 4351 3003 4397 et
3048 4357 3261 4411 poenam
3300 4354 3545 4400 veterum

1979 4443 2145 4502 atque
2196 4433 2520 4503 paanitentia
2556 4432 3000 4487 bblitteratorum
3052 4442 3364 4488 erratornm
3419 4450 3544 4489 cum

1980 4521 2235 4577 convicio
2283 4521 2352 4576 ab
2403 4535 2471 4575 eo
2513 4521 2714 4589 exegit.
2766 4520 2904 4574 Cum
2950 4535 3185 4587 namque
3230 4520 3548 4577 Theodotus

1982 4624 2109 4669 ante
2143 4629 2270 4668 eum
2306 4613 2489 4667 adhuc
2531 4610 2922 4665 Laodicensem
2971 4611 3268 4664 Ecclesiae;
3313 4626 3545 4681 regeret.

1983 4707 2220 4761 maxime
2245 4717 2360 4761 tum
2393 4707 2609 4775 pollens
2636 4704 2980 4774 Epiphanius
3009 4704 3251 4771 sophista
3283 4702 3544 4775 hymnum

1984 4795 2041 4850 in
2097 4796 2366 4851 Bacchum
2416 4794 2764 4858 recitaverat,
2796 4808 2908 4861 quo
2953 4805 3289 4862 praeceptore
3328 4796 3548 4865 juvenis

1982 4887 2289 4941 etiamnum
2330 4884 2664 4954 Apollinaris
2709 4883 2984 4936 utebatur.
3030 4883 3359 4937 Recitationi
3402 4887 3452 4939 ei
3500 4886 3547 4941 is

1982 4993 2107 5032 cum
2157 4989 2312 5047 patre
2374 4976 2482 5032 sibi
2542 4975 2875 5045 cognomine
2934 4978 3291 5043 grammatico
3344 4979 3544 5049 insigni

1982 5068 2162 5123 aﬂuit.
2192 5069 2374 5137 Atque
2408 5067 2499 5122 ubi
2531 5065 2871 5136 Epiphanius
2900 5066 3203 5120 orationem
3234 5082 3353 5121 eam
3383 5084 3544 5121 exor-

1982 5172 2169 5221 surus,
2212 5156 2373 5211 sicuti
2408 5159 2492 5211 eis
2520 5157 2612 5226 qui
2647 5156 2925 5227 specimen
2958 5157 3175 5227 aliquod
3213 5160 3398 5213 talium
3429 5174 3549 5213 Stu-

1982 5250 2199 5304 diorum
2222 5249 2510 5316 exhibent,
2532 5264 2650 5303 mos
2672 5258 2776 5314 est,
2807 5263 2917 5302 non
2941 5248 3184 5304 initiatos
3215 5261 3269 5303 et
3289 5252 3547 5319 profanos

1980 5383 2208 5446 scimus,
2248 5381 2391 5436 idem
2425 5393 2482 5436 et
2510 5383 2627 5451 ipse
2658 5395 2882 5449 prorsus
2905 5382 3007 5435 scit
3039 5399 3053 5435 :
3081 5394 3136 5435 et
3174 5396 3368 5436 rursus
3399 5384 3543 5449 quod

1983 5452 2075 5505 ille
2131 5453 2304 5511 novit,
2354 5452 2407 5505 id
2461 5452 2511 5504 in
2560 5453 2718 5505 nobis
2762 5464 2980 5519 quoque
3026 5452 3279 5506 similiter
3321 5454 3546 5509 omnino

1981 5522 2239 5590 reperias.
2275 5521 2344 5576 Ut
2370 5536 2555 5589 supra.

2054 5592 2130 5661 (⁸2)
2157 5592 2375 5647 Sozom.
2404 5591 2501 5646 ltb.
2538 5607 2613 5656 Vt,
2645 5606 2767 5661 cap,
