3986 6190
438 1752 449 1757 ,
537 1696 1077 1751 excommunicatum
1122 1708 1250 1747 cum
1283 1692 1527 1746 Ecclesia
1560 1693 1768 1761 exegit.
1812 1692 1993 1762 Atque
2023 1694 2117 1749 ille

523 207 624 273 (ill
1740 205 2168 268 NICEPHORI
2209 204 2555 267 CALLISTI
3653 210 3746 273 Εἱῖ

524 321 680 374 exire
708 322 764 371 et
792 313 987 386 procul
1021 327 1144 368 esse
1180 310 1439 384 jussisset
1481 327 1496 365 :
1530 325 1707 381 neque
1749 311 2105 380 Apollinaris.
2138 321 2179 373 Α
2214 328 2321 367 non
2355 310 2652 382 persuasit,
2684 325 2923 366 mmrore
2954 320 3240 381 correptus
3266 310 3558 369 Ecclesiam
3585 319 3749 372 turba-

527 425 709 481 ncque
736 410 856 479 ejus
883 416 1059 478 pater,
1102 420 1280 474 neque
1311 406 1474 458 etiam
1512 406 1654 457 alius
1690 404 1968 472 quispiam
2011 403 2105 471 qui
2214 407 2313 467 vit,
2362 416 2419 460 et
2471 405 2726 474 dogmate
2779 418 2925 458 novo
2965 403 3217 458 haeresim
3270 420 3423 457 suam
3465 406 3747 471 introduxit.

528 505 604 559 ibi
646 502 880 557 aderant
910 497 1382 557 Christianorum,
1418 509 1483 549 ex
1533 494 1816 548 auditorio
1856 493 2108 547 secessit.

2213 499 2395 568 quoad
2440 497 2624 567 potuit
2656 512 2669 548 :
2706 497 3029 566 compositis
3059 506 3180 550 arte
3211 497 3571 560 orationibus,
3596 500 3748 557 inimi-

531 597 585 650 ld
611 606 902 664 postquam
929 588 1156 645 rescivit
1177 588 1502 643 Theodotus
1526 588 1845 657 episcopus,
1880 590 2110 641 moleste
2213 606 2338 643 cum
2375 590 2668 651 ulciscens,
2705 596 2761 641 et
2792 587 2939 658 quod
2966 602 3027 642 se
3060 588 3113 640 in
3144 601 3428 642 sacrarum
3454 586 3743 645 Litterarum

533 690 676 742 tulit.
713 687 776 739 Et
810 685 933 739 aliis
961 683 1186 752 quidem
1216 696 1283 736 ex
1306 680 1509 750 p0pulo
1542 680 1895 750 aliquatenus
1917 680 2113 749 objur-
2214 681 2467 734 doctrina
2503 681 2596 733 Illo
2627 678 3075 749 praestantiorem
3101 685 3510 732 exauctorasset
3532 695 3747 750 arguens.

470 796 479 803 ’
529 778 703 847 gatis.
763 774 995 847 gratiam
1051 774 1241 828 delicti
1294 773 1426 828 fecit
1482 790 1496 826 :
1554 770 1918 841 Apollinarim
1971 784 2110 824 vero
2214 773 2293 826 Ad
2333 775 2482 827 hunc
2510 772 2738 826 modum
2775 770 2990 825 scilicet
3020 769 3252 840 privata:
3278 770 3749 834 clericorum,tem-

537 881 842 939 utrumque
872 883 994 921 cum
1029 868 1110 922 eis
1147 866 1431 937 propalam
1469 873 1756 934 peccatum
1787 863 2109 931 objecisset,
2214 883 2346 939 pore
2374 866 2643 936 quolibet,
2674 864 2998 928 inimicitiae,
3025 863 3267 916 maximo
3294 861 3583 917 Ecclesiam
3609 864 3749 919 detri-

530 963 600 1016 ab
645 960 889 1016 Ecclesia
931 959 1265 1030 segregavit.
1301 958 1476 1012 Erant
1508 958 1657 1010 enim
1705 955 1922 1019 clerici,
1954 964 2113 1025 pater
2216 969 2404 1014 meum
2455 958 2713 1019 aﬂ‘ecere,
2768 966 2827 1011 et
2869 956 3199 1024 religionem
3261 956 3316 1008 in
3368 964 3540 1010 sectas
3588 957 3751 1013 multas

532 1055 754 1120 quidem
789 1052 1103 1124 presbyter.
1136 1051 1283 1105 filius
1318 1065 1451 1104 vero
1473 1065 1758 1103 sacrarunt
1793 1049 2116 1118 Scriptura-
2215 1054 2558 1108 dissecuere.
2603 1049 2660 1104 Id
2694 1049 2822 1103 inde
2852 1049 2990 1103 satis
3018 1048 3219 1117 liquet.
3249 1047 3307 1101 Si
3338 1046 3483 1101 enim
3510 1047 3674 1102 itidem
3706 1061 3751 1101 ut

533 1164 656 1201 rum
701 1147 885 1200 adhuc
915 1147 1111 1199 lector.
1152 1143 1546 1197 Iutercesserat
1577 1140 1788 1210 aliquid
1820 1144 2113 1211 temporis,
2216 1141 2560 1201 Theodotus,
2599 1138 2870 1208 Georgius
2911 1151 3137 1206 quoque
3179 1134 3534 1205 pmnitentem
3580 1134 3752 1204 Apolli-

533 1248 594 1293 et
626 1253 742 1301 eos,
777 1246 1066 1306 postquam
1100 1234 1357 1305 lacrymis
1400 1242 1457 1287 et
1496 1234 1725 1303 jejuuiis
1756 1234 1966 1288 crimen
2011 1235 2115 1289 ad-
2216 1234 2396 1288 narim
2428 1230 2790 1301 suscepisset,
2839 1229 3069 1283 haeresis
3096 1241 3222 1296 qua:
3252 1225 3325 1280 ab
3363 1240 3430 1280 eo
3462 1240 3644 1279 nomen
3674 1227 3752 1280 ha-

536 1330 765 1384 missum
798 1329 1134 1399 pmnitentes
1185 1326 1580 1389 abolevisseut,
1629 1324 1954 1381 Theodotus
1995 1344 2118 1381 rure
2219 1327 2331 1390 bet,
2378 1334 2441 1379 ut
2481 1338 2582 1393 ego
2631 1321 2861 1390 quidem
2908 1331 3079 1391 puto,
3121 1334 3234 1373 non
3273 1327 3531 1373 exstaret.
3567 1318 3749 1388 Ingenia

535 1434 657 1473 sum
719 1419 775 1472 in
844 1417 1077 1486 gratiam
1138 1419 1374 1484 recepit.
1430 1413 1533 1469 Ubi
1600 1426 1784 1469 autem
1845 1415 2115 1489 Georgius
2216 1431 2457 1480 namque
2478 1416 2766 1470 hominum
2791 1414 2836 1468 si
2862 1410 3429 1483 despicisevidcant,
3453 1420 3747 1478 arrogantem

536 1512 918 1580 episcOpatum
948 1517 1032 1562 est
1060 1509 1312 1576 adeptus,
1350 1515 1406 1558 et
1433 1506 1765 1574 Apollinaris
1790 1523 1913 1561 cum
1946 1510 2117 1564 Atba'
2218 1510 2506 1563 audaciam
2559 1507 2908 1576 concipiunt,
2955 1514 3014 1559 et
3059 1502 3431 1559 contendeudi
3476 1502 3640 1557 studio
3679 1517 3748 1557 res

537 1605 695 1657 uasio
745 1601 1098 1655 familiariter
1150 1599 1272 1661 fuit,
1326 1598 1794 1667 quemadmodum
1847 1600 2112 1668 diximus,
2151 1662 2184 1668 _
2221 1616 2391 1655 novas
2421 1599 2749 1655 moliuntur.
2779 1600 2850 1652 At
2881 1596 2929 1654 si
2959 1596 3015 1651 id
3046 1596 3197 1668 quod
3238 1611 3457 1667 aequum
3485 1607 3564 1650 est
3593 1610 3748 1650 conse-

2151 1662 2192 1716 B
2223 1703 2497 1765 quuntur,
2539 1693 2608 1747 ad
2650 1662 3088 1746 moderationem
3114 1703 3176 1746 se
3210 1662 3366 1755 dant,
3403 1695 3459 1744 et
3499 1696 3631 1743 sorte
3670 1701 3745 1744 sua

538 1804 681 1857 sazpe
711 1788 1011 1859 Georgium
1038 1787 1270 1850 dicitur,
1304 1793 1362 1838 ut
1399 1790 1451 1838 lu
1494 1785 1942 1840 communionem
1977 1787 2121 1842 reci-
2227 1784 2478 1841 contenti
2513 1792 2646 1840 sunt
2675 1785 2779 1854 (1).

539 1896 785 1955 peretur,
826 1883 1179 1953 deprecando
1209 1883 1553 1938 obsecrasse.
1586 1877 1790 1934 Verum
1828 1882 1921 1936 ubi
1959 1882 2012 1936 id
2043 1881 2119 1935 illi

1852 2044 2010 2114 127
2045 2041 2271 2098 CAPUT
2313 2040 2456 2097 xm.

621 2159 719 2225 Ὧς
753 2157 1073 2224 Βασίλειος
1101 2157 1201 2212 καὶ
1225 2159 1556 2229 Γρηγόριος
1597 2158 1769 2229 ἄμφω
1798 2153 2393 2229 νάνγτιρῤῄσειςᾼκιξτὰ
2420 2154 2725 2229 Ερνςμιου
2754 2152 2855 2207 καὶ
2906 2151 3367 2222 Ἀπολλιναρίου
3415 2150 3689 2221 dumpar“

1714 2228 1811 2281 καὶ
1841 2228 1977 2280 τίνα
2004 2223 2165 2295 ἦσαν
2202 2224 2240 2279 d
2263 2222 2668 2294 ἐδοῃιάτιζον.

616 2345 685 2401 Ut
715 2344 951 2399 Basilius
983 2354 1032 2399 et
1071 2343 1354 2418 Gregorius
1390 2356 1606 2417 uterque
1642 2344 1799 2399 libros
1841 2345 2182 2418 refutatorios
2221 2353 2405 2418 contra
2440 2339 2757 2418 Eunomium
2794 2348 2843 2394 et
2881 2338 3285 2411 Apol-'inarium
3316 2342 3630 2411 scripserint:
3655 2349 3694 2394 et

1478 2412 1593 2486 qita’
1618 2421 1841 2471 istorum
1866 2415 2232 2467 hwreticorum
2265 2413 2459 2482 fuerint
2498 2412 2794 2479 opiniones.

614 2535 967 2594 Eunomium,
1014 2533 1163 2606 quod
1209 2532 1487 2600 diximus,
1533 2533 1724 2588 eadem
1778 2547 1903 2587 cum
1959 2529 2119 2584 Aetio
2223 2528 2319 2583 sed
2366 2544 2397 2583 a
2437 2527 2713 2598 principio
2757 2528 3034 2583 carnalem
3080 2527 3237 2582 illam
3291 2538 3530 2583 naturam
3570 2528 3617 2582 in
3643 2527 3751 2583 Filio

539 2630 749 2686 sentire
778 2628 963 2699 negari
999 2643 1108 2681 non
1162 2636 1344 2698 potest
1376 2626 1476 2696 (2).
1513 2626 1646 2680 Nam
1672 2636 1725 2680 et
1757 2625 1873 2696 ipse
1900 2625 2121 2678 Aetium
2224 2620 2418 2676 fuisse.
2467 2622 2646 2691 Atque
2691 2635 2978 2690 perperam
3036 2630 3335 2690 acceptum
3383 2620 3574 2676 dictum
3615 2622 3749 2691 quod-

539 2727 931 2791 praaceptorem
976 2718 1185 2787 jactat,
1236 2725 1293 2771 et
1340 2717 1393 2769 id
1447 2715 1502 2770 in
1558 2715 1783 2786 scriptis
1830 2715 1949 2784 ipse
2006 2714 2125 2769 suis
2228 2714 2356 2769 dam
2423 2713 2803 2782 evangelicum
2875 2721 3136 2782 tanquam
3205 2712 3564 2767 testimonium
3621 2722 3751 2766 tante

540 2816 1018 2880 aperte'testatur.
1070 2809 1441 2875 Apollinarem
1472 2824 1602 2864 vero
1664 2809 1829 2862 etiam
1862 2821 2127 2862 accusans
2154 2842 2202 2902 ϐ
2230 2805 2559 2862 absurditati
2610 2806 2924 2874 praetendit,
2971 2805 3165 2861 dicens
3209 2824 3225 2860 :
3271 2804 3433 2861 Nemo
3474 2808 3678 2860 ascendit
3710 2808 3751 2858 in

539 2903 839 2975 Gregorius
876 2903 1139 2958 Nazianzi
1180 2903 1495 2972 episcopus,
1534 2901 1588 2955 iu
1625 2901 1854 2970 epistola
1883 2900 2121 2969 quadam
2165 2897 2200 2902 “
2232 2899 2440 2962 cazlum,
2473 2900 2578 2953 nisi
2615 2900 2705 2969 qui
2747 2915 2775 2952 ε
2806 2897 2934 2952 ειειο
2971 2900 3269 2965 descendit,
3314 2900 3472 2957 Filius
3502 2901 3692 2954 hominis
3719 2902 3751 2952 ¹.

541 2998 608 3051 ad
655 2997 979 3052 Nectarium
1018 2995 1646 3066 Constantinopolitanm
1684 2993 1941 3049 Ecclesiae
1974 3007 2120 3064 prte-
2237 2997 2315 3050 Ita
2350 3008 2410 3049 ut
2444 2996 2767 3066 priusquam
2807 2994 3187 3057 descenderit,
3217 2994 3335 3063 ipse
3360 2994 3521 3049 Filius
3550 2993 3745 3048 ltomtnis

543 3090 742 3152 sidem,
782 3090 895 3143 haec
919 3088 1115 3143 scribit
1148 3103 1163 3140 :
1199 3086 1305 3141 «Et
1341 3088 1736 3143 detrimentum
1768 3086 1991 3157 quidem
2019 3098 2123 3137 n0-
2235 3088 2407 3143 fuerit
2451 3106 2464 3142 :
2510 3096 2567 3142 et
2611 3087 2984 3151 descenderit,
3023 3102 3185 3143 suam
3233 3086 3376 3140 illam
3414 3086 3638 3142 deferens
3665 3100 3756 3139 car-

541 3192 744 3247 strum,
799 3180 945 3250 quod
998 3181 1053 3234 in
1091 3180 1217 3237 sinu
1265 3191 1456 3236 nostro
1498 3180 1768 3238 fovemus.
1814 3179 2123 3235 Eunomius
2235 3198 2388 3245 nem,
2445 3196 2609 3251 quam
2664 3180 2719 3235 in
2768 3180 2910 3236 caelo
2957 3179 3224 3236 habuerit
3268 3183 3675 3235 antesaecularem
3711 3187 3753 3232 et

543 3272 774 3327 minime
813 3286 878 3325 eo
933 3270 1082 3340 quod
1132 3271 1366 3342 alicujus
1412 3271 1654 3325 nominis
1698 3275 1792 3334 sit,
1829 3279 2127 3327 contentus
2235 3273 2778 3331 consubstantiatam
2820 3273 2924 3343 (4).
2952 3272 3018 3328 Et
3040 3288 3244 3329 rursus
3270 3274 3602 3343 apostolicam
3628 3274 3752 3328 aliam

543 3377 627 3423 est
662 3383 678 3420 :
709 3381 898 3421 verum
952 3364 1057 3420 nisi
1091 3380 1286 3420 omnes
1328 3380 1435 3419 una
1480 3378 1670 3418 secum
1717 3366 1772 3418 in
1816 3363 2120 3432 perniciem
2236 3368 2449 3437 profert
2476 3380 2666 3422 vocem
2693 3384 2707 3419 :
2736 3365 3043 3426 secundum
3088 3366 3371 3421 hominem
3405 3368 3577 3421 ccmlo
3601 3380 3749 3422 esset

546 3456 847 3524 pertrahat,
874 3454 1148 3526 iacturam
1196 3453 1251 3508 id
1310 3468 1431 3508 esse
1466 3453 1698 3523 iudicat.
1739 3452 1999 3509 Sedenim
2045 3462 2127 3508 ιο·-
2237 3459 2446 3521 Deiude
2476 3458 2718 3513 instituit
2747 3458 3030 3516 hominem
3059 3458 3219 3515 illum
3249 3460 3343 3530 qui
3375 3474 3407 3515 e
3434 3463 3560 3515 cmlo
3591 3471 3754 3512 tenent

541 3549 770 3605 lerauda
794 3549 914 3602 haec
940 3548 1163 3616 quidem
1199 3555 1348 3602 sunt.
1373 3545 1532 3613 Quod
1565 3555 1748 3601 autem
1778 3547 1833 3599 lu
1867 3544 2128 3602 Ecclesiae
2237 3562 2478 3611 mentem
2534 3566 2645 3607 non
2702 3550 2910 3606 habere
2936 3589 2951 3613 ,
3006 3550 3104 3606 sed
3149 3551 3489 3607 divinitatem
3532 3548 3752 3620 Unigeniti

542 3642 953 3696 calamitatibus
983 3656 1183 3696 censeo
1239 3641 1403 3710 longe
1458 3640 1869 3711 gravissimum,
1926 3639 2134 3710 Apolli-
2240 3656 2494 3703 naturam
2542 3644 2745 3699 mentis
2775 3643 3106 3712 adimplere,
3142 3654 3207 3700 ut
3235 3660 3354 3715 quae
3383 3648 3455 3712 (5)
3490 3659 3603 3714 pars
3632 3642 3752 3696 leuia

544 3737 880 3791 naristarum
928 3742 1012 3788 est
1054 3734 1379 3802 impunitas.
1418 3732 1568 3798 Quos
1623 3732 1812 3787 nescio
1849 3734 2129 3802 quomodo
2242 3741 2494 3795 humana:
2524 3736 3021 3807 coagmentationis
3064 3736 3138 3793 sit
3184 3738 3346 3804 facta,
3391 3737 3556 3791 anima
3588 3744 3636 3789 et
3661 3748 3751 3786 cur-

543 3827 813 3883 sanctitas
860 3833 953 3880 tua
1002 3825 1253 3896 negligit,
1304 3823 1668 3879 coucionandi
1710 3830 2129 3897 conventusque
2240 3843 2376 3898 pore
2422 3825 2747 3883 humanitus
2798 3824 2944 3881 circa
3004 3842 3127 3883 eam
3173 3826 3571 3891 exsistentibus,
3612 3832 3752 3879 mente

458 3967 464 3973 .
547 3919 783 3990 cogendi
834 3917 1117 3972 licentiam
1171 3932 1330 3987 aequa
1386 3918 1677 3973 nobiscum
1742 3926 2017 3987 potestate
2071 3926 2130 3975 et
2239 3919 2348 3974 illis
2372 3917 2708 3983 decollante,
2739 3926 2796 3972 et
2827 3918 3121 3977 verbollei
3157 3920 3336 3975 locum
3360 3920 3474 3989 ejus
3498 3916 3751 3971 obtinente.

544 4014 818 4082 dignitate
846 4010 950 4065 sibi
984 4009 1088 4081 ipsi
1122 4017 1475 4078 usurpantes.
1504 4007 1587 4063 Tu
1621 4008 1872 4076 quidem,
1906 4009 2002 4079 qui
2031 4023 2131 4079 per
2241 4015 2422 4081 Atque
2455 4012 2716 4080 equidem
2764 4009 3012 4065 nondum
3051 4010 3162 4067 hoc
3206 4026 3370 4081 grave
3415 4020 3496 4064 est
3521 4016 3753 4077 speriat'uv

545 4103 730 4159 omnia
765 4116 994 4172 prorsus
1034 4102 1189 4171 juxta
1222 4100 1318 4156 Dei
1353 4101 1586 4171 gratiam
1620 4101 1675 4155 in
1709 4100 1915 4155 divinis
1940 4088 2128 4156 erudi-
2240 4103 2379 4171 lum.
2435 4102 2642 4158 Verum
2706 4099 2845 4155 illud
2894 4100 3146 4155 omnium
3202 4101 3361 4171 longe
3407 4098 3749 4169 gravissimum,

544 4203 637 4248 tus
673 4210 735 4248 es
768 4192 1079 4263 mysteriis,
1111 4207 1222 4246 non
1263 4201 1471 4248 tantum
1504 4209 1626 4264 quae
1653 4193 1721 4249 ad
1757 4192 2126 4264 patrocinium
2160 4213 2204 4268 ι)
2232 4194 2383 4265 quod
2420 4194 2605 4265 ipsum
2659 4192 3010 4263 unigenitqu
3042 4193 3242 4260 Deum,
3274 4192 3501 4265 judicent
3534 4187 3747 4247 omnium.

543 4299 601 4338 et
633 4283 1012 4339 defensionem
1061 4283 1159 4339 Dei
1204 4284 1357 4338 verbi
1405 4294 1682 4354 spectant,
1721 4287 1819 4347 sed
1863 4302 1931 4343 ea
1963 4288 2131 4343 etiam
2234 4297 2520 4347 auctorem
2564 4296 2624 4343 et
2670 4288 2871 4343 ducem
2923 4289 3071 4350 vitaz.
3123 4298 3182 4343 et
3227 4295 3542 4341 vastatorem
3578 4279 3749 4337 mortis.

545 4393 668 4447 quae
695 4376 765 4431 ab
807 4376 1088 4432 haereticis
1116 4375 1688 4433 adversus‘saniorem
1722 4379 1884 4437 fidem
1914 4382 2137 4453 excogi-
2237 4381 2531 4437 mortalem
2565 4380 2810 4436 instituit
2846 4397 2861 4434 :
2903 4380 2983 4435 ita
3024 4389 3087 4435 ut
3117 4380 3423 4451 passionem
3454 4375 3538 4431 ille
3571 4374 3616 4427 iu
3643 4367 3752 4424 divi-

547 4478 660 4524 tata
697 4477 852 4534 sunt,
888 4477 1063 4525 tenes.
1095 4470 1350 4527 Attamen
1386 4485 1496 4524 non
1533 4470 1913 4542 importunum
1943 4471 2133 4538 fuerit,
2234 4475 2410 4531 nitate
2452 4487 2555 4529 sua
2605 4473 2938 4543 susceperit,
2970 4484 3030 4528 et
3066 4473 3123 4527 in
3172 4473 3420 4528 triduana
3454 4469 3536 4522 illa
3572 4457 3751 4518 mortiﬁ-

545 4580 575 4617 a
617 4564 889 4619 tenuitate
927 4577 1052 4617 mea
1095 4562 1563 4633 magnificentiam
1606 4571 1755 4617 tuam
1806 4564 2003 4620 audire
2037 4565 2139 4619 ali-
2234 4569 2456 4623 catione
2509 4567 2807 4636 corporis,
2864 4566 3027 4621 simul
3073 4568 3241 4622 etiam
3288 4580 3350 4620 ea
3399 4576 3515 4618 eum
3565 4563 3750 4623 corpore

543 4654 702 4726 quid.
754 4653 926 4710 lucidi
965 4654 1018 4709 in
1053 4655 1391 4725 Apollinaris
1438 4654 1714 4721 libellum,
1757 4660 1853 4727 qui
1903 4673 2125 4714 omnem
2235 4670 2611 4725 commortua,
2641 4668 2699 4715 et
2727 4658 2809 4715 sic
2838 4674 2869 4715 a
2903 4659 3065 4716 Patre
3095 4676 3313 4715 rursum
3352 4673 3382 4712 a
3409 4663 3579 4726 ,morte
3605 4658 3747 4703 r0808-

551 4747 871 4802 haareticam
905 4746 1318 4817 improbitatem
1355 4748 1518 4819 longe
1549 4759 1795 4820 superat.
1832 4752 2132 4807 Asseverat
2236 4757 2407 4811 citata
2457 4754 2554 4811 sit.
2606 4754 2843 4823 Reliqua
2896 4768 3022 4824 qum
3071 4749 3466 4824 importunitati
3520 4737 3748 4799 tantazille

547 4841 723 4906 enim,
765 4856 986 4895 carnem
1018 4841 1175 4911 juxta
1208 4841 1406 4897 salutis
1446 4854 1653 4899 nostra
1695 4845 2136 4901 administratio-
2237 4849 2452 4921 adjicit,
2502 4849 2727 4920 longum
2777 4859 2925 4904 esset
2978 4863 3288 4904 recensere.
3334 4843 3604 4914 Opiniones
3646 4848 3747 4886 sane

546 4948 673 4987 nem
716 4933 785 4987 ab
832 4934 1119 5002 unigenito
1164 4933 1303 4989 Filio
1350 4944 1563 4992 natura:
1609 4949 1812 4993 nostra!
1858 4948 2138 4994 transmu-
2242 4942 2585 5012 Apollinaris
2620 4952 2679 4998 et
2707 4942 2967 4997 Eunomii
3012 4942 3203 5012 quales
3247 4939 3463 4999 fuerint,
3489 4948 3547 4989 ex
3576 4930 3632 4983 iis
3651 4933 3742 4992 (1⁸³

546 5025 728 5079 tandae
750 5027 960 5095 gratiae,
1008 5041 1118 5082 non
1153 5030 1514 5085 adventitiam
1537 5033 1615 5100 (5)
1648 5042 1961 5103 susceptam
1992 5049 2140 5101 esse,
2247 5034 2396 5090 dicta
2443 5042 2597 5099 sunt,
2637 5035 2877 5105 quilibet
2905 5044 3225 5106 cognoscet.
3260 5032 3323 5087 Et
3371 5040 3427 5083 ut
3469 5022 3621 5081 facilis
3646 5028 3743 5070 cou-

620 5166 636 5196 ⁸
668 5164 825 5219 Joan.
859 5182 939 5230 Ill,
972 5168 1055 5222 15.

618 5310 691 5378 (l)
722 5312 781 5386 lu
833 5308 1024 5386 Graeco
1075 5307 1374 5386 Nigephori
1420 5307 1725 5386 exemplari
1777 5306 1996 5386 integer
2036 5310 2119 5367 hic

2315 5316 2390 5386 (Α)
2419 5312 2737 5382 “gendum
2764 5315 2819 5369 in
2847 5314 3042 5370 Graeco
3069 5310 3492 5378 συνουσιωμένην
3509 5312 3592 5371 pro
3611 5310 3740 5348 συνωο

541 5380 823 5455 sexternio
881 5380 1074 5434 defuit.
1132 5380 1425 5455 Deiectum
1470 5395 1617 5455 e_um_
1662 5380 1820 5449 juxta
1853 5381 2123 5455 _capit_um
2240 5380 2538 5455 σιώμξένηῦ.

544 5452 957 5527 annotationem
1006 5465 1074 5504 ex
1138 5450 1265 5504 aliis
1314 5438 1705 5506 ecclesiasticis
1756 5438 2119 5521 scriptoribus

2245 5438 2607 5527 ⁷⁷⁷(ε’ἶίιίγίιίρος
2655 5455 2749 5511 τοῦ
2785 5454 3133 5526 ἀνθρωπίνου
3180 5448 3543 5527 συγκρῐμρῖοςη

544 5522 780 5599 explevi.
864 5528 871 5531 “
1418 5591 1448 5599 _
1870 5511 1889 5521 ’

2245 5511 2437 5599 P’i‘Pl-IOV
2465 5511 2644 5599 ψῦχῆς
2697 5543 2759 5581 τε
2794 5511 2903 5582 καῖ
2920 5528 3172 5597 σώματος
3211 5511 3349 5577 κάτᾶ
3374 5511 3436 5571 sb
3459 5511 3737 5581 ἀνθρώπινον

616 5594 692 5671 tif)
726 5591 944 5671 _S_o_zout.
982 5591 1082 5647 lib.
1114 5607 1341 5664 νηπίη».
1379 5591 1470 5646 27.

2242 5591 2375 5671 ῖπερὶ
2403 5591 2577 5654 abiit;
2601 5591 2798 5653 ὖντων.

619 5662 696 5728 (3}
727 5662 815 5716 Μὴ
847 5664 1164 5732 ἐπίκτητον.
