3986 6190
280 317 389 380 lilii

1228 316 1834 378 ECCLESIASTICJ'I
1872 319 2260 380 HISTOiiI/E
2290 321 2435 382 LIB.
2478 321 2591 380 Xi.

3414 313 3520 377 614

277 435 495 499 jectura
521 439 625 493 est,
662 428 968 500 permultos
999 427 1073 482 illi
1104 428 1173 483 ab
1200 427 1442 485 Ecclesia
1478 431 1770 486 universali
1803 433 1857 486 in
1890 441 1932 493 Α
1965 434 2245 499 transiret,
2293 432 2728 500 periclitabatur.
2784 433 2865 488 ‘Ab
2912 431 3183 487 Eunomio
3212 441 3417 493 autem,
3452 446 3518 484 ne

282 540 479 577 eorum
517 522 852 576 sententiam
903 521 1320 587 pertraxissent,
1364 520 1764 575 nisi‘Basilium
1800 530 1853 576 et

283 615 608 685 Gregorium
671 611 1026 681 Cappadoces
1089 611 1441 666 adversarios
1497 612 1855 677 invenissent,

285 710 385 779 qui
434 723 500 762 ex
562 705 813 775 professo
864 704 1034 758 multa
1092 702 1357 757 adversus
1405 719 1501 758 eos
1559 706 1857 774 scripsere.

288 799 591 855 Theodosii
619 806 905 867 prmterea,
935 795 1083 865 quod
1114 795 1277 863 paulo
1313 805 1434 864 post
1465 805 1712 849 secutum
1748 803 1856 859 est,

289 895 585 962 imperium
639 899 872 945 conatus
917 903 1108 943 eorum
1161 888 1448 955 repressit.
1514 888 1647 942 Nam
1691 887 1863 941 duces

291 989 447 1052 ipsos
474 984 763 1038 hicresium
801 996 864 1036 es
905 979 1290 1048 frequentibus
1316 987 1369 1032 et
1398 979 1681 1047 populosis
1709 978 1863 1032 orbis

292 1080 551 1149 prtl'liblls
587 1077 642 1129 in
678 1076 828 1129 solos
860 1074 1017 1127 locos
1053 1072 1340 1140 relegavit.
1380 1069 1658 1126 Obstitere
1691 1072 1858 1127 etiam

297 1172 527 1236 insuper
572 1167 682 1220 illis
714 1166 832 1234 ejus
870 1165 1048 1218 artatis
1080 1161 1358 1216 monachi.
1407 1162 1682 1217 Mordicus
1708 1178 1864 1216 nam-

294 1275 408 1327 que
457 1258 673 1311 Nicaena
733 1250 1015 1309 retinuere
1063 1256 1317 1317 decreta,
1366 1254 1461 1325 qui
1513 1254 1565 1308 in
1617 1254 1773 1325 Syria
1807 1263 1865 1310 et

294 1350 644 1420 Cappadocia
715 1348 1075 1416 finitimisque
1120 1346 1259 1401 locis
1311 1346 1670 1400 monasticam
1733 1354 1864 1401 sunt

299 1440 695 1510 philosOphati.
729 1438 797 1493 Et
843 1438 993 1506 regio
1031 1451 1095 1490 ea
1146 1452 1267 1505 quas
1308 1450 1338 1490 a
1371 1435 1563 1490 Cilicia
1598 1441 1663 1491 ad
1703 1437 1868 1493 Phoe-

308 1533 509 1587 niciam
561 1545 735 1601 usque
784 1529 981 1592 tendit,
1032 1542 1104 1583 ne
1139 1528 1193 1584 in
1241 1527 1490 1583 heresim
1532 1528 1868 1596 Apollinaris

1962 524 2320 580 inlicerentur
2367 526 2552 594 populi
2604 541 2634 579 a
2684 524 2877 581 Cilicia
2919 534 2975 579 et
3007 537 3191 579 monte
3221 525 3404 578 Tauro
3450 523 3517 575 ad

1960 615 2380 685 Hellespontum
2431 626 2486 672 et
2530 616 3064 686 Constantinopolim
3113 631 3286 684 usque
3345 624 3521 667 melus

1960 716 2097 761 erat.
2156 708 2269 761 Non
2329 709 2551 767 difficile
2596 709 2742 763 enim
2796 709 3015 776 utrique
3068 716 3223 767 erat.
3276 705 3523 759 finitimis

1962 813 2181 866 quoque
2208 814 2422 859 eorum.
2449 800 2592 869 apud
2625 815 2765 869 quos
2794 794 3272 861 versabantur,ut
3305 806 3519 850 senten-

1963 889 2094 943 tiam
2132 904 2286 943 suam
2324 902 2715 960 sequerentur,
2742 890 3105 961 persuadere.
3135 890 3283 943 idem
3316 902 3446 940 sane
3469 898 3524 939 et

1963 979 2182 1034 Arianis
2210 984 2456 1054 contigit.
2507 983 2709 1053 Vulgus
2728 985 2898 1049 enim,
2939 983 3357 1041 monachorum,
3388 994 3528 1049 quos

1962 1074 2366 1137 recensuimus,
2400 1077 2663 1131 virtutem
2714 1089 2771 1131 et
2802 1092 2970 1145 opera
3021 1075 3373 1132 admiratum.
3404 1087 3525 1124 cum

1967 1161 2117 1232 ipsos
2150 1176 2300 1220 recte
2347 1169 2553 1222 sentire
2586 1168 2841 1225 credidit.
2878 1178 2992 1222 tum
3041 1167 3199 1220 aliter
3242 1165 3529 1230 opinantes

1968 1266 2196 1326 propter
2238 1260 2608 1329 suspicionem
2660 1261 2889 1328 impurae
2940 1266 2996 1312 et
3054 1256 3376 1311 adulterinum
3427 1254 3529 1309 do-

1970 1348 2159 1402 ctrina:
2203 1360 2513 1404 aversatum
2562 1360 2645 1404 est
2688 1368 2702 1404 :
2737 1351 2898 1404 sicuti
2927 1348 3187 1418 Egyptii,
3235 1347 3532 1401 monachos

1974 1452 2104 1494 suos
2134 1451 2449 1511 sequentes,
2480 1442 2716 1496 Arianos
2737 1457 2836 1511 pro
2864 1441 3119 1495 hostibus
3148 1440 3415 1494 habuere.

1599 1691 1763 1761 ηε
1793 1688 2020 1747 CAPUT
2060 1689 2199 1749 xw.

301 1803 444 1872 Περὶ
474 1803 624 1880 τῆς-
655 1802 957 1880 αῐριιξσίςιιιςιΔ
988 1802 1107 1880 τῷν
1161 1803 1762 1880 Ἅνβρωπομφρςιτῶγ
1786 1808 1886 1861 καὶ
1924 1805 2043 1880 τῷν
2098 1810 2555 1880 Μασσαλιανῶν
2580 1828 2592 1841 ·
2629 1813 2805 1866 ἔτιδὲ
2863 1814 2959 1865 καὶ
2996 1812 3125 1880 περὶ
3160 1810 3279 1864 τῶν
3343 1812 3539 1864 Ναυτι-

450 1872 702 1926 τιανῶν·
750 1873 840 1925 ὅτι
867 1873 961 1928 καὶ
993 1872 1161 1931 οὗτοι
1214 1877 1303 1939 εις
1334 1872 1536 1928 πολλὰ
1566 1874 1933 1942 διῃρέθησαν
1969 1877 2068 1930 διὰ
2095 1879 2210 1944 τὴν
2241 1880 2568 1948 μετάθεσιν
2600 1881 2705 1948 τῆς
2750 1882 2855 1936 τοῦ
2884 1872 3101 1951 om};
3133 1880 3363 1947 ἑορτῆς.

383 1992 456 2048 De
492 1992 680 2047 heresi
702 1991 1356 2065 Anthropomorphitarum
1376 1988 1941 2065 etulia‘ssalianorum;
1980 2001 2236 2065 prmterea
2266 1995 2329 2045 de
2361 1992 2698 2056 Novatinnis,
2738 1996 2877 2065 quod
2904 1972 2953 2048 et
2982 1996 3103 2065 jam
3130 1997 3166 2049 ii
3200 1998 3250 2049 iu
3277 1998 3468 2054 multas

1062 2071 1230 2115 sectas
1262 2062 1367 2113 sint
1402 2061 1552 2115 divisi
1584 2069 1797 2130 propter
1825 2060 2085 2128 feriarum
2124 2062 2341 2116 Pascha:
2368 2068 2727 2118 mutationem.

379 2181 453 2235 Ea
516 2190 678 2236 aetate
710 2179 944 2234 Audaeus
1002 2194 1222 2249 quoque
1270 2178 1517 2246 quidam,
1551 2187 1608 2233 et
1666 2191 1866 2249 genere
1900 2182 1940 2237 Β
1977 2183 2220 2243 tempore
2238 2177 2405 2231 etiam
2424 2178 3537 2249 Massalianorum(l)pullulavitlizeresis.

304 2288 367 2330 et
396 2275 582 2343 lingua
610 2273 802 2342 Syrus,
834 2271 936 2325 fuit
966 2285 1232 2325 novorum
1261 2270 1575 2336 dogmatum
1602 2269 1872 2323 inventor.

306 2365 445 2428 Quze
505 2364 652 2416 enim
714 2362 851 2414 mala
905 2360 1113 2414 dudum
1172 2361 1530 2430 parturierat,
1580 2359 1876 2429 aliquando

314 2454 539 2507 tandem
576 2452 811 2521 peperit.
864 2452 1106 2506 Primum
1145 2466 1383 2519 namque
1426 2466 1550 2505 cum
1593 2465 1875 2519 perperam

313 2545 448 2598 illud
484 2544 864 2607 intellexisset,
900 2542 1176 2597 Faciamus
1207 2543 1465 2597 hominem
1493 2543 1567 2597 ad
1592 2545 1877 2614 imaginem

312 2646 369 2688 et
383 2634 787 2689 similitudinem
808 2645 1064 2697 nostram,
1113 2633 1279 2688 Deum
1307 2633 1543 2688 humana
1565 2650 1686 2691 esse
1708 2617 1879 2697 forma

312 2730 575 2797 Opinatus
614 2739 721 2794 est,
760 2728 1128 2796 cumdcmque
1160 2727 1466 2795 corporalia
1507 2731 1752 2785 membra
1786 2731 1883 2783 ha-

314 2825 449 2876 bere
470 2820 806 2875 existimavit
838 2837 850 2872 :
887 2835 1053 2873 sacra:
1083 2820 1387 2888 Scriptura;
1413 2824 1740 2876 sententiam
1771 2839 1880 2877 non

314 2914 453 2967 satis
505 2920 832 2972 assecutus,
888 2926 1009 2979 qua:
1072 2908 1245 2964 divini
1302 2912 1557 2967 Numinis
1617 2914 1882 2982 Operibus

310 3004 685 3057 humanarum
752 3004 986 3071 partium
1042 3005 1307 3058 vocabula
1368 3006 1582 3068 tribuit,
1632 3009 1881 3077 quando-

304 3097 541 3167 quidem
571 3112 639 3150 eo
680 3096 867 3159 modo,
902 3096 994 3165 qui
1034 3113 1121 3151 res
1152 3098 1466 3153 subtiliores
1509 3101 1793 3172 percipere
1830 3113 1886 3158 et

305 3192 514 3246 audire
546 3196 848 3255 nequeunt,
875 3186 1090 3240 facilius
1115 3189 1401 3242 consilium
1430 3189 1520 3245 Dei
1549 3192 1881 3262 intelligunt.

307 3280 545 3336 Addidit
571 3278 774 3333 deinde
804 3277 871 3331 ad
900 3277 1236 3345 impietatem
1271 3295 1389 3332 eam
1419 3281 1724 3335 consimilia
1754 3284 1884 3336 alia.

310 3378 360 3425 Δ
396 3371 650 3425 Manente
675 3373 818 3422 enim
854 3369 906 3423 id
943 3377 1248 3433 mutuatus,
1288 3372 1629 3426 conditorem
1664 3377 1888 3427 univer-

309 3463 501 3518 sitatis
548 3463 717 3531 bujus
758 3461 931 3514 Deum
976 3476 1159 3529 neque
1196 3462 1374 3528 ignem
1424 3479 1597 3532 neque
1632 3467 1887 3519 tenebras

308 3568 536 3608 creasse
575 3552 786 3637 docuit.
834 3551 1030 3605 Verum
1085 3551 1198 3604 lucc
1240 3552 1486 3618 quidem,
1533 3562 1588 3605 et
1632 3568 1888 3621 quaecun-

309 3659 427 3711 que
458 3653 589 3696 sunt
614 3642 908 3710 ejusmodi,
935 3641 1029 3709 qui
1070 3641 1323 3694 factionis
1353 3643 1474 3709 ejus
1504 3650 1652 3705 sunt,
1682 3642 1883 3695 celant.

314 3728 595 3781 Dicuntur
622 3736 807 3779 autem
859 3742 889 3778 a
936 3725 1174 3793 publicis
1225 3726 1480 3779 Ecclesiae
1526 3727 1890 3779 conventibus

309 3818 620 3886 segregari,
654 3826 943 3884 propterea
976 3815 1121 3884 quod
1149 3816 1396 3868 nonnulli
1430 3819 1714 3885 pecuniam
1743 3815 1886 3884 apud

311 3925 423 3963 nos
488 3908 832 3963 exsecranda
889 3907 1080 3960 fenore
1139 3909 1365 3977 loeeitt,
1442 3908 1696 3961 nonnulli
1760 3923 1885 3962 cum

313 4003 655 4056 mulieribus
697 4012 875 4064 extra,
929 4018 1037 4055 non
1091 4012 1151 4056 ut
1198 4002 1281 4054 lex
1328 4001 1599 4070 postulat,
1650 4003 1889 4073 cmijugii

314 4093 783 4148 consuetudinem
816 4093 1084 4147 habentes
1118 4094 1282 4161 impie
1323 4092 1527 4147 vivant.
1561 4092 1664 4158 Qui
1698 4109 1828 4147 vero
1861 4108 1889 4147 a

318 4182 530 4239 talibus
575 4183 745 4236 rebus
786 4185 894 4235 sint
940 4182 1128 4242 alieni,
1154 4181 1351 4235 libere
1378 4197 1503 4235 cum
1537 4184 1619 4237 eis
1648 4198 1894 4237 commu-

318 4273 532 4331 nicare.
585 4273 655 4328 At
708 4273 834 4327 ideo
881 4273 1002 4325 illos
1042 4287 1144 4326 suo
1187 4273 1423 4341 quodam
1464 4288 1617 4328 more
1666 4277 1733 4329 ab
1772 4275 1893 4329 aliis

316 4373 610 4432 separatos
641 4365 830 4417 vivere
862 4375 1101 4426 constat,
1127 4367 1275 4433 quod
1310 4365 1626 4433 dogmatum
1668 4380 1892 4420 suorum

317 4456 605 4511 occultent
635 4455 1034 4522 blasphemiam
1069 4466 1126 4509 et
1162 4456 1526 4525 impietatem.
1562 4458 1736 4512 Porro
1768 4458 1894 4513 ﬁcta

323 4549 442 4602 haec
471 4555 530 4600 et
564 4547 883 4600 assimulata
918 4548 1183 4602 sanctitas
1228 4548 1555 4617 arrogantia:
1583 4558 1668 4603 est
1707 4550 1892 4619 plena,

321 4657 447 4709 qua:
495 4640 708 4695 scilicet
755 4655 787 4694 a
821 4640 1071 4695 doctrina
1106 4640 1505 4696 Pharisaaorum
1553 4643 1890 4713 provenerit.

326 4734 461 4786 bam
488 4744 548 4787 et
577 4733 654 4786 illi
681 4734 993 4787 animarum
1020 4733 1185 4787 simul
1214 4742 1270 4788 et
1294 4748 1583 4803 corporum
1616 4736 1892 4790 medicum

326 4835 701 4889 accusarunt,
743 4827 811 4879 ad
856 4836 1077 4880 sanctos
1126 4827 1405 4895 apostolos
1444 4826 1696 4882 dicentes
1731 4844 1745 4881 :
1785 4827 1894 4882 Cur

322 4934 442 4971 cum
468 4918 768 4987 publicanis
798 4928 847 4969 et
882 4918 1246 4987 peccatoribus
1270 4917 1437 4970 cibum
1458 4920 1616 4972 sumit
1641 4919 1894 4987 magister

323 5022 494 5064 vester
522 5008 584 5061 ‘i
636 5010 701 5062 Et
731 5024 826 5078 per
860 5010 1183 5078 prophetam
1228 5010 1295 5063 de
1332 5010 1528 5062 talibus
1575 5009 1893 5066 hominibus

326 5107 463 5156 dicit
487 5105 633 5156 Deus
664 5104 807 5167 ερκί
832 5103 1034 5168 dicunt,
1074 5101 1250 5156 Purus
1280 5118 1415 5163 sum.
1447 5117 1515 5155 ne
1529 5118 1610 5155 me
1634 5106 1891 5174 attigeris,

324 5197 427 5248 iste
472 5196 651 5261 fumus
690 5195 890 5262 furoris
936 5196 1036 5246 mei
1082 5201 1158 5246 est
1214 5193 1254 5247 ⁸.
1298 5194 1554 5248 Sedenim
1599 5198 1892 5251 amentiam

325 5287 562 5339 istorum
595 5284 865 5339 refellere
900 5284 1168 5351 temporis
1198 5284 1355 5337 istius
1382 5299 1492 5337 non
1525 5295 1629 5339 est.
1660 5285 1896 5339 Proinde

324 5378 397 5433 ad
445 5377 659 5446 reliqua
692 5377 1169 5432 commemoranda
1207 5374 1649 5446 progrediamur.
1690 5375 1892 5430 Eodem

407 5495 422 5521 '
450 5490 646 5573 Matth.
672 5506 746 5557 ix,
779 5491 864 5543 Η.
943 5490 963 5520 ¹¹
1005 5489 1105 5545 lsa.
1135 5506 1229 5555 LII,
1270 5492 1355 5546 ll.
1434 5492 1455 5522 ³
1477 5491 1632 5547 Joan.
1664 5506 1738 5558 vt,
1770 5490 1858 5545 55.

1928 4829 2216 4909 Dvettisse
2264 4827 2537 4896 cognovit,
2587 4841 2705 4879 eam
2758 4827 2922 4894 ejecit
2969 4841 2983 4877 :

1983 2266 2251 2334 Εὐχήτας,
2283 2268 2387 2323 hoc
2420 2280 2500 2323 est
2524 2279 2843 2337 precatores,
2886 2271 2985 2324 hos
3013 2270 3422 2336 cognominant,
3449 2271 3542 2341 qui

1979 2372 2098 2409 eam
2160 2373 2350 2412 vocem
2410 2360 2463 2413 in
2514 2359 2759 2414 Graecum
2819 2362 3151 2416 transtulere
3211 2377 3541 2417 sermonem.

1982 2441 2197 2499 Habent
2228 2456 2412 2500 autem
2443 2450 2587 2502 aliud
2628 2466 2847 2519 quoque
2879 2466 3203 2520 cognomen,
3234 2468 3299 2507 ex
3332 2468 3387 2506 re
3427 2452 3543 2518 ipsa

1981 2534 2168 2588 natum
2203 2554 2216 2589 :
2254 2538 2660 2593 Ἐνθουσιασταί
2684 2543 2851 2603 enim,
2874 2542 2977 2595 hoc
3004 2554 3090 2595 cst
3112 2542 3346 2595 Numine
3376 2541 3542 2596 alllati

1982 2628 2381 2694 nominantur,
2416 2631 2661 2685 daemone
2712 2633 2968 2700 qu0piam
3010 2634 3120 2687 vim
3172 2633 3224 2687 in
3268 2634 3351 2686 eis
3390 2650 3543 2687 suam

1984 2730 2309 2781 exercente,
2343 2738 2506 2789 quam
2557 2738 2669 2775 rem
2710 2722 2948 2790 Spiritus
2980 2725 3153 2779 sancti
3205 2725 3546 2792 praiseutiam

1986 2830 2107 2867 esse
2135 2814 2449 2882 opinantur.
2477 2815 2577 2880 Qui
2608 2831 2739 2869 vero
2773 2816 2825 2868 in
2854 2816 2954 2869 hoc
2986 2816 3117 2868 vitio
3152 2815 3373 2884 perfecti
3399 2825 3548 2877 sunt,

1986 2921 2251 2963 manuum
2288 2921 2426 2973 opus
2456 2922 2617 2960 omne
2645 2915 2698 2958 et
2723 2906 2963 2960 laborem
2992 2906 3221 2976 perinde
3253 2918 3416 2976 atque
3449 2907 3552 2958 in.-

1976 3006 2318 3075 'prohitatem
2361 3014 2704 3057 aversantur.
2742 3004 2931 3071 itaque
2967 3019 3160 3058 somno
3188 3003 3381 3067 dediti,
3405 3018 3553 3055 som-

1990 3094 2205 3148 niorum
2259 3094 2497 3145 visiones
2526 3102 2580 3145 et
2607 3091 2923 3160 phantasias
2954 3090 3299 3159 pmphetiam
3328 3096 3547 3143 vocant.

1991 3184 2152 3238 lstius
2186 3184 2407 3237 hatresis
2438 3184 2605 3236 duces
2649 3182 2803 3234 fuere
2844 3180 3080 3241 Dadoes,
3119 3180 3347 3239 Sabbas.
3390 3177 3554 3232 Adelc

1989 3278 2174 3348 pitius,
2219 3279 2447 3329 Hermas
2499 3285 2553 3329 et
2585 3276 2905 3345 Symeones.
2940 3284 3103 3342 atque
3153 3282 3408 3339 prmterca
3437 3270 3553 3323 atii.

1990 3370 2090 3436 Qui
2119 3370 2339 3438 quidem
2384 3386 2441 3422 se
2492 3368 2558 3420 ab
2604 3365 2981 3420 ecclesiastici:
3015 3362 3403 3417 communione
3446 3376 3553 3413 non

1991 3461 2392 3518 abstinuerunt.
2428 3457 2564 3510 nihil
2596 3473 2821 3524 prorsus
2845 3456 2930 3509 vel
2963 3455 3219 3523 prodesse
3249 3451 3330 3503 vel
3360 3451 3555 3503 obesse

1993 3553 2233 3605 divinam
2266 3566 2445 3602 escam
2477 3550 2747 3605 dicentes.
2778 3549 2852 3602 De
2882 3563 2986 3615 qua
3015 3544 3278 3598 Dominus
3302 3541 3558 3596 Christus

1994 3643 2173 3708 inquit
2204 3658 2215 3691 :
2251 3640 2350 3703 Qui
2384 3640 2668 3691 manduca!
2702 3654 2869 3690 meum
2907 3644 3206 3699 carnem,ct
3236 3633 3358 3686 bibit
3386 3647 3556 3684 meum

1989 3734 2321 3801 sanguinem,
2352 3733 2480 3786 t'ivet
2505 3732 2559 3784 iu
2589 3740 2843 3786 retentum
2873 3738 2911 3783 ⁸.
2943 3732 3399 3785 ΜυτὶιυῐιὶὯυιῐὶΠὶ
3431 3742 3557 3781 cum

1990 3825 2334 3897 supprimere
2361 3825 2550 3879 sedulo
2574 3834 2863 3884 conantur.
2890 3832 2945 3877 et
2968 3822 3221 3877 eumdem
3244 3821 3406 3875 etiam
3430 3835 3562 3874 con-

1993 3915 2121 3968 victi
2154 3914 2504 3984 impudenter
2540 3921 2841 3984 pernegant
2880 3929 2895 3965 ς
2930 3924 2984 3969 et
3019 3911 3128 3969 illis
3158 3914 3250 3981 qui
3281 3912 3335 3965 in
3366 3911 3557 3966 eadem

1995 4017 2124 4061 sunt
2158 4006 2457 4074 opinione,
2500 4021 2662 4074 quam
2715 4006 2817 4074 ipsi
2861 4006 3043 4058 animo
3092 4004 3559 4073 complectuntur,

1994 4096 2236 4151 Ecclesia
2288 4096 2651 4150 interdicunt.
2707 4095 2930 4151 Letoius
2979 4109 3110 4148 sane
3155 4094 3559 4149 Melitiuensem

1993 4190 2307 4256 gubernans
2340 4189 2660 4252 Ecclesiam,
2695 4192 2778 4240 vir
2808 4188 2998 4241 divino
3026 4186 3224 4241 ardore
3257 4194 3558 4254 spectatus,

1994 4295 2117 4334 cum
2158 4279 2328 4331 multa
2371 4279 2701 4332 monasteria
2734 4293 2830 4332 seu
2874 4277 3056 4345 potius
3088 4276 3404 4345 praedonum
3436 4289 3562 4344 Spe-

1995 4372 2185 4425 luncas
2217 4372 2545 4439 contagione
2579 4369 2756 4423 morbi
2795 4372 2916 4439 ejus
2949 4369 3151 4437 corripi
3184 4368 3400 4423 videret
3422 4406 3435 4431 ,
3469 4383 3562 4422 eas

1996 4462 2263 4521 incendit,
2302 4472 2359 4516 et
2392 4464 2550 4530 lupos
2584 4462 2653 4515 ab
2686 4461 2869 4516 ovium
2902 4476 3063 4531 grege
3093 4460 3331 4529 depulit.
3368 4460 3559 4513 Itidem

1995 4562 2051 4607 et
2081 4546 2535 4622 prazclarissimus
2565 4553 2655 4607 ille
2683 4552 3122 4622 Amphilochius,
3155 4553 3247 4618 qui
3286 4562 3564 4618 metropo-

1995 4646 2091 4700 lim
2126 4644 2413 4716 Lycaonia:
2451 4645 2574 4697 lidei
2615 4660 2725 4698 suae
2758 4644 3024 4697 creditam
3063 4644 3220 4704 rexit,
3257 4653 3312 4696 et
3343 4654 3559 4713 gentem

1997 4738 2312 4791 universam
2361 4736 2708 4805 gubernavit,
2745 4734 2836 4787 ubi
2888 4741 3096 4804 pestem
3132 4735 3292 4787 talem
3335 4749 3400 4789 eo
3431 4750 3560 4805 per-

3029 4833 3087 4878 et
3134 4841 3326 4894 greges
3367 4825 3461 4891 qui
3493 4826 3562 4879 ab

2000 4934 2066 4973 eo
2091 4917 2478 4988 pascebantur,
2512 4916 2664 4969 clade
2696 4932 2757 4968 ea
2809 4916 3083 4969 liberavit.
3129 4916 3299 4970 Porro
3342 4924 3397 4970 et
3442 4916 3559 4970 Fla-

1998 5011 2217 5072 vianus,
2248 5007 2452 5062 celebri
2486 5008 2625 5061 fama
2656 5008 2758 5070 vir,
2796 5016 3083 5077 postquam
3117 5007 3423 5062 Antiochia:
3446 5009 3560 5077 epi-

2001 5116 2201 5171 scopas
2241 5112 2325 5155 est
2375 5102 2570 5164 factus,
2622 5111 2677 5154 et
2726 5102 2777 5154 id
2829 5117 3004 5171 genus
3054 5102 3304 5156 homines
3355 5104 3565 5156 lidessae

2003 5193 2212 5245 versari
2243 5192 2520 5260 cognovit,
2567 5206 2777 5245 veneno
2808 5207 2908 5245 suo
2943 5191 3207 5246 ﬁnitimos
3235 5191 3561 5253 inlicientcs,

2004 5284 2400 5335 monachorum
2461 5282 2750 5337 sodalitate
2807 5285 3039 5353 quadam
3101 5284 3169 5337 ad
3223 5298 3318 5336 eos
3379 5284 3563 5343 missa,

2004 5376 2353 5430 Antiochiam
2403 5391 2497 5431 eos
2547 5378 2831 5446 pertraxit,
2877 5387 2932 5429 et
2978 5375 3359 5446 aegritudinem
3410 5389 3563 5426 δυριιιι

397 5642 475 5710 (l;
509 5641 958 5695 Massalianornm
1013 5640 1267 5702 istorum,
1338 5637 1518 5706 quiet
1551 5637 1793 5693 Eochitte
1836 5638 1951 5692 sive
1991 5635 2361 5691 Enthusiastaa
2413 5634 2695 5698 dicuntur,
2752 5634 2958 5688 mentio
3010 5632 3088 5696 fit,
3140 5631 3177 5685 l.
3235 5631 3461 5691 Ariani.
3513 5642 3571 5685 ut

326 5725 489 5777 supra
