3986 6190
528 274 634 339 6i5

1753 273 2174 334 NlCEPllORl
2216 275 2303 334 CA
2314 274 2558 334 LLiSTl
3334 332 3341 347 κ
3627 278 3715 341 6l6

529 397 895 462 pernegautes
938 387 1005 442 ad
1052 387 1200 441 hunc
1233 385 1456 440 modum
1496 385 1550 440 in
1588 385 1820 440 crimine
1855 384 1977 455 ipso
2010 384 2105 440 de-
2128 392 2178 448 Α
2206 400 2381 440 noxas
2432 385 2736 440 remittere.
2785 382 3069 455 Ejusmodi
3119 381 3329 439 litteras
3372 383 3424 439 in
3465 386 3721 455 provinciis

532 481 850 552 prehendit.
916 481 1284 534 Accusatores
1345 476 1493 531 enim
1559 490 1753 531 eorum
1816 475 1953 530 falsa
2008 491 2106 546 per

532 573 860 628 calumniam
904 571 1144 634 deferre,
1190 577 1248 623 et
1302 576 1470 622 testes
1523 566 1806 621 mendacia
1857 565 2105 636 proferre

533 665 693 719 dixit.
755 661 1086 731 Adelphium
1149 670 1334 715 autem
1403 658 1698 713 admodum
1750 657 1860 728 jam
1919 673 2104 713 senem

532 753 727 809 blande
773 750 1131 821 compellans,
1177 749 1422 803 assidere
1469 748 1573 803 sibi
1618 748 1784 819 jussit
1826 748 1937 801 :Et
1980 763 2105 812 nos,

532 843 732 912 inquit,
774 857 806 895 o
851 856 1041 903 senex,
1078 840 1171 910 qui
1215 841 1326 910 jam
1370 840 1537 893 vitam
1588 854 1759 909 prepe
1802 840 2104 907 exegimus,

532 933 742 988 certius
774 947 898 986 cum
932 931 1229 984 humanam
1268 939 1521 983 naturam
1554 927 1956 997 perspeximus,
1990 935 2103 980 tum

530 1024 977 1078 adversariorum
1016 1021 1328 1075 daemonum
1366 1021 1730 1089 cognovimus
1762 1019 2115 1083 molitiones,

530 1116 714 1183 reipsa
752 1128 973 1182 quoque
1018 1112 1206 1182 gratia:
1240 1111 1809 1166 subministrationem
1859 1109 2106 1179 perdidi-

532 1209 734 1261 cimus.
766 1207 1006 1262 Juvenes
1038 1220 1221 1259 autem
1271 1205 1384 1267 isti,
1427 1204 1520 1275 qui
1557 1203 1751 1257 harum
1795 1218 1979 1256 rerum
2016 1217 2107 1257 ac-

530 1299 781 1352 curatius
833 1298 972 1352 nihil
1033 1297 1391 1366 intelligunt,
1447 1312 1731 1351 sermones
1786 1298 2104 1368 spiritualcs

530 1390 725 1444 audire
786 1405 893 1443 non
952 1389 1250 1443 sustinent.
1307 1389 1657 1459 Quapropter
1714 1389 1849 1443 mihi
1904 1388 2102 1452 dicito,

531 1481 809 1552 quomodo
835 1495 939 1535 vos
960 1480 1262 1550 perhibetis
1284 1497 1410 1535 cum
1439 1481 1697 1550 spiritum
1724 1480 2101 1536 adversarium

532 1572 768 1635 cedere,
827 1580 940 1624 tum
1001 1570 1238 1641 Spiritus
1294 1572 1468 1626 sancti
1523 1571 1756 1642 gratiam
1798 1572 2106 1628 advenire?

539 1662 729 1718 Verbis
786 1663 939 1718 hisee
996 1678 1166 1719 senex
1223 1664 1550 1729 demulsus,
1610 1680 1882 1719 venenum
1939 1682 2103 1721 omne

2209 475 2466 546 degentes
2515 472 2770 529 homines
2833 490 2960 530 cum
3024 474 3386 543 accepissent,
3436 479 3720 532 sententiam

2208 582 2397 621 earum
2423 577 2479 621 et
2499 566 2767 637 judicium
2803 567 2870 621 ad
2902 582 3086 622 mores
3109 582 3238 622 suos
3260 569 3718 626 accommodabant.

2211 657 2279 713 Ut
2315 657 2462 721 enim
2518 657 2609 712 ille
2660 656 3012 727 signiﬁcavit,
3070 672 3181 711 non
3233 658 3581 715 admittendos
3621 676 3722 716 esse

2208 746 2276 800 ad
2339 747 2620 818 mysteria.
2673 748 2768 816 qui
2829 758 2951 816 post
2999 746 3329 815 baptismum
3380 756 3636 815 peccatum
3676 749 3722 802 in

2207 841 2438 887 mortem
2470 833 2870 888 admisissent:
2911 834 3034 888 aliis
3061 834 3283 904 quidem
3334 837 3522 891 acerba
3560 848 3609 889 et
3642 839 3724 890 im-

2210 924 2386 979 manis
2415 925 2643 979 canonis
2678 926 2997 996 hujusmodi
3024 927 3139 980 visa
3198 936 3283 981 est
3310 942 3429 980 esse
3469 930 3726 991 sentcntia,

2208 1014 2301 1067 alii
2349 1025 2569 1083 autem,
2626 1017 2772 1086 quod
2821 1018 3030 1088 justum
3080 1027 3139 1074 et
3177 1018 3245 1073 ad
3278 1018 3442 1074 vitam
3474 1034 3727 1089 moresque

2207 1104 2567 1175 corrigendos
2627 1109 3101 1162 accommodatum
3151 1122 3276 1163 esse
3332 1117 3607 1162 censerent
3646 1108 3726 1161 de-

2208 1206 2445 1263 cretum,
2488 1213 2783 1268 suscepere
2812 1200 2913 1270 (2).
2963 1200 3036 1256 De
3083 1214 3195 1269 quo
3236 1216 3360 1255 cum
3393 1216 3487 1269 per
3511 1202 3730 1270 quaestio-

2206 1302 2334 1341 nem
2378 1288 2777 1359 ambigeretur,
2826 1291 2949 1345 alia:
2996 1290 3240 1346 Cornelii
3287 1291 3521 1360 episcopi
3567 1306 3729 1359 Super-

2206 1392 2410 1433 venere
2439 1379 2662 1445 litterae,
2710 1383 2946 1451 gratiam
2989 1383 3177 1438 delicti
3222 1382 3388 1436 etiam
3424 1382 3527 1437 illis
3550 1398 3729 1437 annun-

2209 1471 2431 1534 tiantes,
2463 1473 2557 1541 qui
2593 1484 2716 1543 post
2750 1475 3087 1545 baptismum
3118 1486 3459 1546 peccassent.
3504 1477 3577 1530 Ad
3609 1477 3730 1530 hunc

2207 1562 2436 1615 modum
2467 1579 2590 1617 cum
2627 1568 2853 1635 utrique
2883 1569 3161 1622 contraria
3191 1568 3336 1622 inter
3362 1583 3418 1622 se
3446 1584 3536 1637 per
3559 1568 3731 1637 episto-

2206 1652 2288 1707 las
2322 1654 2652 1718 scriberent,
2682 1667 2739 1711 et
2780 1673 2906 1727 quae
2952 1658 3217 1713 dicebant
3264 1659 3561 1714 divinarum
3588 1660 3730 1714 Litte-

532 1769 893 1823 suppressum
945 1755 1238 1821 evomuit,
1308 1764 1365 1811 et
1421 1757 1631 1811 nullam
1692 1757 1980 1812 utilitatem
2032 1774 2099 1813 ex

2207 1757 2392 1798 rarum
2427 1747 2670 1802 oraculis
2696 1747 3082 1815 obfirmarent,
3110 1765 3214 1820 pro
3253 1750 3497 1805 moribus
3531 1750 3728 1820 quisque

530 1846 695 1916 129
726 1846 915 1900 divino
970 1846 1245 1915 baptismo
1282 1849 1350 1903 ad
1399 1848 1505 1904 eos
1540 1849 1634 1918 qui
1669 1863 1738 1903 eo
1788 1859 2099 1915 uterentur,

530 1934 822 2003 pervenire
854 1928 1015 1989 dixit.
1050 1935 1232 1991 Solam
1265 1946 1448 1992 autem
1496 1937 1803 1992 orationem
1850 1938 2101 1994 sedulam

529 2024 834 2079 daemonem
883 2025 941 2079 in
985 2025 1186 2085 animis
1237 2026 1582 2083 habitantem
1633 2028 1857 2098 ejicere.
1890 2028 2105 2084 Unum-

527 2131 805 2185 quemque
854 2116 1002 2170 enim
1058 2118 1155 2188 qui
1213 2129 1472 2173 nascatur
1522 2118 1801 2174 hominem
1860 2135 1890 2173 a
1925 2120 2103 2190 primo

530 2215 781 2273 parente,
841 2206 1008 2260 sicuti
1063 2214 1340 2272 naturam,
1382 2208 1457 2261 ita
1515 2207 1829 2262 daemonum
1880 2225 2103 2280 quoque

531 2294 857 2348 servitutem
935 2295 1176 2350 trahere.
1261 2296 1472 2362 Quibus
1526 2299 1848 2368 precatione
1914 2300 2103 2354 sedula

530 2383 778 2445 exactis,
836 2384 1101 2456 deinceps
1155 2384 1422 2456 Spiritum
1488 2398 1742 2443 sanctum
1804 2389 2101 2453 advenire,

532 2472 884 2542 praesentiam
919 2487 1097 2539 suam,
1128 2477 1203 2530 ita
1231 2486 1289 2531 ut
1316 2477 1588 2531 sentiatur
1616 2488 1668 2543 et
1702 2480 2101 2548 conspiciatur,

531 2563 889 2632 indicantem,
956 2581 1272 2637 corpusque
1312 2569 1382 2623 ab
1425 2569 1780 2623 aﬂectionum
1831 2588 1927 2626 seu
1976 2560 2104 2641 per-

422 2672 435 2677 -
528 2657 849 2725 pessionunt
884 2666 1032 2711 metu
1072 2659 1425 2726 liberantem,
1463 2673 1516 2715 et
1548 2662 1785 2716 animam
1832 2666 1901 2719 ab
1940 2665 2101 2719 incli-

528 2749 751 2803 natione
790 2763 855 2804 ea
891 2766 1012 2818 qua:
1057 2752 1113 2805 in
1152 2753 1399 2807 deterius
1436 2754 1565 2820 fert,
1599 2755 1672 2809 ita
1702 2757 2098 2827 vindicantem,

529 2849 587 2891 ut
620 2849 814 2908 postea
843 2856 1023 2908 neque
1055 2842 1395 2899 abstinentia
1435 2854 1492 2899 et
1532 2846 1744 2916 jejunio
1776 2863 1981 2919 corpus
2006 2866 2100 2907 ca-

527 2929 786 2999 stigante,
819 2947 1002 3001 neque
1036 2932 1290 2989 doctrina
1324 2951 1446 3004 qua:
1468 2935 1656 2993 frenos
1679 2939 1840 2995 nobis
1863 2943 2098 3013 injiciat,

2204 1836 2323 1893 suis
2355 1853 2476 1893 eam
2509 1840 2904 1909 comprobabat
2933 1843 3292 1908 sententiam,
3328 1843 3394 1897 ad
3419 1859 3572 1913 quam
3600 1855 3727 1897 antea

2203 1931 2368 1985 etiam
2404 1930 2701 1987 inclinatus
2725 1934 2895 2003 magis
2924 1934 3128 1989 fuerat.
3150 1935 3261 2001 Qui
3283 1936 3427 1990 enim
3450 1936 3727 2006 delinquere

2204 2032 2261 2076 et
2296 2037 2526 2093 peccare
2552 2024 2791 2079 libenter
2823 2026 2968 2080 soliti
2999 2040 3185 2092 erant,
3233 2029 3558 2100 ejuscemodi
3588 2033 3729 2083 venia:

2204 2116 2565 2169 concessione
2623 2123 2737 2170 tum
2792 2127 3036 2188 accepta,
3098 2135 3202 2190 per
3261 2123 3522 2203 reliquum
3567 2123 3730 2179 deinde

2204 2205 2331 2259 vita:
2382 2214 2601 2277 tempus
2651 2223 2717 2262 ca
2771 2208 2826 2262 in
2878 2210 3096 2266 delictis
3145 2213 3408 2269 omnibus
3457 2214 3731 2270 utebantur.

2204 2296 2352 2352 Gens
2401 2314 2568 2368 porro
2628 2301 2904 2371 Phrygum
2948 2304 3167 2373 populis
3212 2305 3338 2361 aliis
3382 2311 3731 2377 temperantior

2207 2390 2657 2462 moderatiorque
2681 2409 2804 2449 esse
2828 2395 3067 2451 videtur.
3100 2398 3338 2454 Perraro
3362 2403 3503 2454 enim
3528 2401 3734 2471 Phrygis

2201 2484 2410 2555 jurant.
2468 2484 2536 2539 Et
2582 2486 2866 2542 iracundia
2913 2489 3136 2558 quidem
3212 2493 3359 2561 apud
3425 2492 3633 2565 Scythas
3685 2505 3733 2547 et

2208 2572 2453 2629 Thraces
2513 2574 2828 2631 dominatur
2869 2596 2885 2633 :
2937 2578 3153 2635 libidini
3210 2590 3268 2635 et
3320 2585 3735 2652 concupiscentiae

2205 2664 2518 2721 Orientales
2542 2669 2733 2739 populi
2775 2670 2949 2741 magis
2977 2673 3292 2729 inserviunt
3324 2692 3339 2730 :
3369 2676 3731 2748 Paphlagonum

2206 2765 2392 2810 autem
2424 2767 2481 2813 et
2510 2759 2787 2832 Phrygum
2821 2778 2957 2834 gens
2995 2764 3065 2819 ad
3095 2776 3361 2823 neutrum
3405 2785 3574 2823 rerum
3620 2774 3732 2825 ista-

2209 2866 2330 2904 rum
2382 2868 2654 2922 pr0pensa
2714 2865 2819 2911 est.
2880 2857 3071 2928 Neque
3120 2862 3275 2916 enim
3328 2863 3439 2917 ludi
3485 2863 3735 2920 Circenses

2205 2957 2386 3012 neque
2444 2945 2754 3014 spectacula
2817 2964 2969 3004 nunc
3042 2956 3189 3021 apud
3266 2969 3362 3010 eos
3418 2956 3733 3015 exhibentur.

526 3029 579 3072 et
632 3024 937 3091 composite
977 3025 1262 3079 ambulare
1315 3027 1530 3093 doceat,
1569 3030 1640 3083 sit
1691 3046 1851 3101 opus.
1911 3034 1975 3088 Et
2007 3037 2096 3090 cui
2128 3064 2172 3121 ο
2206 3038 2558 3108 Quapropter
2589 3041 2666 3095 illi
2697 3052 2863 3113 atque
2894 3043 3030 3098 item
3078 3046 3174 3100 alii
3213 3048 3455 3114 ejusdem
3488 3052 3734 3107 sententia

528 3120 606 3164 ita
645 3111 886 3180 Spiritus
934 3124 1163 3169 sanctus
1213 3117 1530 3186 obveniret,
1576 3137 1702 3176 eum
1754 3138 1863 3177 nou
1922 3127 2099 3181 solum

526 3216 555 3254 ει
615 3204 869 3271 corporis
931 3205 1343 3263 titillationibus
1380 3209 1645 3275 liberari,
1705 3231 1897 3270 verum
1933 3219 2098 3272 etiam

526 3289 673 3344 clare
735 3293 920 3347 futura
979 3297 1306 3364 praevidere,
1371 3310 1425 3354 et
1470 3303 1797 3359 Trinitatem
1858 3309 2098 3364 divinam

528 3381 707 3437 oculis
753 3385 867 3440 suis
918 3401 1166 3441 cernere.
1228 3389 1341 3444 Hoc
1385 3404 1547 3460 pacto
1595 3396 1760 3451 divus
1804 3398 2102 3456 Flavianus

529 3472 728 3539 putido
768 3474 972 3532 eﬂ‘osso
1006 3479 1181 3545 fonte,
1214 3492 1271 3537 et
1319 3486 1490 3553 impio
1539 3489 1749 3543 nudato
1797 3490 1982 3557 latice,
2032 3494 2100 3547 ad

524 3564 806 3621 infelicem
843 3569 998 3623 illum
1043 3587 1232 3627 senem
1269 3574 1450 3644 inquit
1486 3593 1500 3630 :
1534 3577 1843 3637 Inveterate
1884 3584 2098 3640 dierum

525 3658 818 3722 malorum,
850 3662 1133 3731 redarguit
1162 3671 1214 3718 te
1242 3680 1305 3717 os
1339 3675 1518 3734 tuum,
1548 3685 1653 3724 non
1687 3686 1788 3742 ego
1820 3689 1835 3726 :
1871 3685 1924 3729 et
1952 3676 2100 3732 labia

525 3759 619 3803 tua
660 3752 1036 3808 testimonium
1072 3757 1480 3824 perhibuerunt
1504 3770 1698 3817 contra
1730 3774 1803 3818 te.
1843 3765 1909 3820 Et
1941 3777 2098 3836 peste

526 3841 616 3895 illa
652 3842 706 3896 in
737 3856 988 3913 apertum
1026 3849 1262 3915 prolata,
1295 3845 1454 3919 Syria
1488 3863 1617 3907 sunt
1640 3856 1838 3922 exacti,
1864 3868 1919 3910 et
1942 3858 2101 3912 Pam-

522 3932 763 4003 phyliam
797 3936 1248 4007 commigraute’s,
1278 3956 1400 3994 eam
1438 3958 1659 4013 quoque
1699 3947 1853 4002 clade
1898 3948 2098 4020 imple-

522 4036 747 4080 verunt.
798 4029 980 4098 Atque
1038 4032 1154 4086 haec
1205 4033 1430 4100 quidem
1481 4035 1549 4090 de
1590 4039 1844 4093 absurdis
1893 4041 2014 4096 istis
2041 4051 2098 4095 et

525 4118 727 4185 ineptis
785 4119 1093 4175 haeresibus
1158 4124 1271 4177 sint
1333 4126 1503 4181 dicta.
1587 4128 1796 4183 Eodem
1852 4140 2098 4201 tempore

522 4205 817 4261 Novatiani
843 4210 920 4278 (1)
950 4227 1176 4281 quoque
1198 4215 1489 4287 Phrygiam
1520 4212 1846 4286 incolentes,
1876 4222 2098 4280 Pascha:

526 4297 671 4352 diem
708 4298 909 4354 festum
958 4314 1266 4362 mutavere.
1320 4306 1382 4361 Μ
1440 4325 1604 4377 porro
1653 4328 1944 4381 exponam,
2000 4317 2095 4370 ubi

526 4391 767 4459 primum
805 4394 1021 4459 dixero,
1051 4399 1410 4466 quamobrem
1443 4401 1685 4472 Phryges
1713 4415 1768 4459 et
1800 4406 2099 4479 Paphlago—
2130 4395 2175 4449 Ῐ)

526 4495 628 4534 nes
678 4483 937 4538 Ecclesia
973 4501 1164 4541 eorum
1211 4497 1321 4544 tant
1375 4492 1609 4547 ﬁrmiter
1658 4496 1933 4553 retineant
1990 4500 2096 4553 ltu-

518 4571 758 4639 jusmodi
803 4576 1135 4632 sanctiones.
1186 4579 1431 4636 Novatus
1466 4585 1759 4654 presbyter
1804 4600 2096 4657 propterea

522 4663 592 4717 ab
652 4666 884 4721 ecclesia
937 4664 1182 4724 Romaria
1240 4673 1534 4740 discessit,
1596 4678 1741 4746 quod
1807 4679 2095 4738 Cornelius

521 4757 816 4826 episcopus
849 4774 947 4815 eos
973 4763 1039 4815 ad
1070 4767 1513 4821 communionem
1548 4770 1870 4837 admiserat,
1913 4776 2006 4842 qui
2034 4774 2089 4827 in

524 4850 905 4916 persecutione
954 4854 1023 4907 ab
1071 4855 1410 4924 imperatore
1459 4859 1626 4913 Decio
1679 4863 1936 4928 excitata,
1989 4866 2097 4921 diis

523 4936 992 4994 sacriﬁcat/erant.
1025 4943 1175 4997 lianc
1202 4947 1372 5013 ipsam
1402 4948 1473 5001 ob
1499 4964 1721 5003 causam
1751 4964 2094 5023 segregatus,

523 5035 578 5080 ut
599 5032 1142 5089 a'consentientibus
1169 5038 1273 5091 sibi
1305 5040 1582 5109 episc0pis
1615 5042 1681 5095 ad
1713 5045 2094 5112 episc0patum

524 5132 775 5187 evectus,
817 5126 1076 5181 ornuibus
1113 5130 1320 5199 ubique
1349 5131 1613 5189 Ecclesiis
1642 5136 1888 5206 scripsit,
1928 5154 1995 5192 ne
2030 5141 2097 5193 ad

522 5214 781 5284 tityster-ia
838 5218 1192 5287 percipienda
1242 5237 1338 5275 eos
1379 5224 1471 5292 qui
1531 5227 1941 5283 sacrilicasseut
2000 5232 2094 5284 ad-

525 5306 811 5361 mitterent
845 5324 859 5361 :
890 5310 984 5363 sed
1020 5310 1168 5381 ipsos
1202 5315 1427 5382 quidem
1461 5317 1527 5371 ad
1562 5320 1943 5387 paenitentiam
1993 5338 2092 5377 co-

522 5396 900 5467 hortarentur,
934 5402 1049 5457 Deo
1076 5415 1258 5461 autem
1299 5408 1473 5463 venite
1508 5414 1919 5467 concessionem
1960 5429 2091 5483 per-

522 5488 825 5556 mitterent,
856 5493 949 5562 qui
989 5495 1139 5550 solus
1179 5497 1495 5554 facultatem
1530 5501 1758 5557 haberet
1811 5514 1868 5558 et
1903 5513 2091 5573 posset

598 5630 672 5709 (il
702 5633 853 5709 Socr.
886 5635 981 5689 lib.
1004 5651 1086 5709 tv,
1123 5653 1243 5709 cap.
1274 5640 1364 5693 28.

2208 3130 2342 3183 mihi
2373 3134 2546 3202 magis
2575 3133 2844 3191 inclinare
2873 3137 3134 3193 videntur
3162 3142 3236 3196 ad
3270 3158 3336 3196 ea
3360 3160 3478 3214 qua:
3506 3161 3533 3199 a
3557 3146 3733 3201 Novato

2204 3224 2521 3293 pra'scripta
2574 3235 2723 3280 sunt.
2773 3227 3120 3299 Praecipuum
3158 3250 3403 3306 namque
3454 3238 3589 3308 apud
3633 3239 3733 3294 illos

2206 3324 2464 3384 tanquam
2498 3318 2770 3386 piaculum
2819 3330 2877 3375 et
2929 3309 3276 3380 abominatio
3324 3338 3408 3383 est
3453 3328 3730 3384 fornicatio.

2203 3403 2272 3458 Et
2299 3420 2432 3462 sane
2463 3407 2706 3479 Phryges
2745 3420 2801 3465 et
2834 3411 3219 3484 Paphlagones
3267 3418 3539 3474 moderate
3569 3421 3729 3490 magis.

2203 3515 2368 3569 quam
2396 3502 2532 3556 alias
2571 3517 2933 3574 quascunque
2962 3506 3225 3574 barreses,
3262 3510 3447 3566 vivere
3487 3512 3729 3567 videmus.

2209 3590 2475 3646 Eamdem
2526 3608 2749 3649 causam
2798 3611 2922 3651 esse
2971 3598 3173 3667 Opinor
3230 3600 3313 3657 eis
3355 3585 3514 3657 etiﬁn
3559 3604 3642 3672 qui
3685 3603 3727 3655 in

2203 3685 2646 3741 occidentalibus
2706 3689 2959 3757 partibus
3011 3690 3288 3761 habitant,
3338 3705 3393 3750 et
3431 3695 3607 3751 Novati
3654 3697 3732 3748 de-

2202 3787 2358 3831 creto
2421 3790 2639 3847 parent.
2714 3778 2889 3836 Porro
2941 3782 3192 3840 Novatus
3254 3787 3467 3842 etiamsi
3539 3796 3731 3858 propter

2201 3869 2448 3924 exaCtius
2496 3871 2622 3925 vita:
2675 3887 2851 3942 genus
2886 3888 3041 3929 suam
3093 3877 3204 3931 sibi
3253 3890 3453 3935 sectam
3506 3880 3728 3943 instituit,

2202 3974 2312 4012 non
2340 3958 2431 4014 ille
2461 3969 2640 4016 tamen
2670 3962 2973 4033 quidquam
3011 3965 3080 4020 de
3110 3966 3340 4024 Pascha
3369 3970 3502 4025 festo
3532 3972 3614 4025 die
3636 3986 3732 4023 mu-

2204 4054 2360 4109 tavit.
2393 4053 2622 4124 Semper
2649 4070 2915 4126 namque,
2964 4058 3126 4114 sicuti
3168 4060 3545 4118 Occidentales
3576 4072 3729 4134 partes

2202 4144 2386 4200 facere
2445 4149 2619 4202 solita:
2674 4160 2856 4215 erant,
2914 4160 2972 4205 et
3026 4153 3143 4222 ipse
3190 4153 3400 4211 Pascha
3449 4157 3726 4213 celebravit.

2199 4234 2408 4289 Pascha
2460 4247 2645 4291 autem
2702 4240 2810 4294 illa:
2854 4255 3073 4312 semper
3133 4257 3309 4317 agunt
3354 4250 3465 4320 jam
3518 4250 3632 4303 inde
3670 4248 3728 4301 ab

2204 4326 2387 4392 initio,
2422 4341 2490 4382 ex
2538 4344 2649 4398 quo
2695 4330 2994 4390 Christiani
3046 4350 3177 4394 sunt
3232 4342 3382 4407 facti,
3431 4355 3547 4413 post
3584 4343 3726 4411 tequi-

2205 4420 2470 4475 noctium.
2504 4422 2605 4477 llic
2635 4427 2986 4494 postmodum
3041 4431 3145 4487 sub
3179 4434 3460 4489 Valeriano
3493 4436 3725 4505 principe,

2202 4510 2298 4578 qui
2343 4512 2786 4579 persecutionem
2839 4520 3106 4574 adversus
3130 4519 3479 4578 Christianos
3519 4523 3724 4577 concita-

2198 4609 2377 4665 verat,
2407 4605 2669 4673 martyrio
2696 4606 2864 4661 vitam
2891 4606 3054 4665 ﬁniit.
3084 4611 3188 4676 Qui
3225 4628 3351 4668 vero
3383 4614 3498 4683 ejus
3535 4612 3724 4667 nomine

2200 4693 2257 4746 in
2285 4693 2523 4764 Phrygia
2553 4708 2871 4768 censentur,
2898 4702 2969 4755 ab
2997 4701 3271 4762 institutis
3298 4715 3355 4761 et
3381 4705 3724 4761 communione

2198 4787 2318 4856 ejus
2347 4803 2471 4842 cum
2502 4789 2607 4844 sibi
2641 4791 2776 4859 ipsis
2801 4792 3151 4865 indulgentes
3174 4798 3599 4869 degenerassent,
3637 4798 3722 4849 hoc

2200 4885 2444 4979 tempore
2470 4882 2726 4948 paschale
2758 4899 2984 4955 quoque
3027 4887 3229 4944 festum
3278 4900 3566 4943 mutarunt.
3602 4887 3720 4979 Con.

2196 4967 2340 5021 cilio'
2379 4968 2525 5022 enim
2585 4971 2638 5024 in
2691 4973 2831 5026 Pazo
2893 4975 3043 5043 vico,
3109 4978 3205 5032 ubi
3271 4978 3518 5049 Saugaris
3565 4976 3715 5032 amnis

2201 5057 2361 5128 130
2399 5058 2578 5115 fontes
2607 5073 2761 5127 sunt,
2791 5076 3007 5130 coacto,
3034 5070 3191 5137 pauci
3216 5071 3434 5139 quidam
3457 5079 3511 5124 et
3530 5065 3715 5123 obscuri

2199 5165 2299 5218 per
2326 5151 2616 5222 Phrygiam
2666 5154 3100 5223 Novatianorum
3152 5162 3395 5231 episcopi
3423 5166 3714 5217 statuerunt,

2198 5245 2514 5301 Judaeorum
2559 5264 2747 5321 azyma
2802 5253 3146 5311 observanda
3178 5270 3236 5311 et
3282 5273 3403 5312 cum
3431 5262 3509 5312 eis
3539 5252 3714 5310 Pascha

2199 5339 2595 5395 celebrandum
2644 5358 2788 5399 esse.
2827 5343 2954 5401 Haec
2996 5348 3102 5403 sibi
3150 5352 3456 5404 renuntiata
3498 5360 3606 5402 esse
3630 5342 3717 5396 SO-

2198 5442 2379 5488 crates
2402 5434 2520 5504 (qui
2553 5435 2658 5490 hoc
2682 5437 2806 5491 loco
2835 5454 2946 5493 non
2978 5441 3277 5496 abhorrere
3327 5456 3384 5497 se
3427 5456 3454 5495 a
3493 5434 3714 5493 Novatia-

2198 5540 2400 5579 norum
2431 5525 2701 5583 institutis
2726 5530 2903 5599 palam
2930 5547 3042 5601 pra:
3072 5547 3127 5587 se
3159 5532 3286 5601 fert)
3318 5548 3346 5585 a
3370 5545 3494 5585 sene
3513 5525 3711 5599 quodam

621 5700 676 5767 1’.)
711 5700 832 5753 Haec
878 5720 945 5756 ex
999 5704 1156 5763 Socr.
1190 5700 1475 5777 excerpta,
1525 5728 1686 5777 quem
1740 5713 2052 5769 Novatiana:
2092 5712 2317 5768 hmresis
2349 5719 2678 5766 sectatorem
2714 5709 3059 5780 Nicephorus
3089 5727 3210 5768 esse
3239 5713 3454 5769 censuit.
