3986 6190
317 207 428 284 sti
579 304 588 315 ι
1251 207 1849 284 ECCLESIASTIC.~E
1884 207 2272 284 nis'rontm
2313 223 2461 287 LIB.
2501 207 2605 286 Xl.
3459 218 3563 283 διδ

318 331 520 388 scribit
549 328 648 401 (l),
675 325 770 401 qui
812 326 871 385 se
929 322 1232 402 presbyteri
1284 333 1455 388 illium
1505 331 1674 388 fuisse
1730 323 1886 398 dixit,
1919 351 1968 409 Α
1992 343 2080 387 est
2107 348 2219 386 non
2249 332 2568 400 incelebris)
2598 328 2868 400 episcopi,
2908 345 2938 384 a
2963 327 3165 399 quibus
3190 337 3304 385 tum
3329 321 3563 386 maxime

317 439 564 493 quocum
640 411 864 494 Synodo
897 413 948 478 ei
994 423 1328 478 interfuerit.
1377 421 1514 478 Cum
1560 423 1781 492 quidem
1821 436 1889 476 eo
1994 423 2430 478 Novatian'orum
2487 421 2683 492 religio
2731 427 2815 476 est
2859 421 3265 476 administrata.
3318 421 3444 477 Haec
3485 425 3566 476 sic

319 513 432 567 non
461 513 822 570 convenerint
845 511 932 568 vel
952 508 1178 583 Agelius
1198 513 1670 582 ConstantinOpoli
1712 512 1892 568 Nova-
1996 507 2113 568 tum
2179 526 2325 568 acta.
2395 513 2589 568 Postea
2656 527 2790 568 vero
2841 512 3280 567 Novatianorum
3334 513 3566 567 ecclesia

320 605 597 657 tianorum
655 601 992 672 episc0pus,
1046 602 1133 656 vel
1193 602 1462 658 Maximus
1512 603 1750 668 Nicaeae,
1803 599 1890 657 vel
1996 585 2222 674 propter
2248 607 2368 660 eam
2420 603 2692 676 synodum
2742 603 2796 659 in
2847 614 3035 674 partes
3071 604 3326 660 discessit
3360 619 3376 660 :
3407 607 3567 658 sicuti

317 695 487 749 etiam
521 692 854 748 Nicomedia:
881 706 977 750 aut
1015 695 1217 766 Cotymi
1249 696 1327 765 (2)
1363 695 1517 765 (urbs
1545 709 1612 750 ea
1642 694 1890 766 Phrygia:
1996 711 2098 752 suo
2127 695 2248 751 loco
2282 694 2554 751 dicemus.

1749 836 1976 912 CAPUT
2015 853 2135 910 xv.

333 957 480 1044 'Q§,_
523 949 843 1044 Ebdoélpu
869 944 976 1044 (ei?
1040 947 1734 1044 Κωνστρνξζνουπδλεῳς
1811 967 2334 1044 Ξελευτήσανὲος,
2395 973 2452 1044 οξ
2529 957 2820 1044 ’Apstarol
2886 975 3255 1044 Δημόφιλον
3281 973 3570 1040 προεϐάλ-

391 1033 616 1114 inirem
652 1033 797 1094 οιίδὲ
834 1041 946 1111 ὲῆς
979 1033 1308 1114 καθολικ-ἦς
1376 1033 1903 1114 Ἐἶκκλησιάς-ΔΕῠι

2007 1033 2122 1104 to},
2186 1033 2526 1097 Εὐσὲαθίου
2574 1033 2682 1098 ἑοῦ
2736 1033 3101 1114 Ἀντιοῇςίᾶς
3165 1033 3383 1098 τοῦτον
3444 1052 3568 1111 χει-

388 1111 851 1177 ροτονήσαντος
873 1109 901 1141 ’“
938 1113 1034 1164 καὶ
1076 1111 1192 1164 ὅσα
1213 1110 1310 1163 ἐπὶ
1345 1110 1576 1174 τούτοις
1607 1109 1859 1178 συνέϐη.

400 1210 464 1282 Ut
525 1225 765 1280 Eudoxio
809 1225 1394 1294 Constantintipolitano
1437 1225 1676 1292 episcopo
1729 1229 1956 1295 mbrtuo.
2002 1221 2194 1295 Ariani
2229 1220 2616 1295 Denwphilum,
2653 1220 2916 1295 Catholici
2957 1231 3134 1276 autem
3183 1223 3498 1295 Euagrium,

750 1297 1027 1350 Eu‘stathio
1057 1291 1381 1348 Antiorlieno
1410 1295 1648 1363 episcopo
1674 1296 1812 1347 hunc
1838 1293 2119 1346 ordinante
2144 1291 2400 1362 elegerint
2428 1307 2448 1348 ε
2471 1301 2522 1344 et
2545 1308 2660 1360 qua:
2678 1293 2760 1345 his
2787 1293 3110 1359 ,acciderint.
3181 1359 3194 1374 ,κ

399 1412 510 1466 Sed
568 1415 630 1464 ut
676 1409 960 1464 historiam
1015 1412 1413 1480 persequamur
1473 1411 1584 1480 (5),
1636 1424 1702 1465 eo
1749 1407 1897 1464 unde

326 1496 563 1573 digressi
589 1517 803 1565 sumus,
838 1501 1232 1556 revertendum
1263 1503 1420 1557 nubis
1446 1511 1551 1556 est.
1585 1501 1892 1572 imperator

2005 1417 2299 1463 revocatus
2329 1445 2345 1471 ,
2390 1417 2504 1462 tum
2566 1417 2751 1462 autem
2796 1407 3276 1481 Constantinopoli
3323 1414 3572 1483 privatus

2002 1499 2232 1564 latebat,
2261 1509 2322 1554 ut
2351 1513 2449 1555 sua
2481 1499 2678 1555 saltem
2723 1501 3015 1570 praesentia
3077 1504 3392 1572 ὁμοουσῐου,
3436 1521 3572 1560 con-

340 1595 552 1649 Valens
609 1591 1091 1658 Constantinopoli
1137 1592 1379 1657 solvens,
1426 1591 1772 1647 Antiochiam
1829 1590 1896 1646 ad
1929 1573 1971 1628 Β
2001 1587 2406 1655 substantialis,
2444 1589 2790 1658 profbsSorcs
2814 1591 3188 1648 confirmaret.
3217 1594 3293 1648 lta
3340 1595 3571 1658 factum,

263 1729 270 1732 .
328 1685 598 1740 Orontem
627 1683 779 1737 adire
825 1683 1160 1752 properavit.
1218 1681 1286 1738 Et
1334 1689 1458 1739 cum
1517 1683 1898 1739 Nicomediam

325 1778 674 1848 pervenisset
707 1776 812 1847 (4),
849 1776 923 1830 ibi
953 1776 1056 1830 hac
1083 1775 1151 1830 de
1181 1790 1346 1831 causa
1371 1775 1591 1831 restitit.
1616 1760 1901 1831 Eudoxius

325 1872 548 1925 Arianae
597 1880 767 1924 secta}
830 1867 1126 1937 cpisc‘opus
1183 1868 1364 1945 statim
1418 1876 1542 1937 post
1593 1866 1898 1922 discessum

327 1964 686 2032 imperatoris
729 1960 1202 2028 Constantinopoli
1231 1960 1338 2014 vita
1372 1959 1663 2014 defunctus
1701 1960 1898 2023 fuerat,

325 2055 624 2107 consulatu
685 2051 1053 2108 Valentiniani
1112 2057 1170 2104 et
1225 2049 1475 2103 Valentis
1536 2048 1720 2111 tertio,
1774 2063 1900 2102 cum

320 2147 553 2216 quidem
638 2145 854 2200 clavum
945 2143 1207 2198 Ecclesia
1277 2140 1901 2210 Constantinopolitanae

320 2242 492 2295 annis
540 2238 798 2293 undecim
847 2235 1104 2290 rexisset.
1177 2234 1309 2304 Ejus
1359 2235 1414 2288 iu
1477 2234 1659 2288 locum
1709 2231 1900 2286 Ariani

321 2337 695 2401 surrogarunt
737 2326 1123 2397 Demophilum
1178 2325 1498 2396 quemdam.
1555 2325 1903 2380 Professores

321 2427 515 2480 autem
569 2421 882 2494 ὁμοουσίου,
912 2417 1424 2482 consubstantialis,
1451 2415 1802 2472 commodum
1842 2429 1902 2470 se

327 2525 597 2586 tempus,
673 2520 734 2569 ut
798 2513 985 2568 sedem
1053 2509 1427 2580 episcOpalem
1485 2513 1901 2576 recuperarent,

325 2618 530 2662 nactos
577 2610 700 2662 esse
747 2605 875 2670 rati,
902 2603 1195 2674 EVagrium
1245 2599 1644 2656 suaefactionis
1672 2597 1902 2669 presby-

327 2713 517 2758 terum
543 2700 864 2770 rpiscOpum
884 2697 1270 2766 designarunt.
1293 2692 1394 2749 Cui
1422 2705 1618 2746 manus
1640 2689 1902 2760 imposuit

327 2793 680 2856 Eustathius,
711 2790 1008 2860 episcopus
1041 2785 1343 2858 aliquando
1366 2783 1771 2846 Antiochenus,
1805 2783 1900 2853 qui

329 2901 358 2940 ι
373 2883 676 2940 Joviniano
698 2881 920 2952 quidem
948 2883 1017 2934 ab
1038 2877 1235 2934 exsilio
1254 2891 1364 2931 non
1388 2876 1460 2930 ita
1482 2873 1696 2945 pridem
1719 2873 1901 2930 fuerat

2001 1689 2063 1734 ut
2089 1677 2276 1734 Ariani
2329 1681 2774 1748 persecutionem
2821 1682 3088 1738 adVersus
3136 1693 3356 1740 nostros
3409 1701 3568 1738 renoo

2000 1780 2217 1826 varent.
2259 1771 2334 1826 Ea
2367 1785 2456 1832 res
2483 1779 2783 1842 posrquam
2822 1783 2909 1828 est
2933 1775 3001 1828 ad
3033 1775 3339 1847 principem
3367 1777 3570 1840 delata,

2000 1864 2214 1918 veritus
2252 1862 2346 1918 ille
2393 1879 2462 1918 ne
2501 1863 2776 1919 seditiOne
2827 1874 2884 1920 et
2928 1867 3170 1920 tumultu
3227 1867 3421 1923 civitas
3455 1878 3572 1923 tur-

2002 1955 2255 2022 baretur,
2304 1956 2596 2012 militarem
2636 1969 2857 2012 manum
2897 1959 3218 2014 Nicomedia
3256 1961 3574 2017 Constanti-

1999 2047 2246 2117 ‘n0polim
2279 2049 2451 2112 misit,
2486 2065 2612 2105 cum
2663 2051 2924 2106 mandato
2963 2053 3263 2123 ejusmodi,
3300 2064 3362 2109 ut
3399 2054 3569 2108 simul

2001 2149 2056 2195 et
2087 2140 2373 2196 ordinator
2396 2149 2452 2196 et
2476 2141 2766 2198 ordinatus
2790 2145 3379 2214 comprehenderetur,
3403 2156 3571 2217 atque

2002 2231 2145 2286 alius
2174 2232 2284 2287 alio
2315 2230 2629 2288 etsulatum
2661 2235 3001 2291 mitteretur.
3039 2237 3369 2294 Eustathius
3397 2240 3570 2310 igitur

2002 2318 2224 2395 Bizyam
2265 2325 2372 2396 (5),
2404 2325 2550 2395 quod
2576 2325 2822 2382 Thraciae
2857 2329 3120 2399 Oppidum
3156 2341 3266 2394 εει,
3304 2330 3572 2401 Ενδὲτίυς

2005 2417 2061 2471 in
2097 2417 2280 2471 locum
2329 2417 2499 2472 alium
2556 2419 2884 2488 depurtatus
2923 2429 3028 2476 est.
3081 2422 3318 2476 Proinde
3357 2424 3568 2482 Ariani.

2005 2508 2151 2578 quod
2182 2509 2433 2578 plerique
2482 2521 2675 2566 omnes
2715 2511 2770 2566 in
2802 2513 2967 2568 rebus
3017 2515 3273 2570 secundis
3326 2515 3561 2580 faciunt,

2005 2602 2176 2671 magis
2199 2603 2481 2673 magisque
2507 2602 2750 2668 efferari,
2777 2604 3115 2661 Orthodoxos
3151 2615 3208 2661 et
3256 2616 3403 2662 recte
3445 2623 3573 2662 sen—

2006 2694 2210 2749 tientes
2270 2694 2564 2749 admodum
2616 2709 2858 2759 vexare.
2908 2698 3158 2760 caedere,
3217 2699 3574 2769 contumeliis

2005 2783 2247 2849 afﬁcere.
2278 2786 2335 2840 in
2361 2785 2580 2840 vincula
2613 2787 2914 2856 conjicere.
2969 2789 3217 2858 pecuniis
3247 2790 3413 2844 etiam
3443 2805 3574 2860 spo-

1991 2869 2170 2944 ‘liare,
2205 2876 2552 2932 intoleranda
2577 2878 2762 2932 omnia
2795 2878 3060 2936 adrersus
3082 2893 3180 2937 eos
3209 2881 3412 2937 facere.

1765 3023 1997 3096 CAPUT
2034 3027 2180 3094 XVI.

333 3151 476 3231 Περὶ
504 3163 613 3231 τῆς
635 3159 936 3234 ὠμότητος
997 3158 1137 3234 τῶν-Δ
1193 3140 1529 3234 ’Λρειανῶη
1594 3155 1728 3234 θεαὶ-
1762 3155 1840 3234 ᾡς
1907 3149 2149 3234 (linum:
2206 3155 2358 3234 ᾳᾳτὰ
2409 3158 2531 3234 τὸν.
2575 3149 2950 3234 Ἀσζακηνᾷν
3005 3159 3146 3234 τῆςΔ
3182 3156 3578 3231 Νικομηδείας

405 3224 646 3288 ἇτόλάον
676 3224 1078 3304 ’ὀγδοήσὶοντα
1112 3226 1656 3294 ἐκκλησιαστικοὺς
1701 3224 1804 3279 ἐπι
1877 3226 2080 3294 μέσης
2113 3227 2434 3296 θαλάσσης
2463 3227 2586 3282 σὺν
2644 3225 2726 3294 τῷ
2749 3224 2943 3296 πλοίῳ
3011 3224 3154 3300 πὶξρι
3218 3224 3576 3301 uacarwa

400 3319 541 3361 σεν.

337 3423 414 3478 De
478 3423 788 3478 crudelitate
825 3424 1178 3482 Arianorum,
1253 3429 1302 3473 et
1362 3426 1420 3471 ut
1502 3415 1695 3470 Valens
1732 3414 1874 3470 circa
1936 3408 2610 3484 AstacenuntNicomedim
2643 3419 2856 3484 portum
2898 3413 3163 3484 octoginta
3195 3415 3574 3474 ecclesiasticos

1041 3479 1180 3547 viros
1216 3505 1321 3544 una
1358 3502 1476 3542 cum
1507 3487 1717 3558 navigio
1765 3487 1821 3540 in
1866 3484 2036 3537 medio
2083 3483 2222 3535 mari
2257 3479 2369 3550 igni
2406 3481 2764 3534 combusserit.

413 3612 570 3681 131
615 3610 784 3664 Porro
813 3621 937 3664 cum
963 3605 1169 3662 nostris
1195 3604 1331 3659 dura
1374 3604 1490 3658 haec
1516 3611 1574 3657 et
1602 3600 1784 3672 gravia
1812 3613 1904 3653 es-
1931 3602 1974 3660 (Ξ
2007 3603 2116 3656 ret,
2170 3609 2240 3648 ne
2296 3593 2494 3648 seditio
2546 3593 2604 3647 in
2655 3593 2819 3666 vulgo
2843 3594 3105 3662 oriretur,
3164 3598 3375 3656 veritus
3443 3613 3522 3658 est
3556 3623 3570 3659 ε

335 3711 489 3764 sent,
509 3699 575 3752 ad
600 3697 907 3769 principem
944 3705 1262 3766 preratores
1291 3694 1512 3758 misere,
1543 3692 1588 3746 si
1612 3705 1723 3760 quo
1743 3689 1908 3743 modo

342 3794 512 3845 linem
542 3802 800 3842 aerumna:
822 3787 942 3855 i'jliS
975 3785 1226 3839 obtinere
1249 3790 1495 3852 possent.
1527 3779 1799 3834 Caeterum
1827 3774 1905 3828 illi

340 3883 610 3954 opinione
635 3895 733 3935 sua
763 3877 1060 3949 plurimum
1090 3885 1218 3930 sunt
1245 3873 1389 3938 falsi,
1417 3881 1477 3926 ut
1507 3872 1600 3940 qui
1633 3868 1906 3938 justitiam

346 3993 408 4030 se
444 3975 513 4028 ab
549 3974 757 4044 injusto
795 3972 1194 4041 impetraturos
1219 3981 1341 4022 esse
1359 3964 1728 4036 speraverint.
1767 3961 1904 4016 Cum

344 4081 589 4135 namque
638 4062 824 4119 dilecti
860 4074 928 4116 ex
973 4058 1349 4114 ecclesiastico
1391 4055 1586 4109 ordine
1626 4051 1908 4119 octoginta

341 4160 472 4224 viri,
517 4155 718 4226 quibus
743 4152 966 4224 prarfuit
1008 4149 1274 4212 Urbasus,
1308 4143 1665 4204 Theodorus,
1707 4153 1763 4196 et
1794 4141 1906 4194 Me-

342 4253 636 4313 nedemus,
669 4246 1048 4302 Nicomediam
1087 4243 1389 4316 venissem},
1425 4251 1618 4308 preces
1667 4237 1909 4303 impera-

342 4343 454 4398 tori
498 4339 856 4403 obtulissent,
911 4347 968 4391 et
1011 4335 1080 4390 de
1118 4337 1170 4388 vi
1219 4343 1366 4388 tanta
1409 4328 1662 4401 quiritati
1695 4335 1904 4390 essent,

344 4435 669 4503 indignatus
700 4431 814 4492 ille,
841 4431 893 4483 in
925 4427 1217 4498 praesentia
1249 4424 1473 4494 quidem
1506 4424 1644 4478 iram
1670 4419 1905 4490 pressit:

343 4523 547 4578 deinde
573 4530 754 4574 autem
783 4518 923 4572 clam
966 4517 1214 4571 Modesto
1248 4514 1506 4584 praefecto
1538 4513 1819 4582 prmcepit,
1850 4521 1911 4565 ut

343 4611 780 4681 comprehensos
813 4624 911 4664 eos
949 4616 1192 4660 necaret.
1226 4605 1488 4674 Supplicii
1520 4605 1640 4675 ejus
1687 4606 1907 4664 modus,

341 4705 474 4775 quia
521 4716 699 4756 novus
741 4709 798 4756 et
850 4699 1095 4753 insolens
1136 4711 1364 4766 prorsus
1396 4696 1522 4754 fuit.
1563 4693 1910 4765 posteritatis

345 4795 636 4850 memoria:
669 4801 754 4847 est
784 4791 1096 4845 mandatus.
1129 4786 1450 4851 Praefectus,
1492 4787 1539 4843 si
1584 4787 1736 4840 viros
1783 4785 1911 4840 reli-

343 4889 551 4956 giosos.
578 4884 671 4954 qui
699 4883 837 4936 nihil
876 4881 1303 4943 commisissent,
1334 4876 1620 4946 propalam
1659 4877 1905 4944 perime-

419 5093 492 5160 (ι)
527 5092 744 5149 Sozom.
772 5091 872 5148 lib.
908 5107 984 5152 vr.
1020 5105 1142 5161 cap.
1165 5065 1257 5161 εις

417 5154 493 5232 (2)
527 5162 688 5244 Socr.
730 5165 891 5218 habet
937 5154 1204 5232 Catya'nii'.
1243 5157 1559 5228 Legendum
1606 5170 1673 5212 ex
1715 5154 1908 5220 Suida,

346 5233 563 5289 Cotuwi.

417 5251 738 5375 ἱέῗὲοετκι.
905 5314 980 5366 tv,
1021 5314 1142 5368 cap.
1279 5305 1335 5352 et
1362 5297 1451 5351 15,

415 5369 491 5440 (⁷4)
521 5372 737 5427 Sozom.
773 5371 868 5424 lib.
900 5386 973 5434 vr,
1012 5385 1132 5437 cap.
1175 5369 1260 5424 i3.

415 5435 492 5516 (5)
534 5443 856 5516 Biaya_,ars_
892 5435 1387 5516 regumi'l'hractiie,
1416 5436 1637 5516 a__'l‘crei
1691 5435 1906 5516 nefasto

343 5504 570 5570 eri‘mine
605 5504 773 5567 invisa
806 5504 1212 5566 hirundinibus.
1247 5509 1391 5562 Plin.
1429 5507 1526 5562 lib.
1558 5524 1632 5573 tv,
1670 5521 1792 5575 cap.
1815 5504 1903 5558 ll.

413 5585 489 5652 (6)
537 5581 1010 5648 Constantinopoli
1070 5593 1252 5633 autem
1301 5579 1490 5652 Ariani
1545 5578 1730 5647 plures
1767 5577 1904 5652 _pios

344 5646 748 5732 catliolicosque
794 5646 1139 5722 presbyteros
1197 5650 1357 5713 navi,
1424 5649 1479 5702 in
1529 5646 1638 5716 qua
1689 5646 1900 5699 nullum

619 5747 888 5807 Ρηιωι.
919 5745 1031 5804 Gtt.
1066 5743 1295 5803 CXLVI

2010 3694 2350 3758 quapropter
2395 3697 2490 3740 eos
2547 3697 2608 3741 se
2667 3687 2722 3740 in
2776 3681 3035 3743 exsilium
3093 3693 3392 3749 missurum
3445 3713 3569 3751 ease

2010 3777 2355 3833 assimulavit
2378 3777 2478 3844 (6).
2498 3777 2558 3831 in
2589 3792 2696 3846 qua
2728 3778 2806 3832 illi
2839 3783 3114 3837 sententia
3137 3788 3351 3855 magnis
3374 3789 3577 3842 animis

2010 3871 2357 3940 acquievere.
2409 3871 2505 3926 ille
2553 3872 2740 3926 navim
2785 3887 2904 3936 eos.
2961 3875 3132 3931 veluti
3177 3879 3353 3934 solum
3397 3884 3577 3937 exsilii

2010 3975 2175 4018 causa
2205 3977 2462 4018 versuros
2493 3966 2867 4022 conscendere
2888 3967 3074 4039 jhssit,
3109 3979 3166 4026 et
3211 3975 3396 4027 nautis
3428 3990 3575 4044 ραι-ο

2012 4056 2183 4125 cepit,
2227 4065 2288 4110 ut
2328 4056 2383 4110 in
2427 4056 2613 4112 medio
2660 4060 2795 4113 mari
2847 4075 3040 4116 navem
3084 4062 3471 4130 incenderent,
3518 4079 3577 4122 ut

2011 4158 2138 4203 eum
2167 4163 2233 4202 eo
2269 4147 2432 4202 modo
2475 4149 2551 4202 illi
2586 4149 2952 4215 interiissent.
2987 4157 3226 4224 sepulcri
3253 4172 3386 4212 cura
3421 4175 3580 4215 carc-

2015 4249 2162 4294 rent.
2195 4239 2431 4295 Ventum
2479 4249 2566 4294 est
2605 4242 2658 4296 in
2709 4243 2892 4298 sinum
2923 4245 3189 4312 medium,
3223 4249 3316 4318 qui
3349 4252 3577 4306 Astace.

2016 4346 2123 4385 nus
2157 4339 2388 4386 vocatur
2417 4349 2432 4386 :
2467 4333 2543 4386 ibi
2583 4343 2768 4388 nautae
2818 4335 3082 4406 imperata
3128 4340 3402 4398 fecerunt.
3438 4345 3574 4399 Nam

2015 4423 2120 4494 ipsi
2168 4425 2396 4494 scapha,
2434 4441 2557 4496 qua:
2609 4442 2804 4482 navem
2840 4432 3198 4499 sequebatur,
3255 4450 3576 4502 conscensa.

2016 4514 2298 4585 navigium
2331 4515 2410 4587 (7)
2433 4517 2488 4570 in
2515 4531 2627 4585 quo
2655 4519 2758 4573 viri
2790 4519 2868 4574 illi
2906 4521 3272 4589 vehebantur,
3310 4527 3577 4582 incende-

2021 4616 2174 4662 runt.
2216 4606 2614 4662 Vehementius
2648 4617 2762 4662 tum
2805 4610 3137 4668 subsolanus
3165 4625 3364 4671 ventus
3388 4617 3575 4681 ﬂabat.

2019 4706 2076 4752 et
2106 4697 2337 4767 proinde
2360 4699 2518 4752 navis
2554 4713 2621 4752 eo
2646 4699 2814 4754 citius
2841 4701 3113 4758 ﬂammam
3153 4709 3426 4777 concepit.
3465 4709 3578 4764 Du-

2019 4789 2166 4844 ravit
2209 4804 2272 4844 ea
2315 4804 2491 4858 usque
2520 4791 2585 4843 ad
2627 4791 2810 4845 locum
2838 4793 3129 4863 Bithyniae,
3155 4798 3249 4865 qui
3278 4798 3575 4854 Dacidizus

2014 4889 2390 4951 nuncupatur,
2425 4881 2612 4950 ibique
2645 4897 2754 4937 una
2803 4898 2928 4939 cum
2977 4885 3087 4954 piis
3115 4887 3225 4944 illis
3256 4889 3577 4946 hominibus

1943 5089 1988 5146 ί)
2018 5093 2134 5158 erat
2157 5084 2588 5158 instrumentum
2611 5085 3327 5158 nauticum,im_posuerunt,
3345 5102 3574 5158 eamque

2019 5156 2430 5224 pelago,,ventis
2460 5155 2728 5224 nudisque
2748 5165 2954 5211 temere
2982 5156 3259 5211 ferendam
3291 5155 3577 5214 commisc-

2023 5236 2172 5296 runt.
2211 5227 2414 5280 Deinde
2466 5227 2760 5296 populares
2801 5226 3068 5296 quosdam
3114 5240 3245 5280 suos
3267 5227 3323 5280 in
3354 5228 3577 5296 navigio

2020 5294 2131 5346 alio
2172 5296 2510 5366 submisere,
2543 5294 2661 5364 ’qui
2721 5294 2897 5366 ignem
2975 5297 3050 5349 illi
3134 5295 3434 5366 injicerent.
3483 5294 3577 5352 Sic

2005 5365 2180 5419 sancti
2235 5366 2311 5419 illi
2373 5365 2472 5418 viri
2518 5381 2643 5419 cum
2696 5365 2818 5434 igne
2868 5375 2924 5420 et
2976 5379 3114 5434 aqua
3173 5365 3572 5429 conﬂictantes,

2006 5443 2286 5501 postremo
2346 5435 2590 5505 infimari
2651 5434 3256 5505 submersi.uiartyrii
3312 5447 3574 5490 coronant

2008 5513 2356 5574 receperunt.
2385 5504 2685 5573 (Tlieodor.
2728 5520 2798 5566 iv,
2817 5519 2936 5570 cap.
2967 5504 3082 5574 24.)

2075 5575 2151 5644 (7)
2187 5572 2440 5629 Socrates
2477 5574 2666 5626 navale
2696 5589 2820 5627 esse
2855 5575 3007 5629 dicit.

3065 5731 3141 5794 '20
