3986 6190
377 266 507 327 τῦὶθ

1596 274 2035 335 NICEPHORI
2077 278 2417 338 CALLISTI

3549 280 3657 345 620

401 379 455 432 in
493 379 680 434 littore
725 389 809 435 est
844 380 1154 451 absumpta.
1200 382 1460 439 Sede-nim
1488 385 1692 441 factum
1725 397 1831 443 tam
1858 399 1974 445 tru-
2000 399 2045 457 Α
2076 391 2272 447 incola:
2301 392 2543 462 patriam
2582 392 2658 462 (Ι)
2718 393 3124 463 relinquerent,
3153 402 3208 449 et
3251 392 3660 450 Constantino-

372 470 683 525 -culentum
744 473 984 526 vindicta
1002 481 1088 527 est
1118 487 1429 542 prosecuta.
1473 477 1665 533 Fames
1689 481 1961 550 siquidem

398 571 632 632 repente
664 573 814 617 tanta
862 573 944 618 est
991 562 1047 616 in
1102 563 1340 636 Phrygia
1371 578 1514 634 orta,
1546 578 1605 625 ut
1646 572 1964 627 necessario

2072 484 2241 552 polim
2273 499 2334 539 se
2375 494 2541 554 atque
2572 482 2644 539 ad
2683 484 2824 540 alias
2856 485 3110 541 diversas
3156 489 3660 556 provincias—con-

2069 574 2302 632 ferrent.

1783 719 2015 776 CAPUT
2054 721 2221 777 XVII.

399 832 537 900 Περὶ
560 833 706 896 ,ϐίου
747 834 845 888 καὶ
884 836 1125 917 ἀζωγῇς
1156 838 1253 890 καὶ
1310 837 1585 917 uagae/ac
1612 837 1709 917 κᾳι
1737 838 2113 917 ’συμψιζχιας
2158 838 2265 917 tot?
2318 839 2585 917 pag-silos:
2629 844 2953 917 ῌαᾳνιλειου
2994 846 3094 899 καὶ
3130 848 3475 917 Τρηγοριου
3530 842 3650 900 τοῦ

927 909 1260 976 Θεολόγουο
1312 910 1409 962 καὶ
1451 908 1611 973 ὅπως
1653 907 1753 959 ἐπὶ
1791 908 1908 973 τὴν
1955 908 2262 975 ἱερατικὴν
2297 910 2601 978 καθέδραν
2631 912 3021 982 ἀνήχθησαν.

398 1024 476 1080 De
504 1022 634 1087 vita,
663 1023 1012 1085 institutione,
1041 1024 1250 1089 studiis,
1287 1032 1336 1078 et
1354 1024 1546 1077 intima
1574 1023 1811 1145 amicit‘i‘a
1842 1038 1954 1104 mag

1696 1109 1754 1145 se
1793 1109 1875 1145 aut
1900 1110 1954 1146 st:

2287 1036 2335 1080 et
2372 1024 2617 1098 Gregorii
2646 1029 2932 1100 Theolagi.:
3001 1042 3054 1086 et
3074 1040 3136 1085 nt
3164 1033 3237 1087 ad
3256 1034 3650 1090 sacerdotalem

1696 1109 1875 1145 εεαεηι
1900 1109 2005 1146 διιει
2036 1109 2291 1159 ρτουεειι.

463 1211 603 1268 Cum
630 1224 765 1266 vero
798 1209 968 1264 multa
998 1208 1161 1267 nobis
1181 1209 1251 1266 de
1277 1209 1483 1266 Basilio
1500 1206 1703 1279 Magno
1742 1218 1801 1261 et
1824 1206 1961 1263 Gre-

395 1304 550 1374 gorio
578 1302 856 1372 Theologo
881 1301 1114 1357 dicenda
1148 1303 1280 1367 sint,
1311 1316 1496 1372 operae
1524 1302 1763 1370 pretium
1788 1298 1965 1353 lactu-

370 1409 516 1449 rum
551 1407 637 1447 me
660 1406 783 1448 esse
820 1391 1031 1462 putavi.
1079 1392 1126 1447 si
1155 1406 1332 1461 pauca
1366 1389 1614 1460 quadam
1655 1388 1725 1442 de
1768 1387 1964 1443 arctis-

368 1485 558 1549 sima,
607 1498 731 1553 qua:
781 1483 955 1538 tantis
1009 1482 1146 1538 viris
1188 1484 1337 1537 inter
1386 1495 1445 1536 se
1481 1480 1589 1534 l’uit
1620 1478 1962 1534 amicitiaet

393 1575 813 1648 conjunctione,
835 1573 1250 1645 pra-mitterent.
1270 1572 1428 1639 Quod
1447 1587 1582 1627 sane
1608 1586 1721 1628 non
1751 1569 1960 1625 rectius

391 1666 714 1735 certiusque
763 1664 973 1731 fecero,
1003 1678 1170 1735 quam
1201 1663 1249 1718 si
1290 1662 1546 1733 Gregorii
1580 1661 1754 1731 ipsius
1791 1674 1857 1715 ea
1890 1658 1959 1713 de

392 1772 454 1812 re
492 1758 663 1813 verba
711 1756 1025 1827 protulero,
1084 1770 1209 1824 qua:
1268 1753 1324 1808 in
1380 1769 1444 1809 ea
1497 1752 1751 1807 oratione
1806 1760 1958 1814 sunt,

392 1864 559 1918 quam
604 1848 652 1903 is
686 1849 757 1903 de
802 1848 1007 1903 Basilio
1039 1846 1329 1901 funebrem
1361 1836 1714 1913 conscripsit.
1748 1860 1767 1894 ι
1803 1841 1963 1895 Tem-

392 1958 550 2012 pore,
585 1940 788 2012 inquit,
838 1940 1193 2010 procedente,
1221 1937 1316 1992 ubi
1346 1936 1487 1992 alter
1522 1937 1679 1991 alteri
1706 1944 1959 1989 mutuum

389 2047 634 2088 amorem
672 2032 899 2102 (factum
952 2031 1008 2086 id
1057 2029 1310 2094 Athenis,
1363 2028 1453 2083 ubi
1500 2028 1670 2083 simul
1725 2037 1961 2096 uterque

391 2126 595 2183 litteris
620 2141 849 2197 operam
882 2127 1125 2196 navavit)
1172 2125 1464 2188 indicavit,
1497 2123 1960 2191 all'ectionemque

354 2230 513 2272 ~eam
561 2215 926 2286 philosophiae
960 2216 1138 2286 gratia
1170 2223 1497 2284 conceptam
1540 2228 1663 2269 esse
1685 2212 1957 2273 constitit.

393 2317 511 2362 tum
535 2307 678 2362 alter
707 2306 869 2362 alteri
897 2306 1076 2363 lactus
1097 2314 1183 2362 est
1206 2307 1417 2361 omnia.
1450 2304 1564 2360 Sub
1582 2320 1697 2371 uno
1720 2303 1961 2359 viximus

391 2406 540 2453 tecto
578 2396 1032 2463 contubernales,
1082 2406 1142 2452 et
1187 2405 1339 2451 arcta
1398 2397 1543 2452 inter
1584 2409 1686 2451 nos
1716 2394 1957 2450 devincti

356 2489 784 2561 conjunctione
826 2489 973 2545 idem
1021 2490 1392 2559 spectavimus
1440 2507 1454 2542 :
1500 2499 1556 2542 et
1602 2488 1745 2542 alter
1795 2487 1959 2542 alteri

387 2580 634 2634 animum
665 2578 990 2650 ﬂagrantem
1030 2588 1458 2634 eteonstantem
1510 2577 1790 2647 praestitit.
1824 2575 1960 2631 Cor-

389 2684 587 2742 porum
628 2687 868 2741 namque
917 2670 1291 2737 necessitudo,
1325 2672 1587 2741 quoniam
1635 2685 1819 2724 rerum
1856 2670 1959 2722 llu-

368 2775 582 2816 xarum
613 2771 718 2827 est,
750 2760 901 2815 haud
937 2760 1099 2816 aliter
1136 2776 1299 2831 quam
1332 2760 1489 2815 verni
1523 2758 1710 2820 ﬂores,
1741 2758 1955 2813 interit.

388 2854 579 2926 Neque
613 2854 788 2919 enim,
814 2854 1043 2909 materia
1076 2853 1198 2924 igne
1223 2861 1572 2922 consumpta,
1607 2852 1823 2905 ﬂamma
1857 2853 1959 2904 ilu-

391 2955 498 3010 rat,
533 2946 630 3001 sed
682 2961 797 3001 una
837 2961 962 2999 cum
1012 2961 1072 3001 re
1117 2955 1360 2999 cremata
1394 2944 1719 2999 evanescit:
1777 2959 1957 3013 neque

2062 1209 2258 1265 datum
2312 1210 2567 1267 divinum
2599 1213 2942 1277 duceret,et
2981 1215 3125 1271 alter
3163 1216 3402 1272 alterum
3435 1219 3506 1275 ad
3540 1221 3654 1276 vir-

2067 1311 2242 1357 tuter-
2274 1316 2506 1360 acueret
2542 1318 2709 1376 atque
2745 1308 3037 1363 excitaret.
3062 1311 3141 1365 ﬁt
3169 1312 3359 1367 sinon
3396 1314 3653 1370 insolens

2066 1394 2173 1449 hoc
2234 1396 2466 1451 verbum
2506 1407 2674 1466 esset,
2736 1400 2985 1471 regulam
3038 1413 3100 1458 et
3152 1407 3452 1473 amussim,
3520 1408 3652 1478 qui-

2067 1487 2175 1541 bus
2222 1504 2353 1558 qua:
2400 1501 2553 1546 recta
2592 1503 2745 1559 sunt,
2778 1511 2973 1563 quaeve
3014 1497 3221 1557 minus,
3252 1500 3649 1569 explorantur,

2066 1580 2302 1635 alterum
2340 1583 2500 1639 alteri
2532 1584 2706 1641 fuisse
2742 1586 3012 1643 dicerem.
3041 1589 3339 1646 Sodalibus
3373 1608 3649 1649 808410“-

1996 1714 2034 1769 “
2060 1670 2347 1740 iunximus
2372 1689 2482 1769 non
2518 1676 2994 1769 impudicissimis.
3027 1680 3125 1735 sed
3165 1682 3596 1740 modestissimis
3627 1703 3644 1740 :

2064 1779 2174 1819 non
2226 1766 2773 1835 eontentiosissimis,
2832 1770 2930 1825 sed
2979 1773 3534 1841 paciﬁcismaxime,
3589 1790 3651 1831 ct

2062 1854 2395 1924 quibuscum
2436 1871 2560 1912 esse
2601 1860 2959 1917 utilissimum
3003 1874 3113 1931 est,
3139 1868 3291 1935 quod
3342 1869 3643 1935 sciremus,

2056 1950 2283 2007 facilius
2326 1951 2459 2006 vitia
2494 1955 2825 2025 contagione
2867 1961 3149 2025 contrahi,
3176 1977 3344 2030 quam
3371 1962 3641 2018 virtutem

2062 2056 2189 2095 cum
2224 2041 2352 2096 aliis
2382 2044 2805 2099 communicari.
2836 2044 3299 2115 Quandoquidem
3324 2060 3380 2105 et
3406 2050 3641 2105 morbus
3736 2076 3755 2088 ρ

2065 2134 2119 2187 in
2154 2133 2294 2188 alios
2342 2134 2532 2197 cilius,
2564 2150 2729 2203 quam
2759 2138 3017 2193 valetudo
3076 2142 3435 2196 trauslerlur.
3462 2142 3648 2200 Disci-

2065 2226 2249 2294 plinas
2292 2241 2403 2281 non
2430 2228 2871 2294 iucundissimas
2910 2230 3085 2289 mauis
3119 2248 3282 2301 quam
3309 2234 3646 2290 honestissi-

2063 2334 2180 2372 mas
2210 2321 2516 2376 consectati
2546 2336 2759 2376 sumus.
2798 2322 2933 2377 Nam
2965 2339 3066 2394 per
3095 2340 3193 2380 eas
3226 2328 3310 2382 vel
3344 2327 3416 2381 ad
3456 2330 3651 2384 virtu-

2050 2418 2195 2471 tem,
2228 2410 2313 2464 vel
2359 2409 2429 2466 ad
2488 2411 2623 2466 vitia
2674 2410 3016 2484 eﬂinguutur
3065 2408 3471 2473 adolescentes.
3510 2421 3649 2475 Duas

2059 2507 2244 2554 autem
2300 2501 2462 2557 nobis
2506 2512 2670 2558 erant
2702 2514 2852 2560 nota
2878 2506 2981 2561 vim
3008 2522 3026 2560 :
3063 2507 3241 2563 altera
3274 2509 3426 2579 prior
3454 2520 3512 2563 et
3538 2513 3646 2565 ho-

2060 2592 2298 2656 nestior,
2319 2594 2491 2648 altera
2521 2597 2893 2665 posterior,et
2918 2614 3030 2656 non
3059 2601 3309 2672 ejusdem
3328 2606 3640 2661 momenti:

2063 2683 2158 2739 illa
2192 2685 2259 2739 ad
2292 2701 2450 2741 sacra
2482 2690 2711 2759 templa,
2758 2702 2816 2746 et
2843 2693 2941 2762 qui
2971 2693 3026 2748 in
3059 2697 3144 2750 eis
3189 2707 3322 2751 sunt
3350 2696 3638 2767 doctores,

2060 2774 2177 2830 hace
2222 2778 2291 2830 ad
2343 2778 2607 2847 profanos
2654 2784 2948 2852 magistros
2978 2785 3209 2841 ducens.
3254 2789 3518 2860 Reliquas
3550 2794 3643 2847 in-

2017 2868 2261 2928 ,sistere
2311 2870 2395 2925 eis
2439 2872 2754 2930 volentibus
2802 2876 3153 2947 reliquimus,
3199 2880 3454 2939 videlicet
3510 2886 3642 2940 dies

2063 2957 2253 3024 festos,
2308 2961 2543 3029 theatra,
2582 2967 2924 3034 spectacula,
2986 2981 3298 3026 conventus
3353 2975 3641 3043 publicos,

388 3038 662 3104 charitas,
710 3038 817 3093 ubi
853 3036 1070 3092 fomitis
1118 3036 1286 3089 ardor
1342 3036 1633 3110 emarcuit,
1685 3035 1954 3091 consistit.

2065 3052 2342 3108 convivia.
2395 3055 2541 3109 Nihil
2598 3058 2746 3111 enim
2777 3046 3163 3116 admirandum
3203 3074 3261 3118 et
3300 3067 3641 3135 praclarum

360 3130 623 3186 .Divinus
665 3138 849 3185 autem
909 3138 967 3184 et
1006 3129 1237 3198 pudicus
1275 3143 1462 3191 amor,
1507 3127 1955 3198 quandoquidem

389 3219 472 3275 rei
508 3218 682 3274 ﬁrma:
711 3226 767 3273 et
801 3218 1018 3273 stabilis
1046 3228 1151 3284 est,
1179 3228 1466 3286 propterea
1501 3219 1642 3273 solet
1672 3234 1798 3274 esse
1822 3233 1959 3272 con-

362 3310 653 3367 stantior.
684 3309 753 3364 Et
783 3319 994 3379 quanto
1031 3311 1205 3379 tttagis
1229 3319 1480 3363 amantes
1516 3309 1593 3362 rei
1630 3308 1956 3365 desiderata:

364 3446 373 3455 .
388 3399 861 3472 pulchritudinem
904 3400 1286 3466 considerant,
1320 3407 1475 3454 tanto
1524 3398 1668 3454 inter
1715 3413 1776 3455 se
1819 3413 1956 3455 con-

366 3493 691 3563 junguntur
744 3488 943 3561 magis.
970 3487 1125 3543 .Hcec
1169 3486 1428 3565 amicitiae
1457 3496 1663 3541 nostra
1693 3486 1779 3541 lex
1811 3494 1954 3542 erat.

386 3589 568 3658 Atque
617 3600 746 3642 cum
785 3584 854 3641 ad
904 3583 1058 3639 hunc
1100 3582 1327 3638 modum
1375 3582 1520 3636 inter
1571 3579 1955 3637 nosanimati

385 3693 673 3745 essemus,
728 3687 786 3735 et
841 3676 979 3733 tales
1033 3677 1189 3732 linito
1237 3676 1518 3741 thalamo,
1564 3684 1630 3732 ut
1681 3674 1954 3730 Pindarus

389 3772 610 3842 inquit,
667 3784 867 3827 aureas
916 3768 1207 3825 columnas
1273 3768 1813 3830 substruaissemns,
1874 3766 1951 3821 ita

389 3865 651 3932 deinceps
674 3861 1071 3932 processimus,
1100 3860 1212 3916 Deo
1237 3860 1404 3916 simul
1431 3869 1488 3916 et
1525 3860 1799 3917 desiderio
1832 3875 1953 3919 mu-

374 3963 485 4010 .tuo
512 3952 944 4023 opitulatoribus
972 3950 1078 4005 usi.
1110 3950 1217 4007 Sed
1245 3950 1524 4020 quomodo
1546 3951 1667 4006 sine
1689 3952 1952 4022 lacrymis

368 4045 821 4109 meeessitudinis
855 4054 1019 4102 tanta
1050 4044 1354 4100 recorder?
1380 4044 1586 4100 Eadem
1631 4056 1753 4100 erat
1786 4044 1949 4127 nobis

388 4141 470 4196 rei
518 4137 990 4206 invidiosissime,
1021 4136 1287 4194 doctrina:
1316 4136 1550 4202 scilicet,
1586 4152 1715 4206 spes
1744 4152 1943 4207 propo-

380 4230 517 4286 sita.
554 4228 661 4285 Sed
715 4228 923 4285 invidia
979 4228 1138 4298 132
1195 4226 1392 4293 abluit,
1431 4228 1709 4283 aemulatio
1759 4238 1946 4287 autem

386 4332 691 4390 utrumque
732 4321 982 4376 exercuit
1008 4332 1027 4371 :
1066 4328 1120 4375 et
1146 4327 1423 4375 certamen
1456 4320 1618 4377 nobis
1644 4329 1785 4383 erat,
1833 4337 1944 4377 non

2065 3158 2187 3196 esse
2208 3141 2375 3208 duco,
2406 3147 2554 3214 quod
2573 3147 2638 3200 ad
2658 3149 3080 3207 virtutem-non
3109 3157 3419 3221 conducat,
3450 3174 3644 3228 neque

2062 3251 2159 3290 eos
2214 3237 2306 3302 qui
2354 3238 2540 3294 studio
2593 3241 2720 3309 ejus
2770 3251 3050 3311 tenentur,
3113 3248 3375 3303 meliores
3406 3253 3640 3306 reddat.

2062 3326 2241 3395 Atque
2276 3328 2401 3384 aliis
2430 3328 2654 3398 quidem
2685 3332 2791 3387 alia
2821 3344 2971 3399 sunt,
3005 3337 3091 3391 vel
3120 3353 3151 3391 a
3197 3348 3348 3406 patre
3378 3354 3640 3410 accepta.

2063 3418 2147 3473 vel
2177 3424 2340 3474 domo
2370 3436 2438 3475 ex
2481 3423 2827 3491 quotidianis
2852 3427 3073 3482 studiis
3099 3438 3159 3483 et
3186 3432 3502 3489 actionibus
3522 3452 3640 3490 -re-

2046 3521 2279 3583 rportata
2311 3516 2637 3585 cognomina
2665 3533 2680 3572 :
2720 3517 2881 3574 nobis
2909 3535 3041 3574 vero
3067 3512 3257 3593 ingens
3283 3538 3632 3582 momentum

2062 3600 2177 3656 luit.
2192 3611 2254 3657 et
2291 3617 2518 3665 nomen,
2550 3614 2610 3659 ut
2648 3603 2949 3661 Christiani
2984 3616 3041 3664 et
3069 3626 3317 3667 essemus
3358 3625 3413 3668 et
3442 3620 3633 3671 nomi-

2061 3709 2347 3749 Ml’Cllllll'.
2415 3693 2645 3750 Athenae
2708 3698 2975 3767 equidem
3042 3703 3167 3758 aliis
3227 3719 3339 3760 non
3403 3722 3630 3776 parum,

2060 3789 2329 3850 quantum
2362 3782 2429 3836 ad
2460 3784 2674 3838 animos
2713 3787 2979 3855 pertinet,
3007 3801 3232 3847 nocent.
3262 3793 3398 3848 Nam
3425 3796 3473 3851 id
3510 3815 3632 3855 non

2060 3873 2372 3943 lrustrapii
2398 3874 2721 3943 npinantur,
2752 3877 2901 3947 quod
2935 3881 3057 3949 plus
3082 3881 3189 3937 illa:
3214 3900 3379 3954 quam
3404 3887 3629 3958 reliqua

2038 3963 2269 4020 sGrzecia
2305 3966 2491 4022 .idolis
2543 3967 2858 4025 abundant.
2887 3972 2954 4028 Et
2986 3975 3237 4043 profecto
3270 3980 3488 4036 dillicile
3515 4001 3631 4043 est,

2057 4072 2169 4111 non
2214 4059 2387 4112 simul
2435 4059 2680 4129 aliquem
2724 4072 3106 4121 transversum
3137 4070 3255 4139 rapi
3303 4071 3371 4126 ab
3404 4074 3631 4132 illorum

2056 4151 2439 4207 laudatoribus
2485 4162 2542 4207 et
2582 4156 2851 4223 patronis.
2890 4157 3063 4214 Nobis
3104 4176 3236 4215 vero
3275 4167 3369 4234 qui
3420 4169 3633 4225 animis

2055 4245 2230 4314 probe
2270 4245 2500 4299 munitis
2527 4255 2696 4314 atque
2725 4249 2976 4304 instructi
3008 4267 3279 4320 essemus,
3311 4258 3521 4313 nullum
3548 4263 3630 4317 ab

2057 4337 2168 4392 illis
2199 4338 2427 4392 obvenit
2466 4330 2889 4393 detrimentum.
2926 4342 3068 4407 Quin
3096 4360 3127 4400 e
3154 4346 3375 4406 diverso
3408 4355 3622 4421 potius,

389 4422 515 4468 nter
550 4422 800 4481 nostrum
842 4410 1048 4479 primas
1068 4408 1260 4474 ferret,
1294 4425 1488 4464 verum
1517 4420 1640 4466 uter
1668 4412 1827 4466 alteri
1856 4429 1950 4468 eas
1980 4396 2029 4455 ι)
2056 4428 2203 4499 quod
2235 4429 2460 4499 quidem
2494 4430 2647 4486 diem
2695 4396 2970 4491 mium“;
2986 4396 3123 4503 es,"
3149 4396 3621 4518 ;'x';er;;|;;

388 4502 918 4561 concederet.Alter
945 4502 1094 4558 enim
1125 4501 1601 4559 alteriuslaudem
1636 4513 1692 4560 et
1723 4502 1950 4574 gloriam

384 4611 488 4666 pro
512 4611 610 4651 sua
642 4595 902 4655 habebat.
931 4595 997 4650 Et
1024 4595 1080 4650 in
1114 4604 1347 4664 utrnque
1369 4596 1483 4651 visa
1510 4605 1594 4652 est
1619 4593 1800 4653 anima
1842 4615 1950 4653 una

384 4686 498 4744 duo
531 4687 895 4744 circumferre
918 4688 1180 4758 corpora.
1211 4686 1369 4754 Quod
1398 4689 1448 4743 si
1471 4689 1809 4744 credendum
1835 4706 1947 4745 non

383 4789 472 4836 est
510 4779 847 4844 dicentibus,
905 4779 1090 4835 omnia
1130 4779 1185 4834 in
1235 4780 1495 4835 omnibus
1539 4796 1662 4837 esse
1705 4783 1809 4838 sita
1842 4800 1858 4838 :
1894 4794 1952 4838 at

384 4872 546 4929 nobis
580 4872 635 4933 id
670 4871 863 4933 saltem
894 4872 1174 4938 credatur,
1201 4871 1433 4928 alterum
1475 4873 1530 4930 in
1573 4875 1753 4930 altero
1780 4876 1947 4933 situm

385 4963 583 5026 tuisse,
635 4944 695 5016 et
746 4962 981 5017 alterum
1028 4962 1098 5017 ab
1136 4962 1309 5018 altero
1337 4965 1682 5033 pependisse.
1716 4967 1948 5037 Utrique

383 5067 526 5124 opus
571 5067 738 5107 unum
774 5051 1114 5123 propositum
1144 5052 1273 5121 fuit,
1300 5054 1471 5111 virtus
1517 5056 1661 5127 ipsa,
1691 5068 1748 5113 et
1781 5068 1840 5112 ut
1865 5059 1950 5113 vi-

385 5155 495 5200 tam
550 5159 772 5200 omnem
820 5143 890 5199 ad
940 5159 1093 5215 spem
1149 5144 1393 5209 futuram
1450 5147 1836 5217 dirigeremus,
1890 5160 1947 5206 et

384 5237 542 5305 prius
602 5235 731 5291 inde
780 5234 967 5291 animo
1020 5237 1448 5292 transiet-remur
1496 5254 1658 5308 quam
1714 5256 1947 5311 corpore

384 5329 781 5385 excederemus
808 5345 821 5383 :
859 5326 928 5384 ad
961 5326 1108 5399 quod
1138 5316 1471 5399 spectantes,
1504 5333 1670 5388 vitam
1696 5346 1754 5391 et
1776 5335 1948 5390 actio-

384 5432 511 5475 nem
544 5433 762 5475 omnem
796 5428 1040 5474 nostram
1075 5418 1149 5473 ita
1179 5419 1541 5485 instituimus,
1574 5433 1630 5478 ut
1661 5441 1761 5480 nos
1794 5441 1950 5481 man.

455 5531 529 5609 (ς)
574 5530 1103 5609 Constantinopolim
1150 5532 1405 5609 Socrates
1452 5536 1648 5592 scribit
1693 5538 1947 5609 frequen-

389 5596 653 5679 tissimam
720 5596 1126 5656 tttultttttdineut
1192 5604 1375 5668 alere,
1438 5618 1730 5675 propterea
1793 5596 1944 5679 ’(μιοιί

388 5679 537 5721 mare
572 5671 621 5723 ei
660 5684 820 5726 omne
869 5686 1041 5742 genus
1084 5671 1781 5748 commeatus'suppedttet
1818 5671 1845 5735 ἐ
1891 5693 1947 5736 et

2053 4522 2221 4575 etiam
2260 4522 2314 4575 in
2365 4521 2470 4576 lide
2514 4537 2709 4579 sumus
2744 4526 3080 4593 continuati,
3129 4544 3424 4604 propterea
3463 4544 3619 4607 quod

2051 4629 2299 4670 errorem
2328 4624 2385 4671 et
2409 4614 2781 4685 impuritatem
2811 4634 3007 4674 eorum
3037 4629 3455 4693 cognoverimus
3480 4649 3495 4685 :
3539 4635 3620 4689 ibi

2051 4707 2329 4763 daemones
2354 4706 2723 4777 despicientes
2756 4710 2852 4767 ubi
2882 4713 3160 4772 daemones
3191 4730 3321 4773 sunt
3348 4722 3403 4778 in
3432 4725 3620 4779 admi-

2050 4798 2283 4852 ratione.
2316 4798 2383 4853 Et
2429 4798 2475 4854 si
2507 4800 2633 4867 quis
2669 4810 2756 4855 est
2787 4813 2883 4857 aut
2930 4806 3181 4862 creditur
3211 4825 3338 4867 esse
3382 4812 3617 4882 ﬂuvius,

2050 4888 2145 4959 qui
2203 4904 2301 4958 per
2354 4890 2690 4961 salsuginem
2736 4908 2981 4948 amaram
3027 4900 3195 4954 maris
3261 4903 3614 4961 dulcedinem

2050 4993 2203 5032 suam
2249 4979 2491 5035 retinens
2530 4981 2644 5036 lluit
2674 5000 2688 5036 :
2725 4994 2818 5039 aut
2850 4986 3107 5043 animans
3138 4989 3347 5060 aliqua,
3394 5009 3516 5064 qua:
3554 4997 3615 5052 in

2051 5069 2194 5138 igne,
2222 5086 2251 5125 a
2298 5087 2407 5141 quo
2437 5075 2619 5127 omnia
2658 5088 3087 5147 consumantur,
3116 5082 3386 5139 subsilit:
3422 5086 3478 5140 id
3512 5103 3622 5143 nos

2051 5160 2195 5216 inter
2248 5163 2490 5232 aquales
2543 5180 2738 5221 omnes
2784 5168 3035 5238 proiecto
3084 5172 3314 5230 fuimus.
3358 5175 3427 5232 Et
3463 5180 3616 5248 quod

2048 5252 2483 5322 pulcherrimum
2538 5269 2658 5324 est,
2714 5259 2978 5316 sodalitas
3019 5264 3271 5332 quaedam
3328 5269 3620 5327 nobiscum

2050 5358 2158 5397 non
2185 5345 2449 5414 ignobilis
2480 5346 2605 5415 fuit,
2640 5366 2761 5421 qnte
2791 5353 2859 5406 ab
2898 5351 2991 5408 illo
3045 5363 3303 5425 tanquam
3358 5359 3500 5415 duce
3533 5363 3620 5415 in-

2050 5436 2385 5493 stituebatur
2443 5449 2607 5512 atque
2669 5445 2986 5514 regebatur,
3049 5448 3259 5504 eisdem
3321 5453 3615 5509 nobiscum

2046 5557 2313 5633 praeterea
2349 5567 2473 5631 cum
2506 5568 2644 5633 opus
2680 5555 2777 5633 sit,
2809 5553 3227 5633 Euxinol‘onto
3265 5562 3459 5633 ingens
3503 5563 3627 5621 fru-

2051 5627 2220 5673 menti
2254 5627 2409 5689 copia
2447 5638 2512 5677 eo
2550 5627 2904 5680 subvehatur.
2942 5627 3086 5699 (Εεί).
3127 5646 3201 5698 tv,
3230 5627 3352 5703 eap'.
3390 5634 3504 5705 l6.)
