3986 6190
337 329 437 392 ὓ]

1268 347 1862 418 ECCLESIASTIC.E
1901 354 2284 417 IIISTOIIIE
2324 355 2468 414 LIB.
2510 351 2614 412 XI.

3464 345 3566 405 63‘!

342 453 546 509 studiis
579 453 847 524 gaudens.
887 454 1147 521 Quamvis
1177 462 1430 529 pedites,
1478 468 1631 535 juxta
1675 471 1901 542 Lydium
1932 489 1974 531 Α
2011 472 2165 540 133
2212 471 2399 537 Itaque
2457 477 2749 536 postquam
2805 462 2856 515 in
2919 457 3322 528 philosophicis
3367 458 3568 514 litteris

339 562 591 613 currum,
625 547 776 603 illius
819 550 1032 605 scilicet
1063 569 1282 609 cursum
1307 567 1366 612 et
1410 576 1615 616 morem
1644 579 1902 619 currere-

340 655 484 695 mus.
529 639 688 695 Unde
717 641 1016 697 celebritas
1045 647 1294 713 quaedam
1321 651 1480 705 nobis.
1507 655 1736 723 contigit
1757 657 1901 725 apud

335 733 635 802 magistros
665 741 721 787 et
750 736 1162 792 commilitones
1195 749 1438 805 nostros,
1472 756 1739 812 pra-terea
1774 763 1902 802 vero

337 823 394 877 in
437 823 642 878 Graecia
677 825 853 889 outni,
886 827 1032 894 apud
1065 842 1163 882 eos
1196 833 1430 887 maxime
1461 836 1555 905 qui
1586 837 1644 890 in
1669 853 1733 892 ea
1761 855 1902 908 pra!-

334 917 501 976 cipue
532 915 662 970 clari
700 927 850 971 sunt.
885 916 1028 983 Quin
1069 919 1182 990 jam
1224 921 1365 976 fama
1400 941 1621 996 quoque
1660 931 1902 984 nominis

336 1007 514 1059 nostri
562 1008 701 1060 ultra
745 1007 968 1063 Graecia:
1024 1009 1181 1076 lines,
1239 1012 1399 1068 sicuti
1445 1016 1554 1071 hoc
1600 1019 1900 1075 multorum

335 1113 595 1152 sermone
664 1098 984 1162 ferebatur.
1058 1105 1349 1170 processit.
1417 1107 1591 1162 Tanta
1662 1126 1901 1183 namque

335 1202 735 1258 praeceptorum
781 1201 1122 1256 nostrorum,
1167 1206 1368 1264 quanta
1414 1199 1756 1256 Athenarum
1785 1243 1800 1265 ,
1846 1213 1903 1258 et

333 1290 490 1333 tanta
523 1290 732 1344 ucstra,
760 1292 968 1350 quanta
999 1296 1394 1353 praeceptorum
1420 1289 1540 1344 laus
1573 1291 1695 1346 fuit.
1721 1296 1900 1364 Atque

334 1371 476 1423 adeo
510 1387 607 1440 per
637 1373 947 1428 amicorum
989 1375 1225 1444 insigne,
1258 1378 1419 1434 sicuti
1469 1382 1694 1445 luimus,
1731 1384 1804 1438 ita
1845 1397 1902 1442 et

332 1462 515 1517 habiti
553 1479 782 1518 sumus:
824 1474 883 1519 ut
923 1467 1061 1520 nihil
1099 1468 1278 1524 simile
1313 1472 1457 1539 apud
1483 1471 1704 1530 Gnecos
1729 1475 1900 1531 habe-

335 1562 463 1605 rent
508 1553 595 1606 vel
633 1553 860 1610 Orestes
905 1565 961 1610 et
999 1556 1251 1627 Pylades,
1300 1562 1384 1616 vel
1425 1545 1753 1629 Molionidae,
1789 1567 1899 1620 Ho-

334 1645 528 1699 merici
578 1646 836 1700 carminis
886 1647 1215 1704 miraculum
1244 1652 1343 1718 (I).
1382 1670 1400 1704 ι
1443 1653 1570 1709 Ilaec
1605 1655 1899 1725 Gregorius

332 1736 408 1788 de
473 1751 569 1789 sua
630 1747 688 1790 et
737 1737 920 1791 Basilii
973 1738 1263 1808 disciplina
1303 1755 1358 1796 et
1406 1745 1671 1811 amicitia,
1733 1763 1896 1816 quam

331 1827 511 1880 etiam
563 1843 689 1880 cum
731 1829 932 1898 scripta
962 1830 1249 1901 pleraque,
1282 1843 1396 1887 tum
1432 1836 1676 1904 epistolae
1703 1853 1894 1894 eorum

330 1922 511 1988 magis
539 1920 838 1975 declarant.
882 1921 993 1976 llos
1031 1938 1168 1977 sane
1205 1926 1357 1980 viros
1395 1928 1442 1981 si
1485 1929 1610 1996 quis
1659 1930 1804 1985 inter
1839 1946 1898 1986 se

323 2015 613 2076 conterre,
669 2015 969 2084 vitamque,
1022 2032 1206 2072 mores
1263 2027 1320 2072 et
1383 2021 1641 2076 virtutem
1705 2038 1898 2077 eorum

323 2122 612 2174 exponere
632 2107 782 2172 velit,
804 2108 1035 2162 alterum
1060 2110 1219 2165 alteri
1244 2111 1503 2180 praferre
1526 2113 1897 2170 addubitabit.

325 2198 461 2252 Fuit
491 2199 636 2251 cuitu
664 2201 809 2252 inter
830 2213 952 2264 eos,
980 2211 1037 2254 et
1071 2201 1196 2255 vita:
1221 2202 1537 2270 sanctioris,
1569 2212 1626 2259 et
1654 2208 1898 2274 profanae

319 2289 502 2343 simul
539 2302 819 2357 sacraeque
852 2287 1122 2344 doctrinae
1169 2292 1532 2346 concertatio.
1574 2292 1714 2347 Nam
1760 2297 1897 2349 ado-

317 2384 610 2438 lescentes
657 2380 859 2445 adhuc,
883 2381 1114 2436 Athenis
1158 2381 1387 2436 Himerii
1438 2394 1494 2438 et
1543 2384 1894 2453 Prohaaresii,

315 2476 430 2543 qui
483 2484 594 2528 tum
631 2473 779 2528 inter
823 2473 1096 2543 sophistas
1139 2476 1402 2544 praecipui
1469 2487 1651 2540 erant,
1701 2478 1899 2535 deinde

319 2567 505 2620 etiam
565 2563 870 2618 Antiochiae
927 2563 982 2617 in
1033 2562 1191 2634 Syria
1240 2564 1454 2618 Libanii
1511 2566 1793 2622 auditores
1843 2579 1899 2625 et

319 2657 593 2726 discipuli
631 2664 802 2710 artem
837 2654 1166 2709 rhetoricam
1200 2669 1414 2708 summe
1457 2657 1895 2726 perdidicerunt.

323 2751 407 2806 Et
439 2765 584 2812 cum,
631 2748 778 2818 quod
816 2748 882 2802 ad
910 2747 1273 2818 philosophia:
1303 2747 1486 2803 studia
1532 2749 1690 2805 valde
1721 2768 1898 2823 appo-

325 2845 429 2900 siti
459 2851 667 2905 essent,
693 2841 918 2910 quidam
967 2856 1065 2896 eos
1111 2839 1179 2894 ad
1228 2841 1391 2896 ludos
1435 2843 1791 2912 aperiendos,
1841 2854 1899 2900 et

327 2934 699 3004 sophisticam
757 2931 925 2986 vitam
982 2931 1500 3000 complectendam,
1558 2934 1654 2989 alii
1708 2944 1894 2991 autem

328 3027 408 3082 ad
447 3040 643 3081 causas
694 3025 752 3079 in
787 3023 906 3079 [οι-ο
940 3023 1181 3093 agendas
1230 3023 1680 3090 cohortarentur,
1713 3027 1896 3083 studio

1929 1795 1977 1855 Β

2009 566 2145 617 satis
2195 560 2397 615 versati
2445 568 2629 621 erant,
2661 571 2726 610 ex
2759 553 3016 624 Origcnis
3045 562 3101 606 et
3152 551 3416 614 aliorum,
3471 551 3565 618 qui

2011 657 2166 709 illum
2225 653 2312 706 vel
2368 656 2786 718 praecesserant.
2839 647 2924 699 vel
2984 644 3268 698 consecuti
3323 643 3568 702 fuerant.

2004 743 2180 806 libris,
2235 755 2513 797 sacrarum
2553 738 2880 792 Litterarum
2908 736 3234 791 sententiam
3283 733 3569 788 addidice-

2007 844 2154 888 runt.
2187 833 2373 904 Magna
2419 834 2565 886 enim
2611 842 2724 884 tum
2768 831 2901 883 orbe
2952 838 3068 883 toto
3099 826 3352 895 Origenis
3388 826 3562 894 gloria

2003 926 2128 980 fuit.
2169 925 2224 979 In
2275 927 2394 995 ejus
2440 924 2602 980 libris
2639 939 2766 977 cum
2814 937 2872 976 se
2913 920 3308 980 exercuissent,
3345 918 3563 971 Arianis

2005 1027 2229 1070 strenue
2274 1015 2622 1072 restiterunt.
2675 1013 2742 1066 Et
2794 1011 2922 1081 quia
2971 1010 3048 1063 illi
3104 1009 3468 1062 auctoritates
3509 1017 3566 1060 et

2007 1109 2323 1163 testimonia
2363 1124 2432 1162 ex
2471 1105 2722 1176 Origenis
2758 1103 2982 1172 scriptis
3032 1102 3099 1155 ad
3155 1101 3351 1170 dogma
3405 1115 3563 1152 suum

2000 1197 2472 1267 comprobandum
2529 1196 2858 1259 alierebant,
2916 1195 3019 1264 ipsi
3069 1208 3166 1247 eos
3221 1189 3562 1247 refellerunt.

2004 1304 2113 1343 non
2176 1289 2310 1344 satis
2369 1288 2625 1358 Origenis
2689 1287 3024 1341 sententiam
3093 1294 3379 1338 assecutos
3443 1295 3564 1335 esse

2005 1381 2383 1435 ostendentes.
2441 1379 2600 1447 Apud
2651 1379 2856 1431 multos
2912 1375 3134 1446 quidem
3187 1385 3301 1427 tum
3351 1373 3563 1430 Ariani.

2003 1478 2168 1538 atque
2214 1468 2517 1522 Eunomius
2581 1474 2638 1520 et
2693 1466 2808 1535 ipse
2861 1464 3204 1528 Arianizans,
3262 1463 3318 1514 in
3371 1475 3567 1530 magno

2004 1559 2159 1613 fuere
2213 1559 2412 1628 pretio.
2467 1560 2536 1611 At
2602 1557 2678 1610 illi
2723 1565 3007 1626 postquam
3051 1569 3176 1609 cum
3203 1552 3470 1623 Gregorio
3512 1561 3567 1604 et

2001 1650 2200 1706 Basilio
2234 1651 2320 1706 vel
2372 1649 2593 1719 scriptis
2641 1649 2726 1702 vel
2756 1647 3224 1717 disputationibus
3256 1654 3388 1699 sunt
3427 1658 3562 1698 con—

2002 1743 2194 1813 gressi,
2219 1742 2422 1796 indocti
2455 1757 2681 1811 prorsus
2704 1755 2826 1795 esse
2853 1739 3118 1807 comperti
3148 1748 3297 1793 sunt.
3328 1737 3566 1792 Basilius

2007 1849 2038 1888 a
2091 1833 2309 1889 Meletio
2363 1833 2666 1889 Antiochia:
2710 1833 2971 1902 episcopo
3006 1831 3272 1885 diaconus
3322 1840 3562 1893 creatus,

2006 1935 2196 1995 postea
2234 1925 2426 1995 patria:
2460 1941 2574 1980 suae
2617 1924 2881 1980 Caesarea;
2906 1923 3291 1993 Cappadocum
3333 1923 3564 1977 antistes

2005 2018 2206 2083 factus,
2243 2033 2367 2072 cum
2398 2031 2532 2072 cura
2556 2025 2617 2072 et
2666 2016 2771 2071 lide
2805 2016 3059 2071 ecclesiis
3091 2015 3564 2086 praefuitNeritus

2005 2111 2150 2164 enim
2184 2125 2252 2164 ne
2282 2125 2368 2164 res
2393 2111 2722 2164 Arianorum
2749 2125 2904 2164 nova:
2954 2109 3114 2163 Ponti
3137 2109 3303 2164 etiam
3327 2107 3564 2162 ditiones

2008 2209 2378 2271 occuparent,
2430 2201 2688 2256 celeriter
2738 2201 2807 2256 ad
2866 2215 2960 2256 eas
3017 2211 3200 2270 partes
3254 2201 3562 2271 percurrit,

2006 2300 2172 2360 atque
2225 2291 2621 2346 monachorum
2671 2292 2745 2347 ibi
2813 2291 3079 2348 exercitia
3133 2292 3450 2352 instituens,
3505 2300 3564 2345 et

2006 2383 2298 2452 plerosque
2346 2399 2503 2439 sacra
2547 2383 2799 2438 doctrina
2830 2384 3120 2450 erudiens,
3155 2385 3210 2440 in
3257 2385 3361 2440 ﬁde
3394 2387 3560 2440 etiam
3625 2393 3627 2395 ‘

2005 2471 2332 2527 ﬂuctuantes
2365 2475 2728 2546 confirmavit.
2771 2474 3036 2546 Gregorio
3066 2487 3272 2540 autem,
3312 2475 3406 2545 qui
3437 2476 3548 2530 Na.

2009 2563 2182 2617 zianzi
2216 2565 2481 2620 mediocri
2520 2565 2877 2634 Cappadociae
2925 2566 3149 2635 oppido,
3196 2569 3338 2633 patri
3372 2581 3473 2621 suo
3509 2571 3563 2621 ir.

2004 2657 2322 2725 episcopatu
2369 2657 2652 2720 successit,
2698 2656 2840 2712 idem
2887 2659 3129 2712 studium
3159 2659 3562 2716 fuit.Circum-

2007 2749 2124 2802 ieas
2183 2747 2333 2801 enim
2376 2757 2431 2802 et
2479 2748 2592 2816 ipse
2639 2749 2835 2816 oppida
2877 2751 3160 2819 pleraque,
3202 2767 3298 2806 eos
3331 2753 3424 2822 qui
3499 2755 3555 2807 in

2008 2838 2268 2908 religione
2310 2839 2560 2893 imbecilli
2592 2847 2773 2904 erant,
2805 2840 3160 2894 confortavit'.
3200 2842 3554 2899 Potissimum

2006 2945 2138 2986 vero
2178 2929 2706 2999 Constantinopolim
2759 2931 3105 3000 frequentius
3157 2933 3364 3000 visens,
3420 2949 3551 2993 sen-

2009 3019 2187 3076 tentiae
2217 3039 2329 3077 sua:
2360 3024 2752 3095 suifragatores
2782 3026 2836 3080 in
2865 3027 3116 3085 doctrina
3155 3034 3505 3090 conﬁrmavit
3540 3058 3551 3087 :

339 3130 583 3191 utroque
611 3127 954 3190 contempto,
995 3116 1298 3196 solitariam
1325 3127 1458 3173 sunt
1487 3117 1657 3172 vitam
1697 3119 1896 3174 secuti.
1927 3150 1970 3206 ο
2003 3122 2059 3167 et
2092 3124 2278 3182 postea
2315 3115 2371 3169 in
2413 3131 2534 3170 eam
2566 3117 2756 3172 urbem
2785 3119 3024 3189 legitime
3066 3134 3350 3189 evocatus,
3383 3129 3558 3182 admi-

323 3304 582 3373 ὕστερον,
615 3301 886 3369 συνδρομῇ
916 3297 1126 3351 πολλῶν
1158 3297 1349 3368 ἱερέων
1373 3297 1470 3368 τῆς
1505 3298 1687 3352 ἐκεῖσε
1707 3299 1903 3370 ἐκκλη·

330 3393 456 3454 σίας
489 3392 590 3458 τὴν
629 3391 933 3457 ἐπισκοπὴν
964 3389 1270 3458 ἐπετράπη.
1310 3385 1371 3440 Εἰ
1415 3386 1490 3457 μὴ
1526 3390 1633 3457 γὰρ
1668 3388 1830 3440 αὐτὸν
1866 3391 1898 3459 ἡ

329 3483 453 3535 θεία
502 3481 662 3552 χάρις
690 3482 866 3534 ἐκεῖσε
895 3477 1256 3546 παραϐάλλειν
1290 3477 1481 3542 ἐκίνει,
1516 3477 1641 3548 μήτ’
1675 3479 1900 3530 ἐπισκό-

326 3593 438 3628 που
470 3575 596 3645 μήτ’
629 3571 922 3640 ἐκκλησίας
961 3568 1148 3638 οὓσης,
1173 3568 1390 3622 πάντων
1419 3567 1464 3622 δ’
1502 3568 1898 3638 ἐλαυνομένων,

325 3667 639 3722 ἐκινδύνευε
663 3664 846 3733 σχεδὸν
866 3661 1057 3732 μηκέτ’
1079 3658 1217 3714 εἶναι
1242 3663 1307 3730 τῇ
1331 3662 1737 3714 Κωνσταντῐνου
1759 3660 1816 3712 τὸ
1833 3664 1897 3730 τῇ

333 3760 390 3810 ἐν
437 3755 642 3823 Νικαεᾳ
690 3754 924 3813 πίστεως
960 3751 1154 3820 δόγμα.
1203 3750 1362 3803 Ἀλλὰ
1405 3751 1534 3821 περὶ
1574 3752 1674 3820 μὲν
1708 3749 1898 3802 :ou'tuu

325 3852 428 3904 καὶ
459 3849 613 3911 αὖθις
660 3846 801 3900 κατὰ
832 3849 1015 3916 χώραν
1052 3844 1282 3914 ἐροῦμεν
1312 3863 1326 3877 ο
1362 3847 1420 3898 τὸ
1451 3845 1506 3898 δέ
1537 3862 1598 3912 γε
1647 3845 1741 3897 νῦν
1775 3845 1902 3914 περὶ

330 3942 612 3997 Βασιλείου
635 3938 886 4008 διέξειμι.

917 4052 1170 4105 ΚΕΦΔΛ.
1212 4049 1318 4104 IH'.

335 4152 441 4215 Ὠς
474 4149 624 4216 μετὰ
648 4145 944 4216 Εὐσέϐιον
973 4146 1293 4216 Βασίλειος
1330 4144 1446 4212 τὴν
1477 4143 1902 4216 Καππαδοκῶν

398 4213 700 4286 ἐπετράπη
725 4234 739 4248 ·
776 4215 877 4286 καὶ
909 4216 1040 4284 περὶ
1069 4214 1180 4282 τῆς
1227 4216 1379 4282 πρὸς
1410 4213 1718 4269 Οὐάλεντα
1746 4216 1902 4284 παῤ-

391 4285 621 4357 ριισίας
651 4285 861 4341 αὑτοῦ.

402 4405 648 4474 Διαφορά
699 4419 784 4464 τις
838 4397 1040 4467 συνέϐη
1079 4397 1157 4467 τῷ
1191 4397 1297 4467 πρὸ
1345 4394 1443 4450 τοῦ
1473 4397 1755 4450 Βασιλείου
1801 4400 1901 4466 τῆς

2003 3203 2384 3260 uistrationem
2418 3205 2677 3262 Ecclesiae
2707 3207 2780 3263 ibi
2813 3213 3109 3267 multorum
3156 3217 3550 3288 episc0porum

2000 3308 2274 3350 concursu
2315 3308 2370 3351 et
2417 3297 2681 3370 suﬂ‘ragio
2712 3305 2974 3372 suscepit.
3019 3304 3176 3370 Quod
3229 3310 3335 3364 nisi
3369 3312 3556 3366 divina

2002 3389 2193 3454 gratia,
2235 3397 2292 3439 ut
2325 3389 2370 3443 is
2398 3405 2462 3443 eo
2490 3393 2725 3458 veniret,
2757 3407 3130 3462 procurasset,
3169 3401 3317 3467 quod
3351 3407 3552 3471 expul‘

2002 3475 2079 3530 sis
2131 3477 2427 3542 omnibus,
2491 3497 2667 3551 neque
2735 3485 3029 3554 episcopus
3087 3504 3264 3557 neque
3320 3493 3554 3548 ecclesia

2005 3566 2077 3620 ibi
2128 3578 2309 3630 esset,
2341 3570 2646 3638 periculum
2683 3584 2834 3631 certe
2866 3585 2916 3629 et
2953 3585 3129 3630 metus
3165 3577 3281 3634 fere
3322 3579 3562 3644 luisset.

2004 3674 2074 3712 nc
2125 3659 2321 3715 deinde
2390 3661 2622 3716 Nicaeum
2694 3663 2815 3718 ﬁdei
2866 3667 3129 3722 doctrina
3177 3660 3566 3728 Constantino-

2005 3749 2114 3818 poli
2171 3751 2321 3806 locus
2372 3751 2609 3806 deesset.
2665 3754 2771 3808 Sed
2825 3755 2924 3810 bac
2975 3757 3042 3811 de
3105 3774 3162 3813 re
3215 3771 3404 3830 postea
3461 3779 3564 3818 suo

2001 3842 2124 3897 loco
2179 3842 2377 3898 dicam.
2437 3845 2494 3898 lu
2550 3846 2839 3914 praesemia
2891 3848 3176 3904 historiam
3231 3851 3299 3906 de
3359 3853 3558 3909 Basilio

2003 3952 2328 4006 persequar.

2547 4049 2776 4106 CAPUT
2818 4051 3003 4106 XVIII.

2008 4141 2072 4196 Ut
2099 4151 2213 4211 post
2252 4141 2784 4216 _Eusebimn_Beailio
2805 4143 3040 4216 Ecclesia
3085 4145 3460 4216 Cappadocum
3491 4154 3556 4204 sit

2071 4213 2360 4284 commisso
2385 4229 2403 4266 :
2444 4221 2494 4265 et
2525 4212 2590 4266 de
2624 4215 2814 4284 insigni
2846 4213 2960 4284 ejus
3007 4212 3253 4271 adversus
3291 4217 3562 4284 Valentem

2073 4283 2279 4335 dicendi
2304 4281 2563 4338 libertate.
2725 4277 2746 4284 ⁷
2866 4277 2884 4284 ⁷
3423 4277 3439 4297 ‘

2074 4397 2330 4462 Eusebio,
2362 4400 2452 4467 qui
2481 4409 2605 4453 ante
2632 4399 2889 4454 Basilium
2924 4401 3169 4457 ecclesiae
3200 4403 3562 4460 Cmsariensis

257 4463 268 4495 ε
340 4463 669 4561 Ἐκκλῆσῖας
699 4463 1039 4558 καθηγεμόνι
1059 4463 1321 4556 Εύτσεὸξῳ,
1346 4485 1426 4538 ἔτι
1449 4488 1505 4539 ἐν
1525 4488 1795 4551 διακόνοις
1813 4463 1899 4541 τέ-

2004 4493 2332 4558 gubernator
2365 4463 2489 4555 fuit,
2519 4493 2805 4548 dissidium
2859 4494 3131 4562 quoddam
3179 4511 3301 4549 cum
3363 4498 3562 4552 Basilio

328 4586 573 4647 λοῦντος.
604 4579 711 4635 Ἦν
741 4581 800 4635 δέ
828 4582 856 4634 ὁ
885 4579 1140 4640 Εὐσέϐιος
1173 4579 1264 4631 καὶ
1290 4577 1457 4632 τᾶλλα
1487 4580 1587 4648 μὲν
1616 4580 1899 4644 ἐπαινετὸς

325 4683 356 4732 ὁ
402 4679 560 4746 ἀνὴρ,
595 4675 687 4727 καὶ
721 4675 829 4737 τοῖς
874 4673 1014 4740 ὑπὲρ
1034 4669 1314 4732 εὐσεϐείας
1353 4671 1618 4734 κινδύνοις
1666 4672 1901 4741 μάλιστα

327 4769 656 4840 διαπρέψας,
688 4766 762 4829 ὡς
797 4768 826 4819 ὀ
856 4763 980 4818 τότε
1012 4763 1178 4826 ἔδειξε
1215 4762 1474 4831 διωγμός.
1514 4762 1622 4831 Τῆς
1662 4761 1752 4816 οὖν
1782 4763 1902 4816 δια-

328 4866 501 4934 φορᾶς
522 4860 844 4930 γενομένης,
870 4855 1148 4916 Βασίλειο;
1181 4857 1278 4925 μὲν
1305 4855 1399 4908 ἐπὶ
1419 4855 1508 4906 τὸν
1540 4854 1739 4907 Πόντον
1768 4854 1876 4924 ὲχώ
1894 4883 1906 4896 -

331 4974 440 5029 ρει,
477 4957 575 5008 καὶ
590 4955 701 5015 τοῖς
726 4952 904 5004 ἐκεῖσε
931 4946 1236 5017 φιλοσόφως
1268 4945 1402 5010 ζῶσι
1433 4946 1598 5014 συνῆν
1619 4961 1632 4974 ·
1661 4948 1696 5020 ὁ.
1714 4945 1772 4999 δὲ
1792 4945 1902 4998 τῶν

331 5048 657 5116 Καισαρέων
672 5045 867 5113 δῆμος,
889 5043 984 5094 καὶ
1007 5040 1208 5109 μᾶλλον
1233 5041 1349 5092 ὅσοι
1377 5036 1473 5090 τοῦ
1498 5037 1736 5107 πλήθους
1760 5034 1902 5108 ἦσαν

332 5141 637 5210 σοφώτεροι
655 5177 671 5201 ,
711 5134 780 5188 δι’
809 5134 1062 5193 ὑπονοίας
1091 5127 1238 5200 εἶχον
1263 5130 1550 5193 Εὑσέὀιον,
1581 5131 1676 5182 καὶ
1706 5131 1900 5182 ἀπολι-

330 5239 456 5289 πεῖν
483 5248 543 5284 τε
569 5229 729 5285 αὐτὸν
759 5224 1127 5287 ἐϐουλεύοντο,
1165 5225 1257 5276 καὶ
1289 5222 1410 5275 κατ’
1447 5222 1583 5275 ἰδίαν
1608 5223 1905 5292 χωρισθέν-

327 5345 442 5390 τες.
472 5327 573 5386 τὰς
608 5319 931 5388 συναγωγὰς
964 5317 1101 5386 δῆτα
1154 5316 1462 5378 ποιεῖσθαι,
1498 5315 1580 5367 ὅτι
1611 5315 1787 5383 φυγῆς
1816 5313 1904 5366 ατ-

329 5437 443 5482 τιος
470 5414 714 5484 ἐγεγόνει
743 5411 899 5482 ἀνδρὶ
921 5409 1161 5478 τοσούτῳ
1181 5408 1281 5476 τὴν
1301 5407 1504 5476 ἀρετὴν
1525 5406 1615 5458 καὶ
1645 5405 1791 5475 βιοῦν
1813 5404 1906 5459 λι.

328 5529 448 5577 γειν
479 5509 622 5575 ὑπὲρ
649 5509 892 5566 ἃπαντας
927 5501 1216 5570 εύδοκίμῳ,
1251 5497 1543 5551 καὶταῦτα
1576 5499 1795 5565 στίφους
1818 5514 1908 5549 το-

333 5603 540 5657 σούτων
570 5597 863 5669 αἰρετικῶν
881 5593 1248 5663 περιθέοντος.
1267 5590 1326 5642 Ὀ
1365 5591 1462 5660 μὲν
1482 5584 1574 5643 οὖν
1600 5589 1904 5652 Βασίλειος,

409 5785 485 5853 (ι)
517 5781 732 5835 Sozom.
766 5777 892 5831 eod.
920 5791 1039 5843 cap.
1082 5775 1166 5828 Η.
1203 5771 1413 5826 Socrat.
1442 5769 1568 5824 cod.
1600 5783 1718 5838 cap.
1744 5766 1838 5822 ‘26.

2002 4585 2301 4638 etiamnum
2320 4585 2550 4639 diacono
2572 4585 2901 4640 intercessit.
2920 4584 3047 4638 Fuit
3075 4595 3257 4638 autem
3288 4587 3562 4642 Eusebius

1999 4690 2128 4732 cum
2148 4677 2271 4730 aliis
2301 4677 2354 4730 in
2392 4677 2558 4730 rebus
2585 4677 2666 4729 vir
2719 4689 2967 4744 magnus,
3001 4686 3111 4728 tum
3166 4677 3565 4732 certaminibus

1999 4780 2056 4822 et
2078 4769 2337 4837 periculis
2363 4782 2462 4836 pro
2487 4767 2690 4835 pietate
2734 4765 3035 4820 subeundis
3065 4765 3301 4820 maxime
3355 4779 3569 4836 specta-

2003 4871 2111 4916 tus.
2144 4860 2202 4914 id
2248 4859 2394 4929 quod
2419 4859 2540 4927 ejus
2577 4857 2841 4928 temporis
2894 4843 3212 4926 persecutio
3246 4857 3564 4912 declaravit.

2004 4952 2296 5006 Dissidiuut
2345 4959 2528 5004 autem
2561 4964 2683 5004 cum
2713 4949 2796 5004 eis
2847 4948 3289 5014 intercessisset,
3340 4948 3571 5002 Basilius

2005 5046 2059 5098 in
2093 5044 2327 5099 Pontum
2351 5042 2598 5107 secessit,
2633 5051 2799 5110 atque
2833 5041 2908 5096 ibi
2955 5057 3080 5097 cum
3106 5042 3393 5096 monachis
3451 5044 3542 5110 phi

2001 5135 2283 5202 losopltice
2337 5133 2646 5189 viventibus
2680 5133 2802 5187 fuit.
2847 5133 3008 5188 Plebs
3059 5143 3242 5188 autem
3271 5132 3570 5188 Ctesarieu-

2003 5231 2101 5292 sis,
2127 5237 2290 5296 atque
2313 5229 2367 5281 in
2398 5225 2593 5296 primis
2622 5226 2715 5297 qui
2743 5241 2807 5281 ea
2838 5235 2998 5282 erant
3026 5227 3388 5288 cordatiores,
3420 5226 3566 5292 quod

2008 5323 2304 5377 Eusebium
2336 5331 2652 5390 suspectum
2687 5320 2985 5382 habebant,
3018 5319 3175 5388 quasi
3221 5317 3359 5387 fugae
3407 5331 3572 5371 causa

2008 5422 2156 5470 esset
2175 5414 2276 5467 viri
2299 5413 2457 5477 tanti,
2481 5412 2576 5482 qui
2609 5411 2810 5467 virtute
2834 5421 2890 5466 et
2911 5410 3156 5464 moribus
3182 5417 3237 5462 et
3259 5408 3574 5476 eloquentia

2009 5506 2266 5561 onmibus
2296 5505 2416 5558 aliis
2443 5503 2644 5557 clarior
2673 5511 2836 5565 esset,
2895 5516 2962 5554 eo
2997 5501 3271 5569 prtecipue
3332 5508 3578 5567 tempore

2009 5611 2118 5665 quo
2153 5596 2538 5651 haereticorum
2590 5594 2781 5663 ingens
2829 5591 3123 5645 multitudo
3180 5593 3570 5646 circumcursa-
