3986 6190
365 321 372 328 ·
415 295 522 361 ὓ23

1629 298 2051 362 NlCEPHORl
2093 303 2434 364 CALLISTI

3555 303 3668 366 624

408 413 854 482 ret,consilium
903 413 1023 483 ejus
1073 413 1418 482 relinquendi
1470 424 1523 468 et
1577 417 1804 470 seorsim
1864 431 1968 470 ron

2091 417 2178 471 ἴνα
2245 417 2320 488 μὴ
2375 418 2436 469 τὸ
2495 415 2578 484 ἐφ’
2633 413 2811 485 ἐαυτῷ
2861 413 2961 487 τὴν
3025 413 3322 486 ἐκκλησίαν
3369 415 3674 485 ἐπιτρέψῃ.

407 514 606 563 ventus
653 506 756 560 sibi
793 520 922 559 suos
969 503 1163 574 agendi
1229 519 1446 574 cepere.
1482 505 1640 576 135
1687 508 1864 576 Atque
1909 507 1982 562 ita

403 602 630 672 quidem
687 599 952 661 Basilius,
1028 612 1130 661 ne,
1205 606 1469 667 quantum
1542 616 1598 653 ιη
1677 615 1743 654 eo
1814 600 1980 655 situm

375 701 546 756 erat,
606 689 907 745 Ecclesiam
957 687 1208 758 plurimis
1259 689 1588 743 tumultilms
1643 689 1711 743 ab
1762 691 1843 744 eis
1887 690 1979 758 qui

405 783 582 838 aliena
654 780 996 842 sentiebant,
1063 779 1450 834 eonturbatam
1499 781 1734 850 amplius
1780 782 1984 853 adlige-

405 882 532 938 ret,
611 872 852 942 quietam
921 872 974 925 in
1058 872 1304 925 Ponticis
1377 872 1726 928 monasteriis
1785 873 1980 943 agebat

383 969 592 1021 vitam.
654 965 854 1019 Valens
908 973 1116 1026 autem,
1167 975 1224 1019 et
1255 980 1374 1034 qua:
1397 980 1520 1019 cum
1561 980 1628 1020 eo
1673 973 1792 1020 erat
1823 981 1977 1020 sacra

378 1059 605 1113 cohors
660 1058 902 1128 (semper
951 1057 1096 1110 enim
1162 1056 1315 1110 illum
1376 1055 1668 1110 incitantes
1734 1055 1976 1126 episcopi

403 1151 591 1208 Ariani
643 1149 1055 1219 sequebantur)
1105 1159 1473 1218 opportunum
1513 1165 1571 1204 se
1605 1157 1822 1218 tempus
1881 1165 1978 1202 na-

379 1252 522 1297 »οιος
579 1254 702 1294 esse
757 1239 1028 1301 dicentes,
1086 1248 1147 1292 ut
1203 1238 1254 1291 in
1311 1237 1692 1306 Cappadocum
1726 1239 1972 1292 Caesarea

403 1333 551 1403 quod
612 1332 817 1386 vellent
876 1329 1244 1398 perlicerent,
1299 1340 1592 1398 propterea
1638 1329 1784 1397 quod
1832 1329 1977 1383 Basi-

404 1425 510 1477 lms
566 1421 902 1484 secessisset,
960 1425 1016 1473 et
1057 1417 1295 1489 populus
1334 1417 1557 1474 Eusebii
1591 1418 1719 1472 odio
1761 1419 1828 1473 ad
1861 1420 1976 1475 dis-

325 1513 347 1528 ‘
404 1515 714 1569 cessionem
745 1519 1046 1582 spectaret,
1071 1509 1384 1565 Nicomedia
1401 1509 1629 1580 profecti
1644 1510 1973 1571 Ctesaream.

390 1619 662 1678 'tanquam
717 1615 774 1660 et
819 1605 963 1659 banc
991 1603 1261 1670 eversuri,
1286 1611 1597 1659 venerunt:
1667 1611 1832 1675 atque
1900 1604 1972 1658 ibi

389 1717 524 1770 aqua:
547 1700 692 1755 soliti
722 1699 956 1760 fuerant,
987 1711 1250 1767 peragere
1282 1704 1410 1753 sunt
1459 1697 1665 1764 conati,
1716 1696 1973 1752 videlicet

2091 509 2366 571 πλείστοις
2405 507 2656 578 θορύϐοις
2701 505 2852 575 παρα
2903 507 3014 560 τῶν
3045 505 3372 576 ἑτεροδόξων
3403 523 3681 574 κυμαινο-

2093 599 2279 668 μένην,
2306 601 2419 660 τοῖς
2453 598 2598 651 κατὰ
2627 599 2824 650 Πόντον
2852 598 3297 668 φροντιστηρίοις
3329 599 3593 652 ἐνέϐαλεν
3613 603 3680 670 ᾕ-

2091 692 2226 758 συχῆ
2256 688 2477 753 διαζῶν,
2521 687 2734 758 Οὐάλης
2754 689 2810 742 δέ
2836 690 2928 742 καὶ
2955 691 2983 742 ὁ
3006 690 3136 758 περὶ
3153 689 3315 742 αὐτὸν
3338 690 3485 758 ἱερὸς
3507 707 3680 759 στρα-

2088 783 2178 843 τὸς
2215 783 2324 851 (ἀεὶ
2355 782 2466 850 γὰρ
2524 783 2720 850 ἐκείνῳ
2758 783 2998 851 συνῆσαν
3029 782 3446 852 διερεθίζοντεςὶ
3479 785 3679 850 καιρὸν

2089 873 2230 942 ἔχειν
2274 873 2520 935 είπόντες
2557 873 2651 926 καὶ
2698 874 2756 926 ἐν
2803 876 2871 944 τῇ
2924 874 3314 927 Καππαδοκῶν
3363 875 3564 927 ἀνύσαι
3611 876 3681 927 τὸ

2089 963 2541 1034 σπουδαζόμενον,
2577 963 2636 1016 τό
2662 980 2722 1016 τε
2755 963 3040 1031 ἁπόδημον
3067 960 3208 1016 εἶναι
3240 964 3544 1028 Basilum,
3579 968 3681 1018 καὶ

2085 1059 2146 1110 τὸ
2173 1057 2258 1110 διὰ
2293 1057 2482 1126 μίσους
2511 1056 2740 1123 ἄγεσθαι
2774 1055 2851 1126 τῷ
2885 1056 2998 1125 λαῷ
3030 1057 3122 1108 τὸν
3161 1057 3427 1111 Εὐσέϐιον
3457 1061 3556 1112 καὶ
3590 1061 3680 1122 είς

2088 1145 2243 1217 ῥῆξιν
2283 1146 2438 1216 όρᾷν,
2473 1128 2534 1197 ἐκ
2563 1148 2662 1211 τῆς
2690 1144 3059 1214 Νικομηδείας
3086 1145 3424 1213 ἀπάραντες,
3463 1148 3542 1206 ὡς
3575 1148 3679 1199 καὶ

2084 1237 2292 1306 ταύτην
2313 1235 2838 1307 καταστρεψόμενοι,
2861 1238 2925 1306 τῇ
2946 1237 3276 1304 Καισαρέων
3299 1238 3673 1306 προσέϐαλον,

2085 1330 2176 1382 καὶ
2217 1329 2286 1382 τὰ
2336 1327 2573 1382 εἰωθότα
2605 1329 2782 1380 ποιεῖν
2831 1327 3184 1396 ἐπεχείρουν*
3238 1327 3524 1381 ἐκϐάλλειν
3570 1330 3679 1398 μὲν

2082 1418 2189 1472 τῶν
2219 1415 2533 1487 ἐκκλησιῶν
2566 1418 2690 1475 τοὺς
2741 1414 3104 1486 ὸρθόφρονας,
3131 1418 3244 1479 τοῖς
3284 1417 3330 1468 δ’
3357 1417 3415 1481 ἐξ
3445 1420 3500 1471 Ἀ
3515 1419 3677 1488 ρείου

2082 1510 2284 1574 ταύτας
2315 1509 2538 1564 διδόναιῖ
2567 1509 2810 1563 Ἦκιστα
2839 1509 2887 1562 δ’
2917 1509 3104 1571 αὐτοῖς
3139 1509 3277 1576 μετὰ
3316 1509 3522 1563 σκοπὸν
3563 1511 3678 1563 άπ-

2085 1602 2180 1670 ἐϐη
2231 1602 2292 1654 τὸ
2337 1600 2768 1672 βουλευόμενον
2799 1599 2916 1671 ἅμα
2945 1600 3054 1668 γὰρ
3097 1600 3395 1670 ἠγγέλλετο
3439 1603 3676 1666 τούτους

2084 1673 2188 1742 ἐπί
2207 1689 2546 1760 Καισαρείας
2577 1689 2848 1753 ἐλαύνειν,
2886 1693 2984 1742 καὶ
3012 1689 3291 1756 Βασίλειος
3320 1691 3414 1755 τάς
3440 1695 3498 1744 ἐν
3530 1695 3674 1747 Πόν-

405 1803 466 1847 ut
530 1801 678 1846 recta
738 1790 1044 1845 sentientes
1115 1788 1364 1843 ccclesiis
1411 1788 1715 1858 exigerent,
1765 1803 1972 1856 easque

2076 1801 2151 1852 τῳ
2198 1782 2482 1851 διατριϐὰς
2536 1783 2752 1852 χαίρειν
2810 1781 3003 1847 εἰπὼν,
3059 1783 3152 1836 ἐπὶ
3182 1784 3283 1855 τὴν
3335 1786 3672 1855 Καισαρέων

411 1883 630 1937 Arianis
662 1881 955 1935 traderent.
989 1879 1256 1935 Czeterum
1307 1880 1593 1934 consilium
1661 1880 1713 1933 id
1772 1878 1971 1934 frustra

405 1977 528 2026 luit.
565 1971 984 2040 Quamprimum
1011 1970 1156 2024 enim
1189 1969 1288 2023 hos
1314 1970 1616 2024 Cmsaream
1649 1969 1969 2038 pervenisse

405 2065 715 2118 nuntiatum
734 2071 839 2126 est,
867 2060 1101 2115 Basilius
1128 2059 1443 2114 monasticis
1472 2060 1526 2113 in
1573 2059 1748 2115 Ponto
1771 2059 1976 2114 scholis

402 2157 521 2210 vale
576 2156 743 2216 dicto,
799 2153 1098 2210 Caesaream
1147 2159 1202 2207 et
1259 2155 1376 2220 ipse
1421 2152 1581 2218 redit,
1627 2161 1684 2206 et
1734 2151 1974 2207 Eusebio

403 2249 569 2302 rebus
608 2246 864 2302 omnibus
914 2245 1035 2299 aliis
1068 2243 1402 2314 pombabitis
1453 2243 1798 2299 conciliatur.
1854 2243 1974 2309 Quo

403 2342 625 2412 quidem
687 2341 828 2394 facto
874 2337 1040 2392 animi
1111 2337 1191 2390 sui
1244 2336 1679 2392 benevolentiam
1741 2337 1974 2390 maxime

403 2430 660 2484 ostendit.
688 2429 756 2483 Et
793 2427 938 2498 quod
972 2426 1024 2480 in
1062 2438 1301 2495 tempore
1328 2441 1526 2496 magno
1551 2423 1762 2492 judicio
1789 2429 1970 2480 omnia

398 2536 524 2574 eum
552 2519 764 2573 ratione
791 2518 923 2588 egit,
951 2514 1524 2583 disputationilmsque
1557 2524 1867 2583 opportune
1889 2524 1972 2568 est

395 2625 553 2670 usus.
587 2624 812 2663 examen
844 2606 1228 2661 haereticorum
1295 2607 1486 2677 ingens
1517 2608 1738 2675 repulit,
1772 2615 1829 2659 et
1886 2620 1974 2659 ec-

385 2702 580 2756 clesia!
645 2699 987 2768 temporibus
1058 2699 1368 2753 durissimis
1452 2699 1677 2768 profuit.
1750 2698 1973 2759 Valens,

401 2807 692 2866 postquam
731 2793 782 2846 ei
809 2802 1040 2845 conatus
1065 2806 1172 2844 non
1207 2791 1488 2852 successit,
1545 2807 1652 2844 una
1684 2805 1806 2859 cum
1857 2791 1974 2860 epi-

403 2885 586 2954 St'opls
627 2883 742 2938 suis
775 2881 1122 2936 Antiochiam
1157 2880 1428 2934 concessit
1453 2879 1568 2948 (l):
1609 2890 1777 2949 atque
1839 2880 1972 2934 inde

401 2973 681 3043 aliquanto
709 2981 832 3041 post
860 2973 910 3024 in
933 2968 1331 3039 Cappadocuam
1379 2985 1659 3033 reversus,
1692 2970 1970 3034 Basilium,

368 3086 382 3113 :
401 3072 525 3130 post
549 3061 760 3114 Eusebii
789 3069 1018 3112 mortem
1039 3059 1300 3112 ecclesias
1318 3057 1787 3113 administrantem
1820 3059 1970 3115 inve-

403 3153 505 3206 nit:
535 3165 692 3219 quem
719 3165 842 3204 cum
859 3149 1275 3216 exigere‘vellet,
1300 3150 1516 3204 coalitus
1531 3166 1591 3205 ea
1615 3151 1668 3204 in
1685 3168 1744 3206 re
1764 3162 1846 3206 est
1869 3153 1970 3206 im-

400 3242 640 3313 peditus.
687 3241 900 3295 Atcnim
959 3239 1315 3294 nihilominus
1376 3241 1592 3296 leonem
1649 3242 1836 3297 statim
1910 3259 1969 3300 se

357 3379 362 3385 ,
400 3335 550 3388 larva
584 3343 636 3388 et
676 3332 1124 3386 terriculamento
1155 3331 1544 3386 exterriturum
1573 3348 1692 3388 esse
1717 3334 1966 3400 credens,

401 3425 467 3479 ad
510 3423 747 3492 praefecti
785 3421 1027 3476 tribunal
1080 3436 1208 3476 eum
1241 3421 1383 3475 misit
1409 3423 1506 3491 (τὶ).
1547 3423 1625 3477 lbi
1684 3423 1970 3492 praefectus

402 3517 666 3571 assistens
717 3531 841 3570 eum
878 3519 1197 3585 interrogat,
1243 3529 1474 3583 quanam
1531 3515 1599 3570 de
1624 3530 1788 3571 causa
1837 3517 1968 3572 reli-

401 3612 618 3678 gioncm
651 3606 1023 3678 "imperatoris
1085 3620 1192 3659 non
1261 3606 1741 3675 complecteretur.
1787 3609 1968 3679 Atque

401 3705 493 3756 ille
521 3701 718 3768 :‘Quod
750 3701 853 3755 hoc
881 3699 968 3754 sic
989 3699 1134 3754 Deus
1164 3715 1270 3753 non
1325 3700 1601 3768 praecepit,
1653 3699 1849 3770 inquit.
1904 3701 1969 3756 Et

404 3797 628 3864 insuper
671 3791 1015 3863 imperatoris
1061 3806 1305 3846 errorem
1370 3791 1745 3860 reprehendit,
1805 3801 1966 3863 atque

400 3886 712 3954 ὀμοούσιον,
740 3883 1228 3949 consubstantiale,
1253 3883 1516 3939 defendit.
1548 3882 1650 3939 Ubi
1695 3900 1826 3940 vero
1877 3886 1967 3941 ille

401 3986 634 4032 mortem
660 3975 711 4032 ei
742 3976 981 4030 minatus
1003 3981 1111 4038 est,
1139 3974 1376 4028 Basilius
1403 3975 1631 4045 gratiam
1668 3991 1727 4031 se
1778 3976 1856 4030 illi
1893 3991 1969 4032 eo

399 4071 622 4126 nomine
658 4067 860 4122 habere
884 4066 1044 4131 dixit,
1069 4066 1270 4137 quippe
1293 4067 1384 4136 qui
1443 4065 1723 4122 discedere
1777 4083 1844 4123 ex
1875 4069 1966 4123 tali

401 4177 586 4216 rerum
619 4169 766 4216 statu
788 4174 894 4212 non
925 4167 1141 4228 gravate
1166 4157 1500 4226 cuperet.‘Et
1529 4173 1652 4212 cum
1680 4159 1968 4228 praefectus

402 4252 636 4320 amplius
696 4263 815 4302 eam
858 4263 970 4301 rem
1025 4247 1332 4303 deliberare
1382 4247 1640 4318 juberct,
1695 4248 1964 4315 Basilius,

372 4344 512 4413 .Ego
535 4341 778 4412 quidem,
816 4337 1013 4408 inquit,
1043 4345 1099 4392 et
1121 4337 1285 4392 hodie
1308 4346 1364 4392 et
1391 4353 1513 4394 cras
1540 4339 1682 4395 idem
1750 4342 1967 4400 futurus

2073 1876 2198 1945 ἥκει
2219 1891 2234 1905 ο
2266 1877 2360 1928 καὶ
2391 1877 2568 1929 πάντα
2599 1875 2830 1944 θέμενος
2856 1877 2913 1928 ἐν
2934 1876 3198 1946 δευτέρῳ,
3234 1877 3524 1930 σπένδεται
3557 1879 3670 1931 Εὐ-

2079 1967 2268 2038 σεϐίῳ,
2327 1967 2421 2021 καὶ
2456 1969 2512 2021 ἐν
2547 1969 2661 2030 τοῖς
2707 1967 2945 2036 μάλιστα
2987 1967 3048 2020 τὸ
3074 1969 3320 2022 εὐνοῖκδν
3349 1969 3667 2030 ἐπεδείκνυ,

2077 2059 2219 2113 κατὰ
2247 2061 2439 2124 καιρὸν
2469 2061 2524 2112 ἐν
2571 2060 2752 2129 κρίσει
2782 2060 2912 2122 τοὺς
2945 2060 3141 2128 λόγους
3165 2061 3492 2129 οἰκονομῶν.
3540 2063 3673 2125 Ἐγ-

2076 2152 2285 2222 καίρως
2313 2151 2369 2205 δὲ
2398 2154 2510 2213 τοῖς
2537 2151 2741 2219 λόγοις,
2775 2151 2836 2204 τὸ
2863 2151 2998 2205 πολὺ
3035 2152 3143 2204 τῶν
3192 2153 3488 2223 αίρετικῶν
3521 2155 3671 2207 άπε-

2076 2244 2348 2313 κρούσατο
2393 2243 2630 2310 σμῆνος·
2667 2241 2764 2295 καὶ
2822 2245 2886 2311 τῇ
2969 2243 3270 2314 Ἐκκλησὶᾳ
3312 2247 3378 2297 τὰ.
3426 2246 3671 2312 μέγιστα

2076 2333 2378 2403 τηνικαῦτα
2404 2333 2925 2402 ἐπήμυνεν.ούάλης
2955 2333 3012 2386 δὲ
3043 2334 3332 2402 ἀποτυχὼν
3358 2337 3456 2404 τῆς
3489 2353 3666 2388 σπου.

2074 2427 2192 2497 δῆς,
2230 2427 2327 2479 σὺν
2358 2429 2466 2490 τοῖς
2493 2424 2632 2494 ἀμφ’
2662 2425 2824 2478 αὑτὸν
2851 2424 3092 2494 ἱερεῦσιν
3126 2427 3219 2478 ἐπὶ
3253 2427 3354 2495 τῆς
3385 2428 3672 2498 Ἀντιόχου

2077 2519 2293 2589 ἐχώρει.
2327 2516 2481 2570 Μετὰ
2503 2517 2558 2569 δέ
2589 2534 2710 2568 τινα
2731 2515 2924 2585 χρόνον
2953 2515 3166 2568 ἐκεῖθεν
3200 2513 3356 2580 αὖθις
3387 2519 3466 2579 είς
3494 2521 3636 2571 Kac:
3657 2550 3670 2558 -

2078 2609 2344 2663 παδοκίαν
2372 2608 2700 2676 γενόμενος,
2739 2606 3053 2676 εὑρίσκεται
3084 2607 3363 2661 Βασίλειον
3396 2611 3534 2677 μετὰ
3563 2612 3671 2676 τὴν

2077 2702 2338 2756 Εὐσεϐίου
2370 2701 2627 2768 τελευτὴν
2653 2700 2747 2762 τὰς
2779 2699 3078 2766 ἐκκλησίας
3105 2700 3504 2769 ἐπιτραπέντα.
3551 2703 3672 2754 Καὶ

2073 2794 2137 2864 δὴ
2170 2791 2605 2864 βουλευσάμενος
2639 2789 2804 2843 αὐτὸν
2839 2789 3112 2855 ἐξελάσαι,
3143 2790 3352 2845 ἄνωθεν
3385 2792 3672 2861 ἀπέσχετο

2073 2885 2174 2953 τῆς
2227 2883 2548 2951 ἐπιϐουλῆς.
2579 2883 2773 2952 Ὅμως
2803 2881 2846 2933 δ’
2901 2880 2994 2934 οὖν
3023 2881 3188 2940 εὐθὺς
3236 2883 3671 2952 μορμολυκείοις

2073 2975 2164 3027 τὶν
2196 2973 2400 3026 Λέοντα
2427 2973 2675 3042 οἰόμενος
2737 2971 3014 3039 ἐκφοϐεῖν,
3050 2973 3129 3033 εἰς
3168 2972 3229 3025 τὸ
3253 2973 3364 3024 τῶν
3395 2973 3673 3043 ὑπάρχων

2076 3067 2292 3135 ἔπεμπε
2321 3065 2696 3134 δικαστήριον.
2739 3064 2798 3118 Ὀ
2845 3063 2903 3117 δὲ
2944 3062 3192 3134 ὕπαρχος
3219 3066 3672 3134 παραστησάμεο

2075 3175 2186 3222 νος,
2234 3157 2430 3210 πεῦσιν
2464 3157 2741 3226 προσῆγεν
2781 3155 2904 3209 ὅτου
2949 3155 3133 3225 χάριν,
3174 3155 3248 3226 μὴ
3280 3158 3348 3208 τὰ
3385 3156 3670 3226 βασιλέως

2072 3251 2403 3320 θρησκεύειν
2452 3248 2730 3315 αἱρεῖταιο
2764 3246 2856 3299 τὸν
2897 3246 2942 3299 δ’
2981 3245 3408 3316 ἀποκρίνασθαι,
3457 3247 3670 3314 ὅτιπερ

2073 3341 2148 3412 μὴ
2197 3338 2441 3392 κελεύειν
2474 3337 2618 3391 οὕτω
2651 3337 2805 3392 Θεόν.
2838 3337 2949 3390 Καὶ
2994 3337 3238 3407 προσῆγε
3272 3338 3372 3400 τὰς
3412 3338 3669 3407 μέμψεις

2070 3434 2164 3486 καὶ
2215 3431 2276 3484 τὸ
2324 3429 2611 3501 όμοούσιον
2646 3429 2984 3500 συνεκρότει.
3025 3429 3117 3492 Ὧς
3147 3429 3203 3483 δέ
3235 3429 3464 3484 θάνατον
3500 3430 3669 3500 αὐτῷ

2069 3521 2356 3592 διηπείλει,
2386 3523 2479 3574 καὶ
2519 3521 2682 3590 χάριν
2713 3519 2900 3588 ἔλεγεν
2933 3519 3079 3589 ἔχειν
3107 3521 3474 3576 ἀπαλλάττειν
3515 3524 3659 3594 ῄρηο

2073 3617 2218 3685 μένῳ
2254 3615 2362 3667 τῶν
2388 3608 2513 3668 ὧδε.
2545 3613 2638 3675 Ei;
2668 3611 2862 3680 σκέψιν
2891 3612 2949 3664 δέ
2971 3611 3064 3664 τοῦ
3093 3613 3340 3682 ὑπάρχου
3371 3615 3542 3668 θεῖναι
3561 3617 3666 3668 τὴν

2069 3707 2228 3772 λόγον
2261 3703 2736 3774 προτρεπομένου,
2757 3702 2848 3756 τὸν
2877 3703 3155 3757 Βασίλειον
3192 3705 3358 3773 φάναι
3379 3721 3394 3736 ο
3433 3724 3451 3756 ι
3503 3707 3664 3771 Ἐγὼ

2071 3799 2170 3866 μὲν
2203 3799 2294 3851 καὶ
2326 3797 2566 3867 σήμερον
2614 3795 2709 3848 καὶ
2741 3796 2806 3864 τῇ
2848 3791 3114 3864 ὑστεραίᾳ
3153 3795 3182 3846 ό
3211 3795 3375 3857 αύτὺς
3408 3795 3616 3863 ἔσομαι
3645 3815 3661 3827 ο

2067 3879 2189 3942 είθε
2215 3889 2270 3942 δὲ
2301 3890 2365 3941 σὺ
2397 3887 2592 3941 σαυτὸν
2631 3885 2706 3957 μὴ
2741 3885 3070 3954 ἐνήλλαττες
3093 3901 3108 3916 ο
3143 3887 3351 3955 κτίσμα
3394 3887 3498 3957 γὰρ
3530 3887 3613 3940 ὣν
3641 3930 3659 3952 ,

2067 3977 2166 4028 οὐκ
2197 3975 2263 4029 ἂν
2289 3974 2551 4044 κτίσματι
2580 3975 2908 4044 προσκυνεῖν
2948 3973 3178 4043 ἑλοίμην
3208 3977 3304 4028 καὶ
3343 3975 3475 4029 Θεὸν
3503 3973 3661 4030 εἶναι

2067 4068 2372 4135 ὁμολογεῖν.
2413 4065 2556 4118 Ἀλλ’
2581 4065 2693 4119 οὐδ’
2727 4065 2858 4135 ὑμῖν
2900 4069 3181 4120 κοινωνεῖν
3214 4066 3661 4138 τῆςνθρησκείας

2068 4157 2350 4228 ἀνέξομαι.
2378 4157 2439 4210 El
2465 4158 2572 4228 γὰρ
2600 4159 2698 4210 καὶ
2721 4157 2833 4212 τῶν
2871 4157 2992 4212 λίαν
3019 4159 3313 4229 ἐπισήμων
3342 4158 3523 4229 ὑμεῖς,
3550 4167 3659 4213 καὶ

2068 4249 2166 4300 οὐκ
2205 4248 2494 4316 ἐλαχίστης
2542 4247 2764 4318 ἡγεῖσθε
2805 4248 3000 4319 μοίρας
3045 4251 3144 4321 τῆς
3191 4252 3334 4322 γῆς,
3384 4253 3498 4305 ἀλλ’
3545 4257 3660 4308 οὐκ

2069 4339 2260 4409 ἔμοιγε
2306 4338 2630 4409 χαρίζεσθαι
2671 4341 2947 4410 προσῆκον
2979 4341 3310 4412 ἀνθρώποις,
3348 4345 3445 4412 τῆς
3485 4345 3532 4398 δ’
3565 4351 3660 4411 εἰς

397 4432 780 4488 sum.“Utinam
803 4444 932 4484 vero
951 4438 1004 4482 tu
1027 4428 1259 4498 teipsum
1285 4444 1392 4483 non
1407 4431 1969 4490 mutasses.Creatura

2076 4431 2137 4482 τὸ
2183 4432 2334 4482 Θεῖον
2362 4431 2599 4493 πίστεως
2628 4431 2716 4485 διὰ
2764 4432 2936 4485 ταῦτα
2996 4433 3408 4508 ὁλιγωρείνιοιῆν
3432 4441 3529 4491 ούκ
3583 4444 3661 4494 ἓν

397 4513 543 4578 enim
570 4536 695 4578 cum
718 4521 842 4583 sim,
869 4529 1172 4574 creaturam
1207 4518 1460 4578 adorare.
1523 4519 1804 4590 Deumque
1852 4537 1972 4577 esse

397 4615 665 4686 proﬁteri,
690 4615 743 4668 in
767 4613 1010 4667 animum
1027 4625 1134 4664 non
1155 4609 1408 4664 inducam
1432 4625 1640 4664 meum.
1658 4611 1763 4666 Sed
1797 4629 1977 4683 neque

397 4707 646 4779 religioni
672 4711 869 4760 vestrae
895 4717 980 4757 me
1036 4703 1313 4772 aggregari
1381 4701 1682 4758 sustinebo.
1733 4703 1974 4760 Tametsi

391 4802 542 4855 enim
564 4813 661 4853 vos
677 4794 1151 4852 clarissimietnon
1173 4792 1393 4847 minima
1411 4793 1557 4848 orbis
1574 4809 1696 4864 pars
1720 4810 1841 4851 esse
1863 4797 1978 4851 exi-

395 4893 714 4956 stimamini,
739 4890 894 4961 135
913 4905 998 4944 me
1017 4897 1194 4944 tamen
1216 4889 1440 4943 minime
1475 4887 1631 4943 decet
1664 4889 1975 4946 hominibus

395 4984 704 5057 gratificari.
730 4993 782 5037 et
802 4991 1084 5051 propterea
1107 4980 1263 5036 fidem
1287 4981 1338 5034 in
1357 4983 1524 5035 Deum
1543 4982 1972 5051 parvipendere:

395 5095 557 5148 quam
578 5091 677 5145 ego
713 5074 1090 5128 mediusfidius
1112 5072 1430 5142 proditurus
1450 5089 1556 5126 non
1583 5089 1722 5139 sum,
1752 5075 1970 5128 etiamsi

401 5171 535 5222 mibi
585 5168 860 5220 bonorum
895 5165 1346 5234 publicationem,
1371 5173 1426 5218 et
1446 5165 1720 5228 exsilium,
1747 5176 1800 5220 et
1820 5165 1969 5220 aliud

394 5259 688 5329 quidquam
710 5256 954 5325 gravium
973 5269 1359 5315 :erumnarum,
1375 5263 1716 5324 mortemque
1735 5258 1871 5312 adeo
1890 5258 1972 5326 ip-

395 5366 506 5404 sam
532 5348 772 5403 mineris.
794 5346 939 5401 Nihil
954 5346 1099 5400 enim
1119 5361 1297 5399 rerum
1321 5346 1505 5400 talium
1526 5361 1816 5402 maerorem
1836 5349 1968 5402 mihi

395 5441 590 5495 all‘eire
626 5448 824 5507 potest.
851 5437 1005 5504 Quod
1027 5437 1070 5492 si
1101 5437 1386 5493 facultates
1403 5451 1552 5491 meas
1581 5439 1815 5508 expetis,
1835 5455 1969 5508 pan-

467 5576 541 5644 (ll
581 5573 660 5647 Ad
712 5575 1087 5644 episcopatum
1120 5589 1268 5640 cum,
1295 5576 1607 5647 multorum
1669 5576 1964 5647 episcopo-

399 5659 515 5696 rum
549 5644 824 5712 sum'agiis
853 5654 939 5697 est
968 5654 1210 5699 evectus.
1254 5645 1518 5712 (Socrat.)

474 5712 550 5780 (‘3)
579 5710 852 5777 Socrates,
888 5713 1146 5768 Basiliam
1205 5710 1273 5768 ab
1331 5710 1660 5784 imperatore
1717 5718 1960 5774 C:rsarca

2079 4525 2351 4591 προδσίην,
2385 4523 2486 4576 κᾶν
2512 4524 2796 4592 δήμευσιν,
2830 4525 2931 4578 κᾶν
2963 4526 3285 4598 ὑπερορίαν,
3309 4533 3412 4583 κᾶν
3442 4532 3570 4585 ἄλλο
3601 4555 3660 4588 τι

2076 4615 2184 4666 τῶν
2227 4614 2435 4676 δεινῶν,
2468 4615 2572 4668 κᾶν
2604 4615 2832 4668 θάνατον
2880 4617 3042 4669 αὑτὸν
3092 4619 3363 4689 άπειλῇςξ·
3393 4623 3545 4676 οὐδέν
3579 4645 3658 4692 με

2075 4707 2182 4774 γάρ
2211 4724 2262 4758 τι
2288 4705 2490 4759 τούτων
2518 4707 2822 4778 άνιᾷνέχει.
2846 4707 2906 4761 ΕΞ
2938 4708 2997 4762 δέ
3028 4710 3132 4781 τὴν
3162 4712 3300 4783 ἐμὴν
3332 4717 3661 4783 περιουσίαν

2075 4797 2275 4866 ζητεῖς,
2312 4799 2478 4865 ῥάκια
2516 4798 2689 4851 ταῦτα
2737 4799 2952 4870 τρίχινα
2999 4803 3090 4855 καὶ
3124 4801 3304 4871 βιϐλία
3329 4807 3513 4873 ὀλίγα,
3563 4804 3660 4871 οἷς

2075 4888 2184 4954 ἐγὼ
2210 4887 2647 4958 καλλωπίζομαι,
2682 4891 2731 4941 εί
2757 4890 2964 4943 τούτων
2995 4908 3078 4945 σοι
3110 4893 3270 4962 ἔρως,
3309 4897 3658 4953 ἁπόλαυε.Εἱ

2073 4979 2129 5031 δὲ
2157 4981 2250 5031 καὶ
2279 4981 2567 5050 ὑπερόριον
2599 4979 2778 5048 βούλει
2816 4985 3010 5054 ποιεῖν,
3039 4984 3280 5054 ἕτοιμος.
3313 4988 3428 5050 Πῶς
3453 4989 3497 5040 δ’
3522 4991 3658 5042 ἔσο-

2078 5089 2176 5140 μαι
2207 5072 2294 5124 ἀεὶ
2338 5073 2435 5141 τὴν
2487 5073 2588 5142 γῆν
2619 5075 2950 5143 παροδεύων,
2981 5079 3072 5128 καὶ
3100 5077 3235 5147 πρὸς
3264 5079 3430 5148 ἄλλην
3460 5083 3656 5150 χώραν

2075 5165 2318 5234 σφοδρῶς
2353 5167 2741 5235 ἐπειγόμενος;
2779 5166 2851 5220 Τὸ
2890 5167 2945 5219 δὲ
2980 5170 3139 5237 σῶμα
3175 5171 3314 5237 μετὰ
3346 5173 3445 5239 τὴν
3476 5174 3604 5242 πρώ
3627 5205 3652 5214 -

2070 5273 2170 5324 την
2218 5255 2454 5326 πληγὴν,
2505 5257 2815 5326 αἰσθήσεως
2862 5259 3198 5330 ἀμοιρῆσαν,
3252 5265 3344 5316 καὶ
3395 5264 3650 5332 βασάνων

2071 5353 2320 5418 κρεῖττον
2371 5351 2525 5415 ἐσται
2559 5353 2800 5404 πάντων.
2832 5370 2849 5403 ι
2883 5354 3070 5406 Ταῦτα
3107 5357 3201 5409 καὶ
3241 5358 3450 5412 τοιαῦθ’
3479 5359 3654 5429 ἕτερα

2069 5458 2144 5493 πα
2151 5444 2254 5514 Mr;
2265 5459 2423 5496 σιασα
2432 5444 2591 5512 μένου
2602 5484 2615 5506 ,
2634 5445 3003 5513 καταπλαγεὶς
3017 5450 3045 5501 ό
3062 5447 3168 5502 ὖπα
3179 5467 3304 5520 ρχος
3318 5451 3414 5523 τὴν
3427 5453 3586 5506 ctisz
3597 5473 3653 5507 ιν

2067 5577 2409 5655 Antiochiam
2443 5590 2754 5655 evocatum,
2785 5582 2859 5637 ibi
2908 5587 3306 5655 comparuisse,
3333 5597 3389 5644 et
3415 5602 3646 5645 causam

2069 5649 2270 5703 dixisse
2303 5651 2518 5704 scribit.
2560 5651 2680 5708 Lib.
2719 5668 2794 5713 tv,
2825 5669 2945 5726 cap.
2979 5655 3060 5710 26.

2973 5785 3004 5822 Ι
