3986 6190
1617 139 1644 148 ν

393 241 502 308 633

1324 255 1924 326 ECCLESIAS’I'UY/E
1966 259 2350 319 IIlSTdRiE
2393 261 2536 320 LIB.
2584 260 2690 320 XI.

3537 266 3642 327 θῖὶὶ

392 375 483 417 τος
517 358 710 426 ἕψεται
742 375 754 388 ’
784 358 894 424 ἐγὼ
921 357 977 410 δὲ
999 361 1096 422 τὰς
1114 359 1266 422 δίκας
1294 363 1451 416 δώσω
1511 366 1607 434 τῆς
1663 367 1762 435 σῆς
1817 369 1942 418 ἀναι

2077 369 2392 423 terircmus.
2445 366 2578 420 Cum
2613 369 2656 420 is
2683 383 2774 436 qui
2807 368 2985 420 exsilii
3020 368 3072 421 li'
3097 368 3262 422 ellum
3308 368 3376 424 ab
3403 370 3608 438 impera

397 451 622 518 ρέσεως.
668 469 686 500 ι
718 448 890 501 Ταῦτ’
923 447 1114 512 εἰπὼν,
1148 452 1291 503 κατὰ
1327 454 1549 522 πρώτην
1584 457 1839 524 εἰσϐολὴν
1869 457 1969 527 τῆς

393 539 608 602 νυκτὸς,
645 539 769 607 μεθ’
799 539 918 602 ἐνὸς
967 539 1181 592 οἰκέτου
1240 540 1422 608 ἐξιὼν,
1459 544 1619 610 μόνος
1671 545 1915 608 ἐὸἁδιζεν
1951 563 1966 577 ·

392 631 702 685 ὀ¹δέϊπετο
735 631 1175 700 προσκεφάλαιον
1232 634 1393 700 μόνον
1423 638 1514 688 καὶ
1578 637 1781 704 βιϐλίον
1813 640 1839 689 ὁ
1883 638 1968 689 Os:

396 724 587 790 ρὰπων
618 723 1038 790 ἐπιφερόμενος.
1089 724 1229 792 Πρὸς
1262 725 1318 776 δὲ
1357 726 1454 796 τὴν
1503 727 1669 796 ὄχθην
1718 728 1810 780 τοῦ
1865 729 1969 780 Εὐ-

391 815 600 884 φράτου
639 813 930 891 γενόμενος
962 829 977 844 ο
1009 814 1169 875 δίεισι
1199 815 1255 868 δὲ
1287 818 1315 868 δ
1351 817 1599 886 ποταμὸς
1619 820 1712 871 τὸν
1745 820 1969 889 περίϐο-

389 905 484 956 λον
502 904 596 958 τοῦ
629 908 822 966 ἄστεος
857 905 1150 976 περιθέων,
1219 908 1348 962 ἔνθα
1375 911 1471 964 καὶ
1501 910 1592 962 τὸν
1628 913 1794 980 πόρον
1823 913 1967 982 ἔχειν

390 997 656 1062 λέγεται·
713 998 910 1060 mea;
970 997 1167 1063 ἁλιάδι,
1232 1001 1324 1053 ἐπὶ
1380 1002 1441 1054 τὸ
1496 1003 1671 1074 πέραν
1723 1005 1969 1059 ἐλαύνειν

391 1086 510 1146 τοῖς
568 1085 783 1154 ἐρέταις
843 1087 1188 1140 ἐνεκελεύετο
1236 1090 1365 1158 περὶ
1409 1091 1502 1144 τὸν
1533 1131 1548 1155 ,
1604 1093 1662 1155 ὃς
1718 1093 1967 1148 καλεῖται

388 1175 636 1244 Ζεῦγμα.
671 1176 779 1228 Καὶ
807 1178 835 1229 δ
862 1177 962 1246 μὲν
994 1178 1083 1248 ᾔει
1131 1179 1227 1232 τοῦ
1255 1181 1444 1252 πρόσω
1464 1199 1478 1212 ο
1525 1183 1859 1252 Σαμοσατεῖς
1910 1187 1966 1239 δὲ

387 1269 606 1334 γνόντες
634 1267 694 1318 τὸ
723 1267 931 1336 δρᾶμα,
962 1269 1219 1347 ὀδυρμοῖς
1270 1273 1365 1324 καὶ
1422 1273 1686 1344 δάκρυσιν
1735 1276 1964 1345 εἴχοντο.

389 1361 502 1413 Καὶ
529 1360 724 1415 αὐτίκα
779 1359 1049 1427 πλήρηςό
1095 1361 1260 1432 πόρος
1322 1365 1432 1415 τῶν
1472 1366 1818 1434 ἐμπλεόντων
1873 1366 1964 1441 ἧν.

399 1453 490 1512 Ὠς
518 1452 577 1505 δέ
608 1453 759 1518 μόλις
807 1453 1124 1516 κατέλαϐον,
1149 1455 1380 1509 ἐπιπολὺ
1415 1456 1475 1509 τὸ
1511 1457 1692 1527 ῥόθιον
1753 1460 1966 1530 διατρέ-

387 1541 1015 1613 χοντες,δεδακρυμένοι
1067 1543 1289 1609 πάντες,
1350 1545 1558 1599 πείθειν
1618 1549 1962 1619 ἐπεχείρουν,

387 1633 466 1699 μὴ
496 1635 606 1692 τοῖς
639 1632 824 1696 λύκοις
879 1633 1296 1704 προδιδόναιτά
1351 1635 1622 1705 πρόϐατα.
1693 1638 1848 1691 Ἐπεὶ
1905 1639 1962 1692 δὲ

2081 467 2198 512 tore
2241 458 2534 521 afferebat,
2587 459 2732 512 circa
2776 460 3164 526 crepusculum
3198 461 3546 525 advenisset,
3587 472 3644 516 ut

2078 550 2280 602 tacitus
2316 560 2495 612 esset,
2547 565 2875 619 causamque
2907 552 3178 606 adventus
3223 552 3306 606 sui
3347 560 3641 619 premeret,

2075 655 2200 692 eum
2235 638 2519 692 admonuit
2552 639 2654 707 (l).
2696 658 2712 690 ι
2755 639 2809 693 Si
2837 641 3019 705 enim,
3060 641 3273 708 inquit,
3310 640 3413 693 hoc
3459 640 3645 692 multi-

2077 731 2211 784 tudo
2253 731 2574 789 resciverit,
2623 731 2821 784 ardore
2865 731 2966 784 zeli
3017 732 3285 794 excitata,
3337 739 3388 782 te
3420 730 3642 797 quidem

2074 821 2168 875 illa
2202 822 2386 874 statim
2431 820 2685 881 necabit,
2733 833 2818 872 me
2853 831 3032 873 autem
3085 819 3249 873 caedis
3299 819 3417 887 ejus
3450 833 3641 886 pcenas

2070 912 2224 966 luere
2268 911 2566 979 oportebit.
2605 929 2623 963 ι
2660 909 2783 965 Haec
2832 911 2920 964 ubi
2971 910 3235 970 dixisset,
3288 909 3354 963 ad
3401 909 3634 975 primam

2072 1003 2268 1065 facem,
2301 1004 2464 1057 unico
2494 1004 2731 1060 servulo.
2763 1002 2856 1070 qui
2888 1001 3121 1056 cervical
3151 1011 3360 1054 tantum
3387 1011 3443 1055 et
3473 1001 3632 1055 libel-

2069 1095 2181 1148 lum
2219 1109 2405 1148 secum
2457 1093 2698 1156 ferebat,
2736 1093 3064 1158 comitatus,
3103 1093 3254 1146 solus
3296 1107 3354 1146 se
3395 1093 3450 1146 in
3483 1092 3632 1146 viam

2071 1185 2262 1240 dedit:
2303 1194 2466 1252 atque
2504 1184 2596 1237 ιιιιί
2643 1184 2710 1237 ad
2760 1183 3059 1253 Euphratis
3109 1164 3281 1251 rip'am
3307 1185 3491 1246 venit,
3538 1183 3634 1252 qui

2072 1275 2226 1329 urbis
2251 1277 2372 1344 ejus
2409 1275 2607 1329 muenia
2639 1275 3062 1343 praeterlabitur,
3101 1276 3192 1330 ubi
3227 1276 3390 1329 etiam
3424 1275 3635 1329 transi-

2072 1374 2186 1419 tum
2218 1366 2421 1420 habere
2448 1367 2664 1427 dicitur.
2695 1367 3044 1434 piscatoriam
3071 1367 3396 1422 conscendit
3425 1368 3633 1429 navim,

2069 1465 2125 1510 et
2159 1456 2391 1522 remiges
2438 1456 2491 1508 in
2541 1456 2714 1524 ripam
2763 1456 2991 1510 alteram
3038 1471 3163 1510 eum
3209 1457 3390 1510 locum
3439 1472 3634 1511 Versus

2069 1546 2163 1616 qui
2212 1546 2449 1616 Zeugma
2492 1551 2844 1612 nominatur,
2892 1549 3169 1617 appellere
3218 1550 3404 1619 jussit.
3456 1551 3634 1615 Atque

2065 1636 2158 1692 ille
2202 1637 2423 1707 quidem
2468 1639 2547 1694 sic
2586 1648 2672 1692 est
2732 1638 3032 1707 profectus.
3082 1642 3151 1694 At
3193 1641 3537 1696 Samosateni
3576 1657 3634 1694 re

386 1723 562 1776 πολλὰ
586 1725 836 1792 λέγοντες
855 1726 1066 1786 πείθειν
1091 1725 1192 1779 οὐκ
1221 1721 1371 1794 εἶχον
1402 1728 1484 1796 (τὸ
1507 1720 1621 1801 ’γὰρ
1676 1731 1950 1785 ἀποστολι·

2067 1730 2318 1798 cognita,
2368 1731 2422 1782 in
2463 1729 2717 1800 lacrymis
2762 1741 2818 1784 et
2859 1731 3011 1785 luctu
3057 1746 3212 1796 esse,
3254 1741 3309 1785 et
3340 1731 3630 1786 confestim

385 1817 688 1870 xcv-Exsilio
721 1819 1115 1888 προύϐάλλετο,
1159 1821 1356 1891 ἀρχαῖς
1387 1823 1483 1875 καὶ
1520 1822 1794 1892 ἐξουσίαις
1832 1825 1964 1878 ὐπο-

379 1913 727 1980 τάσσεσθαι)·
758 1916 786 1966 ὁ
813 1913 913 1983 μὲν
939 1913 1098 1977 ἄλλος
1131 1914 1260 1968 ἄλλο
1302 1933 1354 1968 τι
1387 1918 1610 1987 χρυσίον
1650 1917 1746 1971 καὶ
1796 1919 1962 1988 ἐσθῆ-

377 2021 452 2056 τα
473 2005 569 2058 καὶ
598 2005 815 2066 οἰκέτας
841 2004 916 2068 ῶς
944 2004 1039 2057 ἐπὶ
1059 2007 1217 2077 ξένης
1277 2007 1571 2078 ἀπαίροντι
1629 2010 1908 2080 προσῆγον
1939 2027 1955 2042 ο

376 2099 409 2150 ὁ
445 2095 502 2148 δὲ
539 2096 847 2164 τάναγκαῖα
896 2099 1050 2168 παρὰ
1086 2100 1195 2152 τῶν
1258 2103 1700 2172 γνωριμωτέρων
1754 2102 1958 2169 λαϐὼν,

373 2191 505 2250 ταῖς
543 2189 726 2256 εὐχαῖς
760 2206 817 2242 τε
854 2191 1187 2255 καθοπλίσας
1217 2194 1290 2256 ῶς
1317 2193 1420 2261 δεῖ,
1449 2197 1542 2248 καὶ
1606 2195 1716 2249 τῶν
1773 2214 1958 2267 παρα-

371 2276 680 2345 δεδομένων
711 2279 959 2348 ἀκριϐῶς
1013 2280 1229 2349 ἔχεσθαι
1272 2284 1689 2354 παρεγγυήσας,
1729 2285 1822 2338 ἐπὶ
1863 2286 1956 2340 τὸν

376 2371 597 2440 Ἵστρον
625 2371 913 2427 διέεαινεν.
952 2374 1016 2428 Oi
1045 2373 1091 2427 δ’
1148 2375 1444 2446 ἀχθόμενοι
1467 2379 1529 2430 τὸ
1580 2379 1714 2432 ἄστυ
1774 2398 1958 2434 κατειο

372 2461 630 2536 ληφὸτες,
657 2463 866 2532 ἕτοιμοι
897 2464 1034 2534 πρὸς
1069 2465 1170 2535 τὴν
1227 2467 1335 2518 τῶν
1389 2467 1572 2522 λύκων
1631 2470 1956 2542 συμπλοκὴν

366 2549 522 2630 ἦσαν
553 2569 568 2583 ο
605 2555 768 2616 καλὸν
800 2555 910 2626 γὰρ
941 2558 1035 2610 καὶ
1087 2557 1268 2614 αὐτῶν
1319 2560 1526 2614 ἐκεῖνον
1549 2561 1640 2613 τὸν
1676 2562 1815 2631 ὑπὲρ
1857 2562 1954 2615 τοῦ

371 2645 548 2698 καλοῦ
580 2647 741 2716 ζῆλον
771 2648 1203 2726 ἐκδιηγήσασθαι
1237 2663 1254 2682 ο
1286 2651 1494 2708 ἀδικεῖν
1549 2654 1655 2720 γὰρ
1721 2653 1950 2722 νομίσω,

370 2739 427 2789 εἰ
457 2739 532 2808 μὴ
560 2739 619 2792 τὸ
642 2728 844 2810 θερμὸν
873 2742 965 2793 καὶ
994 2741 1297 2813 ακραιφνές
1348 2743 1528 2799 αὐτῶν
1573 2745 1674 2816 τῆς
1716 2745 1953 2809 πίστεως

372 2827 685 2898 παραδώσω
717 2822 784 2899 τῇ
822 2829 1033 2900 μνήμῃ.
1072 2829 1160 2894 Ὦς
1190 2831 1300 2902 γὰρ
1326 2833 1374 2884 οί
1406 2832 1506 2902 τῆς
1557 2819 1774 2901 Ἀρείου
1807 2851 1949 2908 συμ-

376 2917 598 2985 μορίας,
633 2917 761 2980 ὂλας
788 2912 1085 2990 ἐκκλησίας
1137 2920 1247 2973 τῶν
1291 2921 1570 2994 ποιμένων
1627 2920 1953 2992 γυμνώσαν-

369 3025 489 3072 τες,
520 3010 613 3060 καὶ
634 3010 725 3060 ἐπὶ
754 3008 1045 3078 Σαμόσατα
1092 3009 1278 3080 ἕτερον
1327 3011 1442 3064 ἀντ’
1500 3012 1785 3079 Εὑσεϐίου,
1847 3015 1950 3066 Εὐ-

372 3099 562 3170 νόμιον
595 3099 792 3169 δνομα,
825 3103 1220 3171 ἁντεισήγαγον
1249 3119 1264 3133 ·
1297 3103 1471 3178 οὐδείς
1500 3105 1608 3159 τῶν
1669 3106 1949 3172 ἁπάντων,

371 3195 436 3248 ού
493 3193 682 3267 πένης,
738 3195 799 3246 ού
855 3193 1133 3271 πλούσιος,
1191 3197 1250 3248 ού
1303 3198 1440 3263 νέος,
1498 3197 1558 3250 οὑ
1616 3197 1947 3268 πρεσϐύτης,

372 3286 567 3362 ᾀπλῶς
586 3287 763 3350 οὐδεὶς
785 3289 950 3356 φάναι
998 3290 1078 3352 είς
1113 3289 1214 3359 τὴν
1252 3289 1550 3363 ἐκκλησίαν
1601 3292 1796 3363 εἰσῄει,
1844 3281 1954 3345 ῶσ-

373 3399 484 3451 περ
504 3378 571 3454 ἦν
604 3381 727 3445 ἐθος
755 3398 771 3414 ·
804 3383 962 3450 μόνος
979 3380 1026 3434 δ’
1069 3381 1278 3454 ἐκεῖνος
1324 3383 1401 3455 τῷ
1453 3387 1792 3456 ἐπισκοπείῳ
1836 3386 1952 3455 διῆ-

305 3476 312 3480 ’
373 3493 500 3544 γεν,
522 3477 736 3538 οὐδενὸς
767 3477 931 3530 αὑτὸν
958 3477 1075 3550 οὔθ’
1117 3467 1525 3547 ὁρῶντος,ὀῠτε
1581 3479 1643 3552 τὸ
1687 3480 1948 3552 παράπαν

371 3570 538 3638 λόγον
591 3569 992 3638 μεταδιδόντος.
1060 3572 1256 3632 Καίτοι
1325 3571 1491 3642 φασὶν
1555 3571 1719 3646 αὑτὸν
1771 3573 1949 3635 ἄλλως

365 3662 590 3737 ἐπιεικῆ
620 3680 676 3715 τε
701 3662 830 3716 ὄντα
861 3665 955 3717 καὶ
981 3665 1205 3734 μέτριον
1233 3678 1247 3693 ο
1280 3665 1376 3718 καὶ
1411 3663 1570 3737 τοῦτο
1590 3663 1942 3740 παρίστησιν.

380 3755 604 3826 Ἐπειδὴ
626 3757 732 3826 γὰρ
759 3760 838 3819 είς
859 3757 1120 3827 δημόσιον
1147 3753 1248 3828 ἧκε
1300 3758 1547 3828 λουτρὸν,
1579 3758 1688 3811 τῶν
1719 3757 1946 3830 οίκετῶν

366 3845 815 3915 ἐγκλεισαμένων
845 3851 941 3911 τὰς
972 3847 1161 3918 θύρας,
1192 3849 1398 3918 πλῆθος
1450 3850 1556 3921 πρρ
1612 3849 1722 3902 τῶν
1766 3849 1945 3918 θυρῶν

368 3938 594 3994 ἑστάναι
631 3939 843 4012 μαθὼν,
875 3940 987 4002 τοῖς
1010 3941 1250 4012 οἰκέταις
1284 3937 1440 4004 αὖθις
1477 3943 1819 3996 ἀναπετάσαι
1846 3943 1944 4006 τὰς

366 4031 545 4098 θύρας
597 4030 693 4082 τοῦ
748 4030 1034 4103 βαλανείου
1076 4031 1441 4108 ἐνεκελεύετο,
1495 4035 1588 4086 καὶ
1635 4033 1802 4097 ἀδεῶς
1849 4035 1942 4086 τοῦ

364 4121 596 4190 λουτροῦ
620 4125 895 4190 κοινωνεῖν
925 4124 1008 4195 τῷΔ
1038 4123 1348 4200 βουλομένῳ
1391 4126 1684 4198 ἐπέτρεπε.
1718 4125 1792 4178 Τὸ
1826 4127 1942 4179 ἴσον

360 4213 425 4274 δὲ
457 4215 550 4267 καὶ
573 4215 632 4265 ἐν
655 4216 768 4276 τοῖς
789 4213 966 4278 θνόλοις
1002 4216 1148 4289 ἔνδον
1177 4217 1372 4271 ἐποίει.
1422 4217 1574 4270 Ἐπεὶ
1606 4217 1653 4270 δ’
1681 4219 1940 4290 εἰσῄεσάν

357 4322 513 4364 τινες
545 4308 636 4359 καὶ
668 4305 852 4383 κύκλῳ
891 4307 1239 4378 εἱστήκεσαν,
1271 4310 1636 4380 συμμετέχειν
1658 4311 1768 4362 τῶν
1815 4311 1938 4380 θερ-

1979 3059 2027 3120 C

2064 1819 2325 1888 trajectus
2353 1820 2740 1890 navigantibus
2764 1821 2990 1890 repleri.
3015 1821 3119 1878 Ubi
3148 1838 3278 1876 vero
3305 1838 3430 1878 eum
3459 1823 3628 1878 multa

2062 1919 2216 1978 parte
2240 1908 2387 1962 ﬂuvii
2415 1925 2636 1963 emensa
2660 1916 2789 1963 sunt
2813 1910 3116 1976 consecuti,
3139 1911 3419 1979 plorantes
3438 1924 3630 1965 omnes

2062 2001 2292 2055 suadere
2321 2003 2368 2055 ei
2420 2001 2849 2064 contenderunt,
2898 2016 2968 2055 ne
3003 2001 3150 2070 lupis
3182 2016 3314 2056 oves
3344 2002 3625 2070 proderet.

2060 2094 2166 2149 Sed
2199 2106 2484 2164 postquam
2527 2097 2698 2150 multa
2729 2095 3012 2158 dicentes,
3049 2110 3176 2150 eum
3209 2095 3263 2149 in
3293 2093 3627 2150 sententiam

2059 2202 2215 2248 suam
2275 2186 2546 2241 adducere
2615 2203 2724 2240 non
2786 2194 3084 2255 potuerunt
3142 2186 3291 2254 (nam
3362 2183 3628 2252 apostoli-

2059 2295 2183 2334 cum
2256 2280 2392 2333 illud
2440 2280 2648 2334 dictqu
2701 2280 2782 2334 eis
2830 2279 3057 2349 objecit,
3109 2277 3524 2347 magistratibus
3570 2286 3626 2330 et

2057 2373 2425 2442 potestatibus
2469 2373 2720 2427 subditos
2764 2372 2950 2440 esse);
3013 2371 3155 2424 alius
3186 2369 3406 2438 quidem
3452 2367 3624 2434 aliud,

2056 2478 2252 2516 aurum
2295 2463 2506 2524 scilicet
2545 2473 2600 2517 et
2639 2472 2850 2517 vestem
2893 2471 2950 2516 et
2976 2460 3209 2514 famulos
3240 2460 3288 2512 ei
3335 2459 3390 2511 in
3423 2468 3624 2512 terram

2057 2556 2295 2610 alienam
2327 2565 2384 2612 et
2418 2556 2775 2626 longinquam
2812 2552 3182 2624 proﬁciscenti
3225 2551 3463 2605 obtulit:
3507 2554 3625 2620 ipso

2056 2665 2187 2704 vero
2227 2649 2561 2706 necessariis
2599 2659 2810 2703 tantum
2852 2663 2882 2702 a
2921 2647 3366 2701 familiarissimis
3399 2645 3625 2715 quihus-

2055 2758 2162 2817 que
2192 2743 2432 2811 acceptis
2461 2743 2646 2807 rebus,
2678 2741 2991 2812 precatione
3014 2756 3109 2795 eos
3144 2741 3218 2794 ita
3253 2747 3307 2793 ut
3335 2736 3618 2798 convenit,

2057 2833 2318 2898 munivit,
2360 2843 2416 2888 et
2464 2843 2522 2888 ut
2558 2833 2863 2887 doctrinam
2913 2833 3168 2886 traditam
3222 2831 3516 2900 diligenter
3564 2835 3620 2880 et

2053 2935 2312 2980 accurate
2347 2926 2672 2989 retinerent,
2705 2925 2957 2980 hortatus
2983 2933 3092 2990 est,
3126 2935 3182 2979 et
3212 2923 3290 2977 sic
3321 2921 3387 2976 ad
3418 2921 3618 2975 Istrum

2055 3034 2232 3088 usque
2285 2999 2586 3073 contendit.
2648 3016 2727 3071 llli
2783 3016 2989 3071 factum
3035 3014 3090 3068 id
3151 3028 3294 3081 aegre
3351 3012 3616 3070 ferentes,

2057 3109 2153 3163 ubi
2185 3109 2238 3162 in
2274 3108 2464 3163 urbem
2495 3117 2624 3162 sunt
2660 3106 2889 3170 reversi,
2924 3105 3101 3177 parati
3131 3112 3288 3159 erant
3318 3118 3441 3157 cum
3477 3101 3621 3170 lupis

2053 3217 2248 3256 manus
2291 3216 2608 3256 conserere.
2650 3198 2890 3270 Equum
2937 3200 3085 3253 enim
3119 3205 3225 3260 est,
3270 3205 3329 3249 ut
3357 3198 3616 3248 a‘rdorem

2050 3303 2105 3348 et
2130 3293 2306 3347 zelum
2338 3308 2556 3362 quoque
2587 3307 2803 3358 eorum,
2836 3301 3060 3360 pr0pter
3088 3305 3202 3342 rem
3238 3288 3521 3342 honestam
3563 3295 3617 3338 et

2051 3386 2370 3456 pulchram,
2413 3400 2702 3452 exponam.
2747 3385 2809 3438 Et
2851 3383 3095 3452 profecto
3135 3381 3390 3448 injuriam
3425 3378 3503 3431 eis
3531 3393 3619 3430 me

2050 3477 2230 3530 facere
2260 3476 2664 3548 existimarem,
2711 3475 2755 3530 si
2799 3490 2907 3528 non
2943 3474 3257 3542 ﬂagrantem
3305 3470 3522 3523 illorum
3559 3469 3615 3521 iu

2050 3569 2156 3621 ﬁde
2201 3567 2571 3636 sinceritatem
2606 3567 2884 3630 memoria:
2907 3563 3246 3636 posteritatis
3270 3561 3613 3614 mandarem.

2053 3660 2206 3737 14],
2239 3661 2376 3714 Nam
2411 3661 2524 3724 ubi,
2561 3659 2657 3738 qui
2699 3659 2816 3712 Arii
2863 3656 3120 3712 factionis
3149 3664 3344 3717 erant,
3379 3652 3616 3720 pastori-

2047 3751 2150 3805 bus
2177 3767 2244 3806 ex
2274 3749 2524 3805 ecclesiis
2549 3748 2808 3804 omnibus
2859 3745 3126 3816 expulsis,
3157 3743 3443 3798 Samosata
3475 3756 3615 3810 quo~

2045 3859 2154 3917 que
2205 3859 2304 3913 pro
2356 3841 2597 3917 Eusebio
2649 3841 2978 3911 Eunomium
3030 3837 3320 3908 quemdam
3373 3835 3614 3889 adduxe-

2046 3945 2212 4002 runt,
2266 3950 2427 3993 nemo
2480 3934 2764 4004 hominum
2821 3933 3066 3987 omnium
3113 3929 3196 3983 vel
3243 3943 3487 3998 pauper,
3524 3927 3612 3980 vel

2043 4029 2291 4098 locuples
2313 4069 2328 4094 ,
2363 4027 2449 4082 vel
2489 4028 2730 4100 juvenis,
2762 4025 2848 4080 vel
2881 4039 3072 4088 senex,
3107 4033 3271 4091 atque
3303 4029 3363 4074 ut
3394 4018 3606 4087 simpli—

2043 4102 2394 4182 citer‘dicam,
2422 4101 2582 4174 nemo
2605 4133 2853 4189 prorsus,
2879 4118 2952 4171 ita
2975 4131 3034 4170 Ut
3051 4131 3168 4171 mos
3190 4122 3294 4177 est,
3320 4110 3604 4166 ecclesiam

2042 4223 2125 4269 est
2173 4217 2469 4285 ingressus.
2524 4214 2644 4286 Ipse
2700 4227 2832 4276 vero
2881 4211 3033 4266 solus
3089 4210 3145 4264 in
3195 4207 3607 4276 episcopalibus

2042 4305 2253 4360 antibus
2284 4313 2536 4359 versatus
2563 4312 2682 4368 est,
2716 4303 2934 4358 nemine
2967 4318 3091 4356 eum
3127 4301 3473 4369 reSpicicnte.
3509 4311 3604 4355 aut

361 4393 484 4460 μῶν
511 4393 718 4446 ὑδάτων
751 4395 1149 4464 προύτρέπετο.
1187 4395 1273 4457 Ὠς
1306 4396 1352 4448 δ’
1373 4397 1654 4466 ἱστάμενοι
1706 4399 1804 4451 καὶ
1853 4398 1934 4451 ἐτι

2054 4397 2405 4470 :onveniente
2433 4413 2447 4450 :
2479 4411 2604 4450 cum
2638 4395 2864 4464 quidem
2895 4394 2979 4448 vir
3012 4394 3288 4448 humanus
3328 4403 3382 4447 et
3415 4393 3572 4445 mode

357 4488 520 4556 σιγὴν
548 4487 780 4568 ἦσκουν,
801 4487 966 4558 τιμὴν
987 4488 1085 4558 τὴν
1140 4487 1330 4542 στάσιν
1382 4489 1689 4558 ὑπολαβὼν,
1747 4491 1943 4564 θᾶττον

359 4581 684 4656 καταλιπὼν
716 4581 777 4636 τὸ
823 4581 1048 4650 θερμὸν,
1085 4579 1482 4654 ἀπηλλάττετο.
1535 4585 1596 4634 Ol
1634 4583 1690 4634 δὲ
1731 4599 1944 4652 συμμε-

355 4675 580 4742 τασχεῖν
610 4674 668 4724 τὸ
699 4671 845 4743 ὕδωρ
873 4671 966 4724 τοῦ
997 4673 1091 4743 τῆς
1104 4672 1381 4758 μίρέσεως
1401 4675 1570 4741 ἄγους
1595 4675 1938 4744 νομίσαντες,

358 4769 542 4819 ἐκεῖνο
579 4766 678 4834 μὲν
708 4769 818 4828 τοῖς
849 4765 1148 4835 ὑπονόμοις
1195 4766 1413 4835 ἐξέχεον
1440 4783 1454 4797 ο
1500 4767 1691 4836 ἕτερον
1748 4767 1804 4820 δὲ
1843 4783 1939 4832 κε-

323 4859 650 4930 ςράσαντες,
705 4856 1058 4914 ἁπελούοντο.
1107 4859 1181 4912 Ὃ.
1216 4858 1282 4930 δὴ
1339 4857 1528 4928 μαθὼν
1578 4861 1606 4912 ὁ
1652 4859 1938 4927 Εὐνόμιοῆ

357 4949 523 5011 εὐθὺς
577 4949 678 5017 τὴν
736 4949 894 5001 πόλιν
945 4946 1140 5013 λιπὼν,
1196 4948 1380 5002 οἶκαδε
1425 4951 1534 5021 lno
1567 4963 1583 4978 ο
1649 4947 1771 5003 λίαν
1820 4949 1931 5020 γὰρ

352 5035 586 5105 ἀνόητον
621 5033 758 5104 ᾤετο
785 5035 943 5088 πόλει
971 5035 1258 5104 δυσμενῶς
1280 5035 1479 5106 ἐχούσῃ
1506 5036 1698 5099 κοινῶς
1753 5053 1932 5106 παρα-

361 5128 550 5196 μένειν
570 5128 868 5198 αἱρεῖσθαι.
899 5128 1011 5181 Καὶ
1048 5126 1193 5180 οὕτω
1225 5128 1324 5198 μὲν
1353 5120 1562 5190 ἐκεῖνος
1618 5127 1760 5180 ἑκὼν
1797 5129 1932 5181 ἀπε-

351 5219 526 5290 χώρει
546 5220 655 5274 τῶν
687 5220 1048 5297 Σαμοσάτων.
1074 5220 1137 5272 0i
1157 5219 1204 5274 δ’
1247 5220 1518 5289 ’Δρειανοὶ
1545 5221 1737 5291 ἕτερον
1796 5237 1929 5290 προσ

350 5311 668 5377 ϐάλλονται,
727 5311 956 5365 Λούκιον
1010 5311 1202 5382 ὄνομα,
1259 5311 1424 5365 λύκον
1491 5312 1659 5375 ὅντως
1718 5315 1813 5366 καὶ
1865 5314 1928 5365 οὐ

347 5405 607 5475 ππμένα.
633 5404 715 5457 Τά
740 5421 805 5472 γε
833 5405 939 5474 μὴν
986 5405 1257 5474 πρόϐατα,
1308 5404 1514 5475 καίπερ
1559 5405 1794 5472 ποιμένα
1850 5402 1926 5473 μὴ

347 5501 590 5574 εχοντες,
618 5497 766 5567 ὅμως
798 5497 871 5550 τὰ
899 5497 1174 5567 ποιμένων
1233 5496 1428 5567 ἔδρων,
1487 5496 1688 5552 ἄσυλον
1735 5496 1924 5566 διατη-

421 5618 500 5686 (1)
531 5613 740 5668 Thcod.
773 5615 898 5670 eod.
926 5632 1048 5685 cap.
1085 5616 1171 5671 M.

2041 4502 2162 4546 stus
2201 4490 2372 4544 fuisse
2399 4489 2583 4542 dictus
2612 4492 2702 4542 sit.
2739 4486 2894 4552 Quod
2926 4486 3054 4540 inde
3084 4486 3221 4539 satis
3261 4495 3445 4554 patet;
3479 4499 3606 4541 cum

2037 4584 2184 4636 enim
2238 4584 2294 4636 iu
2341 4579 2622 4651 publicum
2672 4585 2913 4634 venisset
2965 4578 3261 4642 balneum,
3311 4587 3366 4630 et
3411 4575 3602 4630 famuli

2034 4674 2185 4729 fores
2231 4673 2438 4727 lavacri
2494 4671 2859 4734 clausissent,
2905 4670 2997 4723 ubi
3050 4684 3148 4737 pro
3192 4667 3404 4720 foribus
3456 4675 3604 4719 stare

2035 4767 2306 4836 plurimos
2349 4763 2638 4832 cognovit,
2684 4759 2986 4824 ministris,
3016 4769 3076 4813 ut
3105 4773 3198 4811 eas
3229 4759 3600 4819 recluderent,

2036 4857 2318 4928 praecepit,
2372 4865 2540 4922 atque
2573 4861 2635 4908 ut
2657 4851 3028 4912 communiter
3053 4859 3110 4904 et
3133 4849 3326 4914 libere,
3357 4849 3452 4918 qui
3485 4850 3601 4902 vel-

2035 4950 2184 5011 lent,
2227 4944 2500 5000 lavatione
2549 4952 2858 5006 uterentur,
2907 4941 3032 4996 illos
3078 4940 3405 4994 admonuit:
3450 4942 3600 5008 quod

2036 5040 2226 5094 itidem
2274 5039 2328 5092 in
2379 5035 2632 5092 interiori
2662 5035 2910 5089 conclavi
2945 5033 3094 5088 fecit.
3125 5034 3300 5101 Atque
3335 5036 3425 5086 u‘ni
3461 5050 3598 5085 tton-

2037 5131 2170 5184 nulli
2199 5127 2427 5198 ingressi
2453 5143 2580 5184 eum
2605 5128 3109 5186 circumsteterunt,
3153 5134 3211 5178 ut
3244 5142 3346 5177 una
3378 5139 3500 5177 cum
3529 5140 3598 5176 eu

2037 5223 2092 5294 in
2117 5222 2312 5276 calidis
2339 5220 2500 5290 aquis
2523 5219 2795 5280 lavarent,
2825 5232 2922 5272 eos
2943 5227 3029 5271 est
3050 5217 3386 5272 cohortatus.
3421 5213 3596 5268 (λι-ιο.

2037 5330 2158 5368 rum
2185 5330 2313 5368 cum
2341 5314 2418 5369 illi
2441 5313 2522 5368 sic
2547 5321 2755 5366 stantes
2787 5317 3046 5371 tacerent,
3074 5309 3338 5361 honorem
3362 5307 3599 5362 statione

2035 5405 2305 5476 ejusmodi
2336 5405 2530 5459 haberi
2557 5404 2660 5458 sibi
2696 5414 2869 5465 ratus,
2902 5401 3156 5455 celeriter
3185 5412 3356 5466 aquas
3388 5395 3600 5454 calidas

2034 5497 2294 5567 reliquit,
2333 5507 2388 5552 et
2416 5495 2572 5552 abiit.
2599 5495 2667 5549 At
2707 5494 2786 5548 illi
2820 5507 2990 5562 aquas
3029 5491 3147 5561 ejus
3170 5489 3445 5558 piaculum
3483 5487 3600 5552 hic.

422 5690 500 5768 ῳ)
530 5687 670 5743 l’lin.
703 5685 798 5742 lib.
833 5701 885 5757 ν,
917 5703 963 5742 c.
1000 5689 1092 5743 '24.
1128 5686 1422 5744 Pulchrum
1465 5687 1774 5758 exetnplum
1806 5688 1904 5759 τῆς
1943 5709 1950 5722 ι

2054 5685 2289 5761 )αρχίας.
