3986 6190
363 221 473 287 63Ἳ

1310 224 1900 294 ΕΕΟῘΕδΙΑδΤΙΕπΕ
1947 236 2322 298 lileOliL‘E
2367 241 2507 300 LIB.
2551 241 2653 299 XI.

3501 241 3603 301 (κῖνῖ

372 336 608 403 Ἄραδον
666 334 981 398 κατεδίκαζε
1051 339 1149 407 τὴν
1210 343 1365 408 ιῆσον
1419 344 1607 396 οἰκεῖν.
1679 343 1834 395 Ἐπεὶ
1897 344 1935 396 δ⁴

2049 345 2243 404 Valens
2300 337 2708 405 condemnavit.
2762 349 3031 417 Quoniam
3096 367 3230 406 vero
3287 355 3604 422 apostolicis

359 427 744 487 ἀποστολικοῖς
792 429 1092 496 χαρίσμασι
1143 429 1478 501 διαπρέπων,
1534 434 1611 500 τῷ
1641 434 1738 501 τῆς
1803 429 1942 485 διδα-

363 519 595 580 σκαλίας
631 521 772 586 φωτὶ
801 522 870 574 τὰ
904 521 1081 592 πλήθη
1117 523 1253 590 πρὸς
1293 524 1454 574 αὑτὸν
1502 519 1676 588 εἷλκε,
1733 526 1826 577 καὶ
1872 525 1943 576 τὰ

363 611 478 661 τῶν
515 611 842 680 νοσημάτων
875 613 976 666 ὅσα
1020 614 1220 683 ίατρῶν
1253 613 1523 683 ἀπείρηκε
1557 616 1742 683 τέχνη,
1781 617 1894 668 ἰᾶτο
1921 630 1936 646 ⁶

364 702 576 753 ἐκεῖθεν
598 704 677 763 είς
702 719 821 755 τινα
854 703 1007 754 πόλιν
1037 706 1340 770 Αἰγυπτίαν
1369 706 1634 774 μεθίστα,
1680 707 1943 776 Ὀξύρυγε

365 810 461 860 χον
514 793 705 860 ὄνομα.
773 793 860 855 Ὠς
937 795 992 847 δὲ
1051 798 1214 847 κάκεῖ
1259 797 1464 858 πάντας
1535 798 1750 863 ἑφεῖλκε
1801 801 1939 850 κατα

366 886 522 945 κλέος
561 887 660 947 τῆς
701 885 930 954 ἀρετῆς,
965 888 1045 947 εἷς
1072 903 1192 938 τινα
1229 888 1482 956 ἐσχατιὰν
1509 889 1568 939 οὗ
1594 891 1783 958 π.όρρω
1831 889 1938 939 τῶν

365 971 753 1038 γειτονούντων
789 973 1081 1044 βαρϐάρων
1147 979 1418 1044 μετετίθει
1460 977 1621 1047 (Φιλὼ
1655 975 1722 1048 ἦν
1767 979 1937 1047 ὄνομα

363 1064 440 1131 τῷ
474 1063 656 1132 χώρῳ)
695 1066 786 1116 τὸν
817 1067 927 1116 τῶν
987 1068 1256 1135 οὐρανίων
1295 1067 1552 1138 θαλάμων
1592 1069 1761 1134 ἄξιον.
1801 1071 1938 1122 Φασὶ

369 1157 553 1220 μέντοι
584 1158 642 1206 ὲν
678 1156 890 1224 Ἀράδῳ
938 1157 994 1219 ἐς
1032 1157 1192 1226 δεῦρο
1236 1159 1335 1228 τὴν
1389 1160 1599 1212 ἐκείνου
1660 1161 1936 1228 διαμένειν

365 1247 554 1314 κλίνην
614 1248 873 1315 πλείστης
921 1251 1235 1318 ἠξιωμένην
1289 1251 1496 1318 τιμῆς·
1553 1251 1779 1314 πολλοὺς
1827 1253 1936 1323 γὰρ

367 1335 457 1385 ἐπ’
483 1337 700 1402 ἐκείνης
761 1337 1262 1406 κατακλινομένους
1320 1339 1428 1390 τῶν
1489 1338 1786 1389 νοσούντων
1839 1339 1936 1407 τὴν

365 1422 556 1486 ὑγείαν
579 1423 666 1474 διὰ
694 1425 794 1490 τῆς
824 1425 1059 1485 πίστεως
1092 1425 1412 1493 δρέπεσθαι.
1473 1421 1574 1478 Οἷα
1630 1427 1686 1477 δὲ
1731 1428 1825 1478 καὶ
1877 1429 1935 1478 ὲν

375 1512 604 1583 Ἐδέσσῃ
631 1515 696 1582 τῇ
733 1514 886 1564 πόλει
934 1515 1012 1582 τῷ
1040 1515 1297 1567 Οὐάλεντι
1328 1518 1664 1585 πέπρακται,
1691 1517 1750 1568 ού
1778 1517 1935 1584 θέμις

364 1603 567 1654 διδόναι
615 1606 763 1672 σιγῇ.
821 1604 1038 1672 Ἐπειδὴ
1091 1607 1198 1674 γὰρ
1230 1607 1322 1657 τὸν
1376 1608 1664 1675 εἰρημένον
1717 1607 1934 1675 Βάρσην

2046 439 2208 494 donis
2239 441 2452 505 clarus,
2493 441 2758 496 doctrina:
2791 457 2903 496 suae
2940 442 3062 496 luce
3091 442 3496 497 multitudinem
3534 445 3600 496 ad

2042 545 2101 584 se
2161 533 2548 600 pertrahebat,
2601 542 2658 587 et
2704 534 2926 588 morbos
2978 548 3119 603 quos
3160 534 3361 588 medici
3419 535 3602 587 curari

2043 634 2202 690 posse
2249 622 2711 692 desperaverant,
2748 625 3013 688 sanabat,
3048 625 3100 678 in
3131 624 3437 695 Egyptian]
3476 625 3604 678 inde

2044 711 2234 766 urbem
2273 714 2562 782 quamdam
2599 713 2984 785 Oxyryncbum
3025 716 3246 770 nomine
3287 727 3370 769 est
3407 717 3606 784 depor—

2045 813 2188 857 tatus
2219 805 2318 873 (l).
2357 804 2510 876 143
2549 805 2651 860 Ubi
2689 823 2818 860 vero
2843 817 2899 860 et
2929 807 3001 861 ibi
3039 808 3254 861 virtutis
3277 807 3449 877 gloria
3485 809 3604 860 ani-

2039 907 2158 947 mos
2183 896 2424 949 omnium
2458 898 2511 950 in
2542 913 2599 951 se
2631 899 2922 963 convertit,
2954 898 3008 951 in
3037 909 3310 952 extremos
3336 897 3600 968 quosdam

2040 984 2175 1039 ﬁnes
2216 1002 2246 1039 a
2282 986 2484 1054 quibus
2518 1004 2624 1041 non
2675 988 2833 1059 longe
2876 989 3097 1041 Barbari
3146 989 3375 1042 aberant
3421 988 3600 1056 (Philo

2039 1077 2195 1130 locus
2242 1077 2288 1132 is
2332 1079 2670 1148 nominatur)
2720 1079 3020 1133 translatus
3060 1087 3179 1141 est,
3213 1093 3335 1131 cum
3373 1077 3596 1145 quidem

2040 1169 2254 1223 caelesti
2340 1169 2620 1224 domicilio
2673 1180 2818 1225 esset
2877 1171 3093 1240 dignus.
3151 1170 3477 1224 Etiamnunc
3546 1169 3600 1220 in

2040 1258 2218 1313 Arado
2249 1260 2506 1314 lectulum
2540 1276 2657 1314 esse
2687 1261 2902 1320 dicunt.
2930 1276 3093 1338 quem
3123 1260 3358 1328 plurimo
3393 1258 3602 1310 honore

2039 1351 2184 1426 Deus
2213 1353 2284 1407 sit
2313 1354 2602 1422 dignatus,
2642 1355 2789 1424 quod
2831 1357 3021 1426 aegroti
3066 1355 3224 1407 multi
3270 1354 3321 1406 in
3355 1366 3481 1405 eum
3515 1365 3602 1403 re-

2040 1443 2202 1510 positi
2246 1445 2616 1500 valetudinem
2663 1461 2760 1514 per
2805 1445 2967 1498 ﬁdem
3016 1453 3363 1513 recuperent.
3399 1444 3602 1498 Verum

2037 1532 2319 1587 enimvero
2373 1551 2494 1603 quae
2557 1534 2772 1588 Edessre
2829 1538 2994 1590 etiam
3053 1536 3349 1589 crudeliter
3405 1535 3604 1587 Valens

2036 1624 2227 1692 egerit,
2257 1625 2477 1678 silentio
2505 1641 2566 1678 ea
2597 1625 2858 1680 mandare
2883 1642 2988 1679 non
3025 1626 3175 1680 licet.
3202 1625 3336 1680 Cum
3369 1641 3603 1692 namque

362 1695 465 1762 τῆς
493 1697 729 1763 ποίμνης
759 1699 1044 1766 ἐστέρησε,
1079 1698 1259 1750 Λύκον
1323 1699 1704 1766 ἀντικαθίστη.
1747 1699 1837 1760 Ὠς
1881 1699 1935 1750 δὲ

2041 1713 2274 1780 Barsen,
2324 1731 2484 1784 quem
2527 1717 2780 1779 diximus,
2827 1733 2856 1770 a
2906 1732 3066 1786 grege
3112 1733 3213 1770 suo
3259 1717 3601 1778 exclusisset,

364 1787 427 1838 τὸ
455 1786 657 1856 πλῆθος
683 1788 1034 1857 δυσχεραῖνον
1065 1792 1164 1858 τὴν
1191 1791 1476 1842 κοινωνίαν
1529 1790 1777 1859 σφοδρῶς
1805 1791 1939 1842 ἁπε-

365 1878 566 1941 σείετο,
617 1881 822 1944 πάντες
884 1884 984 1950 τὴν
1034 1882 1190 1934 πόλιν
1252 1883 1642 1944 καταλιπόντες
1687 1883 1792 1954 πρὸ
1844 1883 1938 1934 τοῦ

361 1969 559 2032 ἄστεος
593 1972 1008 2041 συνηθροίζοντο
1034 1990 1048 2005 ο
1076 1970 1141 2043 ἦν
1163 1975 1205 2026 δ’
1229 1975 1408 2026 ἐκεῖσε
1459 1975 1632 2045 Θωμᾷ
1674 1974 1752 2044 τῷ
1801 1977 1940 2027 ἀπο-

370 2061 548 2130 στόλῳ
579 2065 837 2130 ἐπιφανὲς
859 2067 1145 2134 εὐκτηριον
1177 2084 1192 2097 υ
1219 2066 1249 2118 δ
1299 2066 1583 2136 ἰστορῆσαι
1618 2067 1937 2135 βουλόμενος

358 2149 602 2220 ούὰλης,
635 2152 850 2223 σύναμα
881 2153 958 2222 τῷ
1014 2154 1262 2225 ὑπάρχῳ,
1328 2157 1599 2219 Μόδεστος
1660 2149 1814 2219 οὗτος
1847 2152 1935 2226 ἧν,

356 2237 499 2310 ἧκεν
535 2245 908 2315 ἐντειλάμενος
932 2246 1219 2316 πρότερον,
1264 2247 1323 2300 τὸ
1347 2249 1734 2316 συνιστάμενον
1758 2251 1937 2301 ἐκεῖσε

359 2335 570 2404 πλῆθος
609 2338 749 2404 μετὰ
801 2337 898 2406 τῆς
931 2338 1215 2407 ὁπλιτικῆς
1275 2339 1399 2408 περὶ
1448 2341 1608 2391 αὐτὸν
1659 2341 1938 2408 δυνάμεως

355 2427 737 2490 διασκεδάσαι,
767 2429 985 2504 ῥάϐδοις
1011 2433 1106 2483 καὶ
1155 2431 1411 2498 ῥοπάλοις
1459 2432 1748 2496 παίοντας,
1807 2431 1938 2482 εἰδὲ

355 2520 572 2588 δεήσει,
610 2523 988 2591 χρησομένους
1025 2527 1116 2577 καὶ
1149 2524 1314 2592 ξίφει.
1354 2523 1416 2580 Ὀ
1437 2525 1492 2576 δὲ
1527 2525 1588 2576 τὸ
1638 2524 1938 2592 κελευόμε-

353 2628 458 2664 νον
488 2612 613 2684 ἔδρα
645 2632 658 2646 ’
693 2617 789 2667 xui.
818 2616 996 2687 λάθρα
1026 2621 1135 2680 τοῖς
1180 2617 1514 2687 Ἐδεσσηνοῖς
1546 2617 1737 2688 ἐδήλου
1762 2617 1936 2686 φυλάο

358 2705 564 2769 ξασθαι
585 2707 680 2776 τὴν
709 2707 1022 2777 ὑστεραίαν,
1070 2711 1145 2778 μὴ
1179 2711 1261 2774 εἰς
1289 2711 1377 2762 τὸν
1398 2711 1627 2763 εἰωθότα
1663 2709 1938 2762 συνελθεῖν

353 2801 570 2850 τόπονο
621 2801 948 2870 πρόσταγμα
987 2801 1094 2870 γὰρ
1166 2801 1434 2871 βασιλέως
1480 2799 1622 2856 εἶναι
1669 2802 1937 2873 τιμωρίαν

357 2890 596 2955 ἐπάγειν
625 2885 704 2951 οἷς
727 2890 928 2943 ἁλῶναι
962 2891 1225 2962 συμϐαίη.
1258 2892 1370 2944 Καὶ
1395 2892 1423 2944 ὁ
1451 2893 1547 2960 μὲν
1573 2891 1748 2954 οὔτως
1779 2895 1937 2962 ἠπεί-

357 2979 450 3030 λει
474 2981 680 3050 καίπερ
711 2982 1017 3046 έτερόδοξος
1052 2999 1066 3012 ·
1116 2983 1148 3054 ἧ
1177 2984 1385 3053 μηδένα
1435 2983 1468 3054 ἢ
1503 2983 1718 3052 ὀλίγους
1765 2985 1938 3036 msu-

360 3070 557 3124 νεῦσαι
594 3073 1070 3144 προμηθούμενος,
1102 3076 1136 3144 ἢ
1169 3076 1298 3139 ἴσως
1346 3077 1440 3129 καὶ
1497 3076 1934 3146 παραιτούμενος

359 3164 568 3218 ἑαυτὶν
591 3167 724 3234 πρὸς
749 3166 846 3238 τὴν
873 3166 965 3219 τοῦ
1009 3168 1338 3238 κρατοῦντος
1364 3168 1556 3238 ὀργήν.
1629 3169 1940 3239 Ἐδεσσηνοὶ·

366 3257 556 3325 μέντοι
593 3259 647 3308 ὲν
672 3259 915 3328 δευτέρῳ
947 3260 1166 3329 θέμενοι
1219 3262 1318 3324 τὰς
1377 3262 1629 3327 ἀπειλὰς,
1692 3261 1808 3329 ἅμα
1861 3262 1935 3332 ἕῳ

365 3350 644 3420 πρόθυμοι
680 3353 937 3424 μᾶλλονῆ
980 3354 1250 3423 πρότερον
1297 3355 1394 3406 ἐπὶ
1434 3355 1526 3406 τὶν
1573 3358 1742 3407 τόπον
1795 3355 1933 3425 ἐχώ-

366 3455 524 3508 ρουν,
579 3441 672 3490 καὶ
729 3439 789 3491 τὸ
846 3441 1037 3502 εἰωθὸς
1101 3443 1390 3512 ἔπραττον.
1448 3442 1844 3512 Ἀγγελοέντος
1877 3443 1934 3495 δὲ

363 3530 625 3600 Μοδέστῳ
659 3530 750 3583 τοῦ
783 3532 1125 3602 πράγματος,
1170 3511 1271 3585 οὐκ
1299 3529 1466 3602 εἶχεν,
1493 3535 1521 3585 ὅ
1571 3551 1626 3586 τι
1659 3538 1754 3586 καὶ
1803 3511 1936 3605 δρά-

369 3639 535 3677 σειεν.
571 3623 890 3692 ’Δμηχάνως
916 3624 959 3676 δ’
980 3625 1145 3694 ἔχων,
1180 3626 1304 3678 ὅσον
1343 3627 1508 3694 τάχος
1551 3626 1710 3695 στίχα
1766 3643 1933 3695 στρα-

362 3713 624 3781 τιωτικὴν
654 3715 1012 3781 ἑπαγόμενος,
1036 3716 1174 3785 διῄει
1205 3717 1304 3784 τὴν
1334 3717 1561 3782 ἀγορὰν,
1595 3719 1689 3767 καὶ
1725 3716 1820 3767 ἐπὶ
1871 3716 1943 3767 τὸ·

369 3805 550 3859 πεδίον
580 3807 684 3874 ῆῖε.
721 3806 930 3876 Γυναίῳ
961 3808 1014 3858 δέ
1045 3824 1150 3858 τινι
1188 3807 1512 3876 περιτυχὼν,
1549 3807 1750 3875 βρέφος
1773 3807 1934 3875 ἐφέλ-

368 3914 521 3948 κοντι
549 3902 616 3967 τῇ
665 3902 834 3968 χειρὶ,
903 3899 1162 3966 ἀκόσμως
1207 3897 1263 3948 δὲ
1303 3897 1398 3948 καὶ
1432 3900 1581 3966 παρὰ
1613 3897 1672 3948 τὸ
1725 3899 1932 3965 πρέπον

365 3992 585 4058 γυναικὶ
612 3991 670 4042 τὸ
700 3993 870 4060 φᾶρος
921 3991 1042 4060 εἱκῆ
1100 4006 1214 4052 πως
1261 3990 1656 4061 ἐπισυρομένῃ,
1709 3991 1803 4042 καὶ
1857 3988 1934 4052 ὡς

366 4084 464 4134 ἐπί
492 4098 542 4133 τι
573 4081 858 4135 σπουδαῖον
889 4083 1050 4151 δῆθεν
1095 4081 1193 4152 τὴν
1238 4081 1348 4134 τῶν
1395 4083 1717 4151 ἡγουμένων
1771 4098 1936 4150 στραιο

364 4175 629 4242 τιωτικὴν
667 4172 1014 4226 διακόπτοντι
1072 4175 1348 4243 φάλαγγα,
1379 4175 1406 4225 ὁ
1439 4171 1681 4242 ὕπαρχος
1737 4172 1933 4242 συλλη-

367 4265 572 4334 φθῆναι
597 4265 794 4334 ταύτην
855 4267 1115 4330 ἐκέλευε,
1170 4267 1264 4319 καὶ
1300 4265 1424 4318 ὅτου
1482 4265 1641 4333 χάριν
1692 4264 1932 4328 σπεύδει,

2041 1803 2240 1874 Lycum
2279 1805 2356 1876 (2)
2387 1822 2485 1876 pro
2515 1821 2580 1860 eo
2603 1807 2925 1862 substituit:
2960 1822 3118 1876 quam
3153 1823 3268 1860 rem
3301 1807 3428 1875 quia
3460 1806 3605 1858 mul-

2039 1897 2218 1950 titudo
2251 1913 2394 1967 aegre
2427 1899 2590 1961 tulit,
2633 1909 2689 1954 et
2724 1899 3168 1952 communionem
3202 1899 3321 1966 ejus
3365 1897 3598 1966 respuit,

2040 1989 2229 2044 relicta
2278 1989 2414 2044 urbe
2455 2005 2645 2046 omnes
2689 2002 2842 2045 extra
2892 1991 3010 2060 ejus
3053 1991 3255 2044 muenia
3299 1997 3604 2044 conventus

2039 2095 2222 2148 egere.
2277 2079 2410 2135 Erat
2460 2091 2643 2136 autem
2707 2082 2780 2136 ibi
2832 2081 3056 2136 Thomas
3107 2080 3337 2151 apostoli
3389 2079 3604 2148 insigne

2039 2173 2338 2227 oratorium
2363 2212 2378 2236 ,
2423 2171 2570 2241 quod
2613 2171 2802 2226 videre
2851 2173 3039 2226 volens
3067 2171 3296 2234 Valens.
3338 2185 3443 2222 una
3474 2183 3602 2223 cum

2041 2264 2296 2332 prwfeeto
2323 2264 2588 2330 Modesto,
2615 2265 2885 2345 quosdam
2917 2265 3072 2334 prius
3099 2279 3224 2318 eum
3252 2262 3508 2315 mandato
3537 2275 3605 2314 eo

2041 2355 2221 2419 misit,
2266 2364 2324 2408 ut
2357 2356 2765 2410 multitudinem
2805 2355 2878 2409 ibi
2913 2364 3329 2424 congregatam,
3363 2363 3606 2406 armato-

2042 2461 2162 2499 rum
2208 2461 2346 2515 quos
2389 2463 2575 2501 secum
2624 2447 2859 2502 ducebat
2897 2461 3062 2516 Opera
3107 2446 3462 2514 dissiparem,
3508 2444 3606 2497 ba-

2039 2537 2178 2591 culis
2211 2546 2269 2590 et
2303 2536 2471 2590 clavis
2499 2552 2618 2590 eam
2651 2537 2934 2606 pulsantes
2960 2576 2975 2599 ,
3013 2536 3060 2589 si
3094 2550 3226 2589 vero
3260 2549 3399 2603 opus
3431 2541 3600 2595 esset,

2038 2626 2249 2697 gladios
2303 2641 2524 2695 quoque
2579 2625 2926 2680 adhibentes.
2984 2623 3282 2678 Przefectus
3334 2623 3606 2691 imperatae

2037 2717 2217 2772 facere
2239 2757 2253 2778 ,
2285 2726 2341 2770 et
2366 2717 2503 2770 clam
2534 2717 2829 2772 Edessenis
2862 2716 3210 2778 denuntiare,
3238 2729 3305 2768 ne
3337 2713 3601 2783 postridie

2038 2824 2189 2862 more
2217 2824 2317 2862 suo
2348 2809 2404 2862 in
2432 2809 2556 2862 loco
2583 2823 2650 2862 eo
2684 2808 3068 2862 convenirent.
3105 2805 3416 2860 Mandatum
3450 2803 3598 2857 enim

2037 2900 2105 2955 ab
2135 2903 2466 2968 imperatore
2498 2915 2653 2963 esse,
2688 2909 2746 2952 ut
2789 2900 2844 2952 in
2878 2913 2974 2952 eos
3017 2899 3110 2968 qui
3158 2897 3230 2950 itii
3264 2895 3599 2963 deprehensi

2039 3001 2241 3054 essent,
2271 2991 2509 3060 graviter
2533 2990 3093 3044 animadverteretur.
3124 2987 3422 3042 Praafeclus
3447 2999 3598 3046 sane,

2041 3082 2290 3152 quamvis
2331 3083 2562 3136 diversa:
2606 3083 2890 3136 sententia:
2928 3090 2984 3134 et
3027 3080 3334 3149 religionis,
3367 3080 3434 3131 ad
3473 3091 3601 3129 eum

2038 3172 2264 3225 modum
2305 3171 2414 3226 illis
2457 3182 2541 3226 est
2582 3171 2821 3224 minatus
2852 3189 2866 3224 :
2899 3171 2984 3224 vel
3017 3169 3164 3239 quod
3197 3169 3471 3224 neminem
3506 3157 3616 3220 aut-

2038 3278 2245 3333 paucos
2290 3272 2438 3317 certe
2486 3264 2786 3332 periclitari
2819 3263 3006 3326 vellet,
3068 3262 3154 3315 vel
3188 3261 3330 3330 quod
3371 3260 3602 3312 fortasse

2040 3355 2426 3424 imperatorem
2475 3357 2714 3423 graviter
2759 3355 3130 3424 indignantem
3178 3369 3342 3422 Opera
3385 3367 3481 3404 sua
3520 3350 3598 3403 uti

2037 3444 2227 3497 nollet.
2280 3443 2544 3498 Edesseni
2605 3458 2736 3496 vero
2794 3447 3066 3498 minarum
3127 3441 3598 3493 denuntiationem

2039 3537 2195 3606 parvi
2245 3536 2579 3604 pendentes,
2618 3551 2725 3589 una
2769 3551 2895 3589 cum
2946 3534 3191 3588 diluculo
3238 3532 3600 3586 alacrioribus

2037 3629 2202 3684 etiam
2253 3643 2418 3696 quam
2468 3637 2629 3681 antea
2675 3627 2873 3681 animis
2923 3627 2978 3679 in
3026 3628 3203 3678 locum
3256 3625 3598 3692 designatum

2028 3726 2363 3782 'eonvenere,
2405 3728 2461 3772 et
2489 3720 2648 3772 solita
2680 3733 2836 3772 sacra
2867 3733 2963 3772 sua
2999 3731 3283 3788 peregere.
3315 3715 3470 3780 Quod
3505 3715 3599 3768 ubi

2037 3807 2285 3862 Modesto
2313 3815 2399 3862 est
2426 3808 2750 3872 indicatum,
2787 3823 2910 3861 cum
2941 3807 3089 3876 quod
3120 3806 3325 3859 faceret
3359 3819 3471 3858 non
3503 3804 3602 3856 ha-

2035 3901 2225 3966 beret,
2282 3901 2494 3955 consilii
2554 3901 2756 3969 inops,
2810 3915 2973 3969 quam
3031 3899 3314 3952 Cclcl‘t'ittle
3374 3895 3598 3949 militari

2037 4005 2198 4048 manu
2232 4002 2515 4047 contracta
2539 4031 2555 4056 ,
2588 4008 2684 4061 per
2717 3991 2897 4045 forum
2929 3991 2997 4044 ad
3032 4005 3282 4058 campum
3314 4002 3439 4040 eum
3470 4001 3602 4039 con-

2000 4083 2214 4137 ‘tendit
2243 4101 2264 4136 ι
2287 4093 2339 4137 et
2375 4085 2428 4137 in
2461 4085 2839 4139 mulierculam
2886 4083 3116 4144 incidit,
3147 4097 3308 4136 manu
3353 4081 3596 4150 puellum

2038 4185 2367 4246 raptantem,
2399 4176 2735 4244 palliumque
2775 4177 2856 4230 sic
2883 4185 3088 4230 temere
3121 4183 3176 4228 et
3213 4174 3595 4241 incomposite,

2037 4275 2231 4320 contra
2274 4282 2438 4336 quam
2487 4267 2744 4320 ieiiiinam
2798 4267 2990 4331 decet,
3041 4264 3382 4326 trahentem,
3434 4273 3599 4330 atque

363 4362 466 4427 τὴν
496 4359 674 4410 αἰτίαν
704 4356 924 4427 ἀπῄτει.
949 4359 1060 4424 Τῆς
1094 4359 1140 4408 δ’
1167 4359 1456 4426 εἰπούσης,
1500 4356 1624 4409 Ἐπὶ
1659 4356 1720 4407 τὸ
1752 4354 1933 4407 πεδίον

2039 4359 2174 4411 adeo
2232 4359 2532 4412 militarem
2580 4357 2870 4410 ductorum
2933 4356 3300 4426 phalangem,
3365 4355 3594 4424 perinde

365 4451 498 4501 ἔνθα
549 4451 599 4502 οἰ
655 4447 752 4517 τῆς
815 4447 1099 4511 εὐσεϐείας
1159 4448 1535 4516 θεράποντεςο
1579 4448 1751 4514 ἔγνων
1801 4447 1932 4514 γὰρ,

362 4543 538 4608 ἔγνων
571 4543 670 4604 τὰς
721 4542 812 4610 ὑφ’
873 4542 1026 4609 ὑμῶν
1067 4541 1434 4612 τυρευομένας
1475 4539 1797 4602 ἐπιϐουλάς*
1841 4542 1934 4591 καί

366 4634 591 4687 σπεύδω
647 4635 742 4687 καὶ
794 4635 937 4703 αὐτὴ
995 4633 1102 4685 τῶν
1157 4634 1287 4686 ἰσων
1347 4633 1575 4694 ἐκείνοις
1637 4629 1932 4699 ἀξιωθῆναι

363 4724 567 4793 γερῶν,
625 4723 712 4776 ἵνα
761 4726 836 4792 μὴ
896 4722 1126 4774 κατόπιν
1175 4722 1376 4789 δρόμου
1431 4724 1772 4789 γεγενημένη
1836 4719 1934 4788 τῆς

363 4815 522 4884 παρὰ
552 4815 669 4884 Θεῷ
697 4815 850 4882 δόξης
874 4814 1123 4882 ἁμάρτω.
1160 4813 1233 4866 Τὸ
1287 4812 1342 4864 δὲ
1391 4812 1602 4864 παιδίον
1630 4811 1708 4874 τί,
1771 4811 1930 4880 φησί,

369 4907 492 4976 μεθ’
522 4907 719 4975 ἑαυτῆς
758 4906 935 4972 ἄγεις,
971 4905 1124 4968 αὖθις
1155 4905 1184 4957 ό
1241 4904 1487 4973 ὕπαρχος
1545 4905 1823 4975 ἀνηρώτα.
1870 4905 1933 4957 Ἦ

364 5002 450 5063 δὲ,
490 4999 606 5050 ’Ὶνα
633 5000 726 5051 καὶ
757 4999 888 5050 αὐτὸ
913 4997 1012 5066 τῆς
1065 5001 1184 5067 ῐσης
1214 4997 1472 5067 ἀξιωθείη
1530 5003 1716 5066 τιμῆς,
1765 5015 1935 5064 μετα-

371 5091 498 5160 σχὸν
531 5091 638 5141 τῶν
701 5088 912 5142 παθῶν.
971 5089 1358 5155 Καταπλαγεὶς
1414 5088 1471 5140 δὲ
1520 5088 1620 5155 τῆς
1683 5087 1929 5157 ἀνδρείας

365 5185 581 5250 ἐκείνης
609 5181 708 5252 τὴν
734 5183 1108 5249 γενναιότητα,
1144 5183 1239 5234 καὶ
1269 5183 1332 5233 ὲκ
1379 5181 1583 5250 ταύτης
1612 5179 1710 5248 τὴν
1763 5180 1934 5231 ἁπαν-

363 5295 477 5331 των
505 5278 925 5346 τεκμηράμενος
947 5274 1279 5344 προθυμίαν,
1305 5276 1381 5336 είς
1404 5274 1470 5325 τὰ
1496 5272 1739 5342 βασίλεια
1794 5271 1929 5323 καθ-

438 5438 518 5506 (Ι)
560 5433 928 5506 Theod._eod.
962 5449 1062 5502 cap
1120 5433 1206 5506 l6.

435 5503 514 5576 (-2.)
551 5507 743 5576 Λύκος.
766 5504 961 5573 Lycus,
983 5505 1262 5571 proprium
1287 5518 1418 5576 resse
1443 5503 1553 5576 hoc,
1583 5504 1704 5557 loco
1732 5518 1928 5557 nomen

363 5574 548 5645 potest
587 5592 600 5625 :
634 5575 834 5640 alioqui
873 5575 1032 5633 λύκος
1062 5576 1224 5640 lupus
1257 5575 1462 5629 Graecis
1505 5574 1727 5637 dicitur,
1767 5583 1824 5627 ct
1850 5590 1930 5628 sic

369 5648 754 5714 appellativum
785 5657 853 5695 ιω
881 5673 889 5692 ι
914 5659 982 5697 en
1021 5645 1200 5694 inurit.

2037 4465 2201 4522 atque
2243 4453 2310 4507 ad
2358 4470 2471 4506 rem
2521 4454 2697 4524 magni
2742 4451 3015 4507 momenti
3057 4459 3404 4520 properaret,
3452 4465 3599 4500 ruin-

2037 4551 2280 4610 pentem.
2315 4543 2446 4596 Eam
2471 4545 2628 4612 jussu
2672 4557 2773 4596 suo
2803 4540 3279 4608 comprehensam.
3311 4537 3602 4602 cujusnam

2039 4631 2117 4685 rei
2162 4631 2335 4700 gratia
2380 4640 2663 4700 tantOpere
2710 4630 3038 4693 festinaret,
3089 4627 3407 4692 inter-rogat.
3457 4623 3601 4675 Tum

2040 4724 2127 4777 illa
2161 4725 2274 4792 (3):
2322 4723 2380 4776 ιιι
2429 4737 2680 4793 campum
2727 4736 2890 4782 eum,
2927 4718 3139 4788 inquit,
3193 4718 3248 4769 in
3291 4730 3401 4782 quo
3446 4727 3607 4766 vera!

2037 4813 2260 4882 pietatis
2281 4813 2524 4867 cultores
2547 4821 2678 4866 sunt
2702 4810 3038 4880 congregati.
3073 4806 3234 4878 ιω
3260 4806 3395 4861 Novi
3425 4805 3597 4869 enim,

2035 4916 2091 4960 et
2138 4913 2289 4960 certo
2335 4905 2464 4958 novi
2517 4913 2730 4958 vestras
2781 4917 2918 4970 quas
2968 4901 3185 4955 strnitis
3233 4898 3500 4950 insidias:
3543 4902 3602 4947 et

2035 5007 2330 5063 prOpterea
2364 5010 2431 5048 eo
2463 4994 2654 5047 venire
2683 5007 2938 5062 propero,
2977 5000 3038 5043 ut
3065 4990 3293 5059 aequalia
3330 5003 3452 5041 cuin
3490 4986 3614 5038 illis

2035 5104 2346 5156 consequar
2383 5089 2603 5156 praemia
2631 5125 2645 5150 ,
2699 5103 2766 5141 ne
2820 5085 3031 5140 scilicet
3079 5099 3245 5139 cursu
3281 5081 3615 5135 intermisso-

2037 5181 2247 5236 tardius
2289 5181 2527 5242 vadens,
2572 5179 2745 5248 gloria
2791 5194 2912 5247 qua:
2946 5193 2976 5231 a
3014 5178 3124 5230 Deo
3167 5185 3289 5238 est,
3323 5171 3608 5227 excidat-na

2035 5273 2272 5328 Puerum
2308 5282 2491 5326 autem
2527 5271 2849 5342 (praefectus
2882 5269 3190 5339 subinl‘ert)
3227 5265 3357 5336 quid
3408 5264 3482 5317 ita
3514 5273 3598 5316 te-

2107 5432 2185 5499 (5)
2222 5432 2448 5485 Animus
2475 5431 2621 5484 enim
2655 5428 2840 5483 divina
2885 5426 3231 5481 aemulatione
3271 5433 3607 5499 succensusr

2036 5493 2334 5557 humanum
2391 5517 2498 5554 non
2543 5502 2688 5569 capit
2740 5509 2969 5569 metum,
3019 5499 3112 5549 sed
3131 5493 3607 5569 _terricnlamental

2035 5573 2346 5693 οηιιιὶιέϋρνυ
2383 5575 2497 5624 risu
2540 5563 2703 5624 habet
2745 5578 2804 5622 et
2858 5567 3094 5620 ludicro.
3131 5563 3341 5617 Theod.
3383 5563 3480 5615 lib.
3519 5574 3604 5624 iv,

2035 5659 2154 5693 can.
2187 5650 2205 5667 °
2263 5680 2273 5691 .
3579 5640 3604 5655 ο

2035 5659 2154 5710 cap.
2187 5650 2273 5693 2t}.
