3986 6190
510 266 578 322 bi.‘
583 266 614 324 9

1694 277 2115 344 NllIEPHOliI
2155 286 2496 349 GALLIS“

3581 308 3667 376 lito

505 394 629 434 cum
667 378 857 433 ducis?
889 380 955 435 Et
990 398 1203 436 rursum
1237 383 1327 437 illa
1362 402 1377 439 :
1415 385 1482 443 Ut
1515 396 1569 442 et
1605 389 1753 458 ipse,
1791 393 1903 452 ait.
1941 406 2052 463 post

2183 401 2492 470 υπέστρεφε
2523 420 2537 435 ·
2563 401 2656 458 καὶ
2687 408 3089 477 κοινωσάμενος
3122 407 3269 483 αύτῷ
3295 409 3502 484 βασιλεῖ,
3523 421 3672 477 ἔπειθε

504 470 850 524 atllictiouem
887 481 943 525 et
979 489 1278 527 :rrumuam
1317 476 1602 532 toleratam
1627 521 1641 542 ,
1686 482 1910 538 honoris
1948 487 2068 555 ejus

501 562 776 632 particeps
810 563 921 615 fiat.
961 564 1052 617 llle
1085 565 1270 620 animo
1305 567 1370 622 ad
1412 580 1520 623 tam
1558 586 1879 640 generosam
1912 576 2068 631 forti-

500 653 743 707 tudinem
781 654 1031 708 mulieris
1063 665 1487 724 consternatus,
1523 661 1615 716 ubi
1651 679 1717 718 ex
1751 668 1870 737 ejus
1903 670 2065 724 unius

500 743 726 795 aliorum
760 744 1006 797 omnium
1039 748 1371 816 conjecisset
1402 751 1764 819 alacritatem,
1793 757 1858 809 ad
1893 758 2064 826 impe-

499 832 686 886 rialcm
734 831 957 887 domum
1007 851 1262 892 reversus
1287 879 1301 904 ,
1334 840 1652 909 imperatori
1690 861 1803 898 rem
1840 861 2059 901 onmem

496 920 783 986 iudicavit,
815 933 868 976 et
901 933 960 978 ut
989 941 1020 978 a
1053 928 1286 982 consilio
1320 940 1609 1000 cmptoque
1640 950 1741 988 suo
1772 935 2063 992 desisteret

495 1010 668 1064 suasit
703 1030 716 1065 :
768 1021 982 1082 turpem
1020 1027 1076 1070 et
1119 1019 1405 1074 adversam
1453 1023 1644 1078 dicens
1679 1041 1746 1079 ex
1785 1027 1875 1080 tali
1919 1029 2060 1082 iacto

495 1113 920 1158 cousecuturam
967 1106 1184 1171 faniam,
1233 1120 1399 1178 atque
1447 1110 1844 1169 Edesseuorum
1891 1118 2061 1173 nihilo

496 1192 671 1261 magis
728 1195 1068 1252 alacritatem
1120 1205 1455 1257 exstinctum
1510 1205 1598 1260 iri.
1657 1208 1852 1263 Verbis
1908 1210 2059 1266 hisce

2177 489 2252 559 μὴ
2293 491 2375 552 είς
2403 492 2571 560 πέρας
2614 495 2768 561 ἄγειν
2799 497 2865 550 τὰ
2921 499 3150 562 δόξαντα
3180 516 3196 531 ο
3245 505 3544 574 αἰσχρότητα
3586 513 3673 581 γὰρ

2173 574 2314 632 εἶναι
2344 582 2407 634 ὲκ
2435 583 2529 635 τοῦ
2563 586 2845 654 δρωμένου
2894 589 2990 640 καὶ
3025 590 3307 646 δύσκλειαν
3339 610 3353 624 ο
3387 597 3582 661 ἐκείνοις
3609 603 3671 667 δὲ,

2172 671 2244 740 μὴ
2276 673 2494 740 ἐφικτὸν
2521 669 2681 742 εἶναι,
2717 677 2910 731 σϐέσαι
2947 679 3046 749 τὴν
3093 683 3411 752 προθυμίαν.
3444 687 3582 739 Ταῦτ’
3613 692 3675 742 εἰ-

2168 759 2307 823 πὼν,
2333 764 2395 816 τὸ
2416 763 2618 833 πλῆθος
2672 768 2967 836 ἀπείρατον
3021 770 3277 840 διετήρει.
3311 773 3668 846 Λοιδορησάμε-

2169 868 2259 913 νος
2291 852 2336 904 δ’
2362 853 2567 918 ἐκεῖνος
2589 857 2680 909 τὸν
2703 857 2947 928 ὕπαρχον
2977 863 3071 914 καὶ
3127 864 3235 926 πὺξ
3257 866 3468 930 παίσας,
3499 870 3611 924 ἀλλά
3626 889 3675 939 γε

2169 941 2298 1005 τοὺς
2326 944 2666 1014 ἡγουμένους
2721 949 2813 1002 τοῦ
2868 952 3110 1022 πλήθους
3163 958 3478 1025 προσέταττε
3523 963 3678 1036 συλλη-

2171 1032 2488 1107 φθέντας,ἢ
2533 1040 2609 1108 τῷ
2658 1041 2846 1112 Λύκῳ,
2897 1048 2992 1100 καὶ
3036 1046 3097 1098 ού
3154 1049 3395 1116 ποιμένι,
3443 1059 3676 1109 κοινωνεῖν

2168 1124 2408 1191 ἑλέσθαι,
2439 1128 2472 1199 ἢ
2507 1128 2700 1186 θᾶττον
2727 1134 2828 1202 τῆς
2856 1136 3063 1202 πόλεως
3084 1138 3308 1210 ἀπελᾷν,
3348 1142 3435 1194 καὶ
3457 1145 3537 1196 ἐπί
3556 1163 3675 1211 τινας

2167 1216 2425 1284 ἐσχατιὰς
2455 1221 2556 1287 γῆς
2583 1225 2997 1293 παραπέμπειν.

494 1287 842 1344 innumeram
895 1295 1308 1352 multitudinem
1354 1299 1645 1369 praefectus
1686 1308 2054 1360 conservavit.
2098 1307 2165 1362 At
2235 1311 2537 1377 imperator
2569 1317 2658 1371 ubi
2725 1318 2880 1373 illum
2911 1324 3326 1380 contumeliosis
3350 1328 3555 1382 vocibus
3579 1345 3677 1398 pro~

493 1383 694 1449 scidit,
729 1401 916 1456 pugno
950 1389 1113 1444 etiam
1157 1393 1398 1448 cecidit:
1469 1397 1840 1453 multitudinis
1918 1402 2282 1460 nihilominus
2327 1407 2497 1462 duces
2578 1415 3003 1482 comprehensos
3034 1419 3153 1487 cogi
3191 1422 3459 1490 praecepit,
3496 1433 3546 1475 ut
3605 1440 3681 1491 ιιι-ι’

493 1479 774 1547 οριὶοηεῐη
808 1483 891 1536 vel
924 1499 1046 1538 cum
1082 1486 1224 1557 Lyco
1255 1504 1351 1543 seu
1388 1491 1514 1560 lupo
1538 1536 1550 1558 ,
1586 1503 1641 1547 et
1709 1511 1813 1548 non
1846 1507 2089 1564 pastore,
2129 1503 2602 1560 communicarent
2634 1547 2650 1571 ,
2698 1509 2784 1562 vel
2873 1511 3010 1565 citra
3065 1528 3271 1566 morali
3326 1515 3452 1570 urbe
3493 1517 3680 1570 excede-

497 1583 647 1642 rent,
682 1584 848 1648 atque
871 1579 938 1634 ad
975 1582 1195 1638 ultimas
1225 1599 1350 1641 oras
1382 1588 1688 1644 exsulatum
1719 1591 1884 1645 irent.

1011 1686 1018 1692 “
1047 1695 1271 1752 CAPUT
1309 1695 1501 1752 XXIII.

2724 1711 2971 1767 ΚΕΦᾹΛ.
3030 1714 3156 1768 Kl".

497 1777 584 1872 De.
607 1779 824 1872 Eulogio
857 1793 904 1836 et
922 1783 1241 1872 Protogene,
1261 1797 1316 1842 ut
1339 1791 1616 1872 magniﬁce
1633 1809 1726 1858 pro
1745 1793 1860 1872 fide
1887 1765 2052 1872 decer-

2166 1794 2302 1872 IIepl
2344 1797 2638 1872 Einioﬂov
2686 1800 2784 1872 καὶ
2841 1765 3284 1870 Πρωτογένους,
3334 1805 3408 1868 ὡς
3438 1807 3568 1872 ὑπὲρ
3592 1808 3676 1872 τῆς

567 1853 790 1926 {aruerint
815 1868 834 1906 :
871 1861 936 1926 ‘et
995 1863 1051 1906 ut
1096 1853 1215 1920 post
1266 1853 1492 1912 reditu'm
1518 1853 1605 1914 'ab
1633 1853 1828 1916 'ea‘silio
1857 1906 1869 1926 ,
1926 1867 2062 1919 alter

564 1917 802 2005 Fdessw,
827 1921 963 1975 alter
993 1917 1169 1978 autent
1195 1925 1376 1982 Curris
1400 1928 1643 1985 Ecclesia’
1675 1917 2059 2005 episcopi

565 1989 786 2054 fuerint.

566 2099 736 2156 Porro
775 2102 870 2156 ubi
905 2106 1194 2174 praefectus
1250 2111 1371 2166 illos
1425 2129 1617 2170 omnes
1645 2131 2055 2188 congregasset,

494 2188 846 2257 imperatoris
894 2196 1146 2251 mandata
1183 2198 1235 2253 in
1293 2202 1534 2257 medium
1569 2208 1814 2274 protulit,
1847 2209 2058 2264 leuibus

494 2289 657 2335 uteus
694 2284 893 2344 verbis,
962 2288 1336 2361 stolidumque
1395 2308 1517 2348 esse
1547 2295 1772 2362 dicens,
1813 2314 1908 2353 eos
1949 2308 2058 2354 tam

497 2358 700 2438 paucos
726 2383 782 2427 et
821 2375 1124 2435 imbecilles
1157 2382 1408 2438 homines
1447 2397 1638 2441 contra
1669 2388 2055 2458 imperatorem

493 2471 724 2527 tantum,
753 2476 809 2519 et
839 2475 918 2521 tot
949 2473 1164 2539 populis
1203 2475 1561 2544 imperantem
1609 2480 1728 2535 niti.
1754 2480 1834 2534 Illi
1870 2493 2054 2537 autem

494 2555 646 2608 taciti
680 2572 870 2614 omnes
902 2565 1218 2631 constitere,
1266 2569 1323 2623 in
1356 2569 1553 2625 ducem
1584 2587 1742 2626 suum
1771 2573 2056 2644 (Eulogius

492 2645 542 2700 is
569 2657 708 2712 erat,
753 2651 837 2702 vir
864 2651 974 2705 vita
1010 2654 1172 2710 simul
1204 2665 1258 2711 et
1293 2659 1538 2714 doctrina
1583 2663 1905 2734 condignam
1939 2667 2051 2719 lau-

491 2739 616 2793 dem
643 2746 986 2818 consecutus)
1021 2760 1424 2818 respectantes.
1455 2755 1533 2809 Ad
1566 2755 1712 2812 hunc
1747 2757 1915 2821 igitur
1945 2759 2058 2813 Mo-

491 2828 678 2884 destus
709 2847 1032 2891 conversus:
1055 2838 1197 2904 Quid
1226 2841 1299 2896 ita
1327 2843 1565 2905 tandem.
1591 2847 1789 2915 inquit,
1813 2864 1845 2901 ο
1867 2865 2054 2915 senex,

493 2933 601 2972 non
660 2925 1000 2993 respondes?
1051 2931 1236 2998 Atqui,
1295 2935 1580 3003 respondit
1629 2937 1740 3004 ille,
1788 2956 2054 3012 responso

2234 1867 2888 1938 :u'otswcjhjwrjla'arto
2910 1887 2925 1900 '
2959 1867 3061 1925 κιιὶ
3101 1867 3247 1938 μετὰ
3288 1867 3398 1937 τὴν
3426 1867 3676 1928 mai-cem?

2232 1937 2280 2012 ei
2294 1935 2409 2012 μέγ
2440 1934 2550 2012 τῆς
2586 1935 2987 2012 Ἐςῖεσᾳηνῶν.
3030 1934 3410 2012 Πρωτογένης
3431 1944 3490 1996 δὲ
3510 1945 3601 2012 τῆς
3625 1949 3677 1998 ἐν

2233 2003 2490 2070 Καῤῥαῐς
2513 2003 2855 2073 ἐκκλησίας
2892 2003 3308 2077 προέστησαν.

2245 2117 2397 2169 Ἐπεὶ
2418 2118 2474 2171 δὲ
2503 2121 2706 2182 πάντας
2727 2120 2990 2189 ἀθροίσας
3015 2121 3085 2175 τὰ
3119 2123 3196 2192 τῷ
3217 2123 3424 2190 βασιλεῖ
3454 2142 3677 2194 προπατ-

2159 2209 2360 2278 τόμενα
2387 2213 2464 2272 είς
2496 2213 2659 2280 μέσον
2685 2213 2872 2278 ἐτίθει,
2904 2215 3092 2284 ηπίοις
3121 2218 3197 2271 τὰ
3237 2218 3423 2287 πρῶτα
3443 2221 3678 2288 χρώμενος

2160 2300 2339 2368 λόγοις
2370 2319 2384 2332 ο
2420 2303 2630 2373 ἠλίθιον
2689 2305 2796 2373 γὰρ
2843 2301 2980 2360 εἶναι
3031 2308 3190 2377 ἔλεγε
3239 2309 3440 2378 βασιλεῖ
3482 2311 3678 2379 τοσούτῳ

2160 2397 2255 2448 καὶ
2286 2395 2560 2448 τοσούτων
2601 2398 2952 2468 κατάρχοντι,
2988 2399 3347 2470 βραχυτάτοις
3374 2400 3530 2464 οὕτως
3564 2403 3680 2454 ἀντι-

2157 2487 2356 2540 τείνειν
2381 2488 2720 2556 ἀνθρὼποις’
2747 2490 2823 2552 ῶς
2847 2490 2890 2542 δ’
2919 2489 3158 2556 ἅπαντες
3179 2494 3238 2545 ὲν
3271 2496 3390 2562 σιγῇ
3415 2489 3555 2563 ἦσαν,
3569 2496 3677 2557 πρὸς

2158 2581 2250 2631 τὸν
2302 2581 2506 2633 τούτων
2562 2581 2863 2650 ἡγούμενον
2911 2583 3228 2652 ἀφορῶντες
3267 2585 3525 2655 (Εὑλόγιος
3546 2585 3678 2646 οὗτος

2157 2664 2246 2738 ἦν,
2265 2669 2402 2738 ἀνὴρ
2418 2667 2515 2739 βίῳ
2533 2672 2624 2721 καὶ
2643 2669 2787 2740 λόγῳ
2811 2671 2870 2722 τὸ
2897 2671 3214 2736 ἀξιέπαινον
3227 2672 3407 2743 Exora)‘
3427 2676 3452 2724 ό
3471 2672 3675 2741 ὕπαρχος

2158 2758 2291 2824 πρὸς
2311 2761 2513 2811 ἐκεῖνον
2534 2761 2814 2829 στραφεὶς,
2831 2761 2969 2830 Τίδή
2993 2779 3145 2828 ποτε,
3161 2762 3287 2834 ἔφη,
3307 2763 3582 2831 πρεσϐύτα,
3597 2764 3679 2814 οὐκ

2156 2851 2462 2924 ἀποκρίνῃ;
2501 2852 2582 2904 Ὀ·
2631 2852 2708 2918 δὲ,
2749 2855 2861 2906 Ούκ
2915 2853 3098 2923 οἴομαι
3158 2855 3277 2908 δέον
3332 2851 3486 2920 εἶναι,
3540 2855 3679 2924 μηδὲν

2157 2941 2529 3012 ἐρωτώμενος,
2559 2945 2976 3015 ἀποκρίνεσθαι.
3015 2947 3130 3000 Καὶ
3184 2947 3291 3019 μὴν
3333 2950 3542 3011 ἐκεῖνος,
3570 2947 3678 2998 [Ιολ-

492 3011 630 3064 nihil
657 3029 796 3082 opus
845 3034 987 3086 esse,
1019 3023 1114 3090 qui
1160 3024 1528 3095 interrogatus
1573 3045 1682 3084 non
1718 3046 1920 3098 essem,
1954 3050 2052 3102 pu-

2156 3011 2299 3096 λοὺς,
2333 3035 2484 3102 φησὶ,
2517 3011 2866 3104 διεξελήλυθα
2890 3037 3107 3103 λόγους,
3140 3011 3211 3091 tit
3247 3011 3544 3091 συνοίσοντα
3571 3038 3678 3106 ὑμῖν

490 3102 622 3156 lavi.
655 3105 892 3161 Rursum
917 3111 1209 3178 praefectus
1246 3134 1261 3169 :
1295 3117 1460 3172 Multa
1501 3131 1649 3176 certe
1683 3123 1748 3176 ad
1787 3139 1903 3190 vos,
1933 3140 2052 3194 quae

2157 3125 2564 3195 εἰσηγούμενος.
2603 3128 2660 3184 Ὀ
2705 3102 2749 3179 δ’
2781 3102 3060 3195 Εύλόγιος,
3089 3130 3310 3184 Ἐκεῖνα
3337 3132 3433 3201 μὲν
3474 3102 3674 3201 πρὸςνᾰ-

492 3193 645 3246 utilia
693 3197 850 3252 vobis
892 3211 1096 3268 essent,
1153 3219 1470 3275 exponens,
1535 3213 1702 3267 verba
1742 3213 1865 3268 feci.
1915 3215 2052 3270 Tum

2157 3193 2363 3277 παντας
2386 3193 2631 3284 εἴρηταιο
2666 3217 2758 3270 καί
2791 3235 2855 3286 γε
2886 3193 3086 3272 ἄτοπον
3120 3219 3307 3291 ῷμην,
3333 3193 3454 3284 τοὺς
3479 3193 3675 3284 πολλοὺς

490 3283 754 3354 Eulogius
789 3306 801 3341 :
839 3287 933 3343 Illa
963 3293 1185 3360 quidem
1244 3297 1309 3351 ad
1369 3303 1654 3358 universos
1705 3318 1832 3360 sunt
1886 3306 2051 3361 dicta.

2155 3283 2594 3377 παρωσάμενος,
2641 3283 2814 3363 αὐτὸν*
2882 3283 3342 3382 ἀποκρίνασθαι-ο
3387 3283 3444 3367 εί
3499 3315 3539 3367 δ’
3599 3315 3679 3382 ἐμὲ

489 3373 602 3443 Ego
624 3387 805 3432 autem
839 3380 1082 3451 ineptum
1115 3400 1234 3441 esse
1271 3391 1598 3457 existimavi,
1636 3398 1678 3448 si
1717 3396 1898 3451 multis
1921 3399 2052 3469 reje-

2159 3373 2318 3463 μόνον
2363 3373 2531 3466 ἔροιο,
2562 3400 2622 3451 τὸ
2672 3400 2868 3452 δοκοῦν
2897 3373 3060 3466 εὐθύς
3115 3420 3204 3456 σοι
3240 3404 3477 3474 δηλώσω.
3519 3373 3678 3456 Καὶ-ὁ

487 3467 610 3531 ctis,
644 3469 758 3537 ipse
791 3477 1197 3542 responderem.
1233 3481 1388 3552 145
1445 3483 1600 3548 Quod
1639 3488 1682 3539 si
1742 3503 1830 3542 me
1873 3467 2054 3544 solum

489 3569 874 3623 percunctatus
908 3563 1096 3630 fueris,
1141 3569 1290 3623 illico
1331 3572 1426 3624 tibi
1489 3577 1819 3629 sententiam
1877 3592 2052 3632 meam

485 3661 778 3714 exponam.
811 3653 888 3707 Ibi
921 3659 1208 3724 praefectus
1243 3677 1257 3715 :
1295 3663 1434 3732 Ergo
1469 3672 1527 3716 ut
1566 3681 1690 3718 cum
1727 3668 2054 3736 imperatore

492 3737 590 3789 ubi
658 3746 973 3799 communio
1025 3747 1116 3810 sit,
1169 3750 1355 3804 facito.
1400 3771 1419 3802 ι
1453 3753 1713 3824 Eulogius
1765 3770 1892 3810 vero
1939 3771 2054 3810 ma-

489 3843 592 3895 gna
624 3845 747 3884 cum
783 3837 952 3902 gratia
985 3837 1162 3894 facete
1189 3841 1483 3897 admodum
1527 3845 1777 3900 arridens
1803 3862 1816 3899 :
1842 3843 2052 3901 «Offert

487 3922 657 3988 enim,
717 3926 916 3998 inquit,
949 3941 1003 3986 et
1063 3948 1170 3988 una
1213 3949 1339 3989 eum
1393 3937 1628 4006 imperio
1682 3939 2051 3994 sacerdotium

485 4030 706 4085 quoque
753 4021 980 4076 sortitus
1024 4033 1110 4080 est
1150 4027 1246 4097 (l):
1284 4047 1304 4078 ι
1337 4028 1538 4083 Verum
1575 4031 1663 4084 ille
1696 4030 1963 4086 irouicum
1994 4041 2085 4111 et.

484 4111 885 4167 amarulentum
924 4116 1129 4171 dictum
1161 4121 1428 4184 sentiens,
1463 4124 1701 4191 graviter
1720 4125 1770 4178 id
1809 4125 1968 4189 tulit,
1993 4133 2051 4180 et

479 4201 643 4273 jactis
675 4205 724 4256 in
757 4221 942 4260 senem
973 4212 1265 4277 conviciis,
1311 4214 1376 4268 ad
1412 4215 1515 4269 alia
1547 4215 1662 4270 haec
1696 4216 1920 4286 inSUper
1951 4217 2050 4271 ad-

481 4293 670 4350 didit:
737 4312 758 4348 ι
799 4297 914 4352 Non
967 4299 1070 4354 hoc
1126 4302 1260 4366 dixi,
1314 4304 1542 4358 attonito
1588 4316 1643 4360 et
1701 4308 1890 4373 stulte,
1948 4307 2046 4363 sed

2156 3485 2419 3557 ὕπαρχος,
2453 3490 2662 3560 Τοιγάρ
2687 3509 2771 3544 τοι
2806 3492 3019 3561 βασιλεῖ
3043 3497 3376 3564 κοινωνῆσαι
3402 3496 3536 3557 ἑλοῦ,
3558 3499 3583 3547 ό
3611 3495 3675 3560 δὲ,

2153 3578 2383 3640 ἀστείως
2417 3580 2560 3648 μάλα
2601 3581 2696 3634 καὶ
2729 3582 2972 3652 χαρίεντι
2999 3585 3074 3652 τῷ
3103 3586 3228 3656 me:
3261 3586 3674 3658 προσμειδιάσας,

2152 3669 2460 3740 Προσφὲρει
2515 3672 2649 3738 γὰρ,
2697 3673 2828 3741 ἔφη,
2862 3677 2957 3727 καὶ
2993 3677 3133 3746 μετὰ
3173 3679 3273 3748 τῆς
3314 3677 3567 3748 βασιλείας
3600 3679 3678 3729 καὶ

2149 3760 2209 3811 τὸ
2247 3762 2493 3829 ἱερᾶσθαι
2548 3764 2919 3834 κεκλήρωται.
2967 3784 2985 3817 ι
3033 3767 3098 3820 '0
3153 3769 3214 3823 δὲ
3269 3769 3510 3839 χαλεπῶς
3537 3771 3675 3836 εἰρω-

2149 3849 2296 3910 νείας
2345 3849 2761 3920 ἐπῃσθημένος,
2820 3853 3280 3928 λοιδορησάμενος
3320 3859 3376 3912 δὲ
3413 3859 3485 3929 τῷ
3531 3875 3674 3927 πρεσ·

2149 3937 2311 4010 ϐύτῃ,
2348 3941 2486 4010 πρὸς
2509 3943 2623 4004 τοῖς
2654 3943 2840 4007 ἄλλοις
2887 3947 2980 3998 καὶ
3030 3946 3209 4001 ταῦτα
3234 3950 3535 4020 ἐπήγαγεν·
3563 3967 3580 4000 ι
3612 3949 3674 4001 0-3

2146 4026 2310 4082 τοῦτο
2349 4026 2528 4098 εἷπον,
2569 4032 2930 4106 ἐμϐρόντητε,
2955 4037 3092 4090 ἀλλὰ
3115 4040 3438 4109 κοινωνῆσαι
3467 4034 3538 4102 οἷς
3563 4041 3676 4091 ἐκεῖ·

2148 4135 2235 4180 νος
2260 4119 2583 4184 ἐπισκόποις
2643 4123 2881 4178 κελεύει.
2909 4124 3051 4178 Ἀλλ’
3089 4126 3224 4195 ἐγὼ,
3255 4131 3416 4197 φησιν
3453 4132 3476 4181 ό
3531 4143 3672 4197 πρεσ-

2147 4209 2336 4280 ϐύτης,
2393 4211 2489 4264 καὶ
2521 4213 2780 4282 ποιμένος
2834 4215 2935 4269 οὐκ
2965 4215 3203 4288 ἄμοιρος
3228 4236 3244 4250 ο
3281 4215 3340 4273 οὗ
3393 4221 3485 4288 τῆς
3517 4220 3670 4286 φωνῆς

2147 4301 2220 4363 ὡς
2263 4301 2492 4369 γνησίας
2528 4303 2933 4373 ὲπῃσθημένος,
2966 4307 3060 4359 καὶ
3093 4311 3211 4372 τοῖς
3245 4310 3450 4362 ἐκείνου
3497 4310 3673 4376 δόγμα-

481 4387 890 4441 commuuicare
921 4397 971 4443 te
1001 4390 1202 4446 debere
1227 4433 1242 4458 ,
1275 4409 1399 4448 cum
1424 4395 1622 4463 quibus
1649 4398 1738 4452 ille
1773 4401 2041 4469 prwcipit,

2154 4408 2234 4444 σιν
2257 4391 2501 4462 ἕπομαιο
2532 4395 2626 4448 καὶ
2658 4395 2719 4447 ού
2751 4397 2857 4467 χρή
2894 4413 2984 4466 μοι
3015 4401 3115 4466 τῆς
3165 4401 3423 4471 τοιαύτης
3471 4402 3668 4469 ωσερὶς

479 4479 778 4548 episcopis.
817 4480 884 4534 At
913 4497 1038 4550 ego,
1063 4483 1259 4552 inquit,
1289 4495 1344 4540 et
1369 4501 1533 4542 senex
1563 4503 1705 4554 sum,
1735 4498 1790 4544 et
1814 4494 2044 4560 pastoris

481 4583 589 4623 non
628 4585 822 4641 expers
857 4589 870 4628 :
902 4576 1058 4642 cujus
1085 4591 1274 4630 vocem
1324 4585 1385 4632 ut
1430 4593 1744 4647 germanam
1773 4581 2042 4652 intelligo,

475 4669 534 4714 et
557 4661 858 4717 doctrinam
888 4679 1111 4735 sequor,
1143 4682 1321 4738 neque
1353 4669 1485 4723 mihi
1523 4681 1628 4723 tam
1657 4673 1965 4740 perniciosa
1986 4684 2044 4730 et

479 4752 738 4820 pestifera
779 4755 949 4810 herba
974 4773 1108 4828 Opus
1134 4771 1239 4814 est.
1282 4779 1300 4813 ι
1331 4761 1492 4816 Hisce
1523 4763 1707 4817 verbis
1748 4763 1932 4819 furore
1959 4767 2042 4822 ln-

475 4856 695 4907 ccnsus,
724 4845 977 4899 celeriter
999 4849 1273 4918 octoginta
1313 4866 1376 4904 ex
1415 4852 1496 4906 eis
1537 4846 1630 4921 qui
1665 4853 2035 4909 multitudinis

474 4943 662 4987 essent
683 4937 831 4991 velut
857 4939 1125 4996 columna:
1150 4982 1165 5007 ,
1199 4945 1627 5014 comprehensos
1665 4945 1720 5000 in
1743 4933 2032 5000 Thraciam

477 5026 758 5096 relegavit.
794 5031 972 5100 Atque
1017 5033 1094 5087 illi
1146 5037 1310 5090 vincti
1343 5038 1765 5102 circumeuntes,
1807 5039 2037 5109 benigne

473 5133 504 5175 ει
540 5119 726 5174 multis
747 5130 875 5175 sunt
897 5125 1095 5178 curati.
1123 5124 1238 5180 Vici
1273 5128 1419 5182 enim
1457 5138 1514 5183 et
1555 5130 1806 5184 civitates
1831 5129 1911 5183 eis
1939 5130 2040 5185 ob-

474 5207 618 5262 viam
657 5211 1092 5280 progredientes,
1117 5224 1372 5286 tanquam
1410 5234 1554 5273 verae
1595 5219 1819 5288 pietatis
1842 5219 2039 5274 defen-

475 5301 697 5356 soribus
749 5302 994 5359 debitum
1063 5309 1438 5375 praestiterunt
1513 5310 1801 5364 honorem.
1867 5310 2040 5367 Porro

471 5390 680 5452 invidia
727 5407 1006 5463 nunquam
1038 5411 1148 5451 non
1187 5397 1358 5452 aciem
1382 5397 1679 5466 instruens,
1697 5400 1764 5456 ad
1802 5400 2042 5471 impera-

2149 4479 2284 4542 πόας
2313 4480 2406 4533 καὶ
2438 4479 2760 4552 Θανασίμου.
2813 4503 2832 4534 ι
2881 4485 3106 4549 Τούτοις
3141 4489 3459 4558 ἀναφλεγεὶς
3489 4491 3558 4550 είς
3588 4489 3668 4539 θυ-

2151 4572 2274 4642 μὸν,
2310 4571 2505 4626 θᾶττον
2535 4575 2872 4644 ὀγδοήκοντα
2899 4577 3108 4632 τούτων
3143 4581 3436 4646 συλλαϐὼν,
3465 4578 3665 4634 ὅσοιτοῦ

2147 4663 2388 4739 πλήθους
2437 4661 2578 4736 ἦσαν
2623 4666 2815 4738 ὥσπερ
2850 4670 3220 4739 στηρίγματα,
3283 4673 3414 4742 πρὸς
3469 4672 3662 4742 Θρᾴκην

2144 4755 2478 4826 ἐξέπεμπεν.
2542 4758 2608 4812 Oi
2668 4760 2726 4814 δὲ
2773 4761 2984 4832 δέσμιοι
3031 4763 3282 4830 διιόντες,
3329 4764 3516 4832 πολλῆς
3543 4777 3664 4823 τινος

2139 4849 2419 4918 ἁπήλαυον
2446 4850 2546 4920 τῆς
2592 4853 2923 4922 κηδεμονίας
2943 4870 2957 4884 ·
2987 4856 3080 4908 καὶ
3109 4856 3294 4926 κῶμαι
3323 4857 3428 4927 γὰρ
3477 4857 3561 4910 καὶ
3585 4855 3662 4906 πό-

2140 4940 2250 5002 λεις
2279 4939 2522 5005 ἑξιοῦσαι
2558 4946 2981 5014 προσυπήντων,
3041 4947 3117 5010 ὡς
3156 4949 3434 5010 εὐσεϐείας
3473 4944 3659 5017 προμά-

2141 5048 2258 5102 κοις
2280 5033 2341 5084 τδ
2374 5035 2520 5097 εἰκὸς
2547 5036 2942 5105 ἀφοσιούμεναι
2975 5041 3164 5110 γέρας.
3209 5040 3267 5094 '0
3299 5042 3352 5094 δὲ
3385 5041 3559 5108 φθόνος
3588 5038 3660 5089 ἀεὶ

2141 5127 2480 5192 στρατεύων,
2513 5128 2594 5190 εἰς
2618 5129 2845 5198 βασιλέα
2876 5131 3068 5184 θᾶττον
3094 5134 3361 5202 ἀπέτρεχε
3384 5149 3397 5163 ο
3427 5133 3512 5184 καὶ
3539 5147 3660 5197 παμ-

2141 5215 2366 5284 πόλλης.
2399 5217 2574 5287 ἔλεγε,
2603 5221 2861 5292 πρόξενος
2888 5225 3055 5293 τιμῆς
3079 5226 3314 5292 ἐγεγόνει
3345 5224 3376 5292 η
3409 5221 3527 5291 παρ’
3553 5221 3658 5288 ὑμῖν

2141 5307 2463 5375 νομισθεῖσα
2519 5310 2707 5382 ἐξορία
2739 5317 2854 5379 τοῖς
2910 5316 3244 5380 καταδίκοις.
3279 5317 3344 5368 '0
3399 5315 3460 5383 δὴ
3497 5310 3656 5382 μαθὼν

2141 5401 2372 5467 ἐκεῖνος,
2432 5403 2574 5456 κατὰ
2625 5404 2718 5457 δύο
2782 5405 3120 5477 διαιρεθῆναι
3177 5407 3532 5477 προστάττει·
3579 5401 3656 5452 καὶ

560 5573 636 5661 μ)
660 5574 819 5661 Αριιὰ
851 5577 1182 5661 Theodoret.
1210 5581 1416 5638 dictum
1467 5582 1570 5641 hoc
1601 5599 1700 5656 per
1745 5583 2228 5656 interrogationem
2257 5586 2521 5646 elfertur:
2584 5588 2667 5642 An
2693 5603 2814 5643 cum
2872 5591 3094 5661 imperio
3128 5588 3468 5660 episcopatum
3521 5585 3656 5639 etiam

469 5644 778 5706 (viiit?l.ib.
809 5661 884 5715 tv,
918 5663 1035 5723 cap.
1071 5650 1156 5709 18.
