3986 6190
371 283 466 347 (iii

1297 283 1900 344 ECCLESMSTICE
1944 249 2336 346 utsrom/E
2378 285 2523 347 LIB.
2557 284 2658 347 xr.

3490 290 3594 353 6i?

373 407 494 465 τοὺς
549 400 650 470 μὲν
697 397 944 470 Θρᾴκην,
997 397 1124 462 τοὺς
1171 397 1504 469 δ”Λραϐίαν
1543 402 1634 454 καὶ
1696 401 1905 466 Θηϐαΐδι

2007 446 2012 461 ,
2044 410 2214 456 torem
2246 415 2369 454 mox
2401 399 2694 470 procurrit,
2731 406 2785 454 et
2818 397 3118 454 munitorum
3151 399 3421 458 honorum
3462 419 3594 459 cau-

365 495 552 557 οἰκεῖν,
583 491 679 545 καὶ
707 490 906 554 ἄλλους
928 491 1166 561 ἀλλαχοῦ
1200 492 1571 564 διασπαρῆναι
1604 497 1715 556 τοῖς
1740 495 1930 562 πολιχ-

365 585 517 645 νίοις.
556 583 619 636 Εἰ
649 581 705 635 δέ
741 598 845 634 που
861 583 954 634 καὶ
986 582 1206 650 ἀδελφοὶ
1247 585 1527 654 παρῆσαν,
1563 584 1656 637 ἀπ’
1684 583 1928 654 ἀλλήλων

361 674 558 726 δίστα.
589 672 849 738 Εύλόγιον
882 675 1068 742 μέντοι
1101 673 1197 726 καὶ
1217 675 1584 743 Πρωτογένην
1611 677 1678 727 τὰ
1697 674 1927 745 δεύτερα

363 766 488 834 μετ’
526 765 737 817 ἐκεῖνον
762 763 977 832 ἔχοντα,
1014 764 1093 826 είς
1125 765 1350 818 Ἀντινὼ
1387 767 1485 834 τὴν
1512 767 1766 836 Θηϐαίων
1794 766 1926 830 ἐξώ-

359 855 533 925 ριζεν.
561 853 706 923 Ὀση
735 853 778 906 δ’
801 852 1030 906 ἐκείνων
1062 855 1094 922 ἠ
1127 855 1319 923 ἀρετὴ,
1351 853 1600 908 ἐντεῦθεν
1642 856 1926 925 δειχθήσε-

356 963 469 997 ται.
526 943 678 997 Ἐπεὶ
737 945 846 1012 γὰρ
911 943 1197 1014 σύμφρονά
1243 961 1366 998 τινα
1419 946 1719 1000 ἐπίσκοπον
1767 940 1926 1017 εὗρον

355 1037 559 1098 ἐκεῖσε,
592 1038 874 1088 κοινωνεῖν
910 1036 1140 1100 εἴλοντο,
1170 1038 1268 1090 καὶ
1297 1037 1405 1090 τῶν
1452 1039 1924 1107 ἐκκλησιαστικῶν

356 1132 610 1198 μετεῖχον
642 1129 940 1197 συλλόγων.
974 1131 1205 1198 ’0,λίγων
1236 1131 1293 1184 δὲ
1353 1131 1559 1203 σφόδρα
1599 1133 1926 1203 ἁθροιζομέ-

352 1238 486 1284 νων,
522 1220 595 1282 ὡς
627 1221 876 1286 ἔγνωσαν
907 1221 1009 1290 τὴν
1052 1222 1256 1284 αἰτίαν,
1290 1221 1560 1290 Ἕλληνας
1597 1218 1736 1276 εἶναι
1776 1223 1925 1276 ὲποί⁸

350 1328 484 1374 κους
514 1312 615 1380 τῆς
643 1313 872 1376 πόλεως,
906 1314 973 1366 τὰ
1005 1315 1191 1366 εἰκότα
1228 1313 1326 1382 τῆς
1373 1315 1581 1380 πλάνης
1613 1315 1923 1386 θρηνήσαν-

347 1420 466 1465 τες,
491 1405 552 1456 ού
587 1403 699 1456 δεῖν
731 1405 994 1474 ἐνόμισαν
1023 1405 1184 1475 μέχρι
1206 1404 1300 1457 τοῦ
1330 1405 1602 1474 κόψασθαι
1633 1408 1919 1462 ἵστασθαι·

351 1494 478 1546 ἀλλ’
505 1495 580 1558 ὡς
624 1495 792 1557 είκὸς,
825 1495 922 1548 καὶ
967 1497 1066 1562 τῆς
1109 1496 1334 1550 ἐκείνων
1369 1497 1616 1567 ἰατρείας
1661 1500 1921 1568 φροντίδα

346 1585 595 1640 ἐποίουν.
630 1588 740 1640 Καὶ
778 1586 1037 1653 Εὑλόγιος
1071 1587 1171 1658 μὲν
1216 1590 1427 1661 οῖκιδίῳ
1457 1593 1652 1646 ἑαυτὸν
1698 1592 1920 1662 καθείρ‹

346 1674 470 1740 ξας,
533 1677 708 1746 ἡσυχῆ
770 1676 1038 1745 καθῆστο,
1095 1677 1186 1731 τὸν
1237 1680 1345 1734 τῶν
1395 1681 1536 1735 ὅλων
1581 1682 1917 1736 ὲκδυσωπῶν

2035 507 2148 546 sam
2189 507 2312 546 esse
2360 491 2517 556 dixit,
2562 490 2705 560 quod
2756 491 3132 547 condemnatis
3175 493 3423 547 exsilium
3476 495 3592 549 fore

2031 588 2334 648 putaretur.
2374 578 2670 648 imperator
2699 596 2757 634 re
2795 582 3034 650 cognita,
3065 580 3362 650 disgregari
3394 597 3511 648 ρος,
3537 595 3592 636 et

2031 671 2192 725 binos
2243 670 2439 740 partim
2500 671 2552 724 in
2603 671 2913 731 Thraciam,
2962 673 3159 739 partim
3214 673 3266 726 in
3310 674 3588 736 Arabiam,

2029 759 2293 828 quosdam
2327 761 2380 814 in
2413 759 2770 822 Thebaidem,
2811 769 2970 828 atque
3004 761 3139 816 alios
3172 762 3278 814 alio
3310 764 3362 815 in
3393 763 3588 830 nppida

2029 850 2262 920 dispergi
2295 850 2450 920 iussit
2484 853 2586 918 (l).
2642 850 2696 905 Si
2729 851 2821 920 qui
2861 852 3024 905 etiam
3077 853 3219 906 inter
3246 869 3341 907 eos
3393 853 3592 907 fratres

2027 951 2231 1006 essent,
2262 943 2496 1013 disjungi
2531 945 2744 998 curavit
2774 944 2872 1012 (2).
2907 943 3166 1012 Eulogius
3201 961 3352 1009 sane,
3382 956 3437 999 et
3458 946 3590 1000 Prn-

2028 1041 2272 1102 tngenes.
2293 1033 2384 1103 qui
2418 1035 2686 1088 secundas
2714 1035 2781 1088 ab
2815 1036 2908 1090 illo
2941 1035 3171 1101 ferebat,
3197 1038 3468 1091 Antinoen
3503 1039 3580 1106 (5)

2029 1122 2385 1178 Tltebzeorum
2471 1125 2726 1194 Oppidum
2804 1124 3072 1195 deportati
3143 1139 3288 1182 sunt.
3375 1130 3588 1194 Quanta

2026 1223 2208 1266 autem
2259 1215 2474 1268 illorum
2508 1216 2682 1270 virtus
2739 1215 2923 1279 fuerit,
2970 1217 3100 1272 illud
3138 1219 3414 1274 indicabit.
3447 1220 3586 1273 Cum

2026 1320 2262 1374 namque
2300 1310 2584 1361 sententiae
2605 1323 2716 1362 sua:
2753 1309 3067 1378 episcopum
3100 1311 3172 1364 ibi
3230 1314 3582 1380 reperissent.

2023 1397 2428 1453 communicare
2457 1410 2775 1469 coeperunt,
2821 1410 2875 1454 et
2907 1401 3310 1458 ecclesiasticos
3341 1418 3578 1456 conven-

2025 1499 2110 1543 tus
2147 1501 2395 1559 egerunt.
2422 1492 2594 1546 Porro
2628 1509 2751 1546 cutn
2786 1494 2942 1562 pauci
2975 1494 3131 1548 valde
3165 1495 3230 1548 ad
3268 1511 3364 1549 eos
3389 1511 3588 1549 conve-

2020 1577 2223 1640 nirent,
2255 1587 2310 1632 et
2329 1593 2546 1633 causam
2591 1582 2709 1651 ejus
2733 1582 2812 1635 rei
2847 1597 2968 1637 esse
3014 1585 3398 1653 comperirent,
3439 1591 3580 1655 qnnt

2019 1663 2222 1722 Grmcze
2247 1668 2654 1738 superstitionis
2683 1671 2911 1725 studiosi
2947 1673 3203 1742 oppidani
3237 1685 3420 1730 essent
3455 1677 3583 1730 :ubi

343 1766 509 1821 Θεὸν.
551 1766 611 1820 Ὀ
642 1768 697 1820 δὲ
731 1769 1116 1839 Πρωτογένης,
1153 1771 1221 1823 τὰ
1245 1771 1372 1842 ἱερὰ
1413 1775 1719 1842 γράμματα
1752 1776 1905 1828 ἐκπε-

2023 1773 2120 1829 pro
2165 1774 2230 1814 eo
2267 1771 2429 1830 atque
2458 1760 2636 1826 decet,
2656 1777 2896 1818 errorem
2928 1779 3054 1818 eum
3101 1766 3421 1830 eluxissent,
3471 1785 3580 1822 non

343 1858 736 1927 παιδευμένος,
767 1860 862 1912 καὶ
909 1861 1145 1930 γράφειν
1196 1863 1342 1929 μάλα
1395 1865 1792 1934 ἐξησκημένος,
1837 1867 1916 1920 δι-

338 1947 669 2001 δασκαλείου
701 1949 1004 2018 μειρακίων
1054 1953 1372 2020 προΐστατο,
1401 1955 1567 2008 τόπον
1601 1957 1685 2019 εἰς
1721 1958 1916 2011 παιδα-

337 2039 583 2104 γωγεῖον
617 2037 926 2106 ἐπιτήδειον
957 2039 1230 2110 εὑρηκώς.
1265 2040 1488 2110 ’Δμέλει
1526 2046 1623 2097 καὶ
1675 2047 1912 2115 γράφειν

341 2129 430 2191 εῖς
454 2145 515 2181 τε
547 2127 742 2190 κάλλος
771 2130 866 2183 καὶ
911 2129 1096 2199 τάχος,
1149 2133 1250 2185 καὶ
1319 2134 1388 2186 τὰ
1434 2134 1557 2204 ἰερὰ
1597 2136 1913 2200 ὶξεπαίδευε

334 2219 534 2286 λόγιον
572 2219 641 2273 τά
664 2236 724 2272 τε
772 2220 1034 2273 Δαυῖδικὰ
1067 2223 1202 2293 μέλη
1235 2222 1331 2277 κει
1371 2225 1440 2278 τὰ
1492 2229 1781 2299 πρόσφορα
1815 2230 1914 2300 τῆς

335 2309 717 2378 ἀποστολικῆς
765 2309 1109 2376 διδασκαλίας
1143 2314 1512 2382 ἐκμανθάνειν
1562 2323 1912 2388 παρεσκευας

337 2400 494 2466 ζετο.
541 2400 697 2454 Ἐπεὶ
749 2401 804 2455 δὲ
837 2403 947 2455 τῶν
1001 2405 1303 2476 μειρακίων
1335 2406 1397 2461 ἓν
1445 2407 1586 2481 νόσῳ
1617 2427 1912 2481 κατειργα-

342 2491 550 2561 σμένον
575 2491 755 2547 θανεῖν
778 2494 1142 2566 προσδόκιμον
1161 2494 1250 2568 ἦν,
1267 2501 1358 2552 ἐπὶ
1383 2501 1482 2570 τῆς
1505 2503 1680 2566 οἰκίας
1703 2505 1732 2556 ὁ
1758 2505 1915 2572 Πρω⁸

335 2584 577 2654 τογένης
635 2584 807 2655 ἥκων,
835 2588 929 2641 καὶ
979 2591 1048 2659 τῇ
1097 2592 1196 2660 τῆς
1245 2593 1426 2662 χειρδς
1458 2594 1566 2664 ἀφῇ
1604 2595 1665 2648 τὸ
1705 2596 1910 2650 λυποῦν

336 2678 522 2728 ’ποιεῖν
547 2677 933 2747 ὲδραπέτευεν,
963 2679 1012 2731 οἱ
1039 2679 1146 2732 τῶν
1185 2681 1361 2736 ἄλλων
1393 2687 1629 2754 πατέρες
1668 2687 1910 2755 διαγνόν-

338 2782 461 2828 τες,
496 2767 588 2819 ἐπὶ
620 2767 718 2836 τῆς
747 2767 925 2832 οἰκίας
957 2770 1046 2823 τὸν
1077 2771 1395 2843 πρεσϐύτην
1427 2775 1629 2845 ἀνῆγον
1654 2777 1906 2841 ἕκαστος,

338 2856 443 2907 καὶ
469 2858 585 2919 τοῖς
608 2857 955 2928 ἀρρωστοῦσι
974 2860 1081 2914 τῶν
1109 2861 1320 2917 παίδων
1343 2865 1661 2936 ἐπικουρεῖν
1690 2869 1906 2938 ἠντιϐόο

336 2947 486 3000 λουν.
526 2946 585 3000 '0
619 2947 675 3000 δὲ
737 2947 812 3019 μὴ
871 2949 1132 3005 δύνασθαι
1185 2953 1402 3023 βοηθεῖν
1455 2955 1663 3026 ἔλεγεν,
1718 2961 1768 3012 εί
1831 2961 1907 3032 μὴ

2019 1853 2342 1907 cessandum
2397 1854 2499 1908 sibi
2535 1869 2676 1918 esse,
2724 1869 2895 1924 usque
2923 1856 3051 1909 dum
3086 1857 3184 1927 ipsi
3221 1868 3436 1927 pectora
3482 1876 3582 1915 sua

2016 1942 2358 2014 plangercnt,
2391 1943 2691 2009 duxerunt,
2754 1946 2846 2001 sed
2873 1946 2947 2000 ita
2989 1955 3047 2000 ut
3079 1963 3173 2016 par
3193 1959 3328 2010 erat,
3364 1950 3580 2003 illorum

2015 2049 2233 2104 quoque
2272 2034 2559 2090 medicina:
2587 2045 2643 2090 et
2694 2037 2887 2091 salutis
2928 2052 3113 2092 curam
3147 2049 3451 2107 gesserunt.
3514 2041 3578 2094 Et

2013 2125 2274 2194 Eulogius
2325 2125 2547 2194 quidem
2618 2126 2671 2180 in
2723 2127 3113 2182 domunculam
3174 2131 3462 2198 quamdam
3519 2148 3580 2184 se

2012 2215 2190 2286 ipsum
2223 2215 2452 2279 abdidit,
2491 2217 2675 2287 ibique
2709 2221 2907 2273 tacitus
2941 2221 3073 2273 vixit
3097 2259 3112 2281 ,
3146 2236 3326 2274 rerum
3362 2223 3581 2276 univer-

2011 2321 2194 2360 sarum
2227 2307 2396 2361 Deum
2437 2309 2692 2378 precibus
2740 2325 2994 2364 exorans.
3033 2311 3362 2380 Protogenes
3393 2324 3572 2368 autem

2010 2411 2190 2453 sacras
2233 2397 2462 2454 Litteras
2490 2399 2739 2466 edoctus,
2780 2409 2836 2455 et
2888 2401 2940 2454 in
2965 2401 3242 2456 scribendi
3271 2384 3384 2457 arte
3417 2405 3576 2458 valde

2008 2488 2344 2542 exercitatus
2368 2527 2384 2552 ,
2430 2489 2616 2542 ludum
2645 2488 2971 2544 litterarium
2997 2490 3215 2560 aperuit
3244 2531 3258 2556 ,
3289 2497 3576 2546 commodo

2009 2579 2210 2632 scholae
2229 2579 2456 2648 puerilis
2481 2580 2599 2634 loco
2631 2581 2874 2635 invento.
2913 2581 3072 2652 146
3097 2583 3152 2636 In
3170 2597 3232 2637 ea
3255 2594 3309 2637 et
3346 2584 3575 2653 pulchre

2008 2676 2064 2722 et
2088 2668 2343 2722 celeriter
2372 2669 2808 2725 adolescentulos
2838 2671 3100 2736 scribere,
3129 2683 3184 2727 et
3207 2689 3359 2728 sacra
3386 2675 3574 2729 docuit

2008 2760 2250 2825 oracula,
2283 2760 2355 2814 ita
2387 2771 2446 2815 ut
2477 2761 2552 2814 illi
2582 2761 2832 2818 Davidica
2869 2765 3106 2819 carmina
3134 2807 3147 2831 ,
3181 2775 3237 2822 et
3285 2767 3388 2822 alia
3441 2783 3573 2838 apo-

2007 2850 2213 2905 stolicae
2244 2851 2504 2907 doctrinae
2530 2868 2768 2909 consona
2814 2857 3180 2913 addiscerem.
3216 2858 3350 2913 Cum
3387 2871 3568 2913 autem

2007 2957 2073 2996 ex
2125 2943 2311 3013 pueris
2350 2959 2491 2999 unus
2526 2945 2721 3000 morbo
2751 2947 3059 3013 confectus,
3087 2949 3138 3003 in
3168 2952 3570 3019 exspectatione

339 3033 612 3104 πρότερον
663 3036 690 3086 ὁ
744 3037 915 3088 νοσῶν
948 3039 1008 3089 τὸ
1041 3037 1183 3093 θεῖον
1206 3040 1432 3095 ὑπέλθοι
1476 3042 1725 3115 λουτρόν.
1759 3049 1822 3100 Οἱ
1851 3049 1905 3102 δὲ

2011 3037 2201 3088 mortis
2227 3045 2390 3099 esset,
2421 3033 2757 3106 Protogenes
2803 3039 2854 3092 in
2888 3039 3107 3092 domum
3143 3041 3233 3095 ubi
3263 3042 3305 3093 is
3333 3043 3568 3112 iacebat.

340 3095 428 3190 τιῖι
462 3095 614 3196 ποθῳ
642 3125 742 3195 τῆς
769 3127 1089 3197 ἀπαλλαγῆς
1140 3131 1492 3201 ὴπειγμένοι,
1755 3095 1905 3190 ἐπεί-ἶ

2011 3127 2185 3188 venit.
2217 3138 2273 3181 et
2306 3142 2500 3182 manus
2543 3129 2974 3186 contrectatione
3007 3132 3382 3200 azgritudinem
3418 3133 3570 3202 luga-

340 3218 519 3281 θοντο,
552 3218 650 3270 καὶ
684 3218 772 3271 διὰ
793 3218 896 3287 τῆς
941 3225 1260 3293 σωματικῆς
1289 3225 1448 3278 νόσου
1479 3226 1574 3279 καὶ
1613 3227 1713 3296 τὴν
1744 3228 1904 3298 ψυχι-

340 3308 443 3376 κὴν
475 3309 663 3375 ὑγείαν
689 3309 1000 3378 ἑδρὲποντο.
1033 3311 1095 3364 Εἰ
1119 3311 1175 3365 δέ
1199 3330 1287 3374 τις
1313 3315 1411 3369 καὶ
1439 3316 1548 3368 τῶν
1575 3317 1904 3388 ἐρρωμένων

336 3400 587 3462 πεισθεὶς
615 3401 715 3470 τῆς
748 3401 900 3464 θείας
946 3402 1170 3473 χάριτος
1215 3409 1506 3477 μετασχεῖν
1540 3409 1722 3478 ἢθελε,
1751 3411 1903 3480 παρὰ

334 3491 426 3542 τὸν
459 3491 718 3558 Εύλόγιον
751 3491 868 3552 ἰὼν,
901 3495 997 3546 καὶ
1037 3495 1140 3564 τὴν
1177 3495 1350 3568 θύραν
1384 3499 1705 3562 πατάσσων,
1749 3500 1901 3554 ἀνοί-

333 3599 454 3646 γειν
499 3583 686 3636 ἔπειθε
711 3601 724 3615 ο
757 3587 850 3638 καὶ
878 3586 958 3655 τῷ
1011 3587 1291 3659 θηράματι
1326 3591 1421 3645 καὶ
1464 3592 1564 3662 τὴν
1590 3594 1648 3645 ὲν
1679 3591 1901 3663 Χριστῷ

340 3674 659 3728 ἐπιϐάλλειν
686 3679 988 3748 παρεκάλει
1017 3681 1284 3750 σφραγῖδα
1310 3695 1324 3710 ·
1362 3682 1436 3745 ὡς
1466 3682 1509 3736 δ’
1541 3685 1747 3747 ἐκεῖνος
1776 3686 1902 3754 lxa-

331 3765 610 3832 λέπαινεν,
667 3768 762 3820 ἅτε
791 3768 1228 3841 διακοπτομένης
1289 3773 1459 3826 αὑτοῦ
1503 3773 1604 3844 τῆς
1649 3774 1836 3844 εὐχῆς,
1870 3777 1899 3830 ὀ

331 3856 712 3927 Πρωτογένης.
746 3877 765 3910 ι
801 3858 942 3911 Ἀλλ’
973 3862 1375 3932 ἀναγκαιοτέρα
1409 3863 1651 3931 πάντως,
1686 3866 1896 3934 ἔλεγεν,

329 3949 363 4018 ἡ
401 3947 508 4000 τῶν
548 3950 917 4020 πλανωμένων
937 3953 1241 4025 ἐπιστροφὴ
1271 3953 1406 4024 πρὸς
1443 3955 1702 4024 Χριστόν.
1729 3974 1748 4008 ι
1787 3958 1896 4010 Καὶ

324 4042 418 4095 διὰ
448 4041 726 4110 θαύματος
746 4038 815 4114 ἦν
836 4045 895 4096 τὸ
921 4045 1295 4116 πραττόμενον
1318 4062 1331 4076 ο
1365 4045 1482 4109 πῶς
1509 4047 1892 4117 Πρωτογένης,

323 4134 571 4187 τοσαῦτα
600 4135 1058 4206 θαυματουργῶν,
1085 4137 1180 4190 καὶ
1211 4136 1349 4206 πρὸς
1396 4139 1457 4190 τὸ
1486 4141 1585 4210 τῆς
1635 4139 1895 4209 ἀληθείας

324 4224 447 4292 φῶς
500 4225 738 4281 τοσαῦτα
791 4227 1044 4295 ποδηγῶν
1106 4228 1314 4298 πλήθη,
1377 4232 1725 4302 παραχωρῶν
1783 4232 1892 4286 τῶν

319 4318 616 4385 πρωτείων
651 4316 897 4388 Εύλογίῳ
947 4319 1156 4388 ἑωρᾶτο
1179 4335 1196 4352 ο
1251 4320 1344 4373 καί
1375 4321 1429 4388 γ’
1460 4323 1745 4391 ἐνομίζετο
1798 4324 1892 4376 ἐπὶ

2003 3219 2268 3283 vit.Qund
2287 3219 2378 3273 ubi
2405 3219 2635 3273 aliorum
2666 3231 2922 3288 parentes
2947 3231 3342 3293 cognoverunt,
3371 3225 3422 3278 in
3443 3241 3570 3278 suas

2004 3307 2237 3377 quisque
2284 3307 2428 3363 aedes
2480 3324 2665 3364 senem
2705 3311 3050 3367 adduxerunt
3077 3355 3091 3377 ,
3124 3323 3179 3368 et
3210 3323 3267 3368 ut
3317 3315 3570 3369 invalidis

2000 3412 2188 3452 eorum
2240 3397 2425 3452 liberis
2469 3413 2626 3466 opem
2665 3397 2864 3462 ferret,
2894 3408 3173 3470 rogarunt.
3205 3400 3340 3454 Tum
3373 3401 3459 3454 ille
3510 3416 3568 3453 se

2000 3487 2204 3540 auxilio
2231 3487 2310 3542 eis
2344 3502 2454 3541 non
2489 3489 2640 3556 prius
2671 3503 2792 3543 esse
2835 3505 2992 3558 posse
3033 3490 3199 3553 dixit,
3248 3505 3408 3558 quam
3439 3493 3564 3560 :rgri

1999 3577 2243 3633 divinum
2270 3578 2518 3632 subirent
2549 3579 2848 3644 lavacrum,
2878 3580 2945 3635 Et
2981 3581 3082 3641 illi,
3115 3581 3256 3650 quod
3291 3597 3386 3636 eos
3415 3582 3563 3636 desi-

1999 3668 2209 3722 derium
2270 3669 2662 3739 recuperanda:
2716 3673 2830 3725 suis
2861 3671 3186 3726 valetudinis
3246 3671 3560 3743 adurgeret.

1997 3760 2178 3814 statim
2207 3759 2352 3815 dicto
2381 3759 2668 3816 audientes
2689 3760 2863 3828 fuere,
2896 3772 3058 3832 atque
3090 3763 3160 3817 ita
3197 3779 3293 3834 per
3319 3767 3562 3835 corporis

1998 3852 2271 3917 morbum,
2325 3853 2518 3908 anima:
2567 3869 2785 3924 quoque
2835 3855 3065 3910 salutem
3103 3867 3232 3910 sunt
3261 3861 3558 3914 consecuti.

1999 3940 2055 3995 Si
2081 3943 2206 4012 quis
2259 3953 2440 3997 autem
2470 3945 2766 3998 valentium
2815 3960 3034 4014 quoque
3077 3947 3146 3999 ab
3172 3964 3237 4001 eo
3268 3964 3562 4016 persuasus

1993 4031 2234 4086 divinam
2275 4034 2500 4102 gratiam
2527 4034 2794 4099 ambiret,
2835 4039 2900 4090 ad
2938 4036 3222 4106 Eulogium
3246 4037 3468 4101 vadens,
3507 4051 3558 4092 ct

1992 4123 2139 4178 fores
2192 4125 2437 4195 pulsans,
2481 4134 2542 4179 ut
2588 4125 2677 4181 ille
2725 4140 2819 4180 eas
2873 4129 3172 4197 apperiret,
3198 4138 3254 4183 et
3290 4130 3336 4184 ei
3393 4145 3555 4198 quem

1991 4226 2223 4272 venatus
2246 4227 2412 4277 esset,
2445 4218 2682 4285 sigillum
2712 4218 2766 4272 in
2797 4218 3018 4274 Christo
3050 4221 3378 4291 imponeret,
3405 4238 3560 4292 roga-

1990 4310 2101 4364 bat.
2134 4309 2309 4380 Atque
2334 4309 2425 4363 ubi
2456 4309 2712 4378 Eulogius
2757 4325 2878 4364 eam
2907 4325 3045 4375 rem,
3078 4314 3221 4381 quod
3264 4314 3318 4367 in
3371 4328 3560 4382 preca-

317 4405 462 4458 πολὺ
519 4404 745 4457 πλείονα
795 4400 938 4458 εἶναι
972 4407 1358 4476 Πρωτογένους
1407 4408 1504 4479 τὴν
1539 4410 1760 4480 ἀρετὴν,
1793 4412 1888 4465 καὶ

2007 4402 2140 4455 μὶοιιο
2210 4401 2504 4454 identidem
2566 4401 3050 4471 interpellaretur,
3115 4404 3335 4473 gravius
3389 4406 3556 4473 tulit,

314 4497 738 4566 ύπερτεροῦσαν
775 4499 875 4566 τῆς
904 4497 1166 4566 Εὐλογίου
1205 4499 1279 4564 ὡς
1311 4501 1571 4569 μάλιστα.
1609 4501 1698 4565 Ὠς
1731 4503 1788 4556 δὲ
1819 4504 1887 4556 τὰ

313 4589 414 4641 τοῦ
448 4588 716 4650 κλύδωνος
749 4589 934 4658 ἔληγε,
960 4591 1054 4642 καὶ
1097 4591 1238 4658 μετὰ
1266 4592 1376 4645 τῶν
1411 4593 1589 4645 ἄλλων
1623 4594 1716 4646 καὶ
1741 4586 1884 4647 οὗτοι

312 4679 660 4749 ἀνήχθησαν,
717 4680 1112 4751 δεδακρυμένοι
1169 4681 1532 4752 προῦπεμπον
1562 4684 1787 4746 τούτους
1833 4685 1882 4736 οἰ

311 4769 607 4840 ἐπιχώριοι
634 4786 648 4801 ⁸
685 4774 780 4822 καὶ
808 4770 1049 4840 μάλιστα
1073 4771 1101 4824 ὀ
1121 4771 1423 4833 ἐπίσκοπος
1455 4772 1724 4841 τοσαύτης
1748 4789 1884 4842 συμ-

314 4860 524 4929 μαχίας
559 4860 947 4929 ἐστερημένος.
996 4859 1054 4914 ’0
1092 4862 1191 4930 μὲν
1237 4857 1329 4913 οὖν
1373 4861 1631 4930 Εύλόγιος
1669 4862 1878 4931 Βὰρσου

307 4949 405 5002 τοῦ
454 4942 602 5001 θείου
653 4949 795 5003 τέλει
845 4953 1196 5020 χρησαμένου
1225 4950 1321 5003 τού
1351 4951 1492 5018 βίου,
1521 4952 1621 5020 τῆς
1668 4953 1877 5004 ἐκείνου

306 5037 608 5105 ἐκκλησίας
635 5037 760 5100 τοὺς
791 5039 985 5102 οἴακας
1026 5039 1416 5108 ἐγχειρίζεται.
1463 5042 1524 5092 '0
1571 5041 1628 5092 δὲ
1665 5041 1877 5110 θαυμα-

309 5129 438 5188 στὸς
470 5129 846 5199 Πρωτογένης,
881 5132 981 5198 τὴν
1013 5131 1410 5200 ὴκανθωμὲνην
1438 5132 1592 5184 πόλιν
1617 5133 1880 5203 ἐξἘλλη-

1997 4495 2328 4564 Protogenes
2352 4510 2365 4547 :
2391 4513 2407 4543 ι
2434 4492 2594 4561 Atqui
2617 4493 2840 4563 (inquit)
2869 4489 3028 4564 longe
3052 4500 3356 4550 necessaria
3389 4499 3557 4564 magis

1991 4594 2075 4639 est
2125 4586 2427 4639 errantium
2474 4585 2540 4638 ad
2577 4583 2854 4638 Christum
2891 4588 3200 4640 conversio.
3244 4607 3261 4638 ι
3315 4587 3371 4640 ld
3423 4604 3555 4642 vero

1991 4675 2192 4729 factum
2221 4677 2566 4730 admirationi
2599 4687 2718 4730 erat
2742 4677 2998 4732 omnibus
3027 4716 3040 4739 ,
3079 4677 3434 4745 Promgenem
3472 4679 3554 4730 vi-

1990 4767 2208 4826 delicet.
2241 4769 2331 4836 qui
2364 4777 2507 4821 tanta
2546 4767 2733 4821 ederet
2773 4767 3033 4821 miracula
3060 4807 3074 4829 ,
3100 4776 3155 4820 et
3189 4778 3389 4821 tantum
3417 4771 3552 4822 mul-

1991 4859 2277 4911 titudinem
2329 4857 2395 4910 ad
2446 4859 2693 4911 veritatis
2739 4859 2913 4912 lucem
2972 4859 3318 4927 produceret,
3369 4870 3552 4930 partes

1987 4949 2190 5018 primas
2244 4947 2469 5016 Eulogio
2497 4949 2814 5002 concedere.
2851 4949 2915 5002 Et
2959 4965 3149 5004 omnes
3194 4951 3354 5021 longe
3409 4969 3547 5021 pra:-

1985 5041 2307 5093 stantiorem
2376 5040 2821 5110 superioremque
2897 5041 3215 5111 Promgenis
3285 5045 3543 5097 virtutem

1983 5131 2152 5200 ipsius
2185 5132 2393 5202 Eulogii
2452 5133 2559 5187 vita
2612 5148 2734 5188 esse
2779 5133 3216 5190 exsistimabant.
3276 5137 3543 5190 Casterum

303 5219 468 5279 νικῆς
489 5218 776 5288 τερθρείας
807 5221 1008 5290 Καρῶν
1039 5223 1304 5290 γεωργεῖν
1337 5221 1628 5290 ἐπιστεύθη
1656 5238 1669 5251 ο
1701 5224 1766 5291 ἢν
1786 5223 1878 5274 καὶ

2007 5233 2261 5292 estquam
2291 5225 2686 5296 persecutionis
2711 5227 2942 5295 procella
2964 5228 3155 5282 saevire
3175 5227 3358 5290 desiit,
3381 5237 3545 5296 atque

303 5308 612 5375 φιλοπόνως
649 5310 1111 5380 ἐξεργασάμενος,
1141 5312 1232 5363 τὸν
1265 5311 1408 5364 θεῖον
1439 5317 1536 5380 τῆς
1589 5312 1876 5374 εὐσεϐείας

302 5399 522 5468 καρπὸν
558 5401 1039 5471 ἑδρέψατο.νἈλλὰ
1067 5403 1226 5455 τοῦτο
1263 5403 1362 5472 μὲν
1386 5401 1640 5472 ὕστερον.

1977 5331 2082 5370 una
2115 5332 2238 5370 cum
2267 5318 2388 5371 aliis
2416 5327 2471 5372 ct
2494 5319 2577 5372 isti
2608 5321 2674 5372 ab
2707 5321 2900 5375 exsilio
2928 5322 3136 5374 reducti
3175 5331 3323 5385 sunt,
3353 5321 3542 5374 incolae

1973 5409 2094 5476 ejus
2129 5411 2364 5478 regionis
2398 5412 2761 5481 lacrymantes
2791 5429 2884 5468 eos
2909 5413 3287 5482 produxerunt
3323 5430 3334 5466 :
3374 5413 3547 5488 potis-

299 5491 505 5546 simum
539 5509 666 5548 vero
696 5495 988 5565 episcopus
1015 5496 1152 5566 ipse,
1190 5496 1284 5566 qui
1316 5496 1518 5548 auxilio
1587 5504 1737 5551 tanto
1803 5497 2119 5556 orbabatur.
2171 5503 2237 5557 Et
2295 5505 2550 5573 Eulogius
2579 5505 2798 5573 quidem
2875 5507 3002 5559 divo
3055 5505 3231 5560 Barsae
3287 5505 3396 5561 vita
3450 5507 3547 5560 de-

374 5612 451 5687 (ἰ)
482 5611 726 5687 _Trt'part.
762 5615 859 5671 lib.
889 5632 986 5680 vn,
1020 5634 1140 5687 cap.
1180 5617 1268 5670 3'5.

376 5684 452 5746 (‘2)
482 5683 626 5738 Infra
655 5686 746 5740 lib.
778 5702 873 5752 Ill,
906 5701 1026 5753 cap.
1059 5683 1108 5742 ὅ.

2041 5623 2116 5693 (3)
2151 5625 2230 5677 ΑΙ.
2261 5626 2566 5681 Antinoum.
