3986 6190
227 317 338 378 ea:
1419 298 1837 360 NICEPHORI
1876 297 2220 356 CALLISTI
3351 297 3468 360 δίε

231 430 460 492 functo,
549 421 794 479 ecclesia:
881 418 1048 488 ip~ius
1114 414 1484 486 gubernacula
1538 409 1800 478 suscepit.
1841 409 2180 462 Admirando
2244 417 2425 462 autem
2495 406 3020 478 Protogeni,Carr:e
3048 409 3238 463 civitas
3261 411 3483 467 Graeca-

235 541 354 578 rum
384 519 776 592 praestigiarum
807 514 978 583 spinis
1020 513 1214 571 obsita,
1241 508 1538 564 excolenda
1585 505 1796 559 credita
1836 517 1963 560 est:
2028 519 2136 573 qua
2185 505 2369 558 labore
2439 504 2612 558 multo
2658 515 2970 574 repurgata,
2998 505 3277 560 ctelestem
3337 524 3486 563 verae

234 617 454 688 pietatis
487 614 720 668 fructum
765 606 1030 677 percepit.
1062 606 1166 660 Sed
1195 603 1262 657 de
1297 603 1384 657 his
1408 611 1614 670 pestea.

702 723 856 794 ιω
885 719 1108 776 CAPUT
1144 719 1334 773 xxw.
1568 696 1580 708 '
1832 715 1885 772 A

239 846 316 899 De
333 850 514 897 sancto
545 839 793 893 Flaviano
818 847 865 889 et
900 835 1150 892 Diodoro.
1177 834 1347 901 ιιιὶροὶ
1369 848 1574 901 gregem
1605 831 1800 883 Meletii

308 913 558 971 rexerint,
611 925 727 961 cum
781 910 1013 959 nondum
1087 903 1431 973 episcopalem
1486 903 1800 972 dignitatem

309 981 677 1049 suscepissent.

2493 708 2744 761 ΚΕΦΑΛ.
2781 707 2904 760 ΚΔ’.

1905 801 2042 867 Περὶ
2085 799 2190 852 τοῦ
2215 799 2388 866 ἁγίου
2421 799 2762 850 Φλαϐιανοῦ
2786 801 2882 851 καί
2917 799 3233 867 Διοδώρου,
3263 805 3343 867 ὡς
3371 804 3490 867 τὴν

1977 872 2246 940 ποίμνην
2292 870 2584 940 Μελετίου
2634 870 2801 940 αὐτοὶ
2835 868 3091 932 διεῖπον,
3115 873 3299 938 μήπω
3337 876 3490 940 (qa-

1975 939 2145 992 τικυῦ
2171 938 2490 1001 ἐπιϐάντες
2506 937 2768 1004 βαθμοῦ.

1978 1056 2240 1108 Πλεῖστον
2271 1054 2319 1107 δ’
2359 1056 2443 1109 ὅτι
2487 1057 2683 1124 χρόνον
2737 1055 2796 1106 ὲν
2823 1054 3132 1128 ’Δντιοχείᾳ
3192 1059 3490 1129 διατρίψας

1907 1148 2143 1216 Οὐάλης,
2195 1147 2438 1208 Εὐζωῖου
2486 1149 2598 1200 τῶν
2645 1147 2956 1216 ἐκκλησιῶν
2991 1150 3323 1220 ἡγουμένου,
3352 1153 3488 1206 Ἰου-

1879 1239 2075 1302 ’δαίοις
2105 1241 2204 1309 μὲν
2241 1241 2336 1292 καὶ
2367 1239 2594 1308 Ἕλλησι
2645 1241 2742 1292 καὶ
2773 1241 2908 1292 πᾶσι
2937 1241 3280 1310 Χριστιανῶν
3314 1243 3489 1310 ὄνομα

1907 1333 2335 1402 περικειμένοις,
2403 1331 2666 1384 ⁸τάναντία
2709 1331 2766 1383 δὲ
2791 1332 2890 1400 τῆς
2924 1332 3291 1404 εὐαγγελικῆς
3338 1335 3489 1387 διδα-

1907 1423 2098 1484 καλίας
2133 1423 2569 1492 ἀσπαζομένοις,
2621 1423 2691 1477 τὰ
2728 1422 2954 1492 θυμήρη
3008 1426 3271 1493 πράττειν
3313 1427 3488 1488 ἀδεῶς

1907 1516 2107 1567 εἴασεν.
2145 1515 2367 1582 Ἀμέλει
2413 1516 2507 1568 καὶ
2541 1517 2570 1582 ἡ
2605 1515 2698 1567 ἐπὶ
2744 1515 3010 1569 ’Ῑοὸιανοῦ
3051 1519 3151 1584 μὲν
3192 1517 3488 1570 σῦεοθείσα

1910 1603 2112 1673 πλάνη,
2159 1605 2270 1657 ἀπὸ
2317 1604 2615 1658 Ἰουλιανοῦ
2649 1605 2704 1658 δὲ
2740 1604 3058 1673 ὲξαφθεῖσα,
3103 1607 3245 1658 κατὰ
3288 1608 3489 1675 μικρὸν

1909 1698 2071 1749 πάλιν
2117 1696 2270 1765 ἤνθει
2300 1714 2314 1726 ο
2347 1699 2443 1750 καί⁵
2489 1698 2558 1750 τὰ
2612 1698 2812 1749 Διάσια
2864 1698 2960 1749 καὶ⁵
3015 1699 3293 1760 Διονύσια,
3327 1701 3397 1752 τά
3429 1717 3488 1750 τε

1909 1790 2196 1857 Δήμητρος
2221 1788 2382 1858 ἔργα,
2415 1791 2516 1842 οὐκ
2543 1793 2601 1841 ὲν
2629 1790 2934 1859 γωνίᾳ,ἆτε
2963 1789 3026 1856 δὴ
3063 1789 3327 1858 βασιλέως
3352 1806 3488 1841 κατι

1913 1880 2193 1949 αρχοντος,
2227 1881 2540 1933 ἑτελοῦντου
2577 1881 2672 1933 καὶ
2705 1879 3061 1950 βακχεύοντες
3088 1881 3279 1950 ἄνδρες
3331 1880 3488 1933 εθεω

1912 1973 2048 2024 κατά
2078 1973 2247 2042 μέσης
2280 1973 2381 2040 τῆς
2406 1973 2632 2041 ἀγορᾶς,
2665 1973 2883 2032 οὐδενὸς
2915 1972 3168 2042 ἐμποδὼν
3202 1973 3489 2026 καθεστῶ-

1914 2083 2028 2128 τος.
2059 2066 2260 2127 Μόνοις
2290 2064 2335 2117 δ’
2364 2064 2558 2133 ἐχθρὸς
2587 2065 2857 2127 ἄσπονδος
2888 2060 2956 2134 ἧν
2979 2067 3089 2126 τοῖς
3127 2063 3389 2133 φρονοῦσι
3418 2067 3487 2114 τὰ

1917 2157 2013 2226 τῆς
2043 2155 2270 2208 καθόλου
2294 2155 2591 2224 ἐκκλησίας
2633 2155 2962 2222 διδάγματα.
3001 2157 3110 2208 Kal.
3158 2157 3223 2224 δὴ
3271 2156 3492 2222 πρῶτον

1919 2247 2310 2319 ἀφῄρειαύτῶν
2332 2247 2430 2316 τὴν
2446 2247 2740 2317 νεόδμητον
2759 2247 3111 2312 Ἐκκλησίαν,
3140 2250 3206 2318 ἢν
3228 2247 3491 2307 Ἰοϐιανλς

1920 2337 2068 2391 εδοτο
2087 2353 2102 2368 ·
2147 2339 2244 2391 καὶ
2269 2336 2378 2392 τῶν
2407 2337 2586 2392 ἀλλων
2635 2337 2796 2408 ἱερῶν
2823 2339 3128 2408 περιϐόλων
3171 2339 3488 2408 ἐξήλαυνεν.

311 1089 508 1144 Valens
559 1087 767 1141 diutius
797 1083 1099 1139 Antiochiae
1127 1089 1496 1135 commoratus
1517 1119 1533 1145 ,
1599 1079 1803 1135 Euzoio

238 1183 311 1239 ibi
359 1181 620 1235 ecrlcsias
663 1189 901 1247 regente,
942 1175 1163 1235 Iudaeis,
1215 1184 1270 1227 et
1302 1172 1537 1226 ethnicis
1580 1171 1799 1236 Graecis,

237 1285 400 1341 atque
425 1274 590 1325 etiam
619 1271 712 1338 qui
742 1266 1181 1322 Christianorum
1232 1264 1452 1318 nomine
1483 1272 1800 1328 censentur,

237 1375 294 1417 et
323 1364 538 1416 diversa
569 1361 636 1414 ab
671 1357 989 1425 EVangelica
1012 1355 1258 1408 doctrina
1285 1353 1534 1423 dogmata
1561 1353 1800 1421 comple-

238 1463 538 1514 cterentur,
571 1450 826 1504 omnibus
864 1463 984 1516 quae
1029 1445 1226 1498 animis
1251 1460 1442 1498 eorum
1480 1443 1675 1512 placita
1721 1458 1805 1496 es-

240 1555 388 1606 sent,
434 1554 489 1598 ut
535 1544 708 1596 libere
737 1537 1389 1611 peragerent,_permisit.
1416 1537 1548 1591 Nam
1607 1536 1804 1604 impius

239 1655 396 1692 error
422 1638 524 1691 sub
572 1634 864 1688 Joviuiano
891 1631 1112 1699 quidem
1161 1630 1491 1692 exstinctus,
1527 1644 1554 1682 a
1589 1629 1806 1682 Juliauo

241 1740 422 1782 autem
479 1729 787 1787 excitatus,
855 1723 1113 1792 paulatim
1167 1719 1552 1774 rctlorescebat
1602 1717 1699 1783 (i),
1753 1725 1807 1769 ct

243 1820 435 1880 Dialia,
471 1815 721 1886 Dionysia
753 1824 808 1866 et
867 1811 1085 1866 Cereris
1120 1825 1295 1870 sacra,
1335 1823 1442 1861 non
1471 1807 1524 1860 iu
1571 1806 1803 1876 angulis,

243 1909 570 1976 imperatore
594 1905 758 1958 veluti
787 1911 1059 1970 praeeunte
1083 1943 1099 1968 ,
1143 1899 1538 1968 peragebantur
1569 1916 1596 1965 ε,
1632 1907 1686 1950 et
1714 1898 1808 1948 ho-

244 2003 419 2050 miues
458 1997 509 2049 in
540 1995 718 2048 medio
747 1994 882 2056 foro,
921 1993 1136 2044 nemine
1168 1990 1501 2049 obsistente,
1538 1989 1810 2041 bacchan-

246 2089 406 2151 tium,
433 2087 524 2153 qui
580 2087 804 2138 numine
843 2083 1115 2143 alﬂautur,
1171 2095 1346 2144 more,
1401 2077 1806 2132 discurrebant.

245 2180 448 2233 Eorum
481 2194 611 2231 vero
653 2185 884 2235 tantum,
928 2173 1020 2243 qui
1063 2172 1345 2225 catholica:
1377 2168 1635 2224 Ecclesia:
1678 2168 1810 2223 doc-

248 2272 446 2326 trinam
481 2269 872 2339 sequebantur,
933 2264 1293 2334 implacabilis
1341 2261 1517 2316 hostis
1567 2270 1703 2314 erat.
1744 2260 1810 2315 Et

247 2365 486 2434 primum
538 2360 760 2430 quidem
811 2373 1002 2412 recens
1071 2362 1438 2410 constructam
1499 2353 1808 2416 ecclesiam,

249 2467 410 2523 quam
443 2452 551 2506 illis
580 2450 902 2506 Iovinianus
925 2446 1172 2511 dederat,
1198 2445 1432 2510 ademit;
1461 2445 1660 2500 deinde
1685 2461 1813 2498 vero

247 2561 312 2598 ex
335 2545 454 2598 aliis
478 2555 695 2612 quoque
720 2555 817 2594 eos
838 2539 1008 2593 sacris
1055 2537 1260 2591 a-dibus
1285 2538 1486 2606 exegit.
1513 2537 1689 2606 Atque
1718 2535 1811 2589 ubi

251 2636 329 2690 illi
355 2635 457 2688 sub
493 2634 584 2687 dio
609 2641 850 2700 agentes,
885 2629 952 2683 ad
989 2631 1189 2682 montis
1226 2628 1439 2682 radices
1467 2629 1634 2683 Deum
1682 2643 1814 2682 cou-

253 2726 544 2781 suctudiue
573 2740 670 2778 sua
723 2723 939 2792 hymnis
980 2731 1036 2774 et
1073 2720 1329 2776 laudibus
1370 2722 1730 2786 celebrarent,
1763 2731 1819 2773 et

252 2815 432 2868 varias
477 2811 806 2880 easdemque
859 2810 1114 2863 adversas
1166 2807 1307 2862 aeris
1336 2808 1686 2871 mutationes,
1720 2810 1822 2862 ali-

253 2904 474 2973 quando
522 2903 740 2972 quidem
769 2916 892 2956 cum
937 2899 1136 2969 pluviis
1187 2911 1242 2952 et
1299 2899 1423 2952 nive
1456 2909 1512 2953 et
1558 2901 1820 2955 immenso

252 2995 454 3064 frigore
497 2993 814 3055 conﬂictati,
849 2992 1142 3060 aliquando
1170 2999 1350 3044 autem
1398 3001 1534 3045 testu
1567 2994 1694 3046 solis
1723 2993 1822 3046 ad-

257 3085 476 3138 modum
534 3085 711 3136 adusti
744 3083 1068 3152 perl‘erreut,
1121 3097 1186 3135 ne
1220 3096 1286 3135 eo
1322 3084 1538 3150 quidem
1590 3085 1709 3137 loco
1765 3093 1825 3138 ut

253 3189 638 3247 permanerent
674 3176 870 3239 voluit,
932 3185 986 3229 et
1036 3174 1292 3228 immissis
1333 3175 1385 3227 in
1413 3191 1508 3229 eos
1541 3175 1821 3240 militibus,

255 3282 625 3322 :nrumnosnm
656 3267 759 3320 hoc
785 3266 909 3319 vine
942 3265 1162 3334 agendae
1192 3266 1498 3320 institutum
1519 3267 1824 3335 dissipavit.

256 3359 552 3413 Flavianus
599 3368 782 3413 autem
833 3366 889 3411 et
945 3356 1213 3412 Diodorus
1255 3359 1506 3426 generosi
1577 3361 1826 3416 veritatis

257 3449 476 3502 athleta:
523 3457 636 3501 tum
709 3446 976 3501 ﬂorebant
1030 3463 1047 3503 :
1119 3447 1212 3514 qui
1269 3448 1615 3502 imminentes
1677 3451 1828 3520 gregi

260 3539 465 3594 Christi
526 3537 742 3601 ﬂuctus,
791 3537 960 3592 veluti
1010 3537 1218 3605 scapuli
1249 3536 1490 3605 quidam,
1547 3541 1829 3607 quampri-

261 3647 408 3685 mum
445 3629 499 3683 in
535 3644 782 3698 spumam
821 3627 1169 3697 redegerunt.
1206 3628 1283 3682 Illi
1319 3628 1464 3681 enim
1515 3639 1635 3697 post
1668 3629 1832 3684 Mele-

263 3721 402 3774 tium
433 3719 487 3772 in
518 3718 768 3772 exsilium
808 3719 1060 3788 ejectum,
1091 3733 1186 3786 pro
1212 3733 1372 3788 grege
1401 3717 1605 3773 Christi
1634 3721 1829 3774 decer-

265 3811 606 3871 tabant,cum
638 3811 781 3880 lupis
800 3809 933 3878 ipsis
970 3807 1183 3863 fortiter
1209 3810 1427 3863 obviam
1480 3809 1685 3873 eundo,
1713 3821 1825 3865 tum

263 3901 466 3957 Christi
485 3901 675 3954 ovibus
693 3901 1104 3954 convenientem
1124 3900 1426 3956 doctrinam
1449 3901 1825 3970 proponendo.

263 3997 442 4062 Atque
469 3992 558 4046 ubi
588 4008 654 4046 ex
682 3991 816 4045 locis
839 3989 905 4044 ad
943 3989 1153 4044 radices
1178 3991 1377 4044 uiontis
1413 3991 1532 4046 sitis
1552 3992 1828 4048 deturbati

264 4096 414 4144 sunt,
445 4085 509 4138 ad
544 4083 774 4153 proximi
801 4081 1042 4135 ﬂuminis
1069 4082 1217 4149 ripas
1235 4097 1368 4135 oves
1395 4093 1693 4149 paverunt:
1719 4099 1826 4137 non

265 4177 496 4235 frustra,
534 4173 760 4244 perinde
786 4183 948 4241 atque
997 4173 1072 4224 illi
1102 4172 1157 4224 in
1207 4171 1478 4241 Babylone
1509 4173 1729 4242 captivi,
1761 4173 1828 4226 ad

265 4267 463 4322 salices
492 4265 792 4319 carminum
823 4278 1024 4333 organa
1055 4263 1448 4332 suspendentes
1479 4279 1493 4316 :
1526 4266 1618 4317 sed
1659 4264 1831 4319 libere

267 4359 462 4422 Deum,
496 4359 648 4428 juxta
680 4357 922 4410 divinum
977 4355 1254 4419 Davidem,
1287 4357 1338 4409 in
1385 4355 1533 4408 oumi
1571 4357 1691 4411 loco
1734 4358 1832 4412 du-

261 4447 587 4508 minatiouis
615 4447 736 4514 ejus
771 4445 1074 4500 laudantes.
1123 4445 1326 4500 Verum
1371 4462 1438 4501 ue
1466 4447 1572 4502 hoc
1605 4449 1828 4516 quidem

269 4537 324 4590 in
379 4535 498 4589 loco
548 4536 643 4589 diu
703 4549 801 4588 eos
849 4535 1071 4598 durare,
1119 4533 1550 4590 orthodoxorum
1579 4547 1634 4592 et
1683 4549 1831 4596 recte

269 4627 624 4680 sentientium
675 4625 850 4680 hostis
903 4639 1092 4694 passus
1141 4633 1275 4681 est:
1331 4625 1490 4697 148
1522 4631 1618 4682 sed
1654 4629 1830 4698 primo

1933 2429 2019 2489 Ὠς
2041 2429 2088 2482 δ’
2117 2429 2316 2481 ἐκεῖνοι
2335 2430 2391 2482 ὲν
2423 2429 2678 2499 ὑπαίθρῳ
2709 2431 2994 2497 διάγοντες
3020 2431 3172 2500 παρὰ
3207 2433 3307 2491 τὰς
3337 2431 3495 2483 om..-

1927 2522 2080 2590 ρείας
2111 2520 2206 2574 τοῦ
2248 2522 2408 2589 ὅρους
2449 2521 2655 2592 ὕμνουν
2683 2522 2802 2590 μὲν,
2840 2524 2914 2584 ὡς
2949 2522 3088 2585 ἔθος,
3119 2521 3270 2587 Θεὸν,
3302 2523 3413 2574 τῶν
3448 2523 3495 2572 δ⁸

1925 2613 2184 2666 ἐναντίων
2215 2612 2307 2666 τοῦ
2339 2614 2500 2683 ἀέρος
2542 2617 2798 2684 μετεῖχον
2839 2614 3175 2680 μεταϐολῶν,
3214 2616 3349 2668 ποτὲ
3389 2617 3498 2684 μὲν

1927 2708 2102 2768 ὑετοῖς
2157 2708 2256 2761 καὶ
2285 2709 2528 2775 νιφετοῖς
2575 2709 2671 2760 καὶ
2711 2711 2944 2777 κρυμοῖς
2999 2707 3497 2776 προσπαλαίοντες.

1935 2799 2124 2852 ἄλλοτε
2197 2798 2255 2852 δὲ
2313 2797 2579 2867 φλογμοῐς
2637 2798 2882 2866 ήλιακοίς
2945 2799 3149 2866 σφόδρα
3199 2801 3505 2852 κατακαιόο

1929 2905 2100 2958 μενοι,
2151 2888 2260 2941 οὐδ’
2317 2889 2377 2940 ὲν
2415 2889 2642 2952 ταύταις
2676 2891 2770 2959 ιᾷν
2833 2888 3032 2948 αὐτοὺς
3095 2889 3502 2959 ἤθελεοστρας

1931 2981 2132 3043 τιῶτας
2153 2981 2209 3033 δὲ
2239 2981 2498 3050 πέμπων,
2527 2983 2622 3035 καὶ
2647 2984 2744 3050 τὴν
2777 2983 3036 3035 ἐπίπονον
3062 2981 3265 3048 ταύτην
3299 2981 3508 3046 διαγω-

1931 3072 2034 3142 γὴν
2099 3073 2466 3136 διεσκέδαζεν.
2524 3072 2822 3135 Φλαϐιανὸς
2867 3072 2923 3124 δὲ
2981 3073 3072 3124 καὶ
3123 3072 3389 3140 Διόδωρος
3450 3074 3504 3123 οἱ

1931 3167 2167 3231 γενναῖοι
2202 3165 2300 3230 τῆς
2330 3163 2589 3234 ἀληθείας
2617 3165 2918 3231 ἀγωνισταὶ
2941 3162 3242 3234 τηνικαῦτα
3270 3162 3509 3230 διέλαμ-

1933 3272 2033 3308 πον
2057 3272 2072 3288 ο
2112 3256 2206 3307 καὶ
2232 3259 2299 3306 τά
2332 3255 2747 3325 προσϐάλλοντα
2784 3254 3010 3324 κύματα
3038 3257 3102 3324 τῇ
3137 3255 3338 3328 ποίμνῃ
3359 3256 3507 3323 Χρι-

1936 3342 2084 3406 στοῦ,
2111 3340 2201 3397 οἷά
2222 3361 2365 3406 τινες
2392 3344 2671 3412 πρόϐολοι,
2703 3345 2837 3414 πρὸς
2877 3347 3048 3416 app-5v
3091 3347 3167 3408 ὠς
3196 3347 3356 3415 τάχος
3382 3345 3508 3399 διέ-

1934 3435 2082 3489 λυον.
2119 3435 2283 3488 Αὐτοὶ
2331 3437 2440 3506 γὰρ
2477 3436 2616 3506 μετά
2654 3437 2916 3490 Μελέτιον
2969 3437 3262 3505 γενόμενον
3298 3440 3512 3508 ὑπερό-

1938 3543 2054 3595 ριον
2085 3530 2185 3596 τῆς
2221 3526 2458 3597 ποίμνης
2510 3527 2901 3580 ἀντεποιοῦντο
2927 3529 3166 3597 Χριστοῦ
3188 3545 3202 3558 ·
3255 3532 3364 3592 τοῖς
3400 3531 3508 3599 μὲν

1932 3617 2118 3678 λύκοις
2147 3617 2408 3685 ἀνδρείως
2462 3618 2936 3688 ἀντιταττόμενοι,
2965 3623 3078 3678 τοῖς
3108 3638 3170 3688 γε
3219 3622 3326 3693 μὴν
3365 3623 3512 3692 Χρι-

1939 3709 2065 3761 στοῦ
2100 3709 2383 3780 θρέμμασι
2409 3709 2507 3780 τὴν
2538 3711 2927 3780 προσήκουσαν
2963 3713 3310 3769 διδασκαλίαν
3336 3733 3514 3786 1:903-

1934 3801 2216 3869 φέροντες.
2257 3801 2345 3862 Ὠς
2401 3802 2457 3855 δὲ
2517 3803 2627 3855 κάκ
2686 3803 2786 3872 τῆς
2842 3804 3123 3874 ὑπωρείας
3177 3809 3503 3878 ἠλαύνοντο,

1934 3893 2089 3962 παρὰ
2112 3893 2210 3956 τὰς
2240 3893 2408 3961 ὄχθας
2435 3893 2530 3946 τοῦ
2560 3893 2802 3961 γείτονος
2857 3897 3104 3964 ποταμοῦ
3131 3899 3198 3951 τὰ
3251 3900 3504 3968 πρόϐατα

1935 3984 2150 4053 ἔνεμον,
2178 3985 2277 4037 οὐκ
2307 3987 2451 4056 εἰκῆ,
2478 3987 2623 4040 κατά
2668 3987 2791 4050 τοὺς
2822 3987 2879 4038 ὲν
2918 3988 3195 4044 Βαϐυλῶνι
3219 3993 3508 4062 αἰχμαλώ-

1933 4093 2082 4138 τους,
2104 4077 2256 4146 παρά
2274 4078 2371 4139 τάς
2394 4077 2538 4142 ἰτέας
2555 4081 2870 4149 κρεμῶντες
2894 4081 2962 4134 τὰ
2979 4081 3086 4134 τῶν
3104 4081 3256 4152 ᾠδῶν
3273 4086 3505 4153 ὄργανα,

1932 4168 2049 4221 ἀλλ’
2077 4169 2248 4228 ἀδεῶς
2297 4168 2502 4238 ὕμνουν
2547 4171 2700 4236 Θεὸν,
2732 4175 2872 4226 κατὰ
2901 4174 2990 4226 τὸν
3044 4175 3187 4226 Θείον
3215 4175 3404 4240 Δαυῖδ,
3445 4180 3509 4228 ἐν

1936 4259 2103 4312 παντὶ
2133 4260 2286 4331 τόπῳ
2340 4260 2441 4330 τῆς
2491 4262 2810 4324 δεσποτείας
2864 4265 3050 4318 αὐτοῦ.
3085 4265 3229 4320 Ἀλλ’
3281 4267 3392 4322 οὐδ’
3448 4269 3509 4321 ὲν

1937 4353 2135 4422 ἐκείνῳ
2165 4353 2243 4420 τῷ
2273 4354 2437 4423 χώρῳ
2485 4353 2716 4408 ἐπιπολὺ
2751 4355 3049 4425 διατρίϐειν
3103 4357 3288 4410 εἴασεν
3319 4359 3346 4409 ό
3393 4359 3510 4410 τῶν

1933 4443 2231 4514 όρθοδόξων
2267 4445 2446 4512 μόνων
2479 4445 2741 4515 πολέμιος
2765 4463 2778 4477 ο
2812 4445 2928 4498 ἀλλ’
2957 4446 3032 4509 ὡς
3063 4448 3221 4517 τάχος
3248 4449 3508 4500 κάκεῖθεν

1935 4535 2161 4602 ἀφίστα,
2195 4534 2292 4587 καὶ
2321 4534 2421 4604 τὴν
2475 4541 2800 4604 συναγωγὴν
2829 4537 3067 4608 διασπᾷν
3109 4540 3391 4609 ἐπειρᾶτο.
3435 4537 3503 4591 Ἦ

1936 4625 2056 4680 θεία
2079 4627 2187 4680 τῶν
2214 4627 2598 4697 ὑποποιμὲνων
2622 4627 2854 4680 τουτωνὶ
2875 4627 3129 4698 ξυνωρὶς,
3154 4630 3513 4698 γυμνάζουσα

269 4732 488 4787 quoque
524 4727 769 4786 tempore
800 4717 927 4772 inde
956 4717 1122 4771 etiam
1167 4717 1424 4772 secedere
1457 4720 1668 4790 coegit,
1698 4737 1822 4775 con-

1941 4718 2039 4786 μὲν
2070 4713 2136 4787 ἦν
2166 4717 2226 4768 τὸ
2259 4717 2632 4786 πνευματικὸν
2666 4717 2826 4770 τοῦτο
2859 4719 3113 4787 ποίμνιον
3152 4721 3286 4788 πρὸς
3319 4719 3417 4788 τὴν
3452 4722 3515 4770 ὲν

273 4819 606 4878 ventumque
630 4824 754 4862 cum
795 4809 1010 4863 solvere
1040 4818 1203 4877 atque
1250 4808 1518 4878 dissipare
1541 4820 1625 4864 est
1670 4827 1838 4866 cona-

275 4909 386 4954 tus.
428 4899 684 4954 Sedenim
741 4899 985 4956 divinum
1017 4898 1251 4953 duorum
1305 4901 1535 4954 iStorum
1569 4901 1837 4969 virorum,

275 4989 369 5057 qui
402 5005 501 5057 pro
531 4989 842 5058 pastoribus
865 5003 980 5044 rem
1017 4988 1296 5059 gerebant,
1329 5004 1428 5059 par
1449 5029 1464 5054 ,
1499 4989 1840 5060 spiritualem

277 5096 512 5149 gregem.
536 5081 600 5132 ad
632 5081 681 5132 id
719 5081 862 5148 quod
891 5080 943 5133 in
961 5080 1180 5134 Christo
1209 5089 1291 5133 est
1313 5080 1536 5144 bellum,
1569 5081 1842 5151 exercuit,

280 5184 443 5238 atque
485 5171 573 5224 uhi
607 5171 972 5239 pabulaudum
1004 5179 1168 5232 eSset,
1206 5171 1548 5224 monstravit.
1581 5172 1648 5226 Et
1673 5187 1838 5242 gene-

280 5279 441 5316 rosus
474 5263 695 5331 quidem
724 5262 1012 5322 Diodorus,
1053 5262 1275 5329 perinde
1301 5270 1464 5329 atque
1506 5263 1762 5329 pra-altus
1793 5274 1848 5317 ct

283 5353 586 5423 pellucidus
612 5353 810 5416 annuis,
843 5352 1029 5405 divino
1065 5352 1288 5404 ﬂumine
1315 5366 1444 5406 suos
1477 5353 1703 5419 potavit.
1732 5352 1847 5407 Ad-

283 5460 475 5500 versus
505 5445 714 5500 alienos
762 5457 944 5499 autem
1009 5444 1386 5498 vehementius
1450 5460 1572 5499 cum
1640 5445 1848 5514 impetu

289 5551 475 5600 ruens,
531 5538 812 5607 illegititua
849 5536 1102 5606 dogmata
1127 5536 1290 5590 diluit
1333 5546 1387 5591 et
1421 5535 1662 5592 abolevit
1691 5553 1706 5591 :
1740 5553 1848 5591 non

363 5709 440 5775 (ι)
470 5709 678 5764 'l‘heod.
712 5710 840 5765 cod.
875 5725 997 5775 cap.
1025 5709 1116 5772 ει.
1147 5711 1235 5766 ‘23.

1940 4807 2161 4876 Χριστῷ
2195 4807 2399 4877 μάχην,
2427 4807 2519 4860 xal.
2604 4807 2669 4878 δὴ
2691 4807 2974 4876 νέμεσθαι,
3003 4808 3369 4861 ἐπεδείκνυον.
3403 4809 3518 4861 Καὶ

1905 4951 1920 4964 ,
1942 4900 1970 4951 ὁ
2010 4901 2109 4968 μὲν
2141 4901 2384 4968 γενναῖος
2416 4900 2700 4970 Διόδωρος,
2736 4894 2825 4952 οίά
2875 4918 2960 4962 τις
3003 4901 3251 4967 ποταμὸς
3286 4900 3518 4969 βαθυδίο

1948 5005 2050 5058 νης
2081 4990 2177 5043 καὶ
2224 4989 2606 5053 διειδέστατος,
2639 4991 2701 5043 τὸ
2733 4989 2871 5044 θεῖον
2901 4992 3050 5058 νᾶμα
3082 4993 3196 5052 τοῖς
3232 4992 3520 5058 σφετέροις

1947 5079 2197 5150 ἐπήγαγε
2225 5095 2239 5110 ⁸
2273 5079 2530 5148 ραγδαίος
2560 5080 2617 5132 δὲ
2674 5083 2788 5142 τοῖς
2823 5079 3128 5149 ἀλλοτρίοις
3180 5079 3410 5143 κατιὼν,
3455 5084 3527 5132 τὰ

1949 5171 2081 5224 νόθα
2117 5171 2224 5224 τῶν
2248 5172 2535 5238 δογμάτων
2570 5171 2836 5234 ἐπέκλυζε
2893 5175 2989 5223 καὶ
3038 5172 3293 5240 ἠφάνιζε,
3354 5173 3431 5242 μὴ
3461 5173 3524 5224 τδ

1950 5263 2046 5315 τοῦ
2082 5263 2271 5329 γένους
2299 5262 2600 5330 περιφανὲς
2632 5263 2883 5330 οὐδαμῶς
2926 5263 2983 5314 ὲν
3018 5263 3162 5332 λόγῳ
3212 5265 3522 5332 τιθέμενοι,

1952 5355 2135 5422 φέοων
2163 5353 2208 5404 δ’
2255 5349 2314 5405 εὖ
2357 5353 2502 5421 μάλα
2557 5352 2616 5404 τὸ
2652 5353 2882 5422 πάσχειν
2921 5353 3062 5422 ὑπὲρ
3110 5354 3204 5422 τῆς
3260 5354 3523 5412 πίστεως.

1952 5445 2248 5507 Φλαὸιανὺς
2293 5445 2348 5498 δὲ
2383 5447 2476 5498 καὶ
2515 5445 2675 5508 αὐτὸς
2705 5444 2812 5496 τῶν
2865 5443 2928 5498 εὐ
2975 5443 3278 5513 γεγονότων
3323 5443 3419 5508 ὢν,
3469 5445 3530 5494 τὸ

1959 5537 2178 5601 εὐσεϐὲς
2241 5536 2340 5606 τῆς
2396 5535 2674 5603 εὐγενείας
2733 5536 3050 5604 προύτίθει·
3099 5537 3194 5589 καὶ
3263 5535 3408 5589 καθά
3444 5553 3526 5600 τι,
