3986 6190
290 314 408 378 αδ

288 515 441 583 πρὶς
478 515 541 568 τὸ
593 515 741 587 ἱερὸν
768 514 866 585 τῆς
893 512 1180 576 εὐσεϐείας
1214 511 1511 566 πένταθλον
1536 528 1549 541 ·
1582 510 1639 574 ὃς
1672 509 1738 581 δὴ
1785 510 1879 562 καὶ

300 606 396 660 ἐπ’
426 606 727 678 ἐκκλησίας
750 606 1090 676 δημηγορεῖν
1118 606 1220 658 οὐκ
1274 600 1444 674 εἶχεν,
1480 603 1577 657 ὅτε
1610 604 1729 664 νέος
1781 601 1878 663 ὢν,

304 699 405 750 καὶ
444 698 614 767 μήπω
647 700 728 759 είς
756 696 1059 768 ἱερωσύνης
1091 695 1477 764 παραγγείλας
1510 694 1739 764 βαθμόν.
1766 694 1881 747 Οὐκ

281 826 287 831 -
313 786 609 857 ἓλαχίστην
646 786 832 855 μέντοι
868 787 1063 857 μοῖραν
1097 785 1320 854 είσῆγεν
1349 781 1756 853 ἐνθυμημάτων
1787 782 1882 836 καὶ

311 898 347 947 γ
355 879 606 948 ραφικῶν
625 895 722 948 νοη
731 878 1042 949 μάτωντοῖς
1060 877 1217 930 τοῦτο
1231 875 1433 946 δρῶσιν
1450 878 1515 929 ἐκ
1541 875 1825 947 προτροπῆ
1836 892 1878 937 ς.

292 970 423 1024 ’Καὶ
452 970 500 1022 oi
534 970 635 1037 μὲν
660 971 774 1032 τοῖς
808 966 869 1035 ἐξ
895 970 1114 1040 Ἀρείου
1148 969 1450 1040 βλάσφημα
1484 967 1735 1037 βάλλουσι
1761 983 1887 1021 συν-

306 1068 408 1133 εχῆ
442 1064 573 1128 τόξα
601 1062 947 1116 κατέτεινοντ
983 1064 1012 1115 ὁ
1060 1063 1115 1116 δὲ
1155 1064 1411 1132 καθάπερ
1463 1062 1524 1114 ἔκ
1557 1077 1703 1122 τινος
1736 1060 1886 1129 βελο-

313 1154 495 1224 θήκης
535 1152 568 1223 ἥ
602 1154 886 1225 φαρέτρας
924 1155 1024 1223 τῆς
1059 1157 1231 1223 σοφῆς
1284 1153 1527 1211 διανοίας
1570 1152 1778 1204 ἐκείνου
1816 1151 1887 1203 τὰ

310 1246 447 1316 βέλη
476 1245 585 1298 τῶν
612 1244 903 1314 νοημάτων
931 1246 1112 1297 πυκνά
1146 1245 1486 1315 προσέφερε.
1526 1244 1635 1296 Καὶ
1668 1244 1756 1295 ἔπ’
1791 1243 1883 1294 ὲκ·-
1918 1286 1923 1292 .

309 1337 552 1407 κλησίας
584 1338 686 1408 μὲν
708 1337 891 1404 λέγειν
921 1337 1024 1391 οὐκ
1058 1331 1226 1406 εῖχεν,
1255 1335 1331 1398 ὡς
1363 1335 1584 1406 εἴρηται
1610 1350 1624 1364 ·
1661 1333 1803 1386 οῐκοι
1828 1331 1887 1385 δὲ

306 1432 407 1481 καὶ
431 1426 669 1497 δημοσίᾳ
698 1426 828 1489 τοὺς
883 1425 1169 1493 διαλόγους
1217 1423 1525 1492 τιθέμενος,
1569 1421 1669 1483 τὰς
1709 1419 1887 1488 ἄρκυς

303 1518 421 1571 τῶν
445 1516 859 1572 δυσσεῦούντων
886 1515 1106 1578 διέσπα,
1136 1513 1415 1585 ἀραχνίων
1449 1513 1573 1566 κατ’
1596 1509 1748 1563 οὐδέν
1769 1509 1887 1562 δια-

309 1610 506 1682 φέρειν
536 1610 752 1673 δεικνὺς
775 1608 844 1663 τά
873 1607 927 1677 γ’
964 1607 1194 1669 ἐκείνοις
1214 1605 1588 1677 ἀναντίρρητα
1623 1599 1888 1665 δοκοῦντα

305 1702 427 1755 τῶν
456 1699 884 1772 προϐλημάτων.

1228 306 1842 367 ZECCLESIASTlCAi
1883 306 2277 368 HISTORMZ
2306 307 2451 366 Lli}.
2496 307 2602 365 XI.

305 423 666 496 παιδοτρίϐης
715 422 969 495 Διοδώρῳ
1020 423 1351 487 καθίστατο,
1404 421 1873 490 παραταττομένῳ

1994 420 2155 485 uagui
2189 417 2278 472 ille
2303 417 2519 487 generis
2549 415 2630 470 sui
2656 414 2906 484 praeclari
2937 414 3284 486 splendorem
3321 417 3554 491 faciens,
3645 415 3664 493 έ

1983 509 2302 563 οωίοιίοιιεε
2324 517 2503 561 auth
2532 514 2587 561 et
2637 521 2910 561 aerumnas
2933 523 3032 577 pro
3064 508 3169 564 ﬁde
3200 525 3309 564 non
3340 528 3559 579 gravato
3658 508 3661 515 ’

3448 306 3553 370 (iiii

1982 599 2188 652 ferens.
2232 597 2521 652 Flavianus
2574 610 2738 658 vero,
2781 595 2873 664 qui
2917 605 2974 650 et
3020 596 3136 666 ipse
3174 613 3238 652 ex
3271 597 3557 654 nobilitate

1984 699 2124 756 erat,
2143 706 2329 746 veram
2358 689 2612 758 pietatem
2635 688 2854 759 generis
2891 690 3121 745 claritati
3153 690 3313 760 longe
3340 706 3561 761 quoque

1985 784 2305 853 praeposuit.
2342 783 2391 836 ls
2416 781 2583 838 veluti
2613 781 2834 853 quidam
2868 783 3280 853 ludimagister,
3319 783 3559 838 Diodoro

1984 873 2050 927 ad
2082 889 2298 927 sacrum
2334 874 2557 943 pietatis
2590 876 3005 945 quinquertium
3050 876 3318 931 instructo
3348 875 3507 930 aﬂ‘uit
3542 894 3555 929 :

1985 976 2148 1034 atque
2173 965 2225 1019 in
2244 968 2492 1020 ccclesiis
2516 969 2735 1037 quidem
2765 969 2858 1023 ille
2883 969 3196 1023 concioaari
3225 985 3331 1023 non
3358 971 3556 1035 posuit,

1985 1058 2129 1129 quod
2158 1059 2348 1129 junior
2375 1059 2557 1115 adhuc
2601 1070 2666 1115 au
2705 1061 3001 1115 sacerdotii
3030 1060 3258 1130 gradum
3291 1077 3400 1115 non
3428 1078 3560 1115 con-

1985 1149 2291 1205 srendisset
2328 1169 2341 1205 :
2381 1151 2477 1206 sed
2529 1168 2636 1207 non
2680 1153 3060 1222 paenitendum
3089 1154 3556 1223 enthymematum

1985 1255 2082 1296 seu
2117 1252 2589 1309 argumentorum,
2613 1253 2775 1312 atque
2804 1259 2871 1299 ex
2896 1245 3195 1313 Scripturis
3216 1245 3563 1314 deprompta-

1986 1345 2108 1384 rum
2144 1328 2539 1387 sententiarum
2581 1344 2918 1388 momentum
2951 1335 3054 1401 eis,
3107 1336 3199 1405 qui
3243 1335 3293 1388 id
3320 1335 3560 1405 legitima

1986 1416 2367 1479 cohortatione
2417 1426 2583 1480 exciti
2615 1425 2912 1493 faciebant,
2965 1429 3351 1496 suppeditavit.
3385 1428 3452 1483 Et
3481 1428 3561 1482 illi

1986 1513 2205 1582 quidem
2233 1514 2499 1571 adversus
2536 1517 2769 1572 Arianos
2794 1518 3117 1585 blasphema
3160 1521 3327 1574 verba
3350 1519 3561 1588 jactan-

1989 1612 2094 1667 tes,
2118 1606 2376 1661 continue
2402 1623 2590 1662 arcum
2623 1609 2982 1665 intendebant
3008 1628 3022 1664 :
3055 1610 3144 1665 hic
3174 1623 3358 1667 autem
3388 1613 3558 1666 veluti

1990 1708 2059 1749 ex
2098 1696 2353 1759 pharetra
2406 1700 2660 1769 quapiam
2687 1742 2700 1765 ,
2736 1702 2817 1755 sic
2852 1717 2916 1756 ex
2959 1702 3188 1771 sapienti
3221 1713 3403 1756 mente
3436 1718 3558 1763 sua,

308 1793 627 1863 frequentia
659 1788 1054 1846 sententiarum
1089 1790 1196 1845 tela
1224 1786 1700 1844 subministrabat.
1767 1784 1835 1840 Et
1865 1784 1920 1839 in
1961 1786 2218 1851 ecclesia,
2281 1790 2739 1859 quemadmodum
2786 1792 3046 1856 diximus,
3075 1794 3273 1849 docere
3317 1810 3424 1848 non
3462 1810 3563 1863 pu-

309 1887 468 1944 tuit:
500 1886 648 1944 domi
684 1903 816 1941 vero
844 1899 900 1940 et
935 1886 988 1939 in
1012 1886 1251 1956 publicis
1272 1882 1739 1955 disputationibus
1816 1880 2110 1949 impiorum
2178 1884 2312 1938 retia
2372 1885 2629 1956 disrupit,
2658 1898 2714 1943 et
2746 1889 2882 1943 nihil
2942 1891 3008 1945 ab
3071 1906 3393 1945 aranearum
3439 1891 3565 1946 telis

290 1970 548 2038 ‘dill'erre
575 1980 836 2048 ostendit,
863 1994 1001 2051 quas
1030 1979 1151 2049 ipsi
1203 1977 1610 2048 irrel’ragabiles
1633 1989 1756 2030 esse
1786 1973 2052 2044 putabant
2080 1978 2412 2046 quastiones
2441 1992 2606 2053 atque
2633 1984 3064 2052 propositiones.

888 2098 1142 2152 ΚΕΦΑΛ.
1190 2096 1322 2151 KE'.

304 2193 459 2260 Περὶ
484 2190 604 2246 τῶν
630 2191 822 2245 ὁσίων
861 2187 1193 2260 Ἀφραάτοι)
1240 2185 1759 2260 καλ-Ἰουλιανοᾷ
1809 2186 1891 2247 ὡς

386 2254 497 2326 ade
528 2264 598 2313 ἐν
617 2260 816 2329 ἐρήμῳ
834 2254 1119 2324 ,λιπόντες
1144 2255 1465 2325 διατριϐὰς,
1498 2254 1609 2323 τῆς
1628 2258 1891 2325 ποίμνης

387 2329 651 2400 Χριστοῦ
680 2330 1107 2399 ὑπερίσταντο.

390 2444 467 2498 Ού
501 2431 678 2514 μικρὰ
706 2443 762 2498 δὲ
807 2444 885 2513 τῷ
915 2442 1088 2510 ἀγῶνι
1133 2440 1347 2505 τούτοις
1378 2437 1686 2510 τηνικαῦτα
1720 2438 1889 2507 συνής

310 2553 458 2606 ρατο
489 2536 584 2589 καὶ
610 2537 637 2588 ὁ
655 2535 755 2605 τὴν
781 2533 1055 2588 πολιτείαν
1085 2533 1291 2595 ἐκεῖνος
1324 2532 1493 2594 πολὺς
1525 2529 1842 2600 ’Δφραάτης
1871 2544 1885 2559 ⁸

305 2620 381 2681 οὗ
406 2627 497 2682 τὸν
526 2625 640 2698 βίον
679 2627 773 2680 καὶ
805 2627 834 2679 ὀ
871 2624 1035 2695 σοφὸς
1065 2608 1397 2694 έεοδώριτος
1436 2625 1496 2677 ιν
1526 2626 1592 2693 τῇ
1630 2622 1762 2692 παρ’
1792 2621 1891 2675 αὺ-

306 2719 415 2772 τοῦ
452 2719 833 2793 συχγραφείσῃ
888 2716 1056 2787 βίϐλῳ
1084 2716 1183 2784 τῆς
1215 2714 1463 2784 φιλοθέου
1514 2716 1756 2785 ἱστορίας
1795 2733 1891 2768 συ·

308 2809 584 2882 γέγραφε.
624 2809 736 2864 Καὶ
767 2803 924 2870 οὗτος
962 2808 1072 2877 γὰρ
1097 2807 1197 2876 τῆς
1225 2806 1431 2878 ἡσύχου
1453 2805 1729 2875 διαγωγῆς
1755 2823 1892 2876 προ-

307 2900 561 2968 τιμήσας
611 2898 715 2969 τὴν
771 2898 1049 2967 σωτηρίαν
1082 2897 1181 2967 τῆς
1216 2896 1457 2965 Χριστοῦ
1494 2896 1750 2966 ποίμνης,
1788 2898 1888 2964 τὴν

311 2988 627 3062 ἁσκητικὴν
653 2988 897 3056 καλύὸην
921 2989 1101 3058 ἀφεὶς,
1133 2988 1235 3058 τῆς
1265 2989 1515 3059 μάνδρας
1567 2988 1889 3057 ἐπεμελεῖτο

311 3081 558 3148 Χριστοῦ
587 3098 602 3114 ο
668 3082 766 3134 καὶ
829 3080 1019 3149 ἱδρῶσι
1059 3082 1412 3153 περιερρεῖτο
1463 3080 1728 3135 πάντοθεν
1761 3080 1888 3143 τοὺς

309 3176 516 3236 λύκους
541 3173 806 3229 ἐλαύνων.
841 3171 988 3226 Ἀλλ’
1042 3172 1165 3233 ὅσος
1198 3173 1300 3241 μὲν
1325 3175 1353 3225 ὁ
1380 3166 1479 3242 τῆς
1505 3174 1705 3243 ἀρετῆς
1736 3173 1887 3243 αὐτῷ

314 3267 574 3332 πλοῦτος,
600 3264 696 3318 καὶ
722 3258 812 3319 οἷα
845 3263 1023 3318 ποιῶν
1072 3263 1217 3333 ὑπὲρ
1244 3263 1530 3334 ἄνθρωπον
1557 3264 1824 3332 ἐγεγόνει,
1853 3266 1886 3335 ἠ

313 3360 583 3430 εἰρημένη
617 3358 801 3428 βίϐλος
830 3358 908 3426 τῷ
941 3356 1252 3427 βουλομένῳ
1274 3356 1530 3426 δηλώσει.
1566 3356 1710 3423 Ἐγὼ
1740 3358 1797 3410 δὲ
1828 3356 1887 3409 ἓν

311 3425 695 3515 τιῦννὲκεί-νου,
727 3450 756 3503 ὃ
803 3425 1087 3518 προσῆκον
1111 3425 1260 3502 εῖναι
1284 3425 1492 3518 νομίζω
1534 3452 1601 3519 τῇ
1635 3450 1887 3521 παρούσῃ
1913 3425 1958 3483 c

313 3541 386 3611 δὴ
413 3536 793 3609 πραγματείᾳ,
840 3535 999 3589 δώσω
1046 3535 1123 3604 τῷ
1165 3536 1329 3606 λόγῳ.
1365 3535 1627 3606 Ὀρόντης
1661 3540 1689 3589 ὀ
1723 3554 1889 3592 ποτα-

316 3632 448 3701 μδς,
480 3632 544 3685 ἐκ
573 3633 672 3699 μὲν
711 3627 888 3699 βορῤἄ
935 3629 1216 3701 παραρρεῖ
1238 3627 1307 3682 τὰ
1345 3630 1439 3682 ἐπὶ
1477 3633 1578 3700 τῆς
1612 3629 1887 3700 Ἀντιόχου

318 3723 605 3794 βασίλεια·
644 3721 775 3775 στοὰ
826 3721 885 3774 δέ
927 3738 1009 3784 τις
1051 3721 1283 3791 μεγίστη
1335 3722 1477 3774 κατὰ
1537 3721 1889 3792 μεσημϐρίαν

313 3813 585 3883 διώροφος
632 3815 1000 3886 ἀνεγήγερται
1048 3814 1127 3883 τῷ
1178 3812 1280 3881 τῆς
1338 3812 1545 3876 πόλεως
1588 3810 1887 3883 περιὸὀλῳξ

316 3905 552 3974 πύργοις
584 3904 808 3976 ὑψηλοῖς
852 3906 1202 3977 ἑκατέρωθεν
1245 3905 1604 3974 κοσμουμένη
1633 3920 1647 3933 ο
1680 3905 1886 3972 μεταξὺ

313 4000 378 4052 δὲ
419 3998 525 4051 τῶν
551 3997 844 4069 βασιλείων
892 3998 1059 4052 οῖκων
1087 4001 1183 4051 καὶ
1222 3995 1318 4050 τοῦ
1368 3995 1617 4064 ποταμοῦ
1658 3996 1776 4058 ἑδός
1807 3998 1891 4058 τίς

316 4093 492 4156 ἐστιν,
528 4090 900 4160 ὑποδεχομένη
930 4092 1053 4153 τοὺς
1078 4090 1144 4143 ἐκ
1176 4091 1286 4143 τῶν
1318 4091 1496 4143 ἐκεῖσε
1523 4087 1759 4151 διιόντσς
1789 4104 1891 4140 πυ-

316 4181 452 4245 λῶν,
480 4181 575 4234 καὶ
607 4181 687 4244 είς
720 4181 847 4244 τοὺς
886 4181 1136 4247 γείτονας
1171 4180 1431 4243 ἁστικοὺς
1474 4180 1681 4249 ἀγροὺς
1709 4195 1892 4248 παρα-

317 4277 637 4344 πέμπουσα.
670 4274 895 4346 Ταύτην
947 4274 1011 4346 δὴ
1061 4275 1157 4344 τὴν
1186 4276 1303 4328 ὁδὸν
1351 4276 1379 4326 ὁ
1435 4273 1723 4336 θεσπέσιὸς
1758 4290 1886 4327 ποτε

328 4367 650 4438 Ἆφραὰτης
684 4366 803 4432 ἰὼν,
840 4369 916 4430 εἰς
957 4368 1019 4420 τὸ
1065 4369 1161 4437 τῆς
1207 4368 1443 4429 πίστεως
1483 4365 1647 4438 ἀπῄει
1677 4364 1889 4434 γυμνά-

318 4475 455 4522 σιον,
484 4461 595 4521 τοῖς
615 4458 854 4529 Χριστοῦ
881 4459 1176 4529 προὸάτοις
1207 4458 1307 4528 τὴν
1338 4458 1724 4527 ἁρμόττουσαν
1771 4460 1889 4509 εἱσ-

317 4551 482 4604 οίσων
536 4553 772 4621 τροφήν.
820 4552 916 4606 ⁸ον
948 4550 1158 4604 ἄνωθεν
1181 4550 1432 4622 βασιλεὺς
1457 4550 1720 4621 παριόντα
1742 4549 1891 4620 ἑώρα

314 4644 417 4712 τῆς
451 4644 614 4704 στοᾶς
664 4641 1033 4713 ύπερκύπτων
1084 4641 1335 4713 (σισύραν
1393 4642 1502 4714 γὰρ
1553 4643 1887 4714 ὴμφίεστο)υ

318 4734 418 4788 καὶ
461 4732 613 4803 βαθεῖ
666 4732 746 4802 τῷ
776 4734 925 4806 γήρᾳ
976 4733 1326 4804 πεπονηκὼς,
1373 4735 1567 4788 θᾶττον
1623 4735 1888 4807 διέτρεχε.

318 4821 479 4884 me;
524 4820 571 4873 δ’
617 4821 871 4885 εἰπόντος
914 4820 992 4891 τῷ
1054 4821 1284 4892 βασιλεῖ,
1337 4822 1547 4875 ἐκεῖνον
1600 4818 1743 4877 εῖναι
1799 4825 1890 4877 τὸν

331 4912 676 4982 ’Δφραάτην,
711 4909 923 4979 οὗτινος
951 4912 1012 4965 τὸ
1033 4912 1128 4980 τῆς
1156 4912 1363 4975 πόλεως
1391 4912 1632 4983 ἐξέχεται
1665 4914 1888 4984 πλῆθος,

317 5006 347 5057 6
381 5003 661 5072 βασιλεὺς,
712 5021 732 5055 ι
777 5003 885 5058 Ποῦ
914 5002 980 5076 δὴ
1024 5002 1303 5075 βαδίζειςς
1340 5004 1544 5059 ἄνωθεν
1571 5003 1760 5075 ἠρώτα
1798 5006 1891 5059 τὸν

304 5099 489 5163 ,ὃσιον.
527 5115 547 5148 ο
595 5096 655 5150 ’0
687 5095 766 5162 δὲ,
808 5114 828 5146 ι
869 5094 1041 5166 ’Υπὲρ
1087 5095 1187 5165 τῆς
1226 5096 1328 5167 σῆς
1381 5095 1678 5167 βασιλείας,
1731 5099 1890 5166 φησὶ,

316 5188 782 5259 προσευξόμενος.
829 5206 848 5240 ι
879 5188 988 5242 Καὶ
1021 5189 1048 5240 ὁ
1082 5187 1362 5256 βασιλεὺς,
1401 5206 1419 5239 ι
1460 5187 1605 5241 Ἀλλ’
1630 5189 1800 5260 ἐχρῆν
1829 5206 1884 5242 σε

318 5280 512 5346 νόμοις
542 5278 807 5346 ἑπόμενον
859 5279 1138 5348 μοναχῶν,
1170 5277 1311 5333 οίκοι
1355 5279 1559 5349 μένειν,
1590 5281 1681 5332 καὶ
1710 5278 1891 5350 ἠσυχῆ

317 5364 641 5433 καθήμενον
694 5364 854 5418 τοῦτο
904 5365 1058 5436 δρᾷν.
1110 5384 1126 5417 ι
1173 5367 1230 5418 'U
1275 5366 1333 5418 δὲ
1386 5365 1527 5429 θεῖος
1579 5367 1893 5437 πρεσσύτης

320 5458 507 5527 σοφῶς
541 5458 684 5527 μάλα
711 5460 1014 5530 ἐπέφερεν
1056 5479 1073 5511 ι
1106 5456 1202 5523 Εὖ,
1238 5460 1396 5530 φησὶ,
1429 5461 1629 5529 λέγεις,
1658 5453 1703 5513 ὧ
1734 5459 1894 5530 βασι-

316 5553 440 5617 λεῦ,
472 5552 631 5606 τοῦτό
679 5570 745 5623 με
796 5553 929 5625 δρᾷν
960 5553 1089 5619 ἔδει,
1122 5552 1216 5605 καὶ
1248 5551 1405 5605 τοῦτο
1436 5549 1706 5606 διετέλουν
1728 5551 1896 5620 πράτ-

399 5736 450 5807 (ι
461 5742 478 5803 )
520 5732 728 5814 Theod.
758 5747 878 5801 cap.
907 5729 998 5786 εδ.

1911 2091 1962 2152 Β

2541 2099 2767 2155 CAPUT
2806 2100 2975 2157 XXV.

1987 2186 2070 2241 De
2091 2199 2277 2243 sancto
2323 2190 2594 2259 Aphraate
2660 2205 2710 2248 et
2742 2195 2961 2250 Iuliano
2984 2214 3003 2252 :
3048 2205 3105 2251 ut
3139 2198 3482 2253 monasticam
3508 2201 3563 2253 in

2058 2258 2345 2339 solitudine
2374 2263 2536 2317 vitam
2565 2265 2945 2338 relinquentes,
2985 2284 3193 2339 gregem
3231 2267 3428 2323 Christi
3456 2272 3561 2323 sint

1968 2348 1989 2364 ο
2064 2330 2244 2383 tutati.

2057 2440 2177 2493 Non
2209 2456 2402 2511 parum
2437 2456 2566 2496 vero
2606 2442 2685 2511 (Ι)
2724 2444 2831 2499 illis
2864 2454 2978 2500 tum
3030 2447 3084 2502 iu
3113 2449 3414 2502 certamine
3463 2449 3567 2503 hoe

1990 2530 2112 2599 opis
2193 2547 2414 2601 quoque
2489 2533 2674 2589 attulit
2731 2535 2931 2605 insigni
2980 2538 3088 2592 vita
3138 2539 3430 2607 pra'clarus
3477 2541 3570 2595 ille

1987 2620 2312 2689 Aphraates.
2346 2640 2508 2694 quam
2551 2627 2769 2695 sapiens
2801 2628 3171 2685 Theodoritus
3196 2631 3246 2685 in
3284 2632 3569 2686 volumine

1990 2711 2085 2767 Dei
2136 2714 2437 2769 amantium
2490 2714 2735 2773 historiae
2787 2719 3134 2789 conscripsit.
3171 2722 3306 2777 Nam
3357 2735 3416 2777 et
3465 2724 3558 2778 hic

1989 2808 2179 2877 quieto
2212 2809 2336 2863 vita:
2386 2809 2643 2865 instituto
2691 2813 2872 2883 gregis
2928 2813 3134 2869 Christi
3168 2816 3398 2871 salutem
3427 2832 3565 2887 pra:-

1990 2900 2116 2953 tulit
2146 2915 2157 2951 :
2187 2906 2241 2952 et
2276 2902 2637 2955 monasticum
2678 2903 2999 2972 relinquens
3024 2906 3380 2978 tuguriolum,
3409 2909 3570 2962 ovilis

1987 2989 2187 3045 Christi
2233 3006 2418 3045 curam
2477 2992 2673 3062 gessit,
2708 3002 2764 3048 et
2830 2995 3001 3049 multo
3041 2996 3290 3052 dillluens
3342 2997 3562 3060 sudoro.

1987 3078 2147 3148 lupos
2181 3079 2422 3153 undique
2458 3082 2527 3136 ab
2562 3099 2630 3138 eo
2691 3086 2908 3155 repulit.
2947 3087 3217 3143 Caterum
3261 3105 3425 3158 quam
3479 3090 3565 3144 lo-

1989 3172 2186 3232 cuples
2212 3173 2415 3228 virtute
2452 3174 2617 3230 fuerit
2643 3220 2656 3241 ,
2685 3185 2742 3231 et
2771 3192 2893 3247 quas
2932 3193 3095 3249 supra
3130 3188 3348 3250 captum
3390 3181 3569 3235 homi-

1986 3264 2075 3317 nis
2104 3264 2315 3331 fecerit,
2355 3266 2515 3338 149
2554 3268 2601 3323 is
2642 3284 2806 3337 quem
2849 3269 3087 3326 diximus
3116 3272 3256 3330 liber
3313 3275 3568 3330 evolvere

1989 3372 2112 3410 eum
2165 3358 2368 3413 volenti
2414 3359 2687 3417 ostendet.
2738 3361 2851 3433 Ego
2899 3379 3029 3419 vero
3097 3381 3264 3420 unum
3307 3366 3566 3436 quiddam

1996 3449 2142 3504 illius
2207 3460 2455 3506 actorum
2500 3451 2630 3507 huic
2664 3454 2786 3508 loco
2837 3456 3332 3518 accommodatum,
3367 3474 3561 3513 recen-

1995 3540 2223 3594 sendqu
2283 3540 2338 3595 in
2392 3557 2556 3612 opere
2608 3543 2713 3598 hoc
2762 3544 2916 3600 duxi.
2967 3546 3201 3601 Orontes
3238 3546 3436 3603 ﬂuvius
3490 3550 3562 3603 ab

1994 3631 2313 3701 Aquilonari
2380 3644 2536 3703 parte
2596 3635 2936 3704 imperialem
2983 3637 3286 3696 Antiochiae
3341 3639 3564 3695 domum

1996 3726 2420 3795 praaterlabitur.
2466 3728 2718 3784 Particus
2783 3738 2967 3785 autem
3025 3730 3273 3800 quaedam
3328 3733 3562 3787 maxima

1995 3819 2230 3881 duorum
2258 3818 2581 3886 culminum,
2618 3821 2670 3873 in
2713 3830 2868 3889 parte
2908 3822 3255 3877 meridionali
3312 3825 3377 3879 ad
3411 3824 3564 3879 urbis

1995 3912 2219 3974 mornia.
2245 3912 2482 3980 praelatis
2511 3913 2758 3971 turribus
2801 3923 3029 4005 utraque
3066 3930 3130 3971 cx
3170 3925 3325 3986 parte
3348 3918 3565 3984 conspi-

1995 4019 2118 4063 cua.
2145 4014 2226 4060 est
2257 4016 2555 4060 exstructa.
2580 4006 2725 4060 inter
2753 4008 3062 4077 imperiales
3087 4008 3233 4064 aedes
3261 4019 3318 4065 et
3346 4025 3560 4064 amnem

1993 4096 2082 4149 via
2120 4103 2225 4160 est,
2249 4111 2368 4164 qua:
2400 4110 2498 4164 per
2524 4105 2733 4164 portant
2769 4111 2890 4166 qua:
2924 4095 3087 4152 isthic
3111 4106 3214 4157 est.
3245 4108 3440 4153 cuutes
3462 4116 3559 4155 ex-

1996 4187 2227 4256 cipiens,
2252 4186 2307 4241 in
2338 4187 2550 4242 vicinos
2583 4185 2930 4241 suburbanos
2958 4202 3121 4255 agros
3153 4188 3392 4261 deducit,
3411 4190 3564 4248 lianc

1996 4277 2139 4331 viam
2170 4275 2464 4345 aliquando
2490 4275 2651 4329 divus
2675 4273 2964 4330 insistebat
2988 4276 3310 4343 Aphraates.
3334 4260 3399 4332 ad
3437 4278 3559 4335 ﬁdei

1996 4366 2341 4439 gymnasium
2365 4368 2564 4431 iturus,
2590 4376 2645 4422 et
2682 4365 2876 4422 ovibus
2895 4364 3099 4422 Christi
3131 4383 3439 4438 congruens
3467 4387 3563 4439 pa-

1997 4456 2185 4512 bulum
2238 4458 2525 4512 allaturus.
2565 4456 2704 4511 Eum
2751 4471 2783 4512 e
2823 4456 3107 4525 superiore
3155 4457 3277 4511 loco
3322 4460 3566 4527 porticus

1999 4557 2351 4620 prospectans
2401 4548 2701 4617 imperator
2765 4545 2949 4605 vidit:
3017 4548 3189 4617 sisyra
3237 4548 3405 4609 enim,
3466 4564 3560 4602 seu

1996 4649 2146 4694 veste
2177 4655 2242 4692 ex
2268 4639 2452 4693 ovium
2484 4639 2693 4693 villosis
2733 4635 2972 4703 pellibus
3002 4646 3231 4691 consula
3258 4676 3272 4698 ,
3307 4637 3561 4698 amictus.

1996 4742 2052 4788 et
2081 4732 2237 4786 senio
2274 4731 2446 4784 multo
2471 4728 2776 4792 conlectus.
2807 4730 3042 4784 celerius
3066 4737 3243 4782 tamen
3281 4729 3558 4782 currebat.

1994 4825 2064 4881 Et
2090 4822 2313 4893 quidam
2348 4821 2685 4889 imperatori,
2713 4821 2857 4875 hunc
2890 4836 3012 4875 esse
3036 4820 3363 4889 Aphraatem
3385 4820 3561 4879 illum,

1996 4931 2062 4970 ex
2091 4930 2201 4985 quo
2249 4912 2418 4968 totius
2448 4912 2600 4967 urbis
2649 4911 2945 4966 multitudo
2989 4910 3270 4979 penderet,
3308 4910 3464 4966 dixit.
3499 4913 3564 4965 Et

1994 5008 2088 5064 ille
2121 5023 2151 5061 e
2179 5005 2392 5076 porticu
2426 5004 2610 5058 virum
2654 5013 2905 5060 sanetum
2947 5004 3294 5071 interrogans
3328 5020 3341 5055 :
3371 5022 3388 5054 ι
3413 5003 3564 5068 Quo-

1994 5113 2159 5162 nam,
2216 5077 2435 5165 inquit,
2476 5094 2717 5149 vadis?»
2770 5095 2949 5164 Atque
2997 5094 3298 5165 Aphraates
3326 5132 3342 5158 ,
3404 5114 3421 5146 ι
3460 5095 3563 5148 Pro

1994 5186 2227 5257 imperio
2257 5194 2351 5241 tuo
2382 5193 2726 5256 precaturus,
2752 5203 2771 5238 ι
2804 5184 3105 5254 respondit.
3147 5205 3165 5237 ι
3198 5185 3381 5256 Atqui,
3407 5202 3423 5235 ι
3460 5184 3561 5238 im-

1996 5289 2216 5350 perator
2281 5277 2488 5344 intulit,
2525 5295 2545 5329 ι
2579 5276 2727 5332 domi
2758 5286 2828 5344 te,
2853 5276 2949 5344 qui
2974 5276 3123 5347 leges
3167 5274 3563 5329 monachorum

1998 5366 2267 5437 ssqueris,
2304 5379 2562 5431 manere,
2614 5365 2799 5436 ibique
2828 5365 3014 5436 quiete
3043 5364 3417 5419 considentem
3463 5362 3565 5416 hoc

1999 5459 2181 5516 facere
2229 5459 2494 5533 oportuit.
2533 5477 2553 5513 ι
2610 5458 2750 5515 Tum
2796 5458 3018 5514 divinus
3079 5472 3248 5513 senex
3305 5472 3566 5527 perquam
3605 5526 3611 5531 ι

2000 5551 2276 5622 sapienter
2305 5550 2422 5609 ait:
2457 5569 2477 5604 ι
2497 5549 2665 5607 Recte
2703 5559 2759 5606 tu
2786 5549 3033 5621 quidem,
3063 5564 3097 5605 ο
3137 5549 3454 5619 imperator,
3480 5547 3568 5603 di-
