3986 6190
330 323 440 384 (ἶᾷῖῖ

333 436 524 490 functo
547 472 562 497 ,

1521 304 1939 365 NlCEPliOliI
1979 303 2323 363 CALLISTI

651 427 895 484 ecclesiae
983 424 1150 493 ἰμμίιιε
1217 420 1586 492 gubernacula
1640 416 1902 484 suscepit.
1944 415 2282 469 Admirando
2347 424 2527 469 autem
2597 413 3119 484 Protogeni,Carrae
3147 415 3339 469 civitas
3363 417 3577 472 Grami-

3449 303 3564 365 «ιιι

337 545 456 583 rum
485 524 877 597 praestigiarum
908 520 1080 588 spinis
1121 519 1316 577 obsita,
1343 515 1640 570 excolenda
1687 511 1898 566 credita
1937 524 2066 567 est:
2131 527 2239 580 qua
2287 511 2471 565 labore
2540 511 2712 565 multo
2758 521 3068 581 repurgata,
3097 511 3376 567 cmlestem
3435 530 3580 569 rem

335 623 556 693 pietatis
588 619 821 673 fructum
867 612 1131 683 percepit.
1165 612 1268 666 Sed
1297 610 1364 664 de
1399 609 1486 664 his
1510 619 1716 677 pestea.

803 728 958 800 ιω
987 727 1210 782 CAPUT
1246 726 1436 780 xxrv.

339 851 418 904 De
434 856 615 902 sancto
647 845 895 899 Flaviano
919 853 967 895 et
1002 841 1251 900 Diodoro,
1279 841 1449 908 utipsi
1471 855 1676 908 gregem
1707 838 1902 891 Meletii

409 919 659 977 rexerint,
713 931 828 967 cum
883 917 1114 966 nondum
1188 909 1532 980 epismpalem
1587 910 1902 979 dignitatem

410 987 778 1056 suscepissent.

411 1095 610 1150 Valens
660 1093 868 1147 diutius
898 1091 1200 1146 Antiochiae
1227 1097 1596 1142 commoratus
1618 1127 1634 1152 ,
1701 1087 1904 1143 Euzoio

339 1189 412 1245 ibi
460 1187 721 1242 ecclesias
764 1197 1002 1254 regente,
1043 1182 1264 1242 Judaeis,
1316 1192 1371 1234 et
1403 1179 1638 1234 ethnicis
1681 1179 1900 1243 Graecis,

338 1291 500 1348 atque
527 1280 691 1332 etiam
719 1277 814 1344 qui
843 1273 1282 1329 Christianorum
1333 1271 1554 1324 nomine
1584 1279 1901 1336 censentur,

338 1381 395 1423 et
423 1370 640 1422 diversa
670 1368 737 1420 ab
771 1364 1090 1432 Evangelica
1113 1362 1358 1415 doctrina
1385 1361 1634 1430 dogmata
1663 1360 1902 1429 comple-

339 1469 638 1520 cterentur,
672 1457 926 1511 omnibus
965 1469 1085 1523 quae
1131 1452 1327 1506 animis
1352 1467 1542 1506 eorum
1581 1451 1776 1520 placita
1822 1466 1906 1504 es-

341 1562 489 1612 sent,
535 1561 589 1604 ut
636 1551 808 1604 libere
837 1545 1490 1618 peragerent,_permisit.
1516 1545 1649 1599 Nam
1707 1544 1906 1613 impius

339 1661 496 1699 error
523 1645 624 1697 sub
673 1640 964 1694 Joviniauo
991 1639 1213 1706 quidem
1262 1638 1592 1700 exstinctus,
1629 1652 1655 1690 a
1689 1637 1906 1690 Juliano

342 1746 522 1788 autent
579 1736 888 1794 excitatus,
955 1730 1213 1800 paulatim
1267 1727 1653 1781 rellorescebat
1703 1725 1799 1791 (l),
1853 1733 1908 1777 et

343 1826 536 1887 Dialia,
571 1822 821 1892 Dionysia
853 1831 908 1874 et
967 1819 1185 1873 Cereris
1220 1833 1395 1878 saera,
1436 1831 1543 1868 non
1571 1815 1624 1867 in
1671 1814 1904 1884 angulis,

344 1916 671 1982 imperatore
695 1912 857 1964 veluti
887 1919 1160 1978 praeeunte
1183 1951 1199 1975 ,
1243 1907 1638 1976 peragebantur
1669 1923 1696 1973 ε,
1733 1915 1786 1958 et
1815 1906 1909 1956 ho-

344 2010 520 2056 mines
559 2004 610 2056 in
641 2001 818 2054 medio
847 2001 983 2063 l‘uru,
1021 2001 1236 2052 nemine
1267 1998 1601 2057 obsistente,
1638 1997 1910 2049 bacchan-

345 2095 506 2158 tium,
533 2093 624 2159 qui
680 2094 904 2145 ttutnine
943 2089 1216 2150 alllantur,
1271 2102 1446 2151 more,
1501 2085 1907 2140 discurrebant.

345 2186 548 2239 Eurum
582 2201 711 2238 vero
753 2192 984 2242 tantum,
1028 2181 1120 2251 qui
1163 2179 1445 2232 catholica:
1478 2175 1734 2232 Ecclesize
1779 2176 1910 2231 doc-

348 2278 546 2332 trinam
581 2276 973 2346 sequebantur,
1033 2271 1394 2342 implacabilis
1442 2269 1618 2324 hostis
1667 2278 1803 2323 erat.
1845 2268 1910 2323 Et

346 2372 586 2440 primum
639 2367 861 2436 quidem
913 2380 1102 2418 recens
1171 2370 1537 2417 constructam
1600 2361 1909 2425 ecclesiam,

348 2474 510 2529 quam
543 2459 652 2514 illis
680 2457 1002 2514 Iovinianus
1025 2454 1271 2519 dederat,
1298 2452 1532 2517 ademit;
1562 2453 1760 2508 deinde
1785 2469 1913 2506 vero

347 2568 412 2605 ex
435 2551 554 2604 aliis
579 2562 795 2618 quoque
821 2562 918 2601 eos
938 2546 1108 2600 sacris
1155 2545 1360 2598 a-dibus
1386 2546 1586 2614 exegit.
1613 2545 1790 2614 Atque
1817 2543 1913 2598 ubi

351 2643 429 2696 illi
455 2641 557 2695 sub
593 2640 684 2694 dio
709 2647 950 2707 agentes,
985 2635 1052 2690 ad
1089 2638 1289 2690 montis
1326 2635 1539 2690 radices
1566 2637 1734 2690 Deum
1783 2651 1914 2690 con-

353 2732 644 2788 suetudine
673 2747 770 2786 sua
822 2729 1039 2800 hymnis
1080 2737 1136 2781 et
1173 2727 1428 2783 laudibus
1470 2729 1830 2793 celebrarent,
1863 2738 1920 2781 et

352 2821 532 2875 varias
577 2819 906 2887 easdemque
959 2817 1214 2870 adversas
1266 2815 1407 2870 aeris
1436 2816 1786 2878 mutationes,
1819 2818 1922 2870 ali-

352 2911 574 2980 quando
621 2910 840 2979 quidem
869 2923 992 2963 cum
1037 2907 1236 2976 pluviis
1287 2919 1342 2960 et
1399 2907 1522 2960 nive
1556 2917 1612 2960 et
1658 2908 1920 2963 immenso

352 3001 553 3071 frigore
597 3000 914 3062 conflictati,
948 2999 1241 3067 aliquando
1270 3006 1450 3052 autem
1497 3008 1634 3053 astu
1667 3001 1794 3054 solis
1823 3001 1922 3053 ad-

357 3092 575 3146 modum
633 3092 810 3144 adusti
843 3090 1167 3159 perferrent,
1221 3105 1286 3143 ne
1319 3103 1386 3142 eo
1421 3091 1639 3157 quidem
1689 3092 1809 3144 loco
1865 3101 1925 3146 ut

353 3195 737 3254 permanerent
773 3183 969 3246 voluit,
1031 3192 1086 3236 et
1135 3182 1391 3236 immissis
1432 3183 1484 3234 in
1513 3198 1608 3237 eos
1640 3183 1921 3248 militibus,

355 3289 725 3330 :ernmnosum
755 3275 858 3328 hoc
885 3273 1009 3327 vit:e
1042 3273 1261 3342 agenda:
1291 3273 1598 3327 institutum
1618 3275 1924 3342 dissipavit.

356 3367 650 3420 Flavianus
698 3375 881 3420 autem
932 3374 988 3419 et
1045 3363 1312 3420 Diodorus
1354 3366 1606 3434 generosi
1677 3369 1926 3424 veritatis

357 3455 575 3509 athleta:
622 3464 734 3508 tum
807 3453 1076 3508 ﬂorebant
1129 3471 1146 3510 :
1219 3454 1312 3522 qui
1367 3456 1715 3510 imminentes
1777 3459 1928 3528 gregi

359 3545 564 3600 Christi
625 3543 842 3608 ﬂuctus,
890 3545 1060 3599 veluti
1109 3545 1317 3612 scopuli
1348 3544 1589 3612 quidam,
1647 3549 1928 3614 quampri-

361 3653 508 3692 mum
544 3636 598 3689 in
634 3651 881 3705 spumam
920 3635 1268 3704 redegerunt.
1305 3635 1382 3689 Illi
1419 3635 1564 3689 enim
1614 3647 1734 3704 post
1767 3637 1932 3692 Meleo

363 3727 501 3780 tittm
532 3725 586 3778 in
617 3725 868 3779 exsilium
907 3725 1160 3795 ejectum,
1190 3740 1286 3794 pro
1311 3741 1472 3795 grege
1501 3723 1704 3780 Christi
1733 3728 1929 3782 decer-

364 3818 706 3878 tabant,eum
737 3817 1032 3886 lupisipsis
1069 3813 1283 3870 fortiter
1308 3818 1526 3870 obviam
1579 3817 1784 3881 eundo,
1812 3829 1926 3872 tum

363 3908 565 3964 Christi
584 3908 774 3961 ovibus
792 3907 1204 3961 convenientem
1223 3907 1525 3960 doctrinam
1548 3908 1924 3977 proponendo.

363 4003 541 4068 Atque
567 3999 657 4052 ubi
688 4014 753 4052 ex
781 3998 915 4052 locis
938 3996 1004 4051 ad
1043 3997 1252 4051 radices
1278 3998 1476 4052 montis
1513 3999 1631 4053 sitis
1651 4000 1927 4055 deturbati

363 4102 513 4150 sunt,
544 4091 608 4144 ad
644 4089 872 4160 proximi
901 4089 1142 4142 ﬂuminis
1168 4089 1316 4156 ripas
1335 4104 1467 4142 oves
1494 4101 1792 4156 paverunt:
1819 4107 1926 4144 non

364 4184 594 4242 frustra,
633 4180 859 4250 perinde
885 4189 1047 4248 atque
1095 4179 1172 4231 illi
1201 4179 1256 4231 in
1307 4178 1577 4248 Babylone
1607 4181 1828 4249 captivi,
1859 4180 1927 4234 ad

363 4273 561 4328 salices
591 4272 890 4324 carminum
921 4285 1122 4339 organa
1153 4270 1547 4338 suspendentes
1577 4286 1592 4323 :
1625 4273 1717 4324 sed
1757 4271 1930 4325 libere

366 4365 561 4428 Deum,
595 4365 747 4433 juxta
779 4363 1020 4416 divinum
1075 4361 1353 4426 Davidem,
1385 4363 1438 4415 in
1483 4363 1632 4416 omni
1670 4364 1790 4418 loco
1832 4365 1930 4418 du-

361 4453 686 4514 minationis
714 4452 835 4520 ejus
869 4451 1173 4507 laudantes.
1221 4451 1424 4506 Verum
1469 4469 1536 4508 ne
1565 4453 1670 4510 hoe
1703 4456 1927 4524 quidem

367 4543 422 4596 in
478 4541 598 4595 loco
647 4542 742 4594 diu
803 4555 899 4594 eos
949 4541 1169 4605 durare,
1218 4539 1649 4596 orthodoxorum
1678 4553 1732 4598 et
1781 4555 1930 4603 recte

368 4633 722 4687 sentientium
775 4631 949 4686 hostis
1002 4646 1190 4700 passus
1239 4639 1373 4687 est:
1429 4632 1590 4704 148
1620 4637 1717 4688 sed
1753 4636 1928 4704 primo

1934 723 1986 780 Δ

2595 716 2845 768 ΚΕΦΑΛ.
2881 713 3004 768 ΚΔ’.
3051 743 3058 750 ·

2007 809 2145 875 Περὶ
2187 805 2292 860 τοῦ
2317 806 2490 874 ἁγίου
2523 806 2863 858 Φλαόιανοῦ
2886 808 2982 858 καί
3017 806 3330 874 Διοδώρου,
3361 811 3440 874 ὡς
3469 810 3585 874 τὴν

2079 879 2348 944 ποίμνην
2393 878 2684 929 Μελετιόυ
2734 877 2901 946 αὐτοὶ
2935 875 3190 938 διεῖπον,
3213 880 3396 944 μήπω
3434 883 3585 946 ἱερα-

2076 947 2247 999 τικυῦ
2273 945 2590 1008 ἐπιϐάντες
2607 948 2808 1011 ,βαθμο
2818 944 2868 997 ῦ.

2079 1064 2342 1116 Πλεῖστον
2373 1062 2421 1114 δ’
2461 1063 2544 1116 ὅτι
2588 1065 2784 1132 χρόνον
2837 1062 2896 1113 tv
2923 1062 3230 1135 ’Δντιοχεία
3290 1065 3585 1136 διατρίψας

2009 1156 2244 1224 Οὐάλης,
2297 1155 2540 1216 Εὑζωῖου
2586 1156 2698 1208 τῶν
2745 1155 3055 1224 ἐκκλησιῶν
3090 1157 3421 1226 ἡγουμένου,
3450 1160 3584 1212 Ἰου-

1980 1246 2176 1310 ’δαίοις
2207 1249 2306 1317 μὲν
2343 1248 2437 1300 καὶ
2468 1247 2694 1316 Ἕλλησι
2745 1247 2843 1300 καὶ
2872 1248 3008 1299 πᾶσι
3036 1248 3378 1317 Χριστιανῶν
3411 1249 3585 1318 ὄνομα

2008 1341 2436 1410 περικειμένοις,
2504 1339 2766 1392 τάναντία
2809 1339 2867 1390 δὲ
2891 1339 2988 1407 τῆς
3023 1339 3390 1410 εὑαγγελικῆς
3435 1343 3585 1394 διδα-

2008 1431 2200 1492 καλίας
2235 1431 2669 1500 ἀσπαζομένοις,
2721 1430 2791 1484 τά
2829 1429 3054 1500 θυμήρη
3108 1433 3369 1500 πράττειν
3410 1434 3583 1496 ἀδεῶς

2008 1524 2208 1576 εἴασεν.
2247 1523 2468 1591 Ἀμέλει
2515 1523 2607 1576 καὶ
2641 1525 2671 1590 ἡ
2705 1524 2798 1575 ἐπὶ
2845 1523 3109 1576 Ἰοὸιανοῦ
3150 1525 3249 1591 μὲν
3290 1524 3584 1577 σϐεσθείσα

2011 1612 2213 1681 πλάνη,
2260 1613 2371 1665 ἀπὸ
2418 1612 2715 1666 Ἰουλιανοῦ
2749 1613 2804 1666 δὲ
2841 1611 3157 1680 ἐξαφθεῖοα,
3202 1613 3343 1664 κατᾶ
3387 1615 3584 1682 μικρὸν

2010 1707 2172 1758 πέλιν
2218 1705 2371 1773 ἤνθει
2401 1722 2414 1735 ’
2448 1707 2544 1758 καὶ
2589 1706 2658 1757 τὰ
2712 1705 2912 1757 Διάσια
2964 1705 3059 1756 καὶ
3114 1705 3391 1766 Διονύσια,
3425 1707 3493 1758 τά
3526 1724 3584 1757 τε

2010 1798 2297 1866 Δήμητρος
2322 1797 2482 1866 ἔργα,
2515 1799 2617 1850 οὑκ
2643 1801 2701 1849 tv
2729 1798 3033 1867 γωνίᾳ,ἆτε
3062 1796 3126 1862 δὴ
3162 1795 3424 1864 βασιλέως
3450 1813 3584 1848 κατ-

2013 1889 2294 1958 άρχοντος,
2327 1888 2606 1942 ἐτελοῦντο
2626 1905 2641 1920 ·
2677 1889 2771 1941 καὶ
2805 1887 3161 1958 βακχεύοντες
3187 1889 3378 1958 ἄνδρες
3430 1887 3584 1940 ἔθεσιν

2012 1981 2148 2034 κατὰ
2179 1981 2348 2050 μέσης
2380 1981 2482 2049 τῆς
2507 1981 2732 2049 ἀγορᾶς,
2765 1981 2982 2040 οὐδενὸς
3014 1979 3268 2050 ἐμποδὼν
3301 1980 3584 2033 καθεστιῦ-

2015 2091 2128 2137 τος.
2160 2074 2361 2135 Μόνοις
2391 2072 2435 2126 δ’
2465 2073 2658 2142 ἐχθρὸς
2687 2072 2957 2135 ἄσπονδος
2987 2068 3055 2142 ἦν
3079 2074 3188 2134 τοῖς
3225 2070 3486 2141 φρονοῦσι
3514 2075 3582 2121 τὰ

2018 2164 2114 2234 τῆς
2143 2163 2371 2217 καθόλου
2394 2163 2692 2233 ἐκκλησίας
2733 2163 3062 2230 διδάγματα.
3101 2165 3210 2216 Καὶ
3257 2163 3322 2232 δὴ
3371 2163 3587 2230 πρῶτον

2019 2255 2410 2327 ἀφῄρειαὺτῶν
2432 2256 2530 2324 τὴν
2547 2255 2840 2325 νεόδμητον
2859 2255 3210 2320 Ἐκκλησίαν,
3240 2257 3306 2325 ἢν
3327 2254 3586 2315 Ἰοδιανδς

2021 2345 2168 2399 εδοτο
2187 2361 2203 2376 ⁸
2247 2347 2344 2399 καὶ
2369 2344 2479 2400 τῶν
2507 2345 2686 2400 ἄλλων
2735 2345 2897 2416 ίερῶν
2922 2347 3228 2415 περιϐόλων
3271 2347 3583 2416 ἐξήλαυνεν.

2033 2437 2120 2498 Ὠς
2142 2437 2188 2490 δ’
2217 2437 2492 2490 ἑκεῖνοιὲν
2523 2437 2778 2507 ὑπαίθρῳ
2809 2438 3093 2505 διάγοντες
3119 2439 3273 2507 παρὰ
3307 2440 3406 2499 τὰς
3436 2439 3589 2490 51:0;-

2027 2530 2180 2599 ρείας
2212 2529 2306 2582 τοῦ
2347 2530 2508 2597 ὅρους
2549 2529 2755 2600 ὕμνουν
2783 2529 2902 2598 μὲν,
2940 2532 3014 2592 ὡς
3049 2530 3188 2593 ἔθος,
3219 2529 3370 2595 Θεὸν,
3401 2531 3510 2582 τῶν
3544 2531 3588 2580 δ’

2025 2621 2284 2674 ἐναντίων
2315 2620 2407 2674 τοῦ
2440 2622 2600 2692 ἀέρος
2642 2624 2898 2692 μετεῖχον
2939 2621 3275 2688 μεταϐολῶν,
3314 2623 3448 2675 ποτὲ
3487 2624 3590 2691 μὲν

2027 2716 2202 2776 ὑετοῖς
2257 2717 2356 2769 καλ⁵
2385 2717 2628 2784 νιφετοῖς
2675 2717 2771 2769 καὶ
2811 2719 3044 2784 κρυμοῖς
3100 2714 3590 2785 προσπαλαίοντες.

2035 2807 2224 2861 ἄλλοτε
2297 2806 2355 2860 δὲ
2413 2806 2678 2875 φλογμοῖς
2735 2806 2982 2874 ἡλιακοίς
3045 2807 3248 2874 σφόδρα
3298 2807 3596 2860 κατακαιόο

2029 2913 2200 2966 μενοι,
2251 2896 2360 2950 οὐδ’
2417 2897 2477 2949 tv
2515 2897 2742 2960 ταύταις
2776 2899 2869 2967 ιᾷν
2933 2896 3132 2957 αὑτοὺς
3195 2897 3391 2967 ἤθελε·
3421 2913 3593 2966 στραο

2031 2989 2232 3051 τιὼτας
2253 2989 2309 3041 δὲ
2339 2989 2597 3059 πέμπων,
2626 2991 2721 3043 καὶ
2747 2992 2844 3059 τὴν
2877 2991 3135 3043 ἐπίπονον
3162 2988 3366 3056 ταύτην
3398 2988 3597 3052 διαγω-

2031 3080 2134 3150 γὴν
2199 3081 2567 3144 διεσκέδαζεν.
2624 3081 2922 3143 Φλαὸιανὸς
2967 3080 3022 3133 δὲ
3081 3081 3172 3132 καὶ
3222 3079 3487 3148 Διόδωρος
3546 3081 3594 3130 οἱ

2031 3175 2266 3239 γενναῖοι
2301 3173 2399 3238 τῆς
2429 3171 2688 3242 ἀληθείας
2717 3173 3016 3238 ἀγωνισταὶ
3040 3170 3340 3242 τηνικαῦτα
3370 3170 3599 3237 διέλαμ-

2033 3281 2133 3316 πον
2157 3280 2172 3295 ·
2211 3264 2306 3315 καὶ
2331 3267 2399 3314 τά
2432 3263 2847 3333 προσϐάλλοντα
2883 3262 3110 3332 κύματα
3138 3265 3202 3332 τῇ
3236 3263 3438 3335 ποίμνῃ
3459 3264 3597 3330 Χρι-

2036 3350 2184 3414 στοῦ,
2211 3347 2300 3404 οἷά
2322 3368 2465 3414 τινες
2492 3353 2770 3421 πρόϐολοι,
2802 3353 2937 3422 πρὸς
2976 3355 3148 3424 άφρδν
3191 3355 3266 3416 ὡς
3295 3353 3457 3422 τάχος
3481 3353 3598 3406 διέ·

2033 3443 2181 3497 λυον.
2219 3444 2383 3496 Αὑτοὶ
2431 3445 2540 3514 γὰρ
2576 3444 2716 3514 μετὰ
2754 3445 3016 3498 Μελέτιον
3068 3445 3360 3513 γενόμενον
3397 3447 3603 3516 ὑπερό·

2037 3550 2154 3602 ριον
2185 3538 2284 3603 τῆς
2321 3535 2557 3605 ποίμνης
2610 3534 3000 3588 ἀντεποιοῦντο
3026 3537 3264 3605 Χριστοῦ
3287 3552 3302 3566 ⁸
3354 3540 3465 3600 τοῖς
3498 3539 3600 3606 μὲν

2032 3624 2218 3686 λύκοις
2247 3625 2508 3693 ἀνδρείως
2561 3626 3035 3696 ἀντιταττόμενοι,
3064 3631 3177 3688 τοῖς
3207 3646 3270 3696 γε
3319 3630 3427 3700 μὴν
3465 3631 3603 3700 Χρι-

2038 3716 2165 3769 στοῦ
2199 3717 2482 3787 θρέμμασι
2508 3716 2606 3788 τὴν
2637 3719 3026 3788 προσήκουσαν
3062 3721 3410 3776 διδασκαλίαν
3437 3741 3605 3794 προσ·

2033 3809 2316 3877 φέροντες.
2357 3809 2445 3870 Ὠς
2501 3810 2557 3862 δὲ
2616 3811 2726 3863 κάκ
2785 3811 2886 3880 τῆς
2942 3812 3221 3882 ὑπωρείας
3275 3816 3596 3885 ἠλαύνοντο,

2034 3900 2189 3969 παρὰ
2212 3900 2309 3964 τὰς
2340 3899 2508 3968 δχθας
2535 3901 2629 3953 τοῦ
2659 3901 2902 3968 γείτονος
2955 3904 3202 3972 ποταμοῦ
3230 3906 3296 3959 τὰ
3350 3908 3598 3976 πρόϐατα

2034 3991 2250 4060 ἔνεμον,
2277 3992 2376 4044 οὑκ
2407 3994 2551 4062 εἰκῆ,
2577 3995 2722 4047 κατὰ
2767 3995 2890 4058 τοὺς
2921 3995 2978 4046 tv
3018 3995 3293 4051 Βαϐυλῶνι
3317 4001 3601 4068 αἰχμαλώ-

2032 4101 2181 4146 τους,
2204 4084 2355 4153 παρὰ
2374 4085 2470 4147 τὰς
2493 4085 2638 4149 ίτέας
2654 4088 2969 4156 κρεμῶντες
2993 4088 3060 4142 τὰ
3078 4089 3184 4141 τῶν
3203 4088 3354 4158 ᾠδῶν
3372 4093 3599 4161 ὄργανα,

2031 4175 2148 4228 ἀλλ’
2176 4176 2347 4236 ἀδεῶς
2396 4175 2601 4246 ὕμνουν
2646 4178 2799 4244 Θεὸν,
2831 4182 2970 4233 κατὰ
2999 4181 3088 4233 τὸν
3143 4182 3286 4234 θεῖον
3314 4183 3503 4248 Δαυῖδ,
3545 4187 3603 4236 ὲν

2035 4267 2202 4319 παντὶ
2233 4268 2385 4338 τόπῳ
2440 4268 2540 4337 τῆς
2590 4269 2909 4332 δεσποτείας
2963 4271 3149 4325 αὑτοῦ.
3184 4272 3327 4327 Ἀλλ’
3381 4274 3490 4329 οὐδ’
3546 4277 3603 4328 ὲν

2036 4361 2234 4429 ἐκείνῳ
2265 4361 2342 4428 τῷ
2372 4362 2536 4430 χώρῳ
2583 4361 2816 4415 ἐπιπολὺ
2850 4363 3147 4432 διατρίϐειν
3201 4365 3386 4417 εἴασεν
3417 4366 3446 4416 ὑ
3492 4366 3605 4417 τῶν

2033 4450 2330 4521 ὀρθοδόξων
2366 4453 2545 4520 μόνων
2579 4453 2840 4522 πολέμιος
2863 4470 2877 4484 ο
2911 4452 3028 4506 ἀλλ’
3055 4453 3130 4516 ὡς
3161 4455 3320 4524 τάχος
3347 4456 3604 4508 κάκεῖθεν

2033 4541 2260 4610 ἀφίστα,
2293 4542 2391 4594 καὶ
2420 4541 2520 4612 τὴν
2573 4548 2899 4611 συναγωγὴν
2928 4545 3166 4614 διασπᾷν
3207 4547 3490 4616 ἐπειρᾶτο.
3535 4544 3600 4598 Ἦ

2035 4633 2155 4687 θεία
2177 4634 2286 4687 τῶν
2313 4635 2697 4705 ὑποποιμένων
2721 4635 2953 4687 τουτωνὶ
2973 4635 3227 4705 ξυνωρὶς,
3253 4637 3607 4704 γυμνάζουσα

368 4738 588 4793 quoque
623 4732 868 4792 tempore
899 4723 1026 4778 inde
1055 4723 1221 4777 etiam
1265 4724 1523 4778 secedere
1555 4726 1767 4796 coegit,
1797 4743 1921 4782 con-

2039 4726 2138 4794 μὲν
2168 4719 2236 4794 ἦν
2265 4725 2326 4776 τὸ
2357 4725 2730 4794 πνευματικὸν
2765 4725 2925 4777 τοῦτο
2957 4727 3211 4794 ποίμνιον
3249 4727 3384 4795 πρὸς
3417 4726 3515 4796 τὴν
3551 4729 3609 4777 ὲν

371 4825 705 4883 ventumque
729 4830 853 4868 eum
894 4815 1110 4869 solvere
1138 4825 1302 4883 atque
1348 4815 1616 4884 dissipare
1639 4827 1723 4870 est
1769 4834 1936 4874 cona-

374 4915 485 4961 tus.
526 4904 782 4960 Sedenim
840 4905 1084 4962 divinum
1117 4904 1350 4960 duorum
1403 4907 1633 4961 isitorum
1667 4905 1935 4975 virorum,

374 4995 468 5063 qui
500 5011 600 5063 pro
629 4995 941 5064 pastoribus
964 5010 1078 5049 rem
1116 4995 1395 5065 gerebant,
1427 5011 1526 5065 par
1547 5035 1562 5060 ,
1597 4997 1938 5068 spiritualem

375 5102 612 5156 gregem.
634 5087 699 5138 ad
731 5087 780 5138 id
817 5086 960 5154 quod
989 5086 1278 5140 inChristo
1307 5095 1389 5139 est
1411 5087 1635 5151 bellum,
1668 5088 1941 5158 exercuit,

378 5191 542 5245 atque
584 5177 671 5229 uhi
705 5177 1070 5245 pabulandutn
1103 5187 1267 5237 eSsct,
1304 5178 1646 5231 monstravit.
1679 5179 1747 5233 Et
1771 5194 1936 5248 gene-

378 5285 540 5322 rosus
572 5269 794 5336 quidem
822 5267 1110 5328 Diodorus,
1151 5268 1373 5335 perinde
1399 5276 1562 5336 atque
1603 5269 1860 5336 pra-altus
1891 5281 1946 5323 ct

381 5359 686 5428 pellucidus
710 5359 908 5421 amnis,
941 5358 1128 5412 divino
1163 5359 1386 5410 lluntine
1412 5372 1542 5411 suos
1574 5359 1801 5424 potavit.
1830 5359 1945 5413 Ad—

381 5465 574 5504 versus
605 5450 812 5506 alienos
860 5463 1041 5505 autem
1106 5450 1484 5504 vehementius
1548 5466 1670 5505 cum
1738 5451 1946 5520 impetu

386 5556 574 5606 ruens,
631 5543 911 5612 illegititna
948 5541 1199 5612 dogmata
1225 5541 1387 5596 diluit
1431 5552 1484 5597 et
1519 5541 1760 5598 abolevit
1789 5559 1804 5598 :
1837 5559 1945 5597 non

460 5715 536 5781 (ι)
567 5715 776 5770 Theod.
810 5715 937 5770 eod.
973 5731 1095 5781 cap.
1123 5715 1214 5779 τι.
1245 5717 1332 5773 ‘25.

2039 4814 2260 4884 Χριστῷ
2293 4815 2497 4884 μάχην,
2525 4814 2617 4868 καὶ
2643 4808 2676 4887 ᾖ
2703 4815 2768 4886 δὴ
2789 4815 3072 4883 νέμεσθαι,
3101 4815 3469 4868 ἐπεδείκνυον.
3501 4816 3612 4868 Καὶ

2004 4907 2069 4970 ,δ
2108 4909 2207 4975 μὲν
2239 4909 2483 4975 γενναῖος
2514 4907 2798 4978 Διόδωρος,
2835 4901 2923 4960 οίά
2973 4925 3058 4970 τις
3101 4907 3349 4974 ποταμὸς
3385 4907 3612 4976 saeua-

2046 5012 2148 5066 νης
2179 4997 2275 5050 καὶ
2322 4997 2704 5060 διειδέστατος,
2738 4999 2800 5050 τὸ
2831 4997 2970 5051 θεῖον
2999 4999 3147 5066 νᾶμα
3180 5000 3294 5060 τοῖς
3331 4999 3614 5066 σφετέροις

2046 5086 2296 5157 ἐπήγαγε
2322 5102 2338 5117 ο
2371 5086 2628 5156 ῥαγδαῖος
2658 5087 2716 5139 δὲ
2771 5090 2886 5150 τοῖς
2921 5087 3226 5156 ἀλλοτρίοις
3278 5086 3508 5150 κατιὼν,
3553 5091 3620 5139 τὰ

2047 5178 2180 5231 νόθα
2215 5178 2322 5231 τῶν
2347 5179 2633 5245 δογμάτων
2668 5177 2936 5242 ἐπέκλυζε
2991 5183 3087 5231 καὶ
3136 5179 3391 5247 ἠφάνιζε,
3453 5180 3528 5248 μὴ
3558 5179 3618 5230 τδ

2048 5269 2144 5322 τοῦ
2180 5269 2369 5336 γένους
2397 5269 2698 5337 περιφανὲς
2730 5270 2982 5338 οὐδαμῶς
3025 5271 3081 5322 tv
3116 5271 3260 5340 λόγῳ
3310 5271 3616 5339 τιθέμενος,

2050 5362 2233 5428 φέοων
2260 5360 2306 5411 δ’
2353 5355 2412 5412 εὗ
2455 5360 2600 5428 μάλα
2655 5359 2714 5411 τὸ
2749 5360 2979 5428 πάσχειν
3020 5361 3160 5430 ὑπὲρ
3207 5361 3303 5430 τῆς
3357 5361 3616 5419 πίστεως.

2049 5452 2346 5514 Φλαϐιανὺς
2391 5452 2446 5504 δὲ
2480 5455 2574 5505 καί
2613 5453 2773 5515 αὑτὸς
2803 5452 2910 5504 τῶν
2963 5451 3027 5505 εὑ
3073 5451 3376 5521 γεγονότων
3420 5450 3515 5515 ὢν,
3565 5452 3622 5500 τὸ

2056 5543 2276 5608 timuit;
2338 5543 2438 5614 τῆς
2494 5543 2770 5611 εὑγενείας
2831 5543 3148 5610 προύτίθει·
3197 5544 3292 5597 καὶ
3361 5543 3504 5596 καθά
3539 5559 3619 5606 τι,
