3986 6190
329 272 445 336 6‘5

339 474 478 541 πρὶς
518 474 580 526 τὸ
633 473 780 544 ἱερὸν
809 473 905 543 τῆς
932 471 1219 534 εὐσεϐείας
1253 471 1549 524 πένταθλον
1574 487 1587 500 ο
1621 470 1678 533 δς
1711 469 1775 539 δὴ
1823 470 1916 522 καὶ

341 565 432 618 ἐπ’
465 565 765 636 ἐκκλησίας
791 564 1129 634 δημηγορεῖν
1158 565 1258 616 οὒκ
1313 559 1482 632 εῖχεν,
1519 562 1614 616 ἆτε
1649 563 1767 622 νέος
1819 560 1916 622 ῶν,

347 657 442 708 καὶ
483 657 654 724 μήπω
687 658 768 717 είς
797 655 1098 726 ἱερωσύνης
1131 655 1515 723 παραγγείλας
1549 653 1777 723 βαθμὸν.
1805 653 1920 705 Οὐκ

320 784 326 789 ι
353 745 648 815 ἐλαχίστην
686 745 870 814 μέντοι
907 747 1102 814 μοῖραν
1137 744 1358 812 εἰσῆγεν
1388 741 1794 812 ἐνθυμημάτων
1826 741 1921 794 καὶ

352 837 644 906 γραφικῶν
665 837 1081 906 νοημάτωντοῖς
1100 836 1256 888 τοῦτο
1271 835 1471 904 δρῶσιν
1489 837 1554 887 ὲκ
1581 833 1918 905 προτροπῆς.

333 929 461 983 Καὶ
491 929 539 980 οί
575 929 674 996 μὲν
700 930 812 990 τοῖς
847 925 907 992 ἐξ
934 929 1153 997 Ἀρείου
1188 928 1488 998 βλάσφημα
1523 926 1774 996 βάλλουσι
1800 942 1925 980 συν-

349 1027 446 1092 εχῆ
483 1023 611 1086 τόξα
641 1021 985 1074 κατέτεινον
1023 1023 1051 1073 6
1100 1023 1154 1074 δὲ
1196 1022 1450 1091 καθάπερ
1502 1021 1562 1072 ἔκ
1596 1037 1741 1081 τινος
1775 1019 1925 1088 βελο-

356 1113 534 1183 θήκης
574 1112 606 1181 ἢ
642 1114 925 1184 φαρέτρας
964 1114 1064 1181 τῆς
1099 1115 1270 1181 σοφῆς
1325 1113 1565 1170 διανοίας
1609 1111 1816 1164 ἐκείνου
1856 1109 1926 1162 τὰ

354 1205 484 1275 βέλη
515 1205 624 1256 τῶν
651 1204 942 1273 νοημάτων
970 1206 1152 1256 πυκνά
1186 1204 1524 1274 προσέφερε.
1565 1204 1673 1256 Καὶ
1707 1203 1794 1254 ἐπ’
1830 1203 1921 1253 ὲκ·
1958 1247 1961 1251 .

353 1297 590 1366 κλησίας
623 1299 724 1367 μὲν
747 1297 929 1364 λέγειν
961 1297 1063 1350 οὐκ
1098 1292 1265 1366 εῖχεν,
1295 1295 1370 1356 ὡς
1403 1295 1623 1365 εἴρηται
1649 1310 1662 1324 ⁸
1700 1293 1841 1345 οἴκοι
1867 1292 1925 1345 δὲ

350 1392 446 1440 καὶ
470 1387 708 1457 δημοσίᾳ
738 1387 866 1449 τοὺς
923 1386 1208 1452 διαλόγους
1256 1383 1563 1452 τιθέμενος,
1608 1381 1707 1442 τὰς
1748 1379 1924 1448 ἄρκυς

349 1479 460 1530 τῶν
484 1476 897 1530 δυσσεϐούντων
925 1475 1145 1537 διέσπα,
1176 1474 1454 1544 ἀραχνίων
1489 1473 1611 1525 κατ’
1636 1470 1786 1522 οὐδὲν
1808 1469 1925 1522 δια-

355 1569 544 1640 φέρειν
574 1569 790 1632 δεικνὺς
814 1568 883 1622 τά
912 1567 965 1636 γ’
1003 1567 1234 1629 ἐκείνοις
1253 1565 1626 1636 ἁναντίρρητα
1662 1559 1926 1625 δοκοῦντα

353 1662 465 1713 τῶν
494 1658 708 1731 προϐλη
715 1661 922 1728 μάτων.

1269 265 1880 325 ῈΟΩΙΕΒΙΑΞΤΙΟΑΞ
1922 266 2315 327 1115ΤοΙῖΜί
2346 267 2489 325 LIB.
2537 267 2640 324 XI.

345 383 706 454 παιδοτρίϐης
756 381 1008 452 Διοδώρῳ
1060 382 1388 446 καθίστατο,
1443 380 1911 449 παραταττομένῳ

2033 379 2192 443 ιιιικιιὶ
2229 377 2316 430 ille
2342 376 2557 446 generis
2587 375 2668 429 sui
2695 374 2944 443 praeclari
2976 374 3322 444 splendorem
3361 377 3593 450 faciens,
3685 375 3702 390 ³

3488 266 3592 329 (iiii

2021 469 2339 522 aﬂlietiohes
2362 477 2541 520 autem
2570 475 2625 520 et
2676 481 2948 520 aerumnas
2973 483 3071 536 pro
3104 468 3208 523 llde
3239 485 3347 523 non
3379 487 3598 538 gravate

2021 559 2225 611 ferens.
2271 557 2559 610 Flavianus
2612 570 2776 617 vero,
2820 555 2910 622 qui
2957 565 3012 609 et
3060 556 3175 625 ipse
3214 573 3276 612 ex
3311 558 3596 612 nobilitate

2023 659 2367 716 erat,veram
2397 648 2650 717 pietatem
2674 647 2892 718 generis
2930 649 3160 704 claritati
3193 651 3352 720 longe
3379 666 3598 720 quoque

2025 743 2343 811 pra-posuit.
2380 743 2429 796 Is
2455 741 2621 797 veluti
2652 741 2873 812 quidam
2907 743 3320 811 ludimagister,
3359 743 3598 796 Diodoro

2023 832 2088 885 ad
2121 849 2336 886 sacrum
2373 833 2595 902 pietatis
2629 835 3043 904 quinquertium
3089 836 3358 890 instructo
3388 835 3545 889 affuit
3581 854 3593 888 :

2025 935 2186 992 atque
2213 925 2264 978 in
2283 927 2530 979 ecclesiis
2555 929 2773 995 quidem
2804 929 2895 981 ille
2922 928 3236 982 eoneiouari
3265 945 3370 981 non
3399 931 3595 994 potuit,

2024 1017 2168 1088 quod
2198 1019 2387 1087 junior
2415 1019 2596 1074 adhuc
2639 1029 2704 1074 ad
2744 1021 3039 1074 sacerdotii
3070 1020 3297 1089 gradum
3332 1037 3439 1074 non
3468 1037 3598 1074 con-

2024 1109 2330 1164 srendisset
2367 1129 2380 1164 :
2419 1111 2515 1164 sed
2568 1127 2674 1165 non
2719 1113 3098 1181 pmuitendum
3129 1114 3595 1182 enthymematum

2025 1215 2120 1254 seu
2157 1213 2628 1267 argumentorum,
2652 1213 2813 1270 atque
2843 1220 2908 1258 ex
2935 1205 3233 1272 Scripturis
3257 1205 3601 1272 (lt-prompta-

2025 1305 2147 1343 rum
2183 1288 2577 1345 sententiarum
2621 1303 2957 1347 momentum
2990 1295 3092 1359 eis,
3146 1296 3238 1364 qui
3283 1295 3332 1347 id
3360 1295 3598 1364 legitima

2025 1377 2406 1438 cohortatione
2457 1385 2621 1439 exciti
2655 1385 2950 1452 faciebant,
3004 1389 3390 1456 suppeditavit.
3425 1388 3490 1441 Et
3521 1387 3599 1441 illi

2026 1473 2244 1542 quidem
2272 1475 2538 1530 adversus
2575 1476 2808 1531 Arianos
2834 1478 3156 1544 blaSphema
3199 1481 3366 1533 verba
3389 1479 3600 1547 jartan-

2029 1571 2132 1626 tes,
2158 1566 2414 1620 continue
2441 1583 2628 1621 arcum
2664 1568 3021 1624 intendebant
3047 1587 3061 1623 :
3093 1571 3182 1624 hic
3214 1583 3397 1625 autem
3428 1573 3596 1626 veluti

2029 1667 2097 1708 ex
2138 1656 2391 1718 pharetra
2445 1660 2699 1728 quapiam
2726 1702 2740 1723 ,
2775 1662 2855 1714 sic
2891 1677 2955 1715 ex
2999 1662 3227 1730 sapienti
3261 1673 3442 1715 mente
3475 1678 3597 1721 sua.

354 1753 666 1822 frequentia
699 1748 1092 1805 sententiarum
1128 1750 1234 1805 tela
1264 1746 1738 1804 subministrabat.
1806 1745 1873 1799 Et
1904 1745 1958 1798 in
2000 1745 2257 1809 ecclesia,
2319 1749 2778 1818 quemadmodum
2825 1752 3084 1815 diximus.
3114 1753 3311 1809 docere
3357 1771 3463 1807 non
3502 1769 3601 1821 pu—

356 1847 504 1902 tuit:
539 1846 686 1902 domi
725 1862 854 1900 vero
885 1859 938 1899 et
975 1846 1027 1899 in
1051 1846 1289 1915 publicis
1312 1842 1777 1913 disputationibus
1856 1840 2148 1908 impiorum
2217 1843 2350 1897 retia
2411 1844 2668 1914 disrupil,
2698 1857 2752 1902 et
2785 1849 2920 1902 nihil
2981 1851 3046 1903 ab
3111 1866 3432 1904 aranearum
3479 1851 3603 1904 telis

347 1931 585 1996 differre
615 1940 875 2006 ostendit,
903 1954 1040 2010 quas
1071 1939 1190 2008 ipsi
1242 1936 1648 2007 irrefragabiles
1673 1949 1794 1990 esse
1826 1932 2090 2004 putabant
2120 1938 2450 2006 quaestiones
2480 1951 2644 2010 atque
2672 1943 3102 2010 prepositiones.

927 2057 1181 2110 ΚΕΦΑΛ.
1230 2055 1361 2110 κε’.

353 2152 494 2218 Περὶ
522 2149 642 2204 τῶν
669 2151 862 2203 ὁσίων
901 2147 1232 2218 Ἀερραάτοι)
1279 2146 1377 2200 καὶ
1425 2145 1798 2218 ΑἸουλέανοῦο
1848 2145 1929 2206 ὡς

425 2213 533 2284 τὰς
566 2223 636 2273 ἐν
657 2220 855 2288 ἐρήμῳ
874 2213 1158 2283 ,λιπόντες
1183 2215 1504 2284 διατριϐὰς,
1537 2213 1647 2282 τῆς
1669 2217 1929 2284 ποίμνης

425 2288 690 2359 Χριστοῦ
720 2289 1146 2356 ὐπερίσταντο.

427 2404 502 2456 Οὐ
538 2403 717 2472 μικρὰ
746 2403 800 2456 δὲ
847 2403 923 2471 τῷ
955 2401 1127 2468 ἀγῶνι
1173 2399 1386 2464 τούτοις
1418 2397 1724 2469 τηνικαῦτα
1759 2397 1927 2466 συνή-

358 2513 492 2564 ρατο
527 2495 622 2548 καὶ
649 2497 676 2546 6
695 2494 794 2563 τὴν
821 2492 1094 2546 πολιτείαν
1125 2493 1329 2554 ἐκεῖνος
1363 2491 1532 2553 πολὺς
1564 2489 1880 2558 ’Δφραάτης
1910 2503 1924 2518 ο

354 2580 416 2639 οὗ
443 2587 532 2640 τὸν
564 2585 679 2656 βίον
718 2586 811 2638 καὶ
844 2586 872 2637 6
911 2583 1074 2653 σοφὸς
1105 2567 1435 2653 Θεοδώριτος
1475 2585 1534 2636 ὲν
1565 2585 1630 2652 τῇ
1669 2582 1800 2650 παρ’
1831 2581 1930 2633 αὺ-

353 2678 450 2730 τοῦ
488 2677 872 2751 συχγραφείσῃ
928 2675 1096 2745 βίϐλῳ
1125 2675 1222 2742 τῆς
1255 2674 1502 2742 φιλοθέου
1553 2675 1794 2744 ἱστορίας
1835 2692 1930 2727 συ·

355 2767 622 2840 νέγραψε.
664 2769 775 2822 Καὶ
807 2763 963 2830 οὗτος
1003 2768 1112 2836 γὰρ
1137 2767 1236 2835 τῆς
1264 2765 1469 2836 ἡσύχου
1492 2765 1766 2834 διαγωγῆς
1795 2782 1930 2834 προ-

355 2860 600 2927 τιμήσας
650 2857 754 2928 τὴν
812 2858 1089 2926 σωτηρίαν
1123 2857 1219 2925 τῆς
1255 2855 1495 2924 Χριστοῦ
1533 2856 1788 2924 ποίμνης,
1826 2858 1926 2923 τὴν

357 2948 666 3020 ἀσκητικην
693 2948 936 3014 καλύϐην
962 2949 1140 3016 ἀφεὶς,
1173 2947 1273 3017 τῆς
1305 2948 1553 3017 μάνδρας
1607 2947 1927 3015 ἐπεμελεῖτο

357 3041 598 3108 Χριστοῦ
627 3057 641 3073 ο
709 3042 805 3094 καὶ
869 3040 1058 3108 ἱδρῶσι
1099 3042 1450 3112 περιερρεῖτο
1502 3039 1766 3093 πάντοθεν
1800 3040 1927 3101 τοὺς

355 3136 554 3194 λύκους
581 3133 846 3189 ἐλαύνων.
881 3131 1027 3185 Ἀλλ’
1083 3132 1204 3191 ὅσος
1238 3133 1338 3200 μὲν
1365 3134 1392 3184 6
1420 3129 1517 3200 τῆς
1543 3134 1743 3201 ἀρετῆς
1775 3132 1925 3201 αύτῷ

357 3227 613 3290 πλοῦτος,
641 3224 735 3277 καὶ
763 3218 852 3278 οἷα
885 3223 1061 3276 ποιῶν
1113 3223 1255 3292 ὑπὲρ
1284 3222 1569 3293 ἄνθρωπον
1597 3224 1862 3290 ἐγεγόνει,
1892 3225 1924 3294 ἠ

356 3319 622 3389 εἰρημένη
657 3317 840 3388 βίϐλος
871 3317 947 3385 τῷ
980 3316 1290 3386 βουλομένῳ
1313 3315 1568 3385 δηλώσει.
1605 3315 1748 3382 Ἐγὼ
1779 3317 1836 3368 δὲ
1867 3315 1924 3368 ἓν

354 3384 734 3473 τῶν-ἑκείνου,
767 3409 795 3462 δ
843 3384 1126 3477 προσῆκον
1154 3384 1298 3460 εἶναι
1323 3384 1530 3477 νομίζω
1573 3411 1639 3478 τῇ
1675 3409 1925 3479 παρούσῃ
1952 3384 1996 3442 c

355 3501 422 3570 δὴ
450 3495 832 3568 πραγματείᾳ,
880 3494 1038 3548 δώσω
1085 3494 1162 3562 τῷ
1204 3495 1368 3565 λόγῳ.
1405 3495 1665 3565 Ὀρόντης
1700 3499 1726 3548 ὁ
1763 3513 1928 3549 ποτα-

357 3592 484 3659 μδς,
519 3592 583 3643 ὲκ
614 3593 711 3658 μὲν
752 3587 927 3657 βορρᾶ
974 3588 1254 3659 παραρρεῖ
1278 3587 1346 3640 τὰ
1384 3589 1478 3640 ἐπὶ
1516 3592 1616 3658 τῆς
1651 3589 1924 3658 Ἀντιόχου

359 3683 644 3752 βασίλεια·
685 3681 814 3733 στοὰ
867 3681 923 3732 δέ
966 3697 1048 3743 τις
1092 3681 1322 3750 μεγίστη
1374 3681 1515 3732 κατὰ
1576 3680 1927 3750 μεσημϐρίαν

354 3774 624 3844 διώροφος
671 3774 1038 3844 ἁνεγήγερται
1089 3774 1166 3842 τῷ
1219 3772 1318 3841 τῆς
1377 3771 1583 3834 πόλεως
1627 3771 1924 3841 περιϐόλῳ,

355 3865 592 3934 πύργοις
624 3864 848 3934 ὑψηλοῖς
892 3865 1240 3935 ἑκατέρωθεν
1285 3865 1642 3932 κοσμουμένη
1672 3879 1684 3892 °
1719 3864 1924 3931 μεταξὺ

353 3960 416 4012 δὲ
456 3958 564 4010 τῶν
591 3957 883 4028 βασιλείων
932 3958 1098 4010 οἴκων
1127 3960 1220 4010 καὶ
1261 3955 1357 4009 τοῦ
1407 3954 1655 4023 ποταμοῦ
1697 3956 1814 4018 ὁδός
1846 3958 1928 4017 τίς

354 4053 532 4115 ἐστιν,
568 4049 940 4118 ὑποδεχομένη
969 4051 1092 4111 τοὺς
1117 4050 1182 4101 ἐκ
1215 4051 1324 4102 τῶν
1357 4051 1534 4102 ἐκεῖσε
1561 4047 1797 4110 suam;
1828 4065 1929 4100 πυ-

353 4141 490 4204 λῶν,
521 4141 614 4192 καὶ
647 4141 726 4203 είς
760 4140 886 4203 τοῦς
926 4141 1174 4206 γείτονας
1211 4141 1469 4203 ἀστικοὺς
1513 4139 1719 4208 ἀγροὺς
1748 4155 1930 4208 παρα·

353 4237 676 4304 πέμπουσα.
710 4234 934 4305 Ταύτην
986 4234 1050 4305 δὴ
1100 4234 1195 4303 τὴν
1225 4235 1342 4287 ὁδὸν
1391 4235 1418 4285 6
1474 4233 1762 4296 Θεσπέσιος
1797 4251 1924 4286 ποτε

365 4327 688 4397 Ἀφραὰτης
723 4325 842 4391 ἰὼν,
879 4329 954 4389 εἰς
997 4327 1058 4379 τὸ
1105 4328 1200 4396 τῆς
1246 4327 1481 4388 πίστεως
1522 4326 1686 4398 ἀπῄει
1716 4325 1926 4394 γυμνά-

354 4435 493 4481 σιον,
523 4421 634 4480 τοῖς
655 4418 892 4488 Χριστοῦ
921 4419 1214 4488 προϐάτοις
1246 4419 1345 4488 τὴν
1377 4418 1764 4487 ἁρμόττουσαν
1811 4420 1928 4470 είσ-

353 4511 520 4563 οίσων
575 4513 810 4580 τροφήν.
859 4513 955 4564 ’ον
987 4511 1196 4564 ἄνωθεν
1221 4510 1471 4581 βασιλεὺς
1496 4511 1758 4580 παριόντα
1781 4510 1930 4580 ἐώρα

350 4603 452 4672 τῆς
490 4603 653 4663 στοᾶς
704 4601 1072 4673 ύπερκύπτων
1124 4602 1374 4674 (σισύραν
1432 4603 1540 4673 γὰρ
1593 4603 1925 4673 ὴμφίεστο)υ

355 4694 454 4746 καὶ
501 4692 652 4762 βαθεῖ
705 4693 784 4762 τῷ
815 4695 964 4765 γήρᾳ
1016 4694 1364 4765 πεπονηκὼς,
1412 4695 1606 4747 Θᾶττον
1661 4695 1926 4765 διέτρεχε.

355 4781 517 4843 Τινὸς
564 4779 611 4833 δ’
658 4781 909 4844 εἰπόντος
953 4781 1031 4850 τῷ
1094 4782 1322 4852 βασιλεῖ,
1376 4783 1585 4834 ἐκεῖνον
1639 4777 1780 4836 εἶναι
1837 4784 1928 4835 τὸν

369 4873 714 4941 ’Λφραάτην,
751 4870 962 4938 οὗτινος
991 4873 1052 4926 τὸ
1073 4873 1167 4940 τῆς
1197 4873 1402 4934 πόλεως
1429 4873 1669 4941 ἐξέχεται
1703 4872 1926 4943 πλῆθος,

355 4967 385 5016 6
419 4963 700 5032 βασιλεὺς,
752 4981 770 5014 ι
817 4964 926 5018 Ποῦ
955 4963 1019 5035 δὴ
1064 4963 1342 5034 βαδίζεις;
1378 4964 1582 5018 ἄνωθεν
1611 4963 1797 5035 ἠρώτα
1836 4965 1929 5018 τὸν

355 5059 526 5111 ὅσιον.
567 5076 586 5108 ι
635 5056 694 5109 Ὀ
727 5056 805 5122 δὲ,
849 5074 867 5107 ι
909 5055 1079 5126 ’Υπὲρ
1127 5055 1225 5124 τῆς
1266 5057 1366 5126 σῆς
1419 5055 1716 5126 βασιλείας,
1770 5059 1928 5124 φησὶ,

355 5147 822 5218 προσευξόμενος.
869 5166 888 5199 ι
920 5148 1028 5201 Καὶ
1061 5149 1087 5199 ὁ
1122 5147 1400 5215 βασιλεὺς,
1439 5165 1456 5197 ι
1497 5147 1643 5199 Ἀλλ’
1669 5149 1837 5218 ἐχρῆν
1868 5165 1923 5200 σε

357 5241 549 5305 νόμοις
583 5238 847 5306 ἑπόμενον
900 5239 1176 5308 μοναχῶν,
1209 5237 1350 5290 οίκοι
1393 5239 1596 5306 μένειν,
1629 5241 1720 5291 καὶ
1749 5237 1928 5308 ἡσυχῆ

358 5324 681 5392 καθήμενον
735 5324 894 5376 τοῦτο
944 5325 1096 5394 δρᾷν.
1149 5344 1164 5376 ι
1213 5326 1268 5376 'U
1313 5325 1370 5376 δὲ
1425 5325 1564 5388 Gaio;
1617 5326 1932 5395 πρεσϐύτης

361 5418 544 5485 σοφῶς
580 5418 724 5486 μάλα
753 5419 1053 5487 ἐπέφερεν·
1095 5437 1112 5469 ι
1146 5415 1240 5481 Εὖ,
1277 5418 1434 5488 φησὶ,
1467 5419 1666 5487 λέγεις,
1697 5412 1742 5472 ὦ
1773 5418 1932 5489 βασις

356 5513 478 5576 λεῦ,
511 5512 670 5566 τοῦτό
718 5530 784 5582 με
837 5513 968 5583 δρᾷν
999 5511 1128 5576 ἔδει,
1162 5511 1254 5564 καὶ
1287 5510 1443 5564 τοῦτο
1475 5509 1745 5565 διετέλουν
1767 5511 1934 5579 πρατ-

439 5697 516 5767 (ι)
560 5691 767 5772 Theod.
798 5706 916 5760 cap.
946 5689 1037 5745 26.

1950 2051 2000 2110 B

2579 2059 2805 2113 CAPUT
2845 2059 3014 2116 XXV.

2027 2145 2108 2200 De
2131 2159 2315 2201 sancto
2362 2150 2632 2216 Aphraate
2699 2165 2748 2206 et
2781 2154 2998 2208 Iuliano
3023 2174 3041 2210 :
3088 2165 3143 2209 ut
3179 2158 3520 2210 monasticam
3547 2161 3600 2212 in

2098 2219 2383 2297 solitudine
2413 2223 2574 2274 vitam
2605 2224 2984 2296 relinquentes,
3025 2243 3231 2297 gregem
3270 2227 3467 2281 Christi
3495 2231 3598 2281 sint

2008 2308 2027 2322 -
2103 2291 2282 2342 tutati.

2097 2399 2214 2451 Non
2249 2415 2439 2468 parum
2476 2416 2604 2455 vero
2646 2402 2723 2470 (Ι)
2763 2404 2868 2457 illis
2906 2413 3017 2458 tum
3069 2406 3122 2460 in
3153 2408 3452 2461 certamine
3502 2408 3604 2460 hoe

2029 2489 2150 2558 opis
2232 2506 2452 2560 quoque
2528 2493 2712 2548 attulit
2771 2494 2969 2564 insigni
3020 2497 3128 2550 vita
3178 2499 3469 2566 pra'clarns
3517 2500 3608 2553 ille

2027 2580 2350 2648 Aphraates.
2385 2599 2546 2652 quam
2590 2586 2808 2654 sapiens
2840 2587 3210 2643 Theodoritus
3235 2591 3285 2644 in
3323 2591 3606 2644 volumine

2029 2671 2123 2726 Dei
2175 2673 2475 2727 amantium
2529 2673 2773 2732 historia:
2825 2679 3173 2748 conscripsit.
3211 2682 3345 2736 Nam
3397 2695 3454 2736 et
3505 2683 3597 2736 hic

2028 2767 2217 2836 quieto
2251 2768 2374 2821 vitae
2425 2768 2681 2824 instituto
2729 2772 2910 2840 gregis
2967 2773 3173 2828 Christi
3208 2775 3436 2829 salutem
3467 2791 3604 2845 prze-

2029 2859 2153 2912 tulit
2184 2875 2195 2909 :
2225 2867 2280 2910 et
2315 2861 2675 2914 monasticum
2718 2863 3038 2930 relinquens
3065 2865 3418 2933 tuguriolum,
3448 2868 3609 2921 ovilis

2026 2948 2225 3003 Christi
2272 2965 2457 3003 curam
2516 2951 2710 3020 gessit,
2747 2962 2802 3006 et
2869 2954 3040 3007 multo
3081 2954 3328 3010 dillluens
3381 2956 3601 3018 sudore.

2027 3037 2184 3107 lupos
2220 3039 2460 3108 undique
2498 3042 2565 3095 ab
2601 3059 2668 3096 eo
2729 3045 2946 3113 repulit.
2987 3046 3256 3101 Caeterum
3301 3065 3464 3118 quam
3518 3051 3604 3103 lo-

2028 3131 2223 3190 cuples
2251 3132 2453 3186 virtute
2491 3133 2656 3188 fuerit
2681 3179 2694 3199 ,
2724 3145 2779 3189 et
2810 3151 2931 3206 qua:
2971 3151 3134 3207 supra
3169 3148 3386 3209 captum
3430 3141 3607 3194 ltomi-

2027 3223 2113 3275 nis
2143 3223 2352 3290 fecerit,
2394 3225 2553 3296 149
2594 3227 2639 3281 is
2681 3244 2843 3296 quem
2887 3229 3126 3286 diximus
3156 3231 3295 3288 liber
3353 3235 3606 3289 evolvere

2027 3331 2150 3369 eum
2204 3318 2405 3372 volenti
2453 3319 2726 3376 ostendet.
2777 3321 2889 3392 Ego
2937 3339 3067 3378 vero
3136 3341 3304 3379 unum
3347 3326 3604 3395 quidiam

2035 3408 2180 3462 illius
2246 3419 2493 3464 acturum
2539 3411 2668 3466 huic
2703 3413 2824 3466 loco
2875 3416 3371 3476 accommodatum.
3407 3434 3600 3472 recen-

2033 3499 2261 3552 sendum
2322 3500 2376 3553 in
2431 3517 2594 3570 Opere
2647 3503 2752 3556 hoc
2801 3504 2954 3559 duxi.
3007 3507 3240 3561 Orontes
3279 3507 3475 3562 fluvius
3530 3511 3600 3562 ah

2033 3591 2352 3660 Aquilmtari
2419 3603 2574 3662 parte
2636 3595 2974 3663 imperialem
3023 3597 3326 3655 Antiochiae
3381 3600 3602 3654 domum

2035 3686 2458 3754 praeterlabitur.
2505 3688 2757 3742 Porticus
2823 3698 3006 3744 autem
3065 3691 3312 3760 quaedam
3369 3693 3600 3747 maxima

2035 3779 2268 3834 duorum
2297 3778 2620 3845 culminum,
2657 3781 2708 3833 in
2753 3791 2907 3850 parte
2948 3783 3293 3838 meridionali
3351 3785 3416 3838 ad
3451 3784 3602 3839 uritis

2035 3872 2257 3933 tno‘nia,
2284 3871 2521 3940 prtelatis
2551 3873 2797 3928 turribus
2840 3883 3068 3964 utraque
3106 3891 3168 3930 ex
3211 3887 3363 3946 parte
3387 3879 3604 3944 conspi—

2034 3979 2156 4022 cna.
2185 3974 2266 4018 est
2297 3975 2595 4020 exstructa.
2620 3967 2764 4019 inter
2793 3968 3101 4036 imperiales
3127 3969 3272 4024 aedes
3301 3981 3356 4025 et
3384 3985 3598 4024 amnem

2033 4056 2120 4108 via
2159 4063 2264 4119 est,
2289 4070 2407 4123 quae
2440 4070 2537 4123 per
2564 4065 2772 4124 portam
2809 4073 2929 4125 qua:
2963 4056 3127 4112 isthic
3151 4067 3253 4117 est.
3284 4069 3478 4113 cuntes
3501 4077 3598 4115 ex-

2034 4147 2266 4215 cipiens,
2293 4146 2346 4200 in
2378 4147 2589 4202 vicinos
2623 4146 2969 4200 suburbanos
2998 4163 3160 4216 agros
3193 4149 3429 4220 deducit,
3450 4151 3601 4208 lianc

2034 4237 2178 4290 viam
2210 4235 2503 4305 aliquando
2530 4235 2691 4288 divus
2715 4235 3002 4290 insistebat
3028 4237 3348 4304 Aphraates,
3373 4222 3437 4292 ad
3475 4240 3596 4295 fidei

2035 4327 2380 4398 gymnasium
2405 4328 2603 4390 iturus,
2631 4337 2684 4382 et
2722 4327 2915 4382 ovibus
2935 4325 3136 4382 Christi
3169 4343 3477 4397 congruens
3507 4348 3600 4398 pa-

2036 4417 2224 4472 bulum
2277 4419 2565 4471 allaturos.
2606 4417 2744 4470 Eum
2791 4433 2822 4472 e
2863 4417 3145 4485 superiore
3195 4418 3316 4471 loco
3363 4421 3604 4487 porticus

2038 4518 2390 4579 prospectans
2441 4509 2740 4577 imperator
2805 4506 2987 4564 vidit:
3055 4508 3228 4577 sisyra
3277 4508 3444 4567 enim,
3505 4524 3598 4562 seu

2035 4609 2185 4654 veste
2217 4615 2281 4652 ex
2309 4599 2492 4652 ovium
2525 4599 2732 4652 villosis
2774 4596 3010 4662 pellibus
3041 4606 3268 4650 consnta
3297 4636 3310 4657 ,
3346 4597 3599 4658 amictus,

2035 4702 2090 4747 et
2120 4692 2275 4745 senio
2314 4691 2484 4743 multo
2511 4689 2815 4750 confectus,
2847 4690 3080 4743 celerius
3105 4697 3282 4741 tamen
3320 4690 3596 4742 currebat.

2034 4784 2102 4838 Et
2129 4783 2353 4852 quidam
2388 4781 2724 4848 imperatori,
2753 4781 2896 4834 hunc
2929 4797 3050 4834 esse
3075 4781 3401 4848 Aphraatem
3425 4781 3600 4839 illum,

2035 4891 2101 4929 ex
2130 4889 2241 4944 quo
2290 4872 2457 4926 totius
2488 4872 2639 4926 urbis
2688 4871 2984 4925 multitudo
3029 4870 3308 4938 penderet,
3347 4871 3502 4924 dixit.
3538 4873 3602 4925 Et

2034 4968 2127 5022 ille
2161 4983 2190 5020 e
2220 4965 2432 5034 porticu
2466 4964 2649 5017 virum
2694 4972 2943 5018 sanctum
2986 4963 3332 5030 interregans
3366 4980 3379 5014 :
3410 4982 3426 5013 ι
3453 4964 3603 5027 Quo-

2034 5073 2198 5120 nam,
2257 5037 2474 5123 inquit,
2517 5054 2711 5108 vadis?
2738 5073 2755 5105 ι
2811 5054 2988 5123 Atque
3037 5054 3336 5122 Aphraates
3365 5091 3380 5116 ,
3442 5073 3459 5104 ι
3499 5054 3602 5107 Pro

2034 5146 2266 5215 imperio
2298 5154 2391 5200 tuo
2422 5153 2765 5214 precaturus,
2792 5163 2809 5196 ι
2844 5144 3142 5213 respondit.
3185 5163 3202 5195 ι
3236 5144 3419 5215 Atqui,
3446 5162 3462 5193 ι
3499 5143 3600 5198 im-

2037 5249 2256 5308 perator
2322 5235 2526 5303 intulit,
2565 5254 2584 5287 ι
2619 5236 2766 5290 domi
2798 5245 2867 5302 te,
2893 5235 2987 5302 qui
3013 5235 3160 5306 leges
3206 5234 3601 5288 monachorum

2038 5325 2306 5396 s:queris,
2344 5339 2601 5390 manere,
2653 5324 2838 5395 ibique
2867 5325 3052 5394 quiete
3081 5323 3456 5377 considentem
3502 5323 3603 5375 hoc

2039 5419 2221 5474 facere
2269 5418 2533 5491 oportuit.
2573 5437 2592 5472 ι
2649 5417 2789 5473 Tum
2835 5417 3056 5472 divinus
3118 5431 3286 5471 senex
3344 5432 3604 5485 perquam
3645 5487 3649 5491 Α

2041 5511 2316 5581 sapienter
2344 5509 2460 5567 ait:
2497 5528 2515 5562 ι
2536 5509 2704 5566 Recte
2743 5519 2797 5565 tu
2825 5508 3071 5580 quidem,
3101 5524 3135 5564 ο
3177 5509 3493 5578 imperator,
3519 5507 3607 5562 di-
