3986 6190
415 241 520 314 847

1631 229 2051 306 NICEPIIORI
2084 237 2434 304 CALUSTI

3551 241 3664 310 θη

420 361 501 416 eis
524 375 612 416 me
640 350 694 415 id
725 356 905 414 facere
925 345 1128 414 debere
1161 374 1175 412 :
1201 354 1555 424 facttirusque
1597 352 1649 405 id
1691 352 1829 407 adeo
1855 367 1988 405 con-

2102 371 2222 418 rwv,
2251 355 2309 405 ὲν
2340 353 2532 421 είρήνη
2569 349 2680 403 τῶν
2709 348 2950 419 Χριστοῦ
2981 350 3318 421 θρεμμάτων
3365 357 3663 424 μενόντων·

421 459 633 512 stanter
681 453 891 508 fueram
917 491 931 513 .
963 451 1006 506 si
1059 466 1162 520 pax
1209 448 1414 504 Christi
1448 447 1645 503 ovibus
1681 453 1845 501 esset.
1881 444 1988 500 Sed

344 607 349 613 ,
423 563 550 602 cum
576 537 745 600 multa
772 542 1276 614 quaedam'insauim
1310 525 1485 616 caligo
1520 537 1639 592 loca
1670 533 1851 591 omnia
1892 552 1987 590 oc-

427 639 662 708 cuparit,
713 643 767 690 et
812 635 1084 688 maximus
1133 632 1357 697 insuper
1378 631 1638 698 subrepat
1685 625 1870 691 timor,
1921 642 1989 682 ne

427 728 666 796 plurimo
697 725 1018 778 imminente
1043 721 1310 791 periculo,
1347 735 1377 774 a
1405 719 1534 774 feris
1555 735 1687 773 oves
1718 717 1992 796 dilauien-

430 825 540 875 tur,
592 812 888 867 necessitas
918 800 1049 864 mihi
1077 809 1294 879 quoque
1335 808 1629 873 incumbit,
1654 818 1713 862 ut
1749 809 1988 877 vigilem,

427 912 760 971 omnemque
793 903 978 958 funem
1021 918 1305 966 moveam,
1342 917 1409 955 ue
1438 901 1580 969 quod
1614 917 1743 970 grex
1785 901 1990 956 Christi

425 997 608 1065 capiat
669 996 1082 1050 detrimentum.
1131 997 1241 1062 Age
1271 993 1455 1053 enim.
1492 1009 1525 1046 0
1571 992 1887 1060 imperator,
1944 991 1990 1045 si

431 1087 612 1159 puella
641 1104 818 1143 essem
869 1081 1016 1140 domi
1051 1089 1104 1140 in
1149 1086 1395 1141 conclavi
1427 1083 1633 1141 abdita.
1680 1085 1830 1139 fusos
1878 1093 1992 1138 ma-

425 1184 591 1239 nibus
621 1188 881 1243 tractans,
903 1189 956 1233 et
998 1167 1294 1232 lanillcium
1333 1193 1511 1230 meum
1556 1178 1756 1230 curans
1786 1217 1800 1240 ,
1828 1186 1992 1246 atque

425 1274 684 1330 alicunde
710 1273 892 1326 subito
924 1270 1294 1338 conspicerem
1332 1259 1605 1321 ﬂammam
1640 1277 1905 1328 exortam,
1939 1274 1995 1322 et

431 1367 581 1420 Ouini
623 1381 690 1419 ex
713 1375 864 1434 parte
896 1371 1134 1432 paternas
1177 1360 1360 1414 domui
1396 1359 1803 1422 circumfusam,
1847 1358 1994 1414 [αιᾱο

429 1457 686 1513 incendio
740 1470 858 1510 eam
904 1454 1123 1522 jamjam
1182 1459 1652 1520 consumpturam,
1713 1450 1844 1520 quid
1907 1465 1994 1504 me

429 1549 613 1603 facere
642 1541 963 1614 oporteret?
993 1543 1112 1604 dic.
1144 1540 1196 1596 te
1254 1558 1351 1612 per
1375 1542 1542 1594 Deum
1585 1555 1703 1596 oro.
1734 1540 1995 1596 Utrumne

431 1649 519 1692 me
567 1637 646 1692 sic
705 1631 920 1692 sedere.
975 1641 1030 1686 et
1068 1639 1290 1701 penates
1339 1629 1547 1700 patrios
1597 1627 1995 1697 conﬂagrantes

433 1724 738 1799 despicere,
773 1728 1059 1796 ignemque
1095 1733 1504 1792 proserpentem
1539 1730 1890 1789 exspectare;
1925 1724 1992 1774 an

434 1821 678 1877 conclavi
705 1819 884 1874 statim
916 1817 1124 1881 reliCto,
1154 1817 1369 1869 sursum
1397 1817 1453 1866 et
1471 1811 1725 1866 deorsum
1751 1825 1996 1874 currere.

432 1929 629 1984 aquam
689 1913 745 1966 in
798 1909 1055 1964 manibus
1125 1906 1358 1969 habere,
1405 1915 1462 1958 et
1510 1903 1688 1956 modis
1742 1900 1998 1980 omnibus

432 2005 702 2060 ﬂammam
733 2002 1076 2071 exstinguere
1137 1995 1320 2052 conari
1361 1992 1684 2064 oporteret?
1718 1991 1876 2062 150
1897 1991 1996 2046 Sac

433 2097 505 2150 tis
535 2109 666 2149 sane
696 2093 832 2157 scio,
882 2091 1162 2144 dicturum
1196 2095 1270 2149 te,
1303 2085 1610 2140 faciendum
1663 2084 1796 2136 mihi
1851 2096 1996 2144 esse,

431 2186 577 2258 quod
605 2192 664 2239 et
699 2183 904 2253 sagacis
933 2191 1186 2249 sameque
1242 2177 1443 2232 mentis
1475 2175 1654 2246 puella
1694 2174 1917 2229 faceret.
1942 2172 1996 2227 ld

436 2281 613 2348 ipsum
669 2292 800 2331 vero
853 2288 1001 2328 nunc
1048 2284 1269 2342 quoque
1335 2269 1455 2324 fieri
1484 2267 1688 2324 debere
1719 2267 1996 2322 existimo.

433 2371 644 2426 Cumtu
670 2367 816 2422 enim
842 2365 997 2436 quasi
1038 2363 1245 2418 fulmen
1288 2359 1564 2432 quoddam
1617 2360 1672 2413 in
1717 2368 1997 2429 paternam

435 2465 659 2519 domum
709 2469 952 2514 nostram
1015 2454 1275 2510 incideris
1301 2493 1317 2518 ,
1350 2463 1408 2509 et
1435 2453 1708 2508 veriorem
1741 2451 1998 2520 pietatem

434 2570 652 2612 omnem
685 2553 808 2624 igne
835 2556 1015 2605 vastes
1035 2591 1052 2618 ,
1091 2548 1446 2618 undiquaque
1473 2546 1998 2608 circumcursamus,

432 2648 702 2704 ﬂammam
730 2646 1050 2716 gliscentem
1072 2642 1420 2708 exstinguere
1462 2646 1798 2706 satag‘entcs.
1832 2655 1850 2688 1
1874 2635 2000 2691 Haec

433 2741 654 2812 quidem
691 2739 781 2792 ille
811 2737 971 2791 dixit.
993 2735 1295 2803 Imperator
1320 2741 1502 2786 autem
1531 2731 1595 2785 ad
1620 2731 1794 2784 minas
1826 2744 2001 2800 usque

432 2847 774 2906 progressus,
820 2830 983 2884 silere
1014 2843 1138 2881 eum
1164 2825 1362 2896 coegit.
1396 2824 1471 2878 Ex
1498 2823 1852 2878 cubiculariis
1892 2840 1993 2877 au-

436 2933 542 2979 tem
573 2917 1198 2992 imperatoriSOquidam,
1233 2915 1328 2984 qui
1357 2923 1604 2969 sanctum
1645 2914 1829 2969 virum
1870 2930 2000 2984 pro-

2103 446 2253 498 Ἐπεὶ
2281 445 2338 496 δὲ
2366 443 2539 513 πολλή
2569 460 2656 507 τις
2686 444 2747 497 τὸ
2773 445 2883 498 πᾶν
2926 445 3147 514 κατέχει
3181 446 3543 516 σκοτόμαινα,
3571 454 3667 503 καὶ

2090 536 2207 602 δέος
2235 535 2470 609 ὑφέρπει
2505 537 2780 600 πλεῖστον,
2822 537 2900 607 μὴ
2932 537 3247 608 θηριάλωτα
3286 541 3540 610 γένηται,
3569 561 3669 612 με·

2090 630 2278 698 γίστου
2312 624 2700 699 ἐπηρτημένου
2733 629 3005 685 κινδύνου.
3039 624 3256 700 ἀνάγκη
3281 631 3427 701 κάμὲ
3461 649 3669 702 γρηγοο

2093 718 2228 790 ρείν,
2259 723 2355 776 καὶ
2389 723 2568 777 πάντα
2612 723 2793 777 κάλων
2826 723 3023 798 κινεῖν,
3063 708 3348 793 ἀλὼϐητον
3395 725 3668 778 διασῶσαι

2092 813 2190 884 τὴν
2223 815 2460 885 ποίμνην
2506 805 2772 885 Χριστοῦ.
2800 809 2947 884 ’Ᾱρα
2980 813 3112 887 γὰρ,
3163 808 3210 868 ὧ
3267 814 3514 885 βασιλεῦ,
3548 817 3667 884 εἴγε

2099 903 2238 975 κόρη
2271 900 2677 978 τις“ὲτύγχανον
2705 907 2803 972 ὢν,
2838 909 2978 961 οίκοι
3009 923 3067 960 τε
3101 908 3197 960 καὶ
3227 908 3365 975 πρὸς
3419 906 3669 976 θάλαμον

2093 995 2476 1068 κεκρυμμένη,
2511 996 2601 1050 καὶ
2640 999 2776 1068 πρὸς
2811 999 3080 1069 ἄτρακτον
3123 990 3408 1069 ἐρείδουσα
3449 1003 3666 1070 χεῖρας,

2093 1085 2308 1158 καὶτῆς
2333 1087 2539 1151 οἰκείας
2568 1085 2832 1151 ταλασίας
2855 1084 3175 1142 καθεστῶσα
3201 1091 3282 1151 εἰς
3304 1086 3631 1158 ἐπιμέλειαν
3651 1105 3666 1118 ·

2093 1176 2216 1234 εἶτά
2262 1175 2430 1233 ποθεν
2460 1179 2727 1248 ἐξαπίνης
2767 1179 2941 1248 φλόγα
2993 1177 3417 1248 προσπεσοῦσαν
3452 1178 3666 1246 ἑώρων,

2093 1269 2192 1338 τὴν
2241 1268 2504 1340 πατρῴαν
2553 1270 2732 1322 οἰκίαν
2777 1268 3092 1338 ἁπανταχοῦ
3143 1253 3526 1336 περιθέουσαν,
3573 1269 3671 1319 καὶ

2095 1362 2565 1436 κατεπειγομένην
2619 1359 2994 1432 ἀπὴνέστερον
3035 1349 3305 1431 δαπανᾷν,
3336 1354 3388 1412 τί
3430 1377 3499 1436 με
3530 1360 3670 1429 δρᾷν

2096 1435 2223 1516 ἔδει,
2274 1453 2398 1506 sint
2451 1451 2587 1524 πρὸς
2617 1453 2754 1507 Θεοῦ
2782 1469 2797 1518 ;
2823 1449 2952 1522 Ἆρ’
2973 1452 3139 1523 ἐχρῆν
3165 1453 3340 1522 ἡσυχῆ
3367 1435 3668 1520 καθῆσθαι.

2097 1543 2190 1598 καὶ
2217 1539 2316 1621 τὴν
2357 1547 2632 1616 πατρικὴν
2664 1539 2854 1599 ἑστίαν
2891 1542 3066 1608 οὕτως
3095 1545 3527 1613 ἐμπιπραμένην
3565 1561 3671 1595 πε-

2101 1626 2311 1704 ριορᾷν,
2349 1634 2444 1686 καὶ
2469 1633 2531 1685 τὸ
2562 1630 2674 1704 πῦρ
2703 1630 2872 1702 ἕρπον
2915 1631 3248 1703 ¹προσμένειν
3270 1649 3284 1663 ·
3315 1633 3346 1700 ἢ
3374 1633 3467 1686 τὸν
3498 1628 3672 1684 060a-

2102 1740 2200 1792 μον
2229 1723 2495 1776 λιποῦσαν
2526 1723 2709 1789 εὐθὺς,
2739 1724 2854 1777 ἄνω
2898 1725 2993 1776 καὶ
3051 1718 3205 1777 κάτω
3256 1727 3478 1793 χωρεῖν,
3522 1715 3672 1789 ῦδιιιρ

2102 1817 2238 1882 μετὰ
2273 1811 2460 1882 χεῖρας
2502 1813 2753 1884 ἔχουσαν,
2804 1815 2899 1868 καὶ
2947 1812 3112 1868 παντὶ
3156 1812 3344 1887 τρόπῳ
3388 1807 3674 1868 σϐεννύειν

2100 1891 2392 1974 πειρᾶσθαι
2415 1905 2516 1976 τὴν
2537 1907 2712 1976 φλόγα
2740 1925 2753 1972 ;
2789 1903 2925 1961 Οἶδα
2970 1905 3212 1971 πάντως,
3252 1894 3411 1961 τοῦτο
3445 1902 3612 1976 ἐρεῖς,
3646 1895 3673 1959 ὂ

2098 1999 2193 2050 καὶ
2228 1998 2365 2066 κόρη
2413 2000 2695 2068 ἀγχίνους,
2734 2000 2828 2052 καὶ
2881 2001 3081 2071 φρενὸς
3132 2001 3322 2068 ὑγιοῦς
3352 2003 3674 2054 ἀντιποιου-

2103 2089 2266 2158 μένη,
2288 2090 2516 2160 ἔδρασεν
2545 2091 2610 2144 ἄν
2630 2108 2646 2125 ·
2673 2089 2702 2144 ὃ
2724 2090 2878 2158 κάγὼ
2906 2091 3114 2160 νομίζω
3140 2093 3264 2161 ἄρτι
3294 2093 3670 2162 χρῆναιδρᾷν.

2099 2181 2203 2236 Σοῦ
2237 2183 2346 2252 γὰρ
2374 2177 2466 2236 οἶᾶ
2492 2199 2641 2246 τινος
2669 2183 2938 2251 κεραυνοῦ
2971 2185 3064 2237 ἐπὶ
3088 2181 3188 2253 τὴν
3219 2182 3481 2255 πατρῴαν
3511 2184 3674 2255 ἡμῶν

2100 2277 2278 2331 οίκίαν
2302 2273 2782 2344 κατασκήψαντος,
2822 2272 3003 2328 καὶτὸ
3055 2276 3282 2346 σύμπαν
3331 2277 3673 2348 πυρπολοῦν-

2099 2386 2191 2430 τος
2223 2368 2323 2437 τῆς
2377 2367 2680 2432 εὐσεϐείας,
2729 2367 3050 2436 ἁπανταχοῦ
3097 2369 3427 2438 περιθέομεν
3459 2370 3520 2422 τὸ
3569 2368 3674 2436 τῆς

2101 2459 2297 2529 φλογὸς
2324 2450 2574 2527 ἀκμάζον
2600 2448 2790 2512 σϐέσαι
2830 2459 3184 2530 πειρώμενοι.
3229 2478 3248 2512 1
3283 2461 3471 2515 Ταῦτα
3504 2459 3534 2513 ό
3572 2463 3676 2529 μὲν

2101 2547 2292 2604 εἶπεν
2343 2549 2372 2601 δ
2417 2548 2474 2602 δὲ
2532 2548 2725 2619 μέχρις
2770 2549 3002 2618 ἀπειλῆς
3053 2551 3448 2622 προχωρήσας,
3510 2553 3674 2620 σιγᾷν

2100 2639 2467 2712 ἠναγκάζετο.
2501 2640 2622 2694 Τῶν
2652 2659 2736 2704 τις
2765 2641 2821 2693 δὲ
2849 2642 2974 2710 περὶ
3005 2641 3096 2693 τόν
3119 2639 3403 2711 βασιλικὸν
3433 2644 3674 2695 κοιτῶνα

2103 2732 2440 2804 θρασύτερον
2474 2731 2552 2801 τῷ
2586 2732 2720 2802 ὁσίῳ
2779 2732 3072 2797 διατεθεὶς,
3104 2736 3231 2803 περὶ
3284 2725 3344 2788 τὸ
3389 2735 3674 2804 βαλανεῖον

2100 2822 2260 2884 εὐθὺς
2293 2821 2498 2888 εἰσιὼν,
2533 2821 2664 2875 ὥστ’
2711 2821 2844 2876 αὐτὸ
2880 2822 3092 2892 βασιλεί
3121 2819 3464 2893 εὐτρεπίσαι,
3489 2826 3551 2876 τὸ
3579 2825 3672 2877 λος

2101 2914 2347 2981 γιστικδν
2365 2913 2681 2984 ἐκτραπεὶς,
2709 2915 2789 2976 et;
2809 2915 2908 2982 τὴν
2935 2916 3280 2987 θερμοῤῥόην
3302 2913 3675 2987 διολισθήσαςε

433 3026 555 3086 pter
581 3015 745 3069 animi
777 3013 1137 3066 temeritatem
1169 3007 1387 3077 gravius
1420 3016 1773 3069 tractaverat,
1797 3007 1853 3060 in
1885 3007 1997 3060 bal-

2104 3007 2195 3058 καὶ
2223 3003 2485 3088 ἀκράτου,
2510 3003 2798 3074 μετασχὼν
2827 3003 2923 3057 τοῦ
2964 3003 3193 3074 θερμοῦ,
3228 3003 3323 3058 τὸν
3375 3006 3488 3076 βίον
3535 3009 3668 3089 ἀπέέ

434 3125 594 3163 neum
621 3105 907 3161 confestim
950 3104 1248 3170 ingressus,
1286 3110 1348 3154 ut
1394 3099 1628 3168 principi
1665 3099 1991 3153 lavationem

435 3204 792 3268 praepararet,
827 3201 1009 3248 mente
1030 3200 1243 3261 captus,
1285 3192 1416 3246 etin
1438 3190 1643 3245 calidas
1668 3204 1836 3259 aquas
1851 3188 2000 3242 dela~

433 3306 589 3360 psus,
624 3289 699 3343 ibi
742 3287 905 3342 vitam
949 3285 1144 3339 finivit.
1208 3285 1508 3354 Imperator
1548 3283 1868 3352 aliquandiu
1908 3290 2001 3335 ex-

433 3389 708 3450 spectans,
734 3385 789 3433 et
817 3376 1028 3431 extrahi
1055 3391 1118 3430 ea
1157 3389 1308 3428 mora
1341 3383 1557 3443 tempus
1585 3389 1846 3443 querens,
1878 3373 2000 3426 aliis

432 3484 656 3524 causam
686 3469 805 3539 ejus
843 3467 922 3521 rei
963 3465 1274 3534 inquisitam
1313 3465 1417 3519 sibi
1449 3464 1766 3518 renuntiare
1795 3477 2001 3533 praece-

435 3561 534 3630 pit.
570 3558 671 3626 Qui
703 3573 825 3612 cum
851 3572 918 3612 eo
944 3556 1246 3620 venissent,
1279 3565 1336 3610 et
1365 3557 1544 3610 omnia
1577 3557 2000 3625 circumspexis—

433 3658 579 3715 sent,
593 3649 741 3702 illum
765 3647 818 3700 in
838 3645 1031 3700 calidis
1047 3645 1211 3699 undis
1229 3655 1403 3700 morte
1425 3645 1618 3714 frigida
1656 3656 1996 3715 peremptum

437 3747 778 3810 repererunt.
828 3739 982 3806 Quod
1040 3741 1133 3795 ubi
1182 3739 1481 3808 imperator
1539 3740 1817 3806 cognovit,
1860 3752 2000 3806 opus

437 3831 490 3885 id
523 3831 743 3901 quidem
777 3831 1094 3901 petulantis,
1138 3831 1428 3902 Aphraata:
1449 3840 1638 3886 sancto
1666 3831 1827 3885 illam
1854 3830 2000 3901 inju-

437 3927 534 3981 riae.
582 3937 639 3981 et
676 3926 1027 3981 contumeliae
1069 3940 1212 3990 esse,
1244 3935 1392 3980 recte
1423 3924 1720 3979 arbitratus
1746 3930 1870 3977 est:
1931 3923 2000 3978 de

435 4020 603 4091 impio
654 4031 833 4074 autem
901 4019 1154 4089 dogmate
1214 4019 1508 4084 eumdem,
1561 4019 1713 4086 juxta
1760 4016 2000 4072 indurati

433 4112 618 4167 cordis
675 4112 1038 4174 Pharaonem,
1083 4111 1312 4166 retinuit
1367 4111 1634 4164 animum.
1659 4109 1727 4165 Et
1777 4109 2000 4179 perinde

435 4212 598 4272 atque
640 4202 868 4256 fulmine
898 4201 1110 4256 amatus
1139 4210 1194 4256 et
1231 4203 1497 4255 attonitus
1537 4201 1834 4270 imperator
1855 4239 1871 4264 ,
1896 4199 2001 4253 mi-

435 4293 622 4346 raculo
671 4307 738 4347 eo
785 4293 958 4362 magis
980 4293 1147 4346 etiam
1186 4303 1270 4346 est
1298 4301 1487 4346 contra
1519 4308 1704 4346 veram
1736 4293 1996 4362 pietatem

2104 3095 2284 3150 λιπεν.
2344 3089 2496 3148 Ἑπεὶ
2524 3095 2569 3148 δ’
2613 3095 2641 3146 ό
2682 3094 2938 3166 βασιλεὺς
2981 3095 3213 3149 ἐπιπολὺ
3263 3097 3558 3168 διατρίϐων
3613 3088 3676 3154 vd

2107 3185 2276 3257 βραδὺ
2305 3187 2610 3259 κατῃτιᾶτο
2641 3186 2734 3240 τοῦ
2772 3187 2988 3257 χρόνου,
3020 3189 3228 3256 ἑτέροις
3259 3189 3528 3261 ἐπέτρεπε
3569 3209 3672 3260 μη-

2108 3277 2261 3330 νύειν
2291 3279 2354 3330 τδ
2377 3279 2569 3333 αίτιον.
2608 3277 2696 3342 Ὠς
2732 3277 2778 3331 δ’
2805 3275 2941 3351 ἦκον
2975 3280 3150 3334 πάντα
3190 3269 3674 3349 περισκοποῦντες,

2104 3360 2306 3440 δρῶσιν
2341 3372 2554 3423 ἐκεῖνον
2585 3369 2733 3422 ἔνδον
2763 3371 2857 3423 τοῦ
2884 3370 3125 3440 ἀκράτου
3159 3371 3386 3441 θερμοῦ,
3415 3372 3494 3443 τῷ
3513 3373 3672 3444 ψύχει

2106 3459 2458 3530 διαλυόμενον
2495 3460 2593 3530 τῆς
2623 3458 2967 3529 νεκρώσεως.
3007 3459 3073 3512 Ὃ
3102 3461 3166 3529 δὴ
3196 3462 3246 3513 οί
3287 3463 3417 3530 περὶ
3448 3463 3542 3515 τὸν
3578 3464 3672 3534 βα·

2109 3551 2262 3603 σιλέα
2300 3550 2583 3619 μαθόντες,
2621 3551 2781 3621 ἔργον
2807 3551 2912 3620 μὲν
2939 3546 3080 3604 εἶναι
3113 3552 3214 3623 τῆς
3241 3555 3299 3617 ἐς
3331 3549 3673 3625 Ἀφραι¹ὶτην¹

2111 3644 2206 3696 τὸν
2255 3643 2424 3708 ὅσιον,
2479 3643 2768 3712 παροινίας
2811 3643 2992 3707 καλῶς
3047 3643 3398 3713 ὲλογίσαντοο
3443 3649 3576 3716 πρός
3612 3664 3673 3716 γε

2111 3735 2218 3806 μὴν
2253 3737 2316 3788 τὸ
2373 3735 2634 3800 δυσσεϐὲς
2689 3737 2866 3806 δόγμα
2917 3738 3060 3792 κατὰ
3109 3738 3201 3792 τδν
3247 3739 3672 3812 σκληροκάρδιοι

2106 3827 2371 3884 διέκειντο
2415 3829 2633 3900 Φαραώ.
2668 3829 2732 3884 Ὀ
2775 3830 2830 3883 δὲ
2881 3830 3250 3903 ἐμϐρόντητος
3307 3832 3560 3902 βασιλεὺς
3612 3838 3672 3904 τῇ

2108 3922 2527 3996 θαυματουργία
2549 3923 2753 3994 μᾶλλον
2777 3924 2918 3978 κατὰ
2942 3926 3043 3993 τῆς
3076 3925 3360 3988 εὐσεϐείας
3384 3925 3671 3990 ὡπλίζετο.

2107 4007 2247 4070 Κατ⁴
2299 4015 2475 4068 ικεῖνο
2501 4017 2559 4069 δὲ
2590 4016 2787 4086 καιροῦ
2843 4017 2913 4069 τὰ
2948 4016 3037 4069 ῐσα
3071 4016 3148 4086 τῷ
3186 4016 3469 4089 ’Δφραάτῃ
3529 4020 3623 4071 καὶ
3652 4022 3672 4069 (ν

2108 4102 2485 4176 πολυύμνητος
2514 4103 2799 4167 Ἰουλιανὸς
2825 4106 3062 4176 ἔπραττε
3090 4123 3102 4138 ·
3139 4109 3238 4171 τὰς
3280 4107 3388 4178 γὰρ
3409 4109 3467 4162 ἐν
3492 4110 3671 4179 ἑρήμᾴ

2106 4199 2388 4268 διατριϐὰς
2419 4199 2513 4251 καὶ
2545 4193 2698 4262 οὗτος
2726 4199 3066 4264 καταλιπὼν,
3093 4201 3192 4271 τὴν
3225 4202 3508 4272 Ἀντιόχου
3548 4206 3671 4254 κατ-

2107 4291 2322 4344 έλαϐεν.
2351 4291 2505 4344 Ἐπεὶ
2563 4292 2671 4359 γὰρ
2722 4293 2772 4344 oi
2816 4291 2910 4345 τοῦ
2949 4292 3182 4362 ψεύδους
3224 4295 3476 4364 ἐργάται,
3514 4295 3564 4346 οἱ
3613 4294 3671 4347 τό

434 4385 760 4439 concitatus.
795 4383 999 4438 Eadem
1048 4391 1369 4452 tempestate
1400 4383 1544 4438 idem
1577 4383 1722 4451 quod
1757 4383 1997 4453 Aphraa-

2115 4382 2325 4453 Ἀρείου
2369 4382 2514 4449 λέγω
2563 4383 2921 4454 φρονοῦντες,
2968 4389 3327 4454 συκοφαντεῖν
3368 4385 3674 4457 ἐπειρῶντο

436 4485 535 4540 tes,
570 4476 863 4546 plurimum
893 4475 1150 4529 laudatus
1179 4475 1268 4529 ille
1299 4474 1551 4528 Julianus
1572 4473 1720 4528 fecit.
1747 4475 1880 4529 Nam
1912 4475 2004 4529 hic

431 4579 651 4634 quoque
683 4563 980 4617 solitudine
1022 4564 1208 4618 relicta
1231 4605 1246 4627 ,
1279 4563 1625 4617 Antiochiam
1661 4565 1830 4618 venit.
1862 4563 2000 4618 Cum

432 4658 578 4711 enim
607 4655 875 4710 mendacii
909 4655 1168 4718 artiﬁces,
1202 4656 1388 4710 Ariani
1423 4655 1669 4724 inquam.
1704 4671 1800 4725 per
1845 4670 2001 4727 syco-

434 4748 714 4818 phantiam
769 4747 949 4801 virum
999 4758 1248 4802 sanctum
1307 4746 1593 4800 traducere
1645 4757 1999 4808 conarentur,

435 4839 600 4892 veluti
655 4837 909 4892 factionis
952 4853 1141 4892 eorum
1195 4849 1361 4901 esset,
1410 4847 1464 4892 et
1509 4838 1745 4908 dogmati
1799 4837 2002 4892 Ariauo

433 4932 770 4984 consentiret
805 4947 818 4984 :
863 4930 1189 4993 Flavianus,
1225 4930 1496 4983 Diodorus
1521 4970 1536 4994 ,
1575 4940 1630 4983 et
1674 4930 2002 4999 Aphraates,

432 5021 679 5076 veritatis
738 5022 966 5086 lumina,
1012 5023 1265 5076 Acacium
1312 5021 1467 5075 illum
1503 5021 1596 5091 qui
1643 5032 1826 5091 postea
1876 5021 2009 5074 Ber-

433 5125 712 5165 rteensenr
745 5110 1022 5163 civitatem
1067 5127 1342 5164 sacrorum
1388 5111 1618 5165 antistes
1667 5111 1873 5179 optime
1909 5111 2006 5163 ad-

433 5199 780 5264 ministravit,
822 5199 888 5250 ad
928 5200 1201 5252 celebrem
1241 5200 1393 5253 illum
1426 5202 1606 5253 virum
1657 5215 1780 5253 cum
1812 5200 2002 5269 hujus-

433 5290 575 5343 modi
627 5290 916 5359 postulatis
955 5291 1156 5343 misere
1179 5332 1192 5355 ,
1228 5301 1284 5344 ut
1319 5291 1615 5345 multorum
1659 5292 1738 5360 (l)
1768 5291 2001 5343 milliuzn

432 5381 714 5436 hominum
750 5384 1001 5437 misertus
1028 5384 1259 5447 veniret,
1291 5391 1344 5438 et
1399 5398 1523 5436 cum
1569 5382 2003 5434 adversariorum

432 5471 782 5539 redargueret
800 5473 1163 5535 mendacium,
1179 5481 1290 5527 tum
1316 5475 1597 5527 veritatem
1625 5469 1793 5522 libere
1813 5474 2009 5523 contir-

507 5651 583 5719 (l)
613 5651 824 5708 Thcod.
856 5670 974 5725 cap.
1007 5655 1099 5710 27.

2106 4475 2198 4528 τὸν
2227 4477 2397 4538 ὅσιον,
2427 4475 2503 4539 ὡς
2525 4479 2625 4545 τῆς
2659 4476 2841 4531 αὐτῶν
2863 4479 2948 4546 είη
2987 4481 3240 4549 φατρίας,
3271 4480 3365 4532 καὶ
3398 4482 3511 4539 τοῖς
3537 4479 3676 4530 ἐκεί-

2107 4583 2215 4618 νων
2261 4569 2468 4636 στοιχεί
2504 4567 2740 4636 δόγμασι
2763 4581 2782 4600 ⁶
2807 4568 3110 4631 Φλοϐιανδς
3141 4571 3237 4623 καὶ
3283 4570 3545 4638 Διόδωρος
3583 4572 3678 4623 καὶ

2119 4657 2436 4726 ’Λφραάτης
2466 4650 2646 4720 οὗτος,
2684 4659 2734 4710 οί
2757 4659 2854 4727 τῆς
2883 4659 3142 4729 ἀληθείας
3177 4661 3490 4730 φωστῆρες,
3516 4660 3678 4713 ’Δκάο

2107 4765 2224 4801 κιον
2256 4749 2488 4811 ἐκεῖνον,
2537 4749 2596 4811 ὃς
2647 4750 2749 4819 τὴν
2801 4749 3138 4822 Βεῤῥοιαίων
3175 4751 3332 4804 πόλιν
3391 4755 3677 4804 εἰσέπειτα

2105 4838 2338 4891 διίθυνεν
2367 4826 2591 4908 ᾶριστιῖ,
2633 4840 2772 4906 πρὸς
2821 4840 2912 4892 τὸν
2948 4841 3312 4910 πανεύφημον
3343 4843 3554 4894 ἐκεῖνον
3586 4845 3678 4896 ἄν-

2103 4928 2208 4999 δρα
2241 4930 2628 4997 προσάγοντες,
2685 4928 2870 5000 δέησιν
2903 4930 3176 4997 ἔπεμπον,
3225 4932 3434 4983 πολλῶν
3465 4933 3677 5000 ἀνθρώ-

2107 5033 2226 5069 πων
2260 5017 2523 5085 μυριάδας
2564 5020 2870 5087 οἰκτείραι·
2933 5019 3064 5072 ὥστ’
3093 5021 3261 5082 ίόντα,
3311 5021 3371 5073 τὸ
3424 5021 3526 5090 μὲν
3572 5023 3676 5074 τῶν

2110 5110 2376 5162 ἐναντίων
2406 5109 2681 5178 διελέγξαι
2734 5111 2954 5179 ψεῦδος,
3005 5111 3106 5178 τὴν
3143 5112 3189 5164 δ’
3248 5113 3508 5183 ἀλήθειαν
3543 5116 3674 5184 παῤ-

2113 5200 2399 5268 ρησιάσαι,
2430 5202 2523 5252 καὶ
2559 5202 2621 5254 τὸ
2651 5203 2751 5271 τῆς
2787 5201 3022 5267 πίστεως
3060 5205 3238 5274 δόγμα
3273 5192 3533 5274 κηρύξαιζ
3567 5208 3674 5258 Καὶ

2113 5289 2150 5342 ἃ
2175 5291 2275 5358 μὲν
2305 5287 2460 5355 οὗτος
2495 5295 2586 5344 καὶ
2617 5295 2762 5362 ἅπαξ
2811 5297 2901 5348 καὶ
2931 5296 3184 5367 δεύτερον
3215 5297 3401 5350 είσιὼν
3433 5298 3531 5366 τὴν
3558 5299 3674 5349 Ἀνσ

2114 5383 2296 5452 τιόχου
2354 5385 2633 5453 παράδοξα
2685 5387 3039 5458 διεπράξατο,
3098 5391 3131 5459 ή
3183 5391 3432 5457 φιλόθεος
3463 5393 3673 5453 ἱστορία

2113 5474 2314 5540 διδάξει
2345 5479 2454 5540 τοῖς
2481 5475 2824 5546 βουλομένοις
2849 5499 2860 5510 ·
2896 5484 2978 5535 ὅτι
3008 5481 3062 5534 δὲ
3091 5483 3149 5532 τὸ
3173 5482 3268 5548 τῆς
3309 5482 3520 5544 πόλεως
3546 5485 3656 5550 σύμ
