3986 6190
392 289 498 351 libi

1613 284 2031 346 NICEPIIORI
2067 286 2412 347 CALLISTI

3532 299 3640 360 53?.

397 407 696 476 palaestras,
726 402 960 456 maxime
987 400 1090 454 huc
1113 410 1368 470 egerunt,
1405 409 1464 454 ut
1491 401 1689 457 Petrus
1717 397 1772 455 in
1805 401 1952 455 illius

2066 403 2206 456 σθαι.
2256 404 2344 466 Ὧς
2377 403 2433 456 δὲ
2459 405 2568 467 τοῖς
2619 403 2783 475 ίεροίς
2815 408 3063 474 ἐνίὸρυτο
3109 409 3330 472 θώκοις,
3388 413 3553 476 εὐθὺς
3609 420 3637 466 ὁ

395 499 578 553 locum
611 495 1061 549 substitueretur.
1100 490 1394 562 Postquam
1428 501 1612 546 autem
1658 493 1705 548 is
1746 507 1954 547 sacram

395 588 604 657 recepit
633 586 842 649 sedem,
878 583 1026 637 nulla
1057 583 1386 653 interposita
1424 598 1600 645 mora,
1629 585 1809 654 gentis
1840 584 1958 654 ejus

396 679 707 748 prmfcctus,
761 684 1041 729 contracta
1085 689 1149 729 ex
1194 674 1399 728 Judaais
1430 684 1484 729 ct
1521 675 1724 730 Cra-cis
1770 691 1955 737 manu,

394 768 677 824 ecclesiam
725 765 1202 830 circumvallavit,
1236 775 1292 821 et
1333 765 1554 820 Petrum
1595 767 1746 819 exire
1773 745 1987 835 jussit.

393 862 544 930 Quod
566 861 669 914 nisi
698 860 922 920 faceret,
949 874 1007 913 se
1040 860 1194 913 illum
1227 859 1309 914 vel
1345 859 1573 913 invitum
1600 857 1726 912 inde
1749 857 1958 928 ejectuo

396 968 514 1006 rum
557 967 701 1014 esse,
753 951 994 1005 minatus
1040 958 1124 1005 est
1155 967 1169 1003 :
1204 950 1348 1018 quod
1395 949 1618 1018 quidem
1671 949 1762 1004 ille
1808 947 1956 1012 fecit,

389 1060 514 1098 cum
553 1054 610 1098 ut
644 1045 911 1099 voluntati
955 1043 1306 1113 imperatoris
1340 1057 1548 1097 morem
1579 1051 1813 1112 gereret,
1844 1052 1956 1094 tum

392 1139 625 1192 maxime
655 1137 918 1205 impietati
953 1138 1068 1206 ipse
1095 1151 1208 1190 suae
1235 1136 1597 1189 satisfaceret.
1623 1134 1776 1200 Quod
1805 1149 1952 1187 natu-

388 1248 497 1301 que
539 1247 602 1285 ex
651 1231 924 1282 idolorum
975 1227 1183 1281 nefaria
1230 1229 1621 1295 superstitione
1674 1226 1955 1296 penderet,

390 1321 677 1393 splendide
714 1335 771 1375 se
822 1319 1024 1374 festum
1073 1319 1217 1374 diem
1265 1331 1510 1373 acturum
1546 1332 1668 1372 esse
1712 1316 1954 1385 putabat,

390 1417 436 1470 si
469 1429 611 1469 verae
643 1412 864 1482 pietatis
893 1425 1081 1463 navem
1120 1410 1171 1463 in
1219 1419 1598 1477 tempestatem
1637 1407 1955 1476 conjiceret.

392 1509 468 1561 Ac
499 1506 735 1574 primum
781 1502 1001 1570 quidem
1048 1503 1243 1556 Petrus
1287 1500 1337 1553 iu
1388 1513 1666 1554 carcerem
1711 1497 1958 1552 inclusus

389 1612 477 1653 est
508 1617 523 1652 :
554 1607 736 1667 postea
776 1604 961 1648 autem
995 1594 1331 1664 profugiens.
1366 1607 1488 1646 cum
1520 1591 1777 1658 scapham
1809 1601 1958 1642 com-

393 1691 554 1746 mode
589 1700 782 1744 nactus
813 1696 980 1744 esset.
1015 1687 1241 1740 Romam
1275 1686 1338 1739 ad
1375 1684 1810 1739 consentientem
1851 1679 1954 1734 sibi

383 1784 511 1853 ejus
548 1782 697 1834 urbis
725 1779 1043 1848 episcopum
1090 1777 1380 1830 Damasum
1429 1774 1661 1843 trajecit.
1707 1773 1773 1826 Et
1801 1770 1952 1825 brevi

394 1880 519 1944 post
569 1870 826 1933 Euzoius,
866 1869 957 1937 qui
1007 1868 1309 1920 Antiochia:
1349 1865 1566 1918 Arianae
1609 1864 1783 1933 prariit
1829 1861 1958 1914 reli-

393 1963 563 2032 gioni,
595 1963 828 2028 "tempus
873 1968 1244 2026 opportunum
1293 1967 1508 2018 nactus,
1546 1954 1832 2006 consilium
1881 1953 1960 2004 in-

395 2054 568 2119 venit,
609 2061 668 2106 ut.
715 2050 1099 2105 Alexandriam
1147 2049 1263 2115 ipse
1303 2049 1441 2108 iret,
1481 2057 1532 2098 et
1577 2046 1837 2098 ecclesias
1885 2043 1956 2094 ibi

397 2149 568 2202 Lucio
597 2145 800 2200 Ariano
829 2143 1089 2196 traderet.
1119 2140 1273 2204 Quod
1310 2155 1436 2191 eum
1470 2136 1786 2208 imperatori
1817 2152 1955 2203 quo-

387 2256 503 2310 que
532 2239 738 2307 placuit
765 2233 1146 2295 (adhue-enim
1195 2232 1239 2284 is
1287 2230 1589 2284 Antiochia:
1626 2237 1791 2287 erat).
1833 2241 1956 2280 cum

395 2331 657 2388 satellitio
691 2331 885 2388 multo,
931 2337 987 2380 et.
1028 2326 1250 2377 militari
1285 2339 1404 2391 qua:
1451 2336 1576 2376 eum
1627 2320 1959 2389 sequebatur

399 2437 561 2476 manu
586 2435 715 2474 sane
747 2433 906 2488 quam
937 2414 1207 2484 trcquenti
1235 2415 1512 2482 profectus
1538 2422 1639 2470 est.
1664 2421 1825 2478 atque
1855 2425 1959 2462 una

397 2530 521 2572 cum
553 2531 619 2568 eo
651 2526 881 2581 magnus
928 2510 1271 2576 imperatoris
1317 2517 1573 2573 (ttttnstor.
1607 2505 1886 2559 Habebunt
1925 2505 1960 2557 ii

396 2609 464 2662 ab
495 2608 825 2675 imperatore
854 2600 920 2654 ad
957 2601 1272 2668 praefectum
1305 2598 1602 2666 provinciae
1638 2596 1956 2658 Palladium,

398 2695 734 2754 mandatum,
768 2699 827 2743 ut
857 2689 903 2743 is
937 2703 1261 2758 quacunque
1294 2688 1346 2739 in
1391 2702 1447 2739 re
1486 2700 1624 2753 Opus
1649 2693 1815 2744 esset,
1849 2683 1959 2736 Lu—

397 2788 483 2841 cio
539 2794 596 2839 et
641 2783 844 2837 Euzoio
895 2794 1009 2834 non
1054 2779 1292 2832 deesset.
1347 2777 1413 2831 Et
1470 2776 1665 2830 Petrus
1713 2773 1958 2842 quidem,

396 2876 560 2932 sicuti
584 2874 789 2928 dictum
819 2880 923 2933 est,
952 2869 1006 2924 in
1032 2883 1254 2923 carcere
1283 2873 1593 2920 asservatus
1612 2875 1696 2918 est
1730 2879 1742 2916 :
1775 2871 1961 2930 postea

397 2971 561 3024 etiam
611 2967 840 3021 Romam
895 2962 1189 3030 navigavit.
1240 2964 1309 3012 At
1367 2958 1568 3010 Lucius
1607 2955 1848 3008 Arianus
1908 2949 1998 3006 in’

402 3073 614 3115 sacram
673 3053 957 3110 Athanasii
1015 3048 1200 3105 sedem
1254 3059 1338 3103 est
1399 3047 1720 3100 collocatus.
1776 3045 2037 3134 ltaque-C

397 3147 640 3220 Egyptii
673 3148 832 3215 longe
865 3144 1144 3213 graviores
1182 3143 1237 3194 in
1268 3150 1484 3195 exteros
1524 3139 1736 3190 animos
1765 3151 1962 3190 conce-

402 3257 556 3312 pere.
596 3239 771 3294 Simul
806 3247 972 3306 atque
1001 3235 1148 3288 enim
1196 3233 1491 3302 improviso
1529 3232 1828 3284 advenerat
1861 3229 1966 3283 Lu-

397 3335 540 3399 cius,
589 3332 772 3385 statim
819 3327 1082 3383 ecclesias
1129 3339 1396 3394 occupare
1438 3323 1966 3392 contendit.’Atque

400 3427 490 3482 ubi
519 3425 672 3495 plebs
701 3433 893 3478 contra
925 3419 1026 3473 niti
1058 3419 1222 3486 εωιιίι
1243 3459 1256 3483 ,
1308 3417 1505 3471 bellum
1555 3416 1820 3469 adversus
1861 3414 1969 3468 cle-

402 3520 549 3573 ricos
587 3526 643 3570 et
685 3528 872 3569 sacras
914 3511 1153 3581 virgines
1195 3519 1275 3564 est
1317 3510 1645 3562 institutum.
1697 3506 1851 3575 153
1898 3505 1967 3560 Et

401 3610 524 3664 alite
553 3622 720 3675 super
756 3605 890 3658 alias
921 3604 1085 3657 illatae
1120 3600 1455 3654 calamitates
1495 3598 1746 3650 Ecclesiae
1777 3591 1966 3652 catho-

398 3704 519 3757 lica:
568 3709 867 3754 sectatores
922 3696 1252 3750 afﬂixerunt.
1312 3694 1549 3748 Permde
1605 3694 1750 3744 enim
1803 3702 1966 3761 atque

400 3797 526 3850 ferre
581 3800 826 3862 agrestes
882 3790 1028 3860 gregi
1087 3786 1294 3840 Christi
1348 3783 1534 3839 Ariani
1591 3784 1962 3849 imminentes,

402 3886 600 3956 partim
629 3886 681 3937 in
715 3881 966 3937 exsilium
1004 3892 1185 3948 egere,
1213 3877 1409 3948 partim
1441 3885 1628 3944 captos
1663 3875 1715 3928 in
1749 3875 1964 3927 vincula

401 3978 689 4048 coniecere
737 3991 751 4027 :
793 3987 932 4042 quos
989 3985 1208 4024 rursum
1255 3985 1321 4021 ex
1372 3966 1600 4021 vinculis
1645 3965 1962 4035 productus,

400 4069 568 4126 variis
606 4065 902 4120 subdidere
949 4061 1256 4130 suppliciis.
1292 4059 1522 4124 Quidam
1553 4058 1700 4112 enim
1750 4058 1968 4126 ungulis

403 4170 460 4214 et
494 4159 677 4228 ﬂagris
719 4155 941 4210 bubulis
968 4155 1117 4216 caesi,
1145 4151 1368 4222 quidam
1399 4150 1724 4204 ardentibus
1755 4148 1968 4203 facibus

406 4251 608 4313 adusti,
655 4256 818 4316 atque
842 4246 934 4298 alii
971 4245 1129 4299 bonis
1159 4243 1394 4311 primum
1423 4241 1665 4311 spoliati,
1692 4241 1816 4295 aliis
1842 4255 1968 4293 mox

406 4351 536 4396 sunt
564 4340 749 4393 allecti
776 4335 1142 4405 cruciatibus.
1180 4319 1496 4387 Tormentis
1528 4346 1658 4385 vero
1687 4340 1794 4384 tam
1828 4329 1967 4383 varii

2049 3605 2208 3680 ἦσαν
2243 3609 2742 3679 συλλαμϐανόμενοι
2774 3629 2785 3640 ·
2835 3609 2989 3673 αὖθις
3038 3615 3081 3666 δ’

2061 495 2151 546 τοῦ
2187 494 2373 559 ἔθνους
2401 496 2646 565 ἡγεμὼν,
2685 497 2775 551 τὸν
2806 498 2864 562 ἐξ
2913 499 3183 553 Ἰουδαίων
3205 505 3298 556 καὶ
3360 503 3634 575 Ἐλλήνων

2061 586 2453 655 περιαθροίσας
2476 588 2684 658 ὅμιλον,
2745 590 2846 658 τὴν
2900 592 3202 660 ἐκκλησίαν
3243 598 3631 665 περιεκύκλου.

2061 678 2152 729 καὶ
2180 677 2381 740 ἐξιέναι
2406 679 2499 731 τὸν
2527 679 2728 749 Πέτρον
2777 682 3029 735 ἐκέλευεν
3061 701 3076 714 ·
3143 685 3192 737 εί
3236 685 3284 738 δ’
3342 684 3455 751 οὖν,
3515 690 3632 742 ἀλλ’

2060 771 2220 831 αὑτός
2245 787 2306 836 γε
2339 771 2434 822 καὶ
2481 772 2683 824 ἄκοντα
2711 775 2897 826 τοῦτον
2944 775 3225 840 ἐξελάσειν
3282 779 3516 845 ἠπείλει,
3563 785 3633 832 τὰ

2061 859 2286 929 θυμήρη
2313 860 2476 930 δῆθεν
2513 861 2773 932 πράττων
2799 863 2878 931 τῷ
2911 863 3121 933 βασιλεῖ
3157 883 3172 896 ⁶
3200 867 3260 921 τὸ
3310 869 3356 922 δ’
3409 872 3630 939 ἀληθὲς.

2061 955 2126 1021 τῇ
2170 953 2412 1024 σφετέρᾳ
2463 953 2754 1025 δυσσεϐείᾳ
2782 957 3181 1026 ἀφοσιούμενος
3207 961 3269 1013 τὸ
3304 963 3472 1027 είκός.
3516 966 3633 1032 Τῆς

2061 1044 2168 1112 γὰρ
2200 1044 2310 1095 τῶν
2369 1044 2603 1098 εἰδώλων
2645 1047 2964 1110 δυσσεϐείας
3029 1049 3424 1122 ἐξηρτημένος,
3474 1057 3632 1122 ἄγειν

2061 1133 2195 1204 ᾤετο
2223 1135 2483 1202 λαμπρὰν
2515 1136 2728 1206 ἑορτὴν,
2756 1138 2807 1190 εί
2843 1140 2900 1190 ἐν
2928 1138 3065 1211 ζάλῃ
3095 1143 3193 1208 τὴν
3218 1145 3323 1212 ,τῆς
3345 1146 3633 1208 εὐσεϐείας

2059 1227 2256 1279 ὁλκάδα
2283 1228 2560 1294 ἐμϐάλλει.
2595 1229 2702 1281 Καὶ
2739 1231 2928 1302 πρῶτα
2963 1233 3064 1301 μέν
3090 1234 3118 1285 6
3150 1236 3352 1306 Πέτρος
3400 1239 3632 1306 καθείρ-

2060 1335 2267 1385 γνυτο·
2319 1319 2506 1374 ἔπειτα
2577 1321 2801 1393 διαδρὰς
2853 1325 2949 1377 καὶ
3001 1327 3239 1395 σκάφους
3298 1329 3631 1400 εὐτυχήσας,

2061 1413 2141 1471 είς
2184 1412 2402 1480 Ῥώμην
2431 1414 2695 1466 ἁνέπλεεν
2749 1416 2822 1479 ὡς
2881 1419 3018 1484 πρὸς
3059 1419 3316 1488 ὁμόδοξον
3370 1423 3634 1491 Δάμασον

2061 1505 2149 1555 τὸν
2191 1504 2410 1573 Ῥώμης
2446 1505 2764 1560 ἐπίσκοπον.
2803 1510 2878 1560 Οὐ
2929 1509 3108 1578 πολλῷ
3133 1511 3190 1562 δέ
3248 1509 3490 1583 ὕστερον,
3525 1516 3634 1569 Εὖ-

2063 1595 2222 1658 ζώῖος
2257 1599 2283 1647 6
2311 1600 2367 1647 ἐν
2409 1597 2710 1668 Ἀντιοχείᾳ
2759 1599 2858 1665 τῆς
2935 1600 3282 1670 Ἀρειανικῆς
3349 1607 3640 1675 προεστὼς

2063 1683 2400 1753 θρησκείας,
2454 1684 2545 1735 τὸν
2626 1685 2816 1755 καιρὸν
2897 1687 3189 1754 ἁρπάσας,
3257 1694 3634 1764 συνέῤῥαπτεν

2062 1775 2222 1836 αὐτὸς
2255 1777 2331 1836 είς
2371 1774 2783 1845 Ἀλεξάνδρειαν
2821 1779 3129 1844 κατελθεῖν,
3188 1783 3282 1835 ἐπὶ
3318 1785 3395 1854 τῷ
3453 1805 3634 1856 παρα-

2059 1864 2242 1918 δοῦναι
2278 1867 2494 1936 Λουκίῳ
2523 1868 2599 1936 τῷ
2642 1867 2902 1938 Ἀρειανῷ
2930 1873 3027 1932 τὰς
3058 1870 3243 1926 ἐνθάδε
3311 1876 3632 1946 ἐκκλησίας.

2063 1959 2177 2010 Καὶ
2219 1959 2340 2008 ἐπεὶ
2366 1961 2459 2010 καὶ
2488 1959 2697 2028 βασιλεῖ
2723 1961 2919 2025 ἐδόκει,
2947 1963 3027 2016 ἔτι
3049 1962 3156 2034 γὰρ
3179 1969 3308 2036 περὶ
3355 1967 3450 2036 τὴν
3516 1969 3634 2021 Ἀν-

2059 2048 2238 2116 τιόχου
2301 2049 2478 2116 διῆγε,
2545 2051 2641 2102 σὺν
2690 2051 2986 2123 δορυφορίᾳ
3053 2056 3244 2127 κατῄει
3300 2058 3495 2130 πολλῇ,
3541 2067 3634 2116 καὶ

2062 2143 2459 2212 στρατιωτικῆς
2523 2143 2783 2213 πλείστης
2843 2147 3183 2214 ἐφεπομένης
3242 2152 3422 2221 χειρός
3461 2168 3476 2182 ’
3534 2157 3634 2208 σὺν

2061 2229 2210 2298 αὐτῷ
2233 2229 2289 2282 δὲ
2318 2231 2413 2284 καὶ
2447 2232 2670 2300 Μάγνος
2700 2235 2728 2286 6
2771 2234 2878 2286 τῶν
2930 2236 3227 2304 βασιλικῶν
3259 2243 3462 2309 ταμίας
3493 2260 3632 2313 χρη-

2066 2320 2268 2387 μάτων.
2310 2325 2415 2376 Καὶ
2443 2325 2776 2394 πρόσταγμα
2807 2326 2862 2379 δέ
2893 2328 3160 2395 βασιλέως
3186 2331 3264 2398 τῷ
3300 2332 3394 2385 τοῦ
3443 2333 3633 2397 ἔθνους

2061 2414 2291 2478 ἡγεμόνι
2336 2415 2622 2486 Παλλαδίῳ
2662 2419 2963 2485 ἐπέμπετο,
2996 2420 3022 2472 ὅ
3071 2438 3123 2472 τι
3171 2421 3236 2474 ἂν
3288 2423 3379 2493 δέῃ
3419 2426 3636 2495 Δουκῖῳ

2063 2507 2154 2556 καὶ
2182 2507 2400 2576 Εὖζωῖῳ
2429 2508 2852 2579 καθυπουργείν.
2894 2513 3000 2564 Καὶ
3036 2514 3239 2582 Πέτρος
3272 2517 3372 2582 μὲν
3416 2516 3635 2588 καθεῐρ.

2064 2613 2183 2658 κτο,
2225 2598 2299 2659 ὡς
2355 2597 2568 2668 εἴρηται
2603 2617 2618 2632 ⁸
2669 2602 2858 2654 ἔπειτα
2911 2603 2967 2654 δέ
3008 2604 3101 2656 καὶ
3134 2606 3213 2667 εἰς
3257 2605 3472 2676 Ῥώμην
3501 2611 3636 2662 ἀπέ-

2065 2687 2208 2740 πλει.
2233 2679 2478 2750 Λούκιος
2500 2690 2556 2742 δὲ
2587 2691 2615 2743 6
2658 2690 2935 2761 Ἀρειανὸς
2969 2696 3081 2756 τοῖς
3108 2697 3275 2766 ἱεροῖς
3312 2699 3636 2754 Ἀθανασίου

2065 2779 2259 2842 θώκοις
2295 2781 2556 2850 ἐνίδρυτο.
2603 2781 2884 2835 Ἐντεῦθεν
2914 2785 2969 2836 δέ
3018 2787 3145 2855 περὶ
3175 2788 3302 2850 τοὺς
3368 2790 3635 2861 ἀλλαχόσε

2067 2869 2347 2921 συνέϐαινε
2380 2869 2559 2939 πολλῷ
2593 2871 2971 2940 χαλεπώτερον
3021 2874 3336 2942 διατεθῆναι
3391 2883 3518 2943 τοὺς
3577 2883 3638 2934 ἐν

2068 2960 2324 3027 Αἰγύπτῳ
2359 2977 2371 2990 ο
2407 2961 2522 3028 ἅμα
2574 2963 2679 3031 γὰρ
2731 2951 3019 3032 εἰσπεσὼν,
3069 2968 3344 3039 ἐπεχείρει
3387 2973 3640 3043 κατέχειν

2067 3051 2162 3112 τὰς
2187 3051 2506 3119 ἐκκλησίας.
2543 3054 2694 3105 Ἐπεὶ
2725 3055 2768 3106 δ’
2800 3057 3056 3109 ἀντέπνει
3113 3060 3173 3111 τὸ
3209 3062 3431 3129 πλῆθος,
3471 3066 3630 3119 ἐπλέ-

2067 3162 2193 3197 κετο
2233 3146 2332 3212 μὲν
2369 3147 2399 3216 ἡ
2437 3146 2623 3207 στάσις
2658 3151 2770 3209 τοῖς
2813 3149 3093 3219 κληρικοῖς
3137 3155 3232 3207 καὶ
3287 3157 3406 3218 ταῖς
3463 3159 3639 3228 ίεραϊς

2067 3237 2360 3306 παρθένοις
2385 3251 2402 3268 ⁸
2445 3241 2536 3290 καὶ
2571 3241 2847 3308 συμφοραὶ
2882 3244 3168 3312 συμφορὰς
3208 3247 3334 3310 τοὺς
3379 3248 3486 3302 ἀπὸ
3538 3252 3637 3318 τῆς

2069 3327 2298 3380 καθόλου
2351 3328 2677 3411 Ἐκκλησὶας
2726 3331 3108 3402 διαδεχόμεναι
3157 3336 3436 3402 ὲξεπίεζον
3471 3356 3488 3371 '
3548 3338 3637 3394 οἷα

2068 3428 2176 3495 γάρ
2196 3444 2338 3488 τινες
2367 3427 2535 3498 θῆρες
2557 3431 2764 3496 ἀγρίως
2816 3435 2881 3501 τῇ
2917 3437 3120 3506 ποίμνῃ
3166 3435 3403 3502 Χριστοῦ
3454 3434 3641 3488 ἐπιθέ-

2072 3534 2246 3585 μενοι,
2275 3518 2399 3580 τοὺς
2433 3521 2529 3587 μὲν
2568 3523 2643 3581 είς
2676 3524 2851 3589 φυγὴν
2886 3525 3135 3592 ἔτρεπον,
3199 3529 3244 3577 οἱ
3273 3526 3327 3578 δὲ
3355 3526 3634 3592 δεσμῶται

3141 3617 3202 3667 ἐκ
3266 3617 3373 3668 τῶν
3419 3617 3639 3684 δεσμῶν

2069 3701 2457 3771 προαγόμενοι,
2527 3704 2795 3764 ποικίλαις
2858 3704 3221 3757 ὑπεϐάλλοντο
3277 3711 3561 3776 τιμωρὲαις
3625 3727 3635 3735 ·

2068 3792 2218 3857 δνυξι
2267 3793 2378 3862 γὰρ
2417 3794 2508 3845 καὶ
2561 3794 2762 3862 βοείαις
2813 3798 3079 3864 ᾐκίζοντο.
3137 3798 3316 3851 Ἶξσσν
3346 3802 3401 3853 δὲ
3438 3802 3486 3852 (ιῖ
3544 3808 3640 3852 καὶ

2071 3883 2318 3952 λαμπάσι
2361 3884 2524 3954 πυρὸς
2570 3885 2924 3953 ἀνεφλέγοντο
2959 3903 2972 3914 ·
3007 3891 3098 3941 καὶ
3133 3891 3472 3953 παντοδαπὰς
3504 3891 3642 3958 ὑφίν

2073 3991 2265 4026 σταντο
2309 3976 2617 4044 τιμωρίας,
2678 3979 2745 4030 τὰ
2803 3980 2940 4033 οἴκοι
3005 3980 3220 4051 πρῶτον
3270 3982 3640 4050 διαρπαζόμε-

2071 4081 2173 4117 νοι.
2229 4064 2628 4120 Ἐπιϐιῶναιδέ
2663 4068 2740 4136 τῷ
2788 4069 3015 4140 ποικίλῳ
3073 4072 3180 4124 τῶν
3231 4072 3497 4141 βασάνων.
3537 4089 3644 4124 πα-

2075 4154 2295 4225 ράδοξον
2323 4155 2617 4222 ἐλογίζετο.
2655 4159 2728 4209 Τὸ
2757 4159 2810 4211 δέ
2842 4177 2904 4226 γε
2933 4161 3038 4230 πρὸ
3089 4161 3184 4211 τοῦ
3239 4165 3435 4232 πεῖραν
3493 4165 3642 4231 σχεῖν

2073 4247 2181 4298 τῶν
2210 4247 2397 4299 δεινῶν
2421 4249 2796 4319 ἀπαλλαγῆναι
2832 4251 2924 4302 τοῦ
2962 4251 3088 4320 ζῇν,
3129 4253 3159 4320 ἦ
3193 4253 3252 4304 τό
3292 4271 3354 4319 γε
3415 4257 3643 4321 μετριώ-

2074 4355 2255 4408 τερον,
2291 4339 2467 4408 φυγὴν
2502 4340 2965 4409 καταδικασθῆναι
3005 4345 3278 4411 μακάριόν
3309 4363 3364 4396 τε
3400 4347 3491 4398 καὶ
3544 4345 3642 4410 ζη-

403 4427 622 4501 generis
654 4440 967 4498 superesse,
998 4422 1320 4478 admirabile
1353 4433 1439 4476 est
1477 4413 1680 4474 visum.
1721 4420 1875 4485 Quod
1925 4419 1963 4473 si

2078 4429 2248 4480 λωτὸν
2285 4428 2584 4496 ἐνομίζετο.
2623 4431 2728 4484 Καὶ
2756 4433 2867 4494 πῶς
2897 4433 2962 4486 ἄν
2991 4450 3072 4493 τις
3105 4435 3513 4504 ἐκδιηγήσαντο,
3543 4436 3643 4487 ὅσα

407 4524 534 4592 quis
565 4523 720 4592 prius
756 4520 866 4574 vita
913 4516 1262 4578 excessisset,
1297 4530 1460 4584 quam
1506 4522 1656 4568 tanta
1702 4513 1839 4566 mala
1872 4527 1968 4564 ex-

408 4626 620 4684 pertus,
669 4622 761 4666 ant
807 4613 848 4666 si
898 4611 964 4662 ad
1016 4609 1355 4663 tolerabilius
1381 4607 1633 4661 exsilium
1678 4605 1971 4659 damnatus

405 4716 574 4770 esset,
603 4704 942 4758 fortunatum
969 4701 1045 4767 id,
1067 4711 1122 4755 et
1146 4700 1291 4770 quod
1317 4699 1481 4753 alicui
1509 4697 1740 4751 invideri
1764 4705 1967 4766 posset,

406 4798 654 4851 habitum
687 4805 790 4851 est.
822 4793 930 4850 Sed
975 4794 1098 4863 quis
1137 4807 1408 4861 exponere
1439 4790 1630 4860 possit,
1663 4805 1784 4858 qua:
1829 4789 1965 4842 mala

405 4891 458 4942 iu
495 4887 649 4943 Lucii
683 4888 911 4942 introitu
945 4884 1293 4940 acciderint?
1337 4881 1579 4948 Quorum
1615 4880 1835 4950 quidem
1873 4881 1970 4931 Sa-

409 4985 589 5047 binus,
623 4983 717 5053 qui
769 4998 856 5037 res
891 4980 1292 5036 ecclesiasticas
1340 4976 1693 5045 conscripsit,
1743 4975 1968 5029 minime

411 5074 679 5138 meminit,
713 5073 856 5142 quod
891 5072 1191 5125 amicorum
1217 5070 1320 5124 sibi
1349 5070 1673 5123 Arianorum
1696 5066 1968 5120 dedecora

410 5179 660 5234 premere
684 5165 964 5217 maluerit.
987 5162 1202 5231 Optime
1231 5168 1409 5214 autem
1435 5175 1499 5214 ea
1526 5159 1721 5212 beatus
1750 5159 1966 5220 Petrus,

409 5267 692 5326 postquam
743 5271 773 5308 e
820 5270 1040 5308 carcere
1076 5253 1348 5322 profugit,
1398 5251 1450 5305 in
1488 5253 1695 5320 scripto
1729 5251 1964 5319 quodam

2078 4523 2226 4572 κακὰ
2249 4521 2338 4571 ἐπὶ
2361 4523 2425 4589 τῇ
2460 4521 2648 4588 είσόδῳ
2686 4524 2917 4574 Λουκίου
2947 4525 3242 4593 γεγένηντο
3277 4545 3290 4589 ;
3353 4520 3450 4578 Ὧν
3483 4528 3643 4579 Σαϐῖ-

2075 4629 2162 4673 νος
2201 4611 2300 4680 μέν
2330 4613 2356 4662 ὁ
2386 4612 2454 4662 τὰ
2474 4613 2903 4680 ὲκκλησιαστικὰ
2939 4615 3398 4684 συγγραψάμενος
3443 4617 3643 4686 ἥκιστα

2078 4706 2368 4774 μέμνηται,
2418 4709 2484 4761 τὰ
2533 4708 2641 4758 τῶν
2697 4707 2867 4772 φίλων
2936 4709 3232 4775 ’Δρειανῶν
3285 4708 3643 4776 summam

2079 4795 2484 4860 συγκαλύπτειν
2530 4797 2853 4867 αἱρούμενος
2887 4816 2900 4828 ·
2951 4802 3172 4868 ἄμεινον
3205 4799 3252 4852 δ’
3285 4801 3421 4852 αὐτὰ
3449 4802 3476 4851 6
3535 4816 3643 4866 μα-

2077 4886 2269 4955 κάριος
2305 4889 2504 4958 Πέτρος
2536 4892 2591 4940 ὲν
2631 4890 2744 4960 ἰδίῳ
2795 4893 3186 4960 συγγράμματι
3239 4893 3476 4959 ἀρίστως
3532 4892 3640 4956 ἑξε-

2075 4977 2411 5047 τραγῲδησε,
2443 4980 2536 5031 καὶ
2581 4983 2699 5041 ταῖς
2761 4980 3076 5048 ἅπανταχοῦ
3133 4982 3451 5051 ἐκκλησίαις
3505 4988 3646 5048 μετα

2076 5069 2173 5137 τὴν
2199 5071 2264 5121 ἐκ
2323 5071 2700 5140 δεσμωτηρίου
2756 5073 2934 5141 φυγὴν
2984 5072 3339 5142 διεπέμψατο.
3392 5074 3456 5125 "0
3485 5073 3642 5142 δῆτα,

2076 5162 2214 5228 μετὰ
2237 5163 2490 5232 διήγησιν
2525 5166 2653 5230 μιᾶς
2685 5165 3066 5231 ἀνοσιουργίας
3095 5163 3329 5216 Λουκίου
3365 5163 3458 5216 τοῦ
3517 5166 3645 5218 ἀσε-

2076 5252 2224 5316 ϐοῦς,
2258 5253 2336 5324 τῷ
2373 5255 2597 5320 παρόντι
2633 5256 2840 5325 ἐνθήσω
2873 5258 3289 5327 συγγράμματι.

407 5365 506 5401 suo
555 5358 809 5418 tanquam
862 5345 1180 5414 tragmdiam
1227 5345 1504 5411 exposuit,
1554 5352 1610 5396 et
1663 5343 1732 5397 ad
1781 5359 1972 5398 omnes
2013 5344 2218 5414 ubique
2286 5345 2550 5402 ecclesias
2583 5347 2753 5401 misit.
2823 5348 2980 5413 Quod
3015 5348 3457 5418 scriptum,cum
3495 5334 3647 5419 prius

411 5456 579 5494 uuntn
623 5443 812 5495 saltem
849 5441 1118 5494 nefarium
1155 5438 1304 5507 impii
1356 5436 1504 5491 Lucii
1548 5435 1806 5506 flagitium
1855 5452 2257 5501 memoravero,
2287 5436 2553 5493 volumini
2583 5438 2712 5494 huic
2740 5441 2999 5496 inseram.
