  <div class='ocr_page' id='page_1' title='image "/cluster/home/n/w/nwhite01/storage/ocr_20150623/146/hvd.32044073502601/358.png"; bbox 0 0 3986 6190; ppageno 0'>
   <div class='ocr_carea' id='block_1_1' title="bbox 377 296 478 362">
    <p class='ocr_par' dir='ltr' id='par_1_1' title="bbox 377 296 478 362">
     <span class='ocr_line' id='line_1_1' title="bbox 377 296 478 362; baseline 0.02 -3"><span class='ocrx_word' id='word_1_1' title='bbox 377 296 478 362; x_wconf 72' lang='grc'><strong>653</strong></span> 
     </span>
    </p>
   </div>
   <div class='ocr_carea' id='block_1_2' title="bbox 940 407 1373 468">
    <p class='ocr_par' dir='ltr' id='par_1_2' title="bbox 940 407 1373 468">
     <span class='ocr_line' id='line_1_2' title="bbox 940 407 1373 468; baseline -0.002 0"><span class='ocrx_word' id='word_1_2' title='bbox 940 407 1191 468; x_wconf 74' lang='grc' dir='ltr'><strong>ΚΕΦΑΛ.</strong></span> <span class='ocrx_word' id='word_1_3' title='bbox 1249 416 1373 467; x_wconf 84' lang='lat' dir='ltr'><strong>KZ&#39;.</strong></span> 
     </span>
    </p>
   </div>
   <div class='ocr_carea' id='block_1_3' title="bbox 375 525 1935 605">
    <p class='ocr_par' dir='ltr' id='par_1_3' title="bbox 375 525 1935 605">
     <span class='ocr_line' id='line_1_3' title="bbox 375 525 1935 605; baseline -0.001 -25"><span class='ocrx_word' id='word_1_4' title='bbox 375 527 509 592; x_wconf 71' lang='grc' dir='ltr'>περὶ</span> <span class='ocrx_word' id='word_1_5' title='bbox 551 525 657 579; x_wconf 83' lang='grc' dir='ltr'>τοῦ</span> <span class='ocrx_word' id='word_1_6' title='bbox 696 527 1019 605; x_wconf 62' lang='grc' dir='ltr'>γεγομένου</span> <span class='ocrx_word' id='word_1_7' title='bbox 1041 528 1300 605; x_wconf 68' lang='grc' dir='ltr'>διωγμοῦ</span> <span class='ocrx_word' id='word_1_8' title='bbox 1323 529 1449 605; x_wconf 30' lang='grc' dir='ltr'>’τοῖς</span> <span class='ocrx_word' id='word_1_9' title='bbox 1481 527 1608 605; x_wconf 61' lang='grc' dir='ltr'>κατ’</span> <span class='ocrx_word' id='word_1_10' title='bbox 1633 528 1935 605; x_wconf 60' lang='grc' dir='ltr'>Λῖτνπτρν</span> 
     </span>
    </p>
   </div>
   <div class='ocr_carea' id='block_1_4' title="bbox 438 597 1936 664">
    <p class='ocr_par' dir='ltr' id='par_1_4' title="bbox 438 597 1936 664">
     <span class='ocr_line' id='line_1_4' title="bbox 438 597 1936 664; baseline 0 -15"><span class='ocrx_word' id='word_1_11' title='bbox 438 597 873 664; x_wconf 74' lang='grc' dir='ltr'>μοναστηριόις</span> <span class='ocrx_word' id='word_1_12' title='bbox 924 599 1084 663; x_wconf 82' lang='grc' dir='ltr'>παρὰ</span> <span class='ocrx_word' id='word_1_13' title='bbox 1145 600 1407 652; x_wconf 75' lang='grc' dir='ltr'>Λουκίου</span> <span class='ocrx_word' id='word_1_14' title='bbox 1433 615 1448 628; x_wconf 74' lang='grc' dir='ltr'><strong>ο</strong></span> <span class='ocrx_word' id='word_1_15' title='bbox 1502 597 1599 651; x_wconf 76' lang='grc' dir='ltr'>καὶ</span> <span class='ocrx_word' id='word_1_16' title='bbox 1657 597 1787 663; x_wconf 77' lang='grc' dir='ltr'>περὶ</span> <span class='ocrx_word' id='word_1_17' title='bbox 1819 597 1936 649; x_wconf 72' lang='grc' dir='ltr'>τῶν</span> 
     </span>
    </p>
   </div>
   <div class='ocr_carea' id='block_1_5' title="bbox 437 664 1935 734">
    <p class='ocr_par' dir='ltr' id='par_1_5' title="bbox 437 664 1935 734">
     <span class='ocr_line' id='line_1_5' title="bbox 437 664 1935 734; baseline -0.001 -16"><span class='ocrx_word' id='word_1_18' title='bbox 437 664 722 732; x_wconf 55' lang='grc' dir='ltr'>μαθητῶν</span> <span class='ocrx_word' id='word_1_19' title='bbox 753 665 1076 727; x_wconf 76' lang='grc' dir='ltr'>Ἀντωνίου</span> <span class='ocrx_word' id='word_1_20' title='bbox 1107 668 1213 722; x_wconf 83' lang='grc' dir='ltr'>τοῦ</span> <span class='ocrx_word' id='word_1_21' title='bbox 1230 667 1521 734; x_wconf 53' lang='lat' dir='ltr'><strong>[reg-(£101).</strong></span> <span class='ocrx_word' id='word_1_22' title='bbox 1549 666 1645 720; x_wconf 72' lang='grc' dir='ltr'>καὶ</span> <span class='ocrx_word' id='word_1_23' title='bbox 1678 666 1794 718; x_wconf 80' lang='grc' dir='ltr'>τῶν</span> <span class='ocrx_word' id='word_1_24' title='bbox 1824 665 1935 719; x_wconf 86' lang='grc' dir='ltr'><strong>δύο</strong></span> 
     </span>
    </p>
   </div>
   <div class='ocr_carea' id='block_1_6' title="bbox 443 734 1935 804">
    <p class='ocr_par' dir='ltr' id='par_1_6' title="bbox 443 734 1935 804">
     <span class='ocr_line' id='line_1_6' title="bbox 443 734 1935 804; baseline -0.001 -16"><span class='ocrx_word' id='word_1_25' title='bbox 443 736 630 802; x_wconf 74' lang='grc' dir='ltr'>ἁγίων</span> <span class='ocrx_word' id='word_1_26' title='bbox 654 737 993 802; x_wconf 79' lang='grc' dir='ltr'>Μακαρίων,</span> <span class='ocrx_word' id='word_1_27' title='bbox 1020 736 1099 800; x_wconf 87' lang='grc' dir='ltr'>ὠς</span> <span class='ocrx_word' id='word_1_28' title='bbox 1130 738 1429 804; x_wconf 73' lang='grc' dir='ltr'>ὑπερόρια</span> <span class='ocrx_word' id='word_1_29' title='bbox 1464 736 1561 789; x_wconf 77' lang='grc' dir='ltr'>διὰ</span> <span class='ocrx_word' id='word_1_30' title='bbox 1585 734 1699 802; x_wconf 79' lang='grc' dir='ltr'><strong>τὴν</strong></span> <span class='ocrx_word' id='word_1_31' title='bbox 1731 740 1935 789; x_wconf 78' lang='grc' dir='ltr'>πίστιν</span> 
     </span>
    </p>
   </div>
   <div class='ocr_carea' id='block_1_7' title="bbox 440 804 1891 875">
    <p class='ocr_par' dir='ltr' id='par_1_7' title="bbox 440 804 1891 875">
     <span class='ocr_line' id='line_1_7' title="bbox 440 804 1891 875; baseline 0.003 -20"><span class='ocrx_word' id='word_1_32' title='bbox 440 804 778 873; x_wconf 77' lang='grc' dir='ltr'>γενόμενοι,</span> <span class='ocrx_word' id='word_1_33' title='bbox 802 807 1001 859; x_wconf 73' lang='grc' dir='ltr'>πολλὰ</span> <span class='ocrx_word' id='word_1_34' title='bbox 1034 808 1303 875; x_wconf 71' lang='grc' dir='ltr'>θαύματα</span> <span class='ocrx_word' id='word_1_35' title='bbox 1327 806 1756 874; x_wconf 69' lang='grc' dir='ltr'><strong>διεπράξαντο.</strong></span> <span class='ocrx_word' id='word_1_36' title='bbox 1886 828 1891 833; x_wconf 64' lang='grc' dir='ltr'><strong><em>τ</em></strong></span> 
     </span>
    </p>
   </div>
   <div class='ocr_carea' id='block_1_8' title="bbox 453 911 1934 989">
    <p class='ocr_par' dir='ltr' id='par_1_8' title="bbox 453 911 1934 989">
     <span class='ocr_line' id='line_1_8' title="bbox 453 911 1934 989; baseline -0.001 -19"><span class='ocrx_word' id='word_1_37' title='bbox 453 917 512 970; x_wconf 85' lang='grc' dir='ltr'>Ὀ</span> <span class='ocrx_word' id='word_1_38' title='bbox 548 917 649 986; x_wconf 77' lang='grc' dir='ltr'>μὲν</span> <span class='ocrx_word' id='word_1_39' title='bbox 674 917 768 971; x_wconf 83' lang='grc' dir='ltr'>οὖν</span> <span class='ocrx_word' id='word_1_40' title='bbox 797 911 1127 986; x_wconf 75' lang='grc' dir='ltr'>ἀξιάγαστος</span> <span class='ocrx_word' id='word_1_41' title='bbox 1171 919 1378 989; x_wconf 81' lang='grc' dir='ltr'>Πέτρος</span> <span class='ocrx_word' id='word_1_42' title='bbox 1431 917 1574 972; x_wconf 76' lang='grc' dir='ltr'>οὕτω</span> <span class='ocrx_word' id='word_1_43' title='bbox 1620 918 1794 987; x_wconf 82' lang='grc' dir='ltr'>φυγάς</span> <span class='ocrx_word' id='word_1_44' title='bbox 1854 920 1934 980; x_wconf 86' lang='grc' dir='ltr'><strong>είς</strong></span> 
     </span>
    </p>
   </div>
   <div class='ocr_carea' id='block_1_9' title="bbox 379 1003 1931 1080">
    <p class='ocr_par' dir='ltr' id='par_1_9' title="bbox 379 1003 1931 1080">
     <span class='ocr_line' id='line_1_9' title="bbox 379 1003 1931 1080; baseline 0.002 -21"><span class='ocrx_word' id='word_1_45' title='bbox 379 1003 598 1077; x_wconf 83' lang='grc' dir='ltr'><strong>Ῥώμην</strong></span> <span class='ocrx_word' id='word_1_46' title='bbox 641 1009 915 1062; x_wconf 76' lang='grc' dir='ltr'><strong>ἀπέπλει·</strong></span> <span class='ocrx_word' id='word_1_47' title='bbox 956 1011 1008 1062; x_wconf 86' lang='grc' dir='ltr'><strong>οί</strong></span> <span class='ocrx_word' id='word_1_48' title='bbox 1059 1008 1117 1063; x_wconf 78' lang='grc' dir='ltr'>δὲ</span> <span class='ocrx_word' id='word_1_49' title='bbox 1175 1011 1274 1079; x_wconf 81' lang='grc' dir='ltr'>τῆς</span> <span class='ocrx_word' id='word_1_50' title='bbox 1338 1010 1546 1078; x_wconf 77' lang='grc' dir='ltr'>Ἀρείου</span> <span class='ocrx_word' id='word_1_51' title='bbox 1603 1012 1931 1080; x_wconf 73' lang='grc' dir='ltr'><strong>συμμορίας,</strong></span> 
     </span>
    </p>
   </div>
   <div class='ocr_carea' id='block_1_10' title="bbox 366 1088 1933 1172">
    <p class='ocr_par' dir='ltr' id='par_1_10' title="bbox 366 1088 1933 1172">
     <span class='ocr_line' id='line_1_10' title="bbox 366 1088 1933 1172; baseline 0.005 -23"><span class='ocrx_word' id='word_1_52' title='bbox 366 1100 572 1169; x_wconf 83' lang='grc' dir='ltr'>καίπερ</span> <span class='ocrx_word' id='word_1_53' title='bbox 590 1099 814 1170; x_wconf 78' lang='grc' dir='ltr'><strong>βραχεῖς</strong></span> <span class='ocrx_word' id='word_1_54' title='bbox 833 1099 1004 1163; x_wconf 78' lang='grc' dir='ltr'>ὄντες,</span> <span class='ocrx_word' id='word_1_55' title='bbox 1024 1098 1132 1152; x_wconf 88' lang='grc' dir='ltr'><strong>τῶν</strong></span> <span class='ocrx_word' id='word_1_56' title='bbox 1154 1100 1272 1153; x_wconf 82' lang='grc' dir='ltr'>κατ’</span> <span class='ocrx_word' id='word_1_57' title='bbox 1322 1100 1594 1167; x_wconf 74' lang='grc' dir='ltr'>Αἴγυπτον</span> <span class='ocrx_word' id='word_1_58' title='bbox 1625 1088 1798 1172; x_wconf 77' lang='grc' dir='ltr'>ἧρξαν</span> <span class='ocrx_word' id='word_1_59' title='bbox 1838 1106 1933 1157; x_wconf 67' lang='grc' dir='ltr'>ἔκε-</span> 
     </span>
    </p>
   </div>
   <div class='ocr_carea' id='block_1_11' title="bbox 364 1182 1934 1262">
    <p class='ocr_par' dir='ltr' id='par_1_11' title="bbox 364 1182 1934 1262">
     <span class='ocr_line' id='line_1_11' title="bbox 364 1182 1934 1262; baseline 0.006 -25"><span class='ocrx_word' id='word_1_60' title='bbox 364 1188 630 1255; x_wconf 83' lang='grc' dir='ltr'>κλησιῶν.</span> <span class='ocrx_word' id='word_1_61' title='bbox 657 1189 773 1241; x_wconf 84' lang='grc' dir='ltr'>Οὐκ</span> <span class='ocrx_word' id='word_1_62' title='bbox 804 1188 884 1251; x_wconf 76' lang='grc' dir='ltr'><strong>εἰς</strong></span> <span class='ocrx_word' id='word_1_63' title='bbox 907 1188 1124 1258; x_wconf 80' lang='grc' dir='ltr'>μακράν</span> <span class='ocrx_word' id='word_1_64' title='bbox 1148 1182 1203 1243; x_wconf 74' lang='grc' dir='ltr'>δὲ</span> <span class='ocrx_word' id='word_1_65' title='bbox 1226 1190 1322 1249; x_wconf 74' lang='grc' dir='ltr'><strong>καὶ</strong></span> <span class='ocrx_word' id='word_1_66' title='bbox 1353 1190 1682 1259; x_wconf 76' lang='grc' dir='ltr'><strong>πρόσταγμα</strong></span> <span class='ocrx_word' id='word_1_67' title='bbox 1735 1194 1800 1246; x_wconf 82' lang='grc' dir='ltr'>ὲκ</span> <span class='ocrx_word' id='word_1_68' title='bbox 1840 1191 1934 1262; x_wconf 84' lang='grc' dir='ltr'>βα-</span> 
     </span>
    </p>
   </div>
   <div class='ocr_carea' id='block_1_12' title="bbox 366 1280 1931 1356">
    <p class='ocr_par' dir='ltr' id='par_1_12' title="bbox 366 1280 1931 1356">
     <span class='ocr_line' id='line_1_12' title="bbox 366 1280 1931 1356; baseline 0.005 -21"><span class='ocrx_word' id='word_1_69' title='bbox 366 1281 560 1345; x_wconf 81' lang='grc' dir='ltr'>σιλέως</span> <span class='ocrx_word' id='word_1_70' title='bbox 582 1281 661 1352; x_wconf 82' lang='grc' dir='ltr'>τῷ</span> <span class='ocrx_word' id='word_1_71' title='bbox 682 1282 780 1337; x_wconf 80' lang='grc' dir='ltr'><strong>τοῦ</strong></span> <span class='ocrx_word' id='word_1_72' title='bbox 820 1283 1007 1347; x_wconf 76' lang='grc' dir='ltr'>ἔθνους</span> <span class='ocrx_word' id='word_1_73' title='bbox 1059 1280 1353 1354; x_wconf 69' lang='grc' dir='ltr'>ἡγουμένῳ</span> <span class='ocrx_word' id='word_1_74' title='bbox 1395 1285 1691 1356; x_wconf 76' lang='grc' dir='ltr'><strong>ἐπέμπετο,</strong></span> <span class='ocrx_word' id='word_1_75' title='bbox 1756 1284 1931 1356; x_wconf 79' lang='grc' dir='ltr'>διαγο-</span> 
     </span>
    </p>
   </div>
   <div class='ocr_carea' id='block_1_13' title="bbox 366 1374 1929 1451">
    <p class='ocr_par' dir='ltr' id='par_1_13' title="bbox 366 1374 1929 1451">
     <span class='ocr_line' id='line_1_13' title="bbox 366 1374 1929 1451; baseline 0.008 -28"><span class='ocrx_word' id='word_1_76' title='bbox 366 1374 530 1440; x_wconf 85' lang='grc' dir='ltr'>ρεῦον</span> <span class='ocrx_word' id='word_1_77' title='bbox 554 1375 680 1436; x_wconf 79' lang='grc' dir='ltr'>τοὺς</span> <span class='ocrx_word' id='word_1_78' title='bbox 702 1374 802 1443; x_wconf 86' lang='grc' dir='ltr'>τῆς</span> <span class='ocrx_word' id='word_1_79' title='bbox 831 1376 891 1429; x_wconf 73' lang='grc' dir='ltr'>ὲν</span> <span class='ocrx_word' id='word_1_80' title='bbox 928 1375 1133 1445; x_wconf 78' lang='grc' dir='ltr'>Νικαίᾳ</span> <span class='ocrx_word' id='word_1_81' title='bbox 1163 1376 1400 1442; x_wconf 87' lang='grc' dir='ltr'>πίστεως</span> <span class='ocrx_word' id='word_1_82' title='bbox 1444 1380 1929 1451; x_wconf 73' lang='grc' dir='ltr'>ὑπερισταμένους,</span> 
     </span>
    </p>
   </div>
   <div class='ocr_carea' id='block_1_14' title="bbox 362 1459 1933 1542">
    <p class='ocr_par' dir='ltr' id='par_1_14' title="bbox 362 1459 1933 1542">
     <span class='ocr_line' id='line_1_14' title="bbox 362 1459 1933 1542; baseline 0.007 -27"><span class='ocrx_word' id='word_1_83' title='bbox 362 1459 433 1515; x_wconf 79' lang='grc' dir='ltr'>ἔκ</span> <span class='ocrx_word' id='word_1_84' title='bbox 466 1481 526 1517; x_wconf 82' lang='grc' dir='ltr'><strong>τε</strong></span> <span class='ocrx_word' id='word_1_85' title='bbox 556 1467 657 1535; x_wconf 80' lang='grc' dir='ltr'>τῆς</span> <span class='ocrx_word' id='word_1_86' title='bbox 691 1466 1041 1538; x_wconf 77' lang='grc' dir='ltr'><strong>Ἀλεξάνδρου</strong></span> <span class='ocrx_word' id='word_1_87' title='bbox 1072 1470 1165 1521; x_wconf 76' lang='grc' dir='ltr'>καὶ</span> <span class='ocrx_word' id='word_1_88' title='bbox 1204 1472 1383 1541; x_wconf 86' lang='grc' dir='ltr'>πάσης</span> <span class='ocrx_word' id='word_1_89' title='bbox 1413 1472 1511 1541; x_wconf 72' lang='grc' dir='ltr'>τῆς</span> <span class='ocrx_word' id='word_1_90' title='bbox 1554 1474 1933 1542; x_wconf 75' lang='grc' dir='ltr'><strong>Αἰγυπτιακῆς</strong></span> 
     </span>
    </p>
   </div>
   <div class='ocr_carea' id='block_1_15' title="bbox 310 1553 1931 1624">
    <p class='ocr_par' dir='ltr' id='par_1_15' title="bbox 310 1553 1931 1624">
     <span class='ocr_line' id='line_1_15' title="bbox 310 1553 1931 1624; baseline 0.006 -18"><span class='ocrx_word' id='word_1_91' title='bbox 310 1586 327 1598; x_wconf 78' lang='grc' dir='ltr'><strong><em>ο</em></strong></span> <span class='ocrx_word' id='word_1_92' title='bbox 357 1553 687 1617; x_wconf 71' lang='grc' dir='ltr'>διοικήσεως</span> <span class='ocrx_word' id='word_1_93' title='bbox 715 1555 1118 1621; x_wconf 78' lang='grc' dir='ltr'>ἐξελαύνεσθαι,</span> <span class='ocrx_word' id='word_1_94' title='bbox 1153 1558 1312 1624; x_wconf 81' lang='grc' dir='ltr'>ὅσους</span> <span class='ocrx_word' id='word_1_95' title='bbox 1358 1560 1424 1614; x_wconf 79' lang='grc' dir='ltr'><strong>ἀν</strong></span> <span class='ocrx_word' id='word_1_96' title='bbox 1464 1561 1740 1615; x_wconf 75' lang='grc' dir='ltr'><strong>κελεύσειε</strong></span> <span class='ocrx_word' id='word_1_97' title='bbox 1794 1563 1931 1615; x_wconf 78' lang='grc' dir='ltr'>Λούο</span> 
     </span>
    </p>
   </div>
   <div class='ocr_carea' id='block_1_16' title="bbox 360 1645 1933 1726">
    <p class='ocr_par' dir='ltr' id='par_1_16' title="bbox 360 1645 1933 1726">
     <span class='ocr_line' id='line_1_16' title="bbox 360 1645 1933 1726; baseline 0.008 -31"><span class='ocrx_word' id='word_1_98' title='bbox 360 1662 504 1705; x_wconf 80' lang='grc' dir='ltr'>κιος.</span> <span class='ocrx_word' id='word_1_99' title='bbox 538 1645 776 1709; x_wconf 77' lang='grc' dir='ltr'>Εὑζώῖος</span> <span class='ocrx_word' id='word_1_100' title='bbox 809 1649 907 1715; x_wconf 69' lang='grc' dir='ltr'>μὲν</span> <span class='ocrx_word' id='word_1_101' title='bbox 938 1647 1055 1714; x_wconf 75' lang='grc' dir='ltr'>οὖν,</span> <span class='ocrx_word' id='word_1_102' title='bbox 1087 1649 1187 1703; x_wconf 82' lang='grc' dir='ltr'>ὅσα</span> <span class='ocrx_word' id='word_1_103' title='bbox 1203 1647 1371 1723; x_wconf 77' lang='grc' dir='ltr'>γεῆν</span> <span class='ocrx_word' id='word_1_104' title='bbox 1399 1653 1547 1723; x_wconf 83' lang='grc' dir='ltr'><strong>αύτῷ</strong></span> <span class='ocrx_word' id='word_1_105' title='bbox 1575 1655 1711 1722; x_wconf 75' lang='grc' dir='ltr'>πρὸς</span> <span class='ocrx_word' id='word_1_106' title='bbox 1735 1654 1933 1726; x_wconf 78' lang='grc' dir='ltr'>βουλῆς</span> 
     </span>
    </p>
   </div>
   <div class='ocr_carea' id='block_1_17' title="bbox 1295 286 2663 362">
    <p class='ocr_par' dir='ltr' id='par_1_17' title="bbox 1295 286 2663 362">
     <span class='ocr_line' id='line_1_17' title="bbox 1295 286 2663 362; baseline -0.001 -1"><span class='ocrx_word' id='word_1_107' title='bbox 1295 286 1895 362; x_wconf 66' lang='lat' dir='ltr'><strong>ECCLEstAsr‘tCst</strong></span> <span class='ocrx_word' id='word_1_108' title='bbox 1936 286 2327 360; x_wconf 65' lang='lat' dir='ltr'><strong>umorue</strong></span> <span class='ocrx_word' id='word_1_109' title='bbox 2362 288 2510 362; x_wconf 81' lang='lat' dir='ltr'><strong>LIB.</strong></span> <span class='ocrx_word' id='word_1_110' title='bbox 2558 292 2663 361; x_wconf 74' lang='lat' dir='ltr'><strong>‘xt.</strong></span> 
     </span>
    </p>
   </div>
   <div class='ocr_carea' id='block_1_18' title="bbox 3492 298 3599 365">
    <p class='ocr_par' dir='ltr' id='par_1_18' title="bbox 3492 298 3599 365">
     <span class='ocr_line' id='line_1_18' title="bbox 3492 298 3599 365; baseline 0.019 -2"><span class='ocrx_word' id='word_1_111' title='bbox 3492 298 3599 365; x_wconf 69' lang='grc' dir='ltr'><strong>δδι</strong></span> 
     </span>
    </p>
   </div>
   <div class='ocr_carea' id='block_1_19' title="bbox 2573 406 3050 469">
    <p class='ocr_par' dir='ltr' id='par_1_19' title="bbox 2573 406 3050 469">
     <span class='ocr_line' id='line_1_19' title="bbox 2573 406 3050 469; baseline 0 -2"><span class='ocrx_word' id='word_1_112' title='bbox 2573 412 2796 469; x_wconf 81' lang='lat' dir='ltr'><strong>CAPUT</strong></span> <span class='ocrx_word' id='word_1_113' title='bbox 2838 406 3050 468; x_wconf 72' lang='lat' dir='ltr'><strong>XXVII.</strong></span> 
     </span>
    </p>
   </div>
   <div class='ocr_carea' id='block_1_20' title="bbox 2038 520 3598 596">
    <p class='ocr_par' dir='ltr' id='par_1_20' title="bbox 2038 520 3598 596">
     <span class='ocr_line' id='line_1_20' title="bbox 2038 520 3598 596; baseline 0 -19"><span class='ocrx_word' id='word_1_114' title='bbox 2038 524 2113 577; x_wconf 84' lang='lat' dir='ltr'><strong>De</strong></span> <span class='ocrx_word' id='word_1_115' title='bbox 2151 528 2506 596; x_wconf 77' lang='lat' dir='ltr'><strong>persecutione</strong></span> <span class='ocrx_word' id='word_1_116' title='bbox 2557 543 2717 594; x_wconf 85' lang='lat' dir='ltr'><strong>quam</strong></span> <span class='ocrx_word' id='word_1_117' title='bbox 2758 526 2945 581; x_wconf 77' lang='lat' dir='ltr'><strong>Lucius</strong></span> <span class='ocrx_word' id='word_1_118' title='bbox 3026 529 3351 582; x_wconf 78' lang='lat' dir='ltr'><strong>monasteriis</strong></span> <span class='ocrx_word' id='word_1_119' title='bbox 3386 520 3598 596; x_wconf 59' lang='lat' dir='ltr'><strong>Egypti</strong></span> 
     </span>
    </p>
   </div>
   <div class='ocr_carea' id='block_1_21' title="bbox 2104 594 3591 666">
    <p class='ocr_par' dir='ltr' id='par_1_21' title="bbox 2104 594 3591 666">
     <span class='ocr_line' id='line_1_21' title="bbox 2104 594 3591 666; baseline 0 -19"><span class='ocrx_word' id='word_1_120' title='bbox 2104 594 2299 666; x_wconf 71' lang='lat' dir='ltr'><strong>intulit,</strong></span> <span class='ocrx_word' id='word_1_121' title='bbox 2338 604 2387 647; x_wconf 82' lang='lat' dir='ltr'><strong>et</strong></span> <span class='ocrx_word' id='word_1_122' title='bbox 2411 596 2767 666; x_wconf 18' lang='lat' dir='ltr'><strong>deidiscipulis</strong></span> <span class='ocrx_word' id='word_1_123' title='bbox 2789 599 3002 651; x_wconf 75' lang='lat' dir='ltr'><strong>Antonii</strong></span> <span class='ocrx_word' id='word_1_124' title='bbox 3035 600 3210 666; x_wconf 80' lang='lat' dir='ltr'><strong>magni</strong></span> <span class='ocrx_word' id='word_1_125' title='bbox 3238 614 3255 651; x_wconf 93' lang='lat'><strong><em>:</em></strong></span> <span class='ocrx_word' id='word_1_126' title='bbox 3287 608 3334 651; x_wconf 86' lang='lat' dir='ltr'><strong>et</strong></span> <span class='ocrx_word' id='word_1_127' title='bbox 3371 597 3434 650; x_wconf 80' lang='lat' dir='ltr'><strong>de</strong></span> <span class='ocrx_word' id='word_1_128' title='bbox 3455 594 3591 648; x_wconf 69' lang='lat' dir='ltr'><strong>dno-</strong></span> 
     </span>
    </p>
   </div>
   <div class='ocr_carea' id='block_1_22' title="bbox 2103 664 3586 738">
    <p class='ocr_par' dir='ltr' id='par_1_22' title="bbox 2103 664 3586 738">
     <span class='ocr_line' id='line_1_22' title="bbox 2103 664 3586 738; baseline 0.001 -21"><span class='ocrx_word' id='word_1_129' title='bbox 2103 664 2421 738; x_wconf 76' lang='lat' dir='ltr'><strong>bussanctis</strong></span> <span class='ocrx_word' id='word_1_130' title='bbox 2442 664 2723 738; x_wconf 67' lang='lat' dir='ltr'><strong>Macariis,</strong></span> <span class='ocrx_word' id='word_1_131' title='bbox 2757 675 2811 738; x_wconf 80' lang='lat' dir='ltr'><strong>ut</strong></span> <span class='ocrx_word' id='word_1_132' title='bbox 2843 674 3053 738; x_wconf 79' lang='lat' dir='ltr'><strong>propter</strong></span> <span class='ocrx_word' id='word_1_133' title='bbox 3081 664 3234 734; x_wconf 70' lang='lat' dir='ltr'><strong>ﬁdem</strong></span> <span class='ocrx_word' id='word_1_134' title='bbox 3270 667 3586 729; x_wconf 63' lang='lat' dir='ltr'><strong>exsulant&quot;,</strong></span> 
     </span>
    </p>
   </div>
   <div class='ocr_carea' id='block_1_23' title="bbox 2103 734 2865 791">
    <p class='ocr_par' dir='ltr' id='par_1_23' title="bbox 2103 734 2865 791">
     <span class='ocr_line' id='line_1_23' title="bbox 2103 734 2865 791; baseline 0.005 -4"><span class='ocrx_word' id='word_1_135' title='bbox 2103 737 2273 788; x_wconf 81' lang='lat' dir='ltr'><strong>multa</strong></span> <span class='ocrx_word' id='word_1_136' title='bbox 2305 734 2563 789; x_wconf 79' lang='lat' dir='ltr'><strong>miracula</strong></span> <span class='ocrx_word' id='word_1_137' title='bbox 2587 734 2865 791; x_wconf 71' lang='lat' dir='ltr'><strong>ediderint.</strong></span> 
     </span>
    </p>
   </div>
   <div class='ocr_carea' id='block_1_24' title="bbox 2104 898 3589 981">
    <p class='ocr_par' dir='ltr' id='par_1_24' title="bbox 2104 898 3589 981">
     <span class='ocr_line' id='line_1_24' title="bbox 2104 898 3589 981; baseline -0.001 -18"><span class='ocrx_word' id='word_1_138' title='bbox 2104 912 2182 966; x_wconf 82' lang='lat' dir='ltr'><strong>Ac</strong></span> <span class='ocrx_word' id='word_1_139' title='bbox 2214 898 2412 965; x_wconf 75' lang='lat' dir='ltr'><strong>Petrus</strong></span> <span class='ocrx_word' id='word_1_140' title='bbox 2459 908 2683 979; x_wconf 81' lang='lat' dir='ltr'><strong>quidem</strong></span> <span class='ocrx_word' id='word_1_141' title='bbox 2730 909 2824 964; x_wconf 87' lang='lat' dir='ltr'><strong>ille</strong></span> <span class='ocrx_word' id='word_1_142' title='bbox 2866 901 3229 979; x_wconf 74' lang='lat' dir='ltr'><strong>admiratione</strong></span> <span class='ocrx_word' id='word_1_143' title='bbox 3262 909 3480 981; x_wconf 74' lang='lat' dir='ltr'><strong>dignus.</strong></span> <span class='ocrx_word' id='word_1_144' title='bbox 3523 910 3589 964; x_wconf 90' lang='lat' dir='ltr'><strong>ad</strong></span> 
     </span>
    </p>
   </div>
   <div class='ocr_carea' id='block_1_25' title="bbox 2034 992 3592 1069">
    <p class='ocr_par' dir='ltr' id='par_1_25' title="bbox 2034 992 3592 1069">
     <span class='ocr_line' id='line_1_25' title="bbox 2034 992 3592 1069; baseline 0.001 -12"><span class='ocrx_word' id='word_1_145' title='bbox 2034 1017 2159 1057; x_wconf 90' lang='lat' dir='ltr'><strong>eum</strong></span> <span class='ocrx_word' id='word_1_146' title='bbox 2192 1002 2413 1057; x_wconf 89' lang='lat' dir='ltr'><strong>modum</strong></span> <span class='ocrx_word' id='word_1_147' title='bbox 2445 999 2673 1056; x_wconf 81' lang='lat' dir='ltr'><strong>Romam</strong></span> <span class='ocrx_word' id='word_1_148' title='bbox 2704 1002 3001 1058; x_wconf 76' lang='lat' dir='ltr'><strong>concessit.</strong></span> <span class='ocrx_word' id='word_1_149' title='bbox 3036 992 3155 1069; x_wconf 15' lang='lat' dir='ltr'><strong>Qui»</strong></span> <span class='ocrx_word' id='word_1_150' title='bbox 3177 1018 3308 1057; x_wconf 84' lang='lat' dir='ltr'><strong>vero</strong></span> <span class='ocrx_word' id='word_1_151' title='bbox 3338 1003 3592 1059; x_wconf 76' lang='lat' dir='ltr'><strong>factionis</strong></span> 
     </span>
    </p>
   </div>
   <div class='ocr_carea' id='block_1_26' title="bbox 2034 1091 3594 1166">
    <p class='ocr_par' dir='ltr' id='par_1_26' title="bbox 2034 1091 3594 1166">
     <span class='ocr_line' id='line_1_26' title="bbox 2034 1091 3594 1166; baseline -0.001 -18"><span class='ocrx_word' id='word_1_152' title='bbox 2034 1093 2247 1148; x_wconf 58' lang='lat' dir='ltr'><strong>Arianae.</strong></span> <span class='ocrx_word' id='word_1_153' title='bbox 2273 1098 2450 1151; x_wconf 84' lang='lat' dir='ltr'><strong>erant,</strong></span> <span class='ocrx_word' id='word_1_154' title='bbox 2479 1092 2831 1161; x_wconf 75' lang='lat' dir='ltr'><strong>quantumvis</strong></span> <span class='ocrx_word' id='word_1_155' title='bbox 2859 1091 3043 1162; x_wconf 85' lang='lat' dir='ltr'><strong>pauci,</strong></span> <span class='ocrx_word' id='word_1_156' title='bbox 3073 1093 3321 1148; x_wconf 86' lang='lat' dir='ltr'><strong>ecclesiis</strong></span> <span class='ocrx_word' id='word_1_157' title='bbox 3354 1093 3407 1147; x_wconf 92' lang='lat' dir='ltr'><strong>in</strong></span> <span class='ocrx_word' id='word_1_158' title='bbox 3434 1092 3594 1166; x_wconf 65' lang='lat' dir='ltr'><strong>Egy-</strong></span> 
     </span>
    </p>
   </div>
   <div class='ocr_carea' id='block_1_27' title="bbox 2035 1172 3589 1255">
    <p class='ocr_par' dir='ltr' id='par_1_27' title="bbox 2035 1172 3589 1255">
     <span class='ocr_line' id='line_1_27' title="bbox 2035 1172 3589 1255; baseline 0.001 -17"><span class='ocrx_word' id='word_1_159' title='bbox 2035 1194 2129 1255; x_wconf 89' lang='lat' dir='ltr'><strong>pto</strong></span> <span class='ocrx_word' id='word_1_160' title='bbox 2176 1185 2533 1253; x_wconf 74' lang='lat' dir='ltr'><strong>imperarunt.</strong></span> <span class='ocrx_word' id='word_1_161' title='bbox 2582 1172 2691 1239; x_wconf 79' lang='lat' dir='ltr'><strong>Nec</strong></span> <span class='ocrx_word' id='word_1_162' title='bbox 2740 1184 2815 1240; x_wconf 87' lang='lat' dir='ltr'><strong>ita</strong></span> <span class='ocrx_word' id='word_1_163' title='bbox 2858 1185 3030 1241; x_wconf 89' lang='lat' dir='ltr'><strong>multo</strong></span> <span class='ocrx_word' id='word_1_164' title='bbox 3082 1195 3220 1255; x_wconf 87' lang='lat' dir='ltr'><strong>post,</strong></span> <span class='ocrx_word' id='word_1_165' title='bbox 3273 1186 3589 1240; x_wconf 86' lang='lat' dir='ltr'><strong>mandatum</strong></span> 
     </span>
    </p>
   </div>
   <div class='ocr_carea' id='block_1_28' title="bbox 2034 1272 3590 1345">
    <p class='ocr_par' dir='ltr' id='par_1_28' title="bbox 2034 1272 3590 1345">
     <span class='ocr_line' id='line_1_28' title="bbox 2034 1272 3590 1345; baseline 0.003 -19"><span class='ocrx_word' id='word_1_166' title='bbox 2034 1288 2254 1343; x_wconf 89' lang='lat' dir='ltr'><strong>quoque</strong></span> <span class='ocrx_word' id='word_1_167' title='bbox 2298 1273 2368 1327; x_wconf 87' lang='lat' dir='ltr'><strong>ab</strong></span> <span class='ocrx_word' id='word_1_168' title='bbox 2420 1272 2753 1344; x_wconf 83' lang='lat' dir='ltr'><strong>imperatore</strong></span> <span class='ocrx_word' id='word_1_169' title='bbox 2794 1274 2862 1329; x_wconf 88' lang='lat' dir='ltr'><strong>ad</strong></span> <span class='ocrx_word' id='word_1_170' title='bbox 2906 1275 3086 1344; x_wconf 74' lang='lat' dir='ltr'><strong>gentis</strong></span> <span class='ocrx_word' id='word_1_171' title='bbox 3117 1276 3237 1345; x_wconf 90' lang='lat' dir='ltr'><strong>ejus</strong></span> <span class='ocrx_word' id='word_1_172' title='bbox 3280 1276 3590 1344; x_wconf 76' lang='lat' dir='ltr'><strong>pra-fectum</strong></span> 
     </span>
    </p>
   </div>
   <div class='ocr_carea' id='block_1_29' title="bbox 2035 1367 3590 1443">
    <p class='ocr_par' dir='ltr' id='par_1_29' title="bbox 2035 1367 3590 1443">
     <span class='ocr_line' id='line_1_29' title="bbox 2035 1367 3590 1443; baseline 0.004 -24"><span class='ocrx_word' id='word_1_173' title='bbox 2035 1367 2262 1422; x_wconf 88' lang='lat' dir='ltr'><strong>missum</strong></span> <span class='ocrx_word' id='word_1_174' title='bbox 2305 1380 2411 1435; x_wconf 73' lang='lat' dir='ltr'><strong>est,</strong></span> <span class='ocrx_word' id='word_1_175' title='bbox 2457 1371 2603 1442; x_wconf 86' lang='lat' dir='ltr'><strong>quod</strong></span> <span class='ocrx_word' id='word_1_176' title='bbox 2647 1371 2879 1427; x_wconf 65' lang='lat' dir='ltr'><strong>Nicaeum</strong></span> <span class='ocrx_word' id='word_1_177' title='bbox 2907 1373 3035 1428; x_wconf 79' lang='lat' dir='ltr'><strong>ﬁdei</strong></span> <span class='ocrx_word' id='word_1_178' title='bbox 3079 1383 3517 1443; x_wconf 75' lang='lat' dir='ltr'><strong>propugnatores</strong></span> <span class='ocrx_word' id='word_1_179' title='bbox 3562 1389 3590 1425; x_wconf 82' lang='lat' dir='ltr'><strong>a</strong></span> 
     </span>
    </p>
   </div>
   <div class='ocr_carea' id='block_1_30' title="bbox 2035 1456 3593 1535">
    <p class='ocr_par' dir='ltr' id='par_1_30' title="bbox 2035 1456 3593 1535">
     <span class='ocr_line' id='line_1_30' title="bbox 2035 1456 3593 1535; baseline 0.005 -24"><span class='ocrx_word' id='word_1_180' title='bbox 2035 1456 2207 1513; x_wconf 84' lang='lat' dir='ltr'><strong>Lucio</strong></span> <span class='ocrx_word' id='word_1_181' title='bbox 2238 1459 2511 1516; x_wconf 85' lang='lat' dir='ltr'><strong>indicatos</strong></span> <span class='ocrx_word' id='word_1_182' title='bbox 2547 1463 2873 1519; x_wconf 79' lang='lat' dir='ltr'><strong>Alexandria</strong></span> <span class='ocrx_word' id='word_1_183' title='bbox 2913 1473 2969 1518; x_wconf 87' lang='lat' dir='ltr'><strong>et</strong></span> <span class='ocrx_word' id='word_1_184' title='bbox 3004 1465 3148 1517; x_wconf 89' lang='lat' dir='ltr'><strong>omni</strong></span> <span class='ocrx_word' id='word_1_185' title='bbox 3182 1463 3428 1535; x_wconf 66' lang='lat' dir='ltr'><strong>Egyptia</strong></span> <span class='ocrx_word' id='word_1_186' title='bbox 3459 1464 3593 1519; x_wconf 68' lang='lat' dir='ltr'><strong>dia:-</strong></span> 
     </span>
    </p>
   </div>
   <div class='ocr_carea' id='block_1_31' title="bbox 2033 1540 3589 1621">
    <p class='ocr_par' dir='ltr' id='par_1_31' title="bbox 2033 1540 3589 1621">
     <span class='ocr_line' id='line_1_31' title="bbox 2033 1540 3589 1621; baseline 0.003 -18"><span class='ocrx_word' id='word_1_187' title='bbox 2033 1550 2143 1603; x_wconf 90' lang='lat' dir='ltr'><strong>cesi</strong></span> <span class='ocrx_word' id='word_1_188' title='bbox 2181 1551 2306 1619; x_wconf 89' lang='lat' dir='ltr'><strong>ejici</strong></span> <span class='ocrx_word' id='word_1_189' title='bbox 2326 1552 2577 1621; x_wconf 87' lang='lat' dir='ltr'><strong>jubebat.</strong></span> <span class='ocrx_word' id='word_1_190' title='bbox 2608 1550 2782 1609; x_wconf 88' lang='lat' dir='ltr'><strong>Porro</strong></span> <span class='ocrx_word' id='word_1_191' title='bbox 2809 1554 3046 1609; x_wconf 80' lang='lat' dir='ltr'><strong>Euzoius</strong></span> <span class='ocrx_word' id='word_1_192' title='bbox 3073 1540 3339 1610; x_wconf 74' lang='lat' dir='ltr'><strong>confectis</strong></span> <span class='ocrx_word' id='word_1_193' title='bbox 3363 1556 3589 1609; x_wconf 82' lang='lat' dir='ltr'><strong>Alexan-</strong></span> 
     </span>
    </p>
   </div>
   <div class='ocr_carea' id='block_1_32' title="bbox 2033 1640 3590 1717">
    <p class='ocr_par' dir='ltr' id='par_1_32' title="bbox 2033 1640 3590 1717">
     <span class='ocr_line' id='line_1_32' title="bbox 2033 1640 3590 1717; baseline 0.003 -23"><span class='ocrx_word' id='word_1_194' title='bbox 2033 1640 2168 1695; x_wconf 64' lang='lat' dir='ltr'><strong>dria</strong></span> <span class='ocrx_word' id='word_1_195' title='bbox 2213 1658 2280 1696; x_wconf 81' lang='lat' dir='ltr'><strong>ex</strong></span> <span class='ocrx_word' id='word_1_196' title='bbox 2326 1644 2601 1698; x_wconf 85' lang='lat' dir='ltr'><strong>sententia</strong></span> <span class='ocrx_word' id='word_1_197' title='bbox 2649 1645 2833 1706; x_wconf 71' lang='lat' dir='ltr'><strong>rebus,</strong></span> <span class='ocrx_word' id='word_1_198' title='bbox 2880 1660 3101 1699; x_wconf 87' lang='lat' dir='ltr'><strong>rursum</strong></span> <span class='ocrx_word' id='word_1_199' title='bbox 3150 1660 3208 1701; x_wconf 88' lang='lat' dir='ltr'><strong>se</strong></span> <span class='ocrx_word' id='word_1_200' title='bbox 3247 1644 3590 1717; x_wconf 82' lang='lat' dir='ltr'><strong>Antiochiam</strong></span> 
     </span>
    </p>
   </div>
   <div class='ocr_carea' id='block_1_33' title="bbox 359 1733 1922 1815">
    <p class='ocr_par' dir='ltr' id='par_1_33' title="bbox 359 1734 1922 1815">
     <span class='ocr_line' id='line_1_33' title="bbox 359 1734 1922 1815; baseline 0.01 -32"><span class='ocrx_word' id='word_1_201' title='bbox 359 1735 457 1784; x_wconf 75' lang='grc' dir='ltr'><strong>ἐπὶ</strong></span> <span class='ocrx_word' id='word_1_202' title='bbox 474 1734 576 1803; x_wconf 82' lang='grc' dir='ltr'><strong>τῆς</strong></span> <span class='ocrx_word' id='word_1_203' title='bbox 618 1734 964 1808; x_wconf 79' lang='grc' dir='ltr'>Ἀλεξάνδρου</span> <span class='ocrx_word' id='word_1_204' title='bbox 1010 1739 1239 1805; x_wconf 78' lang='grc' dir='ltr'>ἀνύσας,</span> <span class='ocrx_word' id='word_1_205' title='bbox 1288 1743 1445 1807; x_wconf 81' lang='grc' dir='ltr'>αὖθις</span> <span class='ocrx_word' id='word_1_206' title='bbox 1496 1746 1595 1811; x_wconf 87' lang='grc' dir='ltr'>τὴν</span> <span class='ocrx_word' id='word_1_207' title='bbox 1656 1746 1922 1815; x_wconf 70' lang='grc' dir='ltr'>Ἀντιόχου</span> 
     </span>
    </p>
   </div>
   <div class='ocr_carea' id='block_1_34' title="bbox 2023 1733 3588 1815">
    <p class='ocr_par' dir='ltr' id='par_1_34' title="bbox 2033 1733 3588 1803">
     <span class='ocr_line' id='line_1_34' title="bbox 2033 1733 3588 1803; baseline 0.003 -16"><span class='ocrx_word' id='word_1_208' title='bbox 2033 1733 2265 1787; x_wconf 85' lang='lat' dir='ltr'><strong>contulit</strong></span> <span class='ocrx_word' id='word_1_209' title='bbox 2298 1750 2313 1787; x_wconf 89' lang='lat'><strong>:</strong></span> <span class='ocrx_word' id='word_1_210' title='bbox 2358 1734 2559 1789; x_wconf 87' lang='lat' dir='ltr'><strong>Lucius</strong></span> <span class='ocrx_word' id='word_1_211' title='bbox 2589 1750 2741 1798; x_wconf 83' lang='lat' dir='ltr'><strong>vero,</strong></span> <span class='ocrx_word' id='word_1_212' title='bbox 2779 1735 3240 1803; x_wconf 82' lang='lat' dir='ltr'><strong>quemadmodum</strong></span> <span class='ocrx_word' id='word_1_213' title='bbox 3275 1737 3588 1792; x_wconf 87' lang='lat' dir='ltr'><strong>mandatum</strong></span> 
     </span>
    </p>
   </div>
   <div class='ocr_carea' id='block_1_35' title="bbox 359 1824 1930 1906">
    <p class='ocr_par' dir='ltr' id='par_1_35' title="bbox 359 1824 1930 1906">
     <span class='ocr_line' id='line_1_35' title="bbox 359 1824 1930 1906; baseline 0.007 -30"><span class='ocrx_word' id='word_1_214' title='bbox 359 1824 664 1878; x_wconf 75' lang='grc' dir='ltr'>κατέλαϐεν</span> <span class='ocrx_word' id='word_1_215' title='bbox 691 1843 704 1857; x_wconf 73' lang='grc' dir='ltr'><strong>ο</strong></span> <span class='ocrx_word' id='word_1_216' title='bbox 737 1828 767 1879; x_wconf 81' lang='lat'><strong>6</strong></span> <span class='ocrx_word' id='word_1_217' title='bbox 793 1828 848 1882; x_wconf 80' lang='grc' dir='ltr'>δὲ</span> <span class='ocrx_word' id='word_1_218' title='bbox 876 1831 1123 1895; x_wconf 82' lang='grc' dir='ltr'>Λούκιος,</span> <span class='ocrx_word' id='word_1_219' title='bbox 1148 1834 1331 1897; x_wconf 81' lang='grc' dir='ltr'>καθὼς</span> <span class='ocrx_word' id='word_1_220' title='bbox 1377 1836 1799 1906; x_wconf 85' lang='grc' dir='ltr'>προσετέτακτο.</span> <span class='ocrx_word' id='word_1_221' title='bbox 1839 1837 1930 1890; x_wconf 85' lang='grc' dir='ltr'>τὸν</span> 
     </span>
    </p>
   </div>
   <div class='ocr_carea' id='block_1_36' title="bbox 357 1910 1931 1995">
    <p class='ocr_par' dir='ltr' id='par_1_36' title="bbox 357 1910 1931 1995">
     <span class='ocr_line' id='line_1_36' title="bbox 357 1910 1931 1995; baseline 0.012 -35"><span class='ocrx_word' id='word_1_222' title='bbox 357 1912 609 1979; x_wconf 58' lang='grc' dir='ltr'><strong>⁴ἡγεμόνα</strong></span> <span class='ocrx_word' id='word_1_223' title='bbox 660 1910 760 1980; x_wconf 77' lang='grc' dir='ltr'>τῆς</span> <span class='ocrx_word' id='word_1_224' title='bbox 812 1916 934 1967; x_wconf 84' lang='grc' dir='ltr'>κατ’</span> <span class='ocrx_word' id='word_1_225' title='bbox 984 1917 1258 1985; x_wconf 81' lang='grc' dir='ltr'>Δίγυπτον</span> <span class='ocrx_word' id='word_1_226' title='bbox 1296 1923 1554 1991; x_wconf 79' lang='grc' dir='ltr'>στρατιᾶς</span> <span class='ocrx_word' id='word_1_227' title='bbox 1595 1924 1692 1976; x_wconf 78' lang='grc' dir='ltr'>σὺν</span> <span class='ocrx_word' id='word_1_228' title='bbox 1751 1925 1931 1995; x_wconf 79' lang='grc' dir='ltr'>πολλῷ</span> 
     </span>
    </p>
   </div>
   <div class='ocr_carea' id='block_1_37' title="bbox 357 2001 1929 2077">
    <p class='ocr_par' dir='ltr' id='par_1_37' title="bbox 357 2001 1929 2077">
     <span class='ocr_line' id='line_1_37' title="bbox 357 2001 1929 2077; baseline 0.012 -26"><span class='ocrx_word' id='word_1_229' title='bbox 357 2001 561 2071; x_wconf 79' lang='grc' dir='ltr'>πλήθει</span> <span class='ocrx_word' id='word_1_230' title='bbox 591 2005 886 2075; x_wconf 82' lang='grc' dir='ltr'>συμμίκτῳ</span> <span class='ocrx_word' id='word_1_231' title='bbox 932 2006 1204 2077; x_wconf 75' lang='grc' dir='ltr'>Ἐλλήνων</span> <span class='ocrx_word' id='word_1_232' title='bbox 1232 2010 1326 2063; x_wconf 72' lang='grc' dir='ltr'>καὶ</span> <span class='ocrx_word' id='word_1_233' title='bbox 1385 2006 1653 2066; x_wconf 73' lang='grc' dir='ltr'>Ἰουδαίων</span> <span class='ocrx_word' id='word_1_234' title='bbox 1700 2018 1792 2068; x_wconf 80' lang='grc' dir='ltr'>καὶ</span> <span class='ocrx_word' id='word_1_235' title='bbox 1821 2017 1929 2069; x_wconf 89' lang='grc' dir='ltr'><strong>τῶν</strong></span> 
     </span>
    </p>
   </div>
   <div class='ocr_carea' id='block_1_38' title="bbox 354 2093 1932 2173">
    <p class='ocr_par' dir='ltr' id='par_1_38' title="bbox 354 2093 1932 2173">
     <span class='ocr_line' id='line_1_38' title="bbox 354 2093 1932 2173; baseline 0.01 -28"><span class='ocrx_word' id='word_1_236' title='bbox 354 2094 471 2146; x_wconf 68' lang='grc' dir='ltr'><strong>ἀπὸ</strong></span> <span class='ocrx_word' id='word_1_237' title='bbox 502 2093 605 2162; x_wconf 78' lang='grc' dir='ltr'>τῆς</span> <span class='ocrx_word' id='word_1_238' title='bbox 636 2096 906 2167; x_wconf 70' lang='grc' dir='ltr'>σφετέρης</span> <span class='ocrx_word' id='word_1_239' title='bbox 931 2098 1088 2169; x_wconf 79' lang='grc' dir='ltr'>δόξης</span> <span class='ocrx_word' id='word_1_240' title='bbox 1115 2099 1318 2168; x_wconf 77' lang='grc' dir='ltr'>ληῖζων</span> <span class='ocrx_word' id='word_1_241' title='bbox 1354 2101 1516 2173; x_wconf 77' lang='grc' dir='ltr'>διῄει,</span> <span class='ocrx_word' id='word_1_242' title='bbox 1553 2105 1649 2159; x_wconf 79' lang='grc' dir='ltr'>καὶ</span> <span class='ocrx_word' id='word_1_243' title='bbox 1676 2106 1736 2158; x_wconf 76' lang='grc' dir='ltr'>τὸ</span> <span class='ocrx_word' id='word_1_244' title='bbox 1767 2123 1932 2173; x_wconf 88' lang='grc' dir='ltr'>στρα-</span> 
     </span>
    </p>
   </div>
   <div class='ocr_carea' id='block_1_39' title="bbox 353 2185 1928 2264">
    <p class='ocr_par' dir='ltr' id='par_1_39' title="bbox 353 2185 1928 2264">
     <span class='ocr_line' id='line_1_39' title="bbox 353 2185 1928 2264; baseline 0.01 -29"><span class='ocrx_word' id='word_1_245' title='bbox 353 2185 556 2252; x_wconf 82' lang='grc' dir='ltr'>τήγιον</span> <span class='ocrx_word' id='word_1_246' title='bbox 581 2186 793 2255; x_wconf 80' lang='grc' dir='ltr'>ὲπήγνυ</span> <span class='ocrx_word' id='word_1_247' title='bbox 830 2188 971 2241; x_wconf 86' lang='grc' dir='ltr'><strong>κατά</strong></span> <span class='ocrx_word' id='word_1_248' title='bbox 1010 2189 1120 2241; x_wconf 86' lang='grc' dir='ltr'><strong>τῶν</strong></span> <span class='ocrx_word' id='word_1_249' title='bbox 1163 2192 1222 2245; x_wconf 69' lang='grc' dir='ltr'>ἐν</span> <span class='ocrx_word' id='word_1_250' title='bbox 1270 2193 1497 2262; x_wconf 73' lang='grc' dir='ltr'>ἐρήμοις</span> <span class='ocrx_word' id='word_1_251' title='bbox 1545 2194 1928 2264; x_wconf 75' lang='grc' dir='ltr'>διατριϐόντων</span> 
     </span>
    </p>
   </div>
   <div class='ocr_carea' id='block_1_40' title="bbox 358 2276 1928 2352">
    <p class='ocr_par' dir='ltr' id='par_1_40' title="bbox 358 2276 1928 2352">
     <span class='ocr_line' id='line_1_40' title="bbox 358 2276 1928 2352; baseline 0.01 -27"><span class='ocrx_word' id='word_1_252' title='bbox 358 2276 642 2344; x_wconf 83' lang='grc' dir='ltr'>μοναχῶν.</span> <span class='ocrx_word' id='word_1_253' title='bbox 692 2277 779 2328; x_wconf 83' lang='grc' dir='ltr'>Ἐν</span> <span class='ocrx_word' id='word_1_254' title='bbox 809 2277 995 2331; x_wconf 81' lang='grc' dir='ltr'>ἐλπίσι</span> <span class='ocrx_word' id='word_1_255' title='bbox 1025 2279 1120 2331; x_wconf 84' lang='grc' dir='ltr'>καὶ</span> <span class='ocrx_word' id='word_1_256' title='bbox 1148 2280 1258 2351; x_wconf 83' lang='grc' dir='ltr'><strong>γὰρ</strong></span> <span class='ocrx_word' id='word_1_257' title='bbox 1299 2278 1389 2352; x_wconf 75' lang='grc' dir='ltr'>ἦν,</span> <span class='ocrx_word' id='word_1_258' title='bbox 1419 2284 1493 2346; x_wconf 84' lang='grc' dir='ltr'><strong>ὡς</strong></span> <span class='ocrx_word' id='word_1_259' title='bbox 1521 2286 1575 2338; x_wconf 78' lang='grc' dir='ltr'>ει</span> <span class='ocrx_word' id='word_1_260' title='bbox 1619 2286 1831 2349; x_wconf 76' lang='grc' dir='ltr'>τούτοις</span> <span class='ocrx_word' id='word_1_261' title='bbox 1858 2286 1928 2339; x_wconf 79' lang='grc' dir='ltr'>δι’</span> 
     </span>
    </p>
   </div>
   <div class='ocr_carea' id='block_1_41' title="bbox 350 2365 1928 2447">
    <p class='ocr_par' dir='ltr' id='par_1_41' title="bbox 350 2365 1928 2447">
     <span class='ocr_line' id='line_1_41' title="bbox 350 2365 1928 2447; baseline 0.011 -32"><span class='ocrx_word' id='word_1_262' title='bbox 350 2365 521 2433; x_wconf 70' lang='grc' dir='ltr'>ὄχλου</span> <span class='ocrx_word' id='word_1_263' title='bbox 553 2367 803 2434; x_wconf 81' lang='grc' dir='ltr'>γένηται,</span> <span class='ocrx_word' id='word_1_264' title='bbox 836 2370 1070 2439; x_wconf 75' lang='grc' dir='ltr'>ἡσυχίας</span> <span class='ocrx_word' id='word_1_265' title='bbox 1118 2371 1335 2437; x_wconf 85' lang='grc' dir='ltr'>μάλιστ’</span> <span class='ocrx_word' id='word_1_266' title='bbox 1385 2374 1572 2444; x_wconf 64' lang='grc' dir='ltr'>ἐρῶσι,</span> <span class='ocrx_word' id='word_1_267' title='bbox 1614 2378 1928 2447; x_wconf 83' lang='grc' dir='ltr'>πειθηνίους</span> 
     </span>
    </p>
   </div>
   <div class='ocr_carea' id='block_1_42' title="bbox 358 2456 1926 2537">
    <p class='ocr_par' dir='ltr' id='par_1_42' title="bbox 358 2456 1926 2537">
     <span class='ocr_line' id='line_1_42' title="bbox 358 2456 1926 2537; baseline 0.011 -30"><span class='ocrx_word' id='word_1_268' title='bbox 358 2456 536 2521; x_wconf 75' lang='grc' dir='ltr'>ἕξειν,</span> <span class='ocrx_word' id='word_1_269' title='bbox 591 2458 686 2509; x_wconf 63' lang='grc' dir='ltr'><strong>καὶ⁵</strong></span> <span class='ocrx_word' id='word_1_270' title='bbox 718 2457 858 2511; x_wconf 72' lang='grc' dir='ltr'>οὕτω</span> <span class='ocrx_word' id='word_1_271' title='bbox 917 2461 1010 2512; x_wconf 77' lang='grc' dir='ltr'>καὶ</span> <span class='ocrx_word' id='word_1_272' title='bbox 1062 2461 1171 2515; x_wconf 88' lang='grc' dir='ltr'><strong>τῶν</strong></span> <span class='ocrx_word' id='word_1_273' title='bbox 1217 2463 1276 2515; x_wconf 72' lang='grc' dir='ltr'>ἐν</span> <span class='ocrx_word' id='word_1_274' title='bbox 1332 2465 1484 2517; x_wconf 85' lang='grc' dir='ltr'>πόλει</span> <span class='ocrx_word' id='word_1_275' title='bbox 1541 2470 1926 2537; x_wconf 78' lang='grc' dir='ltr'>περιγενέσθαι</span> 
     </span>
    </p>
   </div>
   <div class='ocr_carea' id='block_1_43' title="bbox 355 2549 1923 2626">
    <p class='ocr_par' dir='ltr' id='par_1_43' title="bbox 355 2549 1923 2626">
     <span class='ocr_line' id='line_1_43' title="bbox 355 2549 1923 2626; baseline 0.008 -25"><span class='ocrx_word' id='word_1_276' title='bbox 355 2549 708 2617; x_wconf 81' lang='grc' dir='ltr'>Χριστιανῶν</span> <span class='ocrx_word' id='word_1_277' title='bbox 742 2570 753 2580; x_wconf 72' lang='grc' dir='ltr'><strong>ο</strong></span> <span class='ocrx_word' id='word_1_278' title='bbox 814 2552 934 2605; x_wconf 76' lang='grc' dir='ltr'>ἐπεί</span> <span class='ocrx_word' id='word_1_279' title='bbox 987 2553 1070 2606; x_wconf 89' lang='grc' dir='ltr'><strong>τοί</strong></span> <span class='ocrx_word' id='word_1_280' title='bbox 1116 2571 1180 2621; x_wconf 92' lang='grc' dir='ltr'><strong>γε</strong></span> <span class='ocrx_word' id='word_1_281' title='bbox 1232 2555 1420 2608; x_wconf 80' lang='grc' dir='ltr'>πολλοὶ</span> <span class='ocrx_word' id='word_1_282' title='bbox 1482 2557 1782 2626; x_wconf 80' lang='grc' dir='ltr'>τηνικαῦτα</span> <span class='ocrx_word' id='word_1_283' title='bbox 1831 2562 1923 2613; x_wconf 86' lang='grc' dir='ltr'>καὶ</span> 
     </span>
    </p>
   </div>
   <div class='ocr_carea' id='block_1_44' title="bbox 352 2637 1928 2719">
    <p class='ocr_par' dir='ltr' id='par_1_44' title="bbox 352 2637 1928 2719">
     <span class='ocr_line' id='line_1_44' title="bbox 352 2637 1928 2719; baseline 0.003 -26"><span class='ocrx_word' id='word_1_284' title='bbox 352 2641 642 2693; x_wconf 68' lang='grc' dir='ltr'>θεσπέσιον.</span> <span class='ocrx_word' id='word_1_285' title='bbox 678 2640 868 2709; x_wconf 76' lang='grc' dir='ltr'>ἄνδρες</span> <span class='ocrx_word' id='word_1_286' title='bbox 918 2637 1060 2713; x_wconf 84' lang='grc' dir='ltr'>ἦσαν</span> <span class='ocrx_word' id='word_1_287' title='bbox 1093 2642 1201 2698; x_wconf 88' lang='grc' dir='ltr'><strong>τῶν</strong></span> <span class='ocrx_word' id='word_1_288' title='bbox 1230 2646 1350 2697; x_wconf 86' lang='grc' dir='ltr'>κατ’</span> <span class='ocrx_word' id='word_1_289' title='bbox 1382 2646 1661 2714; x_wconf 77' lang='grc' dir='ltr'>Αἴγυπτον</span> <span class='ocrx_word' id='word_1_290' title='bbox 1694 2650 1786 2701; x_wconf 77' lang='grc' dir='ltr'>καὶ</span> <span class='ocrx_word' id='word_1_291' title='bbox 1817 2649 1928 2719; x_wconf 69' lang='grc' dir='ltr'><strong>Θη..</strong></span> 
     </span>
    </p>
   </div>
   <div class='ocr_carea' id='block_1_45' title="bbox 352 2730 1924 2809">
    <p class='ocr_par' dir='ltr' id='par_1_45' title="bbox 352 2730 1924 2809">
     <span class='ocr_line' id='line_1_45' title="bbox 352 2730 1924 2809; baseline 0.009 -28"><span class='ocrx_word' id='word_1_292' title='bbox 352 2730 525 2783; x_wconf 63' lang='lat' dir='ltr'><strong>Gaio:</strong></span> <span class='ocrx_word' id='word_1_293' title='bbox 588 2733 972 2801; x_wconf 82' lang='grc' dir='ltr'>μοναστηρίων</span> <span class='ocrx_word' id='word_1_294' title='bbox 1037 2736 1433 2804; x_wconf 72' lang='grc' dir='ltr'>προεστηκότες</span> <span class='ocrx_word' id='word_1_295' title='bbox 1466 2778 1480 2798; x_wconf 87' lang='grc'><strong>,</strong></span> <span class='ocrx_word' id='word_1_296' title='bbox 1532 2740 1631 2809; x_wconf 83' lang='grc' dir='ltr'>τὴν</span> <span class='ocrx_word' id='word_1_297' title='bbox 1711 2741 1924 2809; x_wconf 81' lang='grc' dir='ltr'>Ἀρείου</span> 
     </span>
    </p>
   </div>
   <div class='ocr_carea' id='block_1_46' title="bbox 349 2817 1922 2897">
    <p class='ocr_par' dir='ltr' id='par_1_46' title="bbox 349 2817 1922 2897">
     <span class='ocr_line' id='line_1_46' title="bbox 349 2817 1922 2897; baseline 0.008 -27"><span class='ocrx_word' id='word_1_298' title='bbox 349 2817 515 2881; x_wconf 75' lang='grc' dir='ltr'>δόξαν</span> <span class='ocrx_word' id='word_1_299' title='bbox 541 2819 775 2887; x_wconf 88' lang='grc' dir='ltr'>μάλιστα</span> <span class='ocrx_word' id='word_1_300' title='bbox 802 2821 1186 2891; x_wconf 79' lang='grc' dir='ltr'>ἐκτρεπόμενοι</span> <span class='ocrx_word' id='word_1_301' title='bbox 1215 2837 1231 2853; x_wconf 80' lang='lat'>&#39;</span> <span class='ocrx_word' id='word_1_302' title='bbox 1260 2819 1339 2885; x_wconf 79' lang='grc' dir='ltr'>οἷς</span> <span class='ocrx_word' id='word_1_303' title='bbox 1362 2828 1429 2878; x_wconf 79' lang='grc' dir='ltr'><strong>τά</strong></span> <span class='ocrx_word' id='word_1_304' title='bbox 1448 2825 1625 2895; x_wconf 78' lang='grc' dir='ltr'>πλήθη</span> <span class='ocrx_word' id='word_1_305' title='bbox 1658 2828 1922 2897; x_wconf 76' lang='grc' dir='ltr'>ἑπόμενα,</span> 
     </span>
    </p>
   </div>
   <div class='ocr_carea' id='block_1_47' title="bbox 351 2910 1923 2991">
    <p class='ocr_par' dir='ltr' id='par_1_47' title="bbox 351 2910 1923 2991">
     <span class='ocr_line' id='line_1_47' title="bbox 351 2910 1923 2991; baseline 0.008 -30"><span class='ocrx_word' id='word_1_306' title='bbox 351 2911 427 2962; x_wconf 81' lang='grc' dir='ltr'>τὰ</span> <span class='ocrx_word' id='word_1_307' title='bbox 459 2910 551 2962; x_wconf 84' lang='grc' dir='ltr'><strong>ίσα</strong></span> <span class='ocrx_word' id='word_1_308' title='bbox 602 2914 823 2978; x_wconf 83' lang='grc' dir='ltr'>φρονεῖν</span> <span class='ocrx_word' id='word_1_309' title='bbox 875 2913 1001 2982; x_wconf 77' lang='grc' dir='ltr'>περὶ</span> <span class='ocrx_word' id='word_1_310' title='bbox 1050 2914 1245 2979; x_wconf 73' lang='grc' dir='ltr'>πολλοῦ</span> <span class='ocrx_word' id='word_1_311' title='bbox 1304 2916 1560 2970; x_wconf 75' lang='grc' dir='ltr'>ἐποιεῖτο.</span> <span class='ocrx_word' id='word_1_312' title='bbox 1636 2917 1773 2972; x_wconf 77' lang='grc' dir='ltr'>Οὔτε</span> <span class='ocrx_word' id='word_1_313' title='bbox 1814 2921 1923 2991; x_wconf 82' lang='grc' dir='ltr'><strong>γάρ</strong></span> 
     </span>
    </p>
   </div>
   <div class='ocr_carea' id='block_1_48' title="bbox 355 3001 1919 3077">
    <p class='ocr_par' dir='ltr' id='par_1_48' title="bbox 355 3001 1919 3077">
     <span class='ocr_line' id='line_1_48' title="bbox 355 3001 1919 3077; baseline 0.008 -25"><span class='ocrx_word' id='word_1_314' title='bbox 355 3001 492 3069; x_wconf 69' lang='grc' dir='ltr'>περὶ</span> <span class='ocrx_word' id='word_1_315' title='bbox 518 3001 805 3068; x_wconf 74' lang='grc' dir='ltr'>δογμάτων</span> <span class='ocrx_word' id='word_1_316' title='bbox 827 3003 1136 3073; x_wconf 81' lang='grc' dir='ltr'>ἀδολεσχεῖν</span> <span class='ocrx_word' id='word_1_317' title='bbox 1170 3005 1385 3076; x_wconf 71' lang='grc' dir='ltr'>ἡθελον,</span> <span class='ocrx_word' id='word_1_318' title='bbox 1415 3006 1528 3060; x_wconf 74' lang='grc' dir='ltr'>οὔτ’</span> <span class='ocrx_word' id='word_1_319' title='bbox 1583 3010 1880 3077; x_wconf 67' lang='grc' dir='ltr'>ἡπίσταντο</span> <span class='ocrx_word' id='word_1_320' title='bbox 1903 3027 1919 3043; x_wconf 78' lang='grc'><strong><em>⁸</em></strong></span> 
     </span>
    </p>
   </div>
   <div class='ocr_carea' id='block_1_49' title="bbox 354 3091 1922 3168">
    <p class='ocr_par' dir='ltr' id='par_1_49' title="bbox 354 3091 1922 3168">
     <span class='ocr_line' id='line_1_49' title="bbox 354 3091 1922 3168; baseline 0.008 -24"><span class='ocrx_word' id='word_1_321' title='bbox 354 3093 497 3160; x_wconf 81' lang='grc' dir='ltr'>παρ’</span> <span class='ocrx_word' id='word_1_322' title='bbox 525 3093 758 3156; x_wconf 82' lang='grc' dir='ltr'>ἐκείνοις</span> <span class='ocrx_word' id='word_1_323' title='bbox 779 3094 825 3148; x_wconf 78' lang='grc' dir='ltr'>δ’</span> <span class='ocrx_word' id='word_1_324' title='bbox 846 3091 989 3150; x_wconf 79' lang='grc' dir='ltr'>εἶναι</span> <span class='ocrx_word' id='word_1_325' title='bbox 1024 3095 1123 3166; x_wconf 79' lang='grc' dir='ltr'>τὴν</span> <span class='ocrx_word' id='word_1_326' title='bbox 1153 3098 1419 3162; x_wconf 73' lang='grc' dir='ltr'>ἀλήθειαν</span> <span class='ocrx_word' id='word_1_327' title='bbox 1442 3097 1634 3168; x_wconf 78' lang='grc' dir='ltr'>ᾤοντο,</span> <span class='ocrx_word' id='word_1_328' title='bbox 1692 3097 1772 3161; x_wconf 71' lang='grc' dir='ltr'>οἷς</span> <span class='ocrx_word' id='word_1_329' title='bbox 1831 3106 1922 3156; x_wconf 56' lang='grc' dir='ltr'><strong>καὶ⁸</strong></span> 
     </span>
    </p>
   </div>
   <div class='ocr_carea' id='block_1_50' title="bbox 353 3181 1922 3259">
    <p class='ocr_par' dir='ltr' id='par_1_50' title="bbox 353 3181 1922 3259">
     <span class='ocr_line' id='line_1_50' title="bbox 353 3181 1922 3259; baseline 0.008 -28"><span class='ocrx_word' id='word_1_330' title='bbox 353 3181 490 3242; x_wconf 83' lang='grc' dir='ltr'>Θεὸς</span> <span class='ocrx_word' id='word_1_331' title='bbox 516 3181 804 3233; x_wconf 82' lang='grc' dir='ltr'>ἐπακούων</span> <span class='ocrx_word' id='word_1_332' title='bbox 851 3183 1076 3252; x_wconf 77' lang='grc' dir='ltr'>ἐνήργει</span> <span class='ocrx_word' id='word_1_333' title='bbox 1101 3184 1379 3252; x_wconf 76' lang='grc' dir='ltr'>παράδοξα</span> <span class='ocrx_word' id='word_1_334' title='bbox 1415 3204 1429 3218; x_wconf 74' lang='grc' dir='ltr'><strong>ο</strong></span> <span class='ocrx_word' id='word_1_335' title='bbox 1461 3189 1555 3239; x_wconf 78' lang='grc' dir='ltr'>καὶ</span> <span class='ocrx_word' id='word_1_336' title='bbox 1586 3190 1716 3252; x_wconf 63' lang='grc' dir='ltr'>τοῖς²</span> <span class='ocrx_word' id='word_1_337' title='bbox 1744 3191 1922 3259; x_wconf 90' lang='grc' dir='ltr'>λόγοις</span> 
     </span>
    </p>
   </div>
   <div class='ocr_carea' id='block_1_51' title="bbox 350 3271 1919 3350">
    <p class='ocr_par' dir='ltr' id='par_1_51' title="bbox 350 3271 1919 3350">
     <span class='ocr_line' id='line_1_51' title="bbox 350 3271 1919 3350; baseline -0.005 -27"><span class='ocrx_word' id='word_1_338' title='bbox 350 3272 456 3339; x_wconf 81' lang='grc' dir='ltr'>τῆς</span> <span class='ocrx_word' id='word_1_339' title='bbox 486 3271 742 3335; x_wconf 74' lang='grc' dir='ltr'>πίστεως,</span> <span class='ocrx_word' id='word_1_340' title='bbox 795 3274 862 3324; x_wconf 73' lang='grc' dir='ltr'>τὰ</span> <span class='ocrx_word' id='word_1_341' title='bbox 905 3273 1003 3341; x_wconf 76' lang='grc' dir='ltr'>τῆς</span> <span class='ocrx_word' id='word_1_342' title='bbox 1061 3275 1262 3344; x_wconf 82' lang='grc' dir='ltr'>ἀρετῆς</span> <span class='ocrx_word' id='word_1_343' title='bbox 1291 3276 1431 3345; x_wconf 78' lang='grc' dir='ltr'>ἔργα</span> <span class='ocrx_word' id='word_1_344' title='bbox 1457 3280 1872 3350; x_wconf 69' lang='grc' dir='ltr'>ἐπεμαρτύρουν</span> <span class='ocrx_word' id='word_1_345' title='bbox 1902 3299 1919 3315; x_wconf 89' lang='grc'><strong>.</strong></span> 
     </span>
    </p>
   </div>
   <div class='ocr_carea' id='block_1_52' title="bbox 347 3362 1921 3442">
    <p class='ocr_par' dir='ltr' id='par_1_52' title="bbox 347 3362 1921 3442">
     <span class='ocr_line' id='line_1_52' title="bbox 347 3362 1921 3442; baseline 0.008 -28"><span class='ocrx_word' id='word_1_346' title='bbox 347 3363 576 3424; x_wconf 78' lang='grc' dir='ltr'>ὁποίους</span> <span class='ocrx_word' id='word_1_347' title='bbox 633 3363 935 3431; x_wconf 76' lang='grc' dir='ltr'>τηνικαῦτα</span> <span class='ocrx_word' id='word_1_348' title='bbox 998 3365 1273 3433; x_wconf 79' lang='grc' dir='ltr'>ἡγεμόνας</span> <span class='ocrx_word' id='word_1_349' title='bbox 1327 3362 1467 3421; x_wconf 75' lang='grc' dir='ltr'>εἶναι</span> <span class='ocrx_word' id='word_1_350' title='bbox 1517 3370 1627 3422; x_wconf 88' lang='grc' dir='ltr'><strong>τῶν</strong></span> <span class='ocrx_word' id='word_1_351' title='bbox 1670 3372 1921 3442; x_wconf 80' lang='grc' dir='ltr'>μοναχῶν</span> 
     </span>
    </p>
   </div>
   <div class='ocr_carea' id='block_1_53' title="bbox 349 3452 1921 3529">
    <p class='ocr_par' dir='ltr' id='par_1_53' title="bbox 349 3452 1921 3529">
     <span class='ocr_line' id='line_1_53' title="bbox 349 3452 1921 3529; baseline 0.01 -25"><span class='ocrx_word' id='word_1_352' title='bbox 349 3452 602 3521; x_wconf 79' lang='grc' dir='ltr'>ἔγνωμεν</span> <span class='ocrx_word' id='word_1_353' title='bbox 630 3469 643 3481; x_wconf 88' lang='grc'><strong>·</strong></span> <span class='ocrx_word' id='word_1_354' title='bbox 670 3453 794 3516; x_wconf 81' lang='grc' dir='ltr'>τοὺς</span> <span class='ocrx_word' id='word_1_355' title='bbox 822 3454 913 3507; x_wconf 84' lang='grc' dir='ltr'><strong>δύο</strong></span> <span class='ocrx_word' id='word_1_356' title='bbox 934 3458 1076 3523; x_wconf 75' lang='grc' dir='ltr'>φημὶ</span> <span class='ocrx_word' id='word_1_357' title='bbox 1119 3458 1461 3527; x_wconf 87' lang='grc' dir='ltr'>Μακαρίους,</span> <span class='ocrx_word' id='word_1_358' title='bbox 1518 3461 1608 3515; x_wconf 79' lang='grc' dir='ltr'><strong>τὸν</strong></span> <span class='ocrx_word' id='word_1_359' title='bbox 1678 3463 1921 3529; x_wconf 72' lang='grc' dir='ltr'>Ἀλεξαν-</span> 
     </span>
    </p>
   </div>
   <div class='ocr_carea' id='block_1_54' title="bbox 349 3541 1918 3625">
    <p class='ocr_par' dir='ltr' id='par_1_54' title="bbox 349 3541 1918 3625">
     <span class='ocr_line' id='line_1_54' title="bbox 349 3541 1918 3625; baseline 0.01 -30"><span class='ocrx_word' id='word_1_360' title='bbox 349 3544 485 3611; x_wconf 80' lang='grc' dir='ltr'>δρέα</span> <span class='ocrx_word' id='word_1_361' title='bbox 509 3545 603 3596; x_wconf 71' lang='grc' dir='ltr'>καὶ</span> <span class='ocrx_word' id='word_1_362' title='bbox 636 3544 728 3597; x_wconf 70' lang='grc' dir='ltr'>τὸν</span> <span class='ocrx_word' id='word_1_363' title='bbox 764 3546 948 3610; x_wconf 79' lang='grc' dir='ltr'>ἀστὸν,</span> <span class='ocrx_word' id='word_1_364' title='bbox 977 3541 1053 3600; x_wconf 81' lang='grc' dir='ltr'>ὧν</span> <span class='ocrx_word' id='word_1_365' title='bbox 1078 3556 1082 3560; x_wconf 84' lang='grc'><strong>”</strong></span> <span class='ocrx_word' id='word_1_366' title='bbox 1105 3549 1197 3600; x_wconf 73' lang='grc' dir='ltr'>καὶ</span> <span class='ocrx_word' id='word_1_367' title='bbox 1248 3551 1482 3618; x_wconf 87' lang='grc' dir='ltr'>πρόσθεν</span> <span class='ocrx_word' id='word_1_368' title='bbox 1522 3554 1874 3625; x_wconf 76' lang='grc' dir='ltr'>ἐμνήσθημεν</span> <span class='ocrx_word' id='word_1_369' title='bbox 1903 3574 1918 3590; x_wconf 88' lang='grc'><strong>·</strong></span> 
     </span>
    </p>
   </div>
   <div class='ocr_carea' id='block_1_55' title="bbox 356 3633 1922 3718">
    <p class='ocr_par' dir='ltr' id='par_1_55' title="bbox 356 3633 1922 3718">
     <span class='ocr_line' id='line_1_55' title="bbox 356 3633 1922 3718; baseline 0.01 -34"><span class='ocrx_word' id='word_1_370' title='bbox 356 3633 570 3703; x_wconf 76' lang='grc' dir='ltr'><strong>Παμὸώ</strong></span> <span class='ocrx_word' id='word_1_371' title='bbox 598 3650 653 3685; x_wconf 89' lang='grc' dir='ltr'><strong>τε</strong></span> <span class='ocrx_word' id='word_1_372' title='bbox 688 3635 782 3686; x_wconf 73' lang='grc' dir='ltr'><strong>καὶ</strong></span> <span class='ocrx_word' id='word_1_373' title='bbox 833 3635 1186 3705; x_wconf 83' lang='grc' dir='ltr'>Ἡρακλείδην</span> <span class='ocrx_word' id='word_1_374' title='bbox 1216 3640 1424 3692; x_wconf 77' lang='grc' dir='ltr'>ἐκεῖνον</span> <span class='ocrx_word' id='word_1_375' title='bbox 1457 3642 1691 3712; x_wconf 86' lang='grc' dir='ltr'>ἀρίστως</span> <span class='ocrx_word' id='word_1_376' title='bbox 1743 3646 1922 3718; x_wconf 87' lang='grc' dir='ltr'>μαθη-</span> 
     </span>
    </p>
   </div>
   <div class='ocr_carea' id='block_1_56' title="bbox 351 3724 1919 3800">
    <p class='ocr_par' dir='ltr' id='par_1_56' title="bbox 351 3724 1919 3800">
     <span class='ocr_line' id='line_1_56' title="bbox 351 3724 1919 3800; baseline 0.009 -25"><span class='ocrx_word' id='word_1_377' title='bbox 351 3724 647 3786; x_wconf 84' lang='grc' dir='ltr'>τευθέντας</span> <span class='ocrx_word' id='word_1_378' title='bbox 674 3724 1106 3795; x_wconf 67' lang='grc' dir='ltr'>τῷόιαθηγεμόνι</span> <span class='ocrx_word' id='word_1_379' title='bbox 1136 3728 1235 3793; x_wconf 78' lang='grc' dir='ltr'>τῆς</span> <span class='ocrx_word' id='word_1_380' title='bbox 1279 3731 1483 3800; x_wconf 79' lang='grc' dir='ltr'>ἀρετῆς</span> <span class='ocrx_word' id='word_1_381' title='bbox 1513 3732 1607 3784; x_wconf 80' lang='grc' dir='ltr'>καὶ</span> <span class='ocrx_word' id='word_1_382' title='bbox 1650 3734 1758 3785; x_wconf 91' lang='grc' dir='ltr'><strong>τῶν</strong></span> <span class='ocrx_word' id='word_1_383' title='bbox 1816 3737 1919 3790; x_wconf 81' lang='grc' dir='ltr'><strong>ἀνά</strong></span> 
     </span>
    </p>
   </div>
   <div class='ocr_carea' id='block_1_57' title="bbox 350 3802 1920 3890">
    <p class='ocr_par' dir='ltr' id='par_1_57' title="bbox 350 3802 1920 3890">
     <span class='ocr_line' id='line_1_57' title="bbox 350 3802 1920 3890; baseline 0.008 -25"><span class='ocrx_word' id='word_1_384' title='bbox 350 3815 455 3884; x_wconf 77' lang='grc' dir='ltr'>τὴν</span> <span class='ocrx_word' id='word_1_385' title='bbox 475 3816 750 3881; x_wconf 76' lang='grc' dir='ltr'>Αἴγυπτον</span> <span class='ocrx_word' id='word_1_386' title='bbox 779 3802 1185 3886; x_wconf 78' lang='grc' dir='ltr'>μοναστηρίων,</span> <span class='ocrx_word' id='word_1_387' title='bbox 1232 3818 1503 3888; x_wconf 82' lang='grc' dir='ltr'>Ἀντωνίῳ</span> <span class='ocrx_word' id='word_1_388' title='bbox 1533 3821 1613 3890; x_wconf 27' lang='grc' dir='ltr'><strong>τῷ(</strong></span> <span class='ocrx_word' id='word_1_389' title='bbox 1632 3814 1794 3890; x_wconf 85' lang='grc' dir='ltr'>πάνυ,</span> <span class='ocrx_word' id='word_1_390' title='bbox 1825 3825 1920 3877; x_wconf 61' lang='grc' dir='ltr'><strong>καὶ⁵</strong></span> 
     </span>
    </p>
   </div>
   <div class='ocr_carea' id='block_1_58' title="bbox 350 3908 1921 3985">
    <p class='ocr_par' dir='ltr' id='par_1_58' title="bbox 350 3908 1921 3985">
     <span class='ocr_line' id='line_1_58' title="bbox 350 3908 1921 3985; baseline 0.006 -26"><span class='ocrx_word' id='word_1_391' title='bbox 350 3909 479 3967; x_wconf 75' lang='grc' dir='ltr'>τοὺς</span> <span class='ocrx_word' id='word_1_392' title='bbox 500 3908 719 3970; x_wconf 71' lang='grc' dir='ltr'>λοιποὺς</span> <span class='ocrx_word' id='word_1_393' title='bbox 760 3908 924 3961; x_wconf 82' lang='grc' dir='ltr'>αὐτοῦ</span> <span class='ocrx_word' id='word_1_394' title='bbox 968 3911 1247 3979; x_wconf 75' lang='grc' dir='ltr'>φοιτητὰς.</span> <span class='ocrx_word' id='word_1_395' title='bbox 1297 3913 1409 3965; x_wconf 81' lang='grc' dir='ltr'><strong>Καὶ</strong></span> <span class='ocrx_word' id='word_1_396' title='bbox 1448 3913 1512 3984; x_wconf 77' lang='grc' dir='ltr'>δὴ</span> <span class='ocrx_word' id='word_1_397' title='bbox 1566 3915 1921 3985; x_wconf 84' lang='grc' dir='ltr'>λογισάμενος</span> 
     </span>
    </p>
   </div>
   <div class='ocr_carea' id='block_1_59' title="bbox 349 3994 1918 4069">
    <p class='ocr_par' dir='ltr' id='par_1_59' title="bbox 349 3994 1918 4069">
     <span class='ocr_line' id='line_1_59' title="bbox 349 3994 1918 4069; baseline 0.005 -21"><span class='ocrx_word' id='word_1_398' title='bbox 349 3994 584 4057; x_wconf 75' lang='grc' dir='ltr'>Λούκιος</span> <span class='ocrx_word' id='word_1_399' title='bbox 612 3995 687 4058; x_wconf 82' lang='grc' dir='ltr'><strong>ὡς</strong></span> <span class='ocrx_word' id='word_1_400' title='bbox 709 3997 807 4048; x_wconf 83' lang='grc' dir='ltr'>οὐκ</span> <span class='ocrx_word' id='word_1_401' title='bbox 823 3998 1112 4066; x_wconf 76' lang='grc' dir='ltr'>ἐγγένηταί</span> <span class='ocrx_word' id='word_1_402' title='bbox 1140 4014 1319 4064; x_wconf 83' lang='grc' dir='ltr'>σφισιν</span> <span class='ocrx_word' id='word_1_403' title='bbox 1353 4000 1409 4051; x_wconf 84' lang='grc' dir='ltr'>ὲν</span> <span class='ocrx_word' id='word_1_404' title='bbox 1433 3998 1509 4069; x_wconf 89' lang='grc' dir='ltr'>τῷ</span> <span class='ocrx_word' id='word_1_405' title='bbox 1534 4001 1767 4069; x_wconf 82' lang='grc' dir='ltr'>ἀσφαλεῖ</span> <span class='ocrx_word' id='word_1_406' title='bbox 1779 4003 1918 4056; x_wconf 88' lang='grc' dir='ltr'>καθ-</span> 
     </span>
    </p>
   </div>
   <div class='ocr_carea' id='block_1_60' title="bbox 349 4086 1918 4162">
    <p class='ocr_par' dir='ltr' id='par_1_60' title="bbox 349 4086 1918 4162">
     <span class='ocr_line' id='line_1_60' title="bbox 349 4086 1918 4162; baseline 0.006 -25"><span class='ocrx_word' id='word_1_407' title='bbox 349 4089 598 4150; x_wconf 87' lang='grc' dir='ltr'>εστάναι,</span> <span class='ocrx_word' id='word_1_408' title='bbox 658 4087 878 4155; x_wconf 74' lang='grc' dir='ltr'>καὶτῆς</span> <span class='ocrx_word' id='word_1_409' title='bbox 914 4087 1141 4140; x_wconf 86' lang='grc' dir='ltr'>καθόλου</span> <span class='ocrx_word' id='word_1_410' title='bbox 1185 4086 1518 4159; x_wconf 83' lang='grc' dir='ltr'>Ἑκκλησίας</span> <span class='ocrx_word' id='word_1_411' title='bbox 1549 4093 1841 4162; x_wconf 84' lang='grc' dir='ltr'>κρατῆσαι,</span> <span class='ocrx_word' id='word_1_412' title='bbox 1869 4095 1918 4147; x_wconf 75' lang='grc' dir='ltr'>εἰ</span> 
     </span>
    </p>
   </div>
   <div class='ocr_carea' id='block_1_61' title="bbox 353 4177 1919 4251">
    <p class='ocr_par' dir='ltr' id='par_1_61' title="bbox 353 4177 1919 4251">
     <span class='ocr_line' id='line_1_61' title="bbox 353 4177 1919 4251; baseline 0.008 -23"><span class='ocrx_word' id='word_1_413' title='bbox 353 4177 433 4246; x_wconf 78' lang='grc' dir='ltr'>μὴ</span> <span class='ocrx_word' id='word_1_414' title='bbox 461 4178 589 4239; x_wconf 68' lang='grc' dir='ltr'>τοὺς</span> <span class='ocrx_word' id='word_1_415' title='bbox 636 4177 745 4230; x_wconf 90' lang='grc' dir='ltr'><strong>τῶν</strong></span> <span class='ocrx_word' id='word_1_416' title='bbox 788 4179 1038 4248; x_wconf 86' lang='grc' dir='ltr'>μοναχῶν</span> <span class='ocrx_word' id='word_1_417' title='bbox 1098 4177 1301 4250; x_wconf 87' lang='grc' dir='ltr'>ἀκρους</span> <span class='ocrx_word' id='word_1_418' title='bbox 1347 4184 1669 4251; x_wconf 75' lang='grc' dir='ltr'>όμοφρονεῖν</span> <span class='ocrx_word' id='word_1_419' title='bbox 1734 4187 1919 4250; x_wconf 83' lang='grc' dir='ltr'>αὐτοῖς</span> 
     </span>
    </p>
   </div>
   <div class='ocr_carea' id='block_1_62' title="bbox 348 4270 1918 4342">
    <p class='ocr_par' dir='ltr' id='par_1_62' title="bbox 348 4270 1918 4342">
     <span class='ocr_line' id='line_1_62' title="bbox 348 4270 1918 4342; baseline 0.006 -22"><span class='ocrx_word' id='word_1_420' title='bbox 348 4270 676 4335; x_wconf 86' lang='grc' dir='ltr'>ἀναγκάσοι,</span> <span class='ocrx_word' id='word_1_421' title='bbox 709 4270 981 4337; x_wconf 61' lang='grc' dir='ltr'>ἐπεχείρει</span> <span class='ocrx_word' id='word_1_422' title='bbox 1036 4270 1111 4336; x_wconf 83' lang='grc' dir='ltr'>τῷ</span> <span class='ocrx_word' id='word_1_423' title='bbox 1146 4271 1294 4342; x_wconf 68' lang='grc' dir='ltr'>ἔργῳ</span> <span class='ocrx_word' id='word_1_424' title='bbox 1324 4287 1339 4302; x_wconf 79' lang='grc'><strong>⁸</strong></span> <span class='ocrx_word' id='word_1_425' title='bbox 1396 4274 1489 4325; x_wconf 82' lang='grc' dir='ltr'>καὶ</span> <span class='ocrx_word' id='word_1_426' title='bbox 1536 4273 1659 4327; x_wconf 68' lang='grc' dir='ltr'>ἐπεὶ</span> <span class='ocrx_word' id='word_1_427' title='bbox 1707 4276 1918 4329; x_wconf 88' lang='grc' dir='ltr'>πείθειν</span> 
     </span>
    </p>
   </div>
   <div class='ocr_carea' id='block_1_63' title="bbox 345 4353 1914 4431">
    <p class='ocr_par' dir='ltr' id='par_1_63' title="bbox 345 4353 1914 4431">
     <span class='ocr_line' id='line_1_63' title="bbox 345 4353 1914 4431; baseline 0.004 -21"><span class='ocrx_word' id='word_1_428' title='bbox 345 4357 451 4410; x_wconf 82' lang='grc' dir='ltr'>οὐκ</span> <span class='ocrx_word' id='word_1_429' title='bbox 496 4353 633 4425; x_wconf 75' lang='grc' dir='ltr'>εἶχε,</span> <span class='ocrx_word' id='word_1_430' title='bbox 667 4356 765 4425; x_wconf 72' lang='grc' dir='ltr'>τὴν</span> <span class='ocrx_word' id='word_1_431' title='bbox 798 4356 920 4427; x_wconf 76' lang='grc' dir='ltr'>βίαν</span> <span class='ocrx_word' id='word_1_432' title='bbox 950 4360 1210 4429; x_wconf 82' lang='grc' dir='ltr'>προσῆγε.</span> <span class='ocrx_word' id='word_1_433' title='bbox 1270 4361 1378 4413; x_wconf 81' lang='grc' dir='ltr'><strong>Καὶ</strong></span> <span class='ocrx_word' id='word_1_434' title='bbox 1420 4360 1635 4415; x_wconf 73' lang='grc' dir='ltr'>ἔνοπλοι</span> <span class='ocrx_word' id='word_1_435' title='bbox 1691 4366 1914 4431; x_wconf 82' lang='grc' dir='ltr'>γυμνοῖς</span> 
     </span>
    </p>
   </div>
   <div class='ocr_carea' id='block_1_64' title="bbox 346 4448 1917 4524">
    <p class='ocr_par' dir='ltr' id='par_1_64' title="bbox 346 4448 1917 4524">
     <span class='ocr_line' id='line_1_64' title="bbox 346 4448 1917 4524; baseline 0.006 -23"><span class='ocrx_word' id='word_1_436' title='bbox 346 4448 448 4501; x_wconf 74' lang='grc' dir='ltr'>καὶ</span> <span class='ocrx_word' id='word_1_437' title='bbox 482 4449 617 4516; x_wconf 81' lang='grc' dir='ltr'>μηδὲ</span> <span class='ocrx_word' id='word_1_438' title='bbox 645 4451 806 4517; x_wconf 83' lang='grc' dir='ltr'>χεῖρα</span> <span class='ocrx_word' id='word_1_439' title='bbox 830 4449 1169 4519; x_wconf 73' lang='grc' dir='ltr'>αἱρουμένοις</span> <span class='ocrx_word' id='word_1_440' title='bbox 1198 4451 1500 4519; x_wconf 82' lang='grc' dir='ltr'>προτείνειν</span> <span class='ocrx_word' id='word_1_441' title='bbox 1552 4454 1633 4509; x_wconf 76' lang='grc' dir='ltr'><strong>εἰς</strong></span> <span class='ocrx_word' id='word_1_442' title='bbox 1700 4454 1917 4524; x_wconf 73' lang='grc' dir='ltr'>ἄμυναν</span> 
     </span>
    </p>
   </div>
   <div class='ocr_carea' id='block_1_65' title="bbox 348 4536 1917 4611">
    <p class='ocr_par' dir='ltr' id='par_1_65' title="bbox 348 4536 1917 4611">
     <span class='ocr_line' id='line_1_65' title="bbox 348 4536 1917 4611; baseline 0.005 -21"><span class='ocrx_word' id='word_1_443' title='bbox 348 4536 694 4600; x_wconf 76' lang='grc' dir='ltr'>ἐπελθόντες,</span> <span class='ocrx_word' id='word_1_444' title='bbox 725 4537 971 4601; x_wconf 65' lang='grc' dir='ltr'>ἐλεεινῶς</span> <span class='ocrx_word' id='word_1_445' title='bbox 1003 4538 1369 4609; x_wconf 79' lang='grc' dir='ltr'>ἐξεπόρθησαν</span> <span class='ocrx_word' id='word_1_446' title='bbox 1404 4557 1417 4571; x_wconf 88' lang='grc'><strong>·</strong></span> <span class='ocrx_word' id='word_1_447' title='bbox 1444 4542 1521 4603; x_wconf 83' lang='grc' dir='ltr'><strong>ὡς</strong></span> <span class='ocrx_word' id='word_1_448' title='bbox 1576 4538 1715 4595; x_wconf 73' lang='grc' dir='ltr'>εἶναι</span> <span class='ocrx_word' id='word_1_449' title='bbox 1758 4545 1917 4611; x_wconf 87' lang='grc' dir='ltr'>λόγου</span> 
     </span>
    </p>
   </div>
   <div class='ocr_carea' id='block_1_66' title="bbox 345 4629 1918 4706">
    <p class='ocr_par' dir='ltr' id='par_1_66' title="bbox 345 4629 1918 4706">
     <span class='ocr_line' id='line_1_66' title="bbox 345 4629 1918 4706; baseline 0.003 -25"><span class='ocrx_word' id='word_1_450' title='bbox 345 4629 592 4698; x_wconf 74' lang='grc' dir='ltr'>κρείσσω</span> <span class='ocrx_word' id='word_1_451' title='bbox 610 4630 677 4682; x_wconf 78' lang='grc' dir='ltr'>τὰ</span> <span class='ocrx_word' id='word_1_452' title='bbox 714 4629 832 4682; x_wconf 79' lang='grc' dir='ltr'>κατ’</span> <span class='ocrx_word' id='word_1_453' title='bbox 861 4629 1041 4681; x_wconf 75' lang='grc' dir='ltr'>αὐτῶν</span> <span class='ocrx_word' id='word_1_454' title='bbox 1072 4630 1339 4699; x_wconf 75' lang='grc' dir='ltr'>γενόμειά</span> <span class='ocrx_word' id='word_1_455' title='bbox 1372 4631 1539 4702; x_wconf 88' lang='grc' dir='ltr'>πάθη.</span> <span class='ocrx_word' id='word_1_456' title='bbox 1587 4631 1750 4696; x_wconf 80' lang='grc' dir='ltr'>Τέλος</span> <span class='ocrx_word' id='word_1_457' title='bbox 1804 4635 1918 4706; x_wconf 90' lang='grc' dir='ltr'>διη-</span> 
     </span>
    </p>
   </div>
   <div class='ocr_carea' id='block_1_67' title="bbox 348 4718 1915 4791">
    <p class='ocr_par' dir='ltr' id='par_1_67' title="bbox 348 4718 1915 4791">
     <span class='ocr_line' id='line_1_67' title="bbox 348 4718 1915 4791; baseline 0.003 -18"><span class='ocrx_word' id='word_1_458' title='bbox 348 4721 596 4789; x_wconf 82' lang='grc' dir='ltr'>μάρτανε</span> <span class='ocrx_word' id='word_1_459' title='bbox 624 4718 717 4770; x_wconf 83' lang='grc' dir='ltr'>τοῦ</span> <span class='ocrx_word' id='word_1_460' title='bbox 749 4719 977 4781; x_wconf 80' lang='grc' dir='ltr'>σκοποῦ,</span> <span class='ocrx_word' id='word_1_461' title='bbox 1010 4720 1138 4781; x_wconf 80' lang='grc' dir='ltr'>τοὺς</span> <span class='ocrx_word' id='word_1_462' title='bbox 1161 4720 1393 4788; x_wconf 83' lang='grc' dir='ltr'>αὐχένας</span> <span class='ocrx_word' id='word_1_463' title='bbox 1438 4722 1671 4791; x_wconf 80' lang='grc' dir='ltr'>ἑτοίμως</span> <span class='ocrx_word' id='word_1_464' title='bbox 1696 4727 1915 4778; x_wconf 84' lang='grc' dir='ltr'>πάντων</span> 
     </span>
    </p>
   </div>
   <div class='ocr_carea' id='block_1_68' title="bbox 344 4809 1911 4880">
    <p class='ocr_par' dir='ltr' id='par_1_68' title="bbox 344 4809 1911 4880">
     <span class='ocr_line' id='line_1_68' title="bbox 344 4809 1911 4880; baseline 0.004 -18"><span class='ocrx_word' id='word_1_465' title='bbox 344 4809 753 4862; x_wconf 81' lang='grc' dir='ltr'>ὐποκλινόντων</span> <span class='ocrx_word' id='word_1_466' title='bbox 782 4812 893 4870; x_wconf 76' lang='grc' dir='ltr'>τοῖς</span> <span class='ocrx_word' id='word_1_467' title='bbox 946 4809 1168 4877; x_wconf 81' lang='grc' dir='ltr'>ξίφεσι·</span> <span class='ocrx_word' id='word_1_468' title='bbox 1199 4811 1294 4863; x_wconf 83' lang='grc' dir='ltr'>καὶ</span> <span class='ocrx_word' id='word_1_469' title='bbox 1331 4811 1386 4863; x_wconf 76' lang='grc' dir='ltr'>εἴ</span> <span class='ocrx_word' id='word_1_470' title='bbox 1430 4827 1494 4879; x_wconf 84' lang='grc' dir='ltr'><strong>γε</strong></span> <span class='ocrx_word' id='word_1_471' title='bbox 1540 4813 1650 4867; x_wconf 81' lang='grc' dir='ltr'>δέοι</span> <span class='ocrx_word' id='word_1_472' title='bbox 1711 4815 1911 4880; x_wconf 77' lang='grc' dir='ltr'>θανεῖν,</span> 
     </span>
    </p>
   </div>
   <div class='ocr_carea' id='block_1_69' title="bbox 349 4901 1912 4978">
    <p class='ocr_par' dir='ltr' id='par_1_69' title="bbox 349 4901 1912 4978">
     <span class='ocr_line' id='line_1_69' title="bbox 349 4901 1912 4978; baseline 0.005 -26"><span class='ocrx_word' id='word_1_473' title='bbox 349 4902 557 4971; x_wconf 77' lang='grc' dir='ltr'>μᾶλλον</span> <span class='ocrx_word' id='word_1_474' title='bbox 583 4901 877 4969; x_wconf 83' lang='grc' dir='ltr'>προθύμως</span> <span class='ocrx_word' id='word_1_475' title='bbox 905 4902 1141 4960; x_wconf 78' lang='grc' dir='ltr'>ἑλέσθαι.</span> <span class='ocrx_word' id='word_1_476' title='bbox 1169 4903 1203 4972; x_wconf 75' lang='grc' dir='ltr'>ἦ</span> <span class='ocrx_word' id='word_1_477' title='bbox 1229 4919 1284 4956; x_wconf 92' lang='grc' dir='ltr'><strong>τι</strong></span> <span class='ocrx_word' id='word_1_478' title='bbox 1334 4903 1442 4956; x_wconf 90' lang='grc' dir='ltr'><strong>τῶν</strong></span> <span class='ocrx_word' id='word_1_479' title='bbox 1467 4905 1524 4957; x_wconf 74' lang='grc' dir='ltr'><strong>ιν</strong></span> <span class='ocrx_word' id='word_1_480' title='bbox 1574 4905 1781 4978; x_wconf 64' lang='lat' dir='ltr'><strong>Notata</strong></span> <span class='ocrx_word' id='word_1_481' title='bbox 1830 4908 1912 4960; x_wconf 87' lang='grc' dir='ltr'>δο-</span> 
     </span>
    </p>
   </div>
   <div class='ocr_carea' id='block_1_70' title="bbox 346 4992 1914 5067">
    <p class='ocr_par' dir='ltr' id='par_1_70' title="bbox 346 4992 1914 5067">
     <span class='ocr_line' id='line_1_70' title="bbox 346 4992 1914 5067; baseline 0.006 -23"><span class='ocrx_word' id='word_1_482' title='bbox 346 4993 557 5055; x_wconf 82' lang='grc' dir='ltr'>ξάντων</span> <span class='ocrx_word' id='word_1_483' title='bbox 607 4997 988 5061; x_wconf 77' lang='grc' dir='ltr'>μετακινῆσαι.</span> <span class='ocrx_word' id='word_1_484' title='bbox 1022 4995 1131 5046; x_wconf 78' lang='grc' dir='ltr'><strong>Καὶ</strong></span> <span class='ocrx_word' id='word_1_485' title='bbox 1159 4994 1222 5063; x_wconf 79' lang='grc' dir='ltr'>δὴ</span> <span class='ocrx_word' id='word_1_486' title='bbox 1254 4992 1495 5066; x_wconf 82' lang='grc' dir='ltr'>λέγεται,</span> <span class='ocrx_word' id='word_1_487' title='bbox 1530 4999 1914 5067; x_wconf 81' lang='grc' dir='ltr'>προσδοκίμων</span> 
     </span>
    </p>
   </div>
   <div class='ocr_carea' id='block_1_71' title="bbox 345 5082 1911 5157">
    <p class='ocr_par' dir='ltr' id='par_1_71' title="bbox 345 5082 1911 5157">
     <span class='ocr_line' id='line_1_71' title="bbox 345 5082 1911 5157; baseline 0.006 -26"><span class='ocrx_word' id='word_1_488' title='bbox 345 5083 535 5143; x_wconf 78' lang='grc' dir='ltr'>αὐτοῖς</span> <span class='ocrx_word' id='word_1_489' title='bbox 571 5082 851 5134; x_wconf 73' lang='grc' dir='ltr'>ἐπιθέσθαι</span> <span class='ocrx_word' id='word_1_490' title='bbox 881 5084 993 5134; x_wconf 88' lang='grc' dir='ltr'><strong>τῶν</strong></span> <span class='ocrx_word' id='word_1_491' title='bbox 1058 5085 1430 5153; x_wconf 81' lang='grc' dir='ltr'>στρατιωτῶν,</span> <span class='ocrx_word' id='word_1_492' title='bbox 1466 5089 1587 5139; x_wconf 72' lang='grc' dir='ltr'>τινὰ</span> <span class='ocrx_word' id='word_1_493' title='bbox 1631 5089 1765 5157; x_wconf 76' lang='grc' dir='ltr'>πρὸς</span> <span class='ocrx_word' id='word_1_494' title='bbox 1809 5090 1911 5143; x_wconf 79' lang='grc' dir='ltr'><strong>αὖ-</strong></span> 
     </span>
    </p>
   </div>
   <div class='ocr_carea' id='block_1_72' title="bbox 345 5172 1913 5249">
    <p class='ocr_par' dir='ltr' id='par_1_72' title="bbox 345 5172 1913 5249">
     <span class='ocr_line' id='line_1_72' title="bbox 345 5172 1913 5249; baseline 0.006 -25"><span class='ocrx_word' id='word_1_495' title='bbox 345 5173 476 5231; x_wconf 70' lang='grc' dir='ltr'>τοὺς</span> <span class='ocrx_word' id='word_1_496' title='bbox 502 5172 779 5236; x_wconf 78' lang='grc' dir='ltr'>γενέσθαι,</span> <span class='ocrx_word' id='word_1_497' title='bbox 817 5174 883 5225; x_wconf 71' lang='grc' dir='ltr'><strong>τά</strong></span> <span class='ocrx_word' id='word_1_498' title='bbox 928 5172 1038 5225; x_wconf 86' lang='grc' dir='ltr'><strong>τῶν</strong></span> <span class='ocrx_word' id='word_1_499' title='bbox 1088 5175 1263 5226; x_wconf 86' lang='grc' dir='ltr'>ποδῶν</span> <span class='ocrx_word' id='word_1_500' title='bbox 1310 5175 1492 5246; x_wconf 81' lang='grc' dir='ltr'>ἄρθρα</span> <span class='ocrx_word' id='word_1_501' title='bbox 1536 5178 1913 5249; x_wconf 79' lang='grc' dir='ltr'>διασεσεισμέ-</span> 
     </span>
    </p>
   </div>
   <div class='ocr_carea' id='block_1_73' title="bbox 345 5262 1911 5338">
    <p class='ocr_par' dir='ltr' id='par_1_73' title="bbox 345 5262 1911 5338">
     <span class='ocr_line' id='line_1_73' title="bbox 345 5262 1911 5338; baseline 0.008 -28"><span class='ocrx_word' id='word_1_502' title='bbox 345 5280 439 5311; x_wconf 73' lang='grc' dir='ltr'><strong>νον</strong></span> <span class='ocrx_word' id='word_1_503' title='bbox 468 5277 485 5292; x_wconf 64' lang='grc' dir='ltr'>δ</span> <span class='ocrx_word' id='word_1_504' title='bbox 524 5263 650 5313; x_wconf 84' lang='grc' dir='ltr'>ποσὶ</span> <span class='ocrx_word' id='word_1_505' title='bbox 678 5263 735 5313; x_wconf 75' lang='grc' dir='ltr'>δὲ</span> <span class='ocrx_word' id='word_1_506' title='bbox 766 5262 839 5330; x_wconf 75' lang='grc' dir='ltr'>μὴ</span> <span class='ocrx_word' id='word_1_507' title='bbox 868 5263 1166 5328; x_wconf 73' lang='grc' dir='ltr'>δυνάμενον</span> <span class='ocrx_word' id='word_1_508' title='bbox 1186 5265 1408 5328; x_wconf 82' lang='grc' dir='ltr'>οίκείοις</span> <span class='ocrx_word' id='word_1_509' title='bbox 1438 5269 1911 5338; x_wconf 72' lang='grc' dir='ltr'>ἐπιστηρίζεσθαι,</span> 
     </span>
    </p>
   </div>
   <div class='ocr_carea' id='block_1_74' title="bbox 346 5351 1913 5428">
    <p class='ocr_par' dir='ltr' id='par_1_74' title="bbox 346 5351 1913 5428">
     <span class='ocr_line' id='line_1_74' title="bbox 346 5351 1913 5428; baseline 0.007 -26"><span class='ocrx_word' id='word_1_510' title='bbox 346 5351 564 5420; x_wconf 56' lang='grc' dir='ltr'>ῥάϐδοις</span> <span class='ocrx_word' id='word_1_511' title='bbox 597 5352 695 5419; x_wconf 74' lang='grc' dir='ltr'>τὴν</span> <span class='ocrx_word' id='word_1_512' title='bbox 730 5355 838 5404; x_wconf 79' lang='grc' dir='ltr'><strong>τῶν</strong></span> <span class='ocrx_word' id='word_1_513' title='bbox 891 5353 1065 5405; x_wconf 70' lang='grc' dir='ltr'>ποδῶν</span> <span class='ocrx_word' id='word_1_514' title='bbox 1129 5353 1321 5423; x_wconf 85' lang='grc' dir='ltr'>χρείαν</span> <span class='ocrx_word' id='word_1_515' title='bbox 1372 5356 1744 5428; x_wconf 72' lang='grc' dir='ltr'>ἀποπληροῦν.</span> <span class='ocrx_word' id='word_1_516' title='bbox 1806 5361 1913 5413; x_wconf 80' lang='grc' dir='ltr'><strong>Καὶ</strong></span> 
     </span>
    </p>
   </div>
   <div class='ocr_carea' id='block_1_75' title="bbox 419 5523 1182 5592">
    <p class='ocr_par' dir='ltr' id='par_1_75' title="bbox 419 5523 1182 5592">
     <span class='ocr_line' id='line_1_75' title="bbox 419 5523 1182 5592; baseline 0.007 -18"><span class='ocrx_word' id='word_1_517' title='bbox 419 5524 496 5588; x_wconf 81' lang='grc' dir='ltr'><strong>(ι)</strong></span> <span class='ocrx_word' id='word_1_518' title='bbox 533 5523 746 5575; x_wconf 85' lang='lat' dir='ltr'><strong>Soznm.</strong></span> <span class='ocrx_word' id='word_1_519' title='bbox 779 5525 907 5578; x_wconf 86' lang='lat' dir='ltr'><strong>eod.</strong></span> <span class='ocrx_word' id='word_1_520' title='bbox 941 5539 1062 5592; x_wconf 83' lang='lat' dir='ltr'><strong>cap.</strong></span> <span class='ocrx_word' id='word_1_521' title='bbox 1091 5525 1182 5580; x_wconf 71' lang='lat'><strong>20.</strong></span> 
     </span>
    </p>
   </div>
   <div class='ocr_carea' id='block_1_76' title="bbox 418 5593 1909 5663">
    <p class='ocr_par' dir='ltr' id='par_1_76' title="bbox 418 5593 1909 5663">
     <span class='ocr_line' id='line_1_76' title="bbox 418 5593 1909 5663; baseline 0.009 -21"><span class='ocrx_word' id='word_1_522' title='bbox 418 5598 495 5659; x_wconf 69' lang='grc' dir='ltr'><strong>(ι)</strong></span> <span class='ocrx_word' id='word_1_523' title='bbox 528 5593 719 5647; x_wconf 77' lang='lat' dir='ltr'><strong>Valens</strong></span> <span class='ocrx_word' id='word_1_524' title='bbox 766 5594 1099 5661; x_wconf 77' lang='lat' dir='ltr'><strong>impietatem</strong></span> <span class='ocrx_word' id='word_1_525' title='bbox 1159 5611 1322 5663; x_wconf 88' lang='lat' dir='ltr'><strong>quam</strong></span> <span class='ocrx_word' id='word_1_526' title='bbox 1374 5596 1577 5650; x_wconf 88' lang='lat' dir='ltr'><strong>dudum</strong></span> <span class='ocrx_word' id='word_1_527' title='bbox 1637 5601 1909 5657; x_wconf 86' lang='lat' dir='ltr'><strong>meditans</strong></span> 
     </span>
    </p>
   </div>
   <div class='ocr_carea' id='block_1_77' title="bbox 347 5661 1904 5729">
    <p class='ocr_par' dir='ltr' id='par_1_77' title="bbox 347 5661 1904 5729">
     <span class='ocr_line' id='line_1_77' title="bbox 347 5661 1904 5729; baseline 0.008 -16"><span class='ocrx_word' id='word_1_528' title='bbox 347 5661 547 5723; x_wconf 82' lang='lat' dir='ltr'><strong>fuerat,</strong></span> <span class='ocrx_word' id='word_1_529' title='bbox 585 5664 845 5728; x_wconf 70' lang='lat' dir='ltr'><strong>operibus</strong></span> <span class='ocrx_word' id='word_1_530' title='bbox 871 5664 1116 5729; x_wconf 79' lang='lat' dir='ltr'><strong>explens,</strong></span> <span class='ocrx_word' id='word_1_531' title='bbox 1157 5661 1331 5729; x_wconf 74' lang='lat' dir='ltr'><strong>legem</strong></span> <span class='ocrx_word' id='word_1_532' title='bbox 1367 5668 1515 5729; x_wconf 84' lang='lat' dir='ltr'><strong>tulit,</strong></span> <span class='ocrx_word' id='word_1_533' title='bbox 1561 5680 1617 5722; x_wconf 90' lang='lat' dir='ltr'><strong>ut</strong></span> <span class='ocrx_word' id='word_1_534' title='bbox 1654 5676 1904 5725; x_wconf 77' lang='lat' dir='ltr'><strong>monachi</strong></span> 
     </span>
    </p>
   </div>
   <div class='ocr_carea' id='block_1_78' title="bbox 2034 1823 3589 1900">
    <p class='ocr_par' dir='ltr' id='par_1_78' title="bbox 2034 1823 3589 1900">
     <span class='ocr_line' id='line_1_78' title="bbox 2034 1823 3589 1900; baseline 0.003 -21"><span class='ocrx_word' id='word_1_535' title='bbox 2034 1825 2233 1888; x_wconf 82' lang='lat' dir='ltr'><strong>fuerat,</strong></span> <span class='ocrx_word' id='word_1_536' title='bbox 2292 1834 2349 1879; x_wconf 90' lang='lat' dir='ltr'><strong>et</strong></span> <span class='ocrx_word' id='word_1_537' title='bbox 2402 1823 2639 1896; x_wconf 62' lang='lat' dir='ltr'><strong>Egyptii</strong></span> <span class='ocrx_word' id='word_1_538' title='bbox 2682 1828 2958 1881; x_wconf 80' lang='lat' dir='ltr'><strong>exercitus</strong></span> <span class='ocrx_word' id='word_1_539' title='bbox 3004 1828 3155 1889; x_wconf 81' lang='lat' dir='ltr'><strong>dux.</strong></span> <span class='ocrx_word' id='word_1_540' title='bbox 3218 1844 3343 1883; x_wconf 93' lang='lat' dir='ltr'><strong>cum</strong></span> <span class='ocrx_word' id='word_1_541' title='bbox 3398 1845 3589 1900; x_wconf 77' lang='lat' dir='ltr'><strong>magna</strong></span> 
     </span>
    </p>
   </div>
   <div class='ocr_carea' id='block_1_79' title="bbox 2033 1918 3589 1976">
    <p class='ocr_par' dir='ltr' id='par_1_79' title="bbox 2033 1918 3589 1976">
     <span class='ocr_line' id='line_1_79' title="bbox 2033 1918 3589 1976; baseline 0.003 -5"><span class='ocrx_word' id='word_1_542' title='bbox 2033 1918 2382 1972; x_wconf 80' lang='lat' dir='ltr'><strong>multitudine</strong></span> <span class='ocrx_word' id='word_1_543' title='bbox 2409 1933 2478 1972; x_wconf 81' lang='lat' dir='ltr'><strong>ex</strong></span> <span class='ocrx_word' id='word_1_544' title='bbox 2500 1918 2705 1974; x_wconf 68' lang='lat' dir='ltr'><strong>Graecis</strong></span> <span class='ocrx_word' id='word_1_545' title='bbox 2733 1930 2787 1974; x_wconf 90' lang='lat' dir='ltr'><strong>et</strong></span> <span class='ocrx_word' id='word_1_546' title='bbox 2811 1918 3017 1974; x_wconf 83' lang='lat' dir='ltr'><strong>Judaeis</strong></span> <span class='ocrx_word' id='word_1_547' title='bbox 3045 1929 3101 1974; x_wconf 89' lang='lat' dir='ltr'><strong>et</strong></span> <span class='ocrx_word' id='word_1_548' title='bbox 3131 1920 3350 1975; x_wconf 81' lang='lat' dir='ltr'><strong>Arianis</strong></span> <span class='ocrx_word' id='word_1_549' title='bbox 3385 1922 3589 1976; x_wconf 87' lang='lat' dir='ltr'><strong>mistim</strong></span> 
     </span>
    </p>
   </div>
   <div class='ocr_carea' id='block_1_80' title="bbox 2030 2008 3591 2085">
    <p class='ocr_par' dir='ltr' id='par_1_80' title="bbox 2030 2008 3591 2085">
     <span class='ocr_line' id='line_1_80' title="bbox 2030 2008 3591 2085; baseline 0.004 -21"><span class='ocrx_word' id='word_1_550' title='bbox 2030 2008 2287 2072; x_wconf 89' lang='lat' dir='ltr'><strong>collecta,</strong></span> <span class='ocrx_word' id='word_1_551' title='bbox 2332 2008 2606 2065; x_wconf 88' lang='lat' dir='ltr'><strong>hostiliter</strong></span> <span class='ocrx_word' id='word_1_552' title='bbox 2648 2011 2863 2079; x_wconf 76' lang='lat' dir='ltr'><strong>praedas</strong></span> <span class='ocrx_word' id='word_1_553' title='bbox 2904 2011 3037 2079; x_wconf 75' lang='lat' dir='ltr'><strong>egit,</strong></span> <span class='ocrx_word' id='word_1_554' title='bbox 3092 2020 3148 2064; x_wconf 87' lang='lat' dir='ltr'><strong>et</strong></span> <span class='ocrx_word' id='word_1_555' title='bbox 3198 2011 3391 2069; x_wconf 88' lang='lat' dir='ltr'><strong>infesta</strong></span> <span class='ocrx_word' id='word_1_556' title='bbox 3439 2013 3591 2085; x_wconf 77' lang='lat' dir='ltr'><strong>signa</strong></span> 
     </span>
    </p>
   </div>
   <div class='ocr_carea' id='block_1_81' title="bbox 2030 2100 3585 2161">
    <p class='ocr_par' dir='ltr' id='par_1_81' title="bbox 2030 2100 3585 2161">
     <span class='ocr_line' id='line_1_81' title="bbox 2030 2100 3585 2161; baseline 0.004 -7"><span class='ocrx_word' id='word_1_557' title='bbox 2030 2112 2223 2154; x_wconf 85' lang='lat' dir='ltr'><strong>contra</strong></span> <span class='ocrx_word' id='word_1_558' title='bbox 2279 2102 2578 2156; x_wconf 80' lang='lat' dir='ltr'><strong>monachos</strong></span> <span class='ocrx_word' id='word_1_559' title='bbox 2642 2100 2999 2157; x_wconf 87' lang='lat' dir='ltr'><strong>solitudinem</strong></span> <span class='ocrx_word' id='word_1_560' title='bbox 3058 2103 3361 2160; x_wconf 85' lang='lat' dir='ltr'><strong>incolentes</strong></span> <span class='ocrx_word' id='word_1_561' title='bbox 3411 2105 3585 2161; x_wconf 73' lang='lat' dir='ltr'><strong>duxit.</strong></span> 
     </span>
    </p>
   </div>
   <div class='ocr_carea' id='block_1_82' title="bbox 2033 2189 3590 2264">
    <p class='ocr_par' dir='ltr' id='par_1_82' title="bbox 2033 2189 3590 2264">
     <span class='ocr_line' id='line_1_82' title="bbox 2033 2189 3590 2264; baseline 0.004 -19"><span class='ocrx_word' id='word_1_562' title='bbox 2033 2189 2194 2260; x_wconf 62' lang='lat'><strong>155</strong></span> <span class='ocrx_word' id='word_1_563' title='bbox 2226 2190 2300 2244; x_wconf 87' lang='lat' dir='ltr'><strong>Ea</strong></span> <span class='ocrx_word' id='word_1_564' title='bbox 2341 2191 2489 2244; x_wconf 89' lang='lat' dir='ltr'><strong>enim</strong></span> <span class='ocrx_word' id='word_1_565' title='bbox 2535 2207 2631 2261; x_wconf 88' lang='lat' dir='ltr'><strong>spe</strong></span> <span class='ocrx_word' id='word_1_566' title='bbox 2675 2202 2813 2257; x_wconf 80' lang='lat' dir='ltr'><strong>erat,</strong></span> <span class='ocrx_word' id='word_1_567' title='bbox 2862 2194 2910 2246; x_wconf 74' lang='lat' dir='ltr'><strong>si</strong></span> <span class='ocrx_word' id='word_1_568' title='bbox 2959 2193 3025 2248; x_wconf 89' lang='lat' dir='ltr'><strong>iis</strong></span> <span class='ocrx_word' id='word_1_569' title='bbox 3065 2195 3303 2264; x_wconf 89' lang='lat' dir='ltr'><strong>quietem</strong></span> <span class='ocrx_word' id='word_1_570' title='bbox 3354 2197 3590 2252; x_wconf 80' lang='lat' dir='ltr'><strong>maxime</strong></span> 
     </span>
    </p>
   </div>
   <div class='ocr_carea' id='block_1_83' title="bbox 2026 2282 3586 2354">
    <p class='ocr_par' dir='ltr' id='par_1_83' title="bbox 2026 2282 3586 2354">
     <span class='ocr_line' id='line_1_83' title="bbox 2026 2282 3586 2354; baseline 0.006 -20"><span class='ocrx_word' id='word_1_571' title='bbox 2026 2282 2481 2337; x_wconf 64' lang='lat' dir='ltr'><strong>consectantibus</strong></span> <span class='ocrx_word' id='word_1_572' title='bbox 2512 2282 2817 2337; x_wconf 88' lang='lat' dir='ltr'><strong>molestiam</strong></span> <span class='ocrx_word' id='word_1_573' title='bbox 2866 2284 3212 2341; x_wconf 86' lang='lat' dir='ltr'><strong>turbulenter</strong></span> <span class='ocrx_word' id='word_1_574' title='bbox 3244 2287 3491 2354; x_wconf 71' lang='lat' dir='ltr'><strong>allen-et,</strong></span> <span class='ocrx_word' id='word_1_575' title='bbox 3531 2282 3586 2344; x_wconf 88' lang='lat' dir='ltr'><strong>in</strong></span> 
     </span>
    </p>
   </div>
   <div class='ocr_carea' id='block_1_84' title="bbox 2029 2372 3588 2449">
    <p class='ocr_par' dir='ltr' id='par_1_84' title="bbox 2029 2372 3588 2449">
     <span class='ocr_line' id='line_1_84' title="bbox 2029 2372 3588 2449; baseline 0.01 -28"><span class='ocrx_word' id='word_1_576' title='bbox 2029 2380 2299 2441; x_wconf 85' lang='lat' dir='ltr'><strong>potestate</strong></span> <span class='ocrx_word' id='word_1_577' title='bbox 2343 2387 2440 2428; x_wconf 87' lang='lat' dir='ltr'><strong>eos</strong></span> <span class='ocrx_word' id='word_1_578' title='bbox 2472 2388 2570 2428; x_wconf 90' lang='lat' dir='ltr'><strong>sua</strong></span> <span class='ocrx_word' id='word_1_579' title='bbox 2606 2372 2721 2428; x_wconf 90' lang='lat' dir='ltr'><strong>fore</strong></span> <span class='ocrx_word' id='word_1_580' title='bbox 2765 2391 2779 2429; x_wconf 89' lang='lat'><strong>:</strong></span> <span class='ocrx_word' id='word_1_581' title='bbox 2817 2375 3161 2445; x_wconf 87' lang='lat' dir='ltr'><strong>proindeque</strong></span> <span class='ocrx_word' id='word_1_582' title='bbox 3188 2386 3243 2431; x_wconf 87' lang='lat' dir='ltr'><strong>et</strong></span> <span class='ocrx_word' id='word_1_583' title='bbox 3273 2393 3369 2433; x_wconf 92' lang='lat' dir='ltr'><strong>eos</strong></span> <span class='ocrx_word' id='word_1_584' title='bbox 3398 2382 3494 2449; x_wconf 91' lang='lat' dir='ltr'><strong>qui</strong></span> <span class='ocrx_word' id='word_1_585' title='bbox 3533 2384 3588 2436; x_wconf 89' lang='lat' dir='ltr'><strong>in</strong></span> 
     </span>
    </p>
   </div>
   <div class='ocr_carea' id='block_1_85' title="bbox 2031 2464 3586 2530">
    <p class='ocr_par' dir='ltr' id='par_1_85' title="bbox 2031 2464 3586 2530">
     <span class='ocr_line' id='line_1_85' title="bbox 2031 2464 3586 2530; baseline 0.008 -13"><span class='ocrx_word' id='word_1_586' title='bbox 2031 2464 2263 2519; x_wconf 85' lang='lat' dir='ltr'><strong>urbibus</strong></span> <span class='ocrx_word' id='word_1_587' title='bbox 2306 2474 2514 2529; x_wconf 88' lang='lat' dir='ltr'><strong>essent,</strong></span> <span class='ocrx_word' id='word_1_588' title='bbox 2560 2464 2922 2525; x_wconf 86' lang='lat' dir='ltr'><strong>Christianos.</strong></span> <span class='ocrx_word' id='word_1_589' title='bbox 2965 2482 2994 2521; x_wconf 91' lang='lat' dir='ltr'><strong>a</strong></span> <span class='ocrx_word' id='word_1_590' title='bbox 3044 2482 3103 2522; x_wconf 89' lang='lat' dir='ltr'><strong>se</strong></span> <span class='ocrx_word' id='word_1_591' title='bbox 3147 2468 3420 2524; x_wconf 85' lang='lat' dir='ltr'><strong>devictum</strong></span> <span class='ocrx_word' id='word_1_592' title='bbox 3474 2474 3586 2530; x_wconf 89' lang='lat' dir='ltr'><strong>iri:</strong></span> 
     </span>
    </p>
   </div>
   <div class='ocr_carea' id='block_1_86' title="bbox 2029 2552 3588 2624">
    <p class='ocr_par' dir='ltr' id='par_1_86' title="bbox 2029 2552 3588 2624">
     <span class='ocr_line' id='line_1_86' title="bbox 2029 2552 3588 2624; baseline 0.005 -15"><span class='ocrx_word' id='word_1_593' title='bbox 2029 2552 2472 2623; x_wconf 79' lang='lat' dir='ltr'><strong>quandoquidem</strong></span> <span class='ocrx_word' id='word_1_594' title='bbox 2517 2552 2671 2608; x_wconf 90' lang='lat' dir='ltr'><strong>multi</strong></span> <span class='ocrx_word' id='word_1_595' title='bbox 2714 2568 2779 2608; x_wconf 89' lang='lat' dir='ltr'><strong>ea</strong></span> <span class='ocrx_word' id='word_1_596' title='bbox 2823 2563 3143 2624; x_wconf 87' lang='lat' dir='ltr'><strong>tempestate</strong></span> <span class='ocrx_word' id='word_1_597' title='bbox 3186 2560 3482 2616; x_wconf 85' lang='lat' dir='ltr'><strong>venerandi</strong></span> <span class='ocrx_word' id='word_1_598' title='bbox 3533 2562 3588 2617; x_wconf 92' lang='lat' dir='ltr'><strong>in</strong></span> 
     </span>
    </p>
   </div>
   <div class='ocr_carea' id='block_1_87' title="bbox 2006 2639 3581 2722">
    <p class='ocr_par' dir='ltr' id='par_1_87' title="bbox 2006 2639 3581 2722">
     <span class='ocr_line' id='line_1_87' title="bbox 2006 2639 3581 2722; baseline 0.006 -23"><span class='ocrx_word' id='word_1_599' title='bbox 2006 2639 2255 2722; x_wconf 39' lang='lat' dir='ltr'><strong>.Egypto</strong></span> <span class='ocrx_word' id='word_1_600' title='bbox 2307 2655 2363 2700; x_wconf 90' lang='lat' dir='ltr'><strong>et</strong></span> <span class='ocrx_word' id='word_1_601' title='bbox 2414 2643 2694 2701; x_wconf 88' lang='lat' dir='ltr'><strong>Thebaide</strong></span> <span class='ocrx_word' id='word_1_602' title='bbox 2739 2646 2843 2704; x_wconf 86' lang='lat' dir='ltr'><strong>viri</strong></span> <span class='ocrx_word' id='word_1_603' title='bbox 2886 2648 3240 2704; x_wconf 83' lang='lat' dir='ltr'><strong>monasteriis</strong></span> <span class='ocrx_word' id='word_1_604' title='bbox 3287 2652 3581 2720; x_wconf 67' lang='lat' dir='ltr'><strong>praeibam,</strong></span> 
     </span>
    </p>
   </div>
   <div class='ocr_carea' id='block_1_88' title="bbox 2026 2737 3588 2816">
    <p class='ocr_par' dir='ltr' id='par_1_88' title="bbox 2026 2737 3588 2816">
     <span class='ocr_line' id='line_1_88' title="bbox 2026 2737 3588 2816; baseline 0.008 -25"><span class='ocrx_word' id='word_1_605' title='bbox 2026 2740 2140 2792; x_wconf 83' lang='lat' dir='ltr'><strong>Arii</strong></span> <span class='ocrx_word' id='word_1_606' title='bbox 2184 2737 2502 2807; x_wconf 89' lang='lat' dir='ltr'><strong>opinionem</strong></span> <span class='ocrx_word' id='word_1_607' title='bbox 2560 2739 2795 2794; x_wconf 82' lang='lat' dir='ltr'><strong>maxime</strong></span> <span class='ocrx_word' id='word_1_608' title='bbox 2847 2751 3185 2797; x_wconf 83' lang='lat' dir='ltr'><strong>aversantes.</strong></span> <span class='ocrx_word' id='word_1_609' title='bbox 3234 2743 3384 2808; x_wconf 83' lang='lat' dir='ltr'><strong>Quos</strong></span> <span class='ocrx_word' id='word_1_610' title='bbox 3430 2747 3588 2816; x_wconf 83' lang='lat' dir='ltr'><strong>plebs</strong></span> 
     </span>
    </p>
   </div>
   <div class='ocr_carea' id='block_1_89' title="bbox 2027 2832 3589 2913">
    <p class='ocr_par' dir='ltr' id='par_1_89' title="bbox 2027 2832 3589 2913">
     <span class='ocr_line' id='line_1_89' title="bbox 2027 2832 3589 2913; baseline 0.008 -29"><span class='ocrx_word' id='word_1_611' title='bbox 2027 2832 2143 2899; x_wconf 75' lang='lat' dir='ltr'><strong>ipsa</strong></span> <span class='ocrx_word' id='word_1_612' title='bbox 2177 2841 2386 2893; x_wconf 82' lang='lat' dir='ltr'><strong>secuta,</strong></span> <span class='ocrx_word' id='word_1_613' title='bbox 2425 2840 2484 2885; x_wconf 89' lang='lat' dir='ltr'><strong>ut</strong></span> <span class='ocrx_word' id='word_1_614' title='bbox 2513 2832 2704 2913; x_wconf 81' lang='lat' dir='ltr'><strong>eadem</strong></span> <span class='ocrx_word' id='word_1_615' title='bbox 2736 2850 2860 2889; x_wconf 91' lang='lat' dir='ltr'><strong>cum</strong></span> <span class='ocrx_word' id='word_1_616' title='bbox 2896 2835 3004 2890; x_wconf 89' lang='lat' dir='ltr'><strong>illis</strong></span> <span class='ocrx_word' id='word_1_617' title='bbox 3045 2836 3113 2891; x_wconf 91' lang='lat' dir='ltr'><strong>de</strong></span> <span class='ocrx_word' id='word_1_618' title='bbox 3149 2838 3415 2909; x_wconf 78' lang='lat' dir='ltr'><strong>religione</strong></span> <span class='ocrx_word' id='word_1_619' title='bbox 3459 2857 3589 2897; x_wconf 86' lang='lat' dir='ltr'><strong>sen-</strong></span> 
     </span>
    </p>
   </div>
   <div class='ocr_carea' id='block_1_90' title="bbox 2029 2922 3638 3003">
    <p class='ocr_par' dir='ltr' id='par_1_90' title="bbox 2029 2922 3638 3003">
     <span class='ocr_line' id='line_1_90' title="bbox 2029 2922 3638 3003; baseline 0.009 -29"><span class='ocrx_word' id='word_1_620' title='bbox 2029 2922 2176 2984; x_wconf 89' lang='lat' dir='ltr'><strong>tiret,</strong></span> <span class='ocrx_word' id='word_1_621' title='bbox 2210 2922 2431 2976; x_wconf 76' lang='lat' dir='ltr'><strong>maximi</strong></span> <span class='ocrx_word' id='word_1_622' title='bbox 2464 2922 2721 2980; x_wconf 81' lang='lat' dir='ltr'><strong>faciebat.</strong></span> <span class='ocrx_word' id='word_1_623' title='bbox 2752 2925 2943 2996; x_wconf 86' lang='lat' dir='ltr'><strong>Neque</strong></span> <span class='ocrx_word' id='word_1_624' title='bbox 2970 2927 3117 2982; x_wconf 92' lang='lat' dir='ltr'><strong>enim</strong></span> <span class='ocrx_word' id='word_1_625' title='bbox 3161 2929 3237 2984; x_wconf 89' lang='lat' dir='ltr'><strong>illi</strong></span> <span class='ocrx_word' id='word_1_626' title='bbox 3267 2931 3336 2984; x_wconf 78' lang='lat' dir='ltr'><strong>de</strong></span> <span class='ocrx_word' id='word_1_627' title='bbox 3363 2931 3589 3003; x_wconf 79' lang='lat' dir='ltr'><strong>dogma-</strong></span> <span class='ocrx_word' id='word_1_628' title='bbox 3634 2951 3638 2954; x_wconf 67' lang='grc'><strong>’</strong></span> 
     </span>
    </p>
   </div>
   <div class='ocr_carea' id='block_1_91' title="bbox 2028 3016 3586 3091">
    <p class='ocr_par' dir='ltr' id='par_1_91' title="bbox 2028 3016 3586 3091">
     <span class='ocr_line' id='line_1_91' title="bbox 2028 3016 3586 3091; baseline 0.007 -21"><span class='ocrx_word' id='word_1_629' title='bbox 2028 3016 2175 3070; x_wconf 84' lang='lat' dir='ltr'><strong>tibus</strong></span> <span class='ocrx_word' id='word_1_630' title='bbox 2202 3016 2390 3085; x_wconf 75' lang='lat' dir='ltr'><strong>nugari</strong></span> <span class='ocrx_word' id='word_1_631' title='bbox 2423 3017 2670 3078; x_wconf 85' lang='lat' dir='ltr'><strong>voluere.</strong></span> <span class='ocrx_word' id='word_1_632' title='bbox 2694 3032 2756 3072; x_wconf 89' lang='lat' dir='ltr'><strong>ac</strong></span> <span class='ocrx_word' id='word_1_633' title='bbox 2783 3033 2852 3071; x_wconf 86' lang='lat' dir='ltr'><strong>ne</strong></span> <span class='ocrx_word' id='word_1_634' title='bbox 2882 3027 3113 3087; x_wconf 87' lang='lat' dir='ltr'><strong>potuere</strong></span> <span class='ocrx_word' id='word_1_635' title='bbox 3137 3022 3378 3091; x_wconf 86' lang='lat' dir='ltr'><strong>quidem.</strong></span> <span class='ocrx_word' id='word_1_636' title='bbox 3414 3025 3586 3083; x_wconf 85' lang='lat' dir='ltr'><strong>Penes</strong></span> 
     </span>
    </p>
   </div>
   <div class='ocr_carea' id='block_1_92' title="bbox 2027 3107 3582 3184">
    <p class='ocr_par' dir='ltr' id='par_1_92' title="bbox 2027 3107 3582 3184">
     <span class='ocr_line' id='line_1_92' title="bbox 2027 3107 3582 3184; baseline 0.006 -22"><span class='ocrx_word' id='word_1_637' title='bbox 2027 3122 2123 3162; x_wconf 89' lang='lat' dir='ltr'><strong>eos</strong></span> <span class='ocrx_word' id='word_1_638' title='bbox 2150 3118 2332 3162; x_wconf 88' lang='lat' dir='ltr'><strong>autem</strong></span> <span class='ocrx_word' id='word_1_639' title='bbox 2374 3107 2659 3164; x_wconf 82' lang='lat' dir='ltr'><strong>veritatem</strong></span> <span class='ocrx_word' id='word_1_640' title='bbox 2706 3123 2826 3165; x_wconf 77' lang='lat' dir='ltr'><strong>esse</strong></span> <span class='ocrx_word' id='word_1_641' title='bbox 2878 3110 3132 3166; x_wconf 84' lang='lat' dir='ltr'><strong>arbitrati</strong></span> <span class='ocrx_word' id='word_1_642' title='bbox 3166 3126 3316 3177; x_wconf 84' lang='lat' dir='ltr'><strong>sunt,</strong></span> <span class='ocrx_word' id='word_1_643' title='bbox 3349 3130 3582 3184; x_wconf 88' lang='lat' dir='ltr'><strong>quorum</strong></span> 
     </span>
    </p>
   </div>
   <div class='ocr_carea' id='block_1_93' title="bbox 2028 3198 3581 3267">
    <p class='ocr_par' dir='ltr' id='par_1_93' title="bbox 2028 3198 3581 3267">
     <span class='ocr_line' id='line_1_93' title="bbox 2028 3198 3581 3267; baseline 0.008 -16"><span class='ocrx_word' id='word_1_644' title='bbox 2028 3213 2221 3267; x_wconf 88' lang='lat' dir='ltr'><strong>preces</strong></span> <span class='ocrx_word' id='word_1_645' title='bbox 2270 3198 2413 3255; x_wconf 89' lang='lat' dir='ltr'><strong>Dens</strong></span> <span class='ocrx_word' id='word_1_646' title='bbox 2459 3200 2763 3264; x_wconf 78' lang='lat' dir='ltr'><strong>exaudiret,</strong></span> <span class='ocrx_word' id='word_1_647' title='bbox 2801 3202 3193 3258; x_wconf 90' lang='lat' dir='ltr'><strong>miraculorum</strong></span> <span class='ocrx_word' id='word_1_648' title='bbox 3240 3206 3581 3264; x_wconf 88' lang='lat' dir='ltr'><strong>edendorum</strong></span> 
     </span>
    </p>
   </div>
   <div class='ocr_carea' id='block_1_94' title="bbox 2027 3289 3585 3363">
    <p class='ocr_par' dir='ltr' id='par_1_94' title="bbox 2027 3289 3585 3363">
     <span class='ocr_line' id='line_1_94' title="bbox 2027 3289 3585 3363; baseline 0.008 -21"><span class='ocrx_word' id='word_1_649' title='bbox 2027 3289 2342 3345; x_wconf 76' lang='lat' dir='ltr'><strong>facultatem</strong></span> <span class='ocrx_word' id='word_1_650' title='bbox 2373 3292 2456 3345; x_wconf 88' lang='lat' dir='ltr'><strong>eis</strong></span> <span class='ocrx_word' id='word_1_651' title='bbox 2486 3292 2758 3355; x_wconf 85' lang='lat' dir='ltr'><strong>tribuens,</strong></span> <span class='ocrx_word' id='word_1_652' title='bbox 2787 3301 2844 3345; x_wconf 90' lang='lat' dir='ltr'><strong>et</strong></span> <span class='ocrx_word' id='word_1_653' title='bbox 2885 3295 2977 3363; x_wconf 91' lang='lat' dir='ltr'><strong>qui</strong></span> <span class='ocrx_word' id='word_1_654' title='bbox 3015 3293 3138 3350; x_wconf 81' lang='lat' dir='ltr'><strong>fidei</strong></span> <span class='ocrx_word' id='word_1_655' title='bbox 3167 3297 3334 3352; x_wconf 81' lang='lat' dir='ltr'><strong>verba</strong></span> <span class='ocrx_word' id='word_1_656' title='bbox 3369 3300 3585 3356; x_wconf 83' lang='lat' dir='ltr'><strong>virtutis</strong></span> 
     </span>
    </p>
   </div>
   <div class='ocr_carea' id='block_1_95' title="bbox 2024 3380 3579 3451">
    <p class='ocr_par' dir='ltr' id='par_1_95' title="bbox 2024 3380 3579 3451">
     <span class='ocr_line' id='line_1_95' title="bbox 2024 3380 3579 3451; baseline 0.008 -17"><span class='ocrx_word' id='word_1_657' title='bbox 2024 3380 2435 3448; x_wconf 88' lang='lat' dir='ltr'><strong>operationibus</strong></span> <span class='ocrx_word' id='word_1_658' title='bbox 2460 3390 2719 3451; x_wconf 87' lang='lat' dir='ltr'><strong>tanquam</strong></span> <span class='ocrx_word' id='word_1_659' title='bbox 2769 3385 3098 3439; x_wconf 88' lang='lat' dir='ltr'><strong>testimoniis</strong></span> <span class='ocrx_word' id='word_1_660' title='bbox 3144 3388 3579 3447; x_wconf 81' lang='lat' dir='ltr'><strong>confirmarent:</strong></span> 
     </span>
    </p>
   </div>
   <div class='ocr_carea' id='block_1_96' title="bbox 2024 3469 3582 3542">
    <p class='ocr_par' dir='ltr' id='par_1_96' title="bbox 2024 3469 3582 3542">
     <span class='ocr_line' id='line_1_96' title="bbox 2024 3469 3582 3542; baseline 0.007 -19"><span class='ocrx_word' id='word_1_661' title='bbox 2024 3469 2214 3540; x_wconf 88' lang='lat' dir='ltr'><strong>quales</strong></span> <span class='ocrx_word' id='word_1_662' title='bbox 2243 3480 2354 3523; x_wconf 91' lang='lat' dir='ltr'><strong>tum</strong></span> <span class='ocrx_word' id='word_1_663' title='bbox 2385 3471 2776 3525; x_wconf 77' lang='lat' dir='ltr'><strong>monachorum</strong></span> <span class='ocrx_word' id='word_1_664' title='bbox 2795 3472 2964 3527; x_wconf 87' lang='lat' dir='ltr'><strong>duces</strong></span> <span class='ocrx_word' id='word_1_665' title='bbox 2992 3473 3160 3531; x_wconf 88' lang='lat' dir='ltr'><strong>fuisse</strong></span> <span class='ocrx_word' id='word_1_666' title='bbox 3184 3477 3582 3542; x_wconf 82' lang='lat' dir='ltr'><strong>novimus,Ma-</strong></span> 
     </span>
    </p>
   </div>
   <div class='ocr_carea' id='block_1_97' title="bbox 2024 3561 3581 3636">
    <p class='ocr_par' dir='ltr' id='par_1_97' title="bbox 2024 3561 3581 3636">
     <span class='ocr_line' id='line_1_97' title="bbox 2024 3561 3581 3636; baseline -0.001 -22"><span class='ocrx_word' id='word_1_667' title='bbox 2024 3562 2203 3615; x_wconf 83' lang='lat' dir='ltr'><strong>caries</strong></span> <span class='ocrx_word' id='word_1_668' title='bbox 2219 3562 2377 3621; x_wconf 86' lang='lat' dir='ltr'><strong>duos.</strong></span> <span class='ocrx_word' id='word_1_669' title='bbox 2392 3561 2820 3615; x_wconf 78' lang='lat' dir='ltr'><strong>Alexandrinum</strong></span> <span class='ocrx_word' id='word_1_670' title='bbox 2838 3573 2893 3616; x_wconf 84' lang='lat' dir='ltr'><strong>et</strong></span> <span class='ocrx_word' id='word_1_671' title='bbox 2908 3564 3207 3630; x_wconf 87' lang='lat' dir='ltr'><strong>Urbanum,</strong></span> <span class='ocrx_word' id='word_1_672' title='bbox 3226 3582 3465 3636; x_wconf 90' lang='lat' dir='ltr'><strong>quorum</strong></span> <span class='ocrx_word' id='word_1_673' title='bbox 3483 3586 3581 3625; x_wconf 90' lang='lat' dir='ltr'><strong>an.</strong></span> 
     </span>
    </p>
   </div>
   <div class='ocr_carea' id='block_1_98' title="bbox 2026 3650 3581 3720">
    <p class='ocr_par' dir='ltr' id='par_1_98' title="bbox 2026 3650 3581 3720">
     <span class='ocr_line' id='line_1_98' title="bbox 2026 3650 3581 3720; baseline 0.011 -17"><span class='ocrx_word' id='word_1_674' title='bbox 2026 3658 2108 3703; x_wconf 91' lang='lat' dir='ltr'><strong>tea</strong></span> <span class='ocrx_word' id='word_1_675' title='bbox 2135 3650 2486 3705; x_wconf 89' lang='lat' dir='ltr'><strong>meminimus</strong></span> <span class='ocrx_word' id='word_1_676' title='bbox 2508 3668 2522 3705; x_wconf 90' lang='lat'><strong>:</strong></span> <span class='ocrx_word' id='word_1_677' title='bbox 2544 3652 2672 3705; x_wconf 89' lang='lat' dir='ltr'><strong>item</strong></span> <span class='ocrx_word' id='word_1_678' title='bbox 2698 3651 2921 3717; x_wconf 83' lang='lat' dir='ltr'><strong>Patnbo,</strong></span> <span class='ocrx_word' id='word_1_679' title='bbox 2953 3667 3008 3709; x_wconf 90' lang='lat' dir='ltr'><strong>et</strong></span> <span class='ocrx_word' id='word_1_680' title='bbox 3041 3654 3381 3714; x_wconf 80' lang='lat' dir='ltr'><strong>Heraclidem</strong></span> <span class='ocrx_word' id='word_1_681' title='bbox 3407 3661 3581 3720; x_wconf 89' lang='lat' dir='ltr'><strong>illum.</strong></span> 
     </span>
    </p>
   </div>
   <div class='ocr_carea' id='block_1_99' title="bbox 2024 3740 3577 3825">
    <p class='ocr_par' dir='ltr' id='par_1_99' title="bbox 2024 3740 3577 3825">
     <span class='ocr_line' id='line_1_99' title="bbox 2024 3740 3577 3825; baseline 0.012 -32"><span class='ocrx_word' id='word_1_682' title='bbox 2024 3740 2117 3808; x_wconf 92' lang='lat' dir='ltr'><strong>qui</strong></span> <span class='ocrx_word' id='word_1_683' title='bbox 2150 3740 2357 3810; x_wconf 89' lang='lat' dir='ltr'><strong>optime</strong></span> <span class='ocrx_word' id='word_1_684' title='bbox 2382 3741 2453 3796; x_wconf 90' lang='lat' dir='ltr'><strong>ab</strong></span> <span class='ocrx_word' id='word_1_685' title='bbox 2485 3742 2721 3797; x_wconf 85' lang='lat' dir='ltr'><strong>Antonio</strong></span> <span class='ocrx_word' id='word_1_686' title='bbox 2750 3759 2946 3813; x_wconf 76' lang='lat' dir='ltr'><strong>magno</strong></span> <span class='ocrx_word' id='word_1_687' title='bbox 2977 3748 3198 3805; x_wconf 89' lang='lat' dir='ltr'><strong>virtutis</strong></span> <span class='ocrx_word' id='word_1_688' title='bbox 3221 3760 3275 3807; x_wconf 92' lang='lat' dir='ltr'><strong>et</strong></span> <span class='ocrx_word' id='word_1_689' title='bbox 3296 3751 3577 3825; x_wconf 61' lang='lat' dir='ltr'><strong>Egyptia-</strong></span> 
     </span>
    </p>
   </div>
   <div class='ocr_carea' id='block_1_100' title="bbox 2023 3834 3582 3911">
    <p class='ocr_par' dir='ltr' id='par_1_100' title="bbox 2023 3834 3582 3911">
     <span class='ocr_line' id='line_1_100' title="bbox 2023 3834 3582 3911; baseline 0.012 -26"><span class='ocrx_word' id='word_1_690' title='bbox 2023 3847 2143 3885; x_wconf 93' lang='lat' dir='ltr'><strong>rum</strong></span> <span class='ocrx_word' id='word_1_691' title='bbox 2177 3834 2635 3889; x_wconf 88' lang='lat' dir='ltr'><strong>monasteriorum</strong></span> <span class='ocrx_word' id='word_1_692' title='bbox 2668 3836 2915 3892; x_wconf 89' lang='lat' dir='ltr'><strong>antistite</strong></span> <span class='ocrx_word' id='word_1_693' title='bbox 2950 3848 3078 3896; x_wconf 89' lang='lat' dir='ltr'><strong>sunt</strong></span> <span class='ocrx_word' id='word_1_694' title='bbox 3111 3844 3340 3911; x_wconf 88' lang='lat' dir='ltr'><strong>eruditi,</strong></span> <span class='ocrx_word' id='word_1_695' title='bbox 3363 3860 3418 3901; x_wconf 91' lang='lat' dir='ltr'><strong>et</strong></span> <span class='ocrx_word' id='word_1_696' title='bbox 3442 3849 3582 3904; x_wconf 88' lang='lat' dir='ltr'><strong>alios</strong></span> 
     </span>
    </p>
   </div>
   <div class='ocr_carea' id='block_1_101' title="bbox 2020 3923 3582 4009">
    <p class='ocr_par' dir='ltr' id='par_1_101' title="bbox 2020 3923 3582 4009">
     <span class='ocr_line' id='line_1_101' title="bbox 2020 3923 3582 4009; baseline 0.01 -30"><span class='ocrx_word' id='word_1_697' title='bbox 2020 3923 2265 3994; x_wconf 81' lang='lat' dir='ltr'><strong>ejusdem</strong></span> <span class='ocrx_word' id='word_1_698' title='bbox 2312 3924 2632 3994; x_wconf 86' lang='lat' dir='ltr'><strong>discipulos.</strong></span> <span class='ocrx_word' id='word_1_699' title='bbox 2686 3927 2751 3981; x_wconf 82' lang='lat' dir='ltr'><strong>Et</strong></span> <span class='ocrx_word' id='word_1_700' title='bbox 2801 3943 2925 3982; x_wconf 91' lang='lat' dir='ltr'><strong>cum</strong></span> <span class='ocrx_word' id='word_1_701' title='bbox 2978 3928 3183 3988; x_wconf 84' lang='lat' dir='ltr'><strong>Lucius</strong></span> <span class='ocrx_word' id='word_1_702' title='bbox 3228 3950 3413 3991; x_wconf 86' lang='lat' dir='ltr'><strong>secum</strong></span> <span class='ocrx_word' id='word_1_703' title='bbox 3466 3940 3582 4009; x_wconf 88' lang='lat' dir='ltr'><strong>ipse</strong></span> 
     </span>
    </p>
   </div>
   <div class='ocr_carea' id='block_1_102' title="bbox 2020 4015 3575 4089">
    <p class='ocr_par' dir='ltr' id='par_1_102' title="bbox 2020 4015 3575 4089">
     <span class='ocr_line' id='line_1_102' title="bbox 2020 4015 3575 4089; baseline 0.01 -20"><span class='ocrx_word' id='word_1_704' title='bbox 2020 4024 2328 4084; x_wconf 73' lang='lat' dir='ltr'><strong>reputaret,</strong></span> <span class='ocrx_word' id='word_1_705' title='bbox 2350 4015 2467 4073; x_wconf 80' lang='lat' dir='ltr'><strong>fieri</strong></span> <span class='ocrx_word' id='word_1_706' title='bbox 2498 4018 2821 4088; x_wconf 85' lang='lat' dir='ltr'><strong>neutiquam</strong></span> <span class='ocrx_word' id='word_1_707' title='bbox 2848 4035 3009 4089; x_wconf 89' lang='lat' dir='ltr'><strong>posse</strong></span> <span class='ocrx_word' id='word_1_708' title='bbox 3036 4031 3096 4076; x_wconf 90' lang='lat' dir='ltr'><strong>ut</strong></span> <span class='ocrx_word' id='word_1_709' title='bbox 3127 4038 3216 4079; x_wconf 89' lang='lat' dir='ltr'><strong>res</strong></span> <span class='ocrx_word' id='word_1_710' title='bbox 3242 4026 3575 4085; x_wconf 86' lang='lat' dir='ltr'><strong>Arianorum</strong></span> 
     </span>
    </p>
   </div>
   <div class='ocr_carea' id='block_1_103' title="bbox 2021 4108 3577 4179">
    <p class='ocr_par' dir='ltr' id='par_1_103' title="bbox 2021 4108 3577 4179">
     <span class='ocr_line' id='line_1_103' title="bbox 2021 4108 3577 4179; baseline 0.01 -19"><span class='ocrx_word' id='word_1_711' title='bbox 2021 4108 2076 4160; x_wconf 92' lang='lat' dir='ltr'><strong>in</strong></span> <span class='ocrx_word' id='word_1_712' title='bbox 2116 4115 2234 4161; x_wconf 92' lang='lat' dir='ltr'><strong>tuto</strong></span> <span class='ocrx_word' id='word_1_713' title='bbox 2270 4121 2476 4171; x_wconf 82' lang='lat' dir='ltr'><strong>essent,</strong></span> <span class='ocrx_word' id='word_1_714' title='bbox 2504 4116 2562 4163; x_wconf 89' lang='lat' dir='ltr'><strong>et</strong></span> <span class='ocrx_word' id='word_1_715' title='bbox 2595 4109 2696 4179; x_wconf 86' lang='lat' dir='ltr'><strong>ipsi</strong></span> <span class='ocrx_word' id='word_1_716' title='bbox 2735 4110 3106 4169; x_wconf 87' lang='lat' dir='ltr'><strong>universalem</strong></span> <span class='ocrx_word' id='word_1_717' title='bbox 3139 4115 3244 4170; x_wconf 91' lang='lat' dir='ltr'><strong>sibi</strong></span> <span class='ocrx_word' id='word_1_718' title='bbox 3277 4117 3577 4175; x_wconf 88' lang='lat' dir='ltr'><strong>Ecclesiam</strong></span> 
     </span>
    </p>
   </div>
   <div class='ocr_carea' id='block_1_104' title="bbox 2020 4194 3576 4269">
    <p class='ocr_par' dir='ltr' id='par_1_104' title="bbox 2020 4194 3576 4269">
     <span class='ocr_line' id='line_1_104' title="bbox 2020 4194 3576 4269; baseline 0.012 -22"><span class='ocrx_word' id='word_1_719' title='bbox 2020 4194 2394 4265; x_wconf 82' lang='lat' dir='ltr'><strong>subjicerent,</strong></span> <span class='ocrx_word' id='word_1_720' title='bbox 2437 4198 2541 4252; x_wconf 90' lang='lat' dir='ltr'><strong>nisi</strong></span> <span class='ocrx_word' id='word_1_721' title='bbox 2585 4213 2681 4253; x_wconf 88' lang='lat' dir='ltr'><strong>eos</strong></span> <span class='ocrx_word' id='word_1_722' title='bbox 2713 4201 2806 4269; x_wconf 92' lang='lat' dir='ltr'><strong>qui</strong></span> <span class='ocrx_word' id='word_1_723' title='bbox 2844 4202 2992 4258; x_wconf 90' lang='lat' dir='ltr'><strong>inter</strong></span> <span class='ocrx_word' id='word_1_724' title='bbox 3032 4206 3332 4262; x_wconf 86' lang='lat' dir='ltr'><strong>monachos</strong></span> <span class='ocrx_word' id='word_1_725' title='bbox 3377 4215 3576 4265; x_wconf 84' lang='lat' dir='ltr'><strong>summi</strong></span> 
     </span>
    </p>
   </div>
   <div class='ocr_carea' id='block_1_105' title="bbox 2019 4287 3578 4371">
    <p class='ocr_par' dir='ltr' id='par_1_105' title="bbox 2019 4287 3578 4371">
     <span class='ocr_line' id='line_1_105' title="bbox 2019 4287 3578 4371; baseline 0.013 -34"><span class='ocrx_word' id='word_1_726' title='bbox 2019 4295 2225 4349; x_wconf 89' lang='lat' dir='ltr'><strong>essent,</strong></span> <span class='ocrx_word' id='word_1_727' title='bbox 2261 4287 2314 4339; x_wconf 93' lang='lat' dir='ltr'><strong>in</strong></span> <span class='ocrx_word' id='word_1_728' title='bbox 2358 4289 2688 4344; x_wconf 83' lang='lat' dir='ltr'><strong>sententiam</strong></span> <span class='ocrx_word' id='word_1_729' title='bbox 2722 4306 2876 4346; x_wconf 85' lang='lat' dir='ltr'><strong>suam</strong></span> <span class='ocrx_word' id='word_1_730' title='bbox 2922 4295 3155 4363; x_wconf 88' lang='lat' dir='ltr'><strong>pedibus</strong></span> <span class='ocrx_word' id='word_1_731' title='bbox 3185 4297 3265 4354; x_wconf 90' lang='lat' dir='ltr'><strong>ire</strong></span> <span class='ocrx_word' id='word_1_732' title='bbox 3298 4314 3578 4371; x_wconf 79' lang='lat' dir='ltr'><strong>cogerent,</strong></span> 
     </span>
    </p>
   </div>
   <div class='ocr_carea' id='block_1_106' title="bbox 1948 4384 3576 4456">
    <p class='ocr_par' dir='ltr' id='par_1_106' title="bbox 1948 4384 3576 4456">
     <span class='ocr_line' id='line_1_106' title="bbox 1948 4384 3576 4456; baseline 0.014 -29"><span class='ocrx_word' id='word_1_733' title='bbox 1948 4397 1991 4452; x_wconf 72' lang='grc' dir='ltr'>ο</span> <span class='ocrx_word' id='word_1_734' title='bbox 2024 4389 2135 4428; x_wconf 86' lang='lat' dir='ltr'><strong>tem</strong></span> <span class='ocrx_word' id='word_1_735' title='bbox 2167 4390 2286 4430; x_wconf 85' lang='lat' dir='ltr'><strong>eam</strong></span> <span class='ocrx_word' id='word_1_736' title='bbox 2322 4388 2408 4432; x_wconf 90' lang='lat' dir='ltr'><strong>est</strong></span> <span class='ocrx_word' id='word_1_737' title='bbox 2438 4394 2717 4450; x_wconf 73' lang='lat' dir='ltr'><strong>egressus.</strong></span> <span class='ocrx_word' id='word_1_738' title='bbox 2753 4384 2820 4439; x_wconf 86' lang='lat' dir='ltr'><strong>Et</strong></span> <span class='ocrx_word' id='word_1_739' title='bbox 2849 4385 2925 4456; x_wconf 88' lang='lat' dir='ltr'><strong>(l)</strong></span> <span class='ocrx_word' id='word_1_740' title='bbox 2957 4388 3088 4456; x_wconf 87' lang='lat' dir='ltr'><strong>quia</strong></span> <span class='ocrx_word' id='word_1_741' title='bbox 3123 4391 3408 4449; x_wconf 84' lang='lat' dir='ltr'><strong>suadendo</strong></span> <span class='ocrx_word' id='word_1_742' title='bbox 3438 4397 3576 4451; x_wconf 88' lang='lat' dir='ltr'><strong>nihil</strong></span> 
     </span>
    </p>
   </div>
   <div class='ocr_carea' id='block_1_107' title="bbox 2018 4465 3576 4550">
    <p class='ocr_par' dir='ltr' id='par_1_107' title="bbox 2018 4465 3576 4550">
     <span class='ocr_line' id='line_1_107' title="bbox 2018 4465 3576 4550; baseline 0.013 -29"><span class='ocrx_word' id='word_1_743' title='bbox 2018 4465 2279 4533; x_wconf 81' lang='lat' dir='ltr'><strong>eﬂlceret,</strong></span> <span class='ocrx_word' id='word_1_744' title='bbox 2314 4470 2383 4524; x_wconf 90' lang='lat' dir='ltr'><strong>ad</strong></span> <span class='ocrx_word' id='word_1_745' title='bbox 2419 4472 2526 4526; x_wconf 90' lang='lat' dir='ltr'><strong>vim</strong></span> <span class='ocrx_word' id='word_1_746' title='bbox 2568 4488 2627 4527; x_wconf 90' lang='lat' dir='ltr'><strong>se</strong></span> <span class='ocrx_word' id='word_1_747' title='bbox 2661 4478 2953 4531; x_wconf 86' lang='lat' dir='ltr'><strong>convertit.</strong></span> <span class='ocrx_word' id='word_1_748' title='bbox 2999 4479 3185 4549; x_wconf 88' lang='lat' dir='ltr'><strong>Itaque</strong></span> <span class='ocrx_word' id='word_1_749' title='bbox 3228 4486 3446 4550; x_wconf 86' lang='lat' dir='ltr'><strong>armati,</strong></span> <span class='ocrx_word' id='word_1_750' title='bbox 3476 4504 3576 4541; x_wconf 81' lang='lat' dir='ltr'><strong>nu-</strong></span> 
     </span>
    </p>
   </div>
   <div class='ocr_carea' id='block_1_108' title="bbox 2017 4555 3572 4633">
    <p class='ocr_par' dir='ltr' id='par_1_108' title="bbox 2017 4555 3572 4633">
     <span class='ocr_line' id='line_1_108' title="bbox 2017 4555 3572 4633; baseline 0.013 -25"><span class='ocrx_word' id='word_1_751' title='bbox 2017 4555 2124 4619; x_wconf 86' lang='lat' dir='ltr'><strong>dis,</strong></span> <span class='ocrx_word' id='word_1_752' title='bbox 2157 4568 2212 4611; x_wconf 90' lang='lat' dir='ltr'><strong>et</strong></span> <span class='ocrx_word' id='word_1_753' title='bbox 2252 4559 2345 4627; x_wconf 90' lang='lat' dir='ltr'><strong>qui</strong></span> <span class='ocrx_word' id='word_1_754' title='bbox 2395 4574 2465 4615; x_wconf 89' lang='lat' dir='ltr'><strong>ne</strong></span> <span class='ocrx_word' id='word_1_755' title='bbox 2512 4577 2733 4616; x_wconf 87' lang='lat' dir='ltr'><strong>manum</strong></span> <span class='ocrx_word' id='word_1_756' title='bbox 2772 4564 2995 4633; x_wconf 89' lang='lat' dir='ltr'><strong>quidem</strong></span> <span class='ocrx_word' id='word_1_757' title='bbox 3041 4567 3370 4626; x_wconf 79' lang='lat' dir='ltr'><strong>defendendi</strong></span> <span class='ocrx_word' id='word_1_758' title='bbox 3410 4590 3572 4628; x_wconf 83' lang='lat' dir='ltr'><strong>causa</strong></span> 
     </span>
    </p>
   </div>
   <div class='ocr_carea' id='block_1_109' title="bbox 2017 4647 3573 4726">
    <p class='ocr_par' dir='ltr' id='par_1_109' title="bbox 2017 4647 3573 4726">
     <span class='ocr_line' id='line_1_109' title="bbox 2017 4647 3573 4726; baseline 0.014 -29"><span class='ocrx_word' id='word_1_759' title='bbox 2017 4647 2315 4701; x_wconf 76' lang='lat' dir='ltr'><strong>extendere</strong></span> <span class='ocrx_word' id='word_1_760' title='bbox 2360 4650 2588 4715; x_wconf 89' lang='lat' dir='ltr'><strong>vellent,</strong></span> <span class='ocrx_word' id='word_1_761' title='bbox 2622 4652 2942 4722; x_wconf 78' lang='lat' dir='ltr'><strong>ingruentes</strong></span> <span class='ocrx_word' id='word_1_762' title='bbox 2978 4656 3081 4726; x_wconf 79' lang='lat'><strong>(2).</strong></span> <span class='ocrx_word' id='word_1_763' title='bbox 3116 4660 3487 4717; x_wconf 84' lang='lat' dir='ltr'><strong>miserandum</strong></span> <span class='ocrx_word' id='word_1_764' title='bbox 3519 4666 3573 4719; x_wconf 92' lang='lat' dir='ltr'><strong>in</strong></span> 
     </span>
    </p>
   </div>
   <div class='ocr_carea' id='block_1_110' title="bbox 2019 4734 3567 4806">
    <p class='ocr_par' dir='ltr' id='par_1_110' title="bbox 2019 4734 3567 4806">
     <span class='ocr_line' id='line_1_110' title="bbox 2019 4734 3567 4806; baseline 0.014 -22"><span class='ocrx_word' id='word_1_765' title='bbox 2019 4734 2238 4788; x_wconf 82' lang='lat' dir='ltr'><strong>modum</strong></span> <span class='ocrx_word' id='word_1_766' title='bbox 2270 4751 2368 4791; x_wconf 88' lang='lat' dir='ltr'><strong>eos</strong></span> <span class='ocrx_word' id='word_1_767' title='bbox 2401 4736 2733 4803; x_wconf 74' lang='lat' dir='ltr'><strong>amiserunt,</strong></span> <span class='ocrx_word' id='word_1_768' title='bbox 2765 4741 2838 4795; x_wconf 87' lang='lat' dir='ltr'><strong>ita</strong></span> <span class='ocrx_word' id='word_1_769' title='bbox 2875 4751 2933 4796; x_wconf 86' lang='lat' dir='ltr'><strong>ut</strong></span> <span class='ocrx_word' id='word_1_770' title='bbox 2969 4744 3179 4800; x_wconf 87' lang='lat' dir='ltr'><strong>cladem</strong></span> <span class='ocrx_word' id='word_1_771' title='bbox 3218 4747 3328 4803; x_wconf 82' lang='lat' dir='ltr'><strong>illis</strong></span> <span class='ocrx_word' id='word_1_772' title='bbox 3362 4751 3567 4806; x_wconf 81' lang='lat' dir='ltr'><strong>illatam</strong></span> 
     </span>
    </p>
   </div>
   <div class='ocr_carea' id='block_1_111' title="bbox 2016 4824 3576 4897">
    <p class='ocr_par' dir='ltr' id='par_1_111' title="bbox 2016 4824 3576 4897">
     <span class='ocr_line' id='line_1_111' title="bbox 2016 4824 3576 4897; baseline 0.014 -21"><span class='ocrx_word' id='word_1_773' title='bbox 2016 4824 2203 4878; x_wconf 85' lang='lat' dir='ltr'><strong>verbis</strong></span> <span class='ocrx_word' id='word_1_774' title='bbox 2239 4842 2513 4895; x_wconf 76' lang='lat' dir='ltr'><strong>exponere</strong></span> <span class='ocrx_word' id='word_1_775' title='bbox 2557 4845 2665 4883; x_wconf 90' lang='lat' dir='ltr'><strong>non</strong></span> <span class='ocrx_word' id='word_1_776' title='bbox 2707 4832 2890 4886; x_wconf 88' lang='lat' dir='ltr'><strong>liceat.</strong></span> <span class='ocrx_word' id='word_1_777' title='bbox 2931 4834 3219 4892; x_wconf 87' lang='lat' dir='ltr'><strong>Postremo</strong></span> <span class='ocrx_word' id='word_1_778' title='bbox 3252 4847 3431 4896; x_wconf 89' lang='lat' dir='ltr'><strong>tamen</strong></span> <span class='ocrx_word' id='word_1_779' title='bbox 3465 4858 3576 4897; x_wconf 76' lang='lat' dir='ltr'><strong>ete-</strong></span> 
     </span>
    </p>
   </div>
   <div class='ocr_carea' id='block_1_112' title="bbox 2016 4916 3577 4997">
    <p class='ocr_par' dir='ltr' id='par_1_112' title="bbox 2016 4916 3577 4997">
     <span class='ocr_line' id='line_1_112' title="bbox 2016 4916 3577 4997; baseline 0.013 -30"><span class='ocrx_word' id='word_1_780' title='bbox 2016 4926 2167 4984; x_wconf 91' lang='lat' dir='ltr'><strong>ptum</strong></span> <span class='ocrx_word' id='word_1_781' title='bbox 2207 4916 2511 4971; x_wconf 85' lang='lat' dir='ltr'><strong>id.frustra</strong></span> <span class='ocrx_word' id='word_1_782' title='bbox 2564 4919 2686 4985; x_wconf 77' lang='lat' dir='ltr'><strong>fuit,</strong></span> <span class='ocrx_word' id='word_1_783' title='bbox 2720 4922 2867 4991; x_wconf 92' lang='lat' dir='ltr'><strong>quod</strong></span> <span class='ocrx_word' id='word_1_784' title='bbox 2918 4940 3111 4981; x_wconf 86' lang='lat' dir='ltr'><strong>omnes</strong></span> <span class='ocrx_word' id='word_1_785' title='bbox 3164 4931 3338 4997; x_wconf 91' lang='lat' dir='ltr'><strong>parati</strong></span> <span class='ocrx_word' id='word_1_786' title='bbox 3391 4944 3577 4987; x_wconf 89' lang='lat' dir='ltr'><strong>essent</strong></span> 
     </span>
    </p>
   </div>
   <div class='ocr_carea' id='block_1_113' title="bbox 2012 5006 3577 5097">
    <p class='ocr_par' dir='ltr' id='par_1_113' title="bbox 2012 5006 3577 5097">
     <span class='ocr_line' id='line_1_113' title="bbox 2012 5006 3577 5097; baseline 0.015 -41"><span class='ocrx_word' id='word_1_787' title='bbox 2012 5006 2261 5073; x_wconf 81' lang='lat' dir='ltr'><strong>jugulum</strong></span> <span class='ocrx_word' id='word_1_788' title='bbox 2298 5006 2619 5064; x_wconf 85' lang='lat' dir='ltr'><strong>inclinatum</strong></span> <span class='ocrx_word' id='word_1_789' title='bbox 2655 5012 2850 5081; x_wconf 74' lang='lat' dir='ltr'><strong>gladiis</strong></span> <span class='ocrx_word' id='word_1_790' title='bbox 2898 5018 3142 5084; x_wconf 68' lang='lat' dir='ltr'><strong>prabere</strong></span> <span class='ocrx_word' id='word_1_791' title='bbox 3167 5058 3181 5082; x_wconf 94' lang='lat'><strong>,</strong></span> <span class='ocrx_word' id='word_1_792' title='bbox 3216 5030 3295 5097; x_wconf 70' lang='lat' dir='ltr'><strong>et,</strong></span> <span class='ocrx_word' id='word_1_793' title='bbox 3351 5024 3396 5077; x_wconf 88' lang='lat' dir='ltr'><strong>si</strong></span> <span class='ocrx_word' id='word_1_794' title='bbox 3440 5040 3577 5094; x_wconf 69' lang='lat' dir='ltr'><strong>Opus</strong></span> 
     </span>
    </p>
   </div>
   <div class='ocr_carea' id='block_1_114' title="bbox 2016 5097 3568 5181">
    <p class='ocr_par' dir='ltr' id='par_1_114' title="bbox 2016 5097 3568 5181">
     <span class='ocr_line' id='line_1_114' title="bbox 2016 5097 3568 5181; baseline 0.014 -33"><span class='ocrx_word' id='word_1_795' title='bbox 2016 5106 2186 5161; x_wconf 85' lang='lat' dir='ltr'><strong>esset,</strong></span> <span class='ocrx_word' id='word_1_796' title='bbox 2227 5097 2365 5150; x_wconf 86' lang='lat' dir='ltr'><strong>mori</strong></span> <span class='ocrx_word' id='word_1_797' title='bbox 2413 5100 2597 5168; x_wconf 90' lang='lat' dir='ltr'><strong>potius</strong></span> <span class='ocrx_word' id='word_1_798' title='bbox 2625 5104 2904 5170; x_wconf 86' lang='lat' dir='ltr'><strong>alacriter,</strong></span> <span class='ocrx_word' id='word_1_799' title='bbox 2934 5123 3097 5175; x_wconf 90' lang='lat' dir='ltr'><strong>quam</strong></span> <span class='ocrx_word' id='word_1_800' title='bbox 3144 5111 3349 5181; x_wconf 88' lang='lat' dir='ltr'><strong>aliquid</strong></span> <span class='ocrx_word' id='word_1_801' title='bbox 3380 5115 3448 5169; x_wconf 90' lang='lat' dir='ltr'><strong>de</strong></span> <span class='ocrx_word' id='word_1_802' title='bbox 3478 5116 3568 5169; x_wconf 79' lang='lat' dir='ltr'><strong>Ni-</strong></span> 
     </span>
    </p>
   </div>
   <div class='ocr_carea' id='block_1_115' title="bbox 2014 5184 3573 5268">
    <p class='ocr_par' dir='ltr' id='par_1_115' title="bbox 2014 5184 3573 5268">
     <span class='ocr_line' id='line_1_115' title="bbox 2014 5184 3573 5268; baseline 0.012 -32"><span class='ocrx_word' id='word_1_803' title='bbox 2014 5186 2182 5238; x_wconf 65' lang='lat' dir='ltr'><strong>caanis</strong></span> <span class='ocrx_word' id='word_1_804' title='bbox 2211 5184 2448 5243; x_wconf 81' lang='lat' dir='ltr'><strong>decretis</strong></span> <span class='ocrx_word' id='word_1_805' title='bbox 2479 5200 2714 5244; x_wconf 84' lang='lat' dir='ltr'><strong>mutare.</strong></span> <span class='ocrx_word' id='word_1_806' title='bbox 2751 5193 2949 5248; x_wconf 81' lang='lat' dir='ltr'><strong>Fertur</strong></span> <span class='ocrx_word' id='word_1_807' title='bbox 2980 5212 3112 5253; x_wconf 87' lang='lat' dir='ltr'><strong>vero</strong></span> <span class='ocrx_word' id='word_1_808' title='bbox 3157 5210 3213 5254; x_wconf 83' lang='lat' dir='ltr'><strong>et</strong></span> <span class='ocrx_word' id='word_1_809' title='bbox 3248 5202 3403 5268; x_wconf 90' lang='lat' dir='ltr'><strong>illud,</strong></span> <span class='ocrx_word' id='word_1_810' title='bbox 3449 5218 3573 5257; x_wconf 88' lang='lat' dir='ltr'><strong>cum</strong></span> 
     </span>
    </p>
   </div>
   <div class='ocr_carea' id='block_1_116' title="bbox 2016 5275 3575 5363">
    <p class='ocr_par' dir='ltr' id='par_1_116' title="bbox 2016 5275 3575 5363">
     <span class='ocr_line' id='line_1_116' title="bbox 2016 5275 3575 5363; baseline 0.015 -36"><span class='ocrx_word' id='word_1_811' title='bbox 2016 5275 2277 5344; x_wconf 89' lang='lat' dir='ltr'><strong>impetum</strong></span> <span class='ocrx_word' id='word_1_812' title='bbox 2298 5277 2703 5336; x_wconf 85' lang='lat' dir='ltr'><strong>imminentium</strong></span> <span class='ocrx_word' id='word_1_813' title='bbox 2725 5284 2957 5340; x_wconf 71' lang='lat' dir='ltr'><strong>militum</strong></span> <span class='ocrx_word' id='word_1_814' title='bbox 2977 5302 3370 5358; x_wconf 74' lang='lat' dir='ltr'><strong>exspectarent,</strong></span> <span class='ocrx_word' id='word_1_815' title='bbox 3389 5311 3575 5363; x_wconf 79' lang='lat' dir='ltr'><strong>quent-</strong></span> 
     </span>
    </p>
   </div>
   <div class='ocr_carea' id='block_1_117' title="bbox 2015 5367 3577 5452">
    <p class='ocr_par' dir='ltr' id='par_1_117' title="bbox 2015 5367 3577 5452">
     <span class='ocr_line' id='line_1_117' title="bbox 2015 5367 3577 5452; baseline 0.015 -33"><span class='ocrx_word' id='word_1_816' title='bbox 2015 5367 2139 5420; x_wconf 85' lang='lat' dir='ltr'><strong>dam</strong></span> <span class='ocrx_word' id='word_1_817' title='bbox 2174 5369 2318 5438; x_wconf 85' lang='lat' dir='ltr'><strong>apud</strong></span> <span class='ocrx_word' id='word_1_818' title='bbox 2357 5384 2457 5425; x_wconf 87' lang='lat' dir='ltr'><strong>eos</strong></span> <span class='ocrx_word' id='word_1_819' title='bbox 2503 5373 2695 5442; x_wconf 86' lang='lat' dir='ltr'><strong>fuisse,</strong></span> <span class='ocrx_word' id='word_1_820' title='bbox 2743 5380 3076 5446; x_wconf 73' lang='lat' dir='ltr'><strong>ett-pedibus</strong></span> <span class='ocrx_word' id='word_1_821' title='bbox 3107 5392 3328 5452; x_wconf 82' lang='lat' dir='ltr'><strong>prepter</strong></span> <span class='ocrx_word' id='word_1_822' title='bbox 3368 5389 3577 5443; x_wconf 80' lang='lat' dir='ltr'><strong>articu-</strong></span> 
     </span>
    </p>
   </div>
   <div class='ocr_carea' id='block_1_118' title="bbox 2015 5538 3572 5620">
    <p class='ocr_par' dir='ltr' id='par_1_118' title="bbox 2015 5538 3572 5620">
     <span class='ocr_line' id='line_1_118' title="bbox 2015 5538 3572 5620; baseline 0.013 -22"><span class='ocrx_word' id='word_1_823' title='bbox 2015 5545 2354 5620; x_wconf 67' lang='lat' dir='ltr'><strong>tnilitarent:</strong></span> <span class='ocrx_word' id='word_1_824' title='bbox 2394 5551 2641 5620; x_wconf 71' lang='grc' dir='ltr'>ηοιοιιιμε</span> <span class='ocrx_word' id='word_1_825' title='bbox 2666 5538 2772 5620; x_wconf 85' lang='lat' dir='ltr'><strong>per</strong></span> <span class='ocrx_word' id='word_1_826' title='bbox 2802 5553 3057 5611; x_wconf 86' lang='lat' dir='ltr'><strong>tribunos</strong></span> <span class='ocrx_word' id='word_1_827' title='bbox 3088 5567 3143 5613; x_wconf 86' lang='lat' dir='ltr'><strong>et</strong></span> <span class='ocrx_word' id='word_1_828' title='bbox 3174 5560 3376 5616; x_wconf 82' lang='lat' dir='ltr'><strong>milites</strong></span> <span class='ocrx_word' id='word_1_829' title='bbox 3411 5562 3572 5619; x_wconf 83' lang='lat' dir='ltr'><strong>fusti-</strong></span> 
     </span>
    </p>
   </div>
   <div class='ocr_carea' id='block_1_119' title="bbox 2015 5616 2907 5692">
    <p class='ocr_par' dir='ltr' id='par_1_119' title="bbox 2015 5616 2907 5692">
     <span class='ocr_line' id='line_1_119' title="bbox 2015 5616 2907 5692; baseline 0.007 -23"><span class='ocrx_word' id='word_1_830' title='bbox 2015 5616 2118 5670; x_wconf 83' lang='lat' dir='ltr'><strong>bus</strong></span> <span class='ocrx_word' id='word_1_831' title='bbox 2154 5618 2386 5670; x_wconf 78' lang='lat' dir='ltr'><strong>interfici</strong></span> <span class='ocrx_word' id='word_1_832' title='bbox 2413 5619 2598 5685; x_wconf 73' lang='lat' dir='ltr'><strong>jussit.</strong></span> <span class='ocrx_word' id='word_1_833' title='bbox 2632 5616 2907 5692; x_wconf 71' lang='lat' dir='ltr'><strong>(Eutrop)</strong></span> 
     </span>
    </p>
   </div>
  </div>
