3986 6190
348 291 452 358 655

1551 305 1969 368 NICEPIIORI
2017 309 2349 372 CALIJSTI
3473 318 3578 381 635

3513 349 3580 382 οξιυ

349 413 531 466 lorum
595 411 1010 467 convulsionem
1060 408 1200 468 adeo
1254 413 1620 485 laborantem,
1690 433 1749 476 ut
1806 421 1913 477 illis

2028 425 2081 494 δὴ
2107 425 2297 478 τοῦτον
2329 426 2491 495 ἐλαίῳ
2532 423 2838 494 χρίσαντες,
2891 422 3322 497 παρεκελεύοντο
3369 434 3460 486 ἐπὶ
3509 439 3590 505 τῷ

346 503 609 558 insistere
647 518 752 556 non
803 511 1013 575 posset,
1050 504 1145 559 sed
1199 502 1543 575 scipionibus
1582 509 1916 579 quibusdam

351 596 575 652 illorum
627 597 801 651 vicem
846 605 907 652 et
952 610 1115 650 usum
1161 596 1429 667 expleret.
1471 599 1628 658 Hunc
1672 603 1752 657 illi
1797 604 1918 660 oleo

353 697 580 742 unctum
606 688 659 740 in
693 687 913 741 nomine
939 685 1169 752 Christi,
1194 703 1359 757 quem
1387 689 1589 745 Lucius
1612 707 1917 763 perseque-

354 788 546 840 retur,
591 791 819 845 surgere
868 785 922 830 et
966 775 1189 832 domum
1242 777 1324 832 ire
1357 779 1656 850 jusserunt.
1708 784 1777 836 At
1828 782 1920 837 ille

353 873 637 933 exsiliens,
680 869 864 923 statim
895 869 1003 924 iter
1032 869 1280 939 perfecit,
1307 870 1498 925 eadem
1531 888 1758 942 prorsus
1791 889 1917 929 cum

354 960 642 1018 monachis
696 960 816 1015 istis
870 960 1101 1015 colenda
1153 976 1277 1016 esse
1334 962 1674 1032 praedicans,
1719 965 1921 1034 quibus

353 1055 531 1119 Deus,
585 1051 814 1106 Lucium
869 1051 946 1122 (l)
995 1052 1424 1118 accusantibus,
1476 1058 1707 1125 gratiam
1764 1071 1921 1111 suam

352 1144 708 1207 concederet,
740 1153 794 1197 et
822 1157 1011 1198 aurem
1046 1154 1151 1196 tam
1180 1142 1415 1214 benigne
1447 1144 1738 1213 praeberet,
1775 1158 1834 1202 ut
1867 1144 1924 1204 δε

355 1247 463 1289 tam
511 1232 776 1287 diuturno
827 1230 1022 1286 morbo
1069 1231 1377 1286 liberarint.
1417 1231 1572 1302 155
1609 1231 1810 1288 Verum
1856 1250 1924 1291 ne

354 1327 423 1381 iis
447 1325 670 1396 quidem
716 1326 850 1394 ipsis
897 1323 1064 1378 rebus
1108 1324 1190 1378 eis
1240 1323 1457 1378 consilii
1509 1329 1788 1395 emptique
1838 1326 1923 1381 sui

353 1416 683 1487 paenitentia
738 1415 985 1470 incessit.
1035 1414 1210 1470 Noctu
1267 1417 1416 1469 enim
1475 1415 1575 1471 hos
1629 1431 1927 1488 oppressos

350 1516 520 1577 atque
548 1507 987 1576 comprehensos
1019 1508 1076 1560 in
1107 1507 1344 1561 insulam
1377 1512 1670 1577 quamdam
1693 1510 1923 1564 circum-

267 1657 269 1659 ,
348 1599 501 1655 circa
547 1598 669 1653 lacu
720 1597 931 1667 ingenti
983 1596 1384 1651 circumdatam
1436 1598 1730 1662 miserunt,
1762 1615 1926 1669 quam

2017 518 2257 590 Χριστοῦ
2303 518 2549 588 ὀνόματι,
2607 517 2665 571 ὃν
2723 518 2950 583 Λούκιος
2993 520 3203 589 διώκει,
3241 524 3589 585 ἀνίστασθαι,

2018 608 2113 661 καὶ
2141 608 2322 663 οῖκαδε
2351 609 2583 675 ἐπιέναι.
2627 609 2687 662 Ὀ
2721 608 2766 662 δ’
2796 608 2963 673 εὐθὺς
2996 611 3313 681 ἀλλόμενος,
3346 615 3443 685 τὴν
3470 617 3592 669 ὁδὸν

2018 700 2200 769 ἤνυεν,
2237 699 2404 771 ἄρδην
2435 702 2719 771 κηρύττων
2748 699 2821 764 ὡς
2878 702 2945 755 τά
2998 703 3088 756 ἴσα
3146 703 3359 769 τούτοις
3411 709 3591 777 χρεὼν

2021 790 2218 854 σέϐειν,
2250 786 2334 850 οἷς
2390 794 2485 845 καὶ
2512 793 2645 855 Θεὸς
2700 796 2799 863 τὴν
2856 794 3020 863 χάριν
3073 796 3485 864 ἐπιψηφίζεται,
3520 802 3586 869 τῇ

2020 884 2323 955 κατηγορίᾳ
2350 884 2583 938 Λουκίου
2625 901 2638 916 ⁸
2666 878 2750 948 οἷς
2777 887 2869 938 καὶ
2900 886 2994 945 οῦς
3036 888 3307 957 παρέσχεν
3338 890 3586 959 εὑήκοον,

2020 977 2110 1028 τὸν
2150 977 2425 1045 κάμνοντα
2451 976 2544 1029 τοῦ
2580 975 2811 1031 παλαιοῦ
2870 978 3185 1045 ἀπαλλάξας
3226 981 3453 1043 πάθους.
3510 981 3591 1034 Οὐ

2026 1069 2132 1138 μὴν
2159 1070 2251 1122 καὶ
2274 1068 2475 1123 τούτων
2498 1070 2828 1137 γενομένων,
2868 1070 3170 1139 μετάμελος
3211 1072 3438 1134 ἐκείνοις
3471 1074 3587 1126 elc-

2021 1158 2107 1230 ῄει
2149 1158 2559 1214 ἐπιϐουλεύουσι
2583 1177 2599 1193 ’
2632 1160 2847 1231 νύκτωρ
2911 1165 3006 1217 καὶ
3041 1163 3149 1234 γὰρ
3172 1166 3443 1231 ἐπιόντες,
3496 1167 3594 1218 καὶ

2024 1250 2242 1311 τούτους
2265 1252 2739 1321 ἀναρπασάμενοι,
2766 1255 2856 1306 ἐπί
2886 1271 3005 1306 τινα
3056 1258 3219 1322 νῆσον
3274 1257 3587 1326 ἀπήγαγον,

2023 1344 2210 1411 κύκλῳ
2275 1344 2475 1413 λίμνην
2541 1345 3011 1416 περιϐεϐλημένην
3093 1347 3294 1417 πολλὴν
3332 1388 3346 1409 ,
3396 1348 3464 1419 ἢν
3532 1349 3594 1412 ἐξ

2025 1436 2256 1506 ἀρχαίου
2279 1436 2468 1507 ἀνδρες
2492 1434 2670 1506 ῷκουν
2705 1437 3098 1509 δεισιδαιμονίᾳ
3132 1438 3273 1506 μάλα
3301 1439 3593 1503 συζῶντες,

2027 1526 2120 1578 καὶ
2147 1524 2241 1579 τοῦ
2268 1526 2387 1579 καθ’
2408 1527 2554 1595 ἡμᾶς
2582 1525 2849 1596 δόγματος
2871 1527 3105 1597 πάμπαν
3137 1529 3378 1597 ἀνήκοοι.
3404 1523 3517 1579 Ἦν
3546 1525 3598 1579 δ’

2027 1618 2213 1680 αὐτοῖς
2264 1619 2443 1670 ἐκεῖσε
2507 1616 2601 1670 καὶ
2652 1617 2982 1671 παλαίτατον
3010 1617 3252 1687 ,τέμενος
3298 1617 3599 1687 ἀλάστορος

352 1690 660 1761 antiquitus
697 1688 952 1743 homines
983 1689 1397 1758 superstitionis
1427 1689 1802 1756 dmmoniacw,
1830 1690 1924 1761 qui

2028 1706 2300 1778 δαίμονος,
2334 1703 2395 1763 οὗ
2424 1708 2556 1762 πολὺ
2584 1707 2646 1761 τὺ
2681 1709 2844 1771 σέϐας
2892 1708 3025 1779 παρ’
3076 1711 3260 1772 αὐτοῖς
3307 1710 3596 1781 ἐντετηκὸς

350 1783 663 1838 doctrinam
698 1789 942 1834 nostram
974 1794 1201 1848 prorsus
1229 1794 1336 1833 non
1370 1780 1679 1847 audissent,
1713 1781 1925 1839 incole-

2028 1768 2368 1868 μάλιστα-ἦν.
2411 1799 2562 1852 Ἐπεὶ
2584 1800 2639 1853 δὲ
2662 1800 2762 1867 τῆς
2805 1768 2985 1864 νήσου.
3030 1768 3330 1863 ἐπέϐαινον,
3378 1768 3597 1871 δαίμονί

354 1873 507 1928 bant.
553 1872 685 1925 Erat
708 1882 891 1926 autem
924 1871 1108 1925 adhuc
1143 1872 1217 1926 ibi
1257 1873 1558 1941 perniciosi
1590 1883 1645 1928 et
1674 1874 1922 1943 pestiferi

354 1963 625 2018 daemonis
675 1960 1122 2030 antiquissimum
1176 1961 1466 2017 delubrum
1496 2003 1513 2029 ,
1562 1964 1722 2036 cujus
1773 1965 1923 2021 cultu

355 2055 655 2111 etiamnum
704 2053 945 2109 maxime
995 2054 1344 2108 tenebantur.
1395 2055 1690 2125 Postquam
1738 2064 1923 2112 autem

357 2145 595 2202 insulam
622 2143 946 2215 attigerunt,
976 2144 1280 2199 sacerdotis
1309 2145 1439 2208 lilia,
1470 2161 1500 2200 a
1531 2145 1778 2203 daemone
1808 2147 1925 2219 agi-

357 2246 490 2304 tata,
541 2235 612 2290 ad
663 2249 760 2291 eos
805 2235 978 2290 venit.
1030 2234 1162 2301 Quae
1214 2236 1310 2291 ubi
1362 2251 1530 2292 cursu
1578 2247 1635 2291 et
1683 2238 1926 2295 clamore

356 2323 633 2381 indecenti
658 2323 726 2379 ad
760 2338 857 2380 eos
888 2324 1274 2390 contenderet,
1298 2325 1490 2380 insulas
1525 2326 1741 2391 incolae,
1773 2328 1928 2382 novi-

358 2427 471 2473 tate
497 2417 618 2485 ejus
636 2416 715 2470 rei
738 2416 1104 2479 consternati,
1126 2431 1246 2471 eam
1272 2425 1404 2471 sunt
1430 2418 1629 2473 secuti.
1661 2416 1768 2473 Ubi
1791 2433 1927 2474 vero

357 2509 426 2564 ad
458 2522 675 2574 navem,
708 2521 817 2579 qua
860 2507 1032 2562 divini
1081 2507 1161 2563 illi
1196 2522 1357 2564 senes
1403 2509 1472 2563 ad
1506 2508 1663 2564 littus
1703 2510 1930 2580 appule-

356 2610 506 2664 rant,
543 2599 801 2665 accessit,
851 2598 1183 2654 daemonium
1228 2600 1375 2654 illam
1423 2601 1739 2656 convellens
1774 2600 1926 2655 humi

357 2692 617 2764 proiecit,
653 2700 711 2746 et
750 2705 950 2761 magno
980 2706 1080 2761 per
1111 2690 1258 2745 illam
1304 2691 1550 2746 clamore
1590 2691 1740 2747 edito
1769 2693 1929 2746 obse-

360 2781 572 2848 cravit,
620 2800 640 2833 ι
687 2776 998 2848 Quidnam,
1053 2781 1340 2850 inquiens,
1397 2781 1466 2835 ad
1520 2797 1620 2837 nos
1674 2783 1928 2850 venistis,

364 2874 548 2945 magni
591 2874 689 2929 Dei
721 2873 958 2938 ministri
980 2864 1021 2929 ἴ
1045 2873 1286 2927 insulam
1322 2889 1561 2943 namque
1596 2873 1759 2929 istam
1789 2876 1929 2945 jam-

361 2965 568 3020 dudum
613 2979 715 3020 nos
759 2965 968 3035 absque
1005 2963 1258 3018 molestia
1305 2973 1363 3019 et
1399 2965 1554 3019 turba
1591 2965 1741 3019 omni
1781 2976 1931 3019 tene-

364 3070 508 3118 mus,
541 3065 595 3111 et
622 3055 883 3110 omnibus
923 3069 1094 3125 prope
1127 3054 1447 3109 hominibus
1473 3054 1666 3125 ignoti,
1698 3067 1754 3110 et
1781 3055 1931 3109 lacu-

366 3150 473 3205 bus
526 3149 646 3204 istis
714 3145 1115 3203 circumvallati
1194 3145 1286 3199 hic
1339 3146 1593 3201 latemus.
1674 3144 1830 3211 Quod
1882 3145 1927 3199 si

364 3242 628 3311 deinceps
665 3239 820 3294 vobis
853 3237 995 3293 hanc
1029 3237 1309 3307 regionem
1347 3238 1588 3292 incolere
1618 3237 1797 3291 visum
1822 3246 1926 3302 est,

367 3333 605 3389 libenter
656 3330 1010 3386 decedemus.
1050 3346 1071 3382 ι
1123 3328 1275 3383 Talia
1308 3328 1519 3384 daemon
1549 3344 1646 3398 per
1692 3330 1929 3399 puellam

366 3423 797 3479 vociferabatur.
830 3421 936 3487 Qui
988 3420 1323 3491 simulatque
1358 3421 1429 3474 ab
1471 3420 1581 3475 illis
1624 3420 1931 3490 increpitus

367 3516 529 3572 silere
563 3515 755 3585 jussus
783 3523 889 3580 est,
914 3512 1115 3584 .puella
1153 3528 1185 3567 e
1219 3512 1454 3583 vestigio
1484 3527 1610 3567 cum
1635 3511 1847 3582 pudore
1875 3521 1933 3568 et

369 3606 634 3660 modestia
666 3607 735 3659 ad
785 3603 1020 3675 seipsam
1064 3602 1255 3658 rediit.
1294 3600 1358 3657 Et
1403 3611 1561 3672 pater
1600 3602 1722 3673 ejus
1765 3612 1932 3673 atque

368 3698 546 3752 insula
568 3681 751 3751 omnis
774 3710 895 3751 cum
928 3694 1126 3750 incolis
1151 3693 1425 3748 universis
1452 3691 1933 3749 Christianismum

367 3789 608 3858 suscepit
640 3805 655 3841 :
682 3787 1058 3857 templumque
1085 3784 1232 3855 quod
1265 3784 1340 3838 ibi
1375 3793 1516 3849 erat,
1542 3795 1925 3855 repurgatum,

370 3891 538 3953 atque
580 3882 638 3935 in
669 3879 960 3935 ecclesiam
1009 3875 1485 3941 transformatum,
1523 3876 1746 3936 Chnisto
1780 3877 1935 3933 dedi-

369 3972 529 4030 cavit.
580 3971 656 4026 Ea
700 3985 794 4026 res
837 3968 1244 4040 quamprimum
1291 3967 1680 4023 Alexandriam
1726 3984 1934 4024 renun-

372 4069 504 4121 tiata
548 4065 718 4119 Lucio
752 4078 863 4117 non
909 4076 1103 4131 parum
1160 4060 1347 4114 attulit
1381 4060 1659 4116 maeroris.
1709 4060 1935 4116 Factum

371 4155 517 4210 enim
567 4153 695 4207 inde
741 4160 846 4216 est,
889 4161 948 4217 ut
988 4165 1097 4205 non
1147 4150 1326 4204 solum
1373 4150 1703 4211 alienorum.
1739 4165 1937 4206 verum

373 4247 539 4301 etiam
611 4244 959 4314 pepularium
1025 4255 1253 4297 suorum
1326 4242 1514 4295 odium
1578 4241 1932 4309 incurreret;

330 4348 338 4357 '
374 4336 602 4406 perinde
632 4344 797 4402 atque
824 4337 872 4387 is
903 4335 997 4402 qui
1026 4349 1137 4387 non
1156 4348 1280 4386 eum
1313 4334 1655 4401 hominibus,
1684 4335 1778 4389 sed
1810 4350 1933 4389 cum

2026 1891 2356 1959 κατάσχετον
2385 1892 2683 1958 γενομένην
2707 1889 2803 1957 τὴν
2832 1890 2922 1940 τοῦ
2950 1889 3135 1958 ἱερέως
3164 1890 3434 1961 θυγατέρι
3460 1891 3600 1960 παρ’

2022 1977 2266 2040 ἐκείνους
2303 1976 2481 2047 ἥκειν.
2525 1977 2614 2037 Ὠς
2652 1976 2709 2030 δὲ
2746 1976 2932 2045 δρόμῳ
2967 1975 3164 2028 θέουσα
3224 1977 3321 2048 βοῇ
3364 1978 3594 2045 ἀκόσμῳ

2022 2067 2118 2123 τοῦ
2145 2066 2331 2138 πρόσω
2365 2066 2559 2137 εἴχετο,
2589 2069 2635 2119 οί
2677 2067 2783 2132 τὴν
2815 2065 2977 2134 νῆσον
3014 2064 3313 2131 οἰκοῦντες,
3342 2066 3419 2137 τῷ
3453 2066 3596 2138 ξένῳ

2022 2157 2115 2211 τοῦ
2132 2157 2454 2227 πράγματος
2471 2155 2764 2226 ἔκπληκτοι
2780 2154 3080 2223 γεγονότες,
3097 2155 3329 2208 κατόπιν
3345 2156 3595 2214 ἐδίωκον.

2036 2249 2187 2301 Ἐπεὶ
2211 2248 2259 2332 δ’
2289 2250 2382 2302 ἐπὶ
2407 2250 2506 2317 τὴν
2528 2246 2661 2301 ναῦν
2690 2247 2864 2317 ﬁmi);
2895 2246 3071 2309 θείους
3121 2247 3429 2315 πρεσϐύτας
3458 2248 3599 2302 καθ-

2024 2340 2288 2411 ὡρμιζεν,
2356 2340 2626 2408 ἐγεγόνει,
2658 2338 2947 2408 σπαράξαν
3000 2338 3169 2406 αὐτὴν
3194 2338 3252 2392 τδ
3294 2339 3599 2409 δαιμόνιον,

2023 2433 2103 2494 είς
2130 2433 2232 2500 γῆν
2258 2432 2481 2501 ἔρριπτε
2508 2447 2523 2461 ο
2562 2430 2705 2500 μέγα
2741 2429 2799 2484 δέ
2831 2429 3031 2501 κράζον
3066 2431 3134 2483 δι’
3182 2431 3420 2499 ἐκείνης,
3465 2433 3598 2485 ἐπο-

2024 2523 2227 2584 τνιᾶτο,
2256 2541 2275 2573 ι
2313 2522 2427 2575 Ἵνα
2451 2523 2523 2588 τί,
2550 2522 2746 2589 λέγων,
2778 2521 2911 2590 πρὸς
2937 2523 3082 2592 ἡμᾶς
3101 2521 3286 2592 ἥκετε,
3325 2520 3461 2575 Θεοῦ
3485 2539 3600 2591 μσ-

2024 2613 2188 2681 γάλου
2206 2612 2571 2683 θεράποντες;
2628 2612 2785 2683 τήνδε
2817 2613 2925 2681 γάρ
2955 2613 3116 2682 ἡμεῖς
3149 2612 3247 2683 τὴν
3310 2614 3473 2683 νῆσον
3527 2615 3598 2667 ἐκ

2028 2704 2224 2757 πολλοῦ
2298 2704 2680 2773 κατοικοῦμεν,
2736 2703 2913 2757 οὐδενὶ
2968 2702 3036 2757 δι’
3079 2705 3237 2773 ὄχλου
3295 2706 3598 2774 γινόμενοι,

2026 2798 2158 2849 πᾶσι
2190 2795 2235 2848 δ’
2266 2796 2570 2865 ἀνθρώποις
2597 2796 2781 2865 σχεδὸν
2809 2795 3053 2863 ἀγνῶτες
3081 2795 3233 2859 ὄντες
3258 2812 3273 2825 ⁸
3319 2797 3416 2852 καὶ
3468 2815 3600 2851 ταυ-

2027 2888 2179 2939 ταισὶ
2234 2888 2356 2947 ταῖς
2413 2885 2633 2955 λίμναις
2684 2886 3193 2955 περιπεφραγμένοι
3236 2884 3600 2955 λανθάνομεν.

2032 2974 2092 3026 Εἰ
2121 2974 2176 3026 δέ
2202 2973 2293 3026 τοῦ
2324 2973 2509 3025 λο.ποῦ
2543 2974 2696 3041 φίλον
2724 2974 2851 3043 ὑμῖν
2877 2974 2954 3042 τῷ
2997 2975 3157 3044 χώρῳ
3184 2975 3357 3044 τούτῳ
3392 2976 3598 3028 ἐνδιαι-

2030 3064 2246 3130 τᾶσθαι,
2283 3065 2497 3128 ἑκόντες
2546 3064 2994 3134 ἀναχωρήσομεν.
3022 3083 3041 3116 ι
3077 3066 3181 3118 Καὶ
3210 3066 3433 3119 τοιαῦτα
3498 3065 3604 3135 μέν

2030 3158 2058 3208 ό
2082 3157 2291 3226 δαίμων
2315 3156 2403 3208 διὰ
2430 3155 2528 3224 τῆς
2558 3156 2725 3225 κόρης
2757 3154 3082 3222 ἐφθέγγετο.
3146 3155 3298 3207 Ἐπεὶ
3328 3156 3375 3209 δ’
3414 3157 3603 3207 ἐπετι-

2032 3248 2173 3316 μᾶτο
2206 3246 2336 3317 παρ’
2357 3247 2580 3299 ἐκείνων
2616 3247 2857 3317 σιγᾷν,ή
2892 3246 2993 3316 μὲν
3054 3248 3180 3309 παῖς
3236 3247 3434 3299 αὐτίκα
3490 3245 3600 3299 σώ-

2032 3354 2184 3409 φρων
2210 3335 2277 3410 ἦν
2307 3356 2320 3369 ·
2341 3340 2370 3392 ό
2402 3338 2457 3391 δὲ
2478 3341 2576 3405 τῆς
2602 3337 2768 3407 κόρης
2792 3339 2971 3407 πατὴρ
3000 3338 3094 3390 καὶ
3123 3339 3155 3405 ἠ
3202 3336 3363 3407 νῆσος
3411 3336 3601 3391 ἅπασα

2032 3428 2305 3498 πανδημεὶ
2351 3426 2419 3478 τὰ
2468 3424 2810 3497 Χριστιανῶν
2868 3424 3252 3495 κατησπάζετο
3282 3441 3297 3456 ο
3354 3425 3447 3478 καὶ
3504 3426 3605 3480 τὸν

2031 3522 2210 3574 ἐκεῖσε
2240 3517 2374 3572 νεὼν
2405 3517 2968 3587 μετασκευασάμενοι.
3000 3518 3078 3579 είς
3095 3516 3393 3587 ἐκκλησίαν
3436 3518 3602 3571 καθί-

2035 3626 2175 3664 στων
2197 3608 2456 3681 Χριστοῦ.
2498 3609 2675 3679 Τάχος
2726 3608 2783 3660 δὲ
2830 3606 3002 3661 ταῦτα
3046 3613 3148 3675 τὴν
3195 3607 3607 3679 ’Δλεξάνδρειαν

2032 3702 2230 3773 ἔφθανε
2261 3716 2278 3733 ο
2315 3701 2409 3754 καὶ
2431 3700 2491 3754 οὐ
2519 3700 2715 3771 μέτρια
2748 3699 2935 3752 ἐλύπει
2963 3700 3053 3751 τὸν
3075 3699 3323 3753 Λούκιον.
3348 3698 3605 3753 Συνέϐαι-

2035 3811 2091 3849 νε
2120 3794 2230 3864 γὰρ
2263 3792 2535 3859 ἐντεῦθεν,
2571 3791 2648 3863 μὴ
2707 3792 2857 3862 παρὰ
2884 3792 2993 3845 τῶν
3055 3791 3350 3862 ἀλλοτρίων
3416 3795 3605 3863 μόνον,

2033 3884 2172 3940 ἀλλὰ
2193 3884 2289 3939 καῖ
2305 3883 2459 3954 παρά
2492 3884 2602 3936 τῶν
2623 3883 2841 3938 οίκείων
2874 3885 2932 3935 ἐν
2966 3884 3115 3953 μίσει
3167 3879 3331 3948 εἶναι,
3392 3884 3490 3938 ἅτε
3537 3883 3606 3953 δὴ

2038 3975 2114 4047 μὴ
2145 3975 2474 4045 ἀνθρώποις,
2505 3973 2621 4027 ἀλλ’
2646 3974 2909 4044 ἀντικρὺς
2951 3974 3073 4046 Θεῷ
3105 3974 3192 4028 διά
3259 3975 3440 4046 μάχης
3489 3975 3607 4029 ίών.

2036 4066 2147 4120 Καὶ
2168 4065 2366 4118 αὐτίκα
2399 4064 2575 4135 λάθρα
2606 4068 2728 4128 τοὺς
2754 4065 2899 4134 ἀμφὶ
2923 4065 3211 4134 Μακάρων
3256 4067 3352 4120 ἐπὶ
3401 4067 3471 4119 τά
3519 4067 3604 4119 οί-

2035 4157 2159 4209 κεῖα
2208 4155 2313 4224 ἤθη
2352 4156 2447 4207 καῖ¹
2487 4154 2584 4222 τὴν
2633 4153 2839 4224 ἔρημον
2881 4155 3164 4209 ἐπανιέναι
3217 4155 3607 4225 προσέταττεν.

2045 4246 2231 4301 Ἱκανὰ
2267 4247 2366 4316 μὲν
2394 4243 2487 4300 οῦν
2516 4249 2611 4299 καὶ
2652 4245 2821 4299 ταῦτα
2865 4245 2961 4297 τοῦ
3006 4246 3240 4300 Λουκίου
3282 4247 3457 4312 δεῖξαι
3505 4246 3608 4316 τὴν

2035 4339 2134 4407 τῆς
2164 4338 2417 4399 ἀσεϐείας
2444 4337 2702 4407 ὠμότητα
2744 4337 3103 4408 ’λεπτότερον
3145 4336 3206 4390 δέ
3256 4333 3410 4406 οἶμαι
3456 4337 3605 4390 διδά-

374 4429 492 4499 ipso
527 4441 751 4496 prorsus
800 4425 910 4479 Deo
956 4425 1158 4478 bellutn
1200 4435 1435 4494 gereret.
1485 4424 1674 4494 Itaque
1717 4427 1927 4480 occulte

2038 4426 2148 4492 ξειν
2180 4427 2273 4480 τοῦ
2333 4426 2626 4480 θεσπεσίου
2677 4428 2882 4495 Πέτρου
2936 4426 3005 4477 τὰ
3048 4427 3356 4496 γράμματα
3406 4426 3469 4479 τδ
3506 4427 3607 4494 τῆς

373 4521 580 4586 statim,
614 4526 676 4573 ut
705 4516 926 4573 Macarii
957 4517 1024 4571 ad
1065 4515 1246 4571 studia
1275 4529 1374 4569 sua
1399 4523 1456 4570 et
1488 4515 1544 4568 in
1576 4515 1929 4570 solitudinem

376 4611 643 4675 redirent,
704 4610 980 4681 praecepit.
1030 4608 1177 4662 Satis
1220 4605 1441 4676 quidem
1490 4605 1607 4661 haec
1657 4606 1932 4659 crudelem

376 4705 529 4760 Lucii
575 4704 909 4773 impietatem
944 4700 1209 4756 indicant.
1252 4699 1510 4753 Ex‘actius
1554 4705 1738 4752 tamen
1769 4697 1933 4751 animi

306 4777 310 4783 ’
374 4799 496 4868 ejus
525 4796 983 4852 inhumanitatem
1011 4793 1181 4847 divini
1214 4791 1363 4847 Petri
1390 4790 1586 4845 littera:
1611 4790 1891 4845 declarant
1918 4808 1932 4843 :

2041 4518 2264 4587 γνώμης
2282 4517 2673 4587 ἀπάνθρωπον.
2718 4516 2860 4584 Ἐγὼ
2889 4517 2944 4569 δέ
2971 4516 3029 4570 τὸ
3062 4516 3239 4587 μῆκος
3271 4518 3367 4588 τῆς
3393 4520 3610 4570 ἐπιστο-

2041 4611 2141 4679 λῆς
2169 4610 2407 4678 φεύγων,
2444 4610 2543 4662 ὅσα
2602 4610 2887 4679 πρόσφορα
2917 4613 2982 4679 τῇ
3023 4610 3162 4677 μετὰ
3190 4612 3375 4679 χεῖρας
3410 4610 3607 4663 ὑποθέ-

2042 4716 2144 4764 σει,
2168 4701 2376 4753 ἐκεῖθεν
2406 4701 2821 4769 ἐρλνισάμενος,
2853 4703 2917 4771 τῇ
2959 4704 3250 4772 συγγραφῇ
3279 4700 3604 4771 παραθήσω.

2042 4791 2247 4860 Γράφει
2294 4790 2352 4843 δὲ
2380 4790 2520 4843 οῦτω
2547 4807 2561 4819 °

373 4908 605 4964 quarum
647 4907 748 4963 ego
778 4891 1146 4961 prolixitatem
1192 4887 1432 4957 lugieus,
1486 4902 1607 4957 quae
1662 4887 1785 4942 loco
1825 4887 1954 4942 huic
1992 4886 2404 4942 accommodata
2435 4895 2601 4953 sunt,
2662 4903 2723 4940 ex
2770 4886 2852 4940 eis
2898 4887 3209 4958 decerpant,
3253 4897 3309 4941 et
3363 4888 3607 4943 historia

375 4985 646 5056 adjiciam.
675 4983 881 5040 Scribit
913 4993 1095 5037 autem
1123 4981 1189 5033 ad
1223 4982 1370 5035 hunc
1400 4979 1624 5033 modum
1661 4996 1673 5031 :

445 5139 727 5211 (Ι)1ιιλΙιὶε
785 5138 1165 5193 Theodoretus
1211 5136 1381 5192 fuisse
1426 5132 1615 5192 scribit
1654 5132 1791 5187 ducs
1846 5129 2132 5196 Macarius,
2169 5141 2225 5188 et
2272 5131 2561 5197 lsidorum,
2613 5131 2711 5185 lib.
2763 5146 2840 5198 tv,
2869 5148 2991 5202 cap.
3026 5132 3116 5187 2t.
3186 5133 3418 5203 (Theod.
3480 5134 3601 5190 eod.

372 5209 640 5283 (ισῳζῖι.)
