3986 6190
303 347 408 407 67.7

871 466 1119 519 ΚΕΦΔΛ.
1161 467 1296 521 κη’.

318 552 649 626 Ἐπιστολὴ
708 555 936 626 Πέτρου
967 556 1087 626 ,τοῦ
1119 558 1584 626 Ἀλεξανδρείας
1628 560 1872 613 ἐπισκό-

376 624 923 707 ξτρυ,,διμγορμένη
950 625 1069 707 oga
1102 625 1269 681 δεινὰ
1298 624 1757 707 podiam-iudici
1803 629 1874 694 ἐξ

389 694 627 761 Ἀρείοΰ
652 694 775 760 τοῖς
796 695 923 748 κατ’
950 697 1259 765 Αιγυπτον
1290 694 1580 764 ἔπραξαν.

382 821 403 854 ι
452 804 514 856 '0
547 803 643 855 τοῦ
690 803 877 867 ἔθνους
918 806 1266 876 ἡγεμονεύων
1310 807 1627 873 numam,
1665 808 1877 873 ἐθνικὸς

305 892 385 945 ὢν
399 892 501 963 τὴν
530 893 765 962 αἵρεσιν,
804 896 896 948 καὶ
924 898 1034 950 τῶν
1070 892 1304 952 εἰδώλων
1352 901 1442 954 ἀεὶ
1494 900 1877 970 προκυλινδού-

309 1000 493 1050 μενος,
524 987 666 1038 κατὰ
694 987 930 1055 Χριστοῦ
982 991 1372 1059 στρατεύεσθαι
1430 992 1692 1055 πολλάκις
1729 992 1879 1062 μελε-

304 1077 597 1145 τήσας-,τά
628 1081 1008 1149 προειρημένα
1057 1083 1415 1152 συναθροίσας
1480 1086 1682 1156 πλήθη,
1731 1087 1879 1157 ὁρμᾷ

309 1166 454 1218 κατὰ
481 1167 579 1235 τῆς
602 1170 918 1239 ἐκκλησίας,
958 1172 1033 1235 ὼς
1064 1174 1328 1238 ὑποτάξαι
1385 1176 1693 1245 βαρϐάρους
1749 1179 1880 1230 ἐπα-

307 1252 561 1321 γόμενος.
596 1256 729 1307 Τότε
756 1257 845 1325 δὴ,
868 1260 988 1311 τότε
1024 1261 1276 1329 χείριστα
1302 1264 1522 1330 γέγονεν
1564 1278 1579 1293 °
1608 1262 1645 1317 ἃ
1677 1264 1741 1332 δὴ
1784 1265 1880 1318 καὶ

310 1347 476 1413 μόνον
512 1348 890 1417 ύπαγορεῦσαι
937 1352 1079 1405 θέλω
1094 1374 1131 1416 ι,
1157 1355 1259 1422 τῆς
1294 1357 1513 1426 μνήμης
1554 1356 1749 1427 ὀδύνην
1787 1374 1878 1427 μοι

309 1435 685 1506 παρεχούσης,
726 1441 988 1510 ὲπαφῆκα
1042 1443 1295 1512 δακρύων
1347 1448 1605 1518 ἀμέτρων
1659 1449 1874 1520 φοράνο

309 1526 406 1578 καὶ
442 1529 535 1579 ἐπὶ
558 1528 694 1582 πολὺ
738 1530 927 1594 έμεινα
957 1534 1022 1587 ἂν
1049 1535 1208 1589 τοῦτο
1239 1540 1484 1609 πάσχων,
1537 1542 1587 1594 εί
1630 1540 1705 1611 μὴ
1751 1541 1883 1613 θείῳ

308 1617 562 1689 λογισμῷ
601 1619 853 1689 λωφῆσαι
878 1627 1289 1696 παρεσκεύασα.
1354 1632 1424 1684 Εν
1452 1632 1560 1704 γὰρ
1586 1636 1651 1703 τῇ
1686 1634 1881 1688 καλουο

308 1707 458 1779 μένῃ
490 1709 755 1794 ἐκκλησίᾳ
784 1711 975 1768 Θεωνᾶ
1010 1718 1392 1773 ἐπεισελθόντα
1420 1721 1489 1775 τὰ
1530 1721 1730 1794 πλήθη,
1760 1724 1882 1777 ἀντὶ

1232 332 1839 406 ECCLESIAS’IICAS
1874 345 2262 406 HISTORIA;
2294 347 2447 407 LIB.
2486 347 2596 405 x1.

3437 345 3543 407 658

2425 463 2585 534 156
2621 462 2843 519 CAPUT
2881 461 3116 517 XXVIII.

1983 557 2222 627 Epistula
2257 555 2423 627 Petri,
2449 555 2799 627 Alexandrini
2852 556 3079 627 episcopi
3098 568 3418 627 ,_e.rponens_
3433 568 3551 627 qua

2053 625 2197 680 mala
2229 635 2277 679 et
2304 625 2478 681 clades
2506 625 2693 682 Valens
2713 635 2763 678 et
2793 626 2981 679 Ariani
3009 625 3063 678 in
3086 622 3317 695 Egypto
3345 624 3447 694 piis
3474 624 3554 676 in-

2054 696 2293 749 tulerint.

2059 823 2078 855 ι
2136 805 2411 860 Palladius
2443 806 2622 876 gentis
2660 808 2972 875 praefectus,
3017 821 3143 861 cum
3191 806 3453 862 ethnicus
3495 816 3555 863 et

1986 895 2208 965 gentilis
2234 895 2664 963 superstitionis
2693 905 2860 958 esset,
2888 908 3052 964 atque
3085 894 3153 950 ad
3182 882 3350 965 pedes
3385 896 3556 949 simu-

1987 988 2260 1043 lacrorum
2314 1003 2534 1057 semper
2588 987 3050 1062 provolveretur,
3103 997 3161 1042 et
3208 986 3356 1056 quod
3409 1002 3573 1056 sarpe.

1987 1088 2148 1132 antea
2182 1077 2387 1133 bellum
2423 1077 2718 1133 adversum
2743 1076 3022 1133 Christum
3055 1078 3352 1133 meditatus
3379 1085 3553 1142 esset,

1985 1186 2048 1225 ea
2088 1184 2249 1240 quam
2276 1169 2518 1224 diximus
2557 1169 2911 1223 multitudine
2943 1177 3247 1234 contracta,
3289 1169 3554 1238 impetum

1989 1262 2043 1314 in
2073 1259 2362 1315 ecclesiam
2406 1260 2563 1327 fecit,
2609 1260 2839 1329 perinde
2871 1271 3037 1328 atque
3064 1260 3333 1315 barbaros
3363 1258 3556 1329 subju-

1991 1368 2118 1425 gare
2165 1360 2444 1424 pergeret.
2492 1352 2631 1406 Tum
2678 1367 2831 1416 sane,
2880 1360 2995 1405 tum
3038 1366 3125 1406 res
3153 1353 3401 1422 pessintw
3433 1361 3560 1404 sunt

1992 1444 2244 1500 admissa;
2277 1460 2291 1499 :
2326 1459 2464 1514 quas
2506 1458 2634 1498 cum
2666 1442 2873 1498 dictare
2911 1451 3122 1497 tantum
3160 1442 3375 1505 vellem,
3411 1442 3557 1512 quod

1992 1535 2255 1590 memoria
2283 1550 2471 1590 earum
2502 1534 2745 1589 dolerem
2774 1533 2907 1587 tnihi
2939 1545 3253 1597 renovaret,
3285 1533 3558 1601 ingentem

1988 1626 2101 1682 vim
2128 1628 2492 1698 lacrymarum
2522 1627 2703 1683 emisi.
2732 1626 2811 1682 Ac
2837 1625 2930 1681 diu
2965 1625 3212 1695 profecto
3236 1626 3289 1680 in
3321 1638 3388 1679 eo
3410 1624 3559 1680 luctu

1991 1720 2442 1789 permansissem,
2494 1720 2601 1773 nisi
2651 1717 2839 1772 divina
2892 1717 3227 1788 cogitatione
3270 1729 3561 1771 matr-orem

309 1800 583 1866 ῥημάτων
601 1782 819 1871 σεμνῶν
846 1805 1086 1860 εἰδώλων
1129 1810 1407 1880 εὐφημίας
1460 1782 1727 1883 ἑπήφίον,
1769 1813 1890 1868 ἀντὶ

2000 1824 2121 1864 cum
2158 1808 2508 1865 laxavissem.
2542 1809 2845 1879 Postquam
2881 1823 3118 1877 namque
3164 1807 3216 1861 in
3246 1805 3562 1873 ecclesiam,

306 1884 476 1939 θείων
530 1887 764 1957 Γραφῶν
797 1893 1158 1961 ἀναγνώσεως
1190 1899 1421 1967 κρότους
1476 1900 1675 1971 χειρῶν
1714 1902 1886 1973 ἀσέμ-

305 1992 462 2040 νους,
514 1980 608 2032 καὶ
663 1982 1036 2053 κεκλασμένας
1075 1987 1192 2054 μετ’
1250 1991 1611 2061 αἱσχρότητος
1666 1995 1882 2061 φωνάς·

305 2067 463 2120 κατὰ
516 2068 627 2122 τῶν
661 2073 753 2123 τοῦ
773 2073 1012 2143 Χριστοῦ
1042 2080 1324 2148 παρθένων
1354 2079 1560 2151 ὕϐρεις,
1579 2083 1646 2146 ἃς
1676 2083 1890 2152 γλῶττα

305 2157 625 2227 προφέρειν
664 2161 765 2214 οὐκ
799 2163 1057 2233 ἀνέχεται
1094 2168 1393 2238 malaxpr
1454 2170 1563 2241 γάρ
1616 2172 1734 2225 ἔστι
1796 2174 1892 2227 καὶ

303 2248 499 2316 λέγειν
526 2265 542 2282 ·
572 2252 668 2306 καὶ
685 2252 795 2322 γάρ
837 2255 999 2323 μόνον
1021 2272 1105 2319 τις
1130 2258 1242 2311 τῶν
1274 2256 1334 2312 εὖ
1367 2262 1710 2332 φρονούντων
1757 2265 1889 2317 ταύ-

305 2432 390 2485 ἆν
423 2433 680 2499 γενέσθαι
701 2438 906 2507 κωφὸς,
951 2439 1005 2511 ἢ,
1036 2441 1302 2512 αὐτήκοος
1345 2445 1597 2512 γενέσθαι
1648 2446 1745 2516 τῆς
1808 2449 1895 2501 al-

308 2521 645 2594 σχρολογίας
702 2529 882 2582 αὐτῶν
913 2545 927 2559 °
978 2532 1096 2585 ἀλλ’
1157 2532 1272 2587 εῐθε
1315 2533 1495 2604 λόγοις
1536 2538 1891 2608 ἀρκούμενοι,

304 2613 501 2684 λόγοις
533 2616 931 2688 ἐξημάρτανον,
961 2624 1057 2676 καὶ
1083 2622 1157 2694 μὴ
1191 2625 1387 2693 πράξει
1416 2626 1514 2696 τὴν
1562 2629 1670 2681 τῶν
1721 2627 1895 2696 λόγων

306 2706 519 2760 ὶνίκων
546 2708 833 2778 ἀσέλγειαν
859 2727 875 2743 ο
926 2713 1248 2779 εύύποιστος
1274 2716 1386 2789 γὰρ
1436 2719 1469 2789 ἠ
1519 2719 1755 2789 λοιδορία
1794 2720 1896 2774 κᾶν

307 2795 413 2849 οἶα
437 2796 500 2866 δή
528 2797 647 2850 ποτ’
682 2795 776 2853 οὖν
815 2804 1085 2876 τυγχάνῃ,
1148 2807 1283 2876 παρ’
1331 2801 1412 2869 οἷς
1466 2808 1606 2863 οίκεῖ
1654 2810 1894 2880 Χριστοῦ

310 2886 589 2958 φρόνησις
620 2890 715 2944 καὶ
770 2891 892 2948 θεῖα
935 2894 1268 2966 διδάγματα.
1323 2899 1490 2952 Αὐτοὶ
1526 2902 1707 2954 τοίνυν
1752 2896 1897 2957 οὗτοι

304 2977 496 3046 ὀργῆς
526 2982 697 3052 σκεύη
749 2984 1130 3053 τυγχάνοντες,
1166 2991 1590 3058 κατηρτισμένοι
1637 2994 1714 3055 είς
1747 2994 1896 3045 ἀπώ-

312 3070 495 3137 λειαν,
518 3072 616 3143 τὴν
639 3075 763 3143 ρτνα
810 3074 1167 3146 σιμώσαντες,
1195 3080 1365 3149 ψόφον
1399 3083 1601 3154 ἀσελγῆ
1639 3085 1746 3138 ἀπὸ
1788 3085 1899 3139 τῶν

315 3165 627 3235 μυκτήρων
654 3168 888 3237 μακρὸν,
928 3173 1041 3237 καὶ,
1098 3172 1165 3224 ἵν’
1220 3172 1393 3237 οὕτως
1446 3174 1606 3241 εῐπω,
1668 3178 1744 3241 ὡς
1788 3178 1895 3231 ἀπὸ

315 3251 562 3321 κρουνοῦ
616 3256 962 3324 προχέοντες,
1019 3260 1118 3328 τὴν
1170 3260 1268 3329 μὲν
1322 3260 1523 3332 ἐσθῆτα
1575 3263 1894 3334 διέῤῥησσον

314 3344 435 3397 τῶν
465 3345 636 3413 ἁγίων
663 3347 757 3400 τοῦ
811 3349 1048 3418 Χριστοῦ
1097 3353 1401 3422 παρθένων,
1457 3349 1531 3409 ὧν
1582 3358 1617 3427 η
1666 3356 1896 3427 ἄσκησις

315 3434 499 3490 τύπον
531 3437 705 3505 ἁγίων
731 3438 983 3508 ἀγγέλων
1003 3442 1441 3512 ἐχαρακτήριζεν
1472 3460 1487 3474 ’
1512 3446 1587 3510 ὡς
1608 3447 1653 3501 δ’
1673 3450 1707 3518 ἡ
1739 3450 1899 3518 φύσις

317 3528 462 3598 ἔχει,
498 3530 707 3599 γυμνὰς
740 3532 919 3585 πᾶσαν
949 3533 1049 3601 τὴν
1082 3536 1235 3587 πόλιν
1267 3536 1654 3606 ἐθριάμδευον,
1685 3538 1902 3591 διαπαί-

321 3620 515 3684 ζοντες
557 3623 692 3689 μετὰ
730 3623 1017 3693 ἀσελγείας
1072 3625 1129 3677 ὃν
1176 3628 1377 3698 τρόπον
1422 3629 1756 3690 meditor/toi
1808 3631 1901 3684 καὶ

318 3710 465 3771 ὅλως
482 3707 615 3778 ὠμὰ
643 3713 735 3764 καὶ
764 3711 891 3778 ξένα
920 3713 986 3766 τὰ
1017 3716 1308 3785 γενόμενα,
1352 3718 1689 3787 γυμνοῦντες
1727 3719 1895 3789 δημο-

326 3801 424 3881 σίᾳ
452 3802 740 3873 περιῆγον.
789 3806 853 3857 Et
896 3806 1030 3874 γοῦν
1073 3825 1154 3870 τις
1211 3811 1304 3861 ἐπὶ
1349 3812 1559 3875 τούτοις
1605 3811 1901 3883 συμπαθὼν

329 3893 540 3945 ἐκώλυε
573 3896 947 3965 παραινέσεως
1001 3897 1280 3969 χρώμενος
1329 3900 1526 3970 λόγοις,
1562 3905 1903 3974 τραυματίας

329 3984 619 4038 ἀπελύετο.
664 3987 822 4057 Ἀλλὰ
856 3988 959 4058 φεῦ
993 3989 1102 4042 τῶν
1130 3994 1460 4063 συμφορῶνι
1496 3993 1688 4049 πολλαὶ
1721 3995 1903 4065 βιαίαν

331 4075 542 4144 φθορὰν
565 4078 876 4148 ὑπέστησαν
895 4080 1144 4150 σώματος
1171 4097 1186 4113 ·
1228 4082 1422 4137 πολλαὶ
1471 4085 1579 4138 τῶν
1619 4087 1904 4157 παρθένων

330 4167 597 4236 ῥοπάλοις
624 4172 763 4223 κατά
824 4172 1067 4241 κεφαλῆς
1106 4179 1467 4244 τυπτόμεναε,
1530 4178 1719 4245 έμενον
1771 4182 1906 4248 ἁχα-

330 4261 465 4322 νετς,
484 4259 585 4312 οὐκ
604 4262 1047 4333 ὲπιτρεπομένων
1088 4265 1198 4318 τῶν
1223 4268 1492 4334 σωμάτων
1512 4269 1634 4321 οὐδὲ
1678 4271 1747 4340 τῇ
1783 4270 1906 4342 ὁσία

334 4350 729 4416 παραδίδοσθαι
756 4358 927 4426 ταφῇ.
961 4357 1139 4410 Πολλὰ
1159 4357 1251 4411 οῦν
1292 4361 1454 4430 μέχρι
1490 4365 1751 4433 σήμερον,
1798 4363 1906 4416 τῶν

332 4441 539 4509 γονέων
568 4444 929 4516 ὀδυρομένων,
966 4449 1064 4518 οὐχ
1097 4450 1408 4520 εὑρίσκεται
1443 4452 1691 4520 σώματα.

1991 1916 2115 1970 qua:
2151 1899 2393 1956 Theona:
2421 1899 2650 1961 dicitur.
2679 1902 2856 1954 turbat
2893 1898 3220 1969 pepulorum
3255 1896 3559 1952 irruerunt.

1992 2007 2093 2062 pro
2121 1991 2294 2047 sacris
2325 1991 2508 2047 verbis
2539 1990 2966 2046 acclamationes
2995 1984 3202 2045 faustas
3234 1988 3564 2043 simulacro-

1992 2097 2117 2137 rum
2137 2125 2153 2149 ,
2186 2097 2287 2153 pro
2319 2082 2634 2139 divinarum
2665 2081 3080 2153 Scripturarum
3113 2081 3355 2138 lectione
3386 2081 3567 2150 impu-

1992 2190 2084 2230 ros
2116 2191 2382 2231 manuum
2421 2177 2668 2247 plausus,
2710 2186 2766 2232 et
2790 2176 3054 2231 infractas
3082 2174 3368 2246 foedasque
3407 2188 3570 2228 voces

1992 2268 2309 2323 ediderunt.
2337 2270 2543 2324 Contra
2568 2270 2778 2326 Christi
2801 2270 3045 2338 virgines
3078 2285 3171 2324 eas
3202 2257 3568 2324 contumelias

1991 2370 2378 2426 evomuerunt,
2400 2378 2431 2417 a
2452 2363 2657 2432 quibus
2695 2362 3043 2432 proferendis
3068 2362 3248 2432 lingua
3265 2360 3565 2415 abhorret:

1995 2461 2153 2523 turpe
2183 2453 2330 2509 enim
2366 2460 2448 2507 est
2476 2467 2570 2506 eas
2623 2452 2912 2522 proloqui;
2960 2462 3125 2520 atque
3170 2450 3214 2504 si
3260 2448 3385 2519 quis
3418 2462 3567 2501 sana:

1997 2549 2195 2604 mentis
2223 2564 2318 2604 eas
2348 2548 2510 2602 modo
2534 2549 2747 2610 audiat,
2778 2563 2941 2601 aures
2974 2546 3250 2608 obstruat,
3275 2554 3330 2598 et
3360 2540 3570 2597 surdus

1995 2638 2182 2712 potius
2216 2637 2332 2693 fieri
2368 2647 2542 2707 optet,
2568 2652 2731 2705 quam
2763 2646 2819 2690 ut
2853 2637 2968 2705 ipse
3003 2644 3110 2688 tam
3146 2633 3416 2687 fredorum
3448 2647 3574 2686 ver-

1996 2731 2197 2786 borum
2241 2730 2460 2783 auditor
2506 2728 2597 2782 sit.
2660 2726 2766 2781 Sed
2818 2726 3028 2780 utinam
3075 2723 3262 2779 verbis
3303 2722 3569 2788 contenti,

1998 2804 2184 2876 verbis
2220 2820 2413 2875 saltem
2455 2819 2785 2886 saviivent,
2825 2827 2883 2872 et
2922 2816 3081 2872 factis
3112 2816 3249 2886 ipsis
3279 2814 3571 2871 verborum

2000 2913 2373 2982 impuritatem
2408 2925 2518 2964 non
2545 2918 2925 2981 superassent.
2956 2907 3196 2964 Perferri
3225 2907 3372 2962 enim
3396 2907 3465 2961 ab
3489 2906 3574 2961 eis

2000 3003 2386 3074 qualecunque
2410 3001 2571 3056 etiam
2604 2999 2916 3056 convicium
2947 2998 3106 3054 facile
3132 3008 3329 3070 potest,
3359 2998 3415 3054 in
3443 2995 3571 3068 qui-

1999 3096 2107 3149 bus
2137 3092 2343 3150 Christi
2370 3107 2568 3148 sensus
2606 3099 2663 3149 et
2696 3091 2879 3146 divina
2914 3089 3166 3146 doctrina
3198 3097 3302 3144 est.
3337 3089 3429 3144 Isti
3466 3086 3573 3158 igi-

2002 3197 2091 3243 tur
2121 3186 2225 3257 ipsi
2260 3186 2356 3256 qui
2383 3192 2514 3241 sunt
2541 3199 2670 3239 vasa
2696 3182 2812 3251 irae,
2839 3182 3134 3255 praeparati
3166 3180 3234 3235 ad
3263 3180 3572 3250 interitum,

1998 3292 2192 3333 nasum
2229 3275 2622 3345 deprimentes,
2655 3272 2897 3326 sonitum
2939 3268 3280 3340 impudicum
3317 3267 3572 3331 naribus.

1999 3372 2364 3438 eumdemque
2413 3367 2719 3436 ingentem,
2758 3361 2987 3433 perinde
3034 3369 3215 3431 atque
3244 3361 3330 3431 (ut
3373 3359 3444 3415 ita
3489 3357 3577 3415 di-

2000 3461 2144 3529 cam)
2174 3475 2240 3513 ex
2277 3457 2605 3527 aquaeductu
2639 3454 2971 3516 emiserunt,
3005 3462 3062 3507 et
3099 3458 3306 3505 vestem
3355 3458 3573 3505 sancta-

2002 3566 2124 3605 rum
2172 3547 2375 3605 Christi
2427 3546 2724 3615 virginum,
2776 3558 3013 3614 quarum
3075 3542 3203 3596 vitae
3253 3541 3568 3595 institutum

2002 3654 2189 3715 typum
2218 3651 2379 3702 atque
2412 3638 2643 3693 formam
2669 3643 2982 3690 sanctorum
3006 3631 3327 3703 angelorum
3353 3644 3574 3700 expres-

2002 3748 2119 3788 sam
2171 3728 2364 3791 refert,
2412 3726 2787 3782 dilacerarunt
2831 3740 2846 3778 :
2896 3731 3063 3792 atque
3113 3731 3172 3777 ut
3220 3730 3415 3776 natura
3453 3721 3573 3791 ipsa

2003 3823 2132 3888 fert,
2147 3819 2320 3875 nudas
2350 3833 2443 3873 eas
2472 3832 2569 3886 per
2601 3815 2791 3871 urbem
2819 3829 3037 3869 omnem
3058 3813 3229 3870 veluti
3274 3813 3328 3868 in
3371 3814 3575 3868 trium-

2004 3913 2115 3986 pho
2149 3912 2448 3977 duxerunt,
2491 3908 2693 3965 lascive
2724 3915 2889 3977 atque
2926 3905 3228 3977 impudice,
3264 3921 3375 3973 quo
3403 3903 3573 3976 placi-

2006 4013 2120 4059 tum
2164 4011 2313 4058 esset
2348 4001 2535 4064 modo,
2583 4000 2663 4055 eis
2711 3998 3031 4060 illudentes,
3069 4007 3127 4053 et
3163 3998 3299 4064 (fera
3349 4012 3576 4067 prorsus

2006 4104 2063 4149 et
2115 4093 2395 4153 inaudita,
2450 4107 2572 4162 quae
2623 4090 2861 4155 fiebant,
2908 4089 3101 4159 erant)
3150 4088 3450 4158 publicitus
3503 4086 3575 4141 ita

2008 4185 2239 4239 nudatas
2267 4183 2722 4251 circumagentes.
2754 4181 2830 4233 Ac
2869 4180 2911 4233 si
2949 4179 3075 4248 quis
3122 4194 3310 4234 carum
3354 4185 3579 4247 propter

2010 4277 2089 4331 rei
2147 4274 2526 4344 indignitatem
2582 4273 2880 4334 misertus,
2932 4269 3149 4325 blandis
3190 4268 3581 4324 admonitionis

2011 4364 2240 4419 vocibus
2283 4379 2415 4417 usus
2471 4363 2672 4417 factum
2724 4361 3027 4424 inhiberet,
3071 4361 3119 4415 is
3169 4360 3397 4415 vulnere
3450 4359 3579 4415 inde

1943 4453 1983 4507 Ι)
2011 4464 2290 4525 reportato
2320 4454 2528 4508 abibat.
2574 4452 2730 4523 157
2754 4451 2885 4514 Sed,
2916 4466 2949 4505 ο
2978 4450 3322 4506 calamitates
3350 4450 3365 4504 ι
3396 4449 3579 4504 Multa:

334 4533 578 4604 virgines
605 4535 902 4593 violentam
928 4543 1176 4610 corporis
1201 4544 1707 4613 constuprationem
1770 4547 2180 4612 sustinuerunt,
2254 4545 2440 4599 multae
2511 4545 2681 4600 clavis
2727 4544 2781 4598 in
2822 4554 2990 4611 caput
3053 4541 3420 4596 diverberatze
3458 4541 3580 4594 sine

338 4645 474 4685 voce
530 4641 891 4699 manserunt,
943 4647 1068 4687 cum
1129 4635 1352 4703 quidem
1406 4652 1635 4707 corpora
1689 4654 1909 4709 quoque
1939 4640 2101 4713 justas
2164 4638 2461 4708 sepultura:
2526 4636 2771 4691 mandari
2806 4650 2915 4689 non
2944 4632 3415 4705 permitterentur.
3437 4632 3580 4697 Qua-

338 4735 568 4797 propter
629 4724 696 4779 ad
761 4724 1091 4779 hodiernum
1148 4741 1319 4798 usque
1380 4728 1523 4784 diem
1580 4731 1902 4803 parentibus
1940 4729 2122 4786 adhuc
2163 4731 2365 4785 misere
2447 4724 2879 4782 vociferantibus
2933 4724 3099 4779 multa
3188 4736 3419 4790 corpora
3469 4736 3577 4776 non

339 4820 715 4890 reperiuntur.

420 4914 584 4968 Ἀλλά
614 4914 666 4965 τί
691 4912 756 4966 τὰ
795 4914 966 4983 μικρὰ
1001 4913 1133 4982 πρὸς
1166 4914 1233 4965 τὰ
1276 4916 1487 4985 μεγάλα
1518 4917 1904 4989 διεξέρχομαις

334 5007 403 5060 Τί
448 5007 509 5060 δὲ
546 5005 756 5067 τούτοις
806 5003 1147 5073 ὲμϐραδύνω,
1181 5006 1275 5058 καὶ
1315 5006 1390 5075 μὴ
1440 5007 1683 5077 σφοδρῶς
1715 5011 1806 5062 ἐπὶ
1840 5009 1908 5062 τά

338 5095 738 5165 κατεπείγοντα
769 5096 937 5165 βαίνω
962 5112 977 5163 ;
1024 5094 1139 5166 Ἐφ’
1162 5090 1240 5159 οἷς
1269 5093 1327 5149 εὖ
1353 5093 1473 5149 οἶδα
1493 5099 1574 5150 ὅτι
1598 5098 1905 5169 θαυμάσετε

337 5190 437 5241 καὶ
470 5191 685 5257 μενεῖτε
730 5186 825 5239 ἐπὶ
860 5184 994 5239 πολὺ
1025 5186 1125 5241 σὺν
1151 5187 1282 5256 ἡμῖν
1312 5189 1533 5258 ἀχανεῖς
1562 5189 1905 5260 ἐξιστάμενοι

336 5285 440 5351 τῆς
474 5279 885 5350 φιλανθρωπίας
907 5276 998 5332 τδν
1038 5276 1267 5348 Κύριον,
1291 5279 1372 5332 ὅτι
1397 5278 1470 5348 μὴ
1500 5278 1668 5348 ἄρδην
1698 5280 1757 5331 τὸ
1789 5279 1909 5332 ὅλον

341 5375 705 5430 συνέστειλεν.
740 5377 806 5428 Ἀ
839 5374 949 5447 γάρ
976 5375 1114 5429 κατὰ
1143 5375 1203 5429 τὸ
1231 5375 1615 5449 γεγραμμένον
1647 5376 1785 5444 μήτε
1814 5376 1909 5444 γέ-

340 5485 465 5534 γονε
527 5468 667 5537 μήτε
711 5466 954 5538 ἠκούσθη
997 5468 1055 5520 ὲν
1102 5469 1221 5530 ταῖς
1252 5467 1485 5539 ἡμέραις
1523 5465 1630 5519 τῶν
1656 5466 1911 5535 πατέρων

338 5559 523 5627 ἡμῶν,
562 5558 732 5612 ταῦτα
762 5559 847 5612 ἐπ’
874 5559 1037 5613 αὑτοῦ
1074 5559 1167 5613 τοῦ
1195 5557 1587 5630 θυσιαστηρίου
1621 5557 1911 5611 ἐπετέλουν

339 5651 389 5702 οί
445 5650 750 5713 δυσσεϐεῖς.
788 5650 877 5714 Ὠς
925 5650 1033 5720 γὰρ
1067 5652 1123 5702 ὲν
1155 5650 1379 5719 κρηπῖδι
1428 5649 1633 5720 σκηνῆς
1664 5649 1912 5715 ,ἀτάκτου

2096 4932 2112 4961 ι
2161 4911 2360 4965 Verum
2410 4904 2541 4975 quid
2584 4917 2684 4974 ego
2727 4917 2893 4973 parva
2931 4901 3070 4967 htec,
3104 4901 3153 4956 si
3197 4914 3324 4957 cum
3369 4899 3580 4972 magnis

2017 5004 2142 5059 altis
2176 4999 2449 5061 conferas,
2481 4994 2889 5051 commemoro?
2918 4992 3062 5060 Quid
3087 4991 3178 5048 bis
3207 4994 3492 5058 immoror,
3522 5003 3580 5049 et

2015 5110 2125 5161 non
2164 5090 2347 5155 potius
2395 5086 2463 5142 ad
2509 5101 2574 5141 ea
2616 5101 2737 5156 quae
2778 5085 3003 5154 majoris
3042 5095 3173 5141 sunt
3214 5083 3578 5155 indignitatis,

2015 5185 2199 5243 statim
2243 5179 2505 5237 transeo?
2541 5192 2663 5249 quae
2701 5193 2819 5243 vos,
2856 5186 2940 5233 sat
2981 5177 3122 5243 scio,
3150 5175 3579 5241 admirabimini,

2016 5288 2073 5334 et
2114 5273 2323 5330 diutius
2368 5257 2652 5327 nobiscum
2706 5268 3219 5335 consternabimini,
3254 5268 3320 5323 ad
3364 5267 3582 5322 Domini

2018 5382 2145 5438 erga
2190 5380 2362 5437 genus
2411 5363 2712 5418 humanum
2766 5374 3010 5416 amorem
3062 5368 3119 5415 et
3168 5357 3582 5429 benignitatem,

2016 5460 2161 5531 quod
2205 5474 2313 5513 non
2362 5472 2450 5513 res
2498 5455 2663 5512 simul
2706 5455 2991 5509 universas
3028 5467 3256 5521 prorsus
3291 5451 3582 5516 deleverit,

2019 5557 2494 5625 obstupescentes.
2530 5550 2660 5616 Quae
2692 5564 2948 5617 namque,
2974 5547 3129 5615 juxta
3172 5547 3226 5603 id
3265 5548 3412 5620 quod
3453 5550 3587 5604 scri-

2020 5657 2172 5717 ptum
2211 5654 2313 5709 est,
2357 5655 2533 5711 neque
2565 5641 2705 5695 facta
2745 5648 2894 5701 sunt,
2924 5636 3107 5707 neque
3146 5639 3330 5695 audita
3372 5640 3426 5695 in
3466 5639 3586 5695 die-

341 5740 509 5799 παῖδα
543 5741 640 5810 τὴν
697 5742 902 5809 ᾶρῥενα
963 5742 1122 5807 φύσιν
1177 5743 1639 5806 ὲξαρνησάμενον,
1684 5740 1778 5793 καὶ
1820 5739 1893 5802 τὴ·

2019 5739 2121 5793 bus
2151 5746 2365 5802 patrum
2402 5742 2738 5797 nostrorum,
2768 5745 2831 5786 ea
2865 5731 2919 5784 in
2953 5730 3070 5800 ipso
3098 5732 3371 5788 sanctiore
3404 5747 3590 5787 saero-
