3986 6190
263 302 370 359 filii

1189 289 1793 353 ECCLESIASTICE
1830 286 2219 349 HISTORIA!
2256 287 2404 347 LlB.
2448 286 2562 349 Χῐ.

3415 278 3525 341 6'2

262 434 286 458 ι
306 416 549 478 unam,
581 401 668 456 tn‘
704 400 950 470 εὐλόγοις
978 403 1097 465 ταῖς
1138 400 1481 470 προφάσεσιν
1508 399 1715 470 ἐπέστη
1751 401 1849 454 πόο

1956 400 2130 470 venit.
2164 400 2283 454 Non
2316 400 2461 453 enim
2494 400 2702 462 solum,
2724 404 2782 450 ut
2816 391 3037 448 infamis
3063 389 3153 448 ille
3191 385 3247 442 in
3289 387 3521 444 Psalmis

260 520 399 564 ιεως
418 516 431 529 ·
487 499 551 554 οὐ
583 498 693 568 γὰρ
713 496 790 567 (ι)
826 495 1010 566 μόνον,
1037 494 1113 557 ὡς
1144 496 1172 547 ὁ
1203 493 1493 566 δύσφημος
1527 495 1587 549 ὲν
1602 494 1853 565 Ψαλμοῖς

260 597 458 664 ἄφρων
491 592 665 660 λέγει,
726 590 840 643 Οὐκ
874 588 991 641 ἔστι
1023 587 1157 652 Θεὸς
1204 588 1460 656 ἀληθινὸς
1509 590 1538 642 ό
1576 589 1815 659 Χριστδς
1838 626 1854 651 ν

261 684 409 736 ἀλλὰ
440 682 537 736 καὶ
559 683 672 744 τοῖς
707 678 1110 750 ἐπιτηδεύμασι
1132 678 1397 750 διεφθάρη
1414 696 1427 710 ο
1449 677 1543 732 καὶ
1562 679 1854 749 διέφθειρε,

266 773 477 842 χαίρων
499 772 591 825 ἐπὶ
617 773 736 833 ταῖς
754 769 1130 840 βλασφημίαις
1155 773 1273 834 ταῖς
1313 769 1455 823 κατά
1487 770 1581 824 τοῦ
1604 771 1858 840 Σωτῆρος

262 863 662 933 πεμπομέναις
706 862 859 933 παρά
876 862 986 916 τῶν
1004 865 1071 933 τῇ
1099 863 1276 916 κκτίσει
1298 861 1672 932 λατρευόντων
1704 864 1856 935 παρᾶ

258 960 360 1011 τὸν
389 958 652 1011 κτίσαντα
673 972 689 988 ο
721 952 839 1018 πῶς
871 956 980 1025 γὰρ
1008 955 1151 1023 οὐχὶ,
1196 953 1330 1007 ὅπου
1382 971 1446 1022 γε
1473 953 1856 1024 παραπλήσιον

264 1049 538 1118 ’Ἓλλησιν
567 1047 710 1117 ἔχων
741 1047 803 1099 τὸ
832 1048 1112 1117 φρόνημα,
1139 1046 1440 1115 προσφάτῳ
1470 1046 1648 1118 τολμᾷ
1687 1048 1715 1099 ό
1737 1045 1855 1099 ἀλι-

264 1142 465 1211 τήριος
514 1139 700 1194 σέϐειν
741 1139 894 1209 Θεῷς
938 1137 1057 1191 Ἐπ’
1085 1138 1245 1206 ὄψεσι
1280 1141 1390 1209 γὰρ
1432 1136 1598 1191 αὐτοῦ
1628 1138 1855 1200 τούτους

264 1235 400 1296 τοὺς
451 1233 707 1293 ἐπαίνους
744 1231 1027 1299 ἔπεμπον·
1074 1231 1269 1294 Καλῶς
1318 1227 1504 1300 ἦλθες,
1554 1232 1853 1298 ἐπίσκοπε,

263 1326 403 1378 Υζὸν
431 1327 506 1394 μὴ
543 1326 737 1392 λέγων.
784 1326 844 1379 '0
878 1324 1123 1388 Σαράπις
1152 1339 1210 1376 σε
1241 1325 1411 1393 φιλῶν
1443 1326 1749 1392 εἰσήνεγκε,
1797 1326 1859 1378 τὸ

263 1419 508 1488 πάτριον
551 1417 769 1470 είδωλον
824 1415 1039 1469 ἑαυτῶν
1083 1414 1463 1486 ὀνομάζοντες.
1497 1416 1705 1468 Αὐτίκα
1747 1415 1857 1485 γὰρ

265 1510 454 1578 ῥοπῆς
465 1509 720 1576 οὐδεμιᾶς
737 1506 1139 1577 παρελθούσης,
1155 1508 1185 1560 δ
1204 1508 1597 1576 προειρημένος
1610 1507 1854 1574 Μάγνος,

264 1605 295 1655 ό
322 1602 427 1671 τῆς
450 1599 708 1662 ἀσεϐείας
741 1597 894 1668 αὐτῷ
922 1597 1177 1660 κοινωνὸς
1210 1597 1542 1669 ἀδιαίρετος,
1583 1600 1676 1651 καὶ
1704 1598 1858 1671 δορυτ

262 1695 440 1761 φόρος
470 1692 665 1758 πικρὸς
703 1692 795 1744 καὶ
835 1691 1126 1761 σατράπης
1155 1688 1462 1759 ὠμότατος,
1496 1688 1857 1760 συναθροίσας
1893 1733 1934 1788 Β

268 1784 376 1836 καὶ
393 1782 462 1834 τά
478 1782 584 1836 ὑπὸ
606 1783 705 1851 τὴν
737 1781 931 1835 ἑαυτοῦ
959 1780 1217 1850 φροντίδα
1233 1780 1636 1850 ὲπανακείμενα
1653 1779 1859 1847 πλήθη.

266 1872 686 1941 πρεσϐυτέρους
732 1872 828 1924 καὶ
879 1870 1157 1932 διακόνους
1201 1868 1292 1923 τὸν
1312 1869 1547 1940 ἀριθμὸν
1576 1871 1860 1924 ἐννεακαί-

261 1959 408 2012 δεκα
449 1958 853 2026 συλλαϐόμενος
882 1998 896 2019 ,
928 1950 1002 2011 ὧν
1032 1974 1178 2021 τινες
1206 1957 1266 2011 τὺ
1303 1957 1657 2029 ὀγδοηκοστὸν
1691 1960 1862 2030 ὑπερ-

158 2096 161 2097 ,
265 2048 578 2118 ϐεϐήκασιν
634 2047 784 2133 ἔτος,ι
830 2046 905 2108 ὡς
950 2048 1181 2112 ἁλόντας
1214 2049 1308 2102 ἐπὶ
1346 2049 1581 2121 μυσαρῷ
1615 2068 1718 2104 τινι
1765 2053 1862 2105 καὶ

267 2139 425 2205 νόμῳ
495 2137 786 2206 Ῥωμαίων
840 2137 1375 2208 ἐχθρῷνδημόσιον.
1414 2141 1605 2208 ὁρίσας
1665 2143 1860 2211 κριτή-

266 2246 393 2299 ριον
422 2229 841 2301 κατηνάγκαξεν
868 2229 990 2297 (οὐκ
1016 2230 1173 2294 εἰδὼς
1199 2231 1326 2294 τοὺς
1348 2232 1489 2304 ὑπὲρ
1517 2233 1616 2301 τῆς
1656 2235 1859 2303 ἀρετῆς

262 2316 625 2386 Χριστιανῶν
656 2317 878 2388 νόμους)
902 2318 1002 2387 τὴν
1028 2320 1287 2390 πατρῴαν
1315 2314 1465 2392 παρά
1487 2321 1595 2374 τῶν
1624 2324 1857 2376 ἀποστό-

271 2409 393 2460 λων
429 2408 519 2460 διὰ
548 2409 656 2462 τῶν
693 2409 952 2479 Πατέρων
982 2409 1347 2465 ἀποδοθεῖσαν
1379 2414 1510 2483 ἡμῖν
1543 2415 1856 2483 προδιδόναι

264 2498 464 2551 πίστιν
486 2512 502 2529 ο
539 2498 801 2568 ἡδόμενον
831 2499 924 2552 ἐπὶ
955 2499 1130 2571 τούτῳ
1165 2503 1370 2554 καὶτὸν
1401 2502 1858 2575 φιλανθρωπότα-

262 2604 367 2639 τον
394 2585 707 2656 Άύγουστον
730 2590 1007 2645 Οὐάλεντα
1042 2593 1540 2662 διισχυριζόμενος·
1567 2596 1857 2666 Πείσθητε,

258 2678 527 2745 τάλανες,
561 2680 739 2749 λέγων
773 2681 986 2753 μεγάλῃ
1016 2685 1079 2753 τῇ
1113 2686 1290 2752 φωνῇ,
1316 2684 1395 2754 τῷ
1428 2686 1535 2738 τῶν
1563 2685 1858 2756 ’Δρειανῶν

262 2777 613 2842 φρονήματι,
653 2774 946 2844 πείσθητε’
989 2778 1442 2847 συγγνωμονήσει
1476 2779 1586 2849 γὰρ
1640 2781 1766 2850 ὑμῖν
1799 2782 1858 2835 τὸ

261 2863 454 2927 Θεῖον,
489 2864 593 2916 κᾶν
620 2864 794 2935 ἀληηῆ
820 2864 1011 2935 σέϐητε
1040 2865 1362 2936 θρησκείαν,
1394 2870 1492 2921 οὐκ
1520 2870 1859 2942 αὐθαιρέτως

264 2956 416 3007 ἀλλὰ
469 2954 608 3024 πρὸς
661 2957 909 3026 ἀνάγκην
952 2956 1109 3010 τοῦτο
1160 2956 1419 3029 πράξασι.
1475 2961 1551 3031 Τῇ
1610 2964 1709 3031 μὲν
1750 2966 1856 3036 γάρ

1958 489 2249 561 insipiens,
2280 490 2415 546 dicit
2443 510 2458 547 :
2486 491 2604 546 Non
2637 498 2722 545 est
2752 488 2899 543 Deus
2930 500 3095 541 verus
3123 481 3400 544 Christus,
3428 481 3523 534 sed

1957 583 2123 637 etiam
2165 583 2365 638 studiis
2409 584 2526 638 suis
2565 592 2621 638 et
2656 582 2772 653 ipse
2817 588 3113 648 corruptus
3152 585 3258 643 est,
3289 581 3348 629 et
3393 570 3530 626 alios

1958 672 2242 741 corrupit;
2296 671 2652 741 blasphemiis
2685 687 2806 741 quae
2858 669 2915 724 in
2962 667 3312 723 Servatorem
3345 660 3415 715 ab
3448 657 3530 714 eis

1958 764 2341 827 effunduntur,
2403 764 2496 833 qui
2559 776 2871 818 creaturam
2938 758 3219 831 przeterito
3268 755 3530 810 Creatore

1957 856 2168 919 colunt,
2202 855 2469 925 gaudens.
2505 853 2706 921 Quidni
2758 862 2942 907 autem
2989 851 3095 905 hoc
3135 849 3363 909 faceret,
3403 861 3528 899 cum

1959 945 2307 998 consimifein
2343 960 2467 998 cum
2499 943 2705 998 Graecis
2742 942 2999 997 obtinens
3026 953 3288 999 sensum,
3320 936 3530 990 cultum

1958 1032 2162 1087 audeat
2213 1033 2479 1087 exhibere
2531 1048 2726 1087 recens
2772 1031 3120 1102 promulgata
3166 1029 3311 1093 Deo,
3365 1027 3531 1081 homo

1959 1123 2496 1192 pestilentissimus?
2528 1124 2662 1178 Nam
2696 1126 2749 1191 in
2781 1125 2958 1193 ipsius
2985 1129 3283 1191 conspectu
3316 1119 3530 1189 eiusce-

1957 1214 2107 1269 modi
2154 1213 2459 1270 decantatas
2486 1224 2616 1270 sunt
2645 1215 2835 1269 laudes
2868 1230 2884 1269 :
2917 1213 3078 1286 159
3107 1211 3404 1281 Auspicato
3431 1208 3531 1262 ad-

1959 1304 2185 1370 venisti,
2219 1308 2499 1376 episcope,
2528 1307 2621 1375 qui
2646 1306 2841 1360 Filium
2863 1321 2972 1359 non
3001 1305 3174 1359 dicas.
3203 1300 3427 1370 Serapis
3455 1310 3529 1363 te,

1959 1397 2048 1449 cui
2098 1395 2300 1450 charus
2352 1412 2434 1460 es,
2472 1396 2755 1451 adduxit:
2792 1396 2974 1467 patrio
3019 1399 3099 1450 sic
3144 1409 3338 1447 eorum
3388 1392 3533 1445 idolo

1961 1487 2269 1542 nominato.
2301 1486 2602 1543 Confestim
2638 1496 2921 1542 momento
2956 1487 3105 1541 nullo
3140 1485 3531 1555 praetermisso,

1959 1577 2008 1632 is
2034 1593 2197 1647 quem
2231 1577 2475 1635 diximus
2506 1579 2755 1649 Magnus,
2788 1578 3279 1650 conjunctissimus
3314 1577 3393 1632 illi
3427 1577 3531 1630 im-

1958 1668 2183 1737 pietatis
2239 1669 2461 1735 socius,
2510 1680 2565 1724 et
2612 1670 2833 1726 satelles
2881 1669 3309 1734 acerbissimus,
3362 1679 3537 1724 satra-

1961 1775 2171 1831 pesque
2204 1762 2647 1827 crudelissimus,
2679 1763 2932 1819 collectis
2963 1778 3085 1833 quae
3120 1764 3223 1818 sub
3254 1763 3375 1833 ejus
3403 1773 3535 1816 curs

1962 1861 2094 1906 sunt
2140 1852 2490 1919 cohortibus,
2530 1852 2883 1925 presbyteros
2931 1862 2987 1909 et
3032 1852 3298 1908 diaconos
3341 1852 3535 1905 decem

1961 1950 2016 1995 et
2061 1954 2260 1996 novem
2311 1944 2757 2013 comprehendit,
2796 1954 3030 2014 quorum
3081 1942 3332 1998 nonnulli
3381 1951 3537 1997 octo-

1960 2031 2233 2103 gesimum
2274 2047 2564 2089 excessere
2603 2049 2835 2089 annum.
2886 2036 3067 2104 Atque
3103 2047 3200 2088 eos
3236 2047 3344 2086 non
3375 2031 3537 2084 aliter

1962 2131 2125 2191 atque
2158 2123 2210 2175 in
2241 2122 2610 2177 abominanda
2650 2125 2908 2193 qquiam
2939 2134 2996 2180 et
3024 2122 3240 2194 legibus
3271 2119 3540 2177 Romanis

1964 2213 2200 2267 adverso
2244 2213 2456 2269 scelere
2500 2223 2718 2283 captos,
2762 2215 2982 2285 publico
3023 2210 3275 2270 instituto
3300 2212 3534 2286 judicio,

1960 2317 2159 2373 cogere
2187 2304 2648 2374 (Christianorum
2697 2306 2920 2362 virtutis
2953 2307 3100 2378 leges
3136 2306 3441 2377 ignorans),
3479 2315 3539 2359 ut

1959 2396 2194 2465 patriam
2245 2396 2315 2451 ab
2355 2398 2622 2467 apostolis
2664 2413 2763 2467 per
2807 2398 3029 2454 Patrum
3075 2399 3403 2454 traditiones
3446 2414 3540 2452 ac-

1960 2495 2178 2558 ceptam
2231 2488 2393 2543 fidem
2445 2493 2766 2558 proderent,
2806 2502 3040 2545 conatus
3076 2498 3186 2546 est.
3242 2490 3429 2560 anue
3477 2506 3537 2544 re

1961 2570 2293 2637 delectatum
2329 2580 2397 2636 iri
2429 2580 2890 2637 humanissimum
2918 2584 3202 2640 Valentem
3228 2585 3535 2653 Augustum

1960 2672 2312 2727 conﬁrmavit
2361 2691 2375 2728 :
2422 2670 2762 2743 Sequimini,
2809 2690 2844 2728 ο
2893 2675 3115 2741 miseri,
3164 2691 3355 2746 magna
3402 2689 3537 2730 voce

1960 2766 2175 2828 dicens,
2214 2766 2547 2822 Arianorum
2601 2767 2976 2827 sententiam:
3024 2768 3344 2839 sequimini,
3380 2779 3437 2824 et
3480 2767 3536 2823 id

1961 2857 2285 2928 persuaderi
2333 2858 2492 2914 vobis
2545 2858 2826 2930 patimini.
2878 2860 3129 2930 Ignoscet
3179 2860 3328 2915 enim
3376 2860 3539 2915 vobis

1961 2951 2127 3015 Deus,
2162 2950 2383 3006 etiamsi
2434 2965 2617 3005 veram
2671 2951 2857 3007 colitis
2906 2952 3252 3021 religionem,
3288 2952 3383 3021 qui
3421 2967 3537 3007 non

264 3046 493 3116 ἀνάγκη
546 3046 812 3114 ἀπολογία
862 3046 1277 3117 περιλείπεταιο
1309 3049 1386 3120 τῷ
1441 3050 1499 3105 δὲ
1546 3051 1854 3125 αὐθαιρέτῳ

1958 3042 2193 3096 arbitrio
2223 3042 2279 3096 id
2312 3051 2517 3107 vestro,
2547 3041 2645 3097 sed
2678 3043 3007 3099 necessitate
3037 3043 3262 3099 adducti
3297 3042 3534 3100 faciatis.

263 3138 568 3192 ἀκολουθεῖ
613 3138 917 3208 κατηγορία
941 3154 955 3169 ο
999 3138 1077 3201 διὸ
1107 3138 1379 3203 τοιούτους
1413 3142 1707 3214 λογισμοὺς
1745 3146 1852 3218 πρὸ

260 3230 569 3299 ὀφθαλμῶν
629 3229 1151 3300 τιθέμενοι,ιηκετε
1205 3233 1480 3302 πρόθυμοι
1543 3231 1853 3308 μὲλλησμδν

261 3322 608 3392 ἀποθέμενοι
625 3322 826 3385 πάντα,
847 3323 1153 3394 τῷἈρείου
1176 3325 1583 3397 ὑπογράφοντες
1598 3329 1847 3399 δόγματι,

262 3411 295 3464 δ
336 3411 434 3464 νῦν
464 3411 725 3482 κηρύττει
754 3411 1013 3481 ὀνομαστὶ
1043 3412 1269 3465 Δούκιο·
1304 3413 1480 3482 λέγων
1508 3432 1522 3445 ·
1555 3414 1614 3469 εὖ
1649 3418 1850 3484 ειδότες

260 3504 349 3566 ὡς
399 3503 833 3573 πειθαρχοῦντες
854 3543 869 3567 ,
903 3504 1163 3574 χρήματα
1194 3506 1288 3557 καὶ
1318 3505 1519 3575 πόρους
1552 3508 1647 3560 καὶ
1684 3509 1854 3576 γέρας

264 3594 428 3665 παρὰ
459 3595 725 3665 βασιλέως
744 3588 915 3658 ἓξετεο
941 3594 1365 3664 ἀπαναινόμενοι
1393 3595 1470 3661 δὲ,
1498 3596 1730 3668 είρκτῆς
1759 3601 1853 3653 καὶ

265 3687 592 3759 στρεϐλῶν,
633 3691 724 3741 καὶ
760 3688 1029 3758 βασάνων,
1080 3695 1174 3742 καὶ
1222 3690 1525 3759 μαστίγων,
1557 3693 1653 3745 καὶ
1683 3691 1855 3763 δαμαο

264 3801 336 3834 στ
348 3781 519 3851 ηρίων
549 3783 746 3850 πεῖραν
773 3779 1013 3851 λήψεσθε
1036 3796 1050 3812 ·
1084 3783 1388 3852 χρημάτων
1430 3782 1567 3851 όμοῦ
1591 3784 1686 3836 καὶ
1716 3799 1854 3854 κτη-

266 3874 464 3943 μάτων
488 3871 858 3942 στερηθέντες,
877 3873 971 3925 καὶ
993 3872 1093 3941 τῆς
1112 3872 1371 3943 πατρίδος
1394 3875 1851 3941 μεταναστάντες,

263 3966 351 4024 εἰς
378 3960 651 4033 χαλεποὺς
690 3961 907 4029 οἰκῆσαι
947 3960 1145 4025 τόπους
1170 3962 1672 4033 κατακριθήσεσθε.
1710 3963 1853 4018 Ἀλλ’

263 4049 429 4118 οὗτος
462 4056 561 4125 μὲν
591 4056 617 4105 ὁ
648 4055 917 4120 γενναῖος,
948 4053 1139 4126 ἀγάπῃ
1181 4053 1278 4124 τὴν
1310 4054 1545 4124 ἀπειλὴν
1573 4058 1850 4127 κεράσας,

264 4146 693 4214 μεταναστῆσαι
736 4144 834 4212 τῆς
864 4142 1123 4205 εὐσεϐοῦς
1163 4143 1292 4208 τοὺς
1331 4146 1536 4210 πάντας
1567 4146 1660 4200 καί
1687 4148 1857 4217 πρού-

261 4238 503 4306 τρέπετο
526 4236 620 4289 καὶ
648 4235 1040 4303 κατηνάγκαζε
1078 4233 1306 4306 γνώμης
1328 4252 1341 4267 ·
1374 4235 1425 4289 ei
1444 4235 1498 4289 δὲ
1530 4238 1854 4307 πικρότερον

264 4328 511 4398 βασάνου
544 4328 723 4392 πάσης
761 4328 860 4395 τὴν
889 4329 966 4390 είς
1001 4325 1289 4380 εὐσέϐειαν
1312 4327 1609 4396 προδοσίαν
1639 4331 1852 4400 ἡγησά·

269 4434 430 4485 μενοι
465 4414 601 4487 (ἔχει
637 4419 747 4486 γάρ
774 4414 965 4482 οὕτω),
1002 4416 1233 4469 τοιοῖσδε
1258 4418 1398 4487 πρὸς
1417 4418 1582 4471 αὐτὸν
1608 4422 1851 4487 ἀναγκα-
1883 4406 1927 4459 1)

262 4508 495 4576 ξΰμενοι
522 4508 848 4578 ἀπήντησαν
869 4509 1133 4579 ῥήμασιν,
1163 4507 1332 4578 ἀρετῇ
1354 4509 1450 4561 καὶ
1471 4510 1703 4580 γενναίῳ
1724 4526 1854 4582 φρο.

263 4598 475 4664 νήματι
503 4596 639 4664 ὁμοῦ
668 4596 767 4667 τὴν
794 4598 1013 4664 ἀπάτην
1051 4600 1144 4649 καὶ
1168 4598 1268 4661 τὰς
1298 4598 1525 4662 ἀπειλὰς
1551 4601 1863 4679 ὐποτάξανη

261 4700 399 4763 τξςο
434 4685 689 4738 Πέπαυσο
738 4683 948 4748 λοιπὸν,
1005 4684 1255 4737 πέπαυσο
1302 4685 1510 4748 τούτοις
1555 4688 1700 4759 ἡμᾶς
1763 4691 1854 4742 ὲκ-

264 4774 457 4844 φοϐῶν
484 4776 598 4836 τοῖς
620 4774 886 4843 ῥήμασιν’
918 4771 1082 4843 ἔπεχε
1111 4774 1293 4826 εἰκαῖα
1324 4775 1621 4843 προφέρειν
1648 4778 1856 4845 ἐπιχαι-

269 4871 520 4939 ρήματα.
565 4866 756 4936 Ἡμεῖς
796 4866 905 4937 γὰρ
947 4864 1072 4918 οὐτε
1120 4866 1321 4932 νέηλυν
1370 4864 1494 4918 οὐτε
1536 4866 1853 4938 πρόσφατον

267 4962 524 5022 σέϐοντες
559 4959 713 5034 Θεδν,
758 4958 861 5013 κᾶν
911 4958 1220 5028 ὲπαφρίζῃς
1282 4958 1565 5028 κυμαίνων
1604 4959 1728 5027 είκῆ
1757 4962 1854 5014 καὶ

266 5054 631 5124 προσρήσσης
677 5051 755 5114 ὡς
778 5049 955 5120 βίαιος
986 5048 1208 5118 ἄνεμος,
1249 5049 1346 5117 τῆς
1387 5049 1669 5112 εὐσεϐείας
1723 5052 1850 5121 ἀχρι

266 5147 508 5199 θανάτου
550 5142 1021 5214 ὲμπολιτευόμεθα
1053 5142 1316 5212 δόγμασιν
1347 5160 1361 5172 ·
1396 5142 1499 5195 οὐκ
1530 5141 1807 5212 ἀδύναμον
1829 5184 1845 5210 ,

267 5242 373 5292 οὐκ
405 5240 627 5307 ἄσοφον,
652 5236 715 5290 οὐ
746 5235 917 5306 χωρὶς
937 5235 1197 5306 ἀληθείας
1230 5233 1448 5288 πώποτε
1475 5235 1847 5304 φρονήσλντες

261 5335 401 5388 Θεόν
424 5349 439 5365 ·
484 5332 545 5385 οὐ
596 5330 726 5384 ποτε
759 5331 859 5401 μὲν
909 5328 1039 5383 ὅντα
1071 5329 1310 5400 Πατέρα,
1341 5329 1468 5382 ποτὲ
1495 5330 1551 5382 δὲ
1584 5329 1664 5401 μὴ
1693 5329 1843 5395 ὅντα,

267 5422 413 5476 κατά
434 5421 528 5474 τὸν
553 5418 791 5489 δυσσεϐῆ
811 5416 1003 5471 τοῦτον
1023 5417 1318 5489 ’Δρεια.δν,
1348 5417 1600 5488 κρονικόν
1622 5419 1656 5490 ἢ
1677 5421 1846 5489 πρόσ-

268 5530 463 5584 καιρόν
522 5509 840 5575 δοξάζοντες
890 5508 984 5562 τὸν
1018 5508 1165 5562 Υίόν.
1197 5510 1259 5562 Et
1288 5510 1395 5580 γὰρ
1444 5509 1653 5581 κτίσμα
1702 5511 1847 5565 κατά

254 5609 394 5667 ,τοὺς
452 5601 853 5675 Δρειομανίτας
874 5603 904 5656 ό
938 5601 1090 5668 Υίδς,
1126 5600 1224 5671 οὐχ
1256 5602 1518 5673 ὑπάρχων
1546 5601 1721 5672 Πατρὶ
1764 5603 1845 5668 είς

265 5701 325 5750 si.
376 5693 512 5750 εἶναι
556 5696 922 5759 συστήσεται,
956 5695 1048 5750 καὶ
1083 5696 1111 5748 ό
1166 5694 1353 5765 Πατὴρ
1388 5693 1486 5765 οὐχ
1532 5693 1845 5765 ὑφεστῶτος

1954 3134 2280 3191 Necessitati
2334 3150 2572 3204 namque
2605 3150 2703 3190 sua
2742 3134 2953 3205 reliqua
2987 3143 3074 3192 est
3104 3136 3357 3192 defensio
3389 3154 3402 3191 :
3442 3150 3537 3191 vo-

1952 3227 2166 3282 luutate
2206 3236 2393 3282 autem
2433 3243 2531 3282 sua
2573 3226 2830 3281 consulto
2879 3227 3183 3298 quidquam
3233 3228 3529 3285 facientem

1955 3320 2168 3373 crimen
2207 3327 2267 3374 et
2311 3320 2592 3375 accusatio
2630 3322 3013 3391 consequitur.
3043 3320 3404 3391 Quapropter
3442 3337 3530 3376 ra-

1955 3408 2133 3466 tiones
2146 3410 2413 3482 ejusmodi
2432 3411 2503 3465 ob
2519 3412 2707 3466 oculos
2723 3411 2879 3466 vobis
2898 3421 3186 3482 ponentes,
3208 3414 3352 3466 nulla
3374 3427 3528 3467 mora

1956 3501 2301 3572 interposita,
2330 3502 2626 3572 propensis
2654 3503 2855 3558 animis
2885 3502 2954 3558 ad
2985 3511 3172 3573 partes
3205 3503 3370 3559 hasce
3399 3518 3532 3558 eon-

1954 3598 2152 3663 cedite,
2185 3605 2240 3652 et
2268 3598 2480 3667 Ariano
2512 3597 2754 3670 dogmati
2790 3598 3148 3664 subscribite,
3190 3600 3337 3669 quod
3380 3614 3532 3654 nunc

1957 3689 2289 3743 nominatim
2322 3688 2530 3744 Lucius
2565 3688 2827 3758 praedicat
2858 3706 2874 3742 :
2907 3688 3043 3744 illud
3076 3703 3395 3759 persuasum
3429 3688 3532 3743 ha-

1957 3779 2173 3846 bentes,
2203 3781 2249 3835 si
2285 3780 2436 3836 dicto
2469 3782 2739 3852 principis
2774 3782 3066 3837 audientes
3093 3781 3329 3844 fueritis.
3366 3796 3530 3850 pecu-

1957 3872 2099 3932 nias,
2131 3886 2265 3942 opes
2295 3881 2350 3926 et
2385 3872 2624 3926 honores
2658 3873 2972 3942 accipiens;
3009 3874 3095 3926 sin
3149 3877 3527 3928 contra.nite-

1955 3961 2130 4026 mini,
2179 3975 2492 4026 carcerem,
2547 3960 2827 4026 ﬁdiculas,
2875 3971 3184 4029 tormenta,
3231 3961 3430 4032 ﬂagra,
3473 3974 3531 4019 et

1954 4051 2303 4127 coerciouem
2338 4052 2740 4122 experiemini;
2785 4059 2843 4109 et
2887 4066 3013 4108 cum
3060 4054 3315 4125 pecuniis
3348 4055 3525 4119 simul

1954 4153 2007 4196 et
2061 4141 2507 4211 possessionibus
2555 4143 2798 4208 multati.
2845 4154 2957 4200 tum
3006 4146 3184 4215 patria
3230 4146 3423 4218 ejecti,
3458 4148 3527 4203 ad

1956 4233 2072 4287 loca
2124 4232 2263 4288 dura
2316 4241 2375 4288 et
2422 4234 2610 4304 gravia
2664 4234 2957 4291 incolenda
3003 4237 3528 4297 condemnabimini.

1956 4325 2036 4380 Ita
2081 4325 2304 4394 quidem
2342 4341 2644 4397 generosus
2677 4328 2749 4397 (si
2797 4329 2911 4385 Deo
2944 4329 3146 4400 placet)
3194 4330 3311 4395 vir,
3352 4332 3531 4387 minas

1955 4418 2228 4474 charitate
2268 4427 2602 4489 temperans.
2633 4420 3021 4476 cohortatione
3058 4422 3225 4477 simul
3257 4432 3314 4478 et
3342 4437 3531 4479 neces-

1955 4511 2136 4576 sitate,
2179 4527 2211 4566 a
2266 4512 2353 4583 pia
2406 4513 2680 4567 sententia
2727 4529 2921 4567 omnes
2969 4515 3243 4570 abducere
3289 4516 3528 4572 volebat.

1956 4605 2026 4659 At
2074 4605 2150 4659 illi
2195 4605 2531 4660 cruciatibus
2580 4605 2841 4660 omnibus
2886 4607 3108 4676 pietatis
3152 4607 3524 4677 proditionem

1957 4697 2304 4752 acerbiorem
2352 4711 2473 4751 esse
2525 4706 2802 4766 putantes,
2844 4704 2903 4752 et
2953 4706 3103 4753 recte
3153 4699 3377 4768 quidem
3425 4700 3528 4767 (sic

1956 4785 2104 4839 enim
2134 4800 2222 4839 res
2251 4784 2464 4851 habet),
2491 4785 2871 4853 hujuscemodi
2897 4786 2948 4840 ei
2975 4786 3156 4841 verbis
3185 4790 3522 4854 necessario,

1957 4875 2163 4929 virtute
2192 4883 2247 4927 et
2280 4873 2467 4926 animo
2498 4874 2778 4942 prasenti,
2813 4873 3044 4930 insidias
3071 4876 3243 4931 sitnul
3262 4886 3319 4930 et
3347 4877 3524 4933 minas

1953 4965 2075 5033 ejus
2125 4962 2475 5029 refellentes,
2528 4961 2749 5020 obviam
2805 4964 2921 5020 iere
2958 4982 2972 5019 :
3013 4965 3213 5023 Desine
3262 4968 3518 5033 tandem,

1953 5056 2142 5110 desine
2175 5054 2374 5109 talibus
2404 5069 2506 5110 nos
2537 5062 2748 5111 terrere
2777 5056 3000 5113 verbis:
3046 5056 3350 5116 intermitte
3381 5076 3520 5116 vana

1950 5148 2149 5204 atferre
2167 5148 2581 5219 epicheremata.
2595 5158 2653 5204 et
2675 5150 3082 5220 aggressiones.
3109 5152 3220 5209 Nos
3245 5153 3518 5224 siquidem

1950 5257 2131 5310 neque
2182 5254 2457 5310 nuperum
2504 5254 2687 5310 neque
2732 5241 3002 5298 novitium
3038 5245 3285 5300 colentes
3321 5244 3518 5311 Deum,

1950 5333 2206 5403 quamvis
2241 5331 2508 5388 ﬂuctibus
2536 5331 2742 5390 frustra
2777 5342 3092 5392 tumescens
3123 5336 3437 5405 despumes,
3464 5343 3522 5391 et

1952 5435 2212 5501 tauquam
2251 5422 2528 5495 violentus
2566 5435 2767 5481 ventus
2800 5426 3112 5491 incumbas,
3149 5426 3309 5496 160
3338 5436 3516 5481 tamen

1948 5516 2015 5570 ad
2073 5526 2306 5570 mortem
2360 5529 2534 5585 usque
2587 5515 2645 5570 in
2693 5530 2836 5571 verm
2887 5516 3111 5586 pietatis
3166 5515 3519 5586 dogmatibus

1948 5607 2380 5678 perdurabimus
2416 5623 2431 5660 :
2467 5622 2578 5661 non
2627 5605 2952 5673 invalidum,
2992 5621 3102 5662 non
3140 5606 3514 5677 insipientem,

1950 5710 2059 5753 non
2091 5713 2119 5750 a
2152 5696 2383 5751 veritate
2414 5695 2727 5772 sejunctum
2753 5694 3043 5753 credentes
3078 5705 3243 5769 atque
3269 5697 3516 5755 colentes
