3986 6190
398 317 504 377 663

1505 323 1515 334 ⁸
1601 317 2020 379 NICEPIIORI
2056 324 2395 383 CALLIS’H

3545 328 3651 388 (Μ

404 436 609 495 Eeum;
661 443 840 498 neque
889 428 985 497 qui
1035 427 1335 497 aliquando
1382 429 1605 498 quidem
1655 431 1821 486 fuerit
1864 432 1965 487 Pa-

2069 437 2159 489 τοῦ
2216 437 2365 499 Υίοῦ,
2413 436 2624 505 οὑκ-ὥν
2657 453 2787 489 ποτε
2823 438 2946 494 κατ’
2997 438 3195 503 αὐτοὺς
3242 441 3450 511 Πατήρ.
3492 441 3556 494 Εἰ
3590 444 3649 495 δὲ

400 535 537 578 trem
574 521 674 592 (l),
709 519 1004 590 aliquando
1052 532 1234 573 autem
1280 536 1387 575 non
1436 521 1807 592 fuerit,juxta
1856 524 1960 578 im-

397 614 549 683 pium
603 614 750 667 hunc
795 611 1084 674 Ariauutn,
1124 613 1478 681 temporalem
1518 623 1613 668 aut
1654 626 1961 670 momenta-

398 720 559 759 ueum
592 707 879 773 cpinautes
910 702 1132 757 Filium.
1158 702 1292 756 Nam
1324 703 1392 767 si,
1418 712 1476 758 ut
1504 703 1750 760 furentes
1774 706 1961 761 Ariani

398 796 609 856 volunt,
656 801 912 848 creatura
964 802 1048 848 est
1100 794 1298 857 Filius,
1344 810 1453 849 non
1499 797 1768 851 exsistens
1818 798 1962 852 Patri

394 886 1232 953 «ﬁmoﬁmo;consubstantialis,
1257 903 1325 943 eo
1354 889 1519 942 etiam
1552 898 1609 943 ut
1642 905 1747 943 non
1773 890 1961 957 fuerit,

396 978 738 1047 redigeretur
788 976 973 1042 Pater,
1008 995 1116 1032 non
1162 980 1498 1035 subsistente
1539 981 1751 1036 scilicet
1801 982 1961 1045 Filio,

394 1084 502 1121 non
552 1070 823 1123 exsistens
868 1070 1184 1138 aliquando,
1222 1072 1522 1124 secundum
1572 1071 1742 1140 ipsos,
1777 1073 1959 1126 Pater.

394 1158 489 1211 Sin
520 1173 739 1228 semper
771 1159 935 1213 Pater
978 1170 1085 1223 est,
1116 1161 1451 1215 subsistente
1482 1161 1741 1216 videlicet
1768 1162 1862 1230 qui
1896 1178 1963 1216 ex

391 1265 460 1301 eo
490 1260 574 1303 est
608 1264 737 1303 vero
768 1249 974 1317 (Filso‘,
1006 1260 1060 1303 et
1097 1252 1320 1317 quidem
1362 1265 1467 1302 non
1496 1251 1651 1319 juxta
1687 1249 1961 1303 deflexum

393 1342 659 1409 germinis
709 1340 1092 1410 (perpessioui
1140 1342 1285 1403 enim
1339 1341 1483 1395 Deus
1534 1342 1804 1396 obnoxius
1856 1358 1962 1396 nou

391 1432 535 1503 est);
591 1434 871 1502 quomodo
923 1448 1028 1485 non
1078 1447 1271 1486 amens
1325 1440 1382 1487 et
1432 1431 1657 1487 insanus
1700 1441 1818 1496 est,
1868 1434 1962 1502 qui

392 1525 564 1580 fuisse
594 1525 894 1596 aliquando
926 1525 1205 1595 opinatur,
1236 1540 1361 1579 cum
1400 1540 1508 1579 non
1551 1526 1713 1579 fuerit
1748 1526 1918 1580 Filius
1946 1544 1960 1580 :

391 1633 491 1687 per
533 1632 697 1688 quem
746 1618 932 1672 omnia
983 1625 1042 1670 ut
1092 1625 1312 1680 essent,
1357 1617 1658 1671 secundum
1704 1620 1959 1687 gratiam,

2069 528 2157 581 ἀεὶ
2205 529 2397 598 Πατήρ
2445 530 2613 593 ἐστιν,
2649 529 2960 597 ὑφεστῶτος
2988 528 3233 598 δηλονότι
3266 530 3360 584 τοῦ
3391 531 3453 597 ἐξ
3479 534 3647 585 αὐτοῦ

2066 618 2347 689 ἀληθινοῦ,
2388 621 2483 672 καὶ
2513 618 2573 672 οὐ
2611 620 2734 673 κατ’
2769 621 3073 693 ἀπόρροιαν
3102 622 3446 690 γεννήματος
3480 624 3650 691 (άπα-

2067 712 2167 780 θὴς
2193 714 2301 783 γάρ
2334 714 2364 765 δ
2395 713 2562 779 Θεός)
2590 730 2603 743 ·
2636 712 2752 775 πῶς
2781 713 2881 767 οὐκ
2911 715 3103 783 ἄφρων
3134 716 3232 768 καὶ
3264 717 3565 786 μανιώδης,
3594 720 3648 779 ὁ.

2066 802 2173 858 Ἦν
2213 806 2298 857 ὅτε
2329 806 2427 857 οὐκ
2474 802 2565 877 ἦν,
2598 806 2811 874 φρονῶν
2854 807 2946 858 τδν
2980 807 3124 873 Υίὸν,
3157 807 3224 859 δι’
3265 800 3328 860 οὗ
3360 809 3429 861 τὰ
3469 809 3648 862 πάντα

2066 897 2147 959 είς
2175 897 2235 947 τὸ
2263 893 2403 949 εἶναι
2432 898 2576 949 κατά
2603 898 2765 967 χάριν
2800 899 3076 969 συνέστης
3110 899 3174 951 0i
3221 898 3352 965 γοῦν
3384 899 3650 969 ἡμέτεροι

2065 989 2207 1041 κατά
2241 991 2418 1042 πᾶσαν
2440 989 2537 1059 τὴν
2565 989 2894 1057 οἰκουμένην
2920 990 3190 1060 Πατὲρες,
3212 983 3287 1043 ὧν
3314 991 3648 1054 ἐκπεσόντες

2066 1073 2210 1134 οὗτοι
2240 1082 2463 1144 εἰκότως
2496 1083 2774 1151 ἀπάτορες
2822 1082 3140 1149 γεγόνασιν,
3178 1086 3237 1136 ἐν
3264 1083 3468 1153 Νικαίᾳ
3514 1101 3645 1134 συν-

2065 1174 2336 1238 ελθόντες,
2376 1174 2875 1243 ἀναθεματίσαντες
2903 1175 3003 1245 τὴν
3041 1176 3259 1245 ’Ἀρείου
3296 1175 3646 1238 κακοδοξίαν,

2064 1259 2131 1335 ἧς
2150 1265 2177 1314 δ
2208 1265 2471 1333 νεώτερος
2488 1259 2641 1324 οὗτος
2663 1264 2756 1317 νῦν
2778 1266 3128 1333 προΐσταται,
3151 1267 3248 1333 οὐχ
3279 1266 3645 1329 ἐτεροοὺσιον,

2066 1355 2094 1406 ὃ
2123 1354 2217 1406 νῦν
2245 1356 2390 1422 ἡμᾶς
2421 1357 2598 1408 εἰπεῖν
2619 1357 3080 1422 καταναγκάζεις,
3108 1357 3200 1410 τὸν
3232 1358 3358 1410 Υίὸν
3384 1358 3648 1428 εἰρήκασι

2065 1440 2161 1493 τοῦ
2193 1442 2427 1511 Πατρός,
2452 1443 2568 1495 ἀλλ’
2594 1445 2658 1496 ὲκ
2681 1447 2783 1513 τῆς
2812 1444 2978 1496 αὐτοῦ
3004 1444 3192 1506 οὐσίας
3214 1459 3228 1474 ο
3252 1444 3280 1497 δ
3309 1445 3495 1507 καλῶς
3526 1445 3651 1514 μετ’

2069 1529 2326 1594 εὐσεϐοῦς
2372 1532 2613 1596 διανοίας
2639 1535 2956 1603 νοήσαντες,
3003 1535 3066 1587 ἐκ
3102 1533 3305 1604 πολλῆς
3338 1538 3449 1587 τῶν
3480 1534 3648 1589 θείων

2072 1622 2335 1691 ῥημάτων
2368 1622 2634 1692 συλλογῆς
2660 1626 2949 1693 ὁμοοὺσιον
2971 1626 3356 1696 ὡμολόγησαν.

390 1715 733 1770 i-onstitere?
772 1714 957 1770 Nostri
993 1714 1160 1785 igitur
1193 1730 1261 1768 ex
1291 1714 1424 1769 orbe
1458 1715 1722 1770 universo
1788 1716 1997 1781 Patres,
2037 1733 2069 1772 α
2133 1719 2337 1788 quibus
2368 1720 2689 1775 excidentes
2719 1722 2810 1776 isti
2843 1720 3042 1777 merito
3071 1723 3369 1793 ἀπάτορες,
3401 1722 3510 1778 hoc
3536 1732 3646 1783 est.

390 1809 511 1864 sine
561 1815 738 1877 patre,
781 1806 915 1861 laeti
962 1817 1114 1870 sunt,
1156 1807 1352 1861 Nicaeae
1398 1808 1597 1872 coacti,

392 1914 539 1957 tnate
576 1904 848 1973 jugulata,
890 1919 996 1956 non
1049 1903 1415 1972 ἑτεροούσιον,
1481 1904 1586 1959 hoc
1618 1914 1724 1966 est,

1673 1823 1840 1877 prava
1888 1809 2001 1863 Arii
2042 1810 2324 1880 opinione,
2365 1828 2528 1881 quam
2586 1814 2774 1884 junior
2802 1814 2905 1869 iste
2934 1830 3084 1869 nunc
3113 1816 3383 1881 defendit,
3410 1816 3644 1871 anathe-

1803 1906 2031 1961 alterius
2070 1907 2417 1975 substantiae,
2459 1909 2605 1978 quod
2654 1927 2799 1965 nunc
2843 1926 2947 1966 nos
2989 1911 3176 1966 dicere
3218 1926 3416 1983 cogere
3450 1913 3647 1976 vultis.

394 1992 591 2048 l-‘iliutn
627 2011 658 2049 a
698 1994 858 2049 Patre
899 1995 1177 2061 dixerunt,
1213 2011 1403 2048 verum
1470 2011 1539 2051 ex
1583 1998 1703 2067 ejus
1746 1999 2074 2055 substantia.
2137 1998 2293 2066 Quod
2363 2002 2443 2055 sic
2482 2016 2581 2070 per
2618 2002 2762 2071 piam
2796 2000 3128 2058 sententiam
3200 2004 3305 2057 rite
3338 2004 3648 2075 intelligen-

392 2100 508 2152 tes,
559 2107 623 2146 ex
669 2091 859 2145 multis
909 2091 1223 2145 divinorum
1276 2093 1569 2146 verborum
1620 2094 1958 2162 argumentis
1995 2095 2300 2163 δμοούσιον,
2335 2098 2824 2162 consubstantiale,
2860 2108 2990 2153 sunt
3022 2101 3277 2170 professi.

469 2188 649 2241 «Talia
677 2200 842 2256 atque
867 2188 951 2240 his
971 2188 1173 2241 similia
1202 2204 1325 2241 cum
1352 2184 1641 2253 dixissent,
1665 2190 1718 2243 in
1744 2204 1963 2244 carcere

2136 2193 2216 2244 Τά
2244 2193 2306 2260 δὴ
2337 2194 2561 2245 τοιαῦτα
2590 2195 2682 2247 καὶ
2732 2199 2797 2247 τά
2830 2196 3039 2258 τούτοις
3069 2197 3431 2268 παραπλήσια
3462 2196 3650 2263 λέγον-

390 2296 489 2335 eos
521 2281 719 2336 diebus
753 2280 938 2335 multis
973 2280 1192 2345 habuit,
1225 2284 1476 2336 luturum
1521 2291 1695 2346 ratus,
1726 2293 1843 2336 uta
1876 2284 1964 2352 pia

393 2373 703 2427 dimoveret
750 2373 1043 2427 sententia.
1098 2373 1177 2426 Illi
1229 2384 1448 2438 autem,
1499 2372 1961 2442 quemadmodum

391 2464 807 2535 generosissimi
856 2465 1066 2535 quique
1112 2465 1374 2529 athlet:e,
1424 2464 1480 2518 in
1529 2465 1704 2519 sta-tio
1755 2478 1961 2519 metum

390 2574 613 2614 omnem
654 2558 1093 2629 exstinguentes,
1129 2567 1186 2613 et
1228 2559 1438 2627 seipsos
1485 2574 1580 2626 per
1635 2558 1837 2612 liviuas
1876 2574 1967 2613 co.

390 2652 690 2720 gitationes
720 2652 957 2707 fortibus
987 2653 1209 2707 Patrum
1252 2651 1410 2706 factis
1451 2650 1811 2714 instruentes,
1845 2651 1966 2705 ﬁdi-

392 2744 545 2798 culas
590 2744 758 2798 etiam
808 2744 955 2812 ipsas
1007 2753 1064 2797 et
1111 2750 1387 2798 tormenta
1434 2757 1534 2812 pro
1578 2742 1863 2811 gymnasio
1908 2753 1965 2796 et

391 2837 661 2891 exercitio
711 2836 939 2891 virtutis
988 2836 1275 2898 habentes,
1324 2834 1676 2890 fortissimam
1724 2835 1793 2889 de
1835 2850 1961 2888 vera

392 2930 600 2999 pietate
622 2931 920 2986 obtinuere
951 2941 1215 2984 mentem.
1244 2930 1423 2999 Atque
1449 2932 1531 2986 eis
1557 2931 1651 2999 qui
1687 2929 1959 2983 theatrum

392 3031 449 3077 et
493 3022 892 3090 spectaculum,
945 3032 1004 3075 ut
1055 3023 1250 3076 beatus
1300 3023 1600 3092 Apostolus
1650 3020 1863 3085 scribit,
1908 3029 1964 3074 et

2065 2301 2165 2348 τας
2212 2284 2496 2354 καθεῖρξεν
2525 2288 2748 2357 ἡμερῶν
2787 2288 3019 2353 πολλῶν,
3073 2289 3321 2358 οἰόμενος
3347 2289 3446 2357 τῆς
3491 2289 3648 2340 εὐσε-

2068 2376 2196 2439 ϐοῦς
2227 2378 2611 2446 μετακινήσειν
2643 2376 2892 2448 γνώμης.
2924 2378 2992 2431 ΟΣ
3015 2379 3073 2432 δὲ
3100 2378 3328 2449 μᾶλλον,
3361 2377 3554 2447 ῶσπερ
3584 2380 3647 2431 ἐν

2072 2468 2271 2537 σταδίῳ
2297 2469 2404 2521 τῶν
2435 2467 2682 2537 ἀθλητῶν
2715 2470 2765 2521 oi
2794 2470 3196 2538 γενναιότατοι,
3224 2468 3431 2523 δειλίαν
3460 2472 3647 2523 πᾶσαν

2069 2558 2493 2624 ἀποσϐέσαντες,
2525 2559 2914 2628 ἐπαλείφοντες
2942 2562 3168 2623 ἑαυτοὺς
3196 2564 3309 2624 τοίς
3331 2561 3439 2613 τῶν
3472 2562 3644 2614 Πατέ-

2070 2670 2178 2721 ρων
2206 2652 2294 2707 διὰ
2323 2653 2483 2706 θείων
2509 2653 2783 2722 λογισμῶν
2812 2654 3294 2722 ἀνδραγαθήμασι.
3326 2654 3647 2721 γενναιότα-

2069 2759 2160 2795 τον
2176 2738 2331 2813 ,εἶχον
2354 2743 2482 2814 περὶ
2511 2743 2609 2814 τὴν
2635 2744 2918 2797 εὐσέϐειαν
2939 2744 3000 2796 τὸ
3030 2745 3309 2815 φρόνημα,
3336 2746 3645 2812 γυμνάσιον

2070 2837 2271 2906 ἀρετῆς
2291 2837 2389 2899 τὰς
2416 2837 2680 2907 στρέϐλας
2707 2837 3024 2907 ἡγούμενοι.
3045 2836 3203 2892 Οῦτω
3230 2838 3411 2891 τοίνυν
3438 2838 3646 2904 ἀγωνι-

2072 2928 2336 2998 ζομένων,
2388 2930 2482 2985 καὶ
2526 2930 2787 2999 θέατρον,
2815 2929 2891 2993 ὡς
2933 2932 2963 2983 ὁ
3015 2929 3286 2999 μακάριος
3318 2929 3646 2992 ’Λπόστολος

2071 3024 2295 3090 γράφει,
2323 3021 2631 3089 γενομένων
2664 3020 2758 3071 καὶ
2781 3019 3034 3086 ἀγγέλοις
3058 3020 3151 3071 καὶ
3180 3016 3514 3086 ἀνθρώποις,
3549 3018 3647 3066 ἐπ-

395 3114 606 3182 angelis
649 3124 706 3169 et
744 3114 1064 3168 hominibus
1110 3116 1239 3168 facti
1280 3123 1482 3173 esseut.
1518 3115 1599 3167 sic
1632 3112 1960 3171 decertanti-

2071 3113 2289 3182 ἐτρεχεν
2317 3115 2350 3182 ἡ
2376 3112 2530 3175 πόλις
2550 3111 2762 3176 ἅπασα,
2787 3111 3027 3180 ἀθλητὰς
3055 3109 3361 3179 θεασομένη
3376 3107 3643 3179 Χριστοῦ,

396 3206 502 3260 bus
560 3206 803 3260 accurrit
858 3207 1052 3261 civitas
1111 3208 1406 3270 universa,
1463 3205 1669 3261 Christi
1732 3205 1967 3258 athletas

394 3309 735 3371 spectatura,
787 3303 879 3371 qui
934 3303 1264 3366 constantia,
1303 3302 1613 3371 torquentis
1657 3299 1969 3369 quaesitoris

394 3391 691 3446 vincebant
737 3393 924 3461 flagra,
958 3404 1015 3447 et
1044 3408 1143 3461 per
1173 3394 1491 3462 patientiam
1523 3402 1728 3463 tropzea
1773 3401 1966 3447 contra

396 3484 735 3552 impietatem
779 3484 1116 3548 statuebant,
1156 3484 1605 3554 triumphumque
1649 3485 1717 3539 de
1754 3486 1966 3538 Ariauis

393 3576 732 3631 exhibebant
766 3594 780 3631 :
816 3591 940 3631 rum
983 3578 1206 3646 quidem
1253 3578 1486 3632 acerbus
1534 3578 1638 3631 iste
1685 3577 1966 3637 inimicus,

394 3681 491 3720 eos
520 3681 618 3734 per
646 3667 821 3720 minas
859 3675 915 3719 et
954 3667 1184 3721 insidias
1211 3668 1314 3721 sibi
1349 3669 1648 3735 subjectos,
1681 3682 1739 3721 se
1767 3667 1849 3721 eis
1871 3667 1965 3736 qui
2000 3723 2002 3725 ,

396 3760 452 3812 in
497 3757 777 3811 Christum
835 3758 988 3826 impii
1040 3767 1191 3824 sunt,
1241 3759 1553 3812 tlediturum
1604 3754 1964 3814 existimaret.

397 3853 654 3907 Sedenim
714 3861 1118 3906 tormentorum
1167 3852 1218 3903 vi
1267 3862 1323 3904 et
1374 3852 1577 3921 impr-tu
1626 3868 1724 3921 per
1775 3868 1970 3923 graves

396 3944 822 3999 adiuventiones
867 3944 978 4013 jam
1020 3944 1291 4003 defessus,
1331 3945 1530 4012 populo
1581 3944 1731 3997 omni
1787 3945 1970 3998 multi-

398 4037 590 4092 l‘ariam
633 4036 847 4106 ploratu
895 4036 1048 4089 vario
1077 4037 1401 4103 quiritaute,
1429 4039 1660 4089 acerbus
1692 4036 1782 4090 ille
1815 4045 1872 4089 et
1902 4035 1970 4088 ab

397 4130 546 4183 omni
593 4127 937 4183 humanitate
970 4128 1186 4182 alienus
1215 4128 1497 4194 quarsitor,
1541 4128 1694 4196 161
1743 4128 1969 4181 collecta

401 4235 624 4274 rursum
656 4219 724 4271 ad
759 4217 1082 4272 dissolutam
1115 4218 1495 4272 confusionem
1530 4234 1692 4271 manu
1727 4218 1816 4271 illa
1849 4230 1967 4282 sua,

399 4313 466 4365 ad
519 4306 793 4379 judicium
840 4307 985 4371 illos,
1016 4322 1113 4361 seu
1162 4310 1345 4375 potius
1385 4307 1450 4360 ad
1499 4308 1784 4375 pristinam
1830 4322 1969 4375 prae-

2070 3205 2336 3274 καρτερίᾳ
2385 3201 2476 3254 τοῦ
2520 3183 2903 3272 βασανίζοντδς
2944 3201 3199 3255 δικαστοῦ
3236 3201 3502 3262 νικῶντας
3543 3200 3645 3261 τὰς

2070 3297 2371 3365 μάστιγας,
2436 3295 2530 3349 καὶ
2582 3296 2820 3363 τρόπαια
2876 3293 2946 3346 δι’
3013 3294 3296 3362 ὑπομονῆς
3343 3291 3484 3344 κατά
3510 3293 3645 3343 ἀσε-

2068 3384 2221 3445 ϐείας
2266 3383 2614 3450 ἐπαίροντας,
2650 3383 2742 3434 καί
2798 3380 3102 3452 θριάμϐους
3152 3383 3290 3435 κατά
3328 3379 3645 3446 -Ἀρειανῶν

2068 3473 2578 3543 ἐπιδεικνυμένους·
2619 3471 2713 3535 οὓς
2746 3471 3019 3536 ὑποτάξας
3049 3474 3078 3524 ὁ
3126 3471 3321 3541 πικρὸς
3359 3465 3514 3533 οὗτος
3546 3486 3645 3520 ποι

2067 3570 2254 3639 λέμιος
2273 3569 2339 3621 δι’
2364 3567 2607 3620 ἀπειλῶν
2638 3568 2730 3619 καὶ
2758 3566 2999 3635 ἀπάτης,
3025 3568 3135 3627 τοῖς
3154 3567 3233 3627 εἰς
3261 3564 3495 3633 Χριστὸν
3517 3562 3649 3615 ἀσε-

2069 3659 2256 3711 ϐοῦσιν
2308 3656 2566 3710 ἐκδώσειν
2596 3658 2866 3724 ἐνόμιζεν.
2917 3656 3304 3723 ’Δποκακήσας
3353 3652 3646 3722 τοιγαροῦν

2068 3754 2185 3813 ταῖς
2214 3749 2323 3803 τῶν
2358 3749 2609 3819 βασάνων
2638 3748 2705 3800 δι’
2741 3747 2985 3811 ἐπινοίας
3015 3747 3259 3817 χαλεπῆς
3290 3745 3644 3815 προσϐολαῖς,

2071 3846 2325 3898 ἁπάντων
2357 3844 2467 3897 τῶν
2493 3844 2637 3897 λαῶν
2676 3841 3021 3910 ὀδυρομένων
3068 3840 3324 3904 ποικίλως
3351 3840 3442 3893 διὸ.
3470 3840 3644 3893 πολλά

2069 3936 2146 4003 τῷ
2194 3935 2395 4005 θρήνῳ,
2425 3935 2455 3987 ὀ
2492 3933 2685 4002 πικρὸς
2714 3933 2807 3985 καὶ
2841 3931 3021 4001 πάσης
3061 3932 3306 3985 ἀποδέων
3338 3931 3646 4000 φιλανθρω-

2073 4031 2223 4092 πίας,
2271 4029 2341 4081 τά
2376 4027 2581 4097 συνήθη
2621 4027 2784 4081 πάλιν
2817 4026 2955 4098 πρδς
3005 4027 3233 4090 ἀταξίαν
3282 4022 3647 4094 συναθροίσας

2071 4123 2277 4193 πλήθη.
2326 4123 2420 4175 ἐπὶ
2453 4122 2634 4192 κρίσιν
2669 4120 2889 4183 αὐτοὺς,
2925 4105 3126 4186 μᾶλλον
3175 4119 3230 4171 δὲ
3260 4118 3427 4170 ἒωλον
3473 4120 3641 4168 κατάο

2059 4207 2280 4283 ’κρισιν,
2307 4213 2463 4267 καλεῖ
2489 4213 2627 4284 πρὸς
2652 4213 2731 4281 τῷ
2762 4213 2859 4280 τῆς
2888 4211 3166 4282 θαλάσσης
3194 4211 3401 4280 λιμένι,
3431 4207 3643 4260 πολυω-

2074 4309 2250 4375 νήτων
2292 4305 2538 4375 συνήθως
2581 4305 2704 4357 κατ’
2738 4305 2915 4357 αὐτῶν
2962 4304 3345 4373 ὲπαφιεμένων
3365 4302 3473 4354 τῶν
3502 4299 3645 4369 βοῶν

398 4395 815 4472 judicatamque
862 4400 1407 4460 condemnationem,
1446 4400 1499 4452 in
1543 4409 1757 4466 portum
1806 4399 1965 4452 maris

2076 4404 2227 4468 παρά
2258 4398 2366 4452 τῶν
2396 4398 2802 4465 εἰδωλολατρῶν
2828 4398 2921 4450 καὶ
2951 4396 3059 4451 τῶν
3111 4395 3382 4450 Ἰουδαίων
3400 4412 3416 4426 -
3448 4395 3539 4447 καὶ
3567 4392 3647 4462 μὴ

400 4505 581 4555 vocat,
613 4509 740 4547 eum
767 4492 990 4562 quidem
1026 4506 1176 4545 more
1211 4507 1309 4544 sun
1339 4492 1757 4544 simulacrorum
1792 4492 1970 4545 culto-

398 4602 488 4640 res
515 4595 573 4640 et
601 4574 778 4639 Judaei
806 4591 994 4637 contra
1026 4597 1124 4636 eos
1156 4596 1356 4650 magno
1402 4582 1718 4647 redemptos
1758 4582 1964 4633 emitte-

401 4691 525 4733 rent
561 4678 853 4732 clatnores.
897 4676 965 4730 Et
1006 4674 1134 4745 quia
1173 4674 1248 4728 illi
1287 4675 1338 4727 iu
1376 4684 1623 4742 apertam
1663 4672 1966 4725 fureutmm

394 4771 724 4825 Arianorum
771 4768 1108 4836 impietatem
1148 4766 1383 4835 pedibus
1422 4766 1502 4818 ire
1545 4765 1776 4824 nollent.
1813 4759 2001 4831 plehe'

396 4869 595 4913 cuneta
641 4874 739 4927 pro
780 4858 1041 4911 tribunali
1079 4857 1387 4925 plangente,
1422 4856 1693 4908 sententia
1741 4855 1915 4908 fet'tur
1954 4871 1968 4908 :

395 4953 727 5008 Alexandria
771 4967 868 5007 eus
903 4952 1131 5020 eiectos,
1164 4949 1493 5018 Heliopolim
1537 4948 1831 5003 thuieia:
1882 4948 1964 4999 in-

395 5048 578 5101 colere
606 5045 829 5109 debere,
865 5043 956 5097 ubi
1008 5058 1076 5098 es
1129 5041 1542 5096 habitatoribus
1572 5040 1830 5095 omnibus
1869 5040 1940 5093 ali

395 5139 522 5209 quis
568 5138 775 5194 Christi
834 5150 1033 5197 nomen
1091 5135 1552 5205 (simulacrorum
1604 5134 1750 5189 enim
1798 5134 1968 5187 cultui

398 5231 573 5288 dediti
605 5238 739 5285 sunt
775 5241 1000 5294 omnes)
1035 5241 1103 5281 ne
1134 5227 1329 5282 audire
1360 5227 1581 5296 quidem
1614 5226 1869 5281 sustinet.
1907 5226 1971 5279 Et

394 5342 424 5378 ο
480 5323 715 5394 vestigio
771 5322 855 5376 eis
908 5320 1167 5388 scapham
1225 5318 1599 5373 conscendere
1647 5319 1852 5389 jussis,
1912 5319 1969 5372 in

402 5428 563 5480 μοι-ιιι
610 5415 729 5484 ipse
779 5426 934 5469 stans
973 5415 1052 5482 (in
1100 5412 1415 5482 propinquo
1452 5412 1621 5476 enim,
1664 5413 1715 5464 in
1754 5413 1971 5465 lavacro

403 5509 639 5576 ,wblico,
679 5498 1160 5562 condemnationis
1195 5503 1464 5559 adversus
1500 5519 1599 5558 eos
1635 5503 1968 5559 sententiam

472 5664 547 5728 il)
578 5664 709 5720 Mihi
739 5664 958 5720 videtur
989 5664 1093 5719 hoc
1140 5664 1263 5719 loco
1290 5678 1393 5718 vox
1424 5664 1547 5727 ista,
1579 5661 1816 5724 Patrem,
1846 5678 1967 5716 esse

414 5734 631 5789 lelenda
662 5752 676 5790 :
712 5736 798 5790 sin
839 5744 1019 5788 autem
1066 5744 1151 5790 est
1191 5734 1497 5798 retinenda,
1529 5732 1688 5787 sicuti
1738 5733 1962 5787 retineri

2075 4491 2419 4560 θελησάντων
2446 4486 2584 4555 εἶξαι
2607 4494 2672 4559 τῇ
2699 4490 2967 4560 προφανεῖ
2992 4487 3277 4558 δυσσεϐείᾳ
3296 4487 3404 4539 τῶν
3440 4487 3650 4555 Ἀρειο-

2078 4583 2316 4653 μανιτῶν
2337 4624 2352 4646 ,
2390 4584 2772 4647 ἀποφαῶιεται,
2808 4580 2917 4634 ⁴τῶν
2946 4579 3092 4633 λαῶν
3122 4579 3227 4649 πρὸ
3259 4578 3355 4632 τοῦ
3384 4579 3651 4644 δικαστη-

2076 4678 2196 4746 ρίου
2237 4676 2454 4728 πάντων
2499 4674 2863 4743 ὀδυρομένων,
2889 4674 2990 4742 τῆς
3030 4671 3437 4740 Ἀλεξανδρείας
3482 4687 3653 4738 μεταο

2074 4768 2396 4830 ναστάντας,
2430 4768 2531 4836 τὴν
2570 4766 2913 4819 Ἡλιούπολιν
2962 4765 3063 4833 τῆς
3111 4766 3366 4834 Φοινίκης
3395 4764 3645 4832 οίκῆσαι.

2077 4858 2247 4910 Ἔνθα
2288 4860 2396 4911 τῶν
2437 4859 2788 4911 ἐνοικούντων
2826 4858 3020 4922 οὐδεὶς,
3053 4859 3158 4911 κάν
3192 4858 3421 4911 ἀκοῦσαι
3450 4856 3508 4907 τὸ
3548 4855 3650 4906 τοῦ

2070 4949 2309 5018 Χριστοῦ
2344 4951 2602 5019 ἀνέχηται
2641 4950 2834 5018 δκομα,
2866 4950 3133 5002 είδωλικοὶ
3177 4950 3285 5015 γάρ
3318 4947 3368 4998 oi
3418 4947 3646 5009 πάντες,

2073 5045 2206 5113 παρ’
2260 5044 2399 5095 αὑτά
2464 5044 2706 5111 σκάφους
2762 5042 3017 5111 ἐπιϐῆναι
3087 5041 3420 5107 προστάξας.
3484 5039 3647 5098 αὐτὸς

2071 5135 2321 5206 ἑστηκὼς
2350 5137 2443 5187 ἐπὶ
2488 5134 2581 5186 τοῦ
2625 5134 2842 5203 λιμένος
2864 5150 2875 5162 ·
2916 5133 3145 5204 πλησίον
3176 5132 3283 5200 γάρ
3311 5133 3367 5184 ὲν
3397 5132 3646 5199 δημοσίῳ

2070 5226 2282 5298 λουτρῷ
2318 5226 2418 5296 τὴν
2463 5227 2786 5296 κατάκρισιν
2828 5226 2949 5280 κατ’
2983 5225 3166 5280 αὐτῶν
3202 5224 3390 5293 ὥρισε,
3437 5224 3646 5292 γυμνὸν

2070 5318 2520 5386 ἐπιδεικνύμενος
2557 5319 2617 5371 τὸ
2670 5317 2841 5386 ξίφος,
2873 5320 3101 5388 νομίσας
3134 5320 3200 5371 ὲκ
3228 5316 3419 5369 τούτου
3460 5316 3645 5383 φοϐεῖν

2069 5413 2197 5475 τοὺς
2241 5415 2306 5481 τῇ
2338 5411 2579 5483 διστόμῳ
2628 5412 2874 5483 μαχαίρᾳ
2902 5414 3026 5474 τοὺς
3060 5410 3354 5478 πολεμίους
3380 5408 3645 5477 δαίμονας

2071 5505 2332 5569 πολλάκις
2353 5504 2836 5573 κατατρώσαντας.
2866 5502 3023 5557 Οὕτω
3043 5503 3107 5572 δὴ
3132 5499 3230 5556 οῦν
3256 5501 3521 5555 ἀποπλεῖν
3548 5500 3649 5551 αὐ-

2090 5672 2271 5722 totust,
2304 5662 2464 5731 paulo
2521 5672 2644 5730 post
2696 5642 3008 5731 conjunctio
3041 5670 3090 5713 et
3128 5658 3377 5716 addenda
3408 5658 3514 5715 erit
3543 5672 3560 5711 :
3588 5667 3646 5713 et

2090 5681 2271 5722 totcSI,
2304 5681 2464 5731 paulo
2521 5681 2644 5730 posr
2696 5681 3008 5731 conjuncuo
3041 5681 3089 5713 et
3128 5681 3142 5714 ι

2068 5681 2383 5801 iegeudttm,
2422 5743 2467 5783 r'l
2503 5732 2845 5796 mmmmlcm
2890 5741 3002 5794 aut,
3036 5742 3142 5785 etc.
