3986 6190
387 237 458 297 66
468 242 491 295 ἰ

1303 243 1904 306 ECCLESIASTlCE
1945 250 2335 311 lIlSTORH‘I
2370 254 2523 313 LlB.-
2565 257 2664 317 XI.

3532 262 3636 322 f6";

389 355 512 414 τοὺς
546 350 785 416 κελεύει,
822 353 923 407 οὒκ
954 353 1399 426 ἐμϐαλλομένους
1431 362 1738 431 ἐπιτήδεια,
1762 363 1823 416 ού
1860 381 1938 417 πα

2074 368 2248 441 tulit),
2285 379 2340 425 et
2388 373 2642 426 strictum
2670 380 2956 427 ostentans
2984 372 3249 442 gladium,
3283 374 3425 442 quod
3469 390 3536 427 eo
3574 392 3633 430 se

396 442 662 511 ραμύθιόν
686 459 740 495 τι
762 445 826 496 τὸ
862 444 1086 498 σύνολον
1110 434 1208 518 τῆς
1239 447 1454 519 ὲξορίας
1486 451 1708 520 ἔχοντας
1735 469 1749 483 ·
1784 456 1876 507 καὶ
1906 457 1967 508 τὸ

392 535 703 604 θαυμαστὸν
723 534 816 588 καὶ
841 536 1091 601 ἄπιστον,
1113 541 1212 607 τῆς
1235 539 1513 612 θαλάσσης
1530 543 1910 615 ἑπαφριζούση
1925 566 1963 609 ·,

393 626 485 681 καὶ
516 627 793 697 δυσχερῶς
817 623 971 697 οἶμαι
1006 629 1075 682 δι’
1106 631 1234 684 αύτό
1256 632 1411 684 τοῦτο
1441 634 1733 703 φερούσης,
1764 638 1858 689 καὶ
1892 638 1967 707 μὴ

393 717 746 789 βουλομένης,
774 719 843 773 ἶν’
865 720 1037 782 οὕτως
1057 723 1216 783 εἴπω,
1240 724 1308 776 δι’
1334 725 1603 793 ὑποδοχῆς
1620 727 1729 779 τῶν
1756 730 1965 797 ἀνδρῶν

388 805 560 876 ἀδίκῳ
585 811 913 879 κοινωνῆσαι
945 811 1304 881 κελεύσματι·
1346 816 1572 886 ἐνέφηνε
1601 821 1708 887 γὰρ
1734 821 1826 872 καὶ
1855 820 1967 884 τοίς

389 899 646 967 ἀγνοοῦσι
684 902 784 971 τὴν
827 901 1106 975 βάρϐαρον
1144 906 1238 958 τοῦ
1289 910 1571 976 κρίναντος
1623 911 1962 979 προαίρεσιν.

390 993 550 1047 Ἔστι
601 992 735 1062 γοῦν
782 993 1000 1063 ἀληθῶς
1047 996 1257 1063 είπεῖν,
1302 998 1526 1070 Ἐξὲστη
1586 1001 1813 1072 οὐρανὸς
1873 1004 1966 1056 ἐπὶ

384 1083 566 1151 τούτῳ
590 1101 607 1118 ο
642 1084 893 1150 ἐστέναξε
933 1087 1043 1155 γὰρ
1068 1088 1101 1156 ἠ
1134 1086 1287 1151 πόλις
1333 1090 1540 1154 ἅπασα,
1576 1093 1672 1144 καὶ
1711 1095 1871 1163 μέχρι
1907 1095 1964 1147 δὲ

385 1172 483 1228 νῦν
512 1174 720 1243 θρηνεῖ.
755 1176 864 1229 Καὶ
892 1179 938 1228 οἱ
972 1175 1073 1243 μὲν
1109 1178 1224 1231 ἀλλ’
1266 1180 1355 1231 ἐπ’
1380 1179 1516 1253 ἄλλῃ
1544 1185 1611 1253 τῇ
1658 1186 1803 1254 χειρὶ
1831 1186 1964 1238 κτύ-

386 1277 492 1314 πον
517 1262 582 1313 ἐκ
604 1262 818 1331 στηθῶν
846 1264 1056 1334 μακρὸν
1085 1266 1422 1337 ἀπέπεμπον
1442 1283 1456 1298 ·
1490 1269 1540 1322 oi
1565 1269 1624 1323 δὲ
1647 1271 1748 1333 τὰς
1776 1274 1966 1343 χεῖρας

383 1348 528 1421 όμοῧ
561 1353 656 1405 καὶ
689 1354 815 1417 τοὺς
841 1354 1156 1425 ὀφθαλμοὺς
1182 1360 1263 1420 είς
1291 1359 1522 1428 οὐρανὸν
1549 1362 1843 1430 ἀνέτεινον,
1866 1365 1966 1434 τὴν

384 1441 514 1513 βίαν
535 1444 1070 1516 διαμαρτυρούμενα.
1093 1465 1107 1480 ·
1136 1453 1418 1522 μονονουχ”ι⁸
1444 1451 1714 1522 λέγοντες,
1741 1455 1964 1521 Ἄκουε,

378 1534 607 1606 οὐρανέ,
630 1537 724 1588 καὶ
746 1538 1027 1605 ὲνωτίζου,
1046 1538 1140 1607 γῆ,
1156 1540 1241 1595 ὅτι
1262 1544 1555 1612 παράνομα
1572 1544 1640 1597 τὰ
1665 1546 1927 1615 γινόμενα
1947 1562 1962 1577 ο

2069 459 2462 514 exterriturum
2509 462 2759 530 putabat,
2800 462 2894 532 qui
2943 460 3167 529 ancipiti
3225 475 3486 514 mucrone
3531 462 3638 514 dte-

2071 562 2259 603 menes
2300 550 2651 607 adversarios
2695 567 3075 621 sarpenumero
3121 552 3636 613 ennvulnerassent,

2070 639 2152 692 sic
2191 637 2410 692 demttm
2453 640 2633 693 soluta
2667 640 2788 693 navi
2825 641 3155 711 abirejubet
3183 659 3198 695 :
3228 657 3353 696 cum
3386 640 3525 694 nihil
3555 658 3640 695 re-

2070 744 2190 782 rum
2242 732 2677 785 necessariarum
2725 733 2778 785 in
2829 732 3009 785 navim
3052 742 3510 801 comportassent,
3543 747 3640 786 ne-

2063 834 2173 888 que
2226 820 2446 889 aliquod
2499 837 2728 890 prorsus
2776 822 2958 876 exsilii
3016 823 3256 877 solamen
3307 823 3577 877 baberent
3620 841 3634 877 :

2067 909 2186 977 ipso
2215 910 2381 966 etiam
2416 912 2551 965 mari
2582 912 2649 966 ad
2682 923 2790 968 tam
2835 914 3211 968 admirandam
3251 925 3301 969 et
3335 915 3638 969 incredibi-

2064 998 2173 1052 lem
2222 1000 2603 1070 indignitatem
2655 1003 2865 1071 spumis
2915 1005 3032 1059 suis
3078 1004 3535 1069 exeandeseente,
3581 1014 3638 1058 et

2066 1090 2150 1159 (ut
2183 1094 2336 1160 puto)
2370 1091 2571 1147 factum
2603 1093 2707 1147 hoc
2736 1094 2980 1162 graviter
3014 1095 3249 1160 ferente,
3281 1106 3445 1165 atque
3476 1095 3635 1158 adeo,

2067 1196 2125 1238 ut
2155 1183 2226 1236 ita
2259 1185 2459 1247 dicam.
2496 1201 2596 1254 per
2629 1186 2875 1240 virorum
2915 1192 3106 1241 eormn
3144 1189 3547 1255 susceptionem
3581 1203 3638 1240 se

2068 1285 2174 1328 tam
2209 1276 2401 1346 iniquo
2432 1277 2688 1331 mandato
2717 1279 2963 1348 polluere
2997 1279 3238 1333 nolente.
3271 1278 3448 1345 Quare
3480 1278 3636 1347 igno-

2069 1368 2322 1421 rantibus
2368 1383 2588 1438 quoque
2627 1369 2911 1423 barbaram
2954 1385 3182 1439 prorsus
3215 1369 3419 1441 judicis
3457 1369 3637 1421 mani-

2065 1460 2208 1514 festo
2241 1460 2507 1515 indicavit
2540 1461 2894 1515 sententiam.
2929 1463 3066 1517 Vere
3095 1462 3265 1532 igitur
3294 1461 3400 1516 dici
3434 1472 3635 1530 potest,

2065 1553 2262 1605 cmltnn
2296 1550 2364 1605 ad
2390 1551 2497 1606 hoc
2517 1552 2904 1622 obstupuisse;
2938 1552 3202 1622 ingemuit
3231 1567 3470 1621 namque
3506 1552 3637 1605 urbs

377 1625 482 1677 καὶ
513 1625 635 1678 δλον
652 1627 906 1697 οἰμωγῆς
934 1628 995 1681 τὸ
1018 1630 1127 1683 πᾶν
1156 1631 1521 1702 ἐπεπλήρωτο
1539 1648 1554 1662 ·
1583 1634 1682 1687 καὶ
1709 1634 1846 1705 μέλη
1871 1652 1942 1689 κα

2069 1650 2201 1706 tota,
2239 1651 2404 1711 atque
2435 1642 2603 1697 etiam
2640 1657 2790 1698 nune
2828 1643 3053 1712 plangit.
3090 1643 3158 1697 Et
3205 1643 3240 1696 ii
3285 1643 3505 1712 quidem
3552 1642 3633 1695 al-

377 1714 583 1786 θρῆνος
611 1712 680 1788 ἦν
727 1720 787 1771 ἐν
814 1720 967 1788 πάσῃ
1016 1722 1083 1790 τῇ
1113 1721 1271 1774 πόλει
1300 1723 1565 1794 χορεύων,
1590 1726 1685 1779 καὶ
1714 1729 1943 1797 ποταμὸς

2068 1733 2239 1785 ternis
2272 1709 2529 1787 manibus
2563 1742 2782 1800 pectora
2822 1709 3125 1802 pulsantes,
3169 1709 3445 1800 ingentem
3487 1731 3638 1786 soni-

374 1808 449 1859 ἔκ
472 1807 725 1878 δακρύων
754 1811 938 1881 σχεδὸν
965 1813 1259 1867 καλύπτων
1280 1815 1389 1885 πλη
1398 1816 1613 1888 μμῢραι
1636 1819 1738 1889 τὴν
1758 1818 1943 1873 θάλασ·

2067 1831 2181 1875 tum
2210 1820 2457 1875 edidere.
2482 1822 2587 1877 Alii
2618 1831 2801 1877 autem
2835 1836 3031 1875 manus
3060 1822 3224 1875 simul
3251 1830 3417 1890 atque
3443 1822 3636 1875 oculos

373 1914 503 1962 σαν,
534 1902 648 1962 τοῖς
682 1900 888 1955 ἅπασιν
916 1904 1071 1971 ἄφνω
1119 1905 1497 1974 προσεγίνετο.
1536 1909 1666 1963 Ὅτε
1699 1911 1883 1965 τοίνυν
1930 1913 1943 1960 ί

2061 1913 2117 1967 in
2162 1912 2361 1967 caelum
2411 1913 2719 1978 tendentes,
2760 1912 2827 1967 de
2868 1907 3016 1965 tanta
3061 1913 3113 1965 vi
3153 1920 3283 1966 sunt
3320 1913 3632 1981 protestati,

370 1994 778 2063 προειρημένος
819 1995 913 2046 ἐπὶ
957 1994 1052 2048 τοῦ
1081 1998 1301 2068 λιμένος
1336 1999 1531 2070 παρὼν
1555 2005 1667 2065 τοῖς
1698 1999 1943 2073 ἕρέσσου-

2061 2003 2441 2058 tantummodo
2482 2019 2593 2058 non
2623 2004 2911 2058 dicentes:
2944 2002 3169 2066 Audite,
3205 2004 3353 2062 caeli.
3389 2012 3448 2058 et
3481 2004 3631 2058 auri-

372 2099 466 2134 σιν
495 2082 666 2151 ὑψοῦν
701 2085 767 2138 τά
802 2086 950 2139 ἱστία
975 2088 1327 2155 προσέταττε,
1372 2092 1493 2144 τότε
1529 2094 1840 2163 σύμμικτος
1870 2095 1943 2149 oi-

2058 2096 2165 2151 bus
2201 2098 2445 2166 percipe,
2481 2106 2648 2160 terra,
2688 2096 2952 2165 quoniam
2990 2111 3114 2166 quae
3151 2095 3309 2157 fiunt,
3342 2095 3526 2165 iniqua
3577 2105 3632 2150 et

370 2179 544 2247 μωγὴ
589 2178 880 2249 παρθένων
931 2183 1026 2234 καὶ
1079 2184 1381 2250 γυναικῶν,
1417 2187 1808 2257 πρεσϐυτέρων
1858 2188 1943 2241 καὶ

2056 2196 2248 2242 contra
2292 2188 2440 2256 leges
2475 2174 2646 2242 sunt:
2675 2200 2733 2243 et
2760 2187 2943 2243 omnis
2976 2188 3092 2241 haec
3132 2186 3465 2242 universitas
3493 2187 3624 2241 ﬂetu

364 2270 535 2333 νέων,
565 2269 659 2321 καὶ
685 2268 874 2339 θρῆνοι
902 2273 1423 2342 προσπεπλέγμένοι
1451 2274 1715 2345 δάκρυσιν
1741 2275 1943 2342 ὀξέσιν,

2057 2279 2261 2347 repleta
2299 2290 2402 2345 est,
2441 2287 2499 2333 et
2545 2280 2836 2334 cantilenae
2887 2279 3230 2334 miserabiles
3274 2288 3357 2333 et°
3375 2278 3632 2347 planctus

362 2360 433 2411 ai
472 2359 583 2411 τῶν
617 2360 878 2415 ἁπάντων
909 2363 1050 2427 βοαὶ,
1079 2363 1180 2432 τῆς
1218 2366 1637 2436 ὲπαφριζούσης
1671 2368 1943 2436 θαλάσσης

2061 2378 2225 2424 letam
2258 2371 2445 2423 urbem
2479 2378 2608 2423 sunt
2639 2370 2942 2440 pervagati.
2974 2371 3054 2424 Ac
3080 2369 3379 2439 derepente
3407 2370 3625 2438 plorano

358 2451 463 2502 τὸν
506 2453 992 2533 προσρησσόμενον
1022 2456 1198 2526 σωρὸν
1226 2457 1304 2529 τῷ
1339 2459 1542 2529 κύματι
1585 2459 1793 2515 κτύπον
1822 2463 1943 2516 έκά-

2060 2459 2206 2513 tibus
2249 2459 2525 2522 omnibus,
2567 2460 2930 2530 laerymarum
2958 2459 3180 2526 ﬂuvius,
3229 2460 3342 2515 fere
3384 2459 3629 2513 exunda-

359 2541 597 2595 λυπτον.
900 2579 909 2587 -
2058 2551 2208 2604 tione
2248 2565 2347 2603 sua
2392 2566 2542 2605 mare
2575 2551 2839 2615 obruens,
2870 2560 2957 2605 est
2991 2551 3241 2606 obortus.
3270 2552 3463 2619 Itaque
3501 2564 3626 2603 cum

363 2640 419 2691 is
444 2655 609 2709 quem
648 2641 890 2697 diximus
932 2645 984 2697 in
1021 2654 1180 2713 portu
1216 2656 1421 2714 astans,
1479 2649 1717 2718 remiges
1765 2647 1965 2702 tollere
2003 2656 2059 2701 et
2135 2646 2377 2715 pandere
2411 2646 2529 2699 vela
2558 2646 2725 2717 jussit
2758 2654 2931 2700 :.tnm
2980 2648 3307 2701 commistus
3352 2646 3624 2712 virginum

360 2744 427 2788 et
487 2732 861 2800 feminarum,
922 2751 1113 2792 senum
1168 2748 1225 2794 et
1276 2740 1539 2809 iuvenum
1595 2740 1843 2810 ploratus
1891 2747 1947 2794 et
1986 2739 2263 2808 planctus,
2345 2738 2598 2807 Iaerymis
2643 2736 2865 2792 aeribus
2913 2735 3237 2806 implicitus,
3306 2735 3627 2804 clamorque

363 2824 798 2891 universorum,
846 2830 1082 2898 Strepitu
1132 2846 1234 2885 suo
1284 2831 1454 2885 maris
1501 2830 1812 2901 spumantis
1864 2830 2128 2886 infractos
2160 2827 2422 2884 ﬂuctuum
2452 2844 2682 2884 acervos
2710 2829 3043 2898 suppressit.

452 2938 471 2970 ι
495 2917 636 2971 Ἀλλ’
676 2918 821 2971 οὕτω
849 2920 958 2974 τῶν
991 2924 1408 2992 προειρημένων
1448 2924 1835 2978 ἀποπλεόντων
1862 2926 1942 2986 είς

2123 2940 2141 2973 ι
2176 2921 2289 2976 Hoc
2322 2921 2486 2975 modo
2511 2937 2636 2975 cum
2680 2922 2782 2987 illi,
2812 2936 2951 2992 quos
2978 2921 3239 2986 diximus,
3268 2921 3621 2990 lleliopolim,

362 3011 470 3082 τὴν
500 2994 867 3077 Ἡλιούπολιν,
895 3013 1023 3066 ἔνθα
1038 3014 1383 3083 δεισιδαίμων
1409 3016 1539 3078 πᾶς,
1567 3015 1696 3069 ἔνθα
1715 3014 1808 3069 τοῦ
1830 3015 1943 3069 δια-

2051 3013 2208 3083 162
2245 3013 2338 3066 ubi
2389 3012 2683 3067 simulacra
2733 3013 3123 3082 superstitiose
3169 3013 3362 3067 colunt
3401 3026 3618 3074 omnes,

361 3105 526 3159 ϐόλου
566 3105 635 3160 τά
667 3105 804 3175 πρὸς
852 3106 1049 3177 ἡδονὴν
1095 3106 1526 3179 ἐπιτηδεύματα,
1569 3107 1697 3161 ἔνθα
1744 3107 1949 3178 θηρίων

363 3201 597 3270 ιφέστια
620 3200 830 3271 φοϐερά
857 3199 984 3271 (ὅρη
1008 3202 1115 3271 γὰρ
1145 3203 1330 3272 κύκλῳ
1360 3201 1700 3271 πανταχόθεν
1730 3202 1948 3271 οὐρανῷ

364 3289 813 3361 προσπελάζοντα
834 3291 854 3362 )
874 3309 889 3323 ο
918 3292 970 3344 οἱ
1004 3294 1208 3354 πάντες
1238 3292 1451 3363 λοιπδνό
1487 3291 1627 3366 μέσῃ
1658 3295 1726 3364 τῇ
1754 3294 1905 3346 πόλει
1927 3314 1949 3359 ,-

360 3384 524 3453 κοινῇ
546 3382 883 3445 καὶέκαστος
916 3382 1023 3452 ίδίᾳ
1049 3382 1466 3452 ὀλοφυρόμενοι,
1502 3383 1598 3436 καὶ
1628 3382 1946 3453 στεναγμῶν

360 3474 780 3544 ἐπιπέμποντες
831 3474 1074 3545 ῥήματα,
1118 3474 1239 3527 οὐδὲ
1270 3473 1530 3545 δακρύειν
1579 3475 1946 3545 έπετρέποντο

359 3566 611 3620 κελεύσει
646 3565 743 3618 τοῦ
770 3565 870 3635 τῆς
902 3564 1108 3628 πόλεως
1139 3566 1381 3636 ἐπάρχου
1414 3566 1739 3634 Παλλαδίου,
1772 3568 1942 3622 δεισι-

360 3657 791 3727 δαιμονεστάτου
827 3660 922 3711 καὶ
967 3658 1132 3709 αὑτοῦ
1164 3659 1545 3727 τυγχάνοντος.
1601 3659 1795 3712 Πολλοὶ
1834 3660 1943 3728 γὰρ

358 3748 471 3805 τῶν
496 3748 799 3803 κλαιόντων
821 3749 1193 3820 ἁρπαζόμενοι
1220 3751 1314 3804 καὶ
1356 3750 1783 3820 φυλακιζόμενοι
1809 3751 1944 3820 πρό-

358 3857 540 3912 τερον,
561 3837 683 3895 εἶτα
706 3842 1070 3910 αἰκιζόμενοι,
1107 3842 1370 3911 ξεόμενοι,
1399 3842 1812 3912 βασανιζόμενοι
1832 3844 1943 3906 τοῖς

357 3932 673 4003 Φεννησίοις
694 3934 786 3986 καὶ
803 3935 1230 4003 Προκοννησίοις
1260 3933 1609 4003 παρεδίδοντο
1634 3934 1938 4006 μετάλλοις,

358 4026 642 4094 ἄνθρωποι
673 4023 773 4093 τῆς
807 4023 1139 4093 Ἐκκλησίας
1171 4024 1237 4076 δι’
1276 4024 1459 4075 ἔνθεον
1489 4022 1650 4092 ζῆλον
1686 4025 1938 4095 ύπέρμα-

357 4134 465 4186 χοι.
495 4115 560 4169 Oi
596 4114 810 4171 πλείους
824 4114 931 4183 γὰρ
955 4111 1095 4184 ἦσαν
1131 4114 1476 4185 μονάζοντες,
1508 4114 1714 4186 ἔρημον
1731 4114 1940 4168 οίκούν-

356 4226 451 4273 τες
477 4206 548 4261 δι’
573 4208 809 4275 ἄσκησιν
830 4223 843 4236 ⁸
880 4205 999 4277 μεθ’
1022 4200 1116 4272 ὧν,
1139 4208 1309 4261 εἴκοσι
1329 4208 1422 4261 καὶ
1448 4209 1617 4278 τριῶν
1642 4212 1937 4279 τυγχανόν-

350 4317 504 4364 των,
584 4299 782 4368 μικρδν
839 4297 1066 4367 ὕστερον
1126 4299 1152 4350 6
1223 4299 1470 4360 διάκονος
1531 4302 1560 4352 ὁ
1631 4297 1934 4368 παρὰποῦ

352 4390 646 4460 ἀγαπητοῦ
671 4391 826 4460 ἡμῶν
855 4390 1108 4459 Δαμάσου
1133 4389 1226 4443 τοῦ
1248 4392 1345 4460 τῆς
1382 4391 1600 4462 Ῥώμης
1631 4393 1932 4447 ἐπισκόπου

354 4480 592 4547 κομίσας
649 4480 783 4547 ἡμῖν
835 4477 973 4546 όμοῦ
1037 4479 1423 4551 παρακλητικὰ
1485 4486 1580 4533 καὶ
1642 4483 1932 4536 κοινωνικὰ

350 4572 688 4640 γράμματα,
727 4571 904 4623 ὀπίσω
943 4569 1021 4623 τὼ
1050 4572 1199 4640 χεῖρε
1245 4569 1418 4635 δεθεὶς
1450 4570 1553 4624 ὑπὸ
1574 4571 1803 4643 δημίων,
1834 4572 1928 4642 δη·

357 4662 526 4733 μοσίᾳ
558 4662 723 4733 ἤγετο
746 4661 936 4732 ὥσπερ
954 4678 1037 4725 τις
1064 4663 1172 4715 τῶν
1201 4662 1525 4733 κακούργων
1563 4664 1887 4734 περιϐόητος
1913 4681 1927 4695 ⁸

352 4755 414 4817 ὃς
445 4754 655 4820 φονέων
683 4753 937 4823 βασάνοις
971 4756 1229 4809 ἐπέκεινα
1258 4756 1613 4825 κοινωνήσας,
1645 4757 1812 4818 λίθοις
1836 4758 1930 4809 καὶ.

352 4842 623 4910 μολιϐδίσι
668 4845 788 4899 κατ’
828 4845 1008 4898 αὐτῶν
1032 4846 1142 4898 τῶν
1178 4847 1689 4914 αύχένωνέπιπολὺ
1732 4865 1929 4917 μαστι-

351 4939 602 5006 ςόμενος,
636 4936 891 4989 ἐπέϐαινε
922 4937 1169 5006 σκάφους
1193 4939 1287 4991 ἐπὶ
1317 4937 1610 5009 θαλάττης,
1638 4941 1929 5008 παραπλη-

353 5025 484 5088 σίως
519 5026 632 5088 τοῖς
655 5025 857 5092 ἄλλοις,
888 5026 981 5079 τοῦ
1013 5026 1157 5080 θείου
1187 5028 1422 5099 σταυροῦ
1453 5029 1546 5081 ἐπὶ
1580 5030 1835 5098 μετώπου
1865 5031 1927 5084 τὸ

351 5119 583 5186 σημεῖον
608 5119 1044 5189 χαρακτηρίσας,
1091 5121 1152 5173 ού
1199 5137 1266 5190 τη
1276 5120 1515 5189 μελείας,
1543 5123 1604 5174 οὐ
1633 5122 1926 5192 θεραπείας

346 5208 550 5278 τυχὼν,
577 5212 689 5272 τοῖς
720 5212 860 5264 κατὰ
888 5213 1156 5282 Φέννησον
1188 5214 1585 5286 παρεκδοθῆναι
1613 5217 1919 5285 μετάλλοις.

351 5301 512 5352 Ἐστι
537 5299 594 5352 δὲ
620 5299 793 5354 ταῦτα
820 5303 914 5355 τοῦ
947 5303 1170 5374 χαλκοῦ.
1211 5306 1332 5358 Ἔτι
1360 5304 1496 5374 γοῦν
1539 5306 1924 5377 βασανίζοντος

345 5390 444 5444 τοῦ
488 5390 749 5446 δικαστοῦ
786 5395 970 5449 ἁπαλά
1001 5396 1303 5464 παιδαρίων
1331 5398 1588 5467 σώματα,
1615 5401 1761 5460 τινὲς
1788 5399 1918 5470 παρ’

341 5478 488 5531 αὐτὰ
525 5480 928 5549 μεμενήκασιν,
955 5483 1063 5536 οὐδ’
1090 5486 1242 5548 ὁσίας
1266 5486 1440 5555 ταφῆς
1465 5488 1916 5559 κοινωνήσαντες,

344 5569 555 5633 γονέων
590 5572 687 5623 καὶ
741 5571 984 5640 ἀδελφῶν
1016 5576 1111 5628 καὶ
1155 5576 1451 5646 συγγενῶν,
1489 5581 1583 5632 καὶ
1610 5582 1810 5650 πάσης,
1842 5582 1916 5645 ὡς

343 5659 475 5722 ἔπος
516 5660 711 5728 εἰπεῖν,
744 5663 838 5730 τῆς
878 5664 1101 5729 ηὐλεως,
1135 5669 1263 5737 μίαν
1301 5668 1445 5736 αὐτῷ
1500 5671 1795 5727 αίτούντων
1834 5674 1916 5726 δο-

2052 3104 2144 3158 ubi
2180 3103 2386 3157 diaboli
2420 3104 2767 3173 voluptuaria
2802 3104 2986 3173 vigent
3022 3103 3223 3168 studia,
3253 3103 3347 3158 ubi
3378 3103 3617 3158 ferarum

2050 3186 2180 3251 unt
2229 3195 2505 3251 horrenda
2555 3194 2835 3251 domicilia
2880 3197 3118 3265 (montes
3162 3197 3309 3250 enim
3353 3211 3420 3250 ex
3470 3196 3622 3250 omni

2051 3296 2207 3357 parte
2241 3289 2309 3342 ad
2340 3287 2541 3343 caelum
2590 3303 2765 3358 usque
2812 3289 3192 3357 prominentes
3230 3302 3349 3342 eam
3388 3287 3625 3343 circum-

2050 3377 2241 3448 dant),
2291 3379 2416 3431 navi
2469 3379 2649 3434 soluta
2699 3378 3045 3449 navigarent,
3084 3377 3142 3432 in
3193 3378 3372 3431 media
3419 3378 3620 3433 deinde

2049 3471 2185 3524 urbe
2221 3485 2414 3526 omnes
2444 3471 2499 3523 in
2533 3472 2851 3524 universum
2883 3478 2939 3523 et
2971 3484 3068 3538 pro
3099 3484 3157 3523 se
3186 3470 3419 3539 quisque
3453 3468 3616 3524 mise-

2046 3562 2295 3616 rabiliter
2341 3560 2719 3624 vociferando,
2746 3547 2825 3615 ‘et
2871 3560 3035 3614 verba
3084 3559 3332 3613 luctuosa
3386 3559 3619 3628 ingemi-

2045 3666 2261 3709 scentes
2289 3654 2526 3717 edendo,
2561 3653 2866 3724 lacrymare
2903 3665 3124 3721 quoque
3153 3651 3338 3705 edicto
3368 3649 3616 3720 praefecti

2046 3746 2222 3808 urbis,
2273 3745 2527 3808 Palladii,
2559 3754 2689 3798 sunt
2735 3743 3021 3814 prohibiti,
3068 3744 3164 3813 qui
3210 3751 3267 3797 et
3306 3743 3423 3813 ipse
3470 3758 3619 3797 sum-

2045 3856 2272 3906 mopere
2302 3840 2465 3894 idolis
2495 3839 2750 3894 addictus
2778 3852 2914 3893 erat.
2951 3837 3215 3893 Permulti
3249 3851 3486 3905 namque
3521 3837 3615 3906 qui

2044 3932 2357 4003 plorabant,
2383 3930 2769 4001 comprehensi
2801 3938 2855 3984 et
2886 3930 3122 4000 primum
3157 3928 3211 3982 in
3241 3927 3461 3982 vincula
3487 3941 3616 3981 cen-

2037 4025 2207 4093 jecti,
2263 4022 2465 4077 deinde
2514 4021 2887 4087 diverberati,
2939 4020 3068 4075 caesi
3120 4030 3174 4074 et
3227 4017 3499 4081 cruciati,
3544 4017 3612 4071 ad

2041 4114 2353 4169 Phennesia
2394 4121 2450 4168 et
2498 4113 2867 4168 Proconnesia
2910 4112 3132 4166 metalla
3173 4119 3304 4165 sunt
3340 4109 3610 4171 damnati.

2042 4206 2295 4261 homines
2337 4215 2562 4274 propter
2598 4204 2844 4258 divinum
2884 4203 3062 4258 zelum
3109 4202 3313 4273 egregii
3341 4200 3604 4255 Ecclesia:

2040 4307 2487 4368 propugnatores
2519 4315 2532 4352 :
2560 4312 2906 4367 quorumque
2935 4296 3119 4366 plures
3144 4293 3397 4349 monachi
3430 4301 3609 4357 erant,

1965 4371 2009 4424 θ
2038 4391 2186 4444 solos
2235 4390 2390 4445 locos
2429 4405 2526 4459 per
2554 4389 2773 4444 virtutis
2815 4398 2867 4442 et
2908 4387 3127 4458 pietatis
3164 4385 3486 4441 exercitium
3522 4387 3607 4437 ln-

2035 4485 2300 4540 celentes.
2331 4484 2468 4541 Cum
2500 4485 2702 4554 quibus
2733 4485 2911 4553 (erant
2943 4491 3125 4537 autent
3163 4482 3355 4551 viginti
3389 4490 3443 4535 et
3475 4480 3608 4549 tres)

2037 4580 2201 4648 paulo
2246 4588 2374 4647 post
2420 4579 2689 4633 diaconus
2731 4576 2975 4645 quidam,
3012 4576 3103 4645 qui
3139 4590 3168 4628 a
3205 4575 3404 4629 dilecto
3439 4573 3607 4628 fratre

2033 4676 2223 4722 nostro
2272 4662 2525 4722 Damase'
2554 4668 2815 4721 Romana:
2870 4664 3025 4718 urbis
3075 4663 3357 4732 episeopo,
3393 4662 3459 4714 ad
3503 4676 3605 4714 nos

2032 4760 2435 4814 censolatorias
2488 4757 2654 4811 simul
2705 4765 2761 4811 et
2817 4753 3339 4810 communicatorias
3388 4752 3605 4806 litteras

2031 4849 2312 4913 attulerat,
2348 4846 2610 4902 revinctis
2657 4846 2712 4900 in
2757 4857 2969 4914 tergum
3014 4843 3267 4897 manibus
3302 4856 3413 4894 non
3443 4839 3604 4893 aliter

2030 4956 2196 5011 quam
2246 4938 2481 5009 insignis
2530 4937 2821 5007 quisquam
2876 4950 2940 4988 ex
2993 4932 3254 4988 maleficia
3301 4932 3464 4993 latro,
3505 4945 3605 4997 pu-

2032 5033 2173 5087 blice
2201 5048 2229 5086 a
2256 5032 2609 5086 carnificibus
2633 5040 2719 5084 est
2743 5030 2964 5083 ductus.
2995 5028 3171 5095 Atque
3196 5024 3289 5079 ubi
3318 5022 3601 5078 crudelius

2028 5126 2194 5179 etiam
2249 5140 2410 5195 quam
2468 5123 2762 5179 ltomicidm
2813 5120 3027 5186 solent,
3084 5127 3169 5174 est
3222 5115 3599 5178 excruciatus,

2028 5217 2289 5285 saxisque
2337 5224 2393 5271 et
2444 5214 2719 5287 plumbeis
2767 5213 2928 5269 uncis
2966 5213 3019 5267 in
3060 5210 3370 5267 cervicibus
3404 5207 3598 5261 admo-

2026 5308 2156 5361 dum
2192 5307 2518 5378 llagellatus,
2557 5307 2760 5376 scapha
2802 5306 2858 5360 in
2899 5319 3051 5359 mare
3093 5301 3397 5365 descendit,
3430 5305 3596 5367 atque

2027 5400 2219 5453 itidem
2256 5408 2316 5452 ut
2347 5398 2437 5453 alii
2476 5399 2690 5470 signum
2726 5398 2925 5452 divina:
2959 5394 3141 5451 cruris
3174 5393 3227 5446 in
3261 5391 3447 5445 fronte
3492 5389 3594 5443 im-

2025 5508 2274 5561 pressum
2311 5492 2541 5554 habens,
2572 5505 2719 5544 cura:
2753 5502 2915 5558 atque
2948 5487 3126 5540 solatii
3164 5482 3345 5539 omnis
3373 5496 3589 5552 expers,

2026 5584 2375 5639 Pltenncsutn
2410 5582 2463 5636 in
2494 5582 2736 5644 metalla,
2769 5597 2890 5651 quae
2920 5579 3044 5636 aeris
3070 5587 3219 5643 sunt,
3252 5575 3454 5630 missus
3483 5584 3587 5629 est.

2024 5676 2251 5737 lllSUllCl'
2286 5689 2407 5729 cum
2444 5675 2703 5737 ιιιιιυεὶιοι·
2744 5683 2928 5729 tenera
2976 5685 3269 5732 puerorum
3308 5664 3567 5723 cxcarniﬁ
