3986 6190
472 240 573 306 667

1650 212 2065 284 NICEPIIORI
2108 207 2438 271 CALLISTI

3581 198 3677 259 (.63

471 366 624 412 caret
656 366 909 424 corpora,
945 349 1195 405 nonnulli
1231 348 1372 421 apud
1398 363 1462 403 ea
1492 354 1843 417 permansere
1870 336 2025 393 cada-

2131 328 2293 397 θῆναι
2351 326 2452 393 τὴν
2502 322 2737 389 ὑστάτην
2785 318 2994 388 ταύτην
3050 316 3420 387 παράκλησιν.
3465 316 3597 371 Ἀλλ’
3636 318 3677 373 ὢ

472 461 596 501 vera
620 446 766 516 iusta
809 442 1091 512 sepultura
1122 439 1439 494 fraudantes
1467 455 1482 491 :
1510 452 1632 492 cum
1670 433 1889 504 quidem
1926 444 2023 500 pa-

473 546 655 591 rentes
682 544 737 606 et
764 533 958 587 fratres
989 540 1048 585 et
1084 531 1324 600 cognati,
1361 529 1495 583 urbs
1527 526 1765 594 denique
1802 525 2027 592 (prope-

472 625 742 690 modum)
787 633 917 689 tota,
966 637 1135 676 unum
1187 621 1292 675 hoc
1336 634 1470 673 suos
1511 615 1809 687 sepeliendi
1847 621 2027 669 extre-

473 733 619 771 mum
653 715 907 769 solatium
953 713 1056 767 sibi
1106 713 1333 766 concedi
1376 716 1648 780 peterent.
1682 706 1811 769 Sed,
1851 719 1883 757 ο
1925 705 2029 758 im-

473 822 710 862 mensam
747 803 996 869 pnetoris
1027 812 1083 857 et
1110 803 1331 869 iudicis.
1364 817 1427 856 ac
1467 801 1654 869 potius
1692 796 2018 852 condemna-

473 896 604 951 toris
630 892 1122 948 inhumanitateml
1165 892 1256 961 qui
1289 909 1387 959 pro
1421 890 1624 959 pietate
1652 888 2023 948 decertarunt,

471 1000 537 1040 ne
569 984 865 1038 homicidia
890 982 1135 1052 quidem.
1171 981 1493 1050 corporibus
1525 992 1714 1032 eorum
1747 976 2025 1045 sepultura

470 1073 822 1135 carentibus,
854 1070 1277 1137 .confernnlur;
1339 1071 1431 1138 qui
1495 1067 1698 1121 bonum
1765 1077 2026 1133 peregere

469 1170 771 1219 certamen,
819 1159 951 1212 feris
994 1167 1052 1212 et
1101 1156 1413 1209 volucribus
1461 1168 1583 1208 est-a
1614 1151 2021 1221 projiciuutur;

469 1250 559 1320 qui
594 1250 842 1319 patribus
873 1256 1097 1318 propter
1146 1246 1540 1301 conscientiam
1581 1260 1680 1313 pro
1718 1243 2028 1296 misericor-

469 1341 574 1395 dia:
609 1340 808 1395 aﬂ’ectu
849 1337 1248 1394 condolendum
1299 1336 1403 1391 sibi
1440 1350 1561 1390 esse
1606 1342 1869 1396 statuere,
1903 1346 2026 1401 per-

472 1432 598 1485 inde
636 1441 797 1500 atqne
834 1431 1093 1499 iniustum
1128 1428 1258 1498 quid
1295 1438 1350 1482 et
1388 1427 1614 1495 impium
1651 1423 2024 1486 admisissent,

469 1523 648 1591 capite
680 1525 1016 1591 plectuntur.
1055 1521 1312 1586 Quanam
1360 1518 1732 1572 Romanorum
1767 1515 1872 1577 lex,
1904 1527 2026 1582 quae

472 1615 829 1666 barbarorum
880 1611 1177 1672 sententia,
1222 1610 1274 1663 in
1328 1626 1424 1665 eos
1473 1610 1567 1693 qui
1623 1621 1719 1674 per
1765 1605 2021 1672 pietatem

2127 419 2326 488 πολλῆς
2350 414 2745 484 ἀπανθρωπίας
2788 410 2884 464 τοῦ
2912 408 3254 474 δικάζοντος,
3288 407 3485 477 μᾶλλον
3508 408 3563 461 δὶ
3591 410 3674 462 τοῦ

2124 508 2542 579 κατακρίναντος
2567 508 2580 559 l
2611 507 2662 558 οί
2679 506 2745 559 δι’
2780 502 3063 557 εὐσέϐειαν
3079 502 3416 570 άθλήσαντες
3446 500 3676 567 φονεῦσιν

2123 603 2183 655 οὑ
2240 599 2638 668 συνεκρῐνοντο,
2671 596 2871 663 ἄταφοι
2924 593 3179 663 μένοντες
3213 592 3286 644 τὰ
3335 589 3591 659 σώματα·
3630 595 3673 645 al

2128 693 2304 751 καλῶς
2329 687 2723 757 ἀγωνιζόμενοι
2749 686 2959 755 θηρίοις
2980 687 3075 738 καὶ
3098 685 3327 753 πτηνοῖς
3359 683 3495 751 πρὸς
3526 683 3674 754 βοράν

2126 779 2511 852 ἑρῤιπτοῦντοο
2541 781 2591 831 oi
2617 776 2976 845 συμπαθῆσαι
3007 773 3426 843 βεϐουλευμένοι
3455 775 3675 842 πατράσι

2125 875 2212 928 διά
2235 876 2330 937 τὴν
2359 872 2683 941 συνείδησιν,
2738 870 2835 938 τὴν
2863 867 3106 937 κεφαλὴν
3148 867 3226 930 ὡς
3255 864 3544 935 παράνομα
3563 863 3674 933 δρά-

2126 980 2314 1025 σαντες
2344 964 2731 1029 ἀπετέμνοντο.
2764 961 2920 1023 Ποῖος
2954 960 3120 1028 νόμος
3156 956 3469 1032 Ῥωμαίων,
3488 955 3609 1008 ποία
3626 955 3677 1007 δὲ

2122 1056 2318 1126 γνώμη
2355 1054 2652 1122 βαρϐάρων
2680 1054 2794 1114 τοῖς
2821 1050 3065 1119 πατράσι
3097 1044 3527 1116 συμπαθοῦντας
3547 1045 3675 1111 ἠμύ-

2128 1164 2289 1211 νατο;
2315 1146 2422 1198 Ποῦ
2444 1162 2526 1205 τις
2540 1143 2650 1197 τῶν
2674 1142 2924 1195 παλαιῶν
2964 1157 3097 1193 ποτε
3122 1141 3322 1210 ἔδρασε
3369 1138 3597 1191 τοιοῦτόν
3632 1155 3679 1190 τι

2128 1237 2445 1303 παράνομον
2466 1232 2780 1298 ;Ἐκέλευσέ
2810 1248 2938 1283 ποτε
2963 1228 3165 1299 Φαραὼ
3186 1269 3201 1291 ,
3232 1227 3566 1297 ἀναιρεῖσθαι
3586 1225 3682 1279 τῶν

2151 1326 2416 1396 Ἐϐραίων
2449 1326 2517 1377 τά
2546 1325 2750 1395 ἄρρενα
2769 1339 2785 1355 °
2816 1322 2950 1375 ἀλλὰ
2979 1321 3170 1389 φθόνος
3204 1321 3305 1373 καὶ
3329 1320 3446 1381 δέος
3468 1318 3681 1371 ύπέϐαλε

2125 1418 2283 1470 τοῦτο
2304 1419 2361 1471 τὸ
2380 1414 2889 1487 πρόσταγμα.αόσῳ
2906 1412 2975 1466 τά
3002 1411 3122 1464 τότε
3140 1410 3255 1462 τῶν
3278 1409 3375 1461 νῦν
3398 1407 3681 1475 φιλανθρω-

2128 1510 2355 1580 πότερα;
2383 1509 2532 1575 πόσῳ
2550 1507 2777 1558 ποθεινὰ
2804 1504 2937 1574 πρὸς
2957 1504 3166 1572 αἵρεσιν
3184 1502 3526 1570 ἀδικήματας
3550 1499 3680 1567 πόσῳ

2134 1600 2381 1671 βελτίονα
2410 1600 2544 1668 πρὸς
2584 1598 2870 1667 σύγκρισιν
2899 1595 3272 1664 άνομήματας
3310 1591 3427 1655 Κᾶν
3459 1589 3679 1650 ἀλλήλων

471 1703 716 1772 patribus
764 1701 1142 1764 condolerent,
1178 1667 1599 1754 animadveriit?
1626 1667 1732 1754 ‘Ubi
1768 1667 2021 1756 veterum

2130 1667 2184 1747 αἱ
2210 1692 2398 1743 κακίαι
2538 1688 2901 1758 χωρίζωνται,
2930 1685 3127 1739 ἄπεστι
3146 1683 3219 1736 τὰ
3239 1682 3509 1750 λεγόμενα
3528 1680 3680 1733 ἀπάν·

467 1793 756 1862 quisquam
802 1806 1041 1860 uuquam
1075 1800 1181 1844 tam
1215 1790 1552 1859 illegitimnm
1591 1796 1647 1840 et
1682 1785 1909 1853 impium
1940 1785 2018 1839 fa-

2130 1782 2319 1849 θρωπα
2336 1781 2432 1833 καὶ
2447 1778 2614 1840 δεινά,
2633 1777 2759 1846 ὠμὰ
2778 1778 2872 1830 καὶ
2889 1775 3159 1846 βάρϐαρα,
3178 1773 3385 1841 ἀνηλεῆ
3401 1773 3491 1825 καὶ
3509 1775 3676 1843 πικρά.

467 1887 627 1943 ciuus
672 1888 840 1942 fecit?
873 1888 1048 1941 Jussit
1099 1887 1373 1954 quondam
1424 1884 1636 1937 Pharao
1683 1882 2031 1936 Hebraeorum
2073 1878 2253 1933 occidi
2320 1878 2617 1932 masculos.
2654 1874 2809 1945 163
2872 1876 2939 1926 At
2967 1871 3173 1925 invidia
3200 1877 3259 1926 et
3285 1877 3466 1924 metus
3490 1867 3587 1923 hoc
3613 1869 3677 1922 illi

470 1980 704 2051 subjecit
737 1981 1000 2035 edit-tum.
1035 1979 1233 2033 Verum
1262 1986 1466 2046 quanto
1500 1978 1589 2030 illa
1622 1985 1824 2037 vetera,
1863 1988 2025 2042 quam
2062 1970 2351 2041 praesentia
2385 1969 2521 2029 hac,
2558 1965 2919 2021 humaniora?
2943 1973 3152 2033 quanto
3183 1962 3251 2017 ad
3289 1963 3562 2032 optionem
3607 1961 3678 2014 iu-

470 2076 629 2148 iurize
661 2075 1154 2130 desiderabitiora?
1183 2084 1385 2142 quanto
1414 2072 1479 2126 ad
1515 2072 1859 2126 collationem
1893 2067 2197 2136 iniquitatis
2232 2065 2492 2121 meliora?
2526 2062 2784 2130 Quamvis
2814 2061 3144 2116 vitiositates
3179 2074 3211 2113 a
3251 2058 3447 2128 seipsis
3477 2057 3606 2111 inter
3627 2070 3677 2112 se

469 2184 578 2225 non
614 2169 1021 2239 disgregentur;
1054 2183 1115 2223 ea
1149 2184 1267 2238 qua:
1297 2167 1440 2222 dicta
1473 2177 1621 2230 sunt,
1653 2165 1842 2230 infida,
1882 2164 2204 2219 inhumana.
2233 2162 2438 2229 gravia,
2484 2160 2618 2223 fera,
2650 2150 2906 2221 barbara,
2952 2156 3199 2212 crudelia
3234 2166 3295 2210 et
3327 2156 3516 2210 acerba
3542 2163 3677 2207 sunt.

543 2265 765 2329 «Atque
794 2261 945 2315 hisce
973 2263 1157 2323 rebus,
1187 2261 1278 2328 qui
1306 2260 1560 2313 Arianam
1593 2258 1865 2313 insaniam
1888 2271 2023 2310 con-

2209 2253 2351 2306 Ἀλλ’
2383 2255 2441 2305 έν
2476 2251 2689 2315 τούτοις
2720 2249 2997 2318 ὲγαυρίων
3026 2251 3076 2303 oi
3110 2249 3214 2317 τῆς
3258 2247 3473 2314 Ἀρείου
3504 2247 3679 2315 μανίας

469 2355 819 2408 sectabantur
852 2351 1247 2421 gloriabantur.
1280 2350 1497 2405 Etcum
1531 2349 1727 2403 civitas
1753 2348 1934 2402 omnis
1967 2347 2021 2401 in

469 2440 621 2493 luctu
668 2448 815 2494 esset
870 2441 999 2509 (non
1047 2439 1194 2494 enim
1229 2446 1349 2494 erat
1394 2439 1513 2492 ulla
1565 2437 1787 2500 domus,
1824 2438 1879 2491 in
1915 2451 2023 2506 qua

471 2547 579 2585 non
614 2541 760 2589 esset
792 2541 1061 2593 mortuus,
1094 2530 1257 2586 sicuti
1293 2530 1345 2583 iu
1377 2529 1567 2584 Exodo
1598 2530 1862 2599 scriptum
1891 2529 2021 2591 est),

472 2638 578 2676 non
614 2623 944 2691 quieverunt
978 2633 1183 2684 tamen,
1208 2622 1300 2691 qui
1330 2620 1690 2676 insatiabilem
1725 2620 1828 2675 sibi
1860 2634 2021 2675 exer-
2055 2661 2100 2721 ο

468 2714 603 2767 citio
656 2713 721 2767 ad
775 2715 1120 2783 iniquitatem
1178 2713 1420 2768 habitum
1466 2719 1875 2782 compararunt.
1914 2711 2025 2764 Vo-

471 2804 682 2858 lnntate
734 2808 881 2857 enim
936 2813 993 2857 et
1040 2803 1273 2858 arbitrio
1310 2818 1410 2858 suo
1463 2802 1529 2856 ad
1588 2817 1675 2856 res
1720 2802 2026 2858 deteriores

469 2895 792 2953 assuefacto.
821 2895 1292 2963 improbitatisque
1326 2908 1538 2948 veneno
1566 2893 1633 2946 ad
1665 2892 2027 2961 provinciales

469 2989 758 3057 episcopos
785 3003 954 3056 usque
976 2995 1217 3048 extento.
1247 2987 1603 3056 largitionum
1632 2985 1834 3040 comite
1860 2999 2023 3054 quem

470 3075 711 3128 diximus
748 3073 938 3143 Magno
979 3075 1211 3129 satellite
1239 3074 1405 3128 etiam
1446 3073 1513 3127 ad
1563 3073 1885 3143 iniustitiam
1922 3071 2026 3132 usi.

471 3166 684 3232 aliquos
734 3164 954 3233 quidem
1003 3164 1440 3234 cnriaajudieum
1492 3163 1877 3226 tradiderunt,
1924 3163 2025 3216 ali-

469 3256 672 3324 quibus
706 3266 887 3310 autem
920 3256 1123 3324 quibus
1162 3255 1385 3309 voluere
1408 3254 1829 3309 mortisinsidias
1859 3262 2030 3309 teten-

470 3346 691 3408 derunt.
733 3345 881 3400 omni
934 3361 1001 3399 ex
1051 3355 1207 3414 parte
1257 3360 1470 3408 omnes,
1512 3345 1650 3399 nihil
1699 3345 2027 3399 intentatum

470 3435 853 3517 relinquendo.
901 3436 967 3488 ad
999 3435 1338 3504 impietatem
1386 3435 1542 3504 quasi
1592 3435 1782 3488 venari
1817 3444 1873 3488 et
1904 3449 2028 3502 per-

470 3526 688 3581 trahere
736 3526 1003 3581 volentes.
1065 3526 1321 3580 Sedeuim
1393 3526 1577 3579 omnia
1627 3524 2026 3579 circumeundo

462 3618 617 3686 juxta
668 3618 889 3671 Iueresis
929 3633 1040 3671 sua).
1093 3626 1303 3686 patrem
1354 3616 1657 3680 diabolum,
1717 3625 2029 3685 quaerentes

386 3784 399 3789 ο
467 3724 631 3778 quem
656 3708 947 3770 devorent,
979 3709 1126 3778 quod
1162 3710 1231 3764 de
1266 3724 1481 3763 summa
1532 3724 1714 3762 rerum
1766 3709 2027 3778 despera-

467 3810 613 3860 rent.
648 3800 900 3855 undecim
944 3816 1011 3855 ex
1046 3800 1277 3872 Egypto
1322 3801 1630 3870 episcopos,
1660 3801 1811 3854 viros
1856 3801 1949 3869 qui
1997 3816 2027 3854 a

465 3904 653 3956 pueris
695 3889 761 3943 ad
814 3900 1154 3945 senectutem
1208 3906 1383 3960 usque
1434 3890 1655 3943 virtutis
1705 3900 1762 3943 et
1810 3890 2029 3958 pietatis

464 3981 786 4035 exercenda
830 3983 1004 4051 gratia
1044 3981 1404 4036 solitudinem
1439 3980 1740 4044 incoluere,
1775 3979 2025 4035 doctrina

465 4084 520 4126 et
551 4071 708 4126 factis
759 4073 1070 4141 voluptates
1110 4072 1497 4142 subjugavere,
1532 4071 1761 4124 verioris
1807 4071 2028 4140 pictatis

468 4163 627 4217 fidem
679 4163 1049 4231 deprzedicare
1082 4179 1191 4217 non
1222 4162 1519 4226 erubuere,
1565 4161 1785 4230 pietatis
1834 4161 2027 4230 dogma

468 4269 574 4306 una
611 4268 738 4308 cum
768 4253 907 4306 lacte
938 4252 1224 4314 imhibere,
1256 4251 1536 4304 victoriam
1574 4264 1714 4319 saepe
1759 4266 1787 4302 a
1827 4249 2029 4303 damno-

2128 2346 2361 2414 ὑπήκοοι
2391 2342 2734 2414 χορεύοντες.
2760 2341 2870 2409 Τῆς
2900 2339 2957 2392 δὲ
2989 2339 3203 2401 πόλεως
3234 2336 3417 2403 πάσης
3441 2336 3678 2404 ὀλοφυρο-

2130 2436 2299 2506 μένης
2322 2434 2445 2505 (οὐκ
2473 2429 2542 2504 ἦν
2574 2435 2683 2501 γάρ
2700 2432 2849 2485 οίκία
2868 2433 2923 2482 ὲν
3011 2430 3112 2483 οὐκ
3128 2425 3197 2499 ἦν
3218 2426 3514 2498 τεθνηκὼς,
3543 2426 3610 2489 ὡς
3627 2428 3695 2479 ἐν’

2128 2531 2195 2598 τῇ
2249 2527 2445 2597 Ἐξόδῳ
2468 2524 2829 2596 γέγραπται),
2849 2523 2951 2575 οὐκ
2965 2521 3258 2592 ἠρέμησαν
3288 2520 3469 2581 πάλιν,
3507 2520 3555 2572 οί
3591 2518 3679 2586 τήν

2127 2616 2243 2682 ἕξιν
2274 2618 2575 2688 ἀκόρεστον
2611 2616 2745 2686 πρὸς
2781 2614 3130 2683 παρανομίαν
3182 2613 3552 2681 ἀσκήσαντες·
3599 2610 3679 2662 ἐπὶ

2133 2709 2243 2779 γάρ
2272 2710 2338 2761 τά
2368 2710 2535 2778 χείρω
2584 2708 2683 2777 τὴν
2716 2706 3038 2777 προαίρεσιν
3082 2704 3478 2774 γυμνάζοντες,
3533 2702 3677 2770 μέχρι

2129 2796 2240 2848 τῶν
2270 2796 2370 2862 τῆς
2429 2797 2697 2866 ἐπαρχίας
2728 2794 3047 2847 ἐπισκόπων
3076 2793 3167 2846 τὸν
3204 2794 3338 2846 ίδιον
3371 2793 3466 2860 τῆς
3507 2793 3679 2853 κακίας

2134 2888 2212 2942 ίδν
2239 2890 2669 2949 ἐπεκτείνοντες,
2702 2886 2990 2957 δορυφόρῳ
3036 2887 3175 2956 πρὸς
3227 2885 3441 2938 ἀδικίαν
3470 2883 3545 2952 τῷ
3583 2884 3678 2936 τῶν

2121 2983 2494 3052 ’λαργιτιόνων
2548 2984 2824 3051 χρώμενοι
2878 2981 3125 3051 κόμητι,
3188 2981 3270 3049 τῷ
3318 2979 3676 3050 προειρημένῳ

2130 3074 2362 3144 Μάγνῳ.
2394 3072 2522 3134 τοὺς
2570 3073 2671 3142 μὲν
2712 3071 3090 3143 βουλευτηρίῳ
3123 3072 3454 3143 παρέδοσαν.
3500 3073 3617 3131 τοὺς
3639 3068 3677 3120 δ’

2130 3164 2327 3227 ἄλλους
2351 3164 2410 3217 ὃν
2440 3163 2731 3217 έϐούλοντο
2768 3163 2969 3230 τρόπον
3015 3161 3335 3231 ἐνήδρευον,
3367 3159 3678 3230 πανταχόθεν

2132 3256 2271 3325 πρὸς
2300 3255 2557 3313 ἀσέϐειαν
2598 3255 2728 3318 τοὺς
2777 3254 2990 3317 πάντας
3033 3254 3303 3321 θηρεῦσαι
3360 3253 3674 3325 βουλόμενοι,

2130 3348 2283 3401 οὐδὲν
2333 3349 2562 3416 ἀφέντες
2615 3346 2923 3416 ἀτόλμητον
2958 3362 2972 3377 ⁸
3034 3347 3169 3399 ἀλλὰ
3216 3347 3329 3416 γὰρ
3382 3346 3474 3402 καὶ
3519 3345 3675 3400 πάντα

2132 3438 2568 3509 περιερχόμενοι.
2599 3438 2742 3491 κατά
2779 3438 2871 3490 ἐἴν
2894 3436 3027 3489 ίδιον
3054 3436 3154 3501 τῆς
3187 3437 3459 3505 αἱρέσεως
3483 3436 3675 3504 πατέρα

2128 3529 2397 3588 διάϐολον.
2436 3527 2730 3599 ζητοῦντές
2775 3545 2898 3581 τινα
2947 3531 3266 3583 καταπιεῖν.
3302 3527 3538 3582 Καθόλου
3577 3526 3673 3579 τοί-

2131 3638 2230 3674 νυν
2261 3621 2413 3691 παρά
2466 3621 2683 3676 πάντων
2727 3622 3121 3694 ἀπορούμενοι.
3168 3621 3230 3675 ἐν
3275 3621 3407 3675 δέκα
3450 3618 3552 3673 τῶν
3580 3615 3673 3671 ἀπὸ

2130 3713 2232 3781 τῆς
2270 3711 2546 3780 Δίγύπτου
2598 3711 2692 3766 τὸν
2751 3711 2987 3783 ἀριθμὸν
3026 3714 3370 3775 ἐπισκόπων,
3400 3710 3589 3779 ἄνδρας
3618 3707 3672 3759 ἐκ

2132 3806 2349 3859 παιδίου
2404 3806 2567 3875 μέχρι
2613 3805 2802 3876 γήρως
2830 3804 2930 3876 τὴν
2978 3804 3189 3874 ἔρημον
3219 3806 3503 3874 ἀσκήσεως
3530 3801 3671 3872 χάριν

2130 3899 2483 3967 οἰκήσαντας,
2514 3898 2612 3951 καὶ
2632 3896 2776 3965 λόγῳ
2798 3895 2893 3951 καὶ
2924 3896 3122 3968 πράξει
3148 3900 3249 3960 τὰς
3280 3897 3466 3966 ἡδονὰς
3494 3891 3671 3949 ὕποτά-

2135 3988 2354 4053 ξαντας,
2386 3988 2482 4041 καὶ
2513 3986 2613 4056 τὴν
2659 3986 2860 4044 εὐσεϐῆ
2893 3977 3082 4041 πίστιν
3113 3986 3554 4057 ἀνεπαισχύντως
3581 4000 3670 4050 κη-

2134 4075 2444 4145 ρύττοντας,
2501 4075 2597 4128 καὶ
2647 4077 2717 4129 τὰ
2779 4075 2884 4144 τῆς
2930 4074 3216 4138 εὐσεϐείας
3263 4072 3668 4144 γαλουχηθέντας

2129 4165 2403 4234 δόγματα,
2436 4163 2532 4218 καὶ
2576 4164 2735 4233 νίκην
2766 4163 3029 4227 πολλάκις
3072 4165 3211 4217 κατά
3266 4163 3530 4233 δαιμόνων
3552 4158 3668 4211 ἐπά-

2135 4272 2357 4327 ραντας.
2382 4254 2554 4326 ἀρετῇ
2581 4253 2973 4316 δυσωποῦντας
3004 4257 3096 4308 τὸν
3128 4256 3444 4318 ἀντίπαλον,
3475 4253 3558 4305 καὶ
3582 4248 3666 4317 τὴν

466 4344 631 4397 nibus
691 4343 951 4408 retulere,
1002 4343 1200 4396 virtute
1247 4340 1624 4395 adversarium
1683 4342 1916 4408 fregere.
1968 4348 2025 4394 et

2138 4326 2429 4417 7,139thth
2461 4345 2764 4416 σοφωτάτῳ
2795 4344 2939 4415 λόγῳ
2978 4345 3393 4414 στηλιτεύοντας
3441 4342 3664 4413 αἵρεσινο

465 4434 719 4487 Arianam
767 4442 970 4487 sectam
1007 4434 1256 4487 oratione
1305 4431 1704 4502 sapientissima
1751 4431 1924 4485 veluti
1966 4432 2020 4483 in

463 4527 773 4581 eolumnam
811 4526 1037 4580 incisam
1074 4525 1389 4590 traduxere,
1421 4524 1848 4578 instrumentum
1889 4522 2021 4575 feri-

466 4616 590 4668 tatis
621 4631 745 4669 eum
767 4631 928 4684 quem
957 4632 1095 4683 sape
1118 4616 1356 4669 diximus
1384 4614 1677 4678 habentes,
1705 4612 2020 4669 exsulatum

466 4709 518 4759 iu
555 4707 689 4760 orbe
739 4716 928 4761 nostro
967 4706 1108 4776 apud
1143 4706 1357 4761 Domini
1404 4722 1757 4775 percussores
1804 4704 2022 4760 Judzeus

463 4798 518 4851 in
555 4800 832 4853 civitatem
892 4798 1284 4851 Diocuesareani
1344 4799 1566 4851 misere.
1608 4797 2022 4861 Verumtamen,

462 4891 624 4945 sicuti
659 4892 830 4945 Orcus
867 4905 962 4943 seu
998 4889 1266 4954 infernus,
1303 4890 1532 4942 fratrum
1564 4902 1740 4943 morte
1773 4890 2015 4942 nondum

460 4980 688 5049 expleti,
720 4979 923 5048 ubique
947 4989 1218 5047 terrarum
1246 4978 1532 5033 dementes
1552 4988 1608 5032 et
1637 4980 1843 5047 stupidi
1875 4994 2025 5032 mor-

464 5072 598 5126 tales
631 5069 850 5125 saevitia:
882 5086 995 5125 sum
1020 5078 1433 5125 monumentum
1463 5070 1685 5139 aliquod
1711 5072 2021 5140 relinquere

462 5170 589 5216 sunt
617 5163 761 5226 ausi,
798 5164 1142 5218 nobilitatem
1193 5178 1261 5217 ex
1301 5163 1606 5217 malefactis
1660 5174 2020 5233 aucupanth.

462 5258 601 5310 licce
659 5257 808 5310 enim
858 5271 1078 5310 rursum
1133 5255 1397 5310 Ecclesiae
1447 5255 1732 5311 catholica:
1791 5256 2025 5311 clericos

462 5347 768 5403 Antiochia:
805 5348 1090 5416 degentes,
1118 5361 1225 5400 una
1258 5360 1381 5401 cum
1424 5345 1678 5415 probatis
1714 5347 2017 5413 monauhis,

461 5441 554 5508 qui
584 5455 774 5496 eorum
812 5439 1110 5496 insolentes
1132 5439 1381 5495 actiones
1410 5437 1729 5494 testimonio
1755 5453 1855 5493 suo
1883 5453 2021 5493 con-

465 5544 768 5594 m-marent,
828 5534 917 5588 ubi
968 5532 1282 5602 imperiales
1341 5545 1505 5586 aures
1541 5531 1779 5599 querelis
1829 5540 2021 5584 contra

466 5640 566 5677 nos
621 5624 886 5679 institutis
936 5623 1318 5687 obtudcrunt,
1374 5622 1785 5677 Neocaesaream
1858 5622 2019 5676 Ponti

2134 4436 2370 4506 δργανον
2399 4434 2683 4505 ὠμότητος
2707 4432 2802 4490 τοῦ
2828 4434 3235 4505 προειρημένου
3261 4434 3483 4501 ἔχοντες,
3515 4430 3662 4497 ὑπερ·

2134 4527 2321 4598 ορίους
2376 4528 2742 4596 πεποιήκασιν
2772 4525 2830 4579 ἑν
2862 4526 3158 4597 οἰκουμένῃ
3195 4525 3342 4596 παρὰ
3370 4525 3470 4576 τῶν
3501 4536 3662 4589 κυριο-

2133 4619 2339 4672 κτόνων
2372 4617 2647 4671 Ἰουδαίων
2673 4617 2827 4670 πόλει
2864 4614 3108 4680 τοῦνομα
3132 4615 3525 4691 Διοκαισαρείᾳ.
3564 4608 3660 4663 Καὶ

2133 4710 2281 4778 ὅμως
2321 4710 2397 4771 ὡς
2425 4710 2452 4761 ὁ
2481 4707 2611 4779 ᾅδης
2648 4708 2739 4760 ἐπὶ
2773 4707 2992 4779 θανάτῳ
3033 4709 3142 4761 τῶν
3168 4708 3411 4776 ἀδελφῶν
3455 4706 3545 4757 οὐκ
3579 4704 3661 4768 ἑμ-

2135 4799 2487 4868 πιπλάμενοι,
2522 4798 2838 4869 ἁπανταχοῦ
2870 4799 2976 4867 γῆς
3002 4799 3308 4869 ἐτόλμησαν
3333 4801 3378 4852 oi
3402 4797 3656 4863 παράφρθ·

2133 4908 2220 4954 νες
2259 4892 2355 4943 καὶ
2388 4890 2672 4958 ἀϐέλτεροι
2704 4893 2801 4959 τῆς
2826 4890 3033 4952 οἰκείας
3060 4890 3341 4960 ὠμότητος
3370 4882 3656 4951 καταλεῖψαι

2139 4984 2504 5054 μνημόσυνον,
2542 4984 2608 5035 ἐκ
2636 4982 2824 5037 κακῶν
2845 4982 2990 5050 ἔχειν
3033 4983 3093 5037 τὸ
3119 4982 3402 5053 γνώρισμα
3426 4974 3654 5048 βουλόμε-

2130 5092 2232 5128 νοι.
2267 5074 2402 5127 Ἰδοὺ
2435 5072 2544 5144 γὰρ
2592 5073 2759 5126 πάλιν
2793 5073 3091 5143 κληρικοὺς
3120 5072 3221 5141 τῆς
3248 5068 3527 5138 καθολικῆς
3556 5064 3656 5117 Ἐκ·

2134 5167 2389 5235 κλησίας,
2413 5168 2471 5218 ὲν
2500 5166 2804 5237 Ἀντιοχείᾳ.
2829 5166 3207 5235 διατρίϐοντας
3239 5167 3353 5236 ἅμα
3377 5157 3652 5217 σπουδαίοις

2142 5256 2433 5326 μονάξουσι
2457 5256 2527 5310 τὰ
2564 5255 2662 5324 τῆς
2693 5255 3142 5331 δραματουργίας
3172 5256 3346 5309 αὐτῶν
3390 5244 3652 5321 διαμαρτύ-

2138 5348 2336 5418 ρασθαι
2362 5345 2760 5417 προθεμένους,
2797 5346 3084 5415 βασιλικάς
3114 5348 3410 5418 ήχήσαντες
3436 5340 3544 5396 κατ’
3569 5335 3649 5390 οὗ·

2133 5439 2244 5492 τῶν
2278 5439 2472 5502 ἀκοάς,
2516 5437 2616 5508 τήν
2660 5436 3098 5509 Νεοκαισάρειαν
3146 5438 3242 5492 τοῦ
3275 5438 3465 5493 Πόντου
3507 5427 3648 5483 οίκείν

2134 5530 2559 5600 παρεσκεύασαν
2581 5544 2598 5573 ε
2629 5530 2679 5583 οἳ
2727 5531 2886 5602 τάχα,
2915 5531 3009 5584 καὶ
3048 5531 3142 5583 τοῦ
3174 5531 3276 5601 ζῇν
3317 5522 3645 5596 ἐστερήθησαν

2127 5621 2346 5691 διὰλτὴν
2385 5621 2491 5674 τῶν
2540 5620 2719 5674 τόπων
2759 5621 3080 5691 ἀγριότητα.
3132 5623 3393 5681 Τοιαύτας
3431 5608 3643 5669 ὁκαιοὸς
