3986 6190
351 243 461 305 669

1284 240 1878 301 ECCLESlASTICE
1914 242 2301 303 HISTORIA)
2336 245 2480 306 LIB.
2527 246 2628 307 Xl.

3477 252 3592 316 ιτα

348 359 558 418 ἐκεῖνος
586 354 805 421 ἐδέξατο
833 356 1163 426 τραγῳδίας,
1194 357 1353 424 σιγῆς
1380 356 1479 425 μὲν
1513 348 1605 407 οὖν
1635 354 1727 406 καὶ
1748 353 1888 424 λήθη

1992 406 1993 411 η
2023 358 2294 425 proscribi
2325 369 2609 414 curarunt.
2643 357 2802 430 164
2824 358 2927 427 Qui
2960 360 3110 416 brevi
3138 361 3326 425 etiam.
3349 377 3577 433 propter

346 448 531 513 ἀξίας,
562 449 623 500 ὲν
683 447 1087 518 συγγράμμασι
1113 447 1169 502 δὲ
1221 446 1512 515 τιθεμένας
1569 447 1649 507 είς
1699 445 1921 514 ἔλεγχον

346 539 459 590 τῶν
482 539 624 591 κατὰ
653 537 748 592 τοῦ
766 537 1469 608 Μονογενοῢςκινησάντων
1498 536 1597 599 τὰς
1627 534 1883 602 γλώσσας
1901 552 1916 567 ο

345 632 398 684 οἳ
449 617 707 701 τὴν’τῆς
761 634 1114 704 βλασφημίας
1168 633 1548 700 εἰσδεξάμενοι
1597 631 1821 694 λύτταν,
1857 630 1918 681 ού

348 723 514 788 μόνον
546 724 639 777 τὸν
667 725 777 778 τῶν
825 727 967 780 ὅλων
1020 727 1304 792 Δεσπότην
1332 724 1571 790 τοξεύειν
1604 721 1918 791 ἐπιχειροῦ-

345 830 456 880 σιν,
490 816 626 868 ἀλλὰ
656 820 750 871 καὶ
779 822 920 871 κατὰ
952 818 1063 872 τῶν
1092 818 1334 871 εὐσεϐῶν
1362 816 1528 868 αὑτοῦ
1561 812 1913 882 θεραπόντων

340 908 439 959 τὸν
474 909 739 963 ἄσπονδον
764 910 1082 974 ἀνεδέξαντο
1111 910 1372 979 πόλεμον.
1402 926 1421 959 ι
1470 905 1710 959 Τοιαῦτα
1756 903 1854 972 μὲν
1883 902 1912 953 ὁ

347 1002 495 1063 (ista;
546 1003 753 1072 Πέτρος
798 1004 928 1074 περὶ
972 1003 1084 1056 τῶν
1133 1002 1255 1055 τότε
1312 1000 1557 1071 διέξεισι,
1609 996 1702 1049 καὶ
1736 997 1767 1047 ὁ
1813 994 1914 1063 μὲν

344 1092 580 1155 Λούκιος
611 1093 783 1156 οὕτως
812 1094 979 1147 tam;
1007 1094 1109 1161 τὴν
1134 1092 1432 1158 Αἴγυπτον.

2023 447 2264 502 locorum
2296 450 2568 504 feritatem
2602 466 2696 505 seu
2722 452 3005 520 duritiem,
3031 453 3142 507 vita
3165 462 3294 507 sunt
3312 453 3581 511 defuncti.

2023 537 2345 608 llujusmodi
2388 550 2602 610 tempus
2630 541 2762 595 illud
2812 543 3030 613 excepit
3062 544 3380 614 tragtedias,
3414 546 3584 601 silen-

2024 630 2101 682 tio
2154 631 2375 698 quidem
2408 632 2529 686 illas
2574 642 2630 688 et
2676 633 2953 689 oblivione
2986 635 3201 706 dignas,
3231 637 3324 691 sed
3358 652 3479 705 quae
3529 639 3583 691 in

2020 721 2225 790 scripto
2257 722 2359 774 hoc
2393 724 2610 777 inserta:
2639 739 2734 777 eos
2779 724 3198 789 redarguerem,
3242 726 3335 794 qui
3369 728 3585 797 linguas

2019 820 2208 865 contra
2254 810 2605 879 Unigenitum
2646 823 2974 868 moverunt:
3018 823 3072 868 et
3104 816 3196 884 qui
3231 815 3581 884 blasphemia:

2019 902 2256 971 correpti
2311 903 2484 967 rabie,
2539 920 2648 957 non
2702 905 2878 958 solum
2931 906 3131 974 jaculis
3167 917 3354 976 petere
3392 921 3576 961 rerum

2020 993 2395 1047 universarum
2425 994 2709 1051 Dominum
2735 999 3092 1065 contendunt,
3114 1000 3209 1054 sed
3235 1010 3290 1054 et
3311 1000 3579 1055 adversus

2020 1084 2139 1152 pios
2192 1087 2312 1152 ejus
2366 1085 2649 1139 ministros
2702 1088 2959 1142 infestum
3006 1101 3061 1143 et
3113 1090 3577 1145 irreconciliabile

343 1199 715 1256 susceperunt
745 1189 968 1243 bellum.
1006 1208 1023 1239 ι
1058 1188 1183 1242 Hme
1212 1186 1431 1254 quidem
1503 1184 1723 1238 divinus
1785 1179 1977 1234 Petrus
2012 1177 2079 1232 de
2106 1179 2225 1247 ejns
2272 1180 2533 1248 temporis
2565 1181 2729 1236 rebus
2780 1182 2969 1247 refert,
3004 1193 3059 1238 et
3088 1185 3206 1255 ipse
3245 1184 3450 1241 Lucius
3508 1186 3573 1241 ad

342 1279 493 1333 hunc
524 1279 744 1334 modum
778 1279 1064 1350 Egyptnm
1095 1279 1357 1332 turbavit.

904 1420 1153 1472 ΚΕΦΑΛ.
1203 1418 1331 1472 ΚΘ’.

354 1510 450 1576 Ὠς
477 1511 575 1563 διὰ
614 1511 728 1574 τήν
764 1509 1275 1576 ὑπερϐάῖλουσαν
1326 1512 1549 1575 ἀρετὴν
1572 1508 1692 1561 τῶν
1738 1520 1902 1570 τηνι-

411 1582 602 1634 καῦτα
630 1580 980 1634 ἐπισκόπων
1007 1583 1040 1633 ό
1077 1580 1187 1645 τῆς
1216 1580 1499 1644 αἱρέσεως
1540 1580 1650 1631 οὐκ
1681 1578 1903 1645 ἵσχυςε

409 1650 651 1741 ξιλύδωῖ
674 1667 688 1680 ·
725 1651 823 1703 καὶ
850 1649 1025 1718 μνεία
1046 1640 1488 1717 Βρετανὶνίωνοςῖ
1508 1646 1631 1701 ’τοῦ
1659 1640 1903 1699 Σκυθῶν
1936 1686 1976 1741 Β

409 1722 771 1775 ἐπισκόπου.

414 1836 648 1904 Διδύμου
677 1834 735 1887 δὲ
764 1832 860 1885 τοῦ
908 1832 1198 1900 φιλοσόφου
1237 1832 1535 1901 τηνικαῦτα
1585 1834 1693 1892 τοῖς
1734 1829 1903 1881 ὲκεῖσ⁹

333 1928 748 1996 ὲνακμάζοντος
778 1926 990 1994 μέρεσι,
1022 1924 1119 1977 καὶ
1142 1924 1318 1978 ἄλλων
1344 1922 1427 1974 ὲλλ
1438 1922 1646 1989 ογίμων
1669 1919 1898 1990 ἀνδρῶν,

327 2020 433 2071 καὶ
463 2018 699 2086 μάλιστα
737 2016 848 2068 τῶν
881 2016 1064 2068 ἐκεῖσε
1106 2013 1383 2084 μοναχῶν,
1413 2014 1463 2066 οἳ
1507 2014 1689 2068 πολλοί
1719 2030 1776 2066 τε
1807 2013 1901 2065 καὶ

327 2108 536 2176 ἁγαθοὶ
577 2103 721 2177 ἦσαν
763 2105 899 2175 πρὸς
925 2106 1025 2174 τὴν
1048 2103 1156 2156 τῶν
1193 2103 1443 2171 ἀγγέλων
1469 2101 1748 2155 πολιτείαν
1783 2101 1901 2154 δια-

327 2200 691 2267 μιλλώμενοι,
722 2198 955 2259 Λούκιος
980 2196 1132 2250 οὐδὲν
1159 2195 1391 2264 ἠδύνατο
1432 2197 1714 2261 πράττειν.
1760 2193 1899 2247 Καί-

329 2307 445 2359 περ
516 2289 626 2356 γὰρ
670 2287 975 2355 διωκομένη
1027 2287 1061 2355 η
1115 2288 1235 2339 κατ’
1283 2287 1559 2353 Αἴγυπτον
1599 2284 1898 2348 Ἐκκλησία

323 2380 519 2449 πολλῷ
538 2383 651 2442 τοῖς
678 2380 940 2450 πλήθεσιν
963 2380 1289 2450 ύπερέφερε,
1317 2380 1417 2442 τὰς
1441 2378 1501 2443 ἐξ
1520 2378 1732 2446 Ἀρείου
1752 2395 1898 2449 παρα

321 2471 734 2542 ευδοκιμοΰσα·
779 2473 807 2525 ὃ
840 2473 902 2542 δὴ
949 2477 1045 2526 καὶ
1088 2473 1238 2542 παρὰ
1295 2474 1408 2535 τοῖς
1455 2470 1553 2538 τὴν
1600 2471 1900 2542 Ὀσροηνὴν

320 2565 507 2616 οίκεῖν
562 2562 821 2633 λαχοῦσιν
876 2561 1214 2616 συνέϐαινεν.
1268 2561 1433 2614 Ἀλλὰ
1483 2560 1547 2630 δὴ
1598 2562 1693 2612 καὶ
1750 2559 1900 2629 παρὰ

322 2654 741 2716 Καππαδόκαις
766 2670 780 2684 ·
834 2656 867 2723 ἡ
919 2654 1028 2723 γὰρ
1060 2654 1181 2706 θεία
1229 2654 1346 2707 ἐκεῖ
1376 2653 1610 2721 ξυνωρὶς
1654 2653 1753 2716 τὰς
1789 2652 1897 2706 τῶν

324 2746 601 2800 ἐναντίων
647 2745 953 2815 προσϐολὰς
990 2745 1368 2815 ἀπεκρούετοο
1404 2744 1699 2807 Βασίλειος,
1733 2745 1894 2812 φημὶ,

323 2841 428 2892 καὶ
463 2838 783 2908 Γρηγόριος.
816 2839 965 2906 Μόνη
992 2837 1037 2891 δ’
1059 2839 1117 2891 ὲν
1146 2838 1343 2908 ἀταξίᾳ
1375 2837 1603 2909 πλείστῃ
1632 2833 1698 2908 ἦν
1731 2837 1898 2907 Συρία

320 2944 386 2977 τε
415 2927 530 2994 ἅμα
552 2928 644 2979 καὶ
677 2926 975 2995 Ἀντιόχεια
997 2940 1011 2955 ο
1040 2927 1099 2978 ὲν
1133 2925 1339 2978 πλείονι
1369 2925 1477 2996 γὰρ
1510 2927 1560 2977 oi
1590 2927 1645 2990 ἐξ
1672 2925 1894 2994 Ἀρείου

2571 1407 2795 1463 CAPUT
2834 1408 3027 1463 XXIX.

2015 1493 2082 1550 Ut
2112 1504 2326 1565 prapter
2347 1498 2682 1552 excellentem
2699 1500 2942 1552 virtutem
2974 1500 3085 1568 ejus
3108 1500 3354 1561 temporis
3375 1501 3572 1567 episco-

2080 1582 2268 1634 porum
2312 1569 2598 1636 ~Irumzsium
2652 1585 2755 1620 non
2811 1567 3092 1621 inualuerit
3151 1577 3429 1636 tempestas
3461 1585 3481 1623 :
3521 1576 3571 1620 et

2081 1636 2273 1688 mentio
2302 1634 2664 1689 Britannionis
2686 1636 3002 1707 Scytharum
3038 1634 3284 1713 episcopi.

2074 1810 2230 1877 Quod
2283 1822 2465 1866 autem
2525 1823 2637 1867 tum
2693 1813 2955 1885 Didymus
2990 1815 3350 1885 philosophus
3385 1818 3443 1870 in
3483 1820 3566 1874 eis

2003 1902 2323 1971 regionibus
2358 1903 2602 1967 ﬂoreret,
2630 1917 2684 1958 et
2703 1905 2796 1959 alii
2816 1906 3065 1973 praeclari
3096 1908 3221 1967 viri,
3248 1918 3302 1962 et
3330 1910 3563 1965 maxime

2002 1992 2094 2060 qui
2139 1991 2214 2045 ibi
2249 2003 2406 2046 erant
2439 1996 2717 2058 monachi,
2749 1997 2842 2063 qui
2873 2004 2930 2049 et
2962 1995 3147 2065 plures
3185 2006 3241 2051 et
3271 1997 3400 2052 boni
3436 2014 3561 2054 cum

2001 2084 2322 2152 angelorum
2383 2086 2603 2139 vivendi
2661 2087 2912 2140 instituto
2975 2088 3290 2152 certabant,
3363 2089 3568 2145 Lucius

1999 2175 2213 2230 ellicere
2243 2176 2380 2230 nihil
2408 2179 2603 2246 potuit.
2625 2178 2887 2245 Quamvis
2910 2179 3057 2234 enim
3085 2180 3326 2236 Ecclesia
3346 2181 3560 2254 Egypti

2001 2266 2441 2334 persecutionem
2483 2268 2674 2333 ferret,
2706 2270 2866 2340 longe
2905 2281 3086 2326 tamen
3119 2288 3225 2326 una
3251 2288 3375 2326 cum
3401 2274 3563 2330 laude

1998 2365 2056 2410 et
2112 2357 2283 2427 gloria
2331 2359 2567 2415 Arianos
2617 2361 2902 2415 hominum
2968 2378 3201 2419 numero
3241 2366 3559 2432 superabat.

1999 2446 2153 2513 Quod
2210 2448 2397 2503 itidem
2437 2450 2580 2520 apud
2630 2449 2910 2507 Osroenos
2956 2453 3178 2518 accidit,
3212 2464 3376 2523 atque
3430 2457 3559 2510 item

1996 2540 2138 2610 apud
2170 2540 2526 2610 Cappadoces
2557 2542 2659 2613 Η).
2703 2543 2957 2598 Divinum
2994 2561 3228 2615 namque
3259 2547 3389 2601 illud
3423 2550 3562 2601 ami-

1997 2647 2186 2686 corum
2220 2647 2340 2702 par.
2371 2632 2607 2688 Basilius
2634 2634 2893 2688 videlicet
2936 2643 2991 2690 et
3022 2635 3342 2706 Gregorius,
3371 2639 3561 2691 inimi-

1996 2737 2183 2777 corum
2213 2723 2453 2777 insultus
2482 2724 2845 2793 repellebant.
2873 2725 2997 2781 Sola
3031 2735 3211 2781 autem
3238 2729 3291 2782 in
3324 2731 3557 2784 maxima

1995 2816 2356 2873 ecclesiastici
2389 2819 2602 2873 ordinis
2652 2820 3014 2876 dissolutione
3044 2832 3163 2877 erat
3213 2822 3367 2892 Syria
3396 2824 3556 2878 simul

1994 2918 2050 2965 et
2106 2909 2417 2965 Antiochia.
2468 2909 2698 2964 Plurimi
2742 2911 2892 2965 enim
2926 2912 3003 2967 ibi
3056 2914 3244 2968 Ariani
3289 2925 3448 2968 erant
3496 2924 3553 2968 et

320 3016 496 3088 ἦσαν,
527 3018 621 3069 καὶ
661 3019 760 3079 τὰς
801 3016 1095 3085 ἐκκλησίας
1140 3017 1423 3085 κατεῖχον·
1468 3016 1724 3079 ἐλάττους
1751 3016 1797 3068 δ’
1840 3017 1892 3069 oi.

1992 3000 2256 3056 ecclesias
2301 3001 2657 3067 obtinebant;
2719 3002 2991 3057 Catholici
3023 3019 3156 3058 vero
3207 3008 3498 3076 pauciores
3537 3025 3552 3061 :

326 3110 437 3177 τῆς
466 3107 698 3161 καθόλου
731 3106 1060 3177 Ἐκκλησίας
1080 3122 1095 3137 ·
1140 3105 1229 3164 οὓς
1255 3107 1304 3158 ei
1341 3106 1440 3174 μὲν
1471 3105 1890 3171 Εὑσταθιανοίές,

319 3202 377 3252 οἱ
412 3200 469 3252 δὲ
496 3199 888 3259 Παυλινιανοὺς
919 3197 1304 3265 κατωνόμαζον
1326 3215 1340 3229 ο
1370 3191 1445 3250 ὧν
1488 3197 1593 3266 ίδίᾳ
1630 3197 1895 3261 Παυλῖνός

319 3309 387 3345 τε
421 3291 519 3343 καὶ
575 3289 843 3350 Μελέτιος
872 3290 969 3347 τὰς
1002 3303 1323 3354 συναγωγας
1371 3286 1764 3350 ἑποιοῦντο,ὠς
1806 3306 1893 3356 μι-

322 3382 461 3452 κρὸν
488 3380 695 3435 ἄνωθεν
714 3378 1059 3448 διελάϐομεν.
1095 3380 1203 3433 Καί
1234 3395 1296 3445 γε
1340 3378 1404 3448 δὴ
1457 3378 1654 3448 μικροῦ
1686 3378 1794 3432 δεῖν
1830 3378 1892 3433 ἆο

321 3491 480 3526 πασα
512 3475 545 3542 ἡ
581 3472 899 3541 Ἀντιοχέων
929 3472 1106 3537 πόλις,
1141 3473 1199 3524 ὲν
1228 3470 1458 3550 κινδύνῳ
1490 3473 1755 3539 γενομένη
1788 3473 1888 3538 τῆς

335 3563 555 3631 Ἀρείου
583 3561 785 3631 λύσσης
817 3561 1093 3629 γενέσθαι,
1126 3560 1215 3613 διὰ
1246 3559 1467 3623 τούτους
1495 3561 1759 3629 ὑπερέσχε
1789 3561 1886 3630 τῆς

318 3674 383 3708 τε
414 3653 510 3707 τοῦ
548 3652 814 3721 βασιλέως
851 3652 1028 3721 ὁρμῆς
1046 3654 1140 3705 καὶ
1186 3652 1294 3704 τῶν
1342 3652 1478 3721 ἀμφ’
1525 3652 1689 3704 αὐτὸν
1727 3651 1888 3704 δυνά-

321 3760 497 3812 μεων.
538 3743 651 3796 Καὶ
702 3742 812 3811 γάρ
862 3760 979 3802 πως
1014 3741 1350 3803 συνέϐαινεν,
1398 3743 1661 3811 ἀνδρείων
1714 3743 1885 3795 όντων

315 3833 430 3886 τῶν
464 3832 665 3885 ίθύνειν
694 3831 791 3892 τὰς
826 3830 1125 3899 ἐκκλησίας
1161 3832 1458 3902 λαχόντων,
1510 3832 1584 3903 μὴ
1615 3830 1885 3900 μιιτιπιϐοἰλ⁴

314 3924 510 3977 λεσθαι
560 3923 629 3977 τὰ
686 3923 862 3993 πλήθη
906 3926 1007 3993 τῆς
1062 3924 1286 3991 ἐνούσης
1343 3924 1519 3994 δόξης.
1582 3924 1772 3978 Ἔνθεν
1800 3942 1883 3978 τοι

317 4018 417 4068 καὶ
455 4014 669 4078 Σκύθας
722 4015 881 4082 λόγος
906 4016 1079 4084 υαίρεῖ
1131 4016 1323 4086 ἀνδρὸς
1360 4019 1714 4087 ἐπιτυχόντας
1756 4034 1881 4085 γεν-

312 4105 497 4168 ναίου,
537 4105 611 4174 μὴ
643 4105 975 4174 μεταλλάξαι
1006 4106 1067 4158 τὸ
1100 4106 1289 4168 σέϐας.
1348 4108 1504 4177 Ἔχει
1554 4109 1656 4177 μὲν
1686 4109 1795 4180 γὰρ
1821 4109 1881 4162 τὸ

313 4197 470 4259 ἔθνος
515 4195 678 4249 τοῦτο
726 4197 986 4258 πλείστας
1038 4198 1121 4250 ὅτι
1176 4199 1365 4268 κώμας
1419 4203 1511 4253 καὶ
1561 4200 1742 4269 χώρας
1784 4202 1880 4255 καὶ

314 4289 597 4359 φρούριαο
635 4289 891 4359 ὑπερέχει
929 4288 974 4342 δ’
1002 4291 1060 4343 ὲν
1099 4290 1310 4355 τούτοις
1361 4286 1450 4346 οἷά
1482 4268 1904 4363 τιςίμητρόποοθ

1995 3104 2133 3159 quos
2168 3089 2389 3160 quidem
2421 3090 2514 3145 alii
2552 3090 2969 3158 Eustatbianos,
3020 3093 3111 3147 alii
3156 3107 3337 3149 autem
3370 3097 3557 3150 Pauli-

1995 3182 2189 3236 niauos
2211 3183 2525 3249 vocabant;
2567 3198 2759 3238 eorum
2791 3185 2997 3255 quippe
3030 3188 3263 3240 seorsim
3294 3188 3558 3243 Paulinus

1991 3284 2047 3328 et
2109 3274 2360 3329 Meletius
2410 3287 2717 3331 conventus
2770 3287 3105 3348 coegerant,
3163 3282 3339 3337 .sicnti
3393 3292 3553 3335 antea

1990 3365 2252 3420 diximus.
2288 3367 2357 3421 Et
2391 3382 2516 3422 cum
2570 3384 2762 3437 parum
2816 3370 3050 3436 abesset,
3090 3373 3223 3440 quin
3258 3372 3555 3426 Antioche-

1990 3470 2189 3509 norum
2241 3457 2439 3511 civitas
2489 3469 2689 3513 cuncta
2745 3460 3177 3529 periclitaretur,
3223 3469 3278 3515 et
3314 3463 3392 3538 ad
3437 3463 3548 3517 Arii

1920 3555 1926 3560 '
1988 3549 2195 3602 rabiem
2246 3547 2589 3610 deﬂecteret.
2622 3550 2842 3604 illorum
2873 3566 3038 3621 opera
3071 3553 3236 3607 simul
3274 3561 3330 3607 et
3371 3554 3547 3623 impe-

1987 3640 2184 3695 ratoris
2216 3642 2479 3711 impetum
2533 3655 2591 3698 et
2642 3643 2902 3699 factionis
2930 3645 3052 3713 ejus
3098 3646 3210 3698 vim
3243 3648 3545 3715 superavit.

1984 3731 2121 3785 Nam
2180 3732 2587 3800 quodammodo
2627 3734 2848 3799 accidit,
2891 3743 2951 3788 ut
2989 3735 3134 3805 quod
3180 3738 3544 3793 ecclesiarum

1985 3824 2389 3880 administratio
2444 3841 2612 3895 penes
2641 3826 2787 3882 viros
2826 3826 2999 3882 fortes
3044 3839 3216 3893 esset,
3246 3831 3544 3887 multitudo

1983 3917 2053 3970 ab
2086 3916 2347 3985 opinione
2392 3926 2658 3986 concepta
2692 3932 2802 3972 non
2839 3918 3165 3975 discederet.
3216 3922 3454 3978 Proinde
3487 3936 3546 3979 et

1983 4007 2239 4078 Scythae,
2303 4009 2431 4076 quia
2501 4009 2680 4063 virum
2742 4011 3147 4080 magnanimum
3219 4014 3540 4084 episcopum

1983 4099 2128 4154 nacti
2174 4098 2417 4164 fuerant,
2460 4100 2751 4171 religionis
2793 4101 3001 4155 cultum
3038 4103 3266 4158 minime
3300 4116 3542 4162 mutasse

1984 4198 2096 4244 tum
2136 4189 2415 4246 feruntur.
2446 4191 2593 4246 Gens
2621 4207 2685 4246 ea
2715 4205 2949 4261 namque
2984 4196 3420 4263 quamplurimos
3446 4197 3544 4249 ba-

1983 4282 2075 4336 bet
2103 4281 2273 4348 vicos,
2308 4281 2560 4352 regiones
2601 4292 2656 4335 et
2692 4283 2914 4337 castella
2943 4299 2959 4349 ;
3000 4282 3156 4353 165
3187 4294 3351 4351 atque
3382 4287 3435 4339 in
3474 4287 3542 4341 iis

313 4382 426 4445 λις,
470 4358 641 4449 Τόμις
673 4358 863 4449 ὄνομα,
895 4381 1045 4443 πόλις
1087 4382 1358 4451 εὐδαίμων
1391 4358 1769 4452 μάλισταίκαὶ
1798 4385 1876 4453 τῷ

1992 4373 2154 4428 veluti
2187 4375 2510 4444 metrOpolis
2552 4375 2741 4430 Tomis
2766 4377 3014 4442 excellit,
3046 4378 3238 4433 civitas
3266 4378 3541 4434 fortunata

316 4468 543 4537 μεγέθει
596 4468 707 4521 τῶν
756 4469 933 4523 ἄλλων
974 4469 1152 4540 πολλῷ
1202 4471 1559 4540 διαφέρουσα.
1595 4473 1786 4526 Κεῖται
1820 4473 1876 4527 δὲ

310 4558 452 4627 αὔτη
485 4558 627 4611 κατὰ
655 4557 754 4629 τὴν
809 4560 1083 4628 παραλίαν
1124 4557 1220 4612 τοῦ
1267 4560 1495 4621 Πόντου,
1533 4560 1591 4622 ὃς
1627 4560 1876 4626 Εὔξεινος

310 4646 769 4713 κατωνόμασται,
804 4646 863 4711 ἐξ
892 4648 1218 4714 εύνωνύμων
1241 4648 1564 4702 εἰσπλέοντι.
1595 4651 1683 4712 Ἐς
1715 4650 1878 4721 δεῦρο

305 4736 352 4789 δ’
387 4737 570 4788 ἐκεῖσε
607 4736 836 4807 ἀρχαῖον
882 4736 1004 4801 ἔθος
1058 4740 1270 4808 κρατεῖ,
1330 4741 1391 4792 τὸ
1445 4741 1555 4794 πᾶν
1588 4740 1737 4804 ἔθνος
1787 4741 1875 4809 ὑφ’

303 4829 390 4880 ἑνὶ
415 4827 706 4896 ὲπισκόπῳ
734 4826 1052 4883 τάττεσθαι.
1094 4828 1414 4899 Τηνικαῠτα
1449 4830 1505 4884 δὲ
1536 4831 1874 4901 Βρεταννίων

302 4935 390 4979 τις
418 4919 600 4971 αὐτῶν
622 4919 1015 4989 ἐπετρόπευεν.
1048 4919 1203 4973 Ἐπεὶ
1240 4921 1348 4993 γὰρ
1379 4921 1594 4990 συμϐὰν
1625 4920 1768 4975 οὕτω
1796 4924 1876 4986 είς

304 5012 485 5078 Τόμιν
513 5003 648 5080 ἧκεν
683 5011 923 5077 Οὐάλης,
973 5013 1069 5067 καὶ
1106 5014 1258 5083 παρὰ
1284 5012 1382 5081 τὴν
1429 5012 1726 5084 ἐκκλησίαν
1756 5014 1872 5080 ίὼν,

300 5102 399 5154 τὸν
432 5102 727 5155 ἐπίσκοπον
756 5102 993 5167 ἔπειθεν,
1034 5102 1225 5174 ὥσπερ
1258 5104 1463 5170 εἰώθει,
1486 5109 1601 5169 τοῖς
1632 5107 1741 5159 ἀπὸ
1773 5107 1872 5175 τῆς

313 5194 539 5261 ’Δρείου
567 5193 830 5263 αίρὲσεως
872 5198 1173 5250 κοινωνεῖν.
1222 5194 1281 5249 ’0
1328 5196 1384 5248 δὲ
1435 5198 1698 5264 γενναίως
1728 5198 1874 5263 μάλα

304 5286 404 5336 σὺν
432 5285 718 5356 παρρησίᾳ
761 5287 904 5358 ὑπὲρ
954 5286 1050 5340 τοῦ
1102 5288 1368 5357 δόγματος
1413 5288 1522 5341 τῶν
1581 5290 1639 5342 ὲν
1667 5289 1873 5362 Νικαίᾳ

301 5378 673 5433 συνελθόντων
698 5381 1112 5450 συνηγωνίζετο.
1145 5382 1300 5434 Ἐπεὶ
1329 5381 1386 5433 δὲ
1411 5382 1487 5452 μὴ
1519 5381 1730 5435 πείθειν
1754 5378 1868 5452 εἶχε

304 5475 396 5525 τὸν
430 5470 758 5541 κρατοῦντα,
794 5473 975 5525 ἐκεῖσε
1014 5473 1202 5526 τοῦτον
1247 5472 1587 5540 καταλιπὼν,
1622 5474 1702 5537 εἰς
1750 5474 1869 5527 ἑτέ-

375 5627 454 5699 (l)
486 5626 703 5682 Sowm.
743 5628 838 5682 lib.
874 5644 944 5692 vn,
975 5645 1093 5698 cap.
1129 5630 1218 5682 ‘2l.

1979 4465 2237 4533 maxime,
2265 4476 2323 4521 et
2369 4467 2748 4538 magnitudine
2780 4469 2909 4525 aliis
2954 4470 3116 4540 longe
3158 4473 3536 4540 praestantior.

1978 4556 2092 4611 Sita
2120 4573 2186 4612 ea
2209 4569 2294 4613 est
2323 4558 2378 4613 in
2406 4559 2684 4614 maritima
2706 4563 2928 4630 regione
2955 4562 3138 4624 Ponti,
3171 4564 3263 4631 qui
3291 4564 3541 4618 Euxinus

1977 4648 2208 4710 dicitur,
2264 4649 2331 4702 ad
2389 4648 2676 4703 sinistram
2725 4651 2907 4704 sinum
2961 4665 3087 4705 eum
3147 4652 3271 4706 navi
3329 4656 3536 4720 petenti

1977 4750 2213 4808 partem.
2269 4739 2349 4793 Ad
2403 4754 2531 4793 eum
2577 4747 2759 4794 autem
2809 4754 2984 4810 usque
3028 4740 3197 4806 diem,
3256 4751 3414 4797 vetus
3462 4746 3536 4799 ibi

1976 4830 2322 4886 consuetudo
2366 4831 2623 4901 durabat,
2674 4842 2736 4886 ut
2787 4832 2879 4886 uni
2910 4847 3047 4901 gens
3074 4833 3257 4888 omnis
3275 4834 3537 4905 epierpo

1978 4932 2220 4993 pareret.
2258 4922 2337 4975 Eo
2383 4929 2629 4992 tempore
2667 4938 2797 4978 vero
2849 4923 3131 4978 Britannio
3178 4925 3261 4979 eis
3310 4926 3533 4996 quidam

1979 5011 2219 5081 praefuit.
2274 5011 2473 5065 Evenit
2509 5027 2675 5082 porro
2709 5022 2769 5067 ut
2797 5012 2995 5068 Valens
3025 5023 3139 5069 tum
3175 5029 3243 5069 eo
3294 5017 3532 5080 veniret,

1976 5113 2141 5173 atque
2195 5104 2463 5173 templum
2514 5103 2818 5173 ingressus,
2874 5105 3154 5175 episcopo,
3211 5117 3269 5160 ut
3319 5122 3377 5161 se
3420 5108 3536 5164 Arii

1977 5194 2169 5250 haeresi
2202 5196 2593 5252 communione
2627 5196 2976 5268 adjungeret,
3021 5214 3121 5269 pro
3150 5214 3217 5255 eo
3256 5209 3417 5268 atque
3446 5213 3534 5253 so-

1974 5286 2106 5341 litus
2159 5299 2301 5354 erat,
2359 5288 2636 5342 suaderet.
2695 5288 3015 5345 Generosos
3056 5300 3238 5345 autem
3287 5290 3372 5345 vir
3416 5291 3529 5353 ille,

1973 5393 2098 5433 cum
2147 5378 2401 5434 libertate
2448 5382 2617 5433 multa
2653 5380 2721 5435 de
2785 5380 3038 5450 dogmate
3062 5380 3409 5435 Nicaeuomm
3436 5380 3538 5436 Pa-

1976 5477 2121 5523 trum
2174 5485 2297 5525 cum
2334 5485 2402 5526 co
2450 5486 2778 5542 congressus
2836 5470 3161 5527 decertavit.
3215 5472 3394 5541 Atque
3442 5473 3536 5527 ubi
