3986 6190
444 297 501 355 7i
1620 314 2039 376 NICEI’IIORI
2074 319 2415 383 CALLISTI

3553 335 3657 392 6'72

408 412 663 489 suasione
694 414 1079 485 imperatorem
1129 425 1181 476 in
1223 412 1553 480 sententiam
1603 442 1756 483 suam
1789 430 1968 484 addu-

2088 453 2176 489 οαν
2209 439 2508 506 ἐκκλησίαν
2535 440 2767 507 ἀφίκετο
2790 457 2801 471 ⁸
2840 445 2932 498 καὶ
2960 444 2987 495 ό
3018 441 3143 506 λαὸς
3168 445 3403 499 κατόπιν
3428 446 3630 516 ἡκολοὺ

409 517 536 556 cete
563 509 833 572 nequivit,
866 528 933 566 eo
980 512 1054 566 ibi
1108 515 1324 580 relicto,
1382 517 1435 570 in
1478 521 1769 575 ecclesiam
1811 522 1973 576 aliam

410 594 653 658 transiit,
704 601 907 666 populo
959 614 1235 672 pastorem
1271 621 1433 662 suum
1483 623 1773 680 sequente.
1823 608 1973 669 Con-

413 684 587 738 currit
624 702 691 739 eo
721 686 835 742 fere
872 691 1068 747 civitas
1101 697 1378 759 universa.
1419 715 1543 755 cum
1581 702 1972 772 imperatorem

411 771 588 839 ipsum
645 776 853 842 visura,
919 791 1032 835 tum
1097 788 1224 839 novi
1277 789 1579 857 quidquam
1636 792 1842 848 factum
1907 797 1972 852 iri

409 863 755 922 existimans.
791 870 884 926 Ille
919 874 1072 928 solus
1097 892 1221 931 cum
1256 882 1587 937 satellitibus
1616 887 1731 941 suis
1762 889 1813 941 in
1839 898 1975 943 tem-

409 953 500 1021 plo
531 956 779 1025 relictus,
815 962 1014 1017 factum
1053 967 1104 1020 id
1140 984 1247 1022 non
1274 973 1522 1028 modeste
1564 976 1709 1041 tulit,
1738 979 1831 1033 sed
1863 982 1976 1036 vel-

407 1044 489 1097 uti
525 1053 860 1106 contumelia
916 1056 1166 1116 affectus.
1220 1065 1612 1131 comprehendi
1658 1068 1973 1125 Britannic—

409 1149 559 1200 ncm,
605 1148 661 1193 et
723 1142 776 1195 in
842 1146 1093 1200 exsilium
1136 1149 1412 1217 deportari
1464 1156 1650 1224 juSsit.
1710 1159 1972 1216 Eumdem

2078 526 2210 595 θησε
2247 526 2324 598 τῷ
2354 530 2593 600 ποιμένι.
2639 531 2834 602 Σχεδὸν
2884 533 2942 586 δὲ
2975 536 3127 588 πᾶσα
3171 535 3205 605 ἡ
3255 534 3414 599 πόλις
3466 539 3659 608 συνέρ-

2078 621 2289 689 ρευσεν,
2312 620 2567 690 ὀψόμενοί
2593 638 2652 675 τε
2687 623 2801 692 ἅμα
2834 626 2928 677 τὸν
2973 624 3223 690 βασιλέα.
3257 627 3352 681 καὶ
3381 631 3571 682 καινόν
3600 644 3652 682 τι

2079 712 2550 780 προσδοκήσαντες
2572 715 2811 767 ἔσεσθαι.
2860 717 2919 769 '0
2948 718 3004 770 δὲ
3053 720 3213 786 μόνος
3249 719 3347 772 σὺν
3377 721 3491 783 τοῖς
3524 721 3654 789 περὶ

2077 802 2240 853 αὑτὸν
2288 802 2608 872 δορυψόροις
2655 805 3029 875 ἀπολειφθεὶς,
3068 808 3129 860 οὐ
3168 808 3413 878 μετρίως
3450 810 3649 880 ἤνεγκε

2075 891 2136 944 τὸ
2164 893 2404 962 πραχθέν
2425 910 2438 924 ο
2475 894 2592 947 ἀλλ’
2646 896 2723 957 ὡς
2756 897 3237 966 περιυϐρισμένος,
3272 899 3652 969 συλληφθῆναι

2076 987 2376 1050 προσέταξε
2432 986 2836 1057 Βρεταννίωνα,
2901 991 2997 1043 καὶ
3046 990 3340 1060 ὑπερόριον
3393 990 3649 1057 ἄγεσθαι.

2088 1074 2384 1130 Ἀλλ”οὒκ
2442 1079 2525 1140 είς
2586 1082 2805 1148 μακρὰν
2855 1077 3011 1143 αὖθις
3064 1083 3346 1151 ἐπανῆγε·
3378 1083 3508 1145 τοὺς
3540 1083 3651 1151 γὰρ

2076 1168 2287 1229 Σκύθας
2308 1169 2516 1230 ἐδεδίει.
2557 1174 2632 1240 μή
2673 1189 2724 1224 τι
2749 1172 2835 1224 διὰ
2884 1172 2978 1241 τὴν
3005 1171 3101 1226 τοῦ
3136 1174 3439 1227 ἐπισκόπου
3472 1191 3651 1227 κατα-

404 1234 595 1283 tamen
633 1230 785 1287 brevi
828 1236 1047 1290 reduxit
1082 1257 1097 1293 :
1144 1256 1265 1293 nam
1304 1243 1536 1313 Scythas
1562 1250 1864 1316 metuebat,
1905 1269 1974 1307 ne

2088 1258 2230 1326 Ξίκην
2263 1230 2647 1329 νεωτερίσιοσιυ,
2672 1264 2734 1315 τό
2754 1250 2817 1315 ’τε
2848 1264 3095 1332 θυμῶδες
3118 1266 3213 1317 καὶ
3251 1265 3498 1334 ἀνδρεῖον
3525 1269 3646 1319 ἑπι-

411 1328 638 1388 pr0pter
667 1326 915 1394 episcopi
944 1329 1355 1386 damnationem
1387 1335 1454 1387 ad
1502 1351 1673 1393 novas
1711 1355 1797 1395 res
1824 1344 1974 1412 aspi-

410 1420 620 1475 rarent,
660 1414 998 1471 iracundiam
1061 1435 1255 1475 eorum
1305 1436 1361 1478 et
1411 1425 1792 1484 fortitudinem
1849 1449 1973 1497 [rer-

408 1512 653 1567 spectem
707 1505 937 1562 habens.
983 1509 1254 1567 Locorum
1317 1518 1483 1571 etiam
1538 1520 1645 1575 situ
1701 1538 1715 1575 :
1773 1524 1975 1594 quippe

405 1592 500 1659 qui
545 1595 701 1662 quasi
747 1598 962 1654 medius
995 1603 1220 1671 quidam
1270 1623 1488 1673 murus,
1536 1611 1805 1669 adversus
1855 1592 1976 1687 ejus

2078 1353 2363 1419 στάμενος,
2419 1357 2484 1424 τῇ
2518 1371 2576 1407 τε
2611 1354 2759 1406 θέσει
2791 1356 2898 1407 τῶν
2933 1356 3135 1415 τόπων,
3169 1357 3500 1424 ἀναγκαίους
3545 1359 3651 1425 μά-

2076 1440 2235 1492 λιστα
2290 1444 2357 1509 τῇ
2401 1440 2693 1511 Ῥωμαίων
2749 1442 3044 1513 οἰκουμένῃ
3096 1444 3276 1509 ὄντας,
3311 1445 3407 1497 καὶ
3468 1439 3560 1497 οἷά
3594 1462 3648 1497 τι

2079 1530 2395 1599 μεσότειχον
2439 1530 2548 1584 τῶν
2583 1533 2775 1602 ἐκείνῃ
2820 1530 3114 1602 βαρϐάρων
3144 1533 3649 1603 προϐεϐλημένους.

2077 1621 2188 1673 Καὶ
2216 1621 2359 1673 οὕτω
2388 1623 2485 1690 μὲν
2511 1622 2852 1693 Βρεταννίων
2873 1621 3174 1691 ὑπέρτερος
3196 1621 3289 1674 τοῦ
3314 1622 3648 1692 κρατοῦντος

406 1697 517 1736 ora:
570 1685 837 1744 barbaros
893 1691 1101 1763 objecti
1154 1707 1360 1761 essent,
1425 1701 1800 1775 Romanorum
1849 1708 1970 1762 orbi

407 1788 670 1812 lml'nnnln
711 1785 1054 1812 nonanona-il...
1105 1802 1222 1812 Α---
1277 1791 1484 1812 -,ε-ι.--
1551 1797 1602 1812 Α.
1830 1798 1879 1812 οι
1932 1794 1943 1799 “

2088 1685 2404 1780 γενόμενος,
2463 1685 2572 1775 είς⁷
2602 1714 2670 1766 τά
2727 1714 2899 1766 οἰκεῖα
2947 1685 3053 1784 ἢθη
3083 1685 3463 1785 -άνὲστρειρεν,
3511 1718 3652 1784 ἀνὴρ

407 1788 670 1844 perquam
708 1785 1056 1839 necessarios
1102 1802 1225 1843 esse
1274 1791 1509 1849 sciebat.
1538 1797 1718 1865 Atque
1751 1794 1971 1867 quidem

407 1865 692 1924 Britannia
729 1872 1062 1943 imperatore
1093 1883 1348 1949 superior
1372 1885 1635 1951 evadens,
1678 1888 1743 1942 ad
1790 1906 1973 1947 mores

408 1973 537 2012 suos
570 1960 755 2026 rediit,
790 1966 873 2018 vir
901 1967 1169 2025 honestus
1199 1975 1457 2041 maxime,
1482 1987 1538 2032 et
1563 1980 1688 2035 vitat:
1716 1981 1973 2039 instituto

407 2050 733 2117 vortit-clarus,
771 2066 827 2109 ut
878 2061 980 2127 ipsi
1025 2065 1368 2118 testabantur
1400 2066 1657 2138 Scythae:
1699 2083 1757 2125 ut
1791 2082 1973 2128 autem

407 2146 575 2196 semel
616 2147 819 2211 dicam,
851 2151 1034 2206 clerus
1069 2158 1271 2216 omnis.
1299 2167 1354 2211 et
1380 2159 1625 2214 Ecclesia
1658 2162 1723 2216 in-
1746 2160 1974 2220 Oriente

409 2236 612 2299 omnis,
668 2238 1018 2309 imperatoris
1064 2247 1199 2300 iram
1242 2261 1470 2321 propter
1516 2254 1835 2323 religionem
1891 2267 1980 2312 est

412 2339 657 2394 experta.
695 2330 894 2387 Valens
922 2337 1145 2402 quidem
1193 2348 1301 2393 tam
1343 2343 1531 2412 gravia
1566 2345 1619 2398 in
1649 2345 1879 2401 Thracia
1922 2360 1977 2403 et

411 2417 925 2490 ConstantinOpoli,
980 2434 1038 2481 lu
1102 2429 1422 2487 Nicomedia
1476 2445 1534 2490 ct
1585 2436 1976 2507 Cappadocum

409 2508 681 2581 Caesarea,
713 2517 901 2573 atlhzec
940 2520 1248 2579 Antiochia:
1282 2536 1339 2580 et
1372 2527 1427 2580 in
1462 2528 1683 2601 IEgypu
1722 2532 1979 2588 ecclesiis

410 2605 668 2671 patravit.

874 2725 1034 2796 163
1081 2727 1310 2785 CAPUT
1353 2732 1522 2789 xxx.

411 2808 488 2863 De
520 2809 878 2887 Valentiniani
909 2819 963 2870 in
1004 2820 1306 2886 religionem
1351 2826 1580 2880 divinant
1608 2835 1856 2885 reveremi
1892 2834 1982 2887 ob-

478 2885 748 2963 servantia
782 2903 801 2939 :
822 2897 871 2963 et
897 2889 961 2939 de
1002 2887 1245 2944 Romana
1284 2897 1504 2962 synodo,
1530 2913 1647 2963 qua:
1672 2899 1981 2957 Trinitatem

482 2951 1504 3031 consubstantialemessepromulgavit
1530 2951 1553 3017 τ’
1572 2976 1621 3018 et
1653 2970 1715 3022 de
1753 2970 1983 3025 Damaso

477 3027 526 3069 et
559 3019 759 3075 Ursicio
785 3023 1034 3080 Romanis
1060 3019 1334 3099 episcopis,
1363 3019 1463 3101 "qui
1487 3019 1706 3090 Liberiov
1724 3019 1981 3095 .ἷεὶξῷἓί

471 3097 617 3140 runt.

484 3197 594 3267 Ego
668 3215 799 3256 vero
863 3204 931 3259 ab
986 3206 1213 3266 Oriente
1283 3214 1351 3267 ad
1416 3214 1634 3285 imperii
1699 3220 1978 3278 Occiden-

417 3290 547 3346 talis
579 3306 668 3346 res
698 3296 983 3356 transibo:
1011 3302 1159 3369 quod
1186 3305 1408 3372 quidem
1440 3310 1686 3366 immune
1708 3328 1741 3367 a
1775 3314 1982 3371 talibus

414 3382 683 3437 aerumnis
720 3386 1065 3454 perduravit,
1104 3406 1398 3462 propterea
1421 3400 1567 3468 quod
1599 3415 1720 3456 eam
1747 3403 1980 3460 Romani

414 3472 634 3542 imperii
680 3486 891 3544 partem
924 3478 1353 3543 Valentinianus
1397 3491 1846 3560 administrabat,
1886 3496 1983 3552 ﬂa-

415 3565 594 3632 granti
640 3567 693 3619 in
729 3567 948 3625 Nicaena
997 3574 1218 3631 decreta
1250 3594 1438 3636 amore
1478 3584 1614 3638 nulli
1649 3587 1980 3657 concedens,

418 3659 475 3705 et
507 3652 844 3721 singularem
896 3663 1134 3719 maxime
1169 3682 1296 3736 erga
1342 3671 1514 3727 Deum
1552 3674 1811 3744 pietatem
1839 3652 1985 3736 obti;

414 3758 575 3809 nens,
605 3745 676 3799 ita
720 3757 778 3801 ut
808 3750 947 3805 nihil
983 3770 1213 3821 prorsus
1235 3761 1353 3815 sive
1386 3765 1585 3821 melius
1613 3782 1709 3824 seu
1736 3771 1984 3830 deterius

419 3832 523 3887 sibi
560 3834 627 3889 de
661 3838 830 3895 rebus
866 3844 1265 3905 ecclesiasticis
1303 3855 1761 3927 praecipiendum,
1800 3879 1982 3933 neque

417 3926 543 3979 novi
590 3930 893 4000 quidquam
948 3949 1146 4005 prater
1179 3958 1241 3997 ea
1294 3961 1414 4014 quae
1459 3951 1629 4005 semel
1681 3957 1982 4015 constituta

415 4030 625 4082 essent.
659 4023 1126 4085 introducendum
1163 4035 1403 4092 duxerit.
1441 4036 1718 4099 Excedere
1744 4061 1982 4117 namque

419 4111 546 4164 talia
577 4115 1011 4181 explorationem
1042 4124 1157 4178 sive
1174 4129 1542 4194 cognitionem
1569 4148 1720 4188 suam
1749 4140 1981 4206 putavit:

418 4205 672 4269 quamvis
687 4207 937 4277 princeps
954 4212 1156 4282 alioqui
1173 4220 1415 4285 optimus
1428 4235 1654 4290 esset,et
1670 4205 1836 4284 rebus
1850 4230 1984 4301 ipsis

312 4366 325 4378 .
421 4291 657 4360 imperio
696 4311 755 4353 se
788 4298 1049 4357 idoneum
1099 4320 1221 4363 esse
1252 4311 1567 4370 declararit.
1610 4318 1829 4375 Etenim
1865 4291 1979 4378 tum
2029 4306 2044 4326 ’

2078 1805 2287 1872 ἁγαθίς
2315 1822 2373 1857 τε
2425 1804 2686 1874 μάλιστα,
2728 1808 2821 1858 καὶ
2853 1809 2919 1877 τῇ
2964 1806 3059 1858 τοῦ
3093 1806 3207 1874 βίου
3243 1807 3433 1875 ἀγωγῇ
3492 1823 3651 1876 περι-υ

2078 1895 2292 1963 ϐόητος,
2323 1895 2398 1957 ὡς
2427 1896 2583 1949 αὐτοὶ
2619 1894 2965 1965 μαρτυροῦσι
2988 1895 3214 1949 Σκύθαι.
3257 1894 3349 1958 Ὠς
3372 1894 3418 1947 δ’
3449 1897 3666 1979 εἰπεῖν,⁹

2077 1988 2187 2050 πᾶς
2217 1989 2418 2058 κλῆρος
2461 1988 2556 2040 καὶ
2587 1986 2885 2057 Ἐκκλησία
2914 1988 3064 2041 πᾶσα
3116 1987 3216 2085 τῆς
3268 1987 3344 2039 ἕω
3387 1985 3501 2085 ,τῆς

2080 2076 2344 2145 βασιλέως
2390 2075 2655 2144 ἐπειράθη
2699 2077 2867 2145 ὀργῆς
2903 2075 2992 2128 διὰ
3042 2075 3141 2145 τὴν
3170 2074 3493 2144 θρησκείαν.
3542 2074 3655 2126 Καὶ

2077 2163 2300 2215 τοιαῦτα
2337 2164 2433 2231 μὲν
2461 2163 2692 2232 Οὐάλης,
2724 2164 2780 2216 ἔν
2815 2181 2875 2217 τε
2905 2164 3094 2234 Θρᾴκῃ
3141 2165 3234 2217 καὶ
3257 2167 3324 2233 τῇ
3356 2165 3659 2216 Κωνσταν-

2077 2257 2248 2317 τίνου,
2274 2256 2614 2327 Νικομηδείᾳ
2641 2273 2697 2308 τε
2750 2256 2844 2308 καὶ
2877 2259 2943 2325 τῇ
2980 2256 3384 2320 Καππαδοκῶν,
3426 2254 3569 2323 πρὸς
3594 2255 3656 2308 δὲ

2079 2352 2143 2416 τῇ
2191 2350 2495 2419 Ἀντιοχείᾳ
2534 2349 2629 2401 καὶ⁵
2671 2350 2793 2412 ταῖς
2847 2352 2968 2402 κατ’
3012 2349 3291 2417 Αἴγυπτον
3332 2346 3659 2418 ἐκκλησίαις

2080 2436 2227 2488 δεινὰ
2248 2435 2602 2504 διεπράξατο.

2687 2723 2943 2776 ΚΕΦᾹΛ.
2970 2722 3049 2777 Λ’.

2083 2816 2222 2883 Περὶ
2248 2813 2467 2883 τῆςίεῑς
2493 2812 2566 2866 τὰ
2596 2812 3478 2883 θεῖααῑδοῦςοὺαλεντινιανοῦ
3497 2830 3515 2847 ο
3553 2817 3660 2870 και

2154 2882 2286 2971 περι
2312 2882 2424 2972 τῆς
2453 2883 2523 2937 έν
2555 2883 2747 2972 lmen
2774 2882 3068 2972 αρτάέςηξν
3091 2884 3235 2972 ,ἣτις
3255 2884 3487 2972 Was
3512 2887 3660 2972 stea-

2154 2956 2366 3009 ούσιον
2392 2952 2763 3022 ἁγεκήρυξέο
2794 2952 2891 3005 καὶ
2918 2953 3048 3020 περὶ
3077 2953 3358 3022 Δαμάσου
3388 2956 3487 3007 καὶ
3509 2958 3667 3020 Οὐρ-

2157 3026 2359 3078 σικίου
2385 3020 2504 3093 τῶν
2539 3022 2766 3092 Ῥώμης
2794 3020 3167 3087 ἐπισκόπων,
3186 3022 3243 3077 οἳ
3261 3022 3532 3093 διάδοχοι
3561 3028 3666 3078 Δι-

2008 3087 2052 3146 (Ξ
2154 3093 2349 3161 ϐορίου
2374 3087 2671 3163 ἐγένοντό.

2164 3204 2305 3273 Ἐγὼ
2333 3204 2379 3258 δ’
2408 3207 2473 3260 ὲκ
2500 3206 2599 3275 τῆς
2627 3204 2701 3258 ἔω
2732 3204 2868 3274 πρὸς
2896 3205 2962 3259 τὰ
2986 3203 3126 3259 κατὰ
3155 3205 3252 3276 τὴν
3291 3206 3532 3275 ἑσπέραν
3558 3207 3660 3273 τῆς

2082 3298 2391 3369 ἀρχομένης
2431 3299 2700 3369 γενόμενα
2750 3298 3118 3369 διαϐήσομαι·
3148 3298 3321 3352 ταῦτα
3355 3299 3466 3368 γὰρ
3494 3299 3663 3353 ἀπεί-

2086 3407 2222 3461 ρατα
2252 3390 2361 3442 τῶν
2383 3389 2573 3443 δεινῶν
2602 3391 3082 3460 διαμεμενὴκεσαν
3106 3405 3121 3421 ·
3166 3389 3357 3444 καθότι
3395 3390 3504 3442 τῶν
3532 3391 3663 3444 ὲπέ-

2083 3499 2241 3536 κεινα
2300 3482 2590 3551 Ῥωμαίων
2634 3482 3082 3546 Οὑαλεντινιανὺς
3131 3479 3326 3554 ἦρχεν,
3382 3482 3541 3552 εἴπερ
3574 3500 3663 3545 τις

2082 3573 2158 3628 ὣν
2180 3574 2445 3644 διάπυρος
2476 3575 2711 3655 ὲραστῂς
2754 3573 2863 3627 τῶν
2885 3574 3225 3644 δεδογμένων
3258 3577 3323 3645 τῇ
3372 3576 3430 3627 ἐν
3454 3574 3667 3645 Natat;

2089 3666 2318 3735 συνόδῳ,
2351 3664 2593 3728 εὐλαϐῶς
2621 3681 2679 3717 τε
2705 3666 2833 3735 περὶ
2866 3664 2934 3717 τά
2962 3663 3081 3718 θεῖα
3123 3664 3356 3734 μάλιστα
3376 3666 3661 3735 διακείμεο

2085 3773 2172 3819 νος
2199 3770 2212 3785 ·
2249 3756 2323 3819 ὠς
2351 3755 2519 3825 μηδὲν
2550 3758 2729 3825 χεῖρον
2753 3754 2786 3824 ἢ
2817 3755 3045 3823 ἄμεινον
3069 3756 3210 3809 κατὰ
3239 3756 3336 3816 τὰς
3361 3753 3665 3824 ἐκκλησίας

2083 3846 2389 3902 ἐπιτάττειν
2411 3846 2704 3917 αἱρεῖσθαι,
2732 3846 2870 3915 μηδὲ
2898 3847 3190 3916 καινότερα
3220 3847 3465 3915 εἰσάγειν
3498 3848 3655 3916 παρὰ

2084 3940 2153 3994 τὰ.
2178 3939 2432 4003 καθάπαξ
2462 3939 2893 4009 νομοθετηθέντα
2915 3956 2929 3970 ⁸
2962 3942 3202 4009 κρείττω
3241 3940 3350 4009 γὰρ
3375 3940 3475 4009 τῆς
3514 3936 3664 3991 exsi-

2085 4052 2177 4088 νου
2227 4032 2554 4103 δοκιμασίας
2595 4031 2837 4102 ἐνόμιζε,
2891 4032 3095 4101 καίπερ
3126 4031 3382 4101 βασιλεὺς
3433 4033 3661 4102 ἄριστος

2084 4123 2341 4194 γεγονὼς,
2371 4124 2466 4178 καὶ
2502 4123 2683 4187 ἱκανὸς
2727 4123 2914 4194 ἄρχειν
2950 4125 3188 4194 μάλιστα
3217 4123 3306 4178 διὰ
3346 4124 3457 4177 τῶν
3481 4139 3664 4193 πραγ-

2090 4219 2276 4287 μάτων
2312 4216 2525 4286 φανείς.
2570 4217 2682 4269 Καὶ
2714 4216 2822 4286 γὰρ
2849 4213 3177 4282 τηνικαῦτα,
3224 4214 3370 4268 καθά
3398 4218 3490 4269 καὶ
3522 4215 3663 4285 πρό-

2084 4327 2243 4378 τερον
2272 4308 2549 4379 ζητήτεως
2578 4307 2681 4359 ἀνὰ
2706 4305 2805 4376 τὴν
2832 4305 3021 4360 Ἀσίαν
3060 4309 3150 4360 καὶ
3182 4305 3426 4377 Φρυγίαν
3452 4306 3663 4376 πολλῆς

418 4398 666 4453 quoque,
700 4389 862 4445 sicuti
893 4403 952 4448 et
974 4406 1162 4463 antes,
1199 4404 1430 4470 quaestio
1476 4407 1646 4464 multa
1672 4426 1770 4480 per
1794 4416 1978 4470 Asiam

2088 4401 2407 4472 γενομένης,
2444 4402 2493 4453 εί
2522 4399 2697 4470 χρεὼν
2732 4399 2824 4452 καὶ
2855 4398 2916 4451 τὸ
2944 4398 3169 4470 Πνεῦμα
3198 4399 3257 4451 τὸ
3290 4397 3443 4467 ἅγιον
3462 4400 3664 4467 όμοούο

419 4485 476 4530 et
544 4477 836 4551 Phrygiam
889 4495 1011 4542 orta
1073 4500 1159 4544 est
1206 4508 1221 4546 :
1273 4507 1341 4547 an
1406 4477 1687 4566 Spiritum
1731 4515 1978 4562 sanctum

411 4568 725 4637 ὀμοούσιον,
755 4579 1302 4651 consubstantialem,
1326 4586 1474 4641 Patri
1493 4598 1549 4642 et
1569 4590 1706 4645 Filio
1737 4598 1979 4662 protiteri

415 4672 693 4729 oporteat.
760 4667 828 4720 Et
875 4669 1109 4737 plurima
1154 4674 1223 4728 de
1286 4677 1378 4731 tali
1439 4684 1747 4749 quaestione
1802 4704 1978 4760 usque

423 4753 562 4808 adeo
616 4768 737 4811 erat
788 4763 1085 4819 verborum
1138 4772 1441 4837 contentio,
1481 4783 1539 4827 ut
1589 4791 1697 4831 non
1750 4781 1983 4839 minoris

426 4849 690 4902 momenti
739 4863 803 4905 ea
842 4852 1160 4922 haberetur,
1207 4874 1371 4927 quam
1405 4878 1528 4931 qua:
1569 4875 1732 4922 antea
1771 4870 1839 4924 de
1870 4870 1984 4929 Deo

432 4937 610 4993 Verbo
653 4939 854 5000 fuerat.
909 4946 1045 5001 Nam
1101 4950 1321 5019 quidam
1366 4954 1714 5026 dissimilem,
1760 4963 1981 5031 quidam

422 5038 611 5085 autem
643 5037 1164 5096 consubstantialem
1190 5058 1313 5100 esse
1348 5049 1783 5120 contendebant,
1819 5054 1983 5111 sicuti

421 5129 482 5175 et
507 5122 726 5179 Filium.
774 5127 953 5198 Atque
989 5133 1046 5186 in
1094 5148 1161 5189 eo
1192 5135 1314 5192 solo
1345 5141 1485 5208 parti
1523 5143 1747 5213 utrique
1777 5161 1981 5202 conve-

422 5212 632 5280 niebat,
664 5218 811 5285 quod
842 5218 1108 5291 Spiritum
1135 5237 1387 5281 sanctum
1418 5212 1801 5289 administrum
1835 5236 1984 5291 dice-

426 5317 550 5360 rent
598 5324 614 5361 :
663 5316 722 5364 at
757 5311 950 5369 ordine
993 5316 1239 5384 tertium,
1265 5319 1587 5393 honoreque
1628 5335 1684 5380 et
1722 5328 1983 5384 substan-

423 5398 496 5452 tia
531 5400 608 5472 (1)
641 5403 810 5460 alium
852 5421 976 5464 esse
1023 5412 1440 5470 conﬁrmarent.
1476 5414 1648 5475 Erant
1670 5420 1855 5475 autem
1890 5421 1986 5490 qui

422 5492 577 5559 quod
617 5493 687 5550 de
724 5495 867 5553 Filio
903 5499 1289 5570 opinarentur,
1316 5503 1462 5559 idem
1498 5500 1722 5577 quoque
1751 5509 1819 5565 de
1863 5509 1988 5580 Spi-

426 5583 534 5637 ritu
592 5594 902 5647 statuerent
947 5610 960 5646 :
1012 5601 1070 5649 et
1109 5595 1278 5650 veluti
1327 5595 1525 5652 Filium
1562 5599 1813 5669 ejusdem
1850 5604 1982 5659 sub-

2089 4511 2202 4547 σιον
2225 4493 2471 4558 δοξάζειν
2518 4492 2689 4562 Πατρί
2718 4508 2775 4544 τε
2819 4489 2914 4543 καὶ
2942 4490 3057 4560 Υἱῷ
3076 4506 3089 4521 ·
3124 4486 3210 4543 οἷα
3233 4490 3379 4559 φιλεί
3400 4490 3664 4562 πλείστης

2089 4584 2404 4655 ὲρεσχελίας
2437 4583 2533 4636 καὶ
2565 4584 2689 4652 περὶ
2716 4580 2809 4634 τοῦ
2836 4582 3082 4635 τοιούτου
3135 4582 3453 4651 ζητήματος
3501 4599 3663 4649 γενο-

2094 4660 2278 4744 μένου,
2303 4673 2377 4735 ὡς
2412 4672 2486 4743 μὴ
2516 4674 2573 4724 ὲν
2607 4670 2851 4724 ἐλάττονι
2920 4671 3124 4736 ταύτας
3148 4671 3467 4742 νομίζεσθαι
3496 4670 3531 4740 ἢ
3566 4673 3668 4724 ἐπὶ

2091 4768 2186 4821 τοῦ
2218 4766 2354 4820 Θεοῦ
2406 4765 2582 4833 Λόγου
2624 4763 2929 4833 συνέϐησαν
2980 4763 3268 4835 πρότερον.
3325 4766 3385 4818 Οἱ
3421 4762 3523 4833 μὲν
3567 4759 3669 4818 οὖν

2089 4863 2365 4929 ἀνόμοιον,
2391 4862 2439 4914 oi
2485 4860 2531 4912 δ’
2560 4860 2843 4929 ὁμοούσιον
2872 4858 3191 4912 διετείνοντο
3220 4856 3363 4913 εἶναι
3405 4859 3666 4931 καθάπερ

2093 4952 2186 5006 καὶ
2230 4954 2321 5006 τὸν
2352 4952 2511 5006 Υίόν·
2543 4956 2685 5005 κατὰ
2735 4951 2894 5005 τοῦτο
2924 4952 2981 5004 δὲ
3035 4952 3197 5020 μόνον
3226 4952 3320 5004 καὶ
3372 4951 3545 5022 ἄμφω
3591 4954 3669 5006 τὰ

2095 5048 2239 5115 μέρη
2269 5044 2347 5107 τίς
2378 5042 2436 5095 ἓν
2477 5043 2768 5114 συνῄεσαν,
2793 5044 2986 5112 ὅτιπερ
3024 5042 3334 5096 διακονικὸν
3366 5044 3502 5097 αὐτὸ
3547 5044 3669 5097 ἔλε-

2088 5155 2207 5207 γον,
2238 5140 2304 5209 τῇ
2336 5155 2396 5191 τε
2424 5135 2578 5203 τάξει
2603 5136 2786 5207 τρίτον
2832 5139 2925 5190 καὶ
2955 5139 3022 5208 τῇ
3056 5140 3187 5206 τιμῇ
3210 5153 3226 5166 ο
3268 5137 3365 5190 καὶ
3408 5141 3478 5208 τῇ
3504 5138 3666 5208 οὐσίᾳ

2088 5232 2298 5287 ἀλλοῖον
2321 5227 2461 5286 εἶναι
2489 5230 2907 5303 διισχυρίζοντο.
2936 5228 3116 5285 Ἦσαν
3147 5233 3203 5285 δὲ
3243 5232 3314 5298 οἳ,
3354 5231 3383 5285 ὃ
3412 5232 3663 5301 περὶτοῦ

2085 5324 2216 5379 Υιοῦ
2268 5324 2540 5389 ἐδόξαζον,
2585 5323 2648 5376 τὸ
2677 5323 2810 5377 αὐτὸ
2865 5325 2963 5379 καὶ
3009 5324 3141 5395 περὶ
3184 5324 3280 5377 τοῦ
3344 5326 3666 5395 Πνεύματος

2083 5416 2478 5486 ιέδογμάτιζον⁹
2515 5418 2609 5469 καὶ
2659 5416 2915 5486 καθάπερ
2948 5416 3041 5469 τὸν
3076 5416 3203 5469 Υίὸν
3243 5416 3531 5487 όμοοὺσιον
3566 5418 3666 5470 καὶ

2081 5511 2347 5579 ὁμότιμον
2366 5509 2461 5563 καὶ
2477 5506 2729 5577 ὁμόδοξον
2758 5507 2836 5577 τῷ
2860 5509 3033 5576 [Iotth
3066 5508 3277 5574 ἔσεϐον,
3315 5507 3460 5562 οὓτω
3478 5506 3546 5580 δὴ
3565 5508 3668 5561 καὶ

2082 5601 2209 5670 περὶ
2241 5599 2334 5653 τοῦ
2371 5600 2529 5665 ἁγίου
2562 5600 2604 5651 ll
2641 5601 2873 5667 εύματος
2893 5600 3220 5669 ὡμολόγουν,
3266 5602 3437 5671 ιῐατρε
3484 5616 3542 5653 τε
3566 5601 3668 5655 καὶ

494 5723 576 5791 (l)
612 5723 801 5795 υῦσίᾳ.
843 5727 939 5783 llic
997 5740 1049 5785 ct
1111 5731 1340 5805 Niccph.
1398 5742 1451 5790 et
1505 5733 1722 5792 Sozom.
1778 5738 1977 5794 habent

2088 5740 2285 5801 ξονσξα.
2322 5738 2425 5793 hoc
2462 5749 2562 5803 est,
2594 5747 2883 5805 potestate.
