3986 6190
269 351 372 413 (τ’Ῑῖ

1184 344 1775 410 ElJCLESIASTlC/E
1817 344 2204 406 1115ΤοΙῖιῶ
2240 339 2385 404 LIB.
2430 341 2536 402 ΧΙ.

3379 342 3487 401 (ιη

264 468 376 538 Υίῷ
392 466 753 537 κηρύττοντες
770 463 1076 533 ὀμοούσιον.
1100 465 1346 535 Στερῤὦς
1374 463 1431 517 δὲ
1448 464 1548 531 τῆς
1573 463 1821 528 τοιαύτης
1852 508 1853 514 η

1957 454 2224 512 ιιιιιιίαξόι
2244 454 2486 524 ejusdem
2524 452 2753 508 honoris
2779 465 2835 507 et
2857 455 3105 523 ejusdem
3146 455 3335 524 glorise
3358 471 3483 510 cum

262 558 593 626 ὑπερίστατο
619 553 777 626 δόξης
805 554 957 625 παρὰ
992 555 1091 624 μὲν
1123 554 1319 625 Σύροις
1360 553 1770 620 Ἀπολλινάριος
1799 551 1828 603 δ

1957 545 2094 597 ἰιῑτε
2119 544 2403 609 colebant,
2435 543 2515 599 sic
2552 544 2718 598 etiam
2744 543 2811 596 de
2845 543 3052 613 Spiritu
3090 555 3300 606 sancto,
3336 545 3483 600 l’atri
3571 608 3573 611 ι

263 648 576 713 Λαοδικεὺς,
612 648 715 700 ἀνὰ
741 647 798 700 δὲ
823 646 921 716 τὴν
946 647 1219 712 Αἴγυπτον
1238 648 1265 698 ό
1297 644 1462 706 πολὺς
1487 644 1829 705 Ἀθαιιάσιος,

1926 643 1984 689 et
2007 635 2150 689 Filio
2189 636 2504 703 ὀμοούσιον,
2530 635 3054 689 consubstantialem
3087 635 3266 702 ipsum
3294 635 3492 705 praedi-

260 740 342 793 ἐτι
370 741 578 809 περιὼν
629 736 779 801 τότε,
835 735 987 804 παρὰ
1041 736 1098 788 δὲ
1134 734 1532 795 Καππαδόκαις
1586 734 1678 784 καὶ
1710 733 1830 793 ταῖς

1957 734 2139 792 antes,
2157 728 2568 796 proﬁterentur.
2586 725 2691 780 Pro
2705 725 2806 780 hac
2830 725 3084 794 opinione
3104 720 3320 779 fortiter
3344 726 3489 796 apud

261 829 391 897 περὶ
420 826 512 880 τὸν
546 824 800 890 Εὔξεινον
842 823 1163 894 ἐκκλησίαις
1194 822 1496 894 Γρηγόριος
1532 824 1625 875 καὶ
1672 821 1832 872 Βασί-

260 921 317 969 λε
329 935 439 992 ως..

334 1190 445 1257 Τῆς
471 1189 526 1242 δὲ
558 1188 836 1258 τοιαύτης,
865 1191 940 1251 ὡς
980 1188 1215 1259 εἴρηται,
1257 1187 1536 1258 ζητήσεως
1581 1186 1833 1255 κινουμέ-

267 1300 385 1348 νης,
409 1282 503 1333 καὶ
530 1282 627 1351 τῆς
664 1280 1000 1350 φιλονεικίας
1025 1280 1223 1349 πολλῆς
1251 1279 1339 1332 διὰ
1371 1278 1541 1331 ταῦτα
1568 1276 1833 1330 ἐπιδιδού-

270 1392 393 1442 οης,
421 1373 868 1435 Οὐαλεντινιανδς
903 1371 980 1442 τῷ
1009 1371 1193 1441 πολλῷ
1221 1372 1319 1437 τῆς
1344 1369 1469 1439 περ).
1501 1371 1570 1420 τὰ
1595 1369 1712 1421 θεία
1743 1367 1828 1419 εύ-

271 1463 488 1525 ὶαεείας
535 1462 687 1515 οὐδὲν
719 1461 902 1528 λέγειν
935 1457 1048 1531 εἷχε
1072 1473 1087 1490 ⁶
1120 1460 1435 1530 παρεχώρει
1485 1458 1541 1510 δὲ
1586 1460 1694 1513 τοῖς
1730 1474 1839 1510 τοι·
1866 1480 1869 1485 λ

270 1555 413 1608 αὕτα
462 1552 919 1620 πεπιστευμένοις
966 1551 1028 1603 τὸ
1054 1550 1322 1622 ⁴ποιητέον
1376 1550 1701 1614 ἐξενεγκεῖν.
1769 1547 1835 1598 Ὀ

277 1644 467 1714 μαθὼν
511 1646 540 1696 ὁ
583 1640 881 1713 τηνικαῦτα
907 1642 1004 1709 τῆς
1042 1640 1332 1707 Ῥωμαίων
1364 1636 1691 1706 Ἐκκλησίας
1740 1635 1839 1698 τὰς

269 1733 431 1802 ηνίας
461 1733 598 1801 ἔχων
631 1729 1054 1799 Λιόἐριος,τους
1086 1730 1213 1797 περ).
1244 1727 1406 1780 αὐτὴν
1437 1726 1616 1795 ἱερέας
1653 1724 1837 1793 ἀθροί-

1929 818 2097 886 Syros
2123 817 2455 886 Apollinaris
2491 817 2866 881 Laodicensis,
2902 817 2953 868 in
2984 815 3217 886 Egypto
3264 832 3491 886 magnus

1943 909 2270 962 Athanasius
2292 909 2471 962 adhuc
2503 917 2800 976 superstes,
2825 907 2966 975 apud
2984 907 3337 975 Cappadoces
3363 923 3494 961 vero

1943 1007 2000 1055 et
2047 1000 2309 1054 ecclesias
2356 998 2514 1052 Ponti
2548 996 2844 1068 Gregorius
2909 1006 2965 1052 et
3022 997 3252 1052 Basilius
3307 998 3499 1053 decer-

1942 1099 2152 1144 tarunt.
3106 1104 3117 1111 ‘

2015 1186 2128 1240 Hac
2160 1185 2273 1253 ipsa
2322 1186 2644 1254 quastione,
2692 1187 2854 1241 sicuti
2897 1185 3030 1253 dixi,
3069 1196 3237 1253 mota,
3271 1202 3396 1242 cum
3430 1186 3497 1241 de

1937 1291 2003 1331 ea
2037 1277 2231 1346 ingens
2270 1278 2635 1333 contendendi
2679 1279 2920 1333 studium
2977 1280 3362 1344 increbuisset,
3398 1277 3501 1331 Va-

1938 1368 2278 1423 lentinianus
2310 1386 2407 1440 pro
2439 1371 2634 1439 insigni
2662 1386 2758 1425 sua
2790 1371 2844 1424 in
2890 1369 3062 1425 Deum
3095 1371 3323 1441 pietate,
3353 1372 3497 1440 quod

1940 1449 2171 1523 diceret,
2208 1477 2316 1515 non
2353 1462 2608 1517 habebat.
2659 1462 2871 1527 Quibus
2912 1473 3095 1517 autem
3136 1463 3259 1516 talia
3293 1462 3501 1517 credita

1936 1560 2144 1611 essent,
2178 1551 2263 1604 eis
2297 1560 2355 1603 nt
2383 1551 2515 1618 quid
2552 1551 2699 1604 facto
2727 1567 2868 1620 opus
2895 1560 3065 1617 esset,
3104 1553 3419 1620 proferrent
3444 1562 3503 1607 et.

1937 1645 2272 1698 statuerent,
2308 1639 2601 1691 concessit.
2631 1638 2749 1703 Quo
2780 1649 3023 1708 cognito,
3050 1641 3143 1708 qui
3177 1650 3290 1694 tum
3319 1639 3506 1694 Eccle-

1942 1726 2078 1777 siam
2114 1724 2414 1778 Romanam
2450 1725 2629 1779 adhuc
2658 1726 3000 1795 gubernabat
3029 1728 3308 1795 Liberius,
3344 1728 3501 1800 167

271 1839 375 1884 σας
420 1820 668 1873 κελεύσει
714 1819 810 1873 τοῦ
866 1819 1218 1890 κρατοῦντος,
1278 1821 1398 1881 ταῖς
1449 1818 1552 1870 ἀνὰ
1607 1818 1704 1884 τὴν
1763 1815 1837 1867 Ed)

1957 1817 2190 1869 linitimis
2213 1818 2490 1887 episcopis
2507 1820 2771 1888 principis
2787 1820 2943 1889 jussu
2964 1822 3300 1885 convocatis,
3320 1824 3513 1876 orien-

269 1912 513 1982 ἔγραψεν
543 1912 884 1981 ἐκκλησίαις,
911 1911 1118 1980 Τριάδα.
1144 1909 1429 1978 ὁμοούσιον
1465 1909 1560 1962 καὶ
1580 1907 1836 1977 ὁμόδοξον

267 2003 622 2073 πρεσΰεύειν.
662 2004 726 2057 ⁸0
774 2003 1063 2072 γενόμενον
1096 1998 1185 2055 οἷα
1221 2003 1283 2071 δὴ
1328 2002 1578 2070 καθάπερ
1605 2002 1671 2070 τῇ
1706 2001 1841 2051 Ῥω-

270 2093 452 2163 μαίων
474 2093 772 2163 Ἐκκλησία
802 2093 983 2156 καλῶς
1011 2093 1290 2162 ὲγκριθὲν,
1339 2092 1518 2163 ἠσυχῆ
1568 2093 1746 2161 μενεῖν
1785 2090 1842 2143 ἒ-

269 2202 480 2239 καστον
528 2185 912 2256 παρεσκεύασε
932 2200 947 2215 ο
997 2188 1090 2238 καὶ
1116 2185 1269 2247 τέλος
1313 2185 1487 2237 αῐςιον
1521 2186 1555 2253 ἡ
1586 2183 1716 2253 περὶ
1749 2180 1840 2236 τοῦ

270 2276 596 2347 Πνεύματος
627 2275 854 2346 ζήτησις
875 2275 1147 2348 εἰληφυῖα,
1171 2276 1269 2344 τῆς
1300 2279 1513 2344 μακρᾶς
1531 2273 1844 2345 ὲρεσχελίας

270 2369 594 2421 ἐπαύσατοο
625 2367 869 2437 ἐκύρωσε
895 2369 1003 2436 γὰρ
1024 2369 1118 2419 καὶ
1147 2366 1284 2436 αὕτη
1326 2368 1360 2436 ὴ
1395 2366 1629 2429 σύνοδος,
1657 2366 1755 2434 τὴν
1785 2366 1845 2417 ἐν

268 2462 488 2529 Nimia
534 2460 716 2512 πίστιν
755 2461 998 2528 κρατεῖν.
1029 2457 1428 2527 Παραθήσομαι
1455 2458 1511 2510 δὲ
1549 2457 1645 2509 καὶ
1675 2456 1844 2523 ἄμφω

267 2554 344 2605 τὰ
379 2552 706 2623 γράμματα,
736 2549 833 2602 τοῦ
865 2566 923 2601 τε
969 2547 1232 2618 βασιλέως
1265 2547 1357 2601 καὶ
1388 2548 1485 2616 τῆς
1534 2545 1780 2607 συνόδου,
1809 2544 1847 2598 ἃ.

274 2643 395 2702 τοῖς
421 2641 525 2693 ἀνὰ
548 2641 645 2708 τὴν
673 2639 747 2691 ἒω
775 2638 1179 2707 ἀμφισϐητοῦσι
1209 2640 1336 2707 περὶ
1366 2639 1464 2707 τῆς
1494 2636 1660 2707 ὀρθῆς
1681 2635 1843 2705 δόξης

270 2732 634 2789 ἀπέστειλαν.
677 2730 758 2781 Τὰ
794 2728 890 2798 μιν
915 2724 1008 2782 οὖν
1051 2727 1147 2782 τοῦ
1183 2727 1467 2797 βασιλέως,
1514 2728 1641 2781 τάδε
1683 2727 1844 2795 διήγ-

275 2819 477 2886 γελλον
496 2834 511 2849 ·

364 3014 388 3050 ο
423 2996 831 3067 Αὐτοκράτορος
864 2992 1144 3063 μέγιστοι,
1177 2988 1518 3043 ἀεισέϐαστοι
1540 3025 1556 3051 ,
1587 2989 1810 3057 νικηταὶ
1832 3029 1849 3055 ,

279 3088 741 3151 υῦαλεντινιανδς
783 3086 877 3141 καὶ
921 3083 1223 3155 Γρατιανὸς
1269 3083 1591 3143 ἐπισκόποις
1639 3080 1852 3149 διοική-

1946 1909 2149 1960 talibus
2196 1910 2417 1979 scripstt
2458 1911 2727 1975 ecclesiis,
2785 1922 2844 1965 ut
2883 1912 3208 1966 Trinitatem
3258 1916 3506 1983 ejusdem

1946 1999 2269 2052 substantiae
2297 2009 2353 2054 et
2373 2002 2623 2071 ejusdem
2657 2003 2844 2071 gloriae
2867 2003 3321 2072 deprzedicarent.
3351 2003 3508 2069 Quod

1946 2087 2173 2150 factum,
2202 2100 2392 2158 utpote
2429 2107 2486 2144 re
2514 2093 2683 2146 semel
2711 2109 2739 2146 a
2776 2095 3016 2147 Romana
3046 2095 3292 2150 Ecclesia
3325 2097 3429 2149 rite
3454 2104 3512 2150 et

1953 2181 2148 2235 ordine
2184 2181 2505 2249 dijudicata,
2541 2192 2601 2236 ut
2639 2185 2862 2255 quietus
2893 2187 3127 2256 quisque
3173 2200 3342 2251 esset,
3372 2187 3511 2243 etle-

1950 2271 2062 2335 cit;
2113 2280 2167 2325 et
2218 2274 2445 2340 quaestio
2472 2272 2540 2326 de
2572 2272 2779 2342 Spiritu
2816 2285 3004 2329 sancto
3047 2276 3294 2331 debitum
3344 2277 3510 2333 linem

1952 2372 2268 2425 consecuta,
2316 2362 2592 2417 diuturnae
2638 2367 2932 2419 verborum
2962 2366 3360 2420 concertationi
3395 2381 3513 2422 mo-

1951 2453 2080 2508 dum
2113 2456 2394 2523 imposuit.
2425 2456 2630 2510 Eadem
2662 2457 2907 2527 synodus
2952 2458 3116 2512 etiam
3149 2458 3310 2512 ﬁdem
3340 2458 3513 2514 Nicae-

1950 2560 2078 2599 nam
2132 2546 2464 2602 auctoritate
2519 2563 2619 2602 sua
2658 2548 2964 2604 roboravit.
3021 2547 3360 2620 Subjungam
3414 2563 3515 2605 au-

1955 2647 2064 2692 tem
2112 2646 2390 2714 utrasque.
2424 2648 2481 2694 et
2523 2639 2876 2709 imperatoris
2898 2651 2971 2696 et
3016 2642 3211 2712 synodi
3262 2642 3513 2711 litteras,

1955 2741 2092 2796 quas
2132 2728 2184 2781 in
2235 2727 2515 2781 Orientem
2557 2729 2622 2783 ad
2662 2745 2759 2785 eos
2788 2731 2882 2800 qui
2930 2730 2997 2785 de
3053 2740 3200 2785 recta
3257 2730 3517 2800 opinione

1958 2818 2353 2889 ambigebant,
2424 2820 2714 2875 dederunt.
2787 2822 3137 2890 Imperatoris
3208 2822 3288 2878 sic
3346 2823 3514 2880 habe-

1958 2912 2089 2964 bant
2121 2926 2136 2963 :
2637 2976 2640 2979 η

2035 3019 2054 3053 ι
2101 3001 2470 3070 Imperatores
2489 3000 2710 3056 Maximi
2733 3015 2952 3070 semper
2979 3003 3235 3074 Augusti,
3257 3006 3520 3072 victores,

1960 3088 2382 3147 Valentinianus
2415 3094 2493 3163 (l)
2527 3101 2584 3147 et
2627 3092 2924 3148 Gratianus
2955 3094 3032 3163 (2)
3073 3096 3351 3165 episcOpis
3379 3098 3518 3152 dim-

282 3200 433 3246 σεως
470 3179 761 3248 ’Δσιανῆς,
793 3177 1070 3249 Φρυγίας,
1108 3174 1535 3246 Καροφρυγίας,
1573 3176 1851 3229 [Iaxarta-

1957 3180 2098 3234 cesis
2130 3181 2364 3247 Asianae,
2389 3182 2657 3250 Phrygia,
2678 3179 2894 3249 Caroph
2906 3184 3091 3253 rygiaa,
3118 3184 3442 3251 Pacatiauaa,
3466 3187 3523 3242 in

280 3275 411 3342 γῆς,
440 3273 500 3324 ιν
528 3269 720 3341 Κυρίῳ
746 3270 982 3340 χαίρειν.
1000 3267 1228 3321 Συνόδου
1254 3267 1584 3336 τηλικαύτης
1616 3283 1852 3334 συγκρο-

282 3364 556 3434 τηθείσης
603 3363 662 3414 ιν
708 3360 788 3431 τῷ
817 3359 1137 3429 Ἰλλυρικῷ,
1186 3358 1282 3410 καὶ
1331 3358 1610 3428 ζητήσεως
1657 3358 1856 3426 πολλῆς

283 3456 596 3525 γενομένης
639 3452 770 3520 περὶ
804 3451 896 3504 τοῦ
942 3451 1211 3519 σωτηρίου
1251 3449 1434 3517 λόγου,
1483 3448 1771 3513 ἀπέδειξαν
1804 3450 1854 3501 oi

283 3543 836 3618 ιτρισμακαριὼταιιτοι¹
864 3542 1175 3603 ἔπίσκοποις
1207 3541 1307 3610 τὴν
1337 3541 1380 3592 Τ
1387 3541 1540 3608 ριάδα
1572 3541 1856 3609 ὁμοούσιον

285 3638 474 3709 Harp).
513 3637 610 3689 καὶ
652 3634 769 3705 Υἱῷ
809 3635 904 3687 καὶ
945 3633 1085 3703 ἁγίῳ
1126 3632 1403 3700 Πνεύματι
1429 3646 1442 3660 ·
1486 3632 1554 3695 ἣν
1592 3630 1700 3685 οὐδ’
1722 3632 1856 3692 ὅλως

286 3722 660 3792 ἐκκλίνοντες,
686 3727 1029 3797 λειτουργίας
1052 3724 1151 3786 τὰς
1177 3724 1318 3777 κατὰ
1342 3723 1549 3776 δίκαιον
1573 3721 1859 3773 ἐπιϐαλού-

290 3841 401 3886 σας
426 3824 640 3884 αὐτοῖς,
667 3817 1031 3891 θρησκεύουσι
1056 3816 1154 3886 τὴν
1176 3814 1472 3887 θρησκείαν
1498 3814 1588 3866 τοῦ
1618 3813 1854 3882 μεγάλου

291 3915 595 3987 βασιλέως.
631 3911 938 3982 Κηρύττειν
968 3909 1025 3962 δὲ
1056 3907 1262 3976 ταύτην
1297 3905 1596 3977 προσέταξε
1631 3905 1691 3957 τὸ
1723 3903 1860 3972 ἡμέ-

289 4023 462 4075 τερον
496 4004 733 4075 κράτος·
772 4000 942 4063 οὕτως
988 4000 1170 4070 μέντοι
1210 3998 1297 4051 ῐνα
1339 3997 1414 4067 μὴ
1450 3996 1653 4065 λέγωσί
1685 4012 1856 4059 τινες,

290 4102 388 4154 ὅτι
418 4099 590 4167 ἀνῆκε
618 4094 883 4167 θρησκεία
914 4092 1179 4165 βασιλέως
1205 4091 1300 4145 τοῦ
1330 4090 1605 4151 διέποντος
1634 4088 1733 4158 τὴν
1759 4088 1861 4155 γῆν

292 4192 528 4259 ταύτην,
595 4189 668 4259 μὴ
713 4185 1026 4256 ἀνεχόμενοι
1060 4183 1155 4236 τοῦ
1199 4182 1579 4247 ἐντειλαμένου
1622 4182 1756 4251 ἡμῖν
1794 4181 1863 4233 τὰ

294 4285 434 4352 περὶ
457 4280 558 4348 τῆς
588 4278 883 4348 σωτηρίας.
923 4276 1009 4337 Ὠς
1035 4275 1146 4345 γάρ
1171 4289 1304 4342 φησι
1327 4272 1389 4325 τὸ
1417 4271 1745 4339 Εὑαγγέλιον
1766 4269 1861 4322 τοῦ

293 4373 440 4427 Θεοῦ
468 4371 648 4441 ἡμῶν,
672 4369 809 4438 ὅπερ
835 4367 1113 4436 ἐπίκρισιν
1133 4363 1335 4432 ταύτην
1360 4362 1494 4432 ἔχει,
1522 4361 1862 4415 ἀποδίδοσθαι

293 4468 371 4520 τὰ
394 4463 492 4517 τοῦ
524 4464 800 4530 Καίσαρος
830 4458 1093 4527 Καίσαρι,
1119 4457 1213 4510 καὶ
1235 4455 1304 4509 τὰ
1327 4456 1421 4507 τοῦ
1451 4453 1585 4508 Θεοῦ
1608 4453 1686 4523 τῷ
1715 4452 1862 4523 Θεῷ·

294 4560 354 4612 τί
412 4557 600 4624 λέγετε
647 4554 802 4622 ὑμεῖς
842 4552 889 4604 οἱ
930 4552 1220 4604 ἐπίσκοποι
1256 4547 1352 4600 καὶ
1391 4546 1733 4617 προεστῶτες
1772 4544 1865 4598 τοῦ

297 4645 575 4715 σωτηρίου
619 4627 811 4709 λόγους
848 4642 897 4692 εί
940 4639 1111 4700 οὕτως
1154 4638 1266 4707 ἔχει
1303 4639 1371 4689 τὰ
1403 4637 1501 4705 τῆς
1544 4635 1867 4699 ἀποδείξεως

301 4736 491 4804 burim;
516 4732 701 4795 Οὕτως
727 4731 907 4798 μέντοι
933 4727 1254 4795 ἀγαπῶντες
1277 4725 1563 4796 ἀλλήλους,
1589 4725 1866 4778 παύσασθε

299 4825 650 4895 ἀποχρῆσθαι
674 4820 944 4891 ἀξιώματι
966 4818 1229 4887 βασιλέως
1249 4835 1261 4847 ·
1289 4818 1382 4869 καὶ
1406 4816 1482 4887 μὴ
1501 4815 1722 4868 διώκετε
1742 4815 1867 4877 τοὺς

300 4915 551 4982 ἀκριϐῶς
573 4912 651 4981 τῷ
674 4911 791 4980 Θεῷ
814 4908 1264 4979 λειτουργοῦντας
1282 4922 1297 4937 ·
1320 4902 1396 4960 ὢν
1418 4910 1537 4967 ταῖς
1564 4907 1749 4975 εὐχαῖς
1776 4907 1868 4957 καὶ

264 5122 284 5136 ο
379 5098 459 5163 (l)
510 5091 946 5155 Valentinianus.
995 5092 1152 5161 juxta
1194 5088 1628 5163 Theodoretum,
1663 5087 1868 5163 scripto

309 5157 451 5219 huic
490 5163 731 5218 Valentis
777 5157 1011 5230 quo’que'
1051 5173 1249 5213 nomen
1305 5157 1559 5220 inseruit,
1589 5158 1678 5230 vel
1723 5160 1868 5225 quod

307 5237 489 5289 adhuc
515 5233 562 5286 is
596 5233 651 5285 in
701 5228 968 5285 catholica
1010 5230 1280 5283 sententia
1323 5237 1486 5291 esset,
1519 5228 1601 5282 vel
1651 5237 1709 5279 ut
1742 5241 1867 5280 eum

309 5307 472 5359 tacita
527 5302 905 5355 cohortatione
957 5301 1011 5352 in
1067 5299 1208 5351 viam
1265 5297 1572 5353 reduceret.
1622 5296 1867 5361 Quorum

308 5376 543 5427 alterum
593 5370 725 5423 mihi
759 5368 1114 5423 verisimilius
1151 5381 1273 5421 esse
1319 5367 1559 5421 videtur.
1585 5365 1869 5419 Valentem

312 5443 536 5504 itidem,
588 5449 648 5493 ut
696 5437 1135 5492 Valentinianum
1186 5436 1433 5500 fratrem,
1500 5435 1868 5504 orthodoxum

313 5525 546 5579 prnnnm
597 5508 788 5571 luisse,
818 5509 912 5560 sed
942 5516 1147 5579 postea
1190 5523 1220 5558 a
1272 5508 1523 5575 conjuge,
1551 5503 1775 5579 perinde
1811 5513 1872 5558 ut

311 5576 375 5633 ab
404 5581 511 5633 Eva
543 5580 829 5633 Adamum.
859 5576 1141 5629 Seductum
1169 5588 1293 5629 eum
1322 5589 1443 5629 esse
1472 5592 1488 5639 ;
1519 5576 1676 5644 cujus
1705 5589 1869 5628 suasu

315 5652 401 5703 lite
426 5651 693 5701 adversus
717 5646 949 5701 Go:thos
972 5645 1024 5697 in
1058 5644 1344 5698 Thraciam
1376 5652 1729 5699 excurrentes
1761 5659 1869 5696 non

317 5723 471 5772 ιυιιαε
522 5720 590 5771 ab
634 5718 861 5774 iunci-io
907 5724 1157 5778 suscepto
1192 5714 1392 5766 bellum
1422 5723 1702 5782 gesturus,
1726 5715 1869 5768 sacri

1964 3269 2195 3324 Domino
2244 3271 2496 3324 salutem.
2540 3271 2676 3326 Cum
2722 3281 2870 3325 tanta
2918 3273 2973 3326 in
3018 3273 3232 3344 Illyrico
3276 3287 3397 3331 acta
3449 3277 3523 3331 sit

1961 3361 2224 3430 synodus,
2255 3374 2311 3415 et
2344 3362 2576 3431 quaestio
2616 3363 2807 3432 ingens
2843 3363 2909 3419 de
2938 3365 3162 3419 salutari
3213 3368 3379 3422 verbo
3404 3377 3520 3422 tra-

1964 3461 2132 3512 ctata,
2191 3464 2272 3505 Ier
2315 3452 2621 3506 beatissimi
2655 3454 2903 3523 episcopi
2939 3453 3308 3510 decreverunt
3338 3458 3523 3512 Trini-

1966 3550 2128 3594 tatem
2166 3543 2475 3609 ὁμοούσιον,
2508 3543 3053 3608 consubstantialem,
3085 3545 3262 3599 Patris
3309 3555 3367 3600 et
3399 3548 3524 3604 Filii

1964 3640 2020 3684 et
2068 3631 2306 3699 Spiritus
2339 3634 2537 3687 sancti.
2573 3633 2747 3698 Quam
2782 3633 2876 3702 qul
2930 3634 3137 3699 colunt,
3174 3652 3522 3708 nequaquam

1967 3723 2338 3776 ministerium
2391 3734 2439 3778 et
2496 3724 2837 3777 iunctionem
2876 3725 2979 3777 sibi
3016 3728 3304 3792 creditam,
3342 3730 3415 3785 ita
3464 3741 3527 3787 ut

1968 3828 2064 3880 par
2098 3822 2202 3875 est,
2250 3811 2618 3881 deiugientes,
2668 3813 2994 3883 religionem
3030 3818 3173 3885 regis
3202 3822 3382 3889 magni
3420 3836 3521 3875 co-

1965 3904 2086 3957 lunt
2113 3920 2128 3959 :
2157 3918 2392 3972 eamque
2441 3901 2796 3971 deprmdioari
2829 3914 3020 3958 nostra
3052 3909 3310 3977 praecepit
3346 3911 3523 3965 subli-

1966 3996 2148 4047 mitas.
2175 3993 2354 4062 Atque
2399 3994 2471 4047 ita
2497 3993 2721 4062 quidem
2752 4008 2821 4047 ne
2867 3995 3034 4063 aliqui
3065 3996 3273 4061 dicant,
3304 4000 3527 4069 religio-

1968 4100 2093 4139 nem
2161 4084 2531 4154 imperatoris,
2582 4085 2677 4154 qui
2742 4084 2885 4137 hanc
2948 4093 3149 4138 terram
3211 4088 3526 4157 gubernat,

1966 4185 2317 4231 consectatos
2357 4191 2416 4232 se
2442 4191 2586 4240 esse,
2636 4191 2744 4230 non
2792 4178 2925 4233 satis
2973 4193 3098 4232 eum
3130 4181 3223 4248 qui
3256 4180 3325 4236 de
3349 4184 3528 4242 salute

1968 4272 2284 4327 mandatum
2330 4273 2490 4327 nobis
2537 4272 2732 4339 dedit,
2782 4273 3091 4329 audientes.
3159 4276 3333 4332 Sicuti
3378 4260 3531 4336 enim

1968 4365 2326 4434 Evangelium
2382 4365 2476 4419 Dei
2525 4365 2725 4427 nostri,
2762 4366 2910 4434 quod
2948 4368 3173 4434 quidem
3227 4369 3368 4425 hanc
3412 4388 3531 4428 rem

1898 4468 1944 4521 ι)
1972 4456 2233 4521 decidens
2269 4455 2559 4525 dijudicat.
2593 4455 2729 4511 dicit
2760 4472 2776 4510 :
2811 4457 2996 4512 Danda
3022 4470 3175 4525 sunt,
3208 4478 3329 4530 quae
3350 4462 3530 4520 Caesa-

1970 4552 2047 4601 ris
2082 4558 2227 4607 sunt.
2260 4547 2458 4602 Caesari
2482 4586 2497 4610 ,
2543 4557 2598 4600 et
2635 4563 2755 4617 quae
2805 4549 2899 4601 Dei
2941 4550 3051 4603 Deo
3088 4550 3210 4621 (3):
3261 4553 3393 4620 quid
3431 4568 3534 4610 vos

1969 4654 2098 4693 vero
2135 4640 2344 4702 dicitis,
2381 4640 2626 4707 episcOpi
2654 4647 2711 4692 et
2740 4639 3011 4693 salutiferi
3059 4639 3213 4694 verbi
3246 4642 3537 4710 praefecti?

1966 4731 2049 4782 An
2097 4728 2177 4782 sic
2228 4745 2447 4798 quoque
2491 4740 2673 4783 vestra
2723 4738 3037 4798 comparata
3087 4740 3219 4784 sunt
3268 4732 3538 4788 decreta?

1969 4819 2155 4887 Itaque
2186 4832 2374 4873 mutua
2404 4820 2680 4873 charitate‘
2707 4833 2805 4872 vos
2857 4820 3093 4874 invicem
3146 4822 3530 4889 complecten-

1968 4920 2073 4974 tes,
2107 4911 2387 4979 majestate
2407 4916 2462 4963 et
2493 4909 2822 4963 auctoritate
2842 4909 3192 4979 imperatoris
3210 4912 3361 4967 abuti
3386 4914 3536 4969 desi-

1945 5087 2224 5160 pbaptismi
2270 5088 2585 5160 lavacrum,
2624 5088 2837 5160 _priore
2885 5087 3189 5160 religionis
3254 5091 3533 5146 sententia

1969 5165 2201 5229 mutata,
2235 5156 2305 5211 ab
2334 5156 3225 5229 Eudoxio_Constantinopolilano
3271 5161 3538 5229 episcopo

1969 5226 3025 5298 Arianqsusceperit,Theod._scribit,
3057 5230 3154 5284 lib.
3186 5244 3261 5294 tv,
3295 5226 3416 5298 cap.
3446 5226 3531 5286 Β.

2042 5296 2119 5365 (2)
2154 5294 2217 5365 Ει
2241 5296 2456 5351 Valens.
2494 5297 2703 5350 Theod.
2741 5296 2836 5349 Ilb.
2870 5314 2942 5359 ιν.
2980 5315 3027 5353 c.
3062 5300 3115 5354 8.

2041 5366 2120 5436 (5)
2161 5364 2319 5419 Tales
2371 5367 2573 5434 quippe
2622 5380 2789 5434 supra
2848 5368 3031 5422 verbis
3081 5367 3366 5422 'l‘hemistli
3401 5366 3536 5423 dicti
3607 5364 3615 5372 ’

1971 5445 2100 5492 ευιιι
2144 5450 2443 5505 purpuram
2494 5438 2664 5505 magis
2693 5450 2855 5504 quam
2904 5437 3075 5492 Deum
3115 5443 3319 5498 colere,
3352 5436 3450 5491 lib.
3477 5453 3534 5499 ι.

1972 5521 2093 5576 cap.
2130 5503 2227 5576 42.
2247 5503 2459 5576 Tlreod.
2491 5503 2625 5576 Ὅτι
2650 5503 2934 5576 ἀνήκαμεν
2979 5512 3043 5575 τῇ
3082 5508 3348 5576 θρησκείᾳ
3388 5506 3540 5576 βασι.

1970 5573 2108 5635 λέως
2140 5574 2233 5644 τοῦ
2265 5573 2542 5637 διέποντος
2573 5573 2675 5644 τὴν
2707 5573 2812 5641 γῆν
2837 5573 3041 5644 αὐτὴν,
3062 5573 3300 5640 ιιόοήεει,
3323 5573 3399 5629 ἑὸ
3436 5580 3540 5630 hoc

1973 5643 2221 5711 religioni
2267 5643 2635 5715 imperatoris,
2670 5645 2765 5713 qui
2809 5643 3084 5713 regionem
3138 5646 3282 5715 hanc
3342 5649 3540 5715 guber-

1974 5722 2086 5774 nat.
2115 5712 2492 5769 consectandzc
2523 5712 2799 5783 tribuisse,
2834 5712 2927 5769 lib.
2966 5731 3039 5783 tv,
3074 5731 3194 5787 cap.
3235 5714 3289 5770 8.
