3986 6190
422 277 493 338 7'5
1607 272 2025 332 NICEPIIORI
2070 271 2409 330 CALIJSTI

3514 269 3622 330 ίιῗθ

381 391 516 452 rite,
554 397 608 442 ct
657 386 910 456 persequi
947 400 1043 441 eos
1092 385 1183 454 qui
1239 395 1501 438 accurate
1553 393 1609 439 et
1654 384 1948 455 diligenter

2060 384 2279 452 πόλεμοι
2327 384 2734 437 καταπαύονται
2782 383 2870 436 ἐπὶ
2916 382 3013 450 τῆς
3066 382 3188 451 γῆς,
3237 383 3328 434 καὶ
3376 383 3625 449 ἀγγέλων

382 482 493 533 Deo
560 480 731 545 sacris
774 487 1074 547 operantur
1129 487 1183 531 et
1237 478 1508 540 serviunt,
1569 479 1945 546 supersedete.

383 570 585 622 Eorum
617 584 746 622 sane
777 568 1035 636 precibus
1067 577 1124 621 et
1159 568 1296 621 bella
1335 568 1386 622 in
1423 567 1587 622 terris
1633 569 1945 636 sopiuntur,

380 671 437 712 et
467 668 840 727 apostatarum
897 655 1300 726 rebellium’que
1341 659 1659 726 angelorum
1693 659 1948 714 incursus

382 751 747 820 repelluntur.
811 749 978 803 lidem
1034 736 1385 804 orationibus
1437 751 1553 804 suis
1610 751 1946 818 perniciosos

377 856 571 893 onmes
617 840 894 893 daemones
947 840 1258 908 propellere
1307 841 1553 894 student.
1591 841 1660 896 Et
1711 856 1832 895 eum
1891 843 1944 895 in

381 929 780 998 rempublicam
817 931 1119 984 secundum
1151 932 1299 1000 leges
1337 934 1483 1000 quod
1521 932 1728 986 debent
1759 935 1946 988 confe-

381 1030 533 1081 runt,
573 1029 685 1073 tum
739 1019 1007 1088 principis
1053 1019 1311 1088 potestati
1352 1036 1460 1072 non
1510 1020 1814 1082 resistunt,
1850 1023 1943 1075 sed

381 1114 596 1166 sincere
627 1122 683 1165 et
715 1099 958 1166 cmlEstis
986 1111 1146 1180 Regis
1177 1110 1430 1163 mandata
1465 1120 1709 1174 servant,
1741 1120 1790 1164 et
1815 1111 1946 1178 legi-

384 1203 488 1256 bus
513 1204 715 1256 nostris
749 1211 944 1271 parent
971 1221 982 1254 :
1027 1217 1122 1254 vos
1149 1213 1332 1255 autem
1365 1201 1754 1254 inobedientcs
1785 1216 1948 1269 appa-

2053 475 2376 527 ἀποστατῶν
2424 473 2708 536 ἐπιϐάσεις
2757 473 3223 542 ἀποστρέφονται,
3275 474 3374 532 καὶ
3420 475 3628 535 πάντας

2051 567 2315 634 δαίμονας
2340 567 2698 635 φθοριμαίους
2717 569 3079 636 ἀποστρέψειν
3095 566 3181 618 διὰ
3204 567 3440 636 δεήσεως
3464 585 3629 619 σπου-

2053 655 2306 718 δάζοντες
2331 672 2344 685 ·
2380 658 2473 708 καί
2503 658 2569 708 τὰ
2603 656 2844 724 δημόσια
2881 656 3023 708 κατὰ
3055 657 3251 724 νόμους
3288 657 3628 726 εἰσκομίζειν

2054 745 2225 800 ίσασι.
2256 749 2364 800 Καὶ
2394 749 2493 800 οὐκ
2526 748 2869 815 ἀντιλέγουσι
2896 751 2961 819 τῇ
2991 747 3085 801 τοῦ
3119 749 3449 818 κρατοῦντος
3478 749 3628 812 ἔξου-

2056 840 2145 908 σξα
2167 877 2181 899 ,
2217 837 2331 889 ἀλλ’
2355 839 2663 906 εἰλικρινῶς
2706 840 2800 891 καὶ
2831 839 2929 907 τὴν
2965 839 3055 892 τοῦ
3105 839 3320 893 ἄνωθεν
3357 841 3628 911 βασιλέως

2053 929 2271 998 ἐντολὴν
2304 929 2658 998 φυλάττουσι,
2689 931 2783 984 καὶ
2816 934 2928 993 τοῖς
2959 933 3251 1000 ἡμετέροις
3281 933 3466 998 νόμοις
3495 933 3629 982 ὑπη-

2053 1021 2372 1083 τάσσονται,
2407 1021 2564 1091 ὑμεῖς
2595 1021 2651 1074 δὲ
2683 1021 2926 1083 ἀπειθεῖς
2953 1023 3228 1093 ὲδείχθητε
3258 1019 3631 1087 εἶναι.⁹ίῐμεῖς

2057 1111 2155 1179 μὲν
2189 1111 2542 1181 ἐχρησάμεθα
2576 1113 2650 1180 τῇ
2684 1129 2719 1166 α
2753 1111 2856 1176 ἓως
2891 1111 2987 1164 τοῦ
3021 1130 3097 1179 ω,
3147 1114 3304 1182 ὑμεῖς
3336 1113 3392 1166 δὲ
3446 1113 3630 1175 αὐτοῖς

2056 1203 2398 1256 ἀπεδώκατε.

378 1297 589 1350 ruistis.
641 1297 750 1349 Nos
792 1295 1012 1364 quidem
1058 1295 1140 1348 usi
1183 1308 1376 1348 sumus
1422 1293 1710 1346 tolerantia
1756 1294 1824 1347 ab
1865 1294 1983 1362 ipso
2044 1294 2190 1361 ἄλφα
2255 1311 2424 1364 usque
2470 1297 2534 1350 ad
2581 1316 2625 1351 ω
2657 1297 2766 1369 (Ι),
2807 1292 3121 1352 vos‘autem
3162 1297 3318 1352 vobis
3379 1297 3517 1368 ipsis
3549 1314 3635 1352 re-

377 1395 671 1448 tribuistis.

454 1487 615 1556 168
652 1505 669 1536 ι
711 1484 902 1554 Itaque
933 1495 993 1539 ut
1035 1483 1224 1537 mundi
1257 1491 1314 1538 et
1346 1482 1620 1537 immunes
1655 1497 1684 1536 a
1721 1491 1947 1552 peccato

378 1586 562 1631 vestro
599 1577 793 1637 simus,
845 1573 1311 1643 quetnatlmodnm
1345 1572 1553 1626 Pilatus
1589 1573 1640 1625 in
1677 1571 1944 1640 disquisi-

381 1667 532 1721 tione
566 1677 622 1720 et
647 1664 860 1734 judicio
902 1663 1174 1717 versantia
1218 1663 1360 1713 inter
1400 1677 1499 1715 nos
1547 1660 1780 1725 Christi,
1818 1675 1943 1713 cum

378 1773 580 1812 necare
611 1773 737 1812 eum
789 1756 984 1812 nollet.
1016 1755 1110 1808 sed
1143 1754 1197 1806 in
1225 1752 1522 1808 amictione
1551 1753 1847 1816 solaretur,
1878 1754 1945 1806 ad

375 1850 622 1904 Orientis
688 1861 870 1916 partes
942 1861 1245 1900 conversus
1320 1860 1460 1914 aqua
1527 1844 1769 1914 ﬂagitat:
1833 1861 1948 1898 ma-

379 1960 484 1998 nus
541 1958 668 1997 suas
723 1942 919 2004 abluit,
964 1939 1191 1993 dicens:
1225 1939 1455 1992 Mundus
1487 1955 1605 1992 sum
1651 1950 1699 1990 et
1756 1937 1950 2006 impol-

380 2038 525 2090 latus
562 2053 592 2087 α
622 2034 884 2102 sanguine
911 2033 1046 2101 justi
1079 2032 1235 2100 hujus
1264 2046 1283 2084 :
1321 2030 1401 2084 sic
1448 2029 1717 2082 celsitudo
1763 2037 1949 2081 nostra

379 2141 604 2194 semper
657 2122 927 2192 praecipit,
980 2136 1086 2172 non
1142 2117 1578 2187 persequendos,
1613 2131 1792 2184 neque
1837 2125 1953 2169 lan-

383 2230 548 2284 quam
597 2213 859 2268 ﬂuctibus
903 2210 1247 2273 obruendos,
1283 2225 1460 2278 neque
1495 2208 1844 2262 aemulatione
1895 2217 1953 2260 et

383 2307 591 2360 invidia
622 2293 1041 2373 opprimendos,
1078 2301 1173 2370 qui
1211 2301 1263 2354 in
1305 2299 1508 2355 Christi
1543 2315 1672 2365 agro
1703 2315 1843 2368 opus
1875 2299 1952 2352 la-

383 2401 561 2459 ciunt,
592 2411 771 2464 neque
806 2395 945 2448 adeo
979 2394 1308 2463 rejiciendos
1344 2393 1754 2460 dispensatores
1789 2391 1954 2460 Regis

384 2491 565 2560 magni
604 2505 748 2552 esse,
777 2496 835 2540 nt
861 2503 928 2542 ne
956 2487 1119 2540 hodie
1145 2486 1370 2554 quidem
1405 2484 1508 2538 sub
1536 2483 1746 2538 ditione
1766 2492 1954 2536 nostra

380 2597 634 2636 crescere
663 2579 962 2633 videamini
988 2621 1003 2643 ,
1041 2587 1098 2632 at
1124 2577 1276 2631 brevi
1314 2585 1458 2644 post,
1491 2591 1616 2628 cum
1647 2574 1954 2644 “agitatore

380 2679 494 2728 sive
535 2674 891 2726 cxlrortatore
933 2671 1108 2728 necis.
1160 2684 1223 2722 ea
1274 2683 1397 2736 quae
1435 2666 1749 2721 testamenti
1805 2665 1956 2718 illius

385 2775 539 2828 sunt,
562 2765 732 2818 veluti
765 2764 818 2816 in
852 2760 1132 2815 Zachariae
1165 2759 1455 2828 sanguine,
1491 2756 1793 2826 patiamini.
1817 2756 1954 2811 Cum

386 2873 518 2925 quo,
557 2856 649 2925 qui
693 2855 744 2907 ei
781 2867 1138 2912 consensere,
1178 2866 1208 2903 a
1237 2850 1450 2903 cmlcsti
1488 2849 1823 2917 imperatore
1856 2863 1956 2902 no—

385 2961 502 3002 stro
538 2948 666 3002 Jesu
699 2944 940 3004 Christo,
975 2950 1101 2995 ante
1134 2941 1433 2994 adventuum
1467 2940 1775 2992 etiamnum
1813 2940 1956 3010 ejus,

2132 1497 2150 1530 ι
2187 1480 2375 1549 Ἡμεῖς
2410 1479 2595 1542 μέντοι
2626 1479 2898 1550 καθαροὺς
2926 1481 3155 1544 ἑαυτοὺς
3185 1482 3276 1548 ἀφ’
3304 1481 3458 1549 ὑμῶν
3484 1478 3627 1534 εἶναι

2057 1571 2327 1634 θέλοντες,
2357 1570 2432 1632 ὡς
2468 1571 2561 1624 καὶ
2597 1571 2828 1634 Πιλᾶτος
2861 1572 2953 1625 ἐπὶ
2983 1570 3083 1640 τῆς
3117 1569 3415 1635 ἐξετάσεως
3445 1573 3537 1625 τοῦ
3575 1577 3632 1625 ὲν

2055 1665 2188 1731 ἡμῖν
2242 1663 2666 1730 πολιτευομένου
2719 1661 2994 1732 Χριστοῦ,
3051 1661 3124 1732 μὴ
3175 1663 3418 1724 Θέλοντος
3469 1663 3633 1716 αὐτὸν

2051 1751 2281 1814 ἀνελεῖν,
2317 1754 2410 1804 καὶ⁵
2438 1738 2587 1822 ’ὑπὲρ
2618 1751 2712 1804 τοῦ
2750 1751 2945 1804 παθεῖν
2979 1753 3144 1804 αὐτὸν
3179 1752 3627 1822 παρακληθέντα.

2050 1847 2411 1916 ἐπιστραφεὶς
2441 1845 2536 1899 ἐπὶ
2559 1847 2626 1900 τὰ
2653 1846 2751 1914 τῆς
2778 1846 3045 1914 ἀνατολῆς
3077 1849 3244 1915 μέρη,
3273 1849 3368 1898 καὶ
3397 1848 3630 1913 αίτὴσας

2053 1937 2195 2006 ὕδωρ
2223 1939 2316 1990 ἐπὶ
2341 1938 2545 2008 χειρῶν
2562 1978 2578 2003 ,
2605 1937 2827 2005 ἐνίψατο
2849 1936 3018 2009 αὐτοῦ
3045 1938 3144 2002 τὰς
3170 1940 3381 2006 χεῖρας,
3410 1936 3588 1998 λέγων
3614 1955 3632 1968 ·

2063 2027 2269 2094 Ἀθῶός
2307 2031 2425 2098 ειμι
2470 2030 2590 2083 ἀπὸ
2630 2031 2739 2083 τοῦ
2777 2030 3031 2096 αἵματος
3073 2028 3180 2082 τοῦ
3221 2027 3459 2082 δίκαιον
3497 2031 3636 2082 τού-

2051 2136 2159 2174 του
2183 2135 2198 2149 ·
2232 2119 2403 2183 οὕτως
2439 2121 2532 2173 καὶ
2561 2122 2623 2174 τὸ
2661 2123 2930 2192 ἡμέτερον
2960 2121 3164 2191 κράτος
3193 2121 3482 2182 διαπαντὸς
3518 2123 3640 2174 ἑνε-

2053 2209 2291 2273 τείλατο,
2329 2210 2403 2280 μὴ
2437 2210 2682 2272 διώκειν,
2715 2214 2853 2282 μήτε
2889 2210 3234 2274 ἐπικλύζειν,
3263 2211 3401 2279 μήτε
3434 2210 3638 2282 ζηλοῦν

2054 2303 2178 2363 τοὺς
2219 2303 2619 2370 ἐργαζομένους
2665 2305 2725 2356 τὸ
2769 2306 2967 2374 χωρίον
3010 2303 3106 2358 τοῦ
3151 2303 3416 2374 Χριστοῦ,
3489 2307 3637 2372 μήτε

2054 2395 2179 2455 τοὺς
2217 2395 2491 2464 διοικητὰς
2534 2395 2864 2448 ἀπελαύνειν
2903 2396 3014 2449 τοῦ.
3045 2397 3284 2465 μεγάλου
3315 2396 3596 2458 Βασιλέως
3621 2413 3636 2426 ·

2057 2479 2144 2533 ίνα
2182 2482 2258 2551 μὴ
2296 2484 2533 2551 σήμερον
2571 2485 2671 2553 μὲν
2700 2484 2794 2537 ἐπὶ
2824 2483 2920 2538 τοῦ
2957 2486 3233 2555 ἡμετέρου
3266 2485 3508 2553 κράτους
3539 2484 3642 2537 αὖ·

2058 2569 2170 2634 ξειν
2194 2569 2404 2639 δόξητε,
2433 2573 2525 2625 καὶ
2555 2572 2765 2642 μεταξὺ
2793 2571 2888 2626 τοῦ
2919 2573 3412 2643 παρακεκλημένον
3439 2572 3640 2625 παθεῖν

2057 2664 2125 2714 τὰ
2154 2666 2251 2731 τῆς
2283 2663 2550 2732 διαθήκης
2580 2663 2776 2728 αὑτοῦ,
2804 2665 2877 2725 ὡς
2913 2665 3004 2717 ἐπὶ
3035 2665 3306 2736 Ζαχαρίου
3338 2664 3434 2718 τοῦ
3466 2666 3640 2733 αἵμα-

2055 2772 2146 2815 τος
2171 2770 2186 2784 ο
2219 2754 2335 2806 ἀλλ’
2357 2757 2404 2806 οἱ
2439 2757 2556 2823 μετ’
2579 2755 2748 2808 αὑτοῦ
2781 2755 2985 2825 μεταξὺ
3011 2757 3113 2825 τῆς
3142 2757 3376 2825 ἀφίξεως
3405 2757 3513 2810 ὑπὸ
3537 2757 3640 2810 τοῦ

2060 2847 2267 2899 ἄνωθεν
2308 2846 2577 2916 βασιλέως
2621 2847 2777 2918 ήμῶν
2815 2848 2994 2915 Ἰησοῦ
3037 2849 3276 2919 Χριστοῦ
3319 2850 3643 2920 έρῤἀγησαν

2061 2938 2461 3006 παραδοθέντες
2496 2939 2574 3000 εἰς
2613 2938 2797 3008 κρίσιν
2832 2940 3068 2993 θανάτου
3097 2939 3246 3011 μετὰ
3276 2940 3371 2993 τοῦ
3406 2941 3642 3011 συνδρα-

387 3039 626 3106 disrupti
653 3044 804 3096 sunt,
833 3033 899 3086 ad
924 3032 1195 3103 judicium
1229 3029 1424 3084 mortis
1451 3045 1559 3084 una
1603 3044 1728 3083 cum
1763 3043 1953 3084 conse-

2063 3030 2256 3098 μόντος
2286 3032 2469 3092 αὐτοῖς
2501 3031 2830 3102 φθοριμαίου
2862 3032 3137 3101 δαίμονος.
3166 3031 3337 3085 Τοῦτο
3365 3034 3645 3101 προσετά-

388 3137 595 3197 quente
626 3141 724 3180 eos
757 3123 946 3177 letliali
982 3122 1232 3175 daemone
1266 3120 1472 3173 traditi.
1505 3118 1818 3172 Mandatum
1851 3120 1956 3174 hoc

387 3217 691 3276 edidimus,
727 3214 1031 3284 Amegctio,
1077 3222 1133 3266 et
1167 3210 1485 3274 Ciceronio,
1515 3220 1572 3264 et
1605 3211 1852 3274 Damaso,
1900 3221 1956 3265 ct

391 3311 770 3378 Dialumpone,
801 3317 857 3362 et
889 3305 1136 3360 Brctesio
1173 3304 1552 3358 audientibus.
1581 3303 1724 3367 Quin
1752 3313 1807 3357 et
1837 3314 1955 3356 acta

392 3404 456 3458 ad
496 3418 592 3454 vos
637 3400 913 3462 misimus,
950 3406 1009 3450 ut
1038 3397 1316 3466 praeclara:
1355 3395 1474 3463 ejus
1507 3393 1703 3464 synodi
1736 3391 1956 3448 decreta

399 3495 595 3551 noritis
625 3514 633 3544 :
663 3506 898 3560 quorum
925 3489 1102 3558 capita
1136 3485 1336 3540 litteris
1363 3485 1510 3540 hisce
1540 3485 1815 3554 adjunCta,
1841 3485 1958 3538 haec

391 3587 861 3654 complectuntur.
893 3581 1247 3644 Prolltemur,
1273 3580 1427 3650 juxta
1468 3576 1798 3632 sententiam
1845 3592 1960 3630 ma-

391 3690 509 3740 ςιιευ
571 3683 626 3725 et
673 3672 996 3724 orthodoxa:
1045 3679 1304 3736 recteque
1367 3666 1660 3720 sentientis
1719 3664 1956 3735 synodi,

390 3760 1262 3834 opoodaiov,ronsubstantialein,
1293 3773 1414 3812 esse
1451 3755 1596 3810 Patri
1633 3755 1852 3810 Filium.
1895 3754 1960 3808 Et

390 3859 450 3910 τὸ
494 3855 801 3925 ὁμοούσιον,
833 3848 1328 3913 consubstantiale,
1369 3862 1479 3900 non
1518 3847 1590 3899 ita
1631 3845 1957 3914 accipimus,

390 3948 554 4004 sicuti
604 3957 657 3999 ιιι
705 3946 834 3999 olim
869 3943 1092 4012 quidam
1141 3957 1249 3994 non
1296 3954 1422 3994 vere
1455 3939 1505 3992 ei
1541 3937 1960 4022 subscribentes

390 4049 789 4112 exposuerunt,
833 4047 889 4093 et
932 4051 1083 4090 nunc
1122 4035 1236 4097 alii,
1291 4034 1481 4088 Patres
1515 4033 1638 4085 illos
1673 4041 1959 4095 vocantes,

393 4153 456 4190 ac
487 4137 596 4186 vim
630 4131 1072 4198 sententiamque
1104 4126 1254 4180 verbi
1281 4127 1584 4185 :ibolentes,
1610 4125 1962 4193 litteramque

393 4235 716 4294 sequentes,
762 4222 1097 4291 intelligunt,
1136 4234 1232 4288 per
1270 4217 1743 4273 consubstantiale
1779 4217 1960 4271 simile

396 4317 738 4386 signiﬁcari,
797 4325 1070 4383 quatenus
1123 4312 1257 4364 nulli
1305 4311 1643 4378 reliquarum
1694 4325 1791 4378 per
1832 4325 1960 4364 eum

2061 3120 2231 3190 ξαμεν
2261 3123 2354 3172 ἐπὶ
2389 3122 2716 3192 Ἀμεγητίου
2741 3162 2754 3186 ,
2787 3125 2884 3176 καὶ
2915 3123 3252 3192 Κικερωνίου
3273 3164 3288 3184 ,
3320 3126 3416 3176 καὶ
3445 3126 3644 3192 Δαμά-

2062 3230 2180 3275 σου,
2231 3215 2321 3264 καὶ
2367 3213 2782 3283 Διαλάμπωνος.
2832 3216 2926 3280 καὶ
2971 3214 3303 3284 Βρεντησίου
3347 3217 3644 3286 ἀκροατῶν

2059 3300 2392 3368 γενομένων.
2419 3299 2600 3371 Ἀπερ
2643 3301 2742 3353 καὶ
2784 3301 2926 3354 αὐτὰ
2969 3301 3036 3354 τά
3083 3301 3393 3372 πραχθέντα
3437 3303 3644 3368 ἐξαπε-

2062 3392 2376 3459 στάλκαμεν
2411 3391 2546 3462 πρὸς
2591 3392 2772 3461 ὑμᾶς,
2811 3391 2897 3445 ἵνα
2939 3392 3145 3461 γνῶναι
3185 3395 3346 3464 ἔχητε
3380 3395 3450 3448 τά
3492 3412 3643 3464 πρα-

2061 3481 2258 3552 χθέντα
2293 3483 2347 3532 ὲν
2375 3484 2441 3551 τῇ
2479 3482 2719 3552 εναρέτῳ
2757 3482 2961 3552 συνόδῳ
2985 3499 3000 3514 ⁶
3034 3483 3072 3538 ἃ
3105 3485 3168 3554 δὴ
3203 3486 3298 3537 καὶ
3331 3487 3640 3554 παρέζευξε

2060 3571 2172 3631 τοῖς
2217 3570 2543 3638 γράμμασιν
2594 3571 2654 3622 ἐν
2707 3571 2991 3640 κεφαλαίῳ
3037 3571 3213 3625 ταῦτα
3261 3572 3326 3641 δὴ
3371 3575 3641 3643 δογματί-

2061 3664 2664 3735 ζοντα.⁹()μολογοῦμεν
2693 3665 2998 3729 ἀκολούθως
3025 3670 3090 3737 τῇ
3122 3667 3335 3738 μεγάλῃ
3362 3669 3455 3721 καὶ
3480 3669 3644 3738 ὀρθο-

2062 3758 2196 3826 δόξῳ
2242 3759 2462 3828 συνόδῳ,
2507 3758 2795 3826 ὁμοούσιον
2837 3755 2976 3812 εἶναι
3017 3761 3094 3828 τῷ
3141 3762 3310 3829 Harp!
3349 3762 3440 3812 τὸν
3484 3762 3640 3821 rem,

2063 3854 2156 3903 καὶ
2187 3852 2286 3920 οὺχ
2319 3851 2463 3904 οὕτω
2499 3851 2729 3920 νοοῦμεν
2790 3853 2852 3904 τὸ
2885 3852 3194 3920 ὀμοούσιον,
3228 3853 3305 3916 ὡς
3338 3855 3431 3907 καὶ
3467 3856 3644 3908 πάλαι

2064 3941 2208 4004 τινὲς
2239 3943 2608 4013 ἐξηγήσαντο,
2645 3943 2718 4015 μὴ
2751 3943 3018 4014 ἀληθινῶς
3052 3946 3471 4016 ὑπογράψαντες
3497 3965 3510 3978 ·
3544 3952 3648 4000 καὶ

2064 4030 2156 4082 νῦν
2185 4032 2396 4101 ἕτεροι.
2427 4035 2675 4102 πατέρας
2707 4034 2951 4096 ἐκείνους
2979 4033 3306 4101 καλοῦντες,
3339 4037 3438 4106 τὴν
3467 4039 3646 4094 δύνας

2067 4137 2158 4190 μιν
2206 4124 2301 4191 τῆς
2353 4122 2558 4191 λήξεως
2613 4123 3018 4190 ἀθετήσαντες,
3072 4126 3169 4178 καὶ
3219 4127 3478 4193 ἑπόμενοι
3524 4133 3648 4191 τοῖς

2064 4211 2390 4281 γράμμασι,
2422 4213 2484 4265 τὸ
2516 4215 2702 4282 ὅμοιον
2732 4214 3028 4282 δηλοῦσθαι
3058 4215 3148 4268 διά
3178 4217 3272 4269 τοῦ
3304 4219 3594 4286 ὀμοουσίου
3625 4237 3642 4251 ·

2065 4302 2190 4354 καθ’
2210 4304 2237 4356 ὃ
2265 4303 2444 4355 οὐδενὶ
2472 4303 2581 4357 τῶν
2608 4304 2816 4358 λοιπῶν
2848 4305 3163 4376 κτισμάτων
3193 4308 3261 4360 δι’
3285 4310 3448 4362 αὑτοῦ
3482 4329 3646 4376 revo-

395 4413 661 4462 tactarum
697 4415 1078 4460 creaturarum
1133 4403 1307 4457 Filius
1355 4401 1801 4470 aequiparandus,
1854 4401 1953 4454 soli

2069 4394 2247 4464 μένων
2273 4396 2522 4466 ἐμφερὴς
2548 4397 2576 4447 ό
2603 4396 2732 4458 Υίός
2755 4415 2767 4426 ο
2798 4379 2970 4468 ἀλλίῆ
3001 4400 3152 4469 μόνῳ
3179 4400 3257 4470 τῷ
3285 4403 3459 4472 Πατρὶ
3486 4402 3648 4470 ἀφω-

392 4499 538 4553 Patri
583 4497 785 4550 similis
827 4504 992 4563 atque
1021 4493 1247 4562 aequalis
1274 4492 1364 4546 sit.
1423 4491 1528 4556 Qui
1555 4493 1702 4544 enim
1747 4491 1853 4544 hoc
1884 4490 1958 4544 ita

390 4597 695 4656 exponunt,
723 4584 1054 4654 prmripuam
1083 4590 1392 4636 creaturam
1411 4594 1534 4634 esse
1569 4580 1734 4648 impie
1760 4581 1956 4635 Filium

392 4680 486 4732 Dei
539 4679 756 4731 docent.
809 4676 912 4729 Sed
965 4690 1084 4734 nos.
1119 4673 1280 4727 sicuti
1320 4681 1376 4726 et
1421 4685 1567 4726 nunc
1607 4669 1864 4724 Romanae
1903 4680 1960 4724 et

388 4771 611 4824 Gallica:
645 4768 865 4837 synodi,
904 4768 1197 4826 sentimus,
1246 4780 1408 4818 uuam
1441 4772 1495 4817 ct
1540 4763 1789 4818 eamdem
1835 4778 1960 4817 esse

391 4861 755 4913 substantiam
790 4859 965 4912 Patris
1008 4867 1062 4910 et
1113 4856 1236 4910 Filii
1276 4865 1331 4909 et
1362 4855 1602 4924 Spiritus
1653 4854 1854 4917 sancti,
1903 4853 1959 4906 in

391 4954 566 5005 tribus
599 4952 870 5019 personis,
917 4949 1020 5003 hoc
1057 4961 1162 5006 est.
1214 4947 1270 5000 in
1319 4947 1498 5000 tribus
1531 4947 1794 5016 perfectis
1823 4945 1959 4998 sub-

393 5043 678 5097 sistentiis.
712 5042 1042 5095 Pmtitemur
1078 5055 1228 5104 vero,
1268 5040 1421 5108 juxta
1454 5039 1746 5091 formulam
1781 5036 1956 5090 Nicae-

394 5151 540 5195 nam,
608 5133 802 5186 Filium
859 5131 950 5184 υιτί
997 5130 1547 5193 consubstantialem,
1611 5129 1955 5188 incarnatum

394 5243 511 5280 esse
545 5241 606 5279 ex
649 5234 836 5279 sancta
871 5223 1078 5294 virgine
1112 5224 1303 5282 Maria.
1335 5234 1390 5276 et
1423 5222 1473 5274 in
1506 5222 1823 5274 hominibus
1864 5221 1960 5273 ba-

395 5321 620 5378 bitasse,
653 5332 708 5371 et
765 5316 1076 5385 implevisse
1121 5329 1340 5367 onmem
1383 5329 1478 5382 pro
1516 5312 1676 5366 nobis
1721 5311 1960 5365 lunCtio-

394 5427 542 5469 nem.
579 5412 632 5464 in
678 5410 987 5473 nativitate,
1033 5420 1083 5461 et
1119 5408 1396 5477 passione,
1444 5414 1498 5458 et
1532 5419 1729 5457 resum
1751 5404 1956 5466 ctione,

393 5513 452 5556 et
513 5504 568 5556 in
631 5504 802 5556 ctelos
855 5501 1198 5554 ascensione.
1249 5497 1412 5568 169
1463 5496 1712 5564 Eumque
1749 5496 1958 5548 reditu-

469 5611 543 5676 (Ι)
602 5613 943 5678 Epiphanius
995 5611 1388 5669 Sehohsticus,
1450 5611 1541 5675 qui
1601 5607 1955 5675 Tripartitam

397 5681 684 5733 historiam
715 5695 895 5744 vertit,
939 5684 1039 5733 alia
1069 5704 1096 5731 ιι
1131 5692 1420 5752 lustrum-tn
1461 5689 1700 5742 secutus,
1746 5691 1904 5732 Vt‘t‘ttt
1940 5697 1954 5732 :

2065 4487 2319 4555 μοίωται.
2348 4489 2412 4540 Ol
2445 4488 2554 4558 γὰρ
2580 4487 2808 4540 τοιαῦτα
2840 4489 3220 4559 ἐξηγούμενοι,
3257 4492 3461 4560 κτίσμα
3495 4495 3651 4558 ἐξαξ-

2063 4595 2221 4646 ρετον
2269 4579 2486 4642 ἀσεϐῶς
2535 4581 2626 4632 τὸν
2678 4580 2806 4634 Υίὸν
2857 4581 2955 4634 τοῦ
3005 4582 3141 4634 Θεοῦ
3192 4583 3646 4652 δογματίζουσιν.

2074 4671 2265 4738 Ἡμεῖς
2295 4672 2352 4723 δὲ
2383 4671 2698 4742 φρονοῦμεν
2719 4713 2734 4738 ,
2766 4673 2843 4735 ὼς
2876 4677 2970 4727 καὶ
3003 4675 3060 4727 αί
3093 4675 3304 4728 σύνοδοι
3332 4677 3460 4740 νῦν,
3494 4678 3556 4729 αἶ
3584 4696 3649 4730 τε

2061 4765 2205 4816 κατὰ
2245 4763 2463 4833 Ῥώμην
2499 4769 2594 4816 καὶ
2630 4767 2682 4817 al
2723 4767 2860 4818 κατά
2895 4767 3126 4819 Γαλλίαν
3148 4807 3160 4828 ,
3203 4768 3330 4830 μίαν
3362 4763 3504 4820 εῖναι
3543 4773 3651 4822 καὶ

2061 4857 2160 4926 τὴν
2193 4859 2363 4927 αὐτὴν
2399 4858 2590 4910 οὐσίαν
2622 4858 2715 4909 τοῦ
2753 4859 2967 4928 [Ia-:95;
3002 4862 3097 4912 καὶ
3128 4859 3221 4912 τοῦ
3257 4858 3385 4911 Υίοῦ
3421 4861 3513 4911 καὶ
3544 4862 3648 4912 τοῦ

2062 4950 2220 5018 ἁγίου
2254 4949 2593 5017 Πνεύματος,
2625 4951 2681 5001 ἐν
2711 4951 2857 5019 τρισὶ
2895 4950 3226 5021 προσώποις,
3259 4951 3553 5012 τουτέστιν,
3585 4955 3648 5002 ἐν

2060 5045 2210 5112 τρισὶ
2247 5041 2481 5106 τελείαις
2530 5043 2938 5097 ὐποστάσεσιν·
2977 5042 3354 5112 ,ὁμολογοῦμεν
3396 5044 3452 5095 δὲ
3498 5046 3644 5096 κατὰ

2062 5134 2159 5204 τὴν
2193 5135 2406 5187 ἔκθεσιν
2439 5134 2536 5205 τὴν
2572 5137 2629 5186 ἐν
2665 5137 2872 5208 Nini;
2898 5177 2912 5201 ,
2961 5137 3346 5205 σεσαρκῶσθαι
3383 5135 3473 5188 τὸν
3511 5135 3642 5186 Υἱον

2062 5226 2156 5278 τοῦ
2187 5226 2322 5278 Θεοῦ
2353 5227 2444 5278 τὸν
2471 5227 2757 5296 ὀμοούσιον
2786 5230 2848 5280 ἐκ
2875 5229 2973 5296 τῆς
3009 5229 3172 5295 ἁγίας
3205 5227 3486 5296 Παρθένου
3518 5227 3640 5278 Μα-

2066 5316 2208 5385 ρίας,
2239 5315 2331 5368 καὶ
2361 5318 2418 5367 ὲν
2450 5315 2758 5383 ἀνθρώποις
2788 5317 3186 5385 ἐσκηνωκέναι,
3218 5316 3312 5366 καὶ
3347 5313 3660 5380 πεπληρωο-

2063 5409 2222 5458 κένιι
2265 5409 2446 5459 πᾶσαν
2482 5410 2581 5477 τὴν
2617 5410 2756 5477 ὑπὲρ
2798 5407 2954 5477 ἡμῶν
2987 5407 3303 5475 οἰκονομίαν
3340 5405 3396 5456 ὲν
3429 5408 3642 5471 γενέσει

2065 5501 2158 5551 καὶ
2196 5500 2355 5553 πάθει
2392 5502 2483 5552 καὶ
2518 5502 2837 5566 ἀναστάσει,
2871 5501 2964 5552 καὶ
2996 5503 3059 5570 τῇ
3095 5501 3175 5562 είς
3206 5498 3470 5566 οὐρανοὺς
3507 5497 3644 5548 ἀνα-

2065 5612 2172 5666 Nos
2230 5613 2556 5676 snbjicimur
2610 5614 2658 5666 ei
2722 5615 2814 5680 qui
2873 5615 3081 5683 primus
3153 5621 3209 5664 et
3279 5609 3640 5669 novissimus,

2067 5687 2160 5735 llll.
2197 5701 2284 5744 ιιι,
2328 5701 2424 5749 cap
2485 5688 2536 5734 ll.
