3986 6190
318 307 425 374 677

1246 304 1850 373 ΕαριιῑειΑδτιωΕ
1889 312 2275 372 HISTORIA)
2310 312 2457 377 LIB.
2504 317 2611 376 XI.

3453 337 3562 399 €78

322 425 500 478 ϐάσει.
532 424 642 478 Καὶ
674 424 839 480 πάλιν
864 424 1019 496 ἥξειν
1050 426 1374 481 ἀποδιδόντα
1403 429 1538 497 ἡμῖν
1569 429 1668 499 τὴν
1698 428 1866 496 ὁμοίω

2005 442 2153 493 rum,
2177 442 2237 483 ut
2267 429 2429 484 nobis
2465 431 2737 487 retribuat
2763 433 3183 490 similitudinem
3221 437 3457 495 divmam
3483 448 3559 514 (ἢ

316 534 401 569 σιν
426 512 530 586 τὴν
556 515 715 569 θείαν
742 516 875 587 παρ’
900 517 1123 583 ἑαυτοῦ,
1153 520 1298 572 κατὰ
1321 522 1422 586 τὴν
1450 522 1681 574 ἑκάστου
1713 520 1893 592 βιοτὴν

311 609 372 661 ἐν
398 609 466 676 τῇ
499 607 687 678 ἡμέρᾳ.
712 609 815 677 τῆς
845 609 1088 679 κρίσεως
1113 626 1129 641 °
1158 612 1640 682 σαρκὶ’όρὼμενον
1668 614 1764 668 καὶ
1793 615 1893 684 τὴν

309 695 508 750 ἑαυτοῦ
538 696 694 775 θείαν
721 698 956 766 δύναμιν
986 697 1396 764 ἐπιδεικνύντα,
1430 701 1563 756 Θεὸν
1592 703 1723 758 ὄντα
1755 722 1890 775 σαρ-

307 771 564 858 κοφόρον,
597 790 693 842 καὶ
723 789 824 843 οὐκ
855 790 1151 861 ἄνθρωπον
1178 793 1469 862 Θεοφόρον.
1504 797 1613 848 Καὶ
1642 798 1765 860 τοὺς
1795 771 1890 850 τά·

305 880 501 933 ναντία
548 880 885 950 φρονοῦντας
934 882 1447 953 άναθεματίζομεν·
1495 886 1589 939 καὶ
1636 889 1767 951 τοὺς
1815 888 1889 958 μὴ

305 969 552 1038 γνησίως
582 971 1084 1043 ἀναθεματίζοντας
1110 974 1204 1028 τὸν
1231 976 1456 1029 εἰπόντα
1486 977 1568 1030 ὅτι
1599 979 1739 1047 Πρὶν
1767 996 1892 1046 γεν-

305 1060 543 1130 νηθῆναι
566 1061 668 1116 οὐκ
691 1057 761 1133 ἦν
785 1064 813 1117 ό
835 1063 967 1126 Υίός
987 1079 1002 1095 ⁸
1031 1064 1168 1120 ἀλλά
1198 1065 1490 1136 γράψαντα
1519 1068 1600 1120 ὅτι
1630 1071 1720 1121 καὶ
1754 1069 1890 1138 Πρὶν

304 1153 561 1223 ἐνεργείᾳ
588 1155 938 1224 γεννηθῆναι,
963 1155 1194 1225 δυνάμει
1220 1153 1286 1227 ἦν
1311 1159 1369 1210 ἐν
1394 1158 1469 1228 τῷ
1496 1160 1694 1229 Πατρί.
1722 1160 1889 1214 Τοῦτο

304 1246 417 1315 γάρ
444 1246 541 1299 καὶ
566 1246 659 1300 ἐπὶ
687 1247 909 1301 πάντων
935 1250 1046 1302 τῶν
1072 1249 1393 1318 κτισμάτων
1417 1251 1535 1304 ιστὶ
1561 1250 1670 1305 τῶν
1700 1251 1776 1322 μὴ
1801 1252 1889 1305 ἀεὶ

298 1336 475 1389 ὅντων
503 1337 644 1407 μετά
667 1337 762 1392 τοῦ
788 1337 926 1391 Θεοῦ
948 1355 964 1372 ·
990 1339 1118 1394 καθ’·
1137 1339 1165 1393 δ
1192 1343 1286 1394 καὶ
1307 1343 1336 1394 ό
1360 1340 1487 1405 Υίδς
1510 1343 1599 1395 ἀεὶ
1624 1342 1766 1412 μετά
1790 1342 1886 1397 τοῦ

301 1427 515 1497 Πατρός
544 1430 696 1482 ἔστιν
719 1428 877 1500 ἀϊδίῳ
904 1430 1157 1502 γεννήσει
1184 1433 1888 1503 γεγεννημένος.›Τοιαῦτα

300 1519 405 1586 μὲν
428 1519 498 1573 τά
527 1517 800 1589 βασιλέως
827 1522 1135 1593 γράμματα
1162 1517 1302 1593 ἦσαν
1320 1540 1335 1555 ·
1362 1527 1432 1579 τά
1460 1526 1517 1579 δὲ
1541 1527 1640 1590 τῆς
1667 1529 1884 1585 συνόδου

292 1608 491 1663 τοῦτον
523 1609 841 1682 διηγόρευον
872 1613 1100 1684 τρόπον·
1154 1615 1247 1667 ιΟί
1270 1613 1559 1669 ἐπίσκοποι
1591 1616 1687 1670 τοῦ
1721 1617 1885 1672 Ἰλλυ-

296 1699 459 1769 ρικοῦ
483 1704 606 1766 ταῖς
630 1704 960 1774 ἐκκλησίαις
981 1704 1075 1758 τοῦ
1102 1705 1261 1769 Θεοῦ,
1289 1707 1382 1759 καὶ
1404 1707 1728 1772 δπισκόποις
1751 1709 1883 1763 διοι-

294 1792 518 1859 κήσεως
546 1790 825 1862 Ἀσιανῆς,
854 1794 1121 1863 Φρυγίας,
1148 1796 1566 1865 Καροφρυγίας,
1597 1798 1877 1853 Πακατια-
1908 1776 1951 1832 Β

289 1882 418 1951 γῆς,
461 1885 518 1935 ὲν
559 1884 751 1955 Κυρίῳ
791 1885 1029 1956 χαίρειν.
1070 1887 1448 1940 Συνελθόντων
1488 1888 1647 1958 ἡμῶν
1685 1891 1779 1944 ἐπὶ
1814 1891 1875 1945 τὸ

284 1973 454 2035 αὐτὸ,
484 1974 576 2026 καὶ⁵
604 1974 887 2044 ζητήσεως
923 1977 1124 2044 πολλῆς
1151 1978 1459 2048 γενομένης
1489 1981 1622 2051 περὶ
1647 1981 1739 2035 τοῦ
1772 1999 1877 2036 σω-

283 2079 358 2130 τη
366 2064 487 2131 ρίου
503 2064 687 2134 λόγου,
708 2066 1073 2136 ἀπεδείξαμεν
1089 2068 1377 2137 ὁμοούσιον
1397 2065 1537 2123 εἶναι
1555 2071 1654 2142 τὴν
1671 2073 1877 2140 Τριάδα

282 2157 509 2227 Πατρὸς
543 2159 636 2211 καὶ
674 2158 802 2212 Υἱοῦ
837 2160 933 2213 καὶ
968 2160 1127 2227 ἁγίου
1163 2162 1505 2232 Πνεύματος.
1544 2167 1654 2218 Καὶ
1693 2162 1761 2237 ἦν
1793 2167 1873 2220 δί-

281 2266 449 2302 καιον
482 2250 792 2320 γράμματα
836 2251 1181 2321 άποχαράξαι
1225 2253 1363 2325 πρὸς
1401 2255 1547 2325 ὑμᾶς
1571 2269 1586 2284 ·
1623 2257 1684 2309 οὐ
1727 2260 1877 2328 σοφί-

282 2359 468 2412 σμασι
508 2343 580 2396 τά
626 2344 724 2414 τῆς
769 2344 1069 2414 θρησκείας
1116 2350 1215 2417 τῆς
1261 2349 1489 2416 Τριάδος
1539 2350 1870 2420 γράφοντας,

277 2434 410 2488 ἀλλ’
451 2437 510 2489 ὲν
532 2436 1007 2509 ταπεινοφροσύνῃ
1033 2438 1474 2505 καταξιωθέντας
1498 2459 1513 2474 ·
1539 2444 1692 2496 τουτὶ
1713 2443 1873 2512 ἡμῶν

275 2527 347 2580 τὸ
394 2528 635 2598 γράμμα
673 2529 1102 2599 ἀπεστάλκαμεν
1132 2531 1219 2584 διὰ
1253 2531 1349 2584 τοῦ
1387 2535 1677 2604 ἀγαπητοῦ
1714 2536 1871 2588 ἀδελ-

274 2616 393 2686 φοῦ
422 2618 587 2689 ἡμῶν
614 2620 710 2674 καὶ
743 2620 1163 2690 συλλειτουργοῦ
1201 2623 1479 2679 Ἐλπιδίου
1506 2625 1601 2679 τοῦ
1630 2628 1871 2698 πρεσόυ-

272 2708 475 2780 τέρου.
509 2709 585 2763 Οὐ
617 2710 726 2781 γὰρ
760 2713 964 2777 ἐντοῖς
998 2712 1108 2764 τῶν
1142 2714 1427 2783 ἡμετέρων
1457 2716 1660 2787 χειρῶν
1690 2719 1871 2787 γράμ-

275 2817 481 2871 μασιν,
506 2800 697 2855 ἀλλ’ὲν
717 2806 837 2865 ταῖς
857 2802 952 2855 τοῦ
976 2803 1227 2873 Σωτῆρος
1250 2805 1282 2874 ἡ
1290 2806 1408 2874 μῶν
1433 2805 1609 2877 Ἰησοῦ
1631 2809 1869 2877 Χριστοῦ

273 2891 494 2961 μόλοις
520 2893 870 2964 γέγραπται·
896 2893 1046 2963 Ἐγὼ
1068 2894 1187 2963 μέν
1211 2898 1332 2964 ειμι
1362 2899 1626 2963 Παύλου,
1653 2901 1770 2969 ἐγὼ
1799 2900 1869 2954 δὲ

284 2984 604 3050 Ἀπολῶ,
636 2984 754 3055 ἐγὼ
782 2986 851 3039 δὲ
882 2985 1078 3056 Κηφᾶ.
1110 2988 1208 3055 Μὴ
1245 2989 1489 3055 Παῦλος
1519 2990 1864 3062 ἐσταυρώθη

177 3113 181 3117 ι
268 3076 440 3144 ὑπὲρ
488 3076 691 3146 ὐμῶν;
741 3077 779 3146 ἣ
828 3080 917 3145 εις
963 3079 1031 3132 τὸ
1084 3077 1275 3148 ὄνομα
1322 3081 1571 3135 Παύλου
1623 3082 1864 3137 ἐϐαπτί-
1889 3103 1931 3158 c

268 3170 505 3235 (fama;
538 3168 645 3220 Καὶ
680 3167 974 3239 ταῦταμὲν
1012 3169 1861 3243 ἧρκειτῇημετέρᾳταπεινὼσει

274 3262 431 3330 μήτε
458 3259 519 3313 τὸ
552 3259 784 3314 καθόλου
820 3263 1127 3332 γράμματα
1158 3262 1507 3333 άποχαράξαι
1543 3266 1681 3331 πρὸς
1717 3267 1860 3336 ὑμᾶς

267 3349 373 3403 διὰ
397 3350 491 3403 τὸν
516 3350 841 3421 τηλικοῦτον
869 3351 1035 3419 φόϐον
1061 3350 1122 3405 ὃν
1149 3352 1337 3407 αὐτόθι
1369 3354 1680 3424 κηρύσσετε
1710 3358 1859 3427 πάσῃ

268 3440 373 3507 ὑφ’
396 3440 541 3509 ὑμᾶς
572 3442 815 3512 ἐπαρχία
833 3482 849 3508 ,
879 3443 1322 3513 ἀποχωρίςοντες
1350 3444 1411 3497 τὸ
1438 3443 1596 3513 ἅγιον
1630 3448 1858 3516 Πνεῦμα

266 3532 389 3586 ἀπὸ
412 3532 507 3587 τοῦ
538 3534 751 3604 Πατρος
778 3536 873 3588 καὶ
899 3535 995 3589 τοῦ
1024 3535 1177 3590 Υίοῦ.
1209 3536 1483 3607 Ἀνάγκην
1508 3537 1601 3590 οὖν
1626 3539 1858 3609 ἔσχομεν

268 3626 421 3695 πρὸς
447 3625 591 3695 ὑμᾶς
618 3626 835 3697 πέμψαι
862 3629 952 3681 τὸν
978 3629 1172 3698 κύριον
1196 3628 1358 3699 ήμῶν
1386 3631 1480 3682 καὶ
1510 3629 1859 3701 συλλειτουρ-

266 3716 378 3786 γδν
410 3716 710 3784 Ἐλπίδιον,
736 3719 848 3774 ἀπὸ
882 3721 978 3788 τῆς
1013 3720 1408 3791 βασιλεμούσης
1442 3721 1730 3792 Ῥωμαίων
1761 3724 1859 3791 ἀρ-

266 3810 382 3880 χῆς
401 3847 418 3871 ,
447 3809 609 3863 τοῦτο
636 3812 701 3864 τὸ
731 3811 996 3883 κήρυγμα
1025 3812 1220 3879 ἔχοντα
1238 3853 1252 3875 ,
1284 3813 1671 3882 καταμαθόντα
1690 3853 1704 3876 ,
1740 3813 1855 3879 εἴγε

264 3899 369 3972 ἄρ’
389 3898 562 3963 οὕτως
590 3901 705 3972 ἔχει
729 3901 792 3955 τὸ
817 3903 1082 3973 κήρυγμα
1108 3902 1285 3972 ὑμῶν.
1317 3903 1381 3955 0t
1413 3903 1523 3971 γάρ
1555 3902 1632 3971 μὴ
1661 3902 1856 3973 ὁμοού-

264 4009 397 4045 σιον
422 3991 520 4062 τὴν
549 3994 754 4061 Τριάδα
785 3995 1147 4065 κηρύττοντες
1175 3994 1428 4063 ἀνάθεμα
1460 3994 1729 4062 ἔστωσαν,
1760 3998 1854 4051 καὶ

261 4083 332 4138 ει
352 4100 439 4148 τις
468 4085 679 4148 τούτοις
712 4086 996 4155 φωραθείη
1036 4086 1312 4141 κοινωνῶν
1331 4128 1347 4154 ,
1378 4088 1630 4157 ἀνάθεμα
1666 4088 1811 4142 ἔστω
1833 4107 1848 4122 ·

263 4178 388 4237 τοῖς
429 4176 488 4230 δὲ
530 4177 893 4247 κηρύττουσιν
927 4178 1216 4247 ὁμοούσιον
1247 4178 1349 4248 τὴν
1382 4178 1589 4248 Τριάδα
1629 4183 1663 4251 ἡ
1700 4180 1853 4251 βασι-

1995 536 2025 573 a
2084 521 2289 591 seipso,
2340 523 2496 593 juxta
2552 525 2716 579 vitam
2763 527 3032 598 cujusque
3085 532 3137 582 in
3175 529 3265 584 die
3323 532 3512 600 iudicii
3545 577 3559 601 ,

1995 628 2163 667 carne
2197 614 2557 682 spectabilem
2606 626 2658 671 et
2706 616 2947 673 divinam
2983 620 3241 675 virtutem
3277 639 3433 678 suam
3470 641 3560 680 ex-

1995 699 2304 763 hibentem,
2341 702 2510 757 Deum
2549 708 2920 776 σαρκοφόρον,
2968 708 3021 762 id
3053 719 3160 770 est.
3189 726 3410 767 carnem
3463 732 3560 771 seu

1995 792 2299 856 hominem,
2351 793 2641 861 terentem,
2687 805 2745 850 et
2788 813 2897 853 non
2943 800 3219 857 hominem
3260 803 3558 877 Θεοφόρον,

1994 884 2097 939 hoc
2126 895 2232 949 est,
2275 887 2446 941 Deum
2473 888 2764 943 ferentem.
2805 891 2881 945 Ac
2911 893 3005 962 qui
3039 894 3255 950 diversa
3288 900 3556 958 sentiunt.

1990 978 2339 1034 anathemate
2367 980 2690 1050 jngulamus
2720 1002 2734 1034 :
2772 999 2877 1038 nec
2902 986 3086 1040 minus
3105 998 3159 1041 et
3186 1004 3302 1055 eos,
3327 992 3421 1060 qui
3447 1008 3556 1046 non

1990 1065 2204 1121 directe
2270 1083 2325 1122 et
2368 1085 2433 1123 ex
2495 1072 2681 1125 animo
2726 1074 3063 1129 anathemati
3091 1094 3214 1132 enm
3244 1082 3555 1150 subiecere,

1990 1154 2084 1223 qui
2127 1155 2266 1210 dixit
2314 1173 2423 1212 non
2483 1164 2637 1228 prius
2689 1162 2909 1227 Filium,
2968 1182 3130 1235 quam
3180 1172 3398 1238 genitus
3448 1174 3555 1235 sit,

1989 1246 2312 1303 exstitisse:
2348 1250 2820 1324 quique-scripsit
2865 1257 3184 1328 priusquam
3234 1271 3359 1317 actu
3403 1268 3552 1333 geni-

1992 1344 2080 1392 tus
2111 1337 2502 1409 sit,potestate
2531 1360 2658 1398 eum
2692 1345 2744 1399 in
2770 1346 2929 1402 Patre
2964 1349 3155 1405 fuisse.
3180 1352 3293 1408 Hoc
3321 1371 3553 1426 namque

1988 1436 2045 1482 et
2077 1427 2134 1483 in
2169 1432 2443 1488 creaturis
2473 1436 2732 1491 omnibus
2756 1447 2862 1505 est,
2892 1456 3014 1510 quae
3047 1458 3154 1496 non
3190 1458 3408 1514 semper
3428 1462 3551 1502 cum

1987 1517 2102 1572 Deo
2129 1529 2280 1603 sunt.
2328 1522 2396 1577 At
2447 1523 2620 1579 Filius
2651 1536 2917 1596 perpetuo
2956 1530 3295 1600 sempiterna
3326 1551 3552 1605 genera-

1987 1607 2137 1696 tione
2163 1598 2383 1680 genitus
2408 1628 2532 1667 cum
2561 1616 2722 1670 Patre
2754 1629 2857 1674 est.
2885 1638 2904 1671 ι
2949 1598 3110 1677 Tales
3133 1598 3354 1693 quidem
3378 1626 3553 1696 impe—

2165 1673 2191 1680 -
2827 1673 2832 1674 κ
2959 1673 3106 1677 κηη
3138 1673 3352 1693 1—“--—
3378 1673 3519 1696 ----,-

1987 1673 2191 1754 raloris
2221 1701 2376 1758 fuere
2409 1704 2626 1760 litterm.
2663 1706 2868 1778 Synodi
2922 1720 3108 1767 autem
3139 1713 3314 1784 ipsius
3346 1716 3399 1770 in
3436 1717 3551 1772 haec

1980 1792 2147 1846 verba
2179 1802 2308 1848 sunt
2333 1797 2550 1865 scripta:
2574 1815 2589 1855 :
2628 1818 2647 1850 ι
2673 1800 2927 1871 Episcopi
2947 1804 3147 1875 Illyrici
3175 1807 3427 1863 ecclesiis
3455 1809 3549 1864 Dei

1979 1893 2036 1938 et
2064 1885 2340 1956 episCOpis
2383 1888 2640 1945 dimcesis
2670 1892 2913 1961 Asianm,
2943 1896 3213 1968 Phrygiae,
3237 1899 3549 1973 Carophry-

1978 1975 2101 2042 giae.
2149 1978 2478 2047 Pacatianm,
2513 1984 2565 2036 in
2605 1984 2839 2040 Domino
2869 1989 3128 2045 salutem.
3174 1989 3459 2048 Conventu
3514 2010 3545 2049 a

1980 2067 2141 2121 nobis
2179 2079 2324 2131 acto,
2357 2081 2410 2125 et
2442 2074 2832 2142 disquisitione
2869 2080 3039 2132 multa
3088 2080 3250 2147 facta,
3287 2082 3356 2138 de
3399 2085 3547 2139 salu-

1979 2161 2079 2213 tari
2143 2163 2354 2226 verbo,
2417 2164 2770 2221 decrevimus
2833 2170 3361 2226 consubstantialem
3422 2188 3546 2230 esse

1978 2248 2302 2304 Trinitatem
2358 2252 2535 2307 Patris
2569 2262 2630 2309 et
2666 2255 2789 2309 Filii
2835 2267 2887 2310 et
2938 2258 3180 2326 Spiritus
3228 2262 3425 2317 sancti.
3477 2264 3546 2319 Et

1974 2354 2192 2407 aequum
2237 2355 2361 2395 esse
2424 2343 2699 2407 duximus,
2757 2343 3091 2400 litteras‘ad
3147 2364 3245 2404 vos
3295 2366 3542 2405 exarare.

1974 2427 2095 2482 Non
2118 2446 2218 2483 nos
2247 2432 2467 2499 quidem
2500 2443 2696 2489 ntarte
2724 2438 2976 2506 quapiam
3019 2440 3223 2493 cultum
3260 2438 3545 2497 Trinitatis

1974 2521 2475 2588 perscriberemus,
2528 2525 2622 2577 sed
2672 2525 2946 2581 submissa
3001 2529 3309 2586 humilitate
3349 2531 3542 2604 dignos

1974 2624 2077 2664 nos
2119 2625 2181 2664 ea
2233 2628 2290 2665 re
2341 2613 2744 2680 existimantes,
2784 2618 3072 2689 epismlam
3116 2620 3256 2675 hanc
3291 2632 3540 2678 nostram

1973 2715 2071 2768 per
2120 2701 2378 2756 dilectum
2443 2703 2665 2759 fratrem
2728 2715 2784 2760 et
2838 2708 3229 2764 adlninistrum
3287 2721 3538 2767 nostrum

1973 2793 2247 2861 Elpidiurn
2286 2796 2665 2866 presbyterum
2698 2797 2979 2855 daremus.
3009 2800 3126 2854 Non
3157 2804 3304 2859 enim
3342 2803 3396 2858 in
3424 2820 3541 2859 ma-

1972 2899 2142 2937 nuum
2177 2868 2491 2939 nostrarum
2524 2888 2747 2953 litteris,
2782 2905 2974 2944 verum
3027 2894 3081 2946 in
3118 2893 3295 2963 ipsius
3338 2894 3540 2971 serva-

1974 2979 2107 3030 toris
2132 2976 2334 3030 Cltr'sli
2374 2978 2501 3031 .lz-su
2540 2980 2694 3033 libris
2728 2981 2994 3049 scriptum
3024 2992 3108 3038 est
3135 2999 3149 3038 :
3183 2984 3295 3054 Ego
3323 2987 3537 3056 quidem

1965 3084 2084 3122 sum
2139 3069 2314 3130 Pauli,
2376 3086 2468 3140 ego
2518 3087 2637 3124 vero
2688 3072 2896 3142 Apollo,
2950 3090 3043 3144 ego
3110 3085 3283 3130 autem
3329 3076 3536 3146 Cephar.

1967 3160 2111 3214 Num
2194 3160 2395 3215 Paulus
2470 3163 2750 3229 cruciﬁxus
2822 3175 2898 3219 est
2984 3183 3079 3236 pro
3168 3168 3357 3221 vobis?
3440 3178 3538 3224 aut

1961 3256 2016 3306 in
2074 3270 2262 3306 nomen
2318 3253 2479 3309 Pauli
2532 3253 2789 3325 baptizali
2858 3257 3068 3310 estis‘?
3109 3258 3177 3312 Et
3239 3258 3534 3315 humilitati

1963 3348 2186 3418 quidem
2269 3362 2469 3403 nostra:
2548 3350 2683 3403 satis
2745 3365 2865 3405 esse
2925 3352 3331 3421 convenireque
3382 3353 3523 3408 vide-

1962 3436 2145 3500 batur,
2223 3436 2360 3489 nihil
2423 3452 2648 3505 prorsus
2710 3438 2779 3492 ad
2864 3446 2957 3492 vus
3014 3439 3146 3493 dare
3197 3440 3529 3517 litterarum,

1958 3539 2184 3599 propter
2262 3529 2549 3581 horrerent
2613 3537 2863 3591 tantum,
2924 3545 3088 3597 quem
3165 3529 3292 3584 istic
3377 3534 3528 3586 omni

1958 3622 2062 3677 sub
2092 3620 2248 3674 vobis
2287 3621 2594 3688 praedicatis
2626 3622 2944 3690 provinciae,
3009 3631 3362 3693 segregantes
3396 3624 3523 3693 Spi-

1961 3716 2126 3768 ritum
2160 3724 2414 3767 sanctum
2463 3729 2493 3766 a
2548 3714 2709 3767 Patre
2753 3720 2809 3768 et
2862 3713 3022 3767 Filio.
3078 3712 3184 3769 Sed
3217 3716 3522 3771 necessitas

1958 3805 2218 3872 imposito
2245 3804 2404 3858 nobis
2426 3812 2534 3867 est,
2565 3810 2623 3856 ut
2649 3802 2715 3856 ad
2746 3819 2843 3857 vos
2867 3804 3215 3859 mitteremus
3240 3805 3526 3862 dominum

1955 3906 2011 3952 et
2053 3897 2442 3950 administrum
2494 3905 2743 3950 nostrum
2777 3896 3079 3966 Elpidium,
3112 3897 3183 3952 ab
3230 3898 3366 3953 urbe
3404 3913 3528 3969 quae

1953 4000 2037 4045 est
2097 3989 2313 4058 imperii
2381 3988 2615 4042 Romani
2674 3997 2861 4057 caput.
2929 3989 3140 4045 litteras
3200 3991 3522 4058 habentem,

1954 4085 2369 4153 estploraturum
2419 4096 2487 4135 an
2521 4081 2593 4134 ita
2636 4095 2696 4134 se
2731 4080 2932 4136 habeat
2966 4083 3285 4151 praedicatio
3313 4094 3521 4140 vestra.

1952 4175 2057 4242 Qui
2082 4174 2229 4228 enim
2262 4172 2586 4226 Trinitatem
2620 4172 3142 4225 consubStantialem
3178 4188 3285 4227 non
3319 4174 3523 4243 praedi-

263 4266 394 4321 λεία
432 4268 540 4321 τῶν
582 4268 835 4338 οὐρανῶν
872 4269 1224 4339 ἡτοίμασται.
1269 4270 1709 4341 Παρακαλοῦμεν
1755 4269 1851 4325 οὖν

1970 4275 2103 4329 :ant,
2151 4264 2443 4319 anathema
2473 4266 2608 4316 sint.
2639 4260 2706 4315 Et
2746 4262 2791 4315 si
2836 4262 2962 4331 quis
2987 4277 3111 4316 cum
3156 4265 3237 4318 eis
3271 4279 3523 4318 commu—

266 4361 452 4430 ὑμᾶς,
481 4361 733 4430 ἀδελφοὶ,
769 4362 846 4434 μὴ
875 4362 1407 4431 ἑτεροδιδασκαλεῖν,
1442 4363 1579 4434 μηδὲ
1612 4365 1850 4433 ἑτεροδό-

1970 4360 2173 4414 ιίοηοιη
2224 4358 2426 4411 habere
2472 4363 2790 4424 compertus
2843 4356 3031 4417 fuerit,
3077 4356 3367 4412 anathema
3423 4356 3518 4411 sit.

266 4456 412 4521 ξεῖν,
440 4453 557 4507 ἀλλ’
580 4454 864 4525 ὀμοούσιον
895 4456 983 4508 ἀεὶ
1015 4456 1111 4508 καὶ
1136 4456 1226 4509 διὰ
1256 4433 1844 4527 παντδςκηρύττοντες

1970 4450 2281 4505 l'rinitatem
2310 4456 2494 4503 autem
2538 4448 3064 4503 consubsmntialem
3093 4448 3521 4516 praedicantibus

263 4548 371 4619 τὴν
406 4548 613 4616 Τριάδα
636 4589 652 4614 ,
685 4548 955 4616 δυνηθῆτε
994 4548 1406 4618 κληρονομῆσαι
1439 4548 1538 4618 τὴν
1570 4548 1664 4602 τοῦ
1706 4549 1844 4603 Θεοῦ

265 4638 575 4710 βασιλείαν.
618 4640 754 4709 Περὶ
795 4638 986 4692 τούτου
1034 4639 1343 4710 γράφοντες
1391 4639 1485 4692 καὶ
1534 4638 1844 4709 ὑπόμνησιν

260 4735 491 4801 ἔχοντες
532 4733 891 4802 ἐχαράξαμεν
934 4733 1086 4786 τουτὶ
1132 4733 1291 4801 ήμῶν
1333 4735 1392 4784 τὺ
1443 4733 1697 4802 γράμμα,
1745 4734 1843 4786 καὶ

261 4826 400 4893 περὶ
434 4822 544 4877 τῶν
582 4824 1002 4893 καθισταμένων
1043 4822 1362 4875 ἑπισκόπων
1402 4822 1434 4892 ἢ
1480 4823 1845 4876 κατασταθέν-

261 4934 375 4968 των
418 4914 872 4984 συλλειτουργῶν,
913 4915 1009 4969 ἐὰν
1049 4914 1149 4984 μὲν
1193 4908 1305 4966 εἷεν
1347 4917 1410 4967 ὲκ
1452 4914 1561 4966 τῶν
1600 4914 1658 4965 ἐν
1699 4914 1843 4967 τέλει

263 5009 634 5079 χρηωμένων
664 5008 982 5061 ἐπισκόπων
1014 5007 1189 5074 ὑγιεῖς
1215 5022 1228 5035 ·
1264 5008 1312 5059 εί
1345 5006 1400 5058 δὲ
1437 5008 1511 5074 μὴ
1533 5045 1548 5071 ,
1580 5005 1637 5071 ἐξ
1671 5004 1838 5060 αὑτοῦ

260 5099 361 5152 τοῦ
395 5098 823 5170 πρεσϐυτερίου,
854 5097 1054 5167 ὁμοίως
1087 5113 1146 5150 τε
1181 5099 1273 5151 καὶ
1305 5096 1714 5166 πρεσόυτέρους
1746 5096 1841 5148 καὶ

259 5191 546 5251 διακόνους
571 5190 631 5254 ἐξ
655 5189 823 5245 αὐτοῦ
847 5192 942 5243 τοῦ
970 5188 1250 5259 ἱερατικοῦ
1275 5188 1580 5259 τάγματος,
1611 5186 1679 5241 ἵν’
1703 5182 1837 5242 ὦσιν

1951 4557 2181 4612 regnum
2218 4540 2484 4596 caelorum
2532 4551 2896 4610 praeparatum
2931 4551 3033 4593 est.
3066 4540 3225 4608 170
3250 4539 3518 4596 Cohorta-

1951 4648 2074 4686 mur
2130 4633 2295 4701 igitur
2341 4645 2462 4693 vos,
2513 4629 2734 4694 fratres,
2772 4644 2839 4684 ne
2871 4629 3032 4683 aliter
3076 4629 3340 4694 doceatis,
3378 4645 3516 4686 neve

1951 4738 2108 4779 secus
2139 4722 2392 4777 sentiatis
2420 4737 2435 4774 :
2463 4723 2556 4775 sed
2585 4723 2912 4776 Trinitatem
2946 4730 3266 4775 constanter
3296 4737 3518 4791 semper

1951 4800 2481 4872 consubstantialem
2541 4814 2920 4882 praedicantes,
2976 4826 3207 4866 cernere
3260 4813 3515 4881 poteritis

1951 4907 2328 4963 haereditatem
2387 4904 2537 4973 regni
2594 4904 2707 4956 Det.
2759 4903 2871 4956 Hac
2913 4900 2981 4955 de
3018 4915 3075 4955 re
3126 4915 3250 4956 cum
3306 4902 3373 4955 ad
3421 4917 3515 4956 vos

1948 5002 2112 5054 hasce
2142 5000 2359 5052 litteras
2391 4997 2781 5060 scriberemus,
2822 4992 3293 5047 cmnmonefacere
3345 4993 3511 5047 etiam

1948 5109 2046 5147 vos
2085 5090 2379 5151 voluimus,
2411 5088 2479 5143 de
2525 5087 2804 5151 creandis,
2836 5085 2919 5140 vel
2949 5084 3112 5140 etiam
3144 5085 3344 5140 creatis
3392 5085 3511 5153 cpi-

1945 5184 2150 5254 scopis,
2184 5196 2488 5251 eorumque
2521 5179 2889 5244 administris,
2927 5189 2987 5234 ut
3017 5178 3234 5234 scilicet
3259 5178 3516 5246 legantur

262 5283 623 5346 ἀνεπίληπτοι
652 5280 1022 5353 πανταχόθεν,
1054 5282 1149 5335 καὶ
1180 5280 1288 5336 ἀπὸ
1315 5278 1410 5333 τοῦ
1446 5277 1833 5351 ϐουλευτηρίου

1970 5292 2011 5331 ιι
2053 5290 2200 5332 sana:
2249 5275 2453 5330 mentis
2479 5280 2537 5330 et
2571 5273 2858 5340 doctrinae,
2889 5271 2985 5342 qui
3018 5270 3397 5342 magistratum
3433 5266 3511 5338 ιε)

331 5425 351 5458 ¹
380 5424 399 5478 1
432 5422 561 5479 Cor.
593 5441 631 5491 I,
664 5424 753 5480 l5.

211 5602 219 5613 ν
333 5585 409 5656 (Ι)
443 5583 747 5656 Sic_habet
781 5585 986 5656 Nieeph
1055 5595 1111 5641 et
1140 5583 1459 5655 Tripartita.
1500 5576 1829 5656 Theodorit.

262 5649 470 5720 autem,
538 5654 611 5710 Ut
667 5659 825 5714 nobis
893 5649 1159 5713 retribuat
1206 5649 1359 5726 juxta
1428 5652 1694 5720 cujusque
1756 5649 1840 5701 vi-

264 5733 398 5790 tam,
433 5737 542 5780 etc.

2018 5572 2096 5643 (2)
2140 5571 2251 5649 Ἐξ.
2285 5568 2396 5649 τῶν
2567 5566 2712 5621 τέλει
2764 5566 3132 5649 χρησαμένων
3192 5567 3511 5649 ἐπισκόπων

1946 5636 2142 5718 exist;
2192 5638 2403 5694 Theod.
2458 5636 2556 5718 lib.
2597 5653 2672 5718 tv,
2714 5636 2939 5718 .ca'p.'.9,
2971 5637 3096 5718 hoc_
3125 5646 3229 5718 est,
3258 5637 3378 5718 sani
3412 5636 3510 5717 qui

1946 5706 2318 5783 tii‘agistratum
2347 5709 2617 5779 gesserint
2641 5707 2882 5778 cpiscOpi
2914 5706 3098 5777 :quod
3139 5708 3205 5764 de
3236 5707 3510 5777 cpiswpis
