3986 6190
466 341 572 403 εει

1694 336 2115 403 NICEPHURI
2148 336 2494 403 CALLISTI
3572 338 3659 408 658

467 474 600 510 num
638 472 651 509 :
689 474 705 507 ι
767 454 982 510 Gratias
1024 453 1146 519 tibi,
1197 451 1477 522 inquiens,
1513 466 1635 522 ago,
1686 454 2035 520 Omnipotens

2154 472 2263 507 τισι
2285 455 2394 507 τῶν
2412 452 2772 525 πραγμάτων,
2805 452 2879 513 ὡς
2909 450 2968 504 ού
2994 449 3166 511 καλῶς
3192 450 3331 521 παρὰ
3350 454 3447 515 τοῖς
3485 456 3671 526 ἄρχουσι

467 548 697 603 Domine
735 557 792 602 ct
844 546 1106 600 Servator
1166 555 1373 607 noster,
1414 544 1561 612 quod
1610 546 1737 598 huic
1796 547 1914 599 viro
1945 558 2048 613 ego

464 642 688 711 quidem
753 652 1073 707 corporum,
1140 647 1197 690 tu
1252 646 1436 691 autem
1485 636 1796 690 animarum
1856 651 2044 692 curam

465 731 827 788 commiseris.
857 728 1125 799 etjudicii
1158 730 1265 782 mei
1316 729 1592 782 calculum
1646 743 1868 796 aequum
1925 742 2048 782 esse

466 819 870 889 eomprobaris.
916 837 934 869 ι
979 818 1149 872 Porro
1198 816 1525 870 Ambrosius
1559 832 1669 869 non
1707 817 1881 871 multo
1927 826 2053 886 post

471 926 733 982 perquam
802 910 976 963 libere
1030 924 1153 963 cum
1213 910 1545 976 imperatore
1596 907 1928 973 collocutus,
1964 923 2050 962 res

471 1005 732 1074 quasdam
766 1020 874 1056 non
908 1012 1070 1055 recte
1118 1016 1146 1054 a
1204 999 1618 1068 magistratibus
1671 1010 1819 1053 actas
1860 1015 2047 1067 repre-

467 1095 680 1148 hendit.
718 1093 897 1161 Atque
967 1094 1292 1159 imperator,
1326 1107 1344 1139 ι
1402 1088 1551 1142 Hauc
1602 1104 1708 1155 ego
1739 1089 1959 1143 dicendi
1989 1089 2049 1143 li-

466 1189 740 1241 bertatein
771 1195 941 1245 tuam,
1008 1182 1106 1245 ait,
1165 1180 1494 1250 jamdudum
1543 1196 1737 1233 noram
1778 1198 1788 1230 :
1822 1188 1878 1233 et
1916 1194 2043 1233 cum

465 1285 761 1348 perspecta
792 1275 926 1330 milii
974 1290 1039 1328 ea
1062 1283 1231 1335 esset,
1271 1288 1382 1326 non
1437 1271 1602 1325 modo
1652 1287 1760 1326 non
1801 1271 2040 1334 inhibui,

465 1385 657 1423 verum
697 1367 864 1422 etiam
915 1364 1180 1434 suifragio
1237 1358 1375 1419 meo’
1398 1364 1729 1418 electionem
1779 1372 1954 1426 tuam,
1991 1373 2051 1417 ut

463 1462 755 1530 episcopus
777 1459 957 1522 ﬁeres,
980 1455 1187 1527 adjuvi.
1218 1454 1390 1526 Perge
1415 1455 1619 1525 itaque,
1655 1455 1818 1509 sicuti
1851 1453 2041 1510 divina

2150 548 2566 615 πραττομένων.
2611 563 2628 595 ι
2672 543 2893 613 Ταύτην
2927 560 3020 595 σου
3074 542 3171 611 τὴν
3201 544 3490 613 παρρησίαν
3528 549 3665 603 παλαι

2149 638 2277 690 ποτὲ
2302 636 2447 706 ᾔδειν
2476 636 2609 705 ἐγὼ,
2645 636 2748 705 ἔφη
2775 638 2801 687 ὁ
2832 634 3085 706 βασιλεύς
3108 650 3122 666 ⁸
3155 635 3248 688 καί
3275 636 3665 706 γ’ὲπιστάμενος,

2151 728 2209 779 ού
2257 742 2418 797 μονον
2453 729 2707 797 ὲπέσχον,
2735 727 2873 781 ἀλλὰ
2912 717 3006 778 καὶ
3039 725 3324 796 σύμψηφος
3350 726 3587 798 ἐγενόμην
3612 733 3665 799 τῇ

2151 819 2555 891 ἀρχιερωσύνῃ.
2608 820 2842 889 Ἰάτρευε
2878 815 2995 885 οὖν,
3039 818 3115 881 ὡς
3156 820 3185 872 ό
3212 819 3349 879 θεῖος
3385 821 3668 892 ὑπαγορεύει

2155 909 2378 979 θεσμὸς,
2426 912 2497 962 τὰ
2540 911 2650 963 τῶν
2703 911 2987 980 ἡμετέρων
3037 910 3223 979 ψυχῶν
3267 912 3664 981 ἁμαρτήματα.»

2156 1000 2341 1054 Ταῦτα
2369 1001 2469 1071 μὲν
2513 1003 2569 1052 ὲν
2610 1002 2964 1064 Μεδιολάνοις
2997 1003 3244 1069 ἐγένετοο
3283 1003 3454 1065 ὁποῖος
3481 1001 3528 1053 δὲ
3567 1004 3674 1071 Ἀμ-

2151 1092 2367 1161 6ρόσιος
2398 1095 2489 1146 τὸν
2509 1094 2622 1163 βίον
2653 1096 2751 1147 καὶ
2771 1093 2928 1161 λόγον
2959 1095 3051 1145 καὶ
3073 1094 3162 1146 τον
3193 1091 3328 1161 ὑπὲρ
3356 1093 3446 1162 τῆς
3487 1095 3675 1162 Ἐκκ)η›

2154 1187 2273 1247 σίας
2311 1186 2493 1255 ζῆλον,
2526 1188 2624 1239 καὶ
2654 1185 2727 1249 ὡς
2762 1188 2907 1253 μάλα
2946 1184 3205 1254 ἀνδρείως
3234 1185 3324 1237 καὶ
3354 1183 3572 1246 θεοειδῶς
3596 1187 3675 1251 τὴν

2154 1276 2457 1346 ἱερωσύνην
2488 1279 2732 1347 διήνυσε,
2760 1278 3045 1346 παρρησία
3070 1274 3241 1345 πολλῇ
3271 1275 3399 1345 πρὸς
3429 1276 3513 1337 τὰς
3537 1277 3677 1343 {map-

2153 1368 2386 1435 εχοῦσας
2433 1371 2606 1438 ἀρχὰς
2657 1369 2932 1438 ὲγκαίρως
2983 1368 3289 1437 χρώμενος,
3328 1368 3383 1419 ὲν
3402 1367 3470 1437 τῷ
3498 1368 3665 1436 ipsi};

2154 1459 2453 1527 ῥηθήσεται
2495 1462 2667 1530 τόμῳ.

459 1555 615 1637 jubet
648 1552 879 1615 szmctio,
913 1564 1109 1605 sanare
1130 1549 1436 1603 animarum
1461 1558 1776 1603 nostrarum
1840 1546 2063 1603 delicta.
2102 1566 2119 1599 ι
2169 1550 2294 1605 Haec
2336 1551 2630 1607 Mediolani
2669 1563 2809 1608 acta.
2838 1551 3028 1619 Qualis
3076 1561 3261 1606 autem
3317 1548 3608 1604 Ambrosius
3638 1554 3682 1600 et

468 1647 575 1699 vita
608 1654 662 1699 et
692 1644 972 1704 doctrina.
1007 1653 1126 1696 tum
1195 1650 1382 1695 autem
1431 1641 1654 1710 egregio
1719 1639 1775 1692 in
1832 1639 2123 1694 ecclesiam
2162 1643 2358 1698 ardore
2393 1645 2580 1706 fuerit,
2632 1652 2686 1699 et
2716 1662 2878 1716 quam
2912 1645 3151 1699 viriliter
3198 1653 3357 1712 atque
3393 1642 3561 1695 divine
3585 1639 3679 1708 epi-

461 1831 678 1885 dicetur
734 1829 899 1885 libro.

898 1968 1058 2040 176
1096 1966 1325 2025 CAPUT
1364 1965 1603 2022 XXXIII.

468 2086 531 2141 L't
568 2100 789 2153 magnus
828 2081 1473 2153 ValentinianuseAvila
1510 2084 1804 2153 excesserit.
1834 2080 1905 2134 De
1943 2080 2044 2135 Va-

537 2149 826 2209 lentiniano
862 2152 1108 2222 juniore,
1143 2163 1191 2203 et
1233 2151 1297 2203 de
1320 2150 1534 2204 Iustina
1575 2161 1622 2204 et
1657 2149 1850 2205 Severa
1882 2153 2044 2220 impe-

535 2226 837 2287 ratricibus,
864 2220 929 2275 iet
959 2221 1022 2274 de
1053 2220 1226 2274 liberis
1267 2222 1538 2291 utriusque
1566 2222 1828 2275 narratio.

534 2402 609 2457 Ea
642 2410 989 2471 tempestate,
1014 2401 1161 2471 quod
1186 2397 1612 2471 (l)Sauromat:e
1629 2401 1927 2456 Romanam
1960 2401 2045 2456 di-

475 2497 705 2559 tionem,
739 2508 971 2563 eamque
1000 2494 1213 2562 imperii
1243 2504 1451 2563 partem
1507 2508 1628 2563 qua:
1671 2492 1737 2546 ad
1772 2492 2046 2547 Occiden-

468 2597 578 2641 tem
620 2580 821 2653 vergit,
846 2584 1267 2639 excursionibus
1301 2594 1588 2649 vexarent,
1632 2584 2045 2639 Valentinianus

463 2694 589 2732 ουιιι
627 2677 833 2747 ingenti
871 2676 1001 2731 belli
1041 2684 1303 2747 apparatu
1340 2676 1604 2731 adversus
1661 2690 1758 2731 eos
1804 2688 1884 2731 est
1917 2691 2048 2746 pro-

466 2771 669 2824 fectus.
714 2772 893 2837 Atque
928 2767 1007 2822 illi
1064 2778 1270 2823 tantam
1336 2767 1688 2838 imperatoris
1745 2768 2048 2837 espeditio-

468 2878 595 2916 nem
677 2860 1058 2921 formidantes.
1143 2860 1339 2927 legatis
1393 2861 1575 2914 missis
1630 2874 1818 2930 pacem
1862 2860 1933 2915 ab
1979 2876 2047 2916 eo

477 2957 780 3026 petierunt.
829 2955 980 3020 Quos
1041 2956 1129 3009 ubi
1184 2955 1460 3009 deformes
1516 2970 1637 3009 esse
1678 2955 1926 3020 vidisset,
1974 2970 2044 3009 an

476 3048 722 3101 universi
781 3046 914 3100 tales
975 3054 1159 3100 essent
1240 3045 1611 3110 Sauromata},
1667 3046 2042 3116 interrogavit.

444 3141 536 3197 _l€t
568 3154 692 3193 cum
719 3138 797 3191 illi
832 3138 1114 3195 dixissent,
1158 3140 1396 3206 optimos
1454 3153 1699 3206 quosque
1738 3137 1830 3207 qui
1875 3150 1930 3192 et
1953 3155 2048 3209 ge-

466 3246 603 3284 nere
653 3238 706 3282 et
739 3229 913 3281 forma
967 3234 1314 3295 praestarent,
1346 3226 1416 3279 ab
1467 3226 1549 3280 eis
1602 3226 1811 3296 legatos
1867 3227 2047 3283 solere

374 1733 387 1737 “
462 1747 747 1807 scopatum
773 1734 1021 1804 gesserit,
1051 1731 1218 1786 multa
1246 1732 1582 1787 admonendi
1615 1731 1867 1786 libertate
1891 1731 2037 1801 apud
2077 1734 2389 1805 praecipuos
2419 1737 2775 1808 magistratus
2796 1738 3119 1808 tempestive
3152 1752 3307 1801 usus,
3359 1735 3413 1789 in
3471 1730 3680 1802 sequenti

2714 1963 2969 2020 ΚΕΦΑΛ.
3010 1961 3134 2015 Al".

2164 2080 2261 2145 Ὧς
2311 2078 2528 2133 ἁπεόἱω
2576 2080 2609 2131 ὁ
2630 2077 2818 2146 μέγας
2876 2072 3408 2146 Οὐαλεντικιανόςς
3452 2069 3547 2146 31a}
3574 2067 3681 2135 περί

2222 2140 2331 2202 τοῦ
2360 2140 2653 2214 νεωτέροὺ
2706 2140 3260 2215 Οιῗνὰλεντινιανοῦς
3314 2141 3407 2215 καί
3444 2140 3683 2215 διήγησις

2223 2215 2357 2284 περὶ
2394 2212 2732 2283 Ἰουάτίνης
2760 2217 2855 2268 καὶ
2878 2214 3149 2282 Σευήρας
3175 2212 3293 2266 τῶν
3319 2212 3681 2276 βασιλισιγῶν,

2223 2290 2321 2342 καί
2356 2288 2472 2341 τῶν
2493 2286 2725 2340 παίδων
2755 2285 2990 2355 ἀμερῶν.

2222 2402 2539 2471 Τηνικαῦτα
2582 2401 2639 2455 δὲ
2683 2400 3057 2470 Σαυροματῶν
3087 2400 3191 2469 τὴν
3234 2397 3513 2467 Ῥωμαίων
3546 2411 3687 2447 κατα-

2151 2495 2475 2564 τρεχόντων,
2509 2494 2606 2546 καὶ
2649 2493 2774 2546 ὅσον
2802 2495 2863 2543 τὸ
2893 2491 3032 2561 πρὸς
3056 2491 3218 2544 δύσιν
3248 2490 3347 2559 τῆς
3392 2486 3685 2558 ἀρχομένης,

2154 2586 2605 2647 (ὶύαλεντινιανδς
2638 2585 2735 2637 σὺν
2772 2582 2942 2653 πολλῇ
2991 2585 3057 2653 τῇ
3109 2583 3436 2652 παρασκευῇ
3485 2578 3687 2641 ἐπέξεισι

2154 2677 2275 2731 κατ’
2310 2677 2512 2731 αὐτῶν.
2567 2676 2797 2729 Ἐκεῖνοι
2853 2676 2909 2728 δὲ
2962 2674 3098 2745 πρὸς
3153 2675 3255 2742 τὴν
3308 2669 3566 2737 τοσαύτην
3611 2665 3688 2719 τοῦ

2158 2770 2425 2842 βασιλέως
2477 2768 2654 2839 ὁρμὴν
2709 2767 3012 2828 δείσαντες,
3071 2765 3339 2836 πρέσϐεις
3390 2762 3688 2831 πέμψαντες,

2153 2863 2321 2934 ᾔτουν
2371 2862 2597 2933 εἰρήνην
2626 2877 2641 2893 ⁸
2672 2859 2765 2924 οὒς
2822 2860 2947 2915 ἰδὼν
2978 2860 3078 2913 οὐκ
3128 2858 3352 2928 εὐφυῶς
3395 2856 3620 2924 ἔχοντα..
3649 2850 3692 2901 ει

2152 2954 2434 3018 τοιούτους
2476 2951 2618 3009 εἶναι
2658 2955 3027 3023 Σαυρομάτας
3070 2954 3286 3012 πάντας
3330 2947 3689 3002 διεπυνθάνετο.

2154 3046 2276 3100 Τῶν
2300 3046 2344 3100 δ’
2370 3047 2636 3100 εἰπόντων
2658 3046 2787 3109 τοὺς
2814 3045 2946 3115 παρ’
2975 3046 3166 3109 αὐτοῖς
3190 3045 3444 3112 ἀρίστους
3471 3034 3696 3093 εἶναικαὶ

2154 3137 2300 3206 γένει
2350 3137 2448 3189 καὶ
2498 3135 2632 3191 εῖδει
2686 3136 3196 3206 πρεσϐευομένους,
3232 3134 3389 3203 θυμῷ
3446 3133 3534 3183 καὶ
3579 3127 3694 3198 ὀργῇ

2158 3229 2327 3299 πολλῇ
2379 3228 2717 3297 κατάσχετος
2749 3226 3016 3295 γεγονὼς,
3053 3222 3131 3279 Ἦ
3159 3227 3310 3280 δεινὰ
3364 3224 3462 3277 νῦν
3493 3222 3695 3289 πάσχειν

468 3319 649 3374 mitti:
693 3319 773 3372 ira
833 3327 998 3386 atque
1058 3315 1248 3370 furore
1294 3315 1466 3369 multo
1523 3325 1832 3385 correptus,
1869 3317 2048 3387 gravia

2159 3321 2262 3390 ἔφη
2298 3321 2397 3391 τὴν
2444 3321 2741 3389 Ῥωμαίων
2782 3318 2956 3390 ἀρχὴν
2991 3318 3397 3387 περιελθοῦσαν
3430 3314 3588 3382 αύτῷ,
3618 3312 3698 3363 καὶ

469 3414 578 3482 pati
609 3413 765 3473 dixit,
794 3421 846 3463 et
895 3409 1128 3462 maxime
1157 3408 1554 3462 infortunatum
1616 3422 1760 3472 esse,
1786 3408 1933 3478 quod
1981 3410 2048 3464 ad

470 3515 717 3571 tempora
767 3517 863 3556 sua
900 3500 1245 3571 pervenisset
1297 3500 1671 3553 Romanorum
1733 3500 2047 3570 imperium,

469 3597 513 3650 si
544 3594 905 3658 Sauromatae,
924 3607 1055 3663 gens
1084 3601 1190 3646 tam
1216 3591 1448 3646 barbara
1473 3600 1528 3645 et
1554 3590 1831 3657 informis,
1864 3591 1918 3644 iu
1942 3607 2048 3661 qua

472 3687 716 3755 reliquos
782 3685 873 3738 isti
926 3684 1284 3745 excellerent,
1355 3681 1582 3737 sedibus
1634 3683 1748 3735 suis
1806 3684 2047 3736 contenti

468 3793 591 3832 esse
619 3777 862 3830 nollent:
894 3774 993 3829 sed
1022 3772 1354 3828 conﬁdentia
1400 3781 1551 3827 tanta
1609 3772 1854 3841 impulsi,
1881 3772 2047 3825 ditio-

472 3886 593 3924 nem
618 3885 772 3923 suam
810 3876 1223 3937 percurrereut,
1254 3876 1310 3921 et
1337 3865 1544 3919 bellum
1576 3865 1892 3920 titillatione
1913 3880 2051 3934 qna-

485 3959 612 4012 dam
652 3957 815 4011 illecti
869 3956 1134 4011 Romanis
1166 3955 1459 4009 inferrent.
1506 3954 1571 4008 Et
1611 3969 1737 4007 cum
1782 3956 1853 4007 ita
1911 3955 2049 4007 indi-

472 4061 756 4121 gnaretur,
793 4057 844 4103 et
878 4062 1208 4118 magnopere
1256 4045 1674 4106 vociferaretur,
1704 4044 1871 4098 nimia
1900 4045 2050 4098 vocis

476 4141 783 4196 intentione
804 4139 1068 4193 convulsa
1103 4139 1158 4192 in
1215 4152 1282 4192 eo
1314 4152 1435 4191 esse
1489 4137 1750 4190 interiora
1817 4135 2046 4198 viscera,

474 4241 782 4295 venamque
806 4233 861 4278 et
905 4226 1161 4279 arteriam
1214 4224 1508 4291 quamdam
1560 4234 1772 4293 ruptam
1835 4224 2047 4283 dicunt,

477 4319 623 4372 unde
652 4318 915 4388 sanguine
957 4316 1193 4385 plurimo
1219 4316 1443 4384 profuso
1498 4314 1605 4368 vita
1637 4329 1761 4367 eum
1812 4304 2051 4383 relique-

477 4412 570 4475 rit,
597 4411 649 4464 iu
687 4410 914 4465 castello
942 4408 1176 4477 quodam
1202 4406 1508 4462 Germaniae
1541 4407 1643 4476 (Ξ),
1692 4406 1777 4459 eui
1827 4405 2052 4474 Brigitio

475 4516 677 4557 nomen
695 4500 817 4567 fuit,
851 4500 1067 4555 decimo
1087 4498 1322 4568 septimo
1359 4498 1560 4551 mensis
1592 4495 1922 4551 Novembris
1939 4497 2051 4562 die,

478 4609 602 4648 cum
650 4592 1048 4662 quinquaginta
1114 4590 1363 4658 quinque
1436 4603 1607 4657 prope
1662 4602 1838 4642 annos
1893 4598 2052 4643 natus

2154 3415 2222 3469 τὰ
2258 3415 2495 3483 μάλιστα
2539 3415 2896 3482 δυσπραγεῖν,
2946 3413 2997 3465 εἰ
3046 3411 3408 3482 Σαυρομάται
3457 3406 3699 3475 βάρϐαρον

2151 3503 2296 3559 οὕτω
2324 3503 2482 3571 γένος
2512 3503 2607 3557 καὶ
2653 3503 2992 3571 δύσμορφον,
3029 3494 3103 3554 ὧν
3140 3503 3192 3554 οἱ
3239 3501 3518 3570 κρείττους
3554 3495 3698 3553 οὗτοι,

2150 3598 2250 3651 οὐκ
2275 3596 2455 3648 ἐθέλει
2490 3596 2677 3664 μένειν
2707 3596 2794 3664 ἐφ’
2817 3595 3038 3648 ἑαυτοῦ·
3073 3594 3196 3647 ἀλλ’
3219 3594 3363 3646 οὕτω
3394 3592 3571 3659 θράσει
3598 3586 3700 3655 ῥέον

2150 3668 2248 3759 τήν
2296 3688 2464 3743 αὑτοῦ
2501 3687 2705 3742 διαθέει
2751 3688 2951 3756 ἀρχὴν,
2991 3687 3086 3739 καὶ
3134 3687 3376 3753 πόλεμον
3421 3683 3554 3737 κατα
3590 3681 3703 3731 Ῥωο

2161 3783 2339 3850 μαίων
2366 3784 2542 3834 κινεῖν
2599 3778 3015 3850 γαργαλίζεται.
3067 3780 3500 3836 Χαλεπαίνοντος
3523 3774 3564 3827 δ’
3579 3771 3700 3823 οὕεω

2150 3874 2245 3925 καὶ
2306 3875 2447 3941 μέγα
2513 3872 2913 3943 ἀνακραγότος.
2975 3871 3054 3940 τῷ
3112 3873 3220 3941 τῆς
3285 3871 3571 3929 διατάσεως
3618 3864 3703 3930 τῆς

2151 3964 2336 4033 φωνῆς
2384 3962 2612 4033 ἀμέτρῳ
2660 3962 3045 4031 σπαραχθῆναι
3088 3979 3229 4030 φασι
3261 3965 3331 4015 τὰ
3362 3961 3526 4026 ἔνδον,
3553 3954 3702 4026 φλέϐα

2149 4055 2203 4109 δέ
2237 4071 2356 4107 τινα
2404 4056 2501 4106 καὶ
2532 4055 2807 4124 ἀρτηρίαν
2853 4053 3252 4124 διαρραγῆναιο
3298 4053 3523 4123 αἵματος
3569 4047 3706 4100 δ’ἐν-

2150 4143 2342 4196 τεῦθεν
2380 4143 2637 4197 πλείστου
2689 4143 3066 4204 ἀναδοθέντος,
3112 4143 3209 4195 τὸν
3262 4143 3381 4212 βίον
3419 4139 3701 4197 ἀπολιπεῖν,

2150 4233 2209 4285 ἔν
2238 4250 2345 4284 τινι
2377 4232 2626 4302 φρουρίῳ
2670 4231 2782 4284 τῶν
2810 4230 3078 4292 Γαλλιῶν,
3108 4225 3154 4298 ᾧ
3186 4229 3487 4300 Βεργιτίων
3516 4222 3577 4294 ἧν
3603 4222 3703 4276 δνο-

2157 4340 2254 4393 μα,
2289 4327 2354 4393 τῇ
2412 4322 2865 4394 ἑπτακαιδεκάτῃ
2904 4322 3000 4374 τοῦ
3055 4322 3357 4392 Δεκεὸρίου
3410 4318 3588 4389 μηνὸς.
3620 4315 3702 4379 ἐτη

2157 4412 2254 4482 μὲν
2282 4412 2522 4481 γεγονὼς
2557 4414 2703 4481 ἀμφὶ
2751 4412 2821 4465 τὰ
2859 4413 3229 4483 πεντήκοντα,
3264 4409 3617 4482 τριακαίδεκα
3665 4401 3702 4455 δ’

2155 4505 2214 4556 ὲν
2248 4506 2314 4574 τῇ
2350 4503 2604 4574 βασιλείᾳ
2636 4503 2697 4556 εὖ
2726 4504 2871 4573 μάλα
2899 4504 2996 4556 καὶ
3023 4503 3149 4556 λίαν
3176 4504 3468 4572 ἐπισήμως
3492 4494 3705 4565 διαγενόα

2161 4614 2341 4665 μενος.
2371 4597 2577 4648 Τούτου
2608 4595 2663 4649 δὲ
2695 4599 2805 4659 τοῖς
2838 4595 3114 4667 πατρῴοις
3166 4596 3449 4666 μνήμασιν
3485 4593 3706 4658 ὲνσορια·

478 4698 646 4751 esset,
678 4694 734 4741 et
768 4683 1032 4740 tredecim
1070 4682 1147 4753 (ὅ)
1179 4682 1340 4735 annis
1372 4681 1667 4750 imperium
1702 4681 1840 4735 bene
1865 4681 2047 4735 adino-

2160 4690 2402 4751 σθέντος,
2433 4691 2461 4741 ὁ
2505 4690 2649 4741 κατὰ
2693 4690 2792 4759 τὴν
2830 4665 3067 4743 Ἰταλίαν
3097 4665 3328 4759 στρατὸς
3376 4687 3493 4757 μεθ’
3521 4683 3708 4753 ἡμέραν

480 4781 607 4834 dum
635 4790 691 4833 et
738 4778 1001 4848 prmclare
1027 4775 1492 4830 administrasset.
1526 4774 1605 4828 Eo
1649 4788 1807 4838 vero,
1869 4776 2049 4844 patrio

481 4879 842 4927 monumento
880 4869 1051 4933 illato,
1078 4878 1234 4922 sexto
1258 4867 1346 4921 die
1386 4876 1530 4935 post,
1573 4865 1668 4936 qui
1705 4867 1933 4921 inltalia
1953 4866 2057 4922 fuit

480 4962 758 5016 exercitus
808 4960 1189 5030 cognominem
1226 4959 1274 5013 ei
1310 4958 1474 5012 filium
1506 4959 1778 5027 juniorem
1810 4959 2053 5012 Valenti-

479 5058 701 5105 nianum
757 5052 1166 5119 imperatorem,
1242 5050 1296 5100 iu
1361 5046 1564 5116 oppido
1618 5047 1790 5100 Italiae
1832 5047 2054 5115 Aquino

482 5143 840 5197 renuntiavit.
897 5141 1085 5209 Neque
1148 5141 1218 5193 ita
1273 5139 1446 5191 multo
1515 5147 1639 5206 post
1698 5136 2057 5205 imperatores

480 5246 701 5303 quoque
735 5232 1030 5286 Gratianus
1059 5231 1228 5284 frater
1253 5240 1305 5283 et
1345 5226 1564 5287 Valens.
1629 5227 1892 5297 suffragio
1949 5244 2052 5281 suo

553 5409 630 5480 (I)
656 5408 956 5477 EutrOpius
995 5404 1210 5480 scribit,
1249 5402 1603 5480 Sauromatas
1625 5419 1685 5460 se
1709 5421 1807 5475 per
1838 5407 2052 5463 Panno~

482 5474 690 5533 nias'in
721 5474 985 5533 ditionem
1009 5478 1310 5530 Romanam
1337 5474 1623 5546 diffudisse
1645 5517 1660 5542 ,
1694 5474 1926 5546 eamque
1961 5495 2053 5534 va-

482 5561 678 5602 stasse.
727 5549 873 5601 ldem
958 5546 1314 5614 Brigitioneiu
1397 5544 1712 5611 Quadorum
1784 5544 2051 5616 oppiduni

485 5633 607 5668 esse
656 5618 809 5670 dicit.
840 5618 1060 5681 Quadus
1092 5626 1271 5668 autem
1320 5617 1569 5669 nonnulli
1604 5617 1769 5671 hodie
1802 5621 2054 5673 Austria-

487 5701 600 5744 eos,
655 5688 899 5753 nonnulli
951 5686 1176 5738 Silesms
1227 5685 1395 5738 fuisse
1434 5688 1753 5752 opinantur.
1792 5687 1947 5752 Quod
2006 5692 2054 5744 si

492 5754 768 5817 posterius
818 5756 919 5807 lioc
962 5770 1150 5807 verum
1192 5763 1296 5818 est,
1328 5756 1392 5808 ad
1431 5754 1691 5823 oppidum
1726 5756 1964 5827 Brigam,
1999 5771 2057 5813 ut

2150 4781 2319 4850 ἕκτην
2345 4780 2438 4832 τὸν
2485 4779 2783 4849 ὁμώνυμον
2815 4780 2962 4849 αύτῷ
2993 4780 3320 4846 παῖδα,οτδν
3352 4780 3471 4831 νέον
3503 4773 3709 4829 Οὐαλεν-

2151 4874 2410 4934 τινιανδν,
2470 4872 2699 4941 βασιλέα
2748 4872 3204 4941 ἀναγορεύουσιν,
3242 4874 3300 4925 ὲν
3345 4872 3536 4937 ’Δκίνῳ
3576 4866 3707 4918 πόλει

2153 4964 2254 5033 τῆς
2296 4965 2551 5023 Ἰταλίας.
2581 4965 2696 5018 Ούκ
2726 4964 2807 5027 είς
2842 4965 3064 5033 μακρὰν
3104 4964 3161 5017 δὲ
3194 4965 3247 5015 ot
3298 4961 3556 5032 βασιλεῖς,
3587 4958 3707 5024 Γρα-

2156 5059 2342 5118 τιανὸς
2403 5073 2463 5108 τε
2517 5058 2545 5109 ὁ
2600 5056 2828 5124 ἁδελφὸς
2868 5059 2963 5111 καὶ
3001 5056 3251 5124 Οὐάλης,
3307 5054 3581 5123 σύμψηφοι
3628 5050 3706 5099 καὶ

2161 5148 2320 5200 αὐτοὶ
2368 5148 2621 5213 ἐγένοντο
2669 5150 2734 5217 τῇ
2774 5148 2988 5199 ἐκείνου
3027 5150 3195 5217 ἀρχῇ,
3233 5149 3284 5199 εἰ
3321 5147 3419 5199 καὶ
3471 5132 3739 5214 χα).επαί-’

2163 5257 2347 5302 νοντες
2398 5235 2541 5310 ἦσαν
2592 5239 2659 5291 τὰ
2698 5240 2915 5309 πρῶτα·
2950 5242 3046 5293 ἅτε
3092 5240 3155 5308 (ἰὴ
3200 5240 3316 5292 τῶν
3369 5230 3705 5307 στρατιωτῶν

2157 5430 2306 5470 nunc
2328 5414 2554 5479 dicitur,
2588 5415 3005 5471 Valentinianus
3036 5425 3294 5472 mortuus
3330 5412 3523 5470 fuerit.

2231 5486 2306 5555 t2)
2340 5484 2686 5555 Nicephorus
2735 5487 2840 5541 hoc
2892 5487 3013 5541 loco
3057 5502 3151 5553 pro
3188 5485 3485 5540 Germania
3529 5478 3706 5537 Gallias

2157 5554 2345 5608 habet.
2377 5554 2491 5607 Sed
2536 5561 2980 5610 animadvertere
3026 5566 3129 5617 est,
3170 5571 3300 5609 cuiu
3349 5555 3471 5608 aliis
3515 5562 3707 5623 quoque

2158 5626 2297 5678 locis
2319 5624 2717 5678 Germanorum
2749 5641 2947 5678 nomen
3008 5643 3113 5680 nou
3158 5640 3481 5694 usurpasse,
3511 5623 3598 5677 sed
3624 5632 3707 5686 1W

2157 5696 2238 5748 eis
2266 5694 2449 5748 Gallus
2483 5697 2746 5762 posuisse.
2789 5696 2943 5748 Socr.
2976 5699 3098 5749 eotl.
3136 5709 3261 5763 Cap.
3299 5696 3388 5748 32.

2233 5766 2308 5832 (ὃ)
2342 5766 2446 5817 Alii
2481 5766 2534 5817 di
2577 5776 2671 5817 unt
2702 5772 2976 5819 Umiecun.
