3986 6190
362 264 461 326 671

1582 278 2000 340 NICEl’lIOIiI
2036 282 2376 345 CALLISTI

3508 291 3614 349 ὕῗέ

368 379 623 457 suasione
654 380 1039 452 imperatorem
1090 389 1141 441 in
1184 377 1514 445 sententiam
1564 406 1717 447 suam
1752 394 1930 448 addu-

2056 416 2137 451 ›αν
2171 401 2469 468 ἐκκλησίαν
2496 401 2727 468 ἀφίκετο
2750 418 2761 431 ·
2799 405 2891 457 καὶ
2918 403 2946 455 ό
2976 401 3102 464 λαὸς
3126 403 3360 457 κατόπιν
3386 403 3587 473 ἠκολού

368 484 497 523 cere
524 475 794 539 nequivit,
827 494 894 532 eo
940 478 1015 533 ibi
1069 480 1285 545 relicto,
1343 481 1397 535 in
1439 485 1731 539 ecclesiam
1773 486 1934 540 aliam

370 561 614 624 transiit,
665 568 869 633 populo
921 580 1196 638 pastorem
1233 586 1395 627 suum
1445 587 1735 644 sequente.
1785 572 1936 632 Con—

374 652 548 705 currit
586 668 652 707 eo
683 654 797 709 fere
833 658 1030 713 civitas
1062 663 1340 725 universa.
1381 680 1505 720 cum
1543 667 1935 736 imperatorem

373 738 551 806 ipsum
608 744 815 809 visura,
881 757 994 801 tum
1060 754 1186 804 novi
1239 754 1541 823 quidquam
1599 757 1805 812 factum
1870 761 1935 815 iri

370 831 717 890 cxistimans.
753 837 846 893 Ille
882 841 1035 894 solus
1060 858 1183 898 cum
1218 847 1550 902 satellitibus
1578 852 1695 905 suis
1725 853 1777 905 in
1803 863 1938 907 tem-

372 921 463 989 plo
494 924 742 993 relictus,
777 930 977 984 factum
1015 934 1067 986 id
1103 951 1211 989 non
1237 939 1486 994 modeste
1528 942 1672 1007 tulit,
1701 944 1795 996 sed
1826 946 1939 1000 vel-

369 1013 452 1066 uti
489 1021 823 1074 contumelia
879 1024 1130 1083 affectus.
1183 1031 1576 1097 comprehendi
1622 1033 1937 1089 Britannio-

372 1118 523 1168 nem,
569 1117 624 1161 et
686 1110 739 1163 in
805 1114 1057 1167 exsilium
1100 1116 1376 1183 deportari
1430 1121 1614 1190 jussit.
1674 1123 1936 1180 Eumdem

369 1203 558 1251 tamen
596 1198 749 1255 brevi
791 1203 1011 1258 reduxit
1046 1224 1061 1260 :
1108 1223 1229 1260 nam
1268 1210 1501 1280 Scythas
1526 1215 1828 1281 metuebat,
1869 1233 1938 1271 ne

375 1297 602 1356 propter
631 1294 880 1362 episcopi
908 1296 1319 1352 damnationem
1351 1301 1419 1353 ad
1468 1317 1637 1358 novas
1676 1320 1762 1360 res
1790 1308 1939 1376 aspi-

374 1389 585 1444 rarent,
624 1382 963 1439 iracundiam
1025 1403 1220 1442 eorum
1270 1402 1325 1445 et
1376 1392 1758 1449 fortitudinem
1814 1414 1938 1462 pcr-

373 1481 618 1537 spectam
672 1473 902 1530 habens.
949 1477 1220 1534 Locorum
1282 1484 1449 1537 etiam
1503 1485 1610 1540 situ
1666 1503 1680 1540 :
1738 1489 1941 1559 quippe

371 1561 466 1628 qui
510 1564 666 1631 quasi
713 1567 928 1622 medius
961 1570 1186 1638 quidam
1236 1589 1454 1639 murus,
1502 1577 1771 1634 adversus
1821 1582 1942 1651 ejus

371 1666 484 1706 ora:
536 1654 803 1713 barbaros
858 1659 1067 1730 objecti
1120 1673 1326 1727 essent,
1391 1667 1766 1739 Romanorum
1816 1672 1937 1726 orbi

373 1758 637 1814 perquam
674 1753 1022 1807 necessarios
1068 1769 1191 1810 esse
1240 1757 1475 1815 sciebat.
1505 1763 1684 1830 Atque
1718 1763 1938 1833 quidem

374 1835 658 1893 Britannio
695 1841 1028 1911 imperatore
1060 1850 1315 1917 superior
1339 1851 1601 1917 evadens,
1644 1853 1710 1907 ad
1757 1870 1941 1912 mores

374 1942 504 1981 suos
538 1929 721 1994 rediit,
757 1934 839 1987 vir
867 1935 1136 1993 honestus
1166 1942 1424 2006 maxime,
1449 1952 1505 1999 et
1530 1946 1655 2000 vitae
1683 1946 1941 2003 instituto

375 2019 700 2085 pra-clarus,
737 2035 794 2078 ut
845 2028 947 2095 ipsi
992 2031 1336 2085 testabantur
1367 2033 1624 2103 Scythae:
1667 2048 1725 2090 ut
1759 2047 1941 2092 autem

375 2114 542 2165 semel
583 2116 786 2178 dicam.
819 2120 1002 2174 clerus
1036 2124 1239 2182 omnis.
1267 2134 1322 2178 ct
1348 2125 1593 2180 Ecclesia
1625 2128 1690 2181 in-
1714 2126 1942 2184 Oriente

377 2206 580 2268 omnis,
635 2206 987 2277 imperatoris
1032 2215 1167 2267 iram
1210 2228 1438 2287 propter
1485 2220 1803 2289 religionem
1860 2232 1948 2276 cst.

381 2308 626 2363 experta.
663 2299 863 2354 Valens
890 2304 1114 2370 quidem
1160 2315 1269 2360 tam
1311 2309 1499 2378 gravia
1534 2311 1587 2364 in
1616 2310 1847 2367 Thracia
1890 2325 1945 2368 et

379 2386 894 2459 ConstantinOpoli,
948 2402 1007 2449 in
1070 2396 1390 2454 Nicomedia
1445 2412 1502 2456 et
1554 2402 1945 2472 Cappadocum

378 2477 650 2550 Caesarea,
682 2485 870 2542 adhch
910 2489 1217 2546 Antiochia:
1252 2503 1308 2546 et
1341 2493 1396 2547 in
1431 2494 1652 2567 Egypti
1691 2496 1947 2552 ecclesiis

380 2575 638 2640 patravit.

844 2694 1004 2764 166
1051 2694 1280 2751 CAPUT
1323 2698 1492 2755 xxx.

381 2778 458 2832 De
490 2778 848 2838 Valentiniani
880 2787 934 2838 in
974 2787 1277 2852 religionem
1321 2792 1550 2846 divinam
1577 2800 1826 2850 ηοω-ωιίὶ
1863 2799 1952 2851 ob-

448 2854 719 2929 servantia
752 2871 770 2907 :
792 2864 841 2929 et
867 2857 931 2929 de
973 2855 1215 2911 Romana
1254 2862 1474 2928 synodo,
1500 2878 1617 2929 qua:
1642 2865 1951 2920 Trinitatem

452 2920 955 2997 consubstantialem
972 2941 1092 2997 esse
1122 2920 1475 2997 promulgavit
1500 2920 1523 2983 τ’
1542 2942 1591 2983 et
1623 2935 1686 2987 de
1723 2936 1954 2989 Damaso

447 2997 497 3040 et
529 2988 730 3044 (Inicio
756 2992 1005 3048 Romanis
1031 2988 1305 3066 epiicOpis,
1334 2988 1434 3067 "qui
1457 2998 1661 3055 Liberio
1694 2988 1952 3059 successe-

441 3068 587 3110 runt.

454 3167 565 3237 Ego
640 3185 771 3225 vero
833 3173 903 3228 ab
958 3174 1185 3233 Oriente
1254 3181 1322 3234 ad
1388 3181 1605 3252 imperii
1671 3186 1950 3242 Occiden-

388 3260 519 3316 talis
550 3276 640 3316 res
669 3264 955 3324 transibo:
982 3269 1131 3338 quod
1157 3272 1383 3340 quidem
1411 3276 1658 3332 immune
1680 3294 1712 3333 a
1748 3279 1954 3336 talibus

385 3351 656 3407 aerumnis
691 3355 1037 3423 perduravit,
1075 3374 1370 3430 propterea
1394 3366 1539 3434 quod
1570 3380 1693 3422 eam
1719 3369 1952 3425 Romani

386 3442 607 3512 imperii
650 3456 864 3513 partem
897 3446 1326 3510 Valentinianus
1370 3458 1819 3525 administrabat,
1858 3461 1955 3517 lla-

387 3535 567 3603 granti
613 3536 667 3588 in
702 3536 921 3594 Nicmna
970 3541 1191 3599 decreta
1223 3561 1411 3602 amore
1451 3551 1588 3604 nulli
1621 3553 1954 3622 concedens,

391 3630 448 3675 et
480 3622 817 3691 singularem
869 3632 1107 3686 maxime
1142 3649 1270 3703 erga
1316 3637 1487 3693 Deum
1525 3640 1784 3710 pietatem
1812 3645 1959 3701 obti-

388 3728 549 3778 nens,
578 3714 650 3768 ita
693 3726 751 3770 ut
781 3718 921 3774 nihil
957 3738 1186 3789 prorsus
1209 3728 1327 3782 sive
1359 3731 1559 3787 melius
1586 3748 1683 3789 seu
1710 3736 1958 3794 deterius

392 3803 498 3856 sibi
533 3804 601 3859 de
636 3807 804 3864 rebus
840 3812 1239 3872 ecclesiasticis
1277 3822 1735 3892 praecipiendum,
1774 3844 1956 3898 neque

391 3896 518 3949 novi
565 3899 867 3969 quidquam
922 3917 1120 3973 pra-ter
1153 3926 1215 3964 ea
1268 3927 1389 3981 quae
1433 3916 1603 3971 semel
1655 3896 1956 3979 constituta

389 4000 600 4051 essent.
633 3992 1101 4053 introduccndum
1137 4001 1378 4058 duxerit.
1415 4003 1693 4063 Excedere
1718 4025 1957 4082 namque

393 4080 521 4134 talia
552 4084 987 4159 explorationem
1018 4092 1132 4145 sive
1149 4096 1518 4161 cognitionem
1544 4113 1697 4154 suam
1724 4080 1956 4171 putavit:

393 4175 647 4240 quamvis
662 4176 912 4245 princeps
929 4179 1131 4250 alioqui
1147 4187 1391 4252 optimus
1403 4200 1630 4255 esset,et
1645 4193 1813 4249 rebus
1825 4195 1960 4265 ipsis

2040 489 2172 558 θησε
2209 488 2287 561 τῷ
2315 492 2555 561 ποιμένι.
2600 491 2794 562 Σχεδὸν
2844 493 2902 545 δὲ
2934 496 3085 546 πᾶσα
3129 492 3162 563 ἡ
3213 492 3373 555 πόλις
3423 496 3616 564 συνέρ-

2039 584 2251 652 ρευσεν,
2275 582 2529 652 ὀψόμενοί
2555 599 2613 636 τε
2648 584 2762 653 ἅμα
2794 585 2888 636 τὸν
2933 583 3181 649 βασιλέα.
3215 585 3311 639 καὶ
3340 588 3527 640 καινόν
3556 601 3609 638 τι

2041 675 2511 742 προσδοκήσαντες
2534 675 2773 728 ἔσεσθαι.
2821 677 2880 729 Ὀ
2908 677 2965 729 δὲ
3013 679 3173 746 μόνος
3207 678 3307 730 σὺν
3336 678 3448 740 τοῖς
3482 677 3611 745 περὶ

2040 765 2204 816 αὑτὸν
2251 765 2570 834 δορυφόροις
2617 766 2990 835 ἀπολειφθεὶς,
3029 767 3089 818 οὑ
3128 766 3373 837 μετρίως
3408 766 3607 837 ἤνεγκε

2038 854 2099 906 τδ
2127 855 2402 924 πραχθένο
2438 856 2556 908 ἀλλ’
2608 856 2685 918 ὡς
2718 857 3198 926 περιυϐρισμένος,
3231 856 3610 926 συλληφθῆναι

2040 949 2339 1012 προσέταξε
2395 949 2799 1018 Βρεταννίωνα,
2864 950 2959 1002 καὶ
3008 949 3301 1018 ὑπερόριον
3353 947 3607 1013 ἄγεσθαι.

2052 1039 2194 1090 Ἀλλ’
2246 1040 2347 1092 οὒκ
2406 1041 2489 1103 είς
2550 1043 2767 1109 μακρὰν
2818 1037 2973 1103 αὖθις
3026 1042 3307 1109 ἐπανῆγε·
3338 1040 3469 1102 τοὺς
3499 1041 3609 1107 γὰρ

2040 1131 2251 1192 Σκύθας
2272 1131 2480 1192 ἐδεδίει,
2522 1135 2595 1201 μή
2636 1150 2687 1185 τι
2712 1132 2799 1185 διὰ
2847 1132 2940 1200 τὴν
2967 1130 3063 1185 τοῦ
3098 1132 3402 1184 ἐπισκόπου
3432 1148 3609 1184 κατα·

2039 1221 2195 1290 δίκην
2228 1223 2610 1292 νεωτερίσωσι,
2635 1225 2697 1276 τό
2717 1212 2780 1275 ’τε
2811 1224 3058 1292 θυμῶδες
3080 1224 3175 1276 καὶ
3212 1222 3458 1292 ἀνδρεῖον
3487 1226 3606 1275 ἐπι-

2044 1316 2328 1383 στάμενος,
2383 1319 2450 1386 τῇ
2483 1333 2541 1368 τε
2575 1315 2723 1367 θέσει
2755 1316 2862 1367 τῶν
2896 1316 3098 1375 τόπων,
3131 1316 3461 1382 ἀναγκαίους
3506 1315 3611 1382 μά-

2041 1404 2201 1456 λιστα
2255 1406 2322 1472 τῇ
2366 1388 2657 1473 Ῥωμαίων
2713 1403 3008 1472 οἰκουμένῃ
3060 1403 3238 1467 ὄντας,
3275 1402 3371 1454 καὶ
3429 1396 3519 1455 οἶά
3555 1419 3608 1454 τι

2044 1494 2360 1562 μεσότειχον
2404 1492 2514 1545 τῶν
2548 1495 2740 1562 εκείνη
2785 1491 3079 1562 βαρϐάρων
3108 1490 3611 1560 προϐεϐλημένους.

2044 1585 2155 1637 Καὶ
2182 1584 2325 1637 οὕτω
2354 1585 2451 1653 μὲν
2477 1584 2817 1654 Βρεταννίων
2838 1581 3137 1651 ὑπέρτερος
3159 1579 3253 1633 τοῦ
3279 1578 3609 1650 κρατοῦντος

1974 1679 2370 1776 Βγενόμενος,
2429 1675 2511 1737 είς
2568 1675 2636 1727 τά
2692 1675 2865 1727 οἰκεῖα
2912 1673 3018 1744 ἢθη
3072 1674 3426 1776 ἀνέστρεφεν,
3473 1675 3613 1741 ἀνὴρ

2045 1769 2254 1836 ἀγαθίς
2282 1784 2339 1820 τε
2392 1766 2652 1836 μάλιστα,
2694 1768 2786 1818 καὶ
2818 1769 2884 1837 τῇ
2930 1765 3024 1818 τοῦ
3058 1765 3172 1833 βίου
3207 1766 3398 1832 ἀγωγῇ
3455 1780 3613 1833 περι-

2044 1859 2259 1927 ϐόητος,
2290 1857 2365 1920 ὡς
2394 1858 2550 1911 αὐτοὶ
2586 1855 2930 1926 μαρτυροῦσι
2953 1854 3179 1908 Σκύθαι.
3222 1852 3313 1915 Ὠς
3339 1852 3384 1904 δ’
3413 1853 3625 1935 είπεῖν,

2045 1953 2154 2013 πᾶς
2184 1952 2386 2021 κλῆρος
2428 1950 2523 2002 καὶ
2553 1948 2852 2017 Ἐκκλησία
2880 1948 3030 2000 πᾶσα
3081 1945 3182 2041 τῆΔς
3234 1945 3311 1997 Ern
3354 1943 3465 2041 ,τῆς

2048 2040 2311 2109 βασιλέως
2357 2036 2623 2106 ἐπειράθη
2666 2038 2833 2106 ὀργῆς
2869 2035 2958 2088 διὰ
3009 2034 3107 2103 τὴν
3136 2032 3457 2103 θρησκείαν.
3504 2032 3617 2083 Καὶ

2044 2126 2268 2179 τοιαῦτα
2304 2127 2400 2194 μὲν
2428 2125 2660 2194 Οὐάλης,
2691 2124 2747 2177 ἓν
2783 2142 2843 2178 τε
2871 2123 3060 2193 Θρᾴκῃ
3108 2124 3201 2175 καὶ
3223 2124 3290 2192 τῇ
3322 2122 3621 2174 Κωνσταν-

2046 2220 2216 2281 τίνου,
2241 2218 2581 2288 Νικομηδείᾳ
2609 2234 2665 2269 τε
2717 2216 2811 2269 καὶ
2845 2219 2910 2285 τῇ
2948 2214 3351 2277 Καππαδοκῶν,
3392 2210 3531 2279 πρὸς
3556 2210 3618 2264 δὲ

2048 2315 2111 2380 τῇ
2159 2313 2463 2381 Ἀντιοχείᾳ
2501 2310 2597 2363 καλ¹
2640 2311 2761 2373 tati;
2816 2311 2935 2362 κατ’
2979 2307 3258 2376 Αἴγυπτον
3299 2303 3621 2375 ἐκκλησίαις

2049 2400 2195 2452 δεινὰ
2216 2398 2571 2467 διεπράξατο.

2657 2684 2912 2737 ΚΕΦΑΔ.
2940 2682 3017 2737 Δ’.

2054 2778 2192 2846 Περὶ
2218 2776 2445 2846 τῆςᾼεῑςγ
2462 2774 2536 2846 τὰ
2557 2773 2694 2846 ﬁcia
2705 2773 3445 2846 αἰδοῦς-Οὐαέεντινιαὴοῦ
3465 2788 3481 2804 ·
3502 2773 3626 2846 ,καὶ

2125 2842 2257 2929 kept
2278 2842 2394 2929 τῆς
2423 2845 2493 2899 ἐν
2525 2844 2717 2929 Ῥώμῃ
2744 2842 3037 2929 συτόδοιζ,
3061 2843 3204 2929 ¹ἣτις
3230 2842 3455 2929 ,Τριάδιι

2124 2912 2336 2972 auctor
2362 2912 2733 2981 ἀνεκήρυξέο
2764 2912 2863 2966 καὶ
2889 2912 3019 2981 περὶ
3047 2912 3328 2981 Δαμάσου
3359 2913 3455 2965 καὶ
3477 2914 3634 2977 043p-

2128 2988 2329 3041 σικίου
2356 2982 2474 3054 τῶν
2509 2980 2737 3054 Ῥώμης
2764 2980 3133 3046 ἐπισκόπων,
3156 2980 3212 3036 οἳ
3232 2981 3497 3050 διάδοχοι
3528 2985 3634 3034 Δι-

1979 3051 2023 3110 ο
2125 3057 2320 3124 ὄερίου
2345 3051 2642 3125 ἐγένοντο.

2136 3167 2277 3236 Ἐγὼ
2305 3166 2350 3220 δ’
2379 3169 2444 3222 ὲκ
2471 3168 2570 3237 τῆς
2598 3165 2673 3219 ἔω
2703 3164 2840 3236 πρὸς
2868 3165 2934 3219 τὰ
2957 3163 3096 3218 κατὰ
3125 3163 3223 3234 τὴν
3262 3164 3500 3233 ἑσπέραν
3527 3164 3630 3229 τῆς

2054 3261 2363 3332 ἀρχομένης
2402 3260 2671 3331 γενόμενα
2722 3258 3090 3329 διαϐήσομαι’
3120 3257 3292 3310 ταῦτα
3327 3256 3436 3326 γὰρ
3464 3255 3633 3310 ἀπεί-

2059 3371 2195 3424 ρατα
2225 3353 2333 3405 τῶν
2355 3351 2545 3405 δεινῶν
2574 3351 3054 3421 διαμεμενήκεσαν
3077 3363 3093 3380 ⁸
3137 3347 3329 3403 καθότι
3368 3347 3475 3399 τῶν
3501 3347 3634 3400 ὲπέο

2056 3462 2213 3500 κεινα
2273 3444 2562 3513 Ῥωμαίων
2606 3442 3054 3506 Οὐαλεντινιανὸς
3104 3438 3298 3513 ἦρχεν,
3354 3440 3510 3509 ετπερ
3545 3456 3634 3501 τις

2055 3537 2131 3592 ὢν
2154 3538 2418 3606 διάπυρος
2448 3536 2683 3617 ἐραστὴς
2727 3534 2835 3587 τῶν
2858 3534 3197 3603 δεδογμένων
3230 3535 3295 3603 τῇ
3344 3534 3401 3585 ἐν
3425 3531 3639 3601 Natat;

2062 3629 2291 3698 συνόδῳ,
2324 3625 2566 3690 εὐλαϐῶς
2594 3642 2652 3678 τε
2678 3626 2807 3695 περὶ
2839 3624 2907 3677 τὰ
2935 3623 3053 3677 θεῖα
3095 3623 3329 3693 μάλιστα
3349 3623 3633 3691 διακείμε-

2058 3736 2146 3782 νος
2173 3734 2186 3748 ·
2223 3719 2297 3782 ὡς
2325 3717 2492 3788 μηδὲν
2524 3718 2703 3787 χεῖρον
2726 3715 2760 3785 ἢ
2791 3715 3019 3784 ἄμεινον
3042 3714 3183 3768 κατὰ
3212 3715 3309 3775 τὰς
3335 3711 3637 3782 ἐκκλησίας

2057 3809 2362 3865 ἑπιτάττειν
2385 3808 2678 3879 αἱρεῖσθαι,
2706 3808 2844 3876 μηδὲ
2872 3807 3163 3875 καινότερα
3195 3805 3438 3873 εἰσάγειν
3470 3804 3627 3873 παρὰ

2059 3904 2127 3957 τὰ
2153 3901 2406 3966 καθάπαξ
2436 3900 2867 3970 νομοθετηθέντα
2889 3916 2904 3930 ⁸
2937 3901 3175 3969 κρείττω
3215 3899 3323 3967 γὰρ
3350 3897 3447 3967 τῆς
3486 3893 3637 3947 ὲκεί-

2060 4016 2152 4052 νου
2202 3994 2528 4065 δοκιμασίας
2570 3992 2811 4062 ἐνόμιζε.
2865 3992 3068 4060 καίπερ
3100 3990 3356 4060 βασιλεὺς
3406 3990 3634 4059 ἀριστος

2059 4086 2316 4157 γεγονὼς,
2346 4086 2441 4139 καὶ
2477 4085 2658 4149 ἱκανὸς
2702 4084 2888 4154 ἄρχειν
2925 4084 3162 4154 μάλιστα
3192 4081 3280 4136 διὰ
3321 4081 3430 4134 τῶν
3454 4096 3639 4150 πραγο

2065 4182 2252 4251 μάτων
2289 4177 2501 4249 φανείς.
2545 4178 2657 4230 Καὶ
2688 4176 2797 4247 γὰρ
2824 4172 3152 4243 τηνικαῦτα,
3198 4172 3345 4226 καθᾶ
3374 4175 3464 4226 καὶ
3494 4171 3637 4242 πρό-

286 4338 300 4350 ⁸
396 4262 631 4331 imperio
671 4281 730 4322 se
763 4267 1025 4324 idoneum
1075 4288 1197 4331 esse
1227 4278 1543 4334 declararit.
1586 4284 1805 4339 Etenim
1840 4262 1949 4342 tum

2060 4289 2218 4342 τερον
2248 4270 2524 4342 ζητήτεως
2554 4267 2657 4321 ἀνά
2682 4266 2780 4337 τὴν
2808 4265 2997 4321 Ἀσίαν
3035 4268 3125 4319 καὶ
3156 4263 3400 4335 Φρυγίαν
3427 4263 3638 4331 πολλῆς

394 4368 642 4424 quoque,
676 4358 837 4414 sicuti
868 4372 928 4416 et
950 4375 1137 4431 antea,
1175 4371 1406 4437 quaestio
1452 4373 1623 4429 multa
1648 4392 1747 4445 per
1771 4380 1949 4434 Asiam

2062 4364 2383 4435 γενομένης,
2421 4364 2469 4415 εἰ
2498 4360 2672 4431 χρεὼν
2708 4360 2800 4413 καὶ
2831 4359 2893 4412 τὸ
2920 4357 3155 4466 ι]νεῦμῖ
3172 4357 3232 4410 τὸ
3266 4356 3638 4466 άγιονκδμοοὺ-

395 4455 453 4500 et
520 4448 813 4520 Phrygiam
865 4464 987 4511 orta
1049 4468 1135 4512 est
1182 4476 1197 4514 :
1248 4475 1317 4514 an
1382 4463 1651 4532 Spiritum
1707 4480 1949 4525 sanctum

2065 4475 2179 4511 σιον
2201 4455 2448 4520 δοξάζειν
2494 4453 2665 4524 Πατρί
2694 4469 2751 4506 τι
2795 4449 2890 4503 καὶ
2918 4449 3032 4520 Υίῷ
3051 4466 3065 4480 ο
3099 4445 3186 4502 οἷα
3209 4449 3355 4517 ιριλεῖ
3375 4447 3639 4519 πλείστης

388 4538 702 4607 ὁμοούσιον.
731 4548 1279 4618 consubstantialem,
1303 4553 1526 4609 Patrict
1545 4557 1683 4611 Filio
1714 4563 1956 4627 proﬁteri

392 4641 670 4699 oporteat.
737 4636 805 4689 Et
852 4638 1085 4706 plurima
1131 4642 1200 4696 de
1263 4645 1355 4698 tali
1415 4650 1723 4715 quaestione
1778 4669 1956 4724 usque

401 4723 540 4778 adeo
593 4736 715 4780 erat
765 4732 1063 4787 verborum
1116 4739 1418 4803 contentio,
1458 4750 1516 4793 ut
1565 4757 1675 4797 non
1726 4746 1960 4803 minoris

404 4819 668 4871 momenti
717 4832 782 4874 ea
820 4821 1138 4889 haberetur,
1185 4841 1349 4895 quam
1383 4844 1506 4897 quae
1547 4840 1709 4887 antea
1748 4835 1817 4889 de
1848 4835 1962 4893 Deo

410 4907 588 4962 Verbo
631 4909 833 4969 fuerat.
888 4914 1024 4969 Nam
1079 4918 1300 4986 quidam
1344 4920 1692 4992 dissimilem,
1738 4928 1960 4996 quidam

400 5007 590 5055 autem
622 5006 1143 5064 consubstantialem
1169 5026 1292 5067 esse
1327 5015 1762 5084 contendebant,
1797 5019 1962 5075 sicuti

399 5099 461 5146 et
486 5091 704 5149 Filium.
754 5096 933 5167 Atque
968 5101 1024 5155 in
1072 5116 1140 5157 eo
1171 5103 1293 5158 solo
1324 5107 1464 5174 parti
1502 5108 1726 5178 utrique
1755 5125 1960 5166 conve-

401 5182 611 5249 niebat,
642 5187 791 5254 quod
821 5187 1087 5260 Spiritum
1115 5203 1365 5248 sanctum
1398 5196 1781 5254 administrum
1814 5200 1963 5256 dice-

406 5286 530 5329 rent
578 5293 594 5330 :
642 5285 702 5334 at
736 5279 930 5337 ordine
973 5284 1219 5351 tertium,
1246 5286 1566 5358 honoreque
1608 5300 1664 5345 et
1702 5293 1963 5348 substan-

403 5368 476 5422 tia
511 5369 588 5441 (1)
621 5371 790 5429 alium
832 5389 957 5432 esse
1003 5379 1420 5436 conﬁrmarent.
1456 5380 1628 5439 Erant
1651 5384 1835 5439 autem
1869 5385 1966 5454 qui

401 5462 558 5530 quod
597 5461 669 5519 de
704 5463 847 5522 Filio
883 5467 1270 5538 opinarentur,
1296 5470 1442 5526 idem
1478 5466 1702 5543 quoque
1731 5472 1800 5529 de
1843 5473 1968 5545 Spio

406 5553 515 5607 ritu
573 5564 883 5615 statuerent
928 5578 941 5614 :
993 5569 1051 5617 et
1090 5562 1259 5617 veluti
1307 5561 1505 5618 Filium
1543 5564 1793 5634 ejusdem
1831 5569 1963 5624 sub-

2066 4546 2381 4618 ἐρεσχελίας
2414 4545 2510 4598 καὶ
2542 4545 2666 4614 περὶ
2692 4541 2785 4595 τοῦ
2812 4542 3058 4596 τοιούτου
3110 4541 3428 4610 ζητήματος
3476 4555 3638 4606 γενο-

2071 4640 2256 4707 μένου,
2279 4635 2354 4697 rb;
2388 4634 2465 4704 μὴ
2493 4636 2550 4686 ὲν
2584 4632 2829 4685 ἐλάττονι
2896 4631 3100 4694 ταύτας
3124 4629 3443 4701 νομίζεσθαι
3472 4626 3506 4696 ἦ
3542 4629 3644 4680 ἐπὶ

2069 4731 2164 4785 τοῦ
2195 4728 2332 4783 Θεοῦ
2385 4727 2560 4794 Λόγου
2601 4723 2906 4793 συνέϐησαν
2957 4722 3244 4794 πρότερον.
3302 4724 3362 4776 Οἱ
3398 4720 3497 4790 μὲν
3542 4715 3645 4774 οὖν

2067 4826 2343 4892 ἀνόμοιον,
2370 4824 2417 4875 οἱ
2462 4820 2508 4873 δ’
2538 4820 2821 4890 ὀμοούσιον
2850 4817 3168 4872 διετείνοντο
3197 4814 3341 4871 εἶναι
3382 4815 3643 4887 καθάπερ

2071 4916 2164 4970 καὶ
2209 4917 2299 4968 τὸν
2331 4914 2489 4968 Υίόν·
2521 4917 2663 4966 κατὰ
2714 4911 2872 4966 τοῦτο
2902 4912 2959 4964 δὲ
3013 4912 3174 4980 μόνον
3204 4912 3298 4963 καὶ
3350 4909 3519 4979 ἄμφω
3568 4910 3647 4963 τὰ

2073 5011 2218 5078 μέρη
2248 5007 2326 5069 si;
2355 5004 2414 5057 ἓν
2455 5004 2747 5075 συνῄεσαν,
2771 5004 2965 5071 ὅτιπερ
3001 5001 3312 5055 διακονικὸν
3345 5002 3477 5054 αὐτὸ
3523 5001 3647 5054 ἐλε-

2067 5118 2186 5171 γον,
2217 5102 2282 5171 τῇ
2315 5117 2374 5153 τε
2402 5097 2557 5164 τάξει
2581 5097 2765 5168 τρίτον
2811 5100 2905 5150 καὶ
2934 5099 3000 5168 τῇ
3034 5098 3165 5165 τιμῇ
3188 5111 3204 5125 ⁸
3247 5096 3343 5149 καὶ
3387 5099 3454 5166 τῇ
3480 5096 3646 5165 οὐσίᾳ

2068 5196 2277 5250 άλλοίον
2300 5189 2441 5248 εἶναι
2468 5191 2887 5263 διισχυρίζοντο.
2916 5188 3095 5244 Ἦσαν
3126 5191 3182 5244 δὲ
3221 5190 3293 5256 οἳ,
3334 5189 3362 5243 δ
3390 5192 3518 5258 περὶ
3543 5188 3644 5241 τοῦ

2065 5287 2195 5342 Υίοῦ
2248 5286 2519 5351 ἐδόξαζον,
2565 5284 2627 5337 τὸ
2657 5284 2790 5338 αὐτὸ
2844 5285 2942 5339 καὶ
2989 5283 3120 5355 περὶ
3163 5282 3259 5336 τοῦ
3323 5282 3648 5351 Πνεύματος

2062 5379 2458 5449 ἐδογμάτιζον·
2495 5379 2589 5431 καὶ
2639 5377 2895 5446 καθάπερ
2927 5376 3020 5428 τὸν
3054 5376 3183 5428 Υἱδν
3223 5373 3507 5445 δμοούσιον
3544 5375 3649 5426 καὶ

2061 5474 2327 5543 ὁμότιμον
2347 5471 2442 5525 καὶ
2458 5467 2709 5539 ὁμόδοξον
2738 5468 2816 5538 τῷ
2841 5468 3013 5536 ιιατρὶ
3047 5467 3258 5533 ἔσεϐον,
3295 5465 3439 5520 οὓτω
3456 5463 3524 5537 δὴ
3545 5464 3650 5519 καὶ

2063 5565 2190 5634 περὶ
2222 5562 2315 5616 τοῦ
2352 5562 2509 5627 άγίου
2542 5562 2584 5613 Il
2622 5561 2854 5628 εὐματος
2874 5560 3201 5630 ὡμολόγουν,
3247 5559 3416 5629 Ιῐατρί
3463 5573 3521 5609 τε
3546 5557 3651 5611 καὶ

470 5694 557 5762 ,(1)
592 5695 782 5767 Obstat.
824 5697 920 5753 llic
978 5710 1029 5755 ct
1091 5699 1321 5772 Nicrpb.
1380 5709 1432 5757 ct
1485 5700 1703 5758 Sozom.
1760 5702 1949 5759 habcm

2060 5704 2266 5765 Ξουσξα.
2304 5701 2407 5756 hoc
2443 5710 2543 5763 est,
2574 5707 2865 5766 potestate.
