3986 6190
292 352 398 416 {73

1214 350 1804 414 EtJCLESIASTlC/E
1846 348 2233 410 HISTOBI/E
2268 344 2415 408 LIB.
2459 346 2566 407 Xl.

3408 348 3516 406 (ιη

286 472 401 541 Υίῴ
419 470 781 540 κηρύττοντες
799 467 1105 537 ὁμοούσιον.
1130 469 1375 539 Στερρὦς
1404 467 1461 521 δὲ
1477 468 1577 535 τῆς
1601 467 1851 532 τοιαύτης

1985 457 2253 516 ιθιιιὶωοι
2273 459 2516 528 ejusdem
2554 456 2782 513 honoris
2808 470 2864 512 et
2887 460 3134 528 ejusdem
3174 461 3363 529 gloria!
3386 477 3511 516 cum

286 561 622 630 ὑπερίστατο
648 557 806 630 δόξης
834 559 985 629 παρὰ
1021 559 1120 628 μὲν
1152 558 1348 629 Σύροις
1389 557 1799 625 Ἀπολλινάριος
1829 556 1857 608 ό

1984 548 2124 602 ’atre
2149 548 2432 613 colebant,
2465 548 2545 603 sic
2582 549 2747 603 etiam
2774 548 2841 601 de
2874 549 3082 617 Spiritu
3119 561 3328 611 sancto,
3365 552 3512 606 l’atri

288 652 605 717 Λαοδικεὺς,
641 651 744 703 ἀνὰ
769 651 826 704 δὲ
851 649 949 720 τὴν
974 651 1248 717 Αἴγυπτον
1267 652 1293 702 ό
1326 648 1492 710 πολὺς
1516 648 1858 709 Ἀθανάσιος,

1955 648 2013 693 et
2036 639 2178 694 Filio
2219 641 2534 708 όμοούσιον,
2560 640 3085 695 consubstantialem
3117 640 3295 707 ipsum
3321 642 3520 710 praedi-

285 744 367 797 ἔτι
397 745 606 813 περιὼν
658 740 809 805 τότε,
863 739 1016 809 παρὰ
1070 739 1127 792 δὲ
1163 737 1561 799 Καππαδόκαις
1615 738 1707 788 καὶ
1739 737 1859 797 ταῖς

1984 738 2169 797 :antes,
2187 733 2597 800 profiterentur.
2616 730 2721 785 Pro
2735 730 2836 785 hac
2859 730 3115 798 opinione
3134 724 3348 784 fortiter
3373 732 3516 801 apud

286 832 419 901 περὶ
449 831 541 883 τὸν
576 828 830 893 Εὔξεινον
871 827 1191 898 ἐκκλησίαις
1223 826 1525 898 Γρηγόριος
1561 827 1654 879 καὶ
1702 825 1861 877 Βασί-

284 924 343 972 λε
355 939 450 984 ιος.

361 1192 473 1260 Τῆς
499 1192 555 1244 δὲ
586 1192 865 1262 τοιαύτης,
894 1193 969 1255 ὡς
1009 1191 1245 1263 εἴρηται,
1285 1190 1566 1261 ζητήσεως
1610 1190 1863 1259 κινουμέ-

295 1302 412 1352 νης,
437 1284 531 1337 καὶ
559 1285 656 1354 τῆς
692 1283 1028 1353 φιλονεικίας
1054 1284 1252 1353 πολλῆς
1275 1284 1368 1336 Δδιὰ
1400 1282 1569 1334 ταῦτα
1598 1281 1862 1334 ἐπιδιδού-

299 1395 419 1445 οης,
448 1376 897 1438 Ούαλεντινιανδς
931 1374 1008 1445 τῷ
1039 1374 1223 1444 πολλῷ
1251 1375 1348 1440 τῆς
1373 1373 1497 1443 περὶ
1531 1374 1600 1424 τὰ
1624 1373 1741 1424 θεῖα
1773 1372 1857 1423 εύ-

300 1466 515 1529 ὶαεείας
563 1466 716 1518 οὐδὲν
747 1464 931 1531 λέγειν
963 1460 1077 1534 εῐχε
1101 1477 1116 1493 ⁸
1150 1463 1464 1533 παρεχώρει
1514 1462 1570 1514 δὲ
1615 1464 1724 1519 τοῖς
1759 1478 1869 1514 τοι-

300 1558 438 1610 αὔτα
489 1555 947 1623 πεπιστευμένοις
995 1553 1350 1625 τὸιποιητέον
1404 1554 1730 1617 ἐξενεγκεῖν,
1799 1551 1865 1602 Ὃ

306 1646 495 1716 μαθὼν
539 1648 568 1698 ό
611 1644 909 1715 τηνικαῦτα
935 1645 1033 1712 τῆς
1071 1643 1361 1710 Ῥωμαίων
1393 1640 1719 1709 Ἐκκλησίας
1769 1639 1868 1701 τὰς

299 1735 458 1804 ηνίας
489 1735 626 1803 ἔχων
660 1731 1083 1802 Λιὸἐριος,τοῦς
1114 1733 1242 1800 περὶ
1273 1731 1434 1784 αὐτὴν
1467 1730 1645 1798 ἱερέας
1682 1727 1867 1797 ἀθροί-

1959 823 2127 890 Syros
2152 822 2486 890 Apollinaris
2520 821 2896 885 Laodicensis,
2931 822 2982 872 in
3014 819 3247 890 [Egypto
3293 837 3519 891 magnus

1972 913 2300 966 Athanasius
2321 913 2501 966 adhuc
2532 922 2829 980 supersteS,
2854 911 2997 980 apud
3014 911 3367 979 Cappadoces
3392 928 3522 967 vero

1972 1012 2029 1059 et
2076 1004 2338 1059 ecclesias
2385 1003 2543 1057 Ponti
2578 1002 2873 1072 Gregorius
2938 1011 2994 1057 et
3052 1002 3282 1057 Basilius
3336 1002 3527 1058 decer-

1971 1095 2181 1149 tarunt.
3134 1108 3147 1115 κ

2045 1191 2157 1245 Hac
2189 1190 2303 1258 ipsa
2351 1190 2674 1258 quaestione,
2721 1191 2883 1245 sicuti
2926 1189 3059 1257 dixi,
3098 1201 3265 1259 mota,
3300 1206 3425 1247 cum
3459 1192 3526 1246 de

1966 1295 2031 1335 ea
2066 1282 2260 1350 ingens
2299 1283 2665 1338 contendendi
2707 1283 2949 1338 studium
3005 1284 3390 1349 inerebuisset,
3426 1282 3529 1337 Va-

1967 1373 2307 1427 lentinianus
2339 1390 2437 1444 pro
2468 1376 2663 1444 insigni
2691 1391 2787 1429 sua
2818 1376 2873 1429 in
2919 1374 3091 1429 Deum
3124 1376 3350 1445 pietate,
3380 1377 3525 1445 quod

1969 1464 2200 1526 diceret,
2237 1481 2345 1518 non
2382 1466 2637 1521 habebat.
2688 1467 2900 1532 Quibus
2941 1477 3124 1522 autem
3165 1468 3287 1521 talia
3321 1468 3528 1522 credita

1966 1565 2173 1615 essent,
2207 1556 2291 1609 eis
2327 1564 2384 1607 ut
2412 1555 2544 1623 quid
2581 1556 2727 1609 facto
2756 1571 2897 1624 opus
2925 1566 3094 1623 esset,
3133 1557 3447 1625 proferrent
3473 1567 3531 1612 et

1966 1649 2300 1703 Statuercnt,
2336 1643 2630 1696 concessit.
2659 1643 2778 1707 Quo
2809 1654 3052 1713 cognito,
3079 1646 3171 1713 qui
3207 1656 3319 1698 tum
3347 1644 3534 1699 Eccle-

1970 1729 2107 1780 siam
2143 1729 2443 1782 ltomanam
2478 1730 2658 1784 adhuc
2686 1730 3029 1799 gubernabat
3058 1733 3337 1800 Liberius,
3373 1734 3529 1805 167

302 1841 402 1886 σας
446 1823 697 1876 κελεύσει
743 1823 839 1876 τοῦ
895 1822 1247 1893 κρατοῦντος,
1307 1824 1426 1884 ταῖς
1478 1822 1581 1874 ἀνὰ
1636 1822 1733 1887 τὴν
1791 1819 1866 1870 lto

1984 1821 2219 1873 finitimis
2241 1822 2518 1891 episcopis
2534 1824 2799 1892 principis
2815 1824 2972 1894 jussu
2993 1826 3328 1890 convocatis,
3348 1828 3541 1881 orien-

300 1916 542 1984 ἒγραψεν
572 1914 912 1983 ἐκκλησίαις,
940 1914 1147 1984 Τριάδι
1173 1913 1458 1981 όμοούσιον
1494 1914 1589 1965 καὶ
1609 1910 1864 1981 ὁμόδοξον

300 2006 651 2076 πρεσϐεύειν.
691 2007 755 2060 Ὃ
803 2006 1092 2075 γενόμενον
1125 2001 1214 2058 οἷα
1250 2006 1312 2075 δὴ
1356 2005 1606 2074 καθάπερ
1633 2006 1699 2074 τῇ
1734 2004 1869 2055 Ῥω-

304 2097 479 2166 μαίων
502 2097 801 2166 Ἐκκλησία
830 2096 1012 2160 καλῶς
1039 2096 1319 2165 ὲγκριθὲν,
1367 2095 1547 2167 ησυχῆ
1596 2096 1775 2164 μενεῖν
1813 2093 1869 2146 ξ-

303 2205 508 2241 καστον
557 2189 975 2259 παρεσκεύασε’
1024 2191 1119 2241 καὶ
1145 2188 1297 2251 τέλος
1341 2188 1516 2240 αἴσιον
1549 2189 1583 2256 ἡ
1615 2186 1744 2256 περὶ
1776 2184 1868 2238 τοῦ

304 2280 624 2351 Πνεύματος
655 2279 882 2349 ζήτησις
904 2278 1175 2351 εἰληφυῖα,
1198 2279 1297 2347 τῆς
1327 2281 1542 2346 μακρᾶς
1559 2276 1872 2347 ἐρεσχελίας

304 2372 621 2424 ἐπαύσατο·
654 2371 898 2440 ἐκύρωσε
924 2372 1031 2439 γὰρ
1052 2373 1145 2422 καὶ
1174 2369 1311 2439 αὕτη
1354 2371 1388 2439 ή
1423 2368 1657 2432 σύνοδος,
1685 2368 1783 2437 τὴν
1813 2368 1873 2420 ἐν

304 2464 517 2532 Nimia.
563 2463 744 2515 πίστιν
783 2464 1025 2531 κρατεῖν.
1056 2461 1455 2530 Παραθήσομαι
1483 2460 1539 2513 δὲ
1578 2459 1672 2512 καὶ
1704 2459 1872 2525 ἄμφω

302 2557 377 2608 τὰ
407 2555 734 2625 γράμματα,
764 2552 860 2605 τοῦ
893 2568 951 2604 τε
997 2550 1259 2621 βασιλέως
1292 2550 1384 2604 καὶ
1415 2551 1513 2619 τῆς
1561 2549 1808 2611 συνόδου,
1836 2547 1875 2602 ἃ

310 2645 423 2705 τοῖς
451 2644 554 2696 ἀνὰ
576 2644 673 2711 τὴν
700 2642 775 2694 ἕω
803 2641 1207 2709 ἀμφισϐητοῦσι
1236 2643 1363 2709 περὶ
1394 2641 1492 2711 τῆς
1522 2640 1688 2710 ὀρθῆς
1709 2639 1871 2708 δόξης

304 2734 662 2791 ἀπέστειλαν.
705 2732 785 2784 Τὰ
822 2732 917 2801 μιν
942 2727 1035 2785 οὖν
1077 2730 1174 2785 τοῦ
1210 2730 1494 2801 βασιλέως,
1542 2731 1669 2785 τάδε
1711 2730 1871 2799 διήγ-

310 2821 504 2887 γελλον
524 2836 539 2851 ·

393 3016 415 3052 s
451 2998 858 3069 Αὐτοκράτορος
891 2995 1171 3065 μέγιστοι,
1204 2991 1545 3047 ἁεισέϐαστοι
1569 3029 1583 3054 ,
1615 2992 1837 3061 νικηταὶ
1860 3032 1876 3058 ,

310 3090 768 3154 θύαλεντινιανδς
811 3088 904 3142 καὶ
949 3087 1250 3158 Γρατιανδς
1296 3086 1618 3147 ἐπισκόποις
1666 3084 1879 3152 διοική-

1974 1913 2178 1964 talibus
2225 1914 2445 1982 scripsnt
2487 1915 2755 1979 ccclesiis,
2812 1926 2872 1970 ut
2911 1917 3236 1970 Trinitatem
3287 1921 3534 1988 ejusdem

1975 2002 2297 2056 substantiae
2324 2013 2381 2057 et
2400 2006 2651 2074 ejusdem
2685 2007 2872 2075 gloria:
2895 2007 3349 2076 deprazdicarent.
3379 2008 3535 2075 Quod

1974 2090 2202 2153 factum,
2231 2104 2419 2162 utpote
2456 2111 2513 2148 re
2542 2097 2710 2150 semel
2738 2113 2767 2150 a
2804 2099 3044 2153 Romana
3074 2099 3319 2155 Ecclesia
3351 2102 3457 2154 rite
3482 2109 3539 2155 ct

1982 2184 2176 2238 ordine
2213 2184 2533 2253 dijudicata,
2568 2196 2627 2240 ut
2666 2189 2890 2258 quietus
2921 2191 3155 2260 quisque
3201 2204 3370 2256 esset,
3400 2193 3539 2247 eire-

1978 2274 2090 2338 cit;
2142 2283 2196 2327 et
2246 2278 2473 2343 quaistio
2501 2276 2567 2330 de
2600 2276 2807 2346 Spiritu
2843 2290 3032 2333 sancto
3075 2281 3321 2336 debitum
3372 2282 3539 2338 linem

1980 2374 2297 2428 consecuta,
2345 2366 2620 2420 diuturna:
2665 2371 2960 2423 verborum
2990 2371 3389 2425 concertationi
3423 2386 3541 2426 mo-

1980 2456 2109 2511 dum
2141 2458 2422 2526 imposuit.
2452 2459 2658 2514 Eadem
2690 2461 2934 2530 synodus
2979 2463 3144 2516 etiam
3177 2462 3339 2517 ﬁdem
3369 2463 3541 2519 Nicat-

1978 2563 2106 2603 nam
2160 2550 2492 2605 auctoritate
2547 2566 2648 2605 sua
2686 2551 2992 2607 roboravit.
3050 2551 3388 2624 Subjungam
3442 2569 3542 2610 au-

1983 2650 2093 2696 tem
2141 2651 2418 2719 utrasque.
2452 2651 2509 2697 et
2551 2642 2904 2712 imperatoris
2928 2654 2999 2700 et
3044 2646 3239 2716 synodi
3291 2647 3541 2715 litteras,

1983 2745 2120 2800 quas
2160 2732 2212 2784 in
2263 2731 2543 2785 Orientem
2584 2732 2650 2786 ad
2689 2749 2786 2788 eos
2816 2735 2910 2803 qui
2958 2734 3026 2789 de
3081 2745 3227 2789 recta
3285 2735 3544 2805 opinione

1985 2822 2380 2893 ambigebant,
2451 2824 2741 2879 dederunt.
2815 2826 3165 2895 imperatoris
3236 2827 3316 2882 sic
3374 2827 3542 2884 habe.

1985 2916 2164 2968 bant:

2064 3022 2082 3057 ι
2128 3005 2496 3073 Imperatores
2516 3005 2737 3060 Maximi
2760 3020 2979 3075 semper
3007 3007 3260 3079 Augusti,
3285 3010 3547 3076 victores,

1987 3092 2408 3151 Valentinianus
2442 3098 2520 3167 (l)
2554 3105 2611 3151 et
2654 3097 2951 3153 Gratianus
2982 3099 3059 3167 (2)
3100 3100 3378 3170 episcOpis
3406 3102 3546 3157 diua-

313 3202 461 3248 σεως
497 3182 788 3251 ⁹Δσιανῆς,
821 3179 1097 3252 Φρυγίας,
1135 3178 1562 3250 Καροφρυγίας,
1599 3179 1878 3231 [Ιακατια-

1984 3184 2125 3237 cesis
2157 3185 2391 3251 Asiana’,
2417 3186 2684 3255 Phrygiae,
2705 3184 2921 3255 Caroph
2933 3189 3118 3258 rygiae,
3144 3190 3470 3256 Pacatiame,
3493 3192 3550 3246 in

311 3276 440 3343 νῆς,
468 3275 528 3328 ιν
557 3272 747 3344 Κυρίῳ
774 3272 1009 3342 χαίρειν.
1028 3271 1254 3324 Συνόδου
1281 3271 1611 3339 τηλικαύτης
1643 3286 1879 3338 συγκρο-

314 3366 583 3436 τηθείσης
631 3365 690 3417 ιν
736 3363 815 3433 τῷ
844 3361 1164 3431 Ἰλλυρικῷ,
1213 3362 1309 3413 καὶ
1357 3360 1637 3431 ζητήσεως
1684 3361 1883 3429 πολλῆς

315 3458 624 3527 γενομένης
666 3455 797 3522 περὶ
831 3453 923 3506 τοῦ
968 3453 1237 3521 σωτηρίου
1278 3452 1461 3520 λόγου,
1510 3451 1798 3516 ἀπέδειξαν
1831 3453 1880 3504 oi

316 3545 863 3620 τρισμακαριὼτατοι
891 3544 1202 3605 ὶπίσκοποις
1234 3544 1333 3613 τὴν
1365 3544 1567 3610 Τριάδα
1599 3544 1883 3612 όμοούσιον

318 3640 502 3711 Πατρὶ
542 3639 638 3692 καὶ
679 3636 796 3708 Υἱῷ
836 3637 930 3689 καὶ
972 3635 1112 3705 ἁγίῳ
1152 3634 1430 3703 Πνεύματι
1455 3649 1470 3663 ο
1513 3634 1581 3698 ἢν
1618 3633 1727 3687 οὐδ’
1749 3635 1883 3695 ὅλως

321 3724 687 3794 ἐκκλίνοντες,
712 3729 1056 3800 λειτουργίας
1079 3727 1179 3788 τὰς
1203 3727 1346 3779 κατὰ
1368 3726 1575 3779 δίκαιον
1600 3723 1886 3776 ἐπιϐαλού-

326 3842 430 3888 σας
455 3826 667 3887 αὐτοτς,
694 3821 1057 3893 θρησκεύουσι
1083 3819 1181 3890 τὴν
1203 3818 1498 3890 θρησκείαν
1525 3817 1615 3868 τοῦ
1646 3816 1881 3885 μεγάλου

327 3917 623 3988 βασιλέως.
658 3914 966 3984 Κηρύττειν
994 3912 1052 3965 δὲ
1082 3911 1288 3980 ταύτην
1323 3908 1622 3981 προσέταξε
1658 3908 1718 3961 τὸ
1749 3905 1887 3974 ἡμέ-

324 4026 492 4077 τερον
525 4006 760 4077 κράτος*
799 4003 969 4066 οὕτως
1014 4004 1197 4074 μέντοι
1236 4002 1323 4055 ἵνα
1365 4001 1439 4070 μὴ
1476 3998 1680 4068 λέγωσί
1712 4014 1883 4062 τινες,

326 4104 418 4156 ὅτι
449 4102 616 4170 ἀνῆκε
646 4097 910 4170 θρησκεία
941 4096 1206 4167 βασιλέως
1231 4094 1326 4148 τοῦ
1355 4094 1631 4154 διέποντος
1660 4091 1759 4162 τὴν
1785 4091 1887 4159 γῆν

327 4193 554 4261 ταύτην,
621 4192 695 4261 μὴ
740 4189 1052 4258 ἀνεχόμενοι
1087 4186 1182 4239 τοῦ
1226 4186 1605 4251 ἐντειλαμένου
1648 4185 1782 4255 ἡμῖν
1821 4184 1889 4236 τὰ

328 4286 463 4355 περὶ
485 4283 584 4351 τῆς
615 4281 910 4351 σωτηρίας.
949 4278 1036 4340 Ὦς
1062 4278 1173 4347 γάρ
1198 4292 1329 4345 φησι
1353 4275 1414 4328 τὸ
1443 4274 1770 4342 Εὑαγγέλιον
1792 4272 1887 4325 τοῦ

327 4376 469 4429 Θεοῦ
496 4373 674 4443 ἡμῶν,
699 4371 835 4441 ὅπερ
862 4370 1139 4439 ἐπίκρισιν
1160 4367 1361 4436 ταύτην
1385 4366 1521 4435 ἔχει,
1548 4365 1888 4418 ἀποδίδοσθαι

326 4470 401 4522 τὰ
424 4465 519 4519 τοῦ
550 4466 826 4532 Καίσαρος
857 4461 1119 4530 Καίσαρι,
1146 4460 1240 4513 καὶ
1261 4459 1329 4513 τὰ
1352 4459 1446 4510 τοῦ
1477 4457 1610 4512 Θεοῦ
1634 4458 1712 4527 τῷ
1740 4456 1888 4526 Θεῷ·

326 4562 383 4614 τί
442 4560 626 4627 λέγετε
674 4556 828 4625 ὑμεῖς
868 4556 916 4607 οἱ
957 4556 1247 4608 ἐπίσκοποι
1283 4551 1378 4604 καὶ
1416 4550 1759 4621 προεστῶτες
1797 4548 1891 4602 τοῦ

329 4647 601 4717 σωτηρίου
644 4646 838 4711 λόγους
875 4646 924 4695 εί
966 4643 1136 4704 οὕτως
1180 4641 1292 4710 ἔχει
1329 4642 1396 4693 τὰ
1429 4641 1527 4709 τῆς
1569 4639 1893 4702 ἀποδείξεως

331 4738 517 4806 ύμῶνς
541 4735 727 4798 Οὓτως
753 4734 934 4801 μέντοι
960 4730 1279 4799 ἀγαπῶντες
1302 4729 1589 4799 ἀλλήλους,
1614 4728 1891 4780 παύσασθε

329 4828 675 4898 ἀποχρῆσθαι
699 4823 970 4894 ἀξιώματι
991 4822 1255 4891 βασιλέως
1274 4838 1287 4850 ·
1314 4821 1407 4873 καὶ
1431 4819 1507 4890 μὴ
1526 4818 1747 4871 διώκετε
1768 4819 1893 4879 τοὺς

329 4918 576 4984 ἀκριϐῶς
598 4916 677 4985 τῷ
700 4915 818 4983 Θεῷ
840 4911 1289 4981 λειτουργοῦντας
1307 4925 1322 4940 ο
1346 4905 1421 4963 ὢν
1443 4913 1563 4970 ταῖς
1589 4910 1775 4978 εὐχαῖς
1802 4910 1894 4960 καὶ

292 5126 311 5139 ο
405 5102 483 5166 (l)
534 5095 971 5158 Valentinianus,
1020 5095 1177 5164 juxta
1220 5092 1652 5166 Theodoretum,
1688 5091 1893 5166 scripto

333 5160 477 5223 huic
514 5167 756 5222 Valentis
803 5160 1036 5230 quo’que‘
1076 5177 1273 5217 nomen
1329 5160 1585 5224 inseruit,
1620 5161 1704 5215 vel
1748 5164 1893 5229 quod

329 5241 514 5293 adhuc
539 5236 587 5289 is
619 5236 676 5288 in
725 5231 993 5288 catholica
1035 5234 1305 5287 sententia
1347 5240 1512 5294 esset,
1543 5231 1626 5285 vel
1675 5241 1734 5283 ut
1767 5245 1892 5283 eum

331 5310 498 5362 tacita
552 5306 930 5358 cohortatione
981 5305 1036 5355 in
1091 5302 1234 5354 viam
1290 5301 1598 5356 reduceret.
1646 5300 1892 5365 Quorum

329 5379 567 5431 alterum
618 5373 751 5426 mihi
785 5371 1140 5426 verisimilius
1176 5385 1298 5424 esse
1345 5370 1584 5425 videtur.
1610 5369 1895 5423 Valentem

333 5445 560 5506 itidem,
613 5451 672 5495 ut
720 5440 1160 5496 Valentinianum
1212 5439 1458 5504 fratrem,
1525 5438 1894 5492 orthodoxum

333 5527 590 5583 primum
622 5510 813 5574 luisse,
842 5512 936 5563 sed
966 5519 1172 5583 postea
1216 5526 1246 5561 a
1297 5511 1548 5579 conjuge,
1576 5507 1800 5583 perinde
1836 5517 1896 5562 ut

332 5578 398 5637 ab
428 5583 536 5636 Eva
568 5581 854 5635 Adaunnn.
884 5579 1166 5632 seductum
1194 5591 1318 5631 eum
1347 5578 1468 5632 esse
1498 5595 1513 5642 ;
1545 5578 1700 5647 cujus
1730 5592 1894 5631 suasu

335 5656 423 5707 Ille
449 5653 717 5704 adversus
742 5648 973 5702 Gozthos
997 5648 1049 5699 in
1083 5646 1368 5700 Thraciam
1400 5646 1753 5701 excurrentes
1786 5662 1895 5700 non

338 5728 495 5775 longe
545 5722 614 5773 ab
657 5719 886 5775 iunctio
932 5726 1183 5779 suscepto
1217 5717 1418 5769 bellum
1447 5725 1727 5784 gesturus,
1750 5718 1894 5771 sacri

1990 3272 2222 3328 Domino
2271 3275 2522 3328 salutem.
2567 3276 2703 3330 Cum
2748 3286 2897 3330 tanta
2944 3278 3001 3331 in
3044 3278 3258 3350 Illyrico
3303 3292 3423 3336 acta
3477 3282 3550 3337 sit

1988 3365 2251 3434 synodus,
2282 3377 2338 3419 et
2371 3367 2603 3435 quaestio
2643 3367 2833 3437 ingens
2869 3368 2935 3424 de
2965 3370 3188 3424 salutari
3239 3374 3406 3427 verbo
3433 3383 3547 3428 tra-

1991 3464 2159 3516 ctata,
2219 3467 2299 3508 ter
2342 3456 2648 3511 beatissimi
2683 3458 2929 3528 episcopi
2966 3458 3334 3516 decreverunt
3365 3464 3550 3518 Trinic

1992 3553 2155 3597 tatem
2193 3546 2503 3612 ὁμοούσιον,
2536 3547 3081 3612 consubstantialem,
3113 3550 3288 3604 Patris
3335 3561 3393 3606 et
3426 3554 3551 3609 Filii

1991 3644 2048 3687 et
2095 3634 2334 3702 Spiritus
2366 3622 2564 3689 sancti.
2600 3637 2774 3701 Quam
2810 3637 2903 3706 qui
2957 3639 3165 3704 colunt,
3201 3657 3547 3713 nequaquam

1994 3726 2365 3779 ministerium
2418 3737 2467 3781 et
2523 3727 2864 3781 iunctionem
2903 3729 3006 3781 sibi
3043 3733 3331 3797 creditam,
3369 3735 3441 3790 ita
3490 3746 3552 3792 ut

1995 3831 2092 3883 par
2125 3825 2230 3878 est,
2277 3815 2645 3885 defugientes,
2695 3817 3021 3887 religionem
3056 3822 3200 3889 regis
3229 3827 3409 3894 magni
3445 3841 3547 3880 co-

1992 3907 2113 3960 lunt
2141 3922 2155 3961 :
2185 3921 2419 3974 eamque
2468 3905 2823 3974 depraadieari
2856 3917 3046 3962 nostra
3079 3914 3337 3981 prarcepit
3372 3915 3548 3970 subli-

1993 4000 2175 4050 mitas.
2202 3996 2381 4065 Atque
2426 3997 2496 4050 ita
2524 3997 2748 4066 quidem
2778 4012 2848 4051 ne
2895 3999 3061 4067 aliqui
3091 4000 3299 4066 dicant,
3330 4005 3553 4074 religio-

1994 4103 2120 4142 nem
2187 4088 2558 4157 imperatoris,
2609 4089 2703 4157 qui
2769 4089 2911 4141 banc
2974 4097 3176 4143 terram
3238 4092 3552 4162 gubernat,

1993 4189 2344 4235 consectatos
2384 4195 2442 4234 se
2469 4195 2612 4243 esse,
2663 4194 2771 4234 non
2820 4182 2952 4237 satis
2999 4197 3125 4236 eum
3156 4185 3249 4253 qui
3283 4184 3353 4241 de
3376 4189 3554 4247 salute

1995 4276 2311 4330 mandatum
2358 4276 2517 4331 nobis
2564 4276 2758 4343 dedit,
2809 4277 3117 4333 audientes.
3186 4281 3359 4338 Sicuti
3404 4266 3556 4342 enim

1996 4369 2353 4438 Evangelium
2409 4368 2502 4422 Dei
2551 4369 2752 4431 nostri,
2790 4369 2937 4438 quod
2975 4372 3199 4440 quidem
3254 4375 3395 4431 hanc
3438 4394 3557 4433 rem

1925 4472 1969 4526 ι)
1999 4459 2258 4525 decidens
2295 4458 2585 4528 dijudicat.
2620 4459 2756 4515 dicit
2787 4476 2803 4514 :
2837 4462 3022 4516 Danda
3048 4475 3202 4529 sunt,
3235 4483 3356 4535 qua:
3376 4468 3556 4525 Caesa-

1997 4555 2073 4605 ris
2108 4562 2253 4609 sunt.
2286 4550 2485 4605 Caesari
2508 4589 2524 4613 ,
2569 4560 2624 4604 et
2661 4567 2783 4621 qua!
2832 4552 2925 4606 Dei
2968 4554 3077 4608 Deo
3114 4555 3237 4625 (3):
3288 4558 3420 4625 quid
3458 4573 3560 4615 vos

1995 4658 2124 4696 vero
2161 4643 2371 4705 dicitis,
2407 4643 2653 4711 episcopi
2680 4651 2738 4695 et
2767 4643 3038 4698 salutiferi
3084 4645 3240 4699 verbi
3272 4647 3510 4714 prmfecti
3534 4651 3563 4703 ?

1992 4734 2075 4785 An
2124 4732 2203 4785 sic
2253 4748 2473 4802 quoque
2518 4744 2700 4787 vestra
2750 4743 3064 4802 comparata
3114 4745 3245 4789 sunt
3294 4737 3564 4794 decreta?

1994 4822 2181 4890 Itaque
2212 4835 2399 4876 mutua
2430 4822 2705 4876 charitate
2734 4838 2832 4877 vos
2884 4824 3120 4879 invicem
3173 4828 3556 4894 complecten-

1994 4924 2100 4977 tes,
2133 4914 2413 4981 majestate
2434 4920 2489 4966 et
2519 4913 2848 4967 auctoritate
2868 4913 3218 4983 imperatoris
3236 4917 3388 4972 abuti
3412 4919 3562 4975 desi-

1994 5090 2250 5158 haptismi
2296 5091 2611 5163 lavacrum,
2652 5091 2864 5163 ‘priore
2930 5092 3215 5163 religionis
3280 5097 3558 5152 sententia

1995 5168 2226 5235 mutata,
2260 5160 2330 5215 ab
2361 5160 3250 5235 Eudoxio_ConstantinOpolitano
3297 5166 3563 5235 episc0po

1994 5230 3051 5303 Ariano_susceperitLTheod._scribit.
3082 5234 3180 5288 lib.
3212 5249 3287 5299 tv,
3322 5230 3442 5303 cap.
3471 5230 3557 5291 Η.

2067 5300 2144 5369 (2)
2178 5298 2241 5351 Et
2267 5300 2482 5355 Valens.
2520 5300 2728 5354 Theod.
2767 5300 2862 5354 lib.
2897 5318 2969 5364 tv,
3006 5319 3052 5356 c.
3088 5304 3141 5357 8.

2066 5370 2144 5440 (5)
2186 5369 2345 5423 Tales
2396 5370 2599 5438 quippe
2648 5384 2815 5438 supra
2874 5372 3057 5427 verbis
3107 5372 3392 5427 'l‘hemistii
3427 5372 3562 5428 dicti
3633 5369 3640 5378 ’

1996 5448 2124 5496 sunt
2170 5453 2469 5509 purpuram
2520 5442 2690 5509 magis
2720 5455 2881 5509 quam
2930 5441 3100 5497 Deum
3141 5448 3346 5503 colere,
3379 5441 3476 5496 lib.
3503 5458 3560 5504 ι.

1997 5524 2118 5581 cap.
2155 5509 2253 5581 42ἒ
2273 5508 2485 5581 Theod.
2517 5508 2652 5581 Ὅτι
2676 5508 2979 5581 ἀνηκαμενν
3005 5512 3373 5581 τῂὴθρησκείᾳ
3414 5511 3566 5581 βασι-

1995 5579 2145 5649 λέῳς
2166 5578 2259 5649 τού
2290 5577 2569 5649 διέποντος
2600 5578 2701 5649 τὴν
2734 5577 2838 5645 γῆν
2862 5577 3326 5649 stemmate“,
3349 5577 3425 5635 'se‘
3461 5585 3566 5636 hoc

1998 5647 2246 5714 religioni
2293 5648 2662 5720 imperatoris,
2697 5649 2792 5718 qui
2836 5647 3109 5718 regionem
3164 5652 3309 5705 hanc
3368 5654 3567 5720 guber-

2000 5726 2110 5777 nat.
2140 5717 2518 5773 consectandzc
2549 5717 2826 5787 tribuisse,
2862 5717 2954 5775 lib.
2993 5737 3066 5788 iv,
3100 5736 3220 5793 cap.
3262 5720 3315 5776 8.
