3986 6190
398 291 510 354 675

1623 287 2042 348 NICEPIIOIH
2087 286 2425 346 CALLISTI

3529 284 3640 345 θῖῦ

398 406 533 468 rite,
571 413 625 458 et
675 402 926 472 persequi
964 416 1060 456 eos
1109 401 1200 470 qui
1256 410 1518 454 accurate
1569 408 1626 454 et
1671 400 1965 470 diligenter

2076 399 2296 468 πόλεμοι
2344 399 2751 452 καταπαύονται
2799 399 2886 451 ἐπὶ
2933 397 3030 465 τῆς
3083 397 3205 466 γῆς,
3255 398 3345 449 καὶ
3393 398 3643 464 ἀγγέλων

399 497 510 550 Deo
577 496 748 561 sacris
791 503 1091 563 operantur
1145 503 1200 546 et
1254 493 1525 555 serviunt,
1586 494 1961 561 supersedete.

399 586 602 638 Eorum
633 600 762 638 sane
794 584 1052 652 precibus
1084 591 1141 636 et
1175 583 1313 636 bella
1351 583 1402 636 in
1440 582 1604 637 terris
1650 585 1962 652 sopinntur,

397 686 454 727 ct
485 684 856 742 apostatarum
914 670 1317 742 rebellium'que
1358 675 1676 741 angelorum
1710 675 1965 729 incursus

399 767 763 835 repelluntur.
828 765 994 818 iidem
1051 752 1402 819 orationibus
1454 767 1570 820 suis
1627 767 1963 833 perniciosos

394 871 588 908 ornnes
635 856 910 908 tltemoncs
963 855 1274 924 propellere
1324 857 1569 910 student.
1608 857 1677 911 Et
1727 871 1850 910 cum
1908 858 1960 910 in

397 946 797 1013 rempublicam
834 946 1136 1000 secundum
1167 947 1316 1015 leges
1354 949 1500 1015 quod
1539 947 1745 1002 debent
1776 950 1963 1004 confe-

398 1045 550 1098 runt,
590 1045 702 1089 tum
756 1034 1024 1104 principis
1069 1035 1328 1103 potestati
1369 1051 1477 1088 non
1527 1036 1832 1098 resistunt,
1867 1038 1960 1090 sed

397 1129 613 1182 sincere
644 1137 700 1180 et
732 1115 975 1182 cmlEstis
1004 1127 1163 1196 Regis
1194 1125 1448 1179 mandata
1481 1135 1726 1189 servant,
1758 1135 1808 1180 et
1832 1127 1963 1194 legi—

401 1219 505 1272 bus
529 1219 732 1272 nostris
767 1226 999 1287 parent:
1044 1233 1139 1270 vos
1165 1227 1348 1270 autem
1382 1217 1771 1269 inobcdientes
1803 1231 1966 1284 appa-

2069 489 2393 542 ἀποστατῶν
2441 488 2725 552 ἐπιϐάσεις
2773 488 3241 558 ἀποστρέφονται,
3293 489 3391 547 καὶ
3436 489 3645 550 πάντας

2069 582 2332 650 δαίμονας
2357 583 2715 650 φθοριμαίους
2733 584 3096 651 ἀποστρέφειν
3111 581 3198 633 διὰ
3221 582 3457 651 δεήσεως
3481 599 3646 634 ato-.-

2069 670 2322 734 δάζοντες
2347 687 2360 700 ⁸
2397 673 2490 722 καὶ
2520 673 2586 723 τά
2620 671 2861 740 δημόσια
2897 671 3040 723 κατά
3071 672 3268 740 νόμους
3304 671 3644 740 εἰσκομίζει-ο

2071 761 2242 816 ίσασι.
2273 764 2381 816 Καὶ
2411 764 2510 816 οὐκ
2542 763 2886 830 ἀντιλέγουσι
2913 767 2978 834 τῇ
3008 763 3102 816 τοῦ
3136 765 3467 833 κρατοῦντος
3495 764 3643 828 ἐξουο

2073 855 2198 924 σία,
2234 853 2348 904 ἀλλ’
2372 853 2680 921 εἰλικρινῶς
2722 855 2816 907 καὶ
2848 854 2946 923 τὴν
2982 854 3072 907 τοῦ
3122 854 3337 908 ἀνωθεν
3375 856 3644 925 βασιλέως

2070 945 2288 1013 ἐντολήν
2321 945 2674 1013 φυλάττουσι,
2706 947 2800 999 καὶ
2832 949 2944 1009 τοῖς
2976 947 3268 1016 ἡμετέροις
3299 947 3483 1012 νόμοις
3512 948 3644 998 ὑπο-

2070 1037 2389 1098 τάσσονται,
2424 1037 2582 1106 ὑμεῖς
2611 1037 2668 1089 δὲ
2700 1036 2942 1099 ἀπειθεῖς
2970 1038 3244 1108 ἐδείχθητε
3275 1035 3645 1103 εἷναι.’ἰίμεῖς

2074 1126 2172 1194 μὲν
2206 1127 2559 1196 ἐχρησάμεθα
2593 1129 2667 1196 vf»
2701 1144 2736 1180 α
2769 1126 2874 1191 ἕως
2907 1126 3004 1180 τοῦ
3037 1145 3114 1194 ω,
3163 1129 3322 1197 ὑμεῖς
3353 1128 3411 1181 δὲ
3464 1128 3645 1190 αὐτοῖς

2073 1219 2416 1271 ἀπεδώκατε.

394 1312 606 1366 ruistis.
658 1312 767 1364 Nos
809 1311 1029 1380 quidem
1075 1310 1157 1363 usi
1199 1324 1393 1364 sumus
1439 1309 1727 1362 tolerantia
1773 1309 1840 1362 ab
1881 1310 2000 1377 ipso
2061 1309 2206 1376 ἄλφα
2273 1326 2442 1380 usque
2487 1311 2551 1365 ad
2598 1331 2642 1366 ω
2674 1313 2784 1384 (Ι),
2824 1307 3138 1367 vos‘autem
3179 1313 3336 1368 vobis
3397 1313 3533 1384 ipsis
3564 1329 3650 1368 re-

395 1410 688 1464 tribuistis.

471 1502 632 1571 168
669 1520 686 1552 ι
728 1500 918 1570 Itaque
950 1509 1010 1554 ut
1052 1499 1242 1553 mundi
1274 1507 1331 1553 et
1363 1497 1637 1552 immunes
1672 1513 1701 1551 a
1738 1506 1964 1566 peccato

395 1602 578 1646 vestro
615 1592 809 1652 simus,
863 1588 1328 1658 quetnadrnodum
1362 1587 1570 1642 Pilatus
1607 1589 1657 1640 in
1695 1586 1962 1656 disquisi-

399 1683 550 1736 tione
583 1692 638 1735 et
665 1680 876 1750 judicio
919 1679 1192 1732 versanti:.
1235 1679 1378 1729 inter
1417 1693 1516 1730 nos
1564 1675 1797 1740 Christi,
1835 1691 1960 1728 cum

395 1789 598 1828 necare
628 1788 754 1827 eum
807 1772 1001 1828 nollet.
1033 1770 1127 1823 sed
1160 1770 1214 1821 in
1242 1768 1539 1823 amictione
1568 1769 1864 1832 solaretur,
1895 1769 1962 1822 ad

393 1866 640 1919 Orientis
705 1877 887 1932 partes
959 1876 1262 1915 conversus
1337 1876 1477 1929 aqua
1545 1860 1786 1930 ﬂagitata
1851 1877 1966 1913 ma-

397 1975 502 2013 nus
558 1973 686 2012 suas
740 1957 936 2019 abluit,
981 1955 1209 2008 dicens;
1242 1955 1472 2007 Mundus
1504 1971 1622 2007 sum
1668 1965 1716 2004 et
1773 1952 1967 2022 impol-

397 2053 542 2104 lutus
579 2068 610 2102 a
639 2049 901 2117 sanguine
928 2048 1063 2116 justi
1096 2047 1252 2116 hujus
1281 2062 1300 2099 :
1339 2045 1418 2098 sic
1465 2045 1734 2097 celsitudo
1779 2052 1966 2096 nostra

396 2156 621 2209 semper
674 2137 945 2208 praecipit,
997 2151 1104 2188 non
1159 2133 1595 2202 persequendos,
1630 2146 1809 2200 neque
1855 2141 1970 2183 tan-

400 2246 565 2300 quam
614 2229 876 2284 lluctibus
921 2225 1264 2288 obruendos,
1301 2240 1477 2292 neque
1512 2223 1861 2277 aemulatione
1912 2233 1971 2276 et

399 2323 609 2376 invidia
639 2308 1058 2389 opprimendos,
1095 2317 1192 2386 qui
1229 2317 1280 2369 in
1321 2315 1525 2370 Christi
1560 2331 1690 2380 agro
1721 2330 1860 2383 opus
1893 2314 1970 2367 la-

401 2417 579 2475 ciunt,
609 2427 788 2480 neque
823 2411 962 2464 adeo
997 2409 1326 2478 rejiciendos
1361 2408 1772 2475 dispensatores
1806 2406 1971 2475 Regis

401 2507 582 2576 magni
621 2520 766 2567 esse,
794 2511 852 2555 ut
878 2519 946 2557 ne
974 2502 1137 2556 hodie
1163 2501 1387 2570 quidem
1422 2499 1526 2553 sub
1553 2499 1762 2553 ditione
1783 2507 1972 2552 nostra

397 2613 651 2652 crescere
680 2595 979 2648 videamini
1007 2636 1021 2658 ,
1059 2602 1116 2648 at
1143 2593 1294 2646 brevi
1331 2600 1475 2660 post,
1508 2606 1633 2644 cum
1665 2589 1972 2659 “agitatore

397 2694 512 2743 sive
552 2690 909 2741 cxhortatore
951 2685 1126 2743 necis.
1177 2699 1241 2737 ea
1291 2698 1414 2752 quae
1452 2681 1766 2736 testamenti
1821 2680 1974 2734 illius

402 2791 556 2843 sunt,
579 2780 749 2833 veluti
783 2779 836 2832 in
870 2775 1149 2830 Zachariae
1182 2774 1472 2843 sanguine,
1508 2771 1811 2842 patiamini.
1835 2771 1971 2826 Cum

403 2888 536 2941 quo,
574 2871 666 2940 qui
711 2869 762 2923 ei
799 2881 1156 2928 consensere,
1195 2881 1224 2919 a
1255 2865 1468 2918 caelesti
1506 2864 1841 2932 imperatore
1873 2878 1973 2917 no-

403 2976 519 3018 stro
556 2964 684 3017 Jesu
717 2959 957 3019 Christo.
992 2965 1120 3010 ante
1152 2957 1451 3009 adventum
1484 2955 1793 3008 etiamnum
1831 2955 1972 3025 ejus,

2149 1513 2167 1545 ι
2204 1495 2392 1564 Ἡμεῖς
2427 1494 2612 1558 μέντοι
2643 1495 2914 1565 καθαροὺς
2943 1495 3171 1559 ἑαυτοὺς
3202 1497 3294 1564 ἀφ’
3322 1497 3475 1564 ὑμῶν
3500 1493 3642 1549 εἶναι

2074 1586 2344 1649 θέλοντες,
2374 1585 2448 1648 ὼς
2486 1586 2578 1638 καὶ
2614 1586 2845 1648 Πιλᾶτος
2879 1587 2970 1640 ἐπὶ
3001 1585 3099 1655 τῆς
3133 1583 3431 1650 ἐξετάσεως
3461 1588 3552 1640 τοῦ
3591 1592 3647 1640 ἐν

2072 1680 2206 1746 ἡμῖν
2259 1678 2683 1746 πολιτευομένου
2735 1676 3011 1747 Χριστοῦ,
3067 1676 3141 1746 μὴ
3193 1677 3436 1739 θέλοντος
3485 1678 3648 1730 αὑτὸν

2068 1765 2298 1829 ἀνελεῖν,
2335 1769 2427 1819 καὶ
2465 1769 2604 1836 ὑπὲρ
2635 1766 2730 1820 τοῦ
2767 1766 2962 1819 παθεῖν
2995 1767 3160 1819 αὐτὸν
3195 1767 3642 1836 παρακληθέντα,

2067 1861 2428 1931 ἐπιστραφεὶς
2458 1861 2552 1914 ἐπὶ
2575 1861 2644 1914 τὰ
2670 1861 2768 1929 τῆς
2795 1861 3062 1929 ἀνατολῆς
3094 1863 3262 1930 μέρη,
3290 1864 3386 1913 καὶ
3415 1862 3646 1928 αἰτήσας

2070 1952 2212 2021 ὕδωρ
2240 1953 2332 2004 ἐπὶ
2358 1953 2562 2023 χειρῶν
2579 1993 2594 2018 ,
2622 1951 2844 2020 ἐνίψατο
2865 1951 3036 2024 αὑτοῦ
3063 1953 3161 2016 τὰς
3188 1955 3399 2021 χεῖρας,
3427 1951 3604 2013 λέγων
3631 1969 3647 1983 ·

2080 2043 2286 2108 ’Λθῶός
2325 2045 2442 2113 εἰμι
2487 2045 2607 2098 ἀπὸ
2647 2045 2756 2098 τοῦ
2794 2045 3048 2111 αἵματος
3090 2043 3198 2096 τοῦ
3239 2042 3475 2097 δίκαιον
3511 2045 3651 2097 τού-

2068 2151 2176 2188 του
2201 2151 2216 2164 ⁸
2249 2134 2420 2198 οὕτως
2455 2137 2549 2188 καὶ
2578 2137 2641 2188 τὸ
2678 2137 2948 2207 ἡμέτερον
2977 2136 3182 2206 κράτος
3210 2135 3498 2197 διαπαντὸς
3532 2138 3655 2188 ἑνε-

2070 2225 2308 2289 τείλατο,
2345 2225 2420 2295 μὴ
2454 2225 2699 2288 διώκειν,
2732 2229 2871 2297 μήτε
2906 2225 3250 2290 ἐπικλύζειν,
3279 2226 3418 2294 μήτε
3450 2225 3653 2296 ζηλοῦν

2071 2318 2196 2378 τοὺς
2235 2318 2636 2386 ἐργαζομένους
2682 2319 2743 2371 τδ
2785 2321 2985 2389 χωρίον
3027 2318 3123 2373 τοῦ
3169 2318 3432 2389 Χριστοῦ,
3503 2321 3653 2387 μήτε
3693 2325 3696 2330 ’

2071 2409 2197 2470 τοὺς
2234 2410 2508 2479 διοικητὰς
2552 2411 2881 2464 ἀπελαύνειν
2921 2412 3031 2464 τοῦθ
3062 2413 3301 2480 μεγάλου
3332 2411 3611 2472 Βασιλέως
3636 2428 3652 2440 ·

2073 2493 2162 2548 ίνα
2199 2497 2276 2566 μὴ
2313 2499 2550 2567 σήμερον
2589 2499 2688 2568 μὲν
2717 2499 2812 2552 ὲπὶ
2841 2498 2938 2552 τοῦ
2975 2500 3250 2570 ἡμετέρου
3283 2500 3522 2568 κράτους
3555 2498 3658 2552 a6—

2075 2584 2188 2649 ξειν
2211 2584 2422 2654 δόξητε,
2451 2589 2543 2640 καὶ
2573 2587 2782 2656 μεταξὺ
2811 2587 2906 2640 τοῦ
2936 2587 3428 2658 παρακεκλημένον
3454 2587 3656 2640 παθεῖν

2075 2680 2143 2728 τά
2172 2681 2268 2746 τῆς
2300 2678 2567 2748 διαθήκης
2597 2679 2794 2743 αὑτοῦ,
2821 2680 2895 2740 ὡς
2930 2680 3021 2732 ἐπὶ
3052 2681 3324 2750 Ζαχαρίου
3355 2679 3450 2733 τοῦ
3480 2681 3658 2748 αἵμα-

2073 2787 2164 2830 τος
2189 2785 2203 2800 ο
2237 2769 2352 2821 ἀλλ’
2374 2771 2422 2822 οἰ
2456 2772 2573 2838 μετ’
2597 2771 2765 2823 αὑτοῦ
2799 2771 3002 2840 μεταξὺ
3027 2772 3130 2840 τῆς
3159 2771 3394 2840 ἀφίξεως
3421 2772 3528 2825 uno
3552 2771 3657 2825 τοῦ

2077 2862 2284 2914 ἄνωθεν
2326 2862 2594 2932 βασιλέως
2637 2862 2795 2932 ἡμῶν
2834 2863 3011 2930 Ἰησοῦ
3054 2864 3294 2934 Χριστοῦ
3337 2865 3661 2934 ἐρράγησαν

2079 2953 2479 3022 παραδοθέντες
2513 2954 2592 3015 εἰς
2631 2953 2815 3024 κρίσιν
2850 2955 3086 3008 θανάτου
3115 2955 3264 3026 μετά
3294 2955 3388 3008 τοῦ
3423 2955 3660 3026 συνδρα-

405 3055 644 3122 disrupti
671 3059 822 3111 sunt,
851 3048 916 3102 ad
941 3047 1212 3118 judicium
1247 3045 1441 3099 mortis
1468 3060 1576 3099 una
1621 3059 1746 3098 cum
1780 3059 1971 3099 conse-

2081 3045 2274 3114 μόντος
2303 3047 2486 3108 αὐτοῖς
2518 3047 2848 3117 φθοριμαίου
2880 3047 3154 3116 δαίμονος.
3183 3046 3354 3100 Τοῦτο
3382 3049 3664 3115 προσετά-

405 3152 612 3212 quente
643 3156 741 3195 eos
775 3139 963 3192 letltali
999 3137 1250 3190 dmmone
1284 3135 1490 3189 traditi.
1523 3133 1836 3188 Mandatum
1868 3136 1973 3190 hoc

404 3233 708 3290 edidimus.
744 3229 1049 3298 Amegetio,
1095 3237 1152 3282 et
1185 3226 1502 3289 Ciceronio,
1533 3235 1590 3280 et
1623 3226 1870 3289 Darnaso,
1917 3237 1974 3280 et

409 3327 788 3393 Dialampone,
819 3332 875 3376 et
907 3321 1154 3375 Bretesio
1191 3319 1570 3374 audientibus.
1599 3318 1741 3383 Quin
1770 3328 1825 3371 et
1855 3329 1973 3371 acta

410 3420 474 3473 ad
513 3433 609 3470 vos
655 3415 931 3478 misimus,
969 3421 1027 3466 ut
1056 3413 1333 3481 praeclara:
1372 3411 1491 3479 ejus
1524 3409 1720 3480 synodi
1753 3406 1974 3463 decreta

417 3510 613 3566 noritis
642 3529 650 3559 :
681 3521 916 3576 quorum
943 3505 1119 3572 capita
1154 3501 1353 3555 litteris
1381 3501 1528 3555 hisce
1558 3500 1833 3569 adjuncta,
1858 3500 1975 3554 haec

409 3603 878 3670 complectuntur.
911 3597 1264 3658 Prolitemur,
1291 3595 1444 3665 juxta
1485 3591 1816 3647 sententiam
1864 3607 1977 3645 ma—

408 3705 528 3756 gnze
589 3698 643 3740 et
692 3687 1013 3740 orthodoxa:
1063 3695 1321 3751 recteque
1384 3681 1677 3736 sentientis
1737 3679 1974 3750 synodi,

408 3775 1280 3850 opoodczov,consubstantialem,
1311 3788 1432 3827 esse
1469 3770 1614 3826 Patri
1651 3771 1869 3825 Filium.
1912 3769 1978 3823 Et

409 3875 468 3926 τὸ
512 3870 819 3940 ὁμοούσιον,
851 3863 1346 3929 consubstantiale,
1387 3877 1496 3914 non
1534 3862 1607 3915 ita
1649 3860 1975 3929 accipimus,

408 3964 572 4019 sicuti
622 3973 674 4014 et
723 3961 852 4014 olim
887 3957 1110 4028 quidam
1159 3972 1267 4008 non
1314 3969 1440 4008 vere
1473 3954 1522 4006 ei
1559 3953 1977 4036 subscribentes

408 4064 806 4128 exposuerunt,
851 4062 906 4108 et
950 4067 1100 4105 nunc
1140 4050 1254 4111 alii,
1308 4049 1498 4102 Patres
1534 4048 1656 4100 illos
1691 4057 1976 4110 vocantes,

410 4167 474 4206 ac
505 4152 614 4202 vim
648 4147 1090 4213 sententiamque
1123 4141 1272 4195 verbi
1298 4141 1602 4200 abolentes.
1627 4139 1979 4208 litteramque

411 4250 734 4310 sequentes,
780 4237 1115 4306 intelligunt,
1153 4249 1251 4302 per
1287 4233 1760 4288 consubstantiale
1797 4232 1978 4286 simile

414 4332 756 4402 signiﬁcari,
815 4341 1088 4398 quatenus
1140 4327 1274 4380 nulli
1323 4327 1661 4394 reliquarum
1711 4340 1810 4393 per
1850 4339 1978 4378 eum

2078 3135 2248 3205 εαμεν
2279 3138 2371 3188 ἐπὶ
2407 3137 2461 3188 ’Δ
2475 3138 2734 3206 μεγητίου
2759 3177 2772 3200 ,
2805 3139 2902 3191 καὶ
2933 3137 3271 3207 Κικερωνίου
3292 3179 3306 3200 ,
3338 3140 3433 3190 καί⁵
3461 3140 3663 3206 Δαμάο

2079 3245 2198 3290 σου,
2249 3229 2338 3280 καὶ
2385 3227 2799 3298 Διαλὰμπωνος,
2849 3231 2943 3297 καὶ
2988 3229 3321 3299 Βρεντησίου
3365 3231 3663 3301 ἀκροατῶν

2077 3315 2409 3383 γενομένων.
2436 3315 2618 3386 Ἂπερ
2661 3316 2760 3368 καὶ
2801 3317 2944 3370 αὒτά
2986 3316 3054 3370 τά
3101 3315 3411 3387 πραχθέντα
3453 3317 3664 3382 ἐξαπε-

2079 3407 2394 3474 στάλκαμεν
2429 3407 2564 3476 πρὸς
2609 3407 2789 3476 ὑμᾶς,
2828 3407 2914 3460 ίνα
2957 3407 3162 3476 γνῶναι
3203 3410 3364 3478 ἔχητε
3398 3410 3467 3464 τά
3508 3427 3663 3478 πρα-

2078 3497 2276 3566 χθέντα
2310 3497 2365 3548 έν
2393 3500 2459 3566 τῇ
2497 3497 2736 3567 εναρέτῳ
2774 3497 2978 3567 συνόδῳ
3003 3515 3017 3528 ·
3052 3498 3088 3552 ἀ
3121 3499 3186 3568 δὴ
3220 3501 3316 3552 καὶ
3349 3501 3659 3568 παρέζευξε

2077 3586 2190 3646 τοῖς
2235 3585 2560 3653 γράμμασιν
2611 3585 2671 3638 ὲν
2724 3585 3008 3655 κεφαλαίῳ
3054 3586 3232 3639 ταῦτα
3280 3587 3344 3656 δὴ
3389 3589 3660 3657 δογματί-

2079 3679 2682 3749 ζοντα.⁹ομολογοῦμεν
2711 3680 3016 3744 ἀκολούθως
3043 3685 3108 3751 τῇ
3140 3681 3354 3753 μεγάλῃ
3381 3684 3472 3736 καὶ
3496 3683 3662 3753 ὀρθο-

2080 3773 2214 3841 δόξῳ
2259 3773 2479 3842 συνόδῳ,
2525 3773 2814 3840 ὁμοούσιον
2855 3769 2993 3827 εἶναι
3034 3776 3111 3844 τῷ
3160 3777 3328 3844 Πατρὶ
3367 3777 3458 3827 τὸν
3500 3776 3658 3835 rem,

2081 3869 2173 3918 καὶ
2205 3867 2303 3934 οὐχ
2337 3865 2480 3919 οὕτω
2516 3865 2746 3934 νοοῦμεν
2808 3867 2870 3919 τὸ
2903 3867 3212 3935 ὁμοούσιον,
3247 3868 3323 3931 ὡς
3357 3871 3448 3922 καὶ
3484 3872 3660 3922 παλαι

2081 3957 2225 4018 τινὲς
2257 3958 2626 4028 ἐξηγήσαντο,
2663 3958 2736 4029 μὴ
2769 3958 3036 4028 ἀληθινῶς
3069 3961 3487 4030 ὑπογράψαντες
3513 3980 3527 3993 ’
3561 3966 3665 4015 καὶ

2081 4045 2173 4097 νῦν
2202 4047 2413 4116 ἕτεροι,
2445 4050 2692 4117 πατέρας
2725 4049 2969 4111 ἐκείνους
2997 4049 3324 4115 καλοῦντες,
3357 4052 3456 4120 τὴν
3483 4054 3663 4108 δύνας

2085 4152 2176 4204 μιν
2224 4139 2318 4206 τῆς
2371 4137 2577 4206 λήξεως
2631 4138 3036 4206 ἀθετήσαντες,
3089 4141 3187 4193 καὶ
3237 4141 3494 4209 ἑπόμενοι
3541 4148 3665 4206 τοῖς

2081 4226 2408 4296 γράμμασι,
2440 4229 2501 4280 τὸ
2534 4230 2720 4296 ὅμοιον
2750 4229 3046 4297 δηλοῦσθαι
3076 4230 3166 4283 διὰ
3196 4232 3290 4284 τοῦ
3321 4234 3610 4302 όμοουσίου
3643 4252 3660 4266 ·

2083 4317 2208 4368 καθ’
2227 4318 2254 4371 ὅ
2283 4319 2461 4370 οὐδενὶ
2490 4319 2600 4372 τῶν
2626 4319 2835 4372 λοιπῶν
2867 4321 3181 4391 κτισμάτων
3211 4323 3280 4375 δι’
3303 4325 3466 4377 αὑτοῦ
3498 4343 3663 4390 γενο-

413 4428 679 4478 laetarum
715 4431 1095 4475 creaturarum
1151 4418 1325 4472 Filius
1373 4417 1819 4485 arquiparandus,
1872 4416 1971 4470 soli

2086 4409 2265 4479 μένων
2291 4411 2540 4481 ἐμφερὴς
2566 4412 2594 4463 ὁ
2621 4411 2750 4474 Υἱός
2774 4430 2786 4442 ο
2816 4395 2988 4482 ἀλλίῆ
3019 4415 3170 4485 μόνῳ
3197 4415 3275 4486 τῷ
3303 4418 3476 4487 Πατρὶ
3504 4417 3665 4484 ἀφω-

410 4513 556 4568 Patri
601 4512 803 4566 similis
845 4519 1009 4578 atque
1039 4508 1264 4577 aequalis
1292 4507 1382 4561 sit.
1441 4506 1545 4572 Qui
1573 4508 1719 4560 enirn
1765 4506 1871 4559 hoc
1902 4505 1975 4560 ita

409 4612 714 4671 exponunt.
741 4599 1072 4669 praecipuam
1101 4605 1410 4652 creaturam
1430 4609 1552 4650 esse
1587 4595 1752 4664 impie
1778 4596 1974 4651 Filium

411 4695 504 4748 ltei
558 4693 774 4746 docent.
827 4691 930 4744 Sed
983 4705 1102 4749 nos.
1137 4688 1298 4743 sicuti
1338 4697 1394 4742 et
1439 4701 1586 4740 nunc
1626 4685 1882 4740 Romanae
1921 4696 1978 4740 et

407 4787 629 4840 Uall'cze
663 4783 883 4852 synodi,
922 4783 1215 4842 sentimus,
1264 4795 1426 4834 unam
1459 4789 1513 4833 et
1559 4780 1806 4834 eamdem
1853 4793 1978 4833 esse

410 4876 773 4928 substantiam
809 4874 983 4927 Patris
1026 4883 1081 4926 et
1130 4872 1254 4924 Filii
1293 4882 1349 4925 ct
1380 4871 1620 4939 Spiritus
1672 4869 1872 4932 sancti,
1920 4869 1976 4921 in

410 4969 584 5021 tribus
618 4968 888 5034 personis,
935 4964 1037 5018 hoc
1076 4976 1180 5021 est.
1232 4963 1288 5016 in
1337 4963 1516 5016 tribus
1549 4962 1812 5031 perfectis
1841 4960 1976 5013 sub-

411 5058 696 5111 sistentiis.
730 5057 1060 5110 Prbtitcmur
1097 5070 1246 5119 vero,
1286 5055 1440 5123 juxta
1472 5054 1764 5106 formulam
1798 5052 1974 5104 Nicat-

412 5165 558 5211 nam,
627 5147 821 5201 Filium
877 5145 968 5199 Dei
1015 5145 1565 5207 consubstantialem,
1629 5143 1972 5202 incarnatum

413 5257 529 5295 esse
563 5257 625 5294 ex
667 5249 854 5294 sancta
889 5238 1097 5308 virgine
1130 5239 1321 5298 Maria.
1352 5249 1408 5291 et
1441 5237 1491 5288 in
1524 5237 1842 5288 hominibus
1883 5235 1977 5288 ha-

413 5335 639 5393 bitasse,
672 5347 726 5386 et
783 5331 1094 5399 implevisse
1140 5345 1358 5382 omnem
1401 5344 1495 5396 pro
1534 5327 1694 5381 nobis
1739 5325 1978 5380 fuitetio-

413 5442 560 5485 nem.
597 5427 650 5479 in
697 5425 1006 5489 nativitate,
1052 5434 1101 5476 et
1137 5423 1414 5492 passione,
1461 5429 1516 5472 et
1550 5418 1974 5480 resurrtctione,

411 5528 470 5572 et
532 5519 586 5570 in
649 5519 820 5571 caelos
873 5515 1216 5569 asrcnsione.
1268 5511 1430 5583 169
1482 5511 1730 5579 Euroque
1767 5510 1975 5563 reditu-

487 5627 560 5693 (Ι)
620 5627 961 5693 E,-.iphanius
1013 5627 1406 5684 Schol-rsticus,
1468 5626 1560 5690 qui
1620 5622 1974 5690 Tripartitam

415 5697 702 5749 historiam
733 5710 914 5760 vertit,
958 5700 1057 5749 alia
1088 5719 1114 5747 ιι
1149 5708 1438 5768 ιον-ιιιιιιιιιιι
1478 5704 1719 5757 secutus,
1764 5706 1922 5746 \‘N‘lll
1958 5713 1971 5747 :

2083 4502 2337 4570 μοίωται.
2366 4504 2430 4556 Ol
2463 4504 2572 4574 γὰρ
2598 4503 2826 4555 τοιαῦτα
2857 4504 3238 4574 ἐξηγούμενοι,
3275 4506 3479 4575 κτίσμα
3512 4509 3668 4574 ἐξαίο

2082 4610 2239 4662 ρετον
2287 4595 2504 4658 ἀσεϐῶς
2553 4597 2644 4647 τὸν
2696 4595 2825 4648 rem
2875 4596 2974 4648 τοῦ
3023 4596 3159 4650 Θεοῦ
3211 4598 3665 4667 δογματίζουσιν.

2091 4687 2283 4754 Ἡμεῖς
2313 4687 2370 4738 δὲ
2401 4687 2715 4757 φρονοῦμεν
2737 4728 2752 4753 ,
2784 4688 2861 4750 ῶς
2893 4691 2988 4742 καὶ
3021 4690 3078 4741 αἰ
3112 4690 3322 4742 σύνοδοι
3350 4692 3478 4754 νῦν,
3511 4692 3574 4743 αῖ
3601 4709 3667 4744 τε

2079 4781 2223 4832 κατὰ
2263 4778 2480 4847 Ῥώμην
2516 4784 2612 4831 καὶ
2648 4782 2701 4831 αἰ
2741 4781 2877 4833 κατά
2913 4781 3179 4841 Γαλλίαν,
3221 4782 3348 4844 μίαν
3381 4777 3521 4833 εἶναι
3561 4787 3672 4836 καὶ

2079 4872 2178 4942 τὴν
2211 4874 2380 4942 αὐτὴν
2417 4873 2608 4924 οὐσίαν
2640 4873 2733 4924 τοῦ
2771 4874 2985 4942 [ἰατρὸς
3021 4875 3115 4927 καὶ
3147 4873 3239 4926 τοῦ
3275 4872 3404 4926 Υἰοῦ
3439 4875 3530 4925 καὶ
3562 4877 3669 4926 τοῦ

2079 4965 2237 5032 ἁγίου
2272 4963 2610 5032 ἰινεύματος,
2643 4966 2698 5015 ὲν
2729 4966 2875 5033 τρισὶ
2913 4964 3244 5035 προσώποις,
3277 4965 3570 5026 τουτέστιν,
3603 4969 3669 5017 ἐν

2079 5060 2228 5126 τρισὶ
2265 5056 2499 5120 τελείαις
2548 5057 2955 5111 ὁποστάσεσιν”
2993 5056 3374 5127 ὁμολογοῦμεν
3415 5057 3471 5110 δὲ
3515 5074 3583 5110 κα
3601 5060 3669 5110 τὰ

2079 5149 2176 5219 τὴν
2211 5149 2424 5202 ἔκθεσιν
2458 5149 2554 5220 τὴν
2589 5151 2647 5201 ὲν
2683 5151 2890 5222 Nimia.
2915 5191 2930 5216 ,
2979 5152 3366 5219 σεσαρκῶσθαι
3403 5149 3491 5201 τὸν
3529 5149 3665 5200 Υθων

2079 5241 2173 5292 τοῦ
2205 5240 2340 5293 Θεοῦ
2371 5242 2462 5292 τὸν
2489 5241 2774 5310 ὀμοούσιον
2804 5245 2866 5295 ἐκ
2893 5243 2991 5310 τῆς
3027 5243 3190 5309 ἀγίας
3224 5241 3504 5310 Παρθένου
3535 5241 3665 5292 Μα-

2084 5330 2226 5399 ρίας,
2257 5329 2349 5382 καὶ
2379 5332 2436 5382 ὲν
2467 5329 2776 5398 ἀνθρώποις
2806 5331 3204 5399 ἐσκηνωκέναι,
3236 5330 3331 5381 καὶ
3366 5326 3666 5393 πεπληρω-

2081 5423 2239 5472 κέναι
2282 5424 2464 5473 πᾶσαν
2500 5424 2599 5492 τὴν
2635 5424 2774 5492 ὑπὲρ
2816 5421 2971 5491 ἡμῶν
3005 5421 3322 5490 οἰκονομίαν
3359 5419 3415 5470 ἐν
3447 5421 3672 5485 γενέσει

2083 5515 2176 5565 καὶ
2215 5515 2373 5567 πάθει
2410 5517 2502 5567 καὶ
2536 5516 2854 5580 ἀναστάσει,
2889 5515 2982 5567 καὶ
3014 5517 3077 5585 τῇ
3113 5516 3193 5576 εἰς
3225 5513 3488 5581 οὐρανοὺς
3525 5510 3674 5562 ἀνα.-

2083 5627 2190 5680 Nos
2248 5628 2574 5691 subjicinmr
2628 5629 2676 5682 ei
2741 5629 2832 5695 qui
2890 5629 3099 5697 primus
3171 5636 3228 5679 et
3298 5624 3669 5684 novissimus,

2085 5702 2178 5751 ltlt.
2215 5715 2302 5758 ιιι,
2346 5717 2442 5764 mp
2503 5702 2554 5748 Εἰ.
