3986 6190
214 514 251 531 δ

217 5594 225 5605 '
336 5579 413 5648 (ί)
448 5576 560 5648 δῖε
584 5578 753 5634 habet
787 5577 994 5648 Nicepll
1062 5586 1118 5632 ct
1147 5575 1465 5645 Tripartita.
1505 5568 1835 5648 Theodorit.

317 301 425 369 677

1246 296 1851 367 ECCLESIAS’PlC/E
1890 306 2275 364 IUSTUle
2312 305 2458 369 LIB.
2506 310 2612 368 XI.

3453 328 3563 389 θ’ῐὸ

322 419 502 473 ϐάσει.
534 419 643 473 Καὶ
674 419 840 474 πάλιν
865 419 1021 490 ἥξειν
1050 420 1375 474 ἀποδιδόντα
1404 423 1539 490 ἡμῖν
1570 423 1670 492 τὴν
1698 421 1876 489 ὁμοίω

2006 435 2154 486 rum,
2178 435 2236 476 ut
2268 422 2430 477 nobis
2466 424 2738 479 retribuat
2764 424 3183 483 similitudinum:
3221 429 3457 486 divmam
3484 439 3560 506 (ἰ)

316 529 403 565 σιν
428 508 532 581 τὴν
557 510 716 564 θείαν
743 510 877 581 παρ’
901 510 1124 576 ἐαυτοῦ,
1154 513 1299 566 κατά
1322 515 1423 579 τὴν
1450 515 1682 567 ἑκάστου
1714 514 1894 585 βιοτὴν

312 604 373 655 ἐν
400 605 467 671 τῇ
500 602 687 672 ἡμέρᾳ
713 602 816 672 τῆς
846 602 1090 673 κρίσεως
1114 620 1131 634 ·
1160 604 1641 675 σαρκὶ’όρὼμενον
1670 607 1765 661 καὶ
1795 608 1895 678 τὴν

310 690 510 745 ἑαυτοῦ
541 691 695 767 θείαν
722 692 957 760 δύναμιν
987 691 1398 757 ἐπιδεικνύντα,
1431 695 1565 750 Θεὸν
1593 696 1725 751 ὄντα
1757 716 1892 767 σαρ-

308 766 565 853 κοφόρον,
599 785 693 837 καὶ
724 784 826 838 οὐκ
857 784 1152 855 ἄνθρωπον
1179 786 1471 856 Θεοφόρον.
1506 790 1615 841 Καὶ
1644 791 1768 854 τοὺς
1796 766 1892 844 τά-

306 875 502 928 ναντία
549 875 887 945 φρονοῦντας
935 876 1450 947 ἀναθεματίζομενο
1497 880 1591 932 καὶ
1639 882 1769 944 τοὺς
1817 882 1891 951 μὴ

307 964 553 1033 γνησίως
583 966 1085 1038 ἀναθεματίζοντας
1112 968 1205 1022 τὸν
1232 970 1458 1022 εἰπόντα
1488 971 1570 1023 ὃτι
1602 972 1741 1041 Πρὶν
1769 989 1894 1040 γεν-

306 1055 545 1125 νηθῆναι
568 1056 669 1110 οὐκ
692 1052 762 1128 ἦν
787 1059 815 1112 6
838 1058 968 1120 Υἱός
988 1074 1002 1090 ’
1032 1058 1170 1115 ἀλλά
1200 1059 1491 1130 γράψαντα
1521 1062 1602 1114 ὄτι
1632 1064 1723 1114 καὶ
1756 1063 1891 1132 Πρὶν

306 1148 562 1218 ἐνεργείᾳ
590 1150 939 1219 γεννηθῆναι,
964 1150 1195 1219 δυνάμει
1221 1148 1287 1222 ἧν
1313 1153 1372 1204 ἐν
1396 1152 1471 1222 τῷ
1499 1154 1696 1222 Πατρί.
1724 1153 1892 1207 Τοῦτο

304 1241 419 1311 γὰρ
446 1241 544 1294 καὶ
568 1242 661 1295 ἐπὶ
688 1242 911 1296 πάντων
937 1245 1048 1296 τῶν
1073 1244 1396 1313 κτισμάτων
1418 1245 1537 1298 ἐστὶ
1563 1244 1672 1298 τῶν
1702 1245 1777 1316 μὴ
1803 1245 1892 1299 ἀεὶ

301 1331 479 1384 ὄντων
506 1332 646 1402 μετά
670 1333 764 1387 τοῦ
790 1332 928 1386 Θεοῦ
950 1349 966 1366 ο
991 1334 1117 1388 καθ’
1138 1334 1167 1387 δ
1193 1336 1287 1388 καὶ
1310 1337 1338 1387 ὁ
1362 1334 1490 1399 Υίὸς
1513 1336 1601 1389 ἀεὶ
1627 1335 1768 1406 μετά
1792 1335 1888 1390 τοῦ

303 1422 518 1491 Πατρός
546 1425 698 1476 ἐστιν
721 1423 879 1494 ἀϊδίῳ
906 1424 1159 1496 γεννήσει
1186 1442 1414 1496 γεγεννη
1425 1427 1891 1497 μένος.›Τοιαῦτα

302 1513 408 1581 μὲν
431 1513 500 1567 τά
530 1512 802 1583 βασιλέως
829 1516 1137 1587 γράμματα
1163 1511 1303 1587 ἦσαν
1322 1533 1337 1550 ο
1364 1521 1435 1573 τά
1463 1519 1520 1572 δὲ
1544 1521 1642 1584 τῆς
1669 1522 1887 1578 συνόδου

295 1603 494 1657 τοῦτον
526 1604 843 1676 διηγόρευον
874 1607 1101 1678 τρόπον·
1156 1608 1249 1661 ιΟί
1272 1607 1562 1662 ἐπίσκοποι
1594 1609 1689 1664 τοῦ
1724 1610 1888 1665 Ἰλλυ-

297 1694 463 1764 ρικοῦ
486 1697 609 1759 ταῖς
633 1697 962 1768 ἐκκλησίαις
984 1698 1077 1751 τοῦ
1104 1698 1264 1763 Θεοῦ,
1291 1700 1384 1752 καὶ
1407 1701 1730 1765 ἐπισκόποις
1753 1702 1885 1756 διοι-

295 1786 521 1854 κήσεως
549 1784 827 1856 Ἀσιανῆς,
857 1787 1124 1856 Φρυγίας,
1150 1789 1569 1858 Καροφρυγίας,
1600 1790 1879 1846 Πακατια-
1911 1770 1954 1826 Β

292 1876 421 1946 νῆς,
463 1879 521 1930 ἐν
562 1878 753 1948 Κυρίῳ
793 1879 1031 1949 χαίρειν.
1074 1879 1450 1934 Συνελθόντων
1491 1881 1650 1951 ἡμῶν
1688 1884 1782 1937 ἐπὶ
1817 1885 1878 1938 τὸ

287 1967 456 2029 αὐτὸ,
486 1968 578 2020 καὶ
607 1968 890 2038 ζητήσεως
926 1970 1127 2037 πολλῆς
1154 1971 1462 2041 γενομένης
1491 1974 1624 2043 περὶ
1651 1974 1742 2028 τοῦ
1775 1991 1880 2029 σω-

286 2059 489 2126 τηρίου
505 2059 689 2128 λόγου,
710 2060 1076 2130 ἀπεδείξαμεν
1092 2061 1381 2131 ὁμοούσιον
1400 2058 1540 2116 εῖναι
1558 2064 1656 2134 τὴν
1674 2066 1880 2133 Τριάδα

285 2151 511 2221 Πατρδς
546 2154 638 2206 καὶ
676 2153 805 2207 Υἱοῦ
841 2154 937 2207 καὶ
971 2154 1131 2220 ἁγίου
1166 2156 1508 2225 Πνεῦματος.
1547 2160 1657 2211 Καὶ
1696 2154 1764 2230 ἦν
1796 2160 1876 2213 δίο

285 2260 451 2297 καιον
485 2244 795 2314 γράμματα
840 2246 1184 2316 ἀποχαράξαι
1228 2247 1366 2318 πρὸς
1404 2248 1550 2319 ὑμᾶς
1573 2262 1590 2277 ⁸
1626 2250 1687 2302 οὐ
1730 2253 1880 2321 σοφί-

285 2353 471 2406 σμασι
511 2337 584 2390 τά
629 2338 727 2409 τῆς
772 2338 1072 2408 θρησκείας
1120 2344 1218 2410 τῆς
1264 2342 1492 2409 Τριάδος
1542 2343 1873 2413 γράφοντας,

281 2429 413 2482 ἀλλ’
455 2431 514 2483 ἐν
536 2430 1011 2503 ταπεινοφροσύνῃ
1037 2432 1478 2498 καταξιωθέντας
1502 2451 1517 2467 ο
1542 2437 1694 2489 τουτὶ
1717 2436 1876 2506 ἡμῶν

279 2521 351 2574 τδ
397 2522 637 2592 γράμμα
676 2522 1105 2592 ἀπεστάλκαμεν
1135 2524 1223 2577 διὰ
1256 2524 1353 2577 τοῦ
1391 2528 1680 2597 ἀγαπητοῦ
1717 2529 1874 2581 ἀδελ-

278 2611 398 2680 φοῦ
427 2613 590 2683 ἡμῶν
617 2613 714 2667 καὶ
746 2614 1167 2684 συλλειτουργοῦ
1204 2617 1482 2672 Ἐλπιδίου
1510 2618 1604 2671 τοῦ
1634 2620 1875 2690 πρεσὸυ-

276 2702 479 2773 τέρου.
512 2703 588 2756 Οὐ
621 2703 729 2774 γὰρ
763 2706 968 2769 ἐντοῖς
1002 2706 1111 2757 τῶν
1145 2707 1430 2776 ἡμετέρων
1461 2709 1663 2779 χειρῶν
1693 2711 1875 2780 γράμ-

280 2811 485 2865 μασιν,
510 2793 701 2848 ἀλλ’ῑν
721 2798 841 2858 ταῖς
860 2795 956 2848 τοῦ
981 2797 1230 2866 Σωτῆρος
1254 2798 1411 2867 ἡμῶν
1436 2798 1612 2870 Ἰησοῦ
1634 2802 1872 2870 Χριστοῦ

276 2885 498 2954 βίϐλοις
524 2886 875 2957 γέγραπται·
901 2887 1049 2956 Ἐγὼ
1072 2887 1191 2956 μέν
1216 2891 1337 2957 ειμι
1366 2891 1630 2955 Παύλου,
1656 2893 1773 2961 ἐγὼ
1803 2893 1872 2946 δὲ

288 2977 608 3043 Ἀπολλῶ,
640 2976 757 3048 ἐγὼ
786 2979 855 3032 δὲ
886 2978 1082 3049 Κηφᾶ.
1114 2980 1211 3048 Μὴ
1249 2980 1493 3048 Παῦλος
1522 2983 1868 3054 ἐσταυρώθη

272 3069 444 3138 ὑπὲρ
492 3069 695 3139 tigrim;
744 3070 783 3139 ἢ
832 3073 921 3138 εις
968 3072 1035 3125 τὸ
1088 3070 1278 3141 ὄνομα
1326 3074 1574 3128 Παύλου
1626 3075 1935 3150 Mauri-0

272 3163 510 3229 «fama;
541 3161 649 3214 Kal.
684 3160 859 3216 ταῦτα
878 3163 979 3233 μὲν
1016 3162 1179 3233 ἤρκει
1199 3166 1265 3233 τῇ
1282 3164 1529 3235 ἡμετέρᾳ
1541 3167 1865 3220 ταπεινώσει

278 3255 434 3325 μήτε
461 3254 524 3307 τὸ
556 3253 789 3308 καθόλου
824 3256 1130 3325 γράμματα
1162 3254 1510 3326 ἀποχαράξαι
1546 3259 1685 3323 πρὸς
1720 3260 1864 3328 ὑμᾶς

272 3344 377 3397 6ιά
401 3344 494 3397 τὸν
520 3343 846 3415 τηλικοῦτον
873 3344 1039 3413 φόϐον
1066 3344 1126 3398 ὃν
1152 3345 1341 3400 αὐτόθι
1373 3346 1683 3417 κηρύσσετε
1714 3350 1863 3419 πάσῃ

273 3435 377 3502 ὑφ’
400 3434 545 3504 ὑμᾶς
576 3435 819 3505 ἐπαρχίᾳ
838 3475 853 3501 ,
883 3435 1326 3506 ἀποχωρίξοντες
1354 3437 1414 3489 τὸ
1443 3436 1599 3505 ἅγιον
1633 3440 1862 3507 Πνεῦμα

271 3527 392 3580 ἀπὸ
416 3526 515 3581 106
540 3528 756 3597 Πατρὸς
782 3529 877 3580 καὶ
904 3528 998 3582 τοῦ
1027 3528 1181 3582 Υίοῦ.
1213 3528 1487 3598 Ἀνάγκην
1512 3528 1604 3582 οὖν
1629 3531 1861 3601 ἔσχομεν

272 3620 424 3689 πρὸς
449 3619 596 3689 ὑμᾶς
623 3619 839 3690 πέμψαι
867 3621 956 3673 τὸν
983 3622 1176 3690 κύριον
1199 3620 1362 3692 ἡμῶν
1390 3623 1484 3674 καὶ
1513 3621 1864 3693 συλλειτουρ-

271 3710 381 3780 τὸν
412 3710 714 3777 Ἐλπίδιον,
741 3712 854 3767 ἀπὸ
886 3715 982 3781 τῆς
1017 3712 1411 3784 βασιλεδιούσης
1445 3713 1733 3784 Ῥωμαίων
1764 3716 1863 3783 ἀρ-

270 3803 421 3874 χῆς,
450 3802 613 3856 τοῦτο
641 3805 705 3857 τὸ
735 3804 1000 3876 κήρυγμα
1030 3805 1256 3872 ἔχοντα,
1288 3806 1708 3874 καταμαθόντα,
1743 3805 1859 3872 εἴγε

270 3893 372 3966 ἄρ’
392 3893 566 3956 οὕτως
594 3894 709 3965 ἔχει
734 3894 796 3949 τὸ
821 3895 1086 3966 κήρυγμα
1112 3895 1289 3964 ὑμῶν.
1321 3895 1385 3947 Οἱ
1417 3896 1526 3964 γὰρ
1559 3895 1636 3963 μὴ
1666 3895 1861 3965 ὁμοσύ-

1996 530 2026 568 a
2085 514 2290 584 seipse,
2341 516 2496 585 juxta
2553 518 2716 572 vitam
2764 519 3032 590 cujusque
3086 524 3137 575 in
3175 522 3266 577 die
3323 524 3560 592 iudicii,

1997 621 2165 660 carne
2198 607 2558 675 spectabilem
2608 618 2659 663 et
2708 609 2949 665 divinam
2984 611 3242 667 virtutem
3277 632 3433 670 suam
3470 633 3561 672 ex-

1996 693 2305 757 hibentem,
2342 695 2512 749 Deum
2550 700 2922 768 σαρκοφόρον,
2971 700 3022 754 id
3056 711 3162 761 est.
3191 718 3411 759 carnem
3462 724 3560 763 seu

1997 785 2300 848 hominem,
2353 786 2642 854 Ferentem,
2688 798 2746 842 et
2790 805 2899 845 non
2944 791 3222 848 hominem
3262 795 3559 868 Θεοφόρον,

1996 877 2099 932 hoc
2127 887 2234 941 est,
2276 879 2447 933 Deum
2475 880 2765 936 ferentem.
2807 883 2883 937 Ac
2914 885 3006 954 qui
3042 885 3257 941 diversa
3290 891 3557 950 sentiunt.

1992 971 2341 1026 anathemate
2369 972 2692 1042 jugulamus
2722 993 2736 1026 :
2775 991 2879 1030 nec
2903 977 3087 1032 minus
3107 990 3161 1033 et
3188 995 3305 1047 eos,
3330 983 3423 1051 qui
3449 999 3558 1037 non

1992 1059 2206 1114 directe
2271 1076 2326 1115 et
2371 1077 2435 1116 ex
2497 1064 2683 1117 animo
2728 1067 3064 1121 anathemati
3093 1086 3216 1123 eum
3246 1073 3557 1142 subjecerc,

1992 1147 2086 1215 qui
2128 1148 2267 1203 dixit
2316 1166 2425 1205 non
2485 1156 2638 1221 prius
2691 1154 2910 1218 Filium,
2970 1173 3132 1227 quam
3182 1164 3401 1229 genitus
3450 1166 3557 1227 sit,

1991 1239 2314 1296 exstitisse:
2350 1243 2822 1316 quique-scripsit
2867 1249 3185 1319 priusquam
3236 1263 3360 1309 actu
3405 1260 3555 1325 geni-

1994 1337 2082 1385 tus
2113 1330 2505 1402 sit,potestate
2533 1352 2660 1391 eum
2694 1338 2747 1390 in
2773 1338 2931 1394 Patre
2965 1341 3157 1397 fuisse.
3182 1344 3295 1400 Hoc
3322 1363 3555 1418 namque

1990 1429 2046 1474 et
2079 1420 2136 1476 in
2170 1425 2445 1481 creaturis
2475 1429 2735 1484 omnibus
2758 1439 2864 1496 est,
2895 1447 3017 1502 qua:
3050 1450 3155 1487 non
3192 1450 3410 1506 semper
3430 1454 3553 1493 cum

1990 1509 2104 1565 Deo
2131 1522 2282 1596 sunt.
2330 1514 2399 1569 At
2448 1516 2623 1571 Filius
2652 1528 2919 1588 perpetuo
2958 1522 3297 1592 sempiterna
3328 1542 3554 1596 genera-

1989 1600 2140 1687 tione
2166 1592 2384 1673 genitus
2411 1620 2535 1660 cum
2564 1608 2724 1663 Patre
2757 1622 2860 1666 est.
2888 1630 2906 1663 ι
2952 1612 3113 1668 Tales
3136 1592 3355 1684 quidem
3380 1617 3555 1687 impe-

2168 1666 2193 1673 _
3142 1666 3520 1687 1__-_-_----,-

1989 1666 2194 1747 τοίω-ξε
2223 1694 2378 1750 {uere
2412 1697 2629 1752 litterae.
2665 1699 2871 1771 Synodi
2925 1712 3110 1758 autem
3142 1705 3316 1775 ipsius
3347 1708 3402 1761 in
3437 1709 3553 1763 hac

1982 1785 2150 1840 verba
2181 1795 2310 1840 sunt
2335 1789 2551 1858 scriptae
2576 1807 2591 1848 :
2630 1809 2648 1842 ι
2674 1792 2929 1863 Episcopi
2948 1795 3150 1867 Illyrici
3177 1799 3429 1854 ecclesiis
3457 1801 3551 1855 Dei

1981 1886 2038 1932 et
2066 1879 2342 1949 episc0pis
2385 1881 2641 1938 dimcesis
2672 1884 2916 1952 Asiana,
2945 1888 3216 1959 Phrygiae,
3240 1890 3551 1964 Carophry-

1981 1969 2104 2035 giae,
2151 1971 2479 2039 Pacatiaum,
2515 1976 2566 2028 in
2607 1976 2841 2032 Domino
2872 1981 3131 2037 salutem.
3176 1980 3462 2040 Conventu
3517 2001 3547 2040 a

1983 2060 2143 2114 nobis
2182 2072 2326 2122 acto,
2359 2074 2412 2117 et
2444 2066 2834 2135 disquisitione
2871 2071 3042 2125 multa
3091 2072 3253 2139 facta,
3290 2073 3359 2129 de
3401 2076 3549 2130 salu-

1982 2153 2082 2205 tari
2146 2155 2356 2218 verbo,
2419 2156 2772 2213 decrevimus
2835 2161 3364 2217 consubstantialem
3425 2180 3548 2221 esse

1981 2240 2304 2296 Trinitatem
2360 2244 2537 2299 Patris
2571 2254 2632 2301 et
2668 2246 2792 2301 Filii
2838 2259 2889 2302 et
2941 2250 3183 2317 Spiritus
3231 2254 3428 2309 sancti.
3480 2256 3549 2310 Et

1977 2346 2195 2399 acquum
2239 2347 2363 2387 esse
2426 2335 2701 2399 duximus,
2760 2335 3094 2392 litteras‘ad
3150 2356 3249 2395 vos
3298 2358 3544 2397 exarare.

1977 2420 2099 2474 Non
2120 2438 2221 2475 nos
2251 2424 2470 2491 quidem
2503 2435 2699 2481 utarte
2727 2429 2979 2497 quapiam
3022 2431 3226 2484 cultum
3262 2430 3549 2489 Trinitatis

1978 2512 2478 2580 perscriberemus,
2531 2517 2625 2569 sed
2675 2518 2949 2572 submissa
3004 2520 3312 2577 humilitate
3352 2523 3546 2595 dignos

1976 2616 2080 2655 nos
2122 2617 2185 2655 ea
2236 2619 2293 2657 re
2344 2605 2748 2671 existimantes,
2787 2609 3076 2678 epistolam
3120 2610 3260 2666 hanc
3295 2624 3544 2669 nostram

1977 2707 2075 2760 per
2124 2693 2381 2748 dilectum
2447 2695 2668 2750 fratrem
2731 2707 2788 2751 et
2842 2699 3233 2756 administrum
3291 2712 3542 2758 nostrum

1977 2785 2251 2853 Elpidium
2290 2788 2669 2858 presbyterum
2701 2789 2983 2845 daremus.
3012 2791 3130 2845 Non
3161 2795 3308 2848 enim
3346 2794 3401 2848 in
3427 2810 3544 2850 ma-

1976 2892 2146 2929 nuum
2181 2887 2495 2931 nostrarum
2527 2880 2750 2945 litteris,
2786 2897 2977 2935 verum
3031 2885 3085 2937 in
3121 2884 3299 2954 ipsius
3342 2885 3543 2961 serva-

1978 2971 2111 3022 toris
2135 2968 2337 3023 Clir'sti
2379 2970 2505 3023 ἄνευ
2544 2972 2698 3025 libris
2731 2972 2997 3041 scriptum
3028 2983 3153 3028 est:
3187 2975 3298 3045 Ego
3326 2978 3541 3047 quidem

1969 3076 2087 3115 sum
2142 3061 2318 3121 Pauli,
2379 3078 2472 3131 ego
2521 3079 2641 3116 vero
2692 3064 2900 3134 Apollo,
2953 3081 3046 3136 ego
3113 3077 3287 3121 autem
3334 3067 3540 3138 Cephea.

1970 3152 2115 3206 Num
2197 3152 2398 3207 Paulus
2473 3155 2753 3221 cruciﬁxus
2825 3166 2901 3210 est
2987 3175 3083 3228 pro
3171 3160 3361 3213 vobis?
3444 3169 3540 3216 aut

1966 3248 2020 3299 in
2079 3262 2266 3298 nomen
2322 3245 2482 3300 Pauli
2536 3245 2794 3316 baptizati
2862 3249 3072 3301 estis‘?
3112 3250 3182 3304 Et
3243 3250 3539 3306 humilitati

1967 3339 2190 3409 quidem
2274 3354 2473 3395 nostra:
2552 3341 2686 3395 satis
2749 3356 2869 3396 esse
2929 3344 3335 3413 eonvvuireque
3385 3344 3527 3399 vide-

1966 3426 2150 3491 batur,
2228 3427 2365 3480 nihil
2428 3443 2653 3497 prorsus
2714 3429 2783 3483 ad
2868 3445 2961 3482 vos
3019 3431 3150 3485 dare
3201 3432 3534 3507 litterarum,

1963 3530 2188 3590 propter
2267 3520 2554 3572 horrorem
2618 3528 2867 3582 tantum,
2928 3536 3092 3588 quem
3170 3520 3297 3575 istic
3382 3525 3532 3577 omni

1963 3613 2066 3668 sub
2097 3611 2253 3665 vobis
2292 3612 2598 3680 praedicatis
2632 3612 2949 3681 provintiae,
3014 3621 3367 3683 segregantes
3401 3614 3528 3683 Spi-

1965 3707 2131 3760 ritum
2165 3716 2419 3758 sanctum
2468 3720 2497 3757 a
2552 3705 2713 3757 Patre
2758 3711 2814 3758 et
2866 3704 3027 3758 Filio.
3083 3703 3188 3759 Sed
3222 3707 3526 3761 necessitas

1963 3797 2223 3864 imposita
2250 3795 2409 3849 nobis
2431 3803 2538 3857 est,
2570 3801 2628 3846 ut
2654 3792 2720 3846 ad
2750 3808 2848 3847 vos
2873 3794 3220 3850 mitteremus
3246 3795 3532 3852 dominum

1959 3898 2015 3945 et
2057 3889 2447 3942 administrum
2498 3896 2748 3940 nostrum
2782 3887 3084 3956 Elpidium,
3117 3888 3187 3943 ab
3234 3888 3371 3944 urbe
3409 3904 3532 3958 quae

270 4002 400 4039 σιον
426 3985 523 4057 την
552 3987 758 4054 Τριάδα
789 3987 1151 4057 κηρύττοντες
1179 3986 1432 4056 ἀνάθεμα
1464 3987 1734 4054 εστωσαν,
1765 3990 1858 4043 καὶ

1979 3991 2042 4036 :st
2101 3980 2317 4049 imperii
2387 3980 2620 4034 Romani
2679 3988 2865 4048 caput.
2934 3980 3145 4037 litteras
3205 3981 3527 4048 habentem.

265 4077 336 4131 ετ
357 4095 443 4142 τις
472 4078 682 4142 τούτοις
716 4079 1001 4149 φωραθείη
1041 4080 1316 4134 κοινωνῶν
1335 4121 1351 4147 ,
1382 4081 1634 4150 ἀνάθεμα
1670 4080 1815 4135 ἔστω
1837 4099 1852 4114 ·

1979 4077 2374 4144 exploraturum
2424 4089 2493 4126 an
2527 4073 2598 4125 ita
2641 4086 2701 4125 se
2736 4072 2938 4127 habeat
2971 4073 3290 4141 prtedicatio
3318 4084 3526 4130 vestra.

268 4172 391 4232 τοῖς
433 4169 491 4223 δὲ
534 4171 898 4241 κηρύττουσιν
932 4171 1220 4240 ὁμοούσιον
1252 4172 1353 4242 τὴν
1386 4172 1593 4240 Τριάδα
1633 4175 1667 4244 ἡ
1704 4172 1857 4243 βασι-

1979 4166 2061 4234 ὶιιί
2088 4166 2234 4220 enim
2267 4164 2591 4217 Trinitatem
2624 4162 3147 4215 consubstantialem
3183 4178 3289 4216 non
3324 4164 3528 4233 pra-di-

269 4260 398 4315 λεία
434 4261 545 4315 τῶν
587 4262 839 4332 οὐρανῶν
877 4263 1228 4332 ἡτοίμασται.
1273 4263 1712 4333 Παρακαλοῦμεν
1759 4261 1855 4317 οὖν

1979 4267 2108 4321 :ant,
2156 4255 2448 4310 anathema
2479 4257 2613 4306 sint.
2644 4252 2712 4306 Et
2751 4253 2795 4306 si
2841 4252 2967 4321 quis
2992 4267 3115 4306 cum
3160 4255 3242 4308 eis
3276 4268 3527 4308 commu-

272 4355 457 4424 ὑμᾶς,
485 4355 738 4423 ἀδελφοὶ,
774 4355 850 4426 μὴ
880 4355 1411 4424 ἑτεροδιδασκαλεῖν,
1447 4356 1583 4427 μηδὲ
1616 4358 1855 4426 ἐτεροδο-

1979 4352 2178 4407 iionem
2229 4349 2431 4402 habere
2477 4354 2795 4415 compertus
2849 4346 3036 4407 fuerit,
3082 4345 3373 4402 anathema
3428 4345 3523 4401 sit.

272 4450 416 4515 ξεῖν,
445 4448 562 4501 ἀλλ’
585 4425 869 4519 ὁμοούσιον
900 4449 988 4501 ἀεὶ
1020 4448 1117 4501 καὶ
1142 4448 1230 4501 διὰ
1261 4425 1848 4519 παντὸςκηρύττοντες

1979 4442 2286 4497 l‘rinitatem
2315 4447 2499 4494 autem
2544 4438 3069 4494 consubstantialem
3099 4438 3527 4506 praedicantibus

270 4543 376 4613 τὴν
410 4542 617 4609 Τριάδα
641 4583 656 4608 ,
688 4541 959 4610 δυνηθῆτε
998 4540 1410 4611 κληρονομῆσαι
1443 4540 1543 4611 τὴν
1574 4540 1668 4594 τοῦ
1710 4541 1849 4595 Θεοῦ

1979 4548 2186 4605 ἐεηιιιη
2224 4532 2489 4588 cmlorum
2537 4541 2902 4601 praeparatum
2936 4542 3038 4584 est.
3072 4530 3230 4599 170
3256 4529 3523 4586 Cohorta-

272 4633 581 4703 βασιλείαν.
623 4634 759 4703 Περὶ
800 4632 992 4686 τούτου
1039 4632 1348 4703 γράφοντες
1396 4632 1490 4684 καὶ
1539 4631 1849 4701 ὑπόμνησιν

1979 4640 2079 4678 ηυι·
2134 4624 2301 4693 igitur
2346 4636 2467 4684 vos,
2518 4620 2740 4683 fratres,
2777 4635 2845 4675 ne
2877 4620 3037 4674 aliter
3081 4621 3345 4685 doceatis,
3383 4635 3521 4676 neve

268 4729 495 4796 ἔχοντες
536 4727 896 4797 ἐχαρὰξαμεν
939 4726 1091 4779 τουτὶ
1137 4726 1295 4795 ἡμῶν
1338 4728 1397 4777 1’;
1448 4725 1702 4795 γράμμα,
1750 4726 1848 4778 καὶ

1979 4730 2114 4770 ecus
2144 4714 2397 4769 sentiatis
2425 4728 2439 4765 :
2468 4714 2561 4766 sed
2591 4714 2918 4767 Trinitatem
2952 4721 3272 4765 constanter
3303 4728 3524 4782 semper

270 4820 402 4888 περὶ
437 4817 549 4871 τῶν
587 4818 1007 4887 καθισταμένων
1048 4814 1366 4868 ἐπισκόπων
1406 4815 1439 4884 ἢ
1485 4815 1850 4868 κατασταθένο

1979 4807 2485 4864 :onsubstantialem
2545 4805 2926 4873 pmtlicantes,
2981 4818 3213 4857 cernere
3266 4805 3521 4872 poteritis

267 4929 377 4962 των
421 4908 877 4979 συλλειτουργῶν,
917 4909 1014 4962 ἐάν
1054 4908 1155 4978 μὲν
1198 4901 1310 4959 εἷεν
1352 4909 1415 4959 ἐκ
1457 4906 1566 4959 τῶν
1605 4907 1663 4958 ἐν
1704 4907 1848 4959 τέλει

1979 4899 2332 4956 nereditatem
2391 4895 2541 4966 regni
2600 4895 2712 4947 Det.
2765 4893 2877 4947 Hac
2919 4891 2987 4946 de
3024 4906 3081 4946 re
3132 4906 3256 4947 cum
3311 4892 3378 4946 ad
3427 4908 3521 4946 vos

270 5002 640 5073 χρησαμένων
669 5002 987 5055 ἐπισκόπων
1019 5001 1195 5067 ὑγιεῖς
1219 5015 1234 5028 ·
1270 5001 1317 5052 εί
1350 4999 1405 5052 δὲ
1442 5001 1516 5067 μὴ
1538 5038 1553 5064 ,
1585 4998 1642 5065 ἐξ
1676 4997 1844 5053 αὑτοῦ

1979 5008 2118 5047 iasce
2147 4992 2364 5045 litteras
2396 4989 2787 5052 scriberemus,
2829 4983 3298 5039 commonefacere
3351 4984 3517 5037 etiam

266 5093 364 5146 τοῦ
397 5091 828 5164 πρεσϐυτερίου,
859 5091 1060 5160 ὁμοίως
1093 5106 1152 5143 τε
1187 5092 1279 5143 καὶ
1311 5089 1846 5181 πρεσϐυτέρουςᾳκαὶ

1979 5102 2051 5140 ὀε
2091 5083 2384 5144 voluimus,
2416 5081 2485 5136 de
2530 5079 2810 5142 creandis,
2843 5077 2926 5132 vel
2955 5077 3118 5131 etiam
3150 5077 3350 5131 creatis
3398 5077 3517 5143 cpi-

266 5185 551 5244 διακόνους
576 5182 637 5247 ἐξ
661 5183 828 5237 αὐτοῦ
853 5184 948 5236 τοῦ
976 5182 1256 5252 ἱερατικοῦ
1281 5181 1585 5251 τάγματος,
1616 5179 1684 5234 ἶν’
1708 5175 1842 5235 ὦσιν

1979 5176 2156 5247 copis,
2189 5189 2494 5244 eorumque
2526 5172 2896 5236 administris,
2933 5180 2993 5225 ut
3022 5169 3239 5226 scilicet
3264 5169 3522 5237 legantur

267 5276 628 5340 ἀνεπίληπτοι
658 5272 1028 5346 πανταχόθεν,
1060 5275 1155 5328 καὶ
1186 5273 1294 5329 ἀπὸ
1321 5271 1416 5326 τοῦ
1452 5271 1838 5344 ϐουλευτηρίου

1979 5285 2018 5323 τι
2059 5282 2206 5324 sanas
2254 5267 2458 5322 mentis
2485 5273 2542 5321 et
2576 5265 2864 5331 doctrinae,
2895 5262 2990 5334 qui
3024 5261 3403 5333 magistratum
3438 5256 3516 5329 t2)

335 5417 402 5471 ⁸1
436 5415 567 5472 Cor.
598 5434 637 5483 t,
670 5416 760 5472 15.

2024 5563 2102 5640 (2)
2147 5563 2258 5640 Ἐκ·
2291 5560 2403 5640 τῶν
2574 5558 2718 5612 τέλει
2770 5558 3138 5640 χρησαμένων
3197 5557 3517 5640 ἐπισκόπων

1952 5628 2147 5704 ὐγίείς.
2199 5631 2410 5686 'I‘beod.
2464 5629 2563 5704 lib.
2603 5645 2678 5693 iv,
2720 5644 2851 5704 .cap.
2876 5628 2945 5704 ‘9,
2977 5628 3102 5704 hoc_
3131 5637 3234 5704 cst,
3264 5628 3384 5704 sani
3418 5628 3516 5704 qui

266 5646 617 5775 enirn...“
673 5652 831 5706 “⁰¹⁰ί⁵
900 5646 1166 5704 MM“
1214 5648 1365 5716 ³¹¹¹¹³
1434 5646 1700 5713 ⁰¹¹Ῑ¹¹³⁴¹¹¹⁰
1761 5646 1844 5693 ν¹’
1952 5646 3103 5775 315334?.'.'.‘i.°§és£é‘3inrapitis”:qnu°§d
3131 5646 3516 5769 ἳῗὲὣέἰοῖὗὲ

269 5727 402 5783 tam,
437 5730 547 5773 etc.
