3986 6190
446 308 553 371 ὓόι

1676 296 2101 360 Ntcsrnont
2139 290 2485 359 CALLlS‘l‘I
3555 298 3642 367 ρει

450 433 743 484 observare
765 421 1065 478 -'co't1t'enit.
1096 419 1252 490 173
1287 416 1603 474 Cavendum
1636 420 1789 476 sane.
1820 430 1891 471 ne
1931 431 2024 486 per

2130 414 2414 470 θίσταντοο
2457 414 2564 468 ἀπὸ
2612 412 2703 467 οῦν
2742 412 2850 467 τῶν
2887 412 3175 480 διαφόρως
3208 412 3518 481 διδασκαλίας
3544 422 3643 476 δη.

449 534 543 574 eos
574 510 1192 587 qtli'varias'doctrinas
1260 508 1776 569 comminiscuntur,
1826 507 1879 559 in
1936 506 2018 559 lu-

450 611 660 664 bricum
714 604 1048 658 seducamur
1084 615 1186 654 :ac
1218 600 1418 670 potius,
1453 599 1887 669 quotiescunque
1940 596 2019 650 illi

440 697 794 754 'variantibus
821 691 1068 747 consiliis
1101 690 1588 753 circumferuntur,
1642 697 1860 758 patrum
1917 702 2020 741 no-

458 800 696 845 strorum
729 802 759 840 a
780 784 939 839 nobis
973 782 1263 837 sententia:
1296 790 1424 836 sunt
1454 780 1771 836 retinendae.
1801 779 2022 833 Auxen-

451 878 559 931 tius
587 875 807 945 quidem
839 871 1263 927 Hediolanensis
1296 868 1573 938 praecipue
1604 866 1717 933 ﬁliae
1743 865 1810 919 de
1858 871 2021 919 causa

451 967 738 1019 damnatus
768 960 1140 1031 eStJEquum
1186 968 1366 1015 autem
1399 967 1502 1021 est,
1549 971 1741 1011 omnes
1788 953 2023 1009 Romani

451 1057 603 1112 orbis
641 1056 903 1110 doctores
928 1049 1337 1107 consentientes
1362 1062 1510 1110 esse,
1534 1062 1714 1116 neque
1751 1045 2026 1103 dissiden-

452 1151 601 1203 tibus
629 1149 771 1200 inter
798 1159 858 1200 se
887 1142 1158 1199 doctrinis
1181 1140 1348 1196 ﬁdem
1371 1140 1748 1196 contaminare
1801 1138 1869 1193 Et
1898 1154 2028 1208 pro-

453 1243 594 1296 l’ecto
625 1253 748 1292 cum
780 1237 1016 1306 primum
1046 1233 1430 1287 haereticorum
1491 1230 1834 1300 improbitas.
1863 1228 2027 1284 sicuti

455 1345 599 1385 nunc
626 1327 864 1382 maxime
894 1325 1060 1395 (quod
1098 1323 1307 1377 utinam
1339 1319 1652 1389 abessetl).
1692 1319 2023 1374 Arianorum

457 1425 625 1475 etiam
664 1417 1000 1488 bla~phemia
1053 1414 1235 1484 vigere
1268 1413 1548 1482 cmpisset.
1582 1411 1779 1466 delecti
1842 1412 2030 1466 Patres

345 1572 361 1580 ,
456 1515 628 1568 nostri
663 1510 890 1566 trecenti
926 1510 1114 1561 decem
1159 1508 1377 1568 etoclo,
1409 1505 1605 1559 Nicaeae
1633 1503 2028 1570 disquisitione

457 1622 519 1658 nc
550 1599 946 1656 deliberatione
972 1596 1157 1650 habita
1184 1610 1401 1648 murum
1434 1593 1582 1648 hunc
1612 1594 1880 1647 adversus
1909 1591 2029 1645 dia-

457 1697 568 1748 boli
599 1691 1160 1751 tela-constituerunt,
1185 1697 1347 1755 atque
1376 1685 1620 1740 antidoto
1654 1700 1749 1740 seu
1783 1684 2029 1740 remedio

455 1790 562 1841 hoc
607 1785 809 1839 le;hale
838 1795 1113 1835 venenum
1173 1778 1553 1847 propulerunt,
1581 1786 1640 1832 ut
1692 1775 1905 1831 Patrem
1969 1783 2027 1830 et

457 1879 657 1933 Filium
688 1875 851 1928 unius
884 1871 1208 1934 divinitatis,
1245 1870 1523 1938 uniusque
1557 1866 1804 1929 virtutis,
1859 1875 2025 1935 atque

457 1972 594 2023 adeo
613 1984 727 2021 rem
753 1982 916 2019 unam
952 1978 1074 2018 esse
1106 1962 1417 2017 credamus.
1456 1959 1684 2030 Oportet
1740 1969 1943 2026 autem,
1970 1968 2028 2014 et

457 2060 718 2128 Spiritum
778 2062 1025 2110 sanctum
1059 2055 1300 2124 ejusdem
1346 2066 1468 2108 esse
1508 2051 1848 2117 substantias,
1901 2067 2026 2120 per-

469 2167 694 2207 suasum
731 2150 953 2203 habere.
991 2146 1091 2213 Qui
1123 2161 1251 2201 vero
1298 2146 1457 2200 aliter
1486 2144 1707 2208 sentiat,
1740 2159 1865 2198 eum
1896 2143 2026 2197 alie-

459 2260 588 2297 num
618 2258 782 2296 essea
814 2240 1093 2294 consortio
1132 2246 1187 2292 et
1213 2237 1601 2293 communione
1645 2246 1833 2291 nostra
1881 2235 2028 2306 judi—

456 2335 704 2391 Cavimus
738 2347 752 2383 :
789 2330 933 2402 quod
965 2329 1183 2401 quidem
1235 2330 1472 2384 salutare
1501 2329 1807 2395 decretum,
1839 2338 1895 2383 et
1932 2328 2027 2383 de-

457 2427 837 2484 liberationem
870 2438 967 2478 seu
996 2422 1336 2478 sanctionem
1376 2419 1736 2483 adorandam,
1767 2418 2016 2489 polluere

456 2516 707 2574 nonnulli
742 2515 1059 2569 voluerunt.
1116 2513 1316 2567 Verum
1367 2513 1436 2566 ab
1473 2511 1593 2580 ipso
1630 2511 1816 2564 statim
1845 2510 2023 2575 initio,

457 2626 556 2678 per
579 2622 675 2663 eos
707 2606 800 2675 qui
829 2602 1064 2657 Arimini
1091 2601 1431 2657 sanctionem
1488 2616 1607 2657 eam
1644 2602 1809 2657 rebus
1864 2601 2023 2656 novis

458 2700 751 2753 immutare
797 2703 855 2751 et
892 2693 1326 2749 contrectatione
1356 2706 1452 2746 sua
1503 2691 1800 2762 depravare
1848 2692 2023 2745 coacti

456 2798 607 2855 sunt,
639 2789 926 2857 hucusque
960 2800 1049 2839 res
1076 2793 1323 2838 correcta
1373 2792 1458 2837 est
1492 2790 1595 2836 :ut
1642 2781 1721 2835 illi
1757 2781 1861 2835 alia
1891 2798 2026 2851 qua-

456 2880 582 2934 dam
612 2877 870 2948 loquendi
913 2876 1088 2930 forma
1111 2873 1436 2943 sobreptitie
1483 2872 1744 2941 deceptos
1790 2886 1851 2927 se
1880 2886 2023 2934 esse,

457 2983 621 3038 quam
658 2966 888 3019 formam
920 2964 1143 3018 Patrum
1179 2960 1524 3015 Nicanorum
1560 2960 1779 3030 placitis
1833 2959 2026 3014 adver-

457 3057 569 3113 sari
602 3055 923 3126 ignorariut,
953 3053 1248 3107 fateantur.
1276 3050 1462 3120 Neque
1520 3065 1787 3106 numerus
1831 3062 2022 3104 eorum

459 3148 553 3217 qui
610 3144 844 3201 Arimini
910 3150 1309 3201 convenerunt.
1354 3140 1729 3210 praeiudicium
1778 3140 2020 3210 aliquod,

459 3256 584 3295 cum
624 3236 864 3309 synodus
909 3250 972 3289 ea
1005 3243 1194 3288 coaeta
1228 3242 1334 3295 est,
1383 3232 1581 3287 alferre
1638 3233 1837 3301 potuit,
1898 3248 2023 3286 cum

464 3345 643 3399 neque
677 3330 954 3382 Romanus
980 3327 1293 3395 episcopus,
1322 3325 1480 3393 cujus
1513 3323 1564 3377 in
1588 3323 1778 3392 primis
1805 3331 2026 3377 sentcn-

460 3423 591 3477 tiam
624 3419 953 3489 exquisitam
986 3418 1255 3486 oportuit,
1292 3431 1393 3470 nec
1419 3413 1760 3477 Vincentius,
1799 3415 1893 3485 qui
1946 3424 2025 3470 tot

461 3514 618 3569 annis
666 3512 1041 3580 episcopatum
1095 3507 1352 3562 inviolate
1407 3507 1790 3572 conservaxit,
1848 3522 2026 3576 neque

459 3606 692 3660 aliorum
732 3603 888 3657 hisce
914 3599 1371 3655 consentientium
1413 3601 1701 3668 quisquam
1734 3601 1805 3652 ibi
1856 3599 2028 3654 aﬂ‘ue-

464 3699 555 3752 rit.
589 3697 656 3751 Et
683 3695 939 3755 maxime,
969 3689 1431 3761 quemadmodum
1464 3690 1726 3754 diximus,
1774 3703 1899 3742 cum
1937 3688 2025 3742 isti

461 3784 566 3860 ipsi
600 3788 692 3858 qui
733 3785 925 3839 fraude
961 3782 1321 3838 circumventi
1355 3782 1552 3836 cedere
1585 3781 1683 3835 visi
1721 3789 1873 3845 sunt,
1909 3794 2025 3834 me-

462 3880 655 3934 liorem
685 3891 831 3929 nunc
860 3874 1193 3929 sententiam
1233 3881 1543 3940 sequentes,
1582 3871 1872 3940 displicere
1920 3869 2025 3925 sibi

463 3985 515 4022 at
535 3968 711 4022 tiones
745 3964 878 4018 tales
907 3963 1018 4018 sint
1048 3960 1342 4016 testificati.
1394 3961 1664 4031 Perspicit
1721 3960 1887 4030 igitur
1919 3962 2029 4014 sin-

462 4059 658 4114 Ceritas
689 4068 887 4118 vestra,
920 4054 1091 4108 solam
1120 4067 1241 4106 eam
1282 4050 1466 4113 fidem,
1497 4066 1618 4119 qute
1651 4049 1845 4105 Nica-a:
1873 4051 2027 4120 juxta

460 4146 831 4216 apostolorum
889 4143 1272 4196 auctoritatem
1317 4140 1541 4195 fundata
1598 4149 1699 4206 est,
1758 4150 2022 4210 perpetua

458 4236 764 4295 constantia
796 4242 852 4289 et
877 4233 1155 4295 ﬁrmitate,
1197 4231 1483 4285 nobiscum
1538 4232 1704 4284 etiam
1735 4232 1803 4284 ab
1832 4229 2027 4285 Orien-

464 4330 693 4393 talibus,
721 4328 816 4397 qui
856 4342 915 4380 se
943 4325 1010 4379 ad
1049 4324 1371 4379 catholicam
1398 4323 1694 4378 Ecclesium
1751 4325 2027 4394 pertinere

2126 506 2433 577 νοουμένων
2487 506 2562 576 μὴ
2620 502 3085 576 παρολισθαίνειν,
3141 504 3272 559 ἀλλὰ
3327 507 3508 576 μᾶλλον
3554 513 3647 565 τῶν

2126 597 2270 651 Πατέ
2280 614 2386 668 ρων
2415 598 2575 666 ἡμῶν
2600 596 2857 665 κατέχειν
2881 597 2982 666 τὴν
3002 593 3249 663 γνώμην,
3273 596 3453 660 όσάκις
3483 599 3539 651 ἂν
3559 600 3649 655 δια.

2126 690 2315 758 φόροις
2353 687 2577 757 βουλαῖς
2618 684 3044 759 περιφέρωνται.
3078 686 3374 757 Τοιγαροῦν
3402 688 3648 752 Αὑξίντιον

2125 780 2217 833 τὶν
2256 779 2604 833 Μεδιολάνων
2652 779 2946 848 ἐξαιρέτως
2983 778 3042 829 ἐν
3071 776 3245 845 τούτῳ
3282 777 3355 845 τῷ
3404 781 3651 849 πράγματι

2123 870 2557 941 κατακεκρίσθαι
2579 867 3247 939 προγέγραπταιΔθίκαιον
3274 868 3396 937 γοῦν
3418 871 3521 924 ἐστι
3538 873 3651 926 πᾶν

2125 978 2226 1024 τας
2264 964 2394 1026 τοὺς
2432 965 2490 1015 ἐν
2521 961 2600 1031 τῷ
2642 960 2934 1029 Ῥωμαίων
2969 960 3160 1030 κόσμῳ
3186 959 3516 1023 διδασκάλους
3540 964 3651 1031 ὁμο.

2127 1053 2365 1122 φρονεῖν,
2399 1052 2494 1104 καὶ
2550 1052 2623 1121 μὴ
2650 1050 2929 1118 διαφόροις
2971 1048 3344 1111 διδασκαλίαις
3373 1049 3465 1119 τὴν
3501 1051 3655 1105 πίστιν

2131 1144 2388 1215 μιαίνειν.
2426 1143 2533 1196 Καὶ
2569 1142 2676 1211 γὰρ
2702 1142 2866 1211 ἡνίκα
2892 1141 3106 1212 πρῶτον
3139 1142 3172 1210 ἡ
3208 1142 3372 1194 κακία
3399 1142 3496 1194 τῶν
3521 1144 3652 1211 αἱρε-

2127 1236 2298 1290 τικῶν
2327 1236 2598 1304 ἀκμάζειν
2644 1234 2870 1304 ἤρξατο,
2906 1233 2990 1293 ’ὡς
3018 1236 3115 1287 καὶ
3156 1231 3252 1285 νῦν
3286 1232 3502 1302 μάλιστα
3525 1233 3655 1304 (ὅπερ

2128 1329 2319 1399 ἀπείη)
2374 1329 2482 1381 τῶν
2520 1327 2819 1398 Ἃρειανῶν
2869 1327 2902 1396 ἠ
2966 1325 3307 1394 βλασφημία,
3353 1329 3399 1379 οἱ
3453 1326 3659 1395 Πατὲρες

2129 1418 2288 1488 ἡμῶν
2317 1418 2620 1486 τριακόσιοι
2641 1415 2773 1469 δέκα
2799 1418 2885 1467 καῖ
2924 1414 3071 1467 ὀκτὼ
3094 1414 3364 1466 ἐπίλεκτοι
3408 1415 3459 1465 ἐν
3487 1414 3661 1485 Nunt;

2129 1511 2428 1577 γενομένου
2486 1508 2827 1578 σκέμματος.
2875 1505 3034 1559 τοῦτο
3067 1506 3127 1558 τὺ
3169 1507 3345 1574 τεῖχος
3387 1504 3663 1558 ὑπεναντίον

2129 1602 2240 1656 τῶν
2264 1600 2444 1654 ὃπλων
2471 1599 2564 1653 τοῦ
2593 1599 2843 1653 διαϐόλου
2872 1598 3104 1669 ὥρισαν,
3134 1599 3234 1651 καὶ
3261 1600 3426 1669 ταύτῃ
3452 1602 3511 1668 τῇ
3538 1603 3665 1654 ἀντι.

2129 1693 2268 1761 δότῳ
2287 1692 2355 1743 τὰ
2378 1690 2652 1759 θανάσιμα
2686 1691 3005 1744 ἀπεώσαντο
3023 1708 3039 1723 ο
3071 1689 3218 1743 ὥστε
3241 1691 3330 1744 τὸν
3368 1689 3563 1758 Πατέρα
3588 1691 3664 1742 καὶ

2137 1782 2221 1834 τὸν
2246 1780 2375 1833 Υίον
2409 1780 2539 1847 μιᾶς
2579 1778 2830 1845 θεότητος
2850 1817 2866 1841 ,
2896 1779 3026 1846 μιᾶς
3066 1778 3271 1847 ἀρετῆς
3303 1776 3392 1829 καὶ
3425 1776 3531 1839 ἐνὸς
3554 1778 3664 1846 χρήο

2134 1890 2306 1943 ματος
2353 1870 2728 1924 πιστεύεσθαι.
2765 1868 2884 1940 Χρὴ
2935 1869 2993 1922 δὲ
3023 1869 3121 1938 τῆς
3165 1869 3334 1939 αὑτῆς
3360 1867 3664 1929 ὑποστάσεως

2132 1965 2227 2017 καὶ
2271 1963 2334 2016 τὸ
2381 1962 2609 2031 Πνεῦμα
2647 1962 2709 2014 τὸ
2757 1962 2911 2029 ἅγιον
2962 1960 3269 2015 πιστεύειν.
3305 1960 3406 2011 Τὸν
3436 1959 3488 2011 δὲ
3518 1957 3666 2019 ἄλλως

2133 2056 2434 2128 φρονοῦντα
2474 2054 2756 2124 ἀλλότριον
2784 2049 2922 2107 εἶναι
2962 2055 3061 2123 τῆς
3108 2053 3385 2123 ἡμετέρας
3415 2050 3666 2110 κοινωνίας

2137 2148 2465 2216 ἐκρίναμεν.
2509 2144 2720 2215 Ὅνπερ
2755 2143 3073 2215 σωτηριώδη
3122 2146 3254 2213 ὅρον
3284 2145 3376 2197 καὶ
3408 2142 3501 2210 τὴν
3527 2156 3668 2211 προσ·

2132 2238 2374 2308 κυνητὴν
2407 2236 2598 2307 σκέψιν
2626 2239 2768 2300 τινὲς
2799 2239 2987 2306 μιᾶναι
3013 2237 3324 2307 ἠθέλησαν
3349 2233 3459 2288 ἀλλ’
3480 2233 3533 2287 ἓν
3551 2233 3664 2301 αὐτῇ

2131 2331 2196 2399 τῇ
2234 2330 2373 2400 ἀρχῇ
2391 2328 2484 2380 ἀπ’
2511 2327 2691 2380 αὑτῶν
2708 2326 2913 2380 τούτων
2936 2326 3131 2389 οἵτινες
3162 2326 3323 2379 τοῦτο
3352 2327 3408 2378 ἒν
3439 2322 3671 2392 Ἀριμίνῳ

2131 2417 2546 2474 ἀνανεώσασθαι
2576 2419 2607 2488 ἢ
2632 2418 2952 2488 ψηλαφῆσαι
2977 2418 3374 2487 ἠναγκάζοντο.
3403 2416 3505 2470 Καὶ
3532 2414 3672 2482 μέχρι

2127 2512 2324 2566 τούτου
2348 2510 2632 2582 διωρθώθη
2655 2552 2669 2573 ,
2700 2509 2774 2571 ὡς
2821 2510 3105 2580 ὁμολογεῖν
3153 2511 3371 2573 αὑτοὺς,
3401 2509 3550 2578 ἑτέρα
3582 2506 3675 2558 τινὶ

2130 2604 2362 2669 διαλέξει
2393 2603 2710 2674 ὑφαρπάσαι
2736 2620 2750 2633 ο
2785 2605 2868 2657 ὅτι
2893 2606 2993 2657 οὑκ
3022 2604 3319 2673 ἑνενόησαν
3353 2605 3415 2672 τῇ
3449 2601 3550 2653 τῶν
3581 2599 3674 2652 Πα-

2131 2696 2304 2767 τέρων
2336 2696 2530 2765 γνώμῃ
2558 2698 2619 2765 τῇ
2645 2696 2707 2768 ἐν
2736 2694 2943 2767 Νικιίᾳ
2975 2696 3232 2768 ἁρεσάσῃ
3266 2693 3499 2747 ἐναντίον
3534 2686 3674 2744 εἶναι.

2132 2764 2269 2843 οιδὲ
2322 2788 2428 2858 γὰρ
2478 2764 2765 2858 πρόκβιμά
2794 2804 2846 2839 τι
2899 2764 3140 2857 ἠδυνήθη
3183 2764 3433 2854 γενέσθαι
3473 2780 3674 2837 ἀπὸτοῦ

2132 2878 2368 2949 ἀριθμοῦ
2404 2877 2513 2931 τῶν
2563 2880 2620 2933 ὲν
2667 2876 2932 2947 Ἀριμίνῳ
2959 2878 3364 2949 συναχθέντων,
3395 2877 3545 2929 ὁπότε
3574 2890 3681 2928 συνο

2132 2970 2365 3038 ἕστηκε⁹
2420 2969 2555 3039 μήτε
2604 2969 2696 3022 τοῦ
2757 2969 3046 3039 Ῥωμαίων
3104 2970 3437 3031 ἐπισκόπου,
3487 2966 3542 3021 οῦ
3588 2965 3681 3034 πρὸ

2132 3059 2491 3121 πάντωνίέδει
2524 3059 2625 3128 τὴν
2663 3060 2889 3127 γνώμην
2948 3060 3335 3127 ὲκδείξασθαι·
3370 3060 3487 3114 οὗτε
3515 3058 3683 3113 Butes-

2128 3150 2263 3215 τίου,
2294 3149 2352 3211 ὃς
2393 3150 2485 3202 ἐπὶ
2516 3149 2794 3212 τοσούτοις
2825 3149 2971 3203 ἔτεσι
3016 3151 3115 3221 τὴν
3151 3153 3458 3220 ἐπισκοπὴν
3492 3149 3683 3211 ἁσὺλως

2128 3240 2393 3307 ἐφύλαξεν
2413 3255 2427 3269 ·
2458 3239 2582 3293 οὔτε
2622 3240 2731 3292 τῶν
2765 3240 2941 3295 ἄλλων
2982 3244 3092 3303 τοῖς
3125 3242 3397 3306 τοιούτοις
3428 3257 3679 3307 συγκαταο

2129 3330 2409 3399 θεμένων*
2459 3330 2620 3383 όπότε
2674 3331 2950 3400 μάλιστα,
2999 3332 3185 3396 καθὼς
3246 3332 3680 3404 προειρήκαμεν,

2128 3423 2285 3475 αὐτοὶ
2303 3416 2447 3475 οὑτοι
2469 3423 2664 3486 οἵτινες
2692 3422 2834 3476 κατὰ
2863 3425 3139 3492 συσκευὴν
3174 3425 3552 3479 ὑποκλίνεσθαι
3585 3422 3686 3475 εδο-

2130 3514 2247 3580 ξαν,
2283 3506 2431 3567 οὗτοι
2478 3514 2717 3567 καλλίονι
2743 3513 2941 3587 γνώμῃ
2971 3516 3340 3588 χρησάμενοι,
3373 3516 3686 3588 ἀπαρέσκειν

2128 3607 2313 3667 αὑτοῖς
2356 3606 2529 3660 ταῦτα
2560 3607 2963 3678 ἐμαρτύραντο.
2999 3608 3215 3681 Συνορᾷ
3264 3606 3360 3664 οὖν
3394 3609 3430 3679 ἡ
3467 3604 3686 3678 ὑμετέρα

2130 3696 2443 3769 καθαρότης
2472 3697 2674 3769 ταύτην
2715 3699 2885 3768 μόνην
2909 3699 3005 3771 τὴν
3031 3702 3243 3768 πίστιν,
3276 3702 3399 3774 ἥτις
3425 3701 3481 3754 ιν
3506 3697 3691 3766 Noui;

2127 3795 2271 3847 κατά
2319 3794 2417 3861 τὴν
2465 3792 2756 3848 αὑθεντίαν
2807 3795 2918 3850 τῶν
2969 3797 3298 3851 ἀποστόλων
3353 3791 3689 3865 ὲθεμελιὼθη.

2128 3881 2368 3951 διηνεκεῖ
2390 3881 2704 3952 βεϐαιότητι
2738 3886 3031 3940 καθεκτέον
3054 3881 3201 3940 εἶναι
3228 3903 3246 3919 ⁸
3280 3887 3373 3941 καὶ
3410 3884 3524 3953 μεθ’
3548 3882 3692 3954 ὑμῶν

2126 3973 2254 4036 τοῦς
2283 3972 2662 4038 ἁνατολικοὺς,
2690 3974 2887 4037 οἵτινες
2912 3977 3143 4039 ἑαυτοὺς
3174 3978 3279 4048 τῆς
3313 3960 3598 4044 καθολικῆς
3623 3966 3692 4024 εῖ-

2127 4079 2217 4115 ναι
2249 4061 2698 4131 ὲπιγινώσκουσι,
2728 4065 2854 4127 τοὺς
2882 4064 2936 4117 δὲ
2959 4068 3220 4131 δυτικοὺς
3246 4068 3575 4139 καυχᾶσθαι.
3607 4065 3694 4118 Πι-

2131 4151 2393 4223 στεύομεν
2415 4153 2497 4214 δὲ.
2526 4154 2626 4208 οὑκ
2650 4156 2726 4218 είς
2752 4157 2971 4227 μακρὰν
2991 4157 3116 4220 τοὺς
3141 4160 3282 4213 ἄλλα
3307 4159 3554 4214 νοοῦντα;
3572 4157 3693 4224 αὑτῇ

2127 4245 2195 4314 τῇ
2249 4244 2585 4315 ἐπιχειρήσει
2628 4244 2738 4298 ἀπὸ
2768 4244 2869 4314 τῆς
2908 4248 3187 4319 ἡμετέρας
3226 4251 3517 4312 κοινωνίας
3545 4265 3697 4319 χωρι-

2132 4333 2426 4402 σθήσεσθαι
2471 4333 2650 4387 αὑτῶν
2680 4335 2739 4389 τὸ
2795 4336 2889 4389 τοῦ
2934 4340 3244 4395 ἐπισκόπου
3299 4341 3510 4409 ὄνομα·
3568 4338 3695 4390 ὥστε

459 4429 781 4494 agnoscunt,
814 4417 1156 4474 retinendam
1179 4431 1323 4479 esse,
1347 4426 1404 4472 et
1428 4416 1810 4471 Occidentales
1836 4432 1902 4472 eo
1924 4432 2022 4471 uo-

2129 4420 2252 4482 τοὺς
2284 4420 2447 4482 λαοὺς
2474 4421 2576 4491 τῆς
2622 4423 2830 4493 πλάνης
2851 4426 3030 4480 αὑτῶν
3061 4429 3542 4501 ἐλευθερωθέντας
3576 4431 3697 4481 ἀνα-

460 4518 606 4570 rnine
628 4512 852 4583 gloriari
884 4524 1063 4581 posse.
1123 4508 1285 4580 174
1313 4507 1615 4578 Opinamur
1656 4520 1809 4572 vero,
1869 4507 2023 4562 brevi

459 4624 649 4663 eorum
691 4606 784 4675 qui
830 4604 992 4657 aliter
1034 4603 1298 4663 sentiunt,
1352 4602 1453 4655 hac
1514 4598 1629 4668 ipsa
1676 4600 2025 4669 aggressioue

457 4697 788 4769 episcopalia
816 4694 1034 4749 nomina
1074 4707 1104 4747 a
1144 4690 1531 4746 commouiooe
1559 4701 1742 4744 nostra
1772 4704 2027 4758 segrega-

461 4803 576 4846 tum
615 4790 704 4856 iri,
750 4799 807 4843 ut
844 4786 1076 4857 populus
1119 4800 1149 4837 a
1174 4782 1365 4837 fraude
1393 4792 1450 4836 et
1477 4780 1795 4836 seductione
1827 4796 2021 4835 eorum

456 4882 721 4933 liberatus
770 4876 1025 4945 respiret.
1058 4874 1413 4943 Nequaquam
1466 4872 1614 4925 enim
1649 4870 2021 4924 multitudinis

456 4985 616 5025 error
643 4968 838 5036 corrigi
879 4966 1104 5036 poterit,
1132 4964 1176 5018 si
1223 4963 1324 5029 ipsi
1357 4976 1547 5017 errore
1578 4976 1646 5016 eo
1706 4969 2019 5015 teneantur.

456 5063 646 5132 itaque
673 5071 865 5113 vestra:
885 5073 1100 5127 quoque
1126 5055 1407 5124 dignitatis
1436 5056 1709 5110 sententia
1736 5068 1859 5108 cum
1906 5069 2023 5108 om-

2132 4509 2384 4564 πνεῦσαι.
2432 4513 2623 4567 Οὑδενὶ
2671 4516 2780 4587 γὰρ
2815 4518 3004 4587 τρόπῳ
3049 4518 3382 4591 δυνήσονται
3419 4520 3697 4591 διορθῶσαι

2130 4602 2233 4673 τὴν
2262 4604 2470 4673 πλάνην
2494 4604 2599 4658 τῶν
2628 4606 2820 4677 όχλων,
2858 4609 3019 4663 ὁπότε
3041 4614 3202 4667 αὑτοὶ
3232 4613 3342 4667 ὑπὸ
3374 4615 3476 4681 τῆς
3507 4612 3699 4680 πλάνης

2133 4694 2479 4764 κατέχονται.
2509 4696 2878 4766 Συμφωνείτω
2908 4701 3000 4755 οὖν
3047 4707 3190 4772 μετὰ
3229 4708 3454 4759 πάντων
3486 4705 3590 4756 τῶν
3614 4700 3698 4753 τοῦ

2130 4783 2265 4837 Θεοῦ
2300 4785 2488 4855 ίερέων
2518 4790 2613 4841 καὶ
2647 4789 2746 4859 τῆς
2773 4792 3046 4862 ὑμετέρας
3080 4797 3406 4865 τιμιότητος
3436 4798 3469 4866 ἠ
3497 4794 3699 4864 γνώμη.

2129 4868 2246 4948 ὲνῇ
2285 4876 2432 4946 ὑμᾶς
2469 4876 2660 4945 ἁγίους
2698 4880 2790 4933 καὶ
2824 4880 3072 4947 βεϐαίους
3102 4886 3463 4956 πιστεύομεν.
3498 4885 3612 4937 Ὀτι
3649 4881 3699 4933 δὲ

2129 4967 2289 5035 ἡμεῖς
2314 4969 2432 5034 μεθ’
2452 4969 2606 5038 ὑμῶν
2628 4973 2905 5025 πιστεύειν
2927 4974 3242 5045 ὀφείλομεν,
3264 4981 3382 5042 τοῖς
3405 4974 3699 5047 ἁμοιδαίοις

2129 5059 2226 5127 τῆς
2256 5057 2525 5130 ὑμετέρας
2551 5062 2770 5133 ἀγάπης
2794 5065 3155 5131 ἐπιδείξασθε.
3187 5084 3209 5118 ι

456 5160 619 5212 nibus
653 5156 749 5223 Dei
778 5153 1160 5208 sacerdotibus
1187 5152 1505 5217 concordet,
1576 5151 1629 5204 in
1676 5166 1781 5220 qua
1842 5167 1936 5206 vos
2011 5161 2228 5208 sanctos
2259 5167 2313 5210 et
2369 5156 2555 5213 firmos
2621 5173 2743 5214 esse
2789 5163 3088 5218 credimus.
3133 5163 3203 5218 Ut
3268 5179 3456 5219 autem
3509 5178 3600 5218 nos
3631 5160 3696 5215 ita

454 5252 680 5305 credere
712 5249 990 5303 vobiscum
1020 5244 1333 5309 debeamus,
1365 5255 1550 5298 mutua
1578 5234 1719 5330 qua:
1781 5243 1939 5298 nobis
2001 5243 2240 5300 \icissim
2307 5251 2633 5319 respondeat
2683 5255 2995 5310 dilectionis
3062 5268 3259 5313 vestra:
3294 5259 3521 5329 pietate,
3552 5257 3567 5313 ἴ
3593 5268 3688 5309 tte-

454 5343 641 5412 risque
671 5342 861 5396 vestris
893 5338 1186 5394 declarate.
1236 5354 1254 5387 ι
