3986 6190
402 303 506 365 εει

1629 296 2049 364 NICEPHURI
2083 302 2428 365 CALLISTI

3553 292 3662 362 6,8

402 435 535 471 num
572 432 585 469 :
622 435 639 467 ι
701 415 916 470 Gratias
958 414 1079 479 tibi,
1131 412 1410 483 inquiens,
1447 427 1568 482 ago,
1620 415 1970 481 omnipotens

2092 433 2197 468 τισι
2220 417 2328 468 τῶν
2347 413 2706 486 πραγμάτων,
2740 414 2813 475 ὡς
2843 412 2902 466 ού
2928 410 3103 473 καλῶς
3129 410 3276 481 παρὰ
3296 412 3404 473 τοῖς
3447 413 3677 482 ἄρχουσι

401 510 631 564 Domine
669 518 727 563 et
778 506 1040 562 Servator
1100 515 1307 569 noster,
1348 506 1495 573 quod
1544 507 1672 560 huic
1730 507 1849 561 viro
1879 520 1982 575 ego

399 603 622 672 quidem
687 613 1007 668 corporum,
1074 608 1131 651 tu
1185 606 1370 652 autem
1419 597 1730 651 animarum
1790 613 1977 653 curam

399 691 760 748 commiseris.
791 690 1059 760 etjudieii
1092 690 1200 743 mei
1250 690 1526 743 calculum
1580 704 1801 757 aequum
1859 703 1982 743 esse

400 780 804 850 eomprobaris.
850 798 867 830 ι
913 778 1083 833 Porro
1132 778 1459 831 Ambrosius
1492 793 1602 830 nou
1642 778 1814 832 multo
1861 787 1987 847 post

405 887 667 942 perquam
735 871 909 925 libere
964 884 1086 924 cum
1146 870 1479 937 imperatore
1529 868 1862 933 collocutus,
1899 884 1984 923 res

404 966 666 1035 quasdam
700 981 807 1016 non
842 973 1001 1016 recte
1052 977 1079 1015 a
1138 960 1551 1029 magistratibus
1605 971 1753 1015 actas
1793 976 1982 1028 repre-

400 1056 614 1108 hendit.
652 1054 830 1121 Atque
900 1054 1225 1120 imperator,
1260 1068 1277 1101 ι
1336 1049 1484 1103 Hanc
1536 1066 1641 1116 ego
1672 1050 1893 1105 dicendi
1923 1051 1983 1104 lio

399 1149 673 1201 bertatetu
705 1155 874 1207 tuam,
941 1143 1039 1205 ait,
1098 1142 1426 1211 jamdudum
1475 1157 1670 1194 norant
1711 1160 1721 1192 :
1755 1149 1811 1194 ct
1849 1155 1977 1195 cum

398 1245 694 1308 perspecta
728 1235 861 1290 tnibi
908 1250 972 1289 ea
996 1244 1164 1296 esset,
1205 1249 1315 1287 non
1370 1233 1535 1286 modo
1586 1248 1693 1287 non
1734 1233 1974 1296 inhibui,

398 1345 590 1383 verum
630 1327 797 1382 etiam
849 1325 1114 1395 suﬂ‘ragio
1171 1320 1307 1380 meo’
1332 1325 1662 1379 electionem
1713 1334 1887 1387 tuam,
1924 1334 1985 1378 ut.

396 1423 688 1490 episcopus
711 1420 891 1482 lieres,
914 1417 1120 1487 adjuvi.
1151 1415 1323 1487 Perge
1348 1416 1552 1487 itaque,
1589 1416 1751 1471 sicuti
1784 1415 1975 1472 divina

2085 509 2500 577 πραττομένων.
2545 524 2563 557 ι
2607 505 2828 575 Ταύτην
2861 520 2955 557 σου
3009 503 3107 573 τὴν
3139 503 3452 574 παρρησίαν
3496 504 3668 557 πάλαι

2083 599 2212 651 ποτὲ
2237 597 2381 668 ᾔδειν
2411 598 2544 666 ἐγὼ,
2579 597 2682 668 ἔφη
2709 599 2736 649 ὁ
2766 595 3019 667 βασιλεύς
3042 612 3057 628 ο
3090 596 3186 649 καί
3215 597 3265 662 γ’
3280 596 3666 664 ἐπιστάμενος,

2085 690 2144 740 ού
2191 703 2353 759 μονον
2387 690 2641 759 ἐπέσχον,
2668 689 2806 743 άλλά
2846 679 2940 740 καὶ
2973 686 3266 757 σύμψηφος
3294 686 3565 756 ἐγενόμην
3596 688 3665 755 τῇ

2085 780 2489 853 ἀρχιερωσύνη.
2542 782 2776 851 Ἰάτρευε
2812 777 2928 847 οὖν,
2973 780 3049 843 ὡς
3091 782 3121 833 ό
3148 781 3290 839 Gaio;
3331 780 3668 850 ὑπαγορεύει

2089 870 2311 940 Θεσμὸς,
2360 873 2432 925 τά
2474 873 2584 925 τῶν
2636 872 2921 942 ἡμετέρων
2970 871 3158 941 ψυχῶν
3203 873 3597 942 ἁμαρτήματα.
3643 890 3662 922 ι

2090 962 2275 1015 Ταῦτα
2304 963 2403 1033 μὲν
2446 964 2503 1014 ὲν
2544 964 2897 1026 Μεδιολάνοις
2931 964 3179 1030 ἐγένετο·
3219 963 3404 1025 ὁποῖος
3435 961 3489 1014 δὲ
3536 963 3673 1030 Ἀμ-

2085 1053 2302 1122 6ρόσιος
2332 1057 2423 1108 τὸν
2442 1056 2556 1125 βίον
2587 1057 2685 1109 καὶ
2705 1055 2861 1123 λόγον
2893 1058 2985 1107 καὶ
3006 1056 3096 1107 τὸν
3126 1054 3267 1123 ὑπὲρ
3295 1054 3395 1123 τῆς
3443 1054 3673 1121 Ἐκκὶηα

2088 1148 2207 1209 σίας
2245 1148 2427 1217 ζῆλον,
2461 1150 2557 1201 καὶ
2588 1147 2660 1211 ὡς
2695 1150 2839 1215 μάλα
2880 1146 3139 1216 ἀνδρείως
3168 1148 3262 1199 καὶ
3293 1144 3539 1206 Osos-.65»;
3566 1146 3673 1211 τὴν

2088 1238 2391 1307 ἱερωσύνην
2422 1241 2665 1308 διήνυσε,
2693 1240 2978 1308 παρρησίᾳ
3003 1237 3174 1308 πολλῇ
3206 1237 3342 1308 πρὸς
3373 1237 3468 1297 τὰς
3497 1237 3673 1303 ὑπερ-

2086 1330 2319 1397 εχούσας
2367 1332 2540 1400 ἀρχὰς
2591 1331 2865 1400 ὲγκαίρως
2916 1330 3223 1399 χρώμενος,
3264 1330 3322 1381 ἐν
3344 1328 3418 1399 τῷ
3449 1329 3656 1397 ὲφεξής

2088 1420 2387 1489 ῥηθήσεται
2429 1424 2601 1492 τόμῳ.

392 1515 548 1597 iubet
581 1513 813 1575 sanetio,
847 1524 1042 1565 sanare
1064 1510 1369 1563 animarum
1394 1519 1710 1564 nostrarum
1774 1508 1997 1564 delicta.
2035 1528 2052 1560 ι
2104 1511 2228 1567 Haec
2269 1513 2564 1569 Mediolani
2602 1525 2743 1570 acta.
2772 1513 2961 1581 Qualis
3009 1522 3192 1567 autem
3251 1510 3577 1566 Ambrosius
3617 1516 3675 1561 et

401 1607 508 1659 vita
541 1615 596 1660 ct
625 1604 905 1665 doctrina,
941 1614 1059 1656 tum
1129 1611 1316 1656 autem
1364 1602 1587 1671 egregio
1652 1600 1708 1653 in
1766 1601 2056 1655 ecclesiam
2096 1605 2291 1660 ardore
2326 1607 2514 1668 fuerit.
2565 1614 2620 1661 et
2649 1624 2811 1677 quam
2845 1606 3084 1661 viriliter
3129 1614 3292 1674 atque
3331 1604 3518 1658 divine
3546 1600 3671 1670 θρίω

308 1694 321 1697 “
395 1708 680 1768 seopatum
706 1694 955 1765 gesserit,
984 1692 1152 1747 multa
1179 1693 1515 1748 admonendi
1548 1692 1799 1748 libertate
1825 1692 1971 1762 apud
2011 1696 2323 1767 pracipuos
2353 1700 2708 1770 magistratus
2729 1699 3051 1769 tempestive
3084 1713 3238 1764 usus,
3294 1697 3349 1751 in
3414 1692 3670 1764 sequenti

394 1791 612 1845 dicetur
668 1790 832 1846 libro.

830 1929 991 2001 176
1030 1927 1258 1985 CAPUT
1298 1926 1536 1983 XXXII].

401 2047 464 2101 [7t
501 2061 722 2113 magnus
761 2041 1164 2096 Valentinianus
1191 2111 1197 2113 Α
1222 2057 1248 2095 ε
1270 2044 1406 2113 ᾼυὶια
1443 2045 1737 2113 excesserit.
1767 2041 1838 2095 De
1877 2042 1977 2096 Va-

469 2110 759 2170 lentiniano
795 2112 1041 2182 juniore.
1076 2124 1124 2163 et
1166 2111 1229 2163 de
1253 2111 1467 2165 Iustina
1508 2122 1555 2165 et
1590 2110 1782 2166 Severa
1816 2114 1977 2181 impe-

468 2186 769 2248 ratricibus,
798 2181 862 2236 iet
892 2181 955 2235 de
986 2181 1159 2234 liberis
1200 2183 1471 2252 utriusque
1499 2183 1761 2236 narratio.

467 2363 543 2417 Ea
575 2371 922 2432 tempestate,
947 2361 1095 2432 quod
1120 2357 1545 2432 (l)Sauromatze
1562 2363 1860 2417 Romanam
1892 2363 1978 2417 di-

408 2458 638 2519 tionem,
672 2469 905 2523 eamque
934 2455 1147 2524 imperii
1176 2465 1384 2524 partem
1440 2470 1561 2524 quae
1604 2453 1670 2508 ad
1705 2453 1979 2509 Occiden-

401 2558 511 2602 tetn
552 2536 753 2615 vergit,
779 2546 1200 2600 excursionibus
1234 2555 1521 2611 vexarent,
1565 2545 1978 2600 Valentinianus

396 2654 521 2692 cunt
560 2638 766 2708 ingenti
804 2636 934 2691 belli
974 2645 1236 2708 apparatu
1273 2638 1537 2692 adversus
1594 2651 1691 2693 eos
1737 2649 1816 2692 est
1850 2653 1981 2707 pro-

398 2732 602 2785 fectus.
647 2733 825 2798 Atque
861 2728 940 2783 illi
997 2739 1203 2783 tantam
1269 2728 1621 2798 imperatoris
1677 2730 1981 2799 expeditio-

401 2839 528 2876 nem
610 2821 992 2882 formidantes.
1076 2821 1272 2888 legatis
1326 2822 1508 2875 missis
1563 2836 1751 2891 pacem
1795 2821 1865 2876 ab
1911 2838 1980 2877 eo

410 2918 713 2987 petierunt.
762 2916 913 2981 Quos
974 2916 1062 2970 ubi
1117 2916 1393 2970 deformes
1449 2932 1570 2970 esse
1610 2917 1859 2981 vidisset,
1907 2931 1977 2971 an

409 3009 654 3062 universi
714 3007 847 3061 tales
908 3015 1092 3061 essent
1172 3006 1544 3071 Sauromatae,
1600 3008 1974 3077 interrogavit.

376 3102 468 3157 _I'lt
501 3115 624 3154 cum
653 3099 729 3152 illi
764 3099 1047 3153 dixissent.
1090 3101 1329 3167 optimos
1387 3114 1631 3168 quosque
1670 3099 1762 3169 qui
1807 3111 1862 3154 et
1886 3116 1980 3171 ge-

398 3206 536 3244 nere
585 3199 638 3243 et
671 3190 845 3242 l'orma
899 3195 1247 3256 praestarent,
1279 3186 1348 3240 ab
1400 3187 1482 3241 eis
1534 3188 1744 3257 legatos
1800 3189 1979 3244 solere

2647 1925 2901 1982 ΚΕΦΑΛ.
2943 1922 3067 1977 Al".

2098 2042 2195 2106 Ὧς
2244 2040 2462 2094 ἀπεόίω
2509 2041 2543 2092 ὀ
2564 2038 2751 2108 μέγας
2809 2034 3343 2108 Οὐαλεντιιςιαγόςζ
3391 2032 3496 2108 3(a)
3528 2032 3670 2099 περὶ

2156 2103 2265 2164 τοῦ
2294 2103 2586 2176 νεωτέρού
2639 2103 3189 2176 Οιῗνιιλιεινντινιιινοῦ-⁸
3243 2104 3341 2176 καὶ
3380 2103 3670 2176 διήγησις

2157 2176 2290 2246 περὶ
2327 2171 2665 2244 Ἰουᾱ-τΙνης
2693 2178 2788 2229 καὶ
2811 2176 3081 2245 Σευήρας
3102 2173 3222 2228 τῶν
3248 2171 3667 2238 βασαισιγῶν,

2156 2251 2254 2303 καὶ
2289 2249 2405 2303 τῶν
2426 2247 2658 2302 παίδων
2688 2246 2923 2316 ἀμερῶν.

2155 2364 2472 2433 Τηνικαῦτα
2514 2363 2571 2416 δι
2616 2362 2990 2432 Σαυροματῶν
3020 2361 3119 2430 τὴν
3161 2360 3454 2429 Ῥωμαίων
3492 2376 3673 2412 κατα-

2084 2457 2407 2526 τρεχόντων,
2442 2456 2539 2508 καὶ
2581 2455 2707 2507 ὅσον
2736 2456 2795 2505 τὸ
2826 2453 2963 2523 πρὸς
2988 2452 3145 2506 δύσιν
3176 2452 3276 2520 τῆς
3324 2451 3668 2521 ἀρχομένης,

2086 2548 2538 2609 (ὶὺαλεντινιανὸς
2571 2547 2667 2599 σὺν
2705 2544 2874 2615 πολλῇ
2923 2547 2990 2614 τῇ
3041 2546 3369 2614 παρασκευῇ
3422 2542 3672 2607 ἐπέξεισι

2086 2639 2208 2693 κατ’
2242 2638 2444 2693 αὐτῶν.
2500 2638 2730 2690 Ἐκεῖνοι
2784 2637 2842 2689 δὲ
2895 2636 3030 2707 πρὸς
3082 2636 3183 2703 τὴν
3236 2632 3512 2701 τοσαύτην
3567 2632 3671 2685 τοῦ

2090 2732 2357 2804 βασιλέως
2410 2730 2587 2800 ὁρμὴν
2641 2729 2945 2790 δείσαντες,
3003 2727 3267 2798 πρέσϐεις
3319 2725 3670 2795 πέμψαντες,

2086 2824 2254 2895 ᾔτουν
2304 2824 2529 2894 εἰρήνην
2558 2839 2574 2855 ·
2604 2820 2698 2885 οὓς
2754 2821 2879 2877 ἰδὼν
2910 2822 3010 2875 οὐκ
3059 2820 3281 2889 εὐφυῶς
3325 2818 3575 2887 ἔχοντα..
3611 2817 3675 2869 εἰ

2085 2916 2367 2979 τοιούτους
2409 2913 2550 2971 εἶναι
2589 2916 2959 2985 Σαυρομάτας
3002 2915 3214 2975 πάντας
3257 2911 3669 2965 διεπυνθάνετο.

2087 3008 2209 3062 Τῶν
2233 3007 2277 3061 δ’
2303 3008 2569 3062 εἰπόντων
2591 3008 2719 3071 τοὺς
2746 3006 2879 3077 παρ’
2907 3008 3093 3070 αὐτοῖς
3118 3005 3376 3074 ἀρίστους
3403 2998 3544 3057 εἶναι
3567 3004 3679 3056 καὶ

2087 3099 2233 3168 γένει
2283 3099 2380 3151 καὶ
2431 3097 2564 3153 εῖδει
2619 3098 3123 3168 πρεσϐευομένους,
3159 3096 3317 3165 θυμῷ
3376 3097 3471 3147 καὶ
3520 3095 3675 3165 ὀργῇ

2091 3191 2259 3261 πολλῇ
2312 3190 2649 3259 κατάσχετος
2682 3188 2948 3257 γεγονὼς,
2985 3184 3062 3241 Ἦ
3088 3189 3237 3242 δεινὰ
3293 3188 3393 3241 νῦν
3427 3187 3676 3256 πάσχειν

402 3280 582 3335 mitti:
626 3279 705 3333 ira
764 3288 931 3347 atque
991 3276 1181 3331 furore
1227 3276 1399 3330 multo
1455 3286 1765 3346 correptus,
1801 3279 1981 3348 gravia

2092 3283 2195 3352 ἔφη
2230 3283 2329 3352 τὴν
2377 3282 2674 3351 Ῥωμαίων
2714 3280 2889 3351 ἀρχὴν
2924 3280 3325 3349 περιελθοῦσαν
3358 3278 3529 3348 αὐτῷ,
3565 3281 3678 3330 καὶ

402 3375 511 3443 pati
541 3374 697 3434 dixit.
726 3381 779 3424 et
828 3370 1061 3423 maxime
1090 3369 1486 3423 infortunatum
1548 3383 1692 3433 esse,
1718 3369 1865 3439 quod
1914 3371 1980 3425 ad

403 3476 649 3532 tempora
699 3478 795 3517 sua
832 3461 1178 3532 pervenisset
1230 3461 1603 3515 Romanorum
1666 3461 1979 3531 imperium,

402 3558 447 3611 si
476 3555 837 3619 Sauromatae,
856 3568 988 3623 gens
1017 3562 1123 3606 tant
1148 3551 1381 3607 barbara
1405 3561 1460 3607 et
1486 3552 1763 3617 informis,
1795 3553 1850 3605 in
1875 3569 1981 3622 qua

404 3648 648 3716 reliquos
717 3645 805 3699 isti
859 3645 1216 3707 excellerent,
1287 3643 1514 3698 sedibus
1567 3644 1680 3697 suis
1738 3645 1979 3698 contenti

400 3754 523 3792 esse
552 3737 794 3790 nollent:
827 3735 925 3790 sed
955 3732 1287 3789 conﬁdentia
1332 3742 1483 3788 tanta
1541 3733 1786 3802 impulsi,
1813 3734 1979 3787 ditio-

404 3847 524 3885 nem
550 3846 705 3884 suam
743 3837 1155 3898 percurrerent,
1187 3837 1242 3882 et
1269 3826 1476 3881 bellum
1508 3826 1824 3881 titillatione
1845 3841 1983 3895 qua-

418 3920 544 3973 dam
584 3918 747 3972 illecti
801 3916 1066 3971 Romanis
1098 3916 1391 3970 inferrent.
1438 3916 1504 3969 Et
1543 3930 1669 3969 eum
1713 3917 1785 3968 ita
1843 3916 1982 3969 indi-

404 4021 688 4081 gnaretur,
724 4018 776 4063 et
811 4023 1140 4079 magnopere
1188 4006 1606 4067 vociferaretur,
1637 4005 1803 4059 nimia
1832 4005 1984 4059 vocis

409 4101 715 4157 intentione
736 4100 1001 4154 convulsa
1035 4100 1090 4153 in
1148 4113 1214 4153 eo
1246 4113 1367 4152 esse
1421 4098 1682 4151 interiora
1749 4096 1978 4159 viscera,

407 4202 714 4257 venamque
737 4194 793 4239 et
837 4187 1093 4241 arteriam
1146 4186 1439 4252 quamdam
1491 4195 1704 4254 ruptam
1767 4186 1979 4245 dicunt,

409 4280 556 4333 unde
584 4279 846 4349 sanguine
889 4277 1126 4346 plurimo
1151 4277 1375 4345 profuso
1430 4276 1537 4329 vita
1568 4289 1694 4328 eum
1744 4266 1983 4345 relique-

409 4373 501 4436 rit,
529 4372 581 4425 itt
619 4370 846 4426 Castello
874 4369 1108 4438 quodam
1134 4367 1440 4423 Germaniae
1473 4368 1575 4436 (2),
1624 4367 1710 4421 cui
1760 4366 1984 4436 Brigitio

408 4477 608 4517 nomen
627 4461 749 4527 fuit,
783 4461 999 4516 decimo
1018 4459 1255 4530 septimo
1290 4459 1492 4512 mensis
1524 4457 1854 4512 Novembris
1871 4458 1983 4524 die,

410 4570 535 4609 cum
581 4553 980 4623 quinquaginta
1046 4551 1296 4619 quinque
1368 4564 1539 4618 prope
1594 4563 1770 4603 annos
1825 4559 1984 4604 natus

2086 3377 2155 3430 τά
2190 3376 2427 3445 μάλιστα
2471 3376 2829 3444 δυσπραγεῖν,
2879 3375 2929 3427 εί
2979 3373 3336 3444 Σαυρομάται
3388 3372 3681 3441 βάρϐαρον

2083 3465 2229 3521 οὕτω
2256 3465 2414 3533 γένος
2444 3465 2539 3519 καὶ
2585 3464 2925 3533 δύσμορφον,
2961 3456 3036 3517 ὧν
3070 3465 3120 3516 οἱ
3166 3464 3450 3532 κρείττους
3489 3462 3673 3524 οὗτοι,

2082 3559 2182 3613 ούκ
2208 3558 2387 3610 ἐθέλει
2423 3558 2608 3625 μένειν
2639 3558 2726 3626 ἐφ’
2749 3557 2971 3610 ἑαυτοῦ·
3005 3556 3123 3609 ἀλλ’
3146 3555 3289 3608 οὕτω
3320 3554 3509 3623 θράσει
3541 3554 3678 3622 ῥέον

2083 3630 2181 3721 την
2228 3650 2396 3705 αὑτοῦ
2433 3649 2637 3704 διαθέει
2683 3650 2884 3718 ἀρχὴν,
2924 3648 3018 3701 καὶ
3065 3648 3302 3715 πόλεμον
3348 3647 3488 3701 κατα
3530 3648 3678 3698 Ῥω-

2093 3745 2271 3811 μαίων
2299 3745 2474 3795 κινεῖν
2531 3741 2948 3811 γαργαλίζεται.
3000 3741 3431 3800 Χαλεπαίνοντος
3456 3739 3500 3792 δ’
3518 3739 3675 3792 οὕτω

2083 3836 2178 3887 καὶ
2238 3836 2379 3903 μέγα
2444 3834 2845 3904 ἁνακραγότος,
2907 3833 2986 3902 τῷ
3044 3833 3146 3902 τῆς
3210 3833 3507 3894 διατάσεως
3562 3833 3675 3900 τῆς

2083 3926 2268 3994 φωνῆς
2316 3923 2544 3993 ἀμέτρῳ
2592 3924 2978 3994 σπαραχθῆναι
3020 3941 3156 3992 φασι
3187 3926 3256 3977 τά
3287 3924 3458 3992 ἔνδον,
3488 3924 3674 3993 φλέϐα

2081 4016 2136 4071 δέ
2169 4033 2289 4068 τινα
2337 4017 2434 4068 καὶ
2464 4016 2739 4085 ἀρτηρίαν
2785 4015 3177 4086 διαρραγῆναιο
3222 4016 3453 4084 αἵματος
3505 4014 3553 4066 δ’
3581 4017 3676 4067 ὲν-

2082 4104 2274 4159 τεῦθεν
2311 4104 2570 4158 πλείστου
2621 4105 2999 4167 άναδοθέντος,
3043 4104 3137 4157 τὸν
3187 4104 3306 4174 βίον
3344 4105 3670 4170 ἀπολιπεῖν,

2082 4195 2142 4247 ἐν
2170 4211 2277 4245 τινι
2309 4194 2558 4263 φρουρίῳ
2602 4192 2714 4245 τῶν
2742 4192 3010 4255 Γαλλιῶν,
3039 4187 3084 4259 ᾧ
3115 4192 3416 4262 Βεργιτίων
3446 4187 3514 4260 ἦν
3544 4190 3671 4244 bvo-

2089 4302 2186 4354 μα,
2221 4288 2286 4355 τῇ
2343 4284 2797 4356 ἑπτακαιδεκάτη
2836 4284 2933 4335 τοῦ
2987 4284 3282 4355 Δεκεὸρίου
3336 4284 3528 4353 μηνὸς,
3566 4285 3668 4352 ετη

2090 4374 2186 4443 μὲν
2214 4374 2454 4442 γεγονὼς
2488 4376 2635 4442 ἀμφὶ
2683 4374 2753 4427 τὰ
2791 4375 3156 4443 πεντήκοντα,
3190 4374 3560 4444 τριακαίδεκα
3619 4374 3667 4426 δ’

2087 4467 2146 4517 ἐν
2179 4468 2246 4535 τῇ
2281 4465 2536 4535 βασιλείᾳ
2567 4464 2628 4517 εὖ
2658 4466 2803 4535 μάλα
2831 4465 2928 4518 καὶ
2956 4464 3080 4517 λίαν
3106 4467 3394 4535 ἐπισήμως
3421 4465 3670 4533 διαγενό-

2092 4575 2273 4626 μενος.
2303 4558 2509 4609 Τούτου
2539 4556 2595 4610 δὲ
2626 4561 2737 4620 τοῖς
2770 4556 3046 4629 πατρῴοις
3096 4558 3375 4628 μνήμασιν
3412 4559 3669 4627 ὲνσορια-

410 4658 578 4712 esset,
610 4655 666 4702 et
700 4644 963 4701 tredecim
1002 4643 1079 4714 (3)
1111 4643 1270 4696 annis
1304 4642 1599 4711 imperium
1634 4642 1772 4697 bene
1797 4642 1979 4697 admo-

2092 4651 2334 4712 σθέντος.
2365 4652 2393 4702 ό
2437 4652 2581 4702 κατὰ
2624 4651 2724 4720 τὴν
2762 4626 3000 4705 Ἰταλίαν
3029 4626 3254 4721 στρατὸς
3301 4651 3421 4720 μεθ’
3450 4626 3672 4721 ἡμέραν

413 4741 539 4795 dum
566 4751 623 4794 ct
670 4738 932 4809 praeclare
959 4736 1424 4791 administrasset.
1458 4735 1537 4789 Eo
1581 4750 1738 4800 vero,
1801 4737 1982 4805 patrio

412 4839 773 4887 monumento
811 4830 983 4893 illato,
1009 4838 1166 4883 sexto
1190 4828 1279 4881 die
1319 4837 1461 4896 post,
1505 4826 1600 4896 qui
1636 4828 1864 4882 iultalia
1884 4827 1989 4883 fuit

412 4924 689 4977 exercitus
740 4921 1121 4990 cognominem
1158 4920 1206 4973 ei
1241 4919 1406 4973 (ilium
1438 4920 1710 4987 junioretn
1742 4920 1984 4974 Valenti-

411 5020 632 5066 nianum
690 5013 1097 5080 imperatorem,
1173 5011 1227 5061 itt
1292 5008 1496 5077 oppido
1550 5008 1722 5061 Italiae
1763 5008 1985 5076 Aquino

413 5104 771 5159 renuntiavit.
827 5102 1017 5170 Neque
1079 5102 1150 5154 ita
1204 5100 1378 5152 multo
1447 5108 1571 5167 post
1629 5098 1988 5166 imperatores

411 5208 631 5265 quoque
666 5193 962 5247 Gratianus
990 5192 1159 5245 frater
1184 5200 1237 5245 et
1276 5187 1495 5249 Valens,
1560 5188 1824 5259 suﬂragio
1881 5205 1983 5243 suo

484 5369 561 5441 (ι)
588 5369 888 5438 Eutropius
926 5365 1142 5441 scribit,
1180 5364 1534 5441 Sauromatas
1556 5380 1616 5421 se
1640 5382 1739 5437 per
1768 5368 1983 5424 Panno-

412 5436 621 5495 nia‘s'in
651 5436 917 5494 ditionem
940 5438 1241 5491 Romanam
1269 5436 1554 5507 diffudisse
1576 5479 1591 5503 ,
1625 5436 1857 5507 eamque
1892 5455 1984 5494 va-

413 5523 608 5563 stasse.
658 5510 803 5563 ldetu
889 5507 1245 5575 Brigitionetn
1329 5505 1643 5572 Quadorum
1715 5505 1982 5577 oppidum

415 5594 537 5630 esse
587 5580 740 5632 dicit.
771 5579 991 5643 Quados
1023 5586 1202 5629 autent
1251 5578 1500 5630 nonnulli
1535 5577 1700 5632 hodie
1734 5582 1985 5634 Austria-

417 5664 531 5706 eos,
585 5650 830 5716 nonnulli
882 5646 1107 5700 Silesios
1159 5646 1325 5699 fuisse
1365 5648 1685 5713 opinantur.
1723 5650 1878 5714 Quod
1937 5653 1984 5705 si

422 5717 699 5781 posterius
749 5718 849 5769 hoc
892 5732 1081 5769 verum
1122 5724 1226 5780 est,
1260 5718 1323 5769 ad
1362 5716 1622 5785 oppidum
1657 5718 1895 5789 Brigatn,
1930 5733 1989 5776 ut

2081 4742 2251 4811 ἕκτην
2277 4742 2370 4794 τὸν
2416 4740 2714 4811 ὁμώνυμον
2747 4741 2894 4810 αύτῷ
2925 4742 3247 4807 παῖδα,στδν
3278 4743 3399 4793 νέον
3432 4744 3672 4795 Οὐαλεν-

2082 4835 2341 4895 τινιανὸν,
2401 4833 2630 4903 βασιλέα
2679 4834 3134 4903 ἀναγορεύουσιν,
3170 4836 3226 4886 ἐν
3270 4834 3467 4903 ’Δκίνῳ
3512 4836 3669 4888 πόλει

2085 4926 2186 4993 τῆς
2227 4926 2483 4984 Ἰταλίας.
2512 4926 2627 4979 Ούκ
2658 4925 2738 4988 είς
2774 4927 2997 4995 μακρὰν
3036 4926 3093 4979 δὲ
3125 4926 3175 4977 oi
3225 4925 3490 4995 βασιλεῖς,
3524 4928 3669 4994 Γρα-

2087 5020 2273 5079 τιανός
2334 5034 2395 5069 τε
2449 5020 2476 5070 ὁ
2532 5018 2760 5086 ἁδελφὸς
2800 5021 2895 5072 καὶ
2933 5018 3180 5085 Οὐάλης,
3233 5017 3519 5088 σύμψηφοι
3571 5024 3668 5071 καὶ

2093 5109 2252 5161 αὐτοὶ
2300 5110 2552 5175 ἐγένοντο
2601 5112 2666 5179 τῇ
2705 5110 2921 5161 ἐκείνου
2959 5112 3126 5179 ἀρχῇ,
3162 5111 3211 5162 εἰ
3248 5111 3346 5163 καὶ
3399 5110 3664 5179 χαλεπαί.
3706 5109 3713 5117 ’

2094 5218 2277 5264 νοντες
2330 5196 2472 5271 ἦσαν
2523 5201 2591 5253 τὰ
2631 5202 2847 5271 πρῶταο
2882 5204 2978 5255 ac;
3024 5203 3088 5271 et.
3131 5202 3241 5254 τῶν
3294 5201 3666 5271 στρατιωτῶν,

2089 5391 2237 5431 nunc
2259 5375 2486 5440 dicitur,
2519 5377 2937 5433 Valentinianus
2968 5389 3221 5435 mortuus
3255 5379 3447 5434 fuerit.

2162 5447 2237 5515 (2)
2272 5446 2618 5516 Niecphorus
2666 5448 2772 5503 hoc
2824 5449 2945 5503 loco
2989 5466 3085 5513 pro
3120 5448 3414 5504 Germania
3460 5450 3669 5505 Gallias

2089 5515 2288 5590 habet;
2308 5515 2424 5569 Sed
2468 5522 2912 5572 anunadvertere
2958 5528 3065 5580 est,
3104 5535 3227 5572 cum
3274 5518 3398 5573 aliis
3445 5538 3669 5590 quoque

2090 5585 2648 5659 locisGertnauoruut
2680 5604 2879 5659 nomen
2940 5605 3047 5642 ttou
3092 5603 3410 5657 usurpasse,
3442 5585 3539 5645 scd
3571 5585 3670 5659 pro

2089 5657 2169 5710 eis
2198 5655 2380 5709 Gallos
2414 5659 2678 5723 posuis~e.
2720 5657 2875 5710 Socr.
2908 5660 3031 5712 eod.
3071 5673 3190 5727 cap.
3226 5655 3314 5712 32.

2164 5729 2239 5794 (ὃ)
2274 5728 2377 5778 Alit
2412 5728 2465 5779 di
2508 5738 2602 5779 unt
2634 5736 2908 5781 uuiieettn.
