3986 6190
320 252 419 317 ’ῖιξι

1253 256 1859 320 ECCLESIASTICE.
1896 259 2289 324 HlSTORl/E
2325 265 2480 328 LIB.
2519 266 2626 329 XI.

3471 276 3573 342 762

312 376 440 426 τέον
475 371 609 441 περὶ
638 370 822 426 αὐτῶν
845 388 861 405 ι
899 373 1037 446 μηδὲ
1065 372 1178 445 γὰρ
1216 369 1357 429 εἶναι
1388 375 1482 429 τοῦ
1530 372 1723 429 λοιποῦ
1750 373 1870 429 αὒτέ

1973 425 1974 430 η
2006 378 2432 445 percurrebant,
2465 380 2700 449 cepisse,
2731 348 2994 450 vinxisse,
3022 392 3194 456 atque
3224 386 3279 441 in
3303 387 3571 448 humeros

310 463 539 532 θεμιτὸν
565 463 744 532 ἔλεγε,
771 464 979 536 μηδένα
1013 465 1202 529 κακῶς
1227 469 1421 520 ποιεῖν.
1461 467 1569 519 Καὶ
1594 466 1704 535 γάρ
1736 483 1888 536 φασι,

311 554 506 624 μηδενὶ
540 554 814 624 μηδέποτε
847 555 1125 625 τοσαύτην
1179 557 1289 611 dun)
1321 558 1524 620 κακίας
1580 560 1662 622 είς
1686 559 1891 627 ἀρετὴν

307 645 634 711 ἐγγενέσθαι
684 646 1015 718 μεταϐολήν.
1072 648 1228 701 Ὠστ’
1256 650 1337 712 εἰς
1366 649 1539 721 ἄκρον
1581 650 1679 720 μὲν
1715 653 1891 723 αὐτῆς

306 736 556 798 ἀπιέναι.
582 738 828 808 ᾶῤῥητον
848 738 906 792 δέ
935 757 986 792 τι
1018 739 1136 800 δέος
1169 742 1475 811 ἐμποιῆσαι
1501 745 1617 806 τοῖς
1643 744 1886 813 δαίμοσι.

306 827 422 879 Καὶ
451 827 513 880 τὸ
544 828 878 899 παράδοξον,
902 830 985 883 ὅτι
1016 832 1113 884 καὶ
1141 831 1514 901 πρεσϐύτερος
1539 833 1648 886 τῶν
1662 835 1905 905 ἐν’Σκήο-

303 933 389 969 es:
414 917 650 985 ἐγένετο,
667 922 766 973 καὶ
782 918 955 975 ταῦτα
974 921 1264 986 πλείστους
1284 925 1624 987 ἀπεκτονὼς.
1647 924 1887 994 ὁπηνίκα

305 1008 405 1061 τοῦ
428 1012 530 1079 τῆς
556 1011 814 1081 λῃστείας
854 1011 1152 1083 καθηγεῖτο
1187 1016 1593 1084 συντάγματος.
1634 1017 1887 1080 Τοιοῦτος

301 1098 361 1152 δὲ
389 1098 487 1166 ὢν,
547 1102 776 1164 πολλοὺς
822 1103 915 1156 καὶ
945 1104 1069 1157 λίαν
1098 1106 1357 1174 ἀρίστους
1388 1106 1747 1160 καταλέλοιπε
1783 1125 1889 1178 μα-

303 1191 501 1261 θητάς.
543 1193 717 1263 Ἀμφὶ
736 1195 805 1247 τὰ
836 1194 995 1248 πέντε
1025 1195 1081 1248 δὲ
1115 1196 1208 1248 καὶ
1228 1195 1563 1265 ὀγδοήκοντα
1592 1196 1885 1266 γενόμενος

301 1282 424 1353 ἔτη,
452 1284 548 1338 τὸν
598 1284 716 1355 βίον
744 1287 1035 1345 ἀπέλιπεν.
1098 1289 1224 1342 Ἐπὶ
1257 1288 1316 1341 δὲ
1352 1289 1450 1357 τῆς
1477 1288 1648 1359 αὐτῆς
1676 1291 1885 1359 ἠγεμο-

299 1377 421 1438 νὲας
446 1377 543 1430 καὶ
566 1376 780 1442 Παῦλος
807 1379 1077 1448 διέλαμπε
1107 1380 1201 1432 καὶ
1236 1379 1454 1449 Παχὼν,
1508 1380 1785 1448 Στέφανός
1824 1398 1884 1435 τε

300 1465 400 1517 καὶ
433 1467 663 1538 Μωσῆς,
693 1468 890 1533 Λίϐυες
923 1470 1023 1535 μὶν
1050 1471 1219 1539 ἄμφω
1249 1472 1312 1523 τὸ
1345 1471 1524 1539 γένος,
1554 1474 1649 1526 καὶ
1677 1472 1826 1544 Πιὼρ
1853 1476 1882 1528 ό

297 1553 622 1620 Αἰγύπτιος.
667 1556 728 1610 '0
756 1558 859 1625 μὲν
876 1557 972 1613 οὖν
997 1559 1207 1624 Παῦλος
1233 1562 1293 1613 ἐν
1326 1562 1517 1633 θέρμῃ
1545 1562 1878 1631 ἐφιλοσόφει·

295 1644 427 1714 ὄρος
447 1645 504 1698 δὲ
541 1642 707 1699 τοῦτο
734 1649 792 1699 ὲν
822 1645 1041 1716 Σκήτει,
1071 1647 1133 1700 οὗ
1188 1650 1378 1717 μείους
1409 1649 1443 1718 ἢ
1480 1651 1879 1711 πεντακοσίους

295 1737 549 1804 ἁπκητὰς
600 1736 746 1807 ἔχον.
796 1737 1048 1791 Ούδὲνδὲ
1103 1737 1415 1807 εἰργάζετο·
1464 1739 1579 1791 ἀλλ’
1633 1740 1756 1793 οὐδέ
1822 1757 1877 1793 τι

301 1832 459 1905 παρὰ
494 1849 588 1884 του
642 1832 947 1902 ἐλάμϐανε,
1000 1832 1139 1902 πλὴν
1166 1832 1291 1885 ὅσον
1336 1831 1546 1904 ἤσθιεν.
1589 1832 1773 1904 Εὖχλς
1818 1833 1875 1887 ὀὶ

295 1925 424 1977 καθ’
448 1924 686 1992 ἑκάστην
713 1924 1024 1988 ἀνελλιπεῖς
1053 1922 1296 1994 ἔπραττε
1321 1964 1338 1988 ,
1380 1923 1526 1977 καθὰ
1554 1941 1677 1977 τινα
1708 1925 1877 1995 φόρον

292 2014 589 2079 ἀποδιδοὺς
608 2013 689 2084 τῷ
720 2013 861 2084 Θεῷ,
894 2016 975 2079 είς
1000 2016 1326 2086 τριακοσίας
1357 2016 1449 2067 τὸν
1487 2016 1743 2085 ἀριθμόν.
1785 2014 1875 2077 Ὦς

291 2102 365 2155 ἂν
395 2101 455 2154 δι
484 2102 561 2172 μὴ
582 2101 800 2167 γένοιτο
814 2099 969 2172 αὐτῷ
999 2101 1302 2172 ἀστοχῆσαι
1332 2101 1426 2155 τοῦ
1450 2102 1710 2171 ἀριθμοῦ,
1743 2117 1872 2155 τοσ-

287 2190 471 2254 αύτας
525 2191 769 2262 ψηφῖδας
816 2190 897 2261 τῷ
955 2192 1141 2262 κόλπῳ
1187 2191 1499 2261 ἐνθέμενος,
1552 2193 1611 2245 ἐν
1667 2192 1873 2267 ἑκάστῃ

286 2283 455 2353 εὐχῇ,
488 2284 619 2352 μίαν
644 2283 928 2338 ἐκϐάλλων
967 2285 1227 2355 ἐρρίπτει
1247 2300 1263 2315 ο
1305 2279 1382 2338 ὧν
1427 2284 1549 2353 δῆτ’
1579 2285 1876 2340 ἀναλωθει-

288 2378 428 2441 σῶν,
462 2377 624 2447 δῆλον
643 2372 712 2448 ἦν
743 2377 844 2441 τὰς
872 2377 995 2439 ίσας
1024 2378 1189 2447 εὐχὰς
1219 2376 1618 2447 πεπληρῶσθαι
1646 2381 1756 2440 τοῖς
1787 2380 1872 2433 λίς

284 2470 432 2533 θοις.
465 2466 662 2538 ῐιαχὼν
702 2468 759 2522 δὲ
783 2469 881 2523 καὶ
909 2469 1074 2531 αὐτὸς
1103 2472 1162 2523 ὲν
1207 2468 1411 2538 Σκήτει
1441 2468 1773 2538 φιλοσοφῶν,
1806 2472 1871 2525 ἐκ

284 2561 420 2616 νέου
475 2560 712 2631 πάμπαν
761 2563 841 2625 εἰς
886 2559 1023 2630 βαθὺ
1070 2561 1247 2631 γῆρας
1266 2561 1489 2627 ἐλάσας,
1516 2560 1641 2615 οὗτε
1671 2561 1867 2633 σῶμα,

282 2653 504 2723 καίπερ
542 2653 715 2721 ὑγιῶς
760 2653 903 2724 ἔχον,
953 2652 1077 2707 οὔτε
1124 2655 1316 2719 πάθος,
1344 2653 1606 2709 ἁλλόύδὲ
1635 2656 1869 2727 δαίμων,

288 2745 579 2799 αἰτιᾶσθαι
617 2741 784 2816 εῐχον,
827 2746 903 2806 ὡς
937 2744 1255 2815 ὑφειμένως
1299 2745 1397 2799 καὶ
1429 2746 1708 2817 ἀνάνδρως
1739 2748 1870 2817 περὶ

283 2836 396 2907 τὴν
448 2837 775 2908 ἐγκράτειαν
828 2831 968 2907 εἷχε,
1000 2842 1098 2889 καὶ
1141 2829 1217 2889 ὧν
1249 2836 1333 2891 δεῖ
1358 2840 1583 2908 κρατεῖν
1628 2838 1720 2892 τδν
1748 2841 1869 2893 κατ’

285 2930 504 2983 ἰκτῖνον
534 2929 998 2999 φιλοσοφήσαντα.
1026 2929 1285 3000 Στεφάνῳ
1306 2930 1355 2984 δ’
1385 2929 1598 3000 οἴκησις
1625 2931 1755 3000 περὶ
1775 2932 1868 2985 τὸν

1995 466 2241 521 sublatos
2296 469 2351 522 in
2412 470 2702 525 ecclesiam
2774 472 3131 542 deportasse,
3197 485 3254 532 et
3316 480 3568 547 patribus

2008 556 2143 625 quid
2180 559 2248 613 de
2280 558 2362 612 eis
2391 568 2731 627 statuerent,
2760 565 3078 634 permisisse
3106 583 3119 619 :
3154 568 3310 623 nefas
3336 584 3456 624 esse
3484 572 3571 625 di-

1993 655 2232 713 centem,
2266 660 2326 703 ut
2359 651 2411 703 in
2445 661 2727 721 posterum
2763 656 2889 709 mali
2920 656 3221 727 quidquam
3253 659 3418 713 alicui
3453 661 3570 730 ipse

1992 740 2255 797 inferret.
2290 744 2479 814 Neque
2508 761 2754 816 unquam
2789 765 3121 820 quemquam
3153 750 3327 807 fuisse
3359 752 3568 817 ferunt,

1991 835 2087 902 qui
2130 844 2417 905 tantopere
2449 847 2695 895 mutatus
2732 855 2761 893 a
2810 841 2961 896 vitiis
3000 842 3065 895 ad
3112 843 3374 896 virtutem
3420 859 3570 897 sum-

1991 939 2156 989 mam,
2192 942 2355 995 quam
2392 928 2636 1000 pertigit,
2668 931 3009 999 pervenerit.
3044 931 3394 987 Incredibilis
3425 948 3562 988 vero

1990 1014 2096 1069 fuit
2139 1017 2487 1074 daemonibus
2528 1030 2728 1076 terror.
2767 1021 2926 1091 185
2972 1022 3035 1075 Et
3061 1023 3207 1091 quod
3242 1038 3409 1091 supra
3441 1024 3561 1091 opi-

1991 1107 2215 1162 nionem
2270 1112 2517 1164 omnium
2571 1123 2692 1176 est,
2741 1115 3033 1183 presbyter
3080 1114 3246 1167 etiam
3307 1114 3363 1167 in
3414 1114 3561 1168 Secti

1989 1200 2169 1254 factus
2202 1212 2306 1259 est.
2336 1218 2461 1256 cum
2492 1203 2716 1273 quidem
2743 1205 3185 1275 quamplurimos
3217 1223 3283 1258 eo
3314 1216 3562 1275 tempore

1986 1306 2099 1360 quo
2151 1291 2428 1347 latronum
2479 1310 2699 1347 manum
2749 1295 3013 1357 duxerat,
3062 1296 3455 1351 interemisset.
3499 1295 3560 1350 Et

1985 1382 2115 1453 quia
2172 1383 2297 1437 talis
2339 1394 2478 1450 erat,
2532 1387 2736 1440 multos
2784 1401 2990 1456 eosque
3039 1389 3279 1455 optimos
3333 1398 3453 1458 post
3504 1403 3561 1441 se

1987 1474 2206 1544 reliquit
2236 1486 2557 1531 sectatores.
2607 1476 2672 1531 Et
2703 1478 2867 1533 vitam
2900 1479 3129 1533 circiter
3170 1494 3374 1532 annum
3407 1489 3560 1533 octo-

1983 1566 2254 1632 gesimum
2299 1566 2553 1637 quintum
2587 1568 2784 1624 ﬁnivit.
2827 1568 3032 1624 Eadem
3067 1578 3230 1624 aetate
3260 1570 3426 1624 etiam
3461 1569 3558 1625 ﬂo-

1986 1655 2096 1708 ruit
2137 1656 2363 1717 Paulus,
2408 1665 2464 1711 et
2509 1658 2726 1712 Pachon
2752 1700 2768 1722 ,
2802 1669 2859 1713 et
2906 1659 3220 1729 Stephanus
3257 1669 3313 1713 et
3360 1659 3558 1723 Muses,

1980 1759 2178 1812 genere
2208 1747 2434 1814 utrique
2462 1745 2684 1818 Libyes,
2707 1756 2764 1802 et
2790 1759 3057 1817 pra-terea
3086 1750 3215 1803 Pior
3240 1747 3553 1819 AﬂgypIius.

1978 1834 2181 1889 Paulus
2214 1834 2267 1888 in
2300 1835 2569 1897 Pberme,
2621 1838 2717 1906 qui
2750 1854 2907 1893 mons
2938 1838 2991 1891 in
3028 1839 3174 1893 Sceti
3210 1848 3326 1900 est,
3365 1854 3557 1893 mona-

1977 1924 2166 1978 sticam
2199 1926 2364 1979 vitam
2396 1927 2531 1996 egit,
2562 1943 2670 1981 non
2700 1931 2990 1997 pauciores
3015 1944 3176 1999 quam
3215 1930 3559 1998 quingentos

1980 2014 2283 2070 monachos
2308 2015 2543 2073 habens.
2573 2017 2720 2073 Nihil
2749 2028 2932 2073 autem
2959 2020 3147 2090 operis
3173 2019 3302 2073 fecit
3328 2036 3341 2073 :
3376 2033 3556 2088 neque

1974 2122 2004 2162 a
2028 2108 2282 2177 quopiam
2304 2108 2604 2179 quidquam
2646 2120 3010 2181 praaterquam
3045 2111 3191 2182 quod
3239 2111 3432 2167 ederet
3463 2125 3559 2165 ac-

1974 2199 2143 2269 cepit.
2175 2200 2233 2254 ln
2262 2200 2608 2257 orationibus
2632 2202 2880 2272 quotidie
2903 2201 3024 2257 sine
3050 2203 3459 2258 intermissione
3489 2214 3553 2256 se

1974 2294 2369 2361 exercens.:eas
2409 2292 2578 2347 veluti
2615 2294 2889 2363 quoddam
2931 2295 3195 2350 tributum
3224 2296 3288 2348 ad
3339 2305 3554 2348 trecen-

1975 2390 2059 2436 tas
2110 2396 2344 2436 numero
2378 2382 2490 2437 Deo
2539 2382 3107 2438 olferebat.Neantem
3149 2384 3296 2437 abeo
3322 2398 3554 2437 numero

1973 2474 2294 2535 aberraret,
2348 2474 2577 2528 totidem
2623 2474 2838 2544 lapillos
2872 2475 2924 2528 in
2964 2474 3144 2528 sinum
3174 2472 3450 2544 deposuit,
3486 2483 3544 2529 et

1972 2564 2039 2619 ad
2073 2565 2425 2634 precationes
2451 2565 2699 2635 singulas
2728 2565 2977 2637 singulos
2999 2565 3258 2635 ejiciebat
3283 2565 3549 2620 calculos.

1972 2654 2185 2722 Quibus
2229 2659 2295 2710 ad
2338 2670 2468 2711 eum
2521 2656 2743 2710 modum
2773 2657 3145 2726 consumptis,
3198 2657 3551 2726 precationes

1976 2745 2203 2799 totidem
2239 2744 2525 2800 absolutas
2551 2746 2607 2800 ei
2639 2760 2762 2800 esse
2806 2745 3118 2800 constabat.
3158 2747 3391 2801 Pachon
3411 2760 3549 2816 que-

1972 2852 2081 2908 que
2123 2837 2179 2892 in
2224 2835 2372 2893 Secti
2406 2837 2766 2894 monasticam
2796 2839 3065 2900 exercuit,
3098 2853 3127 2892 a
3154 2838 3442 2908 juventute
3473 2841 3542 2893 ad

1972 2928 2205 2982 multum
2240 2942 2416 2999 usque
2455 2929 2695 2984 senium.
2738 2926 2926 2997 Neque
2958 2943 3087 2982 vero
3117 2945 3348 2997 corpus,
3389 2931 3544 2998 quod

281 3022 601 3092 Μαρεώτην
652 3017 721 3093 ἦν
748 3023 812 3076 οὐ
842 3022 1021 3093 πολλῷ
1081 3024 1179 3094 τῆς
1226 3022 1606 3094 Μαρμαρικῆς
1639 3023 1863 3080 ἄποθεν.

1973 3021 2213 3077 validum
2270 3022 2479 3092 alioqui
2516 3021 2825 3085 obtinebat,
2864 3038 3045 3092 neque
3076 3020 3299 3076 affectio
3329 3022 3551 3090 aliqua,

282 3112 383 3183 Τῷ
413 3113 460 3167 δ’
481 3112 845 3185 ἠκριϐωμένῳ
864 3114 985 3166 λίαν
1004 3113 1104 3184 τῆς
1134 3113 1430 3184 φιλοσόφου
1456 3115 1749 3185 ἀσκήσεως
1769 3116 1865 3170 ἐπὶ

286 3205 555 3276 ἑξήκοντα
588 3206 735 3260 ἔτεσι
765 3207 985 3277 δόκιμος
1007 3208 1199 3276 γέγονε
1229 3207 1786 3278 μοναχός.ῐ“νώριμος
1808 3207 1859 3260 δ’

285 3295 371 3349 ὢν
404 3296 483 3368 τῷ
515 3297 738 3368 μεγάλῳ
753 3298 930 3352 ’Ἃντω
942 3299 1050 3369 κίῳ,
1082 3300 1259 3369 πρᾶος
1282 3297 1402 3352 λίαν
1425 3299 1518 3352 καὶ
1550 3301 1710 3370 σοφὸς
1738 3302 1862 3370 ἐγε-

281 3387 470 3454 γόνει·
505 3389 602 3440 καὶ
650 3388 710 3440 ὲν
755 3391 876 3452 ταῖς
936 3390 1247 3452 συνουσίαις
1298 3389 1556 3444 τοςοῦτον
1593 3391 1726 3462 ἡδὺς
1765 3392 1865 3445 καὶ

280 3479 581 3551 ὠφέλιμος,
606 3480 681 3544 ὡς
706 3481 800 3535 καὶ
837 3481 1037 3545 ἱκανῶς
1062 3482 1210 3552 ἔχειν
1241 3481 1342 3547 τὰς
1373 3482 1485 3536 τῶν
1530 3484 1735 3555 σφόδρα
1758 3485 1860 3537 λυ-

281 3573 575 3640 τεθυμένων
606 3573 786 3643 ψυχὰς
812 3571 888 3643 τῷ
910 3573 1027 3643 ἡδεῖ
1052 3573 1163 3627 τῶν
1185 3573 1363 3644 λόγων
1386 3577 1742 3645 κατακηλετν,
1762 3579 1860 3633 καὶ

282 3664 423 3735 πρὸς
450 3664 717 3734 εὐθυμίαν
751 3662 1239 3741 μεταῤῥυθμίζειν,
1273 3667 1321 3717 εί
1349 3668 1444 3717 καὶ
1480 3667 1659 3737 χρόνῳ
1681 3668 1861 3739 πολλῷ

280 3761 381 3812 καὶ
416 3757 814 3827 ἀπαραιτήτως
832 3757 915 3818 είς
942 3757 1268 3828 ἀπαλλαγὴν
1312 3752 1481 3828 εἶχον.
1539 3759 1614 3813 Οὐ
1647 3759 1753 3829 μὴν
1805 3759 1859 3812 δὲ

280 3849 423 3901 ἀλλὰ
453 3848 548 3901 καὶ
577 3850 707 3919 περὶ
741 3848 840 3911 τὰς
861 3848 1072 3917 οἰκείας
1105 3852 1396 3920 συμφορὰς
1429 3850 1669 3914 τοιοῦτος
1699 3851 1861 3917 tri}?-

277 3940 702 4017 χανεν·ἁμὲλει
748 3958 828 3994 τοι
879 3941 975 3994 καί
1021 3950 1163 3994 ποτε
1183 3939 1395 4005 πάθους
1431 3941 1654 3994 ἀνιάτου
1703 3941 1855 4012 αὑτῷ

278 4033 761 4104 κατασκήψαντος.
801 4034 868 4087 τὰ
901 4033 999 4104 μὲν
1042 4031 1365 4103 διεφθορότα
1398 4033 1505 4085 τῶν
1533 4032 1714 4101 μελῶν
1744 4035 1860 4097 τοῖς

277 4126 610 4196 θεραπεύειν
635 4125 804 4177 εἰδόσι
838 4124 1059 4191 τέμνειν
1110 4124 1314 4194 ἀνῆκεν
1336 4135 1352 4153 ⁸
1385 4123 1548 4187 αὐτος
1582 4123 1630 4176 δ’
1665 4123 1856 4194 ὥσπερ

275 4219 441 4273 ἄλλου
472 4218 795 4287 πάσχοντος,
820 4217 888 4269 τὰ
914 4216 1123 4288 συνήθη
1151 4216 1648 4287 διαπραττόμενος,
1679 4215 1855 4282 φύλλα

277 4310 544 4381 φοινίκων
582 4311 640 4362 ὲν
691 4311 875 4380 χεροῖν
904 4310 1067 4381 ἔχων.
1115 4309 1311 4363 ἐπλεκε
1342 4309 1443 4379 τὴν
1475 4309 1700 4378 σειρὰν
1762 4310 1858 4362 καὶ

1969 3123 2133 3184 atque
2165 3114 2305 3169 adeo
2336 3129 2406 3169 ne
2444 3114 2658 3168 daemon
2695 3114 2915 3183 quidem
2964 3112 3082 3183 ipse
3117 3112 3545 3182 deprehendere-

1966 3204 2019 3259 in
2066 3219 2134 3260 eo
2183 3205 2393 3276 potuit,
2445 3205 2590 3270 quod
2640 3205 2861 3260 mollius
2907 3220 3000 3269 se,
3050 3205 3317 3274 aliterque
3367 3219 3533 3274 quam

1966 3298 2148 3355 virum
2215 3300 2427 3366 deceat,
2459 3300 2513 3353 in
2554 3300 2930 3369 temperantia:
2959 3298 3145 3353 studio
3176 3308 3231 3352 et
3264 3296 3431 3351 rebus
3462 3296 3555 3351 eis

1966 3406 2105 3462 quas
2130 3391 2477 3461 supprimere
2509 3390 2903 3460 philosophum
2942 3388 3303 3443 monasticam
3341 3402 3546 3441 conve-

1970 3485 2085 3547 nit,
2123 3485 2377 3554 gesserit.
2407 3483 2687 3555 Stephano
2722 3494 2904 3538 autem
2935 3484 3083 3538 circa
3126 3483 3398 3537 Mareoten
3432 3497 3542 3536 non

1964 3575 2130 3646 longe
2162 3591 2192 3629 a
2230 3574 2552 3629 Marmarico
2594 3575 2937 3629 domicilium
2981 3573 3105 3628 fuit.
3143 3573 3242 3628 Hic
3281 3581 3542 3627 accurato

1962 3676 2130 3736 atque
2176 3676 2373 3722 exacto
2415 3667 2534 3737 ejus
2582 3666 2802 3737 generis
2849 3666 3215 3736 philosOphiae
3263 3665 3537 3727 instituto,

1964 3757 2131 3811 annis
2178 3757 2462 3827 sexaginta
2517 3767 2799 3828 spectatus
2847 3757 2951 3812 fuit
3004 3757 3330 3812 monachus.
3383 3754 3537 3822 Quod

1960 3857 2143 3903 autem
2180 3857 2344 3903 notus
2393 3850 2561 3905 etiam
2610 3850 2854 3906 Antonio
2900 3865 3096 3921 magno
3144 3851 3345 3913 fuerat,
3390 3850 3543 3904 mitis

1959 3940 2116 3996 valde
2150 3951 2205 3996 et
2240 3942 2463 4012 sapiens
2506 3942 2700 3998 evasit.
2734 3943 2790 3998 ln
2830 3943 3198 3998 familiaribus
3235 3941 3530 4011 colloquiis

1965 4041 2079 4087 tam
2113 4033 2301 4089 suavis
2328 4043 2386 4090 et
2428 4036 2751 4092 commodus
2779 4078 2794 4104 ,
2822 4048 2879 4092 ut
2905 4037 3066 4092 facile
3109 4051 3302 4091 eorum
3326 4035 3417 4105 qui
3451 4035 3537 4089 vel

1958 4126 2203 4181 maximo
2252 4134 2578 4183 tenerentur
2631 4144 2910 4194 maerore,
2965 4128 3180 4183 animos
3246 4128 3540 4182 verborum

1960 4219 2132 4289 gratia
2169 4219 2542 4286 demulceret,
2575 4228 2632 4276 et
2671 4221 2737 4275 ad
2773 4220 3216 4275 moderationem
3252 4229 3308 4274 et
3334 4219 3536 4291 jucun-

1960 4312 2190 4367 ditatem
2235 4313 2581 4379 traduceret,
2626 4314 2876 4383 quamvis
2932 4321 3183 4383 tempore
3230 4313 3401 4366 multo
3447 4311 3527 4365 illi

275 4407 393 4467 τοῖς
416 4405 649 4473 παροῦσι
685 4402 979 4455 καθίστατο
1004 4403 1332 4472 σύμϐουλος,
1366 4402 1442 4474 μὴ
1473 4403 1567 4456 ἐπὶ
1598 4404 1710 4467 τοῖς
1749 4420 1857 4456 πα-

1973 4402 2404 4458 consolationem
2441 4418 2658 4458 omnem
2686 4404 2925 4460 aversati
2965 4414 3168 4459 essent.
3200 4403 3340 4470 Quin
3370 4403 3535 4457 etiam

280 4494 440 4565 ροῦσι
501 4494 785 4563 δυσφόρως
837 4492 1001 4564 ἔχειν,
1030 4493 1165 4547 ἀλλὰ
1221 4494 1343 4562 μηδ’
1402 4492 1531 4547 ἄλλο
1563 4510 1613 4546 τι
1641 4492 1857 4563 λογίζε-

282 4586 429 4649 σθαι,
454 4584 488 4653 ἦ
518 4586 710 4655 ὅτιπερ
733 4585 868 4654 πρὸς
903 4583 1137 4655 χρηστὸν
1163 4584 1312 4646 τέλος
1339 4583 1376 4638 ἃ.
1404 4584 1536 4647 Θεὸς
1567 4584 1852 4655 πράττειν,

275 4670 558 4727 ἐκϐαίνεν
609 4671 705 4724 καί
743 4686 806 4739 γε
842 4671 993 4742 αύτῷ
1025 4671 1296 4723 συνοίσειν
1335 4670 1598 4724 τοιούτων
1651 4687 1857 4742 πειρω-

277 4769 430 4833 μένῳ
459 4763 671 4817 δεινῶν.
702 4764 798 4815 καὶ
831 4763 971 4833 ὑπὲρ
1002 4763 1111 4816 τῶν
1155 4763 1542 4834 γεγενημένων
1581 4761 1713 4825 ίσως
1743 4766 1856 4830 ἀμ-

275 4856 657 4925 πλακημάτων
678 4871 690 4884 ·
728 4852 803 4909 ὧν
835 4855 1060 4926 ἄμεινον
1091 4855 1326 4909 ἐνταῦθα
1353 4853 1555 4924 μᾶλλον
1579 4853 1678 4923 τὴν
1709 4855 1856 4906 εκτι·

275 4965 365 5001 σιν
399 4948 679 5019 ὑποσχεῖν,
736 4948 768 5021 ἢ
829 4949 966 5018 πρὸς
990 4949 1090 5018 τὴν
1150 4947 1456 5016 μέλλουσαν
1501 4944 1858 5014 ταμιεύεσθαι

280 5042 491 5111 βιοτήν.
517 5041 723 5112 Munia
757 5042 813 5093 δὲ
836 5042 1104 5109 πραότητι
1136 5041 1230 5092 καὶ
1256 5039 1449 5109 ἀγάπῃ
1471 5038 1677 5104 ὲσάγαν
1709 5053 1852 5107 παρ-

274 5135 582 5202 ειλήφαμεν
616 5135 999 5204 εὐδοκιμῆσαι,
1037 5134 1131 5186 καὶ
1166 5133 1340 5195 ἰάσεις
1392 5130 1450 5184 δὲ
1507 5127 1854 5199 κατυρθῶται

271 5225 538 5286 πίείστας
575 5228 716 5296 μόνῃ
742 5227 897 5296 εὐχῇ,
934 5226 1030 5280 καὶ
1057 5222 1214 5291 ταῦτ’
1253 5223 1491 5278 ἀνιάτων
1525 5220 1735 5275 παθῶν.

1965 4493 2021 4549 in
2069 4495 2184 4549 suis
2228 4496 2345 4565 ipse
2388 4497 2649 4553 aerumnis
2695 4498 2856 4552 talem
2913 4513 2973 4552 se
3025 4495 3294 4566 przestitit.
3358 4496 3537 4563 Atque

1965 4585 2267 4655 aliquando
2295 4587 2585 4641 incurahili
2619 4588 2763 4642 malo
2794 4597 3102 4657 correptus,
3137 4585 3381 4639 membra
3411 4584 3535 4652 qui-

1964 4677 2088 4733 dem
2132 4677 2329 4733 aﬂ‘ecta
2375 4679 2604 4734 medicis
2644 4679 2892 4734 curanda
2940 4688 3106 4747 atque
3141 4676 3378 4733 secanda
3410 4690 3535 4744 per-

1968 4770 2162 4826 misit:
2201 4771 2320 4840 ipsc
2362 4785 2496 4824 vero
2544 4770 2773 4840 perinde
2821 4780 2989 4839 atque
3035 4769 3179 4823 alius
3210 4768 3265 4821 in
3308 4782 3375 4823 eo
3405 4782 3540 4821 casu

1957 4872 2134 4927 esset,
2170 4863 2390 4916 solitum
2437 4861 2679 4921 laborem
2731 4862 3065 4916 continuans
3088 4901 3103 4926 ,
3138 4870 3196 4915 et
3225 4860 3535 4930 palmarum

1958 4952 2085 5007 folia
2148 4955 2201 5007 in
2241 4952 2496 5007 manibus
2551 4953 2799 5017 habens,
2858 4964 3110 5008 catenam
3171 4951 3534 5022 complicuit:

1958 5053 2125 5111 atque
2155 5042 2236 5098 eis
2267 5044 2360 5112 qui
2392 5057 2518 5099 cum
2550 5059 2619 5098 eo
2656 5054 2816 5098 erant
2844 5051 3040 5098 auctor
3070 5058 3374 5112 suasorque
3404 5041 3534 5104 fuit.

1956 5149 2025 5187 nc
2065 5148 2226 5188 casus
2259 5134 2423 5205 hujus
2459 5135 2581 5188 vitm
2614 5150 2756 5205 :rgrc
2788 5134 3022 5197 terrent,
3049 5148 3155 5188 nec
3185 5133 3333 5187 aliud
3366 5131 3532 5202 qui-l-

1954 5238 2116 5294 qnam
2146 5226 2452 5296 cogitarent
2480 5242 2643 5298 quam
2679 5228 2823 5297 quod
2855 5231 2921 5281 aii
2960 5227 3122 5281 tinctu
3165 5227 3367 5281 bonum
3403 5224 3517 5276 Deo

268 5321 571 5391 adjuvantc
610 5321 891 5376 evaderet.
932 5321 1095 5391 186
1136 5318 1286 5382 Sibi,
1325 5319 1472 5389 quod
1518 5318 1723 5373 talibus
1792 5328 2143 5390 expeteretur
2209 5324 2494 5390 utrumuis,
2557 5325 2724 5394 idque
2786 5332 3010 5394 propter
3049 5330 3359 5392 perpetrata
3387 5319 3529 5372 forte

269 5427 498 5489 peccata
522 5456 537 5480 ,
579 5416 930 5471 commodum
969 5428 1137 5487 utque
1178 5415 1313 5471 utile
1341 5429 1464 5471 esse
1494 5414 1632 5469 dixit
1664 5433 1678 5468 :
1749 5430 1872 5487 quae
1912 5430 2133 5487 peccata
2168 5419 2260 5474 hic
2297 5421 2447 5475 luere
2480 5431 2787 5491 praestaret,
2830 5435 3000 5490 quam
3039 5427 3098 5472 ut
3170 5416 3238 5471 ad
3282 5415 3524 5470 futuram

274 5509 558 5575 partienda
600 5518 1018 5566 reservarentur
1057 5510 1250 5564 vitam.
1321 5507 1508 5564 Mosen
1580 5516 1767 5562 autem
1838 5509 2069 5579 gloriam
2111 5513 2392 5584 ingentem
2430 5506 2855 5570 mansuetudine
2914 5522 2971 5567 et
3013 5511 3285 5565 cbaritate
3326 5521 3525 5565 conse-
3560 5528 3573 5532 υ

267 5615 459 5658 cntum
515 5620 636 5660 esse
696 5606 1054 5677 :ntc~"pltttus:
1118 5607 1210 5676 qui
1268 5604 1432 5660 etiam
1485 5604 1837 5675 :cgritudines
1882 5607 2185 5677 plurimas,
2239 5620 2405 5681 atque
2455 5626 2548 5666 eas
2590 5607 2958 5671 incurahiles,
3028 5606 3340 5673 precatione
3403 5602 3525 5656 sola

269 5701 505 5755 eanatit.
