3986 6190
511 253 619 315 ’ἷο3

932 343 939 352 ’
1038 355 1264 412 canor
1299 354 1558 409 xxxvu.

513 450 589 502 De
621 449 765 503 f'ior.
822 448 1064 513 Didymo.
1118 448 1345 507 Arsesio,
1395 445 1694 502 Ammonio.
1741 452 1790 496 et
1828 441 2078 513 fratribus

758 519 848 588 qui
892 514 1058 571 Macri
1087 533 1175 569 seu
1200 515 1370 585 Longi
1395 514 1650 585 appellati
1670 523 1812 567 sunt.
1905 588 1911 592 ἢ

581 626 713 680 Pior
744 625 1038 679 admodum
1072 625 1397 680 adolescens
1434 603 1791 678 monasticam
1831 622 2080 691 philoso-

515 718 695 786 phiam
730 715 1086 783 complexus,
1118 731 1243 770 cum
1282 724 1563 785 paternam
1604 714 1941 782 relinqueret
1976 711 2080 766 do-

516 822 693 869 mum,
726 816 911 860 votum
963 807 1073 860 Deo
1118 811 1485 878 nuncupavit,
1527 821 1811 876 nunquam
1857 822 1915 860 se
1950 821 2080 874 pro-

512 899 841 966 pinquorum
894 897 970 967 (I)
1019 914 1250 953 suorum
1302 900 1557 969 cuiquam
1612 900 1666 953 in
1718 907 2077 967 conspectum

510 1000 801 1042 venturum
868 1004 1011 1044 esse.
1073 992 1366 1060 Postquam
1424 1006 1557 1045 vero
1619 988 2079 1059 quinquagesimo

512 1094 659 1132 anno
692 1089 820 1147 post
853 1096 1009 1134 soror
1041 1082 1163 1149 ejus
1203 1082 1388 1135 vivere
1434 1082 1587 1136 illum
1624 1082 1868 1150 accepit,
1901 1080 2077 1135 conti-

513 1182 645 1222 nere.
690 1170 925 1239 seipsam
967 1187 1076 1223 non
1108 1174 1327 1241 potuit:
1380 1183 1543 1239 atque
1588 1172 1812 1235 indicio,
1844 1172 1989 1241 quod
2026 1172 2077 1225 ei

513 1269 709 1326 praeter
738 1261 1050 1328 opinionem
1082 1277 1294 1316 omnem
1328 1264 1625 1328 acciderat,
1661 1263 1714 1316 in
1752 1264 2075 1316 immensam

510 1350 725 1403 sublata
777 1351 1060 1413 laetitiam,
1113 1368 1499 1422 summopere,
1557 1363 1617 1406 ut
1670 1369 1794 1407 eum
1841 1353 2075 1416 videret,

510 1441 794 1509 expetivit.
843 1442 1192 1512 Quapropter
1239 1444 1345 1499 loci
1391 1446 1511 1514 ejus
1580 1445 1899 1513 episcopum
1943 1443 2078 1497 flens

509 1543 677 1600 atque
709 1533 1019 1589 vociferans
1046 1537 1280 1604 rogavit,
1321 1546 1381 1589 ut
1414 1536 1466 1588 in
1504 1535 1706 1590 Scetim
1739 1536 1951 1589 litteras
1982 1534 2082 1587 da-

511 1631 614 1680 ret,
657 1623 860 1691 quibus
899 1622 1162 1687 eﬂiceret.
1205 1634 1263 1678 ut
1292 1625 1458 1679 frater
1487 1625 1551 1678 ad
1587 1639 1706 1678 eam
1741 1627 2073 1678 mitteretur.

510 1711 607 1766 Ille
652 1714 866 1767 feminae
916 1726 1256 1769 senectutem
1304 1717 1631 1777 miseratus,
1683 1717 2073 1768 monachorum

511 1805 875 1869 antistitibus,
908 1817 964 1858 ut
997 1807 1123 1860 Pior
1154 1807 1229 1876 (2)
1264 1808 1596 1867 mitteretur,
1635 1806 1873 1876 scripsit.
1916 1806 1987 1869 ls,
2017 1815 2077 1859 ιιι

513 1895 616 1948 hoc
668 1895 892 1957 faceret,
938 1896 1160 1966 jussus,
1203 1912 1325 1951 cum
1374 1907 1564 1951 contra
1612 1897 1711 1950 niti
1747 1912 1854 1950 non
1892 1905 2077 1965 posset

513 1987 644 2054 (non
676 1986 822 2038 enim
851 1985 1144 2056 Aigyptiis,
1180 1988 1290 2041 imo
1324 1989 1490 2041 etiam
1524 1988 1647 2043 aliis
1679 1988 1964 2043 monachis
1993 1988 2076 2043 fas

510 2084 615 2138 cst,
645 2077 907 2146 imperata
943 2092 1049 2132 non
1090 2076 1317 2146 facere).
1348 2081 1402 2133 in
1434 2079 1665 2148 patriam
1698 2080 1870 2141 venit,
1906 2078 2075 2134 fratre

509 2167 618 2220 alio
649 2183 834 2221 secum
870 2170 1057 2225 ducto.
1092 2170 1270 2239 Atque
1303 2170 1392 2223 ubi
1428 2185 1527 2239 pro
1560 2170 1779 2225 foribus
1815 2180 2073 2240 paterna-

508 2274 630 2312 rum
679 2261 760 2312 sed
790 2277 878 2314 nm
925 2264 1048 2324 fuit,
1092 2265 1436 2332 praesentiam
1515 2279 1670 2318 suam
1717 2266 1896 2319 sorori
1944 2265 2076 2320 insi-

508 2353 718 2406 nuavit.
755 2355 817 2407 Et
853 2371 976 2408 cum
1013 2358 1301 2425 strepitum
1339 2358 1540 2426 pedum
1573 2360 1691 2429 ejus
1730 2359 1982 2421 sentiret,
2020 2367 2077 2413 et

509 2443 670 2511 ianua
704 2454 887 2514 aperta
931 2448 1222 2508 strideret.
1268 2449 1443 2503 oculis
1481 2451 1815 2514 connivens,
1862 2448 1931 2502 de
1976 2463 2074 2502 no-

510 2539 658 2589 tnine
705 2552 950 2591 sororem
994 2540 1372 2609 compellans:
1418 2557 1438 2590 ι
1494 2540 1626 2608 Ego,
1678 2541 1892 2608 inquit,
1947 2541 2075 2594 Pior

509 2638 653 2688 sum,
685 2627 852 2680 frater
878 2639 1005 2681 tuus
1035 2646 1049 2680 :
1077 2641 1376 2697 conspectu
1401 2643 1543 2689 meo,
1576 2628 1736 2682 sicuti
1767 2629 1944 2680 visum
1974 2626 2072 2679 tibi

511 2728 616 2783 est,
654 2717 854 2773 fruere.
890 2738 908 2770 ι
939 2719 1114 2789 Atque
1138 2720 1229 2774 illa
1278 2720 1496 2789 quidem
1545 2719 1765 2772 fratrem
1815 2717 1948 2771 satis
1992 2716 2073 2769 in-

510 2810 681 2868 tuita,
727 2809 865 2875 Deo,
899 2813 987 2880 qui
1025 2811 1361 2864 desiderium
1399 2811 1518 2879 ejus
1551 2809 1914 2878 implevisset,
1950 2823 2074 2877 gra-

510 2899 614 2948 tias
641 2900 793 2965 egit:
830 2899 946 2967 ipse
977 2910 1163 2953 autem
1206 2899 1273 2952 ad
1326 2898 1473 2953 fores
1517 2900 1830 2967 precatione
1865 2898 2073 2960 habita,

1730 240 2153 304 NICEPIIORI
2197 242 2545 304 CALLISTI
3606 244 3693 308 794

2762 350 3013 406 ΚΕΦᾹΔ.
3059 346 3179 403 ΔΖ’.

2184 444 2321 512 Περὶ
2344 448 2521 513 Πιὼρ,
2552 444 2829 512 Διδύμων.
2866 443 3216 513 Ἀρσησίου,
3256 440 3581 513 [Αμμωνίου.
3614 449 3690 496 καὶ

2397 506 2516 570 τῶν
2540 506 2840 583 ἀδελξρῶν,
2876 508 2967 577 οἷς
2995 510 3221 577 Μακροί
3256 506 3436 589 ύκομα
3455 506 3543 571 ἦν.

2261 629 2356 680 Ἐκ
2385 627 2524 681 πάνυ
2551 627 2607 680 δὲ
2637 627 2759 680 νέου
2788 625 2938 692 Πιὼρ
2964 622 3043 694 τῷ
3083 623 3387 692 φιλοσοφεῖν
3416 626 3696 694 προσχωρὴ-

2181 737 2304 783 σας,
2333 719 2573 789 ὁπηνίκα
2622 717 2722 787 τὴν
2766 715 3029 787 πατρῴαν
3064 715 3241 768 οἰκίαν
3293 713 3561 773 ἀπέλιπεν.
3585 716 3696 785 σύμ-

2180 828 2334 878 φωνα
2370 810 2545 862 ἐποίει
2577 808 2695 877 Θεῷ
2731 807 2871 861 ὥστε
2908 806 3099 877 μηδενί
3120 821 3250 857 ποτε
3285 804 3390 856 τῶν
3423 805 3615 858 οἰκείων
3634 807 3699 869 είς

2179 902 2302 970 ῦᾷιν
2330 902 2526 955 ἐλθεῖν.
2589 900 2744 952 Ἐπεὶ
2796 899 2852 952 δὲ
2882 897 3022 967 μετὰ
3072 897 3408 964 πεντήκοντα
3445 894 3531 963 ἔτη
3567 896 3700 964 μάθοι

2178 990 2365 1043 τοῦτον
2389 992 2420 1060 ή
2472 989 2680 1058 ἀδελφὴ
2709 988 2833 1059 ζῇν,
2862 987 3117 1057 κατέχειν
3153 985 3354 1056 ἑαυτὴν
3381 985 3475 1039 οὐκ
3496 980 3615 1053 εἶχε,
3641 986 3703 1054 τῷ

2181 1082 2478 1151 παραλόγῳ
2517 1081 2573 1135 δὲ
2598 1082 2697 1150 τῆς
2745 1081 3031 1151 μηνύσεως
3072 1079 3178 1132 ὑπὸ
3214 1077 3448 1147 ἀμέτρου
3476 1075 3704 1144 ληφθεῖσα

2178 1176 2377 1246 χαρᾶς,
2402 1175 2527 1240 περὶ
2566 1172 2822 1226 πλείστου
2850 1172 3025 1225 ἐποίει
3069 1169 3260 1224 τοῦτον
3296 1168 3603 1221 θεάσασθαιο
3627 1169 3704 1220 xz‘.

2179 1265 2554 1335 ὀλοφυρομένη
2577 1263 2668 1316 τὸν
2690 1263 2821 1332 παρ’
2851 1261 3085 1337 ἐκείνοις
3111 1258 3484 1328 κατηντιϐόλει
3511 1259 3704 1311 ἐπίσκο-

2181 1376 2306 1421 πον,
2346 1360 2459 1420 τοῖς
2498 1359 2556 1409 ἐν
2593 1357 2794 1425 Σκήτει
2825 1355 3035 1424 γράψαι
3088 1354 3182 1406 τὸν
3221 1351 3446 1418 ἀδελφὸν
3479 1350 3705 1420 πέμπειν.

2180 1450 2291 1502 Καὶ
2324 1452 2351 1503 6
2406 1448 2506 1517 μὲν
2540 1447 2772 1515 ἐλεήσας
2828 1444 2924 1497 τοῦ
2957 1446 3142 1513 γήρως
3177 1443 3275 1512 τὴν
3306 1441 3592 1509 ἄνθρωπον,
3618 1445 3707 1502 τοῖς

2181 1542 2522 1609 καθηγηταῖς
2548 1538 2758 1607 ἔγραφε
2796 1535 2889 1589 τὸν
2922 1534 3076 1605 ηιὼρ
3132 1534 3391 1603 πέμπειν.
3420 1532 3522 1584 Καὶ
3548 1531 3604 1601 δὴ
3630 1547 3706 1582 κε-

2180 1629 2452 1688 λευσθεὶς.
2486 1630 2609 1681 ἐπεὶ
2642 1628 2717 1698 μὴ
2744 1626 3070 1680 ἀντιτείνειν
3099 1619 3223 1693 εἶχε
3249 1624 3266 1692 (
3293 1621 3426 1692 μηδὲ
3461 1623 3561 1690 γὰρ
3582 1621 3723 1687 θεμιο’

2181 1722 2275 1773 τὸν
2328 1716 2466 1773 εἶναι
2519 1719 2839 1786 Αἰγυπτίοις
2892 1718 3170 1787 μοναχοῖς,
3241 1711 3392 1783 οἶμαι
3439 1713 3492 1765 δέ
3516 1715 3705 1774 καὶτοῖς

2184 1811 2387 1874 ἄλλοις,
2446 1809 2695 1862 ἀπειθεῖν
2732 1810 2846 1869 τοῖς
2911 1805 3356 1874 ἐπιταττομένοις
3376 1806 3415 1874 ),
3467 1804 3587 1872 πρὸς
3628 1803 3703 1869 τὴν

2184 1900 2422 1969 πατρίδα
2473 1892 2600 1969 ἧκε,
2636 1900 2734 1950 καὶ
2780 1897 2941 1951 ἄλλον
2970 1895 3084 1948 τῶν
3117 1894 3364 1962 ἀδελφῶν
3394 1892 3702 1963 συμπαραλαο

2184 1991 2316 2044 ὁών.
2375 1991 2463 2052 Ὠς
2502 1990 2548 2043 δ’
2583 1989 2687 2055 ἔξω
2730 1989 2827 2057 τῆς
2861 1989 3136 2055 πατρικῆς
3188 1984 3365 2040 οίκίας
3390 1984 3602 2049 ἐγίνετο.
3627 1984 3703 2050 τὴν

2186 2079 2493 2148 παρουσίαν
2518 2078 2778 2146 ἐμήνυεν.
2823 2074 2979 2126 Ἐπεὶ
3005 2074 3061 2127 δέ
3089 2073 3188 2126 τοῦ
3217 2072 3386 2141 ψόφου
3407 2072 3508 2125 τῶν
3530 2072 3703 2138 ἐκείνης

2184 2169 2365 2221 ποδῶν
2388 2169 2606 2239 ῆσθετο,
2635 2167 2814 2220 καὶτὸ
2841 2165 3080 2236 θυρίδιον
3110 2164 3401 2228 ἐκλαυσία,
3435 2161 3593 2233 μύσας
3606 2163 3704 2224 τοὺς

2180 2260 2513 2330 ὀφθαλμοὺς,
2574 2259 2633 2322 ἐξ
2702 2257 2967 2327 ὀνόματος
3015 2259 3284 2325 προσεῖπε
3347 2259 3443 2325 τὴν
3490 2253 3706 2319 ἀδελφὴν,

2183 2353 2459 2407 ἐπειπώνο
2495 2368 2515 2402 ι
2558 2349 2700 2417 ’ίοζγὼ
2736 2349 2885 2419 Πιὼρ
2939 2351 2967 2401 ὁ
3000 2347 3092 2409 σὸς
3149 2346 3380 2413 ἀδελφός
3401 2362 3415 2377 .
3442 2345 3528 2398 καὶ
3551 2344 3606 2414 δὴ
3629 2345 3707 2412 τῆς

2186 2444 2315 2504 θέας
2341 2444 2399 2505 ἐς
2424 2443 2549 2494 ὅσον
2581 2440 2761 2510 βούλει
2801 2442 3070 2494 ἀπόλαυε.
3112 2457 3134 2489 ι
3184 2439 3255 2492 Ἦ
3314 2438 3409 2508 μὲν
3438 2432 3706 2496 οὗνίκανὼς

2185 2534 2523 2603 θεασαμένη.
2561 2535 2792 2603 χάριτας
2822 2531 3091 2602 ὡμολόγει
3113 2530 3260 2599 Θεῷ,
3290 2532 3384 2601 τῆς
3409 2529 3621 2596 ἐφέσεως
3644 2527 3708 2590 είς

2188 2627 2357 2695 πέρας
2408 2626 2664 2694 ἐλθούσης
2690 2638 2703 2653 ⁸
2743 2628 2771 2678 6
2795 2625 2851 2677 δὲ
2882 2625 3031 2694 παρὰ
3088 2624 3191 2693 τὴν
3246 2622 3412 2693 θύραν
3440 2621 3711 2687 εὐξάμενος,

2185 2718 2450 2787 ἁιεχώρει
2492 2714 2669 2784 αὖθις,
2702 2718 2793 2770 και
2813 2717 2908 2769 ἐπὶ
2932 2715 3023 2768 τὸν
3049 2715 3295 2769 εἰωθότα
3333 2716 3500 2784 χῶρον
3527 2712 3708 2781 ἐχώρει.

2195 2807 2487 2874 ’Δνορύξας
2543 2807 2600 2860 δὲ
2647 2807 2849 2877 φρέαρ,
2922 2807 3117 2877 πικρὸν
3150 2799 3286 2876 εὗρε
3337 2805 3394 2858 τὸ
3416 2804 3578 2873 ὕδωρ·
3620 2801 3710 2854 ὁδέ

2186 2903 2464 2969 παρέμενε
2492 2903 2654 2969 μεχρι
2686 2900 2942 2969 τελευτῆς
2971 2899 3066 2952 τοῦ
3106 2898 3316 2971 πικροῦ
3350 2900 3546 2952 ἐκείνου
3575 2912 3710 2962 μετα-

511 3001 729 3041 rursum
764 2989 1042 3049 disrcssit,
1072 2999 1128 3043 et
1158 2990 1214 3043 in
1248 2989 1531 3057 regionem
1559 2989 1777 3044 solitam
1821 2988 2071 3043 revertit.

2185 2990 2500 3059 λαμϐάνων.
2529 2991 2600 3042 Τὸ
2638 2990 2691 3043 δὲ
2739 2990 2839 3059 τῆς
2893 2989 3229 3059 ἐγκρατείας
3260 2989 3447 3058 ἐκείνῳ
3472 2986 3707 3055 ὑπερφυὲς

510 3077 646 3131 Cum
675 3091 857 3133 autem
892 3091 1116 3149 puteum
1151 3080 1386 3143 foderet,
1419 3096 1658 3135 amaram
1690 3083 1742 3135 in
1774 3097 1841 3135 eo
1869 3081 2074 3134 invenit

511 3186 753 3239 aquam:
803 3173 869 3226 ad
917 3189 1080 3241 quam
1135 3183 1355 3238 tamen,
1391 3190 1456 3228 ea
1497 3181 1690 3239 utens,
1741 3175 1807 3227 ad
1843 3185 2074 3228 mortem

511 3278 686 3329 usque
759 3266 1078 3331 permansit.
1143 3266 1275 3319 Tam
1339 3266 1590 3319 sublimis
1657 3281 1791 3320 vero
1854 3274 2075 3334 tempe-

509 3354 686 3407 rantia
736 3355 856 3421 ejus
904 3366 1027 3424 post
1077 3355 1286 3410 obitum
1340 3355 1578 3423 primum
1633 3355 1807 3425 ipsius
1855 3355 2074 3426 cognita

506 3455 613 3499 est.
654 3444 790 3499 Cum
851 3447 997 3499 enim
1056 3447 1149 3500 alii
1210 3448 1261 3498 in
1312 3447 1432 3500 loco
1475 3462 1543 3500 eo
1577 3446 2072 3516 philosophandum

509 3535 612 3589 sibi
675 3551 800 3590 esse
856 3538 1223 3600 statuissent,
1288 3539 1531 3608 perferre
1592 3539 1642 3591 id
1711 3554 1819 3592 non
1880 3551 2074 3608 pome-

512 3635 661 3680 runt.
712 3628 828 3681 Mea
871 3618 1033 3696 porro
1081 3630 1394 3693 sententia,
1441 3631 1544 3683 nisi
1596 3630 1701 3684 sibi
1747 3630 1819 3683 ita
1877 3630 2076 3699 perdu-

509 3719 740 3771 randum
769 3735 890 3772 esse
932 3722 1330 3789 pr0p05ttisset,
1370 3737 1474 3775 non
1524 3722 1742 3776 difficile
1779 3722 1829 3775 ei
1861 3721 2071 3788 fuisset,

509 3810 758 3862 oratione
782 3810 894 3863 sola
919 3826 1113 3879 aquam
1135 3826 1253 3864 eam
1280 3815 1333 3866 in
1355 3812 1571 3867 dulcem
1599 3820 1814 3865 vertere
1835 3829 1848 3863 :
1868 3810 2073 3879 quippe

514 3903 608 3966 qui
675 3916 742 3955 co
808 3903 975 3966 loco,
1030 3904 1120 3958 ubi
1181 3906 1329 3959 nulla
1391 3917 1577 3968 esset,
1634 3920 1754 3959 eam
1797 3904 2070 3958 elicuerit.

512 3995 670 4063 187
701 3994 836 4049 Cum
871 3998 1017 4050 enim
1068 3997 1264 4063 Moses,
1318 4014 1481 4071 quem
1534 3982 1794 4054 diximus.
1845 4007 2071 4064 puteum

510 4085 741 4147 foderet,
773 4097 828 4140 ct
854 4090 964 4158 jam
996 4088 1062 4141 ad
1106 4089 1431 4157 profundam
1462 4089 1807 4141 altitudinem
1841 4103 2069 4157 pervcn-

512 4188 625 4229 tmu
665 4189 830 4242 esset,
863 4195 1044 4249 neque
1079 4196 1213 4233 vena
1246 4182 1428 4250 aliqua
1454 4181 1720 4249 liquorem
1759 4181 1925 4234 ullum
1960 4182 2074 4249 pol-

512 4269 790 4331 liceretur,
824 4271 960 4324 adeo
990 4280 1045 4323 ut
1070 4272 1179 4340 jam
1213 4271 1551 4340 desperaret,
1579 4282 1631 4325 et
1668 4272 1907 4325 laborem
1951 4282 2000 4325 ta
2027 4291 2069 4322 ιι

512 4372 625 4413 tum
679 4362 1021 4429 relinqueret
1076 4381 1089 4415 :

507 4453 748 4516 advenit,
781 4462 835 4507 et
870 4454 1105 4522 primum
1141 4470 1266 4508 cum
1296 4454 1577 4533 salutavit,
1612 4456 1812 4510 deinde
1848 4457 2072 4524 pusilla-

509 4544 812 4599 nimitatem
839 4555 894 4599 et
930 4545 1373 4600 incredulitatem
1412 4546 1736 4601 fodientium
1772 4547 2070 4616 reprelien-

506 4634 602 4688 dit.
638 4634 751 4689 Sub
776 4638 909 4691 haec.
937 4637 1028 4690 ubi
1062 4638 1114 4690 in
1150 4637 1348 4692 fossam
1377 4637 1775 4695 descendisset.
1804 4647 1860 4690 et
1885 4638 2069 4704 ligone

506 4725 727 4778 tertium
783 4739 982 4780 terram
1024 4729 1366 4799 impulisset,
1419 4730 1719 4798 derepente
1761 4729 2070 4782 scaturiens

504 4818 710 4883 prodiit
735 4833 897 4888 aqua,
928 4829 983 4874 et
1016 4834 1238 4888 puteum
1277 4823 1528 4892 replevit.
1555 4825 1731 4891 Atque
1764 4821 1854 4875 ubi
1890 4822 2064 4890 petiit,

506 4919 565 4961 ιιι
596 4911 660 4963 ad
695 4914 1065 4980 precationem
1104 4915 1257 4967 abire
1293 4916 1398 4968 sibi
1442 4890 1653 4980 liceret,
1685 4923 1739 4966 et
1784 4914 1858 4966 illi
1896 4921 1956 4964 ut
1986 4913 2068 4966 ci-

504 4999 632 5052 bum
662 5016 785 5055 cum
828 5003 910 5055 cis
940 5017 1183 5072 caperet,
1216 5016 1473 5076 rogarunt
1506 5023 1520 5058 :
1565 5022 1790 5081 morem
1821 5005 1929 5057 illis
1957 5020 2067 5057 non

502 5090 690 5159 gessit,
722 5104 831 5144 non
861 5109 923 5145 ea
952 5094 1020 5146 de
1048 5109 1212 5148 causa
1240 5110 1300 5148 se
1330 5096 1548 5149 venisse
1573 5096 1784 5156 dicens,
1805 5092 2065 5147 effectum

503 5167 687 5233 autem
740 5196 861 5238 esse
908 5183 960 5236 id
1010 5186 1167 5254 cujus
1197 5201 1360 5241 causa
1397 5195 1640 5241 venerat.
1678 5185 1879 5239 Eadem
1931 5194 2069 5237 tem-

503 5280 717 5344 pestate
753 5274 910 5329 multi
941 5276 1086 5331 circa
1119 5276 1325 5332 Sectim
1355 5278 1536 5347 magni
1566 5276 1790 5331 Antonii
1827 5275 2065 5330 ﬂoruere

571 5434 647 5503 (l)
681 5436 787 5488 Τοῦ
820 5436 1011 5507 λοιποῦ
1041 5440 1244 5507 μηδένα
1270 5440 1377 5492 τῶν
1410 5438 1628 5491 οίκείων
1658 5435 1905 5504 ὄψεσθαι.
1936 5435 2063 5490 Soz.

504 5501 726 5578 llnccst
757 5524 769 5558 :
799 5501 1083 5577 Nunquam
1104 5501 1157 5563 se
1194 5521 1373 5578 postea
1412 5501 1822 5578 pt'Opiuquorum
1848 5523 2066 5559 suorum

501 5576 778 5639 quemdam
812 5576 1044 5631 uisurum
1062 5596 1192 5633 esse.

576 5643 651 5709 ('2)
681 5645 805 5696 ι».ον
835 5645 1177 5705 'uambulans
1210 5650 1388 5705 cibum
1415 5646 1684 5715 capiebat.
1718 5642 1943 5698 Cuidam
1971 5660 2064 5697 au-

2182 3081 2319 3150 μετὰ
2349 3081 2446 3151 τὴν
2480 3082 2688 3133 ἐκείνου
2725 3081 2983 3151 τελευτὴν
3025 3082 3339 3152 διεγνὼσθη
3363 3097 3377 3113 ο
3413 3079 3575 3135 ἄλλων
3623 3078 3708 3145 γὰρ

2178 3172 2469 3242 ᾑρημένων
2511 3172 2599 3225 ἐπ’
2653 3172 2848 3242 ἐκείνῳ
2877 3173 2954 3246 τῷ
2984 3173 3137 3243 τόπῳ
3169 3173 3501 3241 φιλοσοφεῖν,
3535 3170 3710 3236 M69?

2176 3281 2267 3315 τον
2301 3259 2389 3333 ἦν.
2436 3262 2577 3331 Ἐγὼ
2622 3263 2666 3315 δ’
2709 3260 2886 3332 οἶμαι,
2915 3265 2965 3316 εί
3009 3264 3084 3334 μὴ
3113 3264 3212 3317 καὶ
3241 3264 3383 3316 οὕτω
3411 3263 3703 3332 sudori-gat,

2176 3357 2325 3424 ὅμως
2357 3354 2430 3425 μὴ
2460 3355 2696 3425 χαλεπὸν
2725 3351 2865 3408 εἶναι
2898 3356 3030 3424 εὐχῇ
3075 3356 3217 3426 μόνῃ
3255 3356 3350 3409 καὶ
3382 3357 3458 3418 είς
3485 3355 3711 3422 γλυκεῖαν

2181 3447 2441 3514 ποιότητι
2489 3448 2828 3512 μεῖαστῆσαι
2884 3444 2944 3494 τὸ
2965 3441 3108 3512 ὕδωρ
3135 3459 3149 3473 ·
3199 3443 3265 3506 ὃς
3300 3448 3391 3496 καὶ
3427 3444 3499 3513 μὴ
3520 3442 3573 3494 ὂν
3603 3443 3711 3494 ἁνα-

2177 3535 2368 3588 6).ύσαι
2395 3536 2637 3601 ἐποίησε.
2674 3536 2812 3587 Φασὶ
2842 3535 2938 3586 καὶ
2984 3533 3094 3604 γάρ
3130 3552 3266 3587 ποτε
3307 3536 3429 3597 τοῦς
3462 3536 3598 3604 ἀμφὶ
3641 3536 3711 3584 τὸν

2177 3632 2574 3698 προειρημένον
2614 3627 2819 3682 Μωτέα
2882 3628 3063 3698 φρέαρ
3117 3628 3473 3697 ὀρύσσοντας,
3508 3626 3616 3679 ἐπεὶ
3649 3627 3711 3687 εἰς

2177 3723 2337 3793 βάθος
2359 3739 2415 3774 τε
2450 3722 2591 3790 μέγα
2616 3721 2911 3788 κατῄεσαν,
2940 3722 3033 3771 καὶ
3063 3719 3171 3772 οὐδ’
3207 3723 3234 3788 ἡ
3261 3720 3402 3789 φλὲψ
3436 3719 3713 3788 ὑπισχνεῖτο

2174 3814 2424 3867 ἀνάδοσιν
2459 3812 2701 3881 δίυγρυν.
2729 3811 3099 3881 ἀπαγορεύειν
3129 3812 3236 3881 ἤδη
3269 3811 3501 3880 μέλλειν,
3526 3809 3611 3861 καὶ
3638 3808 3712 3857 τὸν

2173 3904 2425 3959 τοσοῦτον
2455 3906 2621 3958 κόπον
2651 3905 2765 3973 ἐᾷν.
2826 3903 3012 3972 Μέσης
3055 3903 3099 3954 δ’
3138 3903 3355 3974 ἡμέρας
3386 3905 3449 3955 ἐκ
3480 3902 3567 3954 τοῦ
3595 3915 3714 3967 παρ-

2175 4000 2397 4067 ήκοντος
2422 3999 2512 4051 τὸν
2537 3997 2687 4066 ιιιὼρ
2718 3997 3038 4060 ἐπιστάντα,
3061 3996 3422 4049 ἀσπάσασθαι
3455 3995 3708 4064 πρότερον,

2174 4088 2291 4143 εἶτα
2326 4089 2693 4161 μικροψυχίαν
2730 4088 2825 4141 καὶ
2875 4086 3200 4139 δυσπιστίαν
3235 4089 3499 4141 ὀνειδίσαι
3523 4088 3712 4145 αὖτοίς·

2177 4182 2313 4250 μετὰ
2359 4183 2415 4234 δὲ.
2461 4180 2620 4233 τοῦτο
2667 4179 2998 4232 κατελθόντα
3046 4180 3105 4231 τὸ
3144 4179 3393 4249 ὄρυγμα,
3441 4181 3505 4247 τῇ
3533 4174 3712 4228 σκαλίδι

2172 4276 2353 4340 τρίτον
2381 4273 2580 4341 πλῆξαι
2604 4271 2702 4343 τὴν
2757 4271 2867 4339 γῆν
2890 4287 2903 4302 ο
2935 4271 3283 4341 παραχρῆμα
3316 4271 3373 4323 δὲ
3417 4275 3642 4337 πηγὰσαι
3667 4266 3715 4316 τὸ

1146 4363 1328 4416 obiter
1389 4364 1537 4416 circa
1597 4364 1881 4416 meridiem
1945 4365 2072 4418 Pior

2176 4364 2340 4431 ὕδωρ,
2370 4366 2464 4437 καὶ
2492 4364 2780 4433 πληρῶσαι
2813 4363 2871 4415 τὸ
2911 4362 3155 4432 δρυγμα.
3201 4365 3358 4415 Ἐπεὶ
3388 4361 3434 4414 δ’
3461 4359 3545 4412 ἐπ’
3574 4357 3714 4426 dlis"

2172 4458 2394 4510 ἀπιέναι
2439 4456 2579 4527 ᾔτει,
2609 4455 2878 4525 δεομένων
2927 4456 3153 4507 ἐκείνων
3181 4455 3399 4525 τροφῆς
3433 4454 3716 4524 μετασχεῖν,

2170 4551 2269 4602 οὐκ
2291 4549 2570 4618 ἠνέσχετο,
2603 4547 2844 4601 ἐπειπὼν
2865 4547 2939 4618 μὴ
2970 4549 3063 4599 ἐπὶ
3085 4548 3262 4617 τούτῳ
3284 4549 3463 4617 ἥκειν,
3504 4543 3708 4613 ἠνύςθιι

2160 4642 2223 4713 ,δὲ
2251 4639 2398 4709 αὑτῷ
2431 4640 2498 4692 δι’
2526 4641 2555 4694 ὃ
2582 4641 2948 4710 παραγέγονε.
2993 4641 3151 4693 Κατὰ
3183 4640 3240 4693 δὲ
3274 4642 3464 4692 τοῦτον
3492 4639 3577 4689 τὴν
3604 4633 3715 4704 χρός

2136 4716 2157 4725 ”
2169 4747 2257 4783 νον
2286 4729 2467 4782 πολλοὶ
2497 4729 2601 4781 τῶν
2628 4728 3077 4798 μαθητευθέντων
3107 4731 3182 4799 τῷ
3211 4730 3436 4799 μεγαλῳ
3466 4723 3709 4791 Ἀντωνίῳ

2168 4819 2461 4889 διέπρεπον
2489 4820 2617 4889 περὶ
2642 4819 2842 4888 Σκῆτιν
2863 4835 2877 4849 ⁸
2914 4815 2990 4873 ὧν
3042 4822 3307 4890 γηραλέοι
3336 4817 3611 4889 Ὠριγένης
3632 4813 3712 4867 καὶ

2169 4911 2397 4981 Δίδυμος
2448 4915 2542 4964 καὶ
2577 4912 2822 4981 Κρονίων
2848 4908 3017 4983 ἦσαν·
3051 4912 3079 4964 6
3101 4913 3158 4965 δὲ
3198 4914 3454 4981 Κρονίων
3476 4912 3563 4963 καὶ
3590 4907 3710 4971 ὑπὲρ

2166 5001 2234 5053 τὰ
2257 5001 2386 5055 δέκα
2408 5000 2502 5055 καὶ
2529 5003 2725 5056 ἑκατὸν
2752 5004 3071 5072 διαγέγονεν
3107 5004 3223 5073 ἔτη.
3252 5004 3397 5073 Πρὸς
3430 5001 3492 5072 δὴ
3521 4999 3706 5057 τούεοις

2168 5090 2458 5163 σύγχρονοι
2485 5092 2692 5158 τούτοις
2716 5094 3003 5164 Σεραπίων
3030 5097 3057 5146 6
3090 5098 3284 5162 μέγας,
3321 5092 3706 5152 Πουτουσὰστης

2165 5200 2225 5235 τε
2251 5184 2346 5235 καὶ
2391 5184 2650 5254 Ἀρείων,
2678 5187 2772 5236 καὶ
2820 5186 2849 5236 6
2876 5185 3207 5254 περιϐόητος
3234 5185 3553 5255 Ἀρσὴσιοςο
3582 5180 3625 5233 οἱ
3651 5177 3703 5245 τῇ

2166 5273 2389 5345 τοιαύτῃ
2423 5274 2940 5343 καταγεγηρακότες
2978 5276 3290 5347 φιλοσοφία,
3322 5276 3431 5327 τῶν
3458 5272 3578 5343 τῇδε
3624 5281 3705 5336 μου

2167 5445 2274 5488 tem
2310 5431 2665 5503 causamejus
2690 5431 2767 5485 rei
2818 5432 3142 5503 inquirenti,
3188 5433 3346 5498 Nolo,
3381 5432 3702 5503 iuquit,cur_a

2165 5503 2411 5570 corporis
2446 5513 2503 5553 ut
2530 5502 2678 5565 justo
2700 5502 2905 5570 apere,
2933 5504 3027 5559 sed
3078 5506 3347 5559 succisivo
3391 5514 3590 5556 tantum
3617 5502 3699 5553 uti,

2165 5589 2235 5627 ne
2266 5572 2476 5645 scilicet
2498 5571 2621 5645 cibo
2646 5573 2917 5645 capiendo
2967 5575 3146 5645 aliqua
3174 5590 3234 5630 et
3276 5583 3425 5643 parte
3455 5570 3700 5638 voluptate

2166 5642 2412 5711 corporis
2437 5641 2615 5694 anima
2643 5638 2880 5697 fruatur.
