3986 6190
284 322 391 383 705

287 428 602 499 ναστηρίων
632 426 977 498 προῖσταντο.
1009 424 1225 479 Τούτων
1248 429 1276 479 ὁ
1304 429 1404 496 μὲν
1430 428 1660 497 Δίδυμος
1683 424 1857 481 οὐδενὶ
1889 430 1931 484 Δ
1962 425 2221 494 discipuli
2266 443 2279 479 :

288 519 599 592 ἀνθρώπων
649 518 968 588 συνέμεινεν
1014 519 1175 586 ἄχρις
1230 512 1289 571 οὗ
1340 518 1618 582 ἐτελεύτα,
1657 519 1857 589 καίπερ

283 613 641 682 ἐννενήκοντα
662 609 760 678 ἐτη
792 607 943 679 βιούς
967 622 980 635 ⁸
1016 611 1043 661 ὁ
1095 608 1141 661 δ’
1184 610 1475 680 Ἀρσήσιος
1519 613 1629 673 τοῖς
1663 611 1857 662 ἐπται-

284 703 408 755 κόσι
432 702 542 753 τών
600 700 735 752 νέων
796 697 1131 768 συγγνώμην
1186 702 1481 769 παρεῖχεν·
1531 699 1776 770 ἅφώριζε
1799 700 1856 753 δὲ

280 796 408 855 τοὺς
447 792 870 863 προκόψαντας,
899 790 1075 856 λέγων
1094 788 1170 851 ὡς
1210 808 1228 840 ι
1269 789 1330 842 '0
1359 791 1477 853 νέος
1518 791 1853 860 ἀφορισθεὶς,
1890 853 1900 864 ι

283 884 712 953 καταφρονητὴς
778 882 1026 949 γίνεται*
1072 883 1101 933 ὁ
1127 879 1172 933 δ’
1213 882 1295 943 είς
1341 882 1542 952 ἀρετὴν
1573 884 1853 951 προήκων,

283 976 483 1027 θᾶττον
520 973 621 1041 τῆς
674 972 1050 1040 ἐπιτιμήσεως
1094 970 1359 1041 λαμϐάνει
1392 972 1488 1041 τὴν
1518 963 1804 1042 αἷσθησινῗ
1832 990 1850 1023 ι

281 1063 406 1114 Τῶν
437 1062 484 1113 δ’
511 1060 578 1113 αὖ
606 1061 777 1128 μέσην
805 1059 1049 1124 ἀγόντων
1078 1058 1176 1127 τὴν
1206 1058 1423 1127 ἡλικίαν
1456 1058 1640 1112 πολλοί
1674 1077 1732 1111 τε
1765 1060 1859 1112 καὶ

280 1147 683 1221 ἁγαθοὶῆταψ
738 1151 798 1201 ἐν
844 1144 926 1211 οἷς
986 1149 1296 1218 ’Λμμώνιός
1337 1167 1396 1202 τε
1433 1151 1528 1202 καὶ
1578 1152 1857 1216 Εὐσέϐιος,

280 1245 423 1314 πρὸς
466 1243 524 1294 δὲ
584 1243 873 1311 Διόσκορος
934 1241 1335 1309 ὲγνωρίζοντο,
1381 1240 1431 1293 οἳ
1478 1243 1699 1311 ἀδελφοὶ
1758 1244 1858 1312 μὲν

278 1337 542 1404 ἀλλήλοις
587 1335 792 1404 ἤστηνυ
846 1334 1062 1402 Μακραὶ
1125 1333 1266 1385 δ’ἐκ
1312 1334 1411 1403 τῆς
1441 1335 1658 1403 ἡλικίας
1711 1330 1860 1404 εἶχον

278 1427 596 1495 ἐπώνυμον.
635 1425 949 1493 Ἀμμώνιον
973 1425 1029 1477 δὲ
1057 1425 1213 1492 λόγος
1244 1426 1333 1477 ἐπὶ
1362 1425 1516 1479 τόσον
1537 1426 1860 1495 φιλοσοφίας

279 1514 485 1574 ἐλθεῖν,
525 1513 602 1573 είς
624 1512 782 1563 τόσον
811 1511 867 1563 δὲ
907 1513 1001 1563 καὶ
1028 1511 1219 1579 ἡδονῆς
1266 1511 1359 1562 καὶ
1394 1512 1679 1581 ῥᾳστώνης
1712 1512 1861 1579 γενέ-

281 1603 417 1657 σθαι
443 1603 775 1672 ὑπέρτερον,
801 1600 876 1664 ὡς
911 1601 1051 1671 πλὴν
1079 1601 1248 1671 ἄρτου
1275 1603 1438 1670 μόνου
1473 1600 1640 1671 μηδὲν
1676 1602 1860 1670 ἕτερον

276 1694 593 1763 γεύσασθαι
630 1694 768 1762 πυρὶ
791 1693 1210 1762 συγγενόμενον.
1246 1691 1486 1760 Είσάγαν
1512 1694 1568 1744 δὲ
1592 1694 1683 1746 καὶ
1712 1694 1861 1762 φιλο-

1213 314 1812 377 ECCLESIAS’I‘ICAS
1854 314 2240 376 lliSTORle
2281 316 2420 381 LIB.
2462 316 2564 379 XI.

3422 324 3527 387 706

2325 426 2378 480 in
2435 426 2637 495 quibus
2678 425 2952 496 grandaevi
3006 430 3182 496 lure,
3240 430 3525 503 Origems,

1965 517 2228 588 Didymus
2279 526 2332 571 ct
2362 517 2626 582 Croniou,
2662 518 2755 587 qui
2789 518 2956 572 etiam
2998 531 3218 575 centum
3250 534 3305 577 ct
3337 526 3525 580 decem

1960 622 2137 660 annos
2188 618 2372 665 natus.
2432 610 2690 662 excessit.
2741 607 2973 678 Insuper
3016 612 3209 665 eodem
3266 629 3391 667 cum
3448 616 3530 669 eis

1965 709 2211 767 tempore
2241 698 2527 760 exstitere,
2573 697 2836 768 Serapion
2883 716 3132 769 magnus,
3176 704 3527 772 Putubastes,

1960 788 2158 841 Arsion
2220 799 2275 842 et
2309 790 2605 856 pra-clarus
2638 787 2888 843 Arsesius
2920 807 2935 842 :
2968 793 3059 859 qui
3096 793 3149 845 in
3181 794 3529 864 philosophia

1961 875 2062 928 hac
2093 887 2529 936 consenuerunt.
2562 886 2615 930 et
2658 880 3007 931 monasteriis
3044 883 3404 948 praefuerunt.
3451 887 3529 939 Ex

1961 967 2043 1021 eis
2071 967 2332 1037 Didymus
2358 969 2489 1021 nulli
2515 967 2851 1023 cohabitavit
2876 970 3105 1035 homini,
3129 973 3195 1026 ad
3223 985 3528 1029 extremum

1963 1075 2132 1127 usque
2164 1059 2286 1113 vitae
2324 1058 2494 1118 diem.
2531 1061 2784 1127 quamvis
2825 1062 3122 1131 nonaginta
3160 1065 3379 1119 \ixisset
3444 1082 3530 1119 an-

1963 1166 2083 1203 nos.
2129 1152 2384 1203 Arsesius
2430 1150 2506 1213 ll)
2555 1162 2739 1205 autem
2788 1153 3090 1220 juvenibus
3143 1157 3305 1223 lapsis
3342 1159 3528 1212 delicti

1962 1242 2191 1310 gratiam
2234 1241 2492 1306 faciebat,
2546 1254 2706 1297 aetate
2757 1253 2942 1299 autem
2996 1257 3049 1301 et
3096 1248 3300 1303 virtute
3337 1267 3532 1318 prove.

1962 1333 2165 1387 ctiores
2187 1335 2725 1400 excommunicalmt,
2759 1336 2940 1390 verbis
2967 1338 3119 1393 hisce
3151 1351 3310 1394 utens
3345 1358 3358 1393 :
3391 1360 3407 1391 ι
3436 1342 3533 1397 Ju-

1962 1440 2156 1478 venem
2194 1425 2440 1494 quidem,
2477 1426 2523 1478 si
2565 1441 2662 1494 per
2705 1431 3333 1486 excommunicationem
3370 1450 3532 1503 repu-

1963 1517 2166 1580 dietur,
2216 1518 2600 1586 despectorem
2654 1520 2770 1574 fieri
2825 1538 2838 1573 :
2891 1524 2985 1591 qui
3038 1540 3171 1579 vero
3220 1526 3273 1578 in
3328 1528 3532 1581 \‘irtule

1965 1608 2318 1677 profecisset,
2367 1625 2495 1663 eum
2547 1611 2805 1666 celeriter
2860 1615 3261 1684 oljurgationis
3310 1633 3530 1672 sensum

1967 1699 2273 1767 percipere.
2318 1720 2337 1750 ι
2379 1699 2581 1753 Eorum
2619 1717 2784 1770 porro
2826 1706 2933 1771 qui
2958 1707 3010 1759 in
3058 1708 3234 1761 media
3280 1718 3533 1777 stataque

277 1788 446 1856 λόγος
469 1787 709 1854 ἐγένετο,
739 1786 879 1838 ὥστε
909 1785 1007 1838 καὶ
1049 1785 1120 1837 τὰ
1165 1784 1471 1855 Ὠριγὲνους
1500 1787 1593 1838 καὶ
1619 1787 1856 1855 Διδύμου

1968 1797 2148 1842 essent
2177 1798 2356 1854 :rtate,
2403 1791 2560 1843 multi
2591 1800 2647 1845 et
2679 1792 2810 1846 boni
2853 1794 3007 1849 luere
3049 1799 3328 1851 monachi.
3367 1800 3420 1852 In
3453 1802 3535 1854 eis

276 1885 386 1947 καὶ
456 1879 733 1951 Εὑαγρίου
796 1880 1195 1946 σπουδάσματα
1254 1880 1512 1945 γενναίως
1548 1879 1855 1943 διεξελθεῖν.

292 1975 425 2027 Ἐπὶ
452 1974 611 2026 τόσον
635 1973 691 2025 δὲ
722 1973 1054 2042 ἀπερίεργος
1087 1967 1176 2043 ἦν,
1206 1973 1283 2035 ώς
1308 1972 1436 2026 σύνο
1449 1975 1506 2043 μ’
1550 1973 1858 2043 Ἀθανασέῳ

274 2067 366 2135 τῷ
424 2068 649 2136 μεγάλῳ
716 2066 1054 2135 συνέκδημος
1115 2069 1197 2128 εἰς
1261 2066 1479 2136 Ῥώμην
1546 2068 1857 2136 γινομενας,

282 2159 460 2231 μηδὲν
488 2159 619 2213 ἄλλο
651 2158 759 2212 τῶν
793 2158 894 2227 τῆς
934 2158 1141 2221 πόλεως
1170 2160 1443 2230 ἰκκρῖτων
1472 2160 1688 2214 ἑλέσθαι
1726 2160 1860 2213 καθ-

280 2250 597 2321 ιστορῆσαι,
634 2250 795 2318 μόον
816 2250 872 2301 δὲ
903 2250 960 2301 τδ
998 2251 1205 2319 Πέτρου
1238 2252 1334 2303 καλ⁸
1391 2252 1608 2304 Παύλου
1646 2252 1863 2322 μαρτύο

283 2357 429 2410 ροοι,
456 2341 554 2392 καὶ
588 2340 680 2391 τὸν
705 2333 855 2391 οἶκον
886 2333 929 2404 ᾧ
968 2340 1037 2392 τα
1093 2340 1217 2410 ιερὰ
1248 2341 1475 2394 ἐκείνων
1524 2342 1856 2412 τεθησαυρι-

281 2450 416 2486 σται
443 2434 696 2500 σώματα.
727 2431 818 2493 Et;
845 2433 1045 2485 ὲπισκο
1057 2432 1155 2502 πῆς
1178 2432 1235 2485 δὲ
1262 2435 1595 2503 χειροτονίαν
1622 2435 1862 2501 συλλαμ-

282 2527 553 2578 anno“
587 2524 706 2592 μέλ)
719 2542 814 2587 ων,
836 2525 956 2575 ἐπεὶ
978 2526 1142 2576 πολλὰ
1163 2526 1289 2587 τοὺς
1314 2526 1405 2577 ἐπὶ
1431 2525 1577 2578 τοῦτ’
1602 2525 1859 2588 ἐλθόντας

277 2618 467 2682 λέγων
495 2619 595 2670 οὐκ
626 2618 836 2681 ἔπειθε,
870 2619 1115 2689 μαχαίρᾳ
1142 2618 1203 2669 τὸ
1229 2617 1401 2681 δεξιὸν
1431 2616 1723 2685 ἀποτεμὼν
1745 2612 1859 2681 οὖς,

288 2731 312 2763 ε
353 2712 468 2765 Κᾶν
500 2712 595 2764 νῦν
620 2713 802 2777 ἄπιτε,
835 2714 939 2781 ἔφη
960 2727 973 2742 ·
1000 2713 1122 2765 ἐπεί
1146 2711 1228 2764 τοί
1258 2729 1321 2779 γε
1367 2712 1461 2763 τοῦ
1512 2712 1698 2763 λοιποῦ
1750 2711 1862 2764 οὐδ’

282 2805 616 2874 αἱρούμενον
675 2808 704 2857 ὁ
759 2806 860 2874 τῆς
926 2803 1255 2871 Ἐκκλησίας
1309 2803 1476 2871 νόμος
1523 2804 1861 2873 εἰσδέχεται*

285 2897 494 2963 χρῆναι
522 2897 631 2965 γὰρ
659 2897 752 2948 τὸν
794 2896 942 2967 ἱῖρέα
977 2896 1119 2949 σῶον
1168 2891 1332 2949 εἶναι.
1388 2914 1405 2945 ι
1450 2895 1537 2957 Ὠς
1576 2896 1621 2946 δ’
1653 2897 1865 2965 ἀναχω-

286 2986 562 3054 ρήσαντες
590 2985 744 3055 παρὰ
775 2986 880 3037 τών
909 2984 1227 3054 ἡγουμένων
1262 2985 1390 3053 περὶ
1429 2982 1626 3036 πολλοῦ
1653 2985 1720 3036 τα
1747 3000 1863 3037 τοι·

284 3076 432 3128 αὔτα
466 3076 741 3139 Ἰουδαίοις
771 3074 908 3130 εἶναι
934 3073 1090 3128 εἷπον
1115 3092 1128 3104 ·
1157 3079 1223 3146 τῇ
1253 3075 1308 3128 δὲ
1332 3075 1426 3128 τοῦ
1458 3073 1596 3128 Θεοῦ
1633 3077 1860 3145 Ἐκκλη-

289 3166 388 3237 σία
423 3166 482 3216 ὲν
521 3164 697 3217 οὐδενὶ
750 3167 821 3218 τὰ
867 3165 1090 3218 τοιαῦτα
1133 3165 1403 3229 τίθεσθαι,
1445 3165 1511 3234 ἣν
1562 3166 1721 3234 μόνον
1752 3170 1863 3229 τοῖς

286 3257 442 3310 ἔνδον
498 3258 594 3309 καὶ
622 3260 734 3321 τοῖς
768 3258 988 3325 τρόποις
1041 3240 1228 3327 ἄρτιος
1285 3258 1370 3325 εἵη
1396 3260 1424 3311 ὁ
1458 3256 1638 3325 ἱερεύς
1660 3274 1676 3291 ο
1712 3254 1866 3321 αὖθις

290 3350 734 3418 ὑποστρέφοντες
769 3349 1054 3402 συλλαϐεῖν
1110 3350 1445 3419 ἐπειρῶντοο
1492 3353 1520 3403 ὁ
1562 3351 1639 3417 δὲ,
1681 3347 1717 3421 ἦ
1762 3353 1866 3422 μὴν

288 3442 391 3493 καὶ
414 3440 514 3509 τὴν
556 3441 813 3508 γλῶσσαν
844 3443 1097 3510 ἐκτεμεῖν
1151 3442 1448 3511 διώμνυτο,
1474 3447 1521 3496 εἰ
1554 3443 1674 3512 βίαν
1709 3442 1867 3506 αὖθις

291 3534 526 3599 ἐπάγειν
564 3533 851 3602 πειρῷντο.
902 3533 994 3585 Ἐν
1038 3532 1112 3602 νῷ
1163 3533 1209 3585 δ’
1253 3534 1479 3588 ἐκείνων
1506 3536 1603 3603 τὴν
1636 3537 1867 3606 ἀπειλὴν

295 3625 565 3695 θεμένων,
601 3625 743 3678 κατὰ
774 3624 960 3694 χώραν
986 3629 1111 3677 εἴων
1139 3626 1232 3677 τὸν
1269 3626 1465 3695 μέγαν.
1501 3630 1608 3681 Καὶ
1638 3628 1697 3693 ἐξ
1728 3631 1870 3680 ἐκεί-

294 3734 390 3771 νου
432 3717 738 3785 Ἀμμώνιος
772 3720 800 3768 ὁ
823 3716 1097 3783 παρώτης
1119 3716 1422 3786 ώνόμαστο.
1460 3719 1617 3771 Τλλῦτ’
1646 3722 1776 3772 αὐτὸ
1810 3723 1867 3783 ἐς

296 3807 531 3875 ὕστερον
565 3807 657 3858 καὶ
708 3805 977 3876 Εὐάγριος
1030 3806 1299 3858 πέπονθεν
1355 3808 1384 3857 ὁ
1413 3805 1721 3876 φιλόσοφος.
1759 3810 1869 3863 Καὶ

292 3896 450 3961 οὗτος
481 3898 590 3968 γὰρ
616 3899 721 3952 ὑπὸ
768 3899 1035 3968 Θεοφίλου
1064 3898 1160 3952 τοῦ
1204 3900 1612 3970 ’Δλεξανδρείας
1644 3903 1723 3964 εἰς
1748 3903 1871 3955 ὲπι-

295 3991 513 4061 σκοπὴν
550 3990 976 4058 καθελκόμενος,
1010 3991 1174 4060 τέχνῃ
1212 3994 1443 4063 παντοίᾳ
1496 3994 1866 4062 χρησάμενος,

293 4084 397 4152 τὴν
428 4083 733 4153 ἱερωσύνην
761 4080 1058 4145 ἀπείπατο,
1093 4081 1261 4151 μηδὲν
1294 4084 1484 4149 μέντοι
1518 4086 1870 4155 ἀκρωτηριά-

296 4180 399 4237 ᾰας
452 4173 545 4226 τοῦ
600 4175 889 4242 σώματος’
928 4172 1019 4224 καί
1067 4189 1198 4225 ποτε
1247 4172 1324 4243 τῷ
1371 4173 1670 4244 ’Δμμωνίῳ
1699 4180 1873 4246 τούτῳ

294 4264 632 4337 περιτυχὼν,
701 4264 1086 4335 ἁστεῖζόμενος
1139 4266 1528 4334 κατεμέμφετο
1573 4267 1767 4334 λέγων,
1797 4269 1873 4333 ὡς

304 4359 493 4421 κακῶς
528 4357 757 4429 πράξειε
787 4359 954 4427 μάλα,
989 4360 1082 4410 καὶ
1128 4359 1409 4428 ἐνέχεσθαι
1465 4360 1619 4423 δίκας
1670 4360 1872 4414 διδόναι

1962 1879 2290 1934 Ammonius
2346 1889 2400 1934 et
2459 1881 2770 1947 Eusebius,
2818 1894 3081 1953 praetcrea
3135 1888 3428 1943 Dioscorus
3478 1900 3537 1945 ct

1963 1970 2314 2041 Euthymius,
2349 1974 2440 2042 qui
2481 1989 2605 2028 cum
2652 1975 2855 2049 fratres
2889 1990 3100 2040 essent,
3139 1992 3363 2049 propter
3407 1999 3535 2037 cor-

1964 2061 2113 2129 poris
2152 2072 2424 2116 staturam
2477 2061 2642 2131 Longi
2678 2075 2805 2120 sunt
2854 2068 3134 2136 appellati.
3174 2071 3526 2127 Ammonium

1963 2150 2108 2204 lanna
2143 2160 2229 2204 est
2260 2166 2328 2205 eo
2360 2152 2539 2207 laudis
2575 2153 2632 2207 in
2664 2154 3013 2224 philosoiihia
3054 2157 3154 2212 hac
3189 2162 3534 2229 pervenisse,

1962 2254 2018 2296 ct
2041 2243 2178 2296 adeo
2215 2244 2495 2313 voluptate
2534 2255 2591 2299 et
2636 2246 2854 2300 deliciis
2886 2248 3149 2302 omnibus
3184 2252 3527 2319 superiorem

1961 2335 2152 2396 fuisse,
2186 2345 2244 2389 ut
2270 2347 2471 2404 praeter
2503 2352 2697 2407 panem
2733 2340 2911 2393 solum
2945 2341 3079 2392 nihil
3112 2344 3250 2395 cocti
3283 2345 3539 2412 degusta-

1964 2428 2058 2482 rit.
2084 2427 2250 2482 Valde
2274 2429 2441 2481 etiam
2471 2428 2784 2483 litterarum
2809 2439 2867 2484 et
2895 2433 3227 2485 eruditionis
3253 2435 3538 2488 studiosus

1962 2520 2091 2585 fuit,
2124 2521 2195 2573 ita
2244 2531 2302 2574 ut
2334 2521 2592 2592 Origenis
2634 2532 2692 2577 et
2726 2524 2940 2593 Didymi
2987 2536 3043 2579 et
3077 2526 3291 2594 Evagrii
3330 2526 3538 2596 scripta

1966 2615 2259 2683 diligenter
2311 2623 2368 2668 et
2422 2615 2663 2670 feliciter
2712 2616 2919 2686 legeret
2971 2617 3073 2686 (9.).
3120 2618 3272 2671 Adeo
3323 2634 3452 2671 vero
3507 2634 3537 2672 a

1964 2704 2290 2757 curiositate
2321 2704 2520 2768 abluit,
2545 2716 2605 2760 ut
2632 2705 2991 2762 Athanasium
3020 2723 3275 2778 magnum
3307 2710 3532 2764 Romani

1965 2797 2282 2860 comitatus,
2336 2812 2403 2851 ex
2456 2799 2735 2866 praeclaris
2775 2800 3179 2869 pmcipuisque
3224 2802 3380 2856 urbis
3419 2804 3538 2871 ejus

1966 2889 2134 2942 rebus
2167 2903 2274 2942 non
2316 2888 2463 2943 aliud
2500 2889 2861 2958 spectandum
2900 2890 3005 2943 sibi
3043 2892 3347 2957 censui-rit,
3373 2909 3534 2960 quam

1966 2980 2112 3034 Petri
2163 2988 2218 3032 et
2265 2980 2418 3034 Pauli
2470 2981 2817 3049 martyrium,
2864 2990 2920 3035 ct
2953 2982 3122 3035 a-dem
3165 2998 3286 3035 eam
3336 2984 3390 3037 in
3431 3000 3537 3051 qua

1970 3073 2192 3127 illm-um
2241 3087 2472 3142 corpora
2528 3073 2699 3128 veluti
2759 3073 3053 3128 thesaurus
3106 3084 3238 3129 sunt
3291 3076 3539 3130 condita.

1975 3167 2137 3236 188
2171 3167 2341 3221 Porro
2376 3182 2500 3222 cum
2542 3166 2608 3220 ad
2653 3166 3025 3235 episcopalem
3068 3167 3365 3236 aliquando
3410 3186 3546 3223 con-

1969 3260 2334 3313 secrationem
2378 3259 2743 3314 abducendus
2775 3268 2948 3321 esset.
2997 3267 3050 3312 et
3099 3259 3165 3313 ad
3205 3276 3300 3315 eos
3347 3262 3543 3325 multa,

1970 3353 2063 3420 qui
2116 3352 2269 3405 illum
2333 3356 2455 3423 ejus
2504 3353 2586 3406 rei
2641 3352 2813 3420 gratia
2858 3363 3253 3416 convenerant,
3288 3353 3543 3416 dixisset,

1969 3461 2151 3515 neque
2197 3455 2379 3498 tamen
2427 3445 2509 3498 eis
2553 3444 2698 3512 quod
2732 3444 2973 3506 volebat,
3011 3444 3400 3513 persuasisset.
3431 3461 3546 3498 am-

1971 3549 2157 3608 putata
2204 3538 2310 3592 sibi
2348 3537 2595 3592 auricula
2638 3537 2829 3591 dextra
2867 3555 2881 3591 :
2926 3555 2945 3587 ι
2992 3537 3084 3590 Vel
3119 3552 3266 3591 nunc
3297 3537 3544 3602 demum,

1971 3632 2170 3700 inquit.
2203 3630 2373 3693 abite,
2400 3629 2852 3699 quandoquidem
2884 3629 3151 3697 deinceps
3171 3630 3337 3684 etiam
3364 3635 3548 3684 νυιιιιι-

1972 3731 2083 3775 tem
2119 3720 2377 3776 Ecclesiae
2400 3721 2727 3773 constitutio
2777 3734 2885 3773 non
2939 3721 3136 3790 τιιοίρίι
3193 3720 3545 3777 Sacerdotem

1971 3830 2214 3884 namque
2249 3814 2527 3883 integrum
2565 3822 2733 3881 atque
2774 3813 3164 3867 immutilatum
3213 3829 3337 3868 esse
3386 3830 3551 3883 opor-

1974 3914 2053 3961 tet
2120 3921 2139 3953 ι
2177 3902 2356 3971 Atque
2391 3901 2485 3956 ubi
2519 3901 2614 3971 qui
2646 3916 2714 3955 ex
2746 3901 3041 3971 praecipuis
3073 3903 3141 3956 ad
3172 3904 3351 3971 ipsum
3391 3904 3545 3957 missi

1974 4004 2152 4058 erant,
2203 3992 2273 4046 ab
2327 4006 2394 4046 eo
2444 3991 2831 4057 discederent;
2881 4002 2937 4046 et
2991 4007 3021 4045 a
3068 3992 3272 4047 Judais
3322 3993 3545 4062 quidem

1976 4086 2099 4139 talia
2123 4084 2406 4139 observari
2436 4092 2492 4137 et
2525 4082 2854 4151 magnilleri,
2889 4080 3189 4137 Ecclesiam
3221 4093 3403 4139 autem
3452 4082 3546 4137 Dei

1976 4174 2401 4248 parvipendere,
2436 4172 2484 4227 si
2535 4171 2702 4227 modo
2735 4172 2923 4226 animo
2963 4182 3023 4226 et
3072 4172 3333 4227 moribus
3367 4174 3552 4227 salvus

1976 4268 2409 4337 commodusque
2444 4266 2516 4321 sit
2539 4267 2860 4336 episcopus,
2893 4265 3038 4319 inter
3065 4281 3125 4322 se
3155 4266 3448 4332 dicerent;
3480 4267 3547 4321 ad

1978 4377 2105 4418 eum
2143 4361 2387 4425 reversi,
2425 4359 2908 4428 comprehendere
2945 4368 3249 4414 tentarunt.
3286 4360 3360 4415 lbi
3408 4360 3498 4415 ille
3536 4378 3550 4414 :

300 4451 426 4520 θεῷ
489 4454 552 4520 τῇ
611 4449 706 4502 τοῦ
748 4449 941 4518 μέλους
1008 4452 1264 4519 διακοπῇ.
1330 4451 1390 4503 'D
1424 4450 1467 4502 δ’
1534 4452 1863 4520 Ἀμμώνιος,

1980 4475 1999 4507 ι
2030 4456 2085 4510 Si
2118 4455 2225 4508 vim
2252 4455 2302 4507 ei
2336 4452 2539 4507 inferre
2566 4461 2880 4521 pergerent,
2906 4452 3146 4520 linguam
3189 4470 3410 4523 quoque
3444 4455 3552 4513 sibi

300 4561 318 4594 ι
362 4544 433 4595 Συ
454 4542 511 4594 δὲ
543 4542 676 4611 ἄρα,
701 4540 992 4595 ὑπολαϐὼν
1027 4538 1205 4602 εἶπεν,
1237 4534 1282 4593 ὧ
1332 4542 1594 4611 Εὐάγριε,
1622 4542 1722 4596 οὐκ
1769 4543 1872 4596 οἴει

292 4638 397 4700 τὰς
421 4635 578 4700 ἀξίας
606 4635 810 4687 διδόναι
841 4633 1018 4695 δίκας,
1046 4632 1136 4684 διὰ
1162 4635 1449 4700 φιλαυτίαν
1481 4641 1578 4701 τὴν
1615 4634 1868 4701 γλῶσσαν

292 4728 592 4798 ἀποτεμὼν
616 4729 707 4779 καὶ
739 4728 813 4796 μὴ
835 4730 901 4797 τῇ
935 4726 1151 4796 δοθείσῃ
1190 4729 1326 4795 προς
1351 4728 1563 4779 πολλῶν
1597 4728 1870 4794 ὠφέλειαν

294 4823 650 4891 χρησάμενος
716 4822 946 4888 χάριτι;
984 4836 1005 4869 ι
1078 4818 1239 4871 Ἀλλὰ
1275 4819 1403 4887 περὶ
1444 4821 1543 4887 μὲν
1598 4820 1870 4889 Εὑαγρίου

298 4914 444 4979 μετα
476 4911 650 4979 βραχὺ
670 4908 1031 4977 διαλήψομαι.

298 5003 681 5058 Alexandrino
718 5002 785 5055 ad
825 5002 1202 5069 episcopatum
1243 5000 1582 5065 traheretur,

1981 4549 2286 4603 recisurum
2338 4560 2501 4610 esse,
2573 4543 2866 4612 adjuraiit.
2911 4562 2930 4594 ι
2971 4543 3186 4607 Quibus
3252 4544 3418 4598 minis
3474 4546 3551 4600 illi

1979 4636 2287 4708 perpensis,
2325 4638 2379 4688 in
2411 4636 2534 4688 loco
2561 4648 2663 4688 suo
2690 4635 2869 4686 virum
2897 4649 3152 4701 magnum
3181 4634 3550 4701 reliquerunt.

1978 4730 2046 4783 Et
2071 4745 2138 4782 ex
2183 4742 2249 4781 eo
2301 4738 2547 4794 tempore
2596 4724 2923 4778 Ammonius
2969 4724 3231 4792 παρὼτης
3258 4725 3358 4794 (5),
3392 4726 3549 4792 quasi

1979 4836 2114 4875 aure
2133 4828 2410 4874 carentem
2439 4817 2610 4880 dicas,
2632 4816 3052 4880 cognominatus
3067 4824 3173 4870 est.
3195 4817 3309 4870 lloc
3330 4817 3469 4870 idem
3496 4816 3550 4870 in

1977 4912 2211 4980 Evagrio
2239 4908 2565 4979 philosoiiho
2592 4908 2809 4963 accidit.
2846 4907 2981 4961 Nam
3014 4922 3141 4960 cum
3167 4923 3196 4961 a
3238 4907 3549 4977 Theolihilo

1659 5005 1750 5057 ubi
1818 5007 2035 5061 artibus
2083 5004 2252 5057 variis
2301 5016 2360 5055 se
2410 5000 2726 5053 excusando
2795 5016 2925 5053 usus
2998 5010 3165 5064 esset,
3223 5002 3549 5055 sacerdotali

296 5099 583 5167 dignitati,
634 5096 741 5151 sibi
787 5111 851 5150 ea
896 5091 1305 5159 interdicendo,
1388 5096 1643 5149 nuntium
1689 5098 1902 5152 remisit
1944 5102 2046 5170 (ι),
2081 5113 2190 5150 non
2240 5108 2420 5148 tamen
2449 5108 2665 5170 summo
2698 5091 2885 5162 aliquo
2912 5092 3160 5162 corporis
3189 5093 3435 5148 membro
3467 5108 3554 5146 re-

294 5199 475 5248 secto.
510 5190 687 5257 Atque
719 5189 766 5242 is
812 5188 904 5241 ubi
936 5188 993 5242 in
1025 5188 1376 5241 Ammonium
1453 5188 1616 5243 istum
1695 5168 2012 5256 incidisset,
2076 5194 2284 5245 urbane
2352 5206 2478 5244 eum
2547 5168 2778 5260 carpsit,
2830 5190 2974 5245 male
3016 5190 3312 5245 admodum
3357 5186 3553 5242 fecisse

295 5293 526 5357 Deoque
567 5285 639 5339 ob
688 5284 995 5339 membrum
1043 5291 1317 5336 resectum
1369 5297 1559 5351 poenas
1612 5286 1867 5339 daturum
1912 5303 2057 5347 esse.
2096 5287 2373 5356 inquiens.
2448 5285 2529 5339 Ad
2595 5300 2757 5354 quem
2789 5286 3142 5341 subinferens
3202 5287 3554 5350 Ammonius,

302 5405 321 5435 ι
361 5383 443 5437 Τιι
470 5397 622 5447 vero,
650 5378 854 5448 inquit,
880 5391 913 5430 ο
938 5376 1157 5447 Evagri,
1183 5391 1249 5428 an
1279 5391 1389 5430 non
1416 5376 1720 5448 condignas
1784 5382 2073 5451 persolves
2134 5395 2345 5451 poenas,
2416 5380 2511 5450 qui
2570 5391 2797 5450 prepter
2833 5379 3143 5449 φιλαυτίαν,
3185 5379 3291 5433 hoc
3328 5392 3433 5445 εει,
3463 5380 3551 5433 ni-

1974 5519 2341 5589 gnominatus.
2379 5516 2536 5572 inviti
2569 5518 2698 5572 olim
2749 5515 3043 5570 admodum
3077 5514 3330 5569 homines
3386 5515 3458 5585 pii
3483 5516 3549 5569 ad

1974 5603 2353 5658 episcopatum
2374 5589 2776 5658 evehebantur.

1873 5670 1891 5719 Ξ
1984 5654 2023 5681 ”
2046 5660 2120 5728 (4)
2152 5654 2218 5712 Et
2253 5659 2510 5729 profugit,
2545 5656 2756 5713 Socrai.
2781 5655 2965 5726 Μηδὲν
2998 5654 3425 5725 ἀκρωτηριάσας
3456 5655 3549 5709 τοῦ

1968 5732 2247 5799 σώματος.

367 5523 446 5593 (Ι)
476 5520 634 5576 Socr.
671 5518 958 5593 Arscnium
996 5525 1169 5593 vocat.

369 5586 445 5661 ('2)
481 5592 1032 5661 Ammoniustcomes
1054 5586 1359 5661 Athanasii.
1380 5587 1563 5640 Rome
1585 5602 1692 5661 non
1714 5588 1861 5643 aliud

292 5658 458 5735 quam
574 5660 718 5735 Petri
745 5669 800 5713 et
834 5658 991 5735 Pauli
1022 5658 1339 5735 martyrium
1374 5660 1659 5735 spei-tavit.

370 5737 447 5804 ὦ)
473 5732 813 5795 Ammonius,
847 5726 1127 5797 παρώτιλς,
1162 5731 1262 5781 hoc
1301 5737 1404 5791 cst,
1434 5730 1545 5779 sine
1583 5744 1732 5792 aure,
1762 5743 1855 5783 co-
