3936 6206
314 323 420 386 τιὶθ

1243 334 1846 400 ῙῖδΠί,Εδ[Λ5ΤΙ(ἸλἘ
1883 343 2271 406 ΙΗΞΤΟΙΠΕ
2312 350 2460 412 LIB.
2505 352 2616 412 XI.

3449 367 3552 427 7.0

311 444 533 494 Μέλανα
586 441 788 508 ἐξῶσαι
838 442 1154 510 κατέλαϐον,
1209 443 1364 518 εὗρον
1401 450 1498 518 μὲν
1541 454 1745 506 ἐκεῖνον
1777 457 1874 518 τοῖς

1990 468 2094 512 est.
2125 460 2261 514 Cum
2303 463 2370 517 de
2409 465 2656 520 ecclesiis
2685 465 2999 536 ὁμοουσίου,
3045 473 3551 542 consulistaiitialis,

312 534 404 598 τῆς
431 531 730 602 ἐκκλησίας
758 533 970 602 λύχνοις
1004 538 1444 605 ἐνασμενίξοντα,
1471 536 1560 594 οἷα
1583 559 1644 609 γε
1681 543 1889 613 ὑπηρε-

308 625 410 677 τῶν
444 625 681 694 ἔσχατον
705 640 720 655 ο
751 625 850 690 τάς
896 644 956 680 τε
986 629 1094 697 γὰρ
1138 629 1461 700 θρυαλλίδας
1498 637 1751 704 κατεῖχε,
1796 637 1889 688 καὶ

305 715 611 786 ἐπίρρυπος
643 711 714 787 ἦν
747 717 847 788 τὴν
891 719 1098 788 ἐσθῆτά
1152 740 1213 776 τε
1252 725 1345 778 καὶ
1377 725 1476 796 τὴν
1501 725 1715 796 ζώνην·
1759 729 1888 798 περὶ

303 803 360 856 δέ
413 804 507 857 τοῦ
553 806 857 860 ἐπισκόπου
893 808 1212 880 πυθόμενοι,
1268 814 1668 882 ἀποκρίνασθαι
1724 818 1886 870 αύτδν

303 895 495 948 τοῦτον
557 897 831 966 μηνύσαιο
885 901 1113 969 ἀγαγεῖν
1157 904 1211 956 δέ
1241 907 1364 968 τοὺς
1397 907 1593 976 ἄνδρας
1627 910 1779 980 παρὰ
1826 911 1886 963 τὸ

301 989 696 1041 ἐπισκοπεῖονο
759 993 852 1044 καὶ
889 989 977 1045 οἶὰ
1022 1010 1085 1062 γε
1111 997 1177 1064 τῇ
1209 995 1312 1065 ὁδῷ
1348 1000 1722 1068 κεκμηκότας,
1772 983 1886 1063 τοῖς

300 1079 488 1132 ἐνοῦσι
515 1079 735 1148 θρέψαι,
773 1082 1050 1151 τράπεζαν
1085 1085 1486 1155 παραθέμενον.
1522 1089 1676 1141 Μετὰ
1700 1089 1757 1142 δέ
1784 1090 1883 1160 τὴν

300 1173 512 1244 τροφὴν
544 1175 863 1244 νιψάμενος,
887 1177 1120 1240 ἐκείνοις
1142 1179 1250 1247 γὰρ
1279 1179 1580 1245 διηκονεῖτο
1612 1182 1885 1250 ἐστιωμέ-

299 1282 414 1328 νοις
440 1303 455 1324 .
488 1265 682 1318 ἐαυτὸν
734 1268 1120 1336 κατεμήνυσε·
1155 1271 1282 1333 τοὺς
1317 1271 1364 1323 δ’
1408 1274 1466 1324 ἐν
1515 1273 1750 1341 θαύματι
1790 1273 1884 1326 τὸν

299 1359 472 1426 ἄνδρα
501 1359 898 1428 πεποιηκότας,
937 1359 1180 1428 δηλῶσαι
1217 1361 1276 1414 οὖ
1317 1363 1477 1432 χάριν
1503 1359 1638 1435 ἧκον
1661 1381 1676 1396 ο
1708 1367 1774 1434 τῇ
1817 1381 1880 1430 γε

304 1449 416 1516 μὴν
440 1448 578 1517 πρὸς
600 1451 763 1502 αὑτὸν
787 1451 924 1503 αίδοί
946 1451 1129 1505 ἄδειαν
1155 1452 1302 1522 αὐτῷ
1335 1455 1517 1524 φυγῆς
1547 1459 1847 1525 παρασχεῖν
1865 1472 1879 1486 ·

304 1541 400 1590 τὸν
435 1539 480 1592 δ’
513 1541 789 1610 ἀποδοχῆς
851 1542 1160 1608 ἀξιώσαντα
1213 1545 1620 1614 ἀποκρίνασθαι
1683 1545 1756 1616 μὴ
1817 1547 1881 1599 ἂν

299 1626 526 1678 ἑλέσθαι
550 1629 725 1680 ταυτα
759 1629 872 1691 τοῖς
901 1629 1170 1699 δμόφροσι
1209 1631 1317 1684 τῶν
1360 1631 1545 1700 ίερέων
1578 1632 1795 1696 παθεῖν,
1823 1632 1883 1684 τὸ

298 1720 506 1772 ἄκοντα
553 1720 691 1786 πρὸς
729 1720 824 1790 τὴν
871 1721 1170 1792 ὑπερορίαν
1223 1721 1488 1791 ἀφῖχθαιο
1541 1721 1657 1774 ἀλλ’
1700 1722 1882 1776 ἑκοντὶ

1993 548 2117 604 fidei
2163 551 2483 608 defensores
2517 557 2894 625 exigerentur,
2924 571 3091 630 atque
3133 578 3200 618 eo
3244 567 3337 634 qui
3383 567 3558 636 ipsum

1987 656 2209 710 quoque
2257 644 2558 714 cjieerent,
2613 648 3008 714 advenissent,
3058 669 3384 724 repererunt
3433 674 3561 713 eum

1989 733 2160 786 νιιιιιιὶ
2194 749 2480 789 servorum
2512 747 2820 794 extremum
2854 744 3100 798 ecclesiae
3127 747 3371 804 lucernis
3401 750 3563 804 ador-

1989 821 2187 876 iiandis
2222 823 2476 880 hilariter
2505 827 2942 888 incumbentem.
2989 834 3367 893 Luceriiaruiii
3411 845 3560 895 enim

1988 913 2170 969 lineos
2202 914 2478 972 funiculus
2518 921 2569 972 in
2617 923 2875 977 manilius
2921 925 3176 990 habebat,
3215 939 3366 984 veste
3397 933 3558 988 simul

1987 1013 2042 1057 et
2071 1005 2292 1074 cingulo
2339 1011 2679 1066 Sordidatus.
2729 1014 2908 1084 Atque
2943 1032 3068 1070 cum
3120 1019 3197 1072 illi
3241 1022 3560 1092 episcopum

1989 1098 2368 1165 requirerent,
2416 1101 2785 1158 indicaturum
2832 1123 2890 1160 sc
2931 1108 3010 1162 eis
3059 1109 3212 1163 illum
3256 1115 3558 1182 respondit,

1987 1203 2194 1257 eosque
2240 1190 2294 1244 in
2330 1191 2553 1246 domum
2590 1197 2963 1266 episcopalem
3013 1203 3171 1256 duxit
3212 1221 3224 1257 :
3259 1213 3422 1273 atque
3467 1207 3560 1260 ubi

1987 1278 2031 1332 is
2087 1281 2168 1334 eis
2231 1283 2299 1336 de
2353 1284 2438 1337 via
2500 1285 2698 1350 fessis,
2752 1305 2936 1344 nit-usa
2998 1294 3415 1364 apposita,pro
3477 1312 3562 1350 re-

1983 1385 2102 1423 ru:ii
2141 1373 2385 1426 tenuium
2428 1375 2582 1442 copia
2617 1378 2802 1431 cibum
2853 1381 3132 1445 dedisset,
3190 1395 3353 1453 atque
3387 1387 3558 1440 eden-

1986 1459 2135 1513 tibus
2175 1463 2567 1527 ministrasset,
2599 1467 2812 1521 sublata
2850 1485 3036 1524 mensa
3074 1489 3270 1527 manus
3310 1476 3466 1536 lavit,
3505 1489 3560 1531 et.

1985 1552 2224 1622 seipsuin
2258 1554 2341 1608 eis
2393 1555 2680 1611 indicavit.
2709 1559 2788 1611 Illi
2820 1560 2996 1614 viruin
3026 1563 3305 1627 admirati,
3337 1582 3558 1620 causam

1985 1643 2254 1700 adventus
2301 1646 2386 1700 sui
2435 1663 2560 1700 cum
2609 1651 3006 1716 ostendissent,
3064 1658 3344 1712 remittere
3398 1673 3458 1713 se
3508 1658 3560 1712 ei

1984 1735 2261 1798 exsilium,
2285 1747 2508 1806 propter
2533 1743 2901 1796 reverentiam
2927 1745 3066 1813 ejus,
3093 1745 3374 1803 dixerunt.
3401 1749 3558 1815 Quod

296 1812 403 1880 τὴν
446 1811 734 1882 ὑπερόριον
778 1813 1069 1894 ὑπομεῖναι
1104 1814 1305 1882 φυγήν.
1336 1807 1410 1866 Οὗ
1455 1815 1517 1884 δὴ
1550 1814 1873 1882 γενόμενος,

1983 1834 2336 1895 posteaquam
2375 1831 2697 1898 accepisset,
2749 1834 2830 1887 eis
2893 1807 3196 1904 respondit,
3251 1855 3356 1893 non
3407 1807 3555 1895 fdem

298 1904 392 1958 ἆτ’
440 1907 503 1956 ἐκ
568 1904 691 1956 νέου
741 1905 817 1974 τῷ
858 1905 1172 1975 φιλοσοφεῖν
1201 1906 1528 1975 εἰθισμένος,
1577 1906 1666 1959 διὰ.
1694 1907 1875 1976 πάσης

300 1993 508 2062 ἀρετῆς
537 1993 690 2064 ἥκων
731 1995 1056 2065 περιὸὀητος
1098 1991 1189 2065 ἦν.
1226 1997 1401 2049 Σόλων
1433 1997 1488 2049 δὲ
1521 1997 1610 2050 τὸν
1647 2000 1877 2067 ἐμπορι-

297 2085 400 2137 κὸν
452 2085 569 2154 βίον
623 2087 1116 2158 ἀπαρνησάμενος,
1159 2091 1250 2140 τὸν
1295 2089 1474 2156 τίμιον
1529 2091 1876 2161 μαργαρίτην

297 2178 513 2232 ὠνεῖτο.
545 2178 681 2230 ’Υπδ
714 2181 823 2248 γὰρ
849 2177 927 2248 τῷ
955 2179 1168 2247 ἀδελφῷ
1196 2179 1404 2233 Μέλανι
1441 2181 1666 2244 καὶτοῖς
1692 2183 1873 2233 ἐκεῖσε

296 2263 644 2327 διδασκάλοις
694 2264 753 2315 τὸ
808 2263 957 2334 βιοῦν
1003 2266 1406 2335 μεταθέμενος,
1461 2267 1556 2319 καὶ
1602 2266 1874 2334 ἐπιμελῶς

298 2355 642 2419 παιδευθεὶς,
665 2357 744 2408 ὅτι
763 2355 1020 2424 πλείστην
1042 2357 1170 2427 περὶ
1193 2357 1252 2408 τὸ
1273 2357 1424 2410 Θεῖον
1444 2357 1755 2422 ἐπεδείξατο
1777 2357 1874 2427 τὴν

299 2452 547 2522 σπουδήν
571 2469 584 2481 °
619 2453 854 2522 μάλιστα
883 2452 928 2506 δ’
955 2449 1023 2521 ἦν
1057 2453 1263 2522 ὰγαθῆς
1278 2457 1388 2514 τοῖς
1416 2455 1584 2518 πέλας
1611 2455 1874 2524 ἁπλότητι

301 2548 426 2617 βίου
478 2549 780 2620 χρώμενος.
818 2546 1090 2599 Τοιούτων
1130 2546 1186 2599 δὲ
1222 2547 1620 2617 καθηγεμόνων
1659 2550 1720 2600 τὸ
1754 2549 1874 2601 κατ’

298 2641 479 2712 ἀρχὰς
515 2643 547 2712 ὴ
601 2639 1066 2710 Ῥινοκουρούρων
1101 2639 1370 2706 ἐκκλησία
1423 2639 1688 2711 ἐπιτυχὴς
1721 2657 1876 2709 γενο-

302 2735 470 2802 μένη,
520 2734 611 2784 ἐπὶ
645 2731 778 2784 πολὺ
812 2732 906 2783 τοῦ
959 2731 1154 2800 χρόνου
1195 2731 1452 2801 διήρκεσε
1481 2733 1592 2794 τοῖς
1634 2733 1692 2796 ἐξ
1721 2732 1873 2795 ἐθους

298 2826 567 2896 χρωμένη
603 2825 848 2894 θεσμοῖς,
879 2824 974 2877 καὶ
1001 2824 1224 2892 ἀγαθῶν
1249 2824 1456 2894 ἀνδρῶν
1489 2825 1746 2896 εὐφορίαν
1773 2843 1878 2896 πη-

299 2921 571 2986 γὰζουσα.
617 2921 682 2972 Ὃ
713 2919 769 2972 δὲ
818 2917 1022 2983 ξενίζον
1065 2911 1212 2988 εἶχεν
1244 2920 1276 2988 ἡ
1311 2918 1536 2988 τοιαύτη
1568 2918 1834 2988 ἐκκλησία
1859 2959 1874 2983 ,

299 3014 398 3064 καὶ
425 3013 533 3064 τῶν
559 3011 736 3064 ἄλλων
768 3013 1038 3082 ἐπίσημον
1062 3011 1320 3081 μάλιστα,
1347 3011 1536 3080 ὅτιπερ
1552 3011 1661 3072 τοῖς
1689 3010 1875 3063 αὐτόθι

299 3105 584 3173 κληρικοῖς
616 3104 771 3173 κοινή
821 3120 878 3155 τε
913 3099 980 3171 ἦν
1010 3105 1244 3172 οἴκησις,
1288 3104 1382 3157 καὶ⁵
1414 3102 1666 3170 τράπεζά
1694 3119 1752 3155 τε
1781 3105 1876 3157 κα)⁵

300 3197 494 3267 ἀγωγὴ
528 3196 621 3247 καὶ
665 3195 845 3248 δίαιτα
885 3197 1002 3264 μία,
1037 3198 1130 3248 καὶ
1162 3197 1336 3248 πάντα
1360 3195 1424 3263 δὴ
1461 3196 1530 3248 τὰ
1563 3194 1747 3248 λοιπά.
1781 3195 1882 3248 Το-

303 3289 482 3342 σαῦτα
511 3293 603 3342 καί
637 3291 766 3358 περὶ
797 3289 907 3342 τῶν
945 3290 1432 3360 Ῥινοκουρούρων.

1983 1933 2062 1984 se,
2094 1922 2238 1988 quod
2269 1922 2361 1974 alii
2396 1925 2812 1980 consentientes
2851 1928 2956 1982 sibi
2995 1931 3239 2001 episcopi
3275 1933 3557 1999 fecissent,

1984 2014 2412 2068 commissurum
2445 2033 2588 2081 esse,
2622 2031 2682 2075 ut
2718 2021 2924 2075 imitus
2959 2023 3137 2077 solum
3171 2024 3352 2078 exsilii
3392 2039 3558 2079 causa

1984 2114 2244 2170 verteret,
2277 2106 2372 2160 sed
2407 2123 2503 2162 sua
2531 2121 2728 2179 sponte
2757 2113 2810 2167 in
2839 2113 3098 2168 exsilium
3123 2115 3352 2169 iturum.
3377 2116 3556 2185 Atque

1983 2209 2106 2248 enin
2161 2195 2234 2250 ibi
2283 2209 2451 2260 esset,
2487 2203 2656 2257 veluti
2702 2204 2797 2272 qui
2847 2204 2916 2257 ab
2960 2205 3327 2259 adolescentia
3369 2223 3557 2262 mona-

1983 2286 2132 2340 Stiea:
2166 2287 2530 2358 phIIOSOPIiIiE
2558 2296 2916 2359 assuevisset,
2957 2297 3104 2350 omni
3141 2313 3340 2366 genere
3376 2299 3569 2363 virtus

1985 2382 2054 2432 tis
2109 2381 2407 2448 praeclarus
2461 2387 2756 2440 admodum
2807 2387 2933 2442 fuit.
2993 2391 3159 2443 Solon
3211 2403 3420 2454 autem,
3463 2392 3554 2446 ubi

1985 2482 2310 2526 mercatura:
2355 2477 2746 2540 renuntiasset,
2801 2481 3098 2548 pretiosam
3154 2492 3427 2534 mercatus
3470 2491 3557 2536 est

1984 2567 2358 2633 margaritam.
2405 2567 2539 2620 Nam
2610 2570 2712 2624 sub
2756 2570 2925 2626 fratre
2983 2571 3120 2626 Mela
3169 2575 3398 2643 ejusque
3443 2573 3549 2627 loci

1985 2657 2259 2724 magistris
2293 2657 2528 2713 fideliter
2571 2671 2734 2729 atque
2765 2662 3057 2732 diligenter
3093 2665 3344 2729 edoctus,
3383 2674 3557 2719 muta-

1985 2751 2130 2801 tione
2163 2748 2284 2802 vita:
2311 2749 2610 2817 plurimum
2644 2753 2695 2805 iii
2749 2754 2910 2808 rebus
2938 2755 3142 2809 divinis
3171 2755 3338 2810 studii
3373 2767 3554 2811 osten-

1983 2837 2086 2900 dit,
2126 2847 2182 2891 et
2229 2854 2441 2893 morum
2487 2841 2840 2909 simplicitate
2880 2859 3006 2913 erga
3061 2846 3342 2912 proximos
3378 2847 3554 2904 bonus

1983 2928 2216 2982 maxime
2255 2929 2379 2983 fuit.
2413 2929 2657 2985 Ecclesia
2691 2933 3092 2990 Rhinocorura:
3123 2947 3411 3007 postquam
3444 2949 3553 2993 tam

1981 3017 2232 3087 egregios
2281 3020 2514 3087 primum
2569 3021 2740 3077 duces
2793 3034 2948 3079 nacta
3000 3038 3106 3090 est,
3153 3028 3316 3098 longo
3353 3029 3553 3084 deinde

1985 3118 2232 3177 tempore
2261 3114 2544 3168 consuetis
2569 3115 3058 3172 constitutionibus
3089 3119 3165 3172 uti
3205 3123 3470 3188 perrexit,
3499 3129 3556 3175 et.

1991 3201 2135 3254 viros
2183 3204 2476 3271 prazelaros
2523 3207 2774 3274 protulit.
2829 3206 2967 3262 Illud
3020 3225 3187 3278 porro
3233 3227 3459 3276 novum,
3500 3222 3556 3265 et

1990 3292 2134 3346 inter
2166 3295 2270 3347 alia
2315 3298 2550 3350 maxime
2579 3297 2791 3368 insigne
2817 3300 2872 3352 in
2902 3300 3134 3356 ecclesia
3163 3317 3222 3354 est
3256 3301 3378 3366 fuit,
3410 3302 3554 3368 quod

299 3386 492 3441 clerici
517 3385 592 3439 ibi
618 3385 986 3450 domicilium,
1011 3402 1277 3450 mensam,
1343 3401 1559 3440 morum
1619 3387 1955 3453 institutum,
1992 3399 2048 3442 et
2099 3389 2314 3445 diaetam
2369 3407 2556 3459 unam,
2613 3393 2828 3463 aliaque
2874 3395 3012 3450 adeo
3061 3398 3243 3451 omnia
3292 3397 3556 3451 haberent

297 3484 640 3539 communia.
675 3482 795 3539 Ilaec
822 3485 890 3538 de
920 3485 1330 3538 Rhinocorura.

895 3598 1132 3654 ΚΕΦΛΛ.
1177 3599 1303 3656 AG’.

297 3694 442 3759 Περὶ
471 3687 590 3743 τῶν
614 3691 684 3742 ἐν
701 3693 1074 3759 Παλαιστίνῃ
1101 3690 1408 3760 μοναχῶν,
1447 3691 1692 3758 Ἠσυχᾶ,
1715 3691 1874 3745 Ἐπι-

372 3762 594 3829 φανίου
633 3761 740 3830 τοῦ
799 3761 1061 3828 Κύπρου.
1119 3763 1448 3830 Σαλαμίνη,
1517 3764 1869 3830 Ἄμμωνίου,

371 3829 672 3884 Σιλϐανοῦ
695 3830 790 3882 καὶ
821 3831 1145 3898 Ζαχαρίου.

370 3942 460 3998 Ἐν
498 3945 557 3998 δέ
589 3944 764 4016 τούτῳ
810 3946 905 3998 καὶ
940 3945 1080 3998 κατὰ
1112 3945 1476 4015 Παλαιστίνην
1509 3945 1641 3998 πολύ
1681 3964 1734 3999 τι
1759 3949 1875 3999 στῖ-

297 4053 401 4104 φος
436 4036 744 4104 φιλοσόφων
775 4036 925 4106 ἤνθει
955 4035 1186 4105 ἀνδρῶν.
1220 4037 1343 4090 Ἔτι
1372 4038 1481 4106 γὰρ
1511 4039 1776 4107 περιῆσαν
1801 4038 1873 4107 τῷ

298 4128 402 4198 βίῳ
434 4129 486 4180 oI
521 4129 661 4180 κατὰ
695 4128 792 4198 τὴν
833 4129 1212 4181 Κωνσταντίου
1245 4129 1525 4198 βασιλείαν
1559 4133 1690 4200 ἡμῖν
1725 4131 1874 4200 εἰρη-

301 4221 482 4287 μένοι,
538 4223 603 4290 τῇ
646 4223 908 4290 μοναχικῇ
954 4221 1198 4290 πολιτείᾳ
1233 4222 1327 4274 καὶ
1358 4220 1636 4291 ἐπιστήμῃ
1666 4219 1873 4289 ἐμπρέ-

297 4328 518 4373 ποντες.
554 4311 660 4364 Καὶ
705 4311 856 4365 ἄλλοι
884 4311 930 4363 δ’
973 4313 1068 4364 ἐπὶ
1109 4316 1319 4374 τούτοις
1367 4311 1718 4380 συνήκμαξον
1749 4313 1871 4373 ταῖς

296 4405 524 4456 ἐκείνων
553 4401 783 4469 ἀγαθαῖς
813 4402 1138 4465 συνουσίαις.
1175 4405 1230 4466 ἐς
1271 4403 1403 4454 πολύ
1435 4420 1486 4454 τι
1525 4404 1715 4472 χρῆμα
1755 4404 1873 4454 ἐπι-

2425 3600 2579 3670 191
2620 3599 2847 3655 CAPUT
2887 3600 3128 3655 XXXIX.

1980 3689 2056 3744 De
2090 3689 2387 3765 Palaestina:
2415 3692 2701 3765 monachis,
2734 3691 2990 3765 Hesyclia,
3013 3693 3306 3765 Epiphanio
3336 3691 3550 3765 Cyprio,

2119 3759 2704 3825 Salanii'ne,Aniiitcnio
2729 3801 2744 3822 ,
2779 3759 3010 3831 sylvauo
3047 3759 3093 3815 et
3115 3759 3410 3820 'Zaclmria'.

2050 3941 2108 3995 In
2133 3941 2420 3996 Palzestina
2443 3957 2662 4012 quoque
2690 3959 2757 3998 eo
2785 3956 3032 4011 tempore
3065 3944 3287 4014 plurimi
3313 3944 3549 4001 ﬂoruere

1978 4036 2210 4090 solitarii
2244 4035 2575 4104 philosophi.
2610 4036 2804 4091 Adhuc
2830 4037 2979 4090 enim
3005 4038 3331 4106 superstites
3361 4052 3544 4106 erant,

1978 4143 2140 4198 quos,
2173 4143 2298 4180 cum
2328 4126 2396 4182 de
2426 4128 2768 4182 Constantini
2810 4129 3044 4198 imperio
3071 4145 3380 4198 ageremus,
3409 4131 3544 4185 dixi-

1979 4234 2103 4273 mus
2146 4219 2376 4273 seieutia
2403 4227 2459 4272 et
2497 4219 2606 4271 vita
2640 4221 2942 4273 monastica
2971 4218 3314 4290 eﬂ'ulgentes.
3352 4219 3458 4275 Sed
3493 4231 3551 4276 et

1978 4311 2068 4364 alii
2097 4324 2220 4364 cum
2255 4310 2364 4364 illis
2397 4309 2665 4362 institutis
2695 4309 2916 4364 illorum
2949 4311 3220 4376 eiiituere,
3253 4311 3346 4381 qui
3377 4313 3551 4367 virtu-

1975 4402 2048 4455 iis
2091 4402 2363 4470 profectu,
2414 4417 2524 4454 non
2577 4402 2893 4470 paenitenda
2937 4401 3099 4457 laude
3134 4413 3187 4457 et
3229 4405 3399 4472 gloria
3437 4420 3553 4458 nio-

293 4494 532 4556 διδύντες
555 4494 651 4562 τῆς
685 4495 884 4564 ἀρετῆς
909 4507 926 4524 °
959 4495 1050 4546 καὶ
1083 4493 1465 4564 προσετίθεντο
1497 4495 1610 4556 τοῖς
1633 4492 1869 4546 ἐνταῦθα

1982 4492 2215 4546 nastcria
2262 4501 2558 4546 auxerunt.
2607 4492 2816 4546 IIoruin
2865 4494 3172 4561 praecipuus
3223 4493 3330 4547 fuit
3378 4493 3550 4564 Hesy-

307 4587 770 4656 φροντιστηρίοις,
804 4587 864 4638 οὐ
921 4585 1018 4656 τὴν
1045 4585 1316 4656 τυχοῦσαν
1357 4585 1610 4638 εὔκλειαν
1666 4587 1872 4648 τούτοις

307 4678 666 4749 πορίζοντες·
716 4673 790 4732 ὧν
856 4679 1162 4749 πρώτιστος
1227 4679 1464 4747 Ἠσυχᾶς
1525 4674 1612 4749 ἦν,
1660 4679 1873 4743 ἐταῖρος

291 4771 369 4823 ῶν
430 4773 486 4833 ἐς
517 4772 585 4823 τὰ
616 4771 853 4839 μάλιστα
879 4771 958 4840 τῷ
1007 4773 1382 4840 παμμεγίστῳ
1423 4773 1520 4839 τὴν
1569 4774 1707 4824 κατὰ
1737 4769 1870 4821 Θεὸν

291 4862 484 4933 βιοτὴν
540 4860 811 4930 Ὶλαρίωνι
834 4877 847 4891 ·
877 4861 1012 4930 πρὸς
1042 4862 1098 4914 δὲ
1131 4863 1223 4914 καί
1251 4863 1278 4912 6
1327 4861 1494 4932 πολὺς
1541 4860 1638 4930 τὴν
1669 4859 1866 4927 ἀρετὴν

303 4949 650 5019 Ἐπιφάνιος,
683 4949 742 5014 ὃς
773 4949 954 5018 πολλῷ
985 4950 1162 5020 χρόνῳ
1189 4949 1415 5018 ὓστερον
1448 4950 1541 5002 καὶ
1571 4949 1672 5018 τῆς
1693 4951 1752 5001 ἐν
1768 4948 1870 5001 Σα-

288 5041 480 5110 λαμίνι
513 5041 613 5108 τῆς
647 5041 875 5109 Κύπρου
905 5039 1198 5108 ἐκκλησίας
1224 5039 1323 5106 τὴν
1355 5037 1656 5108 ἐπιτροπὴν
1688 5036 1862 5106 ἔσχεν.

299 5134 364 5184 Ὀ
403 5132 498 5198 μὲν
527 5130 619 5184 οὖν
651 5131 890 5201 Ἦσυχᾶς
918 5131 1096 5199 τὸτῆς
1119 5130 1344 5200 ἡσυχίας
1369 5130 1734 5199 ἐργαστήριον
1768 5128 1866 5181 ἐπὶ

293 5208 500 5293 Γάζης,
547 5223 671 5274 ἔνθα
707 5223 772 5293 δὴ
807 5223 901 5274 και
929 5224 957 5275 ὁ
1001 5223 1223 5290 ιταιρος
1256 5222 1357 5275 εἴτ’
1410 5221 1502 5275 οον
1545 5222 1866 5286 διδασκαλος

290 5317 392 5370 καὶ
447 5316 730 5384 σύμπνους
792 5314 942 5386 αὐτῷ
1005 5315 1274 5385 Ἰλαρίων,
1321 5310 1489 5386 εἶχεν.
1525 5315 1586 5367 ⁸0
1615 5315 1672 5369 δέ
1723 5317 1866 5385 ἱερὸς

301 5408 621 5474 Ἐπιφάνιος
670 5408 797 5478 περὶ
844 5408 1038 5477 κώμην
1082 5407 1202 5460 τινὰ
1247 5407 1626 5477 Βησανδούκην
1666 5407 1862 5477 ὄνομα,

286 5501 412 5552 ὅθεν
444 5501 536 5552 καὶ
563 5497 824 5570 ὥρμητο,
855 5499 1019 5567 νομοῦ
1061 5498 1590 5567 Ἑλευθερουπόλεως
1611 5515 1624 5530 ·
1665 5500 1760 5568 νέᾳ
1808 5500 1865 5552 δὲ

289 5591 531 5656 πάμπαν
552 5591 618 5659 τῇ
645 5589 832 5660 ἡλικίᾳ
855 5589 1099 5659 ἀρίστοις
1121 5589 1465 5658 χρησάμενος
1490 5589 1856 5654 διδασκάλοις,

287 5683 386 5733 καὶ
404 5681 653 5744 παιδείας
682 5681 843 5750 χάριν
869 5681 1199 5749 μοναστικῆς
1222 5681 1320 5733 οὐκ
1342 5680 1624 5751 ἐλάχιστον
1660 5681 1862 5745 ἀνύσας

287 5775 346 5825 ἐν
373 5772 635 5842 Αἰγύπτῳ
664 5774 874 5843 χρόνον,
909 5775 1060 5842 παρα
1087 5789 1144 5824 τε
1176 5774 1286 5834 τοῖς
1323 5772 1498 5825 ἐκεῖσε
1533 5771 1598 5844 δὴ
1629 5775 1721 5826 καὶ
1751 5775 1861 5826 Πα-

1979 4584 2136 4644 cbas,
2171 4583 2439 4637 IIiIarioni
2481 4583 2583 4644 illi,
2627 4584 2740 4637 vita
2773 4598 2836 4637 ea
2875 4598 2996 4652 quae
3028 4585 3333 4638 secundum
3380 4585 3548 4638 Deum

1975 4685 2080 4740 est,
2130 4677 2291 4746 longe
2345 4677 2841 4745 prasstantissiino,
2898 4674 3102 4728 sodalis
3163 4675 3548 4730 charissimiis.

1975 4771 2107 4823 Item
2149 4770 2348 4822 virtute
2385 4770 2678 4836 praeclarus
2706 4766 3064 4835 Epiphanius,
3100 4767 3195 4834 qui
3226 4767 3390 4835 longo
3425 4779 3552 4837 post.

1974 4869 2220 4928 tempore
2265 4858 2514 4912 ecclesiae
2561 4857 2876 4910 Salaminia:
2928 4857 2978 4909 in
3030 4856 3211 4925 Cypro
3253 4857 3551 4925 episeoinis

1969 4951 2209 5021 priefuit.
2269 4951 2339 5003 Et
2399 4949 2682 5016 I‘Iesyehas
2737 4947 2958 5015 quidem
3012 4948 3218 5014 quietis
3275 4947 3548 5002 olIicinam

1969 5043 2112 5111 apud
2142 5040 2340 5096 Gazam
2372 5037 2842 5099 iiistituit.eodein
2874 5053 2985 5107 quo
3015 5038 3220 5093 sodalis
3249 5053 3347 5093 seu
3383 5040 3551 5108 inagi-

1968 5145 2104 5197 ster,
2136 5136 2189 5188 in
2215 5132 2378 5186 rebus
2399 5130 2659 5186 omnibus
2684 5145 2872 5186 secum
2901 5133 3252 5186 consentiens
3275 5131 3547 5195 Hilarion,

1970 5227 2126 5291 loco;
2155 5240 2310 5279 sacer
2344 5232 2526 5277 autem
2557 5223 2924 5292 Epiphanius,
2959 5224 3106 5278 circa
3140 5225 3432 5293 quemdam
3462 5226 3542 5276 vi-

1970 5333 2094 5372 cum
2129 5318 2526 5381 Besandueem,
2561 5315 2905 5384 praefectura:
2935 5315 3406 5384 Eleutheropolis,
3445 5316 3539 5369 tibi

1969 5407 2135 5462 etiam
2159 5415 2314 5462 ortus
2337 5406 2537 5461 fuerat.
2561 5406 2658 5461 IIic
2690 5409 2742 5461 in
2769 5406 2944 5475 prima
2974 5415 3134 5460 aetate
3158 5404 3382 5474 optimis
3408 5419 3544 5458 usus

1967 5499 2423 5568 praeceptoribus,
2443 5505 2499 5552 et.
2526 5501 2796 5552 doctrinae
2823 5498 3144 5552 monastica:
3173 5497 3348 5567 gratia
3380 5497 3542 5566 longo

1973 5599 2216 5659 tempore
2237 5592 2288 5648 in
2315 5590 2547 5660 .Egypto
2565 5601 2828 5648 moratus.
2843 5588 2986 5656 apud
3003 5587 3284 5658 Egyptios
3302 5591 3464 5646 simul
3487 5605 3544 5647 et

1969 5683 2305 5748 Paliestinos,
2341 5700 2436 5752 per
2473 5685 2692 5738 virtutis
2718 5681 2984 5742 studium,
3015 5680 3284 5750 insignem
3311 5683 3544 5751 adeptus

1965 5769 2141 5827 fuerat
2162 5772 2377 5827 laudem
2403 5789 2418 5825 :
2442 5787 2542 5828 uec
2565 5772 2744 5826 minus
2778 5771 2939 5824 etiam
2959 5771 3100 5840 apud
3124 5770 3373 5841 Cypiios,
3399 5775 3543 5844 apud
