3936 6206
347 272 451 333 7l‘9

1560 276 1970 335 NICEPHORI
2014 279 2354 339 C'.l.l.lS’ll

3475 281 3577 345 790

348 382 474 445 fuit,
502 397 530 434 a
565 380 707 435 iastu
736 392 790 435 et
829 383 1085 451 superbia
1124 383 1351 437 maxime
1387 384 1619 438 alienus.
1655 387 1718 438 Et
1748 388 1902 446 sicuti

2015 387 2148 438 υῦτε
2182 390 2290 456 γὰρ
2321 391 2399 449 εἰς
2429 386 2592 452 δγκον
2622 380 2758 455 ἦρτο
2789 389 2903 448 τοῖς
2936 387 3000 438 ἐκ
3032 387 3141 438 τῶν
3172 386 3399 440 δικαὲων
3429 389 3578 442 ἐπαξ-

343 475 612 542 justarum
640 472 860 526 laudum
887 475 1173 543 praeconiis
1195 475 1420 528 minime
1446 478 1619 530 est-ad
1644 494 1905 547 arrogan-

348 567 479 621 tiam
529 566 801 624 sublatus.
849 568 919 619 ita
959 567 1124 620 etiam
1158 567 1438 622 conviciis
1475 569 1695 637 injustis
1732 570 1904 623 haud-

347 673 619 727 quaquam
659 657 726 709 ad
763 656 1190 725 indignationem
1227 664 1768 714 commotus.$aeras
1799 661 1909 716 Lit-

329 759 499 826 ⁹ιρι-εις
550 748 652 803 sub
685 747 949 817 Gregorio
1000 748 1280 820 Theologo
1337 753 1544 820 optime
1596 751 1903 807 addidicit:

347 857 473 895 nam
496 843 615 912 ejus
645 855 864 908 quoque
895 841 996 895 fuit
1026 838 1622 906 arcliidiaconus,,eurn
1655 844 1745 898 ille
1767 843 1908 899 Con-

347 934 845 1003 stantinopolitano:
894 944 1152 1002 przeesset
1180 934 1471 990 .ecclesire.
1515 934 1668 1001 Quod
1720 947 1904 990 autem

350 1037 543 1078 natura
583 1024 738 1078 vultu
789 1033 935 1079 esset
975 1034 1243 1089 venusto,
1293 1033 1350 1078 et
1395 1038 1657 1094 przeterea
1704 1028 1904 1080 vestitu

346 1116 581 1184 eleganti
618 1123 890 1178 uteretur,
925 1115 1082 1185 197
1123 1132 1190 1170 ex
1233 1117 1647 1184 magistratibus
1683 1117 1903 1185 quidam

353 1208 624 1278 zelotypia
659 1223 787 1276 erga
819 1223 1042 1262 uxorem
1077 1208 1353 1269 laborans,
1388 1223 1513 1261 cum
1539 1224 1664 1263 eum
1708 1210 1782 1262 illi
1823 1209 1907 1262 in-

346 1299 595 1352 notuisse
633 1298 1001 1367 cognovisset,
1047 1299 1188 1352 clam
1220 1299 1271 1352 ei
1305 1299 1506 1353 caedem
1553 1298 1902 1353 moliebatur.

345 1391 411 1444 Et
450 1389 517 1443 ad
564 1405 677 1442 rem
720 1389 1010 1444 consilium
1056 1389 1108 1444 id
1140 1389 1398 1443 collatum
1443 1389 1663 1453 fuisset,
1697 1392 1800 1444 nisi
1838 1405 1903 1444 ea

346 1482 461 1548 ipsa
495 1489 654 1534 nocte
686 1481 827 1535 Deus
855 1480 1187 1535 horrendam
1217 1481 1463 1550 quidem,
1494 1482 1588 1537 scd
1612 1482 1902 1536 salutarem

345 1572 614 1627 visionem
654 1571 883 1642 Evagrio
935 1571 1236 1628 dormienti
1279 1574 1642 1631 exhibuisset.
1708 1575 1904 1630 Videre

343 1676 580 1730 namque
624 1661 730 1716 sibi
763 1661 910 1716 visus
957 1671 1039 1716 est
1070 1663 1318 1733 capitalis
1362 1664 1610 1719 criminis
1640 1679 1801 1719 causa
1844 1680 1902 1719 se

343 1762 587 1824 captum,
627 1765 792 1823 atque
826 1755 882 1808 in
915 1770 1136 1811 carcere
1171 1772 1368 1812 manus
1399 1759 1673 1828 pedesque
1710 1758 1904 1815 ferreis

341 1849 551 1902 catenis
578 1845 820 1900 vinctum
851 1861 995 1912 esse.
1031 1847 1167 1902 Cum
1202 1858 1384 1904 autem
1417 1851 1528 1920 jam
1562 1850 1628 1905 ad
1665 1851 1903 1906 tribunal

340 1937 546 2006 judieis
594 1936 738 2000 sisti,
787 1947 844 1992 et
889 1953 1080 2007 poenas
1131 1939 1262 1994 dare
1303 1941 1549 2006 deberet,
1604 1944 1903 1999 accessisse

339 2027 653 2096 quemdam,
697 2030 791 2120 qui
849 2044 1063 2086 sacrum
1106 2029 1526 2100 Evangeliorum
1575 2035 1817 2088 codicem
1851 2037 1901 2090 ei

339 2118 666 2185 ostenderit,
699 2118 764 2173 et
794 2128 901 2173 tam
950 2121 1208 2190 gravibus
1246 2123 1484 2176 vinculis
1531 2139 1656 2177 cum
1700 2124 1900 2179 libera-

345 2219 527 2262 turum
569 2205 906 2277 promiserit,
941 2213 987 2266 si
1019 2214 1424 2282 quamprimum
1460 2230 1525 2267 ex
1564 2217 1696 2270 urbe
1725 2215 1902 2271 disce-

342 2299 530 2364 deret,
565 2309 621 2354 et
644 2302 916 2356 facturum
951 2317 1010 2356 se
1050 2303 1100 2356 id
1147 2319 1268 2358 esse
1302 2305 1664 2374 jurisjnrandi
1714 2320 1901 2359 sacra-

341 2401 525 2446 mento
548 2390 902 2448 conﬁrmaret
928 2407 942 2446 :
975 2409 1144 2463 seque
1175 2395 1428 2464 imposita
1455 2397 1595 2450 libro
1615 2403 1808 2451 dextra
1833 2395 1902 2450 ad

339 2499 466 2536 eum
503 2483 732 2540 modum.
753 2483 988 2554 jurasse,
1021 2485 1293 2554 simulque
1325 2495 1379 2540 et
1422 2487 1778 2556 compedibus
1813 2503 1902 2542 so-

341 2574 516 2628 lutum
558 2590 702 2640 esse,
731 2585 786 2630 ct
816 2590 847 2630 e
893 2591 1087 2630 somno
1129 2577 1437 2646 evigilasse.
1475 2577 1548 2632 Ita
1595 2578 1682 2633 ille
1719 2579 1901 2633 divina

341 2665 551 2720 visione
583 2681 897 2735 persuasus,
950 2666 1223 2737 vigilando
1265 2667 1368 2720 sibi
1419 2677 1687 2721 Structqu
1741 2679 1903 2737 atque

339 2767 588 2812 creatum
639 2757 944 2828 periculum
997 2758 1207 2828 eﬂugit.
1252 2759 1428 2828 Atque
1480 2759 1569 2813 ubi
1618 2759 1670 2812 in
1719 2761 1901 2813 animo

343 2851 760 2914 constituisset,
818 2851 1014 2905 decere
1068 2866 1127 2906 se
1187 2853 1541 2906 monasticam
1601 2853 1900 2905 consectari

342 2939 1038 3010 vitam,Constantinopoli
1075 2939 1448 3011 Hierosolyma
1489 2943 1653 2995 venit.
1689 2942 1817 2996 Inde
1846 2943 1900 2995 in

345 3031 638 3102 .Egyptum
681 3031 780 3101 (l),
829 3031 894 3083 ad
935 3031 1207 3093 visendos,
1253 3032 1346 3100 qui
1382 3031 1435 3085 in
1482 3031 1625 3085 Secti
1663 3033 1901 3100 philoso-

343 3125 676 3194 phabamur,
715 3123 1014 3178 monachos
1066 3122 1360 3191 prolectus,
1409 3124 1474 3178 ad
1527 3136 1764 3178 montem
1813 3125 1904 3178 Ni—

344 3216 528 3280 triam,
574 3215 929 3268 monasticam
966 3212 1070 3266 sibi
1118 3214 1424 3267 construxit
1463 3229 1646 3267 easam
1673 3255 1688 3278 ,
1749 3223 1805 3267 et
1831 3215 1903 3269 ibi

341 3325 467 3364 cum
521 3305 735 3361 duobus
782 3305 1050 3366 Macariis,
1103 3303 1358 3374 Aélgyptio
1399 3315 1455 3358 et
1509 3303 1900 3369 Alexandrino,

341 3398 434 3468 qui
466 3396 602 3451 alios
630 3395 1050 3457 antecellebant,
1079 3393 1177 3447 fuit
1213 3412 1227 3447 :
1258 3409 1492 3463 quorum
1523 3411 1649 3447 cum
1677 3396 1903 3448 aemula-

345 3501 498 3546 retur
557 3491 758 3555 vitam,
813 3489 974 3542 factis
1033 3503 1254 3556 quoque
1309 3487 1443 3555 ipsis
1501 3487 1901 3556 philosOphiam

347 3583 704 3638 monasticam
725 3592 821 3636 .est
845 3590 1215 3635 consecutus.
1263 3579 1467 3634 Deinde
1498 3583 1660 3634 etiam
1697 3580 1772 3649 (2)
1802 3580 1902 3634 sub

345 3675 646 3730 Theodosii
697 3674 941 3729 Junioris
976 3673 1229 3742 imperio,
1275 3689 1399 3726 cum
1454 3688 1521 3726 eo
1571 3688 1733 3741 quem
1767 3673 1904 3726 dixi-

344 3783 468 3822 mus
499 3765 798 3832 lmmonio,
826 3775 910 3820 est
940 3777 1203 3819 versatus.
1235 3764 1482 3831 Prodigia
1506 3777 1686 3817 autem
1710 3764 1900 3819 eadem

347 3873 471 3928 qua:
508 3867 872 3927 prmeeptores
899 3857 1016 3927 ejus
1052 3856 1246 3911 edidit.
1289 3856 1438 3910 Libri
1475 3856 1542 3909 ab
1575 3871 1642 3910 eo
1681 3857 1901 3922 plurimi

345 3958 404 4003 et
448 3948 684 4002 maxime
730 3947 1022 4001 necessarii
1077 3945 1364 4015 compositi
1411 3955 1560 4009 sunt,
1594 3946 1735 3999 inter
1766 3960 1903 4014 quos

342 4041 564 4110 quidam
601 4040 912 4104 Marrucinus,
955 4039 1073 4093 sive
1124 4038 1192 4093 de
1233 4038 1469 4107 practice
1501 4047 1556 4091 et
1599 4040 1902 4106 operatrice

340 4135 543 4187 virtute
575 4133 868 4201 inscriptus
899 4141 984 4186 est
1017 4149 1030 4186 :
1061 4131 1280 4200 quidam
1307 4131 1633 4193 Γνωοτικὸς,
1667 4130 1768 4184 hoc
1795 4139 1902 4194 est,

341 4224 627 4294 Cognitor,
655 4224 768 4276 sive
801 4223 872 4276 de
903 4237 967 4276 (0
997 4223 1090 4291 qui
1125 4223 1489 4292 cognitionem
1524 4231 1606 4277 est
1639 4238 1903 4278 consecu-

345 4323 452 4366 tus.
488 4314 585 4367 llic
620 4313 672 4365 in
713 4310 1104 4379 quinquaginta
1141 4312 1317 4379 capita
1349 4320 1432 4364 est
1472 4311 1704 4365 divisus.
1755 4311 1911 4374 Seria

342 4403 452 4474 psit
491 4413 652 4458 etiam
695 4403 906 4457 librum
943 4403 1134 4464 alium,
1185 4405 1278 4471 qui
1326 4403 1752 4456 confutationem
1803 4419 1898 4457 seu

345 4497 672 4550 invectivam
704 4497 950 4550 continet
984 4494 1250 4549 adversus
1281 4503 1577 4548 tentatores
1603 4493 1899 4548 da-moncs.

340 4585 398 4638 Id
431 4601 568 4655 opus
605 4586 654 4641 in
698 4596 822 4640 octo
869 4585 1056 4640 divisit
1099 4585 1398 4650 sectiones,
1431 4585 1581 4654 juxta
1612 4595 1735 4639 octo
1767 4587 1903 4638 deli-

342 4679 685 4731 berationuui
718 4694 812 4732 seu
845 4677 1238 4748 cogitationum
1272 4692 1585 4730 numerum.
1619 4676 1748 4731 item
1779 4694 1901 4746 pro-

345 4771 578 4826 blemata
618 4774 962 4841 prognostica
1006 4771 1350 4839 sexingenta.
1388 4770 1748 4839 Etprmlerea
1783 4787 1896 4820 cm-

339 4849 504 4936 χήρα,
559 4865 662 4919 hoc
715 4875 818 4930 est,
880 4879 1137 4918 versuum
1183 4864 1320 4917 duos
1381 4863 1572 4928 libros,
1629 4863 1893 4928 reliquit:

338 4961 572 5012 alterum
603 4957 669 5010 ad
697 4973 794 5012 eos
823 4959 914 5026 qui
951 4959 1003 5010 in
1033 4956 1299 5012 emnohiis
1330 4964 1423 5008 aut
1451 4955 1503 5008 in
1536 4955 1898 5009 conventibus

341 5059 491 5115 sunt,
537 5050 836 5103 monachos
865 5068 876 5102 :
911 5050 1142 5102 alterum
1189 5058 1373 5101 autem
1407 5046 1472 5098 ad
1519 5062 1610 5100 cas
1639 5063 1757 5115 qua:
1794 5048 1901 5099 vir-

2009 497 2112 530 wn
2155 481 2390 548 κρνὶτοις,
2431 481 2526 532 καὶ
2567 481 2702 544 πρὸς
2747 481 2846 541 τὰς
2890 480 3111 542 ἀδίκους
3151 482 3261 532 τῶν
3301 482 3577 552 λοιδοριῶν

2007 571 2206 638 ἥκιστα
2252 571 2536 638 ἤσχαλλεν,
2586 571 2724 632 Τοὺς
2771 589 2834 637 γε
2886 574 2991 640 μὴν
3034 572 3216 640 ἱεροὺς
3257 572 3367 624 τῶν
3412 574 3578 640 λόγων

2007 660 2202 727 ἄριστα
2234 662 2337 712 ὑπδ
2369 662 2653 729 Γρηγορίῳ
2678 663 2755 726 “cf:
2786 661 3031 731 Θεο).ὀγῳ
3068 663 3402 715 πεπαίδευτο
3428 679 3442 695 '
3471 665 3580 730 ἐγέ-

2009 767 2128 800 νετο
2176 752 2232 802 δὲ
2281 751 2430 819 αὐτῷ
2483 752 2576 803 καὶ
2623 753 3038 820 ἀρχιδιάκονος,
3091 753 3330 822 ὁπηνίκα
3379 755 3480 820 τῆς
3528 758 3581 805 ὲν

2008 841 2576 894 Κωνσταντινουπόλει
2606 843 2900 909 ἐκκλησίας
2924 847 3022 911 τήν
3062 845 3373 914 ἐπιτροπήν
3417 841 3578 914 εἶχεν.

2007 931 2161 985 Ἐπεὶ
2192 933 2235 984 δ’
2258 934 2367 986 ἀπὸ
2397 933 2612 1001 φύσεως
2645 933 2859 994 ἀστεῖος
2894 934 3036 1002 μάλα
3069 934 3169 1002 τὴν
3199 934 3323 1002 ὄψιν
3353 931 3456 1006 ἦν,
3493 954 3578 1005 φιο

2006 1023 2229 1084 λόκαΜς
2253 1041 2309 1075 τε
2334 1026 2430 1094 τὴν
2451 1024 2743 1092 ἀναϐολήν,
2765 1025 2876 1075 τῶν
2896 1041 2980 1086 τις
3009 1027 3066 1076 ἐν
3089 1025 3234 1076 τέλει
3259 1025 3580 1092 ζηλοτύπως

2009 1116 2242 1182 μάλιστα
2281 1117 2409 1184 περὶ
2442 1117 2539 1182 τήν
2574 1115 2821 1185 γαμετὴν
2851 1115 3028 1184 ἔχων,
3069 1115 3258 1184 μαθὼν
3291 1119 3572 1188 γνώριμον

2005 1205 2144 1274 αὐτῇ
2179 1204 2541 1265 καθεστάναι,
2580 1205 2809 1258 θάνατον
2844 1204 2995 1272 αυτῷ
3030 1206 3214 1275 κρύφα
3246 1209 3577 1277 ἐμηχανᾶτο.

2009 1297 2117 1347 Καὶ
2160 1299 2238 1359 είς
2280 1297 2439 1365 ἔργον
2475 1298 2540 1350 ἂν
2576 1298 2862 1365 προέϐαινε
2897 1299 2958 1348 τὸ
2993 1298 3169 1350 δεινὸν
3191 1337 3207 1361 ,
3241 1301 3291 1350 εί
3338 1301 3416 1368 μή
3462 1301 3579 1372 κατ’

2006 1388 2221 1456 ἐκείνην
2253 1389 2353 1457 τήν
2386 1389 2556 1439 νύκτα
2596 1388 2834 1456 φιδεράν
2865 1405 2986 1442 τινα
3023 1392 3117 1442 καὶ
3150 1393 3423 1461 σωτήριον
3458 1394 3580 1463 ὄψιν

2006 1481 2329 1548 κατέπεμπε
2361 1480 2421 1530 τὸ
2454 1480 2611 1531 Θεῖον
2642 1480 2956 1533 καθεύδοντι
2982 1495 2996 1509 ⁶
3032 1482 3206 1534 ἐδόκει
3241 1486 3351 1552 γὰρ
3384 1485 3461 1548 ὡς
3495 1486 3579 1537 ἐπ’

2004 1573 2314 1640 ἐγκλήματι
2343 1572 2690 1641 συλληφθεὶς,
2716 1575 3004 1644 δεσμώτης
3029 1577 3095 1627 ὲκ
3126 1576 3364 1644 σιδήρων
3392 1580 3579 1647 χεῖρας

2005 1667 2097 1716 καὶ
2132 1665 2296 1727 πόδας
2322 1660 2412 1733 ἦν.
2442 1665 2580 1733 Ἤδη
2614 1665 2671 1717 δὲ
2702 1666 2909 1734 μέλλων
2939 1667 3279 1738 δικαστηρίῳ
3308 1669 3579 1738 παρίστα-

2009 1756 2132 1808 σθαι
2174 1759 2268 1808 καὶ
2309 1757 2508 1808 διδόναι
2543 1757 2644 1823 τήν
2676 1756 2854 1826 δίκην,
2891 1757 3136 1826 προσιών
3168 1775 3254 1820 τις
3290 1761 3390 1828 τήν
3425 1761 3578 1828 ἱερὰν

2005 1845 2111 1896 τῶν
2145 1845 2492 1920 Εὑαγγελίων
2527 1847 2737 1915 πυκτήν
2773 1848 3060 1900 ὑπεδείκνυ
3092 1888 3108 1913 ,
3142 1849 3238 1901 καὶ
3273 1851 3381 1901 τῶν
3419 1867 3578 1902 κατε-

2005 1937 2206 2007 χόντων
2243 1925 2607 1992 ἀπαλλάττειν
2650 1937 2963 2006 ὑπισχνεῖτο
3005 1940 3243 2009 δεσμῶν,
3291 1941 3340 1992 εἰ
3383 1942 3574 1994 θᾶττον

2004 2027 2347 2095 ἁναχωρήσοι
2373 2024 2471 2092 τῆς
2501 2024 2735 2090 πόλεως,
2765 2026 2860 2078 καὶ
2886 2025 2962 2096 τῷ
2993 2027 3170 2096 πιστῴ
3196 2027 3296 2096 τῆς
3329 2029 3570 2096 πράξειας

2003 2117 2165 2185 ὅρκον
2207 2118 2288 2179 είς
2333 2116 2627 2195 βεϐαίωσιν
2669 2116 3034 2187 προσαπῄτει.
3076 2117 3134 2171 Ὀ
3179 2118 3226 2170 δ’
3257 2119 3468 2180 ἐπιθεὶς
3506 2125 3570 2188 τῇ

2005 2208 2172 2278 βίὸ).ῳ
2198 2208 2293 2278 τὴν
2318 2191 2518 2274 δεξιὰν,
2545 2191 2717 2280 ἦ“μήν
2742 2201 2844 2264 ὧδε
2875 2210 3103 2279 πράξειν
3128 2212 3419 2280 ἐπώμνυτο
3440 2227 3453 2240 ⁶
3481 2214 3572 2264 καὶ

2003 2299 2201 2352 αὐτίκα
2228 2299 2325 2368 τῆς
2356 2301 2520 2370 πέδης
2549 2299 2749 2364 λυθεὶς,
2782 2301 2874 2352 καὶ
2901 2300 2996 2352 τοῦ
3027 2301 3198 2354 ὕπνου
3227 2303 3410 2354 ἀνίετο
3431 2319 3447 2332 ο
3478 2303 3571 2354 καλ⁵

2003 2389 2093 2439 τὸν
2140 2387 2286 2456 ῦπαρ
2330 2389 2690 2456 τυρευόμενον
2739 2390 2966 2458 διέφυγε
3017 2391 3280 2455 κίνδυνον,
3332 2394 3400 2462 τῇ
3452 2392 3572 2462 θείᾳ

2003 2477 2152 2546 ὀμφῇ
2181 2478 2444 2539 πεισθείς.
2479 2479 2588 2532 Καὶ
2615 2481 2914 2549 προσήκειν
2947 2481 3126 2549 ἑαυτῷ
3153 2481 3243 2532 τὸν
3273 2483 3572 2550 ἀσκητικὸν

2009 2570 2289 2638 μετελθεῖν
2322 2568 2436 2637 βίον
2463 2572 2520 2622 ὲν
2551 2571 2624 2639 νῴ
2657 2571 2906 2641 θέμενος,
2938 2574 2998 2625 ἐκ
3030 2575 3125 2641 τῆς
3160 2575 3570 2628 Κωνσταντίνου

2005 2663 2082 2723 εἰς
2123 2661 2475 2730 Ἰεροσόλυμα
2528 2666 2900 2732 παρεγένετο·
2955 2665 3129 2716 ἔπειτ’
3161 2666 3373 2719 ἐκεῖθεν
3433 2669 3568 2719 κατᾶ

2007 2755 2134 2807 θέαν
2169 2755 2274 2806 τῶν
2311 2756 2366 2806 ἐν
2402 2755 2600 2824 Σκήτει
2643 2754 2948 2824 φιλοσῦφων
2985 2759 3064 2818 είς
3110 2758 3390 2824 Αἴγυπτον
3421 2754 3523 2832 ἦκε
3551 2775 3566 2789 ⁸

2006 2849 2100 2900 καὶ
2133 2847 2260 2915 περὶ
2289 2847 2348 2898 τὸ
2381 2849 2478 2913 τῆς
2518 2846 2744 2916 Νιτρίις
2783 2847 2905 2913 ὅρος
2937 2837 3043 2917 τήν
3068 2850 3378 2920 ἀσκητικήν
3413 2853 3569 2904 καλύ-

2008 2942 2107 3008 ϐην
2136 2939 2390 3006 ἐπήξατο.
2417 2937 2540 2998 Τοῖς
2571 2939 2626 2989 ἐν
2651 2938 2847 3007 Σκήτει
2874 2937 2930 2989 δὲ
2957 2938 3275 3006 διαφέρουσι
3304 2941 3427 2994 δυσὶ
3452 2927 3588 2995 Μαί

1930 3041 1972 3098 C
2006 3030 2244 3100 καρῖοις,
2277 3029 2354 3097 τῷ
2391 3030 2675 3099 Αἰγυπτίῳ
2715 3031 2805 3081 καὶ
2837 3029 2915 3098 τῷ
2941 3031 3316 3102 Ἀλεξανδρεί,
3357 3041 3572 3100 συνεγε-

2004 3138 2122 3172 νετο
2147 3138 2160 3150 ·
2205 3121 2297 3172 καὶ
2338 3120 2428 3171 τὸν
2473 3121 2694 3172 ἐκείνων
2738 3120 2854 3189 βίον
2895 3122 3146 3191 ζηλώσας
3171 3164 3184 3187 ,
3229 3126 3324 3176 καὶ
3368 3127 3464 3193 τὴν
3504 3125 3570 3176 δι’

2003 3212 2181 3281 ἔργων
2229 3212 2544 3279 φιλοσοφίαν
2591 3213 2882 3281 ἐκτήσατο.
2913 3213 3146 3267 Ἔπειτα
3190 3216 3270 3285 τῷ
3315 3235 3568 3286 προειρη-

2006 3302 2152 3369 μένῳ
2177 3300 2478 3372 Ἀμμωνίῳ
2509 3303 2604 3354 ἐπὶ
2634 3305 2732 3370 τῆς
2763 3305 3033 3372 ἐχομένης
3066 3305 3347 3375 βασιλείας
3380 3309 3568 3373 συνῆν.

2004 3392 2284 3447 Τισούτων
2325 3393 2384 3444 δὲ
2427 3393 2725 3463 τεραστίων
2769 3396 3072 3465 αὐτουργὸς
3121 3398 3388 3464 ἐγεγόνει,
3431 3400 3567 3451 ὅσων

2003 3483 2327 3554 δηλαδὴηκαὶ
2359 3487 2408 3537 οἱ
2445 3487 2754 3539 παιδευταί.
2785 3487 3164 3557 Ἐσπουδὰσθή
3199 3490 3256 3541 δὲ
3293 3492 3442 3558 αὑτῴ
3475 3494 3566 3544 καὶ

2005 3575 2185 3644 βιϐλία
2223 3577 2448 3629 πλεῖστα
2489 3581 2584 3632 καὶ
2630 3580 3033 3648 ἀναγκαιότατα
3057 3599 3072 3612 ·
3109 3575 3185 3633 ὧν
3219 3583 3276 3634 τὸ
3321 3584 3419 3650 μὲν
3452 3584 3568 3636 Μο-

2002 3667 2185 3737 ναχὸς
2209 3668 2241 3738 ἢ
2273 3668 2399 3737 περὶ
2426 3672 2733 3738 πρακτικῆς
2759 3671 2857 3738 τήν
2884 3673 3197 3741 ι;ιιιιγραν,ῖο’ὶγν
3225 3673 3339 3742 ἔχει
3359 3689 3375 3704 ο
3406 3675 3463 3727 τὸ
3488 3675 3563 3736 δὲ.

2003 3761 2370 3824 ι’νωατικὸς,
2418 3760 2450 3830 ἢ
2501 3763 2630 3828 περὶ
2676 3760 2771 3812 τοῦ
2821 3760 3247 3826 καταξιωθέντος
3296 3765 3564 3832 γνώσεως.

2004 3851 2096 3906 Ἐν
2135 3838 2451 3922 κειδαλαίοις
2495 3851 2551 3904 δὲ
2591 3847 2744 3916 οὗτος
2790 3854 3129 3924 πεντήκοντα
3169 3857 3269 3926 τὴν
3307 3858 3565 3926 διαίρεσιν

2004 3943 2136 4013 ἔχει.
2171 3945 2280 3996 Καὶ
2305 3943 2435 3998 ἄλλο
2461 3945 2518 3996 δὲ
2551 3944 2755 4013 βιϐλίον
2785 3949 3103 4015 συνεγράφη
3132 3948 3301 4016 αὐτῷ,
3330 3949 3359 4001 ὃ
3389 3951 3566 4022 ἀντίρ-

2006 4039 2165 4106 ρησιν
2198 4035 2311 4105 ἔχει
2353 4037 2487 4104 πρὸς
2520 4036 2644 4098 τοὺς
2681 4037 3042 4104 πειράζοντας
3075 4037 3354 4107 δαίμονας.
3395 4040 3564 4093 Ὀκτὼ

2002 4127 2060 4180 δὲ
2098 4127 2386 4197 διαιρεῖται
2420 4128 2531 4188 τοῖς
2564 4127 2852 4195 τμήμασι,
2898 4129 3038 4180 κατᾶ
3071 4128 3160 4180 τὸν
3196 4131 3430 4198 ἀριθμὸν
3462 4134 3564 4185 τῶν

2003 4217 2144 4272 ὀκτὼ
2193 4216 2488 4287 λογισμῶν.
2539 4216 2649 4270 Καὶ
2695 4217 3063 4286 προϐλήματα
3109 4220 3164 4271 δὲ
3214 4200 3560 4275 καταλέλοιπε

2007 4311 2390 4381 προγνωστικὰ
2418 4310 2676 4373 ἑξακόσια
2700 4349 2715 4374 ,
2747 4313 2840 4364 καὶ
2872 4313 3104 4381 στιχήρὰ
3131 4313 3225 4365 δύο
3248 4329 3262 4346 ο
3293 4316 3352 4366 τὸ
3383 4317 3479 4384 μὲν
3505 4316 3562 4367 ἓν

2007 4405 2142 4473 πρὸς
2179 4405 2308 4467 τοὺς
2347 4406 2405 4457 ἐν
2449 4404 2730 4466 κοινοὸξοις
2775 4404 2806 4474 ἢ
2851 4405 2908 4456 ὲν
2951 4404 3219 4468 συνοδίαις
3252 4407 3418 4470 ὄντας
3460 4409 3561 4460 τῶν

2007 4496 2297 4566 μοναχῶνο
2345 4495 2404 4546 τὸ
2453 4493 2498 4546 δ’
2529 4495 2714 4562 ἕτερον
2763 4495 2897 4563 πρὸς
2951 4497 3248 4564 παρθενίαν
3295 4499 3558 4561 ἀσκούσας

2005 4589 2336 4658 προσφωνεῖ.
2379 4586 2670 4654 Θαυμάσια
2713 4585 2771 4640 δὲ
2820 4589 3019 4650 πάντα,
3066 4591 3159 4640 καὶ
3201 4592 3432 4659 νοήμασι
3474 4593 3559 4642 aut

2005 4682 2201 4750 φράσει
2249 4682 2419 4750 μεστῇ
2466 4680 2523 4732 τὸ
2571 4679 2855 4746 ἐπαγωγὸν
2899 4681 3260 4748 ὲπαυχοῡντα.
3312 4686 3415 4734 Ιϊαί
3456 4677 3558 4742 οἷος

2003 4775 2224 4839 γέγονεν
2258 4773 2286 4823 ὁ
2317 4771 2484 4840 ἀνὴρ,
2519 4774 2546 4823 ὁ
2581 4769 2786 4832 τούτοις
2821 4770 3059 4840 ἐντυχὼν
3095 4773 3324 4827 εἴσεται.
3358 4775 3558 4842 Χρήναι

2004 4864 2047 4916 δ’
2074 4865 2310 4934 ήγοῦμαι
2343 4864 2438 4915 καὶ
2467 4865 2530 4915 ἐκ
2561 4864 2665 4914 τῶν
2685 4864 2904 4916 ἐκείνου
2937 4862 3145 4934 βραχέα
3176 4868 3239 4932 τῇ
3275 4865 3558 4933 συγγραφῇ

2007 4956 2340 5024 παραδοῦναι
2368 4993 2384 5020 ,
2420 4958 2516 5007 καὶ
2554 4955 2754 5024 μᾶλλον
2786 4955 2820 5007 ἃ
2855 4956 2984 5024 περὶ
3021 4957 3272 5025 μοναχών
3303 4957 3410 5021 διεξ
3443 4972 3558 5024 pls-

2005 5065 2098 5100 ται
2123 5064 2134 5077 ·
2167 5041 2266 5101 ὧδε
2298 5048 2404 5116 γὰρ
2435 5049 2574 5098 κατὰ
2607 5047 2758 5115 ῥῆμα
2789 5049 2976 5114 φησίν.
3372 5034 3384 5046 ’

337 5144 618 5213 giuitatem
654 5142 864 5205 colunt,
898 5141 1362 5196 sanctimoniales.
1385 5141 1580 5192 Omnia
1605 5155 1732 5192 vero
1795 5140 1998 5208 scripta
2061 5141 2180 5209 ejus
2233 5138 2553 5192 admiranda
2581 5148 2728 5202 sunt,
2791 5150 2847 5193 et
2875 5140 3158 5192 sententiis
3184 5150 3237 5194 et
3259 5140 3557 5193 elocutione

337 5236 405 5288 ad
455 5235 895 5304 persuadendum
933 5250 1158 5304 prorsus
1195 5234 1630 5288 accommodata.
1665 5235 1730 5288 Et
1763 5215 1856 5302 qui
1897 5250 1957 5287 ea
1997 5235 2158 5302 lcgcl,
2202 5235 2380 5303 qualis
2423 5235 2469 5287 is
2493 5235 2575 5286 vir
2642 5233 2826 5296 luerit,
2859 5245 3170 5302 cognoscet.
3217 5233 3376 5302 198
3409 5233 3561 5286 Pero-

340 5353 442 5406 pus
471 5345 654 5390 autem
680 5351 800 5388 esse
821 5343 976 5402 puto,
1005 5335 1238 5386 breviter
1307 5333 1552 5402 quaedam
1615 5347 1680 5384 ex
1738 5333 1857 5402 ejus
1915 5331 2175 5400 operibus
2233 5333 2288 5384 in
2335 5330 2619 5384 historiam
2669 5330 2808 5384 hanc
2863 5331 3103 5387 inserere
3149 5333 3248 5401 (5),
3300 5342 3458 5403 atque
3507 5329 3560 5384 in

341 5431 531 5500 primis
557 5444 676 5496 quae
715 5427 782 5481 de
816 5427 1101 5480 monachis
1131 5437 1546 5490 commemorat,
1586 5427 1732 5478 hisce
1772 5425 2166 5494 propemodum
2201 5425 2402 5479 verbis,

2081 5597 2156 5664 (ἓ)
2197 5596 2320 5647 Ἐπὶ
2353 5595 2450 5664 τῆς
2482 5597 2746 5664 ἐχομένης
2777 5595 3078 5664 βασιλείας.

411 5602 487 5667 (li
521 5601 656 5655 Cum
675 5601 792 5666 ipso
811 5598 1070 5667 Gregorio
1102 5596 1443 5650 Naxianzeno
1461 5613 1585 5650 cuin
1610 5597 1898 5667 :Egyptuin

2084 5668 2159 5735 ᾧ)
2195 5665 2402 5719 Socrat.
2436 5672 2556 5720 cod.
2595 5682 2715 5736 cap.
2748 5667 2836 5722 22>.

340 5672 583 5741 petitﬂc,
619 5670 809 5722 scribit
840 5671 993 5722 Socr.
1027 5669 1126 5721 lib.
1163 5686 1233 5731 iv,
1268 5687 1386 5735 cap.
1417 5669 1507 5722 ⁸25.

517 5803 585 5866 εδ
