3936 6206
199 247 415 321 ’723

1495 252 1915 319 ΝίίῖΕΡΠΟΠῐ
1960 254 2305 318 CALHSTI

3447 261 3556 328 7525.

293 357 494 426 natura
530 369 1057 446 virtutem,cjusquc
1085 372 1315 428 formam
1339 376 1395 429 in
1427 377 1624 428 animae
1649 373 1860 428 viribus

1989 386 2155 426 ›υκεν.
2188 374 2380 436 ’Ἄλλος
2407 375 2462 426 δέ
2491 391 2572 436 τις
2607 373 2715 426 τῶν
2751 370 3027 446 μοναχῶν,
3065 373 3167 428 ,ιιά
3205 375 3367 429 τοῦτο
3401 394 3557 445 περε-

294 462 547 535 elligiari.
598 467 733 521 Nam
778 476 834 521 et
877 468 1060 522 lumen
1090 467 1222 522 solis
1251 469 1328 521 ait
1351 468 1470 522 sine
1503 467 1674 521 forma
1701 482 1824 522 esse
1851 483 1865 519 :

297 547 531 610 formam
567 565 748 611 autem
799 558 851 611 id
883 559 1147 626 recipere,
1195 573 1291 627 per
1311 573 1450 628 quas
1500 567 1770 627 penetrat,
1798 556 1874 612 fe-

299 646 523 699 nestris.
571 647 722 700 Alius
763 646 984 714 quidam
1035 647 1374 700 monachus:
1413 648 1734 715 Propterea,
1785 648 1871 700 in-

299 736 441 802 quit,
472 737 779 804 voluptates
824 737 956 790 mihi
1011 737 1275 791 subtraho
1298 778 1313 802 ,
1346 748 1406 792 ut
1431 738 1525 792 ira:
1554 752 1775 794 causam
1817 746 1873 791 et

302 829 644 882 occasionem
683 829 998 896 praecidam.
1063 829 1191 885 Scio
1251 831 1398 885 enim
1458 831 1606 886 illam
1657 845 1874 900 semper

303 927 526 986 propter
572 919 882 988 voluptates
930 922 1256 990 oppugnari,
1285 934 1636 991 mentemque
1695 936 1872 976 meam

301 1006 651 1074 perturbare,
678 1018 735 1062 et
758 1011 1128 1080 cognitionem
1169 1012 1339 1079 ipsam
1371 1012 1579 1084 fugare.
1614 1012 1691 1068 Ex
1723 1013 1871 1066 seni-

300 1094 404 1153 bus
449 1100 612 1154 etiam
666 1103 888 1170 quidam
945 1103 1105 1171 dixit,
1157 1105 1491 1160 Cbaritatem
1535 1105 1786 1159 ciborum
1819 1113 1877 1159 et

302 1191 658 1256 pecuniarum
722 1193 1037 1264 depositum
1094 1185 1315 1253 servare
1381 1198 1620 1252 nescire.
1678 1196 1870 1252 Idem:

303 1284 422 1342 Non
447 1285 584 1350 scio,
619 1285 817 1355 inquit,
846 1287 1034 1343 eadem
1074 1289 1128 1343 in
1166 1303 1226 1344 re
1246 1291 1330 1345 bis
1363 1305 1393 1344 a
1426 1289 1766 1344 daemonibus
1786 1303 1874 1344 me

304 1375 594 1445 deceptum
627 1393 769 1433 esse.
821 1377 944 1433 llaec
998 1380 1066 1434 ad
1100 1381 1326 1434 verbum
1379 1380 1662 1451 Evagrins.
1705 1381 1757 1434 in
1807 1395 1876 1435 eo

306 1468 452 1521 libro
502 1484 664 1537 quem
719 1469 1026 1525 Practicum
1083 1472 1384 1542 inscripsit,
1442 1471 1876 1541 exposuit.Qu:e

307 1568 441 1612 vero
473 1559 640 1614 etiam
679 1562 732 1615 in
762 1562 1017 1620 Gnostico
1041 1581 1144 1619 suo
1173 1566 1316 1620 dicat
1343 1608 1357 1630 ,
1391 1566 1699 1620 audiamus.
1731 1565 1878 1632 Qua-

309 1659 436 1703 tuor
487 1651 757 1720 virtutes,
801 1669 1104 1726 earumque
1148 1658 1617 1712 considerationes
1655 1673 1797 1722 esse,
1844 1672 1874 1711 a

1974 464 2114 533 αιρῶ
2134 464 2232 527 τὰς
2267 466 2481 534 ἡδονὰς,
2515 466 2644 536 ἔφη,
2679 468 2764 519 ἵνα
2795 468 2898 530 τὰς
2929 468 3024 520 τοῦ
3053 465 3228 535 θυμοῦ
3278 467 3558 536 περικόψω

1973 559 2276 627 προφάσεις
2309 575 2324 590 ο
2357 554 2474 612 οἶδα
2497 561 2608 631 γὰρ
2629 562 2794 613 αύτδν
2828 563 2916 614 ἀεὶ
2946 560 3260 629 μαχόμενον
3283 560 3424 629 ὑπὲρ
3449 561 3559 612 τῶν

1973 650 2198 717 ἡδονῶν,
2247 653 2344 703 καὶ
2386 653 2793 721 ἐκταράσσοντά
2844 668 2950 721 μου
2998 653 3100 721 τὸν,
3128 651 3275 713 νοῦν,
3322 652 3420 704 καὶ
3462 650 3560 718 τὴν

1972 741 2178 808 γνῶσιν
2201 741 2599 797 ἁποδὶώκοντι.
2639 744 2834 811 Ἔλεγε
2862 744 2920 796 δέ
2969 756 3055 803 τις
3093 743 3204 797 τῶν
3263 744 3562 812 γερόντων,

1972 834 2055 886 ὅτι
2097 833 2162 887 Ἢ
2197 837 2386 903 ἀγάπη
2434 835 2766 905 παραθήκας
2820 835 3130 905 βρωμάτων
3167 835 3208 905 ἢ
3261 834 3564 904 χρημάτων

1973 931 2162 997 τηρεῖν
2190 930 2291 980 ούκ
2324 929 2635 982 ἐπίσταται.
2677 927 2739 983 ’0
2767 928 2825 981 δὲ
2864 929 3051 994 αὐτὸς,
3087 927 3206 986 υύκ,
3255 923 3400 988 οἶδα,
3454 943 3562 994 φη·

1976 1019 2082 1079 σὶν,
2111 1021 2190 1081 είς
2235 1019 2431 1070 ταυτὸν
2462 1019 2543 1077 δὶς
2601 1018 2708 1071 ὑπὸ
2760 1018 3032 1088 δαιμόνων
3081 1017 3407 1088 ἀπατηθείς.
3477 1017 3566 1068 Ἐν

1980 1107 2081 1176 μὲν
2111 1107 2206 1158 οὖν
2237 1107 2314 1177 τῷ
2347 1107 2821 1178 ἐπιγεγραμμένῳ
2853 1107 3020 1173 αὑτοῦ
3049 1106 3363 1176 Πρακτικῷ
3387 1105 3567 1159 ταῦτα

1975 1199 2118 1252 κατὰ
2149 1199 2296 1276 λέξιν
2317 1201 2482 1268 φησὶν
2505 1200 2776 1266 Εὑάγριος
2799 1217 2814 1231 ·
2867 1195 2954 1253 οἷα
2981 1201 3041 1254 δὲ
3069 1202 3167 1253 καὶ
3199 1203 3259 1254 ὲν
3286 1200 3367 1269 τῷ
3397 1203 3566 1254 Γνω-

1975 1291 2164 1357 στικῷ
2221 1293 2390 1346 αὐτοῦ
2461 1294 2751 1360 διέξεισιν,
2809 1293 3198 1362 ἀκουσὼμεθα.
3276 1293 3566 1360 Τέσσαρας

1975 1382 2178 1452 ἀρετὰς
2222 1386 2317 1437 καὶ
2364 1385 2462 1446 τὰς
2497 1385 2732 1454 θεωρίας
2783 1383 2949 1439 αὐτοῦ
2992 1385 3145 1455 παρὰ
3194 1385 3290 1438 τοῦ
3349 1385 3567 1438 δικαίου

1975 1473 2278 1542 Γρηγορίου
2303 1475 2700 1546 μεμαθήκαμεν
2722 1473 2895 1530 εἶναι’
2920 1475 3184 1546 φρόνησιν
3209 1478 3306 1529 καὶ
3321 1476 3569 1548 ἀνδρίαν,

1987 1567 2351 1635 σωφροσύνην
2387 1567 2483 1619 καὶ
2513 1568 2882 1637 δικαιοσύνην.
2938 1569 3049 1622 Καὶ
3100 1569 3420 1638 φρονήσεως
3468 1569 3570 1635 μὲν

1981 1656 2140 1724 ἔργον
2166 1657 2350 1726 ἔλεγεν
2372 1653 2509 1711 εἶναι
2539 1659 2598 1711 τὸ
2620 1659 2850 1730 θεωρεῖν
2875 1660 2974 1721 τὰς
3017 1661 3211 1730 νοερᾶς
3255 1661 3353 1713 καὶ
3401 1661 3568 1728 ἁγίας

308 1741 462 1796 Justo
499 1740 766 1814 Gregorio
808 1723 1100 1802 didicimus
1132 1765 1148 1804 :
1200 1749 1571 1818 prudentiam,
1600 1750 1880 1805 fortitudi-

1989 1723 2239 1818 δυνάμεις
2265 1723 2382 1818 δίχα
2414 1749 2524 1802 τῶν
2543 1750 2718 1818 λόγων
2735 1723 2768 1782 ὀ
2800 1751 3024 1814 τούτους
3055 1723 3164 1820 γάρ
3199 1751 3306 1804 ύπδ
3327 1752 3431 1820 τῆς
3453 1723 3466 1728 ﬁ
3484 1768 3571 1805 ao-

307 1849 456 1894 nem.
512 1840 955 1905 temperantiam,
1009 1849 1066 1895 et
1120 1841 1408 1911 justitiam.
1461 1843 1528 1897 Et
1580 1842 1883 1912 prudentim

308 1927 529 1992 quidem
563 1929 802 1984 cilicium
829 1947 949 1986 esse
981 1931 1027 1987 is
1056 1933 1214 1999 dixit,
1257 1934 1609 1990 considerare
1649 1945 1705 1990 et
1747 1951 1882 1990 cou-

311 2020 584 2083 templari,
632 2023 812 2076 verbis
859 2040 966 2078 non
999 2025 1288 2092 adhibitis,
1335 2038 1553 2083 sanctas
1583 2038 1641 2083 et
1669 2029 1882 2082 intelle-

310 2111 518 2166 ctuales
543 2120 863 2181 potestates.
915 2113 1022 2169 Has
1075 2131 1310 2188 namque
1337 2135 1365 2172 a
1393 2119 1658 2189 sapientia
1703 2121 1882 2173 mani-

310 2205 496 2259 f-stari
525 2207 767 2264 tradidit.
809 2209 1170 2266 Fortitudinis
1204 2223 1385 2267 autem
1429 2214 1482 2267 in
1527 2216 1758 2268 veritate
1791 2229 1884 2282 ep-

309 2299 479 2368 gnita,
541 2301 759 2356 etiamsi
810 2302 1013 2358 bellum
1043 2314 1098 2359 et
1147 2306 1442 2361 discrimen
1487 2308 1583 2361 tibi
1639 2319 1882 2377 paretur,

310 2403 624 2448 Constanter
656 2411 1029 2464 perseverare,
1080 2415 1257 2469 neque
1296 2400 1362 2455 ad
1389 2416 1476 2456 res
1523 2401 1683 2456 falsas
1711 2412 1886 2456 trans-

313 2484 414 2538 ire.
446 2484 843 2554 Temperantia:
873 2504 1036 2558 porro
1083 2493 1288 2546 semina
1358 2508 1385 2546 a
1427 2495 1604 2562 primo
1647 2495 1883 2565 agricola

308 2577 452 2646 jiacta
485 2579 749 2648 recipere.
787 2590 1060 2651 posteram
1097 2594 1280 2639 autem
1306 2595 1362 2641 et
1387 2589 1572 2641 furtim
1608 2604 1881 2657 aspersam

313 2671 382 2722 nl)
437 2668 759 2726 adrersario
815 2685 1113 2730 sementem
1161 2676 1410 2747 rejicere.
1461 2680 1624 2749 200
1654 2679 1885 2737 Justitiae

313 2771 466 2834 Vero,
495 2763 654 2832 juxta
683 2763 1021 2834 dignitatem“
1053 2778 1110 2823 et
1144 2771 1588 2826 commoditatem
1615 2773 1884 2842 cujusque

315 2855 618 2909 orationem
673 2866 1060 2927 attemperarc,
1100 2861 1185 2915 vel
1216 2863 1449 2916 obscure
1483 2865 1881 2930 annuntiando,

313 2948 400 3001 vel
432 2961 530 3017 per
561 2950 846 3020 aenigmata
864 2961 918 3005 et
942 2953 1196 3024 ambages
1217 2954 1694 3025 significando,vel
1719 2959 1885 3014 etiam

319 3049 511 3108 aperte
529 3041 842 3105 indicando,
863 3043 930 3097 ad
948 3045 1340 3116 simpliciorum
1366 3050 1653 3104 utilitatem
1685 3061 1740 3106 et
1760 3068 1885 3122 pro-

316 3130 544 3184 fectum.
566 3131 820 3188 Veritatis
843 3145 1023 3189 autem
1049 3136 1301 3191 columna
1333 3137 1564 3194 Basilius
1597 3139 1891 3210 Cappadox

318 3222 456 3278 dixit
483 3241 502 3286 ;
525 3221 903 3295 COgnitionem
923 3243 1019 3283 seu
1040 3229 1318 3284 scientiam
1343 3244 1464 3301 quae
1488 3233 1556 3287 ab
1577 3233 1892 3289 hominibus

317 3319 594 3387 provenit,
611 3320 871 3376 continua
895 3324 1176 3378 meditatio
1203 3333 1257 3379 et
1274 3327 1592 3380 exercitium
1618 3328 1851 3399 adauget
1873 3346 1888 3386 :

317 3428 438 3466 eam
470 3423 654 3468 autem
685 3429 804 3484 qua
845 3416 1014 3485 gratia
1046 3415 1141 3470 Dei
1173 3418 1465 3488 contingit,
1493 3418 1704 3489 justitia
1731 3460 1745 3484 ,
1779 3420 1894 3489 pla-

320 3505 568 3561 eabilitas
603 3507 696 3562 ira:
724 3523 916 3577 expers
943 3549 957 3570 ,
1011 3520 1066 3563 et
1097 3509 1526 3584 misericordia.~
1555 3510 1621 3565 Et
1652 3512 1890 3580 priorem

320 3598 466 3652 illam
490 3641 505 3665 ,
537 3600 702 3654 etiam
739 3602 834 3669 qui
869 3599 1251 3658 aﬁ‘ectionibns
1291 3602 1513 3658 obnoxii
1562 3614 1711 3670 sunt,
1752 3605 1896 3659 obti-

319 3707 453 3746 nere
487 3701 746 3760 possunt;
784 3693 1143 3762 posteriorem
1179 3711 1330 3761 vero,
1362 3697 1453 3765 qui
1490 3697 1558 3750 ab
1588 3697 1894 3752 affectioni-

323 3784 426 3835 lius
451 3783 615 3838 alieni
648 3795 796 3848 sunt,
830 3792 1038 3840 tantum
1071 3787 1430 3858 perspiciunt.
1462 3789 1554 3859 qui
1581 3790 1746 3844 etiam
1772 3805 1898 3860 pre-

321 3876 556 3931 cationis
623 3887 868 3948 tempore
933 3883 1134 3935 mentis
1202 3896 1315 3934 suae
1383 3882 1558 3936 lucem
1628 3897 1722 3936 eos
1789 3885 1892 3936 cir-

321 3969 748 4039 cumfulgeutem
813 3971 1020 4026 vident.
1075 3971 1191 4026 Lux
1252 3973 1344 4026 illa
1386 3971 1606 4043 ὥρῃ)ῑὶ
1673 3983 1896 4028 sanctus

322 4063 658 4118 Athanasius
696 4083 710 4120 :
740 4063 1005 4130 Mensam,
1051 4064 1249 4134 inquit,
1283 4063 1460 4119 Moses
1489 4047 1570 4116 ad.
1609 4064 1892 4123 Borealem

322 4167 535 4227 partem
561 4165 802 4210 statuere
819 4157 1004 4226 jussit.
1025 4156 1210 4211 Sciant
1237 4156 1404 4226 igitur
1423 4156 1692 4220 Gnostici,
1720 4167 1775 4211 et
1799 4157 1892 4225 qui

325 4251 570 4305 scientia:
587 4263 684 4303 seu
706 4250 1150 4318 contemplationi
1175 4263 1400 4318 operam
1426 4259 1649 4316 navant,
1672 4252 1892 4320 quinam

326 4343 589 4396 adversus
646 4355 743 4394 eos
788 4340 1136 4396 adversarius
1184 4342 1374 4410 spirct,
1411 4350 1468 4397 et
1532 4344 1889 4398 tentationem

326 4448 543 4487 onmem
595 4445 790 4502 magno
831 4431 1137 4486 sustineant
1182 4431 1405 4496 animo,
1452 4439 1615 4502 atque
1643 4433 1896 4489 alacriter

326 4527 393 4579 ad
425 4540 483 4580 se
508 4524 790 4579 venientes
821 4523 1094 4580 alimentis
1129 4523 1366 4578 foveant.
1401 4523 1784 4579 Tlimuitarum
1809 4541 1899 4582 ec-

325 4619 503 4673 clesiae
540 4615 765 4686 angelus
805 4616 894 4670 ille
955 4614 1218 4685 Serapion
1252 4615 1408 4681 dixit,
1451 4630 1692 4671 tuentem
1732 4615 1899 4688 spiri-

326 4710 462 4764 tuali
499 4709 808 4778 cognitione
839 4717 894 4764 et
916 4707 1145 4763 scientia
1185 4707 1448 4763 imbutam
1484 4708 1726 4778 perfecte
1759 4725 1898 4779 pur-

326 4803 474 4872 gari;
512 4801 856 4864 eharitatem,
912 4799 1253 4854 ﬂammantes
1291 4800 1385 4854 ira:
1433 4811 1618 4870 partes
1664 4817 1894 4868 curare;

329 4894 748 4962 temperantiam
784 4901 969 4948 autem
1002 4929 1018 4956 ,
1057 4892 1341 4947 amuentes
1374 4893 1540 4947 malas
1574 4891 1902 4963 cupiditates

327 4998 384 5040 et
409 4987 664 5040 libidines
690 4988 902 5040 sistere.
935 4985 1010 5039 De
1045 4985 1387 5053 providentia
1421 4993 1477 5038 et
1524 4985 1728 5054 judicio
1754 5001 1898 5040 sem-

327 5095 431 5150 per
479 5088 654 5133 tecum
713 5079 831 5147 ipse
878 5077 1116 5131 rationes
1168 5072 1381 5144 rep'uta,
1450 5091 1676 5145 magnus
1705 5076 1795 5131 ille
1847 5087 1902 5132 et

333 5169 529 5220 doctus
579 5165 773 5220 doctor
824 5164 1083 5233 Didymus
1139 5165 1250 5226 ait,
1288 5180 1585 5234 earumque
1620 5167 1900 5220 materiam

332 5257 415 5311 fac
451 5268 628 5312 tecum
681 5257 735 5311 in
793 5256 1051 5310 memoria
1083 5255 1475 5321 circumferas;
1534 5273 1658 5310 nam
1701 5273 1891 5314 omnes

1986 1837 2112 1906 φίας
2144 1837 2434 1906 δηλοῦσθαι
2465 1841 2856 1908 παραδέδωκεν
2893 1855 2908 1868 ·
2943 1841 3166 1910 ἀνδρίας
3196 1839 3252 1892 δὲ
3274 1839 3336 1892 τὸ
3363 1841 3571 1910 ἐγκαρ-

1984 1929 2161 1998 τερεῇν
2190 1931 2303 1993 τοῖς
2333 1929 2517 1993 ἄθλοις
2543 1934 2635 1983 καὶ
2659 1930 3082 2000 πολεμούμενον,
3133 1932 3229 1984 καὶ
3263 1932 3342 2000 μὴ
3390 1930 3572 1999 ἐμϐα·

1984 2021 2163 2075 τεύειν
2192 2024 2272 2084 είς
2305 2023 2374 2075 τὰ
2407 2023 2482 2091 μὴ
2508 2022 2655 2077 ὅντα.
2717 2024 2826 2076 Καὶ
2867 2023 2928 2075 τὸ
2977 2023 3132 2093 παρᾶ
3185 2022 3281 2076 τοῦ
3343 2023 3570 2093 πρώτου

1984 2115 2237 2185 γεωργοῦ
2293 2115 2544 2186 δέχεσθαι
2602 2117 2848 2186 σπέρμα,
2908 2115 3003 2168 καὶ
3070 2115 3414 2169 ἀπωθεῖσθαι
3472 2116 3574 2168 τίν

1985 2207 2311 2276 ὲπισπορέα,
2350 2207 2451 2274 τῆς
2489 2207 2844 2276 σωφροσύνης
2873 2207 3004 2260 ἴδιον
3027 2207 3367 2277 ἀπεκρίνατο
3402 2200 3571 2261 εἶναι.

1987 2300 2350 2368 Δικαιοσύνης
2376 2299 2431 2350 δὲ
2459 2298 2624 2351 πάλιν
2646 2298 2708 2351 τὸ
2739 2299 2862 2350 κατ’
2914 2297 3070 2363 ἀξίαν
3123 2299 3354 2352 ἑκάστου
3407 2299 3574 2365 λόγον

1985 2391 2318 2454 ἀποδιδόναι,
2350 2390 2418 2443 τά
2475 2391 2575 2460 μὲν
2635 2391 2926 2453 σκοτεινῶς
2969 2390 3446 2458 ἀπαγγέλλουσαν,
3499 2390 3576 2442 τὰ

1985 2483 2043 2536 δὲ
2071 2482 2137 2534 Et’
2167 2481 2508 2552 αἰνιγμάτων
2539 2483 2940 2552 σημαίνουσαν,
2989 2482 3110 2534 τινὰ
3137 2483 3194 2534 δὲ
3258 2483 3357 2536 καὶ
3406 2499 3576 2551 φανε-

1991 2574 2188 2642 ροῦσαν
2216 2575 2346 2639 πρὸς
2372 2573 2637 2642 ὠφέλειαν
2667 2575 2776 2626 τῶν
2825 2575 3236 2643 ἁπλουστέρων.
3270 2574 3383 2643 Τῆς
3438 2576 3578 2642 ἀλη-

1990 2667 2138 2728 θείας
2172 2669 2198 2718 ό
2230 2665 2422 2728 στύλος
2451 2667 2479 2720 ό
2535 2665 2908 2736 Καππαδόκης
2955 2667 3259 2728 Βασίλειος,
3303 2667 3418 2735 Τὴν
3473 2666 3557 2718 ἀπ

1987 2759 2083 2812 ἀνθ
2093 2760 2313 2830 ρώπων,
2334 2775 2408 2829 φη
2418 2759 2522 2820 σίν,
2543 2759 3048 2829 ὲπισυμὸαίνουσαν
3070 2758 3274 2825 γνῶσιν
3294 2757 3576 2827 προσεχὴς

1992 2851 2188 2922 μελέτη
2214 2853 2308 2905 καὶ⁸
2329 2851 2634 2922 γυμνάσιον
2682 2851 2974 2921 κρείσσονα
3004 2853 3152 2904 ποιεῖ
3189 2865 3203 2878 ·
3255 2851 3354 2919 τήν
3401 2849 3458 2902 δὲ
3505 2851 3572 2902 ἐκ

1989 2944 2126 2998 Θεοῦ
2150 2946 2371 3015 χάριτος
2397 2945 2755 3014 ὲγγινομένην
2808 2945 3126 3019 δικαιοσύνη
3161 2944 3256 2997 καὶ
3295 2945 3574 3013 ἀοργησία

1914 3055 1957 3113 c
1993 3038 2085 3090 καὶ
2117 3025 2287 3099 ἔλεος.
2327 3036 2436 3089 Καὶ
2458 3036 2556 3106 τὴν
2590 3036 2688 3106 μὲν
2722 3036 3001 3106 προτέραν
3041 3036 3268 3088 δυνατὸν
3297 3036 3395 3089 καὶ
3443 3036 3574 3098 τοὺς

1992 3129 2260 3200 ἐμπαθεῖς
2280 3130 2641 3199 ὑποδέχεσθαι
2673 3145 2688 3160 ·
2719 3113 2908 3198 τῆςδὲ
2937 3129 3194 3199 δευτέρας
3243 3129 3294 3181 οἱ
3335 3129 3571 3191 ἀπαθεῖς

1995 3223 2272 3292 μόνοιείσὶ
2299 3221 2538 3274 δεκτικοί
2577 3236 2594 3254 ο
2629 3221 2679 3273 οἳ
2739 3223 2835 3274 καὶ
2892 3220 3045 3292 παρὰ
3093 3222 3183 3274 τὸν
3240 3221 3434 3290 καιρὸν
3471 3221 3573 3288 τῆς

1994 3316 2303 3386 προσευχῆς
2330 3315 2390 3366 τδ
2423 3316 2622 3366 οἰκεῖον
2672 3312 2873 3382 φέγγος
2925 3312 3020 3365 τοῦ
3074 3311 3165 3364 νοῦ
3222 3311 3576 3380 περιλάμπον

1994 3407 2192 3469 αὐτοὺς
2229 3404 2516 3475 θεωροῦσι.
2547 3404 2667 3456 Τῶν
2718 3403 3030 3471 Αἰγυπτίων
3066 3405 3094 3455 ό
3126 3405 3281 3470 ἅγιος
3347 3405 3574 3472 φωστὴρ

2007 3497 2485 3566 Ἀθανάσιος,Τὴν
2539 3495 2844 3565 τράπεζαν,
2882 3493 3037 3563 φησὶ,
3088 3492 3330 3561 Μωῦσῆς
3381 3494 3460 3556 εἰς
3513 3492 3574 3543 τὸ

1997 3590 2222 3662 Βόρειον
2249 3591 2413 3661 μέρος
2449 3589 2648 3658 στῆσαι
2686 3587 3008 3657 προσέταξε.
3038 3587 3472 3639 Γινωσκέτωσαν
3522 3587 3572 3637 oi

1996 3683 2296 3736 Γνωστικοὶ
2334 3682 2416 3744 τίς
2446 3683 2474 3734 ό
2500 3681 2677 3733 πνέων
2705 3682 2822 3733 ἐστὶ
2853 3682 2972 3732 κατ’
3005 3679 3206 3743 αὐτῶν,
3239 3679 3334 3731 καὶ
3397 3678 3572 3728 πάντα

1997 3775 2306 3847 πειρασμὸν
2341 3775 2600 3844 γενναίως
2623 3773 3065 3843 ύπομενέτωσαν,
3125 3772 3220 3824 καὶ
3255 3771 3393 3841 μετὰ
3445 3787 3571 3840 προ·

1999 3871 2198 3940 θυμίας
2221 3870 2346 3931 τοὺς
2399 3867 2726 3937 προσιόντας
2776 3870 3148 3937 τρεφέτωσαν.
3202 3864 3402 3933 Ἔλεγε
3447 3864 3504 3916 δὲ
3543 3865 3570 3915 ὁ

1996 3964 2095 4032 τῆς
2123 3960 2406 4031 Θμουῖτῶν
2441 3959 2769 4028 Ἐκκλησίας
2801 3957 3030 4026 ἅγγελος
3085 3955 3395 4026 Σεραπίων,
3427 3957 3508 4008 ὅτι
3545 3956 3574 4008 ὁ

1998 4055 2122 4117 νοῦς
2167 4053 2266 4122 μὲν
2313 4051 2588 4113 πεπωκὼς
2637 4048 3015 4119 πνευματικὴν
3063 4047 3288 4114 γνῶσιν,
3352 4045 3570 4104 τελείως

1996 4147 2358 4217 καθαίρεται·
2389 4145 2578 4214 ἀγάπη
2599 4145 2655 4196 δὲ
2695 4144 2764 4197 τὰ
2816 4143 3225 4212 ’φλεγμαίνοντα
3264 4142 3428 4212 μόρια
3473 4141 3566 4192 τοῦ

1998 4241 2172 4311 θυμοῦ
2198 4237 2490 4310 θεραπεύει
2526 4252 2540 4266 °
2575 4235 2818 4305 πονηρὰς
2848 4235 2904 4287 δὲ
2946 4233 3246 4301 ἐπιθυμίας
3278 4233 3565 4305 ἐπιρρεού-

2002 4348 2100 4393 σας
2128 4330 2341 4398 ἵστησιν
2372 4328 2689 4398 ἐγκράτεια.
2712 4327 2849 4389 Τοὺς
2877 4327 3006 4396 περὶ
3033 4325 3293 4394 προνοίας
3329 4329 3421 4378 καὶ
3451 4324 3565 4394 κρί’

2005 4439 2140 4485 σεως
2168 4419 2308 4473 κατὰ
2333 4421 2530 4472 σαυτὸν
2560 4421 2644 4472 ἀεὶ
2679 4415 2927 4487 γύμναζε
2958 4417 3173 4485 λόγους,
3197 4417 3363 4488 φησὶν
3394 4420 3422 4469 ό
3475 4416 3565 4485 μέ-

2001 4529 2104 4582 γας
2140 4513 2235 4566 καῖ⁹
2255 4513 2554 4582 γνωστικὸς
2584 4511 2904 4574 διδάσκαλος
2933 4510 3167 4577 Δίδυμος
3200 4525 3214 4539 ·
3243 4508 3335 4562 καὶ
3365 4508 3564 4561 τούτων

1998 4581 2096 4669 τὰς
2130 4581 2269 4668 ύλαξ
2297 4605 2383 4656 διὰ
2414 4604 2638 4672 μνήμης
2667 4604 2853 4674 φερειν
2909 4603 3220 4672 πειράθητι.
3295 4602 3562 4660 ’Ἅπαντες
3593 4593 3604 4599 ’

2001 4702 2106 4771 γὰρ
2135 4699 2317 4769 σχεδόν
2345 4699 2401 4748 ἐν
2425 4697 2636 4759 τούτοις
2667 4695 3064 4766 προσπταίουσι
3097 4711 3114 4728 ο
3171 4697 3268 4748 καὶ
3310 4699 3436 4758 τοὺς
3471 4695 3564 4764 μὲν

2002 4795 2128 4863 περὶ
2151 4792 2384 4863 κρίσεως
2418 4791 2609 4859 λόγους
2655 4791 2711 4842 ἐν
2735 4792 2802 4860 τῇ
2859 4790 3091 4859 διαφορᾷ
3148 4792 3258 4842 τῶν
3308 4791 3565 4859 σωμάτων

2001 4885 2097 4939 καὶ
2119 4883 2210 4938 τοῦ
2246 4885 2453 4952 κόσμου
2481 4883 2754 4952 εὑρήσεις,
2785 4883 2911 4944 τοὺς
2944 4882 2998 4934 δὲ
3027 4881 3156 4951 περὶ
3198 4884 3456 4952 προνοίας
3509 4884 3565 4935 ἐν

2000 4980 2109 5037 τοῖς
2130 4976 2352 5045 τρόποις
2373 4975 2484 5036 τοῖς
2517 4974 2621 5027 ἀπὸ
2648 4975 2846 5046 κακίας
2875 4975 2970 5027 καὶ
3021 4977 3300 5042 ἀγνωσίας
3331 4979 3420 5030 ἐπὶ
3471 4978 3563 5040 τὴν

2001 5063 2277 5142 ἀρετὴν,ᾖ
2304 5068 2394 5120 ἐπὶ
2415 5067 2511 5137 τὴν
2532 5068 2733 5136 γνῶσιν
2757 5069 2904 5136 ἡμᾶς
2931 5069 3352 5136 ἐπανάγουσιν.»
3386 5070 3564 5123 Ταῦτα

2007 5161 2105 5231 μὲν
2130 5163 2403 5230 γεύματος
2435 5163 2595 5231 χάριν
2627 5163 2688 5213 ὲκ
2719 5161 2824 5213 τῶν
2858 5159 3132 5229 Εὑαγρίου
3167 5163 3299 5230 ὑμῖν
3335 5165 3565 5234 παρεθέ-

2001 5258 2160 5329 μεθα.

333 5355 451 5409 fere
482 5357 536 5408 in
580 5355 665 5408 his
695 5353 1121 5408 liallucinantur.
1179 5353 1245 5406 Et
1306 5351 1614 5406 doctrinam
1646 5352 1867 5420 quidem
1908 5353 1975 5408 de
2005 5349 2231 5420 judicio,
2292 5347 2345 5401 in
2382 5349 2643 5403 varietate
2683 5363 2998 5417 corporum,
3036 5347 3319 5420 ipsiusque
3348 5334 3562 5414 mundi;

333 5428 399 5501 ale
447 5452 796 5521 providentia
841 5459 1053 5513 autem,
1097 5450 1151 5503 in
1203 5448 1448 5503 moribus
1502 5459 1664 5517 atque
1730 5447 1931 5512 modis,
1971 5450 2063 5516 qui
2124 5463 2225 5499 nos
2271 5461 2299 5497 a
2329 5445 2473 5497 vitiis
2514 5454 2568 5499 et
2608 5445 2910 5514 ignorantia
2947 5445 3015 5498 ad
3051 5447 3318 5501 virtutem
3345 5447 3432 5502 vel
3474 5459 3564 5500 co-

334 5537 632 5616 griitionem
683 5547 914 5610 ducunt,
961 5543 1228 5600 invenies.
1266 5561 1284 5595 ι
1329 5543 1453 5598 llaec
1479 5551 1668 5614 gustus
1727 5552 1936 5597 tantum
1978 5541 2168 5611 gratia,
2197 5556 2261 5595 ex
2297 5541 2508 5609 Evagrii
2543 5540 2764 5610 scriptis
2793 5541 3167 5611 apposu’imus.
