3936 6206
292 374 297 381 ,
397 301 508 365 ΊΞἹ

1620 311 2037 375 NICEPHOBI
2079 251 2434 379 CALLISTE

3521 315 3615 383 ἠε

399 419 571 473 sionis
614 421 679 473 ad
707 420 1007 493 Bosporum
1038 423 1466 496 adduxit,atque
1491 426 1546 478 in
1567 435 1812 496 apertam
1844 441 1971 480 eum

2089 431 2290 484 πευτῶν
2320 432 2498 484 είδότα
2533 431 2848 501 στρατεύειν
2880 450 2893 463 ο
2918 429 3192 485 οὔάλεντα
3220 429 3362 496 λέγω
3388 430 3474 482 τὸν
3511 431 3616 483 ἁλι-

400 511 628 567 tradidit
658 513 1088 585 perniciem,qui
1118 513 1384 571 adversus
1411 516 1589 571 solum
1614 516 1789 571 Deum
1805 525 1971 586 atque

398 600 548 656 illius
564 603 843 658 ministros
860 603 1062 658 bellum
1081 616 1273 674 gerere
1289 614 1517 660 noverat
1538 624 1552 661 :
1568 608 1862 661 exitiosum
1884 607 1972 661 di~

400 708 469 748 eo
487 692 790 750 Valentem.
813 694 867 749 Id
890 696 1167 765 quomodo
1183 697 1256 751 sit
1270 698 1498 763 factum,
1518 697 1612 751 ubi
1632 698 1783 767 prius
1802 713 1972 752 unum

400 786 520 855 eius
548 786 820 841 nefarium
842 786 1025 842 scelus
1051 802 1382 856 exposuero,
1411 787 1683 852 dicam,et
1706 787 1774 842 ad
1807 789 1971 843 linem
2024 813 2031 824 -

400 874 523 944 eius
546 877 879 946 progrediar.
899 879 975 932 Ac
992 878 1061 932 de
1082 879 1164 934 eis
1188 880 1444 949 quijuxta
1465 882 1709 935 ecclesia:
1737 883 1975 936 sanctio-

401 980 499 1021 nes
522 966 891 1037 philosophati
910 978 1059 1034 sunt,
1083 970 1199 1026 hac
1235 986 1334 1040 pro
1359 986 1428 1025 eo
1454 980 1616 1041 atque
1638 972 1815 1041 potui,
1836 970 1971 1028 dixi.

986 1128 1213 1187 CAPUT
1252 1116 1416 1184 XLV.

400 1212 479 1271 De
500 1218 720 1291 interitu
746 1216 993 1291 erecoru
1002 1238 1051 1273 m
1068 1219 1505 1291 idololatrarum,
1524 1231 1737 1291 propter
1756 1218 1975 1275 oracula

469 1289 715 1361 quaedam
736 1288 924 1343 litteris
954 1288 1540 1361 distiuetc‘desiguata,
1571 1288 1725 1345 initio
1755 1292 1894 1361 facta
1939 1308 1973 1345 a

472 1358 649 1411 littera
676 1360 705 1412 θ
743 1376 902 1428 usque
926 1360 994 1412 ad
1032 1360 1079 1411 δ.
1120 1359 1192 1411 De
1225 1358 1571 1423 astronomia,
1609 1371 1658 1413 et
1690 1358 1972 1415 Themistio

473 1428 776 1497 philosopho
810 1442 829 1480 :
856 1439 903 1480 et
936 1431 1123 1497 quibus
1154 1431 1199 1482 is
1245 1431 1409 1482 verbis
1445 1429 1708 1485 Valentem
1742 1430 1970 1495 lenierit,

473 1507 529 1550 ut
552 1498 618 1550 de
641 1500 1000 1564 persecutione
1031 1498 1275 1552 nonnihil
1312 1502 1619 1555 remitteret.

476 1677 581 1744 Qui
606 1693 738 1733 vero
761 1666 1005 1734 Graecam
1034 1679 1477 1748 superstitionem
1502 1681 1890 1750 sequebamur,
1918 1688 1971 1734 ct

2076 523 2284 594 τήριον.
2338 524 2527 589 Ὅπως
2569 525 2627 578 δὲ
2679 526 2871 593 γέγονε
2902 564 2915 583 .
2975 509 3106 591 μίαν
3149 522 3314 575 αὐτοῦ
3374 521 3615 590 πρότερον

2074 612 2456 681 ἁνοσιουργίαν
2476 612 2665 675 είπὼν,
2685 613 2777 666 ἐπὶ
2804 613 2863 665 τὸ
2894 612 3044 673 τέλος
3104 610 3271 665 αὑτοῦ
3326 609 3614 680 βαδιοῦμαι.

2076 704 2212 773 Περὶ
2243 703 2342 773 μὲν
2369 704 2460 758 οὖν
2518 704 2629 757 τῶν
2670 705 2810 759 κατὰ
2860 704 2985 766 τοὺς
3032 703 3358 772 Ἐκκλησίας
3406 704 3617 770 θεσμοὺς

2075 795 2559 867 φιλοσοφησάντων
2578 798 2664 868 ἐφ’
2691 797 2817 850 ὅσον
2841 814 2932 866 μοι
2988 796 3212 850 δυνατὸν
3246 792 3475 849 τοσαῦτα
3525 795 3619 847 διέ-

2075 880 2259 944 λαῆον,

2642 1136 2687 1192 Κ
2700 1138 2895 1194 ΕΦΑΛ.
2941 1136 3080 1194 ME'.

2075 1200 2215 1296 ἠερί
2240 1229 2353 1296 τῆς
2389 1230 2693 1297 ἀπωλείας
2746 1231 2862 1284 τῶν
2901 1230 3319 1298 Ἑλληνιστῶν
3379 1228 3472 1281 διὰ
3520 1231 3621 1294 τὴν

2142 1302 2342 1353 αἰτίαν
2368 1300 2488 1352 τῶν
2515 1302 2925 1355 καταστίκτων
2974 1303 3280 1368 γράμμασι
3324 1298 3612 1367 χρησμῶν,

2144 1370 2493 1439 ἀρχομένων
2528 1372 2648 1425 ἀπὸ
2686 1371 2793 1425 τοῦ
2836 1374 2871 1425 θ
2901 1373 3208 1439 στοιχείου
3242 1370 3377 1437 ἄχρι
3412 1369 3519 1439 τοῦ
3551 1368 3612 1419 δ·
3719 1392 3728 1407 ο

2145 1440 2243 1493 καὶ
2273 1438 2406 1506 περὶ
2434 1442 2821 1510 φιλοσοφίας,
2853 1442 2948 1494 καὶ
2983 1438 3303 1510 Θεμιστίου
3334 1438 3437 1491 τοῦ
3470 1441 3620 1510 φιλο-

2144 1505 2364 1577 σόφουζ
2422 1505 2528 1564 Οἷα
2584 1505 2787 1575 οὗτος(
2825 1505 3011 1563 εἰπὼν
3057 1505 3388 1571 bald/terte,
3428 1508 3626 1577 μικρὸν

2142 1579 2379 1633 ἐκεῖνον
2404 1582 2512 1634 τοῦ
2537 1579 2775 1634 διώκειν
2804 1580 3093 1649 ἀνέσχεν.

2145 1693 2267 1747 Τῶν
2292 1692 2338 1747 δ’
2372 1692 2734 1763 Ἑλληνιστῶν
2794 1691 3018 1746 καὶτῶν
3042 1693 3159 1745 ὅσοι
3200 1690 3402 1760 γένους
3454 1690 3630 1758 ἐπεσήι-

402 1771 498 1840 qui
533 1771 806 1827 natalibus
835 1772 1082 1841 praeclari
1109 1781 1289 1837 erant,
1321 1772 1434 1827 fere
1459 1773 1622 1828 talem
1654 1775 1724 1828 ob
1754 1787 1971 1828 causam

2089 1804 2184 1857 μου
2238 1781 2381 1856 ἦσαν
2415 1825 2431 1850 ,
2489 1785 2675 1856 σχεδὸν
2733 1784 3144 1853 διεφθάρησαν,
3200 1783 3382 1835 αίτέαν
3433 1781 3630 1851 σχόντες

402 1867 693 1924 interiere.
736 1867 839 1934 Qui
879 1868 1025 1922 inter
1076 1882 1174 1923 eos
1218 1868 1591 1935 excellebant,
1622 1868 1771 1938 quod
1823 1864 1972 1922 tanta

406 1958 744 2015 incrementa
771 1974 970 2029 capere
1004 1960 1268 2016 ecclesias
1294 1969 1588 2033 nostrasoet
1616 1948 1975 2016 Christianis-

403 2067 554 2106 mum
604 2052 889 2117 viderent,
935 2066 1167 2123 eamque
1219 2068 1334 2107 rem
1387 2051 1783 2122 indignabuudi
1831 2066 1975 2122 aegre

406 2145 634 2210 terrent,
660 2145 954 2201 consilium
980 2160 1195 2215 cepere,
1228 2145 1468 2200 oraculis
1495 2155 1660 2215 atque
1699 2145 1823 2199 aliis
1850 2145 1975 2214 qui-

404 2237 635 2292 busdam
676 2237 1165 2303 incantationibus,
1190 2236 1314 2307 quis
1350 2237 1407 2291 in
1443 2238 1694 2291 Romano
1742 2235 1977 2305 imperio

412 2329 622 2384 Valenti
652 2343 1012 2386 successurus
1033 2340 1217 2395 esset,
1250 2328 1638 2400 cognoscendi.
1667 2329 1734 2385 Et
1762 2326 1977 2398 tripode

405 2438 441 2475 e
455 2422 612 2476 lauro
626 2421 789 2488 laeto,
801 2422 1092 2492 verbisque
1110 2432 1168 2477 et
1183 2421 1599 2477 evocationibus
1621 2419 1948 2491 quibusdam
1960 2455 1977 2481 ,

407 2526 470 2569 ut
508 2515 622 2570 lteri
670 2514 726 2570 in
776 2506 979 2570 talibus
1022 2521 1250 2569 mosest
1275 2552 1292 2579 ,
1337 2513 1596 2585 peractis,
1635 2511 1782 2582 quod
1832 2510 1978 2565 vole-

407 2609 541 2663 bant
568 2606 803 2663 eiecere
832 2622 847 2660 :
878 2616 941 2662 ut
964 2606 1175 2662 scilicet
1201 2605 1531 2668 litterarum.
1559 2602 1832 2659 machinis
1851 2602 1978 2673 qui-

407 2698 640 2753 busdam
697 2698 930 2769 tripodis
971 2707 1029 2752 et
1076 2696 1287 2752 oraculi
1319 2711 1416 2752 eas
1457 2695 1845 2751 ordinautibus
1875 2693 1977 2764 (l),

408 2790 778 2867 collectione,
852 2788 1203 2860 imperatoris
1266 2805 1468 2844 nomen
1540 2798 1852 2867 appareret.
1910 2788 1980 2843 Et

409 2900 536 2939 cum
567 2865 795 2940 hiantes
815 2885 885 2940 ad
918 2885 1271 2940 Theodorum
1320 2865 1721 2954 respectarent,
1773 2883 1867 2952 qui
1922 2882 1977 2937 in

411 2975 684 3044 imperiali
748 2976 875 3031 aula
939 2975 1215 3045 stipendia
1273 2974 1537 3036 faciebat,
1584 2974 1979 3043 superstitione

409 3065 634 3134 quidem
695 3063 986 3127 Graecum,
1051 3064 1301 3120 doctrina
1358 3072 1541 3121 autem
1595 3072 1653 3119 et
1724 3063 1980 3130 philoso-

416 3158 548 3229 phia
605 3156 772 3227 probe
819 3156 1141 3220 eruditum,
1192 3156 1796 3226 quoniam‘litterarum
1831 3169 1980 3208 com-

410 3249 613 3320 positio
649 3247 845 3304 ordine
889 3264 992 3303 suo
1016 3247 1289 3317 usquead
1320 3247 1361 3300 Β
1394 3249 1707 3318 pertigerat,
1735 3245 1895 3317 203
1924 3256 1982 3301 et

413 3339 654 3395 Valentis
684 3338 742 3413 in
789 3338 1022 3410 imperio
1046 3352 1422 3394 successorem
1467 3337 1755 3403 indicarat,
1786 3352 1983 3407 oracu-

410 3431 526 3487 lum
556 3430 912 3502 pbilowpbos
944 3430 1020 3485 ita
1048 3429 1113 3486 in
1147 3428 1399 3485 fraudem
1422 3438 1478 3485 et
1502 3429 1858 3500 imposturam
1886 3428 1986 3484 ad-

413 3525 592 3588 duxit,
624 3532 685 3579 ut
726 3522 1135 3594 quamprimum
1192 3520 1546 3577 Theodorqu
1589 3524 1982 3592 imperaturum

412 3626 536 3672 esse
561 3615 939 3686 opinarentur.
968 3613 1063 3668 'Ea
1114 3626 1204 3668 res
1234 3612 1328 3668 ubi
1357 3612 1427 3667 ad
1457 3611 1738 3667 Valentem
1774 3626 1858 3667 est
1889 3611 1985 3667 de-

414 3707 545 3771 lata,
565 3705 796 3779 perinde
815 3713 981 3774 atque
1012 3706 1137 3759 vita:
1159 3705 1278 3774 ejus
1294 3702 1509 3758 insidia:
1533 3711 1755 3758 structae
1776 3712 1982 3769 essent,

416 3814 527 3853 non
559 3795 843 3852 moderate
873 3811 938 3851 ea
984 3794 1188 3857 ferens.
1221 3784 1398 3865 palam
1445 3793 1841 3863 impatientiam
1874 3808 1985 3861 prae

418 3908 479 3948 se
502 3892 646 3947 tulit.
689 3890 880 3960 itaque
932 3888 1279 3958 indignatus,
1311 3897 1369 3943 et
1416 3886 1770 3942 Theodorum
1798 3896 1855 3942 et
1886 3885 1986 3940 tri-

415 3982 579 4053 podis
598 3982 750 4036 illius
783 3972 1024 4036 artili'ces
1044 3979 1190 4049 cepit
1225 3996 1238 4033 :
1271 3988 1438 4048 atque
1484 3980 1586 4033 hos
1613 3977 1833 4047 quidem
1858 3991 1988 4046 sup-

417 4075 585 4145 plicio
610 4072 1239 4144 ignis’inhumanissi'tne
1268 4057 1456 4127 allecit
1473 4110 1489 4135 ,
1508 4070 1861 4126 Theodorum
1887 4084 1990 4122 au-

421 4178 532 4221 tem
548 4165 725 4235 capite
751 4165 1021 4235 multavit.
1044 4163 1238 4217 Itidem
1259 4178 1388 4218 vero
1407 4178 1507 4233 per
1531 4178 1750 4217 onmem
1771 4160 1986 4231 imperii

418 4259 540 4326 ejus
580 4234 845 4312 ditionem
896 4256 953 4309 in
1001 4255 1357 4323 philosophos
1397 4262 1482 4309 est
1524 4255 1987 4309 animadversum.

420 4347 533 4404 Nec
569 4346 625 4401 in
647 4360 747 4400 eos
774 4354 1011 4408 tantum,
1040 4358 1228 4397 verum
1259 4345 1423 4397 etiam
1449 4343 1506 4397 iu
1535 4359 1633 4397 eos
1660 4340 1754 4411 qui
1787 4343 1988 4397 vestitu

420 4453 616 4493 eorum
644 4443 951 4491 uterentur.
983 4434 1154 4504 Cujus
1176 4433 1405 4504 periculi
1428 4443 1572 4488 metu
1601 4436 1766 4489 etiam
1792 4434 1837 4488 si
1866 4434 1991 4503 quis

421 4531 514 4585 alii
563 4528 748 4584 studio
781 4536 1017 4593 vacaret,
1066 4525 1341 4597 ﬁmbriato
1366 4526 1532 4595 pallio
1579 4541 1687 4580 non
1714 4527 1989 4592 utebatur,

422 4637 494 4677 ne
524 4620 581 4676 in
613 4619 1006 4689 suspicionem.
1043 4632 1268 4688 Operam
1307 4632 1435 4672 eum
1466 4632 1670 4672 navare
1698 4616 1990 4671 sacriﬁciis

422 4727 482 4771 et
514 4713 778 4775 oraculis,
805 4709 1172 4778 veniretJSgo
1205 4708 1425 4778 quidem
1453 4720 1715 4778 utrosque
1745 4708 1992 4764 stultitia:

423 4804 861 4867 condemuarim,
917 4811 1035 4857 tum
1094 4802 1481 4870 imperatorem
1537 4801 1715 4869 ipsum
1746 4841 1760 4862 ,
1800 4800 1895 4869 qui
1925 4816 1993 4854 eo

426 4900 524 4953 irae
546 4908 601 4953 et
628 4894 1047 4951 inhumanitatis
1077 4892 1409 4964 processerit
1435 4910 1451 4946 :
1473 4904 1584 4947 tum
1613 4894 1991 4964 philosophos,

425 4996 520 5062 qui
577 5005 674 5060 per
713 4989 980 5043 audacem
1029 4987 1394 5042 temeritatem
1444 4970 1610 5056 atque
1636 4986 1989 5055 cupiditatem

426 5100 547 5139 rem
578 5081 926 5153 philosOphia
964 5079 1190 5133 minime
1218 5079 1437 5148 dignam
1469 5078 1706 5148 aggressi
1734 5079 1868 5133 sint.
1899 5077 1993 5130 Ille

423 5178 574 5233 enim
594 5174 890 5229 stoliditate
906 5172 1122 5241 plenus,
1136 5184 1261 5225 cum
1277 5185 1334 5223 se
1349 5184 1721 5223 successorem
1740 5168 1961 5223 sublato
1973 5196 1994 5209 ο

425 5285 547 5323 rom
571 5282 692 5323 esse
724 5265 1119 5328 exsistimaret,
1151 5277 1330 5330 neque
1362 5261 1791 5330 inquirentibus,
1817 5276 1996 5329 neque

423 5364 477 5416 ei
497 5363 564 5416 de
582 5376 692 5431 quo
708 5357 990 5414 oraculum
1015 5356 1225 5411 editum
1240 5364 1357 5409 erat
1372 5356 1705 5425 parcendum
1724 5355 1877 5409 duxit
1892 5353 1992 5424 (2).

502 5543 581 5607 (ll
618 5541 741 5595 Fuit
774 5524 1103 5596 litterarum‘
1132 5537 1269 5589 ordo
1303 5536 1444 5607 θεοδ.
1497 5534 1783 5589 Ordiuavit
1813 5544 1995 5589 autem

432 5606 527 5665 eas
558 5611 827 5662 mendacii
853 5620 909 5662 et
936 5609 1101 5662 ctcdis
1119 5616 1312 5660 auctor
1340 5606 1592 5659 Salanus.

507 5678 589 5743 (‘2)
624 5678 697 5728 Ac
714 5680 756 5729 si
780 5687 927 5730 certa
958 5676 1425 5743 immutabiliaquc
1458 5680 1661 5737 essent,
1681 5690 1802 5740 quae
1830 5677 1994 5727 semul

437 5764 504 5802 ex
537 5756 810 5800 astrorum
860 5760 1023 5798 cursu
1071 5745 1297 5797 collecta
1346 5743 1723 5819 censuissent,
1757 5753 1996 5798 statuere

2076 1880 2284 1935 τοιάνδε
2314 1897 2328 1911 ο
2352 1880 2402 1932 οί
2440 1879 2550 1949 γὰρ
2578 1877 2839 1950 προῦχειν
2862 1880 2920 1933 ὲν
2942 1878 3156 1941 τούτοις
3211 1875 3521 1944 νομίζοντες
3540 1874 3628 1943 τὴν

2076 1977 2171 2045 τῆς
2199 1976 2476 2045 ἡμετέρας
2497 1974 2828 2045 Ἐκκλησίας
2847 1972 3054 2028 καὶτοῦ
3082 1970 3518 2045 Χριστιανισμοῦ
3559 1973 3629 2033 είς

2076 2068 2232 2121 τόσον
2258 2065 2490 2137 αὔξησιν
2537 2067 2793 2137 ὁρῶντες,
2850 2066 3303 2136 δυσχεραίνοντες
3343 2060 3478 2135 ἦσαν
3501 2079 3516 2094 ο
3546 2049 3631 2114 καὶ

2078 2158 2199 2212 λίαν
2224 2158 2606 2229 ἀσχάλλοντες,
2633 2156 2829 2227 βουλὴν
2851 2156 3146 2228 ἔπραττον,
3186 2155 3333 2209 ὥστε
3377 2154 3631 2225 μαντείαις

2079 2249 2172 2302 καί
2201 2264 2345 2301 τισιν
2393 2248 2585 2311 ᾅλλαις
2636 2247 2937 2311 ὲπαοιδίαις
2974 2246 3187 2317 μαθεῖν,
3245 2246 3305 2310 ὃς
3353 2246 3459 2316 ἄρα
3511 2243 3631 2315 μετὰ

2080 2337 2356 2392 Οὐάλεντα
2382 2339 2479 2409 τῆς
2524 2338 2817 2408 Ῥωμαίων
2845 2340 3124 2409 ἡγήσοιτο.
3159 2339 3280 2394 Καὶ
3332 2337 3401 2411 δὴ
3425 2336 3632 2407 τρίποδα

2080 2434 2291 2501 ξύλινον
2334 2432 2540 2504 δάφνης
2592 2434 2959 2504 πεποιημένον
3002 2433 3531 2511 κατασκευάσαντες,
3579 2429 3633 2482 τὸ

2083 2527 2222 2597 πρὸς
2256 2525 2456 2595 βουλῆς
2487 2526 2825 2591 ὲξετέλεσαν;
2854 2526 3215 2596 Ἐπικλήσεις
3263 2524 3373 2596 γὰρ
3427 2524 3518 2579 καὶ
3557 2521 3632 2575 λό-

2079 2632 2213 2686 γους
2235 2610 2317 2678 οἷς
2347 2615 2574 2679 ἐκείνοις
2619 2615 2740 2680 ἔθος
2779 2618 2975 2695 ποιεῖν,
3000 2615 3243 2686 συλλογῇ
3304 2614 3628 2685 γραμμάτων

2080 2705 2174 2760 τοῦ
2213 2705 2467 2775 τρίποδος
2492 2707 2852 2777 μηχανήμασι
2884 2711 3026 2760 κατὰ
3056 2709 3330 2778 στοιχεῖον
3371 2704 3629 2759 συντεθει-

2084 2796 2287 2866 μένων,
2312 2793 2554 2867 τοῦνσμα
2584 2797 2680 2852 τοῦ
2711 2797 2977 2869 βασιλέως
3003 2797 3300 2852 συλλαϐεῖν
3329 2794 3630 2867 ἐπειρῶντο.

2082 2889 2356 2960 Κεχηνόσι
2409 2889 2467 2944 δὲ
2518 2890 2700 2953 αὐτοῖς
2758 2890 2896 2959 πρὸς
2947 2891 3273 2962 Θεόδωρον,
3328 2888 3493 2961 ἄνδρα
3539 2887 3675 2941 τῶνς

2082 2982 2140 3036 ὲν
2154 2984 2269 3044 τοῖς
2304 2981 2596 3053 βασιλείοις
2635 2983 3105 3052 στρατευομένων,
3164 2984 3410 3054 Ἕλληνα
3432 2980 3637 3053 μὲντὴν

2005 3117 2049 3175 c
2083 3074 2405 3144 θρησκείαν,
2426 3074 2587 3143 λόγου
2608 3074 2664 3128 δὲ
2681 3076 3108 3156 καιφιλοσοφίας
3124 3077 3401 3148 ἡμμένον,
3420 3075 3539 3129 ἐπεὶ
3551 3073 3640 3145 μέ·-

2082 3183 2173 3236 χρι
2188 3164 2283 3219 τοῦ
2315 3165 2475 3219 δέλτα
2493 3165 2637 3221 κατὰ
2655 3165 2928 3238 συνθήκην
2953 3168 3062 3221 τῶν
3078 3169 3369 3239 στοιχείων
3409 3165 3638 3231 σύνταξις

2080 3252 2204 3328 ἧκε,
2221 3256 2317 3310 καὶ
2334 3259 2435 3328 τὴν
2455 3259 2826 3329 προσηγορίαν
2843 3258 3108 3328 ὑπέφαινε
3123 3262 3218 3314 τοῦ
3246 3259 3370 3331 μετ’
3389 3258 3641 3314 οὑάλεντα

2081 3349 2359 3421 ἄρξοντος,
2387 3352 2466 3412 είς
2503 3350 2746 3421 φενάκην
2773 3346 2878 3422 ἦγε
2904 3350 2964 3404 τδ
2989 3354 3248 3422 μαντεῖον
3270 3352 3400 3416 τοὺς
3424 3350 3633 3421 Quosd-

2084 3459 2221 3511 φους
2245 3458 2262 3474 ο
2285 3441 2382 3496 καὶ
2401 3443 2526 3495 ὅσον
2560 3440 2715 3496 οὔπω
2741 3442 3012 3512 Θεόδωρον
3056 3444 3253 3515 ἄρξειν
3280 3444 3470 3517 ᾤοντο.
3504 3441 3645 3497 Ἐπεὶ

2083 3535 2130 3589 δ’
2164 3534 2347 3609 Οὐάλῃ
2399 3535 2434 3606 ἡ
2492 3524 2840 3607 ἐπιχείρησις
2889 3535 3239 3608 έγνωρίζετο.
3282 3536 3378 3591 ἅτε
3406 3535 3471 3606 δὴ
3522 3535 3643 3604 πρὸς

2087 3625 2234 3696 ζωὴν
2266 3625 2700 3692 ὲπιόουλευθεὶς,
2746 3626 2807 3679 οὐ
2852 3628 3090 3697 μετρίως
3121 3627 3295 3697 ἔφερε
3326 3626 3387 3680 τδ
3428 3625 3641 3696 γενόμε-

2085 3734 2177 3772 νον
2200 3732 2215 3747 ⁸
2242 3718 2337 3772 καὶ
2366 3702 2527 3788 δῆλος
2555 3714 2624 3788 ἦν
2644 3721 2744 3772 οὐκ
2770 3720 3013 3782 ἀνεκτῶς
3039 3720 3200 3791 ἔχων.
3230 3720 3447 3792 Σφόδρα
3472 3718 3523 3774 ει
3552 3736 3639 3793 χιι·

2085 3811 2344 3880 λεπήνας,
2373 3814 2464 3865 τόν
2483 3828 2544 3864 τε
2568 3811 2840 3881 Θεόδωρον
2865 3813 3102 3875 καὶτοὺς
3129 3811 3388 3880 τρίποδος
3411 3812 3640 3882 τεχνίτας

2088 3901 2322 3969 συνεῖχε.
2350 3900 2459 3951 Καὶ
2502 3901 2627 3962 τοὺς
2659 3900 2758 3969 μὲν
2795 3898 2933 3969 πυρὶ
2983 3898 3370 3970 ἀπανθρώπως
3389 3900 3601 3954 ἐκόλασε
3623 3934 3639 3961 ,

2087 3989 2361 4057 Θεόδωρον
2391 3990 2448 4043 δὲ
2475 3991 2741 4063 ἀφῃρεῖτο
2786 3991 2885 4059 τὴν
2940 3990 3208 4060 κεφαλήν.
3234 3991 3465 4061 Ἐπίσης
3489 3991 3574 4043 καὶ
3596 3989 3640 4040 oi

2089 4082 2192 4134 ἀνα
2227 4083 2409 4133 πᾶσαν
2442 4079 2608 4145 αὐτοῦ
2652 4082 2751 4150 τὴν
2781 4081 2968 4152 χώραν
3022 4068 3448 4149 φιλοσοφοῧντες
3475 4078 3643 4147 ἐφθεί-

2093 4188 2248 4244 ροντο
2272 4188 2289 4204 ’
2326 4173 2388 4224 οὑ
2424 4174 2583 4242 μόνον
2606 4172 2653 4224 δ’
2686 4175 2903 4235 ἐκεῖνοι,
2928 4171 3064 4225 ἀλλὰ
3096 4172 3189 4226 καὶ
3222 4172 3275 4226 οἶ
3301 4172 3488 4240 ἐσθῆτι
3515 4171 3639 4241 μόνῃ

2090 4266 2155 4332 τῇ
2184 4262 2405 4316 ἐκείνων
2436 4262 2693 4332 ἐχρῶντο.
2739 4262 2830 4333 Τῷ
2880 4263 2990 4317 δέει
3034 4264 3091 4316 δὲ
3120 4263 3216 4316 τοῦ
3256 4263 3505 4319 κινδύνου
3535 4262 3641 4313 οὐδὲ

2091 4353 2265 4415 ἄλλως
2293 4369 2376 4414 τις
2413 4352 2746 4421 ἐπιτηδεύων
2779 4350 3037 4421 κροκωτῷ
3063 4351 3267 4421 ἐχρῆτο
3314 4351 3554 4420 τρίϐωνι,
3576 4347 3644 4408 ὡς

2096 4445 2163 4497 ἂν
2204 4444 2279 4513 μὴ
2311 4442 2378 4496 δι’
2418 4444 2672 4505 ὑπονοὲας
2723 4444 2957 4510 γένοιτο,
2987 4443 3087 4512 τὴν
3116 4441 3316 4511 σχολὴν
3367 4444 3488 4512 περὶ
3512 4437 3673 4510 τελει-χ

2093 4536 2191 4599 τὰς
2216 4534 2309 4587 καὶ.
2339 4535 2597 4604 μαντείας
2620 4534 2779 4605 ἔχων.
2804 4534 2947 4601 Ἐγὼ
2972 4533 3017 4586 δ’
3049 4533 3116 4588 ἄν
3148 4553 3240 4605 μοι
3263 4534 3406 4587 δοκῶ
3435 4532 3643 4603 καὶάμ-

2096 4628 2335 4696 φοτέρων
2391 4625 2589 4697 πολλὴν
2635 4626 3071 4694 καταγινώσκειν
3118 4627 3407 4696 εὐήθειαν·
3463 4624 3552 4677 τοῦ
3592 4638 3644 4672 τε

2093 4717 2203 4786 γὰρ
2234 4714 2493 4786 βασιλέως
2516 4708 2617 4783 τῆς
2635 4714 2728 4766 ἐπὶ
2755 4715 2910 4766 τόσον
2922 4713 3096 4782 ὀργῆς
3121 4716 3216 4766 καὶ
3241 4708 3640 4777 ἀπανθρωπίας,

2095 4808 2343 4869 καὶτοὺς
2393 4799 2870 4875 φιλοσόφους’τῆς
2922 4806 3062 4872 ἄγαν
3114 4803 3442 4873 προπετείας
3470 4818 3525 4854 τε
3559 4801 3643 4851 καὶ

2097 4898 2364 4964 ἐφέσεως,
2388 4895 2480 4948 καὶ
2505 4897 2601 4963 τῆς
2628 4897 2702 4963 μὴ
2728 4896 2871 4947 κατὰ
2893 4893 3213 4961 φιλοσοφίαν
3242 4884 3638 4963 ἐπιχειρήσεως.

2109 4989 2168 5044 Ὀ
2195 4990 2293 5057 μὲν
2324 4990 2432 5057 γὰρ
2464 4987 2717 5055 εὐηθείας
2745 4988 3030 5049 ἀνάπλεως
3051 4985 3147 5048 ὢν,
3183 4988 3497 5055 ἀναιρήσειν
3518 4979 3643 5050 ᾤετο

2095 5082 2187 5132 τὶν
2224 5071 2340 5147 per“
2370 5079 2534 5131 αὑτὸν
2564 5078 2951 5148 βασιλεύσοντα
2978 5093 2993 5109 ο
3021 5079 3117 5131 καὶ
3145 5077 3268 5130 οὔτε
3294 5075 3404 5127 τῶν
3434 5070 3643 5141 ζητούν-

2097 5188 2228 5232 των,
2262 5168 2385 5222 οὔτε
2420 5171 2553 5239 περὶ
2586 5168 2646 5222 οὗ
2698 5167 3063 5236 ἐμαντεύοντο
3096 5166 3261 5235 φειδώ
3299 5181 3421 5217 τινα
3462 5161 3636 5228 ἔσχεν·

2098 5262 2147 5313 οἱ
2178 5262 2223 5313 δ’
2265 5261 2338 5323 ὡς
2368 5254 2456 5313 ετξ*
2487 5261 2670 5322 αὐτοῖς
2695 5259 2756 5312 ὃν
2782 5260 3007 5330 βασιλέα
3039 5259 3340 5325 καθαιρεῖν,
3373 5255 3463 5307 καὶ
3501 5250 3640 5307 αὖθις

2100 5352 2353 5422 ἐγείρειν,
2381 5353 2460 5414 εἰς
2484 5352 2640 5403 τόσον
2692 5351 2806 5420 δῄτ’
2843 5350 3026 5413 ἀνοίας
3060 5347 3438 5420 προήχθησαν.
3474 5342 3558 5403 Ὦς
3588 5336 3640 5390 δὲ

2097 5552 2192 5588 cos
2223 5532 2616 5597 conveniebat,
2667 5533 2982 5601 quicunque
3034 5529 3248 5585 tandem
3288 5525 3338 5579 is
3373 5513 3639 5601 esset._cul

2099 5608 2279 5658 sidera
2312 5597 2716 5657 successionem
2747 5597 3276 5666 dcstiitasscttt,cum
3307 5597 3637 5667 superstitet!

2101 5678 2213 5728 lore
2240 5674 2477 5741 (Solum.
2510 5674 2606 5727 lib.
2632 5690 2704 5737 VI,
2727 5689 2845 5742 cup.
2870 5673 2983 5743 55).
