3936 6206
278 335 386 400 729

1166 332 1771 393 ECCLESIASTlC/E
1814 326 2208 392 ΠΙΞΤΟΒῘᾸΞ
2250 329 2398 390 LIB.
2440 329 2550 390 XI.

2026 168 2055 189 κ

3398 330 3508 395 730

270 447 383 517 ἐγὼ
451 463 594 508 τινος
645 446 893 514 ἥκουσα,
940 444 1061 501 οὐδὲ
1124 443 1235 498 τῶν
1288 444 1595 514 ὁμωνύμως
1646 443 1839 512 ἐκείνῳ

1945 443 2007 497 Hi
2042 454 2226 498 autem
2258 442 2483 512 perinde
2515 450 2679 510 atque
2705 441 2759 495 in
2780 440 2861 495 eis
2876 439 3041 496 silum
3062 447 3227 504 esset,
3247 450 3307 495 ut
3332 443 3507 513 impe-

268 539 504 610 ἒχόντων
530 537 674 599 τινὸς
731 535 946 605 υύάλης
981 536 1258 603 ἐφείσατο,
1307 535 1502 599 οἵτινες
1534 534 1669 596 τέως
1693 529 1836 605 ἦσαν

267 631 550 700 ἐπίσημοι,
613 628 679 681 ἐκ
729 646 790 680 τε
828 628 951 700 ,τῆς
1009 628 1178 695 αὐτῆς
1235 627 1606 697 προσηγορίας
1659 626 1692 696 ἢ
1740 627 1837 678 καὶ

269 688 483 789 ὁμοίας,
531 688 640 772 απὸ
666 718 761 771 τοῦ
793 688 943 788 eis}:
976 716 1023 769 δ’
1051 688 1201 786 ὅμως
1226 688 1324 788 την
1368 688 1542 788 ἀρχὴν
1584 688 1832 787 ἐχούσης.

266 812 383 868 Καὶ
414 812 596 864 τοίνυν
628 809 878 863 Θεόδοτοι
910 811 1006 861 καὶ
1033 809 1392 876 Θεόγνωστοι,
1424 809 1520 861 καὶ
1562 807 1837 860 Θεοδόσιοι

267 906 366 957 καὶ
415 902 698 955 Θεόδουλοι
732 903 1119 956 ἀπεκτείνοντο
1141 916 1157 931 ο
1194 903 1250 953 ὲν
1279 896 1360 963 οἷς
1391 900 1486 953 καί
1511 918 1596 962 τις
1644 900 1837 953 Θεοδο-

269 994 469 1057 σίολος,
500 994 646 1063 ἀνὴρ
683 993 793 1047 τῶν
835 994 1123 1064 ἐπισήμως
1167 996 1635 1063 στρατευομένων,
1665 994 1839 1046 εὐπα-

266 1086 476 1157 τρίδης,
508 1085 570 1150 ἐξ
609 1086 887 1149 Ἱσπανίας
908 1086 1082 1140 ἕλκων
1128 1088 1188 1140 τὸ
1232 1087 1408 1155 γένος.
1441 1083 1635 1139 Πολλοὶ
1675 1086 1731 1139 δὲ
1759 1086 1839 1155 τῷ

267 1179 385 1231 δέει
406 1177 832 1246 κατεπτηχότες,
860 1178 955 1231 καὶ
985 1178 1087 1241 τὰς
1132 1179 1190 1244 ἐξ
1219 1178 1447 1247 ἀρχαίου
1486 1178 1732 1248 κλήσεις,
1771 1177 1838 1240 ἃς

266 1272 317 1325 οἱ
344 1272 527 1339 γονεῖς
547 1269 731 1331 αὐτοῖς
768 1271 1114 1339 ἐχαρίσαντο,
1153 1269 1517 1339 ἀπηρνοῦντο,
1546 1269 1838 1340 μετατιθέ-

272 1378 431 1431 μενοι
457 1361 546 1414 διὰ
576 1360 639 1413 τδ
678 1358 774 1413 τοῦ
828 1359 1025 1430 καιροῦ
1065 1360 1347 1431 δυσχερές.
1402 1360 1560 1431 Ἐμοὶ
1604 1361 1663 1414 δὲ
1702 1362 1841 1432 πρὸς

265 1454 400 1517 τοὺς
425 1451 750 1521 φιλοσόφους
783 1451 1019 1505 τοσαῦτα
1056 1454 1248 1521 ῥητέον
1273 1468 1287 1484 ο
1330 1471 1349 1502 ι
1390 1452 1453 1506 Εἰ
1509 1453 1631 1522 μὲν,
1654 1447 1701 1505 ὦ
1747 1451 1839 1504 οῦ-

266 1565 376 1612 τοι,
434 1548 502 1616 τῇ
555 1547 665 1597 τῶν
698 1545 913 1614 ἄστρων
946 1545 1100 1614 φορᾷ.
1132 1542 1202 1596 τὰ
1251 1542 1459 1596 τοιαῦτ’
1502 1544 1836 1610 ἑλογίζεσθε,

265 1634 441 1706 ἐχρῆν
474 1634 783 1705 προσδοκᾷν
808 1634 867 1687 τὸ
891 1635 1145 1704 ἐσόμενον
1166 1650 1177 1664 ·
1214 1636 1263 1687 εί
1295 1634 1352 1688 δὲ
1403 1635 1504 1703 τῆς
1546 1636 1682 1689 Θεοῦ
1715 1635 1840 1703 βου-

265 1723 367 1793 λῆς
389 1725 643 1794 ἠρτηται,
678 1723 757 1784 εἰς
792 1721 846 1774 τί
874 1721 935 1773 τὸ
961 1720 1427 1790 περιεργάζεσθαι
1450 1737 1465 1787 ;
1493 1720 1570 1776 Οὐ
1593 1722 1701 1792 γᾶρ
1722 1723 1839 1775 ἔστι

268 1783 714 1885 προγνώσει-τινὶ
743 1815 841 1866 καὶ
885 1783 1089 1881 σπουδῇ
1118 1783 1434 1894 ἀνθρωπίνῃ
1454 1783 1524 1867 ⁷’τὸ
1567 1783 1728 1881 δόξαν
1754 1815 1838 1867 εί-
1870 1783 1910 1837 Β

268 1908 421 1960 δέναι
455 1905 593 1975 Θεῷ.
629 1906 693 1958 Εἰ
722 1904 777 1957 δέ
809 1922 913 1956 που
970 1905 1067 1957 καὶ
1090 1903 1238 1956 τοῦτ’
1267 1905 1389 1971 ἐξὸν
1418 1901 1555 1957 εἶναι
1582 1904 1835 1974 δοίημεν,

266 1999 329 2051 οὐ
355 1999 528 2070 δήπου
562 1995 745 2059 καλῶς
777 1994 943 2067 εἶχεν,
981 1994 1301 2066 ἀνθρώπους
1347 2012 1411 2063 γε
1447 1996 1631 2059 ὄντας,
1662 1998 1710 2049 εί
1743 1997 1839 2049 καὶ

263 2091 491 2147 πάντων
537 2090 700 2160 σοφίᾳ
756 2089 1136 2161 διαφέροντας,
1181 2088 1407 2158 ἄμεινόν
1437 2107 1491 2143 τι
1524 2089 1660 2142 Θεοῦ
1718 2076 1841 2159 Bon;

262 2182 547 2236 λεύεσθαι.
585 2182 648 2236 Et
668 2182 714 2235 δ’
748 2180 933 2243 ἁπλῶς
968 2180 1114 2234 οὕτω
1157 2183 1225 2251 τῇ
1254 2180 1449 2248 ἐφέσει
1470 2183 1571 2249 τῆς
1608 2182 1737 2251 περὶ
1774 2182 1839 2235 τὸ

263 2274 467 2344 μέλλον
496 2274 757 2345 εἰδησεως
779 2272 1081 2341 ἀλογίστως
1134 2273 1225 2325 ἐπὶ
1251 2271 1342 2325 τδν
1374 2272 1628 2342 προφανῆ
1657 2273 1839 2325 κίνδυ-

259 2384 354 2422 νον
382 2365 612 2439 ήλασθε,
639 2367 765 2429 τοὺς
795 2367 861 2418 ἐκ
898 2363 1095 2418 πολλοῦ
1130 2364 1390 2427 τεθέντας
1427 2366 1721 2435 Ῥωμαίοις
1748 2366 1837 2419 νό-

261 2477 405 2529 μους
430 2458 801 2531 ίιπεριδόντες.
839 2460 1057 2521 πάντως
1095 2460 1190 2513 καὶ
1220 2457 1550 2529 συγγνώμης
1583 2460 1659 2520 ὡς
1700 2461 1838 2529 ποῤ-

261 2552 495 2624 ῥωτέρω
514 2551 749 2621 δρῶντες
779 2550 1023 2605 ἐλάϐετε.
1060 2551 1282 2621 Καίπερ
1306 2550 1547 2619 όπηνίὸια
1591 2549 1652 2603 τὸ
1682 2550 1840 2618 ἑλλη-

256 2644 437 2710 νίζειν
465 2645 564 2698 καὶ
587 2643 742 2697 θύειν
770 2641 1051 2697 ἀκίνδυνον
1072 2638 1164 2715 ἦν,
1199 2643 1333 2706 τέως
1363 2644 1536 2696 ταυτα
1560 2642 1638 2713 τῷ
1667 2644 1837 2697 πάλαι

257 2737 391 2790 καθ’
412 2738 575 2806 ,ὑμᾶς
606 2736 888 2806 Σωκράτει
915 2735 1188 2806 φρονῆσαι
1221 2734 1388 2805 ἐχρῆν
1411 2751 1427 2767 ·
1469 2734 1529 2797 ὃς
1568 2736 1721 2806 παρὰ
1759 2737 1838 2788 δί-

258 2848 375 2900 κην
398 2830 463 2884 τὸ
495 2829 720 2886 κώνειον
752 2828 965 2899 μέλλων
1000 2829 1200 2895 πίνειν,
1235 2827 1357 2893 tam
1384 2826 1674 2893 σώζεσθαι,
1696 2828 1841 2882 αίδοτ

259 2926 453 2993 νόμων
479 2921 602 2978 καθ’
645 2908 742 2986 οῦς
781 2923 1013 2993 ιτράφη,
1037 2921 1242 2991 καίπερ
1272 2920 1408 2991 πρὸς
1453 2918 1633 2990 ἰσχύος
1670 2918 1751 2988 δν,
1778 2918 1839 2973 τὸ

257 3017 646 3088 δεσμωτήριον
671 3015 732 3069 οὐ
754 3014 1063 3084 διέδρασεν.
1101 3031 1121 3067 ι

1941 546 2180 590 ratorem
2208 537 2293 591 vel
2323 543 2764 597 exauctorarent,
2785 534 2869 588 vel
2888 533 3070 587 denuo
3089 535 3506 599 constituerent,

1939 627 2003 680 ad
2047 632 2396 683 tantam’suut
2422 627 2753 683 dementiam
2778 627 3050 696 producti.
3079 628 3144 682 At
3169 627 3384 690 Valens.
3411 644 3533 705 ne-,

1940 718 2077 772 mini
2127 726 2354 789 prorsus
2406 732 2599 773 eorum
2634 719 2728 788 qui
2781 718 3072 772 Theodoro
3125 720 3506 788 cognominss,

1941 827 2041 878 per
2074 810 2323 865 eamdem
2353 818 2449 864 aut
2476 809 2711 866 similem
2729 809 2891 865 etiam
2915 826 3036 879 qua:
3065 825 3096 864 a
3128 811 3328 879 litteris
3355 811 3508 865 Theo

1944 900 2163 954 initium
2185 906 2450 964 sumetet,
2466 891 2910 968 appellationem,
2942 909 2998 956 et
3024 872 3367 970 aliquatenits
3390 909 3503 955 tum

1942 994 2193 1049 celebres
2219 1000 2424 1055 essent,
2456 992 2723 1061 pepercit.
2762 992 2970 1061 itaque,
2996 992 3288 1054 Theodoti,
3316 992 3503 1047 Theo--

1942 1084 2144 1154 gnosti,
2204 1082 2539 1147 Theodosii,
2574 1090 2629 1136 et
2671 1081 2939 1137 Theoduli
2982 1082 3157 1137 necati
3217 1080 3342 1137 sunt
3378 1099 3394 1135 :
3449 1083 3508 1137 iu

1942 1176 2146 1245 quibus
2173 1174 2338 1229 etiam
2374 1173 2773 1229 Theodosiolus
2809 1174 3030 1243 quidam
3053 1174 3278 1236 i‘uit,vir
3314 1190 3510 1245 magna

1943 1266 2149 1321 militiae
2173 1265 2367 1335 gloria,
2416 1281 2483 1321 ex
2519 1264 2813 1335 Hispania,
2845 1266 2939 1320 ubi
2985 1266 3134 1320 claro
3170 1266 3293 1321 loco
3344 1276 3512 1321 natus

1940 1358 2141 1421 fuerat,
2194 1372 2367 1428 genus
2411 1358 2656 1412 trahens.
2708 1357 2863 1413 Multi
2904 1360 3069 1427 etiam
3113 1366 3263 1412 metu
3305 1358 3507 1424 territi,

1939 1460 2127 1507 vetera
2153 1466 2250 1505 sua
2280 1450 2505 1505 nomine
2526 1467 2558 1504 a
2593 1450 2913 1520 parentibus
2952 1451 3088 1519 ipsis
3116 1450 3373 1523 imposita
3405 1450 3508 1503 ah-

1940 1554 2231 1613 negarunt,
2264 1558 2439 1613 eaque
2493 1543 2636 1605 aliis,
2675 1552 2982 1610 temporum
3022 1542 3331 1610 periculosa
3365 1540 3509 1595 ditii-

1942 1637 2146 1691 cultate
2172 1636 2415 1700 adducti,
2452 1642 2879 1689 commutarnnt.
2910 1635 3038 1688 Mihi
3072 1650 3202 1688 vero
3235 1649 3357 1689 cum
3391 1634 3514 1703 piti-

1943 1728 2333 1798 losophisistis
2361 1729 2433 1782 ita
2461 1728 2806 1797 expostulare
2837 1727 2970 1782 libet
2995 1742 3011 1781 :
3040 1747 3058 1779 ι
3083 1726 3237 1794 Quod
3268 1725 3334 1789 si,
3353 1741 3387 1780 o
3408 1725 3511 1780 viri

1946 1816 2097 1881 boni,
2126 1835 2194 1874 ex
2221 1831 2493 1874 astrorum
2523 1834 2689 1874 cursu
2722 1819 2847 1874 talia
2878 1820 3135 1887 colligitis
3154 1861 3168 1883 ,
3198 1826 3513 1887 exspectare

1944 1926 2045 1965 vos
2074 1911 2220 1980 quod
2248 1911 2494 1966 futurum
2515 1922 2652 1977 erat,
2699 1912 3008 1981 oportebat.
3041 1911 3134 1966 Sin
3174 1925 3241 1965 ex
3281 1909 3514 1965 consilio

1944 2000 2131 2056 divino
2155 2002 2256 2056 ista
2293 2003 2552 2070 pendent,
2598 2003 2729 2071 quid
2763 2001 3079 2058 curiositate
3118 2002 3218 2056 ista
3258 2010 3313 2055 et
3362 2000 3510 2054 inani

1944 2104 2111 2160 Opera
2138 2099 2316 2145 vestra
2340 2106 2479 2160 opus
2511 2092 2667 2146 erat?
2697 2091 2841 2146 Fieri
2881 2092 3026 2146 enim
3070 2105 3177 2144 non
3210 2097 3410 2161 potest,
3455 2096 3517 2142 ut

1946 2184 2367 2253 praecognitione
2393 2192 2450 2256 et
2476 2184 2662 2240 studio
2685 2184 2944 2249 humano,
2994 2184 3048 2239 id
3075 2185 3220 2254 quod
3254 2184 3364 2238 Deo
3394 2183 3514 2248 pla-

1944 2276 2114 2330 citum
2154 2284 2530 2345 statutumque
2566 2276 3117 2362 est,.investigetur.
3145 2274 3309 2347 204
3332 2274 3512 2343 Atque

1945 2380 2007 2425 ut
2034 2368 2187 2424 vobis
2230 2368 2283 2423 id
2320 2364 2495 2425 facere
2524 2370 2745 2425 licuisse
2795 2371 3103 2435 donemus,
3151 2385 3259 2424 non
3308 2369 3513 2424 scitum

1947 2477 2079 2516 sane
2110 2463 2233 2528 iuit,
2266 2462 2518 2518 homines
2545 2477 2644 2518 vos
2668 2466 2919 2533 quamvis
2959 2464 3225 2533 sapientia
3258 2462 3516 2517 omnibus

1947 2564 2288 2624 praestantes,
2363 2556 2559 2611 melius
2600 2556 2902 2626 quidquam
2954 2555 3065 2610 Deo
3100 2554 3221 2624 ipso
3247 2562 3514 2608 statuere.

1933 2645 2011 2700 ’Si
2028 2660 2157 2700 vero
2192 2656 2399 2700 temere
2446 2646 2523 2700 ita
2552 2645 2866 2700 futurarum
2897 2659 3081 2700 rerum
3112 2641 3518 2713 cognoscenda-

1945 2754 2076 2801 rum,
2094 2738 2413 2808 cupiditate,
2439 2753 2540 2794 vos
2587 2746 2787 2808 praeter
2823 2737 3094 2792 rationem
3116 2776 3133 2802 ,
3169 2737 3226 2790 in
3254 2745 3510 2805 apertum

1944 2828 2267 2895 discrimen,
2293 2828 3000 2899 legibus,quaejatndudum
3025 2842 3055 2881 a
3084 2814 3366 2892 Romanis,
3385 2841 3513 2881 cum

1943 2921 2188 2978 Grecam
2239 2922 2686 2993 superstitionem
2728 2922 2909 2992 sequi,
2952 2930 3010 2977 et
3036 2920 3144 2975 diis
3200 2918 3518 2975 sacriﬁcare

1941 3013 2178 3071 liberum
2225 3021 2372 3080 erat,
2420 3023 2553 3070 sunt
2603 3014 2764 3080 iam,
2825 3013 3221 3070 contumaciter
3277 3011 3516 3078 violatis,

256 3111 617 3181 conjecistin,
655 3108 944 3171 admisisse
968 3124 1100 3174 vos,
1154 3106 1303 3179 quod
1338 3091 1497 3166 venia
1543 3103 1771 3179 prorsus
1803 3109 2029 3182 dignum
2059 3125 2172 3165 non
2235 3110 2349 3177 sit,
2409 3091 2986 3182 facinus'ignorastis.
3016 3110 3223 3180 Atque
3259 3105 3517 3179 equidem

257 3206 413 3263 idem
482 3221 579 3263 vos
638 3215 755 3260 tum
794 3206 998 3262 sentire
1039 3202 1322 3274 oportuit,
1372 3202 1519 3276 quod
1572 3201 1831 3261 Socrates
1899 3214 2084 3262 vester
2130 3205 2306 3262 sensit
2359 3222 2378 3261 :
2424 3204 2521 3276 qui
2583 3204 2779 3276 iniquo
2823 3201 3034 3275 judicio
3081 3201 3517 3262 circumventus,

257 3306 487 3362 aconita
549 3314 713 3375 epoto
771 3304 1096 3369 moriturus,
1132 3318 1258 3359 cum
1283 3301 1575 3375 incolumis
1599 3318 1745 3370 esse.
1782 3312 1841 3361 et
1875 3320 1910 3362 e
1948 3319 2168 3364 carcere
2200 3304 2493 3380 profugere
2532 3310 2739 3378 posset,
2792 3301 3103 3361 reverentia
3157 3301 3338 3375 legum
3361 3339 3388 3367 ν
3410 3297 3521 3356 sub

257 3402 469 3471 quibus
483 3399 751 3456 educatus
776 3397 975 3462 fuerat,
1007 3398 1060 3452 id
1095 3412 1205 3452 non
1234 3397 1387 3453 fecit.
1426 3417 1448 3450 ι

347 3496 486 3551 Ἀλλ’
527 3494 676 3557 ὅπως
728 3492 827 3564 μὲν
859 3493 1092 3569 ἕκαστος
1128 3492 1291 3563 δόξης
1348 3496 1479 3565 περὶ
1510 3494 1668 3548 ταῦτ’
1698 3493 1835 3567 ἔχει,

2010 3495 2118 3553 Sed
2167 3496 2401 3568 quisque
2450 3496 2553 3551 hac
2596 3495 2667 3551 de
2716 3511 2811 3561 re,
2843 3504 2905 3552 ut
2939 3494 3046 3551 sibi
3084 3495 3262 3550 visum
3292 3500 3403 3559 est,
3457 3500 3517 3547 et

260 3587 537 3660 φρονείτω
555 3604 615 3639 τε
638 3587 736 3641 καὶ
774 3586 999 3654 λεγέτω.
1031 3587 1244 3656 Οὐάλης
1265 3585 1312 3639 δ’
1342 3586 1424 3640 ἔτι
1446 3587 1582 3657 πρὸς
1609 3588 1676 3658 τῇ
1705 3587 1840 3657 παρ’

274 3684 509 3754 Ὀρόντῃ
549 3680 843 3750 διατρίϐων
883 3680 1221 3751 Ἀντιοχείᾳ,
1262 3680 1523 3752 ιπέτρισε
1557 3681 1684 3759 τοὺς
1726 3680 1843 3732 ἐτέ-

264 3791 378 3848 ρως
404 3774 440 3846 ἢ
459 3772 536 3836 ὡς
562 3772 712 3841 αὑτῷ
741 3773 917 3826 ἐδόκει
945 3774 1076 3844 περὶ
1104 3772 1166 3825 τὸ
1196 3772 1355 3827 Θεῖον
1379 3771 1726 3839 δοξάζοντας,
1746 3771 1843 3824 καὶ

260 3869 579 3937 ἁνακράτος
608 3865 906 3936 ἐξήλαυνεν
929 3882 943 3897 ’
963 3866 1069 3928 ἕως
1097 3864 1157 3918 οῦ
1183 3865 1474 3936 Θεμίστιος
1494 3866 1524 3919 ό
1553 3864 1843 3933 φιλόσοφος

260 3962 359 4014 τὸν
392 3960 850 4031 προσφωνητικδν
899 3957 1051 4025 αὐτῷ
1078 3957 1344 4026 ἀναγνοὺς
1383 3957 1563 4026 λόγον,
1605 3957 1701 4011 τοῦ
1736 3964 1839 4027 χιι⁸

263 4053 552 4107 λεπαίνειν
574 4047 720 4102 οὕτω
748 4047 987 4118 μετρίως
1021 4048 1334 4104 ἀπέπαυσε.
1362 4048 1602 4119 Παρῄνει
1639 4048 1747 4119 γὰρ
1781 4049 1841 4099 ἐν

265 4139 422 4209 αὐτῷ
463 4138 540 4208 μὴ
577 4135 882 4202 ξενίζεσθαι
936 4136 1035 4204 τὴν
1059 4134 1356 4203 διαφωνίαν
1402 4136 1514 4188 τῶν
1550 4135 1845 4205 ἐκκλησια·

268 4233 476 4288 στικῶν
503 4229 810 4301 δογμάτων,
832 4229 1014 4299 πολλῷ
1042 4228 1155 4283 τῶν
1188 4229 1324 4300 παρ’
1353 4229 1582 4300 Ἕλλησι
1615 4229 1753 4300 μείω
1777 4246 1842 4298 γε

266 4324 439 4382 οὖσαν
463 4339 480 4355 ·
509 4324 662 4393 παρὰ
686 4324 796 4393 γὰρ
823 4322 1051 4384 ἐκείνοις
1081 4323 1223 4393 ῠπὶρ
1247 4323 1346 4383 τὰς
1367 4322 1683 4392 τριακοσίας
1704 4317 1843 4377 εῖναι

266 4417 464 4480 δόξας,
498 4414 794 4470 κάντεῦθεν
827 4415 923 4467 καὶ
962 4414 1223 4485 πλείστην
1247 4409 1389 4467 εἶναι
1420 4413 1713 4484 συμϐαίνει
1743 4397 1843 4482 τ’ὴν

266 4509 538 4579 διαφορὰν
572 4510 633 4561 ἑν
679 4507 874 4580 πλήθει
926 4508 1108 4579 δόξης.
1137 4507 1295 4561 Ἐπεί
1349 4507 1433 4560 tot
1463 4522 1527 4575 γε
1582 4507 1680 4560 καὶ
1724 4505 1843 4575 Θεῷ

268 4601 426 4669 φίλον
451 4597 640 4666 ἔλεγεν
667 4598 798 4661 ῐσως
825 4598 887 4652 τὸ
921 4599 997 4669 μὴ
1025 4598 1321 4668 πρόχειρον
1347 4597 1427 4659 είς
1452 4597 1652 4665 γνῶσιν
1669 4592 1838 4650 εἶναι·

264 4692 529 4762 διάφορόν
577 4708 637 4744 τε
670 4693 839 4745 πᾶσιν
879 4690 1166 4760 ἐγκεῖσθαι
1213 4689 1391 4755 δόξαν,
1422 4690 1572 4753 ὅπως
1627 4690 1842 4757 ἑκάστῳ

269 4785 476 4854 μᾶλλον
522 4783 643 4847 δέος
686 4783 832 4853 ἐνείη
879 4783 960 4852 τῷ
1008 4783 1384 4853 ἀκαταλήπτῳ
1422 4783 1524 4852 τῆς
1565 4782 1839 4850 γνώσεως,

265 4876 606 4947 λογιζομένῳ
654 4874 884 4945 πηλίκος
935 4876 1005 4931 ἂν
1039 4877 1125 4946 εῐη
1173 4877 1271 4930 καὶ
1310 4870 1445 4941 οἷος,
1490 4876 1550 4929 οὗ
1601 4874 1839 4946 μετρίως

265 4965 514 5035 ιφίκετο.
550 4965 650 5018 Ἐκ
698 4965 883 5019 τοίνυν
924 4965 1036 5018 τῶν
1087 4963 1349 5017 τοιούτων
1400 4962 1496 5017 τοῦ
1547 4963 1842 5033 φιλοσόφου

266 5059 445 5126 λόγων
482 5056 849 5127 μετριώτερος
876 5057 1196 5125 γενόμενος,
1226 5056 1289 5108 οὺ
1321 5056 1465 5110 πάνυ
1496 5056 1844 5126 χαλεπαίνων

264 5152 342 5216 ὡς
370 5151 661 5220 πρότερον,
695 5150 792 5214 τὰς
825 5150 1080 5213 κολάσεις
1125 5150 1356 5219 ιπῆγεν.
1386 5150 1463 5202 Οὐ
1517 5149 1624 5221 μὴν
1648 5167 1844 5203 παντε-

266 5244 378 5307 λῶς
427 5242 593 5313 ἔληγε
631 5242 734 5314 τῆς
763 5243 980 5313 δρμῆς·
1024 5241 1140 5296 ἀλλ’
1180 5242 1301 5295 ἀντὶ
1349 5241 1582 5295 θανάτου
1624 5242 1842 5311 ἐξορίαν

266 5334 510 5409 ἐπετίθει
554 5337 669 5399 τοῖς
702 5335 955 5405 ίερᾶσθαι
988 5335 1247 5405 λαχοῦσιν
1272 5350 1289 5366 ο
1325 5334 1489 5406 ἄχρις
1533 5334 1595 5388 οὗ
1646 5335 1843 5389 κοινῶν

270 5426 574 5497 φροντίδων
594 5427 858 5499 ιπιφοραὶ
880 5429 1172 5497 γενόμεναι
1182 5427 1576 5497 ἀπησχόλησαν
1597 5427 1697 5497 τὴν
1714 5430 1844 5497 περὶ

268 5522 337 5575 τὰ
360 5521 587 5575 τοιαῦτα
612 5522 868 5592 σπουδήν.

1942 3588 2165 3654 sentiat,
2218 3599 2278 3644 et
2331 3588 2606 3659 loquatur.
2647 3585 2853 3643 Valens
2900 3603 3034 3643 sane
3084 3585 3392 3641 Antiochia:
3444 3584 3514 3638 ad

1942 3683 2204 3739 Orontem
2252 3682 2434 3736 adhuc
2468 3680 2673 3752 degens
2697 3723 2712 3747 ,
2748 3695 2845 3737 eos
2875 3681 2968 3749 qui
3007 3680 3169 3736 aliter
3193 3694 3362 3750 quam
3410 3678 3515 3750 ipsi

1942 3775 2247 3841 videretur,
2270 3768 2345 3830 de
2374 3772 2486 3829 Deo
2506 3774 2794 3840 sentirent,
2818 3771 3082 3844 atiligere,
3111 3780 3169 3828 et
3198 3771 3376 3827 modis
3397 3786 3518 3825 om-

1943 3866 2107 3921 nibus
2138 3864 2397 3935 persequi
2446 3873 2502 3921 et
2549 3866 2751 3936 ejicere
2802 3863 3100 3934 pergebat:
3142 3861 3320 3916 donec
3374 3860 3518 3915 The-

1943 3955 2159 4010 mistius
2191 3955 2545 4025 philosophus
2578 3969 2698 4009 eam
2718 3970 2883 4023 quam
2914 3954 2980 4008 ad
3014 3953 3166 4007 illum
3202 3952 3509 4007 orationem

1941 4047 2261 4118 scripserat,
2298 4044 2589 4112 recitavit;
2634 4062 2741 4117 qua
2774 4056 2835 4102 ut
2877 4044 3308 4116 indignationem
3345 4051 3402 4099 et
3426 4052 3515 4097 tu-

1943 4141 2359 4195 multuationem
2389 4155 2510 4195 eam
2546 4147 2908 4209 temperaret,
2947 4137 3148 4193 eifecit.
3182 4134 3519 4225 Coi-tortatus
3630 4140 3637 4147 ’

1943 4233 2088 4287 enim
2111 4246 2237 4287 eum
2268 4240 2372 4298 est,
2407 4248 2480 4288 ne
2507 4232 2873 4286 admiraretur
2897 4240 3155 4300 tanquam
3188 4229 3242 4283 in
3275 4242 3333 4283 re
3354 4240 3518 4287 nova,

1944 4324 2091 4395 quod
2120 4326 2302 4396 aliqua
2327 4334 2473 4381 esset
2499 4324 2555 4378 in
2588 4322 2984 4379 ecclesiasticis
3024 4320 3376 4392 dogmatibus
3406 4319 3518 4373 dis-

1941 4417 2147 4477 sensio.
2178 4435 2197 4472 :
2239 4432 2414 4487 eaque
2458 4416 2641 4471 minor
2690 4416 2890 4486 longe,
2928 4430 3090 4484 quam
3141 4413 3284 4483 apud
3314 4411 3518 4467 (ἐτίθετο

1942 4509 2355 4580 superstitionis
2399 4510 2662 4564 cultores.
2692 4507 2850 4578 Apud
2881 4506 2955 4579 (i)
3008 4507 3131 4561 illos
3161 4506 3307 4561 enim
3354 4518 3520 4573 supra

1944 4610 2219 4657 trecentas
2247 4615 2367 4656 esse
2387 4601 2708 4671 opiniones:
2731 4600 2787 4654 in
2816 4614 3048 4668 quarum
3082 4607 3234 4651 tanto
3261 4611 3518 4660 numero,

1942 4694 2209 4766 plurimas
2228 4695 2393 4750 etiam
2418 4692 2791 4748 dissensiones
2812 4705 2934 4745 esse
2967 4689 3266 4757 contingat.
3304 4687 3367 4741 Et
3403 4686 3519 4739 for-

1945 4796 2088 4842 tasse
2144 4795 2360 4857 gratum
2410 4783 2465 4838 id
2508 4798 2629 4839 esse
2677 4782 2786 4837 Deo
2817 4781 2992 4844 dixit,
3034 4779 3179 4849 quod
3206 4793 3314 4832 non
3362 4776 3522 4832 facile

1942 4887 2090 4934 esset
2116 4878 2184 4932 ad
2214 4875 2585 4946 cognitionem
2630 4873 2751 4944 ejus
2790 4874 3004 4933 venire,
3038 4869 3379 4940 proindeque
3423 4884 3520 4922 va-

1950 4970 2088 5025 riam
2150 4982 2343 5023 omnes
2381 4967 2449 5021 de
2480 4980 2548 5021 eo
2577 4965 2931 5033 conciperent
2956 4961 3276 5033 opinionem
3311 4978 3326 5016 :
3361 4968 3422 5015 ut
3449 4974 3519 5014 eo

1949 5061 2125 5132 magis
2154 5059 2304 5114 illum
2338 5058 2573 5128 quisque
2601 5064 2877 5119 vereatur,
2908 5070 3019 5124 quo
3046 5053 3231 5108 minus
3258 5053 3525 5123 cognitio-

1949 5146 2073 5209 nem
2102 5154 2240 5224 ejus,
2273 5166 2397 5223 qua:
2432 5149 3005 5221 incomprehensibilis
3036 5158 3122 5204 est
3146 5189 3162 5215 ,
3197 5147 3467 5219 percipiat
3499 5160 3514 5196 :

1946 5262 2132 5303 secum
2163 5247 2291 5316 ipsa
2334 5242 2692 5301 consideFans
2718 5285 2734 5308 ,
2762 5246 2977 5315 qualem
3006 5252 3062 5299 et
3090 5252 3358 5314 quantum
3391 5252 3515 5293 eum

1950 5355 2072 5394 esse
2119 5349 2395 5410 oporteat,
2416 5340 2574 5411 cujus
2607 5348 2826 5394 tenuem
2872 5339 3066 5393 saltem
3097 5353 3161 5393 ac
3193 5336 3517 5390 mediocrem

1952 5432 2203 5486 notitiam
2237 5432 2309 5487 sit
2332 5445 2637 5488 assecutus.
2675 5431 3021 5501 Quapropter
3058 5433 3178 5499 ejus
3207 5425 3519 5498 philosophi

1951 5523 2203 5578 oratione
2255 5522 2548 5587 adductus,
2603 5536 2729 5576 cum
2773 5536 2833 5575 se
2862 5520 2929 5574 ad
2967 5519 3397 5574 moderationem
3429 5518 3525 5569 de-

272 5618 469 5682 disset,
511 5634 621 5675 non
650 5635 825 5693 usque
871 5620 1011 5676 adeo
1050 5628 1111 5675 ut
1140 5628 1301 5676 antea
1367 5624 1744 5688 succensebat,
1816 5635 1917 5677 nec
1957 5620 2242 5691 suppliciis
2298 5628 2354 5677 et
2402 5619 2741 5677 cruciatibus
2772 5617 3047 5675 steviebat.
3093 5615 3279 5688 Neque
3326 5622 3529 5689 tamen

340 5757 421 5830 (ι)
444 5755 662 5845 Sozam.
698 5761 819 5813 eod.
852 5771 968 5829 cap.
996 5757 1084 5812 '56.

2737 5866 2763 5873 σ-
2783 5860 2856 5874 -4
