3936 6206
411 257 510 320 7'31

1627 257 2045 318 NlCEPi-IORI
2091 260 2432 319 GALLISTI

3567 259 3706 322 73'2"

411 378 684 434 omninoa
715 387 894 446 coepto
922 373 1156 434 destitit,
1187 374 1281 428 sed
1314 389 1409 443 pro
1433 377 1609 443 paruis
1645 377 1974 445 capitalibus
2011 378 2260 431 exsilium
2282 379 2619 448 cpi~cnpisct
2648 378 3027 432 sacerdotibus
3079 377 3428 447 imponebat:
3486 381 3670 448 quoad

413 491 583 544 usque
613 488 804 544 graves
832 459 912 524 de
947 471 1223 540 republica
1275 487 1422 524 cura:
1443 513 1454 529 .
1493 474 1782 540 quominus
1807 473 1973 526 rebus
2010 475 2275 542 ejusmodi
2316 490 2507 528 vacare
2537 483 2736 543 posset,
2763 473 3021 530 cliccere.

866 590 1025 659 205
1085 590 1309 645 CAPUT
1354 590 1543 647 XLVI.

414 683 489 738 De
517 682 686 736 Μανία
706 681 915 736 Arabiae
953 684 1154 750 regina,
1183 692 1314 734 utea
1349 682 1540 735 bellum
1571 692 1753 737 contra
1789 685 1980 738 Roma-

481 755 817 822 nosrepcrit.
852 769 913 803 ac
941 768 1058 803 mox
1086 768 1199 803 cum
1225 753 1406 804 iisdem
1435 769 1614 822 pacem
1630 757 1902 808 sanxerit:
1929 766 1979 808 et

484 826 544 876 de
572 820 716 875 llosc
767 827 938 890 primo
969 823 1199 874 Arabum
1236 820 1497 892 episcopo.

479 1000 616 1056 Cum
669 1013 906 1068 namque
952 998 1384 1054 Sarracenorum
1413 1000 1489 1069 (l)
1532 1001 1790 1070 princeps
1835 999 1981 1056 diem

410 1107 570 1146 suum
610 1090 878 1153 obiisset.
909 1100 965 1145 et
1002 1091 1208 1146 foedera
1238 1108 1362 1145 cum
1398 1093 1659 1147 Romanis
1688 1093 1984 1164 aliquando

410 1182 572 1241 inita.
621 1189 781 1250 rupta
834 1190 1024 1235 essent
1057 1198 1070 1233 :
1106 1180 1276 1236 Μανία
1312 1181 1389 1251 (2)
1439 1183 1586 1238 illius
1621 1185 1852 1250 coniux,
1895 1197 1986 1237 res

408 1272 530 1342 ejus
571 1272 752 1342 gentis
782 1271 1173 1326 administrans
1193 1313 1209 1337 ,
1252 1274 1589 1329 Plueniciam
1609 1315 1624 1339 ,
1655 1283 1712 1329 et
1743 1275 1986 1330 Palaesti-

379 1425 382 1428 ς
414 1379 560 1424 nam,
592 1373 647 1418 et
675 1378 826 1417 oram
855 1363 922 1417 ad
955 1362 1252 1434 Egyptum
1287 1375 1623 1434 vergentem,
1654 1383 1778 1432 qua:
1803 1367 1982 1421 Nilum

411 1451 644 1503 adverso
684 1450 908 1504 ﬂumine
954 1452 1374 1526 navigantibus,
1423 1457 1646 1523 regione
1687 1471 1810 1524 qua:
1852 1457 1987 1510 Ara-

417 1542 536 1596 hica
566 1541 796 1604 dicitur,
833 1544 900 1597 ad
932 1543 1208 1598 sinistram
1241 1556 1345 1609 est,
1384 1546 1586 1602 invasit
1613 1557 1780 1618 atque
1807 1559 1984 1602 vasta-

413 1635 512 1689 vit.
558 1635 765 1690 Bellum
824 1635 877 1689 id
929 1638 1182 1706 quamvis
1225 1654 1255 1692 a
1311 1639 1508 1694 femina
1548 1641 1783 1704 illatum,
1818 1641 1990 1695 haud-

415 1740 690 1794 quaquam
723 1726 880 1780 facile
908 1726 1031 1780 fnit.
1064 1727 1198 1782 Nam
1226 1745 1346 1784 eam
1377 1747 1502 1785 cum
1529 1731 1788 1787 Romanis
1815 1734 1989 1787 maxi-

418 1833 589 1881 nant,
649 1829 705 1873 et
757 1818 901 1872 haud
937 1819 1054 1874 scio
1101 1835 1169 1874 an
1204 1821 1341 1876 alias
1385 1823 1588 1893 majore
1633 1823 1985 1885 fortitudine,

2012 599 2058 652 Δ

2651 595 2901 648 ΚΕΦΛΛ.
2945 592 3097 660 MC,".

2089 687 2227 753 Περὶ
2268 688 2498 752 Μαυΐας
2543 685 2654 754 τῆς
2709 688 2777 750 ἐξ
2815 686 3108 754 Ἀριζόων·
3155 684 3317 750 ὅπως
3344 685 3498 752 μετὰ
3530 685 3669 739 Ῥω-

2153 751 2346 826 μαίων
2363 751 2570 825 μάχην
2601 751 2820 822 ὗρασα,
2871 751 3058 826 ἀὖθις
3086 755 3182 826 ἐπὶ
3226 751 3502 826 σπονδὰς
3522 755 3670 826 ἑχῴ-

2151 822 2245 895 ρει
2273 843 2286 858 ·
2307 822 2422 949 έκὶιί
2451 822 2586 894 περὶ
2647 826 2753 880 τοῦ
2801 825 3038 891 πρώτου
3073 824 3417 877 ἐπισκόπου
3468 822 3669 877 αὐτῶν

2160 901 2306 952 Μωσ
2340 916 2439 952 ως.

2219 911 2439 962 ωσεως.

2161 1009 2273 1062 Καὶ
2306 1011 2377 1078 γά
2387 1027 2418 1075 ρ
2440 1008 2534 1063 τοῦ
2565 1007 2898 1080 Σαρακηνῶν
2922 1009 3292 1079 κατάρχοντος
3315 1009 3667 1078 τεθνηκότος,

2091 1102 2144 1152 σί
2187 1100 2322 1171 πρὸς
2359 1098 2666 1169 Ῥωμαίους
2693 1098 2917 1151 σπονδαὶ
2947 1098 3236 1151 διελύοντο.
3274 1100 3384 1150 Καὶ
3405 1097 3472 1168 δή
3511 1099 3693 1151 Man-—

2085 1192 2148 1244 τά
2173 1193 2205 1260 η
2262 1189 2429 1244 αὐτοῦ
2447 1191 2659 1260 γαμετὴ
2689 1190 2786 1260 τὴν
2805 1189 2901 1243 τοῦ
2923 1189 3079 1247 ἔθους
3103 1188 3417 1259 ἐπιπροπην
3443 1188 3674 1257 ἔχουσα,

2092 1283 2344 1353 Φοινίκην
2379 1299 2438 1334 τε
2468 1283 2563 1335 καὶ
2600 1281 2968 1350 Παλαιστίνην
2992 1284 3087 1336 καὶ
3112 1279 3182 1332 τὰ
3209 1280 3348 1350 πρὸς
3390 1281 3676 1346 Αἴγυπτον

2093 1378 2150 1439 ἐξ
2183 1375 2482 1444 εὐωνύμων
2527 1376 2641 1436 τοίς
2693 1375 2784 1426 τὸν
2825 1372 3017 1426 Νεῖλον
3059 1372 3394 1425 ἀναπλέουσι
3435 1371 3584 1424 κατὰ
3611 1373 3675 1422 τὺ

2105 1467 2360 1535 Ἀράϐιον
2391 1467 2725 1534 καλούμενον
2778 1464 2948 1533 κλίμα
2997 1463 3252 1528 ἐπιοῦσα,
3300 1463 3480 1533 ἐδῄου.
3518 1463 3581 1515 Ὀ
3614 1464 3671 1516 δὲ

2095 1559 2349 1627 πόλεμος,
2395 1557 2494 1626 οὐχ
2529 1557 2603 1619 ὼς
2635 1557 2787 1625 παρὰ
2831 1555 3086 1624 γυναικὸς
3116 1555 3276 1623 δῆθεν
3325 1557 3672 1624 ἐσκευασμέ-

2095 1668 2205 1712 νος.
2243 1649 2423 1718 ῥᾴδιος
2455 1645 2523 1718 ἦν
2545 1663 2560 1675 ⁸
2593 1648 2689 1700 καὶ
2717 1646 2824 1714 γάρ
2847 1663 2980 1714 φασι
3014 1646 3277 1716 μεγίστην
3303 1662 3364 1698 τε
3397 1649 3492 1700 καὶ
3534 1663 3666 1713 καρ-

2093 1739 2280 1810 τεράν,
2315 1739 2474 1808 εἴπερ
2505 1739 2656 1801 ποτὲ,
2698 1739 2793 1790 καὶ
2824 1738 3029 1806 ταύτην
3059 1738 3398 1808 συρραγῆναι
3427 1739 3528 1806 τὴν
3562 1743 3668 1807 μά·

2095 1851 2197 1903 χην
2234 1832 2522 1902 Ῥωμαίως
2547 1848 2560 1860 ⁶
2599 1831 2692 1884 καὶ
2744 1833 2801 1889 ἐς
2848 1832 3003 1882 τόσον
3032 1831 3186 1892 δέους
3228 1829 3427 1890 ἐλθεῖν,
3453 1830 3526 1894 ὡς
3570 1832 3668 1882 καὶ

417 1925 651 1979 pugnam
698 1912 1044 1967 commisisse
1071 1913 1285 1969 dicunt.
1323 1915 1430 1971 Res
1458 1933 1589 1972 sane
1621 1918 1688 1972 ad
1712 1935 1839 1974 eum
1878 1935 1990 1974 me-

2109 1927 2200 1978 τῶν
2230 1924 2372 1976 κατὰ
2410 1923 2510 1992 τὴν
2550 1923 2624 1976 Em
2650 1923 2949 1992 ταγμάτων
2981 1923 3070 1974 τὸν
3104 1922 3469 1992 ἐξηγούμενον
3519 1923 3664 1990 σύμ-

419 2011 533 2054 tum
588 2004 878 2072 pervenit,
940 2014 999 2056 ιιι
1056 2007 1341 2075 capiarum
1399 2009 1720 2063 militarium
1772 2012 1881 2064 dux
1932 2012 1988 2065 in

417 2093 698 2148 thnieia
721 2131 736 2154 .
764 2094 1058 2150 Orientalis
1085 2099 1367 2152 exercitus
1399 2099 1592 2154 ducem
1623 2100 1690 2154 ad
1725 2101 1986 2154 auxilium

417 2183 520 2237 sibi
566 2184 850 2240 ferendum
886 2188 1152 2243 evocarit.
1184 2192 1363 2258 Atque
1391 2189 1480 2244 ille
1519 2193 1864 2250 vocationem
1910 2202 1992 2247 ta-

416 2277 548 2339 lem,
586 2278 826 2332 hostium
859 2280 1072 2334 scilicet
1102 2292 1449 2350 contemptu,
1484 2282 1641 2348 risit;
1673 2293 1731 2339 et
1766 2300 1880 2340 rem
1914 2284 1990 2338 ita

419 2369 658 2423 instituit
680 2409 696 2430 ,
735 2379 794 2425 ttt
825 2371 916 2440 qui
947 2381 1073 2426 eum
1104 2383 1396 2428 vocaverat
1430 2375 1484 2428 in
1518 2377 1636 2430 acie
1669 2360 1778 2431 non
1820 2387 1989 2440 esset,

417 2461 512 2514 sed
537 2477 566 2514 a
594 2479 772 2531 pugna
799 2476 1124 2535 segregatus
1144 2480 1424 2536 spectator
1447 2479 1658 2525 tantum
1678 2472 1801 2543 ejus
1819 2481 1990 2528 esset.

421 2553 622 2606 Verum
659 2556 844 2623 pl'mlio
876 2560 1204 2623 commisso,
1249 2571 1305 2616 et
1348 2561 1519 2615 Mavia
1563 2569 1788 2618 strenue
1849 2565 1993 2618 resl-

419 2657 623 2709 s’cute,
652 2648 896 2704 Orientis
924 2651 1030 2704 tlnx
1065 2667 1190 2705 cum
1224 2653 1342 2707 suis
1376 2655 1430 2708 in
1463 2653 1644 2725 fugam
1668 2657 1996 2721 versus,vix

421 2743 640 2796 tandem
683 2759 711 2797 a
759 2745 1061 2802 Palaestinis
1094 2757 1150 2801 et
1197 2749 1550 2804 l’hcenicibus
1576 2750 1846 2805 militibus
1877 2767 1994 2806 scr-

422 2846 580 2890 vatus
608 2844 710 2890 est.
743 2837 941 2892 lim-um
970 2838 1117 2892 enim
1145 2838 1436 2909 praefectus
1459 2840 1551 2894 ubi
1581 2841 1733 2896 illum
1760 2841 1995 2896 subinde

421 2945 478 2979 sc
510 2939 917 2982 convertentem
952 2929 1137 2999 fugere
1169 2930 1326 2989 vidit.
1352 2931 1576 2986 stultum
1605 2947 1730 2988 esse
1760 2933 1992 3003 putavit,

422 3031 575 3073 ostra
614 3036 842 3089 pugnam
869 3021 944 3076 ita
979 3023 1306 3086 consistere,
1341 3023 1422 3077 uti
1451 3025 1499 3080 ei
1532 3026 1845 3080 mandatum
1881 3025 1998 3080 fue-

341 3095 345 3100 ’
427 3121 534 3164 rat.
563 3111 798 3166 Proinde
829 3112 1000 3180 signis
1035 3113 1237 3178 illatis,
1270 3115 1521 3188 cominus
1553 3131 1677 3171 cum
1713 3117 1997 3173 Arabibus

426 3215 508 3256 cst
540 3219 891 3274 congressus.
923 3205 1003 3259 ita
1038 3205 1265 3272 factum,
1296 3215 1354 3260 ut
1385 3207 1474 3262 ille
1502 3217 1718 3280 tempus
1748 3209 1994 3281 fugiendi

429 3297 482 3350 lu
512 3297 690 3350 locum
722 3306 897 3350 tutum
927 3297 1155 3352 haberet
1183 3317 1197 3353 :
1231 3299 1348 3369 ipse
1373 3315 1512 3355 vero
1531 3287 1736 3357 sensim
1767 3317 1826 3356 se
1857 3303 1998 3357 reei-
2025 3283 2071 3341 (ἶ

427 3392 606 3459 pictis,
637 3398 800 3460 atque
825 3390 989 3443 etiam
1023 3399 1173 3461 tergi
1205 3401 1446 3459 vertens,
1479 3394 1586 3450 tela
1611 3395 1910 3460 emitteret,
1943 3406 2000 3451 et

429 3484 615 3536 hostes
657 3483 982 3554 ingruentcs
1023 3483 1220 3554 jaculis
1261 3486 1636 3542 submoveret.
1679 3487 1812 3555 Qua:
1847 3505 1936 3544 res
1968 3504 1999 3543 a

430 3577 616 3630 multis
641 3576 733 3629 diu
765 3585 847 3630 est
873 3589 1198 3643 memorata,
1229 3578 1297 3633 ab
1322 3579 1456 3649 ipsis
1481 3580 1648 3634 etiatn
1680 3559 2002 3638 Sarracenis

429 3668 770 3723 carminibus
802 3671 1101 3727 celebrata.
1129 3671 1199 3725 Et
1219 3671 1346 3741 quia
1374 3672 1575 3728 bellum
1606 3673 1713 3730 hoc
1741 3691 1999 3746 magnum

430 3770 485 3813 ct
513 3775 674 3829 grave
721 3759 984 3813 Romanis
1031 3760 1382 3824 imminebat,
1429 3763 1639 3832 legatos
1670 3764 1736 3818 ad
1771 3764 2000 3819 Maviam

431 3850 497 3904 de
533 3866 663 3920 pace
691 3837 986 3906 mittendos
1014 3868 1138 3909 esse
1169 3855 1345 3908 visum
1376 3861 1484 3909 est.
1521 3856 1590 3911 At
1625 3855 1714 3911 illa
1749 3857 1990 3926 primum

433 3943 584 4011 pacis
615 3943 964 4000 conditiones
1005 3959 1130 3998 cum
1181 3945 1445 4000 Romanis
1498 3945 1736 4016 superbe
1787 3948 2001 4017 rejecit.

440 4034 539 4088 Ubi
567 4049 696 4088 vero
724 4033 973 4088 doctrina
996 4049 1278 4090 sacrorum
1306 4043 1624 4090 nostrorum
1657 4045 1742 4089 est
1767 4035 2004 4100 initiata,

436 4142 622 4196 pacem
655 4129 726 4180 ita
753 4127 984 4195 recepit,
1013 4127 1058 4180 si
1085 4126 1280 4189 Moses,
1311 4126 1405 4197 qui
1437 4137 1548 4182 tum
1582 4127 1636 4181 in
1669 4126 1848 4180 vicina
1881 4127 2010 4180 soli-

440 4219 630 4274 tudine
685 4217 1062 4288 philosophice
1113 4218 1382 4289 degebat,
1439 4222 1736 4290 episc0pus
1785 4219 2008 4274 ditionis

437 4328 548 4365 sua:
609 4313 937 4380 populorum
997 4319 1470 4366 consecraretur:
1521 4312 1607 4365 vir
1655 4312 1896 4378 virtute,
1953 4319 2011 4366 et

441 4401 564 4461 vitat-
610 4406 902 4460 sant-tiaris
949 4406 1276 4470 severitate,
1323 4405 1700 4475 prodigiisque
1738 4415 1793 4460 et
1839 4404 2010 4476 signis

440 4499 626 4553 multis
656 4492 906 4553 illustris.
935 4499 1098 4568 206
1125 4497 1280 4565 Quod
1309 4497 1400 4553 ubi
1429 4499 1502 4554 ita
1535 4497 1653 4552 fieri
1679 4497 1881 4552 debere
1906 4497 2012 4551 lm-

2093 2033 2268 2086 μαχον
2316 2015 2414 2068 τὸν
2455 2017 2514 2068 ἐν
2562 2017 2780 2086 Φοινίκῃ
2829 2017 3134 2085 στρατηγὸν
3189 2015 3666 2085 μετακαλέσασθ;ιι

2093 2109 2400 2164 συλλαϐεῖν.
2427 2109 2532 2161 Τὸν
2561 2109 2616 2162 δέ
2644 2109 2874 2178 γελάσαι
2904 2110 3004 2177 μὲν
3031 2109 3128 2179 τὴν
3162 2108 3378 2177 κλῆσιν,
3411 2109 3504 2161 καὶ
3523 2110 3666 2160 ἁπό-

2095 2219 2270 2271 μαχον
2299 2200 2556 2268 γενέσθαι
2610 2200 3014 2271 συμϐουλεῦσαι
3061 2200 3151 2254 τὸν
3183 2202 3528 2270 κεκληκὸτα⁸
3569 2203 3667 2270 τῆς

2091 2293 2148 2346 δέ
2180 2293 2540 2364 παρατάξεως
2585 2294 2886 2362 γενομένης
2933 2293 3152 2355 Μαυῗας
3206 2293 3675 2361 ἀντιστρατηγοῦ-

2096 2400 2195 2452 σης
2225 2383 2496 2450 τραπῆναι
2529 2383 2618 2434 τὸν
2653 2381 2761 2433 τῶν
2787 2380 3121 2433 ἀνατολικῶν
3150 2379 3554 2449 ἐξηγούμενον,-
3576 2383 3674 2432 καὶ

2099 2475 2254 2542 μόλις
2308 2473 2642 2544 διασωθῆναι
2687 2456 2838 2542 παρά
2887 2472 2996 2523 τῶν
3031 2471 3407 2525 Παλαιστινῶν
3440 2476 3531 2523 καῖ
3559 2471 3674 2522 τῶν

2097 2567 2152 2618 ἐν
2170 2567 2388 2634 Φοινίκῃ
2427 2564 2796 2633 στρατιωτῶν.
2821 2563 2976 2616 Ἐπεὶ
3000 2564 3109 2633 γάρ
3143 2555 3284 2616 οἶδεν
3310 2565 3515 2615 ἐκεῖνον
3540 2563 3675 2630 φεύ-

2095 2675 2262 2724 γοντα
2305 2657 2713 2728 προτροπάδην,
2747 2657 2853 2722 ἔξω
2891 2657 3070 2724 μάχης
3101 2656 3344 2716 ἑστάναι,
3380 2655 3573 2724 ὥσπερ
3605 2651 3673 2724 ἦν

2095 2750 2602 2820 προστεταγμένον,
2629 2747 2824 2816 εὔηθες
2859 2747 3018 2818 ᾤετο.
3054 2749 3160 2800 Καὶ
3189 2746 3252 2816 δὴ
3314 2745 3671 2816 προσϐαλὼν,

2098 2840 2242 2893 κατά
2271 2841 2442 2908 στόμα
2475 2841 2833 2910 προσυπῆντα
2861 2841 2974 2901 τοῖς
3002 2841 3239 2909 Ἀραψιο
3271 2840 3348 2909 τῷ
3387 2841 3445 2892 δὲ
3478 2840 3678 2908 καιρὸν

2097 2932 2272 2984 ἐδίδου
2315 2932 2538 3000 φεύγειν
2573 2933 2629 2984 ἐν
2672 2931 2925 3000 ἀσφαλεῖ.
2949 2931 3115 2993 Λύτδς
3146 2931 3202 2983 δέ
3234 2915 3417 3000 ἡρέμα
3462 2931 3683 3001 ἀναχω-

2101 3024 2234 3094 ρῶν,
2258 3025 2409 3092 ἀφίει
2441 3026 2530 3076 καὶ
2560 3023 2778 3092 φεύγων
2807 3024 2876 3076 τὰ
2908 3022 3057 3093 βέλη,
3088 3023 3180 3074 καὶ
3221 3025 3348 3084 τοὺς
3381 3023 3681 3091 πολεμίους

2099 3117 2502 3185 είστρέχοντας,
2554 3119 2666 3178 τοῖς
2721 3115 2932 3185 βέλεσιν
2977 3115 3355 3186 ἀπεκρούετο·
3392 3115 3427 3169 ἃ
3459 3115 3524 3185 δὴ
3578 3118 3678 3168 καὶ

2101 3210 2320 3271 πολλοῖς
2353 3211 2446 3261 ἐπὶ
2477 3209 2687 3278 μακρδν
2714 3210 2802 3261 διά
2836 3210 3059 3278 μνήμης
3082 3203 3226 3279 ἦσαν
3245 3223 3260 3238 ·
3289 3209 3594 3278 Σαρακηνοί
3620 3209 3680 3262 δὲ

2105 3304 2198 3355 καὶ
2229 3303 2286 3354 ἐν
2319 3301 2542 3369 μέλεσιν
2576 3295 2724 3372 ᾖδον.
2761 3301 3008 3368 Σφοδρᾶς
3039 3299 3094 3352 δὲ
3119 3299 3220 3368 τῆς
3253 3299 3433 3368 μάχης
3469 3300 3684 3351 ἐπικει-

2106 3395 2297 3464 μένης,
2345 3393 2456 3446 δεῖν
2509 3394 2700 3458 ἐδνὲιιιειχ
2737 3393 3033 3462 πρεσϐείαν
3086 3391 3228 3460 ὑπὲρ
3261 3393 3488 3463 εἰρήνης
3543 3393 3682 3460 πρὸς

2101 3487 2323 3541 Μαυΐαν
2379 3487 2576 3540 ποιεί-ι.
2642 3485 2754 3553 Τὴν
2805 3485 2849 3537 δ’
2916 3485 3396 3555 ύπερφρονοῦσαν,
3451 3485 3520 3536 τά
3581 3486 3684 3552 μὲν

2103 3578 2299 3648 πρῶτα
2343 3579 2420 3646 μὴ
2461 3577 2854 3646 καταδέχεσθαι
2908 3578 3007 3639 τὰς
3051 3578 3370 3647 Ῥωμαϊκὰς
3411 3576 3680 3632 σπονδάς’

2103 3667 2173 3722 τά
2199 3666 2441 3735 ἡμέτερα
2467 3665 2524 3718 δέ
2565 3665 2888 3734 μυηθείσαν,
2915 3667 2972 3729 ἐς
2997 3664 3228 3734 ὕστερον
3256 3665 3540 3730 δέξασθαι,
3566 3665 3682 3731 εἴγε

2105 3761 2201 3813 καὶ
2262 3761 2290 3812 ὀ
2338 3759 2583 3829 τηνικάὸ“
2638 3761 2696 3812 ἐν
2727 3761 2844 3821 ταῖς
2887 3759 3056 3819 πέλας
3105 3759 3336 3828 ἐρήμοις
3373 3759 3683 3826 φιλοσοφῶν

2105 3853 2310 3921 Μωσῆς
2366 3851 2664 3914 ἐπίσκοπος
2720 3855 2832 3913 τοῖς
2869 3851 2973 3904 vii-.6
3028 3850 3126 3922 τὴν
3159 3852 3336 3920 ἀρχὴν
3367 3851 3539 3919 αὐτῆς
3575 3869 3686 3918 χει-

2110 3947 2450 4016 ροτονηθείη,
2494 3945 2633 4016 ἀνὴρ
2655 3947 2825 4015 ἀρετῇ
2852 3946 2946 3996 καὶ
2972 3945 3231 4014 ἀκριϐείᾳ
3255 3944 3400 4014 βίου,
3435 3945 3686 4012 σημείοις

2109 4040 2204 4094 καὶ
2252 4039 2440 4108 τέρασι
2494 4038 2712 4101 πολλοῖς
2763 4038 3105 4106 διαλάμπων.
3143 4037 3253 4089 Τοῦ
3302 4037 3361 4092 δὲ
3415 4035 3686 4106 βασιλέως

2113 4133 2457 4203 μηνύσαντος
2503 4127 2584 4194 οἷς
2633 4133 3004 4200 ἐπιτέτραπτο
3035 4130 3067 4199 ἠ
3099 4129 3209 4182 τῶν
3257 4129 3448 4181 ἐνθάδε
3481 4129 3687 4196 ἡγεμο·

2109 4225 2221 4290 νία,
2253 4224 2688 4292 συνελαμϐάνετο
2735 4224 3014 4292 Μωῡσῆς,
3061 4223 3158 4274 καὶ
3206 4221 3300 4272 ἐπὶ
3349 4218 3689 4290 χειροτονίαν

2111 4317 2264 4386 παρὰ
2292 4315 2384 4369 τδν
2409 4316 2714 4399 τηνικαῦτα
2747 4316 2848 4385 τὴν
2880 4313 3237 4384 Ἀλεξάνδρου
3281 4313 3514 4380 λαχόντα
3555 4311 3694 4364 Λού-

2113 4425 2234 4462 κιον
2269 4409 2457 4478 ἦγετο.
2505 4407 2562 4461 ’0
2613 4408 2670 4460 δὲ
2723 4406 3008 4478 παρρησίᾳ
3049 4410 3291 4471 πάντων,
3350 4424 3368 4456 ι
3409 4403 3694 4473 Ἐπίσχες,

2113 4500 2218 4570 ἔφη
2243 4517 2258 4532 ⁸
2296 4500 2356 4552 οὐ
2387 4501 2496 4571 γὰρ
2531 4499 2699 4565 ἀξίως
2729 4501 2856 4570 ἔχω,
2887 4499 3059 4569 ὄνομα
3087 4500 3183 4553 καὶ
3220 4498 3390 4567 τιμὴν
3420 4499 3694 4567 ἀρχιερωο

431 4600 660 4662 pcratnr
689 4591 768 4644 eis
801 4589 1147 4661 signiﬁcavit,
1179 4589 1381 4660 quibus
1411 4605 1472 4644 ea
1504 4588 1721 4659 imperii
1750 4603 1879 4659 pars
1906 4605 1998 4644 cu-

2118 4593 2283 4660 σύνης
2317 4592 2679 4662 κληροῦσθαι.
2703 4593 2765 4645 Εἰ
2795 4592 2842 4645 δ’
2866 4591 2977 4661 ἄρα
3008 4608 3100 4661 μοι
3131 4591 3229 4645 καὶ
3258 4587 3496 4650 ἀναξίως
3515 4588 3696 4657 ἔχοντι

439 4685 610 4739 randa
649 4686 945 4739 commissa
994 4684 1207 4750 fuerat,
1259 4685 1438 4741 Moses
1469 4693 1811 4755 assumptus,
1844 4693 1899 4739 et
1944 4683 2010 4738 ad

441 4777 670 4833 Lucium
698 4779 790 4847 qui
818 4794 884 4833 eo
914 4786 1162 4849 tempore
1192 4778 1580 4834 Alexandrinae
1612 4778 1871 4834 Ecclesiae
1900 4777 2018 4848 epi-

440 4881 724 4940 scopatum
760 4870 1216 4934 administrabat,
1254 4883 1315 4924 ut
1351 4870 1420 4925 ab
1461 4887 1528 4926 co
1570 4878 2012 4932 consecraretur,

441 4963 714 5018 adductus
756 4972 857 5020 est.
908 4963 986 5018 ibi
1022 4964 1113 5018 ille
1157 4963 1225 5018 ad
1251 4979 1376 5019 eum
1411 4965 1588 5033 palam
1644 4972 1701 5018 et
1746 4962 1919 5017 libere
1957 4962 2010 5015 in

443 5056 731 5126 prarsentia
763 5059 1047 5110 omnium:
1085 5075 1104 5109 ι
1143 5056 1376 5112 Abstine
1403 5066 1476 5123 te,
1504 5056 1717 5126 inquit;
1751 5054 2013 5123 indignus

441 5147 588 5199 enim
621 5162 767 5211 sunt,
811 5148 903 5217 qui
935 5164 1134 5202 nomen
1179 5160 1236 5204 et
1277 5149 1540 5204 honorem
1583 5145 1828 5216 episcopi
1869 5145 2014 5200 obti-

443 5251 626 5290 neant.
671 5239 739 5290 At
779 5237 824 5291 si
874 5247 1012 5291 nutu
1051 5253 1154 5293 suo
1199 5254 1284 5292 me
1330 5253 1394 5293 ea
1445 5238 1714 5309 dignitate
1755 5238 2032 5307 dignatur

448 5329 610 5394 Dens,
648 5340 841 5386 testem
871 5329 1022 5384 illum
1054 5330 1216 5393 facio,
1253 5347 1533 5400 nunquam
1568 5340 1617 5384 te
1647 5330 1780 5384 milti
1817 5345 2012 5382 manus

353 5493 356 5496 ξ
449 5425 837 5494 impositurum
879 5441 1022 5491 esse,
1052 5442 1190 5496 quas
1221 5441 1421 5479 rruore
1451 5435 1507 5480 et
1537 5426 1659 5480 tabe
1692 5434 2010 5478 sanctorum

449 5518 688 5571 virorum
739 5518 1136 5588 eonspurcasti.
1185 5537 1202 5569 ι
1238 5517 1472 5582 Lucius,
1518 5533 1626 5570 non
1670 5527 1814 5572 recte
1861 5516 2014 5570 illum

524 5627 1009 5747 (|)2'[‘Ir:odorctus
1069 5631 1256 5697 habet,
1315 5629 1747 5696 Ismaclilarum,
1789 5627 1886 5682 lib.
1924 5643 2015 5688 tv,

524 5713 569 5747 υ.
643 5717 691 5747 ι).

454 5712 569 5764 cap.
606 5712 691 5749 τι).

2118 4682 2268 4736 τοῦτ’
2298 4684 2539 4738 ἐπινεύοι
2569 4683 2723 4750 Θεὸς,
2764 4684 2956 4737 τοῦτον
3009 4680 3464 4752 ἐπιμαρτύρομαι
3492 4680 3569 4741 ὡς
3597 4678 3706 4730 οὐκ

2121 4776 2232 4847 ἄρα
2267 4794 2358 4846 μοι
2406 4777 2504 4840 τὰς
2543 4776 2644 4840 σάς
2678 4777 2841 4839 αὐτὸς
2888 4779 3080 4845 χεῖρας
3133 4773 3442 4836 ἐπιϐαλείς,
3496 4771 3694 4840 αἵμασι

2122 4871 2216 4922 καὶ
2263 4869 2481 4942 λύθροις
2531 4869 2889 4940 πεφυρμένα-ς
2919 4867 3093 4936 ἁγίων
3124 4865 3357 4938 ἀνδρῶν.
3394 4883 3412 4916 ι
3455 4864 3599 4934 Πρὸς
3640 4862 3695 4914 δὲ

2118 4965 2292 5019 ταῦτα
2322 4963 2350 5016 ὁ
2379 4960 2614 5022 Λούκιος
2648 4963 2722 5028 μὴ
2752 4961 2878 5013 ὅσια
2903 4962 3078 5012 ποιεῖν
3111 4957 3291 5024 ἔλεγε,
3339 4957 3471 5027 πρὶν
3507 4955 3695 5023 μαθεῖν

2120 5059 2220 5126 τὴν
2248 5055 2461 5108 ἐκείνου
2503 5054 2713 5117 πίστιν,
2747 5052 3159 5122 ἁποσειόμενον.
3207 5049 3266 5101 Et
3301 5049 3357 5101 δέ
3383 5047 3542 5113 λόγος
3584 5043 3693 5096 δια-

2123 5150 2312 5218 ϐολῆς,
2348 5146 2545 5217 κριτὴν
2577 5146 2855 5213 γενέσθαι,
2889 5146 2985 5196 καὶ
3019 5142 3089 5196 τὰ
3134 5142 3254 5197 κατ’
3283 5141 3447 5192 αὑτὸν
3475 5137 3693 5190 ἀκούειν

2124 5237 2521 5308 προύτρέπετο.
2558 5236 2768 5304 Μωσῆς
2807 5234 2886 5299 δέ,
2922 5253 2943 5285 ι
2984 5233 3145 5286 ’Δλλὰ
3175 5233 3319 5302 σαφῆ
3347 5230 3448 5292 τὴν
3485 5228 3582 5298 σὴν
3609 5227 3694 5278 πίε

2126 5347 2245 5383 στιν
2277 5330 2555 5382 δείκνυσιν
2587 5329 2618 5397 ἡ
2675 5326 2786 5379 τῶν
2813 5326 3134 5379 ἐπισκόπων
3163 5325 3258 5378 καὶ
3314 5322 3697 5392 πρεσϐυτέρων

2127 5419 2416 5488 ὑπερορία,
2474 5419 2571 5471 καὶ
2626 5419 2743 5470 ὅσοι
2793 5419 2852 5470 ἐν
2919 5416 3206 5486 μετάλλοις
3255 5414 3473 5484 πικρῶς
3513 5413 3575 5465 τὸ
3601 5414 3697 5482 ζῇν

2125 5512 2424 5566 διανύουσι.
2463 5511 2569 5564 Καί
2600 5527 2663 5577 γε
2706 5510 2770 5562 σὺ
2803 5511 3004 5575 ἐκεῖνα,
3039 5505 3218 5578 οἶμαι,
3241 5505 3509 5575 -Χριστοῦ
3560 5522 3698 5573 γνω-

2203 5625 2277 5691 (‘2)
2304 5625 2473 5678 Mrwia
2517 5623 2676 5678 ﬁliam
2715 5640 2866 5680 suam
2899 5619 3102 5680 Vit'turi
3147 5623 3395 5677 Romano
3435 5619 3561 5675 duci
3595 5631 3695 5672 nu-

2131 5695 2244 5763 ptui
2277 5697 2530 5752 collocat.
