3936 6206
221 315 330 377 733

1113 317 1712 382 ECCLESIASTICE
1754 322 2149 381 IllSTORle.
2187 325 2334 384 Llll.
2383 324 2484 385 XI.

3361 322 3468 389 73‘i

217 437 464 496 ρῑεματα
510 424 634 489 οἴει,
667 424 703 478 ἃ
733 424 1082 478 παντάπασιν
1131 428 1432 499 ἀλλοτρίως
1489 431 1625 499 πρὸς
1669 430 1791 498 Χρι-

1909 431 2072 487 ’accre
2120 433 2282 495 dixit,
2321 433 2415 501 qui
2463 433 2615 498 prius
2657 431 2818 487 ﬁdem
2864 434 3022 503 ejus,
3056 449 3220 504 quam
3267 449 3470 505 cogno-

218 519 347 571 στὸν
381 518 516 588 ἔχει,
550 516 646 570 καὶ
706 516 845 586 πρὸς
900 517 1029 579 τοὺς
1083 518 1262 587 όροῶς
1319 519 1640 585 δοξάζοντας
1683 520 1792 574 τῶν

215 611 546 678 ἀνθρώπων.
601 628 621 662 ι
661 611 845 662 Ταῦτα
895 609 951 662 δέ
1005 610 1184 678 λέγων
1218 611 1527 682 ἐπώμνυτο,
1594 613 1669 683 μὴ
1725 615 1792 666 ἂν

214 703 481 772 ὑποσχεῖν
533 719 664 754 ποτε
711 701 812 770 τὴν
852 701 1040 770 κκὰραν
1085 703 1321 772 Λουκίῳ.
1355 706 1468 760 Καὶ
1508 704 1572 775 δὴ
1601 705 1650 757 οί
1681 705 1793 758 τῶν

226 794 521 862 Ῥωμαίων
551 793 822 863 ἡγεμόνες
856 793 1332 864 παραιτησάμενοι
1364 795 1618 858 Λούκιον,
1652 796 1794 866 πρὸς

212 887 349 945 τοὺς
399 886 458 936 ἐν
507 886 654 952 φυγῇ
707 883 867 946 ὅντας
923 885 1033 936 τῶν
1087 885 1404 939 ἐπισκόπων
1448 887 1542 940 τδν
1587 887 1793 957 Μωσῆν

215 977 487 1044 ἁςγουσιν·
522 973 583 1038 ἐξ
615 969 692 1028 ῶν
738 974 802 1027 τδ
855 974 1067 1045 χρίσμα
1127 977 1225 1046 τῆς
1257 977 1538 1049 ίεραρχίας
1590 977 1793 1044 λαδὼν,

219 1084 288 1117 πε
303 1069 354 1134 pl
388 1065 517 1129 τοὺς
564 1067 914 1136 Σαρακηνοὺς
956 1064 1125 1138 ἦλθεο
1159 1068 1257 1122 καὶ
1298 1069 1369 1123 τὰ
1405 1068 1612 1138 μεταξὺ
1653 1069 1795 1122 Ῥω-

223 1159 405 1225 μαίων
430 1158 522 1211 καὶ
554 1159 776 1211 ἐκείνων
801 1157 1212 1229 διαλυσάμενος,
1238 1160 1460 1230 θεοφιλῆ
1483 1161 1584 1231 τὴν
1610 1161 1800 1232 ίεραρ-

221 1252 357 1316 χίαν
392 1247 600 1302 ἐτέλει’
637 1249 732 1303 καὶ
760 1250 884 1303 λίαν
928 1251 1153 1321 βραχεῖς
1197 1249 1396 1320 εὑρὼν,
1444 1252 1631 1320 σχεδὸν
1649 1254 1800 1314 κπάν·

218 1358 326 1402 τας
385 1341 770 1410 Χριστιανέσαι
833 1344 1306 1411 παρεσκευάσατο.
1367 1344 1430 1397 Ἦ
1495 1343 1551 1397 δὲ
1605 1345 1798 1399 Μαυῖα

221 1431 454 1498 εἰρήνην
479 1431 574 1483 τοῦ
605 1430 796 1485 λοιποῦ
825 1427 928 1502 ἦγε
961 1433 1278 1501 Ῥωμαίοις,
1300 1433 1376 1492 ὠς
1400 1434 1494 1486 καὶ
1516 1435 1798 1503 Θυγατέρα

225 1524 402 1589 αὐτῆς
426 1522 646 1589 Βίκτορι
664 1525 744 1593 τῷ
762 1525 1108 1596 στρατηλάτῃ
1130 1529 1523 1596 κατεγγυῆσαι.
1547 1526 1798 1581 Τοσαῦτα

222 1616 325 1666 καὶ
355 1617 484 1686 περὶ
515 1616 744 1668 τούτων.

1900 522 2099 584 visset,
2139 523 2413 590 rejiccret.
2448 523 2602 588 Quod
2649 523 2696 576 si
2737 523 3012 578 calumnia
3057 525 3288 595 alicujus
3316 527 3467 581 dela-

1900 614 2036 668 toris
2081 614 2354 670 adductus
2398 631 2462 670 ea
2502 615 2670 669 verba
2715 616 2804 670 illc
2843 616 3187 684 protulisset,
3229 619 3466 688 judicent

1901 717 2024 758 cum
2058 720 2178 760 esse
2204 705 2376 758 voluit
2403 715 2504 768 ,~et
2545 713 2602 757 nt
2634 719 2723 760 res
2748 720 2874 760 suas
2916 706 3168 772 audiret,
3218 709 3471 761 hortatus

1898 807 2002 850 est.
2035 797 2211 850 Moses
2243 804 2425 850 autem
2455 815 2468 848 :
2503 813 2522 847 ι
2559 797 2726 864 Atqui
2753 795 2913 850 tidem
2936 806 3106 862 tuam,
3139 799 3235 863 ait,
3267 797 3472 868 liquido

1900 888 2035 942 satis
2068 888 2308 943 ostendit
2337 889 2724 958 episcOporum
2755 898 2810 944 et
2842 890 3289 960 presbyterorum
3320 890 3472 944 exsi-

1902 978 2058 1042 lium,
2091 988 2147 1034 et
2171 979 2248 1034 illi
2277 989 2547 1049 praeterea
2577 981 2671 1049 qui
2706 980 2761 1034 in
2796 981 3036 1035 metallis
3063 981 3471 1036 acerbissimam

1903 1071 2110 1142 degunt
2144 1072 2336 1126 vitam.
2373 1073 2456 1128 An
2500 1084 2556 1126 tu
2590 1088 2724 1126 vero
2769 1071 2888 1126 illas
2913 1071 3120 1126 Christi
3165 1081 3323 1126 notas
3351 1087 3474 1126 esse

1904 1173 2086 1232 putas,
2111 1179 2232 1232 qua:
2255 1179 2285 1218 a
2314 1164 2537 1219 Christo
2560 1173 2614 1217 et
2639 1165 2707 1219 ab
2737 1163 3056 1218 hominibus
3085 1173 3232 1218 recte
3258 1163 3326 1217 de
3360 1165 3470 1218 Deo

1904 1255 2272 1308 sentientibus
2305 1270 2532 1324 prorsus
2561 1265 2694 1310 sunt
2725 1246 3110 1309 alienissimae?
3143 1273 3160 1306 ι
3197 1254 3378 1324 Atque
3403 1255 3472 1308 ad

1908 1345 2021 1400 haec
2048 1347 2214 1400 verba
2243 1346 2618 1415 juramentum
2650 1346 2873 1415 adjecit,
2908 1361 3187 1416 nunquam
3214 1362 3271 1406 se
3306 1345 3476 1398 Lucio

1905 1446 2075 1506 caput
2101 1438 2478 1506 subiecturum
2507 1453 2646 1492 esse.
2679 1438 2851 1502 Quam
2880 1439 2950 1493 ob
2981 1454 3202 1492 causam
3239 1437 3472 1492 Romani

1906 1528 2098 1591 duces,
2129 1529 2305 1584 Lucio
2338 1530 2570 1598 rejeeto,
2609 1528 2791 1583 Mosen
2828 1529 2893 1583 ad
2933 1531 3223 1600 episcopos
3244 1571 3256 1592 ,
3289 1529 3381 1598 qui
3419 1529 3473 1580 in

1907 1621 2105 1674 exsilio
2148 1621 2416 1690 agebant.
2457 1621 2688 1676 duxere.
2732 1623 2774 1675 A
2808 1622 3008 1690 quibus
3043 1622 3138 1675 ille
3177 1621 3474 1690 episcopali

223 1711 493 1766 unctione
517 1720 764 1782 accepta,
791 1712 856 1766 ad
893 1712 1227 1768 Sarracenos
1260 1715 1521 1770 transiit:
1553 1724 1610 1768 et
1680 1715 2059 1785 pacitieatione
2105 1716 2274 1769 rebus
2348 1716 2495 1771 inter
2534 1731 2631 1770 eos
2668 1724 2724 1769 et
2788 1716 3064 1771 Rotnanos
3125 1715 3470 1784 compositis,

226 1805 324 1874 pie
355 1815 647 1876 sani-teque
673 1809 1048 1878 episcopatum
1087 1809 1522 1876 administravit;
1549 1821 1604 1866 et
1664 1827 1787 1867 eum
1850 1826 2062 1882 paucos
2127 1811 2204 1866 ibi
2241 1810 2586 1867 Christianos
2630 1812 2950 1881 reperisset,
2982 1826 3173 1864 omnes
3207 1824 3372 1879 prope
3404 1808 3473 1861 ad

228 1901 554 1970 religionem
613 1912 854 1958 nostram
945 1906 1230 1973 pertraxit.
1297 1905 1470 1960 Mavia
1533 1916 1716 1962 autem
1777 1907 2034 1978 deinceps
2090 1922 2278 1978 pacem
2364 1923 2489 1964 cum
2577 1906 2839 1961 Romanis
2916 1906 3141 1974 habuit,
3193 1907 3329 1964 adeo
3413 1913 3525 1959 ut,

229 1995 406 2049 tiliam
453 2011 607 2050 suam
654 1997 863 2052 Victori
907 1997 1036 2052 duci
1081 1998 1138 2052 in
1173 1999 1586 2054 matrimonium
1621 2001 1934 2056 collocarit.
1966 1999 2091 2057 llaec
2130 2003 2417 2056 hactenus.

811 2151 1036 2203 ΚΕΦΑΛ
1048 2190 1060 2204 .
1092 2151 1227 2206 MZ'.

228 2267 375 2336 Περὶ
400 2265 506 2320 τοῦ
531 2263 748 2333 γένους
803 2263 923 2317 τῶν
955 2263 1355 2336 Ἶσιεαηλιτῶν
1412 2266 1512 2336 καί
1553 2265 1768 2336 Ἀγαρη

304 2332 452 2402 θῶν,
516 2332 718 2388 εἶτουν
782 2332 1169 2402 Σαρακηνῶν,
1219 2336 1406 2390 πόθεν
1450 2335 1565 2400 τὴν
1603 2332 1804 2402 ἀρχὴν

299 2409 518 2541 1ἔσχον,
568 2403 666 2456 καὶ
696 2403 854 2470 ὅπως
909 2405 1016 2458 τὸν
1043 2405 1513 2472 Χριστιανισμὸν
1558 2404 1803 2472 παρεδέ-

342 2494 510 2530 arto.

342 2494 510 2530 αγτο.

301 2590 378 2644 Τδ
401 2590 458 2643 δὲ
507 2589 618 2644 τῶν
648 2589 986 2660 Σαρακηνῶν
1013 2589 1204 2658 φῦλον,
1249 2588 1320 2642 τά
1355 2588 1456 2659 μὲν
1487 2589 1678 2659 πρῶτα
1704 2589 1803 2661 τὴν

228 2680 329 2732 τοῦ
365 2680 594 2750 Ἰσμαὴλ
646 2682 1019 2752 προσηγορίαν
1045 2681 1228 2747 λαϐὸν,
1265 2684 1392 2746 παῖς
1428 2683 1484 2736 δὲ
1518 2682 1673 2746 οὗτος
1707 2682 1802 2736 τοῦ

238 2775 528 2844 Ἀϐραὰμ,
555 2775 895 2846 Ίσμαηλῖται
923 2776 1030 2828 ἀπὸ
1069 2775 1164 2828 τοῦ
1204 2779 1552 2847 προπάτορος
1584 2776 1801 2846 ὠνομά-

224 2869 396 2933 ζοντο
452 2871 564 2930 τοῖς
617 2861 900 2938 ἀρχαίοιςο
931 2868 1353 2938 άποτριὸόμενοι
1383 2870 1428 2922 δ’
1468 2871 1667 2922 ἐκεῖνοι
1712 2869 1804 2922 τὸν

223 2962 298 3012 ἐκ
331 2957 430 3012 τοῦ
457 2959 612 3012 νόθου
650 2959 862 3030 μῶμον,
894 2960 990 3012 καὶ
1040 2959 1144 3028 τῆς
1172 2958 1416 3023 δουλείας
1463 2959 1555 3012 τὸν
1580 2958 1803 3030 ἔλεγχον

223 3050 422 3122 (δούλη
451 3052 560 3120 γὰρ
611 3052 645 3118 ἠ
706 3051 890 3120 μήτηρ
941 3051 1137 3121 ἐκείνῳ
1171 3051 1398 3122 Ἀγαρ),
1453 3051 1806 3122 Σαρακηνοὺς

227 3144 384 3212 σφᾶς
410 3143 608 3205 αὐτοὺς
639 3143 842 3212 μᾶλλον
875 3142 1182 3210 ὠνόμασαν,
1213 3143 1289 3207 ῶς
1317 3145 1425 3196 ἀπ’)
1469 3144 1684 3216 Σάρρας
1715 3144 1807 3213 δῆ-

226 3237 329 3288 Οεν
355 3236 721 3305 καταγόμενοι
747 3236 846 3304 τῆς
891 3237 1139 3305 γαμετῆς
1173 3236 1444 3306 Ἀϐραάμ.
1475 3237 1717 3290 Ἐκεῖθεν
1749 3238 1805 3290 δὲ

225 3330 337 3396 τὴν
367 3326 465 3380 τοῦ
514 3329 705 3395 γένους
744 3328 934 3397 σειρὰν
972 3329 1244 3394 ἕλκοντες,
1289 3329 1484 3398 ἐπίσης
1527 3329 1805 3399 Ἑϐραίοις

227 3419 313 3480 ὡς
341 3417 546 3470 ἐπίπαν
569 3417 668 3487 τὴν
693 3418 966 3470 πολιτείαν
995 3418 1222 3489 αὑχοῦσι
1243 3434 1257 3449 ⁶
1288 3421 1384 3490 τήν
1413 3438 1470 3472 τε
1505 3421 1613 3490 γὰρ
1640 3438 1806 3490 περιδ-

1823 2161 1873 2222 Β

2446 2154 2671 2211 CAPUT
2710 2157 2922 2213 XLV".

1906 2269 1983 2323 De
2009 2269 2405 2340 Ismaelt'tarum
2435 2281 2484 2326 et
2527 2274 2889 2342 Agarenorum
2922 2274 3027 2327 sive
3078 2273 3471 2328 Saracenorum

1971 2349 2144 2413 gente,
2171 2343 2310 2394 unde
2339 2343 2548 2396 initium
2574 2345 2926 2413 sumpserint,
2958 2353 3006 2395 et
3034 2343 3292 2410 quomodo
3317 2342 3472 2398 Chri-

1977 2412 2284 2472 tiauismitm
2311 2415 2657 2482 susceperint.

1976 2596 2145 2650 Porro
2190 2595 2623 2650 Sarracenorum
2681 2611 2816 2666 gens
2864 2597 3098 2666 primqu
3149 2592 3475 2664 cognomine

1906 2688 1974 2742 ab
2007 2687 2236 2742 lsmaele
2269 2697 2518 2758 accepto,
2549 2688 2642 2758 qui
2680 2689 2914 2744 Abraha:
2955 2689 3097 2742 tilins
3124 2688 3247 2748 fuit,
3279 2687 3478 2741 lsmae-

1907 2779 2019 2834 litae
2052 2780 2120 2834 ab
2151 2780 2429 2850 antiquis,
2469 2781 2536 2835 de
2583 2781 2747 2857 primi
2783 2797 2974 2835 eorum
3012 2781 3256 2851 parentis
3294 2779 3480 2849 appel-

1908 2872 2145 2939 latione,
2181 2874 2361 2928 vocati
2397 2882 2548 2929 sunt.
2594 2870 2662 2928 Ut
2694 2888 2876 2928 autem
2913 2873 3178 2926 maculam
3209 2869 3477 2939 illegitimi

1907 2974 2086 3031 ortus,
2114 2973 2172 3019 et
2202 2964 2483 3020 servitutis
2515 2976 2702 3019 notam
2745 2967 2764 3034 (
2798 2978 2960 3018 serva
2999 2964 3145 3018 enim
3179 2962 3280 3016 fuit
3306 2971 3480 3017 mater
3535 3009 3538 3014 .

1909 3056 2058 3112 illius
2083 3058 2270 3128 Agar),
2298 3073 2328 3111 a
2362 3072 2421 3112 se
2450 3058 2842 3121 amolirentur,
2876 3055 3210 3110 Sarracenos
3243 3070 3300 3110 se
3333 3054 3481 3124 ipsos

1910 3150 2286 3213 nominarunt,
2319 3149 2480 3219 207
2515 3149 2752 3219 perinde,
2779 3160 2946 3218 atque
2976 3164 3006 3202 a
3047 3146 3208 3202 Sarra
3245 3144 3480 3200 Abralne

1909 3243 2142 3314 conjuge
2170 3242 2397 3312 Stirpem
2423 3243 2716 3297 ducerent.
2743 3240 3014 3296 Caeterum
3045 3240 3242 3294 seriem
3265 3236 3484 3309 generis

1912 3333 2049 3404 inde
2085 3335 2366 3390 trahentes
2388 3375 2403 3399 ,
2447 3334 2642 3389 eodem
2674 3349 2800 3388 cum
2835 3330 3040 3386 Judaris
3068 3329 3287 3385 vivendi
3331 3343 3481 3382 more.

1915 3433 2164 3478 utuntur.
2193 3424 2327 3478 Nam
2359 3425 2831 3480 circumcisioncm
2866 3424 2938 3476 ita
2977 3431 3034 3475 ιιι
3065 3421 3139 3474 illi
3171 3421 3378 3481 colunt,
3423 3427 3481 3470 et

223 3514 412 3582 τομὴν
447 3512 524 3576 ὡς
558 3513 757 3566 ἐκείνοι
781 3511 1143 3576 ἀσπάζονται,
1177 3515 1270 3564 καὶ
1296 3513 1405 3566 τῶν
1439 3513 1602 3566 ὑείων
1633 3515 1801 3580 κρεῶν

1917 3528 1948 3566 a
1991 3513 2169 3567 suillis
2209 3514 2470 3568 carnibus
2515 3513 2834 3574 abstinent,
2885 3511 3171 3580 multaque
3219 3519 3480 3578 praeterea

225 3606 572 3675 ἀπέχονταιο
637 3604 732 3658 καὶ⁵
793 3603 964 3656 πολλὰ
1013 3603 1178 3673 ἔθιμα
1235 3605 1459 3656 ἐκείνων
1518 3604 1809 3673 φυλάττειν

229 3697 662 3762 σπουδάζουσιν.
699 3697 761 3748 Εί
784 3697 840 3749 δὲ
877 3696 951 3767 μὴ
987 3696 1165 3750 διόλου
1195 3697 1389 3766 ἐπίσης
1412 3695 1806 3761 πολιτεύονται,

221 3795 266 3862 ﬁ
303 3794 384 3862 τῷ
421 3792 604 3862 χρόνῳ
633 3790 838 3854 δοτέον,
870 3790 902 3859 ἢ
934 3789 1028 3844 καὶ
1066 3792 1132 3861 τῇ
1167 3790 1419 3861 ἐπιμιξίᾳ
1447 3791 1555 3842 τῶν
1579 3791 1806 3862 περικύ-

223 3887 290 3938 κῖ
304 3904 352 3954 ῳ
385 3884 581 3938 ἐθνῶν.
615 3884 726 3944 και
769 3883 878 3954 γὰρ
912 3883 1123 3952 Μωσῆς
1157 3883 1337 3953 πολλῷ
1376 3884 1552 3954 χρόνῳ
1578 3884 1807 3956 ὓττερον

221 3973 507 4043 γεγονὼς,
535 3975 648 4035 τοῖς
681 3973 738 4038 ἐξ
770 3973 1049 4040 Αἰγύπτου
1094 3971 1449 4040 διαφυγοῦσιν
1478 3973 1804 4042 ἐνομοθέτει.

224 4071 296 4121 υἱ
348 4067 407 4119 δὲ
446 4066 730 4137 πρόσοικοι
760 4066 988 4128 τούτων,
1017 4060 1104 4118 οἷα
1154 4065 1568 4134 δεισιδαίμονες,
1615 4067 1714 4137 τὴν
1748 4066 1807 4132 ἐξ

237 4159 479 4229 Ἰςμαὴλ
541 4159 816 4228 πατρικὴν
870 4157 1098 4229 ἀγωγὴν
1145 4155 1496 4228 διέφθειραν·
1561 4157 1683 4211 καθ’
1737 4159 1808 4230 ἢν

229 4256 412 4322 μένην
443 4251 495 4304 οί
517 4249 577 4316 ἐξ
606 4249 834 4319 ἀρχαίου
867 4247 1113 4320 Ἑϐραῖοι
1143 4247 1540 4312 ἐπολιτεύοντο,
1575 4247 1684 4316 πρὸ
1705 4248 1807 4318 τῆς

224 4348 485 4408 Μωσέως
509 4343 828 4414 νομοθεσίας
851 4343 1120 4412 ἀγράφοις
1143 4341 1472 4411 κεχρημένοι
1500 4343 1610 4403 τοῖς
1631 4341 1803 4395 ἔθεσι.

226 4441 348 4494 Καὶ
380 4439 546 4500 σέόας
575 4437 769 4504 ἐπίσης
818 4437 932 4495 τοῖς
976 4433 1199 4504 ὁμόροις
1247 4433 1467 4503 ἔνεμον,
1510 4432 1806 4504 παραπλη-

227 4536 369 4593 σίως
415 4530 682 4598 τιμῶντες
727 4528 824 4582 καὶ
874 4525 1234 4594 ὀνομάζοντες
1262 4525 1564 4592 δαίμονας·
1606 4525 1702 4578 καὶ¹
1729 4524 1807 4595 τῷ

225 4623 570 4698 θρησκεύειν
599 4625 710 4685 τοῖς
751 4610 920 4681 πέλας
944 4617 1142 4687 ἐπίσης
1173 4618 1360 4687 σαφῶς
1384 4617 1684 4686 ὑπέφαινον
1708 4619 1807 4688 τὴν

205 4721 343 4770 ’τιζιν
375 4712 645 4783 πατρῴων
669 4712 849 4781 νόμων
879 4709 1285 4786 παραποίησιν.Ι
1308 4702 1408 4761 Οἷα
1434 4707 1490 4760 δὲ
1523 4708 1692 4775 φιλεῖ,
1727 4708 1807 4779 τῷ

224 4807 421 4876 πο).λῷ
438 4807 617 4876 χρόνῳ
634 4805 702 4858 τὰ
735 4805 834 4873 μὲν
860 4805 893 4873 ή
919 4803 1059 4872 λήθη
1083 4801 1424 4871 ἀπέκρυπτε,
1449 4800 1578 4853 τὰδ’
1606 4800 1807 4870 ἐπρέσ-

224 4905 416 4952 ἵευεν.
449 4893 581 4950 Εἶτα
607 4896 718 4949 τῶν
745 4912 890 4956 τινες
944 4893 1124 4947 αὐτῶν
1146 4892 1425 4954 Ἰουδαίοις
1481 4892 1804 4960 συγγεγονό-

219 5009 345 5056 τες,
374 4991 497 5043 ὅθεν
527 4989 630 5058 τὴν
665 4989 842 5058 ἀρχὴν
873 4986 1057 5056 έσχον,
1091 4985 1527 5051 άνεδιδάσκοντο,
1565 4986 1662 5039 καὶ
1710 4986 1805 5038 ἐπὶ

219 5087 288 5137 τι)
321 5064 603 5150 ’συγγενὲς
639 5076 795 5141 αὖθις
844 5079 1140 5148 ἀνέτρεχον
1161 5117 1176 5140 ,
1228 5061 1321 5131 καὶ
1353 5078 1516 5132 πάλιν
1565 5079 1680 5139 τοῖς
1718 5079 1807 5132 Ἐ-

221 5175 446 5249 ὗραίων
486 5173 632 5226 εθεσι
699 5175 794 5226 καὶ
844 5175 1034 5238 νόμοις
1080 5171 1407 5240 ἐχρήσαντο.
1446 5169 1537 5236 Ἐξ
1592 5170 1806 5224 ἐκείνου

219 5271 284 5324 δὲ
332 5268 430 5321 καὶ
478 5266 562 5318 ἔτι
598 5263 784 5334 σχεδὸν
811 5262 861 5314 οί
915 5261 1117 5315 πάντες
1148 5259 1452 5324 Ἰουδαϊκῶς
1499 5261 1686 5324 ζῶσιν.
1727 5263 1801 5314 Οὐ

220 5363 381 5415 πάνυ
417 5359 475 5412 δὲ
504 5358 693 5430 πόῤῥω
726 5356 827 5424 τῆς
869 5353 1168 5415 Οὐάλεντος
1219 5353 1394 5422 ἀρχῆς
1429 5353 1524 5406 καὶ
1570 5353 1638 5407 τὰ
1671 5355 1803 5424 xw.

226 5451 474 5508 στιανῶν
511 5449 891 5516 ἐτελέσοησαν,
926 5447 1294 5514 μετασχόντες
1331 5447 1430 5513 τῆς
1466 5447 1612 5506 θείας
1641 5447 1799 5516 χάριε

221 5563 347 5606 τος,
379 5543 490 5596 τῶν
523 5538 963 5613 προσοικούντων
992 5537 1179 5599 αὐτοῖς
1211 5537 1404 5606 ίερέων
1428 5542 1526 5590 καὶ
1548 5539 1806 5608 ἀσκητῶν

226 5641 316 5702 εἰς
367 5635 526 5690 τοῦτο
574 5635 638 5705 δὴ
679 5631 1100 5702 ποδηγούντων,
1161 5629 1210 5682 οἱ
1261 5631 1383 5692 ταῖς
1431 5631 1654 5699 ὁμόροις
1695 5631 1804 5683 τῶν

227 5729 484 5799 ὲρημιῶν
528 5727 692 5791 ὁσίως
739 5722 1179 5795 φιλοσοφοῦντες,
1207 5722 1285 5796 τῷ
1317 5723 1498 5788 καλῶς
1529 5723 1680 5794 βιοῦν
1711 5725 1801 5776 καὶ

1916 3606 2134 3659 ἱΙΙοι-ιιιιι
2185 3605 2434 3658 instituta
2479 3613 2722 3664 servant.
2770 3603 2927 3670 Quod
2980 3602 3026 3656 si
3053 3617 3162 3672 non
3215 3615 3282 3653 ex
3331 3600 3478 3653 onmi

1911 3707 2067 3767 parte
2093 3698 2248 3768 juxta
2297 3697 2516 3751 illorum
2562 3697 2703 3750 ritus
2747 3697 2976 3757 vivunt,
3025 3702 3121 3748 aut
3156 3691 3389 3761 tempori
3423 3691 3476 3744 id

1910 3789 2294 3845 ascribendum
2315 3799 2420 3857 est,
2441 3798 2533 3844 aut
2552 3789 2908 3844 ﬁnitimorum
2929 3787 3253 3858 populorum
3271 3827 3286 3853 ,
3309 3784 3402 3856 qui
3422 3800 3479 3839 se

1909 3882 1992 3937 eis
2047 3882 2429 3948 immiscuere,
2487 3881 2819 3936 confusioni.
2875 3881 3051 3934 Moses
3102 3878 3330 3943 etenim,
3383 3877 3479 3946 qui

1910 3976 2074 4048 longo
2119 3988 2240 4044 post
2287 3986 2530 4046 tempore
2563 3975 2806 4039 exstitit,
2854 3971 3102 4044 profugis
3149 3981 3356 4026 tantum
3408 3984 3478 4022 ex

1912 4070 2145 4142 Egypto
2175 4069 2379 4125 Iudaeis
2410 4070 2557 4140 leges
2586 4069 2758 4123 dedit.
2788 4067 2858 4123 At
2885 4075 3077 4138 gentes
3111 4065 3231 4120 istis
3261 4063 3478 4130 viciam,

1910 4162 2184 4216 idolorum
2240 4160 2470 4216 addicta;
2523 4160 2939 4230 superstitioni,
3008 4158 3217 4228 patrios
3279 4170 3494 4212 eorum-

1913 4269 2094 4310 mores
2152 4253 2222 4309 ab
2282 4253 2512 4308 lsmaele
2563 4261 2860 4321 acceptos,
2913 4251 3118 4320 quibus
3173 4248 3480 4320 antiquitus

1909 4346 2123 4402 Hebraei
2151 4346 2233 4401 usi
2259 4354 2388 4400 sunt
2413 4353 2539 4399 ante
2563 4344 2721 4398 Mosa:
2745 4344 2925 4413 legum
2957 4340 3482 4411 promulgationem,

1909 4453 2019 4493 non
2069 4437 2277 4507 scripto
2318 4436 2465 4506 jure,
2511 4435 2606 4491 sed
2655 4444 2871 4505 recepta
2917 4443 3131 4488 tantum
3177 4439 3480 4487 consuetu-

1909 4531 2036 4585 dine
2080 4529 2360 4593 viventes,
2410 4541 2752 4598 corrupere:
2793 4526 3162 4595 eumdcmque
3192 4525 3272 4578 cis
3315 4538 3477 4593 quem

1909 4623 2040 4692 ips:c
2063 4621 2357 4687 haberent,
2383 4621 2667 4692 religionis
2687 4619 2898 4676 cultum
2924 4617 3216 4672 tradidere.
3243 4614 3478 4668 Proinde

1909 4717 2145 4781 factum,
2211 4723 2271 4770 ut
2317 4715 2394 4768 illi
2441 4714 2650 4782 pariter
2695 4726 2819 4766 cum
2851 4710 3046 4764 vicinis
3088 4707 3334 4777 populis,
3363 4705 3478 4760 daa-

1836 4826 1883 4884 D
1910 4824 2100 4862 mones
2130 4815 2186 4862 et
2213 4805 2561 4884 nominarent
2596 4811 2652 4856 et
2690 4803 2935 4856 colerent
2961 4816 2974 4852 :
3007 4807 3171 4867 atque
3202 4792 3476 4866 ejusmodi

1899 4899 2190 4967 depravata
2233 4894 2523 4964 religione,
2559 4899 2744 4960 aperte
2775 4890 3078 4959 patriarum
3125 4887 3309 4957 legum
3357 4900 3472 4954 pra:

1901 5006 1960 5046 se
2025 4989 2241 5044 ferrent
2304 4985 2755 5054 depravationem
2821 4992 2878 5035 et
2948 4981 3476 5050 transgressionem.

1903 5084 2100 5149 Atque-
2127 5081 2204 5133 uti
2242 5078 2360 5132 ﬁeri
2393 5077 2566 5140 solet,
2602 5085 2818 5146 tempus
2859 5075 3080 5145 longum
3121 5074 3262 5129 ritus
3307 5090 3481 5145 quos»

1891 5153 2032 5230 vdam
2087 5171 2368 5227 oblivione
2427 5169 2785 5239 suppressit:
2845 5166 3114 5239 quosdam
3167 5177 3354 5223 autem
3412 5176 3475 5220 ιιι

1911 5267 2248 5328 colerentur,
2272 5263 2514 5332 reliquos
2542 5264 2686 5318 fecit.
2714 5263 2920 5317 Deinde
2945 5276 3076 5315 vero
3105 5276 3229 5316 cum
3255 5260 3478 5330 quidam

1909 5374 1974 5413 ex
2007 5358 2090 5412 eis
2125 5371 2249 5411 eum
2276 5355 2479 5410 Judmis
2507 5354 2892 5408 commercium
2936 5352 3235 5414 haberent,
3265 5352 3334 5408 ab
3371 5351 3480 5409 illis

1917 5451 2062 5504 unde
2087 5451 2193 5503 orti
2217 5459 2422 5513 essent,
2453 5448 2724 5511 didicere,
2754 5455 2809 5501 et
2835 5462 2893 5501 se
2920 5460 3136 5498 rursum
3167 5443 3480 5511 cognation-i

1891 5549 2024 5594 sua:
2072 5539 2394 5608 adjunxere,
2446 5537 2798 5591 llebrazorum
2858 5533 3109 5589 moribus
3158 5541 3215 5587 et
3262 5532 3479 5602 legibus

1911 5630 2093 5684 denuo
2140 5638 2378 5683 u'entes.
2426 5627 2602 5695 Atque
2651 5641 2716 5680 ex
2767 5640 2833 5679 eo
2881 5633 3128 5692 tempore
3165 5622 3472 5677 etiamnum

1910 5737 2102 5777 omnes
2129 5721 2240 5776 fere
2267 5719 2494 5776 Judaico
2525 5718 2627 5772 ritu
2658 5719 2866 5772 vivunt.
2894 5716 3096 5772 Verum
3127 5732 3235 5772 non
3275 5716 3348 5772 ita
3377 5715 3474 5772 diu
