3936 6206
399 308 506 370 739

1615 290 2028 352 NlCEl‘llUiU
2075 284 2418 346 GALLISTI

3537 275 3651 338 τέω

396 415 872 488 Cotistantinopcli
907 413 1188 477 versanti,
1229 424 1356 465 cum
1390 407 1575 464 Ariani
1609 409 1678 462 de
1712 406 1968 476 dogmate

2092 400 2166 452 ιοῦ
2230 401 2500 466 δόγματος
2549 393 2880 459 διεξιόντων,
2934 390 3383 462 ὑπισχνουμένων
3437 396 3504 444 τε
3541 393 3644 458 τὴν

400 523 517 572 suo-
544 507 912 568 dissererent,
957 511 1015 556 et
1056 499 1382 569 legationem
1411 512 1472 552 se
1501 497 1551 551 ei
1582 511 1650 550 ex
1691 493 1964 550 sententia

400 599 545 666 ame
578 598 960 666 imperatorem
993 591 1342 647 confecturos
1375 605 1520 649 esse.
1551 587 1716 657 210
1744 587 1787 640 si
1821 585 1965 638 idem

353 669 361 682 ’
402 703 528 743 eum
577 685 710 756 ipsis
757 685 962 739 sentire
1005 683 1062 738 in
1107 682 1352 737 animum
1400 680 1710 743 induceret,
1743 677 1969 746 pollice-

403 789 616 840 rentur,
668 777 900 832 utilitate
946 791 1011 830 ea
1059 775 1314 841 illectus,
1362 782 1459 827 aut
1498 773 1663 826 etiam
1711 771 1967 833 fortasse,

403 869 551 939 (μιοά
593 869 790 923 melius
817 883 941 923 esse
965 907 980 932 ,
1029 866 1074 921 si
1115 867 1191 920 ita
1220 864 1288 920 de
1319 864 1430 920 Deo
1461 865 1804 933 epinaretur,
1836 877 1971 917 cen-

404 968 569 1021 seret.
601 971 725 1012 cum
758 955 982 1011 Arianis
1013 953 1473 1017 communicavit,
1507 960 1565 1005 et
1594 960 1813 1020 gentem
1846 948 1972 1002 uni-

402 1064 616 1103 versam
684 1049 754 1101 ab
813 1045 1048 1102 ecclesia
1111 1043 1406 1097 universali
1470 1041 1716 1095 abduxit.
1777 1039 1971 1094 Gotthi

405 1154 684 1209 namque,
717 1138 862 1208 quod
897 1141 1016 1206 ipso
1055 1146 1282 1190 auctore
1317 1143 1479 1201 atque
1510 1133 1651 1187 duce
1683 1131 1750 1185 ad
1786 1131 1972 1184 verio-

406 1244 523 1284 rem
564 1230 822 1300 pietatem
855 1243 916 1284 se
968 1228 1361 1290 contulissent,
1407 1235 1462 1279 et
1512 1224 1660 1278 illius
1709 1222 1974 1278 beneficio

409 1318 742 1373 humaniore
778 1317 1259 1385 mansuetioreqne
1291 1314 1535 1368 vivendi
1559 1313 1809 1368 instituto
1857 1322 1978 1364 nte-

411 1420 626 1471 rentur,
658 1409 814 1463 facile
840 1406 1132 1460 admodutn
1154 1405 1204 1459 ei
1237 1404 1527 1474 parebant,
1561 1413 1613 1457 et
1645 1415 1977 1472 quocunque

413 1504 506 1558 ille
559 1504 823 1564 duceret,
878 1499 1293 1568 sequebantur:
1328 1497 1464 1551 nihil
1514 1494 1640 1549 ntali
1688 1510 1810 1548 esse
1839 1533 1854 1556 ,
1909 1508 1978 1547 cx

411 1595 596 1648 animo
626 1607 952 1663 persuasum
981 1591 1267 1653 habentes,
1294 1587 1560 1658 quidquid
1591 1587 1682 1642 ille
1716 1586 1801 1640 vel
1831 1585 1980 1640 dice-

411 1696 515 1749 ret,
547 1687 635 1740 vel
665 1685 871 1740 faceret
898 1702 911 1737 :
940 1683 1307 1752 omnibusque
1330 1681 1400 1735 'id
1440 1680 1578 1735 adeo
1603 1678 1846 1734 aemulari
1880 1692 1976 1731 vo-

2069 488 2371 561 πρεσϐείαν
2403 485 2631 554 ἐπιτελῆ
2667 485 2736 536 τὰ
2781 485 2838 545 ἐς
2877 483 3108 553 βασιλέα
3158 481 3444 552 πράττειν,
3485 477 3536 530 εί
3579 484 3648 530 τὰ

2071 581 2163 634 ῐσα
2199 580 2352 649 σφίσι
2399 578 2649 645 δοξάζειν
2695 576 2892 640 ἕλοιτο,
2923 579 2990 646 τῇ
3042 575 3199 644 χρείᾳ
3234 572 3568 635 δελεασθεὶς,
3607 573 3640 639 ἦ

2070 677 2204 736 ἴσως
2253 674 2349 727 καὶ
2375 674 2598 742 ἄμεινον
2644 667 2785 722 εἶναι
2816 667 2961 722 τοῦτ’
2983 667 3190 736 οἰηθεὶς
3225 665 3472 732 δοξάζειν
3517 668 3651 732 περὶ

2071 766 2229 832 Θεοῦ,
2259 765 2539 820 ἐκοινώνει
2581 763 2696 824 τοῖς
2738 761 2868 831 περὶ
2897 753 3143 830 Ἀρειον,
3179 758 3275 810 καὶ
3312 758 3374 809 τὸ
3419 756 3646 825 σύμπαν

2073 856 2242 924 φῦλον
2271 855 2372 926 τῆς
2407 855 2640 910 καθόλου
2666 852 3000 922 Ἐκκλησίας
3045 849 3250 904 διίστα.
3294 850 3405 904 Καὶ
3437 850 3545 916 γὰρ
3588 849 3649 900 τὸ

2075 948 2290 1003 Γότθων
2318 948 2473 1015 γένος
2499 947 2590 1000 ὑπ’
2617 945 2815 1014 ἐκείνῳ
2842 944 3186 1012 καθηγεμόνι
3209 942 3343 1013 πρὸς
3363 940 3464 1011 τὴν
3492 943 3650 994 εὐσέ-

2075 1041 2228 1094 ϐειαν
2288 1038 2711 1108 μεταϐαλόντες,
2765 1039 2859 1091 καὶ
2912 1036 2982 1089 δι’
3033 1037 3249 1089 ἐκείνου
3312 1035 3649 1105 ἡμερωτέρα

2077 1130 2330 1202 πολιτείᾳ
2356 1131 2717 1202 χρησάμενοι,
2754 1129 2954 1200 ῥαδίως
2985 1127 3134 1196 μάλα
3164 1126 3366 1196 ἐκείνῳ
3399 1127 3652 1179 ἐπείθονο

2077 1241 2159 1290 το,
2210 1226 2308 1276 καὶ
2351 1218 2495 1295 ᾗπερ
2544 1223 2611 1276 ἂν
2660 1222 2805 1289 ἄγοι,
2844 1220 3084 1274 εἵποντο·
3125 1219 3293 1288 μηδὲν
3341 1235 3396 1271 τι
3446 1218 3655 1281 φαῦλον

2080 1305 2222 1363 εἶναι
2255 1309 2570 1379 νομίζοντες
2601 1309 2665 1360 ἐκ
2691 1307 2895 1378 ψυχῆς,
2927 1308 2954 1360 ὅ
2995 1322 3048 1358 τι
3083 1307 3153 1360 ἂν
3187 1308 3395 1367 ἐκεῖνος
3427 1305 3584 1372 λέγοι
3618 1306 3651 1374 ἦ

2080 1400 2336 1470 πράττοι·
2370 1400 2648 1452 συντελεῖν
2677 1397 2722 1451 δ’
2756 1400 2814 1460 ἐς
2860 1396 3006 1451 ἅπαν
3041 1398 3312 1468 χρήσιμον
3358 1400 3476 1456 τοῖς
3516 1399 3660 1466 ᾑρη-

2085 1492 2269 1562 μένοις
2299 1488 2516 1556 ζηλοῦν.
2570 1490 2644 1543 Οὐ
2707 1489 2814 1560 μὴν
2863 1489 2923 1544 δέ
2973 1488 3111 1542 ἀλλὰ
3139 1490 3235 1543 καὶ
3287 1488 3496 1558 πολλὴν
3532 1506 3659 1541 τινα

2081 1583 2280 1652 πεῖραν
2309 1583 2410 1651 τῆς
2436 1582 2652 1635 ἐκείνου
2674 1581 2913 1635 δέδωκεν
2941 1580 3167 1651 ἀρετῆς,
3199 1580 3413 1642 πολλοῖς
3446 1583 3658 1651 ἐγκαρο

2080 1674 2321 1744 τερήσας
2375 1673 2642 1737 κινδύνοις
2704 1673 2846 1743 ὑπὲρ
2875 1671 2970 1726 τοῦ
3017 1673 3305 1742 δόγματος,
3341 1673 3539 1744 πρὶιῆ
3594 1674 3655 1725 τὸ

413 1779 685 1841 lcntihus,
722 1778 778 1832 in
813 1778 1158 1841 commodum
1194 1789 1422 1844 prorsus
1454 1783 1622 1841 atque
1669 1769 1967 1824 utilitatem

2092 1765 2235 1828 ἔθνος
2281 1767 2360 1829 εἰς
2392 1765 2452 1816 τὸ
2484 1764 2894 1833 Χριστιανίζειν
2929 1764 3197 1834 μετέϐαλε
3242 1766 3528 1835 κατάκρας
3558 1767 3658 1834 τῆς

412 1887 697 1926 cessurum
729 1883 852 1924 esse
884 1870 1234 1924 arbitrantes.
1282 1867 1424 1934 Quin
1456 1866 1623 1921 etiam
1660 1864 1855 1934 ingens
1884 1862 1976 1918 ille

413 1978 660 2032 μετεωρο
706 1963 927 2016 virtutis
967 1978 1081 2017 sua:
1134 1960 1388 2024 ediderat
1436 1959 1739 2028 specimen,
1791 1955 1978 2010 multis

412 2053 632 2108 fortiter
653 2070 753 2124 pro
776 2054 1086 2108 Christiana
1109 2052 1362 2108 doctrina
1386 2052 1540 2122 prius
1559 2049 1806 2105 toleratis
1829 2048 1977 2116 peri-

414 2142 578 2207 culis,
611 2158 774 2212 quam
805 2159 939 2212 gens
977 2158 1038 2196 ea
1081 2156 1204 2211 quae
1234 2152 1346 2195 tota
1388 2156 1456 2195 ex
1484 2139 1670 2202 Graeca
1707 2137 1979 2208 supersti-

416 2238 569 2292 tione
599 2235 909 2307 pendebat,
946 2234 1012 2288 ad
1052 2233 1536 2291 Christianismum
1573 2240 1662 2286 est
1689 2245 1976 2286 conversa.

417 2329 636 2383 Primus
663 2329 826 2382 etiam
857 2327 988 2398 ipsis
1017 2328 1228 2381 litteras
1258 2326 1490 2389 invenit,
1522 2333 1577 2380 et
1607 2337 1790 2379 sacras
1827 2321 1978 2378 Scri-

416 2430 614 2490 pturas
659 2421 742 2476 eis
792 2419 1084 2490 translatas
1130 2419 1438 2488 proposuit.
1478 2417 1659 2492 Atque
1703 2414 1979 2485 equidem,

415 2514 774 2582 quamobrem
817 2511 1039 2567 Barbari
1077 2511 1322 2580 plerique
1357 2525 1548 2566 omnes
1590 2509 1790 2563 lstrnm
1824 2521 1973 2561 aeeoo

417 2609 624 2670 lentes,
656 2605 773 2660 Arii
818 2605 1013 2676 dogma
1045 2612 1432 2674 sequerentur,
1465 2617 1632 2658 causa
1677 2611 1736 2657 et
1762 2602 1981 2656 occasio

420 2697 535 2753 haec
577 2697 701 2751 fuit.
744 2695 851 2750 Sed
885 2696 1032 2750 enim
1065 2694 1405 2764 temporibus
1442 2693 1526 2748 eis
1569 2693 1761 2762 ingens
1791 2693 1981 2748 multi-

420 2784 553 2839 tudo
601 2799 793 2839 eorum
839 2771 934 2853 qui
992 2783 1332 2852 Fridigernis
1383 2782 1553 2838 animi
1609 2783 1970 2838 inclinatione

419 2874 801 2943 sequebantur
853 2885 1074 2944 partes,
1133 2881 1358 2942 propter
1405 2872 1610 2929 Christi
1667 2888 1868 2928 nomen
1901 2876 1985 2949 .ah

420 2965 793 3021 Athanaricho
829 2980 967 3019 caesa
1018 2973 1119 3019 est.
1154 2963 1309 3030 Quod
1345 2979 1580 3033 namque
1624 2963 1874 3034 Ulphilas
1905 2965 1987 3020 eis

420 3057 588 3110 etiam
638 3056 731 3124 qui
784 3055 861 3110 illi
906 3056 1113 3109 subditi
1163 3063 1367 3119 erant,
1418 3055 1786 3110 Christianam
1824 3056 1990 3112 fidem

2093 1854 2414 1924 Ἑλληνικῆς
2445 1854 2757 1924 ἐξημμένον
2788 1854 3106 1924 θρησκείας.
3135 1855 3240 1907 Καὶ
3265 1856 3576 1925 γράμματα
3606 1857 3652 1908 δ’

2083 1945 2313 2016 ἐφεῦρεν
2333 1948 2520 2010 αὐτοῖς
2551 1946 2784 2016 πρῶτος,
2807 1946 2904 1998 καὶ
2931 1946 3029 2010 τὰς
3058 1948 3205 2007 θείας
3238 1949 3457 2016 ι’ραφάς
3480 1965 3653 2016 μετα·-

2084 2040 2301 2108 φράσας
2356 2039 2537 2101 αὐτοῖς
2593 2038 2993 2108 παραδέδωκεν.
3052 2039 3237 2092 Αίτιον
3297 2041 3395 2108 μὲν
3437 2039 3528 2092 οὖν
3571 2040 3650 2102 ὡς

2085 2133 2289 2185 ἐπίπαν
2332 2134 2446 2194 τοῖς
2476 2132 2608 2201 περὶ
2633 2131 2722 2185 τὸν
2755 2131 2964 2202 Ἵστρον
3002 2130 3304 2202 βαρϐάροις
3338 2134 3404 2186 τά
3436 2133 3655 2202 ’Λρείου

2085 2227 2326 2294 φρονεῖν,
2361 2225 2458 2280 καὶ
2508 2225 2782 2295 πρόφασις
2808 2224 2904 2295 ἥδε
2934 2225 3177 2292 ἐγένετο·
3203 2229 3414 2295 καιροῖς
3443 2227 3486 2278 δ·
3515 2229 3658 2278 ἐκεῖ-

2089 2333 2201 2377 νοις
2229 2316 2321 2369 ὑπ’
2347 2315 2709 2386 Ἀθαναρίχου
2755 2315 2889 2369 πολύ
2923 2333 2977 2369 τι
3024 2315 3230 2386 πλῆθος
3279 2317 3369 2370 διὰ
3420 2316 3659 2388 Χριστὸν

2089 2409 2366 2481 ἀνῃρεῖτο,
2397 2409 2706 2478 Φιρτιγένει
2754 2408 3171 2478 προσκείμενον.
3205 2409 3316 2463 Καὶ
3361 2409 3474 2476 γὰρ
3521 2406 3662 2459 0:31-

2091 2503 2222 2573 φίλα
2249 2502 2550 2570 πείθοντος,
2582 2505 2678 2558 καὶ
2705 2504 2834 2568 τοὺς
2862 2503 2953 2557 ὑπ’
2981 2504 3188 2556 ἐκεῖνον
3214 2502 3284 2553 τὰ
3310 2500 3664 2569 Χριστιανῶν

2090 2596 2454 2662 ἀσπάζεσθαι,
2484 2597 2831 2668 χαλεπαίνων
2860 2596 3090 2666 σφόδρα,
3113 2595 3208 2649 ἅτε
3238 2594 3372 2664 δῆτα
3406 2593 3516 2646 τῶν
3551 2611 3667 2645 πα-

2089 2691 2256 2761 τρίων
2293 2689 2712 2760 ἀφανιζομένων
2761 2685 2920 2754 ἐθῶν,
2975 2690 3243 2757 τιμωρεῖν
3300 2690 3362 2749 ἐς
3407 2686 3668 2738 πλεῖστον

2090 2779 2350 2832 ἐπέϐαλε·
2384 2781 2499 2843 τοῖς
2553 2777 2654 2849 μὲν
2688 2778 2921 2848 εὐθύνην
2965 2777 3276 2848 προσάψας,
3316 2778 3392 2841 ὡς
3424 2777 3670 2848 δημοσίᾳ

2093 2871 2660 2942 παῤῥησιασαμένους
2704 2870 2913 2925 ἀνεῖλεν
2949 2870 3090 2938 ὑπὲρ
3133 2869 3226 2922 τοῦ
3257 2869 3555 2937 δόγματος·
3588 2867 3668 2923 ῶν

2092 2959 2176 3027 είς
2199 2965 2293 3017 καὶ
2321 2964 2350 3016 6
2381 2947 2701 3033 Θαυμαστὸς
2740 2965 2984 3035 Νικήτας
3025 2963 3344 3032 ἐτύγχανεν·
3374 2962 3575 3026 ἄλλους
3607 2964 3670 3018 δὶ

2095 3057 2191 3108 καὶ
2219 3055 2393 3124 λόγων
2439 3057 2569 3110 ἄνευ
2614 3055 2909 3127 διέφθειρε.
2942 3056 3049 3108 Καὶ
3076 3056 3184 3124 γὰρ
3229 3057 3448 3122 λέγεται
3476 3056 3672 3122 ξόανξν

424 3147 707 3214 suscipere
761 3147 1149 3215 persuaderet,
1202 3147 1357 3202 valde
1409 3145 1460 3201 id
1511 3147 1739 3202 moleste
1787 3146 1987 3214 ferens,

2093 3165 2145 3204 τι
2175 3149 2747 3217 κατασκευασάμενον,
2782 3148 2868 3217 ἐφ’
2909 3149 3247 3219 ἁρμαμάξης
3294 3150 3528 3218 στῆσαν
3567 3150 3669 3203 καὶ

425 3237 655 3306 perinde
687 3248 852 3305 atque
895 3238 1058 3306 patrii
1105 3238 1246 3302 ritus
1286 3237 1660 3305 abolerentur,
1706 3231 1994 3308 suppliciis

427 3329 482 3382 in
515 3343 610 3384 eos
633 3328 928 3396 plurimum
953 3339 1037 3384 est
1059 3339 1356 3398 grassatus.
1385 3329 1453 3384 Et
1473 3327 1740 3398 quosdam
1767 3328 1990 3400 quidem

424 3428 742 3483 accusatos,
793 3417 940 3488 quod
993 3418 1212 3484 publice
1257 3416 1744 3473 Christianismum
1797 3420 1992 3488 dogma

424 3527 552 3566 cum
583 3525 775 3580 magna
802 3509 1053 3564 libertate
1083 3507 1465 3574 defenderent,
1500 3507 1644 3562 inter
1675 3523 1815 3579 quos
1848 3525 1993 3564 unus

423 3602 590 3656 etiam
612 3611 731 3656 erat
751 3600 1104 3656 admirandus
1127 3600 1220 3655 ille
1251 3599 1470 3655 Nieetas
1494 3617 1507 3654 :
1533 3600 1670 3654 alios
1701 3610 1883 3656 autem
1925 3616 1994 3656 ue

428 3695 736 3765 appellatos
761 3694 1005 3764 quidem,
1039 3692 1266 3748 occidit.
1296 3693 1511 3747 Diritur
1535 3693 1682 3748 enim
1716 3693 1992 3764 sculptum

426 3783 701 3852 quoddam
750 3783 1104 3837 simulacrum
1153 3783 1208 3836 in
1251 3799 1418 3837 curru
1467 3782 1791 3848 collocasse,
1836 3792 2001 3852 atque

431 3881 486 3934 id
534 3897 632 3951 per
667 3875 1018 3936 tabernacula
1068 3897 1259 3935 eorum
1309 3879 1401 3949 qni
1444 3879 1727 3935 Christum
1773 3880 2000 3950 proﬁte-

431 3982 644 4038 rentur,
679 3972 901 4037 ducere,
934 3973 1095 4043 eique
1125 3973 1285 4026 simul
1321 3979 1376 4026 et
1407 3971 1720 4026 sacriﬁcare
1741 4010 1757 4036 ,
1785 3980 1842 4025 et
1870 3972 2000 4026 ado-

432 4064 664 4118 rationis
689 4064 1054 4119 reverentiam
1085 4064 1351 4119 exhibere
1379 4081 1392 4116 :
1423 4063 1515 4132 qui
1563 4077 1692 4118 vero
1737 4063 1791 4117 id
1816 4063 1998 4119 facere

433 4156 779 4218 noluissent,
824 4170 921 4209 eos
966 4171 1074 4208 una
1105 4171 1226 4209 cum
1273 4154 1640 4210 tabernaculis
1669 4155 1999 4211 comburere

425 4247 682 4318 iussisse.
723 4248 836 4302 lmo
877 4247 981 4301 hoc
1019 4248 1183 4301 etiam
1221 4247 1380 4317 longe
1411 4247 1568 4317 pejus
1598 4258 1654 4304 et
1693 4247 1999 4303 mirabilius

430 4341 585 4394 aliud
618 4341 819 4394 factum
868 4357 988 4395 esse
1014 4341 1139 4410 legi.
1174 4340 1328 4395 Multi
1375 4329 1645 4410 siquidem
1687 4355 1880 4394 eorum
1919 4339 2000 4404 vi,

2093 3237 2240 3292 τοῦτ’
2269 3237 2489 3292 ἐκέλευε
2522 3239 2664 3292 κατὰ
2693 3242 2900 3308 σκηνὴν
2933 3240 3222 3310 περιάγειν
3250 3240 3356 3292 τῶν
3386 3239 3673 3309 ἠγγελμέ-

2096 3349 2201 3386 νων
2221 3330 2652 3402 Χριστιανίζειν,
2681 3334 2773 3386 καὶ
2803 3332 2976 3402 τούτῳ
3010 3332 3238 3399 πείθειν,
3271 3333 3422 3386 θύειν
3457 3351 3516 3385 τε
3549 3335 3672 3400 ἅμα

2097 3424 2190 3476 καὶ
2217 3427 2546 3493 προσκυνεῖν
2564 3438 2579 3453 ·
2609 3423 2663 3476 αῖ
2708 3423 2767 3476 δὲ
2802 3423 2878 3493 μὴ
2905 3423 3320 3494 τοῦθ’ᾟίροῖντο
3345 3425 3544 3489 ποιεῖν,
3572 3425 3676 3494 ἅμ’

2096 3516 2291 3578 αὑταῖς
2338 3517 2737 3585 καταπιμπρᾷν
2777 3517 2895 3578 ταῖς
2952 3519 3198 3584 σκηναῖς·
3229 3516 3321 3567 καὶ
3352 3514 3482 3568 ἄλλο
3523 3516 3584 3568 δέ
3617 3533 3675 3568 τι

2095 3609 2287 3662 τούτου
2330 3606 2512 3677 πολλῷ
2569 3608 2751 3677 χεῖρον
2807 3609 2904 3660 καὶ
2961 3608 3432 3678 περιπαθέστερον
3489 3609 3674 3677 ἔγνων

2097 3698 2414 3767 γενόμενον.
2448 3698 2643 3752 Πολλοὶ
2687 3696 2792 3769 γὰρ
2820 3699 2886 3768 τῇ
2937 3697 3030 3769 βίᾳ
3071 3698 3182 3751 τῶν
3221 3696 3373 3750 θύειν
3408 3715 3678 3752 κατεπει-

2097 3787 2301 3854 γόντων
2333 3789 2768 3858 ἠναγκασμένοι,
2800 3787 2900 3841 οὐκ
2931 3788 3123 3858 ἄνδρες
3169 3789 3353 3858 μόνον,
3389 3789 3529 3843 ἀλλὰ
3575 3795 3673 3844 καὶ

2097 3879 2384 3946 γυναῖκες,
2417 3873 2491 3933 ὧν
2517 3881 2571 3931 αί
2603 3878 2705 3948 μὲν
2732 3879 2857 3947 ἄρτι
2890 3878 3222 3950 γεννηθέντα
3252 3872 3428 3952 βρέφη
3462 3881 3674 3951 ἐπιμαο

2103 3969 2278 4023 στίδια
2312 3970 2666 4041 περιέφερον,
2699 3972 2756 4024 αί
2784 3971 2841 4024 δὲ
2868 3971 3036 4041 νήπια
3064 3972 3160 4024 καὶ
3190 3972 3452 4042 παιδάρια
3477 3976 3680 4042 μικρὸν

2099 4061 2424 4132 βηματίζειν
2451 4061 2856 4130 δυνάμενα,ἐπὶ
2883 4061 2991 4132 τὴν,
3008 4063 3212 4132 σκηνὴν
3239 4062 3343 4132 τῆς
3369 4065 3679 4133 ἐκκλησίας

2099 4152 2426 4222 κατέφυγον.
2485 4151 2606 4205 Τῶν
2665 4152 2711 4206 δ’
2765 4152 3126 4222 Ἑλληνιστῶν
3185 4155 3296 4226 πῦρ
3350 4158 3679 4226 ἐπαφέντων

2099 4245 2354 4312 ἐκεινοις,
2385 4247 2466 4307 είς
2513 4245 2721 4316 τέφραν
2748 4243 3084 4317 διέφθειραν.
3117 4247 3333 4317 Μικρὸν
3369 4249 3418 4302 δ’
3441 4252 3568 4303 ὅσον
3595 4253 3682 4314 εἰς

2101 4337 2356 4406 ὁμόνοιαν
2390 4335 2458 4389 τὰ
2509 4337 2633 4406 διχῆ
2683 4337 3024 4406 διαιρεθέντα
3070 4339 3179 4393 τῶν
3230 4340 3448 4394 Γότθων
3487 4338 3677 4413 ἦλθον.

433 4432 530 4500 qui
586 4430 705 4495 eis,
771 4441 828 4485 ut
885 4431 1300 4496 sacriﬁcarent,
1350 4431 1651 4487 crudeliter
1702 4431 1987 4486 instabant.

2106 4431 2309 4499 Θράσει
2337 4428 2394 4481 δέ
2424 4428 2605 4499 πολλῷ
2633 4429 2728 4482 καὶ
2751 4430 2976 4501 ἀμέτρῳ
3004 4433 3304 4502 ἐπηρμένοι
3328 4438 3392 4505 τῇ
3422 4436 3680 4508 ἀπονοίᾳ,

433 4521 634 4588 coacti,
679 4538 788 4576 non
835 4522 939 4576 viri
986 4523 1170 4589 modo,
1214 4523 1311 4577 sed
1354 4535 1412 4577 ct
1457 4523 1738 4586 mulieres,
1769 4537 2002 4592 quarum

433 4615 558 4668 alim
605 4630 798 4669 recens
845 4626 1004 4670 natos
1053 4614 1196 4668 fetus
1242 4615 1595 4669 abnberihus
1623 4613 2001 4682 dependentes

434 4707 924 4770 eirennal‘erelntnt,
965 4708 1084 4761 alia:
1140 4708 1373 4762 ittfntllrs
1418 4717 1474 4760 et
1519 4721 1719 4774 pneaos
1764 4705 1854 4774 qui
1901 4706 2002 4759 ali-

435 4799 765 4868 quantulutn
793 4799 996 4868 gradiri
1032 4807 1088 4851 et
1120 4799 1284 4852 veluti
1320 4797 1552 4866 pedibus
1585 4805 1786 4849 terram
1823 4797 2002 4850 metiri

436 4903 680 4959 possent,
718 4891 1027 4955 trahebmt,
1057 4891 1112 4944 in
1147 4891 1396 4944 ecclesia:
1428 4889 1839 4943 tabernaculum
1871 4905 2003 4942 enn-

436 4982 710 5048 t'ngerunt.
741 4981 898 5050 211
936 4982 1040 5036 Eos
1067 4997 1196 5036 vero
1221 4981 1391 5036 Grmci
1424 4981 1728 5036 idololatrze
1759 4981 1832 5035 ibi
1869 4992 2005 5036 teni-

438 5070 528 5138 plu
565 5072 784 5125 incenso
828 5073 882 5126 in
931 5074 1171 5127 cinerem
1218 5073 1569 5140 redegerunt.
1617 5072 1734 5126 Non
1771 5072 2000 5125 multum

438 5161 753 5215 intercessit
811 5165 1115 5232 temporis,
1172 5181 1297 5218 eutn
1357 5164 1689 5218 dissidentes
1748 5164 1891 5217 inter
1946 5180 2004 5219 se

438 5256 770 5311 Cntthorunt
825 5258 1124 5324 factiones,
1181 5261 1234 5313 in
1284 5261 1515 5327 gratiam
1555 5271 1612 5314 et
1650 5261 2001 5313 emncurdiam

438 5348 651 5402 rediere
677 5367 690 5403 :
719 5359 883 5418 atque
911 5350 1115 5418 ingenti
1150 5350 1480 5405 conﬁdentia
1511 5363 1565 5404 et
1595 5353 1863 5404 immensa
1907 5351 2004 5404 de-

438 5441 642 5493 n.entia
674 5441 898 5503 sublati,
935 5442 1176 5504 Thraces
1207 5443 1345 5496 male
1371 5451 1704 5510 acceperunt
1731 5460 1744 5494 :
1775 5441 2005 5510 oppida-

435 5546 548 5597 que
579 5542 630 5585 et
670 5532 823 5586 vit-os
850 5545 1254 5602 percurrentes,
1283 5532 1669 5586 crudeliSsin.e
1697 5540 2002 5585 vastarunt.

435 5623 588 5684 Quod
619 5623 708 5678 ubi
734 5625 930 5680 Valens
959 5625 1262 5680 Antiochiae
1290 5624 1473 5678 adhuc
1499 5623 1704 5717 d'cgens
1729 5623 2003 5691 cognovit,

444 5723 557 5764 tum
588 5711 806 5768 demunt
857 5717 1194 5786 experientia
1248 5711 1624 5787 magistra“)
1663 5714 1868 5768 erroris
1916 5714 2003 5768 sui

581 5821 657 5892 (ἰ)
686 5824 986 5879 Stultmum
1020 5825 1298 5893 magister,
1341 5833 1586 5880 eventus.
1632 5824 1798 5891 (Lit)

2105 4520 2327 4590 θρᾷκας
2356 4517 2541 4578 κακῶς
2570 4518 2813 4571 ἐποίουν·
2841 4519 2937 4571 καὶ
2969 4518 3153 4582 πόλεις
3181 4522 3276 4574 καὶ
3310 4523 3506 4593 κώμας
3547 4529 3686 4578 ταύ-

2104 4628 2205 4680 της
2240 4610 2480 4680 ἐπῄεσαν
2531 4609 2783 4682 δῃοῦντες
2833 4613 2888 4670 ἐς
2935 4611 3192 4680 μάλιστα⁸
3225 4614 3253 4666 δ
3295 4615 3429 4684 δῆτα
3487 4617 3683 4686 μαθὼν

2107 4703 2321 4771 Οὐάλης
2353 4702 2433 4754 ἔτι
2461 4702 2754 4772 διατρίῦων
2793 4703 2934 4756 κατὰ
2969 4705 3067 4773 τὴν
3096 4703 3452 4777 Ἀντιόχειαν,
3481 4711 3546 4762 τὸ
3577 4730 3684 4762 χι-

2108 4798 2206 4847 κον
2243 4797 2308 4864 τῇ
2359 4794 2523 4864 πείρα
2558 4794 2827 4863 ἐμάνθανε
2861 4796 2957 4864 τῆς
2988 4795 3346 4868 διαμαρτίας.
3377 4803 3539 4871 ’ῼετο
3573 4807 3685 4874 γάρ

2106 4886 2258 4956 αύτῴ
2302 4887 2574 4956 χρήσιμον
2626 4886 2721 4939 καὶ
2769 4891 2834 4956 τῇ
2886 4889 3166 4959 ἀρχομένη
3217 4887 3357 4943 εἶναι
3409 4892 3472 4944 τὸ
3507 4892 3687 4953 50w,-

2109 4979 2509 5046 καταπλήττειν
2557 4977 2614 5030 δὲ
2647 4977 2741 5030 καὶ
2787 4979 2917 5040 τοῦς
2971 4981 3250 5043 ἐναντίους
3294 4984 3570 5048 ἐντεῦθεν,
3601 4988 3682 5046 ὡς

2106 5068 2193 5120 ἀεὶ
2241 5068 2373 5140 πρὸς
2416 5067 2558 5119 ὅπλα
2593 5067 2690 5119 καὶ
2744 5069 2926 5137 μάχας
2981 5071 3407 5139 ἐσκευασμένον.
3445 5074 3604 5126 Οὕτω
3635 5075 3683 5126 δ’

2109 5165 2425 5232 ἐπισφαλῶς
2481 5164 2741 5229 δοξάζων,
2799 5165 2908 5216 τῶν
2965 5167 3184 5219 οἰκείων
3247 5172 3684 5237 στρατευμάτων

2105 5257 2320 5326 ἡμέλει⁶
2357 5257 2452 5309 καὶ
2484 5256 2604 5308 ἀντὶ
2641 5254 2736 5308 τοῦ
2773 5255 2971 5310 διδόναι
3009 5257 3213 5324 μᾶλλον
3257 5261 3435 5320 αὐτοῖς
3477 5263 3570 5314 καὶ
3601 5267 3685 5326 εἰς

2109 5349 2400 5417 στρατείαν
2459 5340 2849 5415 ἐπιλέγεσθαι,
2884 5349 2949 5399 ἐκ
2986 5348 3192 5402 τούτων
3249 5351 3488 5418 μάλιστα
3537 5358 3680 5408 εἰσέο

2108 5457 2314 5510 πραττε
2347 5441 2406 5491 τὸ
2437 5441 2681 5508 χρυσίον,
2705 5440 3037 5507 ὀγδοήκοντα
3067 5444 3358 5509 χρυσίνους
3388 5445 3532 5515 ὑπὲρ
3557 5450 3663 5501 ἑκά

2111 5549 2235 5584 στου
2264 5531 2462 5584 Γότθου
2484 5531 2610 5593 τοὺς
2636 5531 2990 5592 συντελεστας
3017 5532 3375 5586 ἀπαιτεῖσθαι
3398 5538 3690 5600 κελεύσαςο

2108 5619 2136 5672 ὃ
2165 5620 2231 5691 δὴ
2275 5619 2370 5672 καὶ
2418 5619 2562 5687 ἀρχὴ
2613 5619 2800 5685 γέγονε
2834 5617 2928 5670 τοῦ
2969 5621 3274 5688 τηνικαῦτα
3312 5627 3451 5694 πρὸς
3493 5629 3692 5695 καιρὸν

2108 5712 2442 5782 δυστυχῆσαι
2494 5709 2590 5780 τὴν
2629 5711 2917 5779 Ῥωμαίων
2957 5709 3153 5780 ἀρχήν.
3202 5713 3443 5782 Πὰμπαν
3485 5717 3538 5767 δὲ
3587 5721 3686 5785 τῖες
