3936 6206
326 333 432 393 7&5

1240 334 1834 398 ECCLESIASTICIE
1876 336 2270 399 HlS'I‘ORI/E
2310 338 2457 397 LiB.
2498 335 2607 394 XI.

3432 335 3534 402 746

314 443 424 495 λων
454 439 1004 509 ἁπήλασας.Ἀπόδος
1026 442 1203 495 τοίνυν
1235 447 1345 508 τοῖς
1374 445 1547 514 ὀρθῶς
1576 447 1859 512 δοξάζουσι

1991 447 2140 502 illum
2171 448 2273 502 rite
2295 446 2547 502 landibus
2588 444 2813 506 vehunt,
2856 458 2918 497 ex
2981 445 3152 499 sacris
3179 443 3387 503 :edibus
3439 463 3553 516 eje-

311 533 404 583 καὶ
442 531 505 582 τὸ
534 530 835 600 ἀκραιφνὲς
864 530 963 599 τῆς
1017 534 1075 583 ιν
1106 534 1309 603 Νικαίᾳ
1348 537 1581 597 πίστεως
1615 537 1705 589 τὸν
1761 537 1888 605 ὅρον

311 621 666 689 φυλάττουσι,
700 621 798 683 τὰς
845 621 1236 691 άφαιρεθείσα;
1268 625 1584 693 ἐκκλησίας,
1621 626 1716 677 καὶ
1752 627 1889 677 ἁπο-

310 714 433 779 νητὶ
465 712 709 780 νικήσεις
733 712 829 779 τὴν
858 711 1056 780 μάχην.
1079 714 1138 763 Ei
1166 712 1272 782 γὰρ
1308 715 1490 784 παύσῃ
1525 716 1589 767 συ
1615 716 1887 784 πολεμῶν,

311 802 584 856 παύσεται
614 801 814 871 δηλαδὴ
840 804 974 854 κιιὶὸ
1004 803 1109 854 ὑπὸ
1142 802 1237 855 σοῦ
1269 804 1699 875 πολεμούμενος.
1732 806 1796 860 Εἰ
1826 806 1889 859 δὲ

311 895 543 963 θέμενος
594 896 653 946 ἐν
694 893 929 963 δευτέρῳ
989 893 1054 945 τά
1103 895 1366 963 εἰρημένοι
1406 897 1539 963 προς
1582 896 1887 967 παράταξιν

309 989 499 1061 ἔλθῃς,
532 986 669 1054 αῦτη
703 1002 761 1037 σε
794 987 955 1053 πείρα
984 984 1204 1050 δ.δάξει,
1237 987 1346 1056 ὅσῳ
1375 986 1438 1056 δὴ
1469 988 1702 1057 σκληρὸν
1729 993 1788 1041 τῦ
1826 1006 1885 1042 τε

313 1081 449 1147 πρὸς
486 1077 685 1145 κέντρα
719 1076 1013 1137 λακτίζειν,
1056 1078 1150 1128 καὶ
1198 1078 1257 1128 τδ
1301 1080 1380 1137 είς
1419 1081 1509 1130 τὸν
1545 1080 1772 1148 οὐρανὸν
1805 1099 1886 1133 τι·

311 1173 466 1224 θέναι
490 1169 736 1237 γλῶτταν
765 1168 1061 1221 ἀκόλαστον
1082 1185 1094 1198 ⁸
1125 1166 1246 1220 οῦτε
1265 1169 1369 1239 γὰρ
1389 1172 1547 1232 αὐτὸς
1570 1172 1884 1242 ὲπανήξοις,

306 1263 403 1315 καὶ
433 1264 558 1314 ὅσον
589 1259 653 1326 δὴ
683 1257 862 1326 ἐπάγῃ
887 1257 982 1326 τῆς
1011 1257 1291 1325 στρατιᾶς,
1317 1260 1626 1321 ἁπολέσεις.
1658 1280 1677 1312 ι
1719 1261 1884 1331 ’οργῇ

305 1355 352 1407 δ’
388 1354 611 1423 ἀμέτρῳ
645 1353 992 1423 χρησάμενος
1047 1354 1075 1404 ὁ
1102 1354 1338 1422 κρατῶν,
1372 1372 1390 1404 ι
1439 1353 1572 1406 Ἀλλ’
1594 1336 1849 1424 ἐπανήξω
1870 1395 1884 1417 ,

306 1447 439 1513 ἔφη,
466 1448 561 1497 σὺν
587 1445 764 1511 πολλῷ
785 1444 860 1513 τῷ
883 1443 1149 1512 τροπαίῳ,
1172 1446 1268 1496 xxi
1291 1443 1388 1512 τὴν
1420 1443 1576 1510 ἀξίαν
1598 1446 1753 1516 δίκην
1782 1449 1886 1515 τῆς

304 1538 403 1604 σῆς
467 1534 832 1603 είσπράξομαι
865 1534 1432 1604 τόλμης,ζὰπελὲγχων
1459 1553 1553 1587 σου
1586 1537 1684 1606 τὴν
1714 1536 1883 1604 ψευδῆ

304 1624 665 1694 προφητείαν.
702 1643 721 1675 ι
771 1624 879 1676 Καὶ
937 1625 1137 1677 αὐτίκα
1167 1624 1539 1695 συλληφθῆναι
1584 1628 1673 1679 τὸν
1715 1628 1884 1696 ἄνδρα

305 1718 658 1785 προσέταττε,
693 1717 783 1767 καὶ
821 1716 923 1768 ὑπὸ
952 1716 1193 1786 φρουρὰν
1232 1718 1481 1784 γενέσθαι
1514 1718 1614 1781 ἕως
1638 1713 1700 1772 οῦ
1742 1720 1873 1771 ὑπο·
1912 1742 1946 1793 η

305 1808 609 1878 στρέψειεν.
644 1809 703 1860 ’0
733 1808 776 1859 δ’
807 1807 983 1862 ἀπιὼν
1015 1810 1161 1873 ἐϐόα,
1188 1828 1204 1859 ι
1234 1812 1475 1875 Κτεῖνον,
1518 1813 1566 1863 εί
1597 1811 1874 1881 φωραθείη

302 1901 416 1952 τῶν
456 1901 627 1966 λόγων
673 1901 734 1952 τὸ
784 1901 993 1969 ψεῦδος.
1039 1921 1057 1953 ι
1089 1903 1151 1954 Ei
1180 1902 1225 1954 δ’
1262 1905 1340 1965 εἰς
1372 1904 1533 1972 ἔργον
1585 1904 1768 1974 ἀπέϐη
1798 1905 1877 1974 τῷ

298 1993 436 2059 ὁσίῳ
466 1994 532 2042 τά
566 1993 786 2060 ῥήματα
805 2030 820 2055 ,
848 1989 1081 2059 δηλώσει
1112 1994 1179 2045 τὰ
1205 1993 1523 2061 πράγματα.
1578 1993 1734 2047 Ἐπεὶ
1767 1999 1878 2063 γὰρ

298 2083 524 2151 σύναμα
550 2082 625 2151 τῷ
655 2084 868 2152 στρατῷ
896 2083 1066 2154 ἐξῄει,
1098 2085 1147 2136 οί
1180 2085 1280 2153 μὲν
1330 2084 1599 2158 βάρϐαροι
1643 2087 1878 2156 τραπέν-

297 2189 390 2233 τες
424 2173 776 2239 ὑπεχώρουνο
808 2174 835 2225 ὁ
869 2174 913 2227 δ’
946 2175 1273 2239 ἐπιδιώκων,
1310 2174 1409 2244 τὴν
1444 2177 1667 2247 Θρᾴκην
1701 2195 1878 2246 παρα-

303 2263 533 2333 μεξψας,
580 2266 679 2335 τὴν
752 2265 1031 2333 Ἀδριανοῦ
1083 2266 1587 2338 κατελάμϐανεν,ἢ
1636 2270 1693 2319 ὲν
1760 2270 1874 2331 τοῖς

295 2357 469 2425 ὁρίοις
500 2357 834 2419 Μακεδονίας
869 2356 1032 2410 ἐστίν.
1070 2359 1143 2411 Οὐ
1173 2359 1311 2411 πάνυ
1336 2358 1392 2412 δὲ
1428 2362 1617 2430 πόρρω
1651 2360 1878 2429 γενόμε-

294 2466 410 2509 νος,
438 2452 550 2509 τοῖς
578 2449 869 2519 βαρϐάροις
902 2453 959 2502 ἐν
990 2449 1066 2519 τῷ
1091 2451 1320 2517 ἀσφαλεῖ
1352 2451 1711 2510 καθεστῶσιν.
1749 2454 1873 2519 ἐξα-

294 2543 462 2610 πίνης
505 2541 824 2609 συμδάλλει,
853 2540 927 2610 μὴ
961 2542 1400 2611 προδιαθέμενος.
1435 2544 1559 2614 μηδ’
1592 2544 1741 2606 ὅπως
1768 2545 1874 2615 χρὴ

296 2631 568 2694 συντάξας
601 2630 698 2700 τὴν
730 2630 1005 2702 στρατιάν.
1036 2632 1126 2701 Τῷ
1156 2632 1200 2684 δ’
1231 2632 1411 2703 ἀθρόῳ
1438 2636 1545 2687 τῶν
1576 2633 1874 2704 βαρϐάρων

290 2722 395 2791 τῆς
451 2721 756 2790 προσϐολῆς
826 2725 922 2790 τῆς
978 2722 1144 2775 ἵππου
1209 2723 1638 2794 διασπασθείσης
1692 2726 1866 2795 αὐτῷ,

296 2820 390 2871 καὶ
468 2815 562 2869 τοῦ
666 2816 949 2868 ὁπλιτικοῦ
1056 2817 1359 2887 τραπέντος
1460 2821 1870 2887 συντάγματος,

284 2910 456 2971 ἄλλος
516 2907 751 2977 ἀλλαχοῦ
830 2908 1097 2975 ἔφευγον·
1154 2909 1204 2961 οί
1275 2910 1319 2961 δ’
1374 2911 1640 2972 ἐπιόντες.
1705 2911 1875 2972 ἀδεῶς

291 3004 563 3055 ἔκτεινον.
604 3000 661 3053 '0
695 2999 751 3052 δὲ
789 2999 1040 3067 βασιλεὺς
1078 3001 1171 3052 καὶ
1204 3000 1362 3062 αὐτος
1398 3002 1704 3070 άνακράτος
1741 3002 1871 3068 φεύ-

1988 538 2132 591 cisti.
2160 536 2343 591 Redde
2376 537 2542 605 igitur
2595 543 2743 588 recte
2796 533 3183 598 sentientibus,
3230 545 3285 590 et
3345 537 3557 592 sincere

1992 628 2118 681 fidei
2144 628 2374 688 Nicaeum.
2397 628 2675 681 decretum
2724 626 3092 691 servantibus,
3113 642 3252 695 quas
3303 628 3553 683 ademisti

1988 720 2279 774 ecclesias:
2309 729 2364 774 et
2398 719 2583 772 labore
2617 718 2766 771 nullo
2818 718 2996 770 victor
3029 718 3082 771 in
3146 719 3290 773 bello
3331 718 3553 776 evades.
3601 765 3606 769 .

1990 813 2045 867 Si
2078 813 2222 865 enim
2255 819 2309 863 tn
2342 810 2619 864 adversari
2652 810 2728 862 illi
2758 808 2993 864 desieris
3011 818 3065 863 et
3097 811 3395 879 quieveris,
3431 811 3556 881 qui-

1989 913 2139 959 escet
2170 903 2381 975 scilicet
2414 912 2471 956 et
2497 902 2586 955 ille
2610 916 2772 970 quem
2805 909 2863 953 tu
2893 915 3196 969 oppugnas.
3227 901 3321 955 Sin
3359 903 3548 956 verbis

1994 996 2145 1048 hisce
2179 994 2529 1062 contemptis,
2561 992 2803 1046 inaciem
2843 991 3185 1061 perveneris,
3216 1006 3276 1045 re
3313 993 3427 1062 ipsa
3462 1008 3556 1046 ex-

1987 1086 2224 1156 periere,
2270 1101 2433 1155 qnam
2480 1085 2682 1136 durnm
2715 1084 2784 1136 sit
2808 1088 3001 1137 contra
3047 1082 3329 1136 stimulum
3390 1083 3555 1138 calci-

1990 1190 2157 1237 trare,
2190 1184 2243 1228 ct
2303 1177 2356 1229 in
2390 1175 2585 1228 uelum
2644 1174 3000 1243 impotentem
3051 1173 3285 1242 linguam
3340 1173 3553 1229 tollere.

1986 1269 2175 1338 Neque
2220 1269 2365 1322 enim
2416 1268 2529 1335 ipse
2591 1266 2826 1320 redibis:
2882 1275 2937 1319 et
2962 1280 3097 1333 quas
3128 1273 3307 1319 tecum
3375 1264 3555 1327 ducis,

1986 1363 2171 1431 copias
2224 1362 2437 1431 perdes.
2469 1378 2488 1412 ι
2543 1359 2845 1428 Imperator
2902 1368 3111 1413 antem.
3142 1357 3557 1412 vehementiore

1988 1454 2070 1508 ira
2099 1460 2435 1508 commotus:
2475 1451 2614 1520 «Ego
2642 1465 2790 1511 vero,
2826 1449 3022 1518 inquit,
3058 1450 3247 1503 redibo
3273 1460 3397 1503 cum
3420 1464 3560 1519 pra:-

1987 1547 2385 1614 claronopaeo,
2416 1542 2680 1612 etdignas
2728 1557 2756 1594 a
2814 1549 2866 1594 te
2925 1540 3247 1594 temeritatis
3303 1547 3407 1593 tum
3460 1554 3556 1593 su-

1988 1654 2130 1691 mam
2172 1651 2383 1706 prenas,
2435 1633 2952 1704 praedictionemque
3003 1643 3150 1685 tuam
3204 1631 3392 1685 falsam
3437 1646 3556 1686 esse

1982 1726 2320 1781 ostendam.»
2361 1724 2427 1779 Et
2459 1723 2741 1778 confestim
2801 1722 3191 1791 comprehendi
3253 1722 3553 1784 hominem,

1979 1827 2035 1870 et
2060 1817 2114 1869 in
2154 1813 2397 1870 custodia
2436 1813 2725 1874 asservari,
2762 1812 2934 1866 donec
2995 1812 3225 1874 rediret,
3261 1812 3450 1882 jussit.
3486 1812 3556 1864 At

1982 1908 2072 1961 ille
2091 1906 2360 1963 adduetus
2377 1903 2777 1959 vociferabatur
2802 1921 2815 1956 :
2843 1922 2859 1952 ι
2874 1903 3054 1957 Eneca
3068 1903 3254 1967 etiam,
3274 1902 3553 1971 inquiens,

1978 2001 2022 2053 si
2050 1997 2329 2052 mendacia
2355 2011 2475 2050 esse
2495 1994 2922 2064 deprehenderis
2946 1993 3112 2047 verba
3161 2008 3304 2047 mea.
3322 2011 3341 2043 ι
3410 1994 3551 2048 Νυηι

1978 2098 2161 2142 autem
2220 2086 2286 2140 ad
2322 2100 2436 2141 rem
2472 2085 2665 2139 collata
2700 2085 2810 2137 sint
2864 2084 3038 2137 sancti
3081 2083 3182 2136 viri
3242 2083 3410 2148 dicta,
3466 2098 3555 2138 res

1981 2180 2095 2248 ipsa
2128 2187 2276 2248 gesta
2304 2175 2625 2230 declarabit.
2683 2174 2978 2242 Postquam
3041 2175 3187 2230 enim
3220 2190 3343 2229 cum
3379 2176 3552 2245 copiis

1978 2269 2279 2337 iunperator
2314 2277 2398 2321 est
2424 2280 2703 2336 egressus,
2734 2264 2957 2319 Barbari
2991 2266 3243 2320 conversi
3283 2275 3551 2321 retroces-

1980 2370 2190 2414 scrnnt:
2219 2374 2357 2427 quos
2381 2358 2470 2413 ille
2494 2359 2811 2426 insequens,
2833 2357 3064 2412 Thracia
3091 2366 3216 2426 post
3238 2373 3299 2413 se
3334 2359 3549 2420 relicta,

1978 2450 2388 2520 Adrianopolim
2413 2449 2583 2515 venit,
2614 2464 2735 2519 qua:
2764 2449 2816 2503 in
2846 2448 3179 2503 Macedonia:
3217 2449 3417 2504 finibus
3446 2448 3550 2503 sita

1974 2553 2077 2597 est.
2116 2543 2294 2611 Atque
2323 2542 2414 2596 ubi
2441 2556 2549 2594 non
2580 2542 2736 2608 longe
2764 2539 2832 2594 ab
2885 2539 3137 2593 hostibus
3182 2536 3378 2603 abfuit,
3423 2555 3546 2593 cum

1977 2634 2079 2703 ipsi
2099 2634 2152 2686 in
2178 2640 2295 2686 tuto
2321 2632 2442 2685 loco
2469 2640 2674 2696 essent,
2706 2646 2772 2684 ex
2808 2630 3109 2699 improviso
3127 2630 3415 2685 ordinibus
3436 2646 3544 2685 non

1974 2723 2273 2793 dispositis,
2301 2736 2477 2790 neque
2510 2721 2626 2774 acie
2654 2735 2751 2790 pro
2787 2735 2856 2774 eo
2884 2729 3052 2789 atque
3086 2720 3538 2783 debuitstructa,

1974 2832 2071 2871 eos
2100 2825 2185 2871 est
2211 2814 2460 2868 adortus.
2486 2812 2624 2867 Cum
2666 2826 2795 2866 vero
2826 2810 3048 2865 Barbari
3100 2811 3387 2866 confertim
3447 2826 3544 2865 rn-

1974 2919 2151 2972 entes,
2199 2909 2480 2975 equitatus
2535 2906 2654 2975 ejus
2701 2905 2962 2972 impetum
3011 2911 3068 2957 et
3106 2903 3544 2972 impressionem

1974 3002 2364 3060 distraherent,
2421 3007 2479 3052 et
2533 2996 2838 3067 graviorem
2891 3004 3222 3049 armaturam
3255 2996 3310 3049 in
3361 2998 3542 3064 fugam

290 3110 432 3161 των,
462 3091 672 3152 ἀποϐάς
700 3091 794 3143 τοῦ
824 3090 1012 3154 ἵππου,
1043 3091 1137 3143 ἆτε
1166 3091 1227 3159 δὴ
1261 3091 1544 3164 ἀμηχανίᾳ
1575 3092 1743 3161 πολλῇ
1777 3079 1865 3144 συί

1971 3101 2271 3152 verterent,
2298 3091 2442 3145 alius
2477 3089 2584 3142 alio
2612 3104 2671 3143 se
2715 3088 2951 3156 recepit:
3010 3087 3199 3141 hostes
3239 3097 3418 3140 autem
3464 3089 3545 3141 eis

292 3176 541 3247 σχεθε“ις,
575 3177 631 3228 ἐν
664 3194 770 3229 τινι
804 3178 913 3228 τῶν
945 3179 1063 3231 κατ’
1089 3180 1293 3248 ἀγροὺς
1324 3180 1647 3248 οἰκημάτων
1684 3181 1864 3251 χόρτῳ

288 3268 391 3337 τὴν
426 3268 621 3336 στέγην
655 3267 1053 3337 ἐπηλυγάζοαιτι
1087 3270 1277 3321 ἑαυτὸν
1311 3271 1724 3342 κατακρύπτει,
1764 3273 1863 3325 σὺν

287 3362 402 3421 τοῖς
442 3360 734 3427 ἑπομένοις
773 3360 973 3427 ὀλίγοις
1009 3357 1127 3414 οὖσι
1166 3361 1453 3414 λανθάνειν
1493 3363 1858 3432 πειρώμενος.

287 3453 353 3503 (ὶὶ
403 3452 460 3504 δὲ
514 3451 778 3522 βάρϐαροι
832 3453 981 3525 ῥύμῃ
1030 3453 1244 3524 ἀσχέτῳ
1298 3457 1622 3524 φερόμενοι,
1671 3454 1854 3533 ὥσπερ

287 3543 458 3597 τᾶλλα
482 3544 552 3596 τά
577 3545 632 3595 ὲν
659 3544 839 3608 ποσὶν,
866 3543 1010 3596 οὕτω
1036 3546 1099 3615 δὴ
1128 3547 1219 3598 καὶ
1244 3546 1304 3597 τὸ
1337 3548 1457 3615 οῐκη
1468 3565 1541 3616 μα
1570 3548 1745 3619 πυρὸς
1773 3550 1863 3602 δα-

288 3636 471 3704 πάνην
504 3634 743 3697 ὲποίουν,
783 3634 1076 3705 μηδεμίαν,
1112 3635 1187 3698 ὥς
1224 3654 1380 3704 φασι,
1417 3640 1545 3709 περὶ
1579 3638 1673 3690 τοῦ
1710 3639 1862 3709 βασι-

289 3726 428 3786 λέως
459 3725 718 3787 λαϐόντες
753 3726 1007 3779 ὑπόνοιαν
1034 3743 1048 3758 ο
1085 3728 1173 3779 καὶ
1213 3730 1310 3780 σὺν
1342 3732 1408 3798 τῇ
1444 3728 1608 3799 κώμῃ
1641 3731 1736 3784 καὶ
1769 3731 1860 3783 τὸν

288 3817 389 3885 τῆς
420 3816 678 3886 ἀληθείας
707 3818 1000 3871 ἀντίπαλον
1032 3819 1480 3893 κατετέφρωσαν.
1512 3822 1643 3873 ’Ὅτε
1675 3821 1739 3889 δὴ
1772 3821 1858 3874 λό-

288 3927 385 3977 γος
415 3912 509 3962 τὸν
542 3910 761 3978 θεοφιλῆ
792 3909 959 3978 ἄνδρα
989 3910 1082 3962 τὸν
1121 3911 1413 3971 ’1σαάκιον,
1441 3912 1754 3980 ὀπτώμενον
1783 3914 1859 3982 τῷ

282 4002 550 4071 δωματίῳ
577 4002 855 4056 Οὐάλεντα
882 4001 1210 4071 ᾐσθημένον,
1238 4004 1337 4069 τῆς
1363 4004 1571 4056 ἐκεῖθεν
1602 4004 1859 4075 ἔμφορεῖξ

283 4092 411 4143 σθ..ι
450 4090 710 4157 κνίσσης,
745 4089 838 4139 καὶ
872 4092 982 4149 τοῖς
1018 4090 1075 4140 ὲν
1110 4089 1321 4158 φρουρᾷ
1353 4091 1711 4157 καταγγεῖλαι
1733 4130 1748 4154 ,
1782 4092 1857 4153 ώς

286 4182 384 4233 νῦν
439 4180 654 4249 Οὐάλης
690 4180 825 4249 πυρὶ
860 4180 1229 4248 κατατήκεται
1253 4196 1266 4209 ·
1305 4182 1336 4250 ἡ
1370 4181 1425 4233 δὲ
1459 4179 1727 4251 ὄσφρησις
1759 4183 1857 4252 τῆς

285 4271 499 4325 ἐκεῖθεν
528 4271 907 4341 ἀπορρεούσης
964 4270 1255 4339 δυσοδμίας
1287 4272 1627 4326 αἰσθάνεται.
1660 4274 1722 4326 Oi
1758 4275 1855 4343 μὲν

283 4361 380 4416 οὖν
413 4364 557 4414 οὕτω
588 4363 721 4429 φασὶ
755 4361 1031 4430 φθαρῆναι
1063 4363 1337 4417 Οὐάλεντα
1360 4380 1373 4393 ·
1406 4365 1459 4415 οἱ
1487 4365 1544 4418 δὲ
1576 4367 1670 4418 καὶ
1698 4367 1856 4420 τοῦτο

1969 3182 2339 3246 imminentes,
2399 3190 2547 3234 metu
2606 3180 2781 3243 nullo,
2836 3178 3039 3234 caedem
3094 3180 3317 3232 multam
3379 3178 3542 3247 215

1968 3274 2177 3327 fecere.
2215 3274 2516 3342 Imperator
2570 3285 2791 3340 quoque
2831 3270 2947 3339 ipse
3000 3284 3123 3324 cum
3149 3286 3214 3324 ex
3242 3286 3387 3340 equo
3443 3285 3541 3339 per

1966 3362 2404 3436 deSperationem
2468 3379 2735 3419 summam
2798 3363 3194 3428 descendisset,
3271 3371 3536 3430 quantum

1964 3465 2179 3526 poterat
2213 3456 2449 3524 fugiens,
2508 3455 2563 3508 in
2619 3453 2909 3522 quamdam
2961 3454 3104 3507 villa:
3150 3452 3537 3507 domunculam

1965 3548 2283 3603 stramentis
2316 3554 2648 3609 contectam,
2675 3560 2798 3599 cum
2828 3545 3017 3612 paucis
3045 3544 3137 3613 qui
3164 3558 3294 3597 eum
3360 3557 3437 3596 sea
3457 3544 3536 3598 uti

1962 3640 2207 3701 fuerant,
2242 3638 2413 3691 latere
2456 3637 2529 3689 ibi
2560 3636 2768 3700 volens,
2802 3650 2859 3689 se
2905 3634 3134 3697 abdidit.
3175 3634 3396 3688 Barbari
3436 3649 3538 3686 au-

1965 3740 2070 3784 tem
2108 3730 2315 3798 impetu
2347 3736 2402 3782 et
2428 3727 2719 3783 celeritate
2784 3728 3018 3780 maxima
3054 3726 3428 3795 insequentes,
3463 3728 3535 3781 si-

1961 3824 2071 3877 cuti
2111 3822 2214 3876 alia
2242 3820 2310 3875 ad
2343 3833 2464 3889 qua:
2519 3828 2783 3873 venerant
2814 3826 2977 3882 tecta,
3032 3818 3104 3870 ita
3140 3818 3529 3872 domunculam

1959 3929 2079 3968 eam
2109 3928 2326 3982 quoque
2354 3910 2750 3965 incenderunt:
2792 3925 2917 3964 cum
2942 3909 3186 3979 quidem,
3220 3920 3281 3964 ut
3308 3910 3529 3974 dicitur,

1960 4004 2095 4058 nihil
2123 4004 2191 4057 de
2222 4003 2549 4071 imperatore
2588 3998 3025 4069 suSpicarentur.
3058 3982 3151 4052 Sic
3171 3998 3248 4052 illi
3271 4014 3375 4053 una
3404 4014 3527 4053 cum

1958 4092 2080 4150 vico
2112 4111 2198 4156 eo,
2229 4094 2481 4148 veritatis
2506 4092 2671 4147 etiam
2717 4091 2930 4145 hostem
2963 4090 3017 4144 in
3050 4091 3266 4145 cineres
3300 4090 3529 4160 redege-

1959 4196 2106 4240 rnnt.
2166 4184 2284 4250 Quo
2317 4195 2561 4253 tempore
2594 4182 2735 4236 fama
2775 4190 2881 4245 est,
2920 4179 3036 4235 Deo
3058 4181 3319 4236 dilectum
3353 4181 3529 4235 virum

1959 4274 2244 4337 lsaacium,
2273 4288 2395 4326 cum
2437 4272 2716 4326 Valentem
2773 4273 2828 4324 in
2850 4269 3188 4325 domuncula
3221 4286 3286 4326 ea
3343 4286 3529 4326 assum

1958 4364 2217 4422 sentiens.
2251 4364 2442 4429 nidore
2476 4363 2597 4432 ejus
2626 4363 2953 4431 repleretur,
3001 4364 3083 4417 eis
3111 4362 3206 4432 qui
3249 4379 3436 4419 secum
3472 4366 3528 4419 in

281 4458 347 4525 δὴ
382 4455 770 4524 προστιθέασιν
795 4471 809 4485 ο
843 4455 916 4515 ὼς
949 4455 1122 4524 εἰσῄει
1156 4455 1253 4523 μὲν
1288 4455 1346 4507 τὸ
1374 4456 1646 4525 δωμάτιον
1675 4458 1856 4512 λαθεῖν

1969 4456 2217 4510 custodia
2242 4465 2419 4519 erant,
2449 4456 2850 4509 annuntiasse:
2884 4470 3029 4509 nunc
3044 4456 3154 4525 jam
3185 4455 3384 4510 Valens
3403 4456 3528 4525 igne

281 4548 664 4614 ἐπειγόμενος,
709 4549 800 4598 καὶ
832 4546 993 4615 μέχρι
1020 4547 1163 4608 τινὺς
1192 4547 1446 4599 ἐλάνθανε
1470 4565 1483 4578 '
1514 4552 1852 4620 παρέτρεχον

280 4641 393 4707 γὰρ
422 4640 629 4690 ἐκεῖνον
656 4639 704 4689 οἱ
732 4637 1003 4706 βάρϐαροι
1031 4638 1218 4705 πρόσω
1245 4639 1446 4707 ἱέμενοι
1469 4656 1485 4670 ·
1511 4640 1851 4708 κρύπτεσθαι

278 4734 389 4799 γάρ
424 4731 601 4781 ἐκεῖσε
636 4730 727 4779 τὸν
764 4728 986 4795 βασιλέα
1020 4729 1128 4781 οὐδ’
1155 4728 1213 4782 ὲν
1243 4729 1523 4792 ὑπονοίαις
1557 4726 1718 4801 ἦσαν.
1762 4732 1851 4794 Ὧς

277 4821 323 4874 δ’
350 4821 402 4872 oi
441 4820 661 4880 πλείους
694 4819 802 4870 τῶν
836 4818 1128 4888 βαρϐάρων
1163 4819 1567 4889 ὑπερϐαλόντες
1597 4822 1689 4875 τὸν
1722 4824 1846 4893 τῇδε

278 4915 460 4984 χῶρον
484 4914 761 4981 διέϐησαν,
787 4909 1241 4980 δλίγωνῦστερον
1267 4913 1550 4976 ἐπιόντων,
1576 4916 1684 4964 τῶν
1706 4929 1851 4977 τινες

276 5007 409 5075 περὶ
443 5004 532 5055 τὸν
570 5002 792 5070 βασιλέα
834 5001 974 5069 ὑπὲρ
1018 5000 1217 5069 στέγης
1250 4999 1344 5053 τοῦ
1385 5002 1660 5070 δωματίου
1697 5004 1849 5070 γενό-

278 5106 457 5157 μενοι,
485 5088 605 5140 κατ’
626 5087 849 5139 ἐκείνων
872 5086 938 5138 τά
967 5086 1097 5155 βέλη
1122 5088 1375 5156 ἠφίεσαν.
1402 5091 1464 5141 Oi
1489 5090 1544 5140 δὲ
1574 5090 1845 5144 Οὐάλεντα

274 5177 617 5244 κρύπτεσθαι
643 5173 828 5225 ἐνθάδε
858 5174 1315 5239 ὐποτοπάσαντες,
1345 5176 1495 5245 βοαῖς
1524 5178 1620 5229 σὺν
1647 5178 1846 5233 ἀλαλα-

273 5265 398 5336 γμῷ
430 5264 651 5335 μεγάλῳ
677 5264 937 5333 ἐχρῶντο,
963 5264 1037 5325 ὡς
1061 5264 1244 5316 ἐνθάδε
1272 5267 1483 5333 Οὐάλης
1510 5269 1678 5321 ἐστίν.
1704 5271 1764 5321 Οἱ
1791 5271 1845 5322 δὲ

273 5353 709 5421 προσ-τυχόντες,
734 5350 1047 5421 ἔμπροσθέν
1081 5369 1139 5404 τε
1179 5355 1274 5404 καὶ
1305 5353 1550 5418 ὄπισθεν,
1585 5356 1612 5407 ὃ
1648 5359 1844 5424 ἤκουον

269 5447 383 5503 τοῖς
422 5442 539 5512 μετ’
566 5443 761 5504 αὐτοὺς
800 5444 1042 5512 ἐδήλουν.
1080 5445 1168 5506 Ὠς
1203 5447 1400 5514 ἀικαρεὶ
1434 5449 1677 5511 καὶτοὺς
1713 5452 1843 5521 πορ-

272 5537 498 5604 ρωτέρίο
529 5534 819 5603 πολεμίους
843 5535 1094 5599 ἀκοῦσαι,
1127 5538 1220 5586 καὶ
1251 5539 1327 5599 εἰς
1357 5535 1415 5588 ἓν
1443 5536 1688 5600 ἅπαντας
1719 5559 1843 5593 συν-

272 5626 484 5678 ελθεῖν·
521 5625 570 5677 οἳ
612 5626 677 5695 δὴ
720 5627 811 5678 καὶ
855 5623 1275 5695 περικύκλῳπδ
1319 5629 1592 5697 δωμάτιον
1648 5633 1843 5683 συλλα-

273 5719 477 5784 ϐόντες,
521 5719 617 5768 καὶ
659 5716 790 5785 ὓλην
834 5719 977 5786 μάλα
1025 5717 1284 5789 πλείστην
1332 5722 1836 5790 περιαθροίσαντες,

514 5810 785 5871 ΡΑτιιοι..
830 5814 940 5871 (in.
998 5807 1237 5873 CXLVI

1957 4553 2214 4606 torretur,
2239 4554 2287 4596 et
2316 4558 2479 4597 nares
2505 4544 2869 4612 proﬂuentem
2893 4544 2963 4596 ab
2996 4558 3064 4597 eo
3090 4543 3315 4597 odorem
3348 4545 3529 4614 ingra-

1954 4644 2066 4688 tum
2097 4636 2361 4689 sentiunt.
2413 4634 2683 4689 Nonnulli»
2717 4634 2943 4704 quidem
2994 4636 3074 4689 ita
3104 4634 3387 4689 Valentem
3442 4637 3525 4689 in-

1955 4728 2169 4781 teriisse
2200 4728 2415 4780 dicunt.
2449 4726 2554 4779 Alii
2581 4735 2763 4779 autem
2819 4726 2952 4781 illud
3000 4726 3232 4790 addunt,
3290 4728 3525 4783 subiisse

1949 4814 2169 4884 quidem
2188 4815 2361 4879 illum,
2384 4828 2509 4869 cum
2533 4814 2813 4867 occultare
2842 4829 2901 4867 se
2920 4823 3260 4883 properaret,
3283 4815 3520 4870 domun~

1950 4906 2152 4969 cnlani,
2191 4913 2356 4973 atque
2381 4903 2457 4957 ibi
2493 4903 2895 4976 aliquantulum
2925 4906 3176 4969 latuisse,
3209 4907 3356 4975 quod
3387 4908 3520 4963 Bar-

1950 4997 2065 5051 bari
2118 5010 2338 5048 cursum
2374 5010 2534 5048 suum
2587 5004 2836 5049 tenentes
2894 4998 3260 5064 praeterirent,
3309 5009 3365 5054 et
3418 5001 3520 5054 im-

1949 5097 2255 5156 peratorem
2304 5085 2376 5138 ibi
2429 5085 2693 5139 occultari
2755 5100 2916 5140 nemo
2963 5087 3356 5156 suspicaretur.
3420 5091 3517 5146 Ubi

1947 5189 2126 5231 autem
2150 5177 2382 5231 maxima
2424 5178 2666 5231 hostium
2699 5192 2831 5248 pars
2872 5194 2940 5233 eo
2971 5179 3089 5233 loco
3114 5193 3374 5250 superato
3401 5183 3543 5247 θυι-ν

1947 5271 2096 5332 isset,
2119 5283 2174 5325 et
2202 5271 2354 5341 pauci
2379 5282 2566 5342 postea
2603 5270 2943 5337 advenirent,
2973 5272 3241 5340 quosdam
3275 5273 3513 5342 impera-

1949 5366 2081 5416 toris
2106 5363 2242 5432 fngae
2270 5364 2569 5418 comitesiu
2606 5372 2809 5417 tectum
2858 5363 3205 5418 domuncula:
3244 5380 3513 5420 conscen-

1945 5456 2110 5519 disse,
2140 5466 2193 5508 et
2225 5458 2328 5510 tela
2386 5455 2438 5507 in
2471 5454 2740 5508 Barbaros
2782 5455 3103 5522 conjecisse.
3152 5456 3329 5525 Atque
3387 5457 3512 5511 illos

1947 5554 2057 5598 tum
2082 5547 2300 5598 demum
2336 5545 2598 5598 occultari
2627 5545 2697 5598 ibi
2729 5544 3007 5599 Valentem
3053 5546 3380 5614 suspicatus,
3429 5547 3512 5603 in-

1943 5635 2089 5703 genti
2120 5635 2359 5688 clamore
2392 5645 2447 5687 et
2468 5634 2729 5702 jubilatu,
2776 5644 2962 5704 utpote
2992 5635 3250 5702 victores,
3312 5637 3508 5692 Valen-

1946 5736 2050 5778 tem
2106 5726 2269 5781 isthic
2316 5740 2435 5779 csse
2507 5724 2833 5779 vociferatos
2887 5742 3026 5781 esse.
3084 5727 3249 5797 qune
3313 5740 3368 5785 et
3418 5745 3513 5800 qui

3118 5823 3259 5888 24.
