3936 6206
347 292 451 356 749

1258 224 1850 346 ΕΟΟιΕΞΙΛδΉίέίΕ
1893 273 2272 336 lliS’l‘URLE
2311 275 2457 335 LIB.
2501 270 2633 334 XII.

3416 156 3443 188 ο

3465 270 3571 335 750

346 400 689 476 πραγμάτων
732 399 922 461 ὄντων,
957 397 1145 467 ὄφελος
1178 400 1277 452 οὐκ
1339 399 1618 466 ἐλάχιστον
1662 395 1911 462 ἐγένοντο

2024 404 2107 443 res
2143 389 2195 442 in
2226 372 2545 442 discrimine
2563 392 2729 444 esset.
2765 396 2873 437 non
2905 397 3099 453 parum
3134 380 3252 449 epis
3276 379 3571 435 auxiliares

342 498 391 549 οί
419 495 527 547 άπὸ
549 494 771 554 Μανίας
797 490 1138 560 πεμφθέντες
1163 489 1441 560 σύμμαχοι
1471 491 1532 541 ἐκ
1557 487 1908 556 Σαρακηνῶν.

2015 478 2187 547 copia:
2222 475 2668 537 Sarracenorum,
2696 486 2832 540 quas
2868 469 3037 525 Maria
3074 472 3320 526 miserat.
3378 470 3570 524 tulere.

344 585 539 641 [πολλοι
578 583 636 636 δὲ
670 584 764 636 καὶ
802 582 910 636 τῶν
929 558 1002 635 ἐκ
1030 581 1123 636 τοῦ
1146 558 1319 650 δήμου
1357 558 1535 650 μισθῷ
1582 577 1752 648 ῥητῷ,
1820 578 1912 626 Δο-

2024 567 2341 621 Multietiam
2370 580 2400 620 e
2423 563 2644 633 populo,
2667 562 2943 631 stipendio
2974 576 3002 614 a
3031 560 3309 615 Domiuiea
3342 559 3440 630 (ί),
3475 558 3570 615 Va-

346 677 546 748 μνίκης
574 673 917 746 χορηγούσης
965 673 1065 741 τῆς
1097 672 1397 735 Οὐάλεντος
1452 668 1728 739 γυνῖικδς,
1782 666 1915 718 ικα-

345 788 471 835 στος
506 776 569 824 τὸ
603 771 911 839 προστυχὸν
944 767 1110 822 ὅπλον
1143 767 1479 837 ποιούμενοι,
1512 761 1915 833 ἀντεπεξῄεσαν

341 865 457 924 τοῖς
481 860 804 932 βαρϐάροις,
839 858 1105 927 γενναίως
1134 876 1191 910 τε
1214 858 1566 928 ἀμυνόμενοι,
1595 856 1693 925 τῆς
1707 856 1916 917 πόλεως

344 954 682 1020 πορρωτέρω
697 948 1003 1015 ἀπήλασαν.
1034 946 1326 1016 Γρατιανὺς
1345 946 1423 1009 δὲ,
1443 946 1471 997 ὁ
1485 944 1797 1012 ἀδελφιδοῦς
1817 942 1917 1013 μὲν

344 1043 672 1105 Οὐάλεντος,
696 1043 828 1103 παῖς
860 1041 915 1095 δὲ
938 1036 1408 1101 Ούαλεντινιανοῦ,
1430 1036 1643 1104 σύναμα
1672 1032 1918 1102 τάδελφῷ

346 1135 429 1205 τῷ
477 1133 586 1202 νέῳ
641 1131 845 1201 δηλαδὴ
910 1129 1360 1196 Οὐαλεντινιανῷ,
1413 1129 1592 1182 πᾶσαν
1627 1128 1728 1193 τὴν
1785 1123 1921 1177 Ῥω-

353 1225 533 1296 μαίων
550 1223 727 1293 ἀρχὴν
756 1223 847 1290 ὑφ’
862 1220 1056 1275 ἑαυτὸν
1077 1222 1308 1272 ἐποιεῖτο
1327 1237 1342 1250 ο
1364 1220 1456 1272 καὶ
1480 1219 1588 1287 γάρ
1611 1217 1780 1270 πάλαι
1818 1215 1919 1284 μὲν

342 1317 444 1384 τὴν
474 1314 575 1381 τῆς
604 1312 876 1382 Εὐρώπης
911 1310 1085 1379 ἀρχὴν
1132 1308 1427 1377 ἐκληροῦτο
1486 1309 1622 1376 μετὰ
1666 1306 1919 1375 τελευτὴν

342 1408 439 1461 ¹τοῦ
461 1406 666 1475 πατρὸς
695 1419 710 1435 ·
753 1408 847 1459 καὶ
865 1402 969 1463 ἓως
999 1401 1080 1452 ἐτι
1104 1401 1300 1470 περιῆν
1339 1401 1565 1462 ἐκεῖνος,
1595 1400 1694 1466 τῆς
1740 1396 1918 1468 ἀρχῆς

345 1495 660 1553 ὲκοινὼνει·
687 1492 782 1546 νῦν
818 1493 875 1546 δὲ
913 1492 1005 1544 καὶ
1042 1491 1140 1560 τὴν
1203 1489 1388 1544 Ἀσίαν
1444 1490 1664 1544 ἃπασαν
1713 1492 1804 1541 καὶ
1852 1488 1920 1540 τὰ

343 1584 644 1661 λειπόμενα
670 1581 1009 1651 προσεκτᾶτο
1037 1579 1265 1649 Λιϐύης,
1287 1579 1513 1641 ἄπαιδος
1541 1578 1919 1648 ἀναιρεθέντος

344 1671 670 1732 Οὐάλεντος,
711 1670 814 1722 Καὶ
847 1667 913 1739 δὴ
948 1666 1140 1736 ορηνεϊ
1185 1668 1286 1735 μὲν
1314 1668 1405 1719 τὸν
1450 1666 1593 1720 θεῖον
1621 1682 1635 1697 ’
1688 1667 1921 1735 ἐκόψατο

2015 659 2179 714 lentis
2199 656 2449 726 conjuge,
2482 654 2780 709 constituto
2836 651 3114 717 conducti,
3176 652 3410 722 arreptis
3457 668 3579 721 qua:

2020 759 2133 804 tum
2159 756 2374 815 tempus
2402 745 2675 802 oﬂ'erebat
2701 746 2886 811 armis,
2917 743 3171 800 barbaris
3186 743 3403 798 obviam
3427 746 3575 800 iere:

2018 852 2221 907 eosque
2251 836 2468 891 fortiter
2519 836 2844 891 dimicantes
2876 835 3094 904 longius
3147 833 3217 888 ab
3257 833 3396 889 urbe
3450 850 3580 902 pro-

2020 929 2231 998 pulcre.
2264 925 2560 987 Gratianus
2613 934 2796 979 autem
2835 925 3078 979 Valentis
3122 924 3346 994 quidem
3394 924 3582 977 fratris

2022 1021 2185 1083 ﬁlius,
2221 1016 2589 1074 Valentiniani
2614 1030 2743 1071 vero
2797 1018 3002 1086 proles.
3058 1030 3166 1070 una
3228 1024 3352 1070 cum
3412 1015 3581 1071 fratre

2021 1109 2405 1166 Valentiniano
2455 1108 2695 1179 iuniore,
2734 1111 2903 1162 totius
2958 1100 3187 1162 Romani
3241 1107 3459 1176 imperii
3491 1108 3584 1160 ad.

2022 1201 2477 1255 niinis'trationem
2508 1198 2768 1268 suscepit.
2799 1197 3017 1251 Dudum
3050 1210 3286 1266 namque
3315 1207 3436 1267 post
3484 1212 3583 1266 pa-

2022 1295 2124 1347 tris
2162 1301 2389 1346 mortem
2422 1290 2654 1359 Europae
2705 1289 2993 1359 imperium
3023 1289 3373 1343 obtinuerat:
3410 1302 3582 1356 eoque

2021 1383 2339 1452 superstite,
2375 1381 2590 1449 imperii
2615 1381 2797 1436 socius
2830 1382 3029 1436 fuerat.
3067 1380 3205 1434 Tum
3236 1389 3420 1434 autem
3457 1381 3583 1433 Asia

2022 1475 2221 1537 omnis,
2249 1484 2305 1529 et
2329 1473 2598 1543 quidquid
2629 1482 2915 1542 supererat
2940 1471 3142 1543 Libym.
3182 1479 3328 1540 quod
3385 1470 3585 1525 Valens

2022 1566 2229 1634 absque
2253 1565 2446 1620 liberis
2462 1566 2810 1629 decessisset,
2842 1565 2893 1618 in
2931 1572 3252 1633 potestatem
3275 1565 3393 1634 ejus
3414 1566 3582 1617 venit.

2023 1654 2184 1724 223
2217 1654 2282 1709 Et
2321 1655 2568 1709 luxitille
2596 1655 2816 1724 quidem
2857 1663 3135 1724 patruum,
3186 1655 3587 1724 imperiumque

344 1760 529 1832 δὲτὴν
567 1759 857 1826 Ῥωμαίων
904 1738 1089 1828 ἀρχὴν
1146 1757 1289 1810 οὕτω
1346 1755 1530 1820 κακῶς
1594 1755 1917 1827 δῃουμένην.

2027 1743 2330 1797 Romanum
2360 1744 2432 1797 ita
2459 1753 2731 1798 vastatum
2764 1758 2885 1798 esse
2922 1745 3092 1799 ﬂevit.
3115 1743 3359 1800 Censilio
3403 1755 3585 1800 autem

346 1852 720 1922 Μεμψάμενος
753 1851 808 1904 δὲ
834 1851 929 1915 xei.
969 1850 1068 1921 τὴν
1126 1848 1351 1918 γνώμην
1406 1848 1637 1911 ἐκείνου,
1690 1847 1760 1916 ἢν
1806 1847 1917 1899 διες

348 1943 564 1996 τέλεσεν
590 1941 728 2011 ἔχων
753 1941 878 2010 περὶ
903 1942 1030 2002 τοὺς
1076 1939 1250 2003 ἄλλως
1288 1939 1321 2009 ἢ
1376 1939 1452 2002 ὡς
1502 1938 1695 2008 ἐκείνῳ
1746 1936 1919 1990 ἐδόκει

344 2033 693 2098 δοξάζοντας,
749 2031 900 2101 νόμῳ
956 2031 1205 2084 ἐκέλευεν
1263 2030 1339 2093 ὡς
1395 2031 1613 2099 ἑκάστῳ
1666 2028 1920 2099 βούλησις

343 2122 489 2183 ἐστι,
536 2121 885 2190 Θρησκεύειν,
945 2120 1041 2173 καὶ
1100 2120 1271 2180 ἀδεῶς
1324 2116 1469 2188 μάλα
1514 2118 1916 2190 ἐκκλησιάζειν,

346 2213 494 2281 πλὴν
522 2213 631 2263 τῶν
660 2212 774 2264 ὅσοι
795 2212 864 2262 τὰ
885 2210 1193 2278 Μανιχαίου
1247 2209 1342 2260 καὶ
1380 2208 1646 2262 Φωτεινοῦ
1684 2209 1779 2260 καὶ
1820 2206 1922 2259 Εὐ·-

343 2305 540 2372 νομίου
571 2302 831 2371 ἐφρόνουν
871 2317 886 2330 ο
921 2302 1147 2361 καὶτοῖς
1169 2299 1273 2351 ὑπὸ
1296 2298 1595 2360 Οὐάλεντος
1623 2297 1919 2350 καταδικα-

347 2397 528 2450 eiiciat
573 2394 683 2447 τῶν
746 2392 1065 2444 ἐπισκόπων
1117 2390 1296 2458 φυγὴν
1350 2390 1621 2458 ἐπέτρεπε
1672 2386 1919 2441 κάθοδον.

349 2482 589 2539 Ἔπειτα
610 2480 844 2535 συνιδὼν
875 2480 1012 2551 πρὸς
1038 2478 1100 2533 cs
1119 2480 1217 2548 τῆς
1252 2477 1523 2549 τοσαύτης
1549 2477 1725 2549 ἀρχῆς
1759 2477 1920 2546 μέγε-

344 2576 467 2641 θος,
494 2575 590 2628 καὶ
616 2574 691 2637 ὡς
715 2573 766 2627 οἱ
805 2573 947 2642 ἀμφὶ
972 2570 1063 2625 τὸν
1092 2572 1306 2641 Ἵστρον
1361 2568 1626 2640 βάρϐαροι
1680 2569 1778 2638 τὴν
1819 2569 1921 2621 Ἱλ-

344 2664 544 2736 λυρίδα
566 2665 662 2719 καὶ
690 2662 787 2734 τὴν
816 2664 1041 2736 Θρᾴκην
1091 2662 1347 2736 δῃοῦντες
1410 2661 1509 2716 οὐκ
1560 2661 1774 2730 ἔληγον,
1832 2664 1922 2715 ναὶ

351 2758 465 2829 μὴν
495 2757 585 2811 καὶ
626 2755 923 2825 ’Δλαμανοὶ
980 2754 1251 2817 Γαλάταις
1296 2756 1357 2807 ὲν
1401 2756 1468 2823 τῇ
1500 2754 1636 2822 πρὸς
1685 2754 1922 2822 ἑσπέραν

345 2848 631 2919 ἀρχομένη
666 2847 950 2899 ἐπέκειντο
987 2846 1055 2899 τά
1089 2845 1293 2915 ἔσχατα
1325 2844 1780 2915 κακουργοῦντες,
1807 2862 1921 2899 κοι-
1958 2892 1977 2901 κ

349 2938 522 2992 νωνδν
542 2940 606 3008 τῇ
635 2936 777 3008 ἀρχῇ
802 2936 1221 3007 προσελάμϐανε
1244 2936 1525 2991 Θεοδόσιον
1558 2952 1577 2970 ο
1620 2937 1790 3008 ἄνδρα
1836 2938 1924 2991 εὑ-

345 3031 486 3100 γενῆ
514 3048 572 3083 τε
600 3031 697 3083 καὶ
726 3028 1078 3100 περιώνυμον
1111 3030 1169 3081 ὲν
1226 3032 1348 3093 ταῖς
1396 3029 1772 3101 στρατηγίαις,
1828 3028 1922 3083 καὶ
1949 3059 1992 3115 C

351 3120 585 3171 πλείστα
616 3117 737 3179 ταῖς
773 3116 914 3187 ὑπὲρ
943 3117 1050 3170 τῶν
1087 3115 1376 3186 ὁμοφύλων
1415 3118 1620 3187 μάχαις
1657 3117 1925 3185 ἀγωνισά-

353 3227 521 3281 μενον
551 3227 567 3243 ο
612 3210 707 3262 καὶ
742 3210 847 3278 πρὸ
876 3209 973 3278 τῆς
1029 3208 1332 3277 Γρατιανοῦ
1373 3208 1709 3279 χειροτονίας
1774 3208 1925 3273 ἄξιον

276 3354 289 3361 ,
347 3301 505 3372 παρὰ
530 3301 746 3353 πάντων
773 3298 853 3362 είς
884 3298 942 3352 τὸ
975 3292 1283 3366 βασιλεύειν
1333 3300 1679 3370 κρινόμενον.
1739 3299 1813 3353 Οῦ
1860 3300 1925 3370 δὴ

346 3394 535 3464 χάριν,
565 3392 667 3444 ὑπὸ
691 3391 801 3443 τῶν
831 3390 1112 3461 ὁμοτίμων
1149 3392 1262 3454 τοῖς
1290 3391 1384 3443 τοῦ
1434 3391 1657 3461 φθόνουη
1681 3394 1926 3459 κέντροις

349 3481 735 3552 βαλλόμενος,
798 3482 1083 3548 ἁπόμαχος
1145 3481 1202 3532 ἐν
1267 3479 1567 3543 Ἰσπανίαις
1636 3480 1923 3551 διέτριϐεν.

361 3570 606 3625 Ἐκεῖθεν
643 3570 751 3641 γάρ
775 3568 1002 3639 ὥρμητο
1038 3568 1369 3641 εὐπατρίδης
1397 3562 1515 3622 εἷπε
1526 3586 1557 3639 ρ
1587 3586 1670 3631 τις
1690 3571 1924 3639 μάλιστα

345 3661 429 3715 ὢν
456 3660 564 3713 τῶν
600 3654 824 3728 άμφὶτδ
852 3657 1195 3728 Πυῤῥηναῖον
1226 3656 1352 3727 ὅρος
1389 3654 1617 3725 Ἰϐήρων
1648 3671 1662 3685 ·
1721 3655 1924 3726 Ἰϐηρί-

346 3753 447 3814 δας
472 3750 581 3820 γάρ
607 3750 703 3813 τὰς
737 3746 1014 3811 Ἱσπανίας
1039 3746 1267 3800 καλοῦσι
1296 3762 1312 3778 υ
1340 3745 1435 3800 τοῦ
1468 3747 1538 3800 δι’
1563 3746 1745 3800 αὐτῶν
1775 3746 1925 3816 ῥέον-

346 3858 444 3905 τος
467 3838 722 3910 ποταμοῦ
755 3841 850 3909 τὴν
883 3838 1155 3907 προτέραν
1186 3839 1576 3909 ἐκνικήσαντος
1601 3837 1921 3907 ὀνομασίαν.

361 3932 608 3988 Ἐκεῐθεν
635 3930 816 3984 τοίνυν
852 3929 945 3985 τὸν
970 3930 1137 3996 ἄνδρα
1167 3929 1685 4003 μεταστειλάμενος,
1704 3930 1773 3983 τὰ
1826 3931 1923 3999 μὲν

348 4027 549 4098 πρῶτα
577 4022 887 4094 στρατηγὸν
907 4023 1096 4075 τοῦτον
1123 4022 1468 4092 ἐχειροτόνει,
1504 4024 1598 4078 καὶ
1635 4024 1775 4093 μετὰ
1823 4024 1922 4092 τῆς

347 4117 577 4187 ινούσης
599 4115 747 4185 αὐτῷ
774 4112 1051 4183 ἐξέπεμπε
1072 4115 1332 4183 στρατιᾶς
1370 4128 1386 4144 ·
1416 4114 1474 4177 ὃς
1503 4115 1566 4185 δὴ
1595 4117 1690 4169 καὶ
1733 4118 1798 4186 τῇ
1836 4116 1923 4167 πί-

349 4226 469 4262 στει
491 4207 853 4276 φραξάμενος,
896 4205 1071 4257 ἔπεισι
1110 4205 1223 4268 τοῖς
1245 4204 1344 4274 τὴν
1373 4203 1598 4275 Θρᾴκην
1629 4204 1925 4260 καταθέου-

350 4318 406 4355 σι
452 4302 564 4353 τῶν
607 4299 922 4369 βαρϐάρων,
974 4290 1070 4352 καῖ
1112 4298 1208 4351 σὺν
1270 4297 1461 4368 κόσμῳ
1514 4296 1771 4363 διατάξας
1823 4299 1922 4368 τὴν

2023 1834 2167 1888 illius
2202 1843 2259 1889 et
2302 1836 2600 1902 sententia,
2625 1850 2787 1903 quam
2817 1837 2885 1891 de
2928 1838 3010 1891 eis
3055 1837 3362 1892 retinuerat
3393 1837 3486 1906 qui
3520 1836 3587 1890 de

2024 1923 2285 1994 religione
2312 1924 2472 1979 aliter
2492 1934 2658 1995 atque
2689 1925 2739 1980 ei
2769 1925 3065 1995 placuisset
3086 1928 3295 1997 opinati
3325 1924 3584 1989 fuissent,

2023 2014 2349 2084 improbata,
2376 2016 2851 2080 constitutionem,
2878 2026 3120 2087 utquam
3136 2018 3373 2088 quisque
3401 2020 3585 2081 vellet,

2024 2106 2345 2175 religionem
2368 2115 2713 2176 sequeretur,
2740 2119 3159 2180 conventusque
3181 2111 3588 2167 ecclesiasticos

2021 2206 2233 2250 semoto
2267 2208 2411 2253 metu
2445 2198 2616 2253 libere
2670 2212 2863 2254 omnes
2913 2208 3160 2269 agerent,
3224 2207 3586 2269 praeterquam

2021 2286 2400 2351 Mauichaei,et
2421 2290 2512 2359 qui
2536 2290 2756 2345 Photini
2781 2299 2835 2345 et
2861 2291 3113 2346 Eunomii
3166 2302 3329 2348 sectae
3379 2299 3587 2354 essent,

2024 2380 2167 2434 tulit.
2187 2380 2253 2434 Et
2273 2380 2718 2451 episcopis,quos
2746 2382 2946 2439 Valens
2965 2382 3033 2437 ad
3064 2384 3322 2438 exsilium
3363 2386 3588 2439 damna-

2020 2479 2193 2535 verat,
2234 2471 2471 2525 reditum
2509 2472 2777 2541 permisit.
2812 2472 3018 2528 Deinde
3065 2474 3280 2544 imperii
3320 2476 3587 2546 magnitu-

2022 2558 2204 2614 dinem
2236 2570 2295 2615 et
2330 2556 2525 2615 molem
2554 2577 2740 2617 secum
2771 2558 2890 2632 ipse
2941 2565 3320 2633 considerans,
3359 2568 3505 2638 quod
3536 2579 3593 2623 et

2025 2647 2250 2704 Barbari
2287 2650 2489 2707 lstrum
2517 2652 2852 2725 accolentes,
2887 2654 3162 2725 Illyricum
3209 2667 3265 2713 et
3302 2659 3589 2716 Thraciam

2023 2742 2347 2797 exscindere
2375 2758 2481 2796 non
2510 2744 2856 2810 desisterent,
2880 2754 2935 2799 et
2957 2747 3205 2803 Alamanni
3239 2749 3407 2807 Gallis
3440 2752 3594 2807 Occio

2022 2832 2333 2888 dentalibus
2360 2833 2732 2900 imminerent,
2759 2835 2953 2906 eisque
2985 2848 3233 2894 extrema
3259 2840 3457 2897 damna
3509 2842 3593 2897 in-

2023 2923 2261 2989 ferrent,
2302 2927 2514 2981 socium
2548 2927 2765 2996 imperii
2816 2929 2920 2983 sibi
2955 2932 3155 2986 ascivit
3201 2933 3591 3001 Theodosium,

2027 3015 2174 3070 claro
2191 3016 2310 3071 loco
2343 3026 2555 3080 natum,
2578 3027 2744 3087 atque
2777 3019 3149 3088 imperatoriis
3177 3025 3390 3080 artibus
3445 3025 3590 3081 cele-

2028 3107 2179 3162 brem
2204 3108 2403 3173 virum,
2432 3111 2526 3179 qui
2578 3125 2679 3179 pro
2704 3112 3067 3181 popularibus
3096 3115 3211 3170 suis
3262 3130 3404 3186 saepe
3452 3119 3596 3174 bello

2026 3199 2427 3268 decertaverat,
2491 3210 2547 3256 et
2601 3212 2895 3272 antequam
2951 3204 3244 3261 Gratianus
3298 3210 3593 3279 imperator

2027 3302 2246 3345 creatus
2270 3302 2439 3356 esset,
2474 3294 2672 3364 dignus
2700 3296 2771 3350 ab
2789 3298 3045 3351 omnibus
3080 3300 3299 3356 habitus
3323 3302 3596 3367 fuerat,ut

2025 3382 2387 3452 eiimperium
2433 3387 2889 3442 committeretur.
2942 3388 3111 3459 Cujus
3154 3394 3233 3447 rei
3268 3396 3467 3463 gratia,
3496 3412 3595 3465 per

2027 3474 2356 3543 collegarum
2385 3491 2631 3543 suorum,
2661 3478 2754 3547 qui
2789 3480 3011 3533 eosdem
3045 3496 3169 3535 cum
3230 3497 3298 3535 eo
3329 3486 3591 3555 gerebant

2028 3564 2287 3629 honores,
2309 3563 2673 3627 invidiam,in
2707 3564 2989 3638 Hispaniis
3021 3581 3173 3623 extra
3227 3572 3481 3629 militiam
3512 3577 3592 3629 vi-

2027 3655 2206 3710 vebat.
2226 3654 2301 3710 lbi
2329 3657 2476 3711 enim
2507 3658 2879 3723 ertusfuerat,
2906 3660 3052 3715 circa
3085 3660 3371 3733 Pyrenaeos
3408 3667 3592 3724 iberoo

2027 3762 2149 3801 rum
2196 3758 2429 3813 montes,
2451 3748 2672 3817 generis
2702 3749 2986 3807 nobilitate
3020 3755 3229 3809 nemini
3292 3760 3590 3816 secundus.

2029 3838 2258 3894 lberiam
2293 3855 2530 3910 namque
2555 3838 2870 3912 Hispaniam
2897 3853 3116 3910 vocant,
3159 3846 3383 3903 nomine
3412 3865 3496 3906 eo.
3529 3853 3597 3907 ab

2026 3930 2182 3986 Ibero
2215 3945 2396 3996 amne,
2450 3932 2543 4002 qui
2580 3947 2816 4003 peream
2872 3935 3011 4001 ﬂuit,
3048 3947 3286 4008 sumpto.
3312 3940 3595 3998 lndeGra-

2027 4023 2209 4078 tianus
2223 4021 2399 4077 virum
2426 4023 2687 4088 accitum,
2715 4027 2955 4094 primum
2982 4029 3256 4085 exercitus
3295 4030 3490 4089 ducem
3521 4034 3598 4091 ie¥

2023 4112 2124 4185 git,
2144 4123 2350 4169 etcum
2380 4115 2465 4170 cis
2484 4131 2622 4185 quas
2652 4126 3002 4174 contraxerat
3039 4121 3238 4192 copiis,
3275 4135 3463 4181 contra
3493 4127 3595 4184 bo-

2023 4214 2135 4262 stes
2189 4207 2357 4263 misit.
2391 4208 2572 4278 Atque
2621 4210 2708 4265 ille
2754 4212 2864 4268 ﬁde
2897 4216 3164 4283 munitus,
3198 4217 3255 4273 in
3305 4218 3605 4278 Thraciam

2026 4298 2288 4353 adversus
2320 4297 2586 4356 Barbaros
2631 4316 2750 4356 eam
2817 4315 3095 4361 vastantes
3143 4309 3323 4376 duxit,
3372 4319 3426 4365 et
3478 4314 3597 4369 acie

349 4390 824 4465 στρατιὰν,ὀμὸσε
879 4388 1117 4463 χωροῦσι
1163 4387 1512 4463 προσϐάλλει.
1589 4392 1818 4445 Ἐκεῖνοι
1866 4392 1921 4445 δὲ

2028 4389 2237 4459 optimo
2262 4394 2857 4457 structa,irrueutibus
2903 4397 3012 4452 illis
3063 4402 3325 4456 occurrit.
3357 4402 3461 4470 Qui
3494 4405 3600 4460 im-

351 4486 429 4555 μὴ
459 4483 776 4551 ινεγγόντες
805 4483 904 4554 τὴν
949 4483 1207 4555 ἐμϐολὴν,
1260 4484 1317 4535 ὲν
1369 4481 1566 4555 ἀταξίᾳ
1602 4478 1740 4554 ἦσαν
1768 4501 1780 4515 ·
1832 4485 1926 4537 καί

347 4572 564 4640 τροπῆς
599 4569 920 4640 γενομένης,
973 4572 1278 4640 ἅνακράτος
1339 4569 1579 4642 ἡττῶντο
1614 4586 1628 4603 ·
1692 4570 1754 4623 ού
1816 4571 1925 4640 γὰρ

348 4664 458 4716 ὑπὸ
545 4659 836 4730 Ῥωμαίων
920 4663 1104 4731 μόνον,
1167 4661 1304 4714 ἀλλὰ
1368 4661 1464 4714 καὶ
1532 4660 1625 4714 ὑπ’
1681 4662 1926 4730 ἀλλήλων

244 4744 271 4749 ”
347 4757 670 4808 ,κτείνοντα
708 4752 923 4805 Πολλῶν
948 4755 1128 4805 τοίνυν
1167 4753 1580 4822 ἀναιρεθέντων,
1625 4753 1822 4820 ὀλίγων
1869 4753 1926 4807 δὲ

345 4846 685 4914 δυνηθέντων
714 4845 1000 4911 διαφυγεῖν
1054 4845 1133 4907 είς
1189 4843 1279 4897 τὸν
1346 4844 1578 4915 Ἴστρον,
1643 4845 1803 4906 εὐθὺς
1855 4845 1923 4915 ἢν

345 4935 494 5008 εἶχεν
514 4936 861 5009 ἂπεδείκνυτο
889 4935 1243 5005 στρατηγίαν.
1275 4935 1381 4987 Τὸν
1404 4935 1511 5005 γάρ
1548 4935 1778 5004 στρατὸν
1804 4937 1919 4998 ταῖς

346 5029 723 5095 γειτονούσαις
750 5022 861 5076 τῶν
910 5024 1119 5078 πόλεων
1150 5025 1381 5092 διαφεὶς,
1419 5026 1577 5088 αὐτὸς
1609 5025 1732 5079 ὅσον
1756 5026 1919 5095 τάχος

345 5116 608 5178 ἐλαύνων,
641 5116 972 5185 αὐτάγγελος
988 5118 1083 5185 τῆς
1107 5118 1262 5185 νίκης
1299 5115 1376 5186 τῷ
1401 5112 1686 5185 Γρατιανῷ
1711 5119 1918 5185 παρῆν.

348 5209 663 5281 Παράδοξον
695 5209 739 5261 δ’
788 5204 903 5261 οἷον
951 5210 1130 5262 ἐδόκει
1190 5210 1250 5261 τὸ
1307 5209 1470 5279 ἔργον
1522 5210 1615 5262 καὶ
1669 5206 1918 5263 ἄπιστον.

347 5302 508 5359 Ὅσοι
546 5300 658 5371 γὰρ
704 5298 781 5370 τῷ
813 5298 992 5370 φθόνῳ
1036 5300 1315 5371 ἐτῆκοντο,
1353 5302 1414 5353 ού
1467 5300 1627 5369 μόνον
1676 5300 1919 5367 νικῆσαι,

342 5393 485 5450 ἀλλὰ
514 5393 607 5445 καὶ
634 5389 943 5460 διαφθεῖραι
971 5391 1079 5451 τὴν
1103 5393 1385 5461 στρατιάν,
1416 5394 1509 5446 καὶ
1547 5396 1691 5464 φυγῇ
1717 5396 1921 5464 χρήσα-

345 5486 474 5539 σθαι
502 5481 840 5537 διετείνοντο.
915 5482 974 5535 '0
1024 5483 1078 5535 δὲ
1136 5484 1332 5547 αὐτοὺς
1391 5486 1629 5549 ἐκείνους
1682 5488 1919 5556 πέμπειν

2028 4481 2370 4551 pressionem
2406 4485 2526 4555 ejus
2566 4501 2674 4539 non
2743 4487 3007 4555 ferentes,
3044 4491 3269 4548 ordines
3318 4495 3419 4564 ipsi
3466 4512 3596 4554 suos

2028 4572 2359 4628 turbarunt:
2390 4584 2446 4628 et
2480 4586 2606 4630 mox
2643 4586 2791 4646 terga
2820 4588 3117 4645 vertentes,
3148 4597 3340 4653 magna
3368 4586 3421 4639 vi
3465 4598 3596 4641 sunt

2028 4663 2247 4717 devicti.
2286 4664 2405 4718 Non
2426 4667 2577 4719 enim
2610 4683 2641 4721 a
2685 4669 2946 4723 Romanis
2976 4673 3180 4737 solum,
3208 4675 3305 4729 sed
3335 4691 3364 4730 a
3392 4692 3451 4732 se
3478 4692 3597 4733 mu-

2027 4765 2121 4809 tuo
2142 4770 2360 4825 quoque
2390 4758 2759 4812 caedebantur.
2820 4761 2999 4831 Atque
3056 4764 3130 4818 ita
3178 4769 3597 4838 quamplurimis

2028 4849 2206 4913 caesis,
2240 4863 2365 4902 cum
2398 4850 2557 4915 pauci
2580 4850 2648 4903 ad
2679 4851 2874 4906 Istrum
2942 4855 3335 4926 profugissem,
3408 4863 3593 4917 statim

2027 4954 2220 4993 rursus
2242 4940 2605 5009 imperatoriae
2637 4942 2772 4996 artis
2804 4943 3090 5000 scientiam
3108 4952 3373 5008 ostendit.
3411 4951 3594 5023 Copiis

2026 5032 2169 5085 enim
2198 5032 2251 5085 in
2275 5031 2485 5086 vicinas
2512 5033 2697 5097 urbes,
2724 5044 2785 5090 ut
2808 5035 2885 5091 ibi
2904 5038 3159 5105 praesidio
3184 5052 3390 5109 essent,
3418 5044 3594 5116 impo-

2025 5120 2168 5185 sitis,
2193 5120 2486 5177 itineribus
2516 5123 2769 5183 maximis
2795 5124 2863 5179 ad
2890 5125 3239 5195 Gratianum,
3271 5143 3331 5189 ut
3359 5133 3595 5204 ipsemet

2025 5212 2268 5266 victoria:
2290 5227 2405 5267 sure
2434 5213 2660 5270 nuntius
2683 5225 2850 5280 esset,
2878 5220 3184 5276 contendit.
3214 5222 3324 5278 Res
3346 5238 3408 5278 ea
3444 5223 3590 5294 quod

2027 5314 2225 5372 praeter
2238 5304 2554 5371 opinionem
2576 5307 2821 5362 omnium
2853 5310 3163 5376 accidisset,
3185 5313 3593 5381 quodammodo

2030 5396 2132 5450 title
2158 5398 2351 5454 caruit.
2377 5397 2515 5453 Nam
2543 5401 2634 5467 qui
2666 5400 2714 5454 ei
2748 5401 3088 5467 invidebant,
3125 5418 3231 5457 non
3263 5405 3439 5459 solum
3462 5420 3591 5461 eum

2028 5502 2136 5541 non
2172 5489 2384 5551 vicisse,
2420 5504 2609 5543 verum
2642 5490 2804 5545 etiam
2863 5493 3066 5546 amisso
3119 5497 3363 5550 exercitu
3396 5496 3588 5568 profu-

418 5686 495 5759 (ι)
524 5684 742 5741 Sozam.
787 5701 869 5742 er
904 5686 1130 5758 publico
1161 5698 1279 5743 eam
1339 5688 1674 5756 stipendium
1727 5690 2086 5745 constituisse
2112 5689 2273 5756 dicit,
