3936 6206
378 217 477 277 7L]
1578 207 2004 268 NICEPHORI
2042 208 2390 268 CALLISTI
3506 216 3617 276 7,53

364 333 508 401 gisse
530 328 945 383 conﬁrmabant.
981 324 1143 395 224
1174 327 1242 379 At
1274 326 1386 394 ipse
1424 336 1479 378 ut
1513 326 1681 393 aliqui
1708 325 1773 377 ad
1804 326 1914 388 Iren

2040 322 2229 385 ἐδεῖτο,
2263 322 2323 374 τὸ
2347 322 2456 374 τῶν
2491 323 2851 394 ἀνῃρημένων
2879 323 3174 394 βαρϐάρων
3201 329 3386 395 στῖφος
3418 329 3616 400 ἀναρι-

365 420 755 490 inspiciendam
809 418 1154 471 mitterentur
1236 416 1411 484 petiit,
1467 415 1559 483 qui
1610 418 1914 469 occisorum

2026 415 2206 483 θμεῖν.
2248 414 2360 468 Καὶ
2409 414 2519 485 γὰρ
2576 410 2716 467 εἶναι
2769 414 2952 483 ῥᾴδιον
3014 414 3166 484 ἔλεγε
3228 418 3344 479 τοῖς
3392 421 3617 485 σκύλοις

361 512 728 566 Barbarorum
784 518 1073 560 numerum
1121 504 1343 567 inirent,
1396 519 1557 573 quem
1605 517 1672 560 ex
1729 501 1920 572 spoliis

358 602 522 658 facile
551 601 804 667 colligere
832 606 1075 665 possent.
1114 595 1419 663 Imperator
1441 603 1623 649 certos
1668 595 1921 649 homines

359 695 449 763 qui
475 708 585 747 rem
613 690 963 759 explorarent
996 686 1162 741 misit.
1188 685 1533 739 Theodosius
1582 694 1766 739 autem
1818 685 1921 739 ali-

355 782 597 853 quandiu
621 778 763 849 apud
783 795 907 832 eum
943 792 1189 841 manens,
1206 776 1471 830 visionem
1495 775 1734 829 divinam
1763 775 1918 840 vidit,

352 889 511 942 quam
542 873 594 926 ei
625 881 814 940 aperte
839 868 1215 923 universitatis
1249 866 1415 937 huius
1447 867 1694 920 exhibuit
1750 866 1918 921 Deus.

350 964 545 1018 Videre
576 961 726 1017 enim
753 962 909 1015 visus
934 968 1018 1015 est
1046 958 1401 1013 Antiochense
1420 958 1674 1013 Ecclesiae
1695 958 1917 1027 episeo-

348 1072 475 1125 pum
495 1054 685 1108 divum
721 1052 1025 1112 Meletium,
1057 1050 1397 1119 imperialem
1433 1049 1540 1103 sibi
1568 1049 1916 1120 chlamydem

345 1143 798 1207 circumdantem,
849 1150 904 1196 et
936 1140 1098 1211 capiti
1129 1156 1384 1195 coronam
1417 1136 1486 1195 ex
1517 1140 1701 1211 magni
1761 1140 1922 1210 pretii

347 1238 575 1289 materia
613 1236 1007 1304 imponentem.
1058 1234 1400 1288 Nocturnum
1445 1234 1549 1287 hoc
1614 1234 1786 1287 visum
1854 1248 1922 1286 ex

345 1327 711 1381 familiaribus
725 1326 940 1380 cuidam
958 1326 1219 1396 postridie
1240 1341 1399 1379 mane
1424 1326 1691 1394 exposuit.
1725 1326 1790 1379 Et
1833 1326 1922 1379 ille

344 1418 480 1471 nihil
498 1417 735 1485 ambigui
757 1416 810 1470 id
833 1418 1059 1480 habere,
1080 1417 1172 1471 sed
1193 1418 1339 1470 clara
1357 1417 1551 1470 satiset
1571 1424 1779 1485 aperta,
1804 1432 1924 1485 qua:

250 1570 257 1579 ,
343 1510 806 1580 signiﬁcarentur,
846 1525 966 1565 esse
997 1509 1157 1564 dixit.
1179 1508 1545 1563 Intercessere
1578 1508 1699 1563 dies
1734 1509 1921 1578 pauci,

342 1610 398 1654 et
426 1601 521 1670 qui
565 1600 633 1656 ad
664 1616 753 1655 res
779 1599 1187 1670 investigendas
1214 1597 1362 1652 missi
1394 1597 1635 1662 fuerant,
1690 1597 1922 1659 reversi,

343 1693 580 1762 plurima
606 1692 973 1747 Barbarorum
1004 1690 1173 1744 millia
1204 1689 1472 1744 cecidisse
1510 1691 1918 1743 renuntiarunt.

353 1785 428 1839 Ea
457 1800 516 1839 re
548 1798 848 1855 persuasus
876 1782 1196 1851 imperator,
1230 1782 1303 1835 ita
1339 1790 1400 1835 ut
1431 1797 1529 1849 par
1559 1789 1699 1841 erat,
1757 1780 1920 1835 simul

343 1886 400 1930 et
457 1875 667 1930 militia:
714 1874 912 1929 ducem
968 1882 1025 1929 et
1090 1872 1474 1942 imperatorem
1524 1871 1917 1933 Theodosium,

344 1967 531 2020 Sirmii
557 1966 788 2032 creavit,
820 1965 1219 2035 imperiumque
1247 1965 1296 2019 ei
1338 1964 1583 2019 Valentis
1628 1978 1791 2018 omne
1839 1972 1921 2017 at-

347 2057 561 2111 tribuit.
602 2057 780 2126 Atque
842 2058 944 2111 boc
998 2057 1078 2110 sic
1138 2057 1192 2110 in
1226 2055 1429 2111 Sirmio
1477 2054 1747 2117 confecto,
1804 2054 1920 2121 ipse

347 2145 579 2213 quidem
641 2146 697 2201 in
734 2145 941 2199 Italiam
976 2156 1060 2199 est
1088 2144 1396 2213 profectus:
1452 2144 1603 2196 illum
1636 2154 1817 2196 autem
1850 2140 1917 2194 ad

340 2236 639 2302 Urientalc,
697 2238 846 2306 quod
895 2237 946 2291 ei
989 2244 1339 2290 concesserat
1395 2234 1710 2303 imperium,
1747 2232 1915 2285 misit.

960 2374 1184 2430 CAPUT
1227 2374 1294 2429 ll.

342 2470 445 2533 Qui
475 2485 535 2524 eo
589 2478 1175 2539 temporemagnarum
1225 2464 1431 2539 urbium
1457 2481 1640 2518 sacras
1687 2465 1917 2539 habenas

413 2540 645 2593 ruerint
669 2533 767 2594 {et
791 2537 857 2589 de
896 2533 1298 2589 Hacedonianis
1320 2576 1335 2601 ,
1370 2544 1426 2588 ut
1453 2552 1662 2589 rursum
1694 2533 1775 2588 illi
1816 2534 1916 2589 Ec-

412 2611 626 2665 clesium
656 2606 969 2663 catholicam
993 2606 1279 2661 turbarint.

410 2786 489 2842 Eo
512 2794 767 2857 tempore
797 2787 1068 2841 Damasus
1095 2782 1356 2840 Ecclesia:
1380 2785 1640 2839 Romana:
1671 2782 1911 2855 praefuit,

341 2878 552 2935 Liberii
616 2894 936 2934 successor.
993 2878 1387 2947 Hierosolymis
1434 2877 1673 2948 Cyrillus
1733 2877 1915 2932 adhuc

2024 506 2406 576 τεκμηριῶσαι
2434 507 2527 559 τὸν
2573 506 2831 575 ἀριθμόν.
2864 505 2971 560 Καὶ
2998 508 3027 560 ό
3062 508 3165 576 μὲν
3192 507 3447 578 βασιλεὺς
3479 515 3613 576 τοὺς

2019 595 2326 665 ὀψομένους
2357 597 2647 651 ἀπέστειλε
2673 614 2687 627 ο
2716 597 2997 660 Θεοδόσιος
3019 597 3064 650 δ’
3092 600 3273 651 ἐκεῖσε
3300 617 3375 668 πη
3408 602 3615 669 ἐγκαρ-

2020 686 2221 755 τερῶν,
2250 686 2375 755 ὄψιν
2405 686 2701 740 θεσπεσίαν
2733 687 2901 757 ἐώρα,
2946 688 3016 759 ἢν
3045 690 3207 751 αὐτὸς
3235 691 3421 757 σαφῶς
3450 693 3479 741 ό
3502 693 3614 745 τῶν

2018 778 2158 830 ὅλων
2191 779 2517 847 παρεδείκνυ
2556 778 2726 841 Θεόςο
2781 779 2873 833 τὸν
2919 782 3029 851 γὰρ
3091 784 3234 834 θετον
3260 783 3356 852 τῆς
3404 786 3612 839 Ἀντιοο

2023 867 2165 936 χέων
2212 866 2543 938 Ἑκκλησὶας
2573 868 2820 937 ἡγεμόνα
2845 868 3109 922 Μελέτιον
3152 870 3439 940 καθεώρα,
3470 873 3606 941 χλα-

2028 956 2174 1026 μύδα
2208 958 2499 1031 βασιλικὴν
2534 960 2686 1029 αύτῷ
2738 960 3112 1030 περιτιθέντα,
3145 963 3242 1015 καὶ
3269 965 3521 1032 στεφάνῳ
3553 965 3613 1030 ἐξ

2022 1047 2160 1119 ὕλης
2213 1049 2543 1112 πολυτελοῦς
2592 1049 2892 1103 ἁναδοῦντα
2945 1051 3048 1121 τὴν
3098 1052 3363 1120 κεφαλήν.
3424 1051 3615 1105 Ταῦτα

2024 1139 2242 1211 νύκτωρ
2283 1139 2429 1203 ίδὼν,
2454 1140 2624 1193 ἐωθεν
2655 1141 2761 1193 τινὶ
2809 1140 2918 1194 τῶν
2946 1139 3194 1210 συνήθων
3249 1141 3615 1209 ἀπήγγειλεν.

2035 1232 2097 1286 '0
2125 1233 2180 1284 at
2221 1233 2384 1303 μηδὲν
2414 1233 2715 1302 ἀμφίϐολον
2746 1232 2845 1302 τὴν
2882 1233 3005 1301 ὄψιν
3049 1235 3240 1285 ἀνεῖπε
3269 1250 3285 1264 ·
3325 1234 3472 1299 σαφῆ
3503 1234 3614 1301 γὰρ

2024 1320 2162 1377 εἶναι
2191 1326 2260 1378 τὰ
2279 1327 2631 1393 αἰνισσόμενα
2666 1342 2681 1357 ⁸
2714 1327 2938 1394 ἡμερῶν
2976 1325 3022 1376 δ’
3057 1324 3258 1392 ὀλίγων
3290 1326 3617 1394 διαγενομέ-

2024 1433 2154 1479 νων,
2185 1417 2464 1486 ἐπανῆκον
2491 1416 2591 1485 μὲν
2621 1416 2669 1467 οἱ
2700 1416 3041 1485 πεμφθέντες
3071 1432 3087 1447 ο
3137 1416 3344 1479 πολλὰς
3393 1416 3456 1469 δὲ
3514 1434 3615 1484 μυο

2027 1507 2218 1576 ριάδας
2263 1507 2370 1559 τῶν
2425 1506 2720 1577 βαρὸἁρων
2778 1510 2967 1559 πεσεῖν
3019 1507 3272 1576 ἧγγελον.
3333 1502 3431 1570 Οἷς
3490 1525 3612 1561 πει-

2027 1597 2177 1661 σθεὶς
2208 1598 2486 1668 βασιλεὺς,
2522 1601 2614 1652 καὶ
2643 1601 2719 1661 ὡς
2753 1600 2929 1668 χρεὼν
2972 1602 3277 1668 στρατηγὸν
3333 1600 3613 1668 ἐψηφίσα-

2022 1709 2107 1756 το,
2141 1694 2233 1746 καὶ
2276 1693 2498 1763 βασιλέα
2528 1695 2930 1763 ἐχειροτόνησε,
2965 1693 3062 1745 καὶ
3100 1692 3196 1762 τὴν
3224 1695 3356 1763 ὅσην
3385 1695 3609 1763 Οὐάλης

2020 1782 2195 1836 διεῖπε
2223 1783 2511 1853 παρεδίδου
2543 1785 2739 1855 ἀρχὴν.
2798 1785 2979 1837 Ταῦτα
3006 1786 3063 1836 ἐν
3098 1784 3310 1854 Σιρμίῳ
3361 1784 3605 1853 διαπραο

2023 1873 2275 1945 ξάμενος,
2301 1876 2463 1938 αὐτὸς
2495 1876 2592 1945 μὲν
2638 1876 2731 1929 ἐπὶ
2792 1875 2889 1945 τὴν
2952 1876 3187 1928 Ἰταλίαν
3230 1875 3551 1947 ἐξώρμησεν
3580 1891 3597 1906 ·

2022 1968 2229 2020 ἐκεῖνον
2259 1967 2317 2019 δὲ
2339 1967 2418 2029 είς
2445 1967 2546 2037 τὴν
2575 1968 2710 2037 πρδς
2749 1966 2826 2020 ἐω
2858 1967 3170 2036 ἀρχομένην
3218 1967 3318 2020 καὶ
3360 1966 3500 2037 αὐτῷ
3543 1967 3597 2020 οι

2017 2057 2265 2112 δοθεῖσαν
2302 2057 2631 2130 ἐξέπεμπεν.

2617 2372 2861 2426 ΚΕΦΑΛ.
2918 2370 2993 2425 B'.

2025 2463 2190 2524 Τίνες
2219 2479 2545 2533 τηκικαυτα
2563 2461 2687 2533 τῶν
2707 2464 2991 2531 μεγάλων
3019 2466 3259 2533 πόλεων
3300 2468 3406 2532 τὰς
3434 2467 3605 2533 ιερὰς

2089 2533 2268 2609 infla;-
2292 2532 2718 2609 _5t£1§lpt'(0)‘:t0
2739 2550 2754 2565 ο
2786 2534 3045 2609 καὶπερὶ
3073 2532 3194 2609 sfw
3237 2532 3605 2609 augeamu-

2088 2601 2232 2663 νῶν,
2272 2600 2355 2665 ὡς
2391 2598 2566 2666 αὖθις
2594 2600 2710 2669 τὴν
2758 2598 3024 2658 καθόλου
3072 2605 3447 2673 Ἐκκλησίαν
3474 2606 3607 2660 srd-

2083 2687 2351 2735 ρασσον.

2088 2784 2238 2838 Κατὰ
2268 2785 2324 2837 δὲ
2383 2786 2573 2839 τοῦτον
2601 2785 2691 2840 τὸν
2744 2788 2937 2857 χρόνον
2985 2789 3085 2857 τῆς
3113 2789 3214 2859 μὲν
3281 2792 3341 2843 ἐν
3411 2791 3605 2863 Ῥώμη

2030 2877 2360 2947 Ἐκκλησίας
2410 2880 2511 2948 τὴν
2547 2879 2852 2949 ἐπιτροπὴν
2890 2881 3146 2950 Δάμασος
3179 2877 3316 2951 εἶχε,
3351 2881 3602 2948 διαδεξά-

342 2979 627 3040 superstcs
671 2970 964 3024 ecclesiam
1013 2970 1180 3024 rexit.
1223 2968 1530 3025 Antiochia:
1570 2969 1804 3024 ecclesia
1859 2971 1913 3024 in

2023 2988 2183 3042 μενος
2213 2971 2306 3023 τὸν
2354 2970 2609 3042 Λιϐέριον
2635 2987 2651 3003 ο
2706 2972 2806 3042 τῆς
2849 2972 2896 3025 δ’
2931 2975 2990 3025 ἐν
3056 2972 3455 3044 Ἱεροσολύμοις
3515 2975 3601 3029 ἔτι

343 3077 457 3120 tres
505 3073 693 3134 partes
749 3061 923 3115 divisa
985 3070 1147 3117 erat:
1215 3069 1339 3130 post
1400 3061 1665 3114 liuzoiutn
1721 3063 1912 3129 enim,

347 3156 679 3211 Theodorus
742 3153 1059 3209 Pcrintbius
1115 3154 1369 3209 ecclesiis
1413 3154 1656 3223 praefuit,
1698 3155 1915 3211 Arianae

343 3248 628 3317 religionis
656 3255 1077 3316 propugnator:
1111 3246 1427 3315 ὁμοουσίου,
1463 3246 1913 3301 consubstantia-

342 3343 430 3406 lis,
465 3355 601 3395 vero
650 3339 775 3393 fidei
822 3336 1232 3406 sull’ragatores,
1261 3336 1460 3405 partim
1508 3335 1758 3399 Paulino,
1788 3353 1913 3406 par-

343 3434 437 3484 tiu
488 3430 729 3492 lleletio,
783 3429 877 3496 qui
922 3441 1101 3494 nuper
1145 3423 1442 3477 admodum
1491 3422 1562 3476 ab
1619 3422 1784 3476 exilio
1824 3437 1914 3478 re-

340 3523 546 3581 dierat,
588 3533 846 3588 paruere.
876 3517 1049 3571 Porro
1085 3512 1432 3569 Alexandriae
1464 3511 1654 3566 Ariani
1689 3512 1910 3581 quidem

341 3611 574 3663 Lucium
632 3607 937 3662 antistitem
999 3606 1262 3669 habuere,
1315 3605 1410 3673 qui
1473 3614 1587 3656 tum
1649 3605 1914 3673 profugus

339 3699 820 3767 Constant'uopoli
858 3696 1113 3766 degebat.
1160 3694 1457 3750 Catholica:
1496 3703 1680 3748 autem
1723 3694 1914 3749 Eccle-

345 3796 462 3856 siae,
510 3801 634 3861 post
671 3791 918 3848 Petrum,
963 3787 1290 3842 Timotheus
1327 3785 1501 3839 frater
1536 3784 1734 3854 przeiit.
1770 3784 1917 3840 Con-

340 3884 700 3953 stantinopoli
734 3880 970 3937 Eudoxii
1015 3893 1312 3934 successor
1345 3877 1703 3946 Demophilus
1730 3877 1911 3932 eccle-

339 3975 447 4027 sias
465 3973 793 4043 gubernavit
815 3989 828 4025 :
855 3972 1176 4041 ὁμοουσξου,
1194 3967 1705 4033 consubstantialis,
1726 3981 1909 4022 autem

342 4070 627 4137 religionis
673 4070 967 4138 episcopus
1005 4066 1272 4136 Evagrius
1321 4066 1376 4119 in
1428 4066 1622 4119 exsilio
1671 4064 1908 4117 vivebat.

341 4167 410 4214 At
446 4170 745 4214 sectatores
775 4161 894 4229 ejus
920 4158 1306 4227 Deumpbilum
1332 4165 1674 4221 aversantes,
1700 4164 1756 4209 et
1780 4168 1911 4207 suos

240 4274 246 4279 ·
341 4252 446 4305 sibi
500 4259 807 4306 conventus
849 4260 1096 4319 agentes,
1133 4265 1161 4301 a
1213 4248 1482 4317 Gregorio
1533 4247 1723 4317 Magno
1752 4260 1913 4300 cura-

2020 3062 2287 3132 Κύριλλος
2335 3062 2545 3131 περιὼν
2599 3064 2844 3133 ἐκράτει.
2911 3064 2975 3117 Ἥ
3032 3063 3076 3117 δ’
3122 3065 3395 3136 Ἀντιόχου
3430 3068 3601 3139 τριχῆ

2019 3154 2262 3225 διῄρητο.
2286 3156 2441 3210 Μετὰ
2460 3156 2569 3226 γὰρ
2600 3156 2840 3221 Εύζὼῖον
2893 3156 3172 3228 Θεόδωρος
3197 3160 3228 3212 ό
3287 3162 3601 3232 Πειρίνθιος

2016 3249 2127 3299 τῶν
2161 3247 2469 3317 ἐκκλησιῶν
2493 3245 2652 3319 ἦρχε,
2683 3249 2781 3316 τῆς
2811 3248 3103 3319 Ἀρειανῆς
3133 3252 3419 3321 προεστὼς
3457 3254 3600 3324 θρη-

2019 3341 2230 3401 σκείας.
2258 3340 2414 3393 Ὅσοι
2457 3340 2514 3394 δὲ
2552 3342 2650 3410 τῆς
2697 3342 2985 3412 όμοουσίου
3041 3344 3278 3409 πίστεως
3323 3341 3485 3416 ἦσαν,
3547 3347 3599 3400 oi

2018 3432 2119 3502 μὲν
2142 3431 2416 3502 Παυλίνῳ,
2446 3432 2495 3485 οἱ
2521 3432 2576 3485 δέ
2610 3433 2860 3503 Μελετίῳ
2884 3434 3128 3504 συνῆσαν
3155 3437 3280 3506 ἄρτι
3302 3437 3401 3506 τῆς
3424 3438 3601 3509 ὑπερ-

2014 3525 2169 3595 ορίας
2194 3524 2494 3583 ἐπανιόντι,
2544 3525 2657 3579 Κάν
2685 3529 2752 3596 τῇ
2788 3526 3142 3597 Ἀλεξάνδρου
3180 3529 3237 3582 δὲ
3272 3531 3321 3583 οι
3382 3531 3483 3601 μὲν
3532 3530 3598 3597 ἐξ

2016 3615 2231 3686 ’Δρείου
2268 3617 2502 3671 Λούκιον
2537 3613 2685 3687 εἶχον
2714 3618 3042 3693 ἡγούμενον,
3084 3620 3386 3691 τηνικαῦτα
3443 3624 3593 3693 φυγῇ

2015 3709 2074 3760 ἐν
2108 3710 2171 3778 τῇ
2206 3707 2621 3763 Κωνσταντίνου
2667 3692 3054 3782 χρησάμενον·
3107 3712 3209 3778 τῆς
3266 3712 3322 3766 δὲ
3362 3712 3594 3766 καθόλου

2016 3799 2350 3872 Ἐκκλησίας
2388 3802 2529 3873 μετὰ
2566 3805 2771 3873 Πέτρον
2797 3804 3062 3874 Τιμόθεος
3088 3807 3115 3858 ό
3147 3806 3373 3873 ἀδελφὸς
3402 3820 3597 3876 προει-

2016 3897 2228 3967 στήκει.
2262 3894 2395 3948 Ἀνὰ
2427 3895 2484 3947 δὲ
2520 3897 2619 3967 τὴν
2642 3893 3047 3949 Κωνσταντίνου
3093 3898 3204 3949 τῶν
3251 3897 3353 3967 μὲν
3392 3897 3595 3968 ἐκκληο

2015 3987 2146 4041 σιῶν
2175 3987 2484 4057 Δημόφιλος
2512 3983 2703 4058 ἦρχεν,
2738 3988 2994 4053 Εύδοξίου
3038 3989 3282 4059 διάδοχος
3308 4006 3324 4021 ⁸
3381 3990 3481 4060 τῆς
3533 3990 3594 4044 δὲ

2011 4081 2300 4149 ὁμοουσίου
2326 4079 2622 4149 θρησκείας
2664 4081 2935 4150 Εὐάγριος
2959 4083 3015 4133 ἐν
3046 4081 3324 4152 ὑπερορίᾳ
3361 4082 3591 4149 διάγων.

2013 4171 2073 4222 οί
2123 4170 2178 4223 δὲ
2246 4171 2338 4223 τὸν
2391 4172 2702 4240 Δημόφιλον
2769 4170 3213 4243 ἐκτρεπόμενοι,
3275 4173 3399 4225 καθ’
3454 4175 3594 4228 ἐαυ-

2013 4258 2139 4321 τοὺς
2196 4254 2377 4330 ἦσαν,
2433 4260 2537 4313 ὑπὸ
2613 4259 2905 4332 Γρηγορίφ
2965 4261 3046 4331 τῷ
3106 4262 3248 4314 πάνυ
3306 4263 3590 4333 ἀγόμενοι.

344 4344 564 4395 bantur.
617 4341 779 4411 225
814 4342 1015 4409 Atque,
1072 4339 1470 4409 Hierosolymis
1507 4338 1776 4407 exceptis,
1815 4352 1913 4406 per

2023 4351 2215 4421 Σχεδὸν
2241 4351 2297 4403 δὲ
2329 4351 2467 4423 πλὴν
2498 4352 2536 4405 Ἰ
2544 4353 2766 4421 εροσολύ
2775 4370 2892 4422 μων
2916 4352 3025 4406 τῶν
3046 4353 3149 4407 ἀνὰ
3175 4354 3274 4424 τὴν
3294 4354 3371 4407 ξω
3394 4357 3591 4425 ἐκκλη-

340 4435 627 4490 Orientem
681 4434 931 4490 ecclesiae
986 4448 1158 4503 prope
1219 4446 1412 4485 omnes
1464 4432 1519 4485 in
1576 4431 1908 4483 Arianorum

345 4536 613 4596 potestate
635 4535 812 4580 erant.
838 4525 1136 4580 Enimvero
1158 4522 1537 4576 Macedoniani
1576 4532 1698 4591 post
1720 4523 1911 4578 initam

342 4637 467 4674 cum
530 4620 751 4673 Liberio
803 4616 1293 4677 conciliationem,
1352 4630 1464 4668 non
1526 4616 1912 4695 adinodunra

346 4711 544 4765 Nicaeni
578 4709 783 4764 decreti
817 4708 1190 4763 sectatoribus
1211 4704 1546 4761 dissensere.
1580 4707 1911 4776 Aliquandiu

342 4804 491 4856 enim
541 4803 595 4857 in
631 4802 866 4855 urbibus
900 4799 1067 4853 simul
1118 4806 1172 4851 et
1203 4799 1259 4850 in
1287 4797 1537 4851 ccclesiis
1576 4800 1910 4853 commercia

338 4896 493 4949 inter
543 4908 603 4948 se
668 4891 939 4953 habuere,
988 4900 1045 4944 et
1096 4888 1269 4943 veluti
1323 4888 1569 4957 ejusdem
1623 4891 1912 4945 sententia:

344 4987 740 5054 suffragatores
776 4983 951 5037 libere
983 4984 1431 5036 communionem
1472 4981 1718 5035 coluere.
1750 4983 1911 5037 Post-

344 5095 509 5148 quam
540 5088 725 5133 autem
777 5074 1029 5132 Gratiani
1076 5073 1402 5128 constitutio
1443 5073 1693 5139 cuilibet,
1743 5089 1910 5145 quam

345 5172 514 5227 vellet
556 5169 883 5239 religionem
934 5165 1334 5235 eoniplectcndi
1379 5163 1695 5221 facultatem
1734 5168 1907 5233 dedit,

344 5263 588 5333 episcopi
635 5260 858 5331 quidam
890 5257 1140 5312 ecclesiis
1180 5256 1323 5318 suis,
1356 5271 1499 5325 quas
1548 5259 1650 5313 sub
1685 5259 1912 5317 Valente

346 5354 667 5416 amiserant,
702 5351 959 5420 receptis,
985 5347 1168 5402 denuo
1201 5361 1260 5402 se
1287 5346 1355 5402 ab
1378 5347 1504 5401 aliis
1530 5362 1910 5419 segregavere.

347 5446 387 5498 li
422 5444 727 5499 Antiochiae
766 5443 820 5496 in
851 5440 1015 5498 Caria
1043 5446 1318 5493 conventu
1349 5447 1567 5504 coacto,
1589 5441 1910 5517 _éy.oouaiou,

346 5532 857 5595 consubstantialis,
896 5545 1083 5585 vocem
1146 5528 1543 5596 repudiarunt,
1600 5542 1657 5586 et
1700 5549 1800 5602 pro
1848 5549 1913 5589 ea

348 5622 511 5679 sicuti
544 5632 702 5677 antea
732 5621 1094 5690 ὁμοιοούσιον,
1125 5620 1661 5691 aquisubstautiale,
1701 5627 1910 5681 confir-

2022 4440 2153 4494 σιῶν
2181 4442 2230 4494 οί
2260 4441 2319 4506 ἐξ
2353 4441 2559 4512 ’Δρείου
2590 4444 2878 4511 ἐκράτουν.
2928 4444 3335 4498 Μακεδονιανοὶ
3358 4446 3415 4497 δέ
3449 4447 3591 4514 μετὰ

2018 4535 2116 4595 τὰς
2145 4533 2282 4601 πρὸς
2330 4533 2583 4602 Λιόἐριον
2612 4533 2886 4601 συνθήκας
2918 4534 2980 4586 ού
3009 4535 3149 4587 πάνυ
3181 4553 3237 4587 τι
3276 4535 3591 4606 διεφέροντο

2018 4621 2155 4689 πρὸς
2182 4623 2307 4683 τοὶς
2335 4621 2402 4673 τὰ
2425 4624 2482 4673 ἐν
2512 4621 2718 4692 Νικαίᾳ
2750 4622 2978 4686 δόξαντα
3012 4625 3344 4696 στέργοντας
3365 4640 3378 4652 ⁸
3423 4628 3589 4696 μέχρι

2017 4713 2125 4781 γάρ
2153 4728 2299 4774 τινος
2329 4713 2471 4765 κατὰ
2501 4712 2684 4776 πόλεις
2713 4716 2809 4767 καὶ⁴
2838 4713 3145 4781 ἐκκλησίας
3171 4716 3426 4785 ἀλλήλοις
3458 4719 3590 4769 ἐπε-

2022 4806 2303 4870 μίγνυντο,
2357 4807 2451 4857 καὶ
2482 4803 2557 4867 ὡς
2586 4804 2866 4871 ὁμοδόξοις
2901 4805 3076 4862 ἀδεῶς
3105 4808 3451 4862 ἐκοινώνουν.
3498 4810 3589 4872 Ὣς

2017 4896 2074 4948 δέ
2109 4898 2136 4949 ὁ
2159 4896 2197 4948 Γ
2205 4896 2460 4964 ρατιανοῦ
2482 4897 2644 4965 νόμος
2680 4895 2867 4950 ἄδειαν
2898 4900 3160 4967 παρεῖχεν
3189 4900 3407 4970 ἑκάστῳ
3447 4900 3586 4971 θρη-

2018 4987 2261 5051 σκεύειν,
2291 4986 2367 5050 ὡς
2398 4987 2662 5058 βούλοιτο,
2689 4987 2799 5039 τῶν
2827 5003 2975 5051 τινες
3012 4989 3331 5043 ἐπισκόπων
3366 4995 3466 5054 τὰς
3501 4994 3587 5045 ol-

2016 5078 2172 5142 κείας
2198 5078 2493 5153 ἐκκλησίας
2546 5079 2973 5143 καταλαϐόντες,
3032 5077 3099 5139 ἃς
3135 5080 3228 5131 ἐπὶ
3278 5082 3586 5144 υύάλεντος

2015 5173 2393 5244 ἀφῃρέθησαν,
2418 5172 2794 5241 διακρίνεσθαι
2829 5167 2987 5234 αὖθις
3009 5174 3248 5243 σπουδὴν
3270 5175 3583 5226 ἐποιούντου

2018 5272 2109 5318 καὶ
2147 5266 2211 5335 δὴ
2267 5266 2411 5318 κατὰ
2457 5265 2558 5335 τὴν
2608 5266 2820 5337 Καρίας
2842 5266 3178 5335 Ἀντιόχειαν
3214 5268 3584 5332 συνελθόντεο,

2014 5360 2115 5428 τὴν
2144 5356 2238 5411 τοῦ
2264 5358 2551 5427 όμοουσίου
2600 5358 2781 5426 φωνὴν
2828 5358 3198 5413 ἀπεδάλὶοντο
3219 5376 3234 5389 ·
3267 5359 3500 5428 ἐκύρουν
3528 5361 3587 5413 δέ

2014 5447 2089 5511 ὡς
2117 5446 2209 5500 καὶ
2241 5447 2477 5516 πρόσθεν
2507 5449 2568 5501 τὸ
2613 5448 2978 5516 ὁμοιοούσιον,
3025 5449 3120 5502 καὶ
3150 5450 3250 5512 τὴν
3288 5452 3347 5502 ἐν
3374 5449 3586 5518 Νικαία

2018 5539 2201 5591 πίστιν
2227 5538 2478 5607 ἠθέτουν,
2512 5542 2607 5591 καὶ
2632 5540 2743 5608 ἰδίᾳ
2770 5535 2912 5610 ἦσαν
2940 5541 3422 5610 ἐκκλησιάζοντες.
3440 5542 3584 5594 Ἀλλ’

2015 5631 2216 5699 ἥκιστα
2242 5631 2340 5685 τοῦ
2374 5633 2806 5702 ἐπιχειρήματος
2836 5633 3039 5689 ὤναντο
3066 5651 3081 5667 ·
3115 5636 3302 5689 πολλοῖ⁵
3326 5636 3437 5705 γὰρ
3462 5635 3584 5706 ἔριν
