3936 6206
282 354 384 418 753

282 473 647 539 καταγνόντες
697 474 897 543 αὐτῶν,
936 476 1010 540 ὡς
1062 478 1319 549 Εύρίπων
1353 479 1512 548 δίκην
1558 479 1749 534 ἄλλοτε
1783 481 1860 543 είς

280 565 446 629 ἄλλας
479 566 642 632 δόξας
670 570 1162 640 μεταχωρούντων,
1194 572 1516 626 παντάπασι
1541 573 1637 640 τῆς
1670 590 1859 627 κοινωο

280 659 401 720 νίας
431 660 613 713 αὐτῶν
638 661 978 733 ἀπέστησαν,
1005 664 1097 715 καὶ
1128 665 1371 735 στερρῶς
1404 666 1520 724 τοῖς
1553 665 1644 717 τοῦ
1665 665 1858 734 δμοου-

286 747 403 800 σίου
438 749 791 818 προσέθεντο,
824 752 919 804 καὶ
942 752 1255 822 ήνώθησαν.

1166 362 1767 423 ECCLESIASTICAZ
1809 363 2190 424 IIISTORHS
2231 364 2372 426 LIB.
2409 363 2543 427 XII.

3423 362 3528 424 Ἶξὶλ

1967 489 2212 541 marunt,
2252 481 2653 550 professionem
2681 480 2805 536 fidei
2834 481 3108 537 Nictenam
3144 481 3450 554 abolentes,
3477 492 3531 533 et

1970 572 2236 626 ecclesias
2275 588 2405 626 suas
2433 575 2667 627 seorsim
2702 573 3069 628 celebrantes.
3092 573 3294 628 Verum
3330 573 3530 627 frustra

1969 662 2080 716 illis
2135 664 2189 717 id
2241 673 2481 731 emptum
2515 663 2619 717 fuit
2662 680 2674 717 :
2720 678 2843 716 nam
2880 664 3138 732 permulti
3175 650 3531 723 contentione

1964 769 2157 808 eorum
2201 764 2512 825 perspecta,
2554 754 2701 823 quod
2738 754 2806 808 ad
2845 754 3016 809 instar
3050 755 3262 823 Euripi,
3296 770 3446 809 nunc
3477 755 3530 807 in

280 841 447 908 hanc,
488 857 639 897 nune
686 844 741 896 in
787 844 935 897 illam
982 845 1311 899 sententiam
1349 845 1582 912 pedibus
1651 846 1820 909 irent,
1859 863 1887 900 a
1930 850 2321 902 communione
2363 863 2554 903 eorum
2602 862 2661 937 sic
2710 849 2936 902 omnino
3013 849 3422 914 abstinuerunt,
3475 860 3531 902 et

280 944 605 989 constanter
644 936 962 1004 όμοουσίυν,
991 937 1502 1002 consubstantialis,
1555 938 1681 994 lidei
1714 939 2098 996 laudatoribus
2123 956 2221 1010 per
2255 940 2517 995 unionem
2553 936 2981 1009 co’njunxerunt.

885 1051 1138 1104 ΚΕΦΑΛ.
1184 1050 1259 1104 Γ’.

289 1139 391 1206 Ὠς
427 1141 766 1209 Γρατισνοῦ
795 1144 958 1209 νόμῳ
989 1144 1044 1195 οἱ
1095 1142 1164 1206 ἐξ
1235 1145 1453 1210 Ἀρείου
1490 1146 1858 1208 ἠλαύνοντο.

349 1210 449 1262 καὶ
483 1213 539 1262 οι
562 1210 669 1277 τῆς
692 1214 1024 1279 όμοουσίου
1050 1213 1310 1275 πίστεως
1350 1213 1478 1279 ταῖς
1502 1216 1858 1280 ἐκκλησίαις

349 1280 674 1348 εἰσήγοντο
692 1296 705 1308 '
734 1280 829 1332 καὶ
862 1280 981 1332 ὅσα
1010 1281 1105 1333 διὰ
1127 1282 1433 1336 Παυλῐνόν
1461 1301 1523 1336 τε
1546 1284 1639 1337 καί
1669 1284 1858 1337 Μελέ-

353 1364 489 1402 τιον
517 1352 588 1402 ἐν
639 1349 975 1418 Ἀπτισχείᾳ
1013 1351 1268 1417 συνέϐη.

353 1462 659 1532 Γρατιανδς
687 1464 764 1530 δὲ,
798 1464 873 1526 ὡς
900 1462 1138 1533 εἴρηται,
1164 1464 1263 1528 τὰς
1296 1466 1555 1536 ἀπαρχὰς
1584 1468 1677 1533 τῆς
1704 1468 1866 1536 βασι-

279 1553 436 1616 λείας
473 1555 753 1618 ἀνατιθεὶς
779 1554 858 1624 τῷ
911 1555 1254 1624 παμϐασιλεῖ
1290 1556 1399 1609 τῶν
1431 1558 1573 1611 ὅλων
1604 1560 1744 1629 θεῷ,
1779 1564 1868 1613 νό-

284 1665 387 1716 μον
415 1647 659 1718 ἔγραφεν
686 1650 907 1703 ἀνιέντα
936 1652 1049 1713 τοῖς
1082 1650 1473 1718 φυγαδευθεῖσι
1502 1650 1613 1704 τῶν
1644 1652 1873 1705 ἐπισκό-

282 1758 406 1794 πων
440 1740 541 1810 τὴν
568 1740 793 1794 κάθοδον
816 1757 829 1771 ·
863 1741 1089 1794 καὶτῶν
1121 1741 1221 1811 μὲν
1251 1743 1414 1812 ἱερῶν
1448 1744 1634 1812 σηκῶν
1659 1746 1787 1808 τοὺς
1815 1746 1876 1810 ἐξ

2584 1052 2810 1109 CAPUT
2850 1053 2938 1107 ill.

1975 1143 2040 1199 Ut
2074 1143 2322 1200 Gratiani
2368 1146 2741 1199 constitutione
2774 1144 2963 1197 Ariani
2992 1145 3228 1214 relegati,
3255 1156 3303 1200 et
3348 1148 3536 1210 ὀμοου-

2038 1214 2180 1276 σίου,
2202 1215 2688 1274 ronsnostantialia.
2710 1214 2834 1281 ﬁdei
2846 1214 3166 1283 professores
3185 1216 3408 1269 ecclesiis
3430 1217 3535 1267 sint

2034 1284 2287 1351 prefecti,
2327 1293 2376 1337 et
2424 1300 2541 1354 qua
2582 1295 2794 1354 propter

2034 1354 2320 1407 Antiochia:
2357 1356 2662 1409 acciderint.

2879 1285 3119 1339 aulinum
3162 1295 3210 1339 et
3266 1285 3569 1339 Meletinm’

2035 1464 2359 1531 Gratianus,
2387 1458 2866 1536 quemadmodum
2900 1468 3166 1532 diximus,
3198 1467 3415 1537 imperii
3450 1467 3536 1522 sui

1968 1556 2244 1627 primitias
2304 1575 2489 1614 rerum
2541 1561 2927 1616 universarum
2985 1561 3306 1631 imperatori
3374 1561 3538 1615 simul

1968 1658 2025 1704 et
2052 1650 2160 1703 Deo
2192 1665 2549 1714 consecratis,
2596 1651 2773 1721 legem
2820 1650 3204 1722 promulgavit,
3240 1667 3340 1721 per
3373 1667 3536 1720 quam

1969 1754 2095 1793 cum
2135 1740 2356 1796 exsules
2386 1742 2682 1810 episcopos
2718 1741 2983 1803 restituit,
3022 1752 3135 1795 tum
3185 1741 3425 1796 Arianos
3473 1757 3539 1794 ex

295 1832 514 1901 Ἀρείου
541 1831 890 1895 ἐλαύνεσθαι,
920 1835 1037 1896 τοῖς
1076 1833 1135 1886 δὲ
1162 1837 1261 1903 τῆς
1303 1836 1359 1887 ὲν
1392 1835 1603 1905 Νικαίᾳ
1629 1836 1870 1899 πίστεως

1978 1830 2149 1885 sacris
2207 1829 2417 1886 aedibus
2466 1831 2795 1897 deturbari,
2862 1848 3067 1903 easque
3125 1832 3358 1887 Nicrena:
3412 1831 3538 1887 ﬁdei

283 1924 753 1993 ύπερισταμένοις
797 1924 897 1987 τὰς
936 1925 1239 1994 ἐκκλησίας
1285 1924 1443 1988 αὖθις
1486 1926 1711 1981 διδόναι.
1760 1930 1870 1981 Καὶ

279 2016 551 2086 Σάπωριν
577 2016 634 2069 δὲ
667 2017 979 2086 στρατηγὸν
1006 2017 1307 2071 ἀπέστελλε
1335 2020 1404 2090 τῇ
1429 2018 1544 2090 Ἔῳ
1560 2018 1734 2073 ταῦτα
1754 2022 1869 2074 δια-

282 2107 658 2178 πραξόμενον,
716 2107 992 2177 ἐπίσημον
1031 2109 1201 2178 ἄνδρα
1261 2109 1410 2177 μάλα
1456 2110 1864 2179 διαγενόμενον.

280 2202 403 2254 Καὶ
435 2201 817 2271 ἀπαραόάτως
845 2203 904 2253 ὲν
934 2202 1151 2271 ἑκάστῳ
1182 2201 1326 2254 ἔθνει
1360 2203 1441 2264 εἰς
1470 2203 1645 2272 πέρας
1676 2204 1704 2255 ὁ
1729 2203 1870 2267 θεῖος

277 2291 449 2356 οὗτος
482 2293 648 2362 νόμος
695 2292 929 2365 ἐγίνετο,
957 2293 1113 2347 Κατὰ
1144 2293 1202 2346 δὲ
1249 2294 1347 2363 τὴν
1382 2294 1665 2365 Ἀντιόχου
1699 2295 1869 2364 πολλή

279 2403 376 2447 τις
407 2380 478 2456 ἦν
519 2386 551 2454 ἡ
583 2384 894 2452 φιλονεικία
923 2384 1001 2455 τῷ
1032 2385 1251 2455 πλήθει,
1284 2386 1469 2440 αἰτίαν
1502 2385 1712 2457 σχοῦσα
1753 2404 1870 2441 τοιο

273 2476 453 2532 ἀνδεσ
494 2478 546 2530 oi
576 2477 684 2545 γὰρ
707 2477 805 2545 τῆς
834 2476 1127 2543 ὁμοουσίου
1164 2477 1405 2539 πίστεως
1447 2479 1542 2530 καὶ
1589 2476 1699 2530 τῶν
1737 2479 1873 2532 ἀπο-

277 2567 558 2621 στολικῶν
619 2558 923 2635 δογμάτων
966 2566 1438 2635 ὑπερασπίζοντες
1478 2567 1756 2639 διῄρηντο.
1807 2568 1870 2620 Ol

277 2658 394 2724 μὲν
416 2656 525 2724 γὰρ
569 2655 730 2717 εὐθὺς
771 2654 912 2723 μετὰ
942 2655 1040 2723 τὴν
1090 2654 1381 2724 Εὐσταθίῳ
1410 2655 1713 2725 γενομένην
1745 2659 1869 2709 ἐπι-

275 2748 493 2818 ϐουλὴν
538 2748 635 2818 τῆς
664 2746 1015 2818 ’Δρειανικῆς
1073 2747 1279 2816 λύσσης
1318 2746 1692 2817 διακριθέντες
1747 2749 1870 2802 καθ’

274 2841 521 2905 ἑαυτοὺς
568 2836 734 2911 ἦσαν,
773 2839 1025 2910 Παυλίνῳ
1070 2838 1371 2908 όιγόμενοι⁹
1414 2841 1463 2891 οἱ
1491 2839 1548 2891 δὲ
1591 2839 1735 2908 μετὰ
1769 2840 1870 2908 τὴν

275 2931 630 3002 χειροτονίαν
663 2931 904 2996 Εύζωῖου
934 2931 1045 2984 τῶν
1085 2930 1499 2984 δυσσεὸούντων
1526 2930 1870 2996 διαστάντες,

275 3018 400 3072 ὑπὸ
449 3017 551 3087 τῆς
601 3018 921 3087 σοφωτάτης
964 3017 1232 3071 Μελετίου
1288 3018 1657 3088 ποιμαντικῆς
1698 3016 1871 3069 διιθύ-

275 3125 468 3162 νοντο.
509 3108 676 3161 Ἀλλὰ
702 3108 969 3189 Παυλίνος
1003 3109 1103 3178 μὲν
1131 3107 1199 3161 δι’
1227 3107 1678 3178 ὑπερϐάλλουσαν
1700 3108 1872 3162 ἐπιεί-

1974 1922 2488 1992 propugnatoribus
2536 1922 2692 1977 reddi
2732 1923 3007 1992 permisit.
3044 1923 3117 1995 Et
3146 1923 3411 1992 Saporem
3442 1922 3544 1977 du-

1972 2027 2119 2080 cem,
2168 2014 2494 2083 prazclarum
2526 2014 2822 2068 admodum
2859 2017 3062 2079 virum,
3098 2016 3192 2085 qni
3228 2030 3347 2069 eam
3376 2030 3545 2073 .exse-

1970 2105 2181 2158 cutioni
2213 2105 2520 2168 mandaret,
2554 2107 2608 2160 in
2644 2104 2926 2161 Orientem
2957 2107 3127 2162 misit.
3166 2106 3234 2161 Et
3269 2106 3455 2161 divina
3477 2120 3544 2160 ea

1972 2195 2299 2257 constitutio
2325 2197 2382 2250 in
2406 2197 2689 2266 provincia
2714 2213 2930 2267 quaque
2949 2199 3013 2251 ad
3035 2199 3348 2269 legitimum
3376 2196 3542 2250 finem

1972 2298 2132 2336 suum
2196 2284 2304 2338 rite
2352 2292 2437 2339 est
2496 2285 2756 2340 deducta.
2816 2286 3121 2340 Antiochia:
3160 2302 3296 2341 vero
3350 2286 3545 2355 ingens

1972 2384 2093 2429 erat
2132 2374 2186 2429 in
2233 2376 2394 2444 plebe
2444 2377 2731 2430 contentio
2762 2386 2816 2429 et
2858 2377 3177 2441 dissidium,
3214 2378 3286 2431 ob
3319 2390 3543 2430 causam

1971 2467 2245 2536 ejusmodi
2267 2487 2279 2522 :
2300 2467 2403 2533 Qui
2430 2469 2739 2538 ὁμοουσίου,
2762 2468 3276 2534 οοιιυυυειοηιίσιὶε,
3305 2467 3467 2522 fidem
3486 2479 3546 2522 et

1972 2560 2293 2628 Apostolica
2327 2560 2583 2630 dogmata
2616 2560 3007 2623 defendebant,
3035 2560 3089 2613 in
3124 2558 3263 2612 duas
3293 2557 3545 2613 abierant

1972 2660 2161 2722 partes
2211 2671 2226 2709 :
2291 2652 2514 2722 quidam
2571 2668 2811 2722 namque
2868 2653 3055 2706 statim
3124 2661 3249 2722 post
3305 2659 3545 2706 structas

1974 2742 2263 2798 Eustathio
2299 2744 2552 2810 insidias,
2600 2745 2669 2799 ab
2713 2744 2913 2798 Ariona
2965 2743 3117 2797 rabie
3160 2744 3542 2805 abhorrentes,

1973 2835 2079 2892 sub
2143 2836 2374 2890 Paulino
2425 2836 2675 2890 antistite
2726 2844 3037 2889 conventus
3081 2850 3209 2888 suos
3250 2832 3543 2903 cogebant.

1974 2925 2207 2992 Quidam
2239 2935 2422 2982 autem
2454 2927 2521 2981 ab
2546 2925 2735 2980 Euzoii
2771 2927 3043 2981 electione
3076 2925 3372 2994 impiorum
3399 2939 3547 2978 com-

1974 3018 2241 3072 mercium
2282 3016 2640 3087 refugientes,
2688 3019 2792 3071 sub
2846 3015 3254 3086 sapientissimo
3320 3022 3542 3083 pastore

1974 3109 2192 3164 Meletio
2242 3109 2638 3179 pascebantur.
2675 3109 2840 3179 226
2893 3108 2960 3162 Et
3015 3107 3281 3161 Paulinus
3320 3105 3542 3175 quidem

274 3217 450 3256 κειαν
482 3199 616 3271 πρὸς
644 3200 945 3262 Οὐάλεντος
975 3203 1056 3264 είς
1088 3201 1188 3272 τὴν
1216 3200 1514 3271 ὑπερορίαν
1535 3199 1637 3254 οὐκ
1668 3200 1869 3273 ἧγετοο

1978 3212 2201 3272 propter
2258 3201 2625 3263 excellentem.
2676 3201 3075 3254 humanitatem
3131 3215 3161 3253 a
3208 3198 3439 3253 Valente
3494 3198 3548 3250 in

276 3292 569 3355 Μελέτιος
588 3293 645 3346 δὲ
687 3292 956 3364 πρότερον
1002 3293 1273 3364 ὑπερορίᾳ
1321 3292 1693 3363 κατακριθεὶς,
1736 3294 1871 3364 πρὸς

288 3382 600 3449 Ἰουλιανοῦ
637 3384 947 3454 ἐπανήγετο
970 3397 985 3414 ⁸
1021 3382 1118 3435 καὶ
1147 3379 1302 3444 αὖθις
1324 3382 1415 3435 ἐπὶ
1444 3382 1747 3444 Οὐάλεντος
1770 3380 1871 3452 τὴν

277 3473 477 3545 φυγὴν
534 3474 978 3539 καταδικασθεὶς,
1040 3472 1120 3544 τῷ
1169 3471 1474 3544 Γρατιανοῦ
1529 3472 1874 3541 θεσπίσματι

278 3565 603 3637 τηνικαῦτα
628 3566 772 3618 κατὰ
795 3568 893 3637 τὴν
919 3566 1200 3635 Ἀντιόχου
1234 3565 1486 3618 ἐπάνεισι
1509 3581 1526 3599 ο
1564 3564 1658 3618 καὶ
1678 3563 1871 3629 ἐλθὼν,

282 3658 566 3711 Παυλῖνον
600 3654 848 3724 εὑρίσκει
884 3655 984 3726 ήδη
1015 3655 1153 3724 πρὸς
1189 3653 1326 3724 βαθὺ
1358 3656 1537 3723 γῆρας
1567 3653 1872 3707 ἐλάσανταο

282 3748 393 3802 καί
421 3746 476 3815 γ’
513 3747 675 3809 εὐθὺς
709 3748 946 3810 ἅπαντες
971 3747 1087 3799 ὅσοι
1117 3746 1215 3816 τῆς
1241 3745 1453 3798 ἐκείνου
1481 3743 1677 3814 μοίρας
1710 3740 1872 3816 ἦσαν,

281 3841 483 3893 πάντα
512 3838 696 3892 κάλων
728 3836 967 3900 ἐκίνουν,
996 3836 1292 3908 σύνθρονον
1315 3836 1577 3905 γενέσθαι
1621 3835 1875 3904 Παυλίνῳ

280 3937 588 3993 Μελέτιον.
626 3935 732 3988 Τοῦ
758 3936 817 3987 δὲ
867 3934 1138 3987 Παυλίνου
1178 3933 1279 4004 τὴν
1307 3930 1594 4001 συνεδρίαν
1613 3931 1879 3999 ἐκτρεπο-

286 4027 492 4098 μένου,
546 4028 641 4079 καὶ
671 4024 826 4095 παρὰ
869 4025 960 4077 τὸν
1009 4021 1476 4092 ἐκκλησιαστικὸν
1521 4019 1728 4073 κανόνα
1776 4018 1877 4088 τὴν

283 4117 503 4187 πρᾶξιν
529 4112 671 4168 εἶναι
702 4114 1108 4182 διατεινομένου
1132 4131 1145 4143 ·
1178 4114 1274 4166 ire
1312 4112 1447 4181 δῆτα
1473 4110 1741 4164 Μελετίου
1773 4108 1879 4160 ὑπὸ

299 4194 611 4277 ’Δρειανῶν
638 4207 737 4277 τὴν
765 4207 1104 4278 χειροτονίαν
1136 4204 1567 4273 προσειληφότος
1618 4203 1718 4255 οὐκ
1748 4202 1880 4254 ἀνα-

291 4301 545 4370 σχόμενοι
571 4300 640 4353 τὰ
673 4299 880 4368 πλήθη,
908 4298 967 4351 έν
996 4314 1106 4350 τινι
1140 4298 1246 4350 τῶν
1283 4294 1389 4366 πρὸ
1426 4295 1525 4364 τῆς
1560 4294 1769 4355 πόλεως
1806 4293 1880 4345 ie-

294 4392 417 4464 ρῶν
450 4392 542 4445 τὸν
574 4391 836 4446 Μελέτιον
868 4388 1296 4458 ὲνθρονίζουσιν.
1333 4386 1407 4440 Ού
1456 4386 1521 4453 δὴ
1552 4386 1871 4455 γενομένου,

1974 3293 2237 3350 exsilium
2294 3303 2452 3349 actus
2514 3311 2623 3348 non
2675 3294 2877 3347 fuerat.
2929 3292 3181 3346 Meletius
3232 3306 3362 3344 vero
3426 3304 3551 3343 cum

1978 3386 2222 3455 primum
2255 3385 2455 3440 exsilio
2476 3386 2743 3440 multatus
2767 3397 2939 3447 esset,
2969 3401 2996 3436 a
3022 3384 3239 3437 Juliano
3264 3382 3552 3434 restitutus

1975 3476 2208 3533 fuerat:
2252 3486 2309 3532 et
2358 3478 2543 3532 denuo
2577 3479 2681 3532 sub
2728 3475 2960 3529 Valente
3010 3473 3298 3542 deportari
3342 3474 3548 3541 jussus,

1974 3568 2219 3624 Gratiani
2258 3568 2443 3624 edicto
2479 3569 2655 3623 frctus
2707 3579 2820 3621 tuin
2869 3565 3226 3620 Antiochiam
3287 3564 3547 3627 redierat,

1976 3669 2032 3715 et
2063 3660 2354 3715 Paulinum
2388 3661 2465 3715 in.
2489 3672 2739 3716 extrema
2786 3662 2901 3729 jam
2941 3668 3227 3714 senectute
3266 3658 3545 3712 viventem

1977 3754 2291 3807 invenerat.
2342 3752 2419 3808 lbi
2476 3753 2572 3821 qui
2624 3752 2885 3806 factionis
2950 3752 3073 3821 ejus
3124 3761 3285 3805 erant
3334 3762 3551 3814 omnes,

1978 3856 2202 3895 omnem
2238 3838 2461 3895 movere
2492 3841 2705 3907 funem,
2740 3850 2798 3895 ut
2829 3841 2883 3894 in
2910 3844 3102 3895 eodem
3131 3856 3256 3895 cum
3295 3837 3550 3897 Paulino,

1980 3933 2183 3988 throno
2225 3934 2478 3988 Meletius
2521 3935 2913 3989 collocaretur.
2955 3933 3220 3988 Paulinus
3267 3948 3390 3987 eam
3433 3947 3548 3986 rem

1978 4040 2090 4080 non
2121 4024 2384 4091 admisit;
2419 4026 2624 4080 factum
2654 4026 2924 4096 ejusmodi
2970 4025 3238 4092 adversus
3278 4023 3547 4077 ecclesia-

1979 4118 2150 4171 sticos
2195 4132 2439 4172 canones
2482 4134 2603 4172 esse
2653 4118 2939 4185 dictitans,
2982 4116 3132 4186 quod
3181 4116 3433 4170 Meletins
3484 4116 3553 4168 ab

1980 4210 2204 4264 Arianis
2243 4211 2726 4265 consecrationem
2764 4211 3088 4279 accepisset.
3119 4212 3186 4263 At
3234 4210 3468 4280 pepultts
3500 4208 3551 4261 id

1978 4313 2085 4351 non
2136 4298 2343 4363 ferens,
2375 4298 2655 4353 Meletium
2690 4300 2745 4352 in
2794 4300 2994 4353 throno
3043 4300 3233 4369 templi
3267 4297 3553 4368 cujusdam

1977 4389 2283 4444 suburbani
2319 4391 2636 4446 collocavit.
2667 4392 2784 4459 Quo
2814 4391 2982 4455 facto,
3034 4392 3208 4447 multa
3255 4391 3553 4445 verborum

292 4485 474 4554 πολλή
508 4501 592 4547 τις
629 4483 914 4555 ἐρεσχελία
940 4482 1181 4552 είσέρρει
1204 4497 1217 4510 ·
1248 4482 1344 4533 καὶ
1373 4484 1435 4531 ὲκ
1465 4481 1564 4547 τῆς
1598 4478 1739 4546 ἄγαν
1772 4495 1872 4547 φι-

1982 4483 2097 4537 rixa
2128 4490 2214 4537 est
2243 4484 2462 4538 oborta.
2501 4483 2566 4537 Et
2592 4499 2681 4538 res
2712 4499 2777 4539 ex
2820 4485 2996 4538 nimio
3028 4482 3398 4539 contendendi
3437 4493 3550 4536 stu-

288 4577 577 4636 λονεικίας
616 4577 699 4636 είς
729 4574 967 4634 ἀτόπους
1004 4570 1385 4641 ἐπιχειρήσεις
1409 4568 1740 4637 ἐτρέποντο·
1782 4569 1878 4620 καὶ

293 4667 677 4734 προσεδοκᾶτο
710 4665 899 4727 στάσις
931 4662 1275 4733 ἑκατέρωθεν
1319 4662 1411 4713 τοῦ
1457 4661 1586 4714 λαοῦ
1619 4660 1883 4731 χαλεπαί-

292 4774 507 4819 νοντος,
542 4757 777 4810 Ἔπειτα
830 4755 1144 4825 θαυμασίας
1198 4755 1598 4823 ἐπιγενομένης
1656 4752 1879 4822 βουλῆς,

221 4903 229 4909 _
294 4850 385 4911 είς
416 4848 672 4914 ὁμόνοιαν
690 4841 854 4915 ἦλθον
885 4844 1175 4912 συνθηκῶν
1202 4843 1423 4895 τοιῶνδε
1454 4842 1844 4911 γεγενημένων
1864 4858 1877 4873 ·

297 4940 588 4993 συνεδόκει
643 4938 752 5006 γὰρ
783 4937 971 5005 ὅρκοις
1024 4936 1258 5005 πεδῆσαι
1311 4937 1422 4987 ὅσοι
1473 4934 1538 5004 δὴ
1587 4936 1881 5005 ἐπιτήδειοι

296 5031 631 5082 ἐπισκοπεῖν
686 5028 1024 5096 ἐνομίζοντο,
1073 5025 1107 5093 ἢ
1147 5026 1242 5078 καὶ
1294 5026 1750 5097 προσεδοκῶντοο
1806 5022 1880 5082 ὧν

291 5123 484 5189 ἕτεροι
519 5120 617 5187 μὲν
642 5121 805 5172 πέντε
834 5115 998 5189 ἦσαν,
1047 5119 1145 5170 καὶ
1171 5117 1474 5180 «plasma,-
1496 5117 1657 5180 αὐτός
1680 5135 1692 5149 ·
1732 5117 1878 5170 ὥστε

299 5214 512 5284 μηδένα
552 5212 631 5272 είς
667 5212 765 5280 τὴν
820 5212 1130 5280 ἐπισκοπὴν
1188 5211 1519 5281 παρελθεῖν*

303 5307 632 5372 σπουδάσαι,
659 5304 773 5359 οὔτ’
806 5304 1095 5372 ἀνέξεσθαι
1118 5305 1216 5374 τὴν
1237 5304 1595 5373 χειροτονίαν,
1629 5304 1730 5356 κᾶν
1760 5304 1880 5357 εἴτι

1592 5208 1714 5261 οὔτε
1771 5214 1881 5279 μὴν

298 5403 399 5453 καὶ
430 5400 681 5466 γένηται,
720 5400 810 5450 ἐπ’
835 5399 1019 5459 αὐτοῖς
1046 5400 1375 5468 ἐρχομένην,
1405 5396 1510 5460 ἕως
1545 5398 1612 5450 ἂν
1647 5395 1879 5466 περιῶσι

299 5492 382 5562 τῷ
415 5492 516 5560 βίῳ
548 5491 812 5553 Παυλῖνός
848 5508 904 5542 τε
936 5490 1030 5543 καὶ
1057 5489 1319 5550 Μελέτιος
1340 5507 1351 5518 ’
1390 5482 1464 5541 ὧν
1489 5489 1719 5558 θατέρου
1748 5506 1883 5558 προ-

300 5584 759 5652 τελευτήσχντος,
791 5584 882 5634 τὸν
908 5582 1365 5651 περιλειπόμενον
1394 5582 1644 5650 κατέχειν
1670 5584 1763 5634 καὶ
1784 5582 1880 5634 τοῦ

303 5677 676 5743 ἀποιχομένου
720 5678 808 5727 τὸν
851 5676 1077 5744 θρόνον·
1119 5680 1213 5728 καὶ
1252 5675 1387 5745 μετὰ
1415 5676 1510 5744 τὴν
1533 5674 1739 5729 ἐκείνου
1774 5674 1883 5727 λοι-

310 5771 410 5819 τῖὶν
452 5768 746 5820 ἀπιιὸἕωσιν
784 5768 952 5829 οὕτως
995 5770 1091 5819 ’ἕνα
1129 5768 1233 5820 τῶν
1279 5768 1605 5837 {tW/9990»,
1642 5769 1700 5821 ὃν
1729 5771 1793 5821 ἂν
1825 5768 1883 5821 τὸ

1985 4575 2078 4629 dio
2128 4575 2181 4629 in
2231 4584 2413 4644 coepta
2466 4575 2705 4629 absurda
2744 4575 2922 4629 abiit:
2960 4575 3233 4644 plebeque
3272 4589 3339 4627 ex
3393 4582 3552 4641 parte

1989 4676 2227 4737 utraque
2273 4666 2617 4735 indignante,
2650 4665 2853 4720 seditio
2889 4666 2941 4719 in
2976 4665 3394 4734 exspectatione
3428 4661 3552 4716 fuit.

1986 4760 2196 4817 Deinde
2225 4773 2355 4814 vero
2391 4757 2626 4813 consilio
2672 4757 2913 4811 mirifico
2943 4756 3190 4819 invento,
3223 4756 3290 4809 ad
3326 4770 3555 4809 concor-

1984 4852 2128 4907 diam
2162 4866 2252 4905 res
2285 4849 2461 4917 pactis
2495 4848 2815 4918 hujusmodi
2861 4856 2948 4902 est
2996 4847 3247 4901 reducta.
3284 4846 3553 4900 Placitum

1985 4957 2225 5010 namque
2278 4951 2381 5005 est,
2443 4947 2503 4993 ut
2551 4939 2644 5009 qui
2689 4940 2756 4993 ad
2805 4940 3179 5010 episcopalem
3214 4938 3554 4992 iunctionem

1985 5033 2322 5098 obeundam,
2380 5033 2467 5087 vel
2518 5033 2628 5103 jam
2677 5041 2793 5087 tum
2861 5040 3069 5095 essent,
3116 5031 3204 5085 vel
3259 5030 3556 5100 aliquando

1985 5126 2153 5179 futuri
2182 5133 2369 5178 essent
2401 5124 2606 5191 idonei,
2638 5140 2876 5195 quorum
2912 5126 3137 5194 quidem
3166 5124 3412 5193 quinque
3436 5121 3551 5183 alii,

1984 5226 2039 5272 et
2077 5217 2368 5271 Flavianus
2398 5227 2587 5272 sextus
2631 5225 2772 5284 erat,
2798 5217 3165 5288 jurisjnrandi
3199 5224 3547 5271 sacramento

1984 5310 2385 5379 obligarentur.
2415 5309 2689 5362 neminem
2731 5325 2923 5363 eorum
2960 5309 3340 5378 episcopatum
3366 5321 3557 5361 susce~

1986 5410 2235 5469 pturum,
2266 5416 2447 5469 neque
2498 5402 2564 5456 ad
2608 5402 2929 5471 dignitatth
2974 5418 3095 5455 eam
3144 5402 3552 5464 anhelaturum,

1986 5505 2152 5563 atque
2184 5494 2322 5547 adeo
2353 5509 2531 5562 neque
2564 5495 2915 5555 electionem,
2944 5494 2987 5547 si
3021 5494 3161 5546 forte
3204 5508 3267 5545 ea
3309 5490 3377 5546 de
3416 5506 3556 5560 quo-

1945 5588 2132 5655 piam
2196 5586 2373 5649 fieret,
2418 5588 2854 5655 approbaturum
2906 5602 3050 5648 esse,
3103 5585 3370 5655 tantisper
3425 5586 3554 5639 dum

1985 5679 2252 5734 Paulinus
2293 5686 2348 5731 et
2396 5676 2650 5732 Melctius
2684 5678 2736 5731 in
2777 5679 2883 5733 vita
2933 5689 3241 5743 manerent,
3288 5688 3451 5746 atque
3500 5688 3558 5731 nt

1989 5771 2163 5825 altero
2194 5768 2462 5824 defuncto
2494 5771 2637 5825 alter
2675 5771 2767 5842 qui
2807 5779 3088 5842 superstes
3112 5782 3281 5837 esset,
3318 5771 3371 5823 in
3412 5769 3558 5822 illius
