3936 6206
343 276 449 341 757

1233 279 1834 343 ECCLESIASTICE
1872 281 2261 346 HISTORIE
2299 285 2446 347 LIB.
2491 287 2625 351 XII.

3469 287 3580 352 758

337 394 434 447 νοῦ
464 392 887 464 προϐάλλοντος,
912 392 1172 457 Παυλῖνος
1188 392 1555 465 διισχυρίζετο
1584 392 1744 458 αὐτὸς
1768 391 1909 448 εῖναι

2017 401 2182 451 tenus
2224 412 2291 452 ex
2341 396 2607 469 Gregorio
2639 381 2991 456 Nazianzeno
3014 400 3356 469 retulimus),
3388 401 3576 471 opinio

330 484 436 555 τῆς
460 485 725 556 Δαμάσου
767 485 1004 557 μερίδος.
1036 485 1267 556 Ἐπίσης
1288 484 1346 540 δὲ
1377 486 1472 540 καὶ
1496 485 1909 558 ’Δπολλινάριος

332 577 488 643 ἔλεγε
515 576 929 646 κατακρύπτων
960 577 1061 647 τὴν
1091 577 1268 632 νόσον.
1317 576 1528 647 Ἡσυχῆ
1575 578 1632 633 δὲ
1664 579 1911 648 καθῆστο

331 668 598 728 Μελέτιος
630 665 742 719 τῶν
784 669 1066 737 ἑκατέρων
1119 669 1296 735 λόγων
1347 670 1797 739 ὲπακροὼμενος.
1840 671 1900 725 '0

330 760 390 813 δέ
416 776 480 827 γε
518 759 661 822 θεῖος
694 759 997 821 Φλαϐιανδς
1024 760 1105 813 ἐτι
1153 779 1207 814 τι
1252 761 1330 832 τῷ
1365 760 1475 817 τῶν
1520 762 1915 834 πρεσϐυτέρων

331 851 641 922 ἐμπρέπων
667 850 884 924 βαθμῷ,
918 852 1102 924 ἡρέμα
1138 851 1233 907 τοῦ
1263 855 1573 926 στρατηγοῦ
1601 857 1906 920 ὲπαϊοντος,

334 945 475 1014 πρὸς
533 945 796 1000 Παυλῖνον
848 947 991 1015 ἐφη·
1028 964 1049 999 ε
1099 948 1161 1001 Et
1196 947 1232 1001 ἀ
1280 946 1599 1019 δογματίζει
1656 949 1912 1017 Δάμασος

333 1038 611 1107 στέργεις,
642 1032 689 1091 ὦ
715 1036 893 1102 οὗτος,
944 1037 1117 1105 δεῖξον
1150 1040 1282 1110 ἡμῖν
1309 1040 1409 1112 τὴν
1440 1040 1542 1110 τῆς
1571 1039 1731 1109 δόξης
1776 1058 1909 1109 συγ-

332 1129 557 1196 γένειαν
576 1145 591 1159 ο
621 1130 831 1193 ἐκεῖνος
859 1131 971 1201 γὰρ
1005 1131 1135 1201 μίαν
1162 1128 1357 1184 οὐσίαν
1381 1128 1482 1200 τῆς
1519 1130 1747 1201 Τριάδος
1776 1133 1911 1201 όμο-

332 1220 509 1289 λογεῖ,
537 1220 633 1273 καὶ
661 1222 759 1284 τὰς
780 1221 931 1290 τρεῖς
954 1220 1283 1284 ὑποστάσεις
1305 1217 1604 1290 διαρρήδην
1626 1219 1914 1291 κηρύττει.

332 1313 410 1364 Σὺ
458 1311 507 1364 δ’
562 1311 746 1375 έοικας
788 1312 849 1376 ἐξ
880 1303 955 1365 ὧν
1004 1310 1207 1379 λέγεις,
1258 1311 1359 1381 τὴν
1411 1310 1520 1365 τῶν
1557 1311 1912 1365 ὐποστάσεων

334 1401 588 1470 ἀναιρεῖν
613 1399 831 1470 τριάδα.
867 1398 1158 1469 Συμφώνει
1188 1399 1375 1452 τοίνυν
1410 1396 1604 1468 ἐκείνῳ
1636 1398 1745 1459 τοῖς
1784 1396 1910 1464 δόγ-

336 1508 498 1559 μασι,
533 1493 629 1545 καὶ
676 1491 820 1545 κατά
874 1491 966 1545 τὸν
1011 1492 1114 1560 τῆς
1169 1490 1507 1560 Ἐκκλησίας
1560 1489 1766 1561 θεσμὸν
1814 1491 1911 1554 τὰς

332 1579 641 1648 ἐκκλησίας
688 1577 955 1647 ἀσφαλῶς
988 1579 1209 1648 κάτεχε.
1276 1599 1295 1631 ι
1356 1578 1467 1631 Καὶ
1499 1577 1593 1631 τὸν
1618 1579 1736 1648 -μέν
1768 1575 1913 1631 οὕτω

332 1662 742 1737 κατασιγάσας,
780 1670 921 1739 πρὸς
947 1668 1038 1723 τὸν
1078 1668 1492 1740 ’Δπολλινάριον
1524 1668 1910 1738 ἐπιστραφείς,

333 1763 445 1833 ἔφη
472 1780 490 1796 ·
527 1781 547 1815 ε
580 1763 780 1836 Θαῦμά
811 1782 902 1834 μοι
937 1763 1172 1828 ἔπεισιν,
1204 1756 1250 1818 ὦ
1289 1763 1533 1833 φιλότης,
1565 1763 1685 1826 πῶς
1737 1761 1914 1824 οὕτως

333 1856 535 1926 ἀνέδην
560 1856 696 1927 πρὸς
729 1859 792 1910 τὸ
816 1856 1013 1926 ψεῦδος
1047 1856 1111 1927 δὴ
1136 1855 1382 1925 κεχηνὼς
1408 1856 1507 1915 οὐκ
1531 1856 1792 1926 ἐντρέπῃ,
1820 1857 1914 1909 καὶ

331 1948 497 2002 ταῦτ’
517 1948 759 2018 ἀκριϐῶς
780 1949 935 2012 εἰδὼς
962 1948 1038 2013 ὡς
1058 1950 1085 2001 ό
1109 1946 1399 2009 θεσπέσιος
1428 1947 1682 2016 Δάμασος
1700 1947 1915 2001 τελείαν

328 2039 620 2108 είληφέναι
655 2040 753 2109 τὴν
784 2039 1062 2111 ἡμετέραν
1089 2038 1252 2108 φύσιν
1278 2038 1370 2091 τὸν
1404 2038 1538 2091 Θεὸν
1564 2037 1737 2106 Λόγον
1774 2036 1915 2092 πλαο

329 2130 420 2181 τεῖ
455 2126 774 2196 δογματίζει
800 2127 878 2198 τῷ
901 2128 1157 2197 στόματι.
1186 2127 1259 2180 Σὺ
1299 2128 1345 2180 δ’
1378 2127 1456 2190 είς
1495 2131 1644 2182 ἅπαν
1687 2127 1914 2181 ,ἐναντία

332 2219 490 2295 μάλα
515 2222 735 2289 φρονεῖς
760 2237 774 2253 ο
807 2220 883 2291 μὴ
908 2221 1016 2291 γὰρ
1049 2220 1251 2289 ψυχὴν,
1289 2219 1427 2289 μηδὲ
1477 2219 1601 2273 νοῦν
1633 2221 1693 2273 τὸ
1717 2220 1915 2289 ἡμέτε-

333 2329 434 2383 ρον
464 2311 865 2383 προσειλῆφθαι
894 2313 1000 2383 φῂς
1046 2312 1275 2382 εκείνην
1310 2309 1345 2365 ἃ
1374 2311 1439 2380 δὴ
1470 2313 1567 2380 τῆς
1616 2310 1739 2364 καθ’
1764 2312 1914 2381 ἡμᾶς

332 2405 557 2472 φύσεως
600 2403 937 2475 καιριώτερα
962 2418 995 2434 ἠ
1017 2404 1114 2457 καλ⁸
1158 2404 1247 2458 διὰ
1277 2402 1435 2457 τοῦτο
1474 2407 1569 2456 καὶ
1605 2403 1704 2473 τῆς
1737 2419 1914 2473 σωτη-

300 2528 307 2531 -
334 2495 470 2566 ρίας
503 2497 689 2550 ἐκεῖνα
714 2497 948 2567 στερεῖς.
985 2493 1046 2549 Ei
1067 2494 1123 2548 δὲ
1152 2494 1321 2564 ψευδῆ
1350 2511 1442 2548 σου
1473 2491 1916 2565 κατηγοροῦμεν,

328 2584 479 2638 ἀλλά
539 2584 639 2639 νῦν
683 2584 856 2650 δεῖξαι
885 2584 961 2649 ὡς
1009 2587 1328 2654 συμφωνείς
1383 2585 1627 2654 Δαμὰσῳ
1656 2583 1916 2636 τάναντία

335 2692 427 2729 σοι
464 2675 873 2747 δογματίζοντι,
920 2678 1022 2747 τήν
1066 2692 1152 2730 σοι
1209 2675 1714 2743 καινοτομηθεῖσαν
1760 2673 1916 2727 νόσον

332 2763 807 2832 ἀποϐαλλόμενος,
843 2763 939 2818 καὶ
986 2763 1110 2825 τοὺς
1142 2761 1321 2832 ἱεροὺς
1357 2760 1559 2830 σηκοὺς
1618 2761 1839 2830 κάτεχε.
1889 2776 1910 2810 ε

349 2854 412 2908 ὐ
453 2855 552 2925 μὲν
577 2850 673 2907 οὖν
731 2853 880 2916 θεῖος
929 2850 1233 2916 Φλαϐιανδς
1287 2850 1431 2904 οὕτω
1488 2852 1606 2913 τοῖς
1658 2851 1921 2919 ἀληθέσιν

330 2945 591 3013 ἐλέγχοις
616 2943 839 3014 τὴντῶν
863 2944 1192 3014 ἀμφοτέρων
1208 2942 1536 3012 ἐπεστόμισε
1564 2944 1880 3013 παρρησίαν
1896 2959 1910 2974 ·

2012 488 2347 557 pullulavit:
2386 500 2443 545 et
2482 491 2590 546 alia
2624 501 2891 562 praeterea
2925 506 3047 562 qua:
3081 492 3247 563 228
3280 502 3335 548 et
3387 494 3578 549 multi-

2015 579 2191 634 tudini
2210 580 2401 651 etejus
2420 583 2740 644 antistibus.
2767 587 3176 640 contentionem
3204 589 3260 639 in
3286 585 3577 641 maximam

2011 669 2327 740 bellumque
2347 673 2693 742 implacabile
2713 688 2994 744 peperere,
3018 675 3576 745 prodierunt.Verum

2015 762 2130 817 haec
2188 774 2376 833 postea
2431 766 2705 821 accidere.
2754 765 2894 820 Tum
2947 776 3155 835 autem,
3199 768 3367 824 sicuti
3431 769 3575 837 dixi,

2012 869 2137 909 cum
2205 857 2512 913 Antiochia:
2556 858 2795 929 Sapores
2858 858 2970 914 dux
3015 869 3185 926 esset,
3236 870 3404 931 atque
3438 859 3579 917 Gra-

2018 947 2155 1001 tiani
2186 950 2664 1017 constitutionem,
2703 960 2764 1006 ut
2792 966 2957 1022 quam
2988 950 3147 1005 [idem
3187 944 3455 1005 Damasus
3487 951 3583 1004 de-

2012 1039 2364 1113 pradicaret,
2415 1042 2469 1098 in
2499 1052 2563 1095 ea
2598 1056 2820 1112 quoque
2850 1040 3142 1097 Antiochia
3175 1040 3579 1112 acquiesceret,

2012 1130 2422 1201 praetenderet,
2483 1133 2925 1204 servandamque
2978 1134 3197 1203 iuberet
3240 1149 3256 1188 :
3306 1131 3576 1187 Paulinus

2012 1222 2236 1289 quidem
2268 1220 2487 1279 Damasi
2529 1225 2768 1294 partium
2800 1240 2859 1282 se
2911 1240 3034 1282 esse
3078 1224 3388 1280 afﬁrmavit.
3430 1223 3579 1279 idem

2013 1326 2235 1383 quoque
2274 1313 2639 1384 Apollinaris,
2664 1318 2921 1372 morbum
2970 1315 3181 1382 celans,
3212 1316 3372 1371 dixit.
3409 1315 3582 1370 Mele-

2013 1403 2125 1459 tius
2158 1414 2345 1461 autem
2379 1408 2668 1478 utriusque
2687 1409 2857 1465 verba
2879 1407 3134 1473 audiens,
3177 1409 3381 1464 tacitus
3413 1407 3578 1464 sedit.

2013 1494 2092 1550 ibi
2162 1506 2277 1551 tum
2342 1497 2562 1554 divinus
2614 1500 2949 1567 Flavianus,
3014 1502 3074 1558 in
3127 1501 3580 1577 presbyterorum

2013 1587 2324 1644 etiamnum
2354 1590 2550 1646 ordine
2580 1594 2914 1661 consistens,
2938 1595 3080 1650 duce
3115 1593 3330 1663 placide
3354 1593 3585 1648 audien-

2017 1687 2092 1740 te,
2147 1679 2217 1733 ad
2272 1680 2560 1736 Paulinum
2603 1698 2619 1737 :
2668 1701 2687 1734 ι
2728 1683 2783 1740 Si
2840 1684 2895 1739 in
2942 1685 3161 1752 eadem,
3202 1685 3403 1751 inquit,
3454 1699 3581 1739 cum

2018 1770 2272 1835 Damaso,
2306 1786 2340 1826 o
2369 1772 2537 1839 bone,
2571 1774 2849 1830 sententia
2883 1775 3214 1845 acquiescis,
3248 1776 3451 1831 exhibe
3483 1792 3586 1831 no-

2015 1861 2099 1916 bis
2154 1863 2433 1932 opinionis
2485 1864 2934 1935 conjunctionem
2988 1879 3045 1922 et
3095 1866 3438 1925 afﬁnitatem.
3489 1865 3587 1921 Ille

2017 1968 2256 2023 namque
2307 1954 2673 2010 substantiam
2723 1973 2887 2013 unam
2936 1957 3231 2013 Trinitatis
3274 1957 3585 2028 proﬁtetur,

2015 2054 2073 2098 et
2132 2053 2243 2098 tres
2294 2045 2684 2102 subsistentias
2729 2046 2954 2103 disertis
2988 2049 3174 2104 verbis
3227 2049 3586 2119 depraadicat.

2016 2132 2095 2188 Tu
2131 2149 2280 2199 vero,
2321 2135 2483 2190 sicuti
2520 2136 2690 2191 verba
2724 2145 2825 2191 tua'
2849 2135 3159 2203 declarant,
3201 2137 3589 2203 subsistentia-

2016 2240 2139 2279 rum
2204 2225 2504 2280 trinitatem
2565 2239 2792 2295 prorsus
2851 2228 3023 2282 tollis.
3098 2228 3450 2298 Quapropter
3517 2227 3586 2282 ad

2018 2316 2169 2369 illius
2222 2324 2296 2380 te,
2328 2330 2429 2385 per
2478 2330 2838 2382 consensum,
2887 2317 3143 2386 degmata
3191 2318 3426 2388 adiunge
3467 2336 3481 2371 :
3533 2327 3589 2372 et

2016 2404 2304 2464 ecclesias.
2344 2403 2498 2474 juxta
2544 2418 2738 2459 earum
2773 2406 3113 2471 sanctiones,
3150 2415 3270 2459 toto
3305 2404 3515 2459 obtine.
3561 2423 3580 2455 ι

2017 2494 2196 2563 Atque
2245 2494 2339 2549 ubi
2374 2494 2522 2550 hunc
2562 2496 2642 2550 ita
2683 2495 2849 2551 silere
2883 2495 3084 2565 coegit.
3120 2495 3188 2549 ad
3220 2494 3586 2566 Apollinarim

2016 2600 2322 2641 conversus
2355 2602 2369 2640 :
2414 2604 2435 2638 ι
2466 2586 2636 2642 Valde
2667 2596 2720 2641 te
2751 2585 3020 2652 admiror,
3056 2586 3157 2649 ait,
3185 2599 3219 2639 ο
3255 2584 3455 2650 amice,
3491 2584 3588 2654 qui

2020 2688 2127 2732 tam
2154 2678 2506 2747 impudenter
2527 2678 2817 2734 mendacio
2841 2678 3083 2745 inhians,
3110 2692 3221 2732 non
3251 2676 3584 2731 erubescas:

2016 2784 2140 2824 cum
2176 2767 2399 2837 quidem
2434 2776 2588 2825 certo
2625 2770 2788 2836 scias,
2810 2768 3133 2833 Damasum,
3167 2766 3447 2822 hominem
3489 2762 3588 2819 ad-

2020 2861 2355 2926 mirandum,
2379 2863 2525 2933 quod
2554 2863 2700 2918 Deus
2737 2862 2979 2919 Verbum
3002 2861 3300 2932 perfectam
3328 2869 3583 2914 naturam

2018 2959 2258 3004 nostram
2297 2949 2628 3019 susceperit,
2678 2965 2774 3006 ore
2829 2950 2992 3021 pleno
3040 2949 3322 3019 propalam
3359 2948 3583 3002 docere.

333 3036 606 3099 Μελέτιος
638 3036 716 3100 δὲ,
747 3037 967 3092 πάντων
995 3034 1304 3105 ἀνθρώπων
1332 3036 1658 3105 πραότατος,
1688 3036 1909 3106 ἡμέρως

2017 3037 2098 3091 Tu
2146 3052 2277 3092 vero
2325 3039 2602 3093 contraria
2649 3054 2876 3109 prorsus
2924 3040 3120 3095 sentis.
3162 3037 3285 3094 Non
3318 3036 3466 3092 enim
3516 3038 3589 3091 ab

333 3127 481 3196 πρὸς
508 3127 774 3180 Παυλῖνον
809 3125 917 3197 εφη
940 3142 956 3158 ο
989 3144 1009 3178 ι
1046 3124 1203 3178 Ἐπεὶ
1228 3126 1305 3195 μή
1342 3142 1423 3178 σοι
1460 3124 1626 3196 μόνῳ,
1656 3125 1792 3179 ἀλλά
1818 3128 1912 3181 καὶ

334 3222 469 3290 ἐμοὶ
520 3221 701 3288 λόγοις
752 3214 833 3282 οἷς
888 3216 1029 3272 οἶδεν
1060 3221 1088 3272 ό
1140 3218 1396 3287 ἀληθινὸς
1432 3219 1639 3290 ποιμὴν
1672 3222 1767 3273 καὶ
1804 3220 1913 3274 τῶν

335 3312 635 3383 προϐάτων
656 3310 874 3381 Κύριος,
894 3311 991 3380 τὴν
1006 3309 1211 3363 τούτων
1225 3311 1524 3380 ἐνεχείρισε
1550 3313 1912 3382 προστασίαν,

332 3404 511 3471 ἄμφω
530 3403 584 3456 δὲ
611 3404 679 3455 τὰ
703 3403 932 3471 ποίμνια
961 3402 1212 3472 αλλήλοις
1234 3401 1309 3465 ὡς
1330 3402 1479 3466 εἰκὸς
1513 3405 1789 3469 κοινωνεῖ,
1819 3404 1915 3457 καὶ

329 3498 437 3565 τὴν
453 3494 583 3561 ὑγιᾶ
601 3492 831 3563 βοτάνην
854 3493 955 3563 τῆς
982 3493 1265 3553 εὐσεϐείας
1288 3493 1607 3559 σξτίζονται,
1627 3495 1727 3564 τὴν
1745 3494 1913 3548 θανά-

336 3604 504 3656 σιμον
523 3589 663 3641 πόαν
686 3588 780 3641 καὶ
799 3587 1031 3658 νοσεράν
1054 3586 1161 3640 τῶν
1190 3585 1485 3656 αίρετικῶν
1508 3587 1910 3656 ἐκτρεπόμεναι,

333 3680 385 3732 εί
414 3678 584 3744 δοκεῖ,
615 3678 968 3746 συνάψωμεν,
999 3669 1045 3730 ὧ
1094 3675 1342 3747 φιλότης,
1375 3678 1475 3746 τῆς
1527 3674 1816 3738 εὐσεϐείας
1842 3662 1947 3728 τάκ

335 3769 662 3841 θρέμματα,
710 3771 807 3822 καὶ
836 3767 943 3821 ὐπὸ
985 3768 1116 3837 μίαν
1155 3767 1398 3837 μάνδραν
1440 3766 1784 3837 ποιήσωμεν,
1811 3766 1915 3837 τὴν

333 3865 439 3934 τῆς
473 3860 839 3931 ποιμαντικῆς
873 3860 1227 3921 διαλύσαντες
1260 3857 1403 3929 ιριν.
1436 3857 1548 3912 Καὶ
1575 3856 1746 3928 ἄμφω
1768 3857 1824 3911 δὲ
1847 3859 1915 3913 τὰ

334 3953 589 4023 πρόϐατα
621 3953 898 4022 νέμοντες,
931 3950 1123 4022 κοινὴν
1149 3951 1244 4004 καὶ
1269 3950 1369 4017 τὴν
1401 3949 1703 4020 θεραπείαν
1731 3951 1797 4003 εκ
1814 3950 1913 4019 τῆς

330 4044 689 4107 διδασκαλίας
711 4042 1100 4114 προσάγωμεν.
1132 4043 1194 4096 Et
1224 4041 1284 4095 δὲ
1309 4043 1338 4095 ό
1380 4042 1544 4113 μέσος
1586 4041 1776 4113 θρόνος
1813 4042 1914 4113 τὴν

334 4133 676 4205 φιλονεικίαν
698 4132 1007 4204 διερεθίζει,
1055 4133 1148 4187 καὶ
1177 4131 1345 4198 τοῦτ’,
1379 4134 1429 4185 εί
1480 4132 1680 4201 βούλει,
1716 4132 1912 4187 θᾶττον

331 4224 590 4279 διαλῦσαι
637 4222 995 4294 πειράσομαι.
1034 4223 1248 4294 Χρῆναι
1306 4222 1416 4292 γὰρ
1469 4221 1819 4291 είσηγοῧμαι,
1852 4224 1910 4276 έν

330 4316 446 4386 ,μὲν
478 4314 557 4385 τῷ
592 4314 770 4386 θρόνῳ
800 4314 957 4385 μέσῳ
987 4312 1233 4377 εὐλαϐῶς
1278 4313 1342 4366 τὸ
1392 4314 1537 4383 ίερὸν
1577 4314 1910 4385 Εὐαγγέλιον

334 4404 670 4475 προτεθῆναι
696 4421 712 4437 ⁸
747 4404 897 4474 ἡμᾶς
929 4404 985 4457 δὲ
1041 4402 1172 4474 παρ’
1219 4403 1457 4475 ἑκάτερα
1509 4403 1781 4474 καθῆσθαι
1808 4404 1908 4474 τὴν

333 4497 607 4570 ὐφεδρίαν
632 4498 1075 4567 ἀσπαζομένους.
1096 4496 1207 4550 Καὶ
1238 4498 1289 4549 εί
1316 4496 1417 4566 μὲν
1463 4497 1587 4565 ἐμοὶ
1618 4495 1821 4566 πρώτῳ
1850 4497 1909 4549 τὸ

330 4596 514 4665 πέρας
543 4591 636 4645 τοῦ
671 4591 790 4661 βίου
820 4590 1062 4656 ἐπέλθοι,
1097 4589 1262 4652 αὐτὸς
1318 4589 1479 4659 μόνος
1530 4586 1791 4661 κληρώσῃ
1816 4591 1911 4642 τὸν

332 4684 529 4754 θρόνον
555 4700 568 4713 ·
609 4684 658 4734 εἰ
685 4683 743 4735 δὲ
770 4681 835 4732 ab
862 4679 1022 4734 τοῦτο
1047 4679 1318 4749 πρότερον
1362 4679 1581 4743 πάθοις,
1606 4677 1718 4744 ἐγὼ
1748 4677 1911 4731 πάλιν

329 4778 414 4840 ὥς
440 4792 504 4844 γε
531 4775 760 4845 δύναμις
788 4775 887 4841 τῆς
917 4771 1155 4841 ποίμνης
1182 4770 1487 4841 ἡγήσομαι.
1536 4769 1725 4823 Ταῦτα
1759 4770 1910 4838 φιλο.

329 4870 548 4940 φρόνως
588 4869 643 4922 ιν
670 4866 891 4919 εὐλαϐεῖ
913 4864 1299 4939 καταστήματι
1343 4865 1371 4915 ό
1411 4862 1552 4925 θεῖος
1582 4858 1701 4916 εἷπε
1732 4862 1908 4917 Μελέο

329 4981 473 5027 τιος.
510 4960 570 5016 ὐ
599 4962 656 5015 δὲ
712 4960 974 5021 Παυλῖνος
1031 4958 1233 5029 ἣκιστα
1259 4959 1371 5020 τοῖς
1419 4955 1602 5024 λόγοις
1626 4956 1904 5012 συνέθετο.

335 5058 596 5129 Σάπωρις
615 5057 672 5110 δὲ
698 5055 893 5126 κριτὴς
920 5056 1028 5109 τῶν
1050 5055 1227 5123 λόγων
1251 5054 1563 5125 γενόμενος,
1588 5052 1664 5123 τῷ
1687 5055 1908 5125 μεγάλῳ

327 5151 590 5221 Μελετίῳ
620 5152 716 5213 τὰς
750 5150 1044 5220 ἐκκλησίας
1082 5148 1402 5217 ἐπέτρεψεν.
1450 5148 1508 5200 '0
1552 5147 1606 5200 δὲ
1642 5148 1904 5210 Παυλῖνος

326 5237 493 5305 αὖθις
548 5244 648 5313 τῆς
697 5240 1091 5310 ἀποκριθείσης
1158 5225 1355 5305 ἑκείνιρ
1414 5237 1610 5307 μοίρας
1667 5235 1904 5300 εἰσάπαξ

325 5337 541 5406 ἠγεῖτο.
575 5334 830 5391 Ἔπειτα.
861 5331 1052 5399 ὥσπερ
1080 5328 1286 5384 ἀνωθεν
1315 5327 1554 5399 εἴρηται,
1586 5326 1695 5380 τῶν
1726 5327 1905 5397 ὅρκων

332 5427 719 5496 γεγενημένων
750 5425 862 5487 τοῖς
893 5422 1226 5493 ὑπσψήφοις,
1285 5421 1418 5489 πρὸς
1465 5418 1720 5487 ὁμόνοιαν
1743 5416 1905 5488 ἦλθον

326 5522 400 5570 τὰ
432 5516 635 5588 πληθη.
679 5513 1088 5585 ’Δπολλινὲριος
1116 5512 1173 5565 δὲ
1208 5509 1528 5582 διαμαρτὼν
1553 5507 1644 5560 τοῦ
1676 5509 1903 5575 σκοποῦ,

2016 3128 2112 3183 illo
2157 3131 2396 3185 animam
2431 3139 2487 3185 et
2526 3139 2766 3185 mentem
2803 3140 3072 3196 nostram,
3118 3144 3242 3200 qua:
3288 3129 3345 3184 in
3391 3136 3587 3182 natura

2015 3233 2207 3277 nostra
2235 3223 2690 3292 praestantissima
2725 3231 2878 3289 sunt,
2906 3231 3247 3293 assumptam
3269 3235 3393 3276 esse
3423 3218 3589 3283 dicis,

2015 3319 2069 3366 et
2124 3320 2412 3382 propterea
2485 3313 2661 3367 salute
2726 3322 3016 3382 utramque
3074 3311 3285 3381 privas.
3329 3308 3485 3376 Quod
3539 3309 3589 3363 si

2014 3402 2156 3457 falso
2192 3410 2245 3457 te
2288 3402 2594 3472 argnimus,
2645 3412 2702 3456 at
2743 3411 2803 3456 tu
2842 3417 3111 3457 novarum
3142 3416 3329 3456 rerum
3369 3410 3589 3454 tuarum

2015 3492 2213 3546 morbo
2257 3490 2498 3557 abiecto,
2533 3500 2586 3546 te
2631 3491 2865 3545 Damaso
2907 3490 3129 3545 diversa
3182 3503 3413 3558 prorsus
3448 3503 3481 3541 a
3533 3497 3587 3543 te

2014 3584 2257 3649 docenti,
2299 3584 2616 3639 consentire
2663 3583 2917 3646 ostende,
2952 3590 3008 3638 et
3043 3596 3327 3637 sacrarum
3381 3579 3585 3634 aedium

2014 3690 2204 3731 curam
2241 3675 2456 3731 obtine.
2489 3693 2511 3726 ι
2555 3675 2630 3731 Et
2660 3674 2883 3730 divinus
2913 3673 3136 3744 quidem
3169 3672 3484 3735 Flavianus,
3515 3669 3585 3724 ad

2013 3768 2165 3824 hunc
2185 3768 2408 3824 modum
2431 3768 2612 3823 veraci
2629 3768 3013 3824 eoniutatione
3044 3769 3339 3834 utriusque
3361 3762 3586 3820 dicendi

2012 3862 2296 3917 obturavit
2358 3864 2664 3918 licentiam.
2727 3860 2982 3917 ueletius
3039 3870 3227 3916 autem
3295 3860 3585 3915 hominum

2013 3954 2265 4009 omnium
2318 3954 2673 4019 mitissimus,
2734 3953 3049 4023 perplacide
3109 3951 3340 4007 Paulino
3389 3950 3581 4006 dixit:

2018 4065 2037 4100 ι
2072 4045 2530 4117 Quandoquidem
2556 4046 2632 4115 (1)
2656 4060 2765 4100 nou
2795 4045 2891 4101 tibi
2916 4044 3040 4109 soli,
3066 4043 3162 4099 sed
3191 4041 3327 4097 mihi
3358 4054 3585 4113 quoque

2014 4139 2229 4193 ratione
2259 4147 2317 4192 et
2346 4137 2550 4203 verbis,
2575 4152 2700 4205 quas
2723 4152 2887 4191 verus
2917 4144 3105 4206 pastor
3135 4143 3192 4190 et
3216 4134 3361 4189 idem
3398 4134 3584 4188 ovium

2017 4230 2283 4285 Dominus
2324 4230 2499 4295 novit,
2550 4230 2787 4285 istorum
2820 4242 3011 4283 curam
3040 4236 3097 4283 et
3145 4226 3584 4282 administratio-

2017 4338 2141 4379 nem
2197 4321 2501 4388 mandavit,
2532 4333 2590 4377 et
2630 4336 2824 4392 greges
2871 4321 3095 4390 utrique
3144 4336 3246 4391 pro
3299 4333 3367 4374 eo
3420 4327 3587 4387 atque

2016 4409 2308 4479 convenit,
2374 4418 2520 4469 inter
2568 4429 2628 4469 se
2677 4414 3124 4477 communicant,
3178 4420 3234 4466 et
3285 4411 3586 4465 salutarem

2014 4505 2243 4561 herbam
2283 4505 2448 4560 noxio
2496 4504 2591 4560 illo
2631 4513 2687 4559 et
2733 4504 2922 4560 lethali
2957 4501 3346 4556 hmreticorum
3384 4501 3588 4571 pabulo

1984 4596 2187 4659 _vitato
2230 4597 2615 4665 depascuntet
2653 4602 2889 4664 carpunt
2920 4613 2931 4647 :
2965 4592 3129 4661 229
3159 4590 3584 4661 conjungamus,

2014 4703 2047 4742 ο
2077 4686 2278 4754 amice,
2310 4687 2355 4741 si
2399 4686 2642 4751 videtur,
2668 4701 2813 4741 vera:
2843 4685 3067 4755 pietatis
3105 4698 3260 4748 oves,
3283 4696 3491 4751 easque
3520 4681 3581 4735 in

2016 4778 2161 4833 ovile
2211 4793 2382 4833 unum
2423 4792 2801 4849 aggregemus,
2838 4788 3006 4847 atque
3052 4790 3174 4844 quae
3222 4773 3384 4828 nobis
3417 4773 3589 4826 inter-

2020 4871 2189 4924 cessit
2242 4870 2310 4924 de
2358 4870 2619 4940 pastorali
2677 4884 2907 4923 munere
2958 4869 3316 4925 contentione
3367 4865 3584 4931 soluta,

2019 4972 2254 5032 uterque
2287 4977 2417 5017 oves
2450 4970 2657 5031 pascat,
2696 4960 3175 5029 communiterque
3205 4960 3308 5019 eis.
3337 4957 3589 5014 docendo

2018 5069 2207 5110 curam
2237 5054 2495 5109 exhibeat
2521 5068 2537 5109 :
2570 5054 2655 5108 sin
2690 5068 2846 5119 vero,
2876 5053 2972 5123 qui
3014 5054 3068 5108 in
3099 5051 3283 5106 medio
3313 5059 3418 5113 est,
3449 5064 3585 5104 con-

2018 5147 2304 5213 tendendi,
2339 5163 2403 5202 ac
2453 5147 2761 5202 dissidendi
2813 5147 3058 5203 studium
3094 5148 3298 5200 excitat
3330 5145 3583 5203 thronus,

2013 5250 2067 5296 et
2094 5241 2150 5294 id
2193 5241 2377 5310 sopire
2404 5240 2587 5295 statim
2618 5240 2969 5296 conabimur.
3007 5237 3277 5309 Oportere
3309 5236 3587 5305 siquidem

2015 5347 2240 5400 Censeo,
2280 5349 2336 5387 tn
2382 5332 2565 5388 medio
2599 5332 2801 5387 throno
2832 5347 2956 5386 cum
2990 5329 3299 5385 reverentia
3331 5326 3587 5397 religiose

2013 5440 2236 5481 sacrum
2282 5425 2410 5495 pani
2462 5424 2820 5496 Evangelium
2848 5440 2861 5478 :
2890 5438 2991 5477 nos
3016 5431 3199 5475 autem
3237 5430 3470 5488 utraque
3515 5433 3584 5472 ex

2015 5524 2172 5587 parte
2212 5516 2531 5582 considere,
2569 5517 2621 5571 in
2653 5515 2915 5571 inferiore
2947 5513 3212 5568 Subsellio
3235 5511 3588 5582 scquiesoen-

405 5643 481 5711 (l)
510 5641 720 5696 Tlieod.
746 5640 846 5695 lib.
879 5656 934 5700 v.
985 5653 1109 5707 cap.
1137 5639 1171 5692 '5
1198 5653 1212 5711 ς
1242 5633 1697 5711 Quandoquidem
1735 5644 1792 5689 et
1831 5638 1967 5696 mihi
2009 5639 2201 5697 barum
2262 5656 2449 5697 curam
2508 5641 2693 5697 oviqu
2746 5639 3027 5696 mandavit
3092 5636 3469 5706 Dominus,et
3526 5644 3585 5693 tu

329 5708 565 5772 aliarum
604 5710 965 5784 regendarum
999 5708 1287 5781 suscepisti
1314 5708 1677 5778 provinciam,
1703 5718 1811 5764 etc.
