3936 6206
211 208 308 270 761

204 415 489 484 ἐστήριξε.
534 414 807 481 Συνεργὸν
835 412 894 465 δὲ
932 412 1025 465 καὶ
1067 403 1223 474 οὗτος
1259 408 1370 483 εἶχε
1396 413 1486 465 τὸν
1525 415 1795 483 περιώνυ-

207 526 312 577 μον
382 507 681 572 Στέφανον,
740 504 800 557 ὃν
875 504 939 573 δὴ
997 504 1093 555 καὶ
1146 503 1336 556 τοῦτον
1396 504 1658 566 Μελέτιος
1692 505 1797 563 ἐίς

203 600 399 666 ἀγῶνα
425 599 526 651 οὐκ
557 599 783 650 ἔλαττον
822 595 1227 668 μετεστείλατο.
1264 596 1375 665 Τὴν
1428 597 1535 664 γὰρ
1578 596 1797 664 Γερμα-

202 694 410 745 νικέων
480 691 638 741 πόλιν
705 691 772 759 τῇ
860 688 1001 756 νόσῳ
1077 687 1331 754 Εὐδοξίου
1401 687 1665 740 νοσοῦσαν
1728 687 1796 739 τὰ

200 779 438 849 ἔσχατα,
499 778 690 831 τοῦτον
752 780 940 847 ίατρδν
1005 778 1330 831 ἀπέστειλεν
1386 778 1649 846 ἄριστον·
1701 778 1797 830 καὶ

201 875 318 941 γὰρ
358 872 657 940 διὰ·πάσης
710 871 962 934 παιδείας
1007 872 1225 941 ἐχώρει,
1257 870 1360 937 τῆς
1404 887 1464 923 τε
1490 871 1796 939 ἡμετέρας.

204 962 308 1014 καὶ
328 961 430 1030 ὅση
462 961 599 1028 δῆτα
635 961 763 1029 παρ’
798 960 1034 1027 Ἕλλησι
1056 978 1071 992 ·
1106 960 1318 1028 καὶτῆς
1348 960 1561 1023 ἐλπίδος
1594 960 1795 1029 ἥκιστα

202 1048 592 1119 διημάρτανεο
661 1050 728 1117 τῇ
786 1048 897 1118 γὰρ
953 1050 1302 1117 πνευματικῇ
1365 1049 1646 1119 χρώμενος
1710 1050 1798 1101 σύ-

210 1155 390 1206 ριγγι,
431 1140 527 1190 καὶ
574 1138 701 1199 τοὺς
731 1137 934 1198 λύκους
970 1139 1047 1200 είς
1077 1138 1326 1209 πρόϐατα
1371 1137 1796 1208 μετεσκεύαζεν.

217 1229 452 1300 Ἐπίσης
480 1232 536 1284 δὲ
555 1231 804 1299 Μελετίῳ
834 1231 926 1283 καὶ
952 1230 980 1281 6
994 1230 1158 1292 πολὺς
1176 1229 1247 1283 E6
1257 1230 1432 1293 σέϐιος
1449 1232 1801 1300 διεπράττετο

205 1324 314 1391 τῆς
342 1322 646 1392 ὑπερορίας
678 1322 919 1375 ἐπανιὼν
950 1324 1031 1384 είς
1070 1322 1383 1391 Σαμόσατα.
1422 1324 1531 1375 Καὶ
1565 1321 1675 1391 γὰρ
1712 1324 1800 1374 Ἀ-

207 1416 411 1468 κάκιον
462 1416 668 1467 ἐκεῖνον
696 1408 756 1467 οὗ
786 1413 918 1466 πολὺ
955 1413 1111 1475 κλέος
1144 1416 1200 1466 ἐν
1232 1414 1353 1485 βίῳ,
1389 1414 1488 1484 τὴν
1536 1414 1798 1485 Βέρροιαν

209 1507 423 1559 ἰθύνειν
471 1508 742 1573 ἐπέτρεπε
762 1523 778 1539 ο
818 1507 919 1576 τὴν
947 1506 1005 1559 δὲ
1060 1506 1362 1576 Ἱεράπολιν
1394 1507 1472 1575 τῷ
1504 1506 1801 1576 θαυμαστῷ

207 1598 519 1668 ἐνεχείριζε
572 1598 845 1666 Θεοδότῳ,
874 1601 941 1667 τῇ
975 1599 1247 1668 ἁσκητικῇ
1281 1598 1525 1664 πολιτεία
1566 1597 1797 1667 μάλιστα

207 1690 598 1759 περεᾳδομένῳ
617 1707 630 1720 ο
656 1690 749 1742 τὸν
771 1690 816 1742 δ’
850 1691 1108 1743 Εὐσέϐιον
1141 1691 1223 1750 είς
1254 1690 1497 1743 Χαλκίδα
1526 1690 1794 1757 ἐχειροτό-

210 1800 337 1836 νει·
381 1786 449 1852 τῇ
487 1782 649 1854 Κύρῳ
686 1783 742 1835 δὲ
789 1783 1060 1853 Ἰσίδωρον
1089 1779 1795 1852 ὲπεσφράγ;ζεν.’Δξιὲπαι-

209 1893 299 1927 νοι
328 1875 389 1929 δὲ
413 1877 506 1928 καὶ
538 1879 703 1944 ἄμφω
735 1875 864 1944 θείῳ
894 1875 1044 1945 ζήλῳ
1074 1873 1443 1943 κοσμούμενοι
1475 1866 1562 1943 (ἦς
1590 1872 1688 1924 οὐκ
1718 1873 1795 1934 είς

213 1971 443 2039 μακρὰν
480 1970 573 2021 καὶ
604 1971 630 2021 6
676 1969 839 2032 πολὺς
869 1968 1114 2036 ἡγήσατο
1139 1964 1531 2036 Θεοδώρητος).
1575 1964 1709 2016 Φασὶ
1743 1964 1797 2016 δὲ

212 2062 385 2114 αὑτὸν
416 2061 783 2126 καὶΕὑλόγιος
809 2064 1017 2114 ἐκεῖνον
1037 2061 1127 2113 τὸν
1151 2060 1289 2128 μετὰ
1320 2057 1701 2128 Πρωτογένους
1719 2057 1800 2119 είς

212 2150 451 2204 Ἀντινὼ
480 2153 581 2217 τὴν
611 2151 773 2220 νῆσον
802 2150 945 2219 ὑπὲρ
986 2150 1086 2218 τῆς
1119 2148 1397 2211 εὐσεϐείας
1428 2148 1796 2213 ὲξορισθέντα,

210 2242 319 2311 τὴν
352 2241 623 2295 Ἔδεσσαν
669 2242 981 2311 ἐπιτρέψαι,
1014 2241 1226 2310 Βάρσου
1271 2240 1364 2293 τοῦ
1402 2241 1547 2292 θείου
1583 2240 1801 2308 θανάτῳ

210 2332 539 2401 τὸνοθρόνον
574 2332 671 2385 καὶ
695 2332 786 2384 τὸν
818 2333 933 2402 βίον
955 2331 1232 2394 λιπόντος.
1259 2330 1430 2392 Δύτδς
1454 2330 1495 2383 6’
1526 2330 1801 2395 Εὑλόγιος,

218 2425 587 2493 ῐιρωτογένην
616 2425 711 2478 τὸν
739 2424 844 2476 τῶν
873 2423 1049 2477 ἄθλων
1074 2423 1221 2493 αὐτῷ
1237 2424 1496 2476 κοινωνὸν
1523 2425 1641 2485 ταῖς
1662 2423 1806 2492 K66-

216 2519 347 2585 ραις
371 2515 594 2583 ὕφίστη,
631 2515 817 2584 ίατρὸν
848 2514 1079 2587 νοσούσῃ
1101 2515 1256 2568 πόλει
1289 2514 1493 2584 σφόδρα
1524 2514 1806 2583 δωρούμε-

214 2621 316 2666 νος
344 2602 683 2666 ἀλεξίκακον.
715 2601 843 2655 Ἐπὶ
885 2604 1016 2656 πᾶσι
1050 2602 1108 2654 δὲ
1146 2604 1357 2664 τούτοις
1395 2604 1424 2653 6
1462 2601 1603 2663 θεῖος
1638 2601 1808 2653 Εὐσέ-

218 2698 345 2759 ὄιος
383 2699 452 2766 τῇ
494 2697 720 2766 Δολίχνῃ
751 2697 931 2766 Μάριν
971 2697 1295 2766 ἐχειροτόνει
1328 2695 1664 2748 ἐπίσκοπον·
1707 2694 1807 2762 τῆς

216 2789 282 2842 δὲ
312 2788 668 2858 ’Δρειανικῆς
694 2789 846 2842 νόσιυ
884 2791 917 2857 ἡ
948 2789 1172 2859 Δολίχνη
1204 2789 1514 2857 ὲπέπληστο
1536 2802 1551 2817 °
1585 2786 1644 2838 δν
1674 2787 1808 2838 πολ-

215 2883 340 2942 λοῖς
366 2884 481 2942 τοῖς
507 2883 607 2947 τῆς
637 2880 836 2950 ἀρετῆς
872 2880 1038 2933 εἴδεσι
1083 2880 1458 2946 διαλάμποντα
1485 2878 1643 2940 αὐτὸς
1665 2880 1808 2930 ἐκεῖ·

1121 209 1715 270 ECCLESIASTIC/‘E
1756 210 2143 272 HISTORle
2186 213 2326 273 ΗΒ.
2374 215 2510 277 Χῐῐ.

205 326 318 377 τῶν
374 323 698 393 ὁμοφρόνων
747 322 815 373 τὰ
868 319 1047 389 πλήθη
1082 321 1346 390 συνέχων,
1418 322 1785 385 διδασκαλίαις

1910 323 2150 377 ιτοοθιιςθ
2181 334 2429 392 tempore
2453 323 2744 378 sentcntiae
2778 338 2892 378 sua:
2926 324 3157 392 populos
3207 323 3262 379 in
3294 325 3474 379 ollieio
3562 319 3569 327 ’

3365 216 3470 278 782

1903 416 2172 480 retinens,
2206 416 2453 470 doctrina
2483 415 2854 471 confirmavit.
2895 417 3020 472 Fuit
3050 417 3177 473 huic
3216 434 3279 474 ea
3315 420 3368 473 in
3413 434 3474 472 re

1901 509 2108 577 collega
2159 523 2381 577 quoque
2435 508 2614 575 magni
2678 508 2769 562 ille
2829 509 3070 563 nominis
3124 510 3473 577 Stephanus,

1903 616 2067 670 quem
2111 600 2300 654 itidem
2337 598 2591 657 Meletius
2631 599 2698 653 ad
2730 609 3011 654 certamen
3061 616 3168 653 non
3205 601 3471 669 exiguum

1903 694 2119 749 accivit.
2176 692 2309 747 Nam
2344 694 2491 747 hunc
2521 691 2884 747 Germanicite
2920 691 3153 753 civitati,
3194 708 3315 760 qua:
3360 691 3470 744 Eu-

1904 788 2052 842 doxii
2112 786 2306 840 morbo
2370 801 2588 840 summo
2641 799 2767 837 cum
2836 784 3087 853 periculo
3149 783 3470 841 laborabat,

1900 880 2175 947 Optimum
2230 877 2382 931 misit
2418 876 2717 930 medicum.
2760 874 2921 929 Omni
2974 876 3122 929 enim
3171 876 3472 929 liberaliori

1902 971 2173 1025 doctrina:
2217 971 2270 1023 in
2327 970 2500 1023 sacris
2555 969 2717 1021 simul
2770 977 2827 1021 et
2872 966 3121 1036 profanis
3166 967 3478 1036 disciplinis

1900 1079 2124 1130 operam
2158 1070 2476 1123 navaverat,
2504 1072 2560 1114 et
2589 1046 2908 1128 conceptam
2939 1060 3006 1113 de
3038 1075 3099 1114 se
3127 1073 3276 1127 spem
3309 1060 3473 1112 mini-

1901 1169 1989 1208 me
2025 1154 2313 1208 fefellerat.
2338 1151 2621 1221 Spirituali
2652 1165 2889 1220 namque
2926 1150 3103 1205 listula
3131 1163 3286 1208 usus.
3306 1150 3472 1202 etiam

1900 1252 2057 1323 lupos
2085 1250 2138 1302 iu
2171 1264 2302 1303 oves
2326 1248 2617 1304 convertit.
2652 1247 2807 1315 231
2846 1247 2924 1298 Ad
2959 1246 3213 1299 eumdem
3245 1246 3469 1298 modqu

1901 1351 2132 1405 magnus
2152 1349 2371 1404 quoque
2393 1334 2659 1390 Eusebius
2675 1338 2806 1404 egit,
2836 1336 2927 1389 ubi
2962 1336 3030 1388 ab
3061 1336 3258 1390 exsilio
3279 1335 3476 1388 Samo-

1900 1434 2015 1480 sata
2050 1441 2302 1479 reversus
2333 1434 2436 1478 est.
2475 1424 2607 1478 Nam
2669 1424 2869 1478 Acacio
2900 1424 3004 1487 illi,
3066 1425 3225 1493 cujus
3256 1434 3482 1492 prepti-r

1902 1516 2067 1567 vitam
2093 1518 2371 1584 egregiam
2403 1515 2594 1583 ingens
2616 1524 2731 1566 erat
2759 1515 2953 1584 gloria,
2989 1515 3279 1569 ecclesiam
3344 1514 3475 1567 Βυτ-

1903 1604 2074 1657 rhuaat
2099 1603 2392 1670 regendam
2425 1604 2723 1657 commisit.
2779 1604 3115 1671 Hierapolim
3148 1615 3331 1656 autem
3377 1603 3475 1654 ad-

1903 1694 2158 1747 mirando
2213 1694 2468 1746 attribuit
2515 1693 2824 1758 Theodoto,
2865 1695 2959 1763 qui
2997 1696 3105 1747 vita
3173 1694 3472 1746 monastica

1901 1783 2136 1838 celebris
2167 1788 2404 1837 maxime
2422 1783 2544 1838 fuit.
2569 1783 2862 1838 Eusebium
2897 1799 3061 1851 porro
3076 1784 3351 1839 Chalcidis
3372 1785 3471 1852 (ι),

1901 1884 1958 1929 et
1981 1875 2251 1929 lsidorum
2284 1876 2406 1946 Cyri
2442 1876 2761 1945 episc0pum
2820 1876 2949 1930 fecit
3008 1877 3187 1946 (cujus
3231 1877 3478 1929 ecclesiae

1903 1969 2058 2023 brevi
2089 1984 2308 2038 quoque
2351 1979 2472 2038 post
2516 1984 2747 2038 magnus
2768 1968 2989 2038 pneluit
3039 1966 3478 2034 Tlteodoritus):

1903 2061 2066 2117 ambo
2095 2078 2225 2115 vero
2274 2062 2365 2117 isti
2396 2061 2585 2115 divino
2615 2060 2813 2114 ardore
2846 2076 2911 2115 ac
2976 2061 3094 2114 zelo
3130 2060 3263 2114 clari
3308 2058 3483 2112 fuere.

1904 2153 2064 2208 Ilunc
2110 2162 2372 2222 praeterea
2410 2153 2620 2213 dicunt.
2673 2152 2962 2222 Eulogium
2998 2153 3148 2206 illuni
3175 2192 3187 2213 ,
3222 2153 3317 2221 qui
3358 2167 3484 2205 cum

1906 2247 2215 2315 Protogene
2241 2246 2292 2298 in
2341 2245 2573 2299 insulam
2612 2245 2945 2298 Antinonetn
2971 2244 3072 2312 (2),
3097 2259 3238 2295 vera:
3271 2242 3491 2311 pietatis

1905 2352 2037 2407 ergo
2066 2338 2389 2404 deportatus
2426 2334 2629 2396 fuerat,
2655 2334 2911 2387 Edessam
2960 2332 3197 2394 misisse,
3227 2346 3349 2385 cum
3414 2331 3488 2384 ibi

1906 2430 2069 2483 divus
2113 2428 2306 2481 Barses
2338 2437 2515 2480 morte
2555 2441 2651 2479 sua
2673 2424 2836 2479 simul
2866 2431 2922 2478 et
2950 2425 3206 2479 thronum
3238 2431 3296 2477 et
3322 2423 3486 2476 vitam

1908 2519 2244 2589 reliquisset.
2273 2519 2390 2587 ipse
2419 2527 2599 2571 autem
2630 2516 2886 2585 Eulogius
2920 2516 3278 2584 Protegeuém
3309 2524 3488 2569 certa-

1908 2614 2118 2667 minum
2140 2624 2364 2664 suorum
2388 2608 2600 2662 socium
2616 2606 2798 2662 Carris
2823 2607 3085 2677 prtefecit,
3107 2606 3226 2660 urbi
3247 2605 3298 2660 ei
3330 2606 3489 2660 valde
3568 2656 3577 2679 ,

1908 2698 2220 2769 argrotanti,
2276 2698 2436 2766 quasi
2497 2696 2791 2766 quemdam
2848 2696 3152 2759 medicum,
3220 2696 3489 2749 malorum

1910 2792 2258 2861 depulsorem
2282 2789 2519 2845 donans.
2556 2790 2784 2856 Insuper
2832 2787 3058 2843 divinus
3081 2787 3357 2842 Eusebius
3390 2800 3491 2855 ope
3572 2852 3575 2855 δ

1912 2885 2042 2953 pido
2080 2881 2324 2937 Dolichte
2362 2880 2552 2934 Marini
2579 2880 2901 2949 episcopum
2954 2880 3126 2942 dedit;
3171 2879 3318 2949 quod
3364 2878 3492 2948 qui-

220 2990 317 3034 νος
354 2973 467 3037 τοῖς
498 2971 792 3043 ἱερατικοῖς
820 2970 1141 3042 καθιδρύσαι
1169 2972 1377 3042 θρόνοις
1408 2970 1665 3041 θελήσας,
1708 2973 1804 3042 τὴν

1910 2978 2033 3032 dem
2067 2975 2330 3045 oppidum
2364 2974 2562 3027 Ariaua
2594 2973 2921 3042 contagione
2950 2972 3212 3026 infectum
3249 2971 3487 3026 maxime

220 3064 493 3133 Δολίχνην
509 3063 831 3118 κατέλαϐεν.
850 3064 1089 3117 Είσιόντι
1116 3064 1173 3116 δὲ
1201 3064 1263 3116 τὸ
1289 3065 1467 3133 τεῖχος
1496 3064 1588 3116 τοῦ
1617 3064 1809 3126 ἄστεος

224 3157 502 3225 Εὐσεϐίῳ,
528 3157 666 3226 γυνή
696 3172 782 3219 τις
813 3157 915 3226 τῆς
950 3154 1165 3227 ’Δρείου
1201 3155 1455 3226 ἔμπλεως
1497 3155 1807 3225 βδελυρίας,

224 3252 479 3320 κέραμον
507 3236 712 3302 ἄνωθεν
760 3250 1034 3317 διαφεῐσα,
1072 3248 1210 3301 κατὰ
1233 3248 1475 3316 κεφαλῆς
1506 3248 1688 3317 βάλλει
1720 3248 1812 3300 τὸν

222 3343 404 3397 ὅσιον.
440 3342 553 3394 Καὶ
583 3342 703 3395 τότε
733 3341 831 3411 μὲν
857 3341 957 3410 τὴν
992 3342 1169 3408 κάραν
1196 3338 1486 3408 συνέτριψε
1508 3354 1524 3369 ⁸
1554 3340 1750 3409 μικρὸν
1766 3339 1811 3390 δ’

228 3435 447 3488 ἐκεῖθεν
507 3432 923 3502 σφακελλισθεὶς
972 3433 1064 3484 τὸν
1111 3430 1450 3500 ἐγκέφαλον,
1510 3432 1647 3500 πρὸς
1709 3434 1812 3502 τὴν

227 3528 447 3596 ἀμείνω
471 3526 624 3592 λῆξιν
659 3525 1106 3595 μετέϐαινεν.“ον
1125 3523 1465 3576 τελευτῶντα
1497 3522 1653 3590 λόγος
1675 3540 1811 3575 κατα·

228 3618 502 3686 εγγυῆσαι
539 3617 723 3685 ὅρκοις
754 3615 1211 3685 ἅσφαλιζόμενον,
1239 3614 1516 3686 μηδεμίαν
1549 3614 1649 3684 τὴν
1676 3614 1810 3681 δρά-

229 3725 411 3763 σασαν
436 3707 836 3777 εἰσπράξασθαι
874 3706 1067 3776 ποινὴν
1088 3707 1167 3777 τῷ
1194 3708 1508 3779 τολμήματι
1529 3722 1545 3736 '
1579 3708 1673 3760 τὸν
1706 3711 1814 3777 γὰρ

225 3803 437 3858 οἰκεῖον
467 3800 656 3871 ἐζήλου
692 3801 784 3853 καὶ
811 3791 965 3863 οὗτος
1005 3798 1297 3870 δεσπότην,
1328 3799 1540 3869 Πάτερ,
1564 3800 1808 3867 λέγοντα,

227 3894 391 3962 ἄφες
440 3888 642 3955 αὐτοῖς
704 3882 820 3957 τὴν
862 3890 1159 3958 ἁμαρτίαν
1199 3889 1446 3958 ταύτην.
1490 3888 1659 3942 Τοῦτο
1715 3890 1815 3957 μὲν

227 3982 337 4039 οὖν
361 3984 425 4036 τὸ
462 3984 613 4044 τέλος
668 3982 805 4050 μετὰ
850 3982 976 4043 τοὺς
998 3982 1389 4061 παντοδαποὺς
1407 3986 1502 4034 καὶ
1534 3982 1816 4043 ποικίλους

230 4074 458 4141 ἀγῶνας
489 4073 629 4141 ὑπὲρ
664 4072 765 4142 τῆς
794 4072 1078 4135 εὐσεϐείας
1106 4072 1324 4138 ἐδέξατο
1354 4074 1381 4124 6
1404 4072 1660 4135 Εὐσέϐιος
1678 4090 1693 4104 ο
1720 4075 1815 4125 καὶ

226 4168 372 4228 τοὺς
402 4168 459 4217 ἐν
489 4165 681 4234 θρᾴκῃ
709 4163 1017 4234 βαρϐάρους
1035 4163 1338 4232 διαφυγὼν,
1363 4164 1463 4226 τὰς
1487 4164 1597 4216 τῶν
1623 4164 1815 4217 δυσσε-

228 4258 485 4313 ϐοὐντων
529 4259 715 4327 χεῖρας
768 4255 1054 4325 διαφυγεῖν
1101 4258 1200 4310 οὐκ
1252 4257 1512 4326 ἰσχυσενο
1568 4256 1681 4310 ἀλλ’
1722 4258 1814 4310 ὑπ’

227 4348 468 4403 ἐκείνων
520 4348 613 4400 τὸν
675 4346 770 4399 τοῦ
832 4345 1134 4417 μαρτυρίου
1186 4347 1452 4414 στέφανον
1493 4348 1811 4415 ἀνεδήσατο.

231 4440 432 4497 Ταῦτα
476 4439 576 4510 μὲν
610 4439 833 4508 ὕστερον
862 4438 1134 4506 ἐγεγόνει·
1186 4440 1215 4491 6
1240 4438 1297 4493 δὲ
1339 4440 1481 4502 θείος
1517 4440 1813 4502 Μελέτιος,

1913 3080 2053 3124 erat.
2089 3068 2167 3122 Eo
2197 3068 2464 3122 Eusebius
2495 3067 2666 3127 venit,
2692 3076 2752 3117 ut
2777 3064 2892 3132 ipse
2911 3063 3104 3119 Marini
3140 3064 3288 3117 vario
3315 3065 3490 3117 virtu-

1916 3172 2031 3215 tum
2064 3175 2264 3229 genere
2296 3158 2678 3227 refulgeutem,
2741 3156 2795 3209 in
2825 3157 3236 3225 possessionem
3268 3155 3486 3224 episco-

1913 3253 2054 3323 palis
2080 3252 2226 3305 sedis
2248 3250 2552 3303 induceret.
2586 3246 2691 3301 Sed
2724 3247 2871 3300 enim
2903 3245 2953 3299 ei
2989 3245 3251 3315 oppidum
3310 3245 3491 3314 ingre-

1914 3342 2113 3403 dienti,
2149 3339 2348 3393 mulier
2373 3343 2622 3405 quautam
2650 3337 2869 3391 Arianis
2897 3336 3275 3391 deliramentis
3304 3336 3489 3403 plena.

1913 3448 1981 3486 ex
2010 3430 2297 3499 superiore
2327 3428 2448 3481 loco
2479 3428 2716 3495 tegulam
2745 3427 2797 3479 in
2830 3436 2995 3495 caput
3032 3425 3291 3495 conjecit.
3321 3425 3387 3477 Et
3411 3424 3485 3476 ita

1916 3532 2029 3577 tum
2044 3521 2265 3589 quidem
2286 3519 2386 3572 viri
2402 3519 3168 3586 sancticaputcomminutum
3191 3526 3301 3569 est:
3325 3514 3489 3582 paulo

1914 3628 2044 3668 vero
2065 3619 2209 3681 post.
2234 3609 2323 3664 ubi
2348 3609 2634 3663 cerebrum
2656 3608 2945 3677 putredine
2966 3615 3281 3674 correptum
3318 3613 3490 3667 esset,

1913 3704 2154 3759 moriens
2177 3702 2290 3776 ille,
2305 3702 2369 3754 ad
2385 3702 2664 3755 meliorem
2685 3700 2935 3768 migravit
2950 3701 3135 3752 vitam.
3156 3698 3327 3763 Quem
3348 3697 3489 3749 fama

1914 3805 2020 3858 est,
2041 3795 2153 3864 jam
2178 3795 2416 3848 animant
2447 3800 2724 3861 agentem.
2757 3790 3125 3861 jurejurando
3150 3791 3359 3842 amicos
3395 3787 3494 3841 ob-

1916 3888 2230 3950 strinxisse,
2281 3901 2351 3939 ne
2391 3902 2419 3939 a
2449 3885 2672 3947 femina,
2704 3899 2823 3951 quae
2871 3883 3086 3935 facinus
3123 3891 3330 3934 tantum
3361 3894 3492 3933 ausa

1916 3977 2117 4042 fuerat,
2139 3991 2300 4046 paena
2321 3962 2587 4044 quapiam
2613 3974 2946 4044 exigeretur;
2965 3988 3027 4025 ea
3053 3973 3103 4023 in
3126 3987 3181 4023 re
3203 3971 3489 4022 hominum

1917 4086 2076 4125 suum
2108 4070 2415 4130 aemulatus,
2438 4067 2531 4135 qui
2558 4064 2735 4118 dixit:
2777 4063 2965 4123 Pater,
2996 4064 3200 4131 ignosce
3241 4060 3350 4113 illis
3372 4075 3487 4127 pec-

1916 4171 2095 4216 catum
2125 4166 2241 4224 hoc,
2288 4161 2413 4231 quia
2450 4160 2689 4213 nesciunt
2719 4156 2847 4227 quid
2902 4156 3122 4225 faciunt.
3160 4153 3317 4207 lluttc
3372 4153 3496 4206 vitm

1920 4254 2106 4318 finem,
2150 4264 2271 4322 post
2315 4252 2462 4305 varia
2492 4250 2947 4319 multipliciaque‘
2978 4264 3076 4316 pro
3104 4262 3228 4301 vera
3293 4247 3496 4313 pietate

1920 4349 2067 4401 obita
2099 4345 2419 4408 certamina,
2444 4352 2773 4398 consecutus
2793 4351 2878 4394 est
2913 4339 3202 4394 Eusebius.
3239 4338 3491 4404 Quicum

1923 4441 1980 4494 in
2019 4439 2251 4493 Thracia
2301 4436 2668 4491 Barbarorum
2722 4435 2987 4493 feritatem
3033 4431 3336 4499 effugissi-t,
3393 4430 3497 4482 iui-

233 4536 344 4604 τῆς
387 4534 640 4603 ὁμονοίας
684 4533 773 4585 διὰ
808 4531 1148 4602 τῶν,ὅρκων
1206 4531 1600 4603 γεγενημένης,
1660 4535 1804 4585 κατέ.

1924 4533 2141 4601 piorum
2195 4530 2577 4583 hatreticorum
2613 4541 2808 4579 manus
2852 4523 3084 4577 evadere
3141 4537 3247 4574 non
3295 4521 3493 4588 potuit,

231 4627 477 4681 πλευσεν
524 4626 604 4687 είς
650 4624 1270 4677 Κωνσταντινούπολινο
1316 4622 1482 4693 ἡνίκα
1531 4626 1612 4685 είς
1657 4625 1804 4675 ταυτί

1922 4623 2017 4679 sed
2059 4637 2156 4692 per
2215 4622 2335 4675 illos
2396 4634 2656 4674 coronam
2710 4615 2955 4684 martyrii
3004 4612 3263 4679 suscepit.
3319 4615 3494 4677 Atque

232 4718 432 4771 πολλοὶ
455 4719 728 4778 συνιόντες
755 4716 1066 4779 ἐπίσκοποι,
1093 4715 1204 4768 δεῖν
1223 4713 1391 4784 ᾤοντο
1412 4714 1521 4784 Γρη
1531 4715 1714 4783 γόριον
1732 4716 1804 4766 sli

1925 4717 2040 4770 hzec
2069 4704 2290 4782 quidem
2331 4722 2515 4780 postea
2540 4719 2669 4763 sunt
2702 4709 2864 4763 facta.
2898 4706 3063 4759 Divus
3094 4715 3223 4754 vero
3251 4700 3492 4753 Meletius

232 4813 389 4867 θεῖον
442 4813 507 4863 ἐκ
554 4811 654 4880 τῆς
707 4809 1016 4874 Ναζιανζοῦ
1046 4808 1380 4878 μεταθεῖναι,
1432 4809 1527 4861 καὶ
1573 4809 1671 4877 τὴν
1726 4810 1804 4876 τῆ.

1927 4808 2221 4862 concordia
2278 4801 2636 4875 jurisjuraudi
2719 4808 3063 4853 sacramento
3151 4795 3499 4853 continuata,

235 4903 663 4958 Κωνσταντίνου
692 4904 913 4964 τελείως
940 4901 1248 4972 ἐπισκοπὴν
1276 4900 1605 4969 ἐγχειρίσαι.

1927 4895 2462 4963 Constantinopolim
2496 4892 2727 4962 appulit.
2760 4906 2885 4945 cum
2914 4905 2980 4943 eo
3012 4885 3166 4940 multi
3199 4882 3492 4938 convenis-

235 5007 369 5055 sent
400 4996 671 5067 episcopi,
730 4995 1101 5051 neceSSarium
1161 5010 1279 5051 esse
1316 4995 1437 5056 rati,
1473 5005 1529 5048 ut
1564 4995 1809 5049 divinum
1848 4993 2171 5062 Gregorium
2213 5005 2277 5043 ex
2342 4986 2613 5043 Nazianzo
2681 4981 3063 5046 transferrent,
3087 4980 3248 5047 eique
3286 4976 3494 5046 episco-

235 5104 432 5167 patum
458 5094 1124 5164 ConstantinOpolitanum
1153 5108 1277 5146 cum
1304 5107 1517 5146 summa
1542 5103 1807 5162 potestate
1846 5094 2271 5147 committerent.

1997 5282 2072 5331 l2)
2112 5273 2435 5329 Theodorus
2460 5290 2564 5325 non
2604 5274 2763 5329 habet
2790 5271 3022 5328 insulam
3049 5267 3183 5324 :lib.
3214 5282 3269 5329 v,
3298 5265 3487 5334 capul.

314 5279 391 5347 (ll
424 5280 636 5332 Tlu'od.
677 5278 1039 5339 Chalcedonis,
1076 5280 1168 5331 sed
1225 5282 1533 5346 perperam,
1572 5288 1625 5330 ut
1662 5289 1810 5345 puto.
1931 5344 1958 5347 _
1997 5283 2010 5341 ί

1926 5344 2102 5415 Supra
2132 5345 2207 5400 lib
2260 5361 2320 5409 ιι,
2343 5360 2461 5413 cap.
2494 5345 2584 5399 :25.

238 5352 339 5405 Est
393 5350 540 5401 enim
582 5352 744 5401 etiam
797 5349 1016 5403 (lhalcis
1058 5364 1165 5402 non
1213 5348 1372 5416 longe
1421 5349 1489 5402 ab
1523 5348 1814 5403 Antiochia

238 5424 509 5491 Syrorum
545 5422 663 5473 sila.
696 5419 976 5487 Epiphth
